4022 6330
566 252 706 361 quas

1776 256 2592 397 AN.MANL.ssv.aoeru

3687 308 3829 370 1056

569 422 767 479 malum
800 414 881 478 eat
906 418 1024 488 fur,
1071 417 1227 473 etiam
1254 430 1445 485 capere
1474 423 1557 469 est
1588 414 1816 489 malum,
1868 430 1997 484 ergo
2027 414 2139 468 vult
2172 412 2225 478 Α
2248 418 2379 474 Nam
2411 418 2452 472 si
2481 419 2713 488 genitum
2771 427 2881 484 est,
2927 418 3087 475 habet
3136 423 3480 495 principium,
3515 426 3824 501 ingenitum

574 515 809 581 malum,
842 512 934 569 scd
968 512 1142 582 potius
1174 512 1368 566 bonum
1390 551 1405 579 ,
1438 524 1559 565 nam
1593 525 1784 579 capere
1814 511 2010 565 bonum
2042 519 2153 591 est.

574 610 643 666 Et
671 605 931 679 aegritudo
956 606 1151 660 malum
1178 614 1258 659 est
1280 646 1296 669 ,
1338 604 1430 657 sed
1473 620 1576 657 nun
1606 602 1849 658 amittere
1879 594 2155 673 mgritndi:

575 714 697 759 nem
733 696 951 752 malum.
1008 695 1239 751 Putasne
1275 695 1475 765 justum
1506 682 1729 765 iiijusto,
1763 705 1813 748 et
1846 694 2148 765 quodjuste

574 782 642 846 eo
669 778 1035 859 quodiujuste
1067 788 1234 858 magis
1264 787 1577 861 eligendum
1603 789 1729 841 est?
1763 787 1855 841 sed
1902 786 2034 841 mori
2066 782 2159 877 in:

571 872 717 951 juste
743 879 912 948 magis
942 887 1025 933 est
1059 878 1381 949 eligendum.
1442 879 1670 933 Putasne
1693 881 1893 951 justum
1944 888 2024 933 est
2053 872 2156 967 sua:

579 960 776 1028 habere
805 971 1118 1041 quemque?
1146 987 1260 1040 qua:
1288 983 1464 1025 autem
1495 972 1688 1041 aliquis
1718 973 2042 1041 adjudicabit
2065 961 2150 1045 scf

490 1052 499 1063 ’
575 1064 806 1137 cundum
834 1064 1140 1134 opinionem
1172 1079 1321 1117 suam
1353 1074 1400 1117 et
1432 1063 1570 1135 sisit
1604 1063 1729 1133 t’alsa
1757 1106 1772 1130 ,
1798 1079 1889 1117 sua
1920 1075 2039 1117 sunt
2082 1054 2161 1119 ex.

576 1156 710 1228 lege,
738 1157 875 1211 idem
907 1156 1067 1225 igitur
1088 1156 1286 1225 justum
1320 1166 1373 1209 et
1400 1156 1676 1222 iujnstum.
1713 1156 1776 1210 Et
1802 1166 1974 1209 utrum
1999 1171 2157 1231 opor-V

577 1259 655 1306 tet
677 1234 915 1319 judicare
945 1263 1065 1328 clum
1096 1249 1185 1317 qui
1209 1249 1347 1317 justa
1381 1248 1528 1313 dicit,
1554 1264 1617 1301 an
1650 1248 1740 1317 qui
1792 1247 1982 1317 injusta
2014 1249 2035 1298 ?
2094 1255 2159 1331 at;

574 1355 705 1396 vero
735 1355 855 1395 eum
877 1340 966 1407 qui
998 1340 1240 1408 injuriam
1267 1330 1453 1410 passus
1477 1349 1577 1403 est,
1611 1340 1809 1410 justum
1829 1349 1909 1392 est
1937 1338 2149 1393 abunde

574 1436 758 1490 dicere
786 1448 905 1501 qua!
938 1446 1127 1501 passus
1157 1443 1231 1486 est
1251 1474 1265 1497 ,
1296 1447 1357 1486 ea
1387 1440 1561 1485 autem
1591 1440 1743 1485 erant
1773 1429 1986 1499 injusta.
2034 1428 2147 1484 Non

576 1537 721 1590 enim
747 1518 849 1588 etsi
883 1533 985 1600 pati
1017 1530 1213 1601 aliquid
1271 1531 1463 1601 injuste
1513 1531 1856 1599 eligendum,
1912 1529 1961 1583 id
2006 1527 2148 1597 quod

574 1636 659 1693 est
679 1627 873 1695 injuste
903 1624 1186 1693 eligibilius
1219 1640 1373 1694 quam
1404 1624 1543 1693 quod
1564 1624 1706 1693 juste
1726 1663 1741 1688 ,
1771 1624 1863 1678 sed
1886 1621 2146 1695 simplici-

575 1724 657 1772 ter
682 1716 899 1787 quidem
923 1714 1061 1783 quod
1086 1706 1259 1784 justo,
1295 1714 1393 1768 hoc
1443 1724 1619 1769 autem
1672 1715 1803 1768 nihil
1835 1712 2080 1781 prohibet
2102 1711 2147 1766 si

2252 508 2485 580 postulat
2516 524 2619 563 non
2648 509 2844 566 habere
2883 512 3226 583 principium.
3257 517 3433 583 Quare
3459 519 3505 573 si
3530 519 3833 591 ingenitum

2251 614 2335 656 est
2362 602 2554 657 caelum
2576 646 2588 668 ,
2622 612 2676 656 et
2707 602 2994 659 inﬁnitum.
3058 605 3111 681 Id
3144 600 3319 662 autem
3358 624 3462 663 non
3491 623 3577 666 est
3600 654 3614 675 ,
3646 628 3677 666 e
3704 628 3836 666 con-

2248 707 2405 746 verso
2422 691 2563 745 enim
2586 694 2987 763 consequentia.
3031 695 3374 769 Quaecunque
3402 710 3580 755 autem
3614 715 3838 773 propter

2253 778 2305 840 id
2334 785 2474 856 quod
2508 785 2722 839 additur
2750 782 2949 856 aliquid
2981 788 3268 860 colligunt,
3301 794 3762 849 cansiderandum
3794 798 3839 851 si

2252 879 2340 950 (eo
2366 872 2602 947 sublato)
2626 877 2821 932 accidit
2847 877 2979 932 nihil
3012 880 3186 935 minus
3214 882 3546 950 impossibile
3571 903 3586 949 ;
3641 885 3840 941 deinde

2254 952 2310 1025 id
2344 970 2787 1027 manifestandum
2817 983 2869 1049 et
2903 972 3188 1029 dicendum
3228 976 3368 1051 quod
3402 978 3551 1034 dedit
3581 996 3697 1035 non
3729 992 3838 1036 tan-

2252 1080 2411 1134 quam
2445 1052 2713 1120 videretur
2731 1107 2757 1145 ,
2777 1067 2868 1120 sed
2900 1076 2959 1121 ut
2980 1064 3044 1121 ad
3068 1068 3385 1139 orationem,
3410 1088 3517 1143 quo
3544 1089 3685 1129 vero
3717 1090 3843 1131 usus

2252 1170 2356 1223 εει,
2399 1158 2531 1211 nihil
2564 1160 2629 1211 ad
2658 1158 2977 1215 Orationem.
3030 1161 3110 1216 Ad
3140 1178 3233 1218 eas
3285 1175 3461 1220 autem
3495 1184 3619 1236 quae
3664 1169 3842 1239 plures

2253 1234 2708 1318 interrogationes
2740 1268 2899 1306 unam
2928 1253 3149 1317 iaciunt,
3174 1256 3353 1310 statim
3381 1258 3430 1313 iri
3458 1234 3736 1331 principio
3756 1263 3838 1317 de-

2256 1326 2650 1415 terminandum
2698 1353 2799 1419 est.
2854 1344 2984 1399 Nam
3037 1346 3383 1419 interrogatio
3438 1367 3541 1404 una
3597 1364 3725 1418 est,
3780 1358 3842 1409 ad

2253 1426 2410 1505 quam
2441 1450 2542 1489 uua
2574 1416 2855 1506 reSpoitsio
2885 1447 2983 1492 cst.
3029 1438 3406 1512 Quareneque
3434 1446 3591 1514 plura
3614 1447 3687 1499 de
3719 1432 3843 1517 uno,

2253 1510 2427 1595 neque
2455 1543 2617 1581 unum
2657 1527 2723 1581 de
2786 1529 3059 1601 pluribus,
3106 1532 3199 1586 sed
3244 1549 3405 1588 unum
3459 1536 3531 1591 de
3556 1552 3677 1591 uno
3702 1537 3847 1593 aﬁ'ir-

2256 1604 2507 1691 mandum
2544 1624 2626 1678 vel
2660 1624 2982 1695 negandum.
3039 1626 3191 1682 Sicut
3228 1637 3405 1683 autem
3450 1629 3505 1684 in
3547 1634 3851 1702 rquivocis

2196 1748 2229 1791 η
2254 1702 2572 1786 quandoque
2599 1717 2812 1786 quidem
2841 1718 3101 1773 ambobus
3126 1759 3140 1782 ,
3196 1720 3514 1791 quandoque
3556 1726 3742 1779 neutri
3773 1724 3849 1779 in-

572 1808 796 1876 injuste,
840 1804 905 1858 au
929 1805 1069 1875 justo
1102 1823 1115 1857 :
1171 1812 1225 1859 et
1254 1806 1453 1859 habere
1497 1821 1590 1859 sua
1632 1820 1897 1874 quemque
1924 1794 2144 1872 justum,
2177 1790 2231 1853 Β
2254 1817 2355 1860 est.
2417 1809 2595 1874 Quare
2625 1825 2745 1865 cum
2781 1826 2882 1864 nou
2919 1810 3143 1881 simplex
3167 1825 3248 1867 est
3276 1814 3669 1897 interrogatio,
3725 1820 3849 1873 sim-

574 1900 744 1953 aliena
776 1909 951 1952 autem
983 1910 1084 1950 non
1112 1897 1332 1965 justum.
1381 1896 1643 1951 Iudicium
1668 1911 1796 1950 vero
1827 1897 2155 1965 hocjustum‘

573 2005 694 2045 esse
718 1991 845 2043 nihil
876 1988 1155 2059 prohibet,
1182 1998 1237 2042 ut
1259 1988 1399 2058 quod
1432 1973 1498 2042 sit
1528 1986 1817 2043 secundum
1843 1986 2153 2056 Opinionem

566 2085 883 2155 judicantis,
928 2100 1031 2137 non
1077 2084 1219 2137 enim
1256 2083 1297 2137 si
1330 2083 1531 2153 justum
1584 2093 1666 2135 est
1718 2082 1818 2137 hoc
1870 2080 2031 2133 modo
2060 2070 2155 2134 vel’

571 2174 714 2244 huic,
769 2186 822 2231 ct
862 2176 1179 2246 simpliciter
1204 2176 1404 2242 justum
1435 2183 1535 2228 est.
1566 2173 1823 2228 Similiter
1868 2180 2044 2225 autem
2093 2181 2147 2225 et

572 2276 690 2338 ‘quae
726 2268 918 2336 inju~la
951 2275 1094 2331 sunt,
1150 2265 1276 2318 nihil
1327 2266 1575 2335 prohibet
1615 2265 1794 2320 dict're
1832 2280 1892 2319 ea
1943 2264 2149 2355 justum

572 2375 711 2416 esse.
769 2359 881 2413 Non
928 2358 1067 2411 enim
1098 2358 1140 2410 si
1188 2357 1367 2411 dicere
1407 2356 1604 2426 justum
1658 2366 1761 2421 cst,
1817 2369 2034 2411 necesse
2066 2363 2147 2407 est

567 2453 709 2520 justa
734 2464 853 2505 esse
875 2492 889 2516 ,
916 2452 1049 2503 sicut
1082 2464 1177 2503 nec
1206 2452 1247 2503 si
1270 2460 1351 2504 est
1380 2450 1506 2503 utile
1536 2449 1734 2513 dicere,
1761 2449 1926 2502 utilia.
1986 2445 2147 2533 Simi-

569 2542 697 2595 1itrr
719 2550 897 2595 autem
940 2549 993 2594 et
1027 2542 1077 2594 in
1120 2528 1347 2609 injustis.
1408 2541 1579 2607 Quare
1610 2536 1717 2594 non
1746 2541 1787 2594 si
1819 2555 1936 2609 quae
1960 2532 2146 2593 dicun-

570 2645 660 2689 tur
690 2635 883 2704 injusta
913 2634 1001 2703 qui
1030 2634 1157 2688 dicit
1204 2633 1396 2703 injusta
1425 2634 1763 2687 convincitur
1785 2675 1798 2697 ,
1849 2628 1983 2686 dicit
2002 2620 2151 2685 enim,

573 2743 692 2796 qua:
723 2726 903 2782 dicere
934 2734 1015 2780 est
1040 2726 1181 2795 justa
1201 2768 1213 2789 ,
1270 2725 1581 2794 simpliciter
1606 2735 1780 2779 autem
1809 2732 1861 2777 et
1892 2739 2008 2793 quae
2038 2719 2153 2792 pati'

573 2819 791 2888 injusta.
839 2820 908 2874 lis
958 2832 1132 2874 autem
1178 2836 1295 2889 qua)
1332 2827 1548 2887 propter
1597 2817 1961 2871 deﬁnitionem
2016 2818 2149 2905 ﬁunt

570 2912 995 2981 redargutiones,
1025 2912 1475 2981 quemadmodum
1501 2902 1698 2967 dictum
1729 2921 1812 2965 est
1851 2910 2017 2978 prius,
2050 2907 2147 2961 ob-

571 3001 864 3057 sistendum
898 3002 1363 3057 considerantibus
1396 3002 1791 3056 conclusionem
1823 2998 1887 3054 ad
1928 3008 2146 3054 eontra-

2258 1898 2471 1967 pliciter
2508 1901 2958 1969 respOndentibus
2992 1904 3120 1957 nihil
3178 1906 3369 1960 accidit
3406 1908 3538 1976 pati.
3583 1908 3851 1966 Similiter

2253 1997 2307 2063 et
2335 1989 2385 2042 in
2417 1990 2521 2057 his,
2555 1992 2767 2061 quando
2791 1994 2946 2064 igitur
2973 1994 3119 2065 plura
3151 1998 3261 2063 uni,
3296 1998 3378 2054 vel
3412 2016 3577 2055 unum
3606 2003 3853 2071 pluribus

2252 2084 2413 2148 inest,
2436 2086 2521 2139 vel
2551 2101 2655 2139 non
2683 2087 2844 2149 inest,
2872 2088 3187 2161 simpliciter
3207 2092 3388 2161 danti,
3413 2106 3467 2151 et
3491 2100 3595 2153 hoc
3628 2110 3851 2167 peccato

2252 2175 2526 2248 peccanti,
2562 2178 2695 2232 nihil
2738 2182 3065 2236 contrarium
3097 2184 3310 2240 accidit.
3369 2188 3713 2261 Quandoque
3758 2208 3850 2246 auo

2251 2274 2356 2353 tept
2388 2267 2507 2321 huic
2535 2268 2749 2335 quidem
2783 2269 2943 2336 inest,
2976 2273 3050 2327 illi
3082 2285 3260 2331 autem
3292 2260 3430 2344 non,
3467 2289 3563 2335 aut
3596 2260 3755 2351 plura
3785 2283 3850 2339 de

2252 2358 2511 2464 ριιξίϋιιε,
2541 2373 2700 2418 etest
2726 2374 2783 2419 ut
2806 2365 2974 2446 insint
3000 2370 3295 2436 ambobus,
3327 2382 3412 2428 est
3431 2385 3617 2429 autem
3649 2388 3709 2431 ut
3743 2394 3847 2434 non

2251 2449 2415 2508 insint
2442 2471 2676 2519 rursum,
2712 2473 2877 2527 quare
2908 2460 2959 2513 id
2982 2463 3301 2517 cavendum.
3358 2464 3423 2521 Ut
3451 2467 3507 2520 in
3539 2466 3628 2521 his
3650 2462 3850 2526 oratio;

2250 2542 2429 2614 nibus,
2461 2547 2516 2603 Si
2540 2550 2641 2605 hoc
2670 2550 2883 2621 quidem
2902 2564 2983 2608 est
3002 2554 3221 2629 bonum,
3249 2556 3377 2610 illud
3402 2568 3592 2613 autem
3617 2560 3844 2629 malum,

2250 2637 2390 2703 quod
2416 2652 2599 2691 verum
2631 2649 2711 2693 est
2741 2640 2922 2697 dicere
2974 2616 3222 2714 quonﬁm
3253 2646 3369 2701 lucc
3400 2648 3606 2704 bonum
3647 2663 3703 2706 et
3736 2656 3846 2706 ma;

2250 2728 2359 2781 lum
2413 2739 2467 2785 et
2498 2746 2709 2785 rursum
2752 2749 2922 2804 neque
2971 2718 3193 2792 δῖ)ἷῦἦῖ
3218 2755 3394 2809 neque
3422 2741 3629 2797 malum
3670 2762 3685 2810 ;
3742 2740 3846 2821 non

2250 2817 2393 2873 enim
2424 2818 2564 2874 inest
2590 2828 2876 2893 utrumque
2915 2826 3124 2896 utrique
3152 2844 3167 2893 ;
3199 2845 3364 2903 quare
3395 2830 3534 2887 idem
3558 2834 3770 2890 bonum
3801 2817 3849 2896 -t

2250 2909 2470 2974 malum,
2494 2919 2549 2965 et
2579 2927 2751 2982 neque
2792 2915 2989 2970 bonum
3020 2934 3191 2988 neque
3214 2921 3430 2978 malum.
3496 2925 3565 2981 Et
3595 2928 3645 2983 si
3676 2916 3842 2987 unum

2251 3001 2499 3069 quodque
2530 3004 2701 3073 ipsum
2736 3005 2853 3060 sibi'
2869 3007 3009 3063 idem
3037 3019 3121 3065 est
3146 3022 3199 3066 et
3227 3013 3344 3068 aliis
3370 3014 3861 3107 diversum,3u_o;

571 3101 895 3168 dictionem,
947 3111 1003 3155 ιιι
1032 3102 1098 3155 sit
1124 3103 1295 3168 idem,
1341 3112 1398 3157 et
1423 3100 1711 3157 secundum
1763 3102 1943 3166 idem,
1992 3109 2043 3155 et
2079 3086 2393 3195 adsiliens
2420 3094 2914 3195 nonaliiseadem.
2962 3102 3056 3156 sed
3087 3100 3221 3171 sibi.
3270 3113 3324 3160 et
3351 3106 3565 3164 diversa
3594 3086 3845 3195 εἰςὶῑέιῖιῖ

570 3186 737 3262 idem,
761 3203 815 3248 et
837 3194 1114 3258 similiter,
1138 3204 1190 3248 ct
1222 3197 1269 3247 in
1304 3193 1491 3248 eodem
1524 3204 1781 3262 tempore.
1842 3194 1897 3249 Si
1936 3208 2064 3248 vero
2093 3196 2144 3248 in

575 3285 840 3354 principio
874 3285 1197 3355 interroget,
1227 3301 1328 3339 non
1352 3285 1711 3340 conﬁtendum
1744 3284 2013 3361 (quoniam
2040 3286 2144 3369 im-

572 3366 830 3446 possibile
861 3389 943 3432 est
971 3378 1108 3432 idem
1143 3393 1262 3432 esse
1306 3388 1358 3432 et
1382 3376 1622 3455 oduplum
1653 3385 1701 3430 et
1731 3393 1834 3461 non
1876 3366 2143 3455 duplum),

567 3468 664 3539 sed
698 3468 1011 3534 dicendum,
1045 3486 1146 3527 non
1177 3470 1257 3524 sic
1287 3481 1338 3523 ut
1372 3466 1394 3523 ί
1428 3478 1505 3524 rtc
1533 3470 1601 3523 sit
1631 3468 1950 3540 redarguere
1979 3472 2144 3524 conli-

570 3562 791 3617 tentem.
847 3556 979 3617 Sun't
1033 3570 1213 3616 autem
1261 3576 1446 3637 omnes
1492 3561 1573 3614 hic
1614 3563 1881 3617 orationes
1922 3570 2149 3630 propter

568 3648 687 3709 hoc.
738 3654 908 3709 Putas
936 3653 1025 3724 qui
1068 3654 1219 3708 novit
1266 3654 1521 3724 quidque,
1564 3655 1704 3724 quod
1754 3670 2020 3723 quamque
2052 3668 2145 3707 c0-

471 3792 480 3803 ,
561 3741 748 3814 guovit'
766 3761 899 3808 rem,
924 3754 976 3800 et
1002 3746 1091 3815 qui
1118 3746 1325 3818 ignorat
1350 3732 1643 3824 similiter?
1687 3761 2018 3823 cognoscens
2049 3736 2147 3798 an;

561 3833 670 3889 tem
703 3834 822 3902 quis
874 3835 1148 3889 Coriscum
1191 3826 1331 3905 quod
1382 3836 1649 3903 Coriscus,
1699 3838 1966 3904 ignorabit
1998 3834 2149 3907 quod

566 3926 801 3977 musicus
831 3940 845 3995 ;
877 3938 1040 3993 quare
1072 3925 1505 3997 idem-cognoscit
1528 3935 1580 3978 et
1607 3927 1836 3995 igmrat.
1908 3930 2141 3982 Putasne

563 3994 986 4083 quadricubitum
1020 4004 1268 4087 tricubito
1300 3994 1516 4086 majus?
1569 3994 1677 4072 ﬁeri
1710 4021 1851 4073 enim
1880 4029 2052 4087 potest
2073 4035 2136 4076 ex

562 4098 810 4163 tricubito
866 4108 1294 4179 quadricubitum
1355 4111 1648 4165 secundum
1712 4112 2136 4184 longitudinem,

560 4199 733 4267 majus
777 4200 953 4274 autem
1005 4202 1211 4257 minore
1256 4202 1446 4271 majus.
1484 4202 1621 4257 idem
1656 4204 1812 4274 igitur
1835 4206 2021 4260 eodem
2055 4220 2143 4273 se-I

557 4276 790 4345 cundum
821 4272 963 4347 idem
992 4276 1161 4363 majus
1204 4303 1259 4348 et
1296 4296 1488 4347 minus.
1558 4295 1650 4349 Illa
1700 4312 1828 4351 vero
1858 4315 1973 4368 qua:
2006 4298 2141 4353 ﬁunt

555 4378 777 4451 propter
802 4382 853 4436 id
881 4374 1021 4452 quod
1054 4394 1270 4452 petunt,
1301 4396 1461 4456 atque
1489 4396 1710 4440 sumunt
1734 4390 1872 4459 quad
1904 4391 1955 4444 in
1986 4392 2151 4461 prin;

554 4470 718 4540 éipio,
776 4474 820 4526 si
869 4474 1214 4545 interroganti
1246 4477 1462 4546 quidem
1512 4482 1850 4534 manifestum
1885 4494 1970 4545 st,
2022 4501 2127 4538 non

556 4559 815 4629 dandum,
844 4578 1014 4631 neque
1051 4566 1096 4620 si
1124 4566 1402 4636 probabile
1440 4570 1509 4623 sit
1536 4570 1804 4626 dicentem
1833 4588 1951 4629 esse
1982 4592 2136 4630 vera-

556 4658 695 4707 Cem.
738 4654 793 4709 Si
825 4666 1001 4711 autem
1033 4660 1250 4723 lateant,
1303 4660 1657 4732 ignorantiam
1690 4666 1759 4720 ob
1792 4664 2151 4725 vitiositatem'

556 4746 739 4800 talium
765 4749 1063 4804 orationum
1108 4752 1172 4805 ad
1219 4752 1635 4824 interrogantem
1691 4748 2149 4829 retorqueudum.‘

555 4839 811 4905 tanquam
859 4852 962 4892 non
996 4840 1426 4911 redargueutcm,
1483 4863 1603 4900 nam
1655 4848 1964 4919 redargutio
2019 4853 2132 4908 sine

557 4941 624 4980 eo
654 4936 737 4982 est
763 4927 905 4999 quod
944 4926 1026 4986 est
1071 4932 1122 4986 in
1153 4924 1431 5006 principio,
1495 4940 1687 4997 deinde
1710 4944 1888 4998 datum
1914 4957 1996 5000 est
2033 4964 2137 5003 non

474 5066 483 5076 .
556 5026 615 5072 ut
637 5033 701 5073 eo
731 5029 991 5085 uteretur,
1020 5025 1111 5078 sed
1138 5033 1193 5079 ut
1215 5026 1279 5081 ad
1306 5027 1436 5083 illud
1468 5033 1744 5101 colligeret
1774 5040 2137 5102 contrarimn,

457 5146 477 5191 ἡ
556 5119 615 5163 ut
645 5110 694 5163 in
727 5126 834 5166 non
863 5108 1083 5170 semotis
1127 5118 1608 5190 redargutionibus.
1650 5126 1717 5180 Et
1747 5144 1835 5183 cas
1865 5146 1983 5200 quae
2013 5149 2136 5199 pro-

457 5188 477 5255 ἳ
557 5208 676 5269 pter
696 5194 1033 5272 consequens
1061 5196 1578 5290 ~suntconjectantes
1605 5246 1629 5283 ,ν
1678 5218 1727 5272 in
1761 5221 1871 5290 ipsa
1897 5225 2138 5284 oratione

454 5286 467 5305 ‘
557 5296 983 5381 monstrandum.
1027 5282 1121 5354 E‘s't'
1146 5311 1323 5381 autem
1352 5303 1542 5375 duplex
1578 5313 1915 5381 sequentium
1945 5333 2139 5371 conso-

554 5386 808 5453 quentia,
862 5374 955 5444 aut
982 5392 1128 5446 enim
1186 5378 1239 5448 u't
1294 5398 1615 5464 partic‘ulare
1645 5408 1886 5475 sequitur
1921 5416 2134 5466 univcr-

555 5472 691 5540 sale,
724 5486 783 5530 ut
837 5478 1108 5537 hominem
1162 5485 1356 5542 animal
1409 5490 1720 5560 (postulant
1780 5501 1921 5555 enim
1953 5504 1996 5557 si
2032 5498 2139 5560 hoc

552 5580 673 5622 cum
705 5569 816 5637 illo,
854 5581 905 5629 et
943 5576 1070 5631 illud
1094 5572 1213 5634 esse
1233 5596 1350 5635 cum
1385 5584 1520 5656 hoc)
1544 5630 1557 5651 ,
1591 5599 1684 5642 aut
1713 5596 2004 5649 secundum
2038 5615 2133 5667 op-

554 5660 867 5727 positiones.
912 5665 1041 5720 Nam
1070 5669 1112 5723 si
1143 5660 1264 5747 huic
1292 5686 1371 5727 eSt
1403 5676 1529 5728 illud
1555 5692 1914 5750 consequens,
1948 5699 1999 5739 et
2036 5704 2129 5758 op-

546 5756 725 5825 posito
772 5761 1112 5833 oppositum,
1172 5778 1387 5839 pmpter
1428 5771 1570 5843 quod
1603 5782 1657 5831 et
1693 5776 1892 5835 Melissi
1934 5756 2125 5843 oratio.

2172 3170 2227 3233 σ
2252 3182 2605 3256 ipsasibimet
2635 3190 2845 3250 diversa
2893 3205 2943 3250 ct
2971 3196 3181 3254 eadem.
3230 3202 3510 3274 Amplius,
3560 3205 3611 3260 si
3640 3170 3849 3265 honuni

2252 3279 2466 3348 quidem
2500 3278 2694 3336 malum
2728 3284 2816 3349 sit,
2849 3288 3044 3341 malum
3067 3298 3243 3345 autem
3269 3292 3487 3363 bonum,
3519 3295 3633 3351 duo
3656 3300 3845 3368 utique

2254 3364 2399 3425 ﬁent.
2418 3372 2504 3451 ,Ει
2528 3372 2757 3429 duorum
2779 3384 2833 3431 et
2854 3370 3192 3449 inmqualium
3218 3370 3503 3454 utrumque
3538 3387 3720 3458 ipsum

2250 3473 2371 3514 esse
2416 3463 2657 3531 aequale;
2686 3479 2851 3534 quare
2899 3468 3121 3538 mqualia
3152 3481 3205 3526 et
3249 3473 3536 3542 inatqualia
3570 3480 3688 3549 ipsa
3716 3479 3839 3537 sibi.

2250 3547 2497 3635 Incidunt
2524 3564 2702 3623 autem
2746 3555 2828 3612 hae
2856 3561 3129 3618 orationes
3158 3573 3213 3618 et
3243 3562 3295 3618 in
3337 3562 3471 3623 alias
3514 3547 3841 3639 solutiones,

2252 3647 2372 3696 nam
2403 3632 2564 3699 ambo
2608 3642 2662 3702 et
2702 3649 2882 3704 omnia
2922 3652 3070 3720 plura
3125 3650 3457 3726 signiﬁcant;
3514 3676 3627 3717 non
3680 3632 3845 3738 igitur

2247 3733 2388 3789 i‘dem
2418 3744 2612 3805 praeter
2659 3755 2853 3795 nomen
2898 3742 3096 3800 accidit
3116 3746 3387 3806 afﬁrmare
3416 3762 3471 3808 et
3502 3733 3755 3823 negare:
3790 3757 3843 3813 Id

2246 3834 2422 3880 autem
2451 3841 2555 3880 non
2584 3839 2700 3883 erat
2726 3832 3050 3903 redargutio,
3082 3830 3176 3893 sed
3194 3818 3841 3922 manifestumxguon‘iam

2247 3917 2292 3968 si
2346 3933 2452 3971 non
2485 3935 2588 3974 una
2625 3922 2971 3995 interrogatio
3007 3929 3209 3998 pluresr
3225 3918 3381 4003 ﬁan't,
3430 3937 3525 3993 sed
3569 3917 3743 3996 duum

2245 4026 2352 4068 uno
2377 4012 2611 4071 afﬁrmet
2635 4027 2726 4072 aut
2756 4030 2937 4091 neget,
2970 4021 3023 4078 id
3051 4039 3155 4079 nou
3179 4027 3284 4083 erit
3309 4010 3667 4101 impossibile.

2855 4122 3083 4217 CAPUT
3123 4162 3214 4221 VL

2384 4272 2387 4275 ’
2526 4275 2816 4333 Dilutiorm
2846 4282 3157 4375 nugatiom's‘
3174 4293 3224 4338 et
3250 4286 3543 4343 soloecismi.

2313 4405 2367 4461 In
2415 4407 2519 4463 illis
2549 4420 2724 4465 autem
2762 4427 2881 4482 qua
2920 4413 3189 4473 deducunt
3216 4422 3285 4473 ad
3328 4421 3467 4476 idem
3518 4421 3845 4496 frequenter

2163 4496 2440 4613 ﬁdicerc,
2466 4501 2802 4559 manifestum
2832 4507 2974 4576 quod
2999 4524 3101 4564 non
3130 4511 3362 4567 dandum
3393 4530 3583 4572 eorum
3614 4536 3745 4591 qua:
3769 4525 3836 4579 ad

2246 4591 2441 4613 -.:___,,,
2632 4606 2677 4613 ,ν
2744 4597 2776 4613 ,.
2859 4600 2905 4613 ,η
3133 4603 3165 4613 ..
3249 4605 3297 4613 .-

2244 4591 2443 4657 aliquid
2466 4593 2716 4651 dicuntur
2735 4597 3063 4667 signiﬁcare,
3098 4603 3297 4683 aliquid
3336 4621 3621 4676 separatas
3653 4628 3757 4683 per
3786 4631 3843 4671 se

2246 4684 2658 4752 przedicationcs
2678 4732 2691 4753 ,
2724 4698 2782 4743 ut
2806 4691 3056 4760 duplum,
3092 4698 3208 4749 sine
3233 4680 3299 4752 eo
3325 4699 3464 4768 quod
3511 4713 3601 4758 est

2246 4776 2369 4842 quid
2404 4770 2855 4849 inesseapparet,
2910 4800 3030 4837 nam
3064 4796 3117 4840 et
3158 4787 3342 4843 decem
3373 4790 3426 4845 in
3454 4792 3848 4854 deﬁcientibus

2249 4886 2353 4925 uno
2382 4872 2445 4925 ad
2471 4873 2683 4942 decem,
2708 4885 2763 4932 et
2789 4878 2960 4935 facere
3000 4881 3050 4936 in
3080 4897 3184 4936 non
3218 4868 3415 4953 facere,
3444 4897 3503 4941 et
3529 4892 3770 4947 omnino
3797 4897 3849 4950 in

2249 4966 2527 5031 negatione
2561 4967 2843 5024 afﬁrmatio
2875 4987 2890 5035 ;
2948 4988 3055 5051 non
3084 4982 3263 5031 tamen
3312 4978 3354 5032 si
3386 4979 3509 5048 quis
3532 4981 3687 5039 dicat
3739 4987 3843 5043 hoc

2247 5070 2350 5109 non
2374 5073 2493 5112 esse
2522 5059 2734 5128 album,
2768 5062 2897 5118 dicit
2923 5064 3061 5121 idem
3093 5068 3271 5123 album
3301 5086 3455 5138 esse,
3484 5073 3721 5144 duplum
3754 5096 3849 5135 auo

2247 5144 2347 5201 tem
2375 5165 2544 5219 neque
2575 5153 2837 5223 signiﬁcat
2866 5156 3068 5226 aliquid
3102 5157 3346 5224 fortasse,
3377 5168 3849 5232 quemadmodum

2244 5254 2414 5317 neque
2437 5243 2575 5311 quod
2606 5244 2655 5297 in
2688 5244 2930 5302 dimidio.
2984 5249 3138 5333 Quod
3166 5252 3205 5305 si
3237 5251 3371 5309 forte
3400 5254 3704 5334 signiﬁcat,
3762 5274 3847 5316 at-

2244 5340 2545 5387 tamennon
2604 5336 2743 5391 idem
2772 5348 2825 5393 et
2851 5326 3228 5419 coniunctum,
3278 5361 3453 5427 neque
3482 5352 3745 5425 scientia
3794 5360 3850 5411 in

2240 5426 2439 5492 Specie,
2471 5436 2525 5480 ut
2554 5428 2595 5481 si
2624 5418 2706 5484 est
2730 5431 2991 5489 medicina
3021 5418 3280 5506 scientia,
3303 5420 3483 5509 ipsum
3505 5444 3656 5513 quod
3687 5461 3853 5501 corn-

2241 5529 2419 5578 mune,
2457 5516 2579 5570 illud
2612 5530 2787 5575 autem
2816 5535 2931 5601 erat
2957 5526 3176 5581 scientia
3200 5530 3427 5588 scibilis.
3470 5514 3526 5587 lu
3549 5533 3624 5589 iis
3651 5546 3852 5593 autem

2240 5620 2359 5673 qua:
2393 5622 2486 5677 per
2532 5623 2589 5663 se
2618 5613 2968 5669 ostenduntur
3013 5619 3373 5697 praedicatis,
3406 5608 3465 5678 id
3500 5625 3843 5697 dicendum,

2240 5698 2377 5771 quod
2405 5716 2509 5753 non
2538 5701 2674 5757 idem
2694 5714 2773 5759 est
2796 5721 3036 5779 seorsum
3064 5720 3117 5764 et
3140 5692 3190 5765 in
3213 5694 3456 5771 oratiune
3482 5694 3629 5787 quod
3652 5730 3847 5776 osten-

2238 5778 2407 5861 ditur,
2446 5806 2566 5851 nam
2593 5809 2781 5856 cavum
2802 5788 3161 5897 communiter
3184 5809 3401 5901 quidem
3439 5778 3590 5901 idem
3617 5814 3847 5889 signiﬁ-
