4022 6330
148 296 277 380 tom

696 315 1163 407 aususnonuu
1200 280 2224 375 soeurértconuu‘listsrors~tts
2260 316 2831 373 INTERPRETA'HO.

142 451 224 496 cat
252 440 304 495 in
326 438 462 494 simo
482 444 535 493 et
561 450 758 501 curvo,
787 412 1021 489 additum
1052 400 1262 513 autem,
1294 433 1427 489 nihil
1457 433 1705 503 prohibet
1736 410 2011 504 A‘Acipiunt
2041 432 2363 498 audientem.
2397 424 2519 489 c'um
2560 410 2871 507 frequenter
2902 424 3105 491 eaedem
3140 430 3249 509 illis
3287 426 3408 493 exi.

143 532 241 586 hoc
261 529 473 600 quidem
504 541 655 596 naso,
686 526 819 580 illud
837 535 1016 581 autem
1040 526 1178 580 cruri
1205 525 1524 595 significare,
1550 534 1605 581 et
1632 527 1713 581 ni-

144 622 213 677 hil
243 619 418 675 differt
446 618 655 679 dicere,
690 631 851 671 nasus
872 614 1067 682 simus,
1100 623 1155 671 et
1183 631 1344 671 nasus
1371 608 1551 673 cavus.
1590 618 1713 673 Am-

143 704 294 783 plius,
323 726 428 765 non
450 709 623 764 danda
641 717 723 765 est
744 707 907 764 dictio
928 698 1218 763 secundum
1248 721 1470 763 rectum.
1501 708 1710 783 Falsum

142 780 279 859 enim
310 808 423 864 est,
452 815 572 855 nam
602 814 707 854 non
736 807 819 853 est
846 798 1040 852 simum
1070 812 1232 853 nasus
1260 812 1449 865 cavus,
1473 796 1567 853 sed
1597 780 1713 852 nasi
1740 810 1745 819 ·

140 893 240 949 hoc
269 903 324 947 ut
344 890 547 963 passio,
571 905 737 962 quare
764 890 895 945 nihil
925 901 1007 945 est
1034 892 1292 945 absonum
1312 931 1327 957 ,
1370 891 1421 946 si
1454 896 1614 946 nasus
1641 891 1713 946 si-

143 1001 257 1041 mus
275 996 355 1040 est
383 999 544 1039 nasus
576 983 779 1038 habens
808 984 1091 1051 cavitatem
1121 969 1366 1054 nasi./De
1392 982 1713 1038 solmcismis

140 1089 311 1133 autem
334 1085 553 1145 propter
576 1073 701 1145 quid
725 1083 983 1144 apparent
1001 1072 1265 1138 accidere,
1290 1074 1521 1129 diximus
1545 1075 1711 1144 prius,
1744 1084 1747 1089 ‘

139 1173 404 1242 quomodo
428 1180 603 1225 autem
634 1169 977 1235 solvendum,
1005 1169 1059 1222 in
1090 1168 1220 1238 ipsis
1247 1156 1583 1224 orationibus
1608 1169 1714 1224 erit

142 1264 495 1321 manifestum.
545 1262 746 1319 Omnes
800 1264 942 1316 enim
991 1254 1297 1331 ltujusmodi
1354 1261 1541 1317 volunt
1586 1277 1713 1317 cono

139 1350 361 1413 struere.
408 1355 570 1409 Putas
596 1353 743 1422 quod
766 1352 899 1407 dicis
923 1344 1193 1421 quidpiam
1227 1366 1351 1406 vere
1380 1367 1521 1420 esse,
1552 1353 1713 1407 etiam

140 1463 222 1506 est
254 1449 379 1505 illud
412 1432 536 1503 vere
564 1449 585 1501 ?
616 1446 748 1502 dicis
778 1455 955 1501 autem
983 1436 1253 1516 quidpiam
1286 1445 1517 1515 lapidem
1568 1461 1712 1512 esse,

138 1558 216 1600 est
245 1546 401 1615 igitur
428 1526 701 1615 quidpiam
731 1541 984 1614 lapidem.
1030 1543 1119 1625 ‘An
1157 1541 1335 1597 dicere
1360 1540 1585 1609 lapidem
1609 1556 1714 1596 non

135 1648 215 1694 est
245 1638 425 1715 dicere
452 1637 626 1707 quod,
657 1636 749 1691 sed
778 1630 935 1706 quem
959 1676 973 1700 ,
1012 1651 1116 1689 non
1146 1634 1275 1705 hoc,
1304 1634 1397 1688 sed
1430 1632 1617 1688 hunc?
1669 1631 1714 1687 si
1740 1630 1747 1639 ’

137 1716 294 1798 igitur
322 1728 466 1781 dicat
491 1724 704 1794 aliquis,
733 1718 889 1795 putas
911 1741 1069 1796 quem
1098 1741 1223 1780 vere
1256 1725 1388 1779 dicis
1417 1733 1498 1781 est
1522 1725 1717 1779 istum?

1816 534 2138 603 stant,‘nam
2174 514 2417 580 eamdem
2453 518 3007 601 Orationemoportet'.’
3030 528 3243 601 vocare,
3283 512 3437 598 quas“

1819 601 2036 688 propter
2068 616 2207 687 idem
2264 619 2342 672 lit.
2399 618 2594 673 Eadem
2628 626 2807 673 autem
2832 616 3011 673 'o'ratle
3037 616 3156 693 aliis
3186 616 3404 688 quidem
3488 664 3491 667 γ

1817 698 2032 780 ιιιτοριεν
2062 709 2379 787 dietionem,
2408 710 2527 764 aliis
2547 720 2725 765 autem
2999 708 3270 775 accidens,
3286 709 3423 767 alii:

1816 806 1943 856 vero
1968 794 2187 871 propter
2208 796 2351 855 aliud
2382 800 2654 881 videbitur
2669 816 2790 856 esse
2808 845 2822 869 ,
2848 801 2967 883 ερὲς)
2991 792 3441 870 unumquodque"

1818 886 2195 965 translatiuum
2247 906 2352 948 nou
2386 891 2635 947 similiter
2675 902 2761 949 est
2791 894 3155 948 manifestum.
3203 884 3415 960 Quem-4

1815 976 2101 1039 admodum
2137 980 2299 1054 igitur
2340 984 2390 1037 in
2436 983 2502 1039 iis
2541 999 2660 1053 qua:
2686 993 2829 1039 sunt
2856 988 3071 1055 propter
3110 984 3415 1052 aequivo'ca-

1819 1075 2020 1131 tionem
2073 1077 2187 1145 (qui
2238 1074 2431 1131 modus
2471 1058 2685 1131 videtur
2726 1089 2851 1131 esse
2896 1074 3443 1155 ineptissimus)'ca-‘

1818 1170 1986 1239 ptiosa
1995 1186 2110 1224 rum
2129 1170 2621 1236 ratiocinationum,
2642 1169 2757 1224 hazc
2773 1154 2988 1240 quidem
3004 1164 3061 1225 et
3078 1154 3419 1240 quibuslibet

1816 1268 1942 1314 sunt
1990 1260 2273 1317 manifeSta
2319 1263 2464 1333 (nam
2511 1254 2567 1317 εἶ
2596 1262 2868 1317 orationes
2919 1276 3054 1331 pene
3102 1258 3443 1318 ridiculum"

1817 1365 1942 1411 sunt
1961 1370 2149 1411 omnes
2168 1365 2385 1426 propter
2407 1356 2730 1412 dictionem:
2753 1356 2819 1412 Ut
2842 1356 2922 1410 vir
2953 1355 3439 1412 ferebatur'currui'

1818 1454 1871 1503 in
1905 1450 2100 1512 scalas,
2134 1450 2221 1504 ubi
2255 1450 2401 1506 venit
2450 1464 2661 1517 servus,
2713 1450 2852 1520 apud
2904 1448 3171 1504 Ceream?
3205 1449 3270 1505 Et
3300 1448 3410 1503 Bo-

1819 1558 1939 1598 reas
1969 1544 2240 1613 pnrusne?
2272 1558 2379 1598 non
2409 1554 2591 1608 certe,
2625 1544 2799 1612 perdit
2828 1542 2971 1597 enim
2999 1542 3329 1611 pauperem,
3356 1548 3416 1596 et

1820 1647 2111 1688 ementem.
2150 1635 2214 1688 Et
2267 1644 2387 1690 utra
2418 1637 2579 1690 boum
2617 1643 2744 1690 ante
2785 1634 2997 1711 pariet?
3040 1640 3271 1703 nouus,
3311 1632 3411 1697 sed

1821 1736 1965 1780 retro
1993 1727 2186 1780 ambae.
2225 1726 2457 1780 Putasne
2489 1734 2572 1781 est
2604 1725 2916 1781 Evarchus?
2949 1739 3056 1779 non
3089 1733 3239 1780 certe
3260 1765 3275 1789 ,
3309 1723 3413 1781 sed

138 1794 239 1874 non
266 1818 483 1873 videtur
511 1794 750 1873 Romane
775 1794 941 1886 loqui.
980 1815 1441 1886 Quemadmodum
1470 1830 1641 1885 neque
1671 1794 1794 1881 si
1821 1816 2188 1885 Apollonides.
2248 1816 2448 1873 Eodem
2480 1824 2659 1897 autem
2719 1815 2879 1891 modo
2921 1826 2977 1871 et
3016 1814 3241 1903 aliarum
3298 1814 3413 1871 fere

136 1911 290 1981 dicat,
322 1920 480 1981 putas
500 1924 658 1981 quam
690 1908 822 1963 dicis
849 1924 989 1976 esse,
1014 1920 1098 1965 est
1123 1908 1269 1964 iste?
1309 1909 1508 1977 lignum
1537 1915 1715 1961 autem

134 2006 310 2061 dicere
343 2004 478 2070 iste,
509 2003 594 2058 vel
625 2018 955 2075 qttmcunque
996 2017 1169 2069 neque
1198 2002 1553 2057 masculinum
1578 2045 1591 2067 ,
1625 2016 1715 2055 ne-

131 2098 231 2161 que
259 2076 580 2148 femininum
611 2092 941 2161 significant,
968 2091 1102 2147 nihil
1131 2091 1331 2157 refert;
1363 2107 1529 2162 quare
1555 2094 1716 2146 etiam

131 2199 235 2238 non
258 2185 317 2238 fit
350 2182 710 2250 soloecismus,
734 2184 778 2238 si
810 2183 952 2253 quod
981 2183 1116 2238 dicis
1141 2198 1263 2238 esse
1286 2226 1301 2247 ,
1324 2193 1408 2238 est
1434 2182 1573 2237 istud
1602 2198 1617 2247 ;
1651 2183 1718 2237 li-

127 2291 285 2345 gnum
310 2284 498 2331 autem
521 2276 657 2330 dicis
683 2286 925 2340 esse,est
957 2276 1121 2346 igitur
1140 2277 1338 2342 lignum
1368 2275 1508 2329 istud
1535 2291 1550 2339 ;
1583 2274 1718 2342 lapis

126 2376 297 2422 autem
335 2377 388 2422 et
418 2368 538 2431 iste,
574 2366 849 2421 masculini
871 2364 1070 2421 habent
1098 2366 1537 2422 declinationem.
1566 2366 1718 2432 Quod

130 2461 172 2515 si
203 2462 334 2531 quis
363 2460 528 2526 dicat,
558 2470 783 2530 putasne
816 2462 936 2528 iate,
969 2461 1061 2514 illa
1082 2461 1211 2514 est?
1252 2457 1445 2514 deinde
1479 2473 1715 2521 rursum.

76 2564 87 2573 ‘
124 2551 244 2621 quid
271 2561 463 2607 autem
488 2567 666 2605 nonne
695 2550 797 2606 iste
827 2558 911 2605 est
946 2548 1202 2605 Coriscus
1232 2550 1254 2601 'i
1305 2549 1377 2603 ita
1403 2550 1560 2603 dicat.
1622 2550 1717 2603 Est

123 2639 276 2711 igitur
298 2641 310 2695 i
335 2642 421 2706 lla,
439 2657 542 2695 non
558 2642 773 2711 collegit
802 2639 1193 2703 solmcismum,
1211 2640 1256 2692 si
1276 2638 1526 2693 (Lorisens
1553 2637 1714 2693 etiam

126 2749 228 2791 non
258 2734 534 2806 significet
563 2732 704 2789 idem
736 2733 879 2805 quod
912 2734 1025 2799 illa,
1051 2749 1157 2788 non
1185 2733 1278 2787 dat
1302 2745 1484 2788 autem
1514 2735 1601 2802 qtti
1632 2749 1720 2788 re-

130 2831 381 2902 spondet,
413 2830 508 2884 sed
555 2836 762 2897 oportet
799 2826 902 2882 hoc
946 2827 1409 2897 prmintcrrogare,
1468 2826 1511 2881 si
1540 2836 1720 2881 autem

133 2938 304 2993 neque
331 2931 438 2983 est.
468 2935 641 2989 neque
663 2919 753 2973 dat
785 2934 890 2973 non
920 2917 1164 2988 collegit,
1200 2933 1375 2988 neque
1404 2919 1455 2971 in
1482 2933 1548 2974 eo
1570 2919 1715 2988 quod

131 3020 213 3071 est
240 3030 368 3070 esse
391 3013 615 3084 aliquid,
649 3027 821 3082 neque
865 3012 932 3067 ad
962 3028 1085 3068 eum
1120 3014 1209 3083 qui
1234 3013 1595 3083 interrogatus
1616 3024 1719 3068 est.

131 3109 397 3165 Similiter
426 3094 859 3178 igitur‘oportet,
911 3114 966 3163 et
1003 3106 1111 3162 illic
1142 3106 1373 3175 lapidem
1418 3108 1721 3177 significare

1822 1925 1978 1979 quam
2020 1910 2307 1979 pluranaz),
2344 1910 2429 1964 illa
2462 1894 2642 1965 autem
2690 1919 2745 1964 et
2776 1890 3416 1980 peritissimosvidentnr

1822 2003 2006 2056 latere.
2043 2003 2265 2072 Signum
2318 2014 2496 2059 autem
2552 2003 2746 2060 horum
2793 1982 3043 2085 tLuoﬁam
3076 1990 3443 2060 contendunt.

1820 2082 1965 2165 saepe
2006 2096 2074 2150 de
2123 2096 2462 2162 nominibus,
2508 2086 2563 2151 ut
2590 2105 2766 2153 utrum
2801 2080 3292 2167 idemwsignificent
3344 2088 3441 2155 de"

1823 2176 2073 2241 omnibus
2105 2202 2204 2241 eos
2235 2196 2288 2243 et
2336 2203 2530 2255 unum,
2561 2204 2629 2242 an
2675 2188 2847 2250 aliud;
2883 2188 3002 2243 aliis
3034 2190 3177 2243 enim
3204 2183 3443 2244 videtur"

1822 2264 2130 2347 significare
2155 2291 2251 2331 ens
2295 2289 2348 2331 et
2381 2294 2575 2344 unum;
2610 2279 2702 2333 alii
2735 2289 2913 2333 autem
2944 2279 3176 2334 Zenonis
3213 2272 3443 2335 oratio?

1824 2366 1944 2429 nem
1977 2384 2031 2428 et
2075 2374 2412 2430 Parmenidis
2442 2377 2692 2441 solvunt,
2727 2392 2792 2431 eo
2842 2378 2990 2448 quod
3049 2374 3420 2448 multipliciter

1823 2467 2005 2520 dicant
2038 2483 2202 2520 unum
2236 2466 2369 2533 dici,
2403 2477 2457 2522 et
2479 2483 2597 2521 ens.
2629 2454 2891 2523 Similiter
2921 2478 3096 2523 autem
3120 2477 3175 2524 et
3198 2478 3421 2541 propter

1822 2558 2071 2611 accidens
2100 2567 2153 2611 et
2184 2557 2414 2611 aliorum
2450 2559 2717 2628 singulum
2741 2559 3014 2628 quodque,
3041 2559 3158 2613 aliae
3205 2554 3435 2628 quidem"

1821 2649 2095 2703 orationes
2125 2660 2277 2702 erunt
2314 2648 2497 2704 faciles
2522 2648 2717 2717 videri,
2756 2650 2879 2703 alia:
2901 2664 3032 2704 vero
3062 2642 3419 2707 difficiliores.

1828 2740 1894 2794 Et
1917 2755 2129 2795 sumere
2162 2741 2216 2794 in
2239 2756 2345 2809 qtto
2386 2756 2615 2810 genere,
2648 2746 2703 2796 et
2732 2751 2915 2795 utrum
2962 2742 3301 2811 redargutio,
3342 2740 3421 2813 an:

1826 2850 1932 2887 non
1968 2833 2298 2904 redargittio,
2334 2848 2439 2888 non
2469 2832 2627 2889 facile
2665 2833 2916 2888 similiter
2948 2834 2999 2888 iu
3034 2832 3282 2889 omnibus
3313 2843 3421 2889 est.

1829 2920 1925 2980 Est
1949 2934 2127 2980 autem
2160 2935 2313 2979 acuta
2345 2925 2541 2992 oratio,
2575 2940 2696 2995 quae
2724 2924 2970 2980 dubitare
2999 2924 3126 2980 facit
3147 2924 3378 2981 maxime
3399 2926 3435 2995 ,“

1827 3018 2036 3072 mordet
2073 3017 2215 3071 enim
2259 3018 2373 3071 tunc
2406 3018 2661 3083 maxime,
2697 3014 2961 3071 dubitatio
2990 3026 3170 3069 autem
3201 3024 3285 3071 est
3315 3012 3423 3069 du-

1828 3109 1945 3179 plex
1967 3149 1983 3173 ,
2020 3109 2133 3162 haec
2174 3107 2391 3175 quidem
2425 3107 2477 3162 in
2511 3106 2954 3178 syllogizantibus
2981 3151 2995 3175 ,
3045 3121 3205 3174 quam
3259 3104 3433 3177 cligatl

134 3204 268 3265 iste;
312 3201 359 3255 si
388 3209 564 3254 autem
603 3212 777 3268 neque
807 3206 922 3264 est,
957 3208 1131 3269 neque
1157 3198 1336 3265 datur,
1366 3214 1469 3252 non
1497 3198 1722 3254 dicenda
1752 3184 1797 3251 C
1828 3203 1947 3270 quis
1974 3201 2452 3270 interrogationum
2473 3241 2488 3264 ,
2524 3201 2611 3253 illa
2644 3208 2824 3255 autem
2858 3199 2908 3255 in
2942 3201 3279 3255 coutentiose
3300 3214 3418 3256 sus-

132 3292 444 3360 conclusio,
495 3299 721 3361 apparet
767 3301 944 3346 autem
990 3305 1056 3345 eo
1083 3291 1222 3360 quod
1256 3290 1536 3345 dissimilis
1568 3304 1727 3347 casus

135 3385 369 3443 nominis
396 3384 587 3439 similis
633 3393 910 3452 appareat.
938 3383 1167 3437 Putasne
1198 3397 1387 3437 verum
1423 3391 1506 3437 est
1548 3382 1730 3437 dicere

134 3458 391 3547 quoniam
422 3474 523 3530 ista
564 3483 646 3528 est
678 3473 729 3528 id
758 3472 901 3543 quod
947 3487 1069 3528 esse
1115 3474 1225 3537 ais,
1257 3488 1374 3528 eam
1402 3489 1521 3528 esse
1547 3483 1727 3528 autem

134 3566 214 3621 ais
240 3564 504 3635 aspidem,
536 3569 618 3617 est
645 3561 805 3630 igitur
834 3563 934 3615 ista
963 3561 1221 3627 aspidem.
1259 3561 1340 3616 An
1370 3576 1475 3615 non
1508 3576 1731 3617 necesse

134 3655 301 3721 est,si
328 3668 435 3708 non
456 3653 559 3706 ista
580 3650 820 3720 aspidem
849 3649 1138 3722 significat,
1170 3651 1265 3706 sed
1295 3651 1465 3721 aspis,
1490 3651 1729 3720 aspidem

136 3756 317 3801 autem
350 3744 508 3799 istam
537 3758 552 3806 ;
612 3754 784 3811 neque
812 3740 856 3797 si
898 3757 1056 3811 quem
1081 3741 1216 3797 dicis
1268 3756 1389 3798 esse
1425 3742 1616 3809 istum,
1648 3753 1733 3798 est

138 3840 261 3903 iste,
290 3836 431 3891 dicis
458 3844 635 3890 autem
668 3835 825 3890 istum
856 3849 978 3891 esse
1005 3832 1296 3900 Cleonem,
1330 3845 1414 3892 est
1444 3835 1605 3906 igitur
1629 3836 1732 3892 iste

136 3930 396 3984 Cleonem
431 3945 447 3994 ;
509 3942 614 3982 non
674 3929 820 3983 enim
848 3938 933 3984 est
962 3929 1064 3984 iste
1084 3930 1362 3986 Cleonem.
1416 3931 1619 3987 Dictum
1650 3938 1734 3987 est

138 4022 284 4077 enim
317 4008 570 4099 quoniam
594 4034 749 4087 quem
774 4019 895 4075 dico
947 4020 1107 4075 istum
1139 4036 1260 4077 esse
1280 4063 1294 4087 ,
1344 4030 1424 4077 est
1455 4022 1588 4088 iste,
1621 4037 1731 4079 non

139 4112 306 4167 istum
325 4096 539 4179 ,Ῑεῖιιιε
564 4112 706 4164 enim
739 4112 979 4167 liontane
1002 4111 1211 4167 dicetur
1240 4128 1347 4184 quo
1375 4126 1534 4183 pacto
1566 4115 1732 4169 inter-

138 4202 353 4274 rogatio
383 4201 544 4256 dicta.
579 4201 738 4255 Putas
758 4241 773 4264 ,
806 4202 947 4256 istud
970 4202 1076 4255 scis
1100 4203 1125 4254 τ
1171 4204 1308 4257 istud
1333 4213 1509 4258 autem
1540 4212 1624 4258 est
1652 4205 1730 4258 la-

140 4297 246 4366 pis,
280 4296 389 4349 scis
414 4294 568 4364 igitur
602 4294 756 4364 lapis.
791 4295 871 4348 An
910 4309 1016 4350 non
1044 4296 1184 4351 idem
1214 4296 1478 4366 significat
1506 4295 1645 4352 istud
1676 4298 1732 4353 in

137 4399 205 4441 eo
236 4384 379 4454 quod
401 4393 502 4447 est,
538 4394 690 4453 putas
722 4384 860 4439 istud
887 4385 993 4440 scis
1015 4427 1030 4453 ,
1059 4393 1116 4441 et
1150 4387 1203 4440 in
1232 4386 1358 4453 hoc,
1386 4388 1526 4442 istud
1553 4397 1729 4445 autem

142 4476 301 4544 lapis,
321 4476 416 4531 sed
440 4477 491 4529 in
525 4477 695 4544 primo
716 4476 932 4545 quidem
958 4476 1119 4540 hunc.
1142 4478 1194 4532 in
1226 4482 1525 4549 posteriore
1551 4491 1730 4535 autem

144 4569 251 4623 hic.
287 4570 520 4623 Putasne
545 4567 695 4635 cujus
723 4570 1000 4623 scientiam
1035 4548 1340 4635 habes,scis
1362 4570 1536 4626 illud?
1558 4572 1734 4627 scien-
1760 4548 1814 4621 ι)

142 4664 271 4717 tiam
302 4671 480 4715 autem
510 4660 675 4716 babes
697 4660 884 4729 lapidis
903 4703 917 4727 ,
942 4662 1045 4715 scis
1078 4662 1238 4733 igitur
1258 4663 1468 4732 lapidis.
1524 4666 1605 4720 An
1630 4665 1732 4720 hu-

141 4754 229 4823 jus
258 4751 474 4821 quidem
506 4751 697 4820 lapidis
718 4752 875 4821 dicis,
926 4753 1067 4807 hunc.
1095 4763 1271 4810 autem
1302 4757 1529 4825 lapidem
1558 4758 1582 4812 ἲ
1635 4760 1735 4813 da-

144 4857 256 4900 tum
280 4854 366 4901 est
395 4855 572 4899 autem
589 4844 741 4913 cujus
768 4844 996 4900 scientia
1026 4845 1191 4901 habes
1219 4846 1345 4900 illud
1368 4848 1496 4913 scis,
1532 4864 1637 4904 non
1673 4851 1736 4905 il-

143 4938 270 5002 lius,
301 4936 396 4993 sed
422 4937 583 5003 illud;
611 4952 777 5006 quare
804 4953 907 4991 non
939 4937 1153 5006 lapidis,
1179 4940 1272 4993 sed
1291 4941 1542 5009 lapidem.
1581 4942 1734 5010 Quod

144 5028 310 5101 igitur
321 5028 626 5099 huiusmodi
648 5028 923 5084 orationes
936 5042 1041 5083 non
1054 5029 1318 5099 colligunt
1336 5032 1733 5101 soloecismum,

146 5121 243 5175 sed
275 5128 558 5189 apparent,
586 5128 642 5174 et
667 5128 887 5189 propter
915 5118 1041 5189 quid
1072 5132 1353 5189 apparent,
1388 5124 1443 5177 ει
1466 5122 1736 5190 quomodo

148 5222 235 5267 est
272 5211 642 5269 obsistendum
682 5208 823 5277 illis,
879 5218 965 5265 est
1001 5207 1339 5265 manifestum
1388 5226 1457 5267 ex
1504 5211 1570 5267 iis
1617 5225 1738 5282 quat

149 5305 297 5362 dicta
339 5312 486 5362 sunt.
1088 5354 1095 5357 .
1282 5350 1317 5363 ,π

760 5391 991 5449 CAPUT
1024 5392 1131 5449 VII.
1214 5394 1219 5399 ’

438 5509 515 5565 De
538 5510 764 5565 oratione
794 5509 967 5579 facili,
993 5508 1185 5578 dilﬁcili
1211 5516 1257 5563 et
1275 5517 1448 5563 acula.

220 5628 451 5701 Oportet
490 5636 665 5683 autem
702 5626 1001 5696 intelligere
1030 5625 1282 5705 qtmniam
1337 5624 1576 5679 omnium
1618 5638 1739 5679 ora-

151 5726 360 5780 tionum
388 5722 504 5775 alia:
526 5720 739 5791 quidem
765 5728 889 5773 sunt
920 5719 1098 5773 faciles
1131 5719 1389 5788 conspici,
1423 5717 1538 5772 ali.e
1560 5726 1737 5773 autem

146 5813 507 5881 difficiliores,
533 5821 751 5885 promer
784 5810 835 5869 id
866 5809 1004 5886 quod
1028 5819 1077 5868 et
1104 5811 1155 5867 in
1184 5809 1362 5884 aliquo
1393 5807 1613 5867 subdole
1642 5806 1739 5869 de-

1832 3294 2155 3358 tinentibus,
2198 3294 2468 3364 quomodo
2517 3294 2661 3349 dicat
2709 3295 2828 3362 quis
2880 3297 3232 3363 prepositum.
3274 3288 3435 3362 ραν

1832 3397 2053 3456 propter
2084 3387 2136 3442 in
2182 3388 2248 3442 iis
2288 3404 2407 3458 quae
2439 3387 2784 3459 syllogizant,
2845 3389 3114 3444 acutiores
3143 3390 3422 3448 orationes

1832 3481 2108 3543 inquirere
2141 3481 2308 3547 magis
2332 3479 2553 3533 faciunt.
2590 3478 2683 3533 Est
2708 3490 2890 3533 autem
2915 3494 2976 3534 ea
2994 3496 3112 3550 qua:
3144 3480 3433 3551 syllogizat'

1829 3571 2065 3639 quidem,
2092 3572 2263 3626 oratio
2290 3571 2595 3625 acutissima
2620 3611 2635 3634 ,
2669 3570 2714 3625 si
2758 3586 2823 3626 ex
2857 3585 3016 3641 quam
3052 3574 3286 3627 maxime
3321 3589 3422 3641 ap-

1836 3666 2150 3732 parentibus
2181 3680 2339 3735 quam
2365 3665 2596 3718 maxime
2630 3665 2905 3734 probabile
2929 3667 3188 3722 interimit
3209 3677 3265 3723 et
3292 3656 3428 3724 com

1834 3757 2012 3809 struit.
2044 3756 2175 3809 Nam
2210 3770 2327 3809 cum
2364 3771 2465 3809 una
2498 3757 2669 3811 oratio
2700 3758 2768 3812 sit
2818 3758 3162 3828 (transposila
3206 3768 3425 3815 contra-

1835 3847 2098 3919 dictione)
2122 3863 2312 3903 omnes
2344 3849 2594 3904 similiter
2624 3849 2844 3905 habebit
2874 3850 3212 3923 syllogismos
3238 3870 3250 3907 :
3285 3868 3430 3913 εεωέ

1834 3956 1930 4010 per
1968 3942 2107 3995 enim
2140 3957 2205 3994 ex
2246 3941 2616 4019 probabilibus
2642 3942 2893 3997 similiter
2925 3943 3206 4014 probabile
3236 3932 3424 4002 interi?

1836 4039 1943 4085 met
1972 4040 2385 4099 autconstruet;
2419 4042 2746 4105 quapmpter
2777 4033 3026 4090 dubitare
3058 4022 3423 4107 necessarium

1835 4131 1938 4178 est.
1964 4123 2193 4178 Maxime
2225 4124 2385 4194 igitur
2415 4125 2535 4180 talis
2566 4136 2745 4193 acuta,
2774 4112 2895 4196 quae
2924 4139 2991 4179 ex
3018 4140 3174 4195 teque
3203 4126 3425 4183 conclu-

1834 4213 2038 4267 sionem
2072 4212 2199 4268 facit
2227 4214 2773 4285 interrogationibus;
2820 4213 3054 4270 secunda
3086 4226 3261 4271 autem
3299 4220 3427 4289 qud

1835 4319 1901 4359 ex
1923 4306 2170 4361 omnibus
2204 4308 2486 4361 similibus.
2520 4306 2643 4362 llrec
2665 4307 2807 4362 enim
2840 4306 3088 4363 similiter
3128 4304 3284 4366 faciet
3314 4310 3423 4367 du-’

1836 4397 2039 4461 bitare,
2095 4414 2217 4468 quae
2272 4397 2749 4471 interrogationum
2804 4400 3156 4457 interimenda
3207 4413 3325 4469 est;
3362 4394 3423 4461 id

1836 4499 2013 4544 autem
2075 4489 2299 4547 difficile
2329 4492 2453 4547 est?
2516 4507 2639 4546 nam
2693 4492 3105 4548 interimendum
3164 4496 3421 4565 quidem,

1841 4581 1969 4651 quid
2007 4589 2184 4637 autem
2218 4581 2655 4651 interimendum,
2680 4581 2924 4637 dubium.
2953 4580 3423 4643 Contentiosarum

1842 4686 2022 4728 autem
2072 4673 2414 4736 acutissima,
2469 4689 2589 4742 qua:
2622 4675 2853 4743 primum
2885 4674 3063 4729 statim
3111 4676 3269 4733 dubia
3300 4684 3423 4744 est,

1844 4777 2022 4819 utrum
2056 4763 2359 4835 syllogizat,
2390 4779 2457 4818 an
2490 4781 2615 4829 nun,
2654 4765 2738 4820 vel
2767 4773 2941 4820 utrum
2963 4777 3180 4837 propter
3208 4762 3423 4836 falsum',

1845 4871 1913 4910 an
1943 4856 2269 4911 divisionem
2294 4855 2510 4910 solutio.
2539 4854 2782 4911 Secunda
2809 4865 2987 4912 autem
3020 4856 3263 4925 aliarum,
3305 4840 3426 4928 qua:

1846 4950 2124 5005 manifesta
2149 4950 2360 5019 quidem
2381 4949 2521 5019 quod
2549 4960 2769 5020 propter
2794 4950 3113 5007 divisionem
3139 4949 3223 5005 vel
3252 4952 3424 5011 inter-

1844 5043 2168 5119 emptionem
2200 5053 2303 5129 est,
2338 5054 2442 5097 non
2488 5052 2666 5137 tamen
2696 5053 2779 5101 est
2809 5043 3088 5113 explorata
3139 5057 3235 5112 per
3266 5042 3423 5111 cujus

1846 5133 2319 5203 interrogationum
2363 5132 2868 5203 interemptitme‘m,
2916 5134 3001 5190 vel
3052 5132 3371 5189 divisionem
3400 5174 3418 5197 ,

1845 5226 2096 5285 solvenda
2126 5235 2230 5290 est,
2278 5225 2483 5283 scilicet
2511 5235 2687 5281 utrum
2731 5235 2953 5298 propter
2978 5224 3377 5313 conclusioqetti
3403 5263 3424 5290 .

1847 5334 1914 5372 an
1951 5326 2165 5389 propter
2216 5319 2449 5386 aliquam
2499 5319 2977 5389 interrogationum
3012 5302 3065 5370 id
3099 5302 3204 5369 est.
3242 5302 3428 5380 Quan-

1847 5414 2021 5481 doque
2050 5412 2210 5482 igitur
2260 5425 2364 5466 non
2413 5411 2734 5483 syllogixans
2763 5409 2936 5465 oratio
2982 5407 3153 5463 facilis
3212 5419 3329 5475 est,
3379 5408 3428 5467 si

1860 5505 1948 5559 int
1982 5502 2138 5559 valde
2178 5503 2523 5573 inopinabilis
2550 5542 2566 5569 ,
2614 5504 2696 5559 vel
2746 5502 2877 5556 falsa
2913 5514 3034 5570 quae
3090 5509 3378 5555 sumuntur
3403 5540 3422 5567 .

1842 5604 2160 5674 quandoque
2195 5612 2373 5659 autem
2413 5617 2520 5657 non
2567 5600 2724 5671 digna
2764 5599 2988 5667 despici.
3024 5598 3154 5654 Nam
3203 5598 3421 5670 quando

1841 5706 1995 5763 deest
2040 5707 2213 5778 aliqua
2260 5706 2446 5760 talium
2476 5692 2972 5773 interrogationum,
3005 5702 3075 5757 de
3105 5716 3207 5773 qua
3240 5699 3420 5758 oratio

1846 5818 1901 5871 et
1930 5819 2147 5885 propter
2177 5824 2335 5884 quam
2371 5815 2471 5877 est,
2503 5815 2558 5865 et
2589 5806 2678 5879 qui
2709 5820 2815 5864 non
2838 5806 3002 5866 sumit
3030 5805 3197 5878 illam,
3226 5815 3278 5867 et
3301 5803 3423 5870 col.

3263 300 3437 377 mw
3506 354 3527 365 -
