4022 6330
476 338 499 353 _
557 279 700 342 £039

562 465 686 561 quae
726 465 1057 559 extrinsecus
1108 496 1212 557 non
1261 475 1604 547 despicienda
1649 473 1759 547 ullo
1802 469 1960 526 modo
1985 508 2001 535 ,
2044 465 2144 523 sed

557 558 735 645 oratio
763 558 976 648 quidem
1002 568 1187 651 jusut,‘
1232 573 1574 637 interrogans
1603 573 1783 620 autem
1834 577 1940 616 non
1974 558 2144 630 probe

558 671 927 749 interrogavit.
965 671 1136 741 Etest
1161 681 1292 722 sane
1320 662 1633 719 solvendum
1672 657 1996 730 quandoque
2021 653 2144 725 qui-

559 771 682 833 dem
714 766 780 820 ad
808 764 1128 828 orationem,
1150 760 1471 831 quandoque
1495 766 1674 812 autem
1707 754 1775 809 ad
1805 754 2146 819 interrogan-

559 848 692 924 tem,
718 873 771 912 et
792 856 1283 925 interrogationem,
1316 850 1636 921 quandoque
1665 862 1792 901 vero
1814 844 1879 897 ad
1900 851 2148 898 neutrum

559 938 788 1017 horum;
819 949 1066 1027 similiter
1094 960 1147 1003 et
1172 942 1610 1014 interrogandum
1642 948 1697 994 et
1725 932 2147 1008 syllogizandum

562 1054 646 1102 est
664 1054 718 1099 ct
741 1043 805 1098 ad
832 1025 1168 1117 pusitipnem,
1200 1048 1255 1092 et
1282 1036 1348 1091 ad
1372 1032 1810 1102 respondentem,
1843 1035 1899 1083 et
1929 1025 1994 1078 ad
2015 1034 2151 1078 temo

562 1150 686 1211 pus,
720 1130 933 1203 quando
980 1115 1142 1186 fuerit
1188 1128 1357 1198 pluris
1400 1122 1659 1192 temporis
1705 1134 1866 1189 egens
1914 1115 2150 1177 solutio,

562 1204 724 1298 quam
749 1224 1031 1297 praesentis
1059 1220 1316 1292 temporis
1347 1218 1475 1290 (quo
1516 1208 1880 1285 disputantur)
1915 1207 1979 1264 ad
2011 1208 2154 1262 soluo
2184 1204 2185 1207 “

562 1320 786 1376 tionem.
824 1362 831 1387 Α.
864 1354 869 1361 .

518 1543 533 1606 ε
600 1564 613 1577 ο
1030 1524 1037 1532 .
1146 1485 1371 1542 CAPUT
1416 1482 1552 1538 VHL

523 1632 529 1638 '
600 1624 860 1698 Epilogus
897 1635 1008 1681 octo
1037 1624 1428 1750 prmed‘erbttium
1467 1628 1518 1676 et
1545 1619 1764 1673 duorum
1795 1612 2118 1684 prwaentium

610 1732 619 1750 .
800 1746 801 1749 η
1246 1712 1260 1748 t
1298 1709 1495 1749 rarum.

610 1732 619 1761 t
666 1750 669 1755 μ
744 1758 749 1761 ,
800 1746 801 1749 η
1223 1709 1495 1750 iturarum.

530 1799 661 1839 ’,ν

508 1839 532 1853 γ’
644 1868 720 1921 lix
752 1871 884 1937 quot
932 1862 1110 1931 igitur,
1143 1864 1198 1913 et
1231 1870 1296 1910 ex
1327 1852 1523 1925 quibus
1553 1847 1686 1901 ﬁunt
1735 1843 1797 1899 iis
1844 1842 1934 1912 qui
1969 1839 2155 1908 dispu-

570 1968 687 2015 tant
736 1930 991 2027 eaptiosa:
1032 1946 1487 2007 ratiocinationes,
1519 1951 1574 1995 et
1606 1934 1875 2008 quomodo
1905 1930 2159 1987 ostende-

568 2034 710 2121 mus,
738 2052 925 2106 falsum
955 2056 1008 2102 et
1039 2038 1384 2112 inopinabilia
1415 2036 1597 2091 dicere
1622 2030 1902 2092 faciemus,
1928 2022 2157 2092 amplius

569 2118 749 2202 autem
792 2160 862 2200 ex
917 2140 1108 2211 quibus
1140 2134 1338 2191 accidit
1386 2126 1758 2201 syllogismus,
1801 2132 1854 2178 et
1889 2118 2160 2190 quomodo

565 2234 1006 2306 interrogandum
1034 2271 1049 2296 ,
1080 2240 1134 2285 et
1171 2217 1290 2297 quis
1317 2223 1450 2277 ordo
1473 2216 1981 2287 interrogationum,
2015 2212 2162 2265 insu-

566 2345 668 2401 per
695 2342 875 2383 antem
902 2324 968 2379 ad
986 2321 1109 2392 quid
1146 2326 1271 2373 sunt
1300 2315 1457 2370 utiles
1490 2307 1799 2381 hujusmodi
1827 2318 2015 2361 omnes
2041 2317 2164 2355 ora-

570 2400 775 2485 iiones.
807 2432 862 2475 et
898 2419 965 2473 de
996 2412 1349 2485 responsione
1391 2404 1709 2476 simpliciter
1736 2400 1904 2463 omni,
1936 2407 1989 2451 et
2032 2410 2164 2466 quo-

579 2516 741 2572 modo
771 2498 1086 2569 Solvendqu
1133 2515 1215 2560 est
1246 2500 1517 2557 orationes
1540 2505 1596 2551 et
1626 2492 1991 2565 syllogismos,
2024 2488 2163 2540 dicta

532 2656 535 2657 ν
576 2610 686 2665 sint
727 2607 794 2663 de
823 2603 1071 2659 omnibus
1111 2618 1140 2653 a
1172 2597 1326 2653 nobis
1376 2593 1511 2646 hinc.
1550 2588 1832 2657 Reliquum
1881 2591 2056 2637 autem
2082 2588 2170 2633 est

575 2684 643 2756 de
668 2714 733 2754 eo
760 2696 901 2767 quod
928 2711 957 2749 a
1002 2690 1262 2762 principio
1313 2694 1428 2742 erat
1472 2680 1801 2752 propositum
1850 2674 1916 2728 ad
1965 2687 2169 2727 memo-

574 2768 729 2849 riam.
764 2799 1078 2847 revocantes
1102 2826 1117 2850 ,
1168 2780 1441 2852 quidpiam
1490 2777 1557 2831 de
1587 2790 1646 2828 ea
1692 2789 1747 2825 re
1781 2770 1879 2823 sub
1911 2767 2171 2821 brevitate

584 2862 785 2947 dicere,
814 2890 869 2936 ct
892 2880 1047 2933 linem
1080 2877 1359 2943 imponere
1382 2866 1558 2922 dictis.
1595 2862 1959 2919 Prmmisitnus
1989 2858 2170 2924 igitur,

585 2958 897 3035 inveniendi
951 2970 1251 3025 facultatem
1298 2960 1587 3033 quamdam
1643 2954 2068 3011 raticinativam
2106 2949 2173 3003 de

583 3068 866 3143 proposito
897 3080 960 3119 ex
994 3063 1058 3116 iis
1088 3074 1207 3129 qua:
1239 3065 1364 3111 sunt
1414 3069 1571 3123 quam
1621 3047 2085 3119 probabilissima;
2121 3042 2172 3098 id

1795 256 1908 313 AN.
1949 252 2155 309 MANL.
2195 249 2351 309 ΜΠ.
2391 244 2615 306 BOE‘I'II

556 400 680 470 Iigit
703 438 719 465 ,
762 397 939 466 inepta
966 399 1049 449 est
1087 385 1458 450 ratiocinatio;
1491 379 1708 453 quando
1734 386 1913 433 autem
1945 387 2134 431 eorum
2167 372 2250 432 Δ.

2875 359 3103 419 CAPUT
3152 361 3245 418 IX.

2899 457 3197 513 Peroratio.

2321 559 2512 629 Opera:
2540 559 2773 629 pretium
2803 562 2983 612 autem
3012 561 3095 608 est
3124 564 3223 605 nos
3244 564 3352 605 non
3392 547 3565 602 latere
3591 544 3851 616 quidnam

2256 654 2447 713 accidit
2486 652 2629 706 circa
2673 651 2775 704 hoc
2795 646 3091 717 negotium.
3122 641 3254 697 Nam
3286 655 3475 696 eorum
3525 653 3651 708 quae
3702 637 3850 690 inve-

2258 751 2477 806 niuntur
2509 744 2769 809 omnium,
2803 757 2924 812 quae
2950 740 3163 813 quidem
3214 738 3281 794 ab
3315 736 3434 791 aliis
3481 742 3703 802 sumpta
3737 740 3857 785 sunt

2255 841 2423 911 prius.
2473 837 2744 893 elaborata
2797 832 3048 903 paulatim
3092 831 3485 884 incrementum
3519 830 3750 878 sumunt
3790 821 3853 872 ab

2257 933 2366 989 illis
2391 932 2481 1007 qui
2508 926 2848 998 postmodum
2879 923 3197 994 accipiunt;
3229 935 3349 990 qua:
3394 926 3579 973 autem
3612 915 3685 968 ab
3712 912 3857 967 initio

2258 1018 2692 1094 coiriperiuntur,
2726 1031 2948 1089 parvum
2976 1016 3029 1070 in
3076 1014 3262 1084 primis
3307 1025 3525 1067 sumere
3554 1008 3744 1063 solent
3786 1006 3860 1058 in-

2259 1125 2623 1176 crementum,
2658 1119 2895 1166 attamen
2947 1107 3131 1163 utilius
3162 1105 3329 1159 multo
3358 1117 3423 1157 eo
3469 1100 3647 1173 (quod
3680 1109 3860 1167 postea

2258 1209 2326 1262 ab
2377 1206 2497 1262 aliis
2558 1204 3027 1275 lit)accremento.
3087 1195 3380 1253 Maximum
3429 1191 3581 1247 enim
3636 1191 3861 1243 inﬂasse

2262 1299 2580 1370 principium
2632 1295 2873 1351 omnium
2901 1334 2918 1358 ,
2967 1300 3026 1346 ut
3052 1289 3280 1352 dicitur,
3310 1299 3481 1356 quare
3523 1293 3581 1338 et
3609 1281 3863 1335 difﬁcilli.

2262 1408 2429 1448 mum.
2477 1392 2690 1458 Quanto
2738 1387 2883 1443 enim
2930 1392 3197 1455 potestate
3243 1378 3691 1440 validissimum,
3726 1385 3864 1429 tanto

2261 1482 2407 1537 mole
2444 1480 2755 1546 minimum,
2788 1475 3163 1531 diﬂicillimum
3214 1479 3299 1527 est
3325 1468 3516 1524 videri.
3575 1467 3661 1521 Eo
3690 1474 3863 1519 autem

2262 1584 2564 1643 comperto,
2600 1570 2751 1625 facile
2780 1578 2864 1624 est
2884 1566 3141 1637 adjicere,
3171 1569 3534 1633 coaptareque
3564 1556 3866 1627 reliquum.

2262 1663 2416 1731 Quod
2445 1672 2502 1719 et
2530 1662 2669 1717 circa
2712 1656 3012 1714 rhetoricas
3042 1655 3325 1712 orationes
3356 1650 3576 1715 accidit,
3611 1663 3871 1737 penny-

2184 1728 2237 1788 B
2267 1765 2372 1812 tem
2403 1766 2455 1811 et
2488 1754 2627 1810 circa
2655 1752 2787 1808 alias
2834 1761 2979 1805 artes
3034 1761 3227 1803 omnes
3272 1763 3285 1799 :
3318 1759 3441 1799 nam
3481 1742 3577 1812 qui
3611 1728 3872 1809 principia

2262 1855 2559 1914 invenere,
2592 1846 2815 1901 omnino
2866 1844 2931 1898 ad
2983 1836 3237 1911 exiguum
3278 1837 3407 1910 quid
3461 1812 3873 1914 perdtifeiunt;

2262 1946 2350 2013 qui
2384 1952 2561 1995 autem
2597 1953 2738 1993 nunc
2766 1935 3097 1991 eelebriores
3129 1931 3417 1994 habentur,
3438 1903 3800 1981 vindiegntes
3844 1940 3871 1978 a

2265 2033 2471 2095 multis,
2499 2030 2644 2084 velut
2674 2044 2739 2085 ex
2765 2026 3112 2082 successione
3134 2019 3494 2094 particulatim
3521 2019 3871 2088 colligentes,

2266 2124 2348 2179 sie
2401 2131 2686 2178 auxerunt.
2740 2119 2912 2174 Tisias
2954 2112 3169 2185 quidem
3203 2124 3322 2184 post
3356 2114 3605 2182 priores,
3640 2110 3877 2179 Thrasy~

2266 2216 2491 2272 machus
2545 2230 2673 2270 vero
2729 2222 2848 2283 post
2878 2211 3100 2287 Tisiam,
3152 2198 3473 2264 Theodorus
3531 2215 3729 2259 autem
3763 2215 3879 2274 post

2270 2310 2449 2374 hunc,
2485 2318 2542 2363 et
2593 2305 2746 2361 multi
2799 2304 2994 2358 inultas
3042 2301 3417 2356 coadunavere
3474 2308 3691 2367 partes.
3734 2299 3872 2363 Qua.

2271 2410 2489 2473 propter
2534 2398 2666 2454 nihil
2706 2396 2900 2451 mirum
2931 2396 2974 2449 si
3022 2395 3074 2447 in
3108 2393 3343 2461 amplum
3378 2389 3603 2459 quidem
3635 2390 3876 2442 creverit

2272 2511 2381 2550 ars.
2404 2493 2572 2563 Hujus
2604 2502 2782 2545 autem
2806 2488 3006 2557 negotii
3034 2501 3140 2541 non
3164 2485 3266 2540 hoc
3287 2483 3507 2555 quidem
3537 2491 3667 2536 erat
3687 2482 3877 2551 explo-

2274 2596 2448 2640 ratmn
2477 2625 2490 2648 ,
2552 2582 2681 2637 illud
2733 2594 2912 2635 autem
2947 2595 3051 2634 non
3108 2589 3251 2642 erat,
3309 2592 3503 2631 verum
3536 2576 3682 2631 nihil
3715 2574 3882 2643 ipsius

2277 2693 2505 2748 prorsus
2550 2686 2698 2742 erat,
2747 2690 2867 2729 naut
2915 2688 3103 2729 eorum
3147 2671 3244 2742 qui
3273 2672 3416 2725 circa
3453 2669 3734 2739 litigiosa:
3765 2682 3883 2722 ora-

2280 2772 2455 2825 tiones
2496 2781 2649 2823 erant
2712 2767 3070 2831 mercenarii,
3103 2764 3297 2819 similis
3325 2762 3547 2834 quidem
3614 2763 3881 2825 doctrina,

2280 2860 2488 2930 Gorgia:
2523 2860 2755 2929 negotio.
2802 2859 3085 2913 Orationes
3126 2856 3268 2912 enim
3302 2856 3352 2909 hi
3386 2856 3617 2924 quidem
3653 2854 3885 2909 rhetori.

2278 2970 2405 3018 cas,
2440 2954 2514 3009 illi
2555 2966 2732 3008 autem
2768 2952 3179 3021 interrogativas
3209 2950 3481 3004 docebant
3512 2948 3807 3010 ediscere,
3838 2950 3885 3001 in

2282 3062 2417 3118 quas
2469 3046 2667 3116 smpius
2698 3045 2935 3099 incidere
2976 3043 3224 3098 sidebant
3251 3041 3571 3096 alternatim
3621 3050 3887 3093 utrumm-

587 3118 853 3143 ι’·νιννν-’ί
910 3118 919 3119 ί
1107 3118 1119 3129 -
1434 3118 1445 3123 -
1626 3118 1633 3119 κ

520 3214 525 3217 ,
590 3166 734 3220 enim
767 3173 901 3229 Opus
917 3167 995 3211 est
1024 3152 1327 3209 dialectices
1358 3148 1652 3203 sceundmu
1685 3160 1764 3209 sc,
1795 3154 1846 3197 et
1879 3142 2174 3195 teutativm.
2208 3118 2257 3182 ο
2288 3158 2391 3212 que
2413 3141 2479 3197 ad
2510 3141 2736 3195 invicem
2761 3139 3056 3194 orationes.
3089 3138 3426 3205 Quapmpter
3450 3135 3615 3190 velox
3648 3134 3887 3203 quidem,

585 3254 720 3321 Quia
752 3261 929 3303 autem
964 3243 1358 3315 prmiustruitur
1386 3238 1505 3309 quis
1536 3239 1603 3292 ab
1633 3252 1692 3290 ea
1745 3247 1961 3303 propter
1992 3232 2181 3303 sophi-

570 3326 754 3419 Isti-res
782 3340 1135 3401 vicinitatem,
1164 3344 1222 3389 ut
1250 3348 1354 3387 non
1385 3332 1557 3385 solum
1591 3327 2023 3398 experimentum
2062 3340 2183 3393 pns-

589 3416 660 3496 sit
686 3448 898 3492 sumere
945 3431 997 3485 di
1018 3429 1227 3484 =lectico
1258 3441 1439 3489 more,
1465 3422 1559 3478 sed
1583 3421 1743 3476 etiam
1789 3417 1941 3487 quasi
1966 3416 2179 3493 scienti-

590 3514 697 3599 ﬁco
723 3571 737 3593 ,
785 3533 1007 3596 propter
1037 3523 1087 3577 id
1135 3536 1241 3575 non
1283 3519 1455 3573 solum
1483 3517 1683 3571 dictum
1718 3512 1915 3582 negotii
1946 3508 2181 3564 olliciunt

589 3620 872 3697 posuimus
915 3615 1217 3672 orationem
1253 3624 1411 3678 pO>SC
1453 3623 1696 3671 sumere,
1743 3605 1839 3660 scd
1888 3605 2048 3659 etiam
2090 3613 2179 3667 ut,

590 3696 889 3766 orationem
914 3706 1261 3764 susrinentcs,
1295 3711 1347 3754 tu
1374 3714 1527 3755 entur
1557 3696 1878 3768 positionem
1909 3712 2005 3766 per
2025 3711 2182 3765 quant

591 3798 1026 3875 probabiliSsima
1070 3793 1232 3849 simili
1263 3792 1441 3846 modo.
1468 3791 1699 3845 Causam
1734 3798 1909 3844 autem
1946 3788 2185 3842 diximus

496 3882 497 3889 “
594 3878 775 3975 hujus,
967 3899 1021 3942 et
1055 3896 1275 3956 propter
1312 3886 1362 3939 id
1395 3866 1646 3940 Socrates
1677 3882 2061 3949 interrogabat,
2091 3880 2185 3936 sed

597 4003 705 4040 non
747 3980 1150 4063 respondebat:
1185 3978 1543 4033 conlitebatur
1572 3978 1715 4031 enim
1766 3991 1825 4031 se
1877 3990 1981 4029 non
2022 3976 2182 4029 scire.

599 4077 937 4151 Manifestum
987 4083 1166 4128 autem
1214 4082 1296 4126 est
1339 4071 1392 4124 in
1426 4069 1690 4138 prioribus
1733 4073 1796 4122 ex
1841 4077 1972 4138 quot
2018 4079 2071 4122 et
2119 4069 2186 4122 ad

598 4182 729 4244 quot
761 4172 811 4225 id
841 4171 970 4228 erit.
1005 4177 1058 4222 et
1086 4166 1229 4222 unde
1277 4164 1454 4218 idonei
1506 4163 1707 4218 erimus
1752 4161 1962 4215 horum.
2001 4159 2189 4215 Adhuc

600 4273 780 4320 autem
808 4259 1078 4332 quomodo
1107 4257 1481 4328 interroganda
1523 4256 1605 4311 vel
1639 4254 1933 4310 ordinanda
1966 4256 2189 4325 qutrstio

602 4358 778 4415 omnis
801 4397 817 4422 ,
861 4365 915 4410 et
958 4354 1026 4407 de
1056 4350 1494 4421 responsionibus
1525 4364 1643 4418 qua:
1688 4356 1812 4401 sunt
1838 4347 1905 4400 ad
1937 4346 2187 4417 syllogis-

603 4466 743 4507 mos.
769 4448 1098 4503 i’atelactum
1114 4454 1195 4500 est
1215 4454 1391 4497 autem
1425 4452 1479 4496 et
1508 4442 1575 4495 de
1599 4440 1717 4495 aliis
1738 4455 2068 4509 quaacunque
2091 4440 2189 4492 bu-

2293 3243 2351 3289 ut
2379 3243 2503 3303 pote
2531 3246 2649 3302 quae
2680 3232 2796 3285 sine
2824 3239 2974 3292 arte,
3021 3238 3135 3283 erat
3161 3227 3402 3282 doctrina
3446 3224 3808 3289 discentibus
3832 3224 3891 3277 ab

2292 3326 2433 3379 illis:
2466 3339 2570 3377 non
2601 3323 2742 3377 enim
2772 3331 2942 3377 artem
2962 3365 2977 3390 ,
3011 3320 3104 3375 sed
3128 3335 3246 3390 qua!
3277 3322 3343 3374 ab
3372 3328 3490 3374 arte
3521 3330 3659 3373 sunt
3682 3319 3889 3381 dantes,

2289 3417 2534 3472 arbitrati
2571 3423 2697 3472 sunt
2743 3417 2887 3486 loqui
2935 3415 3163 3470 erudite.
3213 3414 3441 3468 Perinde
3484 3428 3547 3468 ac
3581 3415 3629 3467 si
3664 3415 3791 3483 quis
3820 3414 3892 3467 cl-

2288 3512 2569 3579 seiplinam
2621 3510 2764 3564 dicat
2808 3524 2867 3564 se
2902 3507 3114 3564 tradere
3154 3517 3212 3561 ut
3262 3522 3368 3562 non
3412 3506 3646 3562 doleant
3700 3507 3895 3578 pedes,

2289 3603 2488 3659 deinde
2534 3601 2795 3657 sutoriam
2848 3602 3064 3671 quidem
3114 3616 3219 3656 non
3244 3600 3470 3667 doceat,
3522 3615 3714 3670 neque
3766 3602 3895 3653 unde

2291 3698 2499 3767 possint
2542 3696 2841 3779 comparari
2893 3696 3042 3762 talia,
3089 3695 3180 3750 det
3208 3703 3389 3751 autem
3443 3711 3615 3765 quam
3669 3696 3895 3766 plurima

2289 3805 2488 3862 genera
2516 3788 2952 3844 omnimodorum
2984 3788 3315 3844 calceorum.
3352 3787 3452 3841 Hic
3484 3788 3748 3857 profecto
3783 3792 3897 3858 pro-

2292 3883 2390 3937 luit
2418 3883 2484 3937 ad
2518 3898 2692 3945 usum,
2722 3891 2892 3936 artem
2938 3891 3118 3937 autem
3154 3896 3259 3936 non
3294 3880 3539 3935 tradidit.
3583 3882 3654 3935 Et
3680 3882 3755 3935 de
3786 3882 3899 3935 rhe-

2290 3978 2472 4033 toricis
2493 3978 2707 4048 quidem
2735 3985 2889 4031 erant
2920 3976 3085 4031 multa
3134 3987 3189 4031 et
3232 3978 3453 4045 antiqua
3483 3975 3657 4038 dicta,
3692 3975 3769 4029 de
3798 3976 3902 4044 syl-

2292 4074 2531 4143 logismis
2574 4082 2749 4127 autem
2800 4072 3023 4126 omnino
3065 4070 3198 4126 nihil
3240 4069 3529 4125 habuimus
3566 4069 3728 4138 prius
3763 4066 3899 4121 aiiud

2292 4162 2584 4234 quidquam
2631 4163 2775 4235 quod
2805 4164 3111 4218 diceremus
3133 4201 3147 4228 ,
3194 4176 3354 4231 quam
3384 4175 3534 4214 mora
3572 4159 3901 4229 perquiren-

2294 4265 2395 4323 tes,
2424 4258 2594 4313 multo
2620 4266 2865 4328 tempore
2898 4256 3348 4313 insudaverimus.
3375 4255 3429 4309 Si
3463 4264 3653 4309 autem
3693 4256 3903 4307 videtur

2294 4366 2359 4407 ex
2393 4350 2916 4406 considerationibus
2966 4349 3169 4403 nostris
3205 4351 3284 4415 (ut
3327 4362 3391 4403 ex
3424 4347 3491 4402 iis
3516 4360 3646 4415 qua:
3677 4355 3817 4399 sunt
3842 4360 3899 4398 ex

2295 4444 2579 4514 principio)
2625 4443 2740 4497 haec
2785 4443 3005 4504 habere,
3035 4441 3315 4510 disciplina
3362 4438 3714 4493 sulticieuter
3748 4451 3900 4503 supra

605 4532 755 4616 jusce
791 4541 1085 4610 disciplinae
1127 4549 1252 4593 sunt
1298 4538 1587 4592 orationes.
1621 4535 1823 4590 Praeter
1867 4534 1981 4589 hac
2007 4544 2188 4590 autem
2218 4506 2270 4568 Ῑ)
2298 4538 2402 4592 alia
2453 4537 2660 4605 negotia
2693 4550 2810 4604 quae
2856 4551 2919 4589 ex
2973 4506 3262 4588 traditione
3294 4532 3511 4587 inducta
3565 4541 3737 4593 sunt,
3790 4527 3901 4583 relio

608 4649 662 4717 et
684 4638 749 4691 de
760 4635 1012 4705 captiosis
1028 4631 1526 4688 ratiocinationibus
1540 4630 1985 4701 pertractavimus
2007 4646 2194 4700 quem-

606 4729 894 4785 admodum
936 4726 1167 4781 diximus
1186 4726 1293 4796 jam
1319 4724 1484 4794 prius.
1510 4723 1662 4790 Quod
1687 4724 1845 4794 igitur
1895 4733 2045 4776 nacta
2070 4731 2196 4778 sunt

608 4825 769 4885 linem
792 4818 1118 4874 sufﬁcienter
1139 4835 1200 4872 ea
1229 4834 1347 4888 qua:
1378 4817 1768 4886 proposuimus,
1789 4815 2150 4870 manifestum.

1234 5031 1497 5135 ΑΝ.
1636 5031 2126 5186 MANL.

2269 5027 2625 5134 SEV.

2300 4647 2460 4701 quum
2484 4628 2848 4685 eritomuium
2885 4637 3148 4695 vestrum,
3173 4627 3257 4682 vel
3282 4642 3468 4682 eorum
3506 4626 3602 4694 qui
3628 4624 3903 4680 audierint

2302 4724 2403 4778 hoc
2436 4737 2570 4791 opus
2597 4765 2610 4789 ,
2657 4721 2853 4776 omissa
2896 4719 3119 4790 quidem
3152 4719 3305 4783 artis,
3340 4719 3500 4773 venia
3522 4717 3754 4788 dignari
3780 4756 3795 4778 .
3832 4717 3899 4767 in-

2303 4826 2459 4898 venta
2492 4825 2692 4875 autem,
2724 4814 2891 4868 multa
2922 4813 3170 4883 prosequi
3200 4812 3389 4881 gratia.

2765 5027 3310 5134 BOETII

2953 4900 3517 4930 Μ

2010 5391 2223 5452 LIBRI
2272 5389 2452 5450 SEX.

618 5172 619 5175 Ὺ
721 5236 871 5353 IN
960 5227 1480 5346 TOPIGA
1566 5177 2318 5346 CICERONIS
2408 5225 3771 5341 COMMENTARIORUM

1893 5555 2181 5633 LIBER
2244 5552 2652 5630 PRIMUS.

687 5676 1073 5733 Exhortatione
1118 5684 1225 5737 tua,
1273 5668 1467 5729 Potrici
1518 5671 1794 5727 rhetorum
1852 5673 2197 5738 peritissime,

619 5776 733 5833 non
782 5766 1047 5821 honestati
1095 5748 1372 5833 primum
1420 5746 1679 5831 propositi
1721 5768 1777 5817 et
1811 5756 2001 5819 tutum
2031 5762 2206 5818 ωιθιιι

2314 5668 2523 5723 utilitati
2574 5668 2857 5735 conjuncta
2904 5669 3021 5731 est,
3073 5656 3204 5719 nihil
3256 5655 3527 5733 antiquius
3582 5654 3915 5716 existimavi.

2314 5746 2409 5815 Gul
2434 5752 2642 5815 muneri
2677 5752 2927 5816 libentius
2950 5744 3216 5825 acquievi,
3245 5760 3349 5810 non
3380 5748 3525 5824 quod
3552 5746 3623 5810 ad
3651 5748 3922 5809 instrun-
