4022 6330
173 407 302 471 1041

981 411 1047 469 ΙΝ
1084 409 1327 470 TOPICA
1364 402 1717 468 CICERONIS
1753 400 2269 464 COMMENTARIA.
2314 406 2442 463 LIB.
2482 407 2524 463 Ι.

3282 413 3305 467 ‘.
3316 409 3424 467 ΜΩ

164 532 288 588 dum
320 538 395 593 te,
427 526 841 584 commentarios
872 528 924 583 in
958 529 1029 584 M.
1059 528 1219 584 Tullii
1250 527 1448 595 Topica
1484 525 1731 580 laborare
1758 520 1810 577 Δ
1838 528 2177 590 pertractem,
2211 523 2547 591 prooemium,
2572 535 2678 589 quo
2703 525 2769 575 ad
2798 521 3105 579 Trebatium
3121 523 3188 580 Μ.
3214 526 3421 584 Tullius

164 635 252 677 me
277 618 479 675 credidi
515 618 792 689 (ridiculus
834 619 1027 689 quippe
1057 619 1227 674 forem
1267 617 1310 672 si
1344 618 1653 679 Minervam,
1679 623 1737 669 ut

164 710 329 778 aiunt,
350 711 553 767 litteras
580 710 774 767 docere
794 711 1029 780 vellem),
1051 712 1144 767 sed
1172 720 1229 766 ut
1247 725 1311 767 ex
1334 709 1735 778 disciplinarum

163 804 461 861 liberalium
511 812 781 875 sumptum
826 819 968 875 penu
990 844 1003 869 ,
1038 813 1238 860 nostra:
1266 803 1406 873 apud
1441 812 1492 857 te
1520 814 1736 870 semper

162 896 348 968 pignus
388 894 642 953 amicitia
680 905 1038 967 permaneret.
1086 896 1239 966 Quod
1269 896 1411 951 enim
1452 908 1645 948 munus
1668 906 1735 947 ex

160 991 336 1047 animo
382 990 726 1061 diligentibus
753 992 1037 1061 iocundius
1078 989 1303 1046 inveniri
1344 996 1540 1058 potest,
1573 999 1732 1055 quam

159 1083 297 1152 quod
329 1083 496 1153 ipsius
543 1066 931 1155 animi'partes
980 1083 1179 1139 format
1224 1090 1279 1137 et
1318 1080 1568 1136 instruit?
1598 1077 1731 1133 Nam

158 1181 349 1228 cetera
399 1173 513 1229 fere
564 1175 786 1239 caduca,
831 1174 1118 1237 imbecilla,
1169 1173 1420 1236 labantia,
1473 1180 1526 1225 ct
1572 1170 1617 1224 si
1665 1167 1731 1222 ad

158 1264 384 1319 fortunas
409 1266 577 1321 vicem
619 1276 852 1336 spectes,
885 1280 1024 1334 pene
1051 1279 1266 1334 semper
1293 1263 1466 1319 aliena
1495 1269 1638 1317 sunt.
1664 1261 1732 1315 At

159 1368 285 1408 vero
328 1354 655 1423 opulentiam
690 1356 1008 1421 litterarum,
1039 1369 1137 1410 nec
1185 1369 1422 1423 praesens
1465 1349 1731 1406 imminuit

158 1452 306 1511 mtas,
334 1459 626 1523 earumque
655 1447 1029 1501 auctoritatem
1049 1446 1162 1515 ipsa
1192 1445 1354 1501 etiam
1377 1449 1568 1497 cuncta
1600 1455 1729 1496 con-

156 1535 360 1603 ﬁciens,
395 1546 552 1606 auget
578 1538 756 1606 potius
796 1545 853 1594 et
903 1537 1185 1593 conlirmat
1219 1530 1486 1591 vetustas.
1531 1533 1728 1602 Accipe

154 1626 312 1695 igitur
339 1642 493 1697 opus,
524 1642 629 1683 non
658 1628 964 1684 et‘llcientia‘.
1003 1630 1312 1694 securitate,
1338 1626 1433 1682 scd
1481 1624 1727 1680 amicitia:

152 1721 569 1788 praesumptione
615 1729 955 1790 susceptum,
983 1721 1123 1791 apud
1167 1736 1327 1791 quam
1378 1718 1559 1772 nescio
1594 1731 1728 1786 quo-

151 1825 272 1865 nam
301 1821 455 1879 pacto
492 1813 695 1881 garrire
740 1828 845 1868 non
892 1813 1139 1879 dedecet,
1162 1813 1322 1867 simul
1352 1810 1475 1882 quia
1505 1809 1727 1879 praelato

1842 614 2027 677 utitur,
2058 616 2240 685 paucis
2268 616 2561 670 absolvam.
2594 616 2682 670 Ait
2707 617 2877 672 enim:

1913 707 2138 780 Majores
2166 725 2257 763 nos
2287 725 2366 762 res
2385 709 2601 763 scribere
2626 709 2902 780 ingressos,
2927 712 2985 765 ϐ.
3018 712 3239 781 Trebati,
3270 726 3316 769 et
3352 717 3420 771 iis

1837 799 1981 854 libris
2009 816 2135 869 quos
2161 801 2295 854 brevi
2313 810 2535 868 tempore
2554 802 2679 855 satis
2700 804 2885 857 multos
2909 806 3182 869 edidimus,
3211 802 3421 879 dignio-

1835 908 1942 959 res,
1975 910 2002 946 e
2041 909 2193 948 cursu
2230 894 2340 963 ipso
2373 895 2618 947 revocavit
2664 894 2897 951 voluntas
2942 907 3047 952 tua.
3102 899 3230 953 Cum
3279 901 3418 956 enim

1836 1000 2033 1037 mecum
2056 987 2111 1037 in
2140 982 2433 1038 Tusculano
2458 999 2606 1051 esses,
2631 993 2679 1039 et
2717 986 2771 1039 in
2811 987 3113 1044 bibliotheca
3140 996 3417 1060 separatim

1834 1084 2044 1143 uterque
2064 1084 2293 1135 nostrum
2319 1074 2389 1127 ad
2409 1091 2560 1128 suum
2582 1076 2809 1130 studium
2839 1077 3060 1145 libellos,
3092 1098 3218 1148 quos
3243 1083 3413 1147 vellet,

1832 1165 2098 1234 evolveret,
2128 1167 2350 1221 incidisti
2380 1167 2433 1221 in
2474 1168 2763 1223 Aristotelis
2789 1168 2983 1238 Topica
3008 1173 3267 1241 qutedam,
3299 1190 3418 1244 quas

1831 1270 1949 1314 sunt
1975 1260 2036 1313 ab
2066 1259 2159 1315 illo
2178 1260 2409 1327 pluribus
2453 1261 2595 1316 libris
2623 1264 2896 1329 explicata.
2940 1265 3054 1331 Qua
3081 1268 3415 1335 inscriptione

1830 1361 2131 1419 commotus,
2158 1353 2399 1407 continuo
2419 1369 2453 1407 a
2480 1369 2558 1407 me
2602 1369 2779 1408 eorum
2827 1354 3073 1409 librorum
3112 1360 3415 1412 sententiam

1828 1444 2106 1512 requisisti.
2154 1443 2322 1509 Quam
2375 1444 2466 1499 tibi
2507 1463 2625 1499 cum
2680 1450 3025 1517 exposuissem
3083 1451 3414 1519 disciplinam

1828 1536 2241 1590 inveniendorum
2269 1545 2688 1607 argumentorum
2708 1581 2723 1605 ,
2747 1548 2803 1592 ut
2846 1540 2957 1594 sine
2999 1541 3108 1595 ullo
3145 1557 3318 1597 errore
3343 1545 3414 1597 ad

1829 1643 1939 1679 eam
1966 1629 2215 1682 rationem
2241 1629 2323 1684 via
2362 1631 2733 1699 perveniremus
2770 1631 2835 1685 ab
2865 1632 3135 1687 Aristotele
3179 1634 3417 1703 inventa,-

1826 1717 1931 1771 illis
1962 1718 2107 1772 libris
2151 1718 2435 1788 contineri,
2467 1725 2744 1777 verecunde
2783 1731 2837 1776 tu
2874 1724 3078 1792 quidem
3116 1735 3171 1779 ut
3214 1729 3417 1793 omnia,

1828 1810 1917 1865 sed
1958 1821 2124 1866 tamen
2165 1822 2219 1865 ut
2247 1812 2397 1883 facile
2420 1829 2672 1869 cernerem
2698 1821 2747 1868 te
2774 1816 2955 1869 ardere
2991 1816 3183 1882 studio,
3215 1834 3415 1889 mecum

146 1916 178 1955 a
206 1903 360 1958 nobis
388 1918 610 1960 munere
638 1920 759 1959 cum
790 1914 1002 1960 tuorum
1047 1904 1248 1975 aliquid
1277 1918 1503 1987 operum
1544 1911 1726 1972 posm-
1756 1887 1806 1949 Β
1833 1912 1887 1956 ut
1914 1904 2006 1956 tibi
2033 1904 2126 1957 illa
2155 1904 2408 1958 traderem
2436 1905 2605 1975 egisti.
2639 1904 2768 1959 Cum
2793 1915 2966 1961 autem
2981 1924 3077 1978 ego
3101 1917 3147 1961 te
3173 1912 3277 1962 non
3306 1887 3415 1964 tam

146 1992 354 2060 lavero,
404 1995 627 2065 iniurius
682 1995 881 2061 lueris,
927 1997 975 2051 si
1034 1995 1271 2066 negabis.
1332 1993 1439 2049 Sed
1492 2007 1615 2048 cum
1667 1991 1724 2047 in

145 2082 219 2139 Μ.
249 2083 407 2139 Tullii
441 2086 637 2156 Topica
668 2086 878 2143 Marcus
906 2087 1212 2142 Victorinus
1253 2086 1437 2141 rhetor
1480 2084 1723 2154 plurima:

144 2173 197 2227 iu
226 2174 525 2232 disserendi
565 2187 681 2233 arte
723 2178 926 2235 notitiae
967 2189 1273 2235 commenta
1315 2178 1718 2247 conscripserit,

141 2281 248 2322 non
279 2283 366 2324 me
410 2270 740 2339 oportuisset
782 2270 1094 2327 melioribus
1140 2270 1363 2326 forsitan
1406 2276 1720 2338 attemptata

138 2362 473 2431 contingere,
505 2364 607 2418 nisi
637 2372 781 2420 esset
818 2364 1019 2435 aliquid
1060 2379 1167 2437 quo
1205 2378 1264 2420 se
1290 2374 1473 2419 noster
1509 2376 1721 2432 quoque
1760 2426 1769 2433 ,

137 2454 291 2511 labor
311 2470 565 2513 exercere
585 2466 746 2528 atque
768 2472 957 2528 parere
983 2457 1263 2527 potuisset.
1303 2457 1543 2527 Quatuor
1571 2457 1717 2511 enim

137 2548 495 2607 voluminibus
528 2550 829 2609 Victorinus
858 2553 910 2608 in
935 2551 1133 2622 Topica
1163 2551 1506 2623 conscriptis,
1530 2565 1717 2607 eormn

136 2639 314 2706 primo
342 2642 677 2700 declarandis
709 2653 913 2701 tantum
941 2645 1064 2700 libri
1095 2646 1371 2715 principiis
1399 2655 1714 2714 occupatur.

134 2729 304 2787 Addit
324 2733 485 2789 etiam
515 2744 569 2791 et
587 2736 635 2791 si
662 2736 840 2807 quain
861 2737 1051 2793 eodem
1077 2738 1352 2793 volumine
1380 2736 1718 2803 prmdicenda

134 2822 365 2880 fuissent
391 2827 693 2897 perpendit,
720 2837 780 2884 ut
806 2830 876 2886 ab
906 2829 1129 2885 exordio
1156 2830 1445 2886 voluminis
1487 2830 1720 2899 Tepico-

132 2928 276 2975 rum.
306 2918 446 2985 quod
493 2927 607 2985 est,
638 2918 867 2992 Major-es
913 2938 1004 2977 nos
1047 2938 1129 2977 res
1170 2922 1386 2977 scribere
1426 2923 1714 2993 ingressos,

132 3001 191 3059 C.
243 3005 471 3077 Trebati,
510 3025 680 3082 usque
727 3013 792 3066 ad
832 3028 953 3069 eum
998 3014 1174 3071 locum
1210 3017 1298 3085 qui
1339 3024 1440 3081 est,
1475 3014 1580 3070 Sed
1599 3017 1716 3085 jam

131 3106 339 3168 tempus
384 3110 457 3157 est
500 3104 569 3158 ad
615 3092 849 3177 id‘quod
896 3107 1211 3163 instituimus
1255 3110 1522 3177 accedere,
1558 3108 1714 3176 primi

131 3190 424 3248 voluminis
472 3193 725 3251 Victorini
774 3199 1039 3268 expositio
1077 3200 1412 3255 terminatur.
1465 3198 1714 3257 Secundo

1826 1996 2019 2049 vitandi
2054 1996 2244 2051 laboris
2269 2000 2369 2050 ntei
2395 2013 2573 2064 causa,
2602 2015 2759 2071 quam
2788 2001 2926 2069 quod
2957 2009 3044 2054 tua
3083 2001 3137 2053 id
3174 2002 3415 2056 interesse

1825 2086 2119 2156 arbitrarer,
2143 2088 2277 2142 velut
2321 2103 2405 2142 eos
2448 2104 2536 2157 per
2574 2099 2622 2144 te
2646 2091 2759 2159 ipse
2806 2091 3017 2161 legeres,
3039 2093 3118 2146 vel
3153 2102 3210 2147 ut
3251 2102 3415 2147 totam

1823 2179 2072 2234 rationem
2101 2196 2133 2233 a
2160 2180 2452 2234 doctissimo
2497 2182 2723 2250 quodam
2761 2182 2963 2237 rhetore
2987 2183 3261 2253 acciperes,
3291 2183 3413 2238 hor-

1824 2279 1959 2325 tatus
1984 2287 2162 2326 essem.
2214 2270 2490 2341 Utrumque
2511 2282 2565 2326 ut
2594 2288 2658 2328 ea:
2687 2282 2736 2327 te
2762 2273 3031 2328 audiebam
3063 2292 3115 2329 es
3142 2284 3427 2345 expertus;

1821 2363 1912 2415 sed
1955 2379 1985 2415 α
2034 2361 2178 2416 libris
2223 2373 2271 2416 te
2313 2362 2595 2417 obscuritas
2631 2365 2827 2433 reiecit.
2876 2364 3071 2420 Rhetor
3116 2377 3287 2422 autem
3320 2369 3414 2423 ille

1821 2468 2035 2523 magnus
2055 2454 2186 2519 hac,
2213 2461 2269 2506 ut
2291 2453 2492 2522 Opinor,
2519 2453 2838 2507 Aristotelica
2864 2472 2918 2510 se
2940 2457 3179 2527 ignorare
3195 2473 3410 2529 respon-

1821 2542 1916 2596 dit.
1953 2542 2103 2608 Quod
2131 2543 2338 2612 quidem
2375 2543 2581 2598 minime
2608 2560 2720 2597 sum
2761 2546 3045 2602 admiratus
3084 2565 3196 2602 eum
3240 2551 3413 2614 philo-

1821 2636 2040 2705 s0phum
2077 2637 2271 2690 rhetori
2300 2651 2401 2689 non
2426 2650 2535 2691 esse
2570 2638 2851 2706 cognitum,
2877 2639 2967 2707 qui
2995 2641 3059 2692 ab
3087 2641 3213 2710 ipsis
3240 2641 3411 2711 philo-

1820 2727 1994 2799 sophis
2035 2736 2219 2798 prwter
2254 2726 2533 2783 admodum
2565 2744 2754 2797 paucos
2800 2729 3080 2801 ignoretur.
3127 2730 3319 2795 Quibus
3348 2748 3411 2786 eo

1822 2820 1991 2873 minus
2013 2818 2375 2889 ignoscendum
2404 2830 2498 2885 est,
2520 2821 2655 2891 quod
2685 2837 2788 2874 non
2818 2821 2972 2875 modo
3001 2822 3149 2877 rebus
3173 2822 3274 2886 his,
3292 2840 3409 2895 quc

1819 2912 2001 2965 abillo
2038 2911 2188 2966 dicta:
2209 2922 2256 2967 et
2285 2913 2500 2967 inventa:
2536 2922 2674 2980 sunt,
2709 2913 2849 2967 allici
2872 2915 3173 2982 debuerunt,
3204 2917 3293 2972 sed
3321 2919 3408 2979 dic

1819 3004 1966 3058 cendi
1994 3020 2189 3074 quoque
2214 3004 2500 3075 incredibili
2525 3014 2754 3078 quadam
2777 3024 2893 3061 cum
2914 3010 3084 3078 copia,
3110 3020 3218 3064 tant
3245 3011 3408 3066 etiam

1816 3098 2082 3152 suavitate.
2130 3097 2255 3151 Non
2285 3098 2429 3167 potui
2458 3099 2616 3169 igitur
2646 3099 2962 3167 tibisaepius
2988 3102 3081 3155 hoc
3107 3103 3329 3173 roganti,
3357 3113 3410 3158 et

1818 3198 1984 3244 tamen
2011 3189 2199 3244 verenti
2226 3206 2289 3244 ne
2313 3189 2436 3243 mihi
2476 3190 2646 3261 gravis
2672 3206 2806 3244 esses
2833 3190 3009 3261 (facile
3052 3193 3185 3245 enim
3214 3192 3267 3245 id
3293 3208 3427 3259 cera

129 3281 407 3339 volumine
447 3286 515 3343 de
555 3288 850 3357 judicandi,
882 3298 1040 3361 atque
1085 3290 1391 3347 inveniendi
1420 3291 1716 3348 dialecrica:

1827 3283 2047 3353 nebam),
2081 3284 2261 3339 debere
2305 3284 2532 3349 diutius,
2564 3298 2627 3337 ne
2669 3284 2769 3351 ipsi
2801 3284 2941 3354 juris
2988 3284 3250 3354 interpreti
3293 3285 3427 3353 ﬁeri.

129 3374 398 3441 partibus,
426 3385 482 3432 et
508 3378 577 3434 de
603 3378 722 3436 loco
747 3390 906 3451 atque
934 3384 1233 3452 argumenti
1255 3383 1573 3441 dilﬁnitione
1594 3399 1729 3454 pera

118 3473 353 3533 tractat,
386 3477 444 3523 ut
470 3472 538 3526 ab
562 3486 627 3527 eo
660 3473 776 3528 loco
820 3473 1164 3541 Topicorum,
1190 3478 1279 3545 qui
1317 3486 1418 3543 est,
1450 3477 1578 3533 Cum
1605 3495 1718 3532 om-

130 3560 215 3611 nis
245 3560 378 3613 ratio
417 3560 634 3632 diligens
654 3564 939 3617 disserendi
953 3564 1082 3618 duas
1105 3566 1287 3620 habeat
1318 3579 1488 3637 partes
1518 3584 1535 3621 :
1561 3585 1719 3625 unam

130 3651 445 3724 inveniendi,
476 3653 689 3707 alteram
728 3655 1032 3724 judicandi,
1060 3671 1230 3725 usque
1268 3658 1335 3712 ad
1363 3673 1484 3714 eum
1517 3660 1715 3721 locum.

130 3741 228 3813 qui
280 3749 381 3809 est,
418 3740 603 3812 Itaque
648 3744 768 3798 licet
808 3746 1027 3815 difﬁnire
1080 3748 1247 3802 locum
1286 3766 1393 3804 esse
1434 3753 1722 3821 argumenti

130 3834 327 3890 sedem.
378 3837 764 3905 Argumentum
812 3849 992 3895 autem
1038 3841 1301 3913 rationem
1322 3883 1337 3905 ,
1364 3858 1483 3914 quae
1510 3845 1586 3900 rei
1616 3846 1718 3900 du-

132 3927 242 3981 biae
283 3926 444 3985 faciat
473 3929 653 4000 ﬁdem,
682 3932 905 3988 secundi
950 3933 1074 3988 libri
1105 3935 1410 4004 explanatio
1438 3938 1721 3993 subsistat.

131 4017 360 4073 Tertius
398 4034 527 4075 vero
576 4032 736 4093 atque
779 4035 1003 4094 quartus
1054 4025 1434 4083 discretionem
1476 4027 1721 4084 locorum

133 4107 281 4163 inter
299 4123 358 4164 se
377 4125 673 4183 eorumque
697 4115 943 4185 exempla
964 4116 1364 4173 multiformiter
1389 4134 1723 4190 persequun-

135 4209 248 4258 tur.
284 4201 357 4257 lta
389 4211 447 4257 ut
475 4205 662 4260 tertius
692 4205 906 4275 quidem
937 4205 1175 4263 Tulliana
1199 4209 1297 4264 sibi
1330 4209 1397 4263 de
1436 4211 1558 4279 jure
1591 4226 1714 4278 pro.

136 4305 307 4366 ponat
328 4300 592 4368 exempla.
627 4300 860 4364 Quartus
886 4314 1015 4355 vero
1043 4301 1262 4356 eosdem
1292 4301 1439 4357 locos
1460 4318 1559 4372 per
1586 4304 1722 4358 alias

138 4403 329 4443 rursus
356 4388 731 4446 similitudines
756 4400 1021 4448 monstret
1042 4408 1108 4447 ex
1135 4391 1360 4463 Virgilio
1382 4402 1435 4449 et
1462 4394 1723 4450 Terentio

140 4479 336 4549 poetis,
354 4481 668 4536 ‘oratoribus
693 4480 951 4538 Cicerone
978 4492 1033 4538 et
1060 4481 1261 4538 Catone
1281 4525 1295 4549 ,
1329 4495 1387 4540 ut
1414 4485 1554 4555 quod
1585 4502 1722 4554 prm-

139 4574 313 4643 ceptis
338 4573 661 4642 ostenditur,
683 4577 943 4646 exemplis
973 4578 1340 4648 multipliciter
1368 4579 1718 4647 collucescat,

1820 3376 2075 3430 videretur
2112 3375 2329 3445 injuria.
2371 3373 2572 3429 Etenim
2618 3390 2732 3445 cum
2759 3384 2815 3428 tu
2842 3374 2967 3427 mihi
2994 3377 3218 3445 meisque
3242 3379 3430 3445 multa.

1821 3484 1954 3537 stupe
1980 3468 2217 3533 cavisses,
2242 3468 2431 3522 veritus
2461 3484 2596 3533 sum,
2626 3484 2688 3521 ne
2709 3468 2757 3519 si
2795 3482 2886 3539 ego
2915 3483 3176 3538 gravarer,
3206 3479 3296 3522 aut
3326 3471 3405 3521 in-

1823 3567 2030 3630 gratum
2062 3559 2117 3611 id
2154 3568 2243 3611 aut
2287 3558 2557 3629 superbum
2585 3558 2857 3611 videretur.
2905 3557 3009 3613 Sed
3049 3558 3169 3611 dum
3217 3560 3427 3628 fuimus-

1823 3668 1947 3716 una,
1972 3663 2030 3705 tu
2068 3653 2290 3721 Optimus
2328 3668 2380 3705 es
2419 3652 2558 3705 testis
2589 3666 2740 3719 quam
2779 3651 2965 3719 fuerim
3003 3659 3300 3719 occupatus.
3338 3651 3429 3709 Ut.

1824 3752 1994 3798 autem
2015 3760 2048 3797 a
2077 3752 2125 3798 te
2152 3743 2357 3814 discessi
2379 3744 2432 3797 in
2460 3740 2713 3797 Crtcciam
2736 3744 3081 3812 proﬁciscens,
3105 3761 3223 3797 cum
3251 3761 3427 3814 opera.

1824 3857 1936 3895 mea
1977 3856 2068 3894 nec
2102 3810 2407 3908 respu/blica,
2438 3856 2528 3892 nec
2579 3838 2732 3892 amici
2769 3847 3051 3906 uterentur,
3077 3853 3170 3893 nec
3198 3837 3407 3892 honeste

1823 3934 1954 3987 inter
1982 3950 2125 3998 arma
2162 3934 2353 3987 versari
2382 3948 2603 4003 possem,
2638 3947 2697 3985 ne
2738 3933 2783 3985 si
2823 3940 2931 3985 tuto
2961 3930 3016 3984 id
3052 3930 3255 4001 quidem
3281 3929 3429 3989 mihi.

1826 4027 2017 4089 liceret,
2048 4035 2101 4079 ut
2133 4025 2243 4079 veni
2284 4023 2476 4079 Veliam
2505 4034 2746 4093 tanquam
2774 4032 2822 4076 et
2853 4031 2968 4076 tuos
3006 4022 3139 4084 vidi,
3170 4023 3427 4075 admonim

1824 4125 1903 4170 tus
1948 4116 2102 4185 hujus
2141 4116 2259 4171 reris
2304 4115 2479 4181 alieni,
2510 4115 2651 4169 nolui
2696 4115 2955 4188 deessene
2996 4114 3165 4167 tacita:
3202 4112 3406 4181 quidem

1825 4208 2132 4279 ﬂagitationi
2160 4217 2278 4260 tute.
2327 4205 2512 4276 Itaque
2556 4208 2682 4270 lucc,
2717 4221 2833 4259 cum
2879 4221 3074 4258 ntecum
3117 4204 3273 4257 libros
3300 4220 3406 4257 non

1826 4300 2083 4363 haberem,
2114 4302 2358 4352 memoria
2386 4299 2599 4365 repetita
2628 4299 2681 4350 in
2700 4299 2811 4367 ipsa
2840 4298 3159 4369 navigatione
3182 4297 3429 4359 εοιιεωίίσ,

1826 4391 1925 4460 psi,
1958 4390 2146 4459 tibique
2174 4405 2235 4441 ea:
2262 4390 2440 4442 itinere
2481 4389 2625 4453 misi,
2655 4398 2708 4439 ut
2747 4404 2859 4441 mea
2904 4388 3175 4457 diligentia»
3199 4388 3409 4441 manda-

1828 4494 1993 4537 torum
2040 4493 2263 4551 tuorum,
2289 4492 2333 4537 te
2376 4498 2590 4552 quoque,
2620 4491 2666 4536 et
2714 4483 2758 4535 si
2796 4466 3123 4536 admonitore
3139 4499 3239 4535 non
3266 4499 3325 4552 eg
3356 4499 3404 4544 s,

1828 4576 1895 4628 ad
1942 4577 2237 4629 memoriam
2278 4585 2570 4629 nostrarum
2616 4590 2786 4628 rerum
2827 4565 3118 4630 excitarem.
3163 4576 3269 4631 Sed
3292 4578 3408 4647 jam

142 4660 321 4735 neque
340 4666 407 4720 ab
438 4682 504 4722 eo
528 4668 648 4723 loco
676 4670 766 4739 qui
797 4678 880 4725 est
910 4670 964 4724 in
993 4646 1230 4740 Topicis,
1261 4672 1355 4728 sed
1379 4688 1444 4727 ex
1474 4672 1556 4728 liis
1585 4646 1719 4728 locis
1746 4646 2021 4737 l)tempus
2042 4679 2114 4723 est
2138 4670 2204 4722 ad
2233 4669 2285 4721 id
2326 4669 2461 4737 quod
2492 4668 2805 4722 instituimus
2832 4670 3085 4723 accedere.

145 4759 201 4813 in
250 4759 441 4829 quibus
483 4772 795 4831 argumenta
835 4762 1037 4819 inclusa
1079 4775 1236 4831 sunt,
1288 4766 1550 4832 expositio
1600 4782 1723 4835 pro-
1791 4770 1795 4775 '

143 4866 333 4920 gressa
368 4868 490 4907 eum
534 4855 862 4911 transcendit
892 4855 1065 4911 locum
1096 4858 1186 4927 qui
1216 4866 1317 4922 est,
1354 4857 1535 4913 Valeat
1564 4861 1724 4928 tequi-

146 4952 249 5010 tas,
268 4961 381 5014 qua:
406 4947 613 5016 paribus
633 4949 685 5001 in
712 4951 878 5003 causis
901 4951 1046 5017 paria
1068 4952 1190 5020 jura
1211 4950 1485 5005 desiderat.
1512 4952 1720 5019 Quanta

147 5053 276 5094 vero
324 5054 448 5109 pars
495 5041 699 5111 reliqua
747 5042 791 5095 si
849 5041 1169 5113 Topicorum
1219 5044 1385 5112 ipsius
1435 5045 1723 5102 voluminis

147 5131 458 5200 magnitudo
486 5133 838 5201 demonstrat,
882 5149 1039 5199 quam
1071 5133 1399 5203 Victorinus,
1437 5151 1607 5202 neque
1636 5147 1721 5192 at-

149 5224 287 5293 tigit,
315 5240 486 5295 neque
506 5226 768 5296 attingere
790 5228 1066 5297 potuisset,
1092 5229 1165 5283 ita
1194 5236 1277 5283 est
1301 5229 1459 5284 rebus
1486 5230 1721 5286 minimis

150 5316 500 5387 immoratus,
550 5320 649 5376 nisi
694 5336 826 5389 Opus
884 5323 1049 5376 multa
1104 5322 1360 5377 librorum
1423 5325 1724 5392 pluralitate

152 5408 499 5467 distenderet.
562 5413 668 5467 Nos
717 5428 844 5467 vero
885 5423 936 5468 et
981 5412 1117 5467 hanc
1167 5412 1336 5481 ipsam
1387 5414 1719 5483 particulam,

152 5516 309 5570 quam
359 5504 660 5558 Victorinus
706 5504 877 5573 (litigii
928 5503 1211 5573 diligenter
1264 5505 1350 5575 (ut
1402 5509 1722 5578 possumus)

152 5594 541 5663 aggrediamur,
574 5605 629 5650 ct
668 5596 873 5665 longius
903 5596 1238 5666 expositione
1287 5597 1575 5667 progreSsi.
1605 5614 1726 5654 cum

152 5682 473 5754 Topicorum
519 5688 775 5743 debemus
807 5688 908 5743 line
937 5690 1253 5744 consistere.
1303 5690 1478 5757 Quare
1510 5690 1633 5746 hinc
1661 5692 1739 5757 de,

155 5788 262 5832 tota
292 5774 471 5849 operis
520 5783 880 5850 propositione
910 5782 1232 5837 conveniens
1265 5798 1537 5840 sumamus
1565 5799 1724 5840 exor-

152 5868 325 5940 dium.
370 5871 472 5929 Sed
521 5883 800 5944 antequam
852 5875 918 5933 de
964 5874 1153 5948 tepicai
1199 5872 1463 5938 facultatis
1522 5876 1730 5935 ratione

1896 4761 2069 4817 Omne
2098 4762 2438 4830 prommium,
2466 4760 2603 4829 quod
2626 4760 2692 4813 ad
2724 4761 3149 4828 componendum
3181 4762 3409 4815 intendit

1827 4854 2145 4918 auditorem,
2177 4862 2233 4906 ut
2274 4854 2325 4907 in
2381 4852 2665 4907 rhetoricis
2688 4851 2932 4918 discitur,
2960 4862 3049 4905 aut
3083 4853 3407 4907 benevolen-

1830 4946 1954 5001 tiam
1994 4955 2188 5015 captat,
2235 4956 2322 4997 aut
2371 4944 2719 4997 attentionem
2771 4955 3052 5014 praeparat,
3106 4952 3197 4998 aut
3242 4944 3407 4997 ellicit

1830 5038 2156 5094 docilitatem
2186 5055 2197 5088 :
2225 5035 2307 5089 his
2339 5036 2506 5089 tribus
2550 5034 2788 5102 partibus
2836 5036 2936 5090 sibi
2976 5035 3162 5103 (licere
3206 5035 3421 5095 Trebas

1830 5131 1960 5186 tium
2002 5127 2218 5182 format.
2265 5127 2394 5181 Nam
2442 5124 2583 5195 quod
2624 5140 2681 5180 sc
2707 5141 2736 5179 a
2769 5140 3076 5195 magnarum
3111 5141 3286 5179 rerum
3317 5130 3408 5180 iu-

1828 5224 2111 5278 cltoatione
2154 5233 2456 5279 revocatum
2499 5222 2564 5275 ad
2594 5221 2752 5275 amici
2793 5222 3015 5276 contulit
3054 5222 3402 5285 voluntatem,

1829 5316 2065 5369 favorem
2098 5312 2332 5367 Trebatii
2375 5313 2519 5366 velut
2564 5312 2777 5381 jndicis,
2813 5310 3201 5365 lieucvolcntim
3243 5313 3431 5379 partis

1828 5409 1926 5465 bus
1958 5416 2212 5461 meretur.
2243 5404 2466 5475 Majorcs
2489 5415 2665 5458 autem
2686 5418 2774 5457 res
2801 5413 2946 5466 sunt,
2968 5415 2997 5453 a
3021 5416 3245 5470 quarum
3273 5403 3408 5457 scri-

1829 5480 2009 5570 ptione
2032 5499 2097 5553 ad
2118 5499 2273 5553 amici
2314 5496 2545 5552 studium
2592 5510 2774 5551 versus
2809 5504 2913 5559 Cal,
2934 5494 3151 5547 moralis
3177 5492 3411 5564 philoso-

1834 5593 1971 5661 phi-.c
2020 5599 2291 5645 tractatus.
2354 5587 2517 5657 Major
2555 5596 2635 5641 est
2672 5586 2813 5640 enim
2848 5599 3052 5638 morum
3085 5584 3219 5636 ratio
3247 5598 3407 5653 quam

1830 5683 2020 5754 peritia
2041 5681 2360 5738 disserendi.
2388 5679 2440 5733 ld
2464 5685 2639 5731 autem
2664 5685 2871 5743 tempus
2897 5672 3059 5728 luisse
3073 5670 3431 5744 conjicintns,

1831 5792 1935 5848 quo
1962 5786 2180 5847 propter
2210 5772 2510 5828 turbulenta
2542 5765 2844 5836 reipublica:
2885 5776 3126 5835 tempora
3155 5766 3206 5819 in
3238 5765 3427 5845 otium

1834 5890 1892 5935 se
1919 5872 2181 5937 contulit,
2210 5854 2371 5940 atque
2410 5863 2474 5920 ad
2521 5852 2876 5934 philosophiae
2922 5860 3250 5934 disciplinas.
3300 5858 3407 5916 Sed
