4022 6330
582 385 725 450 1063

1880 377 1988 434 ΑΝ.
2030 370 2236 429 MANL.
2279 370 2432 427 ειν.
2475 370 2698 428 ΒΟΕΠΙ

3747 371 3879 426 10M

584 509 708 578 quia
738 506 891 561 nobis
924 503 1253 561 audientium
1283 511 1493 557 mentes
1533 500 1780 556 veritatis
1819 515 2037 570 quoque
2063 499 2176 565 opi-
2205 493 2260 555 Α
2282 494 2615 561 exsequitur,
2643 493 2694 547 id
2728 507 2858 549 vero
2875 502 2964 549 est
2991 492 3132 563 quod
3162 490 3243 548 vel
3269 491 3367 560 ipsi
3395 489 3478 546 vel
3503 489 3570 545 iis
3599 502 3741 559 quos
3769 486 3878 556 ipse

586 598 677 652 nio
724 607 1052 668 praesumpta
1082 595 1364 658 conciliat,
1399 595 1452 648 in
1497 608 1563 650 eo
1605 594 1764 648 etiam
1809 591 2175 662 praeparanda

584 691 972 748 benevolentia:
1001 691 1241 762 partibus
1265 691 1449 744 utitur.
1479 688 1630 756 Quod
1663 689 1713 742 in
1744 700 2175 743 commemoran-

586 785 670 840 dis
723 785 988 841 veraciter
1040 785 1103 839 iis
1146 799 1265 852 qua:
1311 781 1597 838 Trebatius
1644 789 1888 844 noverat,
1918 780 2044 832 facit
2073 778 2176 831 illis

586 883 749 939 tidem
821 898 941 952 qua:
1016 882 1284 952 posterius
1364 880 1584 935 evenire
1656 889 1710 933 et
1768 877 2021 932 Trebatio
2082 891 2177 958 [δοῖ

586 984 807 1032 tuerunt
879 990 1000 1031 esse
1069 975 1267 1044 ignota.
1326 972 1450 1027 Hazc
1494 981 1673 1025 autem
1721 979 1881 1034 sunt,
1932 969 2071 1035 quod
2126 966 2178 1020 in

587 1070 896 1128 Tusculano
952 1069 1017 1124 ad
1063 1084 1219 1123 suum
1273 1068 1505 1122 studium
1566 1075 1792 1135 uterque
1846 1064 2010 1117 libros
2038 1063 2182 1114 evol-

586 1167 748 1219 vet-it.
819 1166 1079 1235 Quodque
1139 1164 1424 1220 Trebatius
1470 1178 1596 1218 casu
1644 1163 1696 1216 in
1748 1160 2054 1217 Aristotelis
2084 1159 2183 1213 To-

588 1258 707 1324 pica
737 1256 1007 1322 inciderit,
1034 1266 1086 1312 et
1113 1256 1253 1326 quod
1300 1255 1511 1310 titulum
1560 1252 1740 1324 operis
1789 1252 2102 1315 admiratus,
2151 1265 2180 1304 a

589 1347 661 1403 Il.
695 1347 873 1401 Tullio
913 1349 1275 1415 inscriptionis
1305 1347 1623 1401 sententiam
1646 1343 2011 1414 perquisierit.
2049 1341 2182 1395 Illud

589 1438 754 1495 etiam
782 1440 923 1509 quod
950 1440 996 1494 ci
1019 1441 1211 1494 Cicero
1241 1455 1299 1493 se
1329 1437 1644 1508 exposuisse
1667 1444 2071 1498 commemorat,
2104 1435 2184 1488 in-

588 1529 979 1587 veniendorum
1039 1545 1472 1601 argumentorum
1530 1531 1636 1585 illis
1695 1530 1847 1584 libris
1902 1529 2180 1583 scientiam

589 1623 879 1685 contineri,
909 1631 965 1675 ut
1001 1622 1117 1676 sine.
1158 1623 1265 1675 ttllo
1309 1637 1492 1676 errore
1525 1623 1588 1674 ad
1623 1629 2060 1691 argumentorum
2093 1619 2173 1671 in-

587 1715 900 1770 ventionem
939 1715 1020 1768 via
1061 1715 1287 1784 quadam
1336 1725 1388 1769 et
1435 1723 1581 1767 recto
1621 1712 1712 1765 illo
1756 1723 1915 1782 atque
1957 1711 2183 1765 artificio

586 1809 886 1871 veniretur,
915 1824 1032 1877 qua:
1058 1823 1144 1861 res
1173 1807 1405 1861 breviter
1431 1807 1725 1867 enuntiata,
1754 1805 1902 1858 velut
1926 1806 2183 1859 intentio-

2281 583 2602 651 defenderit,
2637 585 2785 654 plura
2815 586 3072 641 cavisset.
3099 585 3220 640 Fuit
3248 585 3429 655 igitur,
3464 592 3524 638 ut
3551 584 3648 644 ait,
3683 597 3876 636 vereo-

2281 679 2434 743 dnm,
2461 695 2546 744 ne,
2575 679 2616 733 si
2644 682 2924 735 restituere
2943 680 3167 749 gratiam
3195 679 3474 740 noluisset,
3499 680 3878 745 autingratuui

2284 771 2336 826 id
2378 783 2467 825 aut
2506 773 2795 838 superbum
2835 787 2957 828 esse
2996 773 3286 828 videretur.
3320 771 3602 838 Ingratum
3637 769 3874 838 quidem.

2284 864 2329 917 si
2371 879 2558 932 magna
2593 863 2827 919 Trebatii
2873 865 3064 918 merita
3105 864 3300 934 quibus
3349 863 3464 930 ipse
3505 876 3641 916 usus
3691 862 3876 924 luerat,

2287 970 2449 1022 parvo
2493 957 2760 1010 aestimare
2791 957 3094 1022 videretur,
3127 970 3247 1011 cum
3293 955 3497 1010 nullam
3547 955 3599 1007 ei
3655 955 3876 1022 gratiam

2287 1049 2673 1104 restituendam
2708 1060 2952 1118 putaret,
2987 1049 3278 1119 superbum
3309 1064 3460 1111 vero,
3493 1049 3538 1103 si
3569 1058 3873 1116 sperneret.

2287 1142 2366 1196 Ad
2415 1142 2550 1195 idem
2582 1152 2774 1197 caetera
2815 1152 3176 1208 revertuntur,
3224 1142 3271 1195 id
3323 1151 3406 1196 est
3441 1141 3512 1194 ad
3549 1141 3879 1194 benevolen-

2289 1236 2439 1289 tiam.
2472 1237 2624 1303 Quod
2654 1237 2890 1304 o-jusdem
2925 1236 3234 1291 testimonio
3276 1236 3461 1290 nititur
3492 1235 3626 1291 dum
3655 1235 3876 1289 fueritin

2287 1328 2441 1393 urbe,
2479 1343 2538 1382 se
2575 1346 2640 1382 ne
2665 1329 2899 1382 debitam
2930 1328 3180 1383 redderet
3205 1329 3432 1399 gratiam
3462 1330 3877 1395 occupationum

2286 1422 2608 1476 necessitate
2654 1423 3022 1476 constrictum.
3069 1423 3221 1489 Quod
3272 1432 3328 1476 ut
3373 1424 3594 1477 venerit
3647 1421 3878 1484 Veliam,

2286 1511 2585 1566 amicorum
2619 1511 2854 1566 Treltatii
2887 1514 3241 1567 conventione
3273 1514 3678 1576 commonitus,
3721 1527 3790 1566 ne
3817 1525 3880 1564 ta-

2286 1605 2406 1657 cita:
2427 1604 2640 1673 quidem
2659 1605 2775 1673 ejus
2795 1606 3104 1675 flagitationi
3129 1606 3320 1660 deesse
3343 1607 3636 1669 voluisset,
3669 1616 3726 1660 et
3751 1606 3882 1674 qod

2289 1696 2418 1749 licet
2450 1696 2708 1749 librorum
2757 1698 2911 1763 capia
2965 1697 3104 1749 nulla
3138 1707 3472 1766 suppeteret,
3509 1696 3582 1750 de
3615 1695 3884 1750 memoris:

2290 1799 2467 1843 tamen
2493 1790 2738 1857 repetitte
2764 1791 3141 1858 promptuariis
3165 1791 3217 1842 in
3240 1790 3352 1857 ipsa
3387 1788 3742 1858 navigatione
3769 1803 3886 1842 ouu-

587 1911 714 1951 nem
746 1872 1240 1965 operis'monstrat,
1271 1907 1326 1950 et
1357 1896 1584 1948 docilem
1625 1894 1831 1961 periit-it
1857 1893 2173 1946 auditorem.
2213 1872 2262 1933 Β
2291 1882 2601 1948 scripserit.
2634 1882 2790 1949 eique
2822 1898 2886 1934 ex
2919 1883 3116 1938 itinere
3157 1883 3388 1946 miserit,
3422 1892 3484 1936 ut
3513 1882 3774 1938 beneﬁcii
3805 1898 3888 1936 cu-

587 1988 649 2044 ln
683 1991 783 2044 hoc
812 2003 1040 2058 namque
1072 1989 1280 2043 videtur
1317 2003 1438 2069 esse
1478 1989 1925 2056 comprehensum
1958 2002 2079 2055 qum
2110 1987 2178 2041 sit

589 2083 821 2138 intentio
849 2082 1196 2150 Topicorum,
1233 2083 1484 2150 quoniam
1517 2080 1706 2136 Cicero
1741 2082 1814 2134 ait
1839 2082 2175 2150 disciplinam

587 2192 710 2234 esse
732 2175 1174 2231 inveniendorum
1199 2184 1662 2245 argumentorum,
1691 2189 1794 2227 non
1819 2183 1877 2227 ut
1905 2175 2183 2228 invenian-

587 2281 679 2327 tur
702 2271 779 2341 (id
812 2272 954 2326 enim
985 2283 1175 2326 natura
1209 2271 1560 2341 suppeditat).
1588 2270 1692 2324 Sed
1721 2279 1778 2324 ut
1804 2271 1920 2324 sine
1966 2270 2076 2324 ullo
2108 2269 2183 2322 la-

586 2364 745 2429 bore,
771 2378 834 2419 ac
862 2365 982 2419 sine
1010 2362 1119 2419 ulla
1147 2362 1479 2436 confusione
1519 2378 1624 2416 non
1655 2377 1781 2415 casu
1813 2361 1878 2415 ad
1909 2375 1969 2414 ea
2010 2375 2180 2423 mens,

588 2456 687 2511 sed
713 2454 942 2526 quadam
970 2455 1052 2509 via
1092 2464 1145 2510 et
1177 2454 1386 2508 ratione
1427 2453 1738 2523 perveniat,
1772 2461 1891 2522 post
1923 2454 2059 2506 hanc
2093 2455 2185 2507 be-

589 2549 913 2606 nevolentiae
943 2551 1327 2619 captationem,
1377 2547 1611 2602 Trebatii
1642 2547 1851 2601 laudem
1883 2544 2180 2614 subjungit,

592 2657 716 2699 cum
747 2644 865 2713 ejus
892 2641 1271 2698 verecundiam
1306 2643 1358 2692 in
1398 2640 1482 2694 his
1507 2647 1894 2694 commemorat
1924 2645 2185 2704 expeten-

596 2735 702 2802 dis,
744 2751 864 2806 qute
898 2736 940 2790 si
997 2733 1290 2806 postulanti
1338 2734 1514 2787 amico
1543 2734 1734 2787 Cicero
1766 2729 2103 2802 prmstitisset
2132 2738 2188 2783 et

590 2830 781 2899 glorise
816 2829 1095 2898 prtemium
1142 2827 1305 2882 ferret
1345 2834 1399 2881 et
1439 2825 1641 2892 gratiae,
1671 2823 1766 2879 sed
1796 2822 1936 2893 quod
1983 2821 2185 2890 petenti

588 2923 874 2988 Trebatio,
924 2931 979 2976 ut
1004 2923 1053 2977 ei
1079 2921 1276 2991 TOpica
1306 2921 1541 2976 traderet
1570 2917 1788 2972 minime
1814 2915 2098 2970 concessit.
2133 2913 2187 2967 Id

587 3031 700 3073 non
733 3016 938 3086 proprii
971 3014 1171 3069 laboris
1201 3015 1320 3086 fuga
1349 3056 1364 3078 ,
1414 3014 1505 3068 sed
1539 3012 1776 3066 Trebatii
1821 3011 1998 3080 potius
2028 3022 2187 3064 causa

590 3105 796 3161 factum
826 3120 946 3160 esse
975 3104 1274 3169 contendit,
1309 3114 1368 3158 ut
1398 3105 1448 3157 in
1489 3119 1552 3158 eo
1582 3117 1794 3173 quoque
1823 3101 2059 3156 Trebatii
2094 3116 2188 3156 ve-

589 3196 690 3253 luti
721 3206 846 3252 tunc
874 3196 1078 3266 repulsi
1108 3196 1378 3250 subiratus
1401 3196 1620 3249 forsitan
1649 3194 1876 3260 animus,
1907 3209 2049 3248 nunc
2079 3209 2182 3248 non

588 3289 663 3344 sit
714 3288 940 3342 alienus.
996 3289 1255 3342 Intererat
1303 3303 1428 3341 vero
1477 3286 1730 3340 Trebatio
1764 3295 1817 3340 ut
1853 3287 1936 3341 vel
1984 3301 2081 3355 per
2126 3299 2184 3340 se

588 3380 712 3450 ipse
743 3380 829 3436 illa
871 3381 1055 3450 legens
1085 3381 1433 3435 exercitatior
1465 3380 1639 3445 fleret,
1673 3379 1756 3434 vel
1797 3382 1844 3433 ei
1891 3379 2182 3448 perfectius

590 3475 638 3528 si
667 3490 771 3544 qua
799 3474 1071 3528 dubitaret
1095 3472 1281 3527 rhetor
1313 3472 1524 3526 doctior
1549 3471 1848 3540 expediret.
1884 3471 2180 3540 Utrumque

588 3581 719 3623 vero
741 3584 771 3622 a
801 3567 1056 3622 Trebatio
1082 3581 1141 3621 se
1173 3576 1351 3620 narrat
1379 3565 1619 3620 audisse.
1653 3565 1783 3619 Nam
1815 3576 1869 3618 et
1900 3575 2181 3635 expertum

589 3678 738 3728 eum,
768 3671 821 3715 ut
848 3676 943 3731 per
963 3675 1021 3715 se
1042 3661 1155 3729 ipse
1177 3661 1398 3730 legeret,
1424 3659 1516 3714 sed
1542 3658 1867 3714 obscuritate
1899 3662 2180 3728 rejectum,

591 3767 646 3811 et
691 3756 843 3809 illum
882 3754 1155 3808 rhetorem
1187 3768 1216 3806 a
1246 3767 1350 3823 quo
1378 3752 1701 3822 Topicorum
1743 3752 2180 3820 explanationem

589 3849 861 3919 petiisset,
891 3845 981 3899 illa
1024 3859 1146 3900 sesc
1190 3846 1532 3900 Aristotelica
1567 3845 1818 3912 ignorare
1847 3843 2179 3898 confessum.

591 3942 727 4009 Quae
774 3953 881 4004 res,
905 3948 1125 4010 pr0pter
1165 3939 1344 4006 operis
1389 3937 1792 3996 difficultatem,
1836 3951 2060 3989 necesse
2103 3945 2186 3991 est

597 4034 896 4089 auditorem
931 4032 1121 4088 reddat
1142 4041 1420 4085 attentum.
1451 4031 1524 4084 Ea
1550 4031 1746 4100 quippe
1777 4045 1883 4082 non
1914 4030 2185 4098 negligen-

593 4136 674 4181 tes
703 4125 1040 4196 lnspicimus,
1066 4140 1189 4195 quae
1222 4140 1327 4178 non
1354 4124 1523 4179 facilis
1550 4139 1670 4178 eSse
1702 4122 2069 4192 intelligentiae
2097 4139 2186 4176 su-

595 4222 896 4289 spicamur,
932 4223 985 4275 in
1015 4235 1120 4290 quo
1161 4219 1322 4274 etiam
1354 4217 1545 4274 Cicero
1578 4216 1800 4271 minime
1838 4231 1897 4270 se
1930 4216 2184 4270 miratum

593 4324 716 4365 esse
757 4319 1166 4375 commemorat,
1220 4309 1361 4380 quod
1416 4312 1459 4364 is
1505 4308 1855 4379 philosophus
1895 4324 1925 4361 a
1967 4308 2184 4362 rhetore

595 4405 914 4474 nesciretur,
961 4404 1053 4476 qui
1103 4404 1286 4458 multis
1334 4407 1496 4459 etiam
1548 4401 1884 4473 philosophis
1913 4402 2186 4457 videretur

594 4496 917 4565 incognitus.
979 4496 1216 4564 Quorum
1265 4497 1424 4549 etiam
1470 4495 1591 4563 jure
1647 4495 1827 4563 culpat
1876 4494 2183 4564 ignaviam,

594 4590 735 4660 quod
786 4590 850 4643 ad
900 4590 1259 4644 Aristotelicas:
1304 4588 1662 4658 philosophiae
1708 4589 2047 4659 disciplinam
2078 4604 2182 4643 non

597 4684 935 4740 inventorum
975 4683 1203 4748 “utilitas,
1236 4698 1343 4736 non
1375 4683 1632 4737 orationis
1665 4684 1805 4739 nitor
1836 4684 2091 4737 illexerit.
2127 4684 2180 4737 In
2208 4654 2266 4717 Β

596 4792 703 4844 quo
737 4775 896 4827 etiam
924 4773 1143 4841 majoris
1171 4772 1522 4842 perspicaciaa
1547 4775 1743 4830 crescit
1777 4777 2024 4841 attentio,
2057 4775 2180 4845 quia

595 4867 751 4922 facile
781 4867 845 4921 ad
880 4866 1114 4921 studium
1147 4875 1376 4933 mentes,
1409 4867 1634 4922 aliorum
1666 4869 1924 4937 segnities
1966 4871 2177 4936 culpata

593 4962 944 5023 converterit,
971 4974 1288 5029 quocunque
1320 4976 1446 5015 vero
1473 4963 1698 5016 attentio
1732 4962 1913 5026 fuerit,
1947 4978 2053 5016 non
2088 4979 2181 5031 po-

593 5055 720 5107 terit
762 5051 951 5106 abesse
997 5049 1265 5106 docilitas.
1309 5051 1367 5106 ιη
1418 5052 1502 5106 his
1553 5055 1715 5107 etiam
1769 5054 1886 5109 laus
1936 5056 2178 5123 quaedam

590 5145 830 5201 Trebatii
904 5145 1137 5200 latenter
1166 5145 1451 5202 inducitur.
1498 5147 1743 5218 Magnum
1782 5159 1862 5204 est
1890 5150 2030 5204 enim
2066 5150 2183 5218 phi-

591 5241 833 5311 losophis
875 5241 928 5296 in
972 5254 1072 5296 suo
1118 5241 1269 5311 quasi
1315 5257 1540 5298 munere
1569 5241 1906 5296 cessantibus
1948 5241 2089 5296 hunc
2117 5257 2183 5297 ne

593 5339 810 5407 proprio
840 5339 1054 5410 quidem
1097 5338 1276 5394 studio
1301 5338 1654 5410 prmpeditum
1679 5379 1691 5401 ,
1724 5337 1912 5392 alienae
1944 5335 2184 5391 scientia:

591 5439 797 5487 secreta
822 5432 1027 5486 rimari.
1056 5432 1175 5487 Jam
1206 5447 1338 5488 vero
1371 5433 1646 5501 sequentia
1678 5432 1846 5485 multo
1876 5432 2038 5485 etiam
2073 5431 2183 5485 cla-

591 5517 704 5576 rius
734 5521 1164 5578 benevolentiam
1211 5533 1424 5592 petunt,
1469 5522 1612 5576 velut
1658 5522 1761 5576 hoc
1795 5523 1933 5591 quod
1965 5523 2182 5590 elegano

593 5613 798 5670 tissime
825 5615 1022 5671 dictum
1054 5626 1136 5671 est
1161 5657 1176 5679 ,
1218 5615 1442 5669 veritum
1474 5629 1534 5668 se
1561 5628 1683 5668 esse
1726 5629 1792 5666 ne
1817 5655 1830 5678 ,
1865 5615 1907 5667 si
1941 5613 2182 5669 modeste

593 5709 911 5778 p‘ostulantis
958 5706 1298 5762 verecundia:
1348 5713 1732 5774 pernegasset,
1779 5707 1876 5774 ipsi
1919 5706 2181 5776 quodam-

589 5789 753 5853 tltodo
775 5799 910 5867 juris
948 5798 1225 5868 interpreti
1260 5797 1372 5850 fieri
1405 5793 1679 5853 videretur
1702 5795 1917 5864 injuria,
1955 5807 2008 5851 et
2037 5801 2177 5866 quod

593 5881 904 5959 pitecedens
919 5889 1158 5946 Trebatii
1180 5888 1428 5945 meritum
1449 5893 1686 5964 percepti
1705 5888 1950 5950 beneficii
1972 5905 2180 5954 memor

2288 1972 2434 2027 mulo
2479 1973 2698 2040 parendi
2747 1975 2910 2028 etiam
2961 1976 3207 2030 celeritas
3254 1974 3571 2030 adderetur.
3607 1976 3746 2042 Qua:
3780 1991 3886 2030 cunt

2288 2066 2470 2119 omnia
2518 2066 2804 2135 benignum
2837 2076 3051 2137 captare
3093 2068 3330 2123 Trebatii
3367 2068 3666 2123 videantur
3707 2083 3886 2122 assen-

2289 2177 2431 2225 sum,
2463 2164 2706 2228 quzedant
2756 2172 2932 2216 tamen
2984 2163 3215 2218 brevitas
3265 2163 3600 2232 Topicorum
3635 2165 3888 2217 memoris

2291 2255 2540 2322 repetita,
2569 2255 2878 2309 attentionis
2902 2270 3123 2310 necesse
3151 2266 3233 2311 est
3265 2256 3755 2311 animadversione
3789 2255 3890 2309 fua-

2292 2357 2467 2416 gatur,
2515 2351 2627 2413 ipsa
2675 2362 2912 2417 namque
2931 2348 3205 2402 memoriae
3233 2349 3484 2418 repetitio
3531 2350 3714 2404 breve
3747 2363 3888 2403 mon-

2290 2451 2422 2494 strat
2455 2457 2573 2494 esse
2600 2441 2740 2510 quod
2772 2441 2992 2511 colligit.
3028 2442 3288 2511 Quodque
3315 2443 3619 2513 diligentia!
3653 2445 3757 2496 sibi
3787 2443 3882 2496 fue-

2291 2533 2394 2587 rint
2437 2533 2684 2587 mandata
2726 2535 2983 2596 Trebatii,
3029 2545 3081 2588 et
3131 2535 3272 2603 quod
3322 2536 3387 2587 ad
3420 2519 3784 2590 excitandam
3811 2535 3882 2588 sui

2293 2629 2609 2681 memoriam
2650 2629 2801 2697 quasi
2833 2629 3023 2698 pignus
3053 2629 3231 2682 amico
3259 2627 3476 2697 aliquod
3515 2637 3692 2696 atque
3721 2629 3884 2681 moui-

2292 2727 2532 2773 mentum
2566 2719 2824 2773 voluisset
2854 2729 3087 2774 exstare.
3115 2719 3214 2773 Cui
3237 2720 3422 2789 adjicit
3447 2721 3582 2773 illud
3604 2760 3621 2784 ,
3646 2730 3704 2774 et
3734 2723 3777 2773 si
3807 2720 3885 2771 ad-

2292 2815 2588 2868 monitione
2619 2829 2725 2867 non
2755 2829 2880 2883 eges
2900 2855 2914 2878 ,
2949 2829 3017 2867 ne
3058 2813 3295 2867 otl‘eodat
3332 2814 3574 2866 animum
3619 2813 3782 2866 amici
3813 2827 3885 2865 se-

2293 2905 2513 2960 dulitate
2560 2906 2603 2959 si
2649 2921 2804 2974 quem
2845 2905 3295 2959 commonendum
3342 2905 3550 2969 credit,
3595 2904 3883 2958 oblivionis

2294 2997 2540 3053 videatur
2569 3014 2814 3068 arguere.
2845 2999 2968 3053 lltec
2994 3000 3196 3061 omnia,
3232 3007 3286 3051 ut
3317 2997 3460 3063 dixi‘,
3494 2997 3884 3050 benevolentiae

2294 3091 2534 3161 partibus
2574 3091 2733 3160 plena
2775 3103 2917 3146 sunt.
2961 3093 3066 3147 Sed
3104 3092 3169 3146 de
3211 3091 3473 3157 prooemio
3512 3090 3654 3143 satis
3694 3090 3884 3142 dictum

2295 3194 2395 3241 est.
2429 3185 2576 3239 Nunc
2605 3185 2669 3238 ad
2712 3184 2990 3254 sequentia
3022 3195 3376 3250 transeamus,
3404 3198 3504 3236 nec
3541 3183 3586 3236 si
3623 3183 3752 3251 quis
3788 3181 3886 3234 haec

2291 3279 2429 3346 apud
2461 3277 2792 3332 Victorinum
2842 3279 2999 3332 latius
3045 3288 3267 3334 tractata
3321 3275 3626 3348 repererit,
3672 3291 3775 3329 nos
3805 3292 3886 3328 ne-

2289 3369 2446 3440 glecti
2480 3369 2800 3436 integritatis
2826 3371 3052 3440 stringat
3084 3371 3302 3424 invidia.
3334 3369 3463 3424 Nam
3499 3383 3605 3423 nec
3631 3368 3690 3422 in
3716 3369 3889 3435 singu-

2289 3462 2355 3516 lis
2384 3464 2464 3534 (ut
2494 3462 2582 3517 ille
2611 3462 2759 3532 facit)
2798 3463 2973 3517 verbis
3016 3464 3223 3518 hterere
3263 3463 3510 3518 volumus
3531 3502 3544 3526 ,
3578 3471 3639 3516 et
3685 3461 3754 3515 ad
3786 3476 3888 3515 am-

2289 3560 2459 3630 pliora
2495 3559 2655 3628 hujus
2684 3558 2871 3628 operis
2893 3558 3227 3612 festinamus.

2360 3661 2486 3716 Cum
2532 3665 2694 3716 omnis
2742 3663 2874 3715 ratio
2915 3661 3134 3730 diligens
3179 3660 3463 3714 disserendi
3517 3660 3662 3713 duas
3710 3661 3889 3711 habear

2288 3765 2486 3825 partes,
2520 3771 2674 3807 unum
2703 3754 3009 3818 inveniendi,
3043 3757 3259 3805 alterum
3280 3751 3579 3821 judicondi,
3625 3754 3889 3820 utriusque

2291 3849 2547 3915 princeps,
2573 3857 2626 3899 ut
2649 3847 2772 3898 mihi
2793 3847 2995 3915 quidem
3011 3845 3233 3908 videtur,
3252 3843 3552 3898 Aristoteles
3578 3845 3712 3913 fuit.
3733 3846 3794 3900 St
3831 3847 3889 3896 in"

2289 3949 2456 3993 autem
2496 3938 2549 3992 in
2591 3940 2752 3991 altera
2800 3938 3205 3992 elaboraverunt.
3251 3935 3535 3989 Iudicandi
3583 3938 3729 3990 enim
3763 3941 3887 3990 riam

2291 4031 2561 4102 diligenter
2603 4032 2853 4099 persecuti
2883 4040 3030 4095 sunt,
3076 4047 3184 4082 eam
3215 4032 3504 4095 scientiam,
3537 4048 3704 4100 quam
3737 4034 3892 4087 diale-

2289 4125 2453 4178 cticcn
2497 4125 2780 4193 appellant.
2830 4121 3131 4176 Inreniendi
3177 4139 3292 4176 vero
3337 4133 3495 4176 artem
3539 4143 3661 4191 qua‘
3697 4125 3892 4196 Topica

2291 4214 2500 4281 dicitur,
2550 4230 2664 4284 quia
2707 4215 2774 4266 ad
2815 4231 2960 4268 usum
3013 4217 3180 4285 potior
3225 4225 3359 4281 erat,
3393 4227 3438 4270 et
3470 4217 3664 4270 ordine
3698 4232 3892 4271 staturi!

2292 4315 2425 4360 certe
2451 4307 2612 4372 prior,
2646 4315 2802 4358 totam
2847 4308 3183 4377 reliquerunr.
3240 4307 3350 4361 Nos
3391 4319 3591 4373 autem,
3650 4311 3890 4378 quoniam

2293 4401 2342 4452 in
2399 4408 2611 4469 utraque
2658 4395 2870 4454 sumnta'
2898 4401 3094 4455 utilitas
3143 4413 3235 4467 est,
3293 4413 3338 4454 et
3373 4413 3674 4470 utramque,
3710 4406 3757 4457 si
3807 4407 3893 4458 erit

2291 4495 2468 4558 otium,
2487 4498 2717 4564 persequi
2736 4496 3036 4565 cogitamus,
3054 4495 3115 4549 ob
3133 4513 3192 4550 ea
3213 4513 3326 4566 qua:
3341 4499 3482 4566 prior
3504 4507 3577 4551 cst
3609 4500 3892 4552 ordiemur.

2363 4595 2495 4648 Cum
2539 4596 2882 4667 phil050phia
2927 4598 3177 4652 maximis
3206 4597 3257 4652 in
3291 4598 3450 4655 rebus
3478 4617 3713 4670 operam
3749 4618 3891 4656 suam

2293 4687 2634 4758 studiumque
2657 4702 2958 4755 consumat,
2992 4707 3220 4760 cumque
3259 4701 3312 4746 et
3348 4693 3397 4745 in
3429 4695 3784 4748 naturalibus
3817 4698 3890 4748 in-

2294 4780 2650 4848 spectionem,
2684 4782 3208 4852 speculationemque
3238 4784 3511 4851 adhibeat,
3543 4793 3600 4838 et
3630 4787 3686 4840 in
3721 4804 3893 4841 mora-

2293 4873 2434 4926 libus
2461 4874 2749 4938 actionem,
2783 4883 2837 4929 et
2865 4874 2942 4928 sic
2975 4874 3207 4929 formare
3234 4875 3429 4944 gestiat
3461 4892 3653 4931 mores
3689 4890 3745 4933 ut
3780 4895 3892 4933 vera

2294 4968 2417 5019 vitae
2446 4968 2585 5020 ratio
2611 4968 2954 5035 persuaserit,
2982 4970 3197 5022 evenire
3227 4983 3448 5023 necesse
3480 4982 3584 5025 ρει.
3617 4984 3678 5025 ιιι
3703 4988 3892 5027 secun-

2293 5060 2418 5114 dum
2452 5060 2504 5114 id
2531 5060 2672 5130 quod
2701 5061 2835 5114 ratio
2863 5062 3173 5128 tenendum,
3202 5063 3661 5124 omittendumve,
3692 5065 3890 5119 facien-

2291 5151 2415 5205 dnm
2441 5151 2587 5222 quid,
2613 5161 2703 5206 aut
2725 5169 2829 5206 non
2863 5153 3162 5208 faciendum
3189 5169 3309 5208 esse
3334 5155 3671 5219 decreverit,
3707 5159 3796 5211 vel
3823 5161 3896 5220 jn-

2290 5242 2486 5296 dicium
2538 5245 2923 5307 constituatur,
2971 5261 3225 5301 ascensus
3272 5247 3355 5301 vel
3399 5249 3728 5302 exercenda:
3777 5251 3895 5303 vita:

2292 5333 2553 5404 dirigatur
2578 5336 2822 5390 intentio.
2859 5337 2975 5390 Erit
3004 5337 3160 5406 igitur
3182 5341 3572 5404 necessarium,
3604 5341 3694 5394 vel
3721 5342 3778 5394 in
3807 5356 3896 5394 na-

2292 5430 2446 5482 turali
2479 5431 2871 5498 speculatione,
2903 5430 2984 5484 vel
3025 5431 3075 5484 in
3109 5433 3387 5486 muralium
3419 5433 3705 5488 actionum
3738 5438 3894 5502 cogi-

2292 5521 2490 5575 tatione
2511 5562 2526 5589 ,
2557 5532 2612 5574 ut
2642 5531 2788 5576 certa
2822 5523 2956 5577 ratio
2977 5563 2991 5586 ,
3037 5524 3117 5576 vel
3146 5523 3288 5591 quod
3320 5525 3369 5577 in
3402 5525 3564 5579 rebus
3595 5529 3896 5596 speculan-

2290 5613 2415 5670 dum
2447 5628 2563 5683 est,
2599 5616 2870 5682 inveniat,
2900 5617 2981 5671 vel
3027 5617 3166 5688 quod
3208 5619 3258 5671 in
3291 5628 3464 5672 actum
3517 5619 3738 5674 vivendi
3773 5622 3894 5675 duci

2288 5717 2553 5776 oporteat,
2603 5718 2727 5763 ante
2767 5709 3077 5778 perpendat.
3115 5709 3241 5763 llaec
3269 5720 3448 5765 autem
3484 5712 3626 5765 ratio
3656 5714 3763 5767 nisi
3812 5717 3890 5766 vis

2286 5799 2515 5868 quadam
2551 5799 2888 5869 processerit,
2921 5817 3064 5871 szepe
3095 5801 3147 5856 in
3190 5802 3385 5858 multos
3427 5817 3659 5859 necesse
3690 5817 3782 5860 est
3812 5806 3890 5858 ιε.

2286 5894 2445 5954 batur
2471 5908 2702 5953 errores.
2727 5893 2880 5966 Quod
2907 5910 2976 5956 ne
2999 5897 3197 5972 passim
3231 5896 3410 5968 fieret,
3430 5906 3591 5972 atque
3624 5909 3688 5958 ut
3713 5900 3885 5962 certis
