4036 6336
258 376 411 443 1018

1158 385 1224 441 IN
1262 376 1509 445 TOPICA'
1540 386 1893 445 CICERONIS
1929 384 2443 455 commissis.
2490 390 2615 457 LIB.
2657 402 2698 461 l.

3397 384 3534 466 t0tc

264 502 468 572 regulis
496 508 756 557 tractatus
783 502 1074 567 insisteret,
1100 501 1275 567 visum
1298 511 1381 557 est
1414 504 1643 574 antiqua:
1676 505 1849 573 philo-

1956 512 2200 583 quodque
2228 532 2481 585 generum
2514 518 2598 573 vel
2628 510 3049 579 differentiarum
3086 527 3413 593 lnventione,
3446 533 3529 585 vel

263 595 476 661 sophiae
504 593 751 659 ducibus,
785 592 1106 664 ui'ipsarum
1137 595 1625 663 ratiocinationum,
1655 596 1850 667 quibus

266 686 472 754 aliquid
494 686 866 757 inquirendum
889 696 1055 752 esset,
1087 695 1326 741 naturam
1357 688 1569 757 penitus
1592 697 1716 744 ante
1735 689 1848 743 dis;

263 786 535 843 «οιιιετεηι,
592 786 649 832 ιιι
700 777 782 833 his
825 778 1061 849 purgatis
1115 787 1273 849 atque
1312 779 1643 849 compositis,
1688 780 1770 835 vel
1796 780 1848 834 in

265 871 634 936 speculatione
665 870 941 936 veritatis,
994 869 1076 926 vel
1126 871 1176 925 in
1209 873 1522 928 exercendis
1564 872 1849 928 virtutibus

263 975 562 1018 uteremur.
598 963 722 1017 litae
749 972 837 1018 est
864 962 1024 1033 igitur
1049 964 1349 1035 disciplina,
1379 966 1529 1035 quasi
1552 965 1846 1020 disserendi

258 1056 511 1120 qumdam
544 1056 817 1125 magistra,
843 1070 999 1123 quam
1026 1055 1233 1125 logicen
1264 1055 1603 1125 Peripatetici
1632 1064 1847 1112 veteres

262 1147 695 1215 appellaverunt,
728 1148 864 1201 hanc
893 1147 1081 1202 Cicero
1110 1146 1402 1215 deﬁniens,
1434 1147 1735 1203 disserendi
1765 1150 1847 1202 di-

260 1238 518 1308 ligentem
548 1240 807 1294 rationem
834 1238 1061 1293 vocavit.
1095 1238 1227 1295 Haec
1243 1238 1396 1299 vario
1418 1238 1576 1294 modo
1594 1254 1624 1293 a
1655 1239 1847 1308 pleris-

260 1346 374 1401 que
395 1340 617 1387 tractata
639 1341 745 1399 est,
768 1335 1021 1401 varioque
1044 1333 1203 1389 etiam
1227 1332 1489 1389 vocabulo
1516 1344 1842 1403 nuncupata.

262 1425 338 1482 Ut
375 1426 517 1481 enim
555 1424 755 1481 dictum
795 1435 908 1490 est,
940 1440 969 1478 a
999 1425 1369 1494 Peripateticis
1401 1425 1514 1480 haec
1544 1426 1681 1480 ratio
1720 1426 1845 1479 dili-

262 1534 397 1589 gens
426 1518 733 1575 disserendi
757 1515 930 1588 logice
961 1527 1200 1581 vocatur,
1231 1520 1511 1575 continens
1539 1520 1589 1573 in
1612 1534 1668 1573 se
1691 1519 1844 1571 inve-

262 1610 448 1667 niendi
472 1610 851 1679 judicandique
883 1611 1147 1680 peritiam.
1180 1611 1346 1666 Stoici
1375 1626 1502 1665 vero
1534 1611 1669 1665 hanc
1697 1624 1844 1665 cam-

262 1706 391 1763 dcm
416 1706 681 1762 rationem
717 1706 1013 1761 disserendi
1042 1708 1200 1775 paulo
1222 1709 1496 1777 augustius
1526 1718 1843 1771 tractavere.

260 1798 395 1854 nihil
427 1799 568 1854 enim
598 1798 666 1855 de
703 1799 1008 1853 inventione
1038 1797 1343 1854 laborantes
1367 1839 1382 1864 ,
1411 1799 1466 1853 in
1500 1800 1610 1855 sola
1639 1809 1841 1855 tantum

1956 606 2254 673 Specierum
2283 609 2619 675 collectione,
2662 624 2751 665 aut
2778 610 3085 684 dividimus,
3116 629 3207 672 aut
3248 621 3405 675 etiam
3439 623 3535 675 de-

1957 697 2189 752 linimus.
2224 698 2339 753 Jam
2373 715 2499 755 vero
2528 700 2573 777 si
2600 703 2741 757 absit
2768 703 3023 771 inventio,
3060 709 3241 777 nequit
3280 726 3397 765 esse
3423 714 3533 768 col-

1956 785 2133 841 lectio.
2183 788 2296 843 Non
2342 790 2443 845 erit
2493 791 2649 859 igitur
2698 796 3021 861 necessaria,
3062 813 3159 853 nec
3201 801 3529 871 verisimilis,

1955 891 2053 931 nec
2082 879 2368 947 sophistica
2400 884 2788 951 argumentatio
2819 902 2833 939 :
2868 887 2981 940 lizec
3022 888 3163 942 enim
3211 889 3305 943 tria
3351 892 3537 948 inven.

1952 972 2081 1027 tioui
2106 974 2507 1044 superveniunt,
2532 983 2585 1029 ut
2607 976 2688 1031 vel
2718 980 3096 1044 necessarium,
3122 982 3201 1036 vel
3230 984 3525 1050 probabile,

1951 1064 2035 1118 vel
2072 1065 2459 1119 cavillatoriuni
2505 1066 2574 1120 sit
2607 1079 2996 1137 argumentum.
3028 1070 3329 1128 Necessitas
3360 1075 3533 1129 enim-

1950 1172 2100 1223 vero,
2138 1169 2193 1213 et
2238 1159 2604 1228 probabilitas,
2651 1168 2704 1215 et
2743 1161 3005 1215 cavillatio
3055 1163 3239 1219 formae
3285 1167 3436 1236 quted
3478 1183 3528 1221 m

1951 1262 2093 1318 sunt,
2138 1268 2255 1322 quae
2298 1252 2423 1306 dum
2467 1252 2857 1307 inventionibus
2906 1254 3180 1319 assistunt,
3223 1261 3528 1314 necessaria

1949 1342 2033 1396 vel
2078 1343 2367 1411 probabilia
2418 1344 2500 1397 vel
2558 1343 2887 1398 cavillatoria
2938 1344 3138 1401 faciunt
3190 1342 3525 1420 argumenta.

1950 1432 2147 1487 Eadem
2176 1448 2385 1502 quoque
2406 1435 2541 1489 ratio
2568 1435 2879 1503 partitiones
2908 1436 3351 1510 deﬁnitionesque
3381 1457 3526 1495 rom-

1947 1524 2216 1594 plectitur.
2270 1523 2558 1580 lndiscreta
2604 1542 2835 1596 namque
2891 1527 3209 1584 inventionis
3256 1543 3521 1605 potestas,

1948 1632 2067 1670 cum
2099 1614 2397 1679 difﬁnitiva,
2432 1624 2541 1671 tum
2571 1618 2851 1673 divisibilis
2893 1621 3146 1688 appellari
3179 1633 3370 1692 potest,
3401 1641 3522 1679 cum

1947 1711 2261 1767 deﬁniendis
2303 1712 2660 1780 partiendisve
2702 1714 2862 1768 rebus
2905 1715 3210 1770 adhibetur.
3248 1717 3376 1784 Quae
3424 1719 3523 1773 hoc

1950 1802 2107 1855 modo
2138 1817 2203 1856 ex
2240 1802 2559 1859 inventionis
2590 1804 2811 1858 materia
2836 1814 2891 1858 et
2918 1804 3338 1862 differentiarum
3362 1789 3522 1877 supra

260 1892 590 1961 iudicatione
615 1893 950 1956 consiStunt,
978 1892 1150 1956 deque
1176 1907 1239 1946 ea
1276 1902 1540 1961 praecepta
1588 1893 1840 1959 multipli-
1870 1885 1921 1946 B
1947 1893 2238 1961 positarum
2270 1893 2436 1947 forma
2465 1894 2759 1963 composita
2790 1910 2975 1950 rursus
3014 1895 3324 1966 judicationi
3358 1910 3525 1956 mate-

257 1984 397 2041 citer
417 1985 626 2051 dantes,
656 1985 989 2040 dialecticam
1013 1994 1469 2052 nuncupaverunt.
1499 1986 1651 2040 Plato
1678 1987 1840 2041 etiam

257 2077 595 2133 dialecticam
624 2086 780 2131 vocat
810 2077 1114 2131 facultatem
1144 2093 1262 2147 quae
1296 2077 1346 2132 id
1389 2079 1530 2149 quod
1557 2095 1718 2135 unum
1759 2090 1842 2136 est

258 2174 433 2241 possit
459 2173 509 2225 in
540 2172 691 2240 plura
714 2172 919 2241 partiri,
950 2173 1106 2226 veluti
1133 2173 1268 2227 solet
1289 2188 1457 2241 genus
1481 2189 1575 2242 per
1597 2175 1841 2245 proprias

258 2268 589 2323 dilferentias
620 2283 785 2339 usque
815 2267 879 2320 ad
912 2268 1128 2321 ultimas
1151 2268 1358 2335 speries
1388 2268 1646 2337 separari,
1680 2277 1840 2338 atque

258 2376 325 2414 ca
351 2376 469 2427 qua
503 2360 668 2414 multa
699 2369 853 2423 sunt,
890 2360 939 2412 in
973 2374 1136 2413 unum
1162 2374 1415 2429 generum
1459 2361 1664 2414 ratione
1690 2361 1842 2415 colli-

258 2467 407 2523 gere.
441 2452 589 2507 ilanc
620 2453 781 2523 igitur
804 2452 958 2507 Plato
978 2452 1310 2507 dia'ecticam
1339 2452 1493 2514 dicit;
1523 2453 1841 2509 Aristoteles

258 2556 390 2600 vero
421 2545 647 2614 logicam
678 2558 859 2609 vocat,
884 2562 1043 2611 quam
1067 2547 1150 2615 (ut
1179 2545 1378 2599 dictum
1406 2546 1510 2614 est)
1534 2544 1722 2600 Cicero
1745 2546 1841 2599 de-

256 2635 434 2692 ﬁnivit
461 2636 774 2706 diligentem
805 2638 1101 2692 disserendi
1135 2638 1416 2691 rationem.
1455 2638 1522 2691 Et
1553 2635 1710 2706 hujus
1736 2651 1843 2693 uno

258 2728 471 2798 quidem
502 2728 660 2785 modo
698 2729 833 2783 trina
870 2731 1085 2796 partitio
1120 2739 1204 2783 est
1231 2747 1243 2781 :
1272 2730 1447 2783 omnis
1492 2744 1717 2799 namque
1756 2728 1841 2784 vis

259 2819 449 2889 logica:
490 2819 791 2888 disciplina:
831 2828 923 2873 aut
970 2820 1153 2874 deﬁnit
1205 2819 1440 2888 aliquid,
1469 2828 1560 2873 aut
1584 2819 1835 2886 partitur,

258 2923 353 2967 aut
392 2911 613 2980 colligit.
643 2911 941 2980 Colligendi
966 2922 1147 2987 autem
1181 2910 1405 2965 facultas
1434 2910 1629 2979 triplici
1656 2911 1839 2965 diver-

254 3008 419 3062 sitate
448 3015 703 3061 tractatur
727 3023 739 3060 :
768 3013 860 3058 aut
888 3002 1037 3060 "enim
1066 3007 1209 3059 veris
1241 3019 1304 3058 ac
1335 3004 1653 3059 necessariis
1681 3018 1841 3075 argu-

253 3087 678 3157 mentationibus
706 3100 996 3169 disputatio
1024 3098 1301 3166 decurrit,
1342 3104 1395 3153 et
1438 3095 1720 3164 disciplina
1754 3096 1836 3151 vel

252 3191 645 3246 demonstratio
673 3200 1044 3261 nuncupatur;
1074 3198 1166 3245 aut
1194 3198 1400 3244 tantum
1438 3188 1832 3257 probabilibus,

251 3290 310 3339 et
330 3281 609 3337 dialectica
645 3283 875 3346 dicitur;
906 3291 997 3336 aut
1024 3283 1365 3348 apertissime
1387 3280 1558 3345 falsis,
1580 3288 1635 3335 et
1658 3280 1841 3351 svphi-

252 3374 412 3434 stica.
457 3372 508 3427 id
552 3382 655 3437 est,
693 3372 1021 3428 cavillatoria
1060 3373 1387 3440 perhibetur.
1433 3374 1622 3444 Logica
1656 3371 1836 3444 igitur,

255 3478 380 3533 quae
403 3470 488 3518 est
516 3463 706 3532 peritia
730 3463 1053 3525 disserendi,
1088 3464 1172 3519 vel
1194 3464 1262 3520 de
1290 3464 1632 3531 dilﬁnitione,
1661 3466 1741 3520 vel
1771 3464 1841 3521 de

253 3553 569 3624 partitione,
594 3554 676 3609 vel
708 3554 776 3610 de
803 3555 1145 3622 collectione,
1188 3555 1238 3609 id
1267 3563 1369 3620 εει,
1404 3555 1485 3610 vel
1515 3555 1584 3611 de
1611 3556 1752 3610 veris
1779 3569 1841 3610 ac

253 3646 597 3711 necessariis,
629 3646 713 3707 vel
743 3647 813 3703 de
832 3648 1222 3716 probabilibus,
1254 3647 1305 3702 id
1329 3657 1411 3702 est
1434 3647 1841 3714 verisimilibus,

253 3736 344 3791 vel
371 3736 440 3791 de
468 3736 799 3807 sophisticis,
824 3738 874 3793 id
907 3748 1009 3804 est,
1043 3738 1391 3794 cavillatoriis
1419 3741 1840 3808 argumentatio-

256 3828 421 3885 nibus
449 3837 660 3895 tractat,
694 3831 789 3887 bas
816 3831 961 3885 enim
984 3831 1319 3888 collectionis
1360 3818 1536 3901 partes
1565 3846 1682 3889 esse
1706 3834 1841 3902 pra:-

253 3922 514 3977 diaimus.
554 3926 729 3991 Atque
759 3922 873 3979 hate
903 3932 984 3977 est
1012 3938 1112 3977 una
1146 3923 1329 3993 logica:
1359 3922 1610 3993 partitio,
1655 3924 1706 3979 in
1738 3938 1843 3993 qua

252 4015 595 4070 dialecticam
633 4014 951 4071 Aristoteles
989 4025 1147 4071 vocat
1186 4015 1490 4071 facultatem
1524 4030 1620 4084 per
1649 4014 1844 4083 proba-

250 4107 385 4163 bilia
407 4106 711 4177 colligendi.
745 4108 950 4165 Rursus
978 4105 1222 4176 ejusdem
1251 4107 1436 4176 logica:
1462 4107 1629 4161 altera
1650 4106 1843 4163 divisio

254 4207 367 4263 est,
401 4212 497 4267 per
523 4212 681 4265 quam
703 4198 977 4257 diducitur
1001 4208 1109 4257 tota
1130 4197 1359 4268 diligens
1386 4198 1522 4253 ratio
1543 4196 1843 4254 disserendi

254 4293 315 4345 in
342 4292 474 4345 duas
490 4301 690 4361 partes,
709 4305 867 4346 unam
885 4290 1214 4355 inveniendi,
1244 4299 1298 4345 et
1313 4290 1533 4345 alteram
1546 4288 1841 4358 judicandi.

252 4386 324 4440 .ld
356 4396 534 4441 autem
565 4386 780 4441 videtur
819 4385 978 4449 etiam
1021 4385 1135 4454 ipsa
1176 4383 1373 4452 logices
1409 4381 1650 4438 deﬁnitio
1694 4396 1848 4436 mone

254 4487 455 4541 stram,
474 4492 594 4531 nam
612 4478 738 4548 quia
752 4475 923 4546 logica
940 4476 1077 4530 ratio
1090 4474 1389 4531 disserendi
1412 4482 1515 4539 est,
1540 4490 1646 4529 non
1666 4479 1849 4545 potest

252 4568 334 4623 ab
366 4569 671 4633 inventione
690 4582 813 4623 esse
831 4576 1097 4637 separata.
1126 4565 1263 4623 Cum
1290 4567 1431 4622 enim
1464 4581 1622 4623 nemo
1650 4574 1847 4635 prieter

1946 1984 2039 2037 rice
2065 1982 2195 2038 ﬁunt
2223 2001 2235 2039 :
2265 2000 2385 2039 nam
2427 1986 2572 2055 prior
2611 1986 2699 2042 illa
2739 1985 2976 2057 partitio,
3008 1988 3177 2059 logice
3206 1990 3375 2047 tribus
3400 2008 3523 2061 par-

1948 2076 2086 2130 tibus
2117 2087 2414 2148 segregata,
2449 2079 2517 2133 ita
2545 2093 2727 2149 partes
2753 2080 3006 2151 explicat,
3030 2091 3089 2136 ut
3116 2082 3304 2138 habeat
3339 2085 3526 2141 inven-

1946 2170 2143 2223 tionem
2184 2171 2458 2227 materiam
2504 2173 2852 2243 singularum,
2896 2176 3008 2244 ipsa
3039 2191 3166 2228 vero
3207 2177 3522 2247 judicationi

1943 2264 2220 2317 materiam
2268 2272 2501 2332 praestat.
2556 2266 2762 2320 Etenim
2809 2280 2929 2320 cum
2970 2266 3154 2322 deﬁnit
3191 2269 3403 2338 aliquis,
3434 2271 3520 2327 vei

1943 2353 2020 2407 rei
2050 2354 2336 2423 proposita:
2366 2355 2682 2411 divisionem
2724 2357 2871 2422 facit,
2904 2358 3107 2414 invenit
3131 2361 3345 2429 quidem
3377 2362 3518 2417 divi-

1942 2445 2078 2500 sioni
2121 2446 2523 2517 deﬁnitionique
2561 2449 2888 2504 diﬁ‘erentias
2935 2453 3384 2518 accommodatas,
3425 2454 3519 2509 sed

1943 2549 2009 2589 an
2042 2544 2185 2590 recte
2224 2536 2307 2590 vel
2352 2536 2597 2602 dil‘ﬁniat,
2634 2538 2715 2592 vel
2763 2539 2983 2607 dividat,
3029 2539 3359 2609 judicatione
3396 2557 3519 2610 per-

1942 2628 2145 2695 pendit.
2183 2627 2257 2681 ita
2288 2628 2494 2698 priores
2525 2628 2708 2697 legirm
2735 2639 2914 2698 partes
2954 2631 3203 2686 secundae
3242 2632 3520 2687 divisionis

1943 2719 2179 2775 membra
2229 2720 2577 2791 conjungunt,
2624 2733 2679 2776 ut
2724 2724 2998 2777 materiam
3045 2725 3258 2792 quidem
3298 2726 3377 2779 sui
3419 2726 3518 2778 ha-

1945 2812 2102 2866 beant
2133 2812 2515 2874 iuvcntionem.
2553 2813 2868 2881 judicationi
2910 2829 3040 2869 vero
3078 2816 3205 2869 ﬁant
3243 2817 3373 2885 ipsze
3405 2833 3521 2873 ma-

1943 2906 2095 2959 ter-ia.
2129 2904 2279 2972 Quod
2312 2905 2364 2959 in
2397 2906 2595 2976 reliqua
2628 2906 2788 2962 etiam
2820 2907 3099 2978 colligendi
3131 2920 3281 2970 parte
3304 2911 3518 2964 contin-

1941 2998 2036 3067 git,
2074 3012 2193 3051 naui
2222 3006 2275 3051 et
2305 3010 2365 3050 ea
2396 3012 2514 3066 qua;
2540 2998 2606 3052 de
2648 2998 3008 3067 probabilibus
3036 3008 3246 3064 tractat,
3282 3002 3439 3055 habet
3466 3002 3535 3057 ει

1944 3086 2254 3142 inveniendi
2301 3088 2632 3157 suppositam
2688 3092 2993 3154 materiam,
3039 3106 3157 3160 quae
3206 3094 3517 3148 veris-milia

1942 3180 2139 3250 reperit
2168 3191 2497 3251 argumenta.
2530 3190 2583 3235 et
2609 3181 2678 3237 de
2709 3181 3010 3252 hujusmodi
3038 3197 3350 3254 argumento
3374 3186 3520 3256 judi-
3596 3250 3603 3265 θ

1866 3258 1916 3326 C
1943 3274 2083 3329 catio
2110 3274 2409 3343 perpendit.
2440 3275 2531 3329 Est
2557 3275 2699 3331 enim
2723 3274 2979 3345 judicium
3008 3276 3111 3331 boc
3139 3278 3307 3346 ipsum
3350 3280 3520 3334 inter-

1946 3368 2227 3433 noscendi,
2278 3368 2419 3438 quod
2467 3383 2571 3423 non
2620 3370 2919 3424 necessaria
2973 3370 3211 3426 inventio
3262 3383 3372 3438 εει,
3424 3375 3520 3429 sed

1945 3459 2460 3516 verisimilitudinem
2513 3469 2675 3517 tenet.
2724 3460 2809 3514 liia
2859 3476 3070 3531 quoque
3125 3478 3245 3531 pars
3291 3480 3408 3535 quae
3451 3465 3523 3519 de

1945 3552 2266 3607 necessariis
2309 3550 2860 3622 argumentationibus
2893 3561 3121 3622 aptatur.
3156 3553 3315 3611 habet
3342 3555 3524 3624 subje-

1944 3654 2084 3697 ctam
2121 3642 2398 3697 materiam
2439 3644 2755 3697 necessariae
2793 3643 3137 3711 inventionis,
3173 3646 3392 3716 ejusque
3438 3654 3523 3701 est

1938 3734 2218 3804 judicium,
2248 3743 2304 3789 ut
2332 3747 2454 3789 cum
2498 3736 2799 3789 necessaria
2839 3745 2963 3789 sunt
3002 3751 3121 3804 quze
3152 3738 3376 3804 invenit,
3420 3752 3519 3793 ne-

1945 3825 2175 3880 cessaria
2216 3839 2425 3895 quoque
2460 3840 2580 3880 esse
2622 3827 2936 3896 perpendat.
2968 3829 3074 3884 Nec
3100 3845 3205 3885 non
3234 3830 3518 3886 cavillandi

1947 3931 2068 3985 pars
2109 3924 2331 3987 utraque
2360 3917 2412 3971 in
2445 3931 2505 3973 se
2529 3918 2789 3984 continet,
2820 3920 3247 3992 quandoquidem
3281 3932 3335 3978 et
3366 3925 3515 3979 inve-

1948 4008 2047 4061 niri
2080 4007 2208 4062 falsa
2238 4017 2484 4077 possunt,
2516 4017 2570 4064 et
2600 4008 2728 4064 falsa
2757 4025 2877 4066 esse
2917 4012 3237 4081 judiratione
3263 4014 3520 4071 discerni.

1947 4099 2062 4165 Quo
2089 4100 2147 4155 ﬁt
2173 4108 2231 4154 ut
2258 4101 2402 4169 prior
2431 4101 2630 4171 logices
2657 4101 2849 4158 divisio
2886 4106 3172 4159 secundam
3203 4108 3363 4163 etiam
3389 4123 3524 4164 con-

1950 4189 2119 4246 tinere
2139 4192 2382 4248 videatur
2400 4209 2415 4249 :
2433 4207 2555 4248 nam
2576 4194 2836 4262 deﬁnitio,
2864 4197 3075 4265 partitio
3094 4206 3255 4269 atque
3274 4202 3535 4258 collectio

1951 4283 2314 4339 inventionem
2339 4285 2614 4340 continent
2643 4294 2696 4339 et
2719 4285 2999 4354 judicium,
3033 4290 3155 4359 quia
3200 4305 3372 4363 neque
3403 4294 3525 4349 exi.

1951 4386 2093 4433 stere
2133 4387 2325 4447 praeter
2355 4379 2740 4447 inventionem,
2775 4396 2947 4452 neque
2975 4386 3188 4454 agnosci
3217 4396 3412 4455 praeter
3432 4389 3522 4457 ju-

1951 4469 2146 4523 dicium
2175 4481 2418 4539 possunt.
2449 4472 2554 4528 Sed
2581 4488 2701 4529 cum
2733 4474 2908 4529 omnis
2938 4476 3175 4533 inventio
3214 4479 3528 4548 judicationi

1950 4563 2187 4633 subjecta
2231 4566 2322 4632 sit,
2362 4581 2589 4638 cumque
2638 4569 2834 4639 prioris
2869 4570 3145 4626 divisionis
3188 4566 3368 4642 partes
3411 4577 3531 4631 sine

254 4661 639 4716 inventionem
662 4660 928 4717 disserere
951 4660 1153 4730 possit,
1176 4658 1478 4717 disserendi
1501 4659 1636 4714 ratio
1659 4658 1849 4715 inven-
1871 4645 1930 4711 Β
1954 4666 2176 4726 utroque
2219 4672 2340 4715 esse
2376 4675 2481 4715 non
2527 4661 2752 4730 possint,
2786 4666 2965 4719 evenit
3005 4673 3065 4720 ut
3106 4668 3273 4735 prima
3314 4669 3531 4738 partitio

250 4755 429 4810 tionis
454 4763 538 4810 est
567 4754 739 4817 ratio.
763 4753 968 4809 Rursus
1007 4753 1259 4823 quoniam
1294 4752 1464 4823 logice
1498 4752 1725 4820 diligens
1765 4758 1849 4806 est

251 4846 403 4901 ratio
420 4844 742 4913 disserendi,
757 4845 900 4900 abea
915 4843 1171 4914 judicium
1190 4858 1295 4898 non
1314 4851 1486 4913 potest
1500 4843 1708 4906 abesse,
1731 4840 1846 4910 ipsa

250 4941 407 4995 enim
432 4938 706 5009 diligentia
735 4938 957 4993 rationis
980 4937 1034 4991 in
1056 4936 1372 4992 disserendo
1398 4937 1570 5005 posita
1588 4932 1847 5002 judicium

248 5041 364 5090 est.
407 5032 590 5105 Neque
632 5033 774 5088 enim
818 5038 994 5099 potest
1038 5031 1318 5101 quisquam
1360 5029 1644 5097 diligenter
1677 5026 1850 5081 disse.

247 5140 403 5191 rere,
437 5125 539 5180 nisi
567 5124 725 5195 quale
751 5124 822 5179 sit
843 5123 1167 5193 judicaverit
1195 5121 1245 5177 id
1276 5120 1418 5189 quod
1451 5121 1501 5173 iu
1534 5118 1847 5188 disputatio-

247 5237 384 5277 nem
430 5219 677 5274 sumitur.
717 5218 870 5284 Quod
915 5217 959 5271 si
1006 5216 1071 5270 ad
1104 5212 1404 5269 disserendi
1433 5212 1675 5266 ordinem
1714 5210 1845 5265 dili-

242 5313 438 5383 gentia
466 5310 691 5366 rationis
725 5310 1034 5371 adhibetur,
1067 5320 1173 5361 uon
1216 5313 1297 5360 cst
1324 5304 1543 5358 dubium
1574 5303 1699 5371 quin
1744 5301 1844 5358 hoc

236 5401 510 5473 judicium
559 5401 626 5456 ad
665 5394 1040 5457 inventionum
1083 5394 1392 5450 varietatem
1437 5393 1506 5453 sit
1543 5407 1845 5447 accommo-

239 5492 461 5547 datum.
513 5492 605 5545 llis
646 5489 806 5560 igitur
847 5490 918 5543 ita
960 5485 1249 5556 expeditis,
1292 5482 1576 5537 videndum
1616 5492 1716 5547 est,
1759 5481 1842 5537 hic

241 5584 567 5649 divisiones,
595 5596 827 5653 quanam
857 5596 918 5635 se
943 5578 1265 5648 cognatione
1295 5578 1622 5645 contingant.
1656 5574 1844 5630 inven-

241 5680 334 5733 tio
378 5678 577 5748 quippe
621 5676 831 5732 czcteris
883 5673 1153 5735 omnibus,
1200 5671 1363 5725 veluti
1415 5669 1663 5725 materia:-
1702 5670 1841 5734 loco,

246 5768 603 5838 supponitur,
630 5768 731 5823 hoc
753 5766 932 5821 modo.
963 5763 1072 5820 Nisi
1094 5764 1237 5817 enim
1267 5761 1503 5817 inventio
1529 5759 1708 5823 fuerit,
1737 5773 1843 5817 non

241 5869 431 5938 potest
453 5874 575 5917 esse
607 5860 689 5916 vel
717 5858 981 5925 deﬁnitio,
1010 5856 1092 5914 vel
1112 5854 1351 5927 partitio,
1375 5852 1845 5926 quoniamunum-

1954 4750 2316 4807 inventionem
2361 4752 2721 4825 judiciumque
2761 4757 3067 4828 conjuugat.
3112 4760 3358 4817 Secunda
3398 4776 3528 4818 vero

1954 4847 2068 4903 haec
2093 4849 2310 4915 divisio,
2344 4862 2446 4921 qua
2475 4850 2663 4906 Cicero
2697 4844 2855 4907 etiam
2902 4854 3125 4923 partitur
3154 4856 3399 4925 logicam,
3436 4871 3527 4911 se-

1953 4947 2138 5009 gregat
2162 4939 2466 5009 huiusmodi
2495 4941 2792 5011 facultates,
2825 4954 2881 4999 et
2917 4945 3218 5001 inveniendi
3248 4948 3527 5002 materiam

1953 5044 1981 5085 a
2009 5031 2349 5099 judicationis
2394 5043 2543 5101 parte
2581 5036 2829 5091 secernit.
2866 5037 3130 5092 Iudicium
3160 5053 3305 5103 vero,
3336 5039 3386 5093 in
3418 5040 3533 5095 col-

1954 5121 2148 5191 ligendi
2195 5123 2401 5179 ratione
2449 5124 2688 5193 proprias
2738 5135 2916 5193 partes
2964 5128 3143 5195 habet,
3186 5145 3307 5184 nam
3348 5132 3528 5188 omnis

1951 5214 2365 5281 argumentatio,
2394 5216 2674 5285 omnisque
2701 5218 3043 5289 syllogismus
3072 5220 3529 5290 propositionibus

1950 5307 2190 5368 struitur,
2232 5319 2557 5377 omnemque
2593 5310 2948 5378 compositum
2979 5310 3085 5363 duo
3110 5310 3165 5365 in
3191 5324 3252 5366 se
3277 5312 3523 5382 quaedam

1950 5398 2166 5464 retinet,
2197 5412 2317 5467 qua:
2364 5399 2683 5467 speculanda
2723 5414 2843 5455 esse
2887 5400 3185 5456 videantur.
3215 5402 3281 5458 Et
3309 5404 3527 5474 quidem

1948 5490 2187 5543 continet
2214 5502 2376 5543 unum
2404 5503 2525 5559 quae
2548 5489 2635 5544 illa
2661 5490 2787 5549 siut.
2816 5504 2882 5545 es
2912 5489 3107 5558 quibus
3136 5490 3189 5546 id
3218 5493 3357 5562 quod
3380 5508 3530 5548 com-

1950 5580 2179 5648 positum
2219 5587 2305 5635 est
2340 5580 2667 5651 intelligatur
2704 5594 2827 5636 esse
2859 5595 3182 5649 connexum,
3219 5582 3358 5639 aliud
3398 5598 3528 5639 vero

1948 5686 2176 5742 quanam
2215 5671 2287 5727 sit
2321 5685 2537 5727 suarum
2579 5671 2803 5740 partium
2848 5669 3224 5740 conjunctione
3253 5676 3525 5745 composi-

1948 5774 2060 5819 tum
2095 5782 2107 5816 :
2144 5773 2200 5818 ut
2238 5764 2291 5818 in
2343 5764 2545 5832 pariete
2589 5763 2851 5832 siquidem
2902 5763 3107 5832 lapides
3148 5767 3294 5837 ipsos
3333 5767 3531 5837 quibus

1950 5857 2126 5927 paries
2154 5863 2389 5913 structus
2408 5863 2494 5915 est
2514 5854 2784 5924 inspicias,
2806 5856 2954 5928 quasi
2980 5859 3255 5921 materiam
3283 5867 3533 5931 spectes;
3598 5936 3605 5951 ι
