4036 6336
619 337 759 396 1047

1845 333 1955 394 ΛΝ.
1996 335 2202 393 MANL.
2247 337 2395 395 SEV.
2439 342 2662 401 ΒΟΒΤΙΙ

3695 363 3793 424 1οη

615 452 663 508 si
705 466 835 507 vero
875 449 1116 504 ordinem
1153 446 1703 517 compositionemque
1727 444 1990 517 junctura:
2021 448 2197 504 consi-
2227 452 2279 512 Α
2306 467 2395 520 ne,
2419 472 2577 526 quam
2598 458 2809 528 topicen
2834 461 3091 531 appellari
3110 460 3351 529 diximus,
3378 464 3651 525 ordiendum
3668 485 3793 542 putat.

619 546 801 610 deres,
835 552 1082 609 tanquam
1126 539 1193 594 de
1240 541 1423 593 forma:
1455 539 1661 594 ratione
1691 540 2010 610 perpendas.
2044 541 2116 596 Ita
2150 544 2201 597 in

619 630 1175 701 argumentationibus
1201 645 1333 701 quas
1363 629 1814 700 prOpositionibus
1843 634 2205 703 compaginari

614 736 775 796 atque
807 726 1057 801 coniungi
1089 739 1249 792 supra
1280 724 1584 789 retulimus,
1616 723 1825 791 gemina
1867 725 1969 780 erit
2015 716 2217 795 specuo'

615 819 831 872 lationis
876 828 929 871 et
969 816 1241 885 iudicandi
1294 815 1397 871 via.
1455 814 1568 870 Una
1616 831 1735 885 quae
1782 817 2204 885 prapositionum

2393 547 2460 602 ιῖι
2500 551 2648 621 igitur
2696 566 2874 606 eorum
2921 569 3093 609 rerum
3139 572 3250 623 qua
3283 557 3565 615 absconditis
3609 577 3699 619 sunt
3730 570 3794 623 de.

2313 653 2597 698 monstrato
2632 654 2679 698 et
2720 655 2894 701 notato
2925 647 3038 701 loco
3081 647 3246 718 facilis
3291 650 3495 704 inventio
3523 664 3605 720 est,
3629 657 3685 710 sic
3714 675 3796 714 cum

2312 735 2652 806 pervestigare
2675 749 3031 808 argumentum
3053 740 3258 810 aliquod
3285 740 3518 810 uolumus,
3550 747 3661 801 locos
3692 767 3797 807 itane

2311 826 2567 883 debemus.
2622 829 2712 885 Sic
2751 832 2885 886 enim
2926 834 3199 903 appellata:
3248 844 3360 887 sunt
3403 834 3461 888 ab
3496 837 3714 892 Aristotele
3742 842 3796 897 lue

613 910 855 981 ipsarum
881 919 1124 965 naturam
1155 909 1415 963 discernit
1444 922 1507 964 ac
1539 908 1740 978 iudicat
1772 918 1945 965 utrum
1974 926 2115 967 vera:
2141 926 2206 968 ac
2308 920 2459 988 quasi
2495 922 2660 987 sedes,
2702 940 2730 977 e
2767 924 2950 993 quibus
2995 935 3291 996 argumenta
3335 936 3628 994 promuntur.
3670 928 3797 1000 Itaque

614 1000 935 1056 necessariae
969 1000 1096 1066 sint,
1128 1014 1196 1055 an
1224 998 1563 1064 verisimiles,
1597 1015 1665 1054 an
1693 1000 2001 1070 sophisticis
2031 1002 2201 1072 appli-

613 1104 825 1159 centur,
856 1102 911 1148 et
941 1093 1055 1148 lucc
1098 1092 1250 1164 quasi
1283 1093 1524 1149 materia;
1568 1093 1861 1163 speculatio
1887 1103 1989 1149 est.
2022 1096 2203 1151 Altera

613 1200 744 1240 vero
782 1185 969 1255 iudicii
1023 1201 1148 1257 pars
1197 1194 1280 1242 est
1323 1202 1441 1257 qua:
1488 1186 1627 1242 inter
1669 1202 1728 1243 sc
1773 1187 2202 1257 propositionum

608 1279 891 1348 iuncturas
939 1279 1464 1349 compositionesque
1519 1278 1828 1348 perpendit;
1884 1281 1996 1334 hmo
2049 1281 2202 1350 quasi

610 1371 837 1427 formam
879 1370 1084 1440 iudicat
1127 1380 1589 1441 argumentorum.
1632 1370 1760 1436 Quae
1800 1384 1922 1424 cum
1962 1371 2034 1424 ita
2072 1372 2200 1438 sint,

610 1464 717 1519 hoc
746 1462 905 1518 modo
943 1463 1001 1517 lit
1036 1463 1089 1518 in
1138 1464 1448 1518 continuum
1491 1462 1651 1518 ducta
1697 1463 1929 1531 partitio,
1973 1471 2032 1518 ut
2068 1465 2203 1519 ratio

612 1556 845 1626 diligens
875 1556 1193 1621 disserendi,
1225 1572 1384 1612 unam
1416 1556 1613 1612 habeat
1641 1556 1945 1612 inveniendi
1974 1566 2199 1627 partem,

611 1648 835 1705 alteram
863 1664 991 1703 vero
1013 1648 1308 1719 iudicandi.
1339 1649 1473 1703 Tum
1501 1648 1570 1704 de
1595 1649 1709 1718 ipsa
1735 1649 2061 1717 inventione,
2091 1660 2200 1703 tum

611 1740 680 1795 de
712 1739 1033 1795 inventionis
1058 1740 1431 1805 collocatione,
1464 1754 1585 1811 qua:
1612 1742 1781 1795 forma
1812 1748 1895 1795 est
1917 1754 2201 1811 argumen-

2310 1010 2427 1067 licet
2449 1014 2661 1082 deﬁnire
2686 1018 2854 1071 locum
2880 1032 2989 1073 esse
3017 1018 3297 1089 argumenti
3322 1021 3500 1083 sedem,
3524 1032 3795 1090 argumentum

2307 1112 2478 1159 autem
2502 1107 2772 1177 rationem,
2807 1124 2924 1178 qua:
2952 1112 3027 1163 rei
3057 1110 3224 1164 dubia:
3249 1110 3399 1180 faciat
3422 1112 3576 1180 ﬁdem.

2380 1216 2509 1274 Post
2535 1205 2857 1278 divisionem
2904 1222 3091 1293 logica:
3132 1223 3436 1294 disciplinae,
3468 1242 3605 1295 quam
3629 1227 3797 1300 diligen-

2309 1318 2416 1367 tem
2462 1311 2761 1370 disserendi
2812 1316 3074 1371 rationem
3122 1331 3242 1371 esse
3287 1316 3529 1387 deﬁnivit,
3564 1321 3621 1375 de
3655 1322 3794 1390 topiee,

2306 1418 2429 1472 qua:
2460 1405 2762 1462 inveniendi
2792 1422 2881 1462 ars
2911 1421 3032 1464 esse
3065 1408 3313 1478 praedicta
3344 1419 3441 1475 est,
3471 1412 3684 1478 expedire
3705 1428 3797 1466 cott-

2308 1492 2499 1549 tendit.
2546 1497 2626 1552 Ac
2666 1497 2896 1567 primum
2928 1498 3054 1569 quid
3084 1500 3191 1554 sint
3219 1486 3341 1567 loci,
3371 1504 3579 1557 termino
3603 1503 3799 1559 deﬁnitio-

2307 1587 2391 1642 nis
2424 1587 2671 1655 inoludit,
2705 1580 2929 1662 ejusque
2957 1592 3090 1648 artis
3119 1609 3236 1663 quae
3268 1594 3436 1663 topice
3464 1595 3633 1650 dicitur
3669 1612 3797 1650 excato

2308 1679 2379 1749 pii
2406 1684 2635 1750 quadam
2665 1684 2907 1740 claritate
2936 1684 3183 1755 designat
3215 1686 3566 1763 intentionem.
3600 1686 3675 1742 Est
3697 1688 3796 1742 cuitu

2288 1772 2511 1841 ’topiccs
2540 1774 2786 1840 intentio,
2817 1786 3257 1846 argumentorum
3290 1775 3454 1832 facilis
3482 1778 3695 1834 inventio.
3716 1776 3796 1833 Non

611 1823 853 1939 talionis.
886 1838 1061 1939 Αιςιυθ
1091 1848 1155 1939 ἥδ
1184 1833 1426 1939 (Ιυίίξθηξ.
1444 1849 1568 1939 βπ
1611 1849 1729 1904 qui”
1777 1834 1845 1889 de
1892 1834 2201 1939 ίηνθθιίθξξθ
2230 1843 2278 1904 Β
3171 1823 3320 1937 quod
3344 1823 3675 1924 Ῐεδῖιιζὶυῖέῆε
3695 1823 3798 1939 ing:

610 1927 789 1993 docet,
822 1928 1068 1998 quasdam
1114 1927 1511 1983 inventionibus
1556 1927 1912 1984 instrumenta
1950 1926 2200 1997 suppedi-

610 2029 711 2087 tat,
742 2032 796 2075 et
825 2031 1044 2076 vocatur
1073 2019 1250 2091 topice
1283 2038 1296 2075 :
1327 2036 1424 2076 cur
1453 2030 1631 2077 autem
1674 2022 1776 2076 hoc
1817 2020 2030 2076 nomine
2061 2036 2199 2074 nun-

609 2124 802 2183 cupata
831 2110 923 2180 sit,
958 2114 1226 2182 posterius
1256 2112 1452 2168 dicam.
1505 2111 1594 2167 illa
1639 2127 1766 2167 vero
1815 2128 1935 2182 pars
1981 2128 2097 2182 qua:
2146 2112 2198 2167 in

608 2205 896 2261 indicando
946 2207 1120 2277 posita
1170 2216 1273 2273 est,
1306 2206 1563 2277 quasdam
1608 2207 1943 2263 discernendi
1989 2208 2200 2277 regulas

607 2301 1000 2366 subministrat,
1036 2311 1092 2358 et
1136 2312 1359 2358 vocatur
1384 2302 1681 2374 analytice;
1710 2313 1764 2360 et
1792 2305 1836 2358 si
1860 2304 1926 2361 de
1957 2305 2200 2375 proposi-

610 2393 813 2447 tionum
839 2394 1090 2462 junctura
1112 2395 1439 2462 consideret,
1465 2396 1729 2467 analytice
1758 2398 1929 2467 prior;
1957 2398 2038 2452 sin
2070 2414 2197 2453 vero

607 2485 676 2539 de
720 2485 850 2553 ipsis
899 2468 1299 2541 inventionibus
1348 2496 1560 2553 tractet,
1603 2503 1668 2544 ea
1708 2489 1921 2559 quidem
1954 2504 2076 2559 pars
2105 2490 2194 2545 ubi

606 2578 675 2633 de
704 2578 1073 2634 discernendis
1102 2580 1423 2636 necessariis
1453 2583 1783 2650 argumentis
1810 2582 2029 2645 dicitur,
2060 2597 2195 2638 ana-

606 2668 765 2736 lyticc
815 2671 1078 2738 posterior
1127 2679 1495 2738 nuncupatur;
1535 2686 1599 2726 ea
1630 2688 1757 2727 vero
1790 2689 1907 2743 qtae
1947 2673 2014 2727 de
2044 2673 2194 2729 falsis

603 2770 763 2828 atque
801 2761 1166 2828 cavillatoriis,
1201 2762 1252 2816 id
1283 2771 1367 2818 est
1401 2762 1469 2818 de
1501 2764 1826 2834 sophisticis,
1855 2765 2083 2820 elenchi.
2117 2765 2193 2821 De

602 2852 973 2907 verisimilium
1003 2868 1130 2908 vero
1159 2855 1680 2924 argumentationum
1715 2855 1916 2926 judicio
1945 2857 2074 2911 nihil
2106 2858 2191 2913 vi-

603 2942 761 2997 detur
788 2958 909 2998 csse
941 2951 1243 3010 tractatum,
1290 2944 1490 3000 idcirco
1535 2934 1784 3015 quoniam
1818 2946 1969 3015 plana
1999 2957 2082 3003 est
2109 2957 2192 3002 at-

514 3032 521 3041 ’
603 3050 708 3103 que
737 3035 985 3103 expedita
1017 3036 1151 3089 ratio
1178 3035 1455 3104 iudicandi
1485 3037 1553 3093 de
1590 3038 1896 3103 medietate,
1922 3054 2042 3094 cum
2069 3039 2190 3108 quis

601 3136 843 3182 extrema
875 3128 1201 3196 cognoverit.
1248 3128 1303 3183 Si
1344 3130 1485 3183 enim
1522 3130 1644 3201 quis
1683 3130 1977 3201 diiudicare
2005 3148 2192 3187 neces-

2306 1954 2400 2019 nii,
2442 1955 2537 2011 sed
2560 1956 2769 2013 facilius
2800 1958 3082 2015 invenire:
3114 1961 3295 2016 omnis
3317 1961 3505 2031 quippe
3529 1975 3604 2015 ars
3627 1960 3798 2016 imitatur

2305 2054 2572 2116 naturam,
2594 2059 2753 2120 atque
2771 2051 2839 2105 ah
2864 2051 2964 2107 hac
2989 2053 3211 2108 materia
3230 2062 3488 2122 suscepta,
3509 2052 3702 2107 rationes
3719 2053 3797 2122 ipsa

2303 2138 2551 2211 viamque
2581 2143 2905 2212 conformat,
2933 2156 2987 2201 ut
3013 2161 3134 2201 cum
3164 2146 3375 2202 facilius
3396 2146 3445 2202 id
3468 2147 3591 2217 quod
3610 2160 3683 2200 ars
3695 2161 3799 2215 qure-

2250 2306 2257 2311 _
2301 2247 2406 2302 que
2452 2235 2745 2304 promittit,
2797 2245 2907 2292 tum
2960 2237 3257 2308 elegantius
3298 2240 3406 2305 fiat,
3441 2239 3571 2293 velut
3607 2238 3795 2307 parietem

2300 2332 2511 2379 struere
2537 2328 2797 2383 naturalis
2826 2329 3020 2400 ingenii
3052 2340 3157 2395 est,
3184 2329 3282 2385 sed
3313 2339 3425 2385 arte
3454 2331 3507 2384 tit
3531 2329 3701 2384 melius.
3728 2330 3794 2383 Αι-

2300 2428 2608 2485 gumentum
2626 2430 2805 2476 autem
2834 2424 2970 2477 ratio
2989 2432 3072 2478 est
3091 2438 3211 2493 quae
3234 2424 3310 2479 rei
3333 2422 3497 2478 dubia:
3519 2420 3649 2477 faciat
3666 2420 3794 2473 fidem.

2300 2508 2463 2565 Multa
2494 2512 2636 2568 enim
2664 2523 2786 2569 sunt
2807 2530 2927 2584 qua:
2955 2514 3156 2571 faciunt
3179 2514 3360 2579 fidem,
3386 2515 3475 2570 sed
3494 2514 3599 2584 quia
3625 2512 3796 2566 rationes

2300 2613 2573 2674 nonsunt,
2599 2620 2666 2661 ne
2687 2617 2999 2678 argumenta
3017 2609 3235 2678 quidem
3261 2623 3382 2663 esse
3403 2613 3619 2677 possunt,
3635 2617 3679 2659 ut
3695 2602 3797 2657 visui

2298 2692 2428 2750 facit
2456 2696 2613 2752 fidem
2665 2698 2748 2754 his
2782 2716 2901 2770 quae
2929 2699 3198 2767 videntur,
3231 2701 3327 2756 scd
3356 2701 3471 2772 quia
3496 2700 3616 2753 ratio
3640 2713 3720 2752 non
3741 2704 3798 2751 est

2297 2788 2465 2856 visus,
2499 2804 2567 2845 ne
2597 2801 2975 2861 argumentum
3006 2794 3224 2863 quidem
3256 2808 3375 2850 esse
3408 2802 3583 2862 potest.
3612 2789 3797 2843 Differat-

2298 2879 2425 2935 tiam
2445 2896 2576 2936 vero
2596 2897 2756 2937 unam
2780 2884 3030 2954 sumpsit,
3057 2899 3317 2956 eamque:
3341 2884 3490 2939 faciat
3512 2882 3664 2946 fidem,
3683 2893 3795 2933 omne

2297 2973 2439 3029 enim
2475 2986 2849 3044 argumentum
2893 2976 3019 3031 facit
3046 2976 3229 3032 fidem.
3256 2976 3328 3033 Si
3367 2976 3517 3045 igitur
3537 2972 3793 3043 junxerimut

2295 3081 2464 3136 genus
2476 3081 2539 3123 ac
2552 3066 2936 3136 diﬂ'ereutiam,
2949 3079 3003 3124 et
3021 3068 3073 3125 id
3095 3085 3219 3127 esse
3237 3079 3585 3143 argumentum
3599 3066 3791 3126 dicamut.

2296 3159 2437 3228 quod
2469 3161 2729 3216 rationem
2756 3177 2876 3231 quae
2899 3161 3058 3218 faciat
3084 3163 3269 3232 fidem,
3296 3178 3420 3220 num
3442 3172 3539 3217 tota
3562 3154 3793 3228 argumenti

602 3221 743 3275 saria
774 3223 929 3286 sciat,
972 3221 1222 3292 idemque
1261 3221 1516 3278 falsorum
1557 3234 1993 3294 argumentorum
2026 3225 2194 3295 possit
2218 3232 2265 3297 (ς
2297 3221 2484 3305 iam"
2532 3221 2827 3308 monsm'm
2875 3253 2991 3308 si”
3042 3221 3280 3311 Minime:
3334 3253 3468 3323 Quid
3516 3253 3555 3309 εί
3594 3221 3690 3321 eius
3725 3245 3794 3311 τά,

603 3315 804 3369 habere
830 3314 1110 3383 judicium,
1144 3315 1475 3384 verisimilia,
1499 3333 1619 3389 qua:
1648 3319 1699 3373 in
1727 3319 1904 3374 medio
1934 3319 2193 3377 collocata

602 3418 747 3471 sunt,
779 3409 1086 3465 discernere
1128 3425 1233 3464 non
1285 3410 1514 3466 laborat.
1548 3412 1868 3483 Expeditum
1900 3414 2061 3485 igitur
2086 3424 2188 3484 εει,

602 3510 660 3555 ιιι
688 3500 941 3565 arbitror,
972 3502 1098 3572 quid
1138 3503 1210 3558 sit
1242 3502 1384 3571 quod
1411 3503 1488 3559 ait
1515 3502 1727 3570 Cicero,
1772 3506 2034 3561 rationem
2071 3506 2192 3562 dili-

599 3601 814 3663 gentem
861 3591 1163 3649 disserendi
1209 3593 1344 3648 duas
1394 3593 1593 3649 habere
1635 3605 1835 3664 partes,
1885 3597 2191 3653 inveniendi

602 3700 783 3751 unam,
815 3685 1036 3741 alteram
1062 3684 1361 3755 iudicandi.
1406 3686 1729 3743 llludctiam
1761 3688 2070 3758 diligentius
2096 3705 2192 3745 ex-

598 3780 831 3845 positum
872 3788 987 3845 est,
1019 3794 1142 3849 quae
1186 3780 1258 3834 sit
1298 3780 1435 3835 ratio
1463 3796 1622 3850 quam
1666 3779 1829 3836 Stoici
1870 3782 2190 3838 diztlecticen

599 3879 812 3923 vocant.
839 3868 913 3922 Ea
942 3880 1024 3925 est
1054 3871 1195 3925 enim
1225 3886 1346 3941 quae
1368 3871 1640 3942 iudicandi
1671 3874 1916 3942 peritiam
1946 3882 2108 3939 tenet,
2136 3883 2190 3930 ct

597 3974 757 4028 quam
779 3959 969 4015 eodem
998 3961 1213 4016 nomine
1244 3960 1397 4018 Plato
1428 3963 1692 4032 partiendi
1718 3978 1815 4034 per
1836 3963 2186 4032 differentias,

598 4062 758 4121 atque
785 4053 850 4107 ad
880 4069 1050 4123 genus
1089 4056 1376 4111 revocandi
1420 4055 1725 4113 facultatem
1767 4067 1938 4112 vocat.
1985 4057 2188 4126 Quam-

598 4160 702 4213 que
730 4144 917 4202 eodeni
947 4148 1165 4203 nomine
1193 4148 1534 4217 Aristoteles,
1560 4164 1663 4204 non
1692 4159 1856 4208 totam
1888 4149 2189 4206 disserendi

597 4248 796 4305 artem,
848 4250 905 4294 ut
951 4240 1139 4308 Stoici,
1171 4242 1265 4297 sed
1295 4256 1412 4297 eam
1447 4252 1648 4298 tantum
1678 4254 1949 4313 nuncupet
1975 4260 2093 4314 quae
2120 4245 2188 4301 de

595 4335 866 4403 proposita
898 4338 1197 4404 quaestione
1238 4337 1621 4393 verisimilibus
1660 4338 1874 4409 colligat
1902 4352 2187 4409 argumen-

594 4426 685 4491 tis,
712 4436 872 4496 atque
904 4426 1024 4489 ideo
1046 4429 1333 4498 perfectius
1360 4429 1680 4486 Aristoteles
1699 4430 1769 4489 de
1793 4430 1963 4499 logica
1992 4439 2186 4484 tracta-

591 4521 690 4584 vit,
719 4520 972 4590 quoniam
1001 4522 1070 4577 de
1098 4522 1328 4589 duobus,
1359 4524 1498 4578 ultra
1529 4538 1649 4593 qua:
1681 4522 1808 4577 nihil
1838 4532 1940 4589 est,
1969 4523 2183 4578 tertium

591 4611 864 4679 disseruit,
899 4613 966 4669 de
996 4614 1317 4671 inveniendo
1360 4615 1570 4671 scilicet
1612 4624 1668 4670 et
1701 4614 2013 4685 iudicando,
2056 4630 2179 4671 cum
2208 4614 2264 4676 Ι)

589 4700 780 4766 Stoici,
812 4703 1116 4760 inventione
1158 4705 1422 4775 neglecta,
1465 4704 1812 4774 iudicationis
1858 4714 2062 4761 tantum
2094 4707 2181 4762 in-

590 4805 886 4853 strumenta
926 4798 1261 4854 tradiderint.
1295 4800 1468 4869 Atque
1498 4799 1619 4854 ideo
1655 4800 1773 4868 jure
1805 4814 1898 4854 eos
1940 4800 2182 4868 increpat

587 4890 814 4958 Tullius,
840 4893 1091 4963 quoitiam
1114 4892 1166 4946 id
1189 4893 1421 4948 maxime
1444 4892 1711 4962 reliquere
1737 4891 1877 4961 quod
1907 4900 1961 4947 et
1990 4902 2178 4948 natura

588 4986 736 5052 prius
773 4994 828 5042 et
868 5002 967 5039 usu
1014 4984 1192 5054 potius
1231 4994 1348 5039 erat
1381 5003 1393 5037 :
1424 4993 1609 5039 natura
1637 4984 1876 5053 quidem,
1908 4984 2034 5054 quia
2060 4984 2177 5041 fieri

588 5091 693 5132 non
729 5086 901 5145 potest
930 5087 986 5131 ut
1016 5077 1083 5132 de
1122 5076 1428 5134 inventione
1462 5077 1752 5147 iudicetur,
1799 5078 1900 5132 nisi
1936 5078 2048 5148 ipsa
2097 5079 2178 5134 in-

587 5168 774 5222 Ventio
822 5168 969 5236 prius
1010 5169 1297 5225 exstiterit.
1342 5170 1423 5223 Ad
1465 5184 1617 5224 usum
1653 5186 1805 5236 vero,
1848 5170 1970 5239 quia
2018 5170 2177 5240 longe

586 5258 774 5314 utilius
819 5270 901 5315 est
953 5260 1117 5325 nuda,
1161 5269 1216 5315 et
1264 5272 1457 5329 praeter
1499 5271 1669 5317 artem
1711 5262 1916 5330 prolata
1947 5261 2177 5317 naturali

587 5351 893 5408 inventione
940 5363 1246 5422 susceptum
1292 5369 1435 5422 saepe
1484 5355 1758 5422 negotium
1806 5353 1962 5419 tueri,
2014 5369 2176 5421 quam

587 5444 889 5500 invenientc
917 5444 1023 5499 alio
1055 5454 1260 5500 mutum
1289 5444 1459 5513 ipsum
1493 5445 1858 5514 inermemque
1879 5446 2176 5501 et'tacitum

586 5552 805 5593 versare
846 5537 1123 5606 iudiciuin.
1174 5538 1271 5593 Dat
1302 5554 1428 5593 vero
1469 5538 1673 5594 Tullius
1702 5539 1768 5592 de
1800 5548 2023 5607 utroque
2052 5553 2178 5594 sett-

583 5629 826 5694 tentiam,
856 5641 909 5685 et
935 5631 1009 5685 ait
1035 5647 1299 5687 summam
1336 5632 1534 5702 pariter
1558 5632 1841 5685 utilitatem
1868 5632 1918 5686 itt
1948 5640 2176 5700 utroque

584 5722 900 5786 consistere,
943 5731 996 5774 et
1040 5736 1099 5775 se
1145 5723 1212 5775 dc
1258 5731 1503 5787 utraque,
1533 5722 1577 5775 si
1617 5721 1781 5776 Otium
1826 5721 2003 5783 fuerit,
2038 5721 2176 5775 vello

589 5816 875 5881 disserere.
912 5821 988 5876 Ab
1018 5837 1076 5878 ea
1110 5833 1285 5879 autctn
1311 5838 1428 5892 quia
1454 5824 1598 5896 prior
1620 5833 1723 5889 cst,
1751 5823 1800 5877 id
1816 5833 1897 5877 cst
1917 5823 2187 5907 ἱειγειιιίοτ

2299 3344 2366 3398 de
2413 3359 2518 3415 qua
2565 3360 2725 3401 nemo
2768 3346 3009 3413 dubitat,
3070 3348 3249 3418 aliqua
3297 3348 3495 3404 ratione
3532 3345 3679 3400 facere
3711 3339 3795 3409 quis

2298 3434 2457 3491 iidem
2506 3437 2656 3508 velit,
2707 3453 2834 3494 num
2879 3438 3079 3496 ideirco
3135 3439 3252 3509 illa,
3298 3440 3436 3512 quod
3484 3439 3624 3495 ﬁdem
3665 3435 3792 3499 facili,

2294 3528 2575 3583 vocabitur
2601 3532 3021 3600 argumentum?
3072 3531 3234 3588 Nullo
3277 3534 3435 3589 modo
3465 3550 3477 3583 :
3502 3537 3795 3601 argumeattn

2296 3632 2527 3688 namque
2565 3628 2650 3673 est
2686 3621 2829 3691 quod
2875 3637 2989 3677 rem
3038 3624 3237 3694 arguit,
3288 3624 3344 3680 id
3371 3634 3451 3680 est
3488 3620 3668 3693 probat,
3704 3612 3795 3670 nihil

2296 3725 2424 3765 vero
2453 3713 2691 3782 probari,
2740 3715 2842 3771 nisi
2872 3710 3114 3784 dubium,
3150 3725 3350 3787 potest.
3400 3717 3504 3772 Nisi
3531 3728 3642 3784 ergo
3664 3712 3794 3765 sitm

2294 3804 2562 3875 ambigua,
2605 3814 2661 3861 et
2704 3790 2775 3862 ad
2829 3824 2947 3864 eam
2989 3809 3128 3866 ratio
3170 3809 3333 3866 fidem
3373 3809 3561 3865 faciens
3590 3804 3793 3861 afferam.

2293 3905 2665 3964 argumentum
2715 3910 2837 3954 esse
2881 3915 2987 3955 non
3041 3901 3262 3969 poterit.
3322 3900 3507 3957 Addita
3561 3897 3692 3967 igitur
3724 3888 3794 3945 alia

2292 3986 2591 4045 diﬂerentia
2618 4006 2737 4061 quas
2768 4002 2852 4048 est
2880 3993 2956 4049 rei
2987 3993 3195 4061 dubia},
3228 3993 3369 4050 facta
3411 4003 3491 4050 est
3516 3994 3687 4059 integra
3706 3982 3796 4041 deﬂ-

2292 4082 2428 4138 nitio
2466 4088 2804 4155 argumenti,
2851 4104 2918 4143 ex
2966 4103 3167 4159 genere
3208 4099 3267 4145 et
3314 4088 3525 4145 duabus
3557 4077 3796 4140 differentiis

2291 4185 2569 4245 constans,
2623 4194 2822 4247 genere
2859 4179 3099 4249 quidem,
3130 4182 3343 4237 ratione
3372 4198 3387 4235 :
3418 4194 3516 4234 una
3544 4190 3655 4232 vero
3688 4167 3796 4226 diﬁc.

2290 4266 2490 4331 rentia,
2517 4266 2658 4336 quod
2690 4267 2853 4322 faciat
2882 4268 3076 4335 fidem;
3125 4270 3297 4325 altera
3326 4285 3472 4335 vero,
3501 4264 3624 4337 quod
3651 4262 3709 4316 rei
3731 4258 3797 4312 du-

2291 4356 2395 4421 bia;
2419 4366 2535 4424 est,
2568 4367 2626 4413 ut
2652 4360 2722 4413 sit
2764 4370 2871 4415 tota
2910 4360 3186 4431 deﬁnitio,
3236 4362 3293 4418 id
3338 4376 3458 4418 esse
3500 4358 3797 4428 argumentum

2289 4446 2431 4514 Quod
2461 4447 2534 4501 sit
2557 4448 2713 4515 ratio,
2745 4451 2821 4505 rei
2851 4449 3029 4505 dubiae
3053 4450 3254 4506 faciens
3284 4450 3465 4507 ﬁdem.
3494 4449 3609 4517 Qua.-
3633 4456 3728 4498 cum
3749 4437 3797 4490 ill

2290 4538 2429 4604 sint,
2466 4555 2687 4596 necesse
2730 4551 2815 4597 est
2862 4550 2921 4596 ut
2963 4542 3053 4598 ubi
3104 4542 3382 4599 dubitatur
3427 4537 3630 4611 aliquid,
3668 4532 3721 4588 ibi
3751 4526 3797 4580 sit

2288 4633 2535 4703 quaestio.
2587 4634 2741 4703 Quod
2782 4636 2827 4690 si
2859 4645 3231 4706 argumentum
3262 4646 3460 4706 praeter
3509 4648 3609 4689 rem
3638 4624 3797 4683 dubia!

2286 4737 2413 4779 esse
2440 4738 2545 4779 non
2580 4726 2797 4794 poterit,
2828 4728 2975 4782 nullo
3017 4728 3177 4783 modo
3220 4742 3348 4785 esse
3387 4735 3572 4799 praeter
3608 4714 3796 4791 quas“?

2288 4831 2409 4873 nem
2443 4827 2640 4887 potest.
2674 4818 2911 4885 Qumstio
2940 4835 3070 4877 vero
3106 4830 3193 4878 est
3218 4820 3523 4877 dubitabilis
3546 4804 3794 4888 propolim

2288 4910 2589 4980 Propositio
2617 4925 2746 4967 vero
2772 4923 2855 4967 est
2882 4913 3021 4968 ratio
3047 4923 3233 4969 verum
3273 4913 3529 4968 falsumve
3554 4903 3795 4973 designes.

2284 4999 2475 5055 Omnis
2519 5002 2680 5071 igitur
2711 5002 3010 5071 propositio
3051 5003 3166 5058 sive
3203 5011 3509 5058 constanter
3550 5008 3684 5065 atque
3707 5000 3796 5058 θ’θ’

2287 5091 2587 5146 nuntiative
2615 5091 2933 5157 proferatur,
2967 5103 3024 5147 ut
3052 5093 3098 5148 si
3125 5093 3247 5163 quis
3273 5091 3415 5148 dicat
3446 5111 3459 5144 -.
3491 5086 3658 5145 Omnis
3681 5083 3795 5175 homo

2284 5182 2487 5237 animal
2512 5192 2630 5248 est;
2664 5184 2780 5239 sive
2808 5185 2874 5239 ad
2915 5185 3385 5255 interrogationem
3426 5184 3681 5252 dirigatur,
3705 5180 3744 5226 ut
3766 5183 3795 5219 ιι

2285 5283 2406 5353 quis
2456 5283 2748 5352 interroget
2791 5300 2805 5337 :
2852 5282 3081 5339 Putasne
3110 5280 3286 5338 omnis
3311 5283 3472 5337 homo
3498 5275 3672 5334 animal
3709 5263 3797 5322 est?

2284 5373 2482 5426 retinet
2513 5372 2785 5441 proprium
2833 5386 3052 5442 nomen,
3086 5383 3137 5427 et
3169 5372 3463 5443 propositio
3508 5368 3794 5429 nuncupatur-

2284 5466 2354 5518 At
2380 5466 2424 5520 si
2452 5466 2662 5536 eadem,
2685 5467 2830 5523 velut
2850 5467 3159 5524 dubitabilis
3188 5470 3506 5538 proferatur,
3536 5466 3589 5519 lit
3609 5453 3795 5530 quasti».

2282 5565 2342 5611 ut
2369 5557 2413 5611 si
2444 5557 2563 5628 quis
2593 5568 2799 5628 qumrat
2837 5576 2903 5614 an
2942 5562 3120 5616 omnis
3148 5561 3309 5618 homo
3345 5559 3540 5616 animal
3580 5557 3651 5609 sit.
3700 5548 3796 5613 Ου⁰¹

2284 5657 2471 5702 autem
2488 5648 2661 5703 modis
2681 5652 2908 5716 quaestio
2930 5650 3217 5717 dividatur,
3243 5665 3381 5706 nunc
3402 5643 3672 5718 explicandi
3693 5640 3796 5691 Ιασιιί

2285 5752 2391 5791 ιιοιι
2421 5738 2632 5793 videtur
2677 5742 3090 5809 accommodus,
3119 5743 3211 5797 sed
3243 5746 3293 5799 in
3331 5744 3395 5798 iis
3440 5743 3580 5798 libris
3616 5735 3795 5789 dirrm'"

2287 5842 2423 5901 quos
2473 5830 2544 5886 de
2587 5831 2779 5903 topic-is
2835 5831 3155 5891 differentiis
3179 5834 3409 5893 formare
3456 5832 3694 5890 molimur.
3742 5816 3795 5879 Μ
