  <div class='ocr_page' id='page_1' title='image "/cluster/home/n/w/nwhite01/storage/ocr_20150623/64/hvd.32044024222309/532.png"; bbox 0 0 4036 6336; ppageno 0'>
   <div class='ocr_carea' id='block_1_1' title="bbox 265 349 466 430">
    <p class='ocr_par' dir='ltr' id='par_1_1' title="bbox 265 349 466 430">
     <span class='ocr_line' id='line_1_1' title="bbox 265 349 466 430; baseline 0 -28"><span class='ocrx_word' id='word_1_1' title='bbox 265 349 408 402; x_wconf 76' lang='lat' dir='ltr'><strong>toto</strong></span> <span class='ocrx_word' id='word_1_2' title='bbox 459 425 466 430; x_wconf 88' lang='lat'><strong><em>_</em></strong></span> 
     </span>
    </p>
   </div>
   <div class='ocr_carea' id='block_1_2' title="bbox 1110 336 2656 397">
    <p class='ocr_par' dir='ltr' id='par_1_2' title="bbox 1110 336 2656 397">
     <span class='ocr_line' id='line_1_2' title="bbox 1110 336 2656 397; baseline -0.005 -1"><span class='ocrx_word' id='word_1_3' title='bbox 1110 343 1169 396; x_wconf 81' lang='lat' dir='ltr'><strong>IN</strong></span> <span class='ocrx_word' id='word_1_4' title='bbox 1212 342 1455 397; x_wconf 76' lang='lat' dir='ltr'><strong>TOI’ICA</strong></span> <span class='ocrx_word' id='word_1_5' title='bbox 1494 337 1850 396; x_wconf 80' lang='lat' dir='ltr'><strong>CICERONIS</strong></span> <span class='ocrx_word' id='word_1_6' title='bbox 1889 337 2400 394; x_wconf 75' lang='lat' dir='ltr'><strong>COMMENTABIA.</strong></span> <span class='ocrx_word' id='word_1_7' title='bbox 2446 337 2571 391; x_wconf 84' lang='lat' dir='ltr'><strong>LIB.</strong></span> <span class='ocrx_word' id='word_1_8' title='bbox 2618 336 2656 389; x_wconf 92' lang='lat' dir='ltr'><strong>l.</strong></span> 
     </span>
    </p>
   </div>
   <div class='ocr_carea' id='block_1_3' title="bbox 3396 331 3556 410">
    <p class='ocr_par' dir='ltr' id='par_1_3' title="bbox 3396 331 3556 410">
     <span class='ocr_line' id='line_1_3' title="bbox 3396 331 3556 410; baseline 0.013 -25"><span class='ocrx_word' id='word_1_9' title='bbox 3396 331 3556 410; x_wconf 80' lang='lat' dir='ltr'><strong>toso</strong></span> 
     </span>
    </p>
   </div>
   <div class='ocr_carea' id='block_1_4' title="bbox 267 449 3558 533">
    <p class='ocr_par' dir='ltr' id='par_1_4' title="bbox 267 449 3558 533">
     <span class='ocr_line' id='line_1_4' title="bbox 267 449 3558 533; baseline -0.005 -18"><span class='ocrx_word' id='word_1_10' title='bbox 267 462 622 533; x_wconf 74' lang='lat' dir='ltr'><strong>quzrstionem</strong></span> <span class='ocrx_word' id='word_1_11' title='bbox 669 460 847 528; x_wconf 89' lang='lat' dir='ltr'><strong>igitttr,</strong></span> <span class='ocrx_word' id='word_1_12' title='bbox 899 458 947 512; x_wconf 91' lang='lat' dir='ltr'><strong>id</strong></span> <span class='ocrx_word' id='word_1_13' title='bbox 981 468 1062 513; x_wconf 84' lang='lat' dir='ltr'><strong>est</strong></span> <span class='ocrx_word' id='word_1_14' title='bbox 1102 459 1166 511; x_wconf 89' lang='lat' dir='ltr'><strong>ad</strong></span> <span class='ocrx_word' id='word_1_15' title='bbox 1209 456 1553 511; x_wconf 88' lang='lat' dir='ltr'><strong>duhitabilem</strong></span> <span class='ocrx_word' id='word_1_16' title='bbox 1605 455 1848 524; x_wconf 85' lang='lat' dir='ltr'><strong>proposi-</strong></span> <span class='ocrx_word' id='word_1_17' title='bbox 1885 459 1932 514; x_wconf 79' lang='grc' dir='ltr'><strong>Α</strong></span> <span class='ocrx_word' id='word_1_18' title='bbox 1959 454 2138 508; x_wconf 75' lang='lat' dir='ltr'><strong>omnis</strong></span> <span class='ocrx_word' id='word_1_19' title='bbox 2171 453 2329 506; x_wconf 89' lang='lat' dir='ltr'><strong>homo</strong></span> <span class='ocrx_word' id='word_1_20' title='bbox 2357 453 2554 506; x_wconf 84' lang='lat' dir='ltr'><strong>animal</strong></span> <span class='ocrx_word' id='word_1_21' title='bbox 2598 462 2697 507; x_wconf 83' lang='lat' dir='ltr'><strong>cst.</strong></span> <span class='ocrx_word' id='word_1_22' title='bbox 2738 449 3019 504; x_wconf 87' lang='lat' dir='ltr'><strong>Terminos</strong></span> <span class='ocrx_word' id='word_1_23' title='bbox 3065 463 3188 504; x_wconf 89' lang='lat' dir='ltr'><strong>vero</strong></span> <span class='ocrx_word' id='word_1_24' title='bbox 3231 463 3359 506; x_wconf 91' lang='lat' dir='ltr'><strong>voco</strong></span> <span class='ocrx_word' id='word_1_25' title='bbox 3406 449 3558 531; x_wconf 72' lang='lat' dir='ltr'><strong>sim-_</strong></span> 
     </span>
    </p>
   </div>
   <div class='ocr_carea' id='block_1_5' title="bbox 267 541 1852 621">
    <p class='ocr_par' dir='ltr' id='par_1_5' title="bbox 267 541 1852 621">
     <span class='ocr_line' id='line_1_5' title="bbox 267 541 1852 621; baseline -0.005 -11"><span class='ocrx_word' id='word_1_26' title='bbox 267 557 502 619; x_wconf 78' lang='lat' dir='ltr'><strong>tionem,</strong></span> <span class='ocrx_word' id='word_1_27' title='bbox 555 553 726 607; x_wconf 92' lang='lat' dir='ltr'><strong>omnis</strong></span> <span class='ocrx_word' id='word_1_28' title='bbox 781 552 1006 606; x_wconf 90' lang='lat' dir='ltr'><strong>intentio</strong></span> <span class='ocrx_word' id='word_1_29' title='bbox 1055 541 1645 621; x_wconf 36' lang='lat' dir='ltr'><strong>dirigitur-argumenti</strong></span> <span class='ocrx_word' id='word_1_30' title='bbox 1677 591 1691 615; x_wconf 91' lang='lat'><strong>,</strong></span> <span class='ocrx_word' id='word_1_31' title='bbox 1748 563 1852 603; x_wconf 94' lang='lat' dir='ltr'><strong>non</strong></span> 
     </span>
    </p>
   </div>
   <div class='ocr_carea' id='block_1_6' title="bbox 267 640 1853 713">
    <p class='ocr_par' dir='ltr' id='par_1_6' title="bbox 267 640 1853 713">
     <span class='ocr_line' id='line_1_6' title="bbox 267 640 1853 713; baseline -0.006 -12"><span class='ocrx_word' id='word_1_32' title='bbox 267 663 398 701; x_wconf 88' lang='lat' dir='ltr'><strong>vero</strong></span> <span class='ocrx_word' id='word_1_33' title='bbox 430 655 485 699; x_wconf 93' lang='lat' dir='ltr'><strong>ut</strong></span> <span class='ocrx_word' id='word_1_34' title='bbox 517 654 680 699; x_wconf 90' lang='lat' dir='ltr'><strong>totam</strong></span> <span class='ocrx_word' id='word_1_35' title='bbox 707 644 1019 713; x_wconf 72' lang='lat' dir='ltr'><strong>comprobet</strong></span> <span class='ocrx_word' id='word_1_36' title='bbox 1047 642 1416 710; x_wconf 66' lang='lat' dir='ltr'><strong>qumstionem,</strong></span> <span class='ocrx_word' id='word_1_37' title='bbox 1451 640 1546 696; x_wconf 91' lang='lat' dir='ltr'><strong>sed</strong></span> <span class='ocrx_word' id='word_1_38' title='bbox 1575 649 1629 693; x_wconf 91' lang='lat' dir='ltr'><strong>ut</strong></span> <span class='ocrx_word' id='word_1_39' title='bbox 1653 649 1853 708; x_wconf 85' lang='lat' dir='ltr'><strong>partem</strong></span> 
     </span>
    </p>
   </div>
   <div class='ocr_carea' id='block_1_7' title="bbox 268 732 1858 805">
    <p class='ocr_par' dir='ltr' id='par_1_7' title="bbox 268 732 1858 805">
     <span class='ocr_line' id='line_1_7' title="bbox 268 732 1858 805; baseline -0.004 -13"><span class='ocrx_word' id='word_1_40' title='bbox 268 740 388 805; x_wconf 86' lang='lat' dir='ltr'><strong>ejus</strong></span> <span class='ocrx_word' id='word_1_41' title='bbox 450 738 654 791; x_wconf 92' lang='lat' dir='ltr'><strong>ratione</strong></span> <span class='ocrx_word' id='word_1_42' title='bbox 702 735 1009 800; x_wconf 86' lang='lat' dir='ltr'><strong>conﬁrmet;</strong></span> <span class='ocrx_word' id='word_1_43' title='bbox 1062 751 1234 802; x_wconf 88' lang='lat' dir='ltr'><strong>neque</strong></span> <span class='ocrx_word' id='word_1_44' title='bbox 1289 734 1432 789; x_wconf 91' lang='lat' dir='ltr'><strong>enim</strong></span> <span class='ocrx_word' id='word_1_45' title='bbox 1477 743 1587 788; x_wconf 92' lang='lat' dir='ltr'><strong>tota</strong></span> <span class='ocrx_word' id='word_1_46' title='bbox 1634 732 1858 801; x_wconf 63' lang='lat' dir='ltr'><strong>quaestio</strong></span> 
     </span>
    </p>
   </div>
   <div class='ocr_carea' id='block_1_8' title="bbox 267 825 1853 895">
    <p class='ocr_par' dir='ltr' id='par_1_8' title="bbox 267 825 1853 895">
     <span class='ocr_line' id='line_1_8' title="bbox 267 825 1853 895; baseline -0.005 -12"><span class='ocrx_word' id='word_1_47' title='bbox 267 827 592 892; x_wconf 89' lang='lat' dir='ltr'><strong>defenditur,</strong></span> <span class='ocrx_word' id='word_1_48' title='bbox 628 826 722 880; x_wconf 90' lang='lat' dir='ltr'><strong>sed</strong></span> <span class='ocrx_word' id='word_1_49' title='bbox 770 841 871 880; x_wconf 86' lang='lat' dir='ltr'><strong>una</strong></span> <span class='ocrx_word' id='word_1_50' title='bbox 905 827 1019 895; x_wconf 85' lang='lat' dir='ltr'><strong>ejus</strong></span> <span class='ocrx_word' id='word_1_51' title='bbox 1062 825 1311 895; x_wconf 60' lang='lat' dir='ltr'><strong>quaelibet</strong></span> <span class='ocrx_word' id='word_1_52' title='bbox 1343 839 1465 892; x_wconf 87' lang='lat' dir='ltr'><strong>pars</strong></span> <span class='ocrx_word' id='word_1_53' title='bbox 1511 833 1853 893; x_wconf 87' lang='lat' dir='ltr'><strong>argumenta-</strong></span> 
     </span>
    </p>
   </div>
   <div class='ocr_carea' id='block_1_9' title="bbox 269 915 1910 972">
    <p class='ocr_par' dir='ltr' id='par_1_9' title="bbox 269 915 1910 972">
     <span class='ocr_line' id='line_1_9' title="bbox 269 915 1910 972; baseline -0.002 -1"><span class='ocrx_word' id='word_1_54' title='bbox 269 917 416 972; x_wconf 90' lang='lat' dir='ltr'><strong>tione</strong></span> <span class='ocrx_word' id='word_1_55' title='bbox 460 919 698 972; x_wconf 90' lang='lat' dir='ltr'><strong>ﬁrmatur</strong></span> <span class='ocrx_word' id='word_1_56' title='bbox 731 933 744 970; x_wconf 95' lang='lat'>:</span> <span class='ocrx_word' id='word_1_57' title='bbox 779 931 941 972; x_wconf 89' lang='lat' dir='ltr'><strong>nemo</strong></span> <span class='ocrx_word' id='word_1_58' title='bbox 973 917 1115 971; x_wconf 88' lang='lat' dir='ltr'><strong>enim</strong></span> <span class='ocrx_word' id='word_1_59' title='bbox 1150 915 1388 970; x_wconf 90' lang='lat' dir='ltr'><strong>defendit</strong></span> <span class='ocrx_word' id='word_1_60' title='bbox 1429 917 1624 970; x_wconf 77' lang='lat' dir='ltr'><strong>coelum</strong></span> <span class='ocrx_word' id='word_1_61' title='bbox 1675 923 1858 968; x_wconf 84' lang='lat' dir='ltr'><strong>rotun-</strong></span> <span class='ocrx_word' id='word_1_62' title='bbox 1905 921 1910 926; x_wconf 90' lang='lat'><strong><em>&#39;</em></strong></span> 
     </span>
    </p>
   </div>
   <div class='ocr_carea' id='block_1_10' title="bbox 273 1001 1854 1074">
    <p class='ocr_par' dir='ltr' id='par_1_10' title="bbox 273 1001 1854 1074">
     <span class='ocr_line' id='line_1_10' title="bbox 273 1001 1854 1074; baseline -0.001 -17"><span class='ocrx_word' id='word_1_63' title='bbox 273 1005 403 1060; x_wconf 86' lang='lat' dir='ltr'><strong>dum</strong></span> <span class='ocrx_word' id='word_1_64' title='bbox 431 1021 550 1061; x_wconf 87' lang='lat' dir='ltr'><strong>esse</strong></span> <span class='ocrx_word' id='word_1_65' title='bbox 580 1016 634 1060; x_wconf 89' lang='lat' dir='ltr'><strong>et</strong></span> <span class='ocrx_word' id='word_1_66' title='bbox 671 1021 775 1060; x_wconf 90' lang='lat' dir='ltr'><strong>non</strong></span> <span class='ocrx_word' id='word_1_67' title='bbox 799 1021 954 1070; x_wconf 89' lang='lat' dir='ltr'><strong>esse;</strong></span> <span class='ocrx_word' id='word_1_68' title='bbox 999 1006 1041 1060; x_wconf 90' lang='lat' dir='ltr'><strong>si</strong></span> <span class='ocrx_word' id='word_1_69' title='bbox 1083 1005 1224 1059; x_wconf 90' lang='lat' dir='ltr'><strong>enim</strong></span> <span class='ocrx_word' id='word_1_70' title='bbox 1270 1004 1338 1058; x_wconf 89' lang='lat' dir='ltr'><strong>ita</strong></span> <span class='ocrx_word' id='word_1_71' title='bbox 1370 1003 1490 1074; x_wconf 90' lang='lat' dir='ltr'><strong>quis</strong></span> <span class='ocrx_word' id='word_1_72' title='bbox 1520 1001 1854 1066; x_wconf 88' lang='lat' dir='ltr'><strong>defenderet,</strong></span> 
     </span>
    </p>
   </div>
   <div class='ocr_carea' id='block_1_11' title="bbox 272 1094 1857 1165">
    <p class='ocr_par' dir='ltr' id='par_1_11' title="bbox 272 1094 1857 1165">
     <span class='ocr_line' id='line_1_11' title="bbox 272 1094 1857 1165; baseline -0.002 -14"><span class='ocrx_word' id='word_1_73' title='bbox 272 1104 440 1151; x_wconf 86' lang='lat' dir='ltr'><strong>totam</strong></span> <span class='ocrx_word' id='word_1_74' title='bbox 473 1097 820 1165; x_wconf 62' lang='lat' dir='ltr'><strong>qumstionent</strong></span> <span class='ocrx_word' id='word_1_75' title='bbox 863 1096 1132 1151; x_wconf 85' lang='lat' dir='ltr'><strong>videretur</strong></span> <span class='ocrx_word' id='word_1_76' title='bbox 1181 1095 1427 1165; x_wconf 91' lang='lat' dir='ltr'><strong>probare.</strong></span> <span class='ocrx_word' id='word_1_77' title='bbox 1479 1094 1584 1149; x_wconf 89' lang='lat' dir='ltr'><strong>Sed</strong></span> <span class='ocrx_word' id='word_1_78' title='bbox 1635 1110 1754 1149; x_wconf 92' lang='lat' dir='ltr'><strong>cum</strong></span> <span class='ocrx_word' id='word_1_79' title='bbox 1787 1095 1857 1148; x_wconf 86' lang='lat' dir='ltr'><strong>ita</strong></span> 
     </span>
    </p>
   </div>
   <div class='ocr_carea' id='block_1_12' title="bbox 269 1188 1858 1253">
    <p class='ocr_par' dir='ltr' id='par_1_12' title="bbox 269 1188 1858 1253">
     <span class='ocr_line' id='line_1_12' title="bbox 269 1188 1858 1253; baseline -0.002 -10"><span class='ocrx_word' id='word_1_80' title='bbox 269 1189 662 1253; x_wconf 83' lang='lat' dir='ltr'><strong>consideratur,</strong></span> <span class='ocrx_word' id='word_1_81' title='bbox 711 1199 888 1243; x_wconf 89' lang='lat' dir='ltr'><strong>utrum</strong></span> <span class='ocrx_word' id='word_1_82' title='bbox 934 1188 1223 1244; x_wconf 91' lang='lat' dir='ltr'><strong>rotundum</strong></span> <span class='ocrx_word' id='word_1_83' title='bbox 1272 1189 1340 1242; x_wconf 88' lang='lat' dir='ltr'><strong>sit</strong></span> <span class='ocrx_word' id='word_1_84' title='bbox 1381 1188 1604 1252; x_wconf 65' lang='lat' dir='ltr'><strong>caelum,</strong></span> <span class='ocrx_word' id='word_1_85' title='bbox 1656 1203 1722 1242; x_wconf 91' lang='lat' dir='ltr'><strong>an</strong></span> <span class='ocrx_word' id='word_1_86' title='bbox 1754 1203 1858 1242; x_wconf 92' lang='lat' dir='ltr'><strong>non</strong></span> 
     </span>
    </p>
   </div>
   <div class='ocr_carea' id='block_1_13' title="bbox 271 1280 1861 1353">
    <p class='ocr_par' dir='ltr' id='par_1_13' title="bbox 271 1280 1861 1353">
     <span class='ocr_line' id='line_1_13' title="bbox 271 1280 1861 1353; baseline 0 -19"><span class='ocrx_word' id='word_1_87' title='bbox 271 1282 378 1343; x_wconf 90' lang='lat' dir='ltr'><strong>sit,</strong></span> <span class='ocrx_word' id='word_1_88' title='bbox 426 1285 474 1336; x_wconf 93' lang='lat' dir='ltr'><strong>in</strong></span> <span class='ocrx_word' id='word_1_89' title='bbox 515 1297 617 1337; x_wconf 89' lang='lat' dir='ltr'><strong>una</strong></span> <span class='ocrx_word' id='word_1_90' title='bbox 651 1294 855 1339; x_wconf 86' lang='lat' dir='ltr'><strong>tantum</strong></span> <span class='ocrx_word' id='word_1_91' title='bbox 885 1284 1132 1339; x_wconf 89' lang='lat' dir='ltr'><strong>consistit</strong></span> <span class='ocrx_word' id='word_1_92' title='bbox 1163 1283 1472 1353; x_wconf 71' lang='lat' dir='ltr'><strong>quaestionis</strong></span> <span class='ocrx_word' id='word_1_93' title='bbox 1503 1291 1650 1352; x_wconf 91' lang='lat' dir='ltr'><strong>parte</strong></span> <span class='ocrx_word' id='word_1_94' title='bbox 1676 1280 1861 1335; x_wconf 84' lang='lat' dir='ltr'><strong>defen-</strong></span> 
     </span>
    </p>
   </div>
   <div class='ocr_carea' id='block_1_14' title="bbox 274 1373 1859 1447">
    <p class='ocr_par' dir='ltr' id='par_1_14' title="bbox 274 1373 1859 1447">
     <span class='ocr_line' id='line_1_14' title="bbox 274 1373 1859 1447; baseline 0 -20"><span class='ocrx_word' id='word_1_95' title='bbox 274 1375 377 1439; x_wconf 90' lang='lat' dir='ltr'><strong>sio,</strong></span> <span class='ocrx_word' id='word_1_96' title='bbox 411 1373 522 1430; x_wconf 91' lang='lat' dir='ltr'><strong>sive</strong></span> <span class='ocrx_word' id='word_1_97' title='bbox 563 1393 681 1446; x_wconf 63' lang='lat' dir='ltr'><strong>quae</strong></span> <span class='ocrx_word' id='word_1_98' title='bbox 707 1377 956 1442; x_wconf 89' lang='lat' dir='ltr'><strong>afﬁrmat,</strong></span> <span class='ocrx_word' id='word_1_99' title='bbox 992 1379 1108 1431; x_wconf 87' lang='lat' dir='ltr'><strong>sive</strong></span> <span class='ocrx_word' id='word_1_100' title='bbox 1136 1392 1253 1446; x_wconf 79' lang='lat' dir='ltr'><strong>qua:</strong></span> <span class='ocrx_word' id='word_1_101' title='bbox 1277 1386 1448 1447; x_wconf 89' lang='lat' dir='ltr'><strong>negat.</strong></span> <span class='ocrx_word' id='word_1_102' title='bbox 1494 1375 1676 1430; x_wconf 86' lang='lat' dir='ltr'><strong>Omnis</strong></span> <span class='ocrx_word' id='word_1_103' title='bbox 1717 1376 1859 1428; x_wconf 90' lang='lat' dir='ltr'><strong>enim</strong></span> 
     </span>
    </p>
   </div>
   <div class='ocr_carea' id='block_1_15' title="bbox 272 1470 1861 1540">
    <p class='ocr_par' dir='ltr' id='par_1_15' title="bbox 272 1470 1861 1540">
     <span class='ocr_line' id='line_1_15' title="bbox 272 1470 1861 1540; baseline 0.003 -21"><span class='ocrx_word' id='word_1_104' title='bbox 272 1470 499 1537; x_wconf 75' lang='lat' dir='ltr'><strong>qumstio</strong></span> <span class='ocrx_word' id='word_1_105' title='bbox 541 1471 1054 1527; x_wconf 70' lang='lat' dir='ltr'><strong>contradictionibus</strong></span> <span class='ocrx_word' id='word_1_106' title='bbox 1075 1481 1307 1527; x_wconf 91' lang='lat' dir='ltr'><strong>constat.</strong></span> <span class='ocrx_word' id='word_1_107' title='bbox 1365 1471 1496 1526; x_wconf 86' lang='lat' dir='ltr'><strong>Nam</strong></span> <span class='ocrx_word' id='word_1_108' title='bbox 1538 1473 1582 1526; x_wconf 88' lang='lat' dir='ltr'><strong>si</strong></span> <span class='ocrx_word' id='word_1_109' title='bbox 1631 1485 1731 1540; x_wconf 91' lang='lat' dir='ltr'><strong>qua</strong></span> <span class='ocrx_word' id='word_1_110' title='bbox 1775 1485 1861 1526; x_wconf 88' lang='lat' dir='ltr'><strong>res</strong></span> 
     </span>
    </p>
   </div>
   <div class='ocr_carea' id='block_1_16' title="bbox 282 1561 1864 1632">
    <p class='ocr_par' dir='ltr' id='par_1_16' title="bbox 282 1561 1864 1632">
     <span class='ocr_line' id='line_1_16' title="bbox 282 1561 1864 1632; baseline 0.004 -22"><span class='ocrx_word' id='word_1_111' title='bbox 282 1561 352 1614; x_wconf 88' lang='lat' dir='ltr'><strong>ab</strong></span> <span class='ocrx_word' id='word_1_112' title='bbox 384 1563 552 1617; x_wconf 88' lang='lat' dir='ltr'><strong>altero</strong></span> <span class='ocrx_word' id='word_1_113' title='bbox 583 1563 901 1629; x_wconf 88' lang='lat' dir='ltr'><strong>afﬁrmetur,</strong></span> <span class='ocrx_word' id='word_1_114' title='bbox 948 1574 1170 1632; x_wconf 79' lang='lat' dir='ltr'><strong>negetur</strong></span> <span class='ocrx_word' id='word_1_115' title='bbox 1217 1563 1284 1618; x_wconf 92' lang='lat' dir='ltr'><strong>ab</strong></span> <span class='ocrx_word' id='word_1_116' title='bbox 1323 1564 1510 1629; x_wconf 88' lang='lat' dir='ltr'><strong>altero,</strong></span> <span class='ocrx_word' id='word_1_117' title='bbox 1546 1572 1714 1618; x_wconf 92' lang='lat' dir='ltr'><strong>totum</strong></span> <span class='ocrx_word' id='word_1_118' title='bbox 1761 1565 1864 1617; x_wconf 91' lang='lat' dir='ltr'><strong>hoc</strong></span> 
     </span>
    </p>
   </div>
   <div class='ocr_carea' id='block_1_17' title="bbox 276 1653 1860 1725">
    <p class='ocr_par' dir='ltr' id='par_1_17' title="bbox 276 1653 1860 1725">
     <span class='ocr_line' id='line_1_17' title="bbox 276 1653 1860 1725; baseline 0.004 -22"><span class='ocrx_word' id='word_1_119' title='bbox 276 1653 631 1708; x_wconf 73' lang='lat' dir='ltr'><strong>contradictio</strong></span> <span class='ocrx_word' id='word_1_120' title='bbox 681 1666 1035 1724; x_wconf 86' lang='lat' dir='ltr'><strong>nuncupatur,</strong></span> <span class='ocrx_word' id='word_1_121' title='bbox 1084 1664 1140 1710; x_wconf 88' lang='lat' dir='ltr'><strong>ttt</strong></span> <span class='ocrx_word' id='word_1_122' title='bbox 1183 1657 1226 1711; x_wconf 90' lang='lat' dir='ltr'><strong>si</strong></span> <span class='ocrx_word' id='word_1_123' title='bbox 1271 1657 1389 1725; x_wconf 90' lang='lat' dir='ltr'><strong>quis</strong></span> <span class='ocrx_word' id='word_1_124' title='bbox 1436 1655 1621 1710; x_wconf 90' lang='lat' dir='ltr'><strong>dicat:</strong></span> <span class='ocrx_word' id='word_1_125' title='bbox 1655 1655 1860 1710; x_wconf 81' lang='lat' dir='ltr'><strong>Caelum</strong></span> 
     </span>
    </p>
   </div>
   <div class='ocr_carea' id='block_1_18' title="bbox 277 1742 1861 1814">
    <p class='ocr_par' dir='ltr' id='par_1_18' title="bbox 277 1742 1861 1814">
     <span class='ocr_line' id='line_1_18' title="bbox 277 1742 1861 1814; baseline 0.003 -20"><span class='ocrx_word' id='word_1_126' title='bbox 277 1742 563 1797; x_wconf 91' lang='lat' dir='ltr'><strong>rotundum</strong></span> <span class='ocrx_word' id='word_1_127' title='bbox 591 1754 692 1807; x_wconf 88' lang='lat' dir='ltr'><strong>est,</strong></span> <span class='ocrx_word' id='word_1_128' title='bbox 722 1745 857 1799; x_wconf 88' lang='lat' dir='ltr'><strong>alter</strong></span> <span class='ocrx_word' id='word_1_129' title='bbox 889 1754 1049 1814; x_wconf 88' lang='lat' dir='ltr'><strong>neget</strong></span> <span class='ocrx_word' id='word_1_130' title='bbox 1079 1745 1262 1800; x_wconf 88' lang='lat' dir='ltr'><strong>dicens</strong></span> <span class='ocrx_word' id='word_1_131' title='bbox 1299 1764 1309 1798; x_wconf 92' lang='lat'>:</span> <span class='ocrx_word' id='word_1_132' title='bbox 1339 1745 1542 1801; x_wconf 70' lang='lat' dir='ltr'><strong>Ctelunt</strong></span> <span class='ocrx_word' id='word_1_133' title='bbox 1575 1745 1861 1800; x_wconf 73' lang='lat' dir='ltr'><strong>rotundum</strong></span> 
     </span>
    </p>
   </div>
   <div class='ocr_carea' id='block_1_19' title="bbox 1959 543 3537 618">
    <p class='ocr_par' dir='ltr' id='par_1_19' title="bbox 1959 543 3537 618">
     <span class='ocr_line' id='line_1_19' title="bbox 1959 543 3537 618; baseline -0.004 -16"><span class='ocrx_word' id='word_1_134' title='bbox 1959 549 2123 618; x_wconf 86' lang='lat' dir='ltr'><strong>plices</strong></span> <span class='ocrx_word' id='word_1_135' title='bbox 2146 547 2404 600; x_wconf 84' lang='lat' dir='ltr'><strong>orationis</strong></span> <span class='ocrx_word' id='word_1_136' title='bbox 2430 556 2628 614; x_wconf 83' lang='lat' dir='ltr'><strong>partes,</strong></span> <span class='ocrx_word' id='word_1_137' title='bbox 2656 561 2772 614; x_wconf 76' lang='lat' dir='ltr'><strong>quae</strong></span> <span class='ocrx_word' id='word_1_138' title='bbox 2795 543 3068 598; x_wconf 91' lang='lat' dir='ltr'><strong>continent</strong></span> <span class='ocrx_word' id='word_1_139' title='bbox 3094 543 3537 612; x_wconf 76' lang='lat' dir='ltr'><strong>propositionem,</strong></span> 
     </span>
    </p>
   </div>
   <div class='ocr_carea' id='block_1_20' title="bbox 1961 636 3544 707">
    <p class='ocr_par' dir='ltr' id='par_1_20' title="bbox 1961 636 3544 707">
     <span class='ocr_line' id='line_1_20' title="bbox 1961 636 3544 707; baseline -0.002 -12"><span class='ocrx_word' id='word_1_140' title='bbox 1961 650 2016 695; x_wconf 94' lang='lat' dir='ltr'><strong>ut</strong></span> <span class='ocrx_word' id='word_1_141' title='bbox 2041 640 2236 694; x_wconf 86' lang='lat' dir='ltr'><strong>animal</strong></span> <span class='ocrx_word' id='word_1_142' title='bbox 2272 649 2325 693; x_wconf 91' lang='lat' dir='ltr'><strong>et</strong></span> <span class='ocrx_word' id='word_1_143' title='bbox 2357 641 2533 692; x_wconf 89' lang='lat' dir='ltr'><strong>homo.</strong></span> <span class='ocrx_word' id='word_1_144' title='bbox 2580 638 2641 692; x_wconf 91' lang='lat' dir='ltr'><strong>lli</strong></span> <span class='ocrx_word' id='word_1_145' title='bbox 2671 655 2798 692; x_wconf 81' lang='lat' dir='ltr'><strong>vero</strong></span> <span class='ocrx_word' id='word_1_146' title='bbox 2849 647 2972 692; x_wconf 93' lang='lat' dir='ltr'><strong>sunt</strong></span> <span class='ocrx_word' id='word_1_147' title='bbox 3018 636 3337 707; x_wconf 62' lang='lat' dir='ltr'><strong>praedicatus</strong></span> <span class='ocrx_word' id='word_1_148' title='bbox 3385 648 3544 706; x_wconf 89' lang='lat' dir='ltr'><strong>atque</strong></span> 
     </span>
    </p>
   </div>
   <div class='ocr_carea' id='block_1_21' title="bbox 1959 729 3542 801">
    <p class='ocr_par' dir='ltr' id='par_1_21' title="bbox 1959 729 3542 801">
     <span class='ocr_line' id='line_1_21' title="bbox 1959 729 3542 801; baseline -0.002 -14"><span class='ocrx_word' id='word_1_149' title='bbox 1959 731 2255 801; x_wconf 85' lang='lat' dir='ltr'><strong>subjectus.</strong></span> <span class='ocrx_word' id='word_1_150' title='bbox 2285 731 2610 786; x_wconf 66' lang='lat' dir='ltr'><strong>Praedicatus</strong></span> <span class='ocrx_word' id='word_1_151' title='bbox 2639 739 2722 785; x_wconf 89' lang='lat' dir='ltr'><strong>est</strong></span> <span class='ocrx_word' id='word_1_152' title='bbox 2759 732 2808 785; x_wconf 92' lang='lat' dir='ltr'><strong>in</strong></span> <span class='ocrx_word' id='word_1_153' title='bbox 2838 731 3202 801; x_wconf 88' lang='lat' dir='ltr'><strong>propositione</strong></span> <span class='ocrx_word' id='word_1_154' title='bbox 3234 729 3403 798; x_wconf 85' lang='lat' dir='ltr'><strong>major</strong></span> <span class='ocrx_word' id='word_1_155' title='bbox 3434 739 3542 784; x_wconf 86' lang='lat' dir='ltr'><strong>ter-</strong></span> 
     </span>
    </p>
   </div>
   <div class='ocr_carea' id='block_1_22' title="bbox 1960 822 3546 892">
    <p class='ocr_par' dir='ltr' id='par_1_22' title="bbox 1960 822 3546 892">
     <span class='ocr_line' id='line_1_22' title="bbox 1960 822 3546 892; baseline -0.001 -13"><span class='ocrx_word' id='word_1_156' title='bbox 1960 827 2138 880; x_wconf 92' lang='lat' dir='ltr'><strong>minus</strong></span> <span class='ocrx_word' id='word_1_157' title='bbox 2168 824 2490 888; x_wconf 87' lang='lat' dir='ltr'><strong>collocatus;</strong></span> <span class='ocrx_word' id='word_1_158' title='bbox 2523 822 2795 891; x_wconf 87' lang='lat' dir='ltr'><strong>subjectus</strong></span> <span class='ocrx_word' id='word_1_159' title='bbox 2827 838 2954 878; x_wconf 88' lang='lat' dir='ltr'><strong>vero</strong></span> <span class='ocrx_word' id='word_1_160' title='bbox 2985 823 3177 877; x_wconf 92' lang='lat' dir='ltr'><strong>minor.</strong></span> <span class='ocrx_word' id='word_1_161' title='bbox 3220 823 3389 892; x_wconf 87' lang='lat' dir='ltr'><strong>Major</strong></span> <span class='ocrx_word' id='word_1_162' title='bbox 3419 839 3546 877; x_wconf 90' lang='lat' dir='ltr'><strong>vero</strong></span> 
     </span>
    </p>
   </div>
   <div class='ocr_carea' id='block_1_23' title="bbox 1962 906 3532 985">
    <p class='ocr_par' dir='ltr' id='par_1_23' title="bbox 1962 906 3532 985">
     <span class='ocr_line' id='line_1_23' title="bbox 1962 906 3532 985; baseline -0.001 -13"><span class='ocrx_word' id='word_1_163' title='bbox 1962 920 2221 974; x_wconf 89' lang='lat' dir='ltr'><strong>terminus</strong></span> <span class='ocrx_word' id='word_1_164' title='bbox 2243 917 2310 973; x_wconf 91' lang='lat' dir='ltr'><strong>de</strong></span> <span class='ocrx_word' id='word_1_165' title='bbox 2341 916 2580 985; x_wconf 86' lang='lat' dir='ltr'><strong>subjecto</strong></span> <span class='ocrx_word' id='word_1_166' title='bbox 2625 906 2851 981; x_wconf 88' lang='lat' dir='ltr'><strong>dicitur;</strong></span> <span class='ocrx_word' id='word_1_167' title='bbox 2883 918 3056 972; x_wconf 89' lang='lat' dir='ltr'><strong>minor</strong></span> <span class='ocrx_word' id='word_1_168' title='bbox 3096 927 3275 972; x_wconf 88' lang='lat' dir='ltr'><strong>autem</strong></span> <span class='ocrx_word' id='word_1_169' title='bbox 3321 915 3387 970; x_wconf 93' lang='lat' dir='ltr'><strong>de</strong></span> <span class='ocrx_word' id='word_1_170' title='bbox 3419 931 3532 970; x_wconf 87' lang='lat' dir='ltr'><strong>ma-</strong></span> 
     </span>
    </p>
   </div>
   <div class='ocr_carea' id='block_1_24' title="bbox 1959 1007 3546 1082">
    <p class='ocr_par' dir='ltr' id='par_1_24' title="bbox 1959 1007 3546 1082">
     <span class='ocr_line' id='line_1_24' title="bbox 1959 1007 3546 1082; baseline -0.004 -15"><span class='ocrx_word' id='word_1_171' title='bbox 1959 1013 2077 1082; x_wconf 89' lang='lat' dir='ltr'><strong>jore</strong></span> <span class='ocrx_word' id='word_1_172' title='bbox 2132 1011 2278 1065; x_wconf 91' lang='lat' dir='ltr'><strong>nullo</strong></span> <span class='ocrx_word' id='word_1_173' title='bbox 2321 1008 2483 1064; x_wconf 91' lang='lat' dir='ltr'><strong>modo</strong></span> <span class='ocrx_word' id='word_1_174' title='bbox 2533 1009 2884 1078; x_wconf 67' lang='lat' dir='ltr'><strong>prmdicatur,</strong></span> <span class='ocrx_word' id='word_1_175' title='bbox 2940 1017 2997 1063; x_wconf 94' lang='lat' dir='ltr'><strong>ut</strong></span> <span class='ocrx_word' id='word_1_176' title='bbox 3045 1008 3239 1062; x_wconf 88' lang='lat' dir='ltr'><strong>animal</strong></span> <span class='ocrx_word' id='word_1_177' title='bbox 3295 1007 3546 1078; x_wconf 92' lang='lat' dir='ltr'><strong>quoniam</strong></span> 
     </span>
    </p>
   </div>
   <div class='ocr_carea' id='block_1_25' title="bbox 1965 1099 3552 1174">
    <p class='ocr_par' dir='ltr' id='par_1_25' title="bbox 1965 1099 3552 1174">
     <span class='ocr_line' id='line_1_25' title="bbox 1965 1099 3552 1174; baseline -0.004 -16"><span class='ocrx_word' id='word_1_178' title='bbox 1965 1105 2136 1174; x_wconf 87' lang='lat' dir='ltr'><strong>majus</strong></span> <span class='ocrx_word' id='word_1_179' title='bbox 2167 1112 2247 1158; x_wconf 90' lang='lat' dir='ltr'><strong>est</strong></span> <span class='ocrx_word' id='word_1_180' title='bbox 2273 1118 2432 1172; x_wconf 89' lang='lat' dir='ltr'><strong>quam</strong></span> <span class='ocrx_word' id='word_1_181' title='bbox 2461 1101 2644 1166; x_wconf 87' lang='lat' dir='ltr'><strong>homo,</strong></span> <span class='ocrx_word' id='word_1_182' title='bbox 2673 1101 2740 1156; x_wconf 86' lang='lat' dir='ltr'><strong>de</strong></span> <span class='ocrx_word' id='word_1_183' title='bbox 2773 1101 2986 1156; x_wconf 92' lang='lat' dir='ltr'><strong>homine</strong></span> <span class='ocrx_word' id='word_1_184' title='bbox 3027 1100 3350 1170; x_wconf 75' lang='lat' dir='ltr'><strong>przedicatur</strong></span> <span class='ocrx_word' id='word_1_185' title='bbox 3376 1115 3390 1152; x_wconf 91' lang='lat'>:</span> <span class='ocrx_word' id='word_1_186' title='bbox 3422 1099 3552 1153; x_wconf 80' lang='lat' dir='ltr'><strong>dici-</strong></span> 
     </span>
    </p>
   </div>
   <div class='ocr_carea' id='block_1_26' title="bbox 1966 1190 3553 1262">
    <p class='ocr_par' dir='ltr' id='par_1_26' title="bbox 1966 1190 3553 1262">
     <span class='ocr_line' id='line_1_26' title="bbox 1966 1190 3553 1262; baseline -0.004 -11"><span class='ocrx_word' id='word_1_187' title='bbox 1966 1207 2052 1251; x_wconf 91' lang='lat' dir='ltr'><strong>tur</strong></span> <span class='ocrx_word' id='word_1_188' title='bbox 2098 1196 2262 1262; x_wconf 88' lang='lat' dir='ltr'><strong>enim,</strong></span> <span class='ocrx_word' id='word_1_189' title='bbox 2313 1195 2488 1248; x_wconf 83' lang='lat' dir='ltr'><strong>omnis</strong></span> <span class='ocrx_word' id='word_1_190' title='bbox 2535 1193 2694 1246; x_wconf 91' lang='lat' dir='ltr'><strong>homo</strong></span> <span class='ocrx_word' id='word_1_191' title='bbox 2737 1193 3060 1259; x_wconf 28' lang='lat' dir='ltr'><strong>animaljest.</strong></span> <span class='ocrx_word' id='word_1_192' title='bbox 3113 1191 3284 1248; x_wconf 88' lang='lat' dir='ltr'><strong>Homo</strong></span> <span class='ocrx_word' id='word_1_193' title='bbox 3323 1206 3450 1246; x_wconf 88' lang='lat' dir='ltr'><strong>vero</strong></span> <span class='ocrx_word' id='word_1_194' title='bbox 3485 1190 3553 1245; x_wconf 88' lang='lat' dir='ltr'><strong>de</strong></span> 
     </span>
    </p>
   </div>
   <div class='ocr_carea' id='block_1_27' title="bbox 1965 1277 3556 1349">
    <p class='ocr_par' dir='ltr' id='par_1_27' title="bbox 1965 1277 3556 1349">
     <span class='ocr_line' id='line_1_27' title="bbox 1965 1277 3556 1349; baseline -0.003 -8"><span class='ocrx_word' id='word_1_195' title='bbox 1965 1277 2184 1341; x_wconf 83' lang='lat' dir='ltr'><strong>animali</strong></span> <span class='ocrx_word' id='word_1_196' title='bbox 2221 1300 2325 1340; x_wconf 93' lang='lat' dir='ltr'><strong>non</strong></span> <span class='ocrx_word' id='word_1_197' title='bbox 2375 1285 2590 1349; x_wconf 89' lang='lat' dir='ltr'><strong>dicitur,</strong></span> <span class='ocrx_word' id='word_1_198' title='bbox 2639 1298 2799 1338; x_wconf 92' lang='lat' dir='ltr'><strong>nemo</strong></span> <span class='ocrx_word' id='word_1_199' title='bbox 2844 1285 2984 1337; x_wconf 89' lang='lat' dir='ltr'><strong>enim</strong></span> <span class='ocrx_word' id='word_1_200' title='bbox 3032 1298 3158 1338; x_wconf 89' lang='lat' dir='ltr'><strong>vere</strong></span> <span class='ocrx_word' id='word_1_201' title='bbox 3202 1283 3350 1348; x_wconf 83' lang='lat' dir='ltr'><strong>dicit,</strong></span> <span class='ocrx_word' id='word_1_202' title='bbox 3396 1297 3556 1336; x_wconf 92' lang='lat' dir='ltr'><strong>omne</strong></span> 
     </span>
    </p>
   </div>
   <div class='ocr_carea' id='block_1_28' title="bbox 1967 1373 3554 1445">
    <p class='ocr_par' dir='ltr' id='par_1_28' title="bbox 1967 1373 3554 1445">
     <span class='ocr_line' id='line_1_28' title="bbox 1967 1373 3554 1445; baseline -0.003 -13"><span class='ocrx_word' id='word_1_203' title='bbox 1967 1378 2162 1432; x_wconf 88' lang='lat' dir='ltr'><strong>animal</strong></span> <span class='ocrx_word' id='word_1_204' title='bbox 2210 1377 2371 1431; x_wconf 93' lang='lat' dir='ltr'><strong>homo</strong></span> <span class='ocrx_word' id='word_1_205' title='bbox 2412 1385 2512 1430; x_wconf 91' lang='lat' dir='ltr'><strong>est.</strong></span> <span class='ocrx_word' id='word_1_206' title='bbox 2560 1375 2667 1430; x_wconf 88' lang='lat' dir='ltr'><strong>llac</strong></span> <span class='ocrx_word' id='word_1_207' title='bbox 2717 1373 2879 1445; x_wconf 84' lang='lat' dir='ltr'><strong>igitur</strong></span> <span class='ocrx_word' id='word_1_208' title='bbox 2928 1374 3138 1428; x_wconf 89' lang='lat' dir='ltr'><strong>ratione</strong></span> <span class='ocrx_word' id='word_1_209' title='bbox 3190 1373 3554 1428; x_wconf 84' lang='lat' dir='ltr'><strong>internoscere</strong></span> 
     </span>
    </p>
   </div>
   <div class='ocr_carea' id='block_1_29' title="bbox 1967 1466 3552 1541">
    <p class='ocr_par' dir='ltr' id='par_1_29' title="bbox 1967 1466 3552 1541">
     <span class='ocr_line' id='line_1_29' title="bbox 1967 1466 3552 1541; baseline -0.003 -16"><span class='ocrx_word' id='word_1_210' title='bbox 1967 1487 2253 1541; x_wconf 84' lang='lat' dir='ltr'><strong>possumus</strong></span> <span class='ocrx_word' id='word_1_211' title='bbox 2281 1472 2371 1540; x_wconf 90' lang='lat' dir='ltr'><strong>qui</strong></span> <span class='ocrx_word' id='word_1_212' title='bbox 2411 1470 2671 1524; x_wconf 88' lang='lat' dir='ltr'><strong>terminus</strong></span> <span class='ocrx_word' id='word_1_213' title='bbox 2718 1469 2770 1523; x_wconf 94' lang='lat' dir='ltr'><strong>in</strong></span> <span class='ocrx_word' id='word_1_214' title='bbox 2812 1468 3179 1537; x_wconf 86' lang='lat' dir='ltr'><strong>propositione</strong></span> <span class='ocrx_word' id='word_1_215' title='bbox 3223 1469 3414 1537; x_wconf 88' lang='lat' dir='ltr'><strong>major,</strong></span> <span class='ocrx_word' id='word_1_216' title='bbox 3463 1466 3552 1536; x_wconf 87' lang='lat' dir='ltr'><strong>qui</strong></span> 
     </span>
    </p>
   </div>
   <div class='ocr_carea' id='block_1_30' title="bbox 1967 1561 3555 1628">
    <p class='ocr_par' dir='ltr' id='par_1_30' title="bbox 1967 1561 3555 1628">
     <span class='ocr_line' id='line_1_30' title="bbox 1967 1561 3555 1628; baseline -0.002 -10"><span class='ocrx_word' id='word_1_217' title='bbox 1967 1581 2097 1619; x_wconf 80' lang='lat' dir='ltr'><strong>vero</strong></span> <span class='ocrx_word' id='word_1_218' title='bbox 2127 1566 2197 1620; x_wconf 90' lang='lat' dir='ltr'><strong>sit</strong></span> <span class='ocrx_word' id='word_1_219' title='bbox 2226 1565 2422 1618; x_wconf 92' lang='lat' dir='ltr'><strong>minor.</strong></span> <span class='ocrx_word' id='word_1_220' title='bbox 2453 1564 2638 1618; x_wconf 91' lang='lat' dir='ltr'><strong>Omnis</strong></span> <span class='ocrx_word' id='word_1_221' title='bbox 2664 1572 2842 1618; x_wconf 89' lang='lat' dir='ltr'><strong>autem</strong></span> <span class='ocrx_word' id='word_1_222' title='bbox 2872 1561 3120 1628; x_wconf 66' lang='lat' dir='ltr'><strong>qttaestio,</strong></span> <span class='ocrx_word' id='word_1_223' title='bbox 3147 1569 3203 1615; x_wconf 93' lang='lat' dir='ltr'><strong>ut</strong></span> <span class='ocrx_word' id='word_1_224' title='bbox 3227 1561 3428 1617; x_wconf 88' lang='lat' dir='ltr'><strong>dictqu</strong></span> <span class='ocrx_word' id='word_1_225' title='bbox 3452 1572 3555 1626; x_wconf 90' lang='lat' dir='ltr'><strong>est,</strong></span> 
     </span>
    </p>
   </div>
   <div class='ocr_carea' id='block_1_31' title="bbox 1969 1651 3558 1727">
    <p class='ocr_par' dir='ltr' id='par_1_31' title="bbox 1969 1651 3558 1727">
     <span class='ocr_line' id='line_1_31' title="bbox 1969 1651 3558 1727; baseline -0.004 -16"><span class='ocrx_word' id='word_1_226' title='bbox 1969 1658 2220 1727; x_wconf 84' lang='lat' dir='ltr'><strong>quoniam</strong></span> <span class='ocrx_word' id='word_1_227' title='bbox 2272 1655 2593 1710; x_wconf 89' lang='lat' dir='ltr'><strong>dubitabiles</strong></span> <span class='ocrx_word' id='word_1_228' title='bbox 2651 1663 2830 1724; x_wconf 86' lang='lat' dir='ltr'><strong>partes</strong></span> <span class='ocrx_word' id='word_1_229' title='bbox 2883 1653 3065 1720; x_wconf 89' lang='lat' dir='ltr'><strong>habet,</strong></span> <span class='ocrx_word' id='word_1_230' title='bbox 3125 1662 3180 1706; x_wconf 88' lang='lat' dir='ltr'><strong>et</strong></span> <span class='ocrx_word' id='word_1_231' title='bbox 3224 1653 3288 1706; x_wconf 91' lang='lat' dir='ltr'><strong>ad</strong></span> <span class='ocrx_word' id='word_1_232' title='bbox 3344 1651 3558 1707; x_wconf 88' lang='lat' dir='ltr'><strong>easdem</strong></span> 
     </span>
    </p>
   </div>
   <div class='ocr_carea' id='block_1_32' title="bbox 1970 1744 3564 1816">
    <p class='ocr_par' dir='ltr' id='par_1_32' title="bbox 1970 1744 3564 1816">
     <span class='ocr_line' id='line_1_32' title="bbox 1970 1744 3564 1816; baseline -0.006 -14"><span class='ocrx_word' id='word_1_233' title='bbox 1970 1744 2400 1816; x_wconf 84' lang='lat' dir='ltr'><strong>comprobandas</strong></span> <span class='ocrx_word' id='word_1_234' title='bbox 2433 1754 2748 1814; x_wconf 80' lang='lat' dir='ltr'><strong>argumenta</strong></span> <span class='ocrx_word' id='word_1_235' title='bbox 2797 1752 3113 1808; x_wconf 89' lang='lat' dir='ltr'><strong>sumuntur,</strong></span> <span class='ocrx_word' id='word_1_236' title='bbox 3151 1756 3369 1797; x_wconf 89' lang='lat' dir='ltr'><strong>necesse</strong></span> <span class='ocrx_word' id='word_1_237' title='bbox 3397 1752 3476 1796; x_wconf 90' lang='lat' dir='ltr'><strong>est</strong></span> <span class='ocrx_word' id='word_1_238' title='bbox 3507 1750 3564 1794; x_wconf 92' lang='lat' dir='ltr'><strong>ut</strong></span> 
     </span>
    </p>
   </div>
   <div class='ocr_carea' id='block_1_33' title="bbox 277 1833 3563 1914">
    <p class='ocr_par' dir='ltr' id='par_1_33' title="bbox 277 1833 3563 1914">
     <span class='ocr_line' id='line_1_33' title="bbox 277 1833 3563 1914; baseline -0 -29"><span class='ocrx_word' id='word_1_239' title='bbox 277 1847 384 1886; x_wconf 92' lang='lat' dir='ltr'><strong>non</strong></span> <span class='ocrx_word' id='word_1_240' title='bbox 415 1841 514 1888; x_wconf 88' lang='lat' dir='ltr'><strong>est.</strong></span> <span class='ocrx_word' id='word_1_241' title='bbox 566 1835 770 1891; x_wconf 65' lang='lat' dir='ltr'><strong>Caelum</strong></span> <span class='ocrx_word' id='word_1_242' title='bbox 822 1837 1109 1892; x_wconf 86' lang='lat' dir='ltr'><strong>rotundum</strong></span> <span class='ocrx_word' id='word_1_243' title='bbox 1141 1851 1282 1904; x_wconf 89' lang='lat' dir='ltr'><strong>esse,</strong></span> <span class='ocrx_word' id='word_1_244' title='bbox 1317 1848 1371 1893; x_wconf 92' lang='lat' dir='ltr'><strong>et</strong></span> <span class='ocrx_word' id='word_1_245' title='bbox 1408 1853 1512 1892; x_wconf 92' lang='lat' dir='ltr'><strong>non</strong></span> <span class='ocrx_word' id='word_1_246' title='bbox 1561 1853 1702 1901; x_wconf 88' lang='lat' dir='ltr'><strong>esse,</strong></span> <span class='ocrx_word' id='word_1_247' title='bbox 1735 1853 1864 1892; x_wconf 67' lang='grc' dir='ltr'><strong>(τοι-</strong></span> <span class='ocrx_word' id='word_1_248' title='bbox 1903 1854 1944 1914; x_wconf 74' lang='lat' dir='ltr'><strong>B</strong></span> <span class='ocrx_word' id='word_1_249' title='bbox 1972 1837 2227 1910; x_wconf 72' lang='lat' dir='ltr'><strong>quidquid</strong></span> <span class='ocrx_word' id='word_1_250' title='bbox 2260 1838 2310 1891; x_wconf 91' lang='lat' dir='ltr'><strong>in</strong></span> <span class='ocrx_word' id='word_1_251' title='bbox 2338 1836 2721 1906; x_wconf 84' lang='lat' dir='ltr'><strong>quaestionibus</strong></span> <span class='ocrx_word' id='word_1_252' title='bbox 2758 1833 3158 1904; x_wconf 88' lang='lat' dir='ltr'><strong>comprobatur,</strong></span> <span class='ocrx_word' id='word_1_253' title='bbox 3197 1833 3247 1887; x_wconf 92' lang='lat' dir='ltr'><strong>id</strong></span> <span class='ocrx_word' id='word_1_254' title='bbox 3277 1847 3563 1902; x_wconf 91' lang='lat' dir='ltr'><strong>argumen-</strong></span> 
     </span>
    </p>
   </div>
   <div class='ocr_carea' id='block_1_34' title="bbox 277 1924 1857 1998">
    <p class='ocr_par' dir='ltr' id='par_1_34' title="bbox 277 1924 1857 1998">
     <span class='ocr_line' id='line_1_34' title="bbox 277 1924 1857 1998; baseline 0.004 -22"><span class='ocrx_word' id='word_1_255' title='bbox 277 1924 526 1979; x_wconf 88' lang='lat' dir='ltr'><strong>tradictio</strong></span> <span class='ocrx_word' id='word_1_256' title='bbox 581 1927 914 1996; x_wconf 85' lang='lat' dir='ltr'><strong>prohibetur.</strong></span> <span class='ocrx_word' id='word_1_257' title='bbox 984 1928 1298 1983; x_wconf 87' lang='lat' dir='ltr'><strong>Dubitabilis</strong></span> <span class='ocrx_word' id='word_1_258' title='bbox 1356 1944 1483 1985; x_wconf 86' lang='lat' dir='ltr'><strong>vero</strong></span> <span class='ocrx_word' id='word_1_259' title='bbox 1541 1930 1857 1998; x_wconf 78' lang='lat' dir='ltr'><strong>propositio,</strong></span> 
     </span>
    </p>
   </div>
   <div class='ocr_carea' id='block_1_35' title="bbox 274 2017 1857 2087">
    <p class='ocr_par' dir='ltr' id='par_1_35' title="bbox 274 2017 1857 2087">
     <span class='ocr_line' id='line_1_35' title="bbox 274 2017 1857 2087; baseline 0.005 -20"><span class='ocrx_word' id='word_1_260' title='bbox 274 2028 433 2084; x_wconf 89' lang='lat' dir='ltr'><strong>quam</strong></span> <span class='ocrx_word' id='word_1_261' title='bbox 459 2017 803 2080; x_wconf 68' lang='lat' dir='ltr'><strong>quaestionem</strong></span> <span class='ocrx_word' id='word_1_262' title='bbox 827 2032 947 2073; x_wconf 87' lang='lat' dir='ltr'><strong>esse</strong></span> <span class='ocrx_word' id='word_1_263' title='bbox 974 2018 1343 2087; x_wconf 68' lang='lat' dir='ltr'><strong>praediximus,</strong></span> <span class='ocrx_word' id='word_1_264' title='bbox 1369 2027 1424 2073; x_wconf 93' lang='lat' dir='ltr'><strong>et</strong></span> <span class='ocrx_word' id='word_1_265' title='bbox 1443 2020 1857 2075; x_wconf 88' lang='lat' dir='ltr'><strong>aflirrnationem</strong></span> 
     </span>
    </p>
   </div>
   <div class='ocr_carea' id='block_1_36' title="bbox 280 2105 1860 2180">
    <p class='ocr_par' dir='ltr' id='par_1_36' title="bbox 280 2105 1860 2180">
     <span class='ocr_line' id='line_1_36' title="bbox 280 2105 1860 2180; baseline 0.004 -22"><span class='ocrx_word' id='word_1_266' title='bbox 280 2105 333 2158; x_wconf 93' lang='lat' dir='ltr'><strong>in</strong></span> <span class='ocrx_word' id='word_1_267' title='bbox 378 2121 438 2160; x_wconf 90' lang='lat' dir='ltr'><strong>se</strong></span> <span class='ocrx_word' id='word_1_268' title='bbox 477 2108 714 2162; x_wconf 88' lang='lat' dir='ltr'><strong>continet</strong></span> <span class='ocrx_word' id='word_1_269' title='bbox 758 2117 808 2163; x_wconf 93' lang='lat' dir='ltr'><strong>et</strong></span> <span class='ocrx_word' id='word_1_270' title='bbox 856 2109 1222 2178; x_wconf 78' lang='lat' dir='ltr'><strong>negationem,</strong></span> <span class='ocrx_word' id='word_1_271' title='bbox 1270 2109 1370 2164; x_wconf 90' lang='lat' dir='ltr'><strong>hoc</strong></span> <span class='ocrx_word' id='word_1_272' title='bbox 1417 2110 1560 2166; x_wconf 90' lang='lat' dir='ltr'><strong>enim</strong></span> <span class='ocrx_word' id='word_1_273' title='bbox 1602 2111 1720 2180; x_wconf 78' lang='lat' dir='ltr'><strong>ipse</strong></span> <span class='ocrx_word' id='word_1_274' title='bbox 1753 2124 1860 2180; x_wconf 92' lang='lat' dir='ltr'><strong>quo</strong></span> 
     </span>
    </p>
   </div>
   <div class='ocr_carea' id='block_1_37' title="bbox 279 2198 1860 2269">
    <p class='ocr_par' dir='ltr' id='par_1_37' title="bbox 279 2198 1860 2269">
     <span class='ocr_line' id='line_1_37' title="bbox 279 2198 1860 2269; baseline 0.004 -18"><span class='ocrx_word' id='word_1_275' title='bbox 279 2198 589 2254; x_wconf 85' lang='lat' dir='ltr'><strong>dubitabilis</strong></span> <span class='ocrx_word' id='word_1_276' title='bbox 631 2209 733 2269; x_wconf 89' lang='lat' dir='ltr'><strong>est,</strong></span> <span class='ocrx_word' id='word_1_277' title='bbox 786 2203 1265 2259; x_wconf 86' lang='lat' dir='ltr'><strong>contradictionem</strong></span> <span class='ocrx_word' id='word_1_278' title='bbox 1306 2204 1515 2259; x_wconf 85' lang='lat' dir='ltr'><strong>videtur</strong></span> <span class='ocrx_word' id='word_1_279' title='bbox 1564 2204 1860 2260; x_wconf 89' lang='lat' dir='ltr'><strong>includere.</strong></span> 
     </span>
    </p>
   </div>
   <div class='ocr_carea' id='block_1_38' title="bbox 280 2290 1862 2364">
    <p class='ocr_par' dir='ltr' id='par_1_38' title="bbox 280 2290 1862 2364">
     <span class='ocr_line' id='line_1_38' title="bbox 280 2290 1862 2364; baseline 0.003 -18"><span class='ocrx_word' id='word_1_280' title='bbox 280 2290 410 2346; x_wconf 89' lang='lat' dir='ltr'><strong>Cum</strong></span> <span class='ocrx_word' id='word_1_281' title='bbox 458 2292 598 2346; x_wconf 93' lang='lat' dir='ltr'><strong>enim</strong></span> <span class='ocrx_word' id='word_1_282' title='bbox 645 2291 852 2348; x_wconf 89' lang='lat' dir='ltr'><strong>dubitat</strong></span> <span class='ocrx_word' id='word_1_283' title='bbox 882 2295 999 2364; x_wconf 87' lang='lat' dir='ltr'><strong>quis</strong></span> <span class='ocrx_word' id='word_1_284' title='bbox 1042 2303 1288 2350; x_wconf 90' lang='lat' dir='ltr'><strong>utrumne</strong></span> <span class='ocrx_word' id='word_1_285' title='bbox 1327 2297 1522 2351; x_wconf 72' lang='lat' dir='ltr'><strong>cmlum</strong></span> <span class='ocrx_word' id='word_1_286' title='bbox 1574 2295 1862 2350; x_wconf 77' lang='lat' dir='ltr'><strong>rotundum</strong></span> 
     </span>
    </p>
   </div>
   <div class='ocr_carea' id='block_1_39' title="bbox 283 2382 1863 2456">
    <p class='ocr_par' dir='ltr' id='par_1_39' title="bbox 283 2382 1863 2456">
     <span class='ocr_line' id='line_1_39' title="bbox 283 2382 1863 2456; baseline 0.002 -19"><span class='ocrx_word' id='word_1_287' title='bbox 283 2382 371 2447; x_wconf 87' lang='lat' dir='ltr'><strong>sit,</strong></span> <span class='ocrx_word' id='word_1_288' title='bbox 419 2382 531 2437; x_wconf 88' lang='lat' dir='ltr'><strong>sive</strong></span> <span class='ocrx_word' id='word_1_289' title='bbox 581 2383 849 2454; x_wconf 91' lang='lat' dir='ltr'><strong>adjungat,</strong></span> <span class='ocrx_word' id='word_1_290' title='bbox 905 2400 970 2440; x_wconf 90' lang='lat' dir='ltr'><strong>an</strong></span> <span class='ocrx_word' id='word_1_291' title='bbox 1023 2402 1126 2441; x_wconf 90' lang='lat' dir='ltr'><strong>non</strong></span> <span class='ocrx_word' id='word_1_292' title='bbox 1160 2389 1250 2452; x_wconf 88' lang='lat' dir='ltr'><strong>sit,</strong></span> <span class='ocrx_word' id='word_1_293' title='bbox 1296 2386 1411 2442; x_wconf 90' lang='lat' dir='ltr'><strong>sive</strong></span> <span class='ocrx_word' id='word_1_294' title='bbox 1455 2386 1701 2454; x_wconf 87' lang='lat' dir='ltr'><strong>reticeat,</strong></span> <span class='ocrx_word' id='word_1_295' title='bbox 1751 2388 1863 2456; x_wconf 90' lang='lat' dir='ltr'><strong>ipsa</strong></span> 
     </span>
    </p>
   </div>
   <div class='ocr_carea' id='block_1_40' title="bbox 283 2473 1864 2543">
    <p class='ocr_par' dir='ltr' id='par_1_40' title="bbox 283 2473 1864 2543">
     <span class='ocr_line' id='line_1_40' title="bbox 283 2473 1864 2543; baseline 0.003 -15"><span class='ocrx_word' id='word_1_296' title='bbox 283 2473 548 2528; x_wconf 86' lang='lat' dir='ltr'><strong>dubitatio</strong></span> <span class='ocrx_word' id='word_1_297' title='bbox 599 2489 799 2543; x_wconf 82' lang='lat' dir='ltr'><strong>partem</strong></span> <span class='ocrx_word' id='word_1_298' title='bbox 855 2491 1035 2534; x_wconf 88' lang='lat' dir='ltr'><strong>secum</strong></span> <span class='ocrx_word' id='word_1_299' title='bbox 1084 2478 1308 2534; x_wconf 87' lang='lat' dir='ltr'><strong>alteram</strong></span> <span class='ocrx_word' id='word_1_300' title='bbox 1365 2478 1548 2532; x_wconf 87' lang='lat' dir='ltr'><strong>trahit.</strong></span> <span class='ocrx_word' id='word_1_301' title='bbox 1618 2479 1673 2534; x_wconf 91' lang='lat' dir='ltr'><strong>Si</strong></span> <span class='ocrx_word' id='word_1_302' title='bbox 1723 2479 1864 2534; x_wconf 89' lang='lat' dir='ltr'><strong>enim</strong></span> 
     </span>
    </p>
   </div>
   <div class='ocr_carea' id='block_1_41' title="bbox 282 2568 1864 2637">
    <p class='ocr_par' dir='ltr' id='par_1_41' title="bbox 282 2568 1864 2637">
     <span class='ocr_line' id='line_1_41' title="bbox 282 2568 1864 2637; baseline 0.004 -18"><span class='ocrx_word' id='word_1_303' title='bbox 282 2580 442 2619; x_wconf 90' lang='lat' dir='ltr'><strong>unam</strong></span> <span class='ocrx_word' id='word_1_304' title='bbox 470 2575 672 2634; x_wconf 88' lang='lat' dir='ltr'><strong>partem</strong></span> <span class='ocrx_word' id='word_1_305' title='bbox 701 2568 996 2637; x_wconf 90' lang='lat' dir='ltr'><strong>propositio</strong></span> <span class='ocrx_word' id='word_1_306' title='bbox 1026 2579 1254 2637; x_wconf 87' lang='lat' dir='ltr'><strong>tueatur,</strong></span> <span class='ocrx_word' id='word_1_307' title='bbox 1283 2570 1593 2625; x_wconf 88' lang='lat' dir='ltr'><strong>dubitabilis</strong></span> <span class='ocrx_word' id='word_1_308' title='bbox 1622 2586 1729 2624; x_wconf 88' lang='lat' dir='ltr'><strong>non</strong></span> <span class='ocrx_word' id='word_1_309' title='bbox 1759 2578 1864 2636; x_wconf 88' lang='lat' dir='ltr'><strong>est,</strong></span> 
     </span>
    </p>
   </div>
   <div class='ocr_carea' id='block_1_42' title="bbox 282 2656 1868 2730">
    <p class='ocr_par' dir='ltr' id='par_1_42' title="bbox 282 2656 1868 2730">
     <span class='ocr_line' id='line_1_42' title="bbox 282 2656 1868 2730; baseline 0.006 -24"><span class='ocrx_word' id='word_1_310' title='bbox 282 2663 442 2724; x_wconf 88' lang='lat' dir='ltr'><strong>atque</strong></span> <span class='ocrx_word' id='word_1_311' title='bbox 469 2656 666 2711; x_wconf 91' lang='lat' dir='ltr'><strong>idcirco</strong></span> <span class='ocrx_word' id='word_1_312' title='bbox 694 2673 791 2712; x_wconf 90' lang='lat' dir='ltr'><strong>nec</strong></span> <span class='ocrx_word' id='word_1_313' title='bbox 818 2660 1064 2728; x_wconf 66' lang='lat' dir='ltr'><strong>quaestio.</strong></span> <span class='ocrx_word' id='word_1_314' title='bbox 1096 2659 1228 2714; x_wconf 83' lang='lat' dir='ltr'><strong>Cum</strong></span> <span class='ocrx_word' id='word_1_315' title='bbox 1262 2661 1421 2729; x_wconf 91' lang='lat' dir='ltr'><strong>igitur</strong></span> <span class='ocrx_word' id='word_1_316' title='bbox 1441 2659 1613 2714; x_wconf 91' lang='lat' dir='ltr'><strong>omnis</strong></span> <span class='ocrx_word' id='word_1_317' title='bbox 1644 2661 1868 2730; x_wconf 67' lang='lat' dir='ltr'><strong>qumstio</strong></span> 
     </span>
    </p>
   </div>
   <div class='ocr_carea' id='block_1_43' title="bbox 282 2743 1867 2817">
    <p class='ocr_par' dir='ltr' id='par_1_43' title="bbox 282 2743 1867 2817">
     <span class='ocr_line' id='line_1_43' title="bbox 282 2743 1867 2817; baseline 0.004 -17"><span class='ocrx_word' id='word_1_318' title='bbox 282 2743 414 2800; x_wconf 89' lang='lat' dir='ltr'><strong>duas</strong></span> <span class='ocrx_word' id='word_1_319' title='bbox 445 2747 634 2802; x_wconf 88' lang='lat' dir='ltr'><strong>habeat</strong></span> <span class='ocrx_word' id='word_1_320' title='bbox 663 2758 860 2817; x_wconf 83' lang='lat' dir='ltr'><strong>partes,</strong></span> <span class='ocrx_word' id='word_1_321' title='bbox 891 2751 1258 2806; x_wconf 89' lang='lat' dir='ltr'><strong>aflirmationis</strong></span> <span class='ocrx_word' id='word_1_322' title='bbox 1311 2768 1490 2816; x_wconf 91' lang='lat' dir='ltr'><strong>unam,</strong></span> <span class='ocrx_word' id='word_1_323' title='bbox 1524 2752 1747 2808; x_wconf 87' lang='lat' dir='ltr'><strong>alteram</strong></span> <span class='ocrx_word' id='word_1_324' title='bbox 1774 2768 1867 2807; x_wconf 90' lang='lat' dir='ltr'><strong>ue-</strong></span> 
     </span>
    </p>
   </div>
   <div class='ocr_carea' id='block_1_44' title="bbox 282 2838 1869 2917">
    <p class='ocr_par' dir='ltr' id='par_1_44' title="bbox 282 2838 1869 2917">
     <span class='ocr_line' id='line_1_44' title="bbox 282 2838 1869 2917; baseline 0.009 -28"><span class='ocrx_word' id='word_1_325' title='bbox 282 2838 535 2905; x_wconf 89' lang='lat' dir='ltr'><strong>gatiouis,</strong></span> <span class='ocrx_word' id='word_1_326' title='bbox 565 2855 784 2896; x_wconf 89' lang='lat' dir='ltr'><strong>necesse</strong></span> <span class='ocrx_word' id='word_1_327' title='bbox 814 2852 896 2897; x_wconf 85' lang='lat' dir='ltr'><strong>est</strong></span> <span class='ocrx_word' id='word_1_328' title='bbox 915 2853 972 2897; x_wconf 92' lang='lat' dir='ltr'><strong>ut</strong></span> <span class='ocrx_word' id='word_1_329' title='bbox 994 2845 1063 2898; x_wconf 90' lang='lat' dir='ltr'><strong>sit</strong></span> <span class='ocrx_word' id='word_1_330' title='bbox 1092 2859 1308 2916; x_wconf 89' lang='lat' dir='ltr'><strong>semper</strong></span> <span class='ocrx_word' id='word_1_331' title='bbox 1335 2861 1399 2901; x_wconf 82' lang='lat' dir='ltr'><strong>ex</strong></span> <span class='ocrx_word' id='word_1_332' title='bbox 1429 2847 1684 2902; x_wconf 91' lang='lat' dir='ltr'><strong>alterutra</strong></span> <span class='ocrx_word' id='word_1_333' title='bbox 1717 2856 1869 2917; x_wconf 87' lang='lat' dir='ltr'><strong>parte</strong></span> 
     </span>
    </p>
   </div>
   <div class='ocr_carea' id='block_1_45' title="bbox 283 2929 1866 3010">
    <p class='ocr_par' dir='ltr' id='par_1_45' title="bbox 283 2929 1866 3010">
     <span class='ocr_line' id='line_1_45' title="bbox 283 2929 1866 3010; baseline 0.007 -26"><span class='ocrx_word' id='word_1_334' title='bbox 283 2929 566 3001; x_wconf 84' lang='lat' dir='ltr'><strong>defensio,</strong></span> <span class='ocrx_word' id='word_1_335' title='bbox 622 2942 684 2987; x_wconf 88' lang='lat' dir='ltr'><strong>ut</strong></span> <span class='ocrx_word' id='word_1_336' title='bbox 733 2950 871 2989; x_wconf 92' lang='lat' dir='ltr'><strong>unus</strong></span> <span class='ocrx_word' id='word_1_337' title='bbox 943 2936 1157 3005; x_wconf 91' lang='lat' dir='ltr'><strong>quidem</strong></span> <span class='ocrx_word' id='word_1_338' title='bbox 1211 2939 1583 2994; x_wconf 84' lang='lat' dir='ltr'><strong>allirmationis</strong></span> <span class='ocrx_word' id='word_1_339' title='bbox 1637 2950 1866 3010; x_wconf 87' lang='lat' dir='ltr'><strong>partem,</strong></span> 
     </span>
    </p>
   </div>
   <div class='ocr_carea' id='block_1_46' title="bbox 286 3025 1869 3104">
    <p class='ocr_par' dir='ltr' id='par_1_46' title="bbox 286 3025 1869 3104">
     <span class='ocr_line' id='line_1_46' title="bbox 286 3025 1869 3104; baseline 0.008 -26"><span class='ocrx_word' id='word_1_340' title='bbox 286 3025 586 3092; x_wconf 77' lang='lat' dir='ltr'><strong>negationis</strong></span> <span class='ocrx_word' id='word_1_341' title='bbox 615 3026 746 3082; x_wconf 85' lang='lat' dir='ltr'><strong>alter</strong></span> <span class='ocrx_word' id='word_1_342' title='bbox 775 3028 1050 3097; x_wconf 86' lang='lat' dir='ltr'><strong>defendat,</strong></span> <span class='ocrx_word' id='word_1_343' title='bbox 1082 3041 1135 3087; x_wconf 86' lang='lat' dir='ltr'><strong>et</strong></span> <span class='ocrx_word' id='word_1_344' title='bbox 1163 3032 1250 3088; x_wconf 91' lang='lat' dir='ltr'><strong>hic</strong></span> <span class='ocrx_word' id='word_1_345' title='bbox 1277 3033 1492 3104; x_wconf 91' lang='lat' dir='ltr'><strong>quidem</strong></span> <span class='ocrx_word' id='word_1_346' title='bbox 1521 3033 1589 3089; x_wconf 90' lang='lat' dir='ltr'><strong>ad</strong></span> <span class='ocrx_word' id='word_1_347' title='bbox 1618 3045 1869 3089; x_wconf 86' lang='lat' dir='ltr'><strong>astruen-</strong></span> 
     </span>
    </p>
   </div>
   <div class='ocr_carea' id='block_1_47' title="bbox 283 3113 1866 3196">
    <p class='ocr_par' dir='ltr' id='par_1_47' title="bbox 283 3113 1866 3196">
     <span class='ocr_line' id='line_1_47' title="bbox 283 3113 1866 3196; baseline 0.009 -28"><span class='ocrx_word' id='word_1_348' title='bbox 283 3113 407 3168; x_wconf 90' lang='lat' dir='ltr'><strong>dam</strong></span> <span class='ocrx_word' id='word_1_349' title='bbox 437 3117 842 3175; x_wconf 85' lang='lat' dir='ltr'><strong>alﬁrmationem</strong></span> <span class='ocrx_word' id='word_1_350' title='bbox 862 3161 876 3184; x_wconf 86' lang='lat'><strong>,</strong></span> <span class='ocrx_word' id='word_1_351' title='bbox 909 3122 998 3177; x_wconf 92' lang='lat' dir='ltr'><strong>ille</strong></span> <span class='ocrx_word' id='word_1_352' title='bbox 1026 3139 1153 3179; x_wconf 89' lang='lat' dir='ltr'><strong>vero</strong></span> <span class='ocrx_word' id='word_1_353' title='bbox 1192 3123 1258 3178; x_wconf 91' lang='lat' dir='ltr'><strong>ad</strong></span> <span class='ocrx_word' id='word_1_354' title='bbox 1302 3125 1714 3190; x_wconf 90' lang='lat' dir='ltr'><strong>destruendam,</strong></span> <span class='ocrx_word' id='word_1_355' title='bbox 1746 3142 1866 3196; x_wconf 70' lang='lat' dir='ltr'><strong>qua:</strong></span> 
     </span>
    </p>
   </div>
   <div class='ocr_carea' id='block_1_48' title="bbox 1974 1924 3566 1998">
    <p class='ocr_par' dir='ltr' id='par_1_48' title="bbox 1974 1924 3566 1998">
     <span class='ocr_line' id='line_1_48' title="bbox 1974 1924 3566 1998; baseline -0.006 -12"><span class='ocrx_word' id='word_1_356' title='bbox 1974 1941 2147 1986; x_wconf 91' lang='lat' dir='ltr'><strong>torum</strong></span> <span class='ocrx_word' id='word_1_357' title='bbox 2190 1929 2396 1985; x_wconf 90' lang='lat' dir='ltr'><strong>ratione</strong></span> <span class='ocrx_word' id='word_1_358' title='bbox 2439 1928 2702 1984; x_wconf 88' lang='lat' dir='ltr'><strong>ﬁrmetur.</strong></span> <span class='ocrx_word' id='word_1_359' title='bbox 2760 1929 3148 1998; x_wconf 83' lang='lat' dir='ltr'><strong>Argumentum</strong></span> <span class='ocrx_word' id='word_1_360' title='bbox 3195 1939 3324 1981; x_wconf 87' lang='lat' dir='ltr'><strong>vero</strong></span> <span class='ocrx_word' id='word_1_361' title='bbox 3366 1924 3467 1978; x_wconf 91' lang='lat' dir='ltr'><strong>nisi</strong></span> <span class='ocrx_word' id='word_1_362' title='bbox 3497 1924 3566 1977; x_wconf 92' lang='lat' dir='ltr'><strong>sit</strong></span> 
     </span>
    </p>
   </div>
   <div class='ocr_carea' id='block_1_49' title="bbox 1964 2019 3567 2093">
    <p class='ocr_par' dir='ltr' id='par_1_49' title="bbox 1964 2019 3567 2093">
     <span class='ocr_line' id='line_1_49' title="bbox 1964 2019 3567 2093; baseline -0.005 -14"><span class='ocrx_word' id='word_1_363' title='bbox 1964 2025 2208 2080; x_wconf 87' lang='lat' dir='ltr'><strong>oratione</strong></span> <span class='ocrx_word' id='word_1_364' title='bbox 2263 2021 2563 2092; x_wconf 88' lang='lat' dir='ltr'><strong>prolatum,</strong></span> <span class='ocrx_word' id='word_1_365' title='bbox 2630 2031 2685 2076; x_wconf 92' lang='lat' dir='ltr'><strong>et</strong></span> <span class='ocrx_word' id='word_1_366' title='bbox 2747 2022 3174 2093; x_wconf 86' lang='lat' dir='ltr'><strong>propositionum</strong></span> <span class='ocrx_word' id='word_1_367' title='bbox 3245 2019 3567 2074; x_wconf 81' lang='lat' dir='ltr'><strong>contexione</strong></span> 
     </span>
    </p>
   </div>
   <div class='ocr_carea' id='block_1_50' title="bbox 1964 2109 3562 2182">
    <p class='ocr_par' dir='ltr' id='par_1_50' title="bbox 1964 2109 3562 2182">
     <span class='ocr_line' id='line_1_50' title="bbox 1964 2109 3562 2182; baseline -0.004 -14"><span class='ocrx_word' id='word_1_368' title='bbox 1964 2113 2328 2182; x_wconf 89' lang='lat' dir='ltr'><strong>dispositum,</strong></span> <span class='ocrx_word' id='word_1_369' title='bbox 2378 2111 2536 2166; x_wconf 92' lang='lat' dir='ltr'><strong>ﬁdem</strong></span> <span class='ocrx_word' id='word_1_370' title='bbox 2589 2111 2770 2167; x_wconf 86' lang='lat' dir='ltr'><strong>facere</strong></span> <span class='ocrx_word' id='word_1_371' title='bbox 2821 2109 3140 2168; x_wconf 88' lang='lat' dir='ltr'><strong>dubitationi</strong></span> <span class='ocrx_word' id='word_1_372' title='bbox 3188 2125 3294 2164; x_wconf 92' lang='lat' dir='ltr'><strong>non</strong></span> <span class='ocrx_word' id='word_1_373' title='bbox 3350 2111 3562 2179; x_wconf 90' lang='lat' dir='ltr'><strong>poterit.</strong></span> 
     </span>
    </p>
   </div>
   <div class='ocr_carea' id='block_1_51' title="bbox 1967 2189 3569 2276">
    <p class='ocr_par' dir='ltr' id='par_1_51' title="bbox 1967 2189 3569 2276">
     <span class='ocr_line' id='line_1_51' title="bbox 1967 2189 3569 2276; baseline -0.004 -16"><span class='ocrx_word' id='word_1_374' title='bbox 1967 2189 2109 2276; x_wconf 59' lang='grc' dir='ltr'><strong>Εξο</strong></span> <span class='ocrx_word' id='word_1_375' title='bbox 2161 2206 2251 2260; x_wconf 87' lang='lat' dir='ltr'><strong>illa</strong></span> <span class='ocrx_word' id='word_1_376' title='bbox 2307 2220 2402 2275; x_wconf 88' lang='lat' dir='ltr'><strong>per</strong></span> <span class='ocrx_word' id='word_1_377' title='bbox 2449 2205 2848 2276; x_wconf 89' lang='lat' dir='ltr'><strong>propositiones</strong></span> <span class='ocrx_word' id='word_1_378' title='bbox 2904 2204 3132 2274; x_wconf 89' lang='lat' dir='ltr'><strong>prolatio</strong></span> <span class='ocrx_word' id='word_1_379' title='bbox 3179 2219 3241 2258; x_wconf 92' lang='lat' dir='ltr'><strong>ac</strong></span> <span class='ocrx_word' id='word_1_380' title='bbox 3289 2201 3569 2272; x_wconf 66' lang='lat' dir='ltr'><strong>dispositio</strong></span> 
     </span>
    </p>
   </div>
   <div class='ocr_carea' id='block_1_52' title="bbox 1965 2294 3563 2366">
    <p class='ocr_par' dir='ltr' id='par_1_52' title="bbox 1965 2294 3563 2366">
     <span class='ocr_line' id='line_1_52' title="bbox 1965 2294 3563 2366; baseline -0.003 -16"><span class='ocrx_word' id='word_1_381' title='bbox 1965 2295 2286 2364; x_wconf 76' lang='lat' dir='ltr'><strong>argumenti,</strong></span> <span class='ocrx_word' id='word_1_382' title='bbox 2326 2297 2718 2365; x_wconf 89' lang='lat' dir='ltr'><strong>argumentatio</strong></span> <span class='ocrx_word' id='word_1_383' title='bbox 2791 2305 3159 2366; x_wconf 89' lang='lat' dir='ltr'><strong>nuncupatur,</strong></span> <span class='ocrx_word' id='word_1_384' title='bbox 3214 2311 3333 2363; x_wconf 75' lang='lat' dir='ltr'><strong>quae</strong></span> <span class='ocrx_word' id='word_1_385' title='bbox 3364 2294 3563 2348; x_wconf 91' lang='lat' dir='ltr'><strong>dicitur</strong></span> 
     </span>
    </p>
   </div>
   <div class='ocr_carea' id='block_1_53' title="bbox 1968 2385 3568 2457">
    <p class='ocr_par' dir='ltr' id='par_1_53' title="bbox 1968 2385 3568 2457">
     <span class='ocr_line' id='line_1_53' title="bbox 1968 2385 3568 2457; baseline -0.002 -16"><span class='ocrx_word' id='word_1_386' title='bbox 1968 2390 2312 2457; x_wconf 70' lang='lat' dir='ltr'><strong>enthymema</strong></span> <span class='ocrx_word' id='word_1_387' title='bbox 2363 2386 2447 2440; x_wconf 89' lang='lat' dir='ltr'><strong>vel</strong></span> <span class='ocrx_word' id='word_1_388' title='bbox 2487 2385 2856 2456; x_wconf 82' lang='lat' dir='ltr'><strong>syllogismus,</strong></span> <span class='ocrx_word' id='word_1_389' title='bbox 2907 2386 3063 2456; x_wconf 92' lang='lat' dir='ltr'><strong>cujus</strong></span> <span class='ocrx_word' id='word_1_390' title='bbox 3103 2386 3469 2441; x_wconf 89' lang='lat' dir='ltr'><strong>deﬁnitionem</strong></span> <span class='ocrx_word' id='word_1_391' title='bbox 3515 2385 3568 2438; x_wconf 94' lang='lat' dir='ltr'><strong>in</strong></span> 
     </span>
    </p>
   </div>
   <div class='ocr_carea' id='block_1_54' title="bbox 1967 2474 3570 2546">
    <p class='ocr_par' dir='ltr' id='par_1_54' title="bbox 1967 2474 3570 2546">
     <span class='ocr_line' id='line_1_54' title="bbox 1967 2474 3570 2546; baseline 0.001 -15"><span class='ocrx_word' id='word_1_392' title='bbox 1967 2474 2185 2546; x_wconf 86' lang='lat' dir='ltr'><strong>Topicis</strong></span> <span class='ocrx_word' id='word_1_393' title='bbox 2227 2474 2545 2530; x_wconf 74' lang='lat' dir='ltr'><strong>differentiis</strong></span> <span class='ocrx_word' id='word_1_394' title='bbox 2591 2475 2825 2545; x_wconf 77' lang='lat' dir='ltr'><strong>apertius</strong></span> <span class='ocrx_word' id='word_1_395' title='bbox 2889 2476 3317 2545; x_wconf 79' lang='lat' dir='ltr'><strong>explanabimus.</strong></span> <span class='ocrx_word' id='word_1_396' title='bbox 3384 2475 3570 2532; x_wconf 83' lang='lat' dir='ltr'><strong>Omnis</strong></span> 
     </span>
    </p>
   </div>
   <div class='ocr_carea' id='block_1_55' title="bbox 1970 2569 3571 2640">
    <p class='ocr_par' dir='ltr' id='par_1_55' title="bbox 1970 2569 3571 2640">
     <span class='ocr_line' id='line_1_55' title="bbox 1970 2569 3571 2640; baseline -0.001 -16"><span class='ocrx_word' id='word_1_397' title='bbox 1970 2584 2099 2624; x_wconf 87' lang='lat' dir='ltr'><strong>vero</strong></span> <span class='ocrx_word' id='word_1_398' title='bbox 2121 2570 2464 2640; x_wconf 84' lang='lat' dir='ltr'><strong>syllogismus</strong></span> <span class='ocrx_word' id='word_1_399' title='bbox 2493 2570 2577 2624; x_wconf 86' lang='lat' dir='ltr'><strong>vel</strong></span> <span class='ocrx_word' id='word_1_400' title='bbox 2600 2569 2944 2640; x_wconf 87' lang='lat' dir='ltr'><strong>enthymema</strong></span> <span class='ocrx_word' id='word_1_401' title='bbox 2973 2569 3422 2638; x_wconf 88' lang='lat' dir='ltr'><strong>propositionibus</strong></span> <span class='ocrx_word' id='word_1_402' title='bbox 3443 2585 3571 2623; x_wconf 63' lang='lat' dir='ltr'><strong>conn-</strong></span> 
     </span>
    </p>
   </div>
   <div class='ocr_carea' id='block_1_56' title="bbox 1971 2663 3572 2734">
    <p class='ocr_par' dir='ltr' id='par_1_56' title="bbox 1971 2663 3572 2734">
     <span class='ocr_line' id='line_1_56' title="bbox 1971 2663 3572 2734; baseline -0.003 -16"><span class='ocrx_word' id='word_1_403' title='bbox 1971 2672 2104 2728; x_wconf 89' lang='lat' dir='ltr'><strong>stat;</strong></span> <span class='ocrx_word' id='word_1_404' title='bbox 2141 2679 2301 2718; x_wconf 91' lang='lat' dir='ltr'><strong>omne</strong></span> <span class='ocrx_word' id='word_1_405' title='bbox 2341 2663 2500 2733; x_wconf 90' lang='lat' dir='ltr'><strong>igitur</strong></span> <span class='ocrx_word' id='word_1_406' title='bbox 2529 2672 2902 2733; x_wconf 86' lang='lat' dir='ltr'><strong>argumentum</strong></span> <span class='ocrx_word' id='word_1_407' title='bbox 2935 2664 3245 2734; x_wconf 84' lang='lat' dir='ltr'><strong>syllogismo</strong></span> <span class='ocrx_word' id='word_1_408' title='bbox 3274 2663 3354 2716; x_wconf 91' lang='lat' dir='ltr'><strong>vel</strong></span> <span class='ocrx_word' id='word_1_409' title='bbox 3382 2664 3572 2733; x_wconf 81' lang='lat' dir='ltr'><strong>enthy-</strong></span> 
     </span>
    </p>
   </div>
   <div class='ocr_carea' id='block_1_57' title="bbox 1974 2755 3574 2826">
    <p class='ocr_par' dir='ltr' id='par_1_57' title="bbox 1974 2755 3574 2826">
     <span class='ocr_line' id='line_1_57' title="bbox 1974 2755 3574 2826; baseline 0 -18"><span class='ocrx_word' id='word_1_410' title='bbox 1974 2764 2211 2809; x_wconf 80' lang='lat' dir='ltr'><strong>memate</strong></span> <span class='ocrx_word' id='word_1_411' title='bbox 2256 2755 2548 2823; x_wconf 87' lang='lat' dir='ltr'><strong>profertur.</strong></span> <span class='ocrx_word' id='word_1_412' title='bbox 2579 2755 2932 2826; x_wconf 87' lang='lat' dir='ltr'><strong>Enthymema</strong></span> <span class='ocrx_word' id='word_1_413' title='bbox 2958 2770 3086 2810; x_wconf 91' lang='lat' dir='ltr'><strong>vero</strong></span> <span class='ocrx_word' id='word_1_414' title='bbox 3113 2766 3197 2810; x_wconf 90' lang='lat' dir='ltr'><strong>est</strong></span> <span class='ocrx_word' id='word_1_415' title='bbox 3228 2755 3574 2824; x_wconf 82' lang='lat' dir='ltr'><strong>imperfectus</strong></span> 
     </span>
    </p>
   </div>
   <div class='ocr_carea' id='block_1_58' title="bbox 1974 2845 3573 2917">
    <p class='ocr_par' dir='ltr' id='par_1_58' title="bbox 1974 2845 3573 2917">
     <span class='ocr_line' id='line_1_58' title="bbox 1974 2845 3573 2917; baseline -0.001 -17"><span class='ocrx_word' id='word_1_416' title='bbox 1974 2846 2336 2917; x_wconf 85' lang='lat' dir='ltr'><strong>syllogismus,</strong></span> <span class='ocrx_word' id='word_1_417' title='bbox 2353 2845 2506 2916; x_wconf 90' lang='lat' dir='ltr'><strong>cujus</strong></span> <span class='ocrx_word' id='word_1_418' title='bbox 2531 2847 2723 2917; x_wconf 71' lang='lat' dir='ltr'><strong>aliqua:</strong></span> <span class='ocrx_word' id='word_1_419' title='bbox 2752 2857 2950 2917; x_wconf 90' lang='lat' dir='ltr'><strong>partes,</strong></span> <span class='ocrx_word' id='word_1_420' title='bbox 2973 2848 3054 2902; x_wconf 85' lang='lat' dir='ltr'><strong>vel</strong></span> <span class='ocrx_word' id='word_1_421' title='bbox 3095 2857 3313 2917; x_wconf 88' lang='lat' dir='ltr'><strong>propter</strong></span> <span class='ocrx_word' id='word_1_422' title='bbox 3337 2847 3540 2901; x_wconf 90' lang='lat' dir='ltr'><strong>brevita</strong></span> <span class='ocrx_word' id='word_1_423' title='bbox 3559 2874 3573 2886; x_wconf 87' lang='lat'><strong>-</strong></span> 
     </span>
    </p>
   </div>
   <div class='ocr_carea' id='block_1_59' title="bbox 1977 2937 3573 3009">
    <p class='ocr_par' dir='ltr' id='par_1_59' title="bbox 1977 2937 3573 3009">
     <span class='ocr_line' id='line_1_59' title="bbox 1977 2937 3573 3009; baseline -0.002 -17"><span class='ocrx_word' id='word_1_424' title='bbox 1977 2939 2195 3002; x_wconf 77' lang='lat' dir='ltr'><strong>tem.vel</strong></span> <span class='ocrx_word' id='word_1_425' title='bbox 2212 2948 2428 3008; x_wconf 77' lang='lat' dir='ltr'><strong>promer</strong></span> <span class='ocrx_word' id='word_1_426' title='bbox 2443 2938 2704 3006; x_wconf 90' lang='lat' dir='ltr'><strong>notitiam,</strong></span> <span class='ocrx_word' id='word_1_427' title='bbox 2725 2941 3099 3009; x_wconf 68' lang='lat' dir='ltr'><strong>praeteriitissaa</strong></span> <span class='ocrx_word' id='word_1_428' title='bbox 3115 2937 3445 3008; x_wconf 85' lang='lat' dir='ltr'><strong>sunt.ltaque</strong></span> <span class='ocrx_word' id='word_1_429' title='bbox 3462 2940 3573 2992; x_wconf 60' lang='lat' dir='ltr'><strong>lucc</strong></span> 
     </span>
    </p>
   </div>
   <div class='ocr_carea' id='block_1_60' title="bbox 1976 3031 3572 3102">
    <p class='ocr_par' dir='ltr' id='par_1_60' title="bbox 1976 3031 3572 3102">
     <span class='ocr_line' id='line_1_60' title="bbox 1976 3031 3572 3102; baseline -0.001 -18"><span class='ocrx_word' id='word_1_430' title='bbox 1976 3046 2185 3100; x_wconf 77' lang='lat' dir='ltr'><strong>quoque</strong></span> <span class='ocrx_word' id='word_1_431' title='bbox 2205 3035 2598 3100; x_wconf 88' lang='lat' dir='ltr'><strong>argumentatio</strong></span> <span class='ocrx_word' id='word_1_432' title='bbox 2618 3047 2647 3085; x_wconf 93' lang='lat' dir='ltr'><strong>a</strong></span> <span class='ocrx_word' id='word_1_433' title='bbox 2677 3032 2969 3102; x_wconf 82' lang='lat' dir='ltr'><strong>syllogismi</strong></span> <span class='ocrx_word' id='word_1_434' title='bbox 2993 3048 3191 3102; x_wconf 88' lang='lat' dir='ltr'><strong>genere</strong></span> <span class='ocrx_word' id='word_1_435' title='bbox 3215 3046 3318 3086; x_wconf 93' lang='lat' dir='ltr'><strong>non</strong></span> <span class='ocrx_word' id='word_1_436' title='bbox 3343 3031 3572 3086; x_wconf 89' lang='lat' dir='ltr'><strong>recedit.</strong></span> 
     </span>
    </p>
   </div>
   <div class='ocr_carea' id='block_1_61' title="bbox 1977 3123 3572 3196">
    <p class='ocr_par' dir='ltr' id='par_1_61' title="bbox 1977 3123 3572 3196">
     <span class='ocr_line' id='line_1_61' title="bbox 1977 3123 3572 3196; baseline 0.002 -20"><span class='ocrx_word' id='word_1_437' title='bbox 1977 3123 2238 3193; x_wconf 86' lang='lat' dir='ltr'><strong>Quoniam</strong></span> <span class='ocrx_word' id='word_1_438' title='bbox 2271 3125 2435 3196; x_wconf 87' lang='lat' dir='ltr'><strong>igitur</strong></span> <span class='ocrx_word' id='word_1_439' title='bbox 2490 3125 2835 3196; x_wconf 88' lang='lat' dir='ltr'><strong>syllogismus</strong></span> <span class='ocrx_word' id='word_1_440' title='bbox 2891 3125 3069 3180; x_wconf 88' lang='lat' dir='ltr'><strong>oumis</strong></span> <span class='ocrx_word' id='word_1_441' title='bbox 3113 3124 3572 3195; x_wconf 84' lang='lat' dir='ltr'><strong>propositionibus</strong></span> 
     </span>
    </p>
   </div>
   <div class='ocr_carea' id='block_1_62' title="bbox 287 3207 3576 3298">
    <p class='ocr_par' dir='ltr' id='par_1_62' title="bbox 287 3207 3576 3298">
     <span class='ocr_line' id='line_1_62' title="bbox 287 3207 3576 3298; baseline 0.004 -41"><span class='ocrx_word' id='word_1_442' title='bbox 287 3207 522 3274; x_wconf 89' lang='lat' dir='ltr'><strong>potuerit</strong></span> <span class='ocrx_word' id='word_1_443' title='bbox 571 3209 879 3279; x_wconf 82' lang='lat' dir='ltr'><strong>argumenta</strong></span> <span class='ocrx_word' id='word_1_444' title='bbox 940 3215 1229 3282; x_wconf 87' lang='lat' dir='ltr'><strong>perquirat.</strong></span> <span class='ocrx_word' id='word_1_445' title='bbox 1289 3215 1428 3298; x_wconf 83' lang='lat' dir='ltr'><strong>Nihil</strong></span> <span class='ocrx_word' id='word_1_446' title='bbox 1462 3232 1589 3273; x_wconf 83' lang='lat' dir='ltr'><strong>vero</strong></span> <span class='ocrx_word' id='word_1_447' title='bbox 1646 3217 1871 3275; x_wconf 86' lang='lat' dir='ltr'><strong>interest</strong></span> <span class='ocrx_word' id='word_1_448' title='bbox 1901 3231 1947 3294; x_wconf 73' lang='grc' dir='ltr'><strong>ρ</strong></span> <span class='ocrx_word' id='word_1_449' title='bbox 1978 3228 2214 3285; x_wconf 85' lang='lat' dir='ltr'><strong>constat,</strong></span> <span class='ocrx_word' id='word_1_450' title='bbox 2240 3217 2640 3287; x_wconf 89' lang='lat' dir='ltr'><strong>propositiones</strong></span> <span class='ocrx_word' id='word_1_451' title='bbox 2665 3217 3414 3288; x_wconf 83' lang='lat' dir='ltr'><strong>veroterminis,termiuique</strong></span> <span class='ocrx_word' id='word_1_452' title='bbox 3438 3219 3576 3271; x_wconf 86' lang='lat' dir='ltr'><strong>inter</strong></span> 
     </span>
    </p>
   </div>
   <div class='ocr_carea' id='block_1_63' title="bbox 283 3299 1872 3381">
    <p class='ocr_par' dir='ltr' id='par_1_63' title="bbox 283 3299 1872 3381">
     <span class='ocr_line' id='line_1_63' title="bbox 283 3299 1872 3381; baseline 0.011 -34"><span class='ocrx_word' id='word_1_453' title='bbox 283 3303 460 3349; x_wconf 91' lang='lat' dir='ltr'><strong>utrum</strong></span> <span class='ocrx_word' id='word_1_454' title='bbox 491 3299 611 3368; x_wconf 92' lang='lat' dir='ltr'><strong>quis</strong></span> <span class='ocrx_word' id='word_1_455' title='bbox 647 3299 1058 3357; x_wconf 89' lang='lat' dir='ltr'><strong>afﬁrmationem</strong></span> <span class='ocrx_word' id='word_1_456' title='bbox 1090 3313 1270 3372; x_wconf 90' lang='lat' dir='ltr'><strong>ponat,</strong></span> <span class='ocrx_word' id='word_1_457' title='bbox 1321 3321 1389 3361; x_wconf 89' lang='lat' dir='ltr'><strong>an</strong></span> <span class='ocrx_word' id='word_1_458' title='bbox 1434 3307 1678 3363; x_wconf 89' lang='lat' dir='ltr'><strong>destruat</strong></span> <span class='ocrx_word' id='word_1_459' title='bbox 1709 3324 1872 3381; x_wconf 89' lang='lat' dir='ltr'><strong>nega-</strong></span> 
     </span>
    </p>
   </div>
   <div class='ocr_carea' id='block_1_64' title="bbox 285 3385 1873 3471">
    <p class='ocr_par' dir='ltr' id='par_1_64' title="bbox 285 3385 1873 3471">
     <span class='ocr_line' id='line_1_64' title="bbox 285 3385 1873 3471; baseline 0.011 -31"><span class='ocrx_word' id='word_1_460' title='bbox 285 3385 511 3454; x_wconf 89' lang='lat' dir='ltr'><strong>tionem,</strong></span> <span class='ocrx_word' id='word_1_461' title='bbox 543 3399 636 3446; x_wconf 89' lang='lat' dir='ltr'><strong>aut</strong></span> <span class='ocrx_word' id='word_1_462' title='bbox 668 3393 1004 3462; x_wconf 89' lang='lat' dir='ltr'><strong>negationem</strong></span> <span class='ocrx_word' id='word_1_463' title='bbox 1053 3394 1328 3464; x_wconf 84' lang='lat' dir='ltr'><strong>defendat,</strong></span> <span class='ocrx_word' id='word_1_464' title='bbox 1378 3415 1445 3452; x_wconf 89' lang='lat' dir='ltr'><strong>an</strong></span> <span class='ocrx_word' id='word_1_465' title='bbox 1494 3411 1765 3471; x_wconf 86' lang='lat' dir='ltr'><strong>oppugnet</strong></span> <span class='ocrx_word' id='word_1_466' title='bbox 1795 3403 1873 3456; x_wconf 84' lang='lat' dir='ltr'><strong>af-</strong></span> 
     </span>
    </p>
   </div>
   <div class='ocr_carea' id='block_1_65' title="bbox 284 3479 1871 3558">
    <p class='ocr_par' dir='ltr' id='par_1_65' title="bbox 284 3479 1871 3558">
     <span class='ocr_line' id='line_1_65' title="bbox 284 3479 1871 3558; baseline 0.009 -26"><span class='ocrx_word' id='word_1_467' title='bbox 284 3479 660 3536; x_wconf 88' lang='lat' dir='ltr'><strong>ﬁrmationem.</strong></span> <span class='ocrx_word' id='word_1_468' title='bbox 714 3486 826 3555; x_wconf 83' lang='lat' dir='ltr'><strong>Age</strong></span> <span class='ocrx_word' id='word_1_469' title='bbox 875 3491 1042 3552; x_wconf 89' lang='lat' dir='ltr'><strong>enim,</strong></span> <span class='ocrx_word' id='word_1_470' title='bbox 1091 3489 1160 3541; x_wconf 91' lang='lat' dir='ltr'><strong>sit</strong></span> <span class='ocrx_word' id='word_1_471' title='bbox 1187 3492 1437 3558; x_wconf 68' lang='lat' dir='ltr'><strong>quaestio,</strong></span> <span class='ocrx_word' id='word_1_472' title='bbox 1472 3498 1646 3544; x_wconf 91' lang='lat' dir='ltr'><strong>utrum</strong></span> <span class='ocrx_word' id='word_1_473' title='bbox 1675 3492 1871 3546; x_wconf 66' lang='lat' dir='ltr'><strong>caelum</strong></span> 
     </span>
    </p>
   </div>
   <div class='ocr_carea' id='block_1_66' title="bbox 283 3571 1871 3651">
    <p class='ocr_par' dir='ltr' id='par_1_66' title="bbox 283 3571 1871 3651">
     <span class='ocr_line' id='line_1_66' title="bbox 283 3571 1871 3651; baseline 0.008 -26"><span class='ocrx_word' id='word_1_474' title='bbox 283 3571 573 3626; x_wconf 89' lang='lat' dir='ltr'><strong>rotundum</strong></span> <span class='ocrx_word' id='word_1_475' title='bbox 623 3576 713 3629; x_wconf 91' lang='lat' dir='ltr'><strong>sit.</strong></span> <span class='ocrx_word' id='word_1_476' title='bbox 756 3577 812 3632; x_wconf 91' lang='lat' dir='ltr'><strong>Si</strong></span> <span class='ocrx_word' id='word_1_477' title='bbox 843 3577 963 3646; x_wconf 87' lang='lat' dir='ltr'><strong>quis</strong></span> <span class='ocrx_word' id='word_1_478' title='bbox 1006 3592 1125 3633; x_wconf 89' lang='lat' dir='ltr'><strong>eam</strong></span> <span class='ocrx_word' id='word_1_479' title='bbox 1166 3580 1267 3634; x_wconf 85' lang='lat' dir='ltr'><strong>sibi</strong></span> <span class='ocrx_word' id='word_1_480' title='bbox 1314 3583 1623 3650; x_wconf 67' lang='lat' dir='ltr'><strong>qumstionis</strong></span> <span class='ocrx_word' id='word_1_481' title='bbox 1665 3594 1871 3651; x_wconf 89' lang='lat' dir='ltr'><strong>partem</strong></span> 
     </span>
    </p>
   </div>
   <div class='ocr_carea' id='block_1_67' title="bbox 282 3664 1874 3736">
    <p class='ocr_par' dir='ltr' id='par_1_67' title="bbox 282 3664 1874 3736">
     <span class='ocr_line' id='line_1_67' title="bbox 282 3664 1874 3736; baseline 0.009 -22"><span class='ocrx_word' id='word_1_482' title='bbox 282 3664 654 3731; x_wconf 83' lang='lat' dir='ltr'><strong>assumpserit,</strong></span> <span class='ocrx_word' id='word_1_483' title='bbox 684 3679 841 3735; x_wconf 91' lang='lat' dir='ltr'><strong>quam</strong></span> <span class='ocrx_word' id='word_1_484' title='bbox 871 3681 992 3723; x_wconf 85' lang='lat' dir='ltr'><strong>esse</strong></span> <span class='ocrx_word' id='word_1_485' title='bbox 1015 3669 1272 3736; x_wconf 89' lang='lat' dir='ltr'><strong>defendit,</strong></span> <span class='ocrx_word' id='word_1_486' title='bbox 1300 3669 1366 3724; x_wconf 90' lang='lat' dir='ltr'><strong>ad</strong></span> <span class='ocrx_word' id='word_1_487' title='bbox 1394 3685 1514 3726; x_wconf 89' lang='lat' dir='ltr'><strong>eam</strong></span> <span class='ocrx_word' id='word_1_488' title='bbox 1543 3673 1874 3729; x_wconf 85' lang='lat' dir='ltr'><strong>constituen-</strong></span> 
     </span>
    </p>
   </div>
   <div class='ocr_carea' id='block_1_68' title="bbox 282 3752 1871 3834">
    <p class='ocr_par' dir='ltr' id='par_1_68' title="bbox 282 3752 1871 3834">
     <span class='ocr_line' id='line_1_68' title="bbox 282 3752 1871 3834; baseline 0.008 -28"><span class='ocrx_word' id='word_1_489' title='bbox 282 3752 407 3807; x_wconf 91' lang='lat' dir='ltr'><strong>dam</strong></span> <span class='ocrx_word' id='word_1_490' title='bbox 455 3766 643 3810; x_wconf 91' lang='lat' dir='ltr'><strong>cuncta</strong></span> <span class='ocrx_word' id='word_1_491' title='bbox 693 3773 915 3815; x_wconf 88' lang='lat' dir='ltr'><strong>necesse</strong></span> <span class='ocrx_word' id='word_1_492' title='bbox 966 3769 1051 3815; x_wconf 90' lang='lat' dir='ltr'><strong>est</strong></span> <span class='ocrx_word' id='word_1_493' title='bbox 1079 3761 1180 3816; x_wconf 89' lang='lat' dir='ltr'><strong>sibi</strong></span> <span class='ocrx_word' id='word_1_494' title='bbox 1213 3772 1490 3831; x_wconf 90' lang='lat' dir='ltr'><strong>comparet</strong></span> <span class='ocrx_word' id='word_1_495' title='bbox 1533 3775 1871 3834; x_wconf 83' lang='lat' dir='ltr'><strong>argumenta,</strong></span> 
     </span>
    </p>
   </div>
   <div class='ocr_carea' id='block_1_69' title="bbox 281 3849 1873 3927">
    <p class='ocr_par' dir='ltr' id='par_1_69' title="bbox 281 3849 1873 3927">
     <span class='ocr_line' id='line_1_69' title="bbox 281 3849 1873 3927; baseline 0.008 -27"><span class='ocrx_word' id='word_1_496' title='bbox 281 3856 446 3916; x_wconf 90' lang='lat' dir='ltr'><strong>atque</strong></span> <span class='ocrx_word' id='word_1_497' title='bbox 503 3851 552 3904; x_wconf 93' lang='lat' dir='ltr'><strong>in</strong></span> <span class='ocrx_word' id='word_1_498' title='bbox 585 3849 686 3906; x_wconf 91' lang='lat' dir='ltr'><strong>hoc</strong></span> <span class='ocrx_word' id='word_1_499' title='bbox 731 3852 1144 3916; x_wconf 81' lang='lat' dir='ltr'><strong>afﬁrmationem</strong></span> <span class='ocrx_word' id='word_1_500' title='bbox 1175 3854 1390 3924; x_wconf 89' lang='lat' dir='ltr'><strong>quidem</strong></span> <span class='ocrx_word' id='word_1_501' title='bbox 1434 3856 1607 3927; x_wconf 90' lang='lat' dir='ltr'><strong>ponit,</strong></span> <span class='ocrx_word' id='word_1_502' title='bbox 1653 3858 1746 3912; x_wconf 79' lang='lat' dir='ltr'><strong>sed</strong></span> <span class='ocrx_word' id='word_1_503' title='bbox 1775 3857 1873 3913; x_wconf 64' lang='lat' dir='ltr'><strong>deo</strong></span> 
     </span>
    </p>
   </div>
   <div class='ocr_carea' id='block_1_70' title="bbox 280 3942 1875 4018">
    <p class='ocr_par' dir='ltr' id='par_1_70' title="bbox 280 3942 1875 4018">
     <span class='ocr_line' id='line_1_70' title="bbox 280 3942 1875 4018; baseline 0.007 -22"><span class='ocrx_word' id='word_1_504' title='bbox 280 3942 444 3996; x_wconf 86' lang='lat' dir='ltr'><strong>struit</strong></span> <span class='ocrx_word' id='word_1_505' title='bbox 472 3946 832 4014; x_wconf 88' lang='lat' dir='ltr'><strong>negationem.</strong></span> <span class='ocrx_word' id='word_1_506' title='bbox 887 3948 943 4003; x_wconf 89' lang='lat' dir='ltr'><strong>Si</strong></span> <span class='ocrx_word' id='word_1_507' title='bbox 981 3949 1101 4018; x_wconf 89' lang='lat' dir='ltr'><strong>quis</strong></span> <span class='ocrx_word' id='word_1_508' title='bbox 1143 3963 1270 4004; x_wconf 88' lang='lat' dir='ltr'><strong>vero</strong></span> <span class='ocrx_word' id='word_1_509' title='bbox 1315 3962 1472 4017; x_wconf 81' lang='lat' dir='ltr'><strong>neget</strong></span> <span class='ocrx_word' id='word_1_510' title='bbox 1504 3951 1584 4017; x_wconf 91' lang='lat' dir='ltr'><strong>id,</strong></span> <span class='ocrx_word' id='word_1_511' title='bbox 1634 3967 1695 4005; x_wconf 88' lang='lat' dir='ltr'><strong>ae</strong></span> <span class='ocrx_word' id='word_1_512' title='bbox 1733 3952 1875 4007; x_wconf 88' lang='lat' dir='ltr'><strong>dicat</strong></span> 
     </span>
    </p>
   </div>
   <div class='ocr_carea' id='block_1_71' title="bbox 283 4038 1872 4114">
    <p class='ocr_par' dir='ltr' id='par_1_71' title="bbox 283 4038 1872 4114">
     <span class='ocr_line' id='line_1_71' title="bbox 283 4038 1872 4114; baseline 0.006 -26"><span class='ocrx_word' id='word_1_513' title='bbox 283 4049 392 4088; x_wconf 91' lang='lat' dir='ltr'><strong>non</strong></span> <span class='ocrx_word' id='word_1_514' title='bbox 456 4049 580 4092; x_wconf 87' lang='lat' dir='ltr'><strong>esse</strong></span> <span class='ocrx_word' id='word_1_515' title='bbox 637 4038 834 4093; x_wconf 90' lang='lat' dir='ltr'><strong>coelum</strong></span> <span class='ocrx_word' id='word_1_516' title='bbox 877 4041 1196 4104; x_wconf 91' lang='lat' dir='ltr'><strong>rotundum,</strong></span> <span class='ocrx_word' id='word_1_517' title='bbox 1251 4042 1475 4110; x_wconf 87' lang='lat' dir='ltr'><strong>suscipit</strong></span> <span class='ocrx_word' id='word_1_518' title='bbox 1518 4042 1618 4097; x_wconf 88' lang='lat' dir='ltr'><strong>sibi</strong></span> <span class='ocrx_word' id='word_1_519' title='bbox 1671 4053 1872 4114; x_wconf 86' lang='lat' dir='ltr'><strong>partem</strong></span> 
     </span>
    </p>
   </div>
   <div class='ocr_carea' id='block_1_72' title="bbox 281 4125 1873 4203">
    <p class='ocr_par' dir='ltr' id='par_1_72' title="bbox 281 4125 1873 4203">
     <span class='ocr_line' id='line_1_72' title="bbox 281 4125 1873 4203; baseline 0.006 -24"><span class='ocrx_word' id='word_1_520' title='bbox 281 4125 506 4182; x_wconf 87' lang='lat' dir='ltr'><strong>alteram</strong></span> <span class='ocrx_word' id='word_1_521' title='bbox 537 4131 847 4199; x_wconf 65' lang='lat' dir='ltr'><strong>quaestionis</strong></span> <span class='ocrx_word' id='word_1_522' title='bbox 872 4145 991 4200; x_wconf 72' lang='lat' dir='ltr'><strong>qua:</strong></span> <span class='ocrx_word' id='word_1_523' title='bbox 1034 4131 1206 4186; x_wconf 85' lang='lat' dir='ltr'><strong>fuerat</strong></span> <span class='ocrx_word' id='word_1_524' title='bbox 1235 4132 1458 4202; x_wconf 89' lang='lat' dir='ltr'><strong>reliqua,</strong></span> <span class='ocrx_word' id='word_1_525' title='bbox 1492 4133 1544 4187; x_wconf 93' lang='lat' dir='ltr'><strong>id</strong></span> <span class='ocrx_word' id='word_1_526' title='bbox 1587 4144 1668 4188; x_wconf 91' lang='lat' dir='ltr'><strong>est</strong></span> <span class='ocrx_word' id='word_1_527' title='bbox 1712 4149 1873 4203; x_wconf 85' lang='lat' dir='ltr'><strong>nega-</strong></span> 
     </span>
    </p>
   </div>
   <div class='ocr_carea' id='block_1_73' title="bbox 282 4205 1871 4292">
    <p class='ocr_par' dir='ltr' id='par_1_73' title="bbox 282 4205 1871 4292">
     <span class='ocr_line' id='line_1_73' title="bbox 282 4205 1871 4292; baseline 0.006 -22"><span class='ocrx_word' id='word_1_528' title='bbox 282 4218 506 4286; x_wconf 87' lang='lat' dir='ltr'><strong>tionem,</strong></span> <span class='ocrx_word' id='word_1_529' title='bbox 531 4220 583 4274; x_wconf 93' lang='lat' dir='ltr'><strong>in</strong></span> <span class='ocrx_word' id='word_1_530' title='bbox 610 4235 779 4290; x_wconf 87' lang='lat' dir='ltr'><strong>eaque</strong></span> <span class='ocrx_word' id='word_1_531' title='bbox 803 4221 1069 4287; x_wconf 89' lang='lat' dir='ltr'><strong>consistit,</strong></span> <span class='ocrx_word' id='word_1_532' title='bbox 1096 4231 1148 4276; x_wconf 90' lang='lat' dir='ltr'><strong>et</strong></span> <span class='ocrx_word' id='word_1_533' title='bbox 1175 4221 1242 4276; x_wconf 89' lang='lat' dir='ltr'><strong>ad</strong></span> <span class='ocrx_word' id='word_1_534' title='bbox 1266 4222 1401 4277; x_wconf 89' lang='lat' dir='ltr'><strong>hanc</strong></span> <span class='ocrx_word' id='word_1_535' title='bbox 1429 4205 1871 4292; x_wconf 81' lang='lat' dir='ltr'><strong>approbandam,</strong></span> 
     </span>
    </p>
   </div>
   <div class='ocr_carea' id='block_1_74' title="bbox 280 4314 1871 4386">
    <p class='ocr_par' dir='ltr' id='par_1_74' title="bbox 280 4314 1871 4386">
     <span class='ocr_line' id='line_1_74' title="bbox 280 4314 1871 4386; baseline 0.005 -21"><span class='ocrx_word' id='word_1_536' title='bbox 280 4314 593 4385; x_wconf 88' lang='lat' dir='ltr'><strong>perquisitis</strong></span> <span class='ocrx_word' id='word_1_537' title='bbox 622 4317 806 4371; x_wconf 90' lang='lat' dir='ltr'><strong>nititur</strong></span> <span class='ocrx_word' id='word_1_538' title='bbox 828 4316 1186 4386; x_wconf 88' lang='lat' dir='ltr'><strong>argumentis;</strong></span> <span class='ocrx_word' id='word_1_539' title='bbox 1218 4318 1395 4386; x_wconf 89' lang='lat' dir='ltr'><strong>itaque</strong></span> <span class='ocrx_word' id='word_1_540' title='bbox 1419 4318 1508 4386; x_wconf 93' lang='lat' dir='ltr'><strong>qui</strong></span> <span class='ocrx_word' id='word_1_541' title='bbox 1535 4321 1871 4386; x_wconf 88' lang='lat' dir='ltr'><strong>negationem</strong></span> 
     </span>
    </p>
   </div>
   <div class='ocr_carea' id='block_1_75' title="bbox 285 4405 1872 4478">
    <p class='ocr_par' dir='ltr' id='par_1_75' title="bbox 285 4405 1872 4478">
     <span class='ocr_line' id='line_1_75' title="bbox 285 4405 1872 4478; baseline 0.006 -20"><span class='ocrx_word' id='word_1_542' title='bbox 285 4405 458 4474; x_wconf 88' lang='lat' dir='ltr'><strong>ponit,</strong></span> <span class='ocrx_word' id='word_1_543' title='bbox 514 4406 796 4463; x_wconf 88' lang='lat' dir='ltr'><strong>labefactat</strong></span> <span class='ocrx_word' id='word_1_544' title='bbox 823 4408 1254 4464; x_wconf 90' lang='lat' dir='ltr'><strong>allirmationem.</strong></span> <span class='ocrx_word' id='word_1_545' title='bbox 1304 4409 1432 4476; x_wconf 84' lang='lat' dir='ltr'><strong>Quae</strong></span> <span class='ocrx_word' id='word_1_546' title='bbox 1461 4425 1582 4465; x_wconf 91' lang='lat' dir='ltr'><strong>cum</strong></span> <span class='ocrx_word' id='word_1_547' title='bbox 1634 4411 1703 4466; x_wconf 88' lang='lat' dir='ltr'><strong>ita</strong></span> <span class='ocrx_word' id='word_1_548' title='bbox 1746 4415 1872 4478; x_wconf 89' lang='lat' dir='ltr'><strong>sint,</strong></span> 
     </span>
    </p>
   </div>
   <div class='ocr_carea' id='block_1_76' title="bbox 283 4496 1872 4571">
    <p class='ocr_par' dir='ltr' id='par_1_76' title="bbox 283 4496 1872 4571">
     <span class='ocr_line' id='line_1_76' title="bbox 283 4496 1872 4571; baseline 0.006 -22"><span class='ocrx_word' id='word_1_549' title='bbox 283 4496 714 4554; x_wconf 90' lang='lat' dir='ltr'><strong>demonstratum</strong></span> <span class='ocrx_word' id='word_1_550' title='bbox 745 4500 995 4566; x_wconf 90' lang='lat' dir='ltr'><strong>arbitror,</strong></span> <span class='ocrx_word' id='word_1_551' title='bbox 1032 4517 1137 4556; x_wconf 92' lang='lat' dir='ltr'><strong>non</strong></span> <span class='ocrx_word' id='word_1_552' title='bbox 1166 4509 1328 4555; x_wconf 91' lang='lat' dir='ltr'><strong>totam</strong></span> <span class='ocrx_word' id='word_1_553' title='bbox 1370 4502 1748 4571; x_wconf 77' lang='lat' dir='ltr'><strong>qutestionem,</strong></span> <span class='ocrx_word' id='word_1_554' title='bbox 1777 4503 1872 4558; x_wconf 92' lang='lat' dir='ltr'><strong>sed</strong></span> 
     </span>
    </p>
   </div>
   <div class='ocr_carea' id='block_1_77' title="bbox 283 4587 1872 4660">
    <p class='ocr_par' dir='ltr' id='par_1_77' title="bbox 283 4587 1872 4660">
     <span class='ocr_line' id='line_1_77' title="bbox 283 4587 1872 4660; baseline 0.005 -18"><span class='ocrx_word' id='word_1_555' title='bbox 283 4587 403 4657; x_wconf 88' lang='lat' dir='ltr'><strong>ejus</strong></span> <span class='ocrx_word' id='word_1_556' title='bbox 435 4589 679 4658; x_wconf 78' lang='lat' dir='ltr'><strong>aliquam</strong></span> <span class='ocrx_word' id='word_1_557' title='bbox 723 4600 927 4660; x_wconf 90' lang='lat' dir='ltr'><strong>partem</strong></span> <span class='ocrx_word' id='word_1_558' title='bbox 975 4592 1040 4646; x_wconf 88' lang='lat' dir='ltr'><strong>ad</strong></span> <span class='ocrx_word' id='word_1_559' title='bbox 1088 4592 1457 4648; x_wconf 87' lang='lat' dir='ltr'><strong>defensionem</strong></span> <span class='ocrx_word' id='word_1_560' title='bbox 1506 4593 1708 4649; x_wconf 89' lang='lat' dir='ltr'><strong>venire.</strong></span> <span class='ocrx_word' id='word_1_561' title='bbox 1767 4594 1872 4650; x_wconf 87' lang='lat' dir='ltr'><strong>Sed</strong></span> 
     </span>
    </p>
   </div>
   <div class='ocr_carea' id='block_1_78' title="bbox 282 4677 1872 4756">
    <p class='ocr_par' dir='ltr' id='par_1_78' title="bbox 282 4677 1872 4756">
     <span class='ocr_line' id='line_1_78' title="bbox 282 4677 1872 4756; baseline 0.006 -25"><span class='ocrx_word' id='word_1_562' title='bbox 282 4677 427 4747; x_wconf 86' lang='lat' dir='ltr'><strong>quod</strong></span> <span class='ocrx_word' id='word_1_563' title='bbox 476 4682 699 4750; x_wconf 81' lang='lat' dir='ltr'><strong>quisque</strong></span> <span class='ocrx_word' id='word_1_564' title='bbox 740 4682 1011 4750; x_wconf 87' lang='lat' dir='ltr'><strong>defendet,</strong></span> <span class='ocrx_word' id='word_1_565' title='bbox 1065 4684 1131 4738; x_wconf 92' lang='lat' dir='ltr'><strong>ad</strong></span> <span class='ocrx_word' id='word_1_566' title='bbox 1165 4683 1266 4738; x_wconf 88' lang='lat' dir='ltr'><strong>hoc</strong></span> <span class='ocrx_word' id='word_1_567' title='bbox 1303 4700 1517 4756; x_wconf 87' lang='lat' dir='ltr'><strong>quoque</strong></span> <span class='ocrx_word' id='word_1_568' title='bbox 1557 4698 1872 4756; x_wconf 90' lang='lat' dir='ltr'><strong>argumenta</strong></span> 
     </span>
    </p>
   </div>
   <div class='ocr_carea' id='block_1_79' title="bbox 285 4770 1870 4844">
    <p class='ocr_par' dir='ltr' id='par_1_79' title="bbox 285 4770 1870 4844">
     <span class='ocr_line' id='line_1_79' title="bbox 285 4770 1870 4844; baseline 0.006 -22"><span class='ocrx_word' id='word_1_569' title='bbox 285 4770 569 4840; x_wconf 91' lang='lat' dir='ltr'><strong>perquirit.</strong></span> <span class='ocrx_word' id='word_1_570' title='bbox 615 4771 693 4826; x_wconf 85' lang='lat' dir='ltr'><strong>Ad</strong></span> <span class='ocrx_word' id='word_1_571' title='bbox 726 4783 930 4842; x_wconf 85' lang='lat' dir='ltr'><strong>partem</strong></span> <span class='ocrx_word' id='word_1_572' title='bbox 981 4773 1142 4844; x_wconf 88' lang='lat' dir='ltr'><strong>igitur</strong></span> <span class='ocrx_word' id='word_1_573' title='bbox 1187 4777 1499 4844; x_wconf 66' lang='lat' dir='ltr'><strong>qumStionis</strong></span> <span class='ocrx_word' id='word_1_574' title='bbox 1524 4778 1870 4832; x_wconf 71' lang='lat' dir='ltr'><strong>astruendam</strong></span> 
     </span>
    </p>
   </div>
   <div class='ocr_carea' id='block_1_80' title="bbox 283 4860 1874 4938">
    <p class='ocr_par' dir='ltr' id='par_1_80' title="bbox 283 4860 1874 4938">
     <span class='ocr_line' id='line_1_80' title="bbox 283 4860 1874 4938; baseline 0.008 -26"><span class='ocrx_word' id='word_1_575' title='bbox 283 4860 738 4917; x_wconf 87' lang='lat' dir='ltr'><strong>destruendamve</strong></span> <span class='ocrx_word' id='word_1_576' title='bbox 795 4874 1107 4934; x_wconf 89' lang='lat' dir='ltr'><strong>argumenta</strong></span> <span class='ocrx_word' id='word_1_577' title='bbox 1153 4875 1480 4938; x_wconf 80' lang='lat' dir='ltr'><strong>sumuntur,</strong></span> <span class='ocrx_word' id='word_1_578' title='bbox 1541 4877 1701 4938; x_wconf 81' lang='lat' dir='ltr'><strong>atque</strong></span> <span class='ocrx_word' id='word_1_579' title='bbox 1760 4869 1874 4924; x_wconf 71' lang='lat' dir='ltr'><strong>haec</strong></span> 
     </span>
    </p>
   </div>
   <div class='ocr_carea' id='block_1_81' title="bbox 283 4936 1874 5026">
    <p class='ocr_par' dir='ltr' id='par_1_81' title="bbox 283 4936 1874 5026">
     <span class='ocr_line' id='line_1_81' title="bbox 283 4936 1874 5026; baseline 0.009 -23"><span class='ocrx_word' id='word_1_580' title='bbox 283 4952 501 5020; x_wconf 89' lang='lat' dir='ltr'><strong>quidem</strong></span> <span class='ocrx_word' id='word_1_581' title='bbox 541 4953 585 5007; x_wconf 84' lang='lat' dir='ltr'><strong>si</strong></span> <span class='ocrx_word' id='word_1_582' title='bbox 623 4955 742 5022; x_wconf 87' lang='lat' dir='ltr'><strong>quis</strong></span> <span class='ocrx_word' id='word_1_583' title='bbox 785 4956 960 5010; x_wconf 88' lang='lat' dir='ltr'><strong>minus</strong></span> <span class='ocrx_word' id='word_1_584' title='bbox 1004 4936 1272 5026; x_wconf 81' lang='lat' dir='ltr'><strong>intelligit,</strong></span> <span class='ocrx_word' id='word_1_585' title='bbox 1306 4973 1373 5012; x_wconf 86' lang='lat' dir='ltr'><strong>ne</strong></span> <span class='ocrx_word' id='word_1_586' title='bbox 1399 4974 1428 5011; x_wconf 91' lang='lat' dir='ltr'><strong>a</strong></span> <span class='ocrx_word' id='word_1_587' title='bbox 1465 4936 1627 5014; x_wconf 84' lang='lat' dir='ltr'><strong>nobis</strong></span> <span class='ocrx_word' id='word_1_588' title='bbox 1646 4961 1874 5017; x_wconf 90' lang='lat' dir='ltr'><strong>obscure</strong></span> 
     </span>
    </p>
   </div>
   <div class='ocr_carea' id='block_1_82' title="bbox 283 5042 1871 5117">
    <p class='ocr_par' dir='ltr' id='par_1_82' title="bbox 283 5042 1871 5117">
     <span class='ocr_line' id='line_1_82' title="bbox 283 5042 1871 5117; baseline 0.008 -22"><span class='ocrx_word' id='word_1_589' title='bbox 283 5042 424 5096; x_wconf 91' lang='lat' dir='ltr'><strong>dicta</strong></span> <span class='ocrx_word' id='word_1_590' title='bbox 454 5058 574 5098; x_wconf 79' lang='lat' dir='ltr'><strong>esse</strong></span> <span class='ocrx_word' id='word_1_591' title='bbox 607 5056 879 5100; x_wconf 60' lang='lat' dir='ltr'><strong>censetur.</strong></span> <span class='ocrx_word' id='word_1_592' title='bbox 908 5047 961 5101; x_wconf 88' lang='lat' dir='ltr'><strong>Si</strong></span> <span class='ocrx_word' id='word_1_593' title='bbox 993 5048 1139 5100; x_wconf 90' lang='lat' dir='ltr'><strong>enim</strong></span> <span class='ocrx_word' id='word_1_594' title='bbox 1170 5064 1290 5117; x_wconf 81' lang='lat' dir='ltr'><strong>qua:</strong></span> <span class='ocrx_word' id='word_1_595' title='bbox 1323 5049 1372 5102; x_wconf 94' lang='lat' dir='ltr'><strong>in</strong></span> <span class='ocrx_word' id='word_1_596' title='bbox 1405 5049 1703 5115; x_wconf 89' lang='lat' dir='ltr'><strong>dialectica,</strong></span> <span class='ocrx_word' id='word_1_597' title='bbox 1729 5054 1810 5106; x_wconf 87' lang='lat' dir='ltr'><strong>vel</strong></span> <span class='ocrx_word' id='word_1_598' title='bbox 1842 5068 1871 5108; x_wconf 68' lang='grc' dir='ltr'><strong>τι</strong></span> 
     </span>
    </p>
   </div>
   <div class='ocr_carea' id='block_1_83' title="bbox 282 5133 1872 5213">
    <p class='ocr_par' dir='ltr' id='par_1_83' title="bbox 282 5133 1872 5213">
     <span class='ocr_line' id='line_1_83' title="bbox 282 5133 1872 5213; baseline 0.009 -27"><span class='ocrx_word' id='word_1_599' title='bbox 282 5133 442 5186; x_wconf 88' lang='lat' dir='ltr'><strong>nobis</strong></span> <span class='ocrx_word' id='word_1_600' title='bbox 490 5135 629 5189; x_wconf 86' lang='lat' dir='ltr'><strong>dicta</strong></span> <span class='ocrx_word' id='word_1_601' title='bbox 665 5136 846 5190; x_wconf 84' lang='lat' dir='ltr'><strong>Latina</strong></span> <span class='ocrx_word' id='word_1_602' title='bbox 892 5138 1164 5203; x_wconf 91' lang='lat' dir='ltr'><strong>oratione,</strong></span> <span class='ocrx_word' id='word_1_603' title='bbox 1217 5140 1296 5192; x_wconf 87' lang='lat' dir='ltr'><strong>vel</strong></span> <span class='ocrx_word' id='word_1_604' title='bbox 1351 5154 1380 5191; x_wconf 89' lang='lat' dir='ltr'><strong>a</strong></span> <span class='ocrx_word' id='word_1_605' title='bbox 1425 5138 1626 5195; x_wconf 72' lang='lat' dir='ltr'><strong>Graecis</strong></span> <span class='ocrx_word' id='word_1_606' title='bbox 1676 5144 1872 5213; x_wconf 84' lang='lat' dir='ltr'><strong>scripta</strong></span> 
     </span>
    </p>
   </div>
   <div class='ocr_carea' id='block_1_84' title="bbox 281 5225 1868 5298">
    <p class='ocr_par' dir='ltr' id='par_1_84' title="bbox 281 5225 1868 5298">
     <span class='ocr_line' id='line_1_84' title="bbox 281 5225 1868 5298; baseline 0.008 -23"><span class='ocrx_word' id='word_1_607' title='bbox 281 5233 430 5287; x_wconf 75' lang='lat' dir='ltr'><strong>sunt,</strong></span> <span class='ocrx_word' id='word_1_608' title='bbox 467 5225 751 5293; x_wconf 89' lang='lat' dir='ltr'><strong>ignorabit,</strong></span> <span class='ocrx_word' id='word_1_609' title='bbox 796 5230 988 5281; x_wconf 88' lang='lat' dir='ltr'><strong>mirum</strong></span> <span class='ocrx_word' id='word_1_610' title='bbox 1032 5239 1114 5284; x_wconf 88' lang='lat' dir='ltr'><strong>est</strong></span> <span class='ocrx_word' id='word_1_611' title='bbox 1159 5231 1201 5282; x_wconf 93' lang='lat' dir='ltr'><strong>si</strong></span> <span class='ocrx_word' id='word_1_612' title='bbox 1236 5243 1394 5297; x_wconf 83' lang='lat' dir='ltr'><strong>quam</strong></span> <span class='ocrx_word' id='word_1_613' title='bbox 1425 5239 1634 5298; x_wconf 84' lang='lat' dir='ltr'><strong>partem</strong></span> <span class='ocrx_word' id='word_1_614' title='bbox 1682 5246 1868 5288; x_wconf 89' lang='lat' dir='ltr'><strong>eorum</strong></span> 
     </span>
    </p>
   </div>
   <div class='ocr_carea' id='block_1_85' title="bbox 283 5309 1874 5391">
    <p class='ocr_par' dir='ltr' id='par_1_85' title="bbox 283 5309 1874 5391">
     <span class='ocr_line' id='line_1_85' title="bbox 283 5309 1874 5391; baseline 0.009 -28"><span class='ocrx_word' id='word_1_615' title='bbox 283 5327 406 5380; x_wconf 70' lang='lat' dir='ltr'><strong>qua!</strong></span> <span class='ocrx_word' id='word_1_616' title='bbox 467 5315 694 5369; x_wconf 88' lang='lat' dir='ltr'><strong>dicimus</strong></span> <span class='ocrx_word' id='word_1_617' title='bbox 739 5317 1018 5373; x_wconf 84' lang='lat' dir='ltr'><strong>advertere</strong></span> <span class='ocrx_word' id='word_1_618' title='bbox 1063 5319 1262 5383; x_wconf 86' lang='lat' dir='ltr'><strong>valeat,</strong></span> <span class='ocrx_word' id='word_1_619' title='bbox 1305 5336 1369 5374; x_wconf 92' lang='lat' dir='ltr'><strong>ue</strong></span> <span class='ocrx_word' id='word_1_620' title='bbox 1409 5320 1533 5374; x_wconf 84' lang='lat' dir='ltr'><strong>dum</strong></span> <span class='ocrx_word' id='word_1_621' title='bbox 1565 5309 1874 5391; x_wconf 76' lang='lat' dir='ltr'><strong>stupeamus</strong></span> 
     </span>
    </p>
   </div>
   <div class='ocr_carea' id='block_1_86' title="bbox 283 5405 1874 5482">
    <p class='ocr_par' dir='ltr' id='par_1_86' title="bbox 283 5405 1874 5482">
     <span class='ocr_line' id='line_1_86' title="bbox 283 5405 1874 5482; baseline 0.008 -24"><span class='ocrx_word' id='word_1_622' title='bbox 283 5405 429 5473; x_wconf 85' lang='lat' dir='ltr'><strong>quod</strong></span> <span class='ocrx_word' id='word_1_623' title='bbox 475 5424 576 5461; x_wconf 89' lang='lat' dir='ltr'><strong>non</strong></span> <span class='ocrx_word' id='word_1_624' title='bbox 607 5410 785 5462; x_wconf 82' lang='lat' dir='ltr'><strong>omnia</strong></span> <span class='ocrx_word' id='word_1_625' title='bbox 815 5411 1254 5479; x_wconf 83' lang='lat' dir='ltr'><strong>comprehendat.</strong></span> <span class='ocrx_word' id='word_1_626' title='bbox 1304 5412 1409 5468; x_wconf 84' lang='lat' dir='ltr'><strong>Sed</strong></span> <span class='ocrx_word' id='word_1_627' title='bbox 1441 5415 1691 5482; x_wconf 75' lang='lat' dir='ltr'><strong>quoniam</strong></span> <span class='ocrx_word' id='word_1_628' title='bbox 1721 5415 1874 5471; x_wconf 85' lang='lat' dir='ltr'><strong>dubi-</strong></span> 
     </span>
    </p>
   </div>
   <div class='ocr_carea' id='block_1_87' title="bbox 285 5495 1868 5576">
    <p class='ocr_par' dir='ltr' id='par_1_87' title="bbox 285 5495 1868 5576">
     <span class='ocr_line' id='line_1_87' title="bbox 285 5495 1868 5576; baseline 0.009 -26"><span class='ocrx_word' id='word_1_629' title='bbox 285 5498 503 5553; x_wconf 89' lang='lat' dir='ltr'><strong>tabilem</strong></span> <span class='ocrx_word' id='word_1_630' title='bbox 556 5504 972 5572; x_wconf 75' lang='lat' dir='ltr'><strong>pr0positiouem</strong></span> <span class='ocrx_word' id='word_1_631' title='bbox 1029 5507 1376 5573; x_wconf 67' lang='lat' dir='ltr'><strong>quaestionem</strong></span> <span class='ocrx_word' id='word_1_632' title='bbox 1435 5521 1557 5561; x_wconf 87' lang='lat' dir='ltr'><strong>esse</strong></span> <span class='ocrx_word' id='word_1_633' title='bbox 1619 5495 1868 5576; x_wconf 82' lang='lat' dir='ltr'><strong>pr.edixi-</strong></span> 
     </span>
    </p>
   </div>
   <div class='ocr_carea' id='block_1_88' title="bbox 280 5593 1868 5666">
    <p class='ocr_par' dir='ltr' id='par_1_88' title="bbox 280 5593 1868 5666">
     <span class='ocr_line' id='line_1_88' title="bbox 280 5593 1868 5666; baseline 0.008 -24"><span class='ocrx_word' id='word_1_634' title='bbox 280 5603 425 5651; x_wconf 86' lang='lat' dir='ltr'><strong>ntus,</strong></span> <span class='ocrx_word' id='word_1_635' title='bbox 451 5593 630 5645; x_wconf 88' lang='lat' dir='ltr'><strong>evenit</strong></span> <span class='ocrx_word' id='word_1_636' title='bbox 660 5604 716 5647; x_wconf 93' lang='lat' dir='ltr'><strong>ut</strong></span> <span class='ocrx_word' id='word_1_637' title='bbox 741 5610 871 5664; x_wconf 83' lang='lat' dir='ltr'><strong>quas</strong></span> <span class='ocrx_word' id='word_1_638' title='bbox 896 5605 1074 5664; x_wconf 86' lang='lat' dir='ltr'><strong>partes</strong></span> <span class='ocrx_word' id='word_1_639' title='bbox 1098 5595 1290 5652; x_wconf 87' lang='lat' dir='ltr'><strong>habeat</strong></span> <span class='ocrx_word' id='word_1_640' title='bbox 1317 5598 1629 5666; x_wconf 88' lang='lat' dir='ltr'><strong>propositio,</strong></span> <span class='ocrx_word' id='word_1_641' title='bbox 1654 5601 1868 5655; x_wconf 84' lang='lat' dir='ltr'><strong>easdem</strong></span> 
     </span>
    </p>
   </div>
   <div class='ocr_carea' id='block_1_89' title="bbox 277 5684 1862 5755">
    <p class='ocr_par' dir='ltr' id='par_1_89' title="bbox 277 5684 1862 5755">
     <span class='ocr_line' id='line_1_89' title="bbox 277 5684 1862 5755; baseline 0.006 -17"><span class='ocrx_word' id='word_1_642' title='bbox 277 5684 446 5738; x_wconf 79' lang='lat' dir='ltr'><strong>etiam</strong></span> <span class='ocrx_word' id='word_1_643' title='bbox 479 5689 702 5755; x_wconf 73' lang='lat' dir='ltr'><strong>qumstio</strong></span> <span class='ocrx_word' id='word_1_644' title='bbox 732 5689 964 5743; x_wconf 81' lang='lat' dir='ltr'><strong>retinere</strong></span> <span class='ocrx_word' id='word_1_645' title='bbox 1007 5689 1270 5745; x_wconf 85' lang='lat' dir='ltr'><strong>videatur.</strong></span> <span class='ocrx_word' id='word_1_646' title='bbox 1315 5690 1502 5745; x_wconf 82' lang='lat' dir='ltr'><strong>Omnis</strong></span> <span class='ocrx_word' id='word_1_647' title='bbox 1532 5702 1710 5747; x_wconf 87' lang='lat' dir='ltr'><strong>autem</strong></span> <span class='ocrx_word' id='word_1_648' title='bbox 1743 5694 1862 5748; x_wconf 38' lang='lat' dir='ltr'><strong>sim.</strong></span> 
     </span>
    </p>
   </div>
   <div class='ocr_carea' id='block_1_90' title="bbox 280 5774 1870 5852">
    <p class='ocr_par' dir='ltr' id='par_1_90' title="bbox 280 5774 1870 5852">
     <span class='ocr_line' id='line_1_90' title="bbox 280 5774 1870 5852; baseline 0.007 -24"><span class='ocrx_word' id='word_1_649' title='bbox 280 5774 404 5843; x_wconf 72' lang='lat' dir='ltr'><strong>plex</strong></span> <span class='ocrx_word' id='word_1_650' title='bbox 455 5781 747 5850; x_wconf 80' lang='lat' dir='ltr'><strong>propesitio</strong></span> <span class='ocrx_word' id='word_1_651' title='bbox 794 5781 926 5836; x_wconf 85' lang='lat' dir='ltr'><strong>duas</strong></span> <span class='ocrx_word' id='word_1_652' title='bbox 954 5781 1113 5836; x_wconf 78' lang='lat' dir='ltr'><strong>habet</strong></span> <span class='ocrx_word' id='word_1_653' title='bbox 1156 5791 1333 5852; x_wconf 83' lang='lat' dir='ltr'><strong>partes</strong></span> <span class='ocrx_word' id='word_1_654' title='bbox 1374 5783 1426 5837; x_wconf 92' lang='lat' dir='ltr'><strong>in</strong></span> <span class='ocrx_word' id='word_1_655' title='bbox 1470 5785 1712 5839; x_wconf 88' lang='lat' dir='ltr'><strong>terminis</strong></span> <span class='ocrx_word' id='word_1_656' title='bbox 1741 5798 1870 5839; x_wconf 90' lang='lat' dir='ltr'><strong>eon-</strong></span> 
     </span>
    </p>
   </div>
   <div class='ocr_carea' id='block_1_91' title="bbox 279 5868 1862 5946">
    <p class='ocr_par' dir='ltr' id='par_1_91' title="bbox 279 5868 1862 5946">
     <span class='ocr_line' id='line_1_91' title="bbox 279 5868 1862 5946; baseline 0.004 -24"><span class='ocrx_word' id='word_1_657' title='bbox 279 5868 517 5924; x_wconf 77' lang='lat' dir='ltr'><strong>sututas.</strong></span> <span class='ocrx_word' id='word_1_658' title='bbox 595 5871 831 5942; x_wconf 74' lang='lat' dir='ltr'><strong>Simplex</strong></span> <span class='ocrx_word' id='word_1_659' title='bbox 883 5889 1008 5928; x_wconf 78' lang='lat' dir='ltr'><strong>vero</strong></span> <span class='ocrx_word' id='word_1_660' title='bbox 1055 5873 1349 5944; x_wconf 78' lang='lat' dir='ltr'><strong>propositio</strong></span> <span class='ocrx_word' id='word_1_661' title='bbox 1397 5882 1480 5928; x_wconf 85' lang='lat' dir='ltr'><strong>est</strong></span> <span class='ocrx_word' id='word_1_662' title='bbox 1535 5873 1862 5946; x_wconf 83' lang='lat' dir='ltr'><strong>hujusmodi,</strong></span> 
     </span>
    </p>
   </div>
   <div class='ocr_carea' id='block_1_92' title="bbox 1979 3305 3575 3378">
    <p class='ocr_par' dir='ltr' id='par_1_92' title="bbox 1979 3305 3575 3378">
     <span class='ocr_line' id='line_1_92' title="bbox 1979 3305 3575 3378; baseline -0.003 -15"><span class='ocrx_word' id='word_1_663' title='bbox 1979 3324 2039 3364; x_wconf 90' lang='lat' dir='ltr'><strong>se</strong></span> <span class='ocrx_word' id='word_1_664' title='bbox 2065 3308 2424 3376; x_wconf 78' lang='lat' dir='ltr'><strong>differunt,eo</strong></span> <span class='ocrx_word' id='word_1_665' title='bbox 2440 3307 2582 3378; x_wconf 90' lang='lat' dir='ltr'><strong>quod</strong></span> <span class='ocrx_word' id='word_1_666' title='bbox 2616 3324 2751 3362; x_wconf 93' lang='lat' dir='ltr'><strong>unus</strong></span> <span class='ocrx_word' id='word_1_667' title='bbox 2774 3307 2949 3376; x_wconf 84' lang='lat' dir='ltr'><strong>major</strong></span> <span class='ocrx_word' id='word_1_668' title='bbox 2966 3317 3067 3371; x_wconf 83' lang='lat' dir='ltr'><strong>est,</strong></span> <span class='ocrx_word' id='word_1_669' title='bbox 3086 3307 3223 3362; x_wconf 92' lang='lat' dir='ltr'><strong>alter</strong></span> <span class='ocrx_word' id='word_1_670' title='bbox 3240 3307 3435 3372; x_wconf 91' lang='lat' dir='ltr'><strong>minor,</strong></span> <span class='ocrx_word' id='word_1_671' title='bbox 3461 3305 3575 3360; x_wconf 83' lang='lat' dir='ltr'><strong>ﬁeri</strong></span> 
     </span>
    </p>
   </div>
   <div class='ocr_carea' id='block_1_93' title="bbox 1979 3397 3572 3468">
    <p class='ocr_par' dir='ltr' id='par_1_93' title="bbox 1979 3397 3572 3468">
     <span class='ocr_line' id='line_1_93' title="bbox 1979 3397 3572 3468; baseline -0.001 -16"><span class='ocrx_word' id='word_1_672' title='bbox 1979 3412 2084 3452; x_wconf 93' lang='lat' dir='ltr'><strong>non</strong></span> <span class='ocrx_word' id='word_1_673' title='bbox 2116 3407 2292 3468; x_wconf 74' lang='lat' dir='ltr'><strong>potest</strong></span> <span class='ocrx_word' id='word_1_674' title='bbox 2320 3406 2377 3452; x_wconf 92' lang='lat' dir='ltr'><strong>ut</strong></span> <span class='ocrx_word' id='word_1_675' title='bbox 2412 3413 2478 3453; x_wconf 79' lang='lat' dir='ltr'><strong>ex</strong></span> <span class='ocrx_word' id='word_1_676' title='bbox 2508 3398 2966 3468; x_wconf 90' lang='lat' dir='ltr'><strong>pr0positionihus</strong></span> <span class='ocrx_word' id='word_1_677' title='bbox 3004 3397 3279 3451; x_wconf 83' lang='lat' dir='ltr'><strong>conclusio</strong></span> <span class='ocrx_word' id='word_1_678' title='bbox 3307 3406 3572 3463; x_wconf 86' lang='lat' dir='ltr'><strong>nascatur,</strong></span> 
     </span>
    </p>
   </div>
   <div class='ocr_carea' id='block_1_94' title="bbox 1980 3488 3573 3559">
    <p class='ocr_par' dir='ltr' id='par_1_94' title="bbox 1980 3488 3573 3559">
     <span class='ocr_line' id='line_1_94' title="bbox 1980 3488 3573 3559; baseline -0.002 -17"><span class='ocrx_word' id='word_1_679' title='bbox 1980 3489 2079 3544; x_wconf 75' lang='lat' dir='ltr'><strong>nisi</strong></span> <span class='ocrx_word' id='word_1_680' title='bbox 2108 3505 2201 3558; x_wconf 91' lang='lat' dir='ltr'><strong>per</strong></span> <span class='ocrx_word' id='word_1_681' title='bbox 2231 3490 2491 3543; x_wconf 90' lang='lat' dir='ltr'><strong>terminos</strong></span> <span class='ocrx_word' id='word_1_682' title='bbox 2520 3504 2823 3559; x_wconf 77' lang='lat' dir='ltr'><strong>progressa:</strong></span> <span class='ocrx_word' id='word_1_683' title='bbox 2863 3488 3256 3558; x_wconf 81' lang='lat' dir='ltr'><strong>propositiones</strong></span> <span class='ocrx_word' id='word_1_684' title='bbox 3303 3497 3573 3542; x_wconf 80' lang='lat' dir='ltr'><strong>extremos</strong></span> 
     </span>
    </p>
   </div>
   <div class='ocr_carea' id='block_1_95' title="bbox 1979 3575 3574 3648">
    <p class='ocr_par' dir='ltr' id='par_1_95' title="bbox 1979 3575 3574 3648">
     <span class='ocr_line' id='line_1_95' title="bbox 1979 3575 3574 3648; baseline -0.002 -16"><span class='ocrx_word' id='word_1_685' title='bbox 1979 3579 2235 3634; x_wconf 80' lang='lat' dir='ltr'><strong>terminos</strong></span> <span class='ocrx_word' id='word_1_686' title='bbox 2277 3578 2505 3648; x_wconf 91' lang='lat' dir='ltr'><strong>alicujus</strong></span> <span class='ocrx_word' id='word_1_687' title='bbox 2547 3579 2688 3633; x_wconf 90' lang='lat' dir='ltr'><strong>tertii</strong></span> <span class='ocrx_word' id='word_1_688' title='bbox 2748 3580 3037 3633; x_wconf 88' lang='lat' dir='ltr'><strong>medietate</strong></span> <span class='ocrx_word' id='word_1_689' title='bbox 3065 3577 3441 3647; x_wconf 78' lang='lat' dir='ltr'><strong>conjunxerint</strong></span> <span class='ocrx_word' id='word_1_690' title='bbox 3475 3595 3485 3628; x_wconf 91' lang='lat'><strong>:</strong></span> <span class='ocrx_word' id='word_1_691' title='bbox 3523 3575 3574 3629; x_wconf 89' lang='lat' dir='ltr'><strong>id</strong></span> 
     </span>
    </p>
   </div>
   <div class='ocr_carea' id='block_1_96' title="bbox 1979 3669 3576 3740">
    <p class='ocr_par' dir='ltr' id='par_1_96' title="bbox 1979 3669 3576 3740">
     <span class='ocr_line' id='line_1_96' title="bbox 1979 3669 3576 3740; baseline 0 -18"><span class='ocrx_word' id='word_1_692' title='bbox 1979 3671 2232 3726; x_wconf 85' lang='lat' dir='ltr'><strong>facillimo</strong></span> <span class='ocrx_word' id='word_1_693' title='bbox 2277 3672 2684 3725; x_wconf 90' lang='lat' dir='ltr'><strong>demonstratur</strong></span> <span class='ocrx_word' id='word_1_694' title='bbox 2730 3671 3000 3740; x_wconf 79' lang='lat' dir='ltr'><strong>exemplo.</strong></span> <span class='ocrx_word' id='word_1_695' title='bbox 3062 3670 3145 3724; x_wconf 91' lang='lat' dir='ltr'><strong>Sit</strong></span> <span class='ocrx_word' id='word_1_696' title='bbox 3174 3669 3320 3724; x_wconf 92' lang='lat' dir='ltr'><strong>enim</strong></span> <span class='ocrx_word' id='word_1_697' title='bbox 3352 3669 3576 3736; x_wconf 75' lang='lat' dir='ltr'><strong>qua-suo</strong></span> 
     </span>
    </p>
   </div>
   <div class='ocr_carea' id='block_1_97' title="bbox 1979 3760 3575 3818">
    <p class='ocr_par' dir='ltr' id='par_1_97' title="bbox 1979 3760 3575 3818">
     <span class='ocr_line' id='line_1_97' title="bbox 1979 3760 3575 3818; baseline -0.003 0"><span class='ocrx_word' id='word_1_698' title='bbox 1979 3773 2156 3818; x_wconf 93' lang='lat' dir='ltr'><strong>utrum</strong></span> <span class='ocrx_word' id='word_1_699' title='bbox 2191 3765 2352 3818; x_wconf 90' lang='lat' dir='ltr'><strong>homo</strong></span> <span class='ocrx_word' id='word_1_700' title='bbox 2394 3764 2689 3818; x_wconf 85' lang='lat' dir='ltr'><strong>substantia</strong></span> <span class='ocrx_word' id='word_1_701' title='bbox 2731 3762 2801 3818; x_wconf 91' lang='lat' dir='ltr'><strong>sit</strong></span> <span class='ocrx_word' id='word_1_702' title='bbox 2842 3779 2908 3816; x_wconf 90' lang='lat' dir='ltr'><strong>an</strong></span> <span class='ocrx_word' id='word_1_703' title='bbox 2953 3761 3192 3817; x_wconf 90' lang='lat' dir='ltr'><strong>minime.</strong></span> <span class='ocrx_word' id='word_1_704' title='bbox 3246 3760 3412 3815; x_wconf 92' lang='lat' dir='ltr'><strong>Sumo</strong></span> <span class='ocrx_word' id='word_1_705' title='bbox 3445 3761 3575 3814; x_wconf 88' lang='lat' dir='ltr'><strong>mihi</strong></span> 
     </span>
    </p>
   </div>
   <div class='ocr_carea' id='block_1_98' title="bbox 1979 3853 3574 3925">
    <p class='ocr_par' dir='ltr' id='par_1_98' title="bbox 1979 3853 3574 3925">
     <span class='ocr_line' id='line_1_98' title="bbox 1979 3853 3574 3925; baseline -0.003 -16"><span class='ocrx_word' id='word_1_706' title='bbox 1979 3856 2290 3925; x_wconf 73' lang='lat' dir='ltr'><strong>qumstionis</strong></span> <span class='ocrx_word' id='word_1_707' title='bbox 2326 3864 2532 3925; x_wconf 90' lang='lat' dir='ltr'><strong>partem</strong></span> <span class='ocrx_word' id='word_1_708' title='bbox 2589 3855 2814 3910; x_wconf 88' lang='lat' dir='ltr'><strong>alteram</strong></span> <span class='ocrx_word' id='word_1_709' title='bbox 2862 3853 3345 3925; x_wconf 84' lang='lat' dir='ltr'><strong>comprobandam,</strong></span> <span class='ocrx_word' id='word_1_710' title='bbox 3379 3867 3438 3908; x_wconf 92' lang='lat' dir='ltr'><strong>ea</strong></span> <span class='ocrx_word' id='word_1_711' title='bbox 3471 3864 3574 3918; x_wconf 89' lang='lat' dir='ltr'><strong>est,</strong></span> 
     </span>
    </p>
   </div>
   <div class='ocr_carea' id='block_1_99' title="bbox 1981 3943 3576 4014">
    <p class='ocr_par' dir='ltr' id='par_1_99' title="bbox 1981 3943 3576 4014">
     <span class='ocr_line' id='line_1_99' title="bbox 1981 3943 3576 4014; baseline -0.001 -15"><span class='ocrx_word' id='word_1_712' title='bbox 1981 3944 2249 4001; x_wconf 91' lang='lat' dir='ltr'><strong>hominem</strong></span> <span class='ocrx_word' id='word_1_713' title='bbox 2283 3960 2402 4002; x_wconf 89' lang='lat' dir='ltr'><strong>esse</strong></span> <span class='ocrx_word' id='word_1_714' title='bbox 2445 3947 2838 4009; x_wconf 89' lang='lat' dir='ltr'><strong>substantiam;</strong></span> <span class='ocrx_word' id='word_1_715' title='bbox 2883 3945 2938 3999; x_wconf 90' lang='lat' dir='ltr'><strong>in</strong></span> <span class='ocrx_word' id='word_1_716' title='bbox 2986 3943 3086 4000; x_wconf 91' lang='lat' dir='ltr'><strong>hac</strong></span> <span class='ocrx_word' id='word_1_717' title='bbox 3130 3944 3288 4014; x_wconf 90' lang='lat' dir='ltr'><strong>igitur</strong></span> <span class='ocrx_word' id='word_1_718' title='bbox 3317 3943 3422 3997; x_wconf 92' lang='lat' dir='ltr'><strong>duo</strong></span> <span class='ocrx_word' id='word_1_719' title='bbox 3453 3954 3576 3998; x_wconf 89' lang='lat' dir='ltr'><strong>sunt</strong></span> 
     </span>
    </p>
   </div>
   <div class='ocr_carea' id='block_1_100' title="bbox 1981 4031 3568 4105">
    <p class='ocr_par' dir='ltr' id='par_1_100' title="bbox 1981 4031 3568 4105">
     <span class='ocr_line' id='line_1_100' title="bbox 1981 4031 3568 4105; baseline -0.002 -17"><span class='ocrx_word' id='word_1_720' title='bbox 1981 4037 2219 4101; x_wconf 82' lang='lat' dir='ltr'><strong>termini,</strong></span> <span class='ocrx_word' id='word_1_721' title='bbox 2249 4035 2549 4091; x_wconf 87' lang='lat' dir='ltr'><strong>substantia</strong></span> <span class='ocrx_word' id='word_1_722' title='bbox 2577 4045 2736 4105; x_wconf 89' lang='lat' dir='ltr'><strong>atque</strong></span> <span class='ocrx_word' id='word_1_723' title='bbox 2763 4034 2944 4100; x_wconf 89' lang='lat' dir='ltr'><strong>homo,</strong></span> <span class='ocrx_word' id='word_1_724' title='bbox 2979 4048 3204 4102; x_wconf 92' lang='lat' dir='ltr'><strong>quorum</strong></span> <span class='ocrx_word' id='word_1_725' title='bbox 3240 4031 3410 4102; x_wconf 89' lang='lat' dir='ltr'><strong>major</strong></span> <span class='ocrx_word' id='word_1_726' title='bbox 3441 4031 3568 4086; x_wconf 90' lang='lat' dir='ltr'><strong>sub-</strong></span> 
     </span>
    </p>
   </div>
   <div class='ocr_carea' id='block_1_101' title="bbox 1980 4123 3579 4195">
    <p class='ocr_par' dir='ltr' id='par_1_101' title="bbox 1980 4123 3579 4195">
     <span class='ocr_line' id='line_1_101' title="bbox 1980 4123 3579 4195; baseline -0.003 -15"><span class='ocrx_word' id='word_1_727' title='bbox 1980 4127 2210 4190; x_wconf 85' lang='lat' dir='ltr'><strong>stantia,</strong></span> <span class='ocrx_word' id='word_1_728' title='bbox 2263 4127 2437 4181; x_wconf 86' lang='lat' dir='ltr'><strong>minor</strong></span> <span class='ocrx_word' id='word_1_729' title='bbox 2488 4125 2670 4190; x_wconf 92' lang='lat' dir='ltr'><strong>homo,</strong></span> <span class='ocrx_word' id='word_1_730' title='bbox 2719 4126 2860 4195; x_wconf 87' lang='lat' dir='ltr'><strong>quod</strong></span> <span class='ocrx_word' id='word_1_731' title='bbox 2906 4140 2970 4178; x_wconf 81' lang='lat' dir='ltr'><strong>ex</strong></span> <span class='ocrx_word' id='word_1_732' title='bbox 3019 4138 3083 4177; x_wconf 90' lang='lat' dir='ltr'><strong>eo</strong></span> <span class='ocrx_word' id='word_1_733' title='bbox 3123 4137 3334 4192; x_wconf 88' lang='lat' dir='ltr'><strong>quoque</strong></span> <span class='ocrx_word' id='word_1_734' title='bbox 3385 4123 3579 4190; x_wconf 90' lang='lat' dir='ltr'><strong>poterit</strong></span> 
     </span>
    </p>
   </div>
   <div class='ocr_carea' id='block_1_102' title="bbox 1979 4214 3574 4287">
    <p class='ocr_par' dir='ltr' id='par_1_102' title="bbox 1979 4214 3574 4287">
     <span class='ocr_line' id='line_1_102' title="bbox 1979 4214 3574 4287; baseline -0.001 -15"><span class='ocrx_word' id='word_1_735' title='bbox 1979 4218 2213 4284; x_wconf 88' lang='lat' dir='ltr'><strong>ostendi,</strong></span> <span class='ocrx_word' id='word_1_736' title='bbox 2254 4216 2507 4287; x_wconf 89' lang='lat' dir='ltr'><strong>quoniam</strong></span> <span class='ocrx_word' id='word_1_737' title='bbox 2543 4217 2809 4286; x_wconf 90' lang='lat' dir='ltr'><strong>posterius</strong></span> <span class='ocrx_word' id='word_1_738' title='bbox 2854 4214 3154 4270; x_wconf 90' lang='lat' dir='ltr'><strong>substantia</strong></span> <span class='ocrx_word' id='word_1_739' title='bbox 3195 4215 3248 4269; x_wconf 92' lang='lat' dir='ltr'><strong>in</strong></span> <span class='ocrx_word' id='word_1_740' title='bbox 3279 4215 3574 4284; x_wconf 88' lang='lat' dir='ltr'><strong>prolatione</strong></span> 
     </span>
    </p>
   </div>
   <div class='ocr_carea' id='block_1_103' title="bbox 1981 4303 3570 4376">
    <p class='ocr_par' dir='ltr' id='par_1_103' title="bbox 1981 4303 3570 4376">
     <span class='ocr_line' id='line_1_103' title="bbox 1981 4303 3570 4376; baseline 0 -16"><span class='ocrx_word' id='word_1_741' title='bbox 1981 4309 2271 4376; x_wconf 83' lang='lat' dir='ltr'><strong>profertur,</strong></span> <span class='ocrx_word' id='word_1_742' title='bbox 2301 4307 2389 4364; x_wconf 90' lang='lat' dir='ltr'><strong>vel</strong></span> <span class='ocrx_word' id='word_1_743' title='bbox 2432 4319 2488 4362; x_wconf 93' lang='lat' dir='ltr'><strong>ut</strong></span> <span class='ocrx_word' id='word_1_744' title='bbox 2537 4307 2590 4362; x_wconf 93' lang='lat' dir='ltr'><strong>in</strong></span> <span class='ocrx_word' id='word_1_745' title='bbox 2633 4307 2735 4362; x_wconf 90' lang='lat' dir='ltr'><strong>hoc</strong></span> <span class='ocrx_word' id='word_1_746' title='bbox 2786 4310 2900 4376; x_wconf 84' lang='lat' dir='ltr'><strong>ipso</strong></span> <span class='ocrx_word' id='word_1_747' title='bbox 2943 4304 3085 4376; x_wconf 93' lang='lat' dir='ltr'><strong>quod</strong></span> <span class='ocrx_word' id='word_1_748' title='bbox 3136 4303 3363 4359; x_wconf 92' lang='lat' dir='ltr'><strong>dicimus</strong></span> <span class='ocrx_word' id='word_1_749' title='bbox 3409 4306 3570 4360; x_wconf 91' lang='lat' dir='ltr'><strong>homo</strong></span> 
     </span>
    </p>
   </div>
   <div class='ocr_carea' id='block_1_104' title="bbox 1983 4396 3569 4469">
    <p class='ocr_par' dir='ltr' id='par_1_104' title="bbox 1983 4396 3569 4469">
     <span class='ocr_line' id='line_1_104' title="bbox 1983 4396 3569 4469; baseline -0.002 -15"><span class='ocrx_word' id='word_1_750' title='bbox 1983 4399 2277 4454; x_wconf 90' lang='lat' dir='ltr'><strong>substantia</strong></span> <span class='ocrx_word' id='word_1_751' title='bbox 2325 4409 2429 4463; x_wconf 88' lang='lat' dir='ltr'><strong>est,</strong></span> <span class='ocrx_word' id='word_1_752' title='bbox 2455 4400 2611 4469; x_wconf 84' lang='lat' dir='ltr'><strong>prius</strong></span> <span class='ocrx_word' id='word_1_753' title='bbox 2654 4398 2948 4464; x_wconf 88' lang='lat' dir='ltr'><strong>hominem,</strong></span> <span class='ocrx_word' id='word_1_754' title='bbox 3000 4396 3267 4467; x_wconf 89' lang='lat' dir='ltr'><strong>posterius</strong></span> <span class='ocrx_word' id='word_1_755' title='bbox 3319 4398 3569 4452; x_wconf 81' lang='lat' dir='ltr'><strong>substan-</strong></span> 
     </span>
    </p>
   </div>
   <div class='ocr_carea' id='block_1_105' title="bbox 1983 4487 3575 4559">
    <p class='ocr_par' dir='ltr' id='par_1_105' title="bbox 1983 4487 3575 4559">
     <span class='ocr_line' id='line_1_105' title="bbox 1983 4487 3575 4559; baseline -0.001 -17"><span class='ocrx_word' id='word_1_756' title='bbox 1983 4489 2108 4543; x_wconf 90' lang='lat' dir='ltr'><strong>tiam</strong></span> <span class='ocrx_word' id='word_1_757' title='bbox 2155 4491 2515 4544; x_wconf 89' lang='lat' dir='ltr'><strong>nominamus.</strong></span> <span class='ocrx_word' id='word_1_758' title='bbox 2567 4487 2637 4544; x_wconf 87' lang='lat' dir='ltr'><strong>Ut</strong></span> <span class='ocrx_word' id='word_1_759' title='bbox 2667 4488 2832 4559; x_wconf 92' lang='lat' dir='ltr'><strong>igitur</strong></span> <span class='ocrx_word' id='word_1_760' title='bbox 2881 4487 3235 4544; x_wconf 86' lang='lat' dir='ltr'><strong>substantiam</strong></span> <span class='ocrx_word' id='word_1_761' title='bbox 3275 4496 3433 4559; x_wconf 87' lang='lat' dir='ltr'><strong>atque</strong></span> <span class='ocrx_word' id='word_1_762' title='bbox 3476 4487 3575 4542; x_wconf 83' lang='lat' dir='ltr'><strong>ho-</strong></span> 
     </span>
    </p>
   </div>
   <div class='ocr_carea' id='block_1_106' title="bbox 1900 4580 3577 4682">
    <p class='ocr_par' dir='ltr' id='par_1_106' title="bbox 1900 4580 3577 4682">
     <span class='ocr_line' id='line_1_106' title="bbox 1900 4580 3577 4682; baseline 0.001 -47"><span class='ocrx_word' id='word_1_763' title='bbox 1900 4621 1954 4682; x_wconf 64' lang='grc' dir='ltr'><strong>Β</strong></span> <span class='ocrx_word' id='word_1_764' title='bbox 1984 4580 2182 4636; x_wconf 92' lang='lat' dir='ltr'><strong>minem</strong></span> <span class='ocrx_word' id='word_1_765' title='bbox 2225 4581 2469 4653; x_wconf 86' lang='lat' dir='ltr'><strong>jungam,</strong></span> <span class='ocrx_word' id='word_1_766' title='bbox 2510 4596 2731 4638; x_wconf 88' lang='lat' dir='ltr'><strong>necesse</strong></span> <span class='ocrx_word' id='word_1_767' title='bbox 2775 4591 2857 4638; x_wconf 91' lang='lat' dir='ltr'><strong>est</strong></span> <span class='ocrx_word' id='word_1_768' title='bbox 2887 4581 3119 4638; x_wconf 90' lang='lat' dir='ltr'><strong>medium</strong></span> <span class='ocrx_word' id='word_1_769' title='bbox 3168 4581 3452 4638; x_wconf 90' lang='lat' dir='ltr'><strong>terminum</strong></span> <span class='ocrx_word' id='word_1_770' title='bbox 3493 4597 3577 4637; x_wconf 85' lang='lat' dir='ltr'><strong>re-</strong></span> 
     </span>
    </p>
   </div>
   <div class='ocr_carea' id='block_1_107' title="bbox 1981 4677 3574 4749">
    <p class='ocr_par' dir='ltr' id='par_1_107' title="bbox 1981 4677 3574 4749">
     <span class='ocr_line' id='line_1_107' title="bbox 1981 4677 3574 4749; baseline 0.001 -17"><span class='ocrx_word' id='word_1_771' title='bbox 1981 4678 2168 4748; x_wconf 89' lang='lat' dir='ltr'><strong>periri,</strong></span> <span class='ocrx_word' id='word_1_772' title='bbox 2193 4677 2283 4748; x_wconf 86' lang='lat' dir='ltr'><strong>qui</strong></span> <span class='ocrx_word' id='word_1_773' title='bbox 2311 4687 2564 4749; x_wconf 90' lang='lat' dir='ltr'><strong>utrosque</strong></span> <span class='ocrx_word' id='word_1_774' title='bbox 2589 4678 2806 4748; x_wconf 90' lang='lat' dir='ltr'><strong>copulet</strong></span> <span class='ocrx_word' id='word_1_775' title='bbox 2834 4679 3114 4745; x_wconf 90' lang='lat' dir='ltr'><strong>terminos,</strong></span> <span class='ocrx_word' id='word_1_776' title='bbox 3142 4678 3230 4734; x_wconf 90' lang='lat' dir='ltr'><strong>hic</strong></span> <span class='ocrx_word' id='word_1_777' title='bbox 3259 4678 3329 4734; x_wconf 93' lang='lat' dir='ltr'><strong>sit</strong></span> <span class='ocrx_word' id='word_1_778' title='bbox 3350 4679 3574 4744; x_wconf 85' lang='lat' dir='ltr'><strong>animal,</strong></span> 
     </span>
    </p>
   </div>
   <div class='ocr_carea' id='block_1_108' title="bbox 1981 4770 3574 4842">
    <p class='ocr_par' dir='ltr' id='par_1_108' title="bbox 1981 4770 3574 4842">
     <span class='ocr_line' id='line_1_108' title="bbox 1981 4770 3574 4842; baseline 0 -18"><span class='ocrx_word' id='word_1_779' title='bbox 1981 4770 2176 4840; x_wconf 88' lang='lat' dir='ltr'><strong>ﬁatque</strong></span> <span class='ocrx_word' id='word_1_780' title='bbox 2208 4786 2312 4825; x_wconf 88' lang='lat' dir='ltr'><strong>una</strong></span> <span class='ocrx_word' id='word_1_781' title='bbox 2355 4771 2673 4842; x_wconf 89' lang='lat' dir='ltr'><strong>propositio,</strong></span> <span class='ocrx_word' id='word_1_782' title='bbox 2707 4770 2882 4826; x_wconf 93' lang='lat' dir='ltr'><strong>omnis</strong></span> <span class='ocrx_word' id='word_1_783' title='bbox 2921 4771 3083 4828; x_wconf 90' lang='lat' dir='ltr'><strong>homo</strong></span> <span class='ocrx_word' id='word_1_784' title='bbox 3122 4770 3320 4827; x_wconf 86' lang='lat' dir='ltr'><strong>animal</strong></span> <span class='ocrx_word' id='word_1_785' title='bbox 3350 4780 3460 4835; x_wconf 90' lang='lat' dir='ltr'><strong>est;</strong></span> <span class='ocrx_word' id='word_1_786' title='bbox 3521 4771 3574 4825; x_wconf 94' lang='lat' dir='ltr'><strong>in</strong></span> 
     </span>
    </p>
   </div>
   <div class='ocr_carea' id='block_1_109' title="bbox 1978 4861 3568 4933">
    <p class='ocr_par' dir='ltr' id='par_1_109' title="bbox 1978 4861 3568 4933">
     <span class='ocr_line' id='line_1_109' title="bbox 1978 4861 3568 4933; baseline 0 -18"><span class='ocrx_word' id='word_1_787' title='bbox 1978 4861 2079 4916; x_wconf 88' lang='lat' dir='ltr'><strong>hac</strong></span> <span class='ocrx_word' id='word_1_788' title='bbox 2133 4862 2292 4933; x_wconf 90' lang='lat' dir='ltr'><strong>igitur</strong></span> <span class='ocrx_word' id='word_1_789' title='bbox 2336 4863 2721 4933; x_wconf 43' lang='lat' dir='ltr'><strong>propositione,</strong></span> <span class='ocrx_word' id='word_1_790' title='bbox 2753 4862 2949 4918; x_wconf 87' lang='lat' dir='ltr'><strong>animal</strong></span> <span class='ocrx_word' id='word_1_791' title='bbox 3010 4863 3351 4933; x_wconf 88' lang='lat' dir='ltr'><strong>praedicatur,</strong></span> <span class='ocrx_word' id='word_1_792' title='bbox 3405 4861 3568 4916; x_wconf 91' lang='lat' dir='ltr'><strong>homo</strong></span> 
     </span>
    </p>
   </div>
   <div class='ocr_carea' id='block_1_110' title="bbox 1979 4955 3577 5028">
    <p class='ocr_par' dir='ltr' id='par_1_110' title="bbox 1979 4955 3577 5028">
     <span class='ocr_line' id='line_1_110' title="bbox 1979 4955 3577 5028; baseline -0.001 -17"><span class='ocrx_word' id='word_1_793' title='bbox 1979 4955 2283 5024; x_wconf 87' lang='lat' dir='ltr'><strong>subjicitur.</strong></span> <span class='ocrx_word' id='word_1_794' title='bbox 2343 4956 2552 5011; x_wconf 78' lang='lat' dir='ltr'><strong>Rursus</strong></span> <span class='ocrx_word' id='word_1_795' title='bbox 2605 4956 2860 5028; x_wconf 87' lang='lat' dir='ltr'><strong>adjungo,</strong></span> <span class='ocrx_word' id='word_1_796' title='bbox 2925 4973 3085 5013; x_wconf 92' lang='lat' dir='ltr'><strong>omne</strong></span> <span class='ocrx_word' id='word_1_797' title='bbox 3141 4966 3317 5013; x_wconf 87' lang='lat' dir='ltr'><strong>autem</strong></span> <span class='ocrx_word' id='word_1_798' title='bbox 3381 4955 3577 5010; x_wconf 89' lang='lat' dir='ltr'><strong>animal</strong></span> 
     </span>
    </p>
   </div>
   <div class='ocr_carea' id='block_1_111' title="bbox 1981 5046 3572 5118">
    <p class='ocr_par' dir='ltr' id='par_1_111' title="bbox 1981 5046 3572 5118">
     <span class='ocr_line' id='line_1_111' title="bbox 1981 5046 3572 5118; baseline -0.001 -18"><span class='ocrx_word' id='word_1_799' title='bbox 1981 5046 2276 5101; x_wconf 84' lang='lat' dir='ltr'><strong>subStautia</strong></span> <span class='ocrx_word' id='word_1_800' title='bbox 2327 5058 2442 5112; x_wconf 87' lang='lat' dir='ltr'><strong>est;</strong></span> <span class='ocrx_word' id='word_1_801' title='bbox 2493 5049 2547 5103; x_wconf 87' lang='lat' dir='ltr'><strong>irt</strong></span> <span class='ocrx_word' id='word_1_802' title='bbox 2600 5048 2698 5102; x_wconf 89' lang='lat' dir='ltr'><strong>hac</strong></span> <span class='ocrx_word' id='word_1_803' title='bbox 2749 5064 2937 5104; x_wconf 90' lang='lat' dir='ltr'><strong>rursus</strong></span> <span class='ocrx_word' id='word_1_804' title='bbox 2989 5049 3188 5104; x_wconf 89' lang='lat' dir='ltr'><strong>animal</strong></span> <span class='ocrx_word' id='word_1_805' title='bbox 3236 5046 3572 5118; x_wconf 91' lang='lat' dir='ltr'><strong>supponitur,</strong></span> 
     </span>
    </p>
   </div>
   <div class='ocr_carea' id='block_1_112' title="bbox 1983 5135 3577 5210">
    <p class='ocr_par' dir='ltr' id='par_1_112' title="bbox 1983 5135 3577 5210">
     <span class='ocr_line' id='line_1_112' title="bbox 1983 5135 3577 5210; baseline -0.001 -17"><span class='ocrx_word' id='word_1_806' title='bbox 1983 5137 2285 5193; x_wconf 86' lang='lat' dir='ltr'><strong>substantia</strong></span> <span class='ocrx_word' id='word_1_807' title='bbox 2316 5139 2659 5208; x_wconf 66' lang='lat' dir='ltr'><strong>prmdicatur.</strong></span> <span class='ocrx_word' id='word_1_808' title='bbox 2692 5140 2871 5210; x_wconf 90' lang='lat' dir='ltr'><strong>Itaque</strong></span> <span class='ocrx_word' id='word_1_809' title='bbox 2896 5139 3180 5205; x_wconf 91' lang='lat' dir='ltr'><strong>concludo,</strong></span> <span class='ocrx_word' id='word_1_810' title='bbox 3212 5135 3387 5193; x_wconf 87' lang='lat' dir='ltr'><strong>om&#39;nis</strong></span> <span class='ocrx_word' id='word_1_811' title='bbox 3419 5137 3577 5208; x_wconf 86' lang='lat' dir='ltr'><strong>igitur</strong></span> 
     </span>
    </p>
   </div>
   <div class='ocr_carea' id='block_1_113' title="bbox 1986 5229 3576 5305">
    <p class='ocr_par' dir='ltr' id='par_1_113' title="bbox 1986 5229 3576 5305">
     <span class='ocr_line' id='line_1_113' title="bbox 1986 5229 3576 5305; baseline -0.003 -19"><span class='ocrx_word' id='word_1_812' title='bbox 1986 5232 2146 5288; x_wconf 86' lang='lat' dir='ltr'><strong>homo</strong></span> <span class='ocrx_word' id='word_1_813' title='bbox 2175 5232 2469 5288; x_wconf 87' lang='lat' dir='ltr'><strong>substantia</strong></span> <span class='ocrx_word' id='word_1_814' title='bbox 2503 5242 2620 5302; x_wconf 75' lang='lat' dir='ltr'><strong>est;</strong></span> <span class='ocrx_word' id='word_1_815' title='bbox 2655 5249 2718 5288; x_wconf 90' lang='lat' dir='ltr'><strong>ac</strong></span> <span class='ocrx_word' id='word_1_816' title='bbox 2750 5249 2845 5305; x_wconf 89' lang='lat' dir='ltr'><strong>per</strong></span> <span class='ocrx_word' id='word_1_817' title='bbox 2873 5233 2974 5289; x_wconf 92' lang='lat' dir='ltr'><strong>hoc</strong></span> <span class='ocrx_word' id='word_1_818' title='bbox 3007 5233 3166 5286; x_wconf 90' lang='lat' dir='ltr'><strong>homo</strong></span> <span class='ocrx_word' id='word_1_819' title='bbox 3194 5229 3406 5300; x_wconf 90' lang='lat' dir='ltr'><strong>quidem</strong></span> <span class='ocrx_word' id='word_1_820' title='bbox 3436 5244 3576 5282; x_wconf 88' lang='lat' dir='ltr'><strong>sem-</strong></span> 
     </span>
    </p>
   </div>
   <div class='ocr_carea' id='block_1_114' title="bbox 1985 5318 3576 5393">
    <p class='ocr_par' dir='ltr' id='par_1_114' title="bbox 1985 5318 3576 5393">
     <span class='ocr_line' id='line_1_114' title="bbox 1985 5318 3576 5393; baseline -0.003 -16"><span class='ocrx_word' id='word_1_821' title='bbox 1985 5337 2080 5393; x_wconf 88' lang='lat' dir='ltr'><strong>per</strong></span> <span class='ocrx_word' id='word_1_822' title='bbox 2109 5324 2383 5392; x_wconf 88' lang='lat' dir='ltr'><strong>subjectus</strong></span> <span class='ocrx_word' id='word_1_823' title='bbox 2413 5333 2514 5379; x_wconf 90' lang='lat' dir='ltr'><strong>est.</strong></span> <span class='ocrx_word' id='word_1_824' title='bbox 2551 5324 2763 5378; x_wconf 81' lang='lat' dir='ltr'><strong>Animal</strong></span> <span class='ocrx_word' id='word_1_825' title='bbox 2797 5339 2925 5378; x_wconf 88' lang='lat' dir='ltr'><strong>vero</strong></span> <span class='ocrx_word' id='word_1_826' title='bbox 2953 5323 3017 5376; x_wconf 88' lang='lat' dir='ltr'><strong>ad</strong></span> <span class='ocrx_word' id='word_1_827' title='bbox 3048 5320 3316 5375; x_wconf 90' lang='lat' dir='ltr'><strong>hominem</strong></span> <span class='ocrx_word' id='word_1_828' title='bbox 3360 5318 3576 5388; x_wconf 89' lang='lat' dir='ltr'><strong>quidem</strong></span> 
     </span>
    </p>
   </div>
   <div class='ocr_carea' id='block_1_115' title="bbox 1985 5412 3572 5487">
    <p class='ocr_par' dir='ltr' id='par_1_115' title="bbox 1985 5412 3572 5487">
     <span class='ocr_line' id='line_1_115' title="bbox 1985 5412 3572 5487; baseline -0.002 -15"><span class='ocrx_word' id='word_1_829' title='bbox 1985 5418 2332 5487; x_wconf 79' lang='lat' dir='ltr'><strong>praedicatum</strong></span> <span class='ocrx_word' id='word_1_830' title='bbox 2389 5429 2493 5485; x_wconf 86' lang='lat' dir='ltr'><strong>est,</strong></span> <span class='ocrx_word' id='word_1_831' title='bbox 2547 5417 2611 5473; x_wconf 88' lang='lat' dir='ltr'><strong>ad</strong></span> <span class='ocrx_word' id='word_1_832' title='bbox 2659 5417 3011 5472; x_wconf 86' lang='lat' dir='ltr'><strong>substantiam</strong></span> <span class='ocrx_word' id='word_1_833' title='bbox 3065 5429 3196 5469; x_wconf 88' lang='lat' dir='ltr'><strong>vero</strong></span> <span class='ocrx_word' id='word_1_834' title='bbox 3250 5412 3572 5483; x_wconf 82' lang='lat' dir='ltr'><strong>subjectum.</strong></span> 
     </span>
    </p>
   </div>
   <div class='ocr_carea' id='block_1_116' title="bbox 1983 5494 3576 5582">
    <p class='ocr_par' dir='ltr' id='par_1_116' title="bbox 1983 5494 3576 5582">
     <span class='ocr_line' id='line_1_116' title="bbox 1983 5494 3576 5582; baseline -0.005 -14"><span class='ocrx_word' id='word_1_835' title='bbox 1983 5494 2289 5568; x_wconf 86' lang='lat' dir='ltr'><strong>Substantia</strong></span> <span class='ocrx_word' id='word_1_836' title='bbox 2347 5528 2473 5568; x_wconf 88' lang='lat' dir='ltr'><strong>vero</strong></span> <span class='ocrx_word' id='word_1_837' title='bbox 2533 5514 2646 5582; x_wconf 89' lang='lat' dir='ltr'><strong>ipsa</strong></span> <span class='ocrx_word' id='word_1_838' title='bbox 2700 5525 2912 5580; x_wconf 89' lang='lat' dir='ltr'><strong>semper</strong></span> <span class='ocrx_word' id='word_1_839' title='bbox 2963 5507 3248 5580; x_wconf 63' lang='lat' dir='ltr'><strong>pratdicata</strong></span> <span class='ocrx_word' id='word_1_840' title='bbox 3304 5507 3576 5577; x_wconf 82' lang='lat' dir='ltr'><strong>persistit,</strong></span> 
     </span>
    </p>
   </div>
   <div class='ocr_carea' id='block_1_117' title="bbox 1983 5601 3576 5678">
    <p class='ocr_par' dir='ltr' id='par_1_117' title="bbox 1983 5601 3576 5678">
     <span class='ocr_line' id='line_1_117' title="bbox 1983 5601 3576 5678; baseline -0.003 -18"><span class='ocrx_word' id='word_1_841' title='bbox 1983 5606 2127 5662; x_wconf 90' lang='lat' dir='ltr'><strong>unde</strong></span> <span class='ocrx_word' id='word_1_842' title='bbox 2159 5607 2215 5661; x_wconf 92' lang='lat' dir='ltr'><strong>ﬁt</strong></span> <span class='ocrx_word' id='word_1_843' title='bbox 2244 5615 2302 5660; x_wconf 87' lang='lat' dir='ltr'><strong>ttt</strong></span> <span class='ocrx_word' id='word_1_844' title='bbox 2331 5608 2508 5662; x_wconf 93' lang='lat' dir='ltr'><strong>minor</strong></span> <span class='ocrx_word' id='word_1_845' title='bbox 2538 5606 2753 5678; x_wconf 86' lang='lat' dir='ltr'><strong>quidem</strong></span> <span class='ocrx_word' id='word_1_846' title='bbox 2795 5604 2863 5660; x_wconf 91' lang='lat' dir='ltr'><strong>sit</strong></span> <span class='ocrx_word' id='word_1_847' title='bbox 2892 5603 3084 5668; x_wconf 91' lang='lat' dir='ltr'><strong>homo,</strong></span> <span class='ocrx_word' id='word_1_848' title='bbox 3118 5601 3292 5674; x_wconf 91' lang='lat' dir='ltr'><strong>major</strong></span> <span class='ocrx_word' id='word_1_849' title='bbox 3324 5617 3449 5657; x_wconf 86' lang='lat' dir='ltr'><strong>vero</strong></span> <span class='ocrx_word' id='word_1_850' title='bbox 3481 5601 3576 5656; x_wconf 89' lang='lat' dir='ltr'><strong>ho-</strong></span> 
     </span>
    </p>
   </div>
   <div class='ocr_carea' id='block_1_118' title="bbox 1983 5693 3570 5763">
    <p class='ocr_par' dir='ltr' id='par_1_118' title="bbox 1983 5693 3570 5763">
     <span class='ocr_line' id='line_1_118' title="bbox 1983 5693 3570 5763; baseline -0.004 -12"><span class='ocrx_word' id='word_1_851' title='bbox 1983 5697 2127 5751; x_wconf 91' lang='lat' dir='ltr'><strong>mine</strong></span> <span class='ocrx_word' id='word_1_852' title='bbox 2178 5699 2496 5763; x_wconf 87' lang='lat' dir='ltr'><strong>substantia,</strong></span> <span class='ocrx_word' id='word_1_853' title='bbox 2551 5696 2760 5750; x_wconf 83' lang='lat' dir='ltr'><strong>medius</strong></span> <span class='ocrx_word' id='word_1_854' title='bbox 2809 5703 2987 5750; x_wconf 89' lang='lat' dir='ltr'><strong>autem</strong></span> <span class='ocrx_word' id='word_1_855' title='bbox 3040 5693 3305 5748; x_wconf 89' lang='lat' dir='ltr'><strong>terminus</strong></span> <span class='ocrx_word' id='word_1_856' title='bbox 3350 5693 3570 5746; x_wconf 84' lang='lat' dir='ltr'><strong>animal.</strong></span> 
     </span>
    </p>
   </div>
   <div class='ocr_carea' id='block_1_119' title="bbox 1980 5784 3578 5860">
    <p class='ocr_par' dir='ltr' id='par_1_119' title="bbox 1980 5784 3578 5860">
     <span class='ocr_line' id='line_1_119' title="bbox 1980 5784 3578 5860; baseline -0.001 -19"><span class='ocrx_word' id='word_1_857' title='bbox 1980 5788 2242 5854; x_wconf 85' lang='lat' dir='ltr'><strong>Quoniam</strong></span> <span class='ocrx_word' id='word_1_858' title='bbox 2273 5789 2431 5860; x_wconf 86' lang='lat' dir='ltr'><strong>igitur</strong></span> <span class='ocrx_word' id='word_1_859' title='bbox 2457 5786 2686 5842; x_wconf 80' lang='lat' dir='ltr'><strong>extreml</strong></span> <span class='ocrx_word' id='word_1_860' title='bbox 2719 5786 2933 5839; x_wconf 90' lang='lat' dir='ltr'><strong>termini</strong></span> <span class='ocrx_word' id='word_1_861' title='bbox 2969 5784 3128 5840; x_wconf 91' lang='lat' dir='ltr'><strong>medii</strong></span> <span class='ocrx_word' id='word_1_862' title='bbox 3163 5784 3578 5853; x_wconf 83' lang='lat' dir='ltr'><strong>interpositione</strong></span> 
     </span>
    </p>
   </div>
   <div class='ocr_carea' id='block_1_120' title="bbox 1915 5876 3574 5954">
    <p class='ocr_par' dir='ltr' id='par_1_120' title="bbox 1915 5876 3574 5954">
     <span class='ocr_line' id='line_1_120' title="bbox 1915 5876 3574 5954; baseline -0.001 -22"><span class='ocrx_word' id='word_1_863' title='bbox 1982 5880 2323 5948; x_wconf 76' lang='lat' dir='ltr'><strong>capulantur,</strong></span> <span class='ocrx_word' id='word_1_864' title='bbox 2353 5892 2522 5948; x_wconf 84' lang='lat' dir='ltr'><strong>eoque</strong></span> <span class='ocrx_word' id='word_1_865' title='bbox 2555 5876 2715 5933; x_wconf 90' lang='lat' dir='ltr'><strong>modo</strong></span> <span class='ocrx_word' id='word_1_866' title='bbox 2742 5877 3057 5934; x_wconf 81' lang='lat' dir='ltr'><strong>uuzrstionis</strong></span> <span class='ocrx_word' id='word_1_867' title='bbox 3089 5877 3228 5932; x_wconf 84' lang='lat' dir='ltr'><strong>inter</strong></span> <span class='ocrx_word' id='word_1_868' title='bbox 3253 5891 3309 5932; x_wconf 84' lang='lat' dir='ltr'><strong>se</strong></span> <span class='ocrx_word' id='word_1_869' title='bbox 3336 5876 3574 5932; x_wconf 87' lang='lat' dir='ltr'><strong>membra</strong></span> 
     </span>
    </p>
   </div>
  </div>
