4036 6336
524 350 662 421 1051

1735 356 1843 417 ΑΝ.
1883 350 2095 412 ΜΑΝι.
2133 344 2289 410 ΒΕ..
2332 351 2554 413 Βοιζτιι

3657 363 3787 419 10δῖ

524 478 868 545 conveniunt,
913 476 1255 551 adbibitaque
1286 477 1600 550 probatione
1636 477 1857 533 solvitur
1884 474 2097 531 dubita-
2124 469 2181 529 Δ
2205 477 2287 523 est
2316 485 2481 541 quam
2512 472 2848 547 consulatus;
2879 486 3038 530 omne
3062 486 3191 529 vero
3213 473 3354 546 quod
3380 484 3465 532 est
3487 475 3787 551 diuturnius

526 572 631 637 tio,
691 574 817 628 nihil
862 582 943 628 est
981 572 1119 628 aliud
1168 584 1539 643 argumentum
1586 588 1742 644 quam
1792 571 2095 626 medietatis

528 666 783 725 inventio.
838 666 952 720 lure
1004 668 1144 723 enim
1194 666 1278 739 vel
1325 668 1671 736 conjungere,
1718 665 1762 739 si
1812 662 2097 751 afﬁrmatio

530 758 865 825 defendatur,
921 759 999 813 vel
1048 759 1375 830 disjungere,
1430 760 1474 813 si
1517 758 1727 827 negatio
1774 756 2093 822 vindicetur,

530 850 719 918 poterit
754 858 1041 905 extremos.
1076 852 1203 918 Quae
1231 866 1349 906 cum
1386 852 1456 905 ita
1488 852 1614 916 sint,
1649 851 1870 905 duarum
1903 866 2098 921 prepo-

530 928 778 995 sitinnum
807 950 861 995 et
890 944 1059 995 tertia:
1107 943 1483 1009 conclusionis,
1512 943 1683 1013 major
1710 943 1922 1014 quidem
1965 956 2096 1011 pro-

528 1031 720 1099 positio
749 1032 943 1105 dicitur
970 1050 1028 1088 ea
1061 1051 1177 1103 qua:
1209 1035 1463 1105 majorem
1512 1037 1797 1090 terminum
1836 1037 2095 1100 continet,

522 1120 573 1176 id
604 1133 684 1175 est
714 1104 887 1194 inqua
919 1122 1088 1193 major
1115 1104 1327 1194 quidem
1360 1128 1696 1194 praedicatur;
1730 1128 1937 1182 medius
1969 1143 2096 1181 vero

524 1208 857 1282 supponitur,
894 1225 949 1268 ut
992 1231 1150 1269 omne
1191 1216 1387 1271 animal
1436 1218 1728 1273 eubslantia
1761 1228 1875 1283 est;
1922 1212 2105 1273 minori

529 1320 654 1359 vero
684 1307 978 1376 propositio
1019 1319 1101 1362 est
1129 1324 1246 1379 qua:
1286 1307 1519 1363 medium
1548 1310 1761 1378 quidem
1812 1311 2096 1364 terminum

530 1397 807 1466 praedicat,
841 1400 1055 1468 subjicit
1100 1409 1276 1453 autem
1328 1404 1700 1479 minorem,gut
1737 1403 1909 1457 omnis
1940 1403 2097 1457 homo

525 1491 718 1543 animal
766 1498 867 1544 est.
914 1480 1024 1543 Sed
1067 1491 1319 1560 quoniam
1372 1509 1397 1543 a
1444 1491 1733 1562 majoribus
1766 1510 1987 1549 necesse
2017 1503 2099 1549 est

527 1580 731 1635 minora
755 1576 1100 1646 descendere,
1126 1580 1239 1650 ejus
1262 1580 1640 1647 conclusionis,
1666 1600 1781 1653 quae
1804 1602 1868 1639 ex
1893 1585 2098 1639 duabus

526 1672 977 1743 propositionibus
1007 1673 1259 1738 nascitur,
1288 1672 1376 1727 illa
1417 1675 1565 1743 quasi
1606 1673 1841 1729 etTet-trix
1882 1685 1935 1730 et
1977 1690 2098 1746 pro-

531 1768 642 1835 pria
690 1765 983 1836 propositio
1031 1765 1239 1820 videtur
1285 1780 1423 1828 esse,
1465 1783 1583 1837 qum
1616 1768 1782 1838 prima
1828 1780 1937 1834 est;
1987 1769 2098 1825 haec

2204 562 2427 627 bonum,
2475 565 2664 619 melius
2717 576 2798 620 cst
2851 581 2915 620 eo
2961 566 3102 636 quod
3152 567 3297 637 parvi
3354 579 3437 623 est
3489 571 3781 639 temporis:

2200 668 2423 723 regnum
2455 652 2615 725 igitur
2647 655 2835 710 melius
2864 666 2947 711 est
2979 656 3276 710 consulatu.
3331 657 3428 712 Hic
3474 658 3636 729 igitur
3680 676 3786 713 ma-

2200 745 2341 800 xima
2386 746 2681 817 propositio
2725 758 2884 817 atque
2914 748 3224 802 universalis
3250 758 3304 803 et
3334 766 3428 819 per
3461 765 3520 804 se
3551 750 3781 821 cognita,

2201 852 2371 904 neque
2412 837 2656 905 indigens
2697 838 3039 909 probatione,
3084 839 3536 907 argumentatiuni
3582 841 3781 896 inserta

2204 930 2307 980 est.
2362 928 2435 980 Ea
2465 942 2592 982 vero
2623 937 2726 994 est,
2756 929 2935 983 omnia
2962 944 3081 998 qua:
3107 928 3443 985 diuturniora
3470 942 3597 986 sunt
3625 933 3782 999 bona,

2201 1018 2429 1073 meliora
2464 1033 2583 1074 esse
2614 1020 2697 1074 his
2736 1024 2865 1091 quae’
2895 1031 3018 1075 sunt
3059 1023 3318 1093 temporis
3350 1023 3615 1079 brevitate
3662 1040 3785 1081 con-

2200 1111 2409 1165 stricta.
2459 1112 2528 1166 At
2572 1111 2618 1166 si
2648 1113 2875 1168 velimus
2907 1100 3190 1191 ostendere
3229 1132 3334 1168 non
3378 1132 3501 1171 esse
3550 1117 3781 1172 invidum

2199 1204 2288 1272 qui
2344 1205 2560 1272 sapiens
2590 1202 2677 1267 sit,
2726 1196 3021 1259 dicamus:
3074 1205 3289 1281 Invidus
3333 1216 3416 1261 est
3461 1208 3553 1278 qui
3594 1224 3786 1265 maeret

2201 1293 2375 1347 aliena
2417 1292 2697 1357 felicitate;
2743 1310 2845 1347 non
2888 1304 3068 1349 autent
3109 1298 3322 1364 sapiens
3351 1309 3433 1353 est
3465 1316 3626 1368 quem
3668 1300 3784 1355 feli-

2199 1376 2333 1435 citas
2373 1382 2543 1435 aliena
2584 1383 2863 1436 contristat
2900 1399 2913 1437 :
2951 1399 3052 1437 non
3103 1394 3182 1440 est
3231 1387 3390 1454 igitur
3439 1388 3655 1443 invidus
3707 1405 3785 1441 sa-

2200 1471 2377 1539 piens.
2432 1471 2525 1524 Hic
2574 1472 2804 1525 maxima
2854 1473 3149 1541 propositio
3198 1482 3649 1544 argumentationi
3683 1497 3784 1534 non

2202 1560 2415 1614 videtur
2463 1560 2694 1625 inclusa,
2728 1562 2821 1615 sed
2863 1565 3197 1619 extrinsecus
3243 1568 3444 1636 posita,
3477 1572 3786 1641 syllogismo

2200 1656 2378 1702 tamen
2416 1648 2561 1703 vires
2612 1650 2900 1704 ministrat.
2952 1651 3077 1705 Haec
3112 1668 3242 1707 vero
3291 1668 3391 1719 est,
3443 1674 3667 1727 quorum
3708 1660 3786 1714 di-

2200 1753 2372 1793 versae
2418 1748 2543 1793 sunt
2589 1739 2968 1809 deﬁnitiones,
3018 1740 3255 1797 diversas
3296 1760 3417 1799 esse
3460 1748 3786 1805 substantias

529 1832 705 1914 autem
756 1832 857 1926 est,
909 1857 1082 1912 omnis
1130 1859 1291 1912 homo
1342 1860 1637 1916 substantia
1670 1871 1769 1915 est.
1824 1862 1972 1931 Quod
2006 1862 2095 1933 qui
2126 1852 2174 1913 Β
2202 1845 2438 1933 ⁸³⁸9³⁵⁸⁸-
2470 1843 2593 1933 es".
2620 1832 2893 1933 QPW”?
2921 1842 3082 1904 'g'mr
3130 1836 3219 1933 Ῡε¹
3251 1839 3552 1929 “minem
3580 1837 3781 1933 prima

527 1951 733 2018 priores
778 1949 1205 2019 posterioresque
1255 1961 1467 2005 nostros
1497 1952 1824 2023 Analyticos,
1857 1972 1991 2024 quos
2033 1956 2100 2011 ab

527 2034 814 2096 Aristotele
846 2042 1237 2106 transtulimus,
1284 2042 1430 2114 legit,
1483 2045 1704 2101 minime
1732 2045 1956 2102 dubitat.
1995 2049 2100 2104 Sed

525 2142 580 2188 et
620 2134 664 2188 si
704 2133 821 2203 quis
860 2150 977 2211 qua:
1025 2134 1130 2189 illic
1170 2136 1367 2206 scripta
1410 2147 1532 2191 sunt
1578 2140 1855 2204 nesciens,
1890 2143 1952 2196 ad
1987 2144 2103 2199 inec

523 2224 745 2298 legenda
781 2216 1100 2296 proruperit,
1133 2229 1292 2283 etiam
1346 2230 1391 2282 si
1438 2232 1695 2285 rationem
1745 2249 1923 2289 rerum
1971 2253 2102 2305 quas

527 2333 633 2372 non
679 2314 927 2395 intelligit
954 2320 1182 2391 minime
1232 2320 1659 2397 comprehendit,
1709 2323 1779 2376 ita
1831 2334 2005 2380 tamen
2048 2337 2104 2381 ut

522 2396 723 2461 dictum
757 2394 989 2464 estesse
1027 2410 1279 2476 confidat,
1306 2394 1477 2482 seque
1526 2412 1579 2467 in
1631 2414 1932 2471 Aristotelis
1963 2421 2102 2473 Anaa

522 2490 697 2573 lyticis
721 2502 935 2559 uberius
960 2498 1298 2561 inventurum
1327 2524 1466 2574 esse,
1490 2510 1533 2565 si
1562 2510 1767 2585 legerit,
1792 2515 2101 2591 arbitretur.

524 2584 718 2648 Natura
748 2594 905 2665 igitur
935 2613 1109 2653 rerum
1144 2598 1240 2653 fert
1275 2610 1331 2653 ut
1363 2600 1449 2655 ubi
1478 2603 1602 2672 quid
1630 2584 1803 2674 majus
1833 2623 1895 2661 ac
1924 2588 2104 2667 minus

522 2698 623 2754 est,
657 2688 728 2743 ibi
758 2678 1046 2746 maximum
1073 2709 1287 2763 quoque
1319 2695 1514 2767 aliquid
1546 2696 1730 2754 inesse
1761 2717 1983 2760 necesse
2012 2705 2104 2765 sit.

522 2774 642 2848 Quo
670 2781 725 2835 ﬁt
754 2794 809 2836 ut
832 2783 940 2837 sint
967 2770 1208 2853 q'uzedam
1242 2780 1486 2841 maximae
1517 2793 1929 2861 propositiones,
1976 2812 2108 2867 quo-

514 2858 666 2925 niam
696 2873 929 2929 minores
960 2874 1296 2947 majoresqne
1339 2894 1459 2934 esse
1494 2884 1932 2951 monstravimus,
1977 2902 2106 2957 qua-

528 2979 645 3018 rum
672 2962 875 3020 natura
908 2981 971 3041 ex
1001 2968 1320 3037 simplicium
1372 2973 1792 3040 propositionum
1824 2977 2105 3044 partitione

524 3055 783 3109 sumenda
822 3054 1156 3112 est.‘0mnis
1201 3061 1343 3114 enim
1398 3064 1625 3131 simplex
1680 3069 1976 3136 prepositio
2023 3072 2102 3127 vel

520 3140 842 3201 ‘aiﬁrmativa
892 3158 992 3213 est,
1030 3149 1109 3202 vel
1155 3151 1417 3221 negativa.
1468 3154 1768 3224 Earumque
1819 3158 1935 3211 alim
1982 3170 2105 3216 sunt

524 3233 874 3297 univer:ales,
906 3244 962 3287 ut
993 3237 1167 3291 omnis
1210 3236 1370 3293 homo
1395 3240 1571 3311 justus
1603 3253 1705 3309 est,
1743 3246 1915 3300 nullus
1945 3248 2103 3305 homo
2131 3227 2179 3293 ο

518 3314 697 3394 justus
717 3333 828 3389 est;
862 3323 981 3379 alia:
1014 3329 1383 3398 particulares,
1414 3346 1468 3387 ut
1495 3338 1707 3405 quidam
1742 3340 1900 3398 homo
1926 3344 2103 3415 justus

521 3414 771 3480 est;ali:e
802 3415 1109 3485 indeﬁnitaa,
1139 3431 1195 3474 ut
1229 3422 1714 3505 ltomojustusest,
1751 3430 2105 3502 ltonmjusms

524 3518 629 3559 non
660 3515 775 3571 est;
822 3505 940 3560 alite
970 3510 1265 3580 singulares
1309 3514 1506 3585 aliquid
1549 3528 1712 3589 atque
1764 3524 2102 3583 individuum

521 3594 874 3663 continentes,
905 3608 963 3652 ut
992 3600 1122 3653 Cato
1147 3601 1326 3671 justus
1357 3618 1460 3672 est,
1490 3610 1624 3664 Cato
1646 3613 1825 3683 justus
1857 3632 1962 3671 non
1998 3630 2099 3676 est.

512 3682 825 3759 ‘Ilarumque
850 3693 1085 3745 omnium
1116 3693 1236 3749 alia:
1269 3707 1391 3750 sunt
1422 3682 1759 3769 dubitabiles,
1792 3708 1909 3762 alite
1948 3712 2105 3767 indu-

521 3774 721 3833 bitate.
762 3778 1059 3848 Supremas
1109 3784 1268 3855 igitur
1313 3803 1373 3843 ac
1404 3792 1661 3849 maximas
1707 3802 2100 3869 propositiones

516 3880 795 3935 vocamus,
826 3887 943 3940 qua:
972 3884 1024 3927 et
1052 3874 1374 3934 universales
1404 3894 1546 3950 sunt,
1581 3896 1633 3939 et
1663 3888 1729 3941 ita
1760 3900 1900 3945 nutre
1942 3904 2101 3965 atque

524 3958 840 4028 manifestae,
890 3973 945 4017 ut
990 3966 1300 4035 probatione
1329 3989 1433 4028 non
1462 3989 1673 4045 egeant,
1716 3997 1886 4053 eaque
1925 3958 2101 4057 potius

520 4067 641 4121 qua:
665 4054 714 4107 in
740 4052 1068 4116 dubitatione
1088 4072 1213 4115 sunt
1236 4052 1479 4132 probent.
1508 4070 1636 4125 Nam
1662 4089 1781 4145 qua;
1802 4052 2100 4139 indubitata

518 4144 670 4211 sunt,
698 4148 1062 4219 ambiguorum
1086 4154 1534 4218 demonstrationi
1564 4144 1739 4223 solent
1779 4186 1899 4227 esse
1946 4177 2096 4243 prin-

522 4236 681 4304 cipia,
726 4240 892 4309 qualis
934 4236 1035 4310 est,
1075 4264 1285 4303 onmem
1328 4269 1610 4315 numerum
1659 4262 1741 4316 vel
1772 4280 1951 4331 parem
1981 4285 2099 4325 esse

518 4320 609 4381 vel
638 4328 915 4401 imparem,
944 4330 1239 4423 etllmqualia
1269 4346 1584 4425 relinqui,si
1604 4354 1896 4423 requalibns
1920 4375 2101 4431 mqua-

520 4417 587 4473 iia
625 4417 1353 4517 detrahuntur{metereaque
1380 4422 1694 4517 dequarum
1728 4458 1849 4502 nota
1880 4424 2100 4509 veritate

518 4506 632 4567 non
662 4519 939 4609 quaeritur.
986 4521 1239 4581 Maximas
1287 4512 1461 4598 igitur,
1497 4533 1547 4609 id
1577 4547 1657 4590 est
1683 4540 2009 4599 universales
2033 4561 2097 4609 ac

512 4594 1282 4685 notissimaspropositiones,
1323 4637 1384 4675 ex
1432 4606 1623 4693 quibus
1666 4607 2176 4702 syllogismorumn

518 4692 797 4791 iconclusio
847 4701 1144 4783 descendit,
1195 4711 1246 4765 in
1286 4712 1494 4785 Topicis
1544 4721 1612 4775 ab
1643 4692 1929 4787 Aristotele
1969 4747 2101 4795 con-

514 4780 924 4893 :scriptisglocos
976 4780 1269 4870 appellatos
1314 4780 1433 4867 esse
1491 4796 1886 4889 perspeximus;
1955 4792 2098 4898 quod

514 4880 659 4992 enim
684 4886 933 4990 maximae
956 4901 1103 4959 sunt,
1135 4895 1185 4950 id
1216 4909 1296 4954 est
1326 4904 1655 4967 universales
1682 4880 2095 4992 propositiones,

518 4971 755 5086 reliquas
800 4976 854 5033 in
904 4996 971 5061 se
1016 4984 1159 5041 velut
1202 4989 1303 5046 loci
1358 5010 1583 5069 corpora
1640 4971 2092 5086 complectuntur:

510 5066 665 5147 quod
693 5083 843 5171 ’γεΞο
890 5073 1180 5167 notissima:
1205 5078 1365 5157 atque
1407 5066 1705 5171 manifeste
1753 5066 1898 5171 sunt,
1929 5066 2091 5166 ﬁdeni

512 5158 899 5247 questionibus
983 5162 1276 5247 praestant,
1345 5166 1515 5254 eoque
1589 5192 1750 5247 modo
1812 5158 2092 5269 ambigua:

510 5264 635 5339 ‘rum
680 5269 859 5311 rerum
900 5263 1173 5349 continent
1219 5272 1578 5353 probationes.
1615 5283 1718 5341 Has
1761 5299 1940 5346 autem
1960 5263 2092 5353 ⁷ειΙίσι

513 5344 723 5451 quoties
749 5349 983 5451 quidem
1008 5354 1071 5425 lin
1098 5357 1242 5443 ipsis
1271 5350 1591 5439 syllogismis
1619 5385 1778 5446 atque
1808 5344 2094 5451 argum—evn-

511 5432 801 5493 tationibus
842 5440 1109 5527 inhaerere
1140 5455 1520 5527 conspicimus,
1548 5464 1669 5521 aliae
1688 5432 1824 5525 ’νει-ο
1864 5432 1918 5528 iit
1956 5476 2091 5546 ipsis

512 5524 717 5546 ,___”_A_
760 5544 774 5546 _
1091 5541 1103 5546 _
1186 5544 1211 5546 ,ν

510 5524 724 5633 quidem
752 5524 1300 5633 argumentationibus
1334 5552 1553 5609 minime
1579 5560 1943 5633 continentur,
1977 5524 2088 5626 irim

509 5610 686 5672 tamen
729 5625 1279 5692 argumentationibus
1305 5641 1717 5705 subministrant
1748 5670 1760 5706 :
1798 5666 1854 5709 ut
1882 5610 2090 5716 si’veli-

508 5713 629 5809 tuus
666 5714 951 5809 ostendere
988 5735 1209 5793 regnum
1257 5732 1613 5803 melius_esse
1639 5755 1795 5809 quam
1839 5754 2090 5806 consula-

2205 1922 2288 1976 vel
2323 1929 2503 1977 nostra
2548 1923 2614 1977 ab
2642 1921 2928 1978 Aristotele
2982 1926 3235 1982 translata
3266 1924 3641 1998 prospexerit,
3684 1930 3780 1987 bas

2210 2010 2321 2066 illic
2367 2012 2761 2082 prepositiones
2806 2014 2951 2068 locos
3004 2015 3241 2072 inveniet
3298 2021 3615 2090 nuncupari,
3663 2037 3780 2093 qua

2204 2108 2328 2154 sunt
2359 2101 2604 2155 maxima:
2647 2110 2807 2172 atque
2851 2105 3181 2161 universales
3220 2116 3275 2161 et
3299 2109 3379 2163 vel
3412 2126 3505 2179 per
3526 2126 3585 2166 se
3610 2126 3792 2168 neces-

2203 2194 2392 2258 sariae,
2422 2192 2507 2246 vel
2543 2207 2639 2261 per
2674 2208 2733 2247 se
2774 2193 3085 2263 probabiles
3114 2209 3177 2251 ac
3203 2208 3363 2253 notae.
3395 2199 3501 2255 Sed
3539 2204 3790 2271 quoniam

2208 2281 2303 2335 bas
2333 2283 2733 2351 propositiones
2764 2285 2948 2353 plures
2976 2300 3040 2340 ac
3062 2302 3197 2356 pene
3224 2287 3645 2347 innumerabiles
3670 2306 3788 2347 «se

2206 2387 2422 2427 necesse
2450 2383 2551 2441 est,
2585 2383 2755 2429 restat
2803 2375 2979 2431 adhuc
3008 2393 3113 2447 quo
3135 2379 3361 2449 amplius
3391 2381 3528 2437 ratio
3550 2385 3790 2452 specula-

2206 2462 2364 2516 tionis
2406 2462 2680 2518 ascendat.
2745 2464 3033 2521 Possumus
3082 2468 3245 2532 enim,
3287 2469 3531 2539 diligenti
3564 2482 3789 2531 tractatu

2206 2551 2657 2606 considerationis
2690 2554 2953 2619 adhibito,
2986 2559 3221 2612 omnium
3259 2562 3609 2617 maximarum
3636 2576 3791 2633 atque

2216 2644 2597 2700 universalium
2631 2649 3051 2716 propositionum
3082 2652 3412 2709 differentias
3434 2659 3789 2729 perpendere,

2212 2748 2374 2805 atque
2406 2740 2854 2795 innumerabilem
2884 2744 3239 2799 maximarum
3273 2748 3699 2816 propositionum
3730 2764 3791 2805 ac

2213 2846 2310 2900 per
2348 2846 2406 2886 se
2434 2843 2679 2887 notarum
2711 2836 3103 2891 multitudinem
3160 2840 3213 2893 in
3245 2854 3444 2909 paucas
3483 2853 3646 2913 atque
3676 2847 3792 2898 uni-

2209 2923 2445 2979 versales
2486 2924 2738 2995 colligere
2767 2925 3116 2998 diﬁ'erentlas,
3145 2940 3202 2985 ut
3230 2941 3285 2987 et
3314 2934 3447 2988 alias
3471 2934 3714 2991 dicamus
3741 2939 3791 2993 in

2209 3015 2522 3072 deﬁnitione
2558 3018 2874 3085 consistere,
2922 3021 3057 3076 alias
3083 3022 3135 3075 in
3180 3038 3409 3092 genere,
3453 3036 3617 3097 atque
3664 3028 3791 3084 alias

2208 3108 2312 3160 alio
2354 3109 2513 3164 modo
2553 3110 2694 3177 quod
2743 3111 2901 3179 paulo
2945 3122 3064 3182 post
3109 3118 3344 3185 apertius
3387 3117 3789 3175 demonstrabo.

2208 3200 2408 3255 Omnes
2431 3201 2589 3271 igitur
2617 3203 2864 3277 maximas
2896 3208 3304 3276 propositiones,
3329 3227 3666 3282 quaecunque
3696 3212 3793 3269 Sub

2209 3291 2539 3346 deﬁnitionis
2580 3293 2727 3348 verbi
2756 3296 2923 3364 gratia
2957 3298 3218 3353 rationem
3262 3302 3479 3367 cadunt,
3514 3320 3624 3359 uno
3656 3306 3790 3361 deﬁ-

2214 3383 2432 3436 nitionis
2477 3383 2697 3437 nomine
2742 3386 3173 3445 continebuntur.
3220 3390 3284 3445 Et
3328 3393 3463 3447 sicut
3514 3394 3617 3449 illm
3668 3398 3792 3451 reli-

2207 3488 2430 3541 quarum
2483 3476 2905 3543 propositionum
2960 3480 3060 3534 loci
3105 3496 3225 3537 esse
3264 3483 3604 3557 dicebantur,
3655 3490 3793 3559 quod

2214 3578 2304 3618 eas
2350 3564 2486 3618 intra
2535 3581 2690 3620 suum
2738 3569 2998 3624 ambitum
3047 3574 3408 3646 continerent,
3442 3578 3513 3632 ita
3554 3578 3793 3648 ipsarum

2207 3655 2554 3713 maximarum
2586 3670 2747 3729 atque
2775 3664 3151 3721 universalium
3182 3672 3629 3739 propositionum,
3661 3689 3791 3744 quas

2208 3745 2472 3801 minorum
2505 3752 2932 3820 propositionum
2961 3757 3109 3813 locos
3137 3775 3257 3816 esse
3280 3762 3654 3832 prrediximus,
3691 3767 3793 3821 ille

2207 3836 2543 3907 differentiae,
2595 3852 2650 3899 et
2692 3845 2736 3899 si
2776 3862 2878 3901 non
2922 3860 3295 3915 vere,.tamen
3345 3854 3573 3926 quadam
3630 3856 3793 3916 velati

2206 3928 2438 3999 imagine
2465 3933 2563 3987 loci
2590 3949 2709 3990 esse
2739 3937 3080 4009 videbuntur,
3118 3943 3169 3997 in
3201 3959 3332 4014 quas
3363 3945 3560 4002 fuerint
3587 3963 3793 4006 conve-

2209 4021 2376 4075 nienti
2420 4023 2628 4077 ratione
2675 4024 2931 4082 reductre.
2990 4031 3097 4086 Sed
3145 4035 3260 4088 istae
3304 4036 3564 4105 locorum,
3617 4041 3669 4095 id
3714 4051 3794 4097 est

2206 4113 2625 4182 propositionum
2656 4118 3035 4187 maximarum,
3065 4122 3406 4192 diﬂerentim,
3445 4144 3581 4197 quas
3626 4132 3789 4187 etiam

2208 4203 2355 4269 ipsos
2392 4204 2541 4259 locus
2590 4208 2947 4278 nominamus,
2983 4225 3205 4283 possunt
3252 4218 3617 4288 subjectarum
3666 4240 3790 4293 pro-

2205 4294 2524 4363 positionum
2553 4298 2711 4353 etiam
2738 4316 2933 4370 genera
2964 4310 3440 4378 nuncupari.-Nam
3468 4313 3790 4370 differentias

2203 4389 2542 4444 continentes
2584 4391 2744 4447 etiam
2790 4411 2987 4465 genere
3033 4403 3391 4458 communiter
3438 4418 3666 4474 possunt
3709 4413 3790 4462 vi-

2204 4477 2345 4545 deri,
2373 4488 2432 4533 ut
2480 4482 2786 4538 irrationale
2828 4500 2951 4540 cum
2984 4503 3011 4541 a
3043 4491 3289 4545 rationali
3338 4495 3483 4549 velut
3530 4496 3785 4553 divisibili

2201 4568 2799 4639 dill‘erentiadissideat;
2840 4584 3014 4632 tamen
3041 4581 3160 4650 equi
3186 4581 3268 4636 vel
3296 4584 3465 4650 canis,
3485 4585 3790 4643 diﬂ‘erentia

2204 4661 2451 4727 speciﬁca
2479 4670 2579 4723 est,
2606 4672 2665 4717 et
2690 4664 2756 4718 ad
2781 4679 2878 4720 eos
2906 4666 3081 4723 locum
3100 4672 3318 4737 generis
3348 4683 3512 4730 tenet.
3543 4676 3788 4747 Namque

2203 4748 2397 4803 animal
2447 4749 2805 4807 irrationabile
2847 4756 2972 4824 equi
3018 4772 3190 4825 genus
3238 4769 3341 4816 est.
3386 4762 3461 4817 Ita
3509 4766 3676 4821 etiam
3731 4770 3779 4821 in

2203 4840 2454 4894 maximis
2510 4841 2983 4909 propositionibus.
3030 4846 3161 4901 Nam
3209 4852 3351 4919 quod
3396 4854 3517 4909 aliae
3561 4869 3788 4914 suntex

2204 4941 2335 4995 toto,
2365 4933 2482 4988 alia:
2512 4950 2576 4988 ex
2610 4936 2869 5003 partibus,
2902 4939 2983 4993 lue
3023 4940 3162 4997 inter
3188 4956 3249 4998 se
3271 4957 3599 5016 comparata:
3627 4951 3782 5007 diﬁ'e'

2201 5028 2389 5081 rentim
2414 5029 2709 5085 divisibiles
2738 5040 2893 5097 sunt,
2923 5032 2988 5087 ad
3020 5033 3163 5103 ipsas
3209 5051 3339 5092 vero
3361 5040 3628 5096 maximas
3663 5058 3789 5113 pro-

2152 5154 2153 5157 η
2204 5119 2492 5187 positiones
2533 5122 2956 5181 differentiarum
2995 5131 3341 5189 continentia:
3372 5136 3517 5191 velut
3566 5143 3786 5208 generis

2203 5211 2318 5267 loco
2345 5223 2491 5269 sunt.
2524 5216 2653 5273 Nam
2684 5221 3061 5290 propositionis
3102 5241 3167 5282 ex
3198 5236 3307 5283 toto
3328 5233 3596 5289 venientis
3620 5252 3789 5305 genus

2199 5320 2281 5364 est
2308 5312 2537 5382 idipsum
2565 5320 2706 5387 quod
2732 5331 2951 5377 vocatur
2972 5340 3037 5380 ex
3067 5335 3195 5382 toto.
3230 5327 3359 5385 item
3386 5334 3783 5401 propositiones

2199 5415 2226 5453 a
2251 5403 2487 5468 partibus
2503 5405 2698 5478 ductae,
2717 5414 2957 5482 quamvis
2981 5424 3121 5471 notae
3142 5419 3249 5473 sint
3270 5428 3427 5490 atque
3451 5425 3779 5489 manifestae,

2198 5507 2368 5560 genus
2419 5506 2524 5562 est,
2563 5503 2704 5569 quod
2754 5517 2781 5557 a
2825 5506 3082 5575 partibus,
3118 5519 3172 5564 et
3216 5519 3427 5569 ureteras
3456 5514 3782 5573 differentias

2196 5597 2378 5639 earum
2405 5591 2831 5658 propositionum
2862 5612 2983 5666 quae
3010 5615 3132 5655 cum
3164 5602 3273 5657 sint
3293 5606 3563 5669 maximae.
3601 5618 3779 5664 tamen

2194 5674 2395 5730 eisdem
2428 5678 2678 5737 videntur
2704 5685 2924 5754 includi,
2954 5691 3101 5746 velut
3140 5695 3384 5763 quaedam
3417 5713 3619 5767 genere
3651 5700 3775 5755 sint.

2192 5763 2324 5829 Quae
2360 5783 2487 5856 vero
2514 5772 2622 5827 sint
2649 5776 2729 5831 Ita:
2757 5777 3072 5837 diﬁ’erentlze
3115 5786 3271 5853 paulo
3303 5763 3570 5856 posterius
3602 5790 3780 5846 disse-

2192 5866 2324 5913 ram.
2361 5853 2441 5912 De
2467 5856 2553 5914 his
2597 5860 2757 5934 igitur
2778 5882 2923 5925 nunc
2947 5869 3081 5929 locis
3120 5853 3349 5933 tractare
3375 5875 3584 5936 Tullius
3622 5878 3780 5942 iusti~
