4036 6336
312 424 510 493 131055

1196 431 1270 487 .IN
1306 421 1944 487 TOPICAVCICERONIS
1982 388 2500 483 COMMENTARIA.
2551 430 2674 486 LIB.
2721 430 2759 485 l.

3480 438 3622 495 i004

368 552 471 608 tuit
504 550 593 619 qui
648 546 910 604 maximas
952 546 1345 617 propositiones
1373 562 1508 618 quas
1533 544 1781 617 superius
1808 540 1949 596 dixi«
1978 538 2143 599 Avel
2172 551 2485 610 argumento
2513 545 2659 601 vires,
2690 548 2981 618 ministret,
3014 566 3119 608 non
3151 564 3231 609 est
3252 554 3470 612 dubium
3499 562 3625 630 quin

346 660 511 712 πτας,
541 644 592 699 id
621 651 705 699 est
729 657 824 714 per
847 657 908 699 se
931 650 1090 698 notas
1109 652 1270 714 atque
1288 641 1639 706 universales,
1668 640 1949 695 continent

342 745 532 809 -atque
560 738 858 793 includunt.
890 737 984 793 Hae
1008 750 1137 793 vero
1165 747 1285 793 sunt
1314 737 1667 795 maximarum
1697 732 1949 789 diil‘eren-

344 828 458 884 atina
488 829 932 899 propositionum.
988 827 1066 883 De
1099 827 1478 884 universalium
1511 825 1670 895 igitur
1695 822 1947 880 enuntia-

366 918 573 974 tionum
602 933 701 989 per
724 932 891 989 seque
920 927 1166 974 notarum
1192 917 1769 981 diiieremiisdisserit,
1803 924 1859 969 ut
1889 915 1948 970 lit

366 1011 573 1081 integer
601 1011 753 1067 locus
773 1011 1076 1082 argumenti
1106 1010 1283 1066 sedes.
1331 1008 1463 1064 Nam
1500 1008 1550 1063 si
1573 1014 1944 1077 argumentum

361 1114 529 1158 omne
556 1117 654 1173 per
681 1102 1076 1173 propositiones
1099 1101 1173 1157 ad
1192 1101 1597 1157 conclusionem
1628 1098 1801 1170 usque
1826 1113 1949 1166 per-

364 1193 604 1262 ducitur,
629 1210 819 1252 omnes
846 1211 977 1252 vero
1006 1195 1227 1266 reliquae
1250 1195 1647 1265 propositiones
1686 1194 1738 1247 in
1777 1193 1947 1262 prima

348 1289 708 1360 maximaque
740 1291 1107 1360 propositione
1135 1288 1497 1355 continentur,
1528 1287 1749 1357 ipsaque
1776 1286 1944 1355 prima

363 1395 428 1436 ac
471 1382 703 1436 maxima
744 1381 1062 1453 propositio,
1105 1391 1215 1436 tum
1244 1395 1370 1451 pars
1406 1387 1491 1463 est
1530 1376 1949 1463 argumentatio-

363 1474 469 1539 nis,
504 1471 555 1528 id
584 1480 668 1529 est
695 1473 1031 1544 syllogismi,
1079 1482 1191 1529 tum
1234 1462 1564 1542 estrapoSita
1606 1462 1949 1538 argmuenta-

342 1565 497 1619 vtioni
517 1565 659 1621 vires
686 1565 978 1631 ministrat,
1003 1574 1059 1620 ut
1096 1573 1329 1635 utroque
1358 1563 1519 1619 modo
1541 1561 1792 1633 quoniam
1826 1572 1947 1630 per-

344 1657 475 1711 -ﬂcit
514 1666 916 1729 argumentum,
965 1672 1089 1728 pars
1168 1655 1647 1727 argumentationis
1701 1652 1944 1721 quaedam

354 1762 484 1804 esse
512 1749 774 1814 videatur,
809 1765 915 1806 non
945 1759 1028 1805 est
1066 1748 1288 1805 dubium
1323 1748 1452 1819 quin
1481 1747 1565 1801 im
1605 1745 1943 1808 differentias.

342 1854 481 1911 qua:
501 1842 894 1913 propositiones
916 1841 1185 1897 maximas
1207 1841 1503 1903 continent,
1528 1837 1729 1895 eaedem
1753 1850 1944 1890 omnes

2030 643 2117 684 -ea
2149 640 2244 686 toti
2285 647 2603 705 argumento
2648 640 2795 695 locus
2824 655 2944 697 esse
2989 644 3250 713 Videntur,
3284 649 3422 717 quod
3453 658 3623 708 telum

2028 723 2194 780 intra
2241 731 2486 784 maxima:
2520 733 2901 801 propositionis
2942 739 3200 794 ambitum
3254 742 3472 800 claudit.
3522 745 3625 801 De-

2052 827 2402 876 monstratum
2446 822 2603 893 igitur
2641 837 2723 881 est
2762 844 2881 897 quae
2927 832 3036 886 sint
3063 845 3495 902 argumentorum
3541 855 3630 895 se-

2030 908 2165 975 .des,
2206 912 2255 966 id
2285 922 2389 977 est,
2424 915 2510 969 ubi
2540 930 2851 997 argumenta
2882 920 3202 979 clauduntur
3234 926 3338 996 (ha:
3370 937 3493 983 sunt
3529 943 3627 984 au-
3692 909 3701 917 ’

2034 1009 2158 1061 .tem
2210 1005 2558 1061 maximarum
2611 1010 3035 1077 propositionum
3093 1012 3457 1088 diii‘erentiaa),
3509 1034 3630 1091 quas

2032 1104 2309 1153 .vocantur
2336 1097 2458 1161 loci,
2487 1098 2613 1166 quid
2647 1100 2806 1155 etiam
2838 1115 3228 1175 argumentum,
3262 1110 3511 1177 quoniam
3544 1120 3629 1166 est

2050 1186 2127 1242 rei
2157 1187 2332 1242 dubiae
2363 1189 2562 1245 faciens
2593 1191 2771 1257 iidem,
2800 1211 2919 1265 qua:
2949 1199 3017 1252 sit
3058 1216 3185 1254 vero
3227 1217 3314 1257 res
3340 1201 3522 1269 dubia,
3572 1203 3624 1260 id

2033 1289 2131 1333 .est
2166 1294 2292 1349 pars
2321 1282 2487 1336 altera
2526 1286 2837 1353 qumstionis
2861 1328 2874 1351 ,
2905 1289 3027 1357 quid
3073 1292 3141 1346 sit
3169 1296 3414 1362 quaestio,
3447 1293 3497 1348 id
3542 1304 3627 1351 est

2028 1369 2353 1427 dubitabilis
2389 1376 2715 1444 propositio,
2756 1379 2884 1447 quid
2927 1370 3261 1452 sitsintplex
3305 1374 3622 1457 propositio,

2034 1461 2102 1516 .id
2126 1472 2211 1518 est
2237 1466 2548 1531 enuntiatio,
2575 1484 2692 1537 qute
2721 1472 3007 1537 pradican
3039 1490 3101 1529 ac
3125 1474 3364 1546 subjecto
3394 1480 3626 1534 termino

2029 1554 2400 1620 .conlineatnr,
2447 1574 2629 1613 verum
2662 1560 2922 1619 falsumve
2950 1562 3253 1635 designans,
3297 1585 3414 1639 qua:
3445 1571 3624 1625 omnia

2049 1644 2357 1701 meminisse
2384 1658 2614 1717 oportet.
2650 1652 2999 1710 Maximorum
3030 1656 3172 1712 enim
3206 1661 3626 1728 propositionum

2032 1736 2363 1794 .diﬂ‘erentitu
2406 1756 2537 1809 quas
2585 1744 2727 1798 locos
2774 1760 2891 1801 esse
2939 1746 3305 1817 prmdiximus,
3339 1752 3407 1806 ab
3428 1752 3521 1808 his
3546 1753 3629 1809 di-

2047 1838 2241 1883 cuntur
2280 1831 2528 1886 terminis
2555 1835 2641 1902 qui
2678 1836 2823 1903 prius
2870 1838 2922 1891 in
2946 1842 3319 1909 propositione
3348 1852 3494 1913 suns,
3526 1859 3628 1915 po-

344 1931 524 2015 νριίιω
575 1933 882 1989 contingam
928 1932 1440 2004 ("stimulatio-es,
1490 1940 1566 2015 ιιι,⁴
1587 1931 1940 1986 maximarum
1971 1921 2246 1988 Bsterius
2269 1922 2321 1975 ill
2344 1928 2639 1989 quaestione
2659 1929 3085 2000 considerantur,
3114 1933 3401 2000 praedicam
3423 1935 3629 1991 εεὶιίοει

356 2010 787 2093 propositionum
837 2024 1173 2081 differentia!
1187 2023 1310 2094 jure
1353 2024 1457 2079 loci
1504 2010 1940 2094 argumentorum

355 2123 416 2170 et
445 2116 600 2186 quasi
626 2116 871 2186 quaedam
901 2116 1104 2171 ultimae
1141 2115 1299 2172 sedes
1323 2130 1448 2171 esse
1479 2112 1779 2169 videantur.
1809 2112 1940 2166 Nam

356 2219 426 2261 ex
452 2205 539 2261 his
559 2214 791 2278 quatuor
820 2206 1295 2277 signiﬁcationibus
1343 2205 1761 2276 appellationum
1808 2202 1939 2255 dua-

354 2310 498 2362 rum,
525 2298 998 2368 argumentationis
1025 2297 1229 2352 scilicet
1251 2305 1412 2365 atque
1435 2295 1759 2366 argumenti,
1782 2307 1938 2347 unam

354 2388 653 2459 quamlibet
698 2400 820 2446 esse
859 2396 1091 2445 necesse
1125 2399 1227 2443 est.
1276 2391 1382 2442 Aut
1421 2388 1566 2467 enim
1606 2383 1841 2440 elocutio
1886 2394 1941 2439 et

352 2481 634 2536 contextio
659 2480 771 2550 ipsa
808 2481 1233 2550 propositionum
1262 2494 1383 2533 cum
1414 2477 1665 2535 maxim-is
1692 2474 1939 2545 proposi-

346 2572 611 2637 tionibus,
645 2572 905 2627 velrextra
925 2571 1294 2641 syllogismum
1321 2570 1528 2639 positis,
1554 2568 1640 2623 vel
1670 2569 1722 2621 in
1748 2565 1938 2621 eodem

342 2663 602 2731 inclusis,
650 2664 1044 2733 argumentatio
1091 2670 1333 2716 vocatur.
1382 2663 1766 2730 Argumentum
1811 2668 1940 2711 vero

342 2766 514 2811 mens
538 2764 595 2812 et
626 2751 895 2810 mntis
923 2750 1254 2825 syllogismi,
1268 2762 1361 2809 aut
1384 2750 1617 2808 elocutio
1648 2749 1937 2805 ratiocina-

340 2845 523 2903 ttionis
571 2858 695 2902 eum
736 2848 1000 2902 maximis
1060 2832 1517 2916 propositionibus
1570 2852 1627 2897 et
1675 2839 1938 2896 sententia

348 2939 652 3011 syllogismi
698 2948 1074 3010 argumentum
1125 2954 1246 2994 esse
1291 2938 1532 3002 dicetur,
1581 2945 1638 2990 ut
1682 2934 1819 2990 idem
1869 2934 1941 2988 sit

344 3039 733 3101 argumentum
758 3031 900 3099 quod
940 3031 1353 3102 argumentatio.
1404 3034 1510 3083 Aut
1547 3028 1939 3098 argumentatio

342 3122 569 3194 quidem
591 3119 871 3179 vocabitur
899 3131 1011 3179 tota
1030 3120 1633 3193 contextiovsyllogismi
1665 3134 1788 3174 cum
1817 3132 1940 3173 sen-

342 3215 541 3283 tentia,
572 3216 1073 3288 sedargnmentum
1112 3218 1343 3272 maxima
1374 3214 1694 3286 propositio,
1737 3222 1828 3268 aut
1857 3215 1940 3268 in-

2044 2023 2208 2080 atque
2255 2013 2520 2083 subjecto.
2572 2016 2658 2070 Ex
2704 2017 2789 2072 his
2829 2020 2991 2075 etiam
3034 2037 3153 2091 qute
3190 2024 3439 2093 superius
3482 2025 3628 2081 dicta

2034 2114 2169 2160 sunt
2208 2105 2333 2175 quid
2365 2107 2562 2163 distent
2604 2110 2799 2179 Topica
2827 2111 3101 2169 Ciceronis
3139 2124 3300 2187 atque
3327 2118 3628 2175 Aristotelis

2028 2199 2307 2268 apparuit.
2356 2202 2668 2259 Aristoteles
2714 2214 2942 2276 namque
2982 2208 3049 2263 de
3080 2211 3324 2265 maximis
3372 2213 3622 2282 proposi-

2030 2289 2279 2355 tionibus
2304 2290 2540 2357 disserit,
2570 2295 2667 2349 has
2695 2295 2840 2351 cnim
2871 2299 3015 2353 locus
3043 2311 3481 2370 argumentorum
3504 2319 3628 2361 esse

2024 2383 2239 2451 posuit,
2265 2392 2326 2438 ut
2353 2398 2453 2443 nos
2489 2400 2704 2457 quoque
2742 2402 2899 2459 supra
2931 2393 3230 2447 retulimus.
3258 2394 3468 2450 Tullius
3498 2411 3627 2451 vero

2030 2474 2191 2528 ulucos
2220 2489 2324 2529 non
2354 2477 2616 2531 maximas
2657 2480 3071 2549 propositiones,
3102 2484 3194 2537 sed
3226 2496 3409 2538 earum
3450 2485 3627 2540 conti-

2044 2578 2233 2623 nentes
2254 2567 2586 2625 dit'ferentias
2614 2579 2866 2645 vocat,ac
2901 2572 2971 2627 de
3006 2574 3090 2627 his
3109 2574 3302 2630 docere
3325 2576 3621 2633 contendit.

2114 2659 2220 2714 Sed
2248 2675 2313 2714 ea:
2340 2662 2417 2713 his
2451 2661 2577 2715 locis
2610 2662 2663 2715 in
2692 2663 2875 2733 quibus
2900 2674 3202 2734 argumenta
3240 2668 3440 2721 inclusa
3471 2676 3615 2735 sunt,

2028 2753 2133 2805 alii
2166 2752 2220 2805 in
2238 2768 2303 2811 ea
2333 2753 2445 2823 ipso
2476 2754 2539 2808 de
2558 2771 2661 2825 quo
2684 2757 2857 2826 agitur
2886 2758 3101 2824 luerent,
3130 2758 3224 2812 atii
3248 2771 3517 2814 sumuntur
3544 2777 3627 2816 ex-

2028 2844 2307 2909 trinsecus,
2350 2846 2406 2899 in
2428 2846 2563 2917 ipso,
2598 2855 2705 2900 tum
2736 2862 2798 2901 ex
2829 2857 2953 2913 toto,
2997 2857 3105 2903 tum
3139 2865 3204 2904 ea:
3227 2850 3460 2921 partibus
3489 2853 3622 2923 ejus,

2034 2947 2149 2991 tum
2177 2951 2242 2991 ea:
2269 2948 2413 3006 nom,
2444 2947 2551 2993 tum
2574 2954 2639 2995 ex
2676 2940 2754 2993 Itis
2780 2940 2929 2995 rebus
2958 2954 3071 3010 qua:
3094 2940 3475 3008 quodammodo
3499 2942 3627 3011 olfe-

2034 3039 2135 3083 ωας
2160 3038 2279 3084 sunt
2303 3030 2373 3084 ad
2403 3032 2458 3085 id
2478 3031 2549 3085 de
2574 3047 2676 3101 quo
2697 3034 2967 3104 quaeritur.
3009 3032 3337 3089 Extrinsecus
3367 3042 3537 3089 autem
3569 3048 3627 3089 ea

2032 3120 2297 3177 dicuntur
2316 3138 2432 3194 qua!
2460 3125 2643 3178 absunt
2669 3124 2917 3197 longeque
2940 3124 3200 3195 disjuucta
3233 3134 3372 3181 sunt.
3556 3138 3565 3141 “

2116 3211 2242 3268 Post
2269 3214 2647 3270 difﬁnitionem
2682 3215 2783 3269 loci
2814 3224 2973 3286 atque
3017 3218 3316 3287 argumenti
3356 3215 3623 3287 fauit-ple-

338 3314 508 3376 seger
544 3307 968 3369 ratiocinationis
996 3307 1141 3365 ordo
1170 3315 1374 3376 praeter
1409 3307 1669 3361 maximas
1695 3292 2014 3375 proposi-Q
2047 3308 2323 3364 nissimam
2347 3309 2665 3364 divisionem
2698 3310 2957 3364 locorum.
3002 3311 3079 3366 Ac
3118 3310 3345 3380 primum
3372 3310 3625 3381 quoniam

342 3398 527 3455 tiones
554 3401 966 3470 argumentatio,
998 3401 1261 3456 sententia
1285 3415 1416 3455 vero
1454 3400 1938 3470 argumentationis

344 3499 750 3560 argumentum.
790 3491 1023 3562 Reliqua
1062 3504 1195 3546 vero
1227 3492 1456 3545 maxima
1502 3491 1822 3561 propositio,
1862 3490 1941 3545 lo-

347 3596 471 3641 cus.
501 3584 609 3641 Sed
638 3596 763 3642 cum
806 3585 922 3642 hac
960 3586 1031 3640 ita
1071 3585 1202 3653 sint,
1243 3586 1357 3641 sive
1384 3585 1504 3656 quis
1547 3585 1781 3653 ipsarum
1810 3599 1939 3653 pro-

349 3676 685 3748 positionum
704 3678 1135 3744 eontextionem,
1164 3684 1222 3731 et
1247 3690 1418 3746 usque
1445 3675 1511 3730 ad
1537 3675 1937 3733 conclusionem

348 3769 667 3826 continuum
712 3767 931 3825 ductum
974 3782 1097 3823 cum
1148 3768 1378 3822 maxima
1428 3767 1939 3835 propositione,.vel

349 3867 510 3917 extra
539 3849 741 3930 posita,
772 3859 856 3915 vel
885 3860 1346 3930 propositionibus
1385 3860 1813 3915 ratiocinationis
1852 3860 1939 3913 in-

348 3949 525 4016 clusa,
573 3950 1091 4021 argumentationem
1140 3965 1338 4007 vocare
1370 3951 1533 4014 velit,
1565 3959 1938 4020 argumentum

348 4056 489 4099 vero
510 4044 833 4105 sententiam
876 4053 1223 4115 mentemque
1249 4044 1699 4111 ratiocinationis,
1743 4045 1941 4099 nihilo-

348 4136 532 4191 minus
558 4135 709 4191 locus
739 4135 1082 4207 intelligimus
1110 4136 1470 4191 maximarum
1514 4136 1938 4206 propositionum

348 4224 715 4293 diﬂerentias;
738 4227 856 4283 sive
875 4227 1001 4296 quis
1016 4226 1442 4283 ratiocinationis
1465 4230 1632 4301 totius
1647 4230 1755 4283 vim
1781 4214 1942 4297 atque

351 4320 684 4377 sententiam
725 4328 889 4375 totam
940 4334 1062 4377 eum
1121 4322 1354 4376 maxima
1404 4320 1808 4391 propositione,
1857 4321 1941 4376 vel

352 4413 521 4480 intra,
556 4414 645 4471 vel
686 4423 841 4471 extra
882 4416 1076 4484 posita,
1104 4423 1475 4485 argumentum
1503 4423 1695 4479 vocet,
1720 4430 1830 4469 non
1860 4425 1940 4469 est

351 4505 579 4562 dubium
608 4508 752 4577 .quin
794 4507 959 4563 totius
994 4508 1418 4564 ratiocinationis
1458 4496 1607 4565 locus
1635 4508 1725 4563 ille
1754 4510 1823 4562 sit
1852 4509 1941 4577 qui

350 4597 1118 4668 estmaximmopropositionis
1154 4598 1457 4654 dili‘erentia
1478 4637 1493 4664 ,
1521 4599 1762 4653 continet
1795 4600 1940 4653 enim

2034 3404 2220 3456 cumis
2251 3401 2449 3456 divisio
2476 3411 2675 3460 Cuncta
2705 3400 2865 3456 debet
2906 3403 3179 3470 amplecti,
3226 3418 3399 3473 neque
3429 3416 3625 3473 super-

2030 3490 2206 3549 .ﬂuum
2238 3492 2527 3562 quidquam
2548 3495 2923 3562 interponere,
2958 3508 3057 3547 nec
3110 3494 3357 3549 omittere
3399 3494 3525 3563 quid
3555 3494 3626 3550 sit

2043 3584 2435 3648 necessarium,
2469 3584 2519 3639 id
2552 3585 2619 3638 Μ.
2648 3584 2854 3639 Tullius
2880 3586 3149 3655 proposita
3184 3586 3443 3639 divisione
3469 3582 3622 3654 pate-

2032 3669 2170 3728 t'acit
2211 3672 2395 3727 dicens
2422 3688 2438 3721 :
2472 3673 2548 3726 Ex
2580 3674 2664 3727 his
2698 3675 2828 3728 locis
2876 3676 2927 3727 in
2959 3674 3152 3744 quibus
3199 3684 3507 3744 argumenta
3534 3676 3622 3730 in-

2034 3766 2194 3825 .clusa
2234 3776 2378 3829 sunt,
2421 3765 2556 3820 alios
2585 3768 2636 3820 in
2666 3782 2732 3821 eo
2778 3768 2897 3836 ipso
2935 3768 3004 3821 de
3033 3780 3141 3837 quo
3187 3768 3362 3837 agitur
3394 3767 3620 3835 hatrere,

2041 3860 2177 3915 alios
2218 3859 2559 3914 extrinsecus
2590 3860 2810 3914 assumi.
2854 3859 2993 3914 Nihil
3040 3860 3185 3915 enim
3219 3859 3341 3914 huic
3371 3858 3621 3913 divisioni

2030 3968 2203 4023 posse
2226 3954 2438 4009 videtur
2456 3953 2576 4008 addi
2604 3954 2687 4007 vel
2714 3953 2902 4019 minui,
2930 3953 3362 4023 quandoquidem
3386 3951 3623 4008 breviter

2032 4056 2231 4102 cuncta
2260 4045 2658 4116 complectitur.
2695 4051 3144 4115 Argumentorum
3189 4045 3329 4099 enim
3372 4044 3471 4098 loci
3505 4044 3624 4113 qui-

2036 4148 2591 4211 cunque‘sumuntur,
2623 4147 2717 4192 aut
2741 4140 2792 4192 in
2827 4140 2944 4208 ipso
2964 4138 3033 4193 de
3063 4153 3169 4207 quo
3192 4137 3368 4205 agitur
3393 4138 3619 4202 luerent,

2038 4241 2135 4286 aut
2175 4232 2413 4286 minime.
2450 4231 2502 4284 Id
2551 4240 2728 4284 autem
2784 4230 3006 4283 minime
3052 4231 3387 4283 extrinsecus
3418 4226 3623 4298 positos

2031 4339 2165 4378 esse
2194 4323 2460 4392 designat,
2492 4323 2633 4392 quod
2667 4324 2710 4376 si
2742 4324 2881 4377 inter
2908 4321 2958 4376 id
2990 4320 3129 4390 quod
3157 4322 3383 4376 dicimus
3420 4321 3472 4375 in
3508 4320 3622 4389 ipso

2040 4416 2111 4470 de
2138 4430 2242 4485 quo
2291 4415 2463 4483 agitur
2508 4404 2717 4471 haerere
2761 4424 3194 4485 argmnentorum
3226 4415 3391 4481 locns,
3422 4421 3475 4467 et
3514 4426 3621 4467 non

2044 4506 2250 4562 haerere
2276 4506 2406 4563 nihil
2445 4516 2527 4562 est
2568 4506 2825 4562 medium.
2863 4507 3006 4566 inter
3032 4506 3441 4561 afﬁrmationem
3476 4506 3618 4559 enim

2043 4611 2201 4669 atque
2242 4600 2576 4668 negationem
2624 4590 2795 4651 nulla'
2823 4607 2905 4652 est
2974 4599 3251 4653 medietas.
3289 4598 3528 4668 Cumque
3569 4599 3620 4652 in

354 4688 648 4743 maximam
678 4690 1123 4759 propositionem,
1155 4690 1209 4744 in
1254 4691 1792 4761 quapropositiones
1837 4678 2261 4757 exe-Dipso'de
2298 4706 2404 4757 quo
2432 4688 2606 4757 agitur
2651 4704 2759 4744 non
2791 4689 3054 4744 inhaerere
3086 4690 3259 4744 locum
3298 4688 3618 4760 argumenti,

355 4787 491 4835 tera:
555 4780 953 4846 continentur;'
989 4781 1101 4838 sive
1148 4785 1667 4853 argumentationem
1722 4783 1938 4854 quidem
2040 4784 2095 4838 id
2128 4785 2198 4838 sit
2227 4783 2563 4838 extrinsecus
2594 4784 2816 4849 assumi,
2839 4783 3055 4837 dubium
3084 4798 3190 4837 non
3217 4793 3298 4839 est
3324 4786 3448 4852 quin
3486 4780 3620 4835 nihil

356 4877 524 4927 totam
570 4871 1000 4929 ratiocinationis
1045 4875 1442 4929 contextiouem
1490 4876 1669 4930 vocari
1710 4875 1940 4945 placeat,
2042 4876 2265 4937 intersit
2294 4876 2530 4930 medium
2567 4876 2705 4930 inter
2734 4891 2796 4930 es
2826 4888 3135 4947 argumenta
3166 4890 3393 4945 quorum
3437 4876 3489 4927 in
3520 4876 3621 4926 hoc

354 4971 731 5031 argumentum
774 4979 905 5020 vero
950 4967 1237 5020 maximam
1280 4968 1700 5035 prepositionem
1727 5007 1742 5031 ,
1796 4978 1941 5023 recte

352 5068 545 5111 rursus
588 5055 1050 5126 locusputabitur
1094 5058 1327 5114 maxime
1348 5060 1741 5131 propositionis
1785 5059 1939 5116 diffe-

354 5147 548 5210 rentia,
589 5162 710 5216 quae
750 5159 1123 5220 argumentum
1174 5150 1454 5207 clauditet
1480 5152 1739 5207 continet.
1785 5152 1939 5220 Quod

355 5235 405 5291 si
434 5247 805 5307 argumentum
834 5241 1050 5310 quidem
1083 5254 1278 5298 sensus
1306 5242 1422 5312 ipse
1452 5244 1614 5297 totius
1657 5244 1939 5301 ratiocina-

356 5328 519 5384 tionis
547 5331 893 5403 intelligatur,
926 5336 1319 5403 argumentatio
1349 5350 1476 5391 vero
1523 5336 1723 5405 integra
1778 5336 1942 5391 ratio-

353 5419 641 5479 cinationis
681 5424 939 5493 prolatio,
963 5433 1117 5483 extra
1144 5441 1273 5482 vero
1312 5434 1368 5481 et
1393 5428 1463 5481 ab
1488 5428 1731 5497 utrisque
1759 5428 1939 5482 diver-

356 5528 477 5571 sum
503 5516 710 5584 valens,
741 5518 890 5576 velut
912 5519 1068 5575 locus
1107 5520 1322 5591 quidam
1358 5522 1599 5585 ,maxima
1647 5522 1940 5591 propositio

340 5608 757 5690 consideretur,
814 5612 895 5668 sic
942 5624 1155 5683 quoque
1217 5614 1571 5668 maximarum
1626 5614 1941 5671 diﬂ‘ercntite

355 5702 785 5770 propositionum
813 5704 917 5763 loci
944 5718 1067 5762 esse
1091 5704 1433 5762 videbuntur.
1467 5705 1600 5761 Nam
1628 5721 1749 5761 cum
1785 5707 1941 5763 dilic-

339 5789 529 5871 yentia
544 5792 658 5862 ipsa
673 5794 1393 5867 maximampropositionem
1406 5797 1702 5865 contineat,
1719 5798 1944 5868 ejusque

337 5880 431 5951 illi
466 5882 639 5965 locus.
666 5888 919 5953 maxima
938 5902 1096 5953 mero
1119 5890 1436 5965 propositio
1478 5890 1937 5967 argumentationi

2046 4969 2163 5036 ipso
2191 4967 2398 5023 harent
2426 4967 2526 5021 loci
2554 4967 2622 5023 de
2641 4983 2747 5037 quo
2771 4970 2965 5037 agitur,
2992 4978 3048 5023 et
3075 4984 3135 5023 ea
3163 4984 3386 5037 quorum
3410 4967 3618 5021 extrin.

2036 5075 2201 5115 secus
2248 5070 2618 5125 assumuntur,
2670 5063 3000 5116 extrinsecus
3046 5071 3221 5115 autem
3270 5076 3331 5114 ea
3371 5060 3621 5114 dicuntur

2044 5167 2169 5222 quae
2187 5151 2384 5206 absunt
2407 5152 2670 5222 longeque
2693 5153 2953 5222 disjuucta
2985 5160 3127 5208 sunt.
3161 5152 3264 5205 Sed
3287 5151 3413 5220 quid
3445 5151 3619 5221 ipsum

2040 5246 2113 5299 sit
2155 5244 2224 5299 de
2251 5258 2360 5313 quo
2388 5246 2566 5315 agitur
2594 5245 2803 5299 facilior
2840 5244 3144 5313 explanatio
3193 5253 3298 5310 est,
3344 5245 3387 5296 si
3434 5258 3619 5298 eorum

2040 5352 2162 5407 quae
2202 5337 2349 5403 prius
2399 5336 2539 5392 dicta
2584 5346 2712 5393 sunt
2748 5336 3167 5392 meminerimus.
3213 5335 3349 5389 Nam
3386 5352 3503 5389 cum
3548 5339 3614 5389 de

2040 5429 2345 5498 quaestione
2376 5428 2738 5498 loqueremur,
2785 5428 3026 5482 eamdem
3054 5426 3285 5481 diximus
3329 5442 3447 5481 esse
3474 5443 3545 5497 qu
3566 5448 3623 5478 ι·-

2038 5523 2271 5577 stionem
2300 5535 2421 5591 qum
2450 5533 2597 5578 esset
2624 5521 2935 5577 dubitabilis
2985 5519 3305 5590 prapositin.
3349 5521 3454 5576 Sed
3488 5536 3626 5585 qun-

2046 5615 2188 5669 niam
2242 5615 2539 5686 propositio
2590 5615 2835 5685 subjecto
2884 5614 3281 5685 praedicatoque
3319 5623 3620 5685 constaret,

2038 5708 2397 5779 anstionem
2433 5723 2647 5780 quoque
2674 5709 2916 5762 diximus
2946 5706 3188 5778 subjecto
3227 5707 3623 5778 prmdieatnqne

2040 5800 2320 5871 conjungi.
2368 5800 2718 5855 Praedicatum
2764 5799 2924 5870 igitur
2955 5801 3035 5854 vel
3084 5800 3378 5871 subjectum
3409 5808 3490 5856 est
3523 5802 3622 5858 hoc

2042 5891 2225 5966 ipsum
2250 5891 2325 5949 de
2367 5904 2476 5964 quo
2512 5891 2704 5965 agitur.
2752 5888 3037 5951 ﬂaminum
3079 5892 3145 5950 de
3172 5892 3429 5951 alterutra
3476 5909 3617 5968 qua»
