4036 6336
427 381 561 435 1055

1764 376 1873 431 AN.
1916 375 2120 432 MANL.
2161 376 2313 433 SEV.
2357 377 2579 434 BOETII

3551 375 3687 433 1056

430 505 622 558 stionis
655 512 804 574 parte
832 502 1121 568 dnbitetur,
1157 503 1209 556 in
1240 501 1335 556 hac
1366 501 1708 571 ambiguitate
1735 501 1996 572 quaeritur
2031 503 2082 560 Α
2107 500 2276 570 ipsum
2309 501 2375 556 de
2407 516 2512 572 quo
2553 503 2728 570 agitur
2772 501 2902 556 nihil
2943 509 3026 555 est
3052 500 3197 556 aliud
3241 500 3342 556 nisi
3367 500 3596 571 quilibet
3630 500 3683 553 in

429 605 602 650 utrum
636 595 954 663 praedicatus
1003 595 1262 648 terminus
1310 594 1485 648 inesse
1526 594 1769 664 subjecto
1813 593 2000 648 videa-

428 697 532 750 tur,
565 700 629 737 an
658 685 893 738 minime.
929 683 1058 738 Nam
1086 700 1204 738 cum
1234 687 1407 738 omnis
1432 687 1657 754 quaestio
1687 685 1739 740 in
1771 685 2004 740 affirma-

427 779 629 832 tionem
663 777 1107 845 negationemque
1134 775 1419 841 dividatur,
1455 778 1498 830 si
1530 777 1849 846 praedicatus
1880 777 2004 832 sub—

329 875 334 882 '
424 869 568 938 jecto
597 868 752 930 inest,
788 867 847 920 fit
889 882 953 921 ex
1000 881 1064 921 eo
1096 883 1224 923 vera
1265 868 1587 933 affirmatio;
1634 867 1676 924 si
1709 884 1813 923 non
1841 869 2002 933 inest,

431 963 490 1012 lit
525 975 649 1013 vera
698 958 930 1027 negatio.
964 958 1069 1013 Sed
1101 960 1152 1012 in
1190 960 1571 1028 quaestionibus
1611 959 1999 1029 disceptandis,

429 1051 564 1104 alter
595 1049 1026 1113 affirmationem,
1057 1049 1194 1104 alter
1218 1050 1554 1119 negationem
1588 1058 1784 1112 tuetur,
1823 1049 1876 1104 id
1899 1058 2001 1115 est,

428 1145 562 1197 alter
594 1144 938 1213 praedicatum
986 1141 1163 1198 inesse
1195 1143 1458 1211 subjecto,
1509 1143 1644 1198 alter
1688 1159 1793 1197 non
1825 1143 2003 1198 inesse

429 1237 687 1291 defendit.
736 1237 888 1304 Quod
918 1251 1046 1291 vero
1093 1250 1159 1292 ex
1207 1235 1461 1291 alterutra
1493 1246 1643 1306 parte
1673 1235 2000 1302 defenditur,

431 1329 532 1383 hoc
573 1339 655 1383 est
688 1330 860 1398 ipsum
893 1327 960 1382 de
990 1343 1096 1398 quo
1126 1328 1319 1397 agitur.
1354 1328 1531 1398 Ipsum
1560 1328 1722 1398 igitur
1749 1338 1833 1384 est
1865 1343 2005 1397 prte-

431 1421 638 1474 dicatus
684 1421 940 1475 terminus
991 1420 1074 1475 vel
1120 1420 1408 1489 suljectus,
1462 1422 1528 1475 de
1569 1421 1757 1490 quibus
1809 1421 2001 1490 agitur.

431 1515 603 1580 Atque
651 1521 710 1565 ut
752 1512 801 1566 id
853 1510 1099 1579 exemplo
1145 1511 1341 1564 clarius
1392 1509 1499 1576 ﬁat,
1551 1512 1619 1565 sit
1649 1511 1890 1580 quaestio,
1936 1526 2003 1565 an

435 1603 626 1658 Verres
670 1604 864 1657 furtum
906 1602 1120 1658 fecerit.
1167 1602 1261 1657 llic
1306 1603 1501 1659 Verres
1550 1604 1850 1673 subjectum
1901 1612 2002 1669 est,

431 1696 628 1749 furtum
681 1696 856 1750 facere
908 1695 1290 1764 praedicatum;
1337 1696 1477 1764 quod
1517 1696 1563 1750 si
1607 1697 1802 1750 furtum
1854 1695 2003 1750 Verri

430 1789 791 1858 conjungitur,
830 1789 990 1857 idque
1017 1789 1570 1858 argumentationibus
1599 1788 2000 1858 comprobatur,

428 1881 740 1950 quaestionis
782 1879 1068 1934 affirmatio
1107 1880 1473 1934 demonstrata
1523 1889 1624 1938 est.
1667 1879 1720 1935 Si
1749 1879 1944 1933 furtum
1974 1891 2004 1931 a

433 1975 600 2031 Verre
657 1975 975 2044 sejungitur,
1021 1975 1331 2044 qnestionis
1379 1990 1566 2029 rursus
1607 1976 1821 2043 negatio
1860 1989 2007 2028 com-

432 2070 704 2138 probatur.
739 2069 910 2136 Ipsum
945 2069 1122 2135 itaque
1148 2067 1216 2122 de
1249 2083 1355 2136 quo
1397 2068 1568 2137 agitur
1608 2067 1736 2120 nihil
1768 2075 1867 2133 ett,
1907 2066 2006 2121 nisi

431 2161 676 2215 uterlibet
699 2175 885 2214 eorum
927 2160 1190 2214 terminus
1218 2161 1308 2226 qui
1339 2161 1390 2213 in
1424 2158 1720 2230 quaestione
1753 2157 2008 2227 proponi-

433 2261 538 2318 tur,
580 2251 694 2306 sive
725 2251 1063 2320 praedicatus,
1104 2252 1220 2307 sive
1246 2252 1404 2306 etiam
1433 2251 1720 2320 subjectus.
1751 2250 1850 2317 Qui
1877 2250 2008 2320 qui-

431 2345 551 2398 dem
568 2341 780 2398 termini
813 2356 908 2410 per
934 2355 994 2397 se
1023 2350 1330 2412 argumenta
1357 2356 1478 2396 esse
1506 2355 1611 2396 non
1641 2350 1883 2411 possunt,
1915 2355 2008 2394 ne-

435 2445 538 2499 que
567 2446 690 2488 vero
735 2447 830 2503 per
857 2449 917 2488 se
962 2441 1272 2503 argumenta
1324 2443 1595 2502 praestare.
1644 2431 1702 2487 Si
1730 2431 1875 2486 enim
1906 2431 2007 2500 ipsi

435 2523 704 2592 simplices
743 2535 799 2581 ut
827 2538 949 2581 sunt
979 2535 1288 2596 argumenta
1317 2540 1437 2581 esse
1475 2535 1713 2596 possent,
1747 2526 1829 2580 vel
1851 2540 2006 2595 argu-

434 2625 733 2672 mentorum
768 2629 1023 2688 prastare
1053 2620 1350 2681 materiam,
1399 2619 1596 2673 nullam
1626 2619 1678 2672 in
1709 2619 2006 2687 quaestione

432 2707 796 2780 relinquerent
820 2709 1206 2766 dubitationem
1230 2727 1246 2776 ;
1279 2710 1371 2766 sed
1396 2711 1646 2781 quoniam
1675 2709 1742 2765 de
1768 2709 1896 2780 ipsis
1916 2709 2009 2764 ad-

434 2798 538 2852 huc
571 2799 626 2853 in
672 2802 966 2870 quaestione
1011 2803 1283 2857 dubitatur
1329 2816 1396 2856 an
1445 2817 1631 2857 eorum
1674 2802 1840 2871 possit
1886 2815 2010 2857 esse

433 2901 547 2945 rata
571 2891 899 2960 conjunctio,
923 2893 1021 2962 ipsi
1047 2893 1262 2962 quidem
1287 2907 1460 2963 neque
1486 2907 1581 2962 per
1606 2907 1666 2947 se
1696 2901 2008 2962 argumenta

433 2996 579 3051 esse,
610 2998 782 3052 neque
808 2999 902 3053 per
921 2997 980 3038 se
1010 2995 1321 3054 argumenta
1355 2994 1604 3052 praestare
1647 2993 1918 3051 poterunt,
1946 2997 2010 3038 ea

436 3094 562 3134 vero
609 3095 730 3147 quae
779 3081 830 3133 in
877 3079 1006 3148 ipsis
1053 3080 1267 3145 insunt,
1318 3078 1402 3133 vel
1449 3078 1784 3132 extrinsecus
1841 3077 2010 3146 posita

435 3178 602 3239 sunt,
655 3179 1090 3239 argumentorum
1137 3169 1347 3239 copiam
1396 3168 1818 3224 subministrant.
1878 3168 2010 3224 Nam

433 3262 575 3331 quod
609 3259 912 3315 Victorinus
942 3261 1152 3331 quzerit,
1195 3271 1250 3317 et
1277 3261 1510 3331 explicat
1542 3262 1721 3330 latius,
1768 3277 1832 3317 ne
1860 3277 2008 3316 com-

436 3353 823 3407 memoratione
863 3352 1076 3422 quidem
1125 3353 1254 3406 mihi
1285 3352 1503 3422 dignum
1532 3353 1764 3407 videtur.
1807 3353 2010 3420 Quaerit

437 3444 579 3497 enim
616 3445 843 3514 quaestio
874 3445 988 3513 ipsa
1028 3444 1096 3499 de
1126 3460 1231 3514 quo
1280 3446 1453 3514 agitur
1482 3461 1548 3499 an
1581 3445 1775 3501 habeat
1809 3447 2006 3516 locum,

433 3535 575 3604 quod
603 3536 819 3592 minime
847 3537 1105 3606 oportuit,
1142 3547 1199 3591 ut
1225 3537 1428 3592 dictum
1458 3547 1563 3594 est.
1620 3539 1792 3595 Locus
1820 3540 1887 3596 de
1903 3556 2011 3610 quo

434 3647 576 3686 nunc
607 3632 814 3702 agimus
843 3647 947 3687 non
976 3633 1262 3702 cujuslibet
1292 3633 1367 3688 rei
1413 3633 1559 3688 locus
1588 3644 1691 3700 est,
1725 3635 1818 3690 sed
1849 3650 2008 3704 argu-

434 3723 620 3788 menti,
663 3732 1034 3792 argumentum
1079 3738 1207 3778 vero
1255 3725 1331 3778 rei
1377 3725 1552 3779 dubiae
1586 3725 1784 3781 faciens
1825 3727 2006 3794 fidem,

434 3830 521 3869 res
550 3831 680 3870 vero
709 3815 866 3869 dubia
907 3831 1030 3884 pars
1072 3817 1403 3885 quaestionis.
1448 3817 1602 3884 Quod
1651 3819 1695 3872 si
1725 3833 2010 3887 argumen-

433 3916 545 3961 tum
575 3907 799 3976 quaestio
823 3907 906 3962 vel
933 3923 1054 3977 pars
1083 3911 1400 3977 quaestionis
1427 3924 1549 3964 esse
1572 3925 1676 3964 non
1709 3919 1902 3978 potest,
1932 3909 2010 3964 lo-

434 4013 530 4052 cus
578 4013 705 4052 vero
748 3999 814 4054 de
843 4014 947 4068 quo
996 4001 1202 4070 agimus
1247 4001 1543 4071 argumenti
1591 4011 1672 4055 est
1701 4001 1869 4066 locus,
1902 4015 2008 4056 non

435 4098 516 4143 est
560 4089 776 4144 dubium
817 4093 942 4160 quin
970 4092 1119 4147 locus
1162 4095 1473 4164 quaestionis
1511 4108 1630 4148 esse
1666 4109 1771 4146 non
1817 4092 2006 4162 possit.

437 4178 699 4248 Amplius,
725 4183 899 4236 omnis
922 4185 1145 4252 quaestio
1172 4185 1479 4241 dubitabilis
1506 4194 1606 4248 est,
1635 4193 2006 4253 argumentum

436 4287 568 4327 vero
607 4289 766 4328 omne
807 4277 1116 4344 quaestionis
1163 4289 1352 4349 purgat
1391 4279 1716 4349 ambiguum.
1774 4278 1888 4333 Non
1926 4286 2010 4333 est

443 4365 603 4435 igitur
627 4366 764 4420 idem
797 4379 1164 4436 argumentum
1195 4371 1334 4440 quod
1359 4372 1604 4441 quaestio,
1637 4370 1729 4426 sed
1763 4370 1888 4440 loci,
1917 4385 2008 4424 ar-

434 4466 809 4524 gumentorum
841 4469 964 4512 sunt
993 4459 1116 4523 loci,
1163 4479 1268 4516 non
1318 4471 1440 4516 sunt
1473 4462 1629 4528 igitur
1672 4462 2004 4532 quaestionis.

438 4549 548 4604 lloc
581 4551 740 4619 igitur
776 4554 1048 4620 praemisso
1079 4554 1440 4624 intelligamus
1470 4557 1642 4624 ipsum
1672 4557 1738 4611 de
1763 4572 1869 4626 quo
1895 4557 2009 4627 agi-

438 4650 527 4694 tur
569 4642 860 4710 quemlibet
891 4645 1173 4699 terminum
1210 4647 1261 4699 in
1311 4646 1609 4714 quaestione
1655 4642 2008 4718 propositum,

435 4731 552 4785 sive
601 4733 968 4801 praedicatum,
1010 4737 1122 4790 sive
1153 4734 1472 4804 subjectum,
1525 4737 1612 4805 qui
1661 4752 1780 4798 cum
1811 4755 1905 4809 per
1947 4756 2007 4796 se

435 4843 520 4880 res
545 4827 671 4890 sint,
705 4830 804 4897 ipsi
831 4830 1042 4898 quidem
1071 4842 1441 4900 argumentum
1473 4847 1592 4888 esse
1624 4850 1728 4888 non
1761 4847 2002 4906 possunt,

437 4917 637 4973 habere
671 4930 849 4975 autem
877 4921 928 4974 in
957 4937 1014 4975 se
1042 4923 1282 4990 quaedam
1316 4934 1558 4993 possunt,
1603 4927 1653 4980 in
1694 4929 1884 4997 quibus
1911 4944 2004 4984 ar-

437 5020 687 5076 gumenta
734 5012 841 5064 sint
888 5013 1162 5078 collocata,
1215 5024 1267 5068 et
1305 5032 1422 5084 quae
1472 5018 1628 5072 sedes
1670 5030 2008 5089 argumento-

434 5116 547 5154 rum
583 5117 704 5158 esse
752 5104 1132 5173 intelligantur.
1165 5108 1293 5172 Qua:
1356 5109 1571 5176 quidem
1603 5125 1722 5165 cum
1765 5114 2006 5168 terminis

435 5191 515 5243 his
545 5193 612 5248 de
665 5193 854 5261 quibus
906 5197 1078 5264 agitur
1122 5198 1384 5253 inhaerere
1433 5200 1729 5265 vidcantur,
1773 5206 2005 5259 nondum

434 5292 611 5338 tamen
653 5294 775 5338 sunt
821 5297 1155 5354 argumenta,
1207 5290 1298 5343 sed
1341 5292 1492 5359 quasi
1533 5292 1644 5360 jam
1693 5305 2006 5362 argumenta

431 5375 849 5441 cumplectcntes
885 5378 1008 5441 loci,
1033 5388 1085 5432 ct
1110 5379 1254 5434 velut
1285 5383 1508 5436 naturali
1539 5384 1666 5438 sede
1691 5385 2006 5442 condcntes.

432 5460 574 5516 Idem
609 5464 675 5519 de
726 5466 806 5520 his
855 5467 988 5522 locis
1033 5471 1124 5538 qui
1162 5472 1493 5529 extrinsecus
1533 5486 1874 5530 assumuntur
1922 5478 2006 5532 di-

428 5557 656 5610 cendum
708 5569 808 5622 cst,
862 5561 960 5630 ipsi
1019 5578 1246 5632 namque
1304 5569 1461 5634 positi
1505 5578 1628 5622 sunt
1673 5571 1909 5625 exterius
1950 5579 2006 5626 et

430 5646 824 5712 quodammodo
864 5667 891 5703 a
936 5656 1359 5721 propositionum
1391 5661 1630 5712 terminis
1672 5660 1922 5729 ablegati,
1955 5669 2009 5716 et

432 5749 523 5788 res
561 5739 800 5803 qumdatn
848 5754 992 5807 sunt,
1044 5748 1138 5800 sed
1185 5749 1321 5802 intra
1357 5766 1415 5804 se
1451 5762 1887 5818 argumentorum
1917 5769 2008 5808 co-

435 5825 575 5897 piam
604 5828 882 5897 claudunt;
934 5844 1110 5905 atque,
1145 5847 1202 5895 ut
1242 5839 1396 5899 brevi
1437 5843 1707 5902 sententia
1735 5843 2006 5916 colligam,

2106 592 2405 662 quaestione
2463 594 2721 648 terminus
2762 593 3074 647 collocatus.
3117 593 3179 647 lii
3219 601 3534 662 argumenta
3565 605 3685 646 esse

2107 703 2212 742 non
2245 698 2488 756 possunt,
2540 703 2713 756 neque
2760 687 2826 741 ab
2868 686 2949 740 his
2985 686 3122 740 trahi
3154 686 3368 756 aliquod
3398 700 3687 755 argumen-

2109 787 2239 832 tum.
2282 779 2398 844 Quo
2430 778 2487 833 lit
2523 787 2578 832 ut
2622 777 2836 832 termini
2885 777 2985 846 ipsi
3024 777 3114 847 qui
3146 779 3196 832 in
3228 778 3523 846 quaestione
3564 783 3689 830 sunt

2109 870 2292 938 positi,
2325 885 2424 925 nec
2445 879 2779 940 argumenta,
2809 884 2908 924 nee
2929 869 3030 924 loci
3058 870 3187 933 sint,
3218 870 3313 924 sed
3344 879 3546 923 tantum
3577 882 3686 923 res.

2108 959 2313 1014 Rursus
2344 976 2404 1014 ea
2433 975 2552 1030 qua:
2597 960 2650 1014 in
2679 960 2761 1014 bis
2789 960 2994 1014 haerent
3025 961 3092 1014 de
3124 959 3316 1027 quibus
3345 962 3539 1028 agitur,
3573 959 3688 1028 ipsa

2111 1052 2326 1121 quidem
2357 1066 2443 1107 res
2471 1066 2591 1106 esse
2627 1053 2966 1107 manifestum
2994 1060 3098 1119 est,
3135 1050 3229 1105 sed
3265 1049 3521 1104 claudunt
3545 1051 3596 1102 in
3631 1063 3691 1102 se

2106 1155 2539 1214 argumentorum
2573 1143 2805 1212 copiam,
2840 1152 2896 1196 ut
2922 1157 3042 1196 cum
3068 1156 3134 1197 ex
3161 1141 3244 1194 his
3286 1143 3420 1194 sumi
3467 1139 3689 1207 aliquod

2107 1245 2352 1301 oiorteat
2381 1244 2780 1306 argumentum,
2811 1234 3054 1290 locorum
3087 1235 3206 1288 vice
3249 1232 3553 1298 fungantur.
3588 1231 3692 1284 Ita-

2105 1341 2210 1396 que
2252 1326 2444 1397 siequis
2476 1341 2570 1397 per
2617 1342 2676 1382 se
2705 1341 2765 1381 ea
2798 1325 3123 1396 speculetur,
3173 1338 3259 1380 res
3285 1333 3446 1386 sunt;
3480 1326 3522 1376 si
3569 1323 3691 1392 quis

2108 1417 2176 1471 ab
2226 1417 2310 1472 bis
2361 1411 2579 1486 aliquod
2629 1425 3006 1486 argumentum
3038 1425 3242 1485 quaerat
3289 1415 3540 1477 educere,
3586 1413 3689 1466 loci

2109 1510 2265 1564 fiunt.
2311 1510 2377 1564 Et
2408 1509 2524 1564 haec
2553 1509 2912 1582 communiter
2946 1508 3160 1578 quidem
3210 1507 3278 1560 de
3311 1504 3690 1576 principalibus

2107 1615 2171 1655 ac
2217 1601 2464 1654 maximis
2518 1599 2651 1656 locis
2699 1602 2838 1654 dicta
2879 1599 3010 1653 sint.
3044 1597 3108 1652 lli
3156 1613 3286 1652 vero
3334 1606 3458 1650 sunt
3509 1596 3600 1664 qui
3635 1597 3689 1647 in

2109 1694 2238 1763 ipsis
2269 1694 2336 1748 de
2370 1695 2566 1764 quibus
2614 1694 2790 1763 agitur
2839 1693 3066 1758 haerent,
3096 1691 3180 1745 vel
3210 1692 3299 1760 qui
3346 1698 3691 1744 assumuntur

2109 1785 2466 1839 extrinsecus.
2500 1784 2566 1839 Ut
2590 1785 2747 1854 igitur
2778 1784 2938 1838 faciat
2960 1784 3170 1853 plenam
3202 1788 3441 1837 locorum
3469 1781 3690 1835 divisio-

2036 1879 2083 1939 B
2110 1890 2257 1940 nem,
2278 1889 2414 1944 quos
2442 1874 2759 1944 simpliciter
2787 1889 2852 1928 ac
2879 1873 3141 1927 maximos
3163 1872 3341 1942 posuit
3372 1873 3535 1937 locos,
3569 1886 3691 1926 eos-

2111 1967 2233 2022 dem
2280 1966 2428 2022 velut
2462 1967 2513 2020 in
2544 1966 2802 2036 quasdam
2854 1965 3064 2035 species
3115 1973 3343 2028 resecat,
3374 1962 3556 2016 dicens
3589 1979 3604 2015 ;
3634 1960 3691 2029 ln

2111 2058 2226 2127 ipso
2247 2067 2355 2112 tum
2378 2073 2447 2112 ex
2480 2065 2617 2123 toto,
2648 2069 2760 2111 tum
2789 2072 2853 2112 ex
2879 2055 3120 2126 partibus
3139 2054 3278 2124 ejus,
3313 2064 3422 2107 tum
3451 2068 3516 2107 ex
3542 2061 3687 2115 nota,

2113 2159 2222 2204 tum
2253 2165 2320 2205 ex
2361 2151 2444 2205 his
2473 2152 2638 2205 rebus
2659 2165 2778 2220 quae
2807 2148 3203 2219 quodammodo
3234 2146 3438 2202 affectae
3467 2155 3593 2201 sunt
3624 2145 3691 2200 ad

2112 2242 2166 2296 id
2190 2241 2257 2297 de
2279 2257 2386 2311 quo
2411 2242 2723 2312 quaerimus.
2757 2241 2826 2296 Et
2850 2241 3086 2295 locorum
3118 2240 3209 2309 qui
3240 2237 3292 2292 in
3319 2239 3436 2307 ipso
3466 2237 3690 2302 suntde

2110 2349 2215 2402 quo
2265 2334 2440 2402 agitur
2473 2333 2752 2387 constituti
2790 2341 3017 2403 quatuor
3058 2331 3290 2401 partium
3330 2329 3468 2384 facta
3498 2328 3694 2382 divisio

2114 2437 2224 2482 est.
2260 2426 2324 2480 lli
2357 2427 2553 2497 quippe
2583 2427 2676 2496 qui
2704 2427 2755 2481 in
2785 2428 2902 2496 ipso
2925 2426 2993 2481 de
3021 2441 3128 2495 quo
3152 2424 3328 2494 agitur
3358 2425 3583 2487 luerent,
3612 2420 3696 2475 vel

2111 2531 2179 2572 ex
2226 2526 2338 2572 toto
2385 2526 2451 2573 eo
2479 2519 2548 2573 de
2594 2533 2699 2588 quo
2740 2517 2914 2587 agitur
2945 2515 3194 2582 termino,
3245 2514 3329 2570 vel
3361 2530 3425 2569 ex
3465 2514 3695 2582 partium

2111 2613 2230 2682 ejus
2258 2612 2682 2676 enumeratione,
2714 2612 2801 2666 vel
2825 2627 2889 2666 ex
2911 2618 3059 2674 nota,
3088 2609 3175 2664 vel
3203 2624 3270 2664 ex
3298 2607 3503 2662 allectis
3530 2605 3694 2660 intel-

2114 2706 2352 2776 liguntur
2388 2706 2642 2762 existere.
2691 2704 2748 2760 ld
2777 2706 2846 2759 ita
2872 2719 2994 2760 esse
3036 2703 3190 2758 brevi
3219 2703 3422 2758 ratione
3464 2699 3698 2754 firmabi-

2115 2808 2222 2854 tur.
2255 2797 2486 2854 Necesse
2514 2807 2597 2854 est
2623 2797 2766 2853 enim
2793 2795 3085 2867 quemlibet
3112 2809 3301 2850 eorum
3343 2792 3698 2847 terminorum

2114 2892 2206 2962 qui
2237 2893 2288 2946 in
2316 2891 2614 2961 quaestione
2656 2900 2783 2945 sunt
2805 2890 3078 2955 collocati,
3127 2897 3184 2944 et
3223 2886 3568 2943 definitiones
3599 2886 3693 2938 ha-

2117 2985 2245 3039 bere
2283 2984 2549 3054 proprias,
2594 2992 2648 3038 et
2673 2992 2874 3053 partes,
2902 2993 2958 3037 et
2985 2981 3224 3044 nomina,
3258 2987 3314 3034 et
3351 2977 3418 3032 ad
3449 2992 3534 3031 res
3564 2976 3696 3029 alias

2116 3076 2346 3147 quadarn
2391 3075 2654 3130 relatione
2702 3074 2953 3146 conjungi
2996 3088 3059 3128 ac
3102 3071 3314 3128 referri.
3367 3070 3509 3139 Ergo
3548 3069 3698 3124 locus

2117 3171 2206 3240 qui
2234 3169 2430 3225 dicitur
2473 3184 2539 3225 ex
2571 3179 2703 3234 toto,
2743 3169 2788 3224 is
2825 3178 2927 3233 est,
2959 3169 3171 3239 qu0ties
3207 3177 3578 3238 argumentum
3625 3167 3695 3221 et

2033 3276 2082 3340 ρ
2120 3261 2347 3331 alicujus
2368 3260 2684 3316 diffinitione
2714 3260 2932 3315 termini
2957 3262 3046 3330 qui
3073 3269 3156 3315 est
3187 3260 3238 3316 in
3269 3260 3568 3330 quaestione
3590 3269 3703 3314 tra-

2114 3362 2308 3419 ctatur,
2332 3351 2446 3407 sive
2469 3352 2729 3421 subjecti,
2754 3354 2867 3408 sive
2891 3352 3184 3422 prtedicati.
3211 3353 3289 3406 Ex
3312 3353 3542 3423 partium
3565 3367 3702 3406 enu-

2113 3448 2432 3512 meratione,
2465 3445 2676 3513 quoties
2712 3445 2781 3499 ab
2817 3444 2934 3514 ejus
2969 3444 3181 3500 termini
3215 3444 3474 3514 partibus,
3513 3444 3604 3511 qui
3644 3444 3699 3497 in

2111 3538 2408 3607 quastione
2438 3536 2640 3605 positus
2668 3547 2772 3600 est,
2807 3537 3021 3591 ducitur
3050 3546 3444 3605 argumentum.
3473 3538 3513 3590 A
3548 3545 3692 3598 nota,

2110 3628 2320 3698 quoties
2351 3627 2422 3681 ab
2447 3627 2692 3697 ejusdem
2720 3629 2934 3682 termini
2976 3626 3242 3682 vocabulo
3268 3627 3509 3681 nascitur
3538 3642 3699 3695 argu-

2112 3731 2370 3776 mentum.
2403 3721 2486 3774 Ab
2536 3719 2741 3775 affectis
2786 3734 2933 3788 vero,
2967 3721 3179 3789 quoties
3217 3719 3284 3774 ab
3334 3720 3418 3773 his
3461 3733 3582 3788 quae
3628 3718 3696 3773 ad

2114 3815 2442 3884 propositum
2485 3813 2768 3868 terminum
2818 3811 3077 3866 relatione
3133 3811 3311 3879 aliqua
3363 3809 3696 3865 reducuntur

2113 3907 2502 3978 argumentatio
2558 3905 2930 3976 proficiscitur.
3000 3906 3240 3970 Quorum
3306 3905 3694 3960 similitudines

2113 4002 2352 4056 omnium
2385 4000 2655 4070 posterius
2696 3999 2998 4069 explicabo,
3031 3999 3246 4069 quando
3276 4013 3340 4055 ea
3369 4013 3492 4066 qua
3533 4013 3698 4067 super

2114 4092 2198 4148 his
2222 4093 2381 4148 rebus
2409 4091 2746 4147 declarandis
2775 4091 2968 4146 Cicero
3011 4093 3191 4161 posuit
3221 4092 3467 4160 exempla
3501 4101 3700 4146 tracta-

2110 4201 2259 4240 vero.
2299 4184 2450 4239 Nunc
2491 4184 2622 4239 illud
2653 4194 2736 4240 est
2780 4185 3251 4251 considerandum,
3293 4187 3369 4239 ait
3396 4186 3538 4238 enim
3569 4185 3700 4238 Tul-

2111 4278 2214 4333 lius
2241 4294 2307 4333 ex
2339 4278 2421 4333 his
2450 4279 2602 4344 locis,
2636 4278 2689 4332 in
2716 4279 2910 4348 quibus
2940 4288 3252 4348 argumenta
3288 4278 3492 4334 inclusa
3544 4288 3694 4346 sunt,

2112 4371 2245 4424 alios
2273 4371 2325 4424 in
2358 4385 2422 4425 co
2444 4369 2558 4440 ipso
2586 4370 2652 4424 de
2674 4386 2779 4440 quo
2810 4372 2989 4440 agitur
3016 4371 3242 4436 haerere,
3263 4371 3400 4425 alios
3419 4372 3696 4425 extrinse-

2111 4478 2206 4518 cus
2226 4465 2448 4527 assumi,
2478 4459 2618 4532 quod
2646 4465 2716 4517 ita
2735 4463 2937 4518 dictum
2959 4464 3188 4527 videtur,
3217 4473 3470 4532 tanquam
3492 4463 3694 4517 diversi

2112 4557 2220 4610 sint
2242 4557 2343 4612 loci
2385 4557 2475 4625 qni
2503 4556 2558 4610 in
2595 4557 2678 4610 his
2698 4555 2765 4611 de
2785 4558 2980 4624 quibus
2997 4558 3169 4626 agitur
3193 4556 3419 4621 haerent,
3446 4568 3500 4610 et
3519 4557 3693 4624 ipsum

2036 4657 2090 4720 1)
2117 4649 2243 4703 illud
2270 4649 2338 4702 de
2377 4664 2482 4716 quo
2502 4647 2698 4717 agitur.
2728 4630 2867 4702 Nihil
2897 4650 3038 4704 enim
3065 4651 3117 4703 in
3147 4664 3206 4704 se
3232 4650 3349 4717 ipso
3373 4649 3581 4703 haerere
3609 4664 3695 4717 po-

2114 4751 2234 4806 test,
2259 4756 2321 4795 ac
2355 4756 2448 4810 per
2476 4740 2577 4794 hoc
2603 4741 2819 4810 quodin
2861 4743 3038 4810 aliquo
3084 4742 3253 4795 lueret
3277 4743 3346 4795 ab
3385 4757 3450 4796 eo
3490 4742 3542 4795 in
3588 4755 3696 4809 quo

2112 4834 2282 4887 haeret
2310 4834 2587 4888 diversum
2609 4845 2712 4888 est.
2736 4833 2885 4899 Quod
2909 4835 2954 4887 si
2982 4834 3080 4887 loci
3103 4843 3226 4888 sunt
3243 4834 3403 4904 aliqui
3426 4836 3513 4903 qui
3534 4836 3587 4887 in
3613 4835 3697 4888 his

2110 4926 2429 4980 haereantde
2448 4926 2645 4995 quibus
2666 4926 2861 4994 agitur,
2889 4940 2994 4978 non
3012 4926 3327 4980 estdubium
3366 4927 3492 4994 quin
3519 4927 3569 4978 hi
3592 4928 3695 4980 loci

2107 5016 2176 5070 ab
2207 5016 2291 5070 his
2317 5016 2385 5071 de
2414 5016 2606 5086 quibus
2634 5017 2812 5087 agitur
2840 5018 2950 5071 sint
2979 5017 3197 5072 diversi.
3243 5019 3443 5072 ltursus
3470 5035 3591 5072 cum
3615 5020 3696 5072 di-

2111 5108 2184 5161 cit
2215 5109 2266 5160 in
2296 5108 2432 5176 ipso,
2469 5117 2577 5162 tum
2611 5123 2677 5162 ex
2704 5117 2834 5175 toto,
2875 5118 2985 5163 tum
3023 5125 3086 5163 ex
3124 5110 3365 5179 partibus
3398 5111 3540 5179 ejus,
3579 5121 3696 5163 tan-

2109 5216 2270 5269 quam
2293 5216 2398 5254 non
2426 5201 2493 5255 de
2517 5201 2743 5257 diversis
2765 5203 3036 5271 loquatur,
3079 5203 3148 5256 ita
3181 5203 3275 5269 ait,
3315 5204 3367 5256 in
3399 5204 3515 5269 ipso
3542 5205 3694 5257 locos

2099 5306 2232 5362 esse
2255 5300 2364 5346 tum
2384 5308 2448 5346 ex
2474 5301 2607 5359 toto,
2635 5302 2743 5347 tum
2767 5309 2830 5348 ex
2849 5293 3237 5363 partibus,tum
3260 5311 3323 5350 ex
3355 5304 3477 5348 nota
3496 5335 3509 5358 ,
3541 5294 3694 5364 quasi

2109 5402 2236 5441 vero
2275 5388 2417 5442 aliud
2461 5389 2532 5442 sit
2585 5389 2758 5458 ipsum
2796 5403 2956 5458 quam
2993 5397 3184 5452 totum,
3216 5400 3307 5443 aut
3333 5391 3476 5444 aliud
3519 5392 3689 5459 ipsum

2116 5494 2272 5548 quam
2314 5495 2500 5533 omnes
2529 5481 2762 5549 undique
2788 5483 2905 5549 ejus
2940 5491 3136 5549 partes.
3171 5481 3516 5551 Unaquaeque
3546 5495 3690 5534 enim

2116 5586 2202 5625 res
2238 5571 2376 5626 idem
2419 5581 2501 5626 est
2536 5572 2678 5642 quod
2711 5582 2899 5627 totum.
2932 5573 3078 5628 Idem
3122 5588 3352 5644 namque
3399 5587 3480 5628 est
3523 5575 3690 5628 Roma

2116 5666 2259 5736 quod
2294 5676 2401 5721 tota
2446 5668 2651 5722 civitas.
2692 5668 2892 5724 Rursus
2933 5669 3071 5723 idem
3113 5680 3197 5725 est
3236 5685 3568 5738 unaquaeque
3608 5683 3690 5722 res

2116 5757 2256 5826 quod
2303 5758 2419 5826 ejus
2447 5759 2671 5830 singulae
2711 5768 2889 5829 partes
2938 5761 2992 5815 in
3034 5776 3200 5816 unum
3248 5762 3509 5823 reductae;
3546 5761 3692 5814 velut

2113 5848 2254 5910 idem
2289 5861 2371 5907 est
2408 5851 2568 5913 homo
2595 5852 2736 5924 quod
2770 5863 2926 5925 caput
2949 5891 2965 5918 .
2999 5853 3190 5912 thorax
3211 5896 3227 5923 ,
3258 5860 3560 5916 venter,'ac
3591 5867 3688 5924 ρος
