4036 6336
310 258 452 355 tota

1168 283 1236 341 IN
1271 280 1518 342 TOPICA
1553 272 1917 361 CICERONIS
1951 269 2470 331 COMMENTABIA.
2518 266 2650 324 LIB.
2693 269 2736 323 l.

3450 276 3619 361 mss,

314 413 443 481 des,
492 417 810 480 castamque
854 405 909 462 in
952 417 1113 461 unum
1159 410 1340 475 partes
1386 399 1688 472 conjunctae
1735 404 1896 467 atque
1922 370 1975 455 Α
2002 386 2338 481 monstrabit.
2374 385 2447 440 Ea
2476 398 2747 481 veroque
2776 391 2902 439 sunt
2927 384 3302 481 extrinsecus,
3337 388 3389 444 in
3430 392 3580 459 nulla

313 508 603 579 copulatas.
636 501 917 571 Quomodo
954 500 1114 570 igitur
1143 507 1393 569 tanquam
1424 495 1491 550 de
1520 491 1750 549 diversis
1789 491 1902 558 pri-

315 618 464 659 mum
495 601 707 656 locutus
730 605 843 664 est,
875 610 997 650 cum
1031 594 1178 649 locos
1210 590 1417 646 haerere
1447 588 1499 643 in
1532 587 1617 641 his
1658 581 1902 639 terminis

316 695 387 751 de
433 695 627 767 quibus
657 693 829 765 agitur
862 689 1026 756 dixit,
1060 698 1181 758 post
1208 692 1386 739 autem
1420 680 1579 748 velut,
1596 678 1665 733 de
1696 675 1900 732 eisdem

317 790 577 859 loquitur,
623 803 743 844 cum
788 786 842 840 in
887 785 1005 854 ipso
1042 781 1221 846 locos,
1256 789 1365 834 tum
1409 792 1473 833 ex
1518 783 1663 840 toto,
1693 782 1803 829 tum
1835 786 1900 827 ex

318 882 560 951 partibus
597 893 720 935 esse
750 873 1055 947 proponat?
1093 872 1234 930 Nihil
1260 871 1402 927 enim
1434 868 1615 923 diﬁ‘ert
1640 866 1820 922 dicere
1849 866 1901 920 in

317 977 459 1047 ipso,
503 984 614 1029 tum
644 988 710 1028 ex
756 978 888 1037 toto,
921 978 1033 1023 tum
1060 982 1125 1023 ex
1172 963 1412 1035 partibus
1441 975 1600 1031 quam
1629 961 1674 1016 si
1724 958 1795 1014 ita
1822 956 1903 1011 di-

319 1071 487 1127 xisset
509 1107 524 1131 ,
556 1067 606 1122 in
638 1066 776 1136 ipso,
806 1074 918 1118 tum
944 1076 1010 1116 ex
1039 1060 1176 1129 ipso.
1207 1056 1341 1112 Nam
1367 1054 1412 1108 si
1446 1053 1584 1108 idem
1615 1060 1698 1107 est
1723 1051 1900 1121 ipsum

319 1162 462 1235 quod
486 1171 651 1215 totum
679 1174 742 1214 ac
762 1165 941 1228 partes
956 1197 972 1223 ,
998 1154 1140 1209 idem
1163 1161 1246 1208 est
1266 1150 1449 1206 dicere
1474 1148 1527 1203 in
1552 1148 1668 1216 ipso
1698 1146 1904 1200 lia-rere

319 1258 529 1322 locum,
559 1271 627 1311 es
651 1263 784 1322 toto,
817 1259 911 1306 aut
955 1264 1020 1305 es
1069 1245 1341 1317 partibus,
1382 1240 1526 1312 quod
1565 1241 1619 1296 in
1650 1239 1764 1310 ipso
1790 1238 1905 1323 hm-

317 1366 443 1407 rcre
459 1351 666 1413 locum,
688 1346 779 1417 qui
800 1353 883 1401 est
902 1357 970 1398 ex
1000 1341 1137 1412 ipso,
1166 1337 1309 1410 quod
1336 1350 1405 1392 ne
1434 1333 1656 1403 intelligi
1683 1331 1902 1404 quidem

315 1455 531 1517 potest,
574 1438 1024 1514 quemadmodum
1056 1436 1111 1491 in
1142 1434 1260 1505 ipso
1286 1431 1493 1487 haerere
1526 1428 1731 1499 possit,
1761 1424 1904 1497 quod

316 1541 492 1613 ipsum
522 1547 639 1603 est,
665 1548 787 1591 cum
819 1532 950 1588 nihil
982 1528 1083 1586 sibi
1113 1527 1317 1582 btereat
1336 1565 1353 1592 ,
1378 1534 1436 1578 ut
1464 1520 1716 1591 superius
1739 1532 1905 1588 expe-

318 1636 450 1692 divi.
481 1634 611 1701 Sed,
645 1622 1093 1702 quemadmodum
1137 1624 1298 1695 paulo
1319 1630 1444 1677 ante
1472 1618 1699 1688 exposui
1723 1658 1740 1683 ,
1773 1631 1908 1672 una-

317 1742 546 1800 quaeque
575 1739 660 1782 res
685 1739 805 1792 cum
833 1731 887 1778 et
907 1719 1281 1777 dil‘ﬁnitionem
1313 1714 1510 1770 habeat
1533 1720 1588 1767 et
1615 1718 1827 1780 partes,
1857 1707 1905 1764 si

318 1834 704 1893 pernoscamus
724 1831 842 1887 quae
867 1815 937 1870 sit
952 1809 1292 1869 difﬁnitinnis
1315 1806 1394 1863 vis
1416 1816 1467 1862 et
1491 1819 1614 1876 qua:
1636 1803 1867 1875 partium
1883 1840 1900 1866 ,
1934 1802 1985 1864 Β

320 1921 549 1970 cunctus
576 1908 940 1980 ambiguitatis
963 1904 1137 1961 nodus
1162 1900 1478 1959 absolvitur.
1511 1897 1608 1953 Est
1635 1895 1780 1952 enim
1809 1894 1911 1949 dil-

320 2006 496 2062 ﬁnitio
524 2012 723 2060 coactae
751 2002 805 2056 in
835 2015 895 2057 se
924 2007 1084 2069 atque
1111 1994 1445 2065 complicatae
1482 1988 1561 2045 rei
1589 1984 1908 2058 explicatio,

319 2097 473 2155 velut
498 2110 618 2151 cum
650 2094 877 2149 dicimus
920 2091 1195 2148 hominem
1223 2099 1346 2142 esse
1372 2080 1567 2137 animal
1612 2076 1906 2143 rationale,

314 2192 570 2249 mortale.
590 2189 732 2245 Nam
756 2187 808 2242 id
831 2184 974 2257 quod
1002 2181 1237 2239 breviter
1263 2191 1478 2244 nomen,
1505 2183 1665 2245 atque
1685 2180 1911 2243 anguste

325 2284 680 2354 designabat,
754 2280 807 2335 id
853 2276 1142 2349 explicavit
1183 2287 1246 2328 ac
1271 2270 1527 2342 protulit,
1559 2278 1618 2325 et
1654 2280 1751 2337 per
1776 2263 1909 2319 sub-

320 2374 602 2432 stantiales
653 2368 1047 2444 quodammodo
1103 2376 1283 2437 partes
1337 2362 1582 2419 deﬁnitio
1634 2355 1906 2428 patefecit.

324 2469 504 2524 Alium
552 2466 715 2537 igitur
756 2476 981 2519 necesse
1025 2470 1106 2516 est
1134 2472 1257 2515 esse
1284 2456 1613 2512 intellectum
1647 2452 1759 2515 rei,
1790 2461 1911 2519 quas

320 2561 643 2632 complicata
683 2568 794 2627 est,
826 2557 879 2613 in
926 2571 993 2613 eo
1037 2553 1181 2625 quod
1213 2551 1430 2608 sibimet
1457 2555 1640 2605 coacta
1667 2541 1910 2614 atquein

324 2669 491 2710 unum
520 2653 733 2708 redacta
759 2658 860 2718 est,
884 2648 1048 2703 alium
1073 2646 1317 2717 ejusdem
1344 2643 1420 2699 rei
1449 2640 1726 2710 explicatae
1749 2643 1913 2705 atque

320 2746 594 2813 dissertm,
617 2744 672 2799 in
700 2758 767 2799 eo
793 2740 932 2813 quod
957 2738 1209 2811 expedita
1240 2747 1400 2807 atque
1419 2733 1611 2790 diffusa
1633 2738 1720 2786 est
1746 2744 1763 2783 :
1785 2741 1910 2783 nam

324 2852 380 2921 et
409 2841 458 2896 si
486 2839 626 2895 idem
658 2838 734 2893 rei
760 2834 1008 2892 dilﬁnitio
1035 2831 1175 2905 quod
1206 2845 1404 2887 nomen
1434 2826 1733 2921 signiﬁcat,
1756 2819 1937 2921 illud

324 2913 504 2988 tamen
535 2930 711 3000 ipsum
740 2927 883 2999 quod
925 2941 1119 2981 nomen
1149 2932 1376 2993 anguste
1407 2918 1741 2986 conluseque
1765 2913 1912 2969 desi-

324 3031 481 3095 gnat,
513 3022 752 3092 apertius
783 3017 1033 3073 ditﬁnitio
1067 3015 1289 3072 disserit
1330 3027 1395 3069 ac
1440 3008 1714 3082 patefacit.
1743 3005 1913 3061 Recte

323 3114 486 3188 igitur
511 3113 652 3167 aliud
683 3110 935 3182 quiddam
965 3117 1049 3165 est
1076 3110 1250 3179 ipsum
1270 3145 1287 3173 ,
1317 3104 1462 3160 aliud
1490 3101 1608 3172 ejus
1633 3096 1910 3188 dilllnitio,

320 3185 484 3285 etiam
513 3205 559 3258 si
607 3218 769 3258 unum
801 3202 1050 3270 idemque
1078 3210 1159 3255 est
1188 3198 1425 3266 utrisque
1469 3192 1789 3285 subjectum:
1826 3185 1906 3285 _Ut
1944 3199 1991 3263 ί]

320 3280 469 3351 enim
496 3294 694 3349 dictum
717 3301 821 3359 est,
852 3292 1024 3362 ipsum
1046 3291 1314 3360 singnlum
1336 3296 1439 3351 est,
1463 3285 1713 3340 dillinitio
1739 3279 1910 3352 ipsius

320 3391 519 3461 singuli
551 3405 644 3461 per
674 3401 853 3459 partes
872 3386 1178 3444 distributio
1205 3395 1366 3457 atque
1391 3384 1750 3442 enumeratio.
1780 3382 1913 3437 Par-

321 3491 410 3538 tes
436 3493 614 3537 autem
642 3496 785 3537 nunc
824 3479 1206 3535 substantiales
1231 3478 1378 3543 dico,
1420 3492 1526 3531 non
1555 3490 1677 3545 qua:
1705 3473 1913 3543 magni-

321 3573 566 3631 tudinem
588 3573 849 3644 jungunt,
872 3573 966 3627 sed
987 3586 1105 3643 quae
1128 3568 1510 3641 proprietatem
1536 3568 1912 3637 rationemque

320 3665 659 3723 substantias.
706 3664 811 3721 Sed
840 3664 984 3735 quod
1030 3665 1084 3719 in
1128 3662 1444 3719 deﬁnitione
1474 3662 1679 3715 dictum
1708 3670 1791 3715 est
1819 3674 1912 3715 se-

320 3758 559 3815 cundum
586 3771 680 3814 eas
724 3767 903 3828 partes
932 3770 1055 3827 qua)
1086 3754 1442 3812 substantiam
1468 3753 1700 3823 jungunt
1723 3792 1739 3819 ,
1773 3752 1825 3806 id
1858 3752 1916 3806 in

318 3850 566 3923 partibus
594 3849 993 3920 intelligendum
1022 3857 1105 3905 est
1132 3862 1254 3917 qua:
1284 3846 1707 3926 magnitudinem
1744 3858 1914 3914 copu-

321 3944 459 4011 lant,
488 3943 632 3999 velut
655 3944 848 4000 domus
873 3958 992 4014 quae
1021 3943 1388 4006 fundamento,
1422 3940 1717 4011 parietibus
1739 3949 1910 3995 tecto-

321 4052 432 4109 que
449 4037 807 4108 conjnngitur.
828 4037 963 4092 Nam
984 4051 1106 4091 cum
1129 4051 1192 4093 ea
1214 4036 1349 4091 nihil
1369 4036 1441 4091 sit
1465 4034 1622 4090 aliud
1641 4035 1742 4089 nisi
1766 4033 1911 4105 quod

326 4135 565 4207 partitus
592 4136 892 4205 copulatur,
921 4135 1035 4204 ipsa
1064 4145 1243 4191 tamen
1276 4150 1380 4189 una
1408 4135 1653 4207 quaedam
1685 4143 1801 4201 est,
1833 4142 1917 4189 at-

323 4243 433 4298 que
451 4228 758 4299 conjuncta,
800 4229 1015 4299 partitio
1043 4241 1173 4284 vero
1202 4228 1323 4300 ejus
1348 4244 1444 4299 per
1470 4229 1714 4301 quaedam
1746 4242 1917 4283 mem-

325 4321 424 4378 bra
449 4319 756 4377 distributio
781 4331 901 4388 est,
931 4331 1091 4392 atque
1120 4324 1240 4377 ideo
1271 4323 1396 4378 licet
1435 4334 1599 4378 unum
1640 4324 1739 4389 sit,
1772 4321 1915 4392 quod

324 4411 501 4485 Ipsum
532 4422 616 4469 est
657 4422 859 4481 totum,
892 4423 948 4469 et
974 4425 1103 4484 quot
1137 4424 1263 4469 sunt
1294 4424 1478 4485 partes
1520 4414 1760 4483 undique
1791 4428 1921 4468 con-

324 4508 587 4574 ﬂuentes,
621 4524 725 4564 non
757 4518 932 4564 tamen
970 4508 1218 4565 eumdem
1248 4523 1471 4565 necesse
1501 4518 1585 4565 est
1613 4508 1814 4563 habere
1842 4509 1923 4562 in-

328 4608 598 4666 tellectum
617 4651 634 4676 ,
659 4624 781 4665 cum
807 4609 979 4681 ipsum
1002 4610 1269 4680 integrum
1293 4609 1687 4677 consideratur,
1715 4618 1766 4665 et
1794 4625 1917 4666 cutn

330 4705 384 4759 in
414 4715 593 4775 partes
622 4706 765 4775 ipsas
817 4705 1009 4776 quibus
1041 4704 1284 4775 junctum
1322 4716 1406 4762 est
1446 4706 1807 4761 disnibnitur.
1840 4706 1916 4762 Ex

331 4807 458 4854 nota
504 4814 629 4855 vero
674 4799 822 4853 locus
852 4800 1191 4869 apertissime
1219 4802 1287 4855 ab
1317 4816 1382 4855 eo
1415 4802 1645 4856 termino
1672 4802 1920 4857 diversus

331 4898 444 4955 est,
476 4892 564 4958 qui
596 4891 649 4945 in
683 4890 977 4960 qnmstione
1007 4893 1331 4947 constitutus
1363 4902 1467 4949 est.
1504 4894 1635 4962 Quis
1664 4894 1807 4949 enim
1839 4893 1920 4949 di-

333 4988 421 5034 cat
465 4979 514 5034 id
564 4995 687 5036 esse
726 4980 1014 5052 cujuslibet
1058 4981 1135 5038 rei
1166 4983 1482 5038 vocabulum
1513 4987 1655 5054 quod
1688 4985 1799 5056 ipsa
1833 5000 1921 5042 res

335 5066 449 5138 est,
474 5086 633 5143 quam
658 5071 936 5142 designat?
962 5072 1031 5126 Eu
1057 5087 1184 5129 vero
1204 5089 1323 5143 qua:
1349 5075 1414 5128 ad
1444 5074 1494 5128 id
1520 5074 1588 5130 de
1616 5091 1723 5146 quo
1750 5076 1927 5147 agitur

336 5162 527 5219 allecta
571 5171 725 5226 sunt.
765 5174 819 5220 et
847 5166 893 5219 si
922 5174 1075 5221 extra
1110 5167 1281 5237 posita
1324 5168 1594 5237 videntur,
1637 5171 1925 5227 terminum

339 5266 515 5313 tamen
565 5261 619 5313 in
661 5260 956 5329 quaestione
995 5261 1324 5331 propositum
1357 5262 1501 5317 velut
1528 5280 1558 5319 e
1587 5263 1807 5333 regione
1838 5278 1926 5321 re-

336 5349 570 5419 spiciunt
594 5394 609 5417 ,
643 5367 763 5420 quae
803 5352 857 5407 in
890 5354 1082 5408 multas
1122 5353 1293 5410 secari
1338 5369 1563 5412 necesse
1603 5366 1686 5411 est
1725 5368 1922 5429 partes.

338 5443 527 5498 Omnis
554 5444 699 5499 enim
731 5460 838 5515 res,
873 5445 924 5500 id
953 5446 1095 5515 quod
1119 5456 1230 5512 est,
1256 5463 1419 5503 unum
1449 5458 1532 5505 est
1556 5490 1570 5515 ,
1597 5450 1760 5505 multa
1795 5465 1929 5508 vero

339 5536 558 5592 sibimet
603 5539 804 5595 retinet
830 5538 1112 5609 adjuncta,
1157 5556 1275 5612 quae
1315 5543 1417 5598 hoc
1445 5544 1622 5599 abhis
1662 5563 1778 5615 qua:
1810 5563 1929 5603 om.

340 5633 471 5687 nino
509 5634 843 5689 extrinsecus
897 5641 1024 5691 sunt
1076 5633 1296 5691 diﬁ'erre
1351 5637 1741 5709 intelliguntur,
1791 5641 1931 5711 quod

340 5734 407 5779 ea
455 5738 573 5795 qua:
620 5723 807 5782 nll'ecla
858 5735 1014 5795 sunt,
1065 5726 1116 5781 in
1167 5727 1432 5785 relatlonc
1474 5742 1595 5787 sum
1629 5735 1830 5802 posita,
1875 5738 1932 5792 ul

342 5820 468 5885 post
512 5820 569 5872 st
616 5809 851 5887 ipsarum
898 5812 1214 5889 promtus.
1264 5816 1321 5878 st
1366 5818 1740 5894 sumpturum
1795 5821 1933 5887 ratio

1612 6039 1643 6056 ς

2005 478 2265 534 relatione
2295 485 2419 532 snnt
2448 478 2733 532 consdtuta
2758 520 2771 543 ,
2808 486 2969 547 atque
3002 476 3121 532 idco
3170 480 3283 534 haec
3325 483 3571 541 extrinse-

2004 583 2099 624 cus
2144 568 2340 623 solum.
2372 566 2461 621 Illa
2508 583 2637 622 vero
2680 567 2797 621 all'et
2819 576 2868 621 ta
2898 577 3022 622 sunt
3062 581 3396 640 nuncUpata,
3432 573 3591 627 hab.-t

2004 664 2147 719 enim
2192 663 2424 733 aliquam
2472 663 2868 732 quodammodo
2911 664 3284 733 cognationem
3333 667 3397 721 ad
3438 667 3494 722 id
3522 668 3587 724 ad

2005 755 2146 826 quod
2174 754 2467 819 reducitur,
2502 752 2553 807 id
2578 753 2717 823 quod
2745 754 2974 808 refertur
3001 753 3067 808 ad
3094 755 3313 823 aliquid.
3347 756 3450 811 Sed
3478 774 3564 813 om
3587 789 3591 793 ι

2006 861 2102 902 nes
2132 845 2242 900 fere
2268 846 2367 899 hos
2398 844 2543 899 luco's
2570 858 2701 913 quos
2736 859 2876 899 nunc
2907 845 3179 915 simplices
3212 855 3370 916 atque
3399 846 3593 904 indivia

2006 954 2095 994 sos
2126 938 2295 1009 ponit,
2328 939 2625 1006 posteriore
2650 946 2874 991 tractatu
2900 936 3110 1005 dividit,
3138 947 3195 992 ut
3216 955 3354 995 nunc
3379 956 3592 1011 quoque

2005 1046 2101 1089 eos
2132 1033 2279 1087 locos
2305 1029 2393 1102 qui
2424 1031 2478 1084 in
2510 1031 2624 1100 ipso
2663 1042 2818 1101 sunt,
2854 1031 3155 1099 distribuit,
3203 1049 3324 1088 cum
3360 1025 3495 1090 silios
3525 1051 3593 1093 ex

2007 1134 2120 1180 toto
2150 1124 2261 1180 ﬁeri
2294 1123 2577 1194 proponit,
2610 1123 2745 1177 alios
2770 1139 2834 1177 ex
2864 1125 3135 1196 partibus,
3170 1127 3302 1181 alios
3331 1143 3395 1181 ex
3427 1138 3590 1197 nota,

2008 1216 2143 1271 alios
2181 1231 2246 1271 ex
2276 1213 2479 1270 allectis
2501 1255 2515 1279 ,
2547 1213 2841 1286 allectaque
2872 1216 2985 1285 ipsa
3017 1219 3128 1273 suis
3160 1220 3397 1289 partibus
3423 1233 3591 1278 secat.

2007 1304 2354 1361 Extrinsecus
2398 1320 2527 1361 vero
2558 1304 2751 1360 ‘locntn
2792 1308 2843 1360 in
2878 1308 3182 1362 testimonio
3214 1312 3444 1379 positum
3472 1327 3596 1368 esse

2008 1399 2326 1466 conﬁrmat,
2358 1397 2649 1453 testimonii
2680 1413 2807 1453 vero
2838 1398 2943 1453 vim
2972 1399 3025 1453 in
3054 1403 3370 1456 auctoritate
3398 1404 3595 1458 consti-

2010 1492 2143 1556 tuit,
2175 1489 2545 1545 auctoritatem
2587 1504 2715 1545 vero
2756 1488 2963 1545 diducit
3007 1491 3060 1545 itt
3102 1494 3342 1562 proprias
3384 1506 3590 1564 partes,

2008 1581 2107 1638 sed
2138 1578 2241 1635 hoc
2275 1581 2575 1651 posteriore
2607 1588 2837 1635 tractatu
2881 1580 3121 1650 liquebit.
3153 1582 3302 1639 Nunc
3345 1600 3474 1641 vero
3502 1601 3596 1643 eos

2010 1673 2283 1743 simplices
2333 1683 2496 1746 atque
2545 1673 2807 1730 indivisos
2851 1676 2998 1733 locos
3028 1679 3306 1748 proponit,
3350 1689 3406 1737 et
3430 1683 3599 1739 veluti

2008 1764 2340 1837 simplicibus
2363 1766 2543 1823 subdit
2562 1768 2825 1838 exempla.
2850 1768 3037 1826 Restat
3061 1782 3237 1828 autem
3265 1789 3407 1830 nunc
3428 1788 3596 1833 unum

2009 1858 2153 1930 quod
2192 1858 2402 1914 videtur
2428 1873 2548 1914 esse
2577 1860 2922 1930 quaerendum
2941 1902 2957 1928 ,
2985 1876 3055 1917 an
3087 1864 3141 1917 hi
3175 1863 3278 1920 loci
3310 1866 3403 1936 qui
3434 1865 3488 1921 in
3518 1868 3597 1923 loc

2011 1964 2104 2004 eos
2132 1949 2271 2006 alios
2299 1948 2636 2016 dividuntur,
2665 1965 2852 2006 eorum
2879 1966 3015 2021 quos
3042 1952 3181 2009 intra
3221 1968 3279 2010 se
3324 1957 3603 2014 continent

2015 2042 2256 2099 locorum
2280 2042 2380 2098 loci
2405 2057 2525 2098 esse
2554 2044 2783 2112 possint,
2813 2053 2867 2098 ut
2890 2059 3076 2101 eorum
3100 2046 3188 2117 qui
3212 2057 3340 2103 sunt
3364 2064 3431 2105 ex
3461 2058 3596 2120 toto,

2012 2148 2081 2189 ex
2105 2134 2369 2205 partibus,
2388 2150 2451 2189 ex
2478 2143 2623 2202 nota,
2642 2150 2711 2191 ex
2737 2136 2963 2203 allectis,
2986 2137 3031 2193 is
3052 2154 3190 2195 unus
3212 2140 3425 2210 quidam
3451 2144 3603 2214 quasi

2013 2226 2167 2284 locus
2194 2226 2295 2295 sit,
2325 2226 2415 2298 qui
2448 2236 2532 2283 est
2561 2227 2614 2282 in
2645 2228 2781 2298 ipso.
2813 2228 2959 2285 Nihil
2989 2231 3205 2302 quidem
3239 2248 3457 2303 prorsus
3485 2235 3604 2291 ol‘ﬁ-

2014 2328 2165 2375 ceret
2192 2320 2432 2376 locorum
2463 2322 2611 2375 locos
2639 2329 2828 2390 putare
2848 2362 2864 2387 ,
2899 2322 3014 2377 ﬁeri
3055 2324 3196 2378 enim
3234 2335 3414 2396 potest
3442 2336 3497 2382 ut
3527 2328 3604 2383 lc-

2012 2432 2109 2473 cus
2139 2416 2370 2487 amplior
2400 2416 2540 2471 intra
2569 2426 2742 2472 semet
2765 2418 3099 2488 angustiores
3128 2421 3402 2475 contineat
3432 2422 3599 2488 locos,

2013 2513 2165 2572 velut
2193 2512 2245 2569 in
2273 2511 2552 2584 provincia
2579 2511 2854 2578 civitates,
2883 2512 2976 2567 sed
3004 2528 3145 2569 nunc
3168 2514 3285 2569 haec
3310 2514 3605 2573 similitudo

1990 2621 2123 2664 non
2164 2605 2442 2661 convenit.
2489 2604 2666 2659 Locus
2696 2602 2841 2659 enim
2870 2613 2951 2661 est
2990 2619 3056 2659 ex
3085 2620 3192 2675 quo
3217 2605 3429 2661 ducitur
3455 2606 3507 2661 id
3550 2606 3607 2667 in

2014 2714 2120 2770 quo
2147 2703 2520 2769 argumentum
2543 2705 2622 2752 est
2650 2695 2901 2765 positum.
2928 2694 3080 2761 Quod
3106 2696 3153 2751 si
3180 2696 3281 2752 loci
3306 2697 3457 2753 locus
3484 2712 3607 2757 esse

2016 2799 2233 2860 posset,
2258 2796 2313 2845 et
2344 2789 2387 2843 is
2417 2788 2507 2857 qui
2536 2794 2621 2841 est
2647 2786 2702 2841 in
2744 2786 2864 2857 ipso
2894 2786 2962 2843 de
3002 2801 3110 2857 quo
3152 2788 3348 2858 agitur,
3378 2804 3471 2844 eos
3510 2788 3605 2859 qui

2014 2887 2141 2935 sunt
2184 2894 2251 2935 ex
2299 2887 2432 2945 toto,
2466 2877 2551 2933 vel
2593 2892 2657 2933 ex
2698 2877 2939 2947 partibus
2962 2917 2978 2943 ,
3009 2878 3095 2933 vel
3129 2893 3193 2934 ex
3225 2890 3384 2947 nota,
3419 2880 3505 2936 vel
3534 2896 3603 2939 ex

2015 2970 2248 3037 allectis,
2286 2970 2431 3025 velut
2456 2968 2671 3039 quidam
2702 2969 2850 3024 locus
2880 2968 3217 3039 includeret,
3251 2987 3357 3026 non
3386 2982 3605 3040 essent,

2016 3078 2080 3119 es
2125 3071 2258 3128 tom,
2307 3077 2369 3117 ex
2402 3060 2677 3132 partibus,
2709 3076 2776 3117 ex
2808 3070 2931 3115 nota
2953 3102 2967 3126 ,
3011 3062 3092 3117 vel
3124 3078 3189 3118 ex
3220 3062 3424 3121 allectis
3464 3065 3605 3134 loci,
3666 3052 3669 3053 7

2018 3154 2115 3211 sed
2144 3156 2459 3226 argumenta
2485 3152 2737 3224 quoniam
2769 3152 2821 3208 in
2852 3169 2919 3209 eo
2950 3154 3218 3212 haererent
3247 3156 3389 3224 loco,
3428 3153 3515 3225 qui
3548 3158 3606 3216 in

2019 3263 2087 3305 eo
2122 3247 2237 3319 ipso
2265 3247 2333 3303 de
2363 3262 2471 3317 quo
2508 3247 2681 3317 agitur
2724 3248 2954 3302 termino
3001 3249 3446 3320 esse,pr:cdictus
3488 3261 3604 3316 est;

2016 3356 2124 3399 non
2151 3341 2309 3413 igitur
2332 3340 2480 3395 locns
2498 3354 2618 3395 esse
2646 3340 2845 3409 poterit
2872 3340 2994 3407 loci,
3023 3343 3116 3396 sed
3150 3343 3296 3397 velut
3321 3357 3518 3414 genera
3547 3343 3602 3399 in

2016 3433 2247 3504 species.
2279 3433 2353 3486 lta
2381 3445 2525 3486 nunc
2567 3431 2637 3486 sit
2666 3430 2859 3486 divisio
2890 3431 3159 3497 locorum,
3186 3449 3286 3489 nec
3315 3435 3417 3489 hoc
3444 3451 3603 3503 supe-
3698 3446 3703 3449 ‘

2016 3525 2132 3579 rius
2162 3523 2325 3578 dictis
2356 3520 2600 3577 videatur
2630 3536 2750 3577 esse
2779 3524 3139 3589 contrarium,
3171 3538 3292 3579 cum
3336 3534 3388 3579 et
3434 3526 3606 3581 maxi-

2020 3632 2137 3675 mas
2165 3614 2558 3687 propositiones
2577 3656 2592 3680 ,
2621 3624 2673 3670 et
2698 3630 2882 3670 earnm
2910 3615 3239 3672 diﬁ‘erentias
3265 3618 3605 3676 cantinentes

2015 3709 2287 3768 Communi
2320 3707 2536 3763 nomine
2564 3707 2950 3777 appellavimus
2982 3708 3150 3764 locos.
3194 3709 3324 3765 Nam
3356 3714 3604 3770 maxima

2018 3799 2443 3873 propositiones,
2477 3799 2601 3855 licet
2636 3814 2701 3855 eo
2731 3800 2848 3869 ipso
2879 3816 2986 3870 quo
3017 3793 3264 3858 maximae
3297 3804 3405 3859 sint
3431 3805 3604 3860 inclu-

2019 3894 2147 3951 dant
2186 3902 2409 3949 exteras
2442 3902 2496 3948 et
2528 3903 2788 3949 vocentur
2827 3893 2960 3960 loci,
2994 3903 3171 3951 tamen
3200 3898 3319 3968 quia
3351 3910 3477 3954 sunt
3509 3915 3605 3955 no—

2021 3988 2244 4046 tissimaa
2293 3995 2515 4058 possunt
2563 3986 2725 4043 rebus
2760 3988 2935 4044 dubiis
2964 4004 3085 4046 esse
3113 4002 3442 4060 argumenta.
3477 3994 3609 4052 iure

2021 4081 2181 4153 igitur
2208 4098 2392 4138 earum
2414 4081 2734 4139 diﬂ'erentia:
2757 4083 2857 4139 loci
2888 4085 3254 4150 nominantur,
3279 4088 3419 4156 quod
3449 4088 3501 4143 in
3532 4089 3611 4144 lo-

2021 4190 2204 4232 corum
2253 4176 2577 4244 Speciebus,
2609 4175 2763 4231 aliter
2808 4192 2931 4231 sese
2978 4176 3173 4242 habet,
3218 4194 3337 4248 quae
3384 4194 3609 4249 prorsus

2021 4274 2334 4337 argumenta
2368 4281 2489 4322 esse
2515 4282 2620 4321 non
2652 4276 2909 4336 possunt:
2933 4283 3058 4324 nam
3089 4269 3140 4323 in
3171 4268 3287 4340 ipso
3316 4270 3469 4327 locus
3499 4274 3610 4328 vel-

2025 4369 2081 4415 ut
2122 4360 2172 4413 in
2218 4358 2426 4428 species
2465 4354 2723 4428 quasdam
2775 4358 3028 4415 dividitur
3058 4360 3111 4415 in
3141 4376 3236 4417 eos
3264 4341 3353 4433 qui
3388 4374 3505 4418 sunt
3538 4379 3610 4421 ex

2026 4461 2160 4519 toto,
2193 4466 2256 4507 ex
2292 4452 2565 4522 partibus,
2597 4467 2663 4508 ex
2694 4460 2848 4519 nota,
2880 4469 2946 4509 es
2976 4454 3202 4511 allectis.
3241 4456 3615 4530 Unusquisque

1950 4546 2170 4643 Denim
2204 4544 2397 4601 borum
2450 4546 2688 4601 locorum
2738 4547 2893 4616 primi
2935 4549 3040 4604 loci
3090 4550 3354 4624 integrum
3405 4555 3616 4611 videtur

2029 4636 2173 4693 ferre
2200 4637 2517 4692 vocabulum
2538 4678 2555 4706 ,
2588 4654 2710 4692 nam
2740 4647 2798 4694 ut
2828 4639 3099 4696 hominem
3125 4645 3327 4700 animal
3356 4646 3610 4714 dicimus,

2031 4732 2264 4802 itemque
2309 4746 2505 4797 equum
2561 4741 2721 4802 atque
2776 4732 2968 4790 bovem
3022 4737 3276 4792 animalia
3338 4756 3614 4811 nuncupa-

2033 4839 2151 4878 mns
2175 4864 2189 4889 ,
2217 4823 2295 4877 sic
2322 4824 2367 4893 is
2387 4823 2536 4878 locus
2563 4825 2653 4895 qui
2677 4840 2742 4880 ex
2771 4834 2883 4882 toto
2907 4838 2990 4883 est
3022 4829 3074 4884 in
3102 4829 3220 4900 ipso
3249 4846 3368 4886 esse
3397 4832 3618 4900 dicitur,

2034 4916 2267 4984 itemque
2294 4915 2383 4984 qui
2416 4930 2480 4969 ex
2506 4916 2745 4987 partibus
2774 4932 2837 4973 ac
2866 4929 3023 4987 nota,
3051 4930 3209 4990 atque
3237 4937 3300 4978 ex
3330 4922 3534 4979 allectis
3566 4925 3619 4980 in

2032 5008 2149 5078 ipso
2177 5004 2322 5062 sunt.
2355 5005 2464 5062 Sed
2495 5023 2561 5063 es
2614 5007 2697 5065 his
2737 5009 2868 5067 locis
2906 5022 3223 5083 argumenta
3250 5014 3465 5085 quidem
3498 5015 3619 5072 dnci

2036 5098 2299 5170 possibile
2330 5106 2443 5167 est,
2476 5099 2590 5171 ipsa
2621 5116 2751 5159 vero
2779 5094 3092 5175 argumenta
3123 5114 3181 5159 ut
3207 5104 3343 5171 sint,
3376 5104 3490 5161 ﬁeri
3521 5123 3621 5164 ne-

2033 5192 2165 5262 quit.

2108 5282 2214 5339 Sed
2260 5284 2327 5336 ad
2369 5284 2423 5337 id
2467 5294 2629 5339 totum
2660 5288 2723 5340 de
2752 5304 2853 5358 quo
2893 5288 3181 5352 disseritur,
3232 5304 3347 5342 cum
3393 5289 3625 5361 deﬁnitio

2035 5372 2326 5439 adhibetur,
2367 5376 2512 5443 quasi
2559 5376 2841 5433 involutum
2892 5378 3067 5432 evolvit
3107 5379 3159 5431 id
3197 5378 3261 5434 de
3298 5398 3397 5451 quo
3433 5385 3628 5453 quieris

2036 5477 2137 5522 tur.
2174 5467 2306 5536 Ejus
2335 5471 2622 5541 argumenti
2650 5472 2766 5526 talis
2792 5482 2863 5525 est
2903 5472 3127 5542 formula
3174 5486 3195 5528 :
3240 5475 3338 5528 Jus
3373 5477 3516 5531 civile
3551 5486 3626 5532 est

2036 5560 2251 5629 aquilas
2302 5564 2578 5616 constituta
2624 5564 2701 5617 In's
2743 5566 2829 5633 qui
2869 5564 3100 5635 ejusdem
3141 5568 3356 5624 civitatis
3396 5580 3513 5626 sunt
3555 5571 3628 5627 ad

2040 5663 2120 5706 res
2152 5668 2271 5707 suus
2298 5654 2615 5708 obtinendas.
2652 5652 2782 5719 Eius
2810 5665 2976 5708 autem
3004 5658 3258 5727 aequitatis
3290 5663 3426 5716 utilis
3454 5665 3626 5735 cogni-

2042 5744 2112 5797 tio
2142 5749 2234 5798 est.
2272 5738 2422 5799 Utilis
2453 5757 2568 5815 ergo
2599 5750 2670 5799 est
2693 5740 2829 5815 juris
2861 5744 3022 5802 ciuilis
3047 5752 3278 5808 scientia.

2041 5835 2076 5905 δέ
2114 5822 2243 5892 lion
2270 5827 2509 5894 lusorum
2541 5825 2781 5894 bifariam
2808 5830 3159 5917 divisionem,
3190 5834 3243 5903 tu
3270 5838 3389 5921 ipso
3415 5840 3627 5907 stilltst
