4036 6336
417 252 557 349 i059

1646 277 1759 335 an.
1799 277 2009 337 uANL.
2046 252 2199 335 scr.
2240 250 2481 353 socru

3543 266 3715 344 iove:

421 403 493 461 de
522 416 627 472 quo
656 400 847 473 agitur,
877 407 932 456 et
952 396 1285 454 extrinsecus
1308 392 1601 465 positorum
1620 435 1635 460 ,
1665 392 1893 461 partitus
1914 398 1999 445 est
2024 390 2072 451 Α
2098 389 2186 459 jus
2212 382 2368 446 civile
2395 400 2449 445 et
2476 404 2660 447 rursus
2698 388 2919 449 scientia
2954 392 3101 451 utilis
3138 393 3383 465 quidam
3410 400 3682 453 sunt‘ora-

417 511 540 551 enm
573 495 746 548 locum
790 490 879 561 qui
922 497 1004 544 est
1046 488 1097 543 in
1139 490 1252 557 ipso
1293 487 1343 540 in
1386 493 1615 556 quatuor
1640 483 1911 547 membra,
1943 482 1994 535 id

421 597 501 643 est
534 604 562 640 a
597 594 739 648 tuto,
772 598 800 636 a
831 583 1057 652 partium
1101 581 1534 644 enumeratione,
1570 593 1597 630 a
1631 586 1786 640 nota,
1821 576 1888 629 ab
1914 574 1996 628 ai-

417 683 589 735 Ιιοιςιίε.
646 676 792 730 Nunc
837 675 995 744 igitur
1044 681 1358 740 anteaquam
1408 670 1610 724 dividat
1656 684 1775 723 eum
1821 667 1997 721 locum

417 787 574 838 qttt‘ltt
626 767 691 820 ab
738 764 941 818 alTectis
982 778 1101 818 esse
1135 764 1441 832 preposuit,
1475 761 1806 828 superiorum
1839 760 1996 812 trium

416 876 549 930 quos
577 861 625 911 in
657 857 827 924 primo
858 856 1070 909 interim
1108 863 1332 908 tractatu
1361 854 1579 907 minime
1605 852 1867 905 divisurus
1894 859 1996 917 est,

417 951 507 1003 sed
544 946 843 1000 individuus
874 946 1178 1009 relicturus,
1206 943 1450 1012 exempla
1484 942 1754 1009 supponit.
1786 941 1845 995 lli
1872 955 1999 996 vero

417 1049 539 1093 sunt
569 1053 595 1090 a
626 1048 754 1100 toto,
782 1052 809 1088 a
835 1035 1099 1104 partibus,
1129 1048 1158 1086 a
1187 1041 1339 1097 nota;
1366 1046 1429 1085 ac
1455 1032 1520 1086 de
1547 1047 1611 1085 eo
1636 1031 1849 1101 quidem
1880 1031 1999 1085 loco

417 1128 507 1198 qui
540 1126 620 1181 est
649 1142 678 1179 a
724 1137 834 1180 toto
880 1124 951 1198 ita
982 1123 1232 1177 disseruit
1288 1138 1347 1176 ac
1379 1121 1685 1191 disputavit.
1721 1121 1888 1188 Tum,
1920 1122 1999 1175 in-

417 1196 566 1292 quit,
599 1221 824 1275 dicimus
854 1196 1023 1272 a'toto
1053 1217 1230 1271 locum
1261 1214 1557 1285 argumenti
1589 1215 1802 1285 quando
1828 1223 1998 1269 totum

419 1302 547 1370 illud
598 1312 735 1383 quod
789 1313 838 1364 in
889 1308 1187 1378 quastione
1248 1309 1478 1378 positum
1542 1317 1625 1362 est
1684 1306 2000 1363 diﬂinitione

419 1405 852 1473 complectimur,
884 1417 1002 1472 qua:
1046 1400 1294 1455 dil'ﬁnitio
1337 1400 1415 1454 rei
1456 1398 1631 1453 dubia:
1660 1398 1727 1454 de
1756 1413 1861 1468 qua
1889 1399 1999 1469 agi-

421 1510 508 1554 tur
532 1499 654 1552 lat-it
687 1496 864 1551 iidem.
897 1494 1001 1550 Sed
1031 1494 1277 1547 diiﬁnitio
1302 1495 1495 1559 omnis,
1530 1502 1587 1546 ut
1609 1494 1855 1562 superius
1878 1506 2001 1561 quo-

420 1598 524 1659 que
566 1590 765 1643 dictum
794 1599 905 1649 est,
938 1586 989 1640 id
1019 1586 1157 1655 quod
1190 1586 1403 1640 nomine
1430 1587 1665 1638 involute
1694 1578 2001 1654 designatur

423 1682 626 1738 evolvit
656 1690 709 1734 ct
738 1680 997 1747 explicat,
1045 1687 1202 1747 atque
1235 1678 1353 1731 ideo
1386 1692 1488 1731 non
1540 1677 1796 1731 terminus
1828 1677 1917 1746 qui
1947 1679 2000 1731 in

2104 480 2273 534 tiones
2295 497 2428 550 quas
2460 483 2597 537 inter
2627 484 2884 538 terminos
2901 484 3244 541 collocamus.
3271 485 3387 541 Non
3411 487 3552 541 enim
3564 502 3683 542 om-

2102 573 2185 628 nis
2213 574 2473 629 terminus
2513 576 2737 645 simplici
2782 576 3042 651 orationis
3086 589 3236 642 parte
3261 581 3553 649 profertur,
3586 581 3682 635 sed

2100 664 2379 734 aliquoties
2418 667 2688 722 orationes
2722 668 2941 738 integra:
2968 669 3021 723 in
3054 670 3299 724 terminis
3328 672 3673 725 coiistituun-

2102 765 2206 810 tur.
2244 757 2300 809 In
2333 757 2429 811 hac
2458 757 2615 826 igitur
2642 759 3103 827 argumentatione
3136 762 3365 815 maxima
3395 776 3458 816 ac
3497 777 3592 831 per
3618 777 3684 818 se

2103 855 2225 900 nota
2259 849 2549 916 propositio
2587 859 2669 903 est
2709 864 2769 903 ea
2811 864 2904 918 per
2933 854 3091 920 quam
3121 851 3469 921 intelligimus
3501 855 3683 907 omnia

2102 952 2222 1006 qua:
2260 939 2558 994 diilinitioni
2601 941 2828 1010 alicujus
2872 942 3293 1013 conjunguntur,
3325 945 3439 1014 ipsa
3468 961 3687 1015 quoque

2103 1028 2210 1084 illis
2223 1044 2447 1099 quorum
2473 1030 2713 1086 definitio
2737 1041 2919 1101 est,ex
2950 1037 3273 1091 necessitate
3296 1023 3557 1103 ecpulari.
3589 1040 3689 1093 Se—

2102 1118 2284 1187 quitur
2310 1119 2452 1172 enim
2483 1134 2603 1174 cum
2634 1120 2881 1177 diilinitio
2919 1123 3057 1191 juris
3086 1124 3259 1179 civilis
3300 1124 3412 1180 utili
3440 1126 3690 1180 scientia

2104 1212 2274 1281 possit
2313 1212 2567 1283 adjungi,
2605 1213 2711 1283 juri
2752 1230 2970 1284 quoque
3006 1216 3149 1271 civili
3192 1217 3372 1273 utilem
3404 1220 3690 1274 scientiam

2104 1312 2260 1373 posse
2303 1306 2571 1373 copulari;
2602 1316 2685 1360 est
2715 1306 2875 1376 igitur
2906 1308 3007 1363 hoc
3035 1318 3406 1378 argumentum
3452 1320 3688 1369 tractum

2104 1396 2172 1449 ab
2208 1412 2275 1451 eo
2304 1396 2421 1451 loco
2449 1398 2537 1467 qui
2578 1408 2662 1452 est
2691 1400 2755 1452 iu’
2777 1400 2914 1468 ipso.
2944 1401 3135 1456 Omnis
3173 1402 3319 1457 enim
3347 1401 3601 1457 difﬁnitio
3632 1406 3687 1459 in

2106 1502 2173 1540 eo
2203 1487 2432 1541 termino
2459 1498 2543 1542 est
2569 1504 2725 1557 quem
2754 1489 2980 1553 diitinit,
3013 1492 3202 1546 eodem
3234 1501 3413 1547 autem
3444 1470 3565 1546 ιιῗεο
3590 1494 3687 1560 qui

2106 1578 2165 1632 in
2202 1580 2316 1648 ipso
2359 1591 2436 1634 es:
2459 1619 2475 1644 ,
2509 1590 2563 1634 et
2586 1595 2616 1634 a
2640 1589 2772 1634 toto.
2801 1581 2989 1636 Omnis
3037 1584 3183 1637 enim
3223 1584 3474 1638 diitiuitio
3518 1593 3690 1639 totum
3724 1640 3725 1643 η

2107 1683 2372 1728 monstrat
2398 1682 2562 1743 atque
2590 1678 2782 1742 aperit.
2817 1676 3042 1730 Maxima
3075 1677 3368 1745 propositio
3392 1677 3526 1731 hac.
3553 1678 3690 1745 Qui-

422 1770 741 1828 diflinitione
771 1769 1003 1841 ponitur,
1041 1769 1131 1823 sed
1164 1784 1279 1838 qum
1327 1772 1377 1822 in
1423 1769 1538 1839 ipso
1581 1778 1733 1830 sunt,
1782 1766 2003 1838 poSsunt
2030 1771 2080 1831 B
2109 1765 2205 1818 bus
2232 1766 2532 1835 aliquorqu
2565 1764 2814 1819 difiinitio
2834 1765 3097 1835 jungitur,
3132 1766 3335 1821 eisdem
3380 1768 3690 1823 necessario

421 1864 749 1935 argumentis
781 1872 1034 1931 prmstare
1066 1863 1365 1916 materiam.
1402 1862 1535 1915 Sunt
1563 1873 1739 1915 autem
1776 1862 1828 1915 in
1862 1876 1996 1914 uno-

422 1971 631 2029 qtthue
662 1956 891 2024 proprim
923 1954 1291 2008 dilﬁnilioues.
1324 1955 1575 2008 Dilliuitio
1605 1957 1746 2010 enim
1778 1965 1858 2009 est
1882 1970 2002 2009 ora-

422 2049 497 2103 tio
543 2047 891 2101 substuntiam
931 2045 1348 2116 uniuscujusque
1399 2046 1736 2115 signiﬁcans;
1770 2045 1909 2115 quod
1956 2046 2001 2100 si

426 2136 495 2190 ab
525 2149 841 2206 unaquaque
875 2150 931 2189 re
962 2136 1172 2204 propria
1202 2137 1498 2191 substantia
1528 2153 1629 2191 non
1664 2138 1901 2203 recedit,
1938 2150 2004 2193 ne

425 2225 677 2281 dil‘linitio
703 2226 919 2295 quidem
966 2226 1203 2292 recedit,
1235 2237 1319 2283 est
1346 2242 1474 2296 ergo
1516 2228 1763 2283 ditlinitio
1802 2230 1854 2283 in
1888 2229 2004 2297 ipso

425 2319 657 2373 termino
680 2316 748 2372 de
770 2330 874 2387 quo
898 2318 1091 2385 agitur,
1121 2334 1237 2387 qua:
1260 2318 1499 2374 deﬁnitio
1524 2330 1688 2375 totum
1717 2322 2003 2376 terminum

430 2422 649 2462 necesse
680 2418 762 2461 est
791 2408 1246 2477 comprehendat,
1275 2424 1445 2478 neque
1475 2410 1618 2464 enim
1650 2421 1852 2479 partem
1880 2412 2005 2466 sub-

423 2500 657 2564 stantiae,
681 2498 774 2553 sed
799 2499 960 2553 totius
983 2500 1193 2553 termini
1219 2500 1568 2555 substantiam
1597 2511 1874 2555 monstrat.
1902 2502 2007 2557 Sed

429 2589 681 2660 quoniam
712 2605 773 2645 ex
805 2603 867 2645 ea
896 2590 1218 2646 diliinitione
1251 2592 1381 2647 lides
1410 2592 1465 2647 lit
1498 2595 1573 2648 rei
1602 2595 1808 2662 dubize,
1846 2596 2010 2650 trahi-

425 2688 516 2736 tur
541 2696 606 2736 ex
629 2680 950 2736 diliinitione
978 2690 1372 2752 argumentum,
1397 2700 1515 2753 qua:
1541 2685 1792 2741 dil'linitio
1813 2689 1865 2742 in
1894 2690 2029 2757 ipso"

427 2774 657 2829 termino
680 2783 761 2829 est
784 2775 852 2830 de
872 2789 978 2845 quo
1005 2777 1201 2845 agitur,
1232 2787 1286 2831 et
1315 2777 1431 2847 ejus
1465 2780 1677 2835 termini
1706 2776 1871 2836 totum
1902 2785 2005 2837 est‘.

425 2868 605 2937 Itaque
652 2879 1022 2937 argumentum
1071 2868 1212 2938 quod
1262 2884 1291 2921 a
1335 2868 1653 2927 dillinitione
1684 2870 1913 2936 ducitur,
1941 2874 2009 2929 ab

423 2976 489 3013 eo
520 2958 733 3013 ducitur
759 2960 876 3014 loco
901 2960 991 3029 qui
1024 2960 1073 3014 in
1110 2962 1227 3030 ipso
1256 2962 1483 3017 termino
1512 2975 1623 3030 est,
1654 2964 1743 3033 qui
1777 2965 1829 3020 in
1862 2982 2027 3036 quae-'

423 3052 596 3104 stione
626 3057 709 3105 est
731 3049 1042 3104 collocatus.
1072 3051 1175 3106 Sed
1204 3053 1451 3119 quoniam
1481 3054 1632 3107 inulti
1669 3056 1767 3109 loci
1801 3064 1924 3110 sunt
1955 3057 2006 3113 in

2106 1870 2169 1910 ea
2198 1872 2316 1925 qua:
2344 1857 2679 1911 diiiiniuntur
2707 1867 2973 1926 aptantur.

2142 2004 2145 2005 ,
2176 1947 2306 2001 Tum
2334 1950 2556 2019 partium
2582 1949 2913 2013 enumeratio,
2943 1964 3054 2017 qua:
3088 1957 3334 2003 tractatur
3354 1950 3449 2003 hoc
3472 1952 3632 2005 modo
3660 1966 3683 2006 :

2109 2040 2169 2094 Si
2197 2056 2359 2110 neque
2386 2057 2560 2108 censu,
2601 2056 2759 2111 neque
2791 2041 3013 2095 vindicta
3035 2080 3049 2105 ,
3081 2057 3241 2111 neque
3272 2050 3589 2109 testamento,
3624 2041 3694 2096 li-

2106 2136 2191 2190 ber
2212 2137 2379 2206 factus
2400 2145 2494 2199 est,
2518 2150 2715 2191 nonest
2747 2136 2875 2190 liber
2894 2151 2914 2191 :
2941 2152 3030 2189 nec
3060 2136 3170 2190 ulla
3197 2145 3267 2189 est
3287 2152 3462 2189 earum
3482 2152 3690 2204 rerum;
3716 2208 3721 2209 γ

2108 2244 2211 2281 non
2241 2238 2313 2282 est
2343 2228 2503 2297 igitur
2534 2227 2679 2282 liber.
2822 2280 2825 2283 γ
2916 2278 2921 2289 κ
3282 2292 3283 2299 γ

2144 2370 2151 2373 _
2183 2322 2263 2376 Sit
2284 2320 2511 2389 quaestio
2536 2329 2712 2374 utrum
2744 2320 2938 2389 aliquis
2978 2336 3136 2388 quem
3167 2335 3387 2377 servum
3416 2337 3536 2377 esse
3560 2338 3725 2391 C(tn-_

2112 2413 2344 2477 stiterit,
2375 2413 2444 2465 sit
2472 2412 2628 2466 liber.
2654 2412 2917 2476 Quoniam
2966 2411 3196 2469 l‘aciendi
3242 2416 3396 2470 liberi
3425 2425 3531 2471 tres
3564 2423 3721 2485 sunt,

2112 2515 2312 2574 partes.
2349 2504 2460 2561 Una
2489 2505 2707 2576 quidem
2732 2514 2791 2559 ut
2817 2520 2985 2565 censu
3016 2507 3156 2560 liber
3182 2506 3700 2573 iiat,,censebantur

2115 2601 2259 2653 enim
2290 2597 2583 2666 antiquitus
2613 2598 2713 2651 soli
2737 2598 2883 2652 cives
2914 2598 3162 2652 Romani.
3188 2599 3241 2653 Si
3272 2600 3391 2668 quis
3411 2618 3539 2673 ergo
3569 2618 3699 2656 cou-

2114 2701 2375 2757 sentiente
2405 2700 2493 2754 vel
2534 2699 2758 2768 jubente
2803 2700 3051 2761 domino.
3083 2716 3275 2755 nomen
3321 2702 3603 2757 detulisset
3643 2704 3703 2763 in

2115 2796 2334 2849 censum
2359 2836 2376 2861 ,
2416 2793 2549 2848 civis
2570 2792 2844 2849 Romanus
2891 2794 3050 2850 ﬁebat
3092 2804 3147 2850 et
3182 2796 3455 2850 servitutis
3486 2797 3709 2852 vinculo

2114 2886 2453 2946 solvebatur.
2498 2893 2659 2954 atque
2692 2886 2791 2938 hoc
2819 2896 2936 2939 erat
2963 2901 3126 2953 censu
3159 2886 3271 2941 ﬁeri
3312 2888 3534 2943 liberum
3554 2929 3572 2953 ,
3606 2903 3707 2954 per

2114 2991 2430 3032 consensum
2455 2975 2657 3032 domini
2681 2990 2877 3032 nomen
2904 2978 2961 3032 in
2983 2992 3203 3034 censum
3227 2976 3457 3040 deferre.
3482 2990 3536 3037 et
3557 2977 3707 3036 επὶιί

2114 3073 2285 3125 civem
2316 3072 2642 3126 Romanum.
2670 3069 2797 3124 Erat
2817 3069 2976 3124 etiam
3004 3085 3128 3139 pars
3150 3070 3314 3125 altera
3343 3069 3703 3149 adipiscendm

425 3142 564 3212 ipso,
609 3142 693 3197 hic
725 3145 872 3199 locus
902 3159 932 3197 a
965 3153 1075 3197 toto
1105 3151 1205 3198 est.
1240 3143 1495 3199 Difﬂuitio
1523 3146 1665 3201 enim
1696 3157 1862 3202 totum
1896 3158 2005 3203 ter-
2037 3166 2085 3231 ε
2118 3166 2403 3229 ubertatis,
2439 3179 2558 3234 quae
2592 3163 2826 3217 vindicta
2850 3163 3141 3218 vocabatur
3166 3180 3179 3217 :
3203 3162 3435 3218 vindicta
3466 3177 3597 3218 vero
3619 3144 3709 3219 est

430 3234 633 3289 mitium
658 3235 1085 3305 comprehendit,
1110 3245 1267 3305 atque
1290 3235 1342 3291 id
1366 3237 1507 3306 quod
1531 3238 1771 3295 involute
1795 3242 2011 3298 nomine

429 3328 851 3399 signiﬁcabatur,
883 3328 1085 3383 evolvit”
1110 3336 1270 3399 atque
1301 3330 1505 3399 aperit,
1546 3333 1662 3400 ejus
1713 3336 2009 3402 argumenti

428 3421 547 3475 talis
574 3428 656 3475 est
683 3420 931 3473 formula.
960 3418 1054 3474 Jus
1078 3420 1233 3475 civile
1257 3430 1339 3475 cst
1366 3425 1589 3490 aequitas
1616 3425 1903 3479 constituta
1928 3425 2011 3480 his

426 3510 516 3578 qui
547 3510 787 3579 ejusdem
832 3510 1060 3565 civitatis
1100 3520 1225 3565 sunt
1269 3512 1334 3565 ad
1369 3527 1456 3567 res
1489 3529 1612 3568 suas
1659 3517 2007 3584 obtinendas,

424 3600 541 3670 ejus
567 3610 741 3655 autem
768 3602 1035 3670 aequitatis
1062 3604 1206 3658 utilis
1231 3614 1312 3659 est
1332 3607 1585 3672 cognitio,
1621 3608 1763 3662 utilis
1783 3618 2012 3681 estergo

419 3692 558 3763 juris
593 3695 768 3749 civilis
800 3694 1042 3748 scientii.
1079 3695 1171 3749 Est
1211 3698 1352 3752 enim
1382 3699 1609 3767 quaestio
1630 3742 1643 3765 ,
1675 3716 1740 3755 an
1771 3701 1906 3771 juris
1936 3706 2013 3757 ci-

427 3788 546 3841 vilis
576 3787 903 3841 srientia'sit
936 3787 1109 3852 utilis,
1141 3789 1225 3842 hic
1256 3790 1414 3858 igitur
1447 3790 1533 3859 jus
1574 3793 1728 3846 civile
1756 3796 2012 3864 supponi-

427 3889 530 3937 tur.
567 3880 709 3933 ut.lis
740 3879 963 3934 scientia
1013 3882 1351 3948 prtedicatnr.
1387 3887 1654 3950 Qumritur
1684 3902 1809 3955 ergo
1846 3903 1911 3941 an
1960 3888 2010 3943 id

431 3971 577 4045 quod
610 3973 949 4043 prtedicatur,
983 3989 1107 4029 vere
1136 3977 1303 4045 possit
1333 3978 1610 4033 adlia'rerc
1635 3980 1891 4049 subjecto.
1925 3981 2012 4051 lp-

427 4080 544 4120 sutn
579 4065 736 4134 igitur
762 4066 848 4133 jus
875 4067 1033 4122 civile
1067 4084 1170 4122 non
1205 4080 1391 4137 potero
1422 4073 1484 4124 ad
1518 4085 1888 4142 argumentum
1920 4090 2013 4130 vo-

428 4171 589 4222 care,
620 4158 687 4213 de
732 4173 797 4214 eo
843 4164 987 4215 eum
1033 4165 1260 4231 quaestio
1308 4168 1591 4221 constituta
1633 4178 1747 4232 est;
1783 4170 2013 4239 reSpicio

431 4250 593 4320 igitur
621 4250 749 4320 quid
777 4252 826 4306 ei
855 4254 924 4306 sit
954 4254 1167 4308 insitum
1190 4298 1202 4320 ,
1236 4257 1389 4311 video
1416 4260 1669 4329 quoniam
1704 4263 1878 4315 omnis
1907 4262 2013 4317 dif.

429 4341 600 4395 iluitio
625 4342 692 4397 ab
719 4356 784 4398 eo
814 4357 916 4397 non
942 4347 1257 4416 sejungitur,
1292 4350 1444 4420 cujus
1472 4361 1553 4407 est
1575 4352 1824 4410 dil‘tinitio
1848 4399 1861 4424 ,
1891 4372 1957 4411 ne
1982 4371 2013 4411 a

421 4430 547 4503 jure
584 4435 724 4489 civili
762 4435 976 4505 quidem
1010 4440 1278 4509 propriam
1309 4441 1677 4499 dil‘linitionem
1724 4461 1881 4513 posse
1914 4449 2013 4501 ab-

2118 3252 2314 3336 virguin
2347 3263 2589 3333 quaedam
2617 3278 2777 3334 quam
2812 3263 2973 3318 lictor
3000 3263 3412 3318 manumittendi
3433 3270 3578 3319 servi
3609 3278 3709 3319 ca-

2116 3359 2207 3428 piti
2247 3359 2554 3427 imponens.
2587 3355 2839 3411 eumdem
2867 3370 3083 3409 servum
3115 3355 3167 3408 in
3199 3355 3499 3410 libertatem
3528 3356 3705 3410 vindi-

2114 3448 2298 3513 cabat,
2347 3448 2534 3501 dicens
2581 3447 2823 3516 quaedam
2853 3445 3014 3499 verba
3063 3445 3363 3511 solemnia,
3393 3454 3555 3517 atque
3583 3447 3707 3503 ideo

2114 3540 2199 3596 illa
2231 3540 2434 3608 virgula
2467 3540 2695 3592 vindicta
2742 3537 3046 3605 vocabatur.
3094 3537 3190 3592 Illa
3245 3537 3413 3594 etiam
3465 3552 3590 3607 pars
3617 3535 3704 3593 l'ao

2114 3637 2287 3691 cieudi
2320 3636 2472 3690 liberi
2492 3643 2594 3698 est,
2619 3635 2665 3689 si
2708 3636 2827 3703 quis
2867 3649 3121 3704 suprenta
3154 3635 3425 3690 voluntate
3453 3636 3504 3689 in
3539 3642 3713 3690 testa-

2116 3729 2277 3783 menti
2312 3728 2452 3782 serie
2489 3741 2705 3781 servum
2749 3740 2906 3780 suum
2949 3726 3174 3789 liberum
3216 3727 3519 3794 scripserit.
3569 3726 3709 3794 Qua

2115 3819 2369 3891 quoniam
2396 3826 2576 3886 partes
2614 3827 2741 3872 sunt
2768 3818 2920 3873 liberi
2944 3816 3195 3883 faciendi,
3220 3817 3267 3872 si
3293 3820 3415 3887 quis
3440 3818 3702 3887 aliquem,

2117 3922 2275 3977 quem
2296 3921 2508 3961 servum
2539 3904 2705 3959 fuisse
2732 3905 3053 3969 constiterit,
3084 3912 3389 3960 monstrare
3417 3905 3549 3959 velit
3596 3921 3705 3961 non

2117 4015 2237 4056 esse
2270 4000 2497 4053 liberum
2539 3999 2734 4052 iactum
2754 4039 2771 4063 ,
2803 3997 2975 4063 dicet,
3006 3998 3053 4052 si
3092 4012 3267 4067 neque
3295 4011 3492 4063 censu,
3526 4012 3708 4071 neque

2118 4096 2372 4159 vindicta,
2403 4108 2579 4164 neque
2602 4102 2946 4169 testamento,
2986 4094 3123 4149 liber
3151 4092 3327 4149 factus
3347 4103 3452 4158 est,
3484 4108 3591 4151 nou
3620 4101 3710 4149 est

2120 4188 2278 4243 liber.
2307 4186 2371 4243 At
2405 4186 2549 4241 nulla
2578 4201 2768 4242 earum
2813 4195 2963 4257 parte
2984 4185 3120 4241 liber
3150 4185 3325 4240 iactus
3339 4193 3440 4240 est.
3472 4185 3590 4241 Non
3621 4193 3708 4241 est

2121 4288 2280 4357 igitur
2310 4286 2464 4341 liber.
2499 4286 2555 4342 Si
2583 4288 2725 4341 enim
2755 4300 2944 4341 omnes
2992 4295 3173 4355 partes
3197 4302 3226 4339 a
3255 4286 3495 4356 qualibet
3522 4286 3613 4340 illa
3644 4301 3709 4342 re

2120 4382 2452 4453 abjunxeris,
2488 4393 2654 4438 totum
2686 4384 2994 4439 necessario
3011 4385 3294 4450 separaui.
3317 4381 3449 4436 Nam
3479 4397 3603 4435 cum
3626 4392 3711 4435 to-

2125 4484 2234 4528 tum
2266 4474 2320 4527 in
2347 4474 2458 4528 suis
2489 4474 2727 4543 partibus
2749 4485 2977 4541 constet,
3003 4475 3049 4529 si
3077 4474 3202 4544 quid
3228 4473 3373 4528 nulla
3413 4474 3715 4541 cujuslibet

428 4530 602 4637 iungi.
632 4532 1025 4639 mmniojsiwg-
1040 4537 1130 4639 ius
1158 4538 1432 4639 c_ivite'._ac
1459 4541 1607 4606 dico.
1635 4542 1729 4600 Jus
1753 4547 1906 4601 civile
1932 4557 2014 4602 esl
2041 4552 2096 4625 n
2122 4575 2272 4636 parte
2298 4528 2746 4636 conjun'gatur,a
2784 4528 2893 4622 tu.
2912 4528 3109 4623 'elam'
3141 4528 3719 4639 εοετεεειυτίρπιοσς

435 4628 657 4692 aequitas
686 4628 970 4682 constituta
1001 4629 1084 4684 his
1110 4632 1197 4701 qui
1229 4632 1467 4703 ejusdem
1495 4636 1727 4691 (ivitatis
1754 4649 1909 4705 sunt,
1944 4640 2013 4695 ad

430 4739 521 4781 res
570 4739 695 4782 suas
740 4727 1085 4797 obtinendas;
1123 4742 1240 4802 post
1287 4734 1389 4789 hoc
1432 4738 1714 4793 considero
1743 4756 1865 4794 nmn
1900 4741 2014 4797 lucc

429 4817 674 4873 deﬁnitio
705 4822 914 4891 reliquo
946 4825 1192 4893 termino,
1223 4828 1338 4882 utili
1388 4829 1653 4895 scientim,
1700 4837 1867 4900 possit
1893 4851 2015 4890 esse

431 4912 715 4991 conjuncta
737 4956 749 4977 .
781 4915 833 4970 id
863 4926 942 4971 est
971 4931 1037 4971 an
1068 4920 1293 4988 aequitas
1322 4924 1609 4978 constituta
1643 4923 1724 4978 his
1753 4927 1839 4996 qui
1872 4926 2018 4997 ejus-

432 5011 478 5062 (Ιν
504 5027 551 5066 ιη
602 5013 832 5068 civitatis
873 5028 1029 5079 sunt,
1074 5017 1141 5071 ad
1186 5034 1273 5073 res
1314 5034 1437 5073 suas
1478 5004 1824 5092 obtinendas,
1871 5029 2017 5084 utils

432 5104 655 5159 Scientia
689 5108 790 5171 sit,
826 5107 978 5162 video
1006 5124 1124 5164 csse
1157 5112 1334 5165 utilem
1364 5114 1640 5170 scientiam
1673 5118 1827 5173 dicta:
1859 5136 2018 5190 supe-

433 5197 542 5249 rius
574 5199 861 5265 tenuitatis.
910 5200 1186 5257 Concludo
1229 5205 1407 5275 itaque
1430 5247 1445 5273 ,
1486 5207 1630 5263 Juris
1662 5211 1817 5278 igitur
1843 5214 2015 5269 civilis

428 5289 653 5343 scientia
703 5292 845 5346 utilis
889 5302 1004 5359 est;
1036 5295 1134 5350 hoc
1166 5296 1321 5366 igitur
1352 5312 1719 5370 argumentum
1749 5314 1831 5360 est
1859 5323 1923 5362 ex
1951 5323 2016 5364 eo

433 5382 549 5436 loco
595 5385 684 5454 qui
727 5397 810 5441 est
840 5388 890 5443 in
927 5389 1071 5457 ipso,
1105 5392 1208 5447 hoc
1236 5401 1319 5448 est
1351 5395 1400 5448 iu
1431 5395 1551 5467 ﬁire
1578 5398 1754 5467 civili,
1787 5402 1875 5471 qui
1909 5413 2015 5458 ter-

429 5475 607 5528 minus
663 5475 713 5529 in
752 5481 1046 5546 quaestione
1089 5494 1172 5539 est
1215 5486 1572 5556 constitutus,
1606 5487 1691 5544 bic
1739 5474 2014 5547 vocatura

429 5563 792 5634 diflinitione,
839 5585 957 5639 quae
1001 5572 1245 5631 dillinitio
1290 5583 1640 5648 qumstiiuium
1691 5591 1856 5637 totum
1903 5595 2015 5653 est,

432 5667 805 5722 argumentum
856 5672 937 5715 est
982 5678 1011 5717 a
1061 5674 1192 5721 toto.
1239 5671 1426 5724 Umnis
1457 5681 1632 5725 autem
1667 5673 1815 5726 lucus
1843 5692 1870 5727 a
1905 5685 2017 5731 toto

435 5744 488 5800 in
535 5747 652 5815 ipso
692 5760 791 5805 est.
838 5751 945 5807 Nec
975 5767 1073 5809 nos
1112 5758 1219 5814 ulla
1248 5761 1509 5815 dubitatio
1540 5762 1844 5833 perturbet,
1874 5744 2016 5838 quod

2120 4668 2297 4727 autem
2327 4658 2539 4715 duobus
2561 4658 2792 4714 dicimus
2819 4659 3007 4723 modis,
3038 4662 3119 4715 vel
3149 4660 3377 4727 species,
3404 4658 3487 4712 vel
3524 4672 3705 4714 mem-

2122 4754 2235 4808 bra.
2260 4753 2481 4822 Species
2519 4762 2601 4808 est
2630 4767 2749 4822 qua:
2785 4767 2982 4807 nomen
3030 4751 3193 4806 totius
3224 4751 3496 4820 integrum
3526 4752 3709 4819 capit,

2122 4845 2268 4899 velut
2299 4846 2459 4899 homo
2497 4854 2656 4913 atque
2681 4857 2854 4914 equus
2874 4843 3121 4897 animalis
3140 4883 3155 4906 ,
3180 4851 3404 4912 utraque
3440 4845 3586 4898 enim
3609 4856 3709 4914 per

2122 4953 2182 4993 se
2231 4940 2439 5008 integro
2467 4938 2683 4993 nomine
2730 4937 2976 4993 animalia
3010 4946 3404 5006 nuncupantur.
3436 4935 3530 4991 Est
3558 4938 3711 4992 enim

2125 5030 2286 5085 homo
2314 5030 2534 5097 animal,
2564 5037 2619 5085 et
2648 5043 2837 5083 rursus
2859 5044 3030 5099 equus
3056 5028 3277 5084 animal.
3303 5029 3431 5084 item
3460 5028 3709 5086 membra

2121 5130 2245 5175 sunt
2287 5136 2407 5191 qua:
2434 5134 2557 5175 cum
2589 5130 2757 5175 totum
2806 5120 3062 5187 efliciant,
3107 5120 3390 5193 conjuncta
3421 5122 3589 5177 tutius
3618 5134 3712 5176 ca-

2120 5215 2272 5285 piunt
2306 5230 2522 5282 nomen,
2555 5214 2762 5286 singula
2788 5230 2916 5271 vero
2947 5216 3094 5271 nullo
3123 5215 3306 5284 modo,
3339 5226 3394 5271 ut
3423 5230 3545 5273 cum
3592 5215 3713 5269 Iun-

2119 5308 2451 5375 damentum,
2491 5308 2728 5377 parietes
2767 5319 2825 5364 et
2866 5318 3002 5363 tecta
3033 5310 3225 5364 domus
3269 5308 3510 5364 membra
3558 5307 3664 5362 sint
3690 5346 3711 5373 .

2122 5399 2281 5454 simul
2312 5400 2491 5455 omnia
2522 5401 2712 5455 domus
2743 5402 3016 5468 dictmtur,
3064 5401 3405 5461 fundamenta
3434 5414 3565 5456 vero
3593 5398 3705 5455 sola

2121 5491 2314 5547 domus
2342 5493 2606 5549 vocabulo
2638 5494 2858 5550 minime
2900 5504 3296 5563 nuncupantur,
3328 5509 3502 5565 neque
3529 5493 3706 5564 paris.

2123 5594 2225 5661 tes,
2255 5598 2428 5656 neque
2452 5593 2612 5641 tecta.
2645 5584 2700 5639 In
2729 5584 2811 5639 his
2840 5586 3001 5653 igitur
3023 5600 3142 5654 quae
3171 5587 3380 5654 species
3404 5595 3548 5649 sunt,
3575 5599 3707 5654 quo-

2122 5678 2261 5732 niam
2296 5694 2490 5733 nomen
2514 5680 2677 5734 totius
2711 5680 2975 5750 integrum
3013 5680 3251 5747 capiunt,
3277 5681 3381 5733 nisi
3429 5677 3707 5747 sigillatitl

2120 5784 2309 5829 omnes
2334 5778 2514 5843 partes
2536 5771 2606 5829 ab
2630 5785 2696 5831 eo
2719 5770 2787 5830 de
2812 5786 2919 5845 quo
2938 5770 3207 5830 dubitatur
3233 5770 3574 5844 abjtmxcris,
3598 5781 3708 5829 non
