2011 3165
104 137 111 156 ί
125 143 189 173 4061

521 138 554 169 IN
573 138 694 168 TOPICA
713 138 891 167 CICERONIS
908 123 1172 166 COMMENTARIA.
1193 136 1257 165 LIB.
1278 126 1305 164 I.‘

1642 122 1643 125 “
1683 118 1754 166 toea

124 203 210 238 possis
234 206 317 230 totum
341 200 438 228 abesse
461 185 752 226 monstrare..Dictum
777 200 818 223 est
840 193 917 224 enim'
927 198 1056 229 Aomues
1072 199 1159 229 partes
1179 199 1263 222 talum
1287 193 1400 227 faciant,
1418 194 1440 222 si
1462 195 1667 231 coniungantur.
1693 175 1748 225 sed

107 254 351 283 ‘nnamquamque‘
366 250 466 280 partem
495 244 577 271 totius
599 243 758 271 vocabulum
781 242 912 277 integrum

106 294 108 296 ’
126 303 233 331 capere.
251 295 284 322 Ut
296 294 421 329 quoniatn
434 286 547 319 faciendi
563 291 639 318 liberi
653 295 707 317 tres
718 295 779 317 sunt
797 289 912 328 species,

128 348 235 373 census,
246 339 374 371 vindicm,
387 341 586 370 testamentum,
603 335 624 363 si
646 334 778 370 quaslibet
793 334 857 361 duas
873 342 915 361 re-

107 399 112 404 ν
129 389 257 420 moveris,
270 394 323 414 una
333 391 420 413 tamen
436 383 624 419 permanserit,
638 382 752 410 liberutn
764 381 915 409 necessario

127 433 302 469 confitebere.
315 431 377 459 Sive
393 431 464 458 enim
476 437 559 456 cettsu
571 433 672 455 tantum
684 450 691 462 ,
706 428 762 455 sive
783 428 913 462 vindicta,

128 480 183 507 sive
199 482 359 506 testamento
370 477 405 503 sit
417 476 484 503 liber
495 475 592 507 factus,
604 475 716 502 liberutn
728 482 788 501 esse
799 479 915 501 constat.

128 524 199 559 Ergo
209 524 236 551 in
250 523 292 550 his
307 522 359 549 nisi
370 529 464 548 omnes
487 521 591 555 species
602 520 760 552 semoveris.
776 528 827 546 non
841 520 916 554 potes

128 571 267 599 destruere
282 568 352 604 quod
373 568 398 595 in
421 568 568 602 quaestione
587 566 749 603 propositum
773 570 823 592 est.
848 565 881 591 At
894 564 917 591 si

128 617 264 644 afﬁrmare
278 615 343 642 velis
356 620 435 649 alque
453 617 586 646 astruere,
608 612 706 639 sullicit
720 611 824 639 tantum
837 607 916 638 unam

110 755 326 779 'testameutove
351 750 464 777 liberum
493 748 612 781 factum;
633 748 703 783 quod
729 748 752 774 si
778 747 918 775 destrui-re

130 797 208 829 velis,
225 804 279 824 non
295 795 394 823 sufiicit
407 793 562 825 ostendere,
574 797 619 820 aut
632 800 724 826 censu,
737 797 781 820 aut
794 793 916 826 vindicta,

130 847 177 869 aut.
189 846 350 869 testamento
365 841 478 867 liberum
502 846 555 866 non
577 846 637 865 esse
661 838 769 871 factum,
785 837 831 865 scd
846 838 919 865 nullo

965 241 1179 275 respondebitur,
1192 249 1252 268 cum
1264 241 1296 268 sit
1310 247 1493 277 argumentum
1505 242 1539 269 ab
1551 243 1754 271 enumeratione

968 290 1094 324 partium,
1109 293 1192 316 totum
1204 289 1343 322 dividitur,
1353 297 1405 317 non
1417 290 1598 325 conjungitur,
1610 292 1753 319 dividendo

966 335 1036 362 enim
1062 335 1257 372 argumentatio
1274 336 1403 370 procedit.
1426 336 1492 364 Nam
1506 337 1626 372 quisquis
1651 343 1751 373 partem

966 379 1107 415 cujuslibet
1118 379 1274 414 sumpserit,
1288 388 1321 408 eo
1334 381 1403 416 ipso,
1417 390 1470 416 quo
1485 387 1585 418 partem
1600 385 1754 418 sumpserit,

967 434 1024 453 rem
1042 426 1146 453 videtur
1157 433 1218 454 esse
1234 428 1358 461 partitus.
1370 427 1420 461 Qui
1432 436 1496 456 vero
1510 436 1566 456 rem
1578 429 1684 461 dividit,
1701 430 1757 457 dis-

966 473 1034 505 sipat
1050 472 1137 507 potius
1157 480 1237 507 quatn
1255 473 1359 502 coniicit
1376 478 1472 508 totum,
1493 474 1540 502 sed
1555 479 1656 503 restare
1670 475 1757 502 adhuc

957 519 1128 554 ambiguitas
1140 523 1239 554 potest,
1255 527 1317 546 nam
1341 520 1464 547 dilfinitio
1488 529 1592 557 quoque
1612 521 1757 549 iuvolu’am

968 565 1083 592 nominis
1098 565 1321 600 significationem
1334 566 1460 600 «xplicat,
1475 574 1522 600 per
1536 567 1679 602 quamdam
1693 566 1757 593 sub-

956 610 1132 637 'stantialium
1167 610 1278 645 partium
1314 612 1556 639 enumerationem.
1582 610 1783 651 Enumeratio~

127 662 274 697 quamlibet
286 660 403 695 speciem
416 659 611 688 demonstrare.
625 661 652 684 ut
664 658 684 684 si
698 657 763 684 velis
774 653 917 684 ostendere
956 657 958 659 ⁷

127 707 254 739 liberum,
263 710 363 738 satest,
373 711 403 733 ut
412 709 557 736 monstres,
571 708 616 730 aut
626 703 753 733 vindicta,
765 707 809 729 aut
823 710 916 736 censu,
959 702 962 704 ⁷

969 664 1034 684 vero
1051 656 1163 691 partittm
1179 656 1298 691 qumdam
1313 659 1428 693 ipsarum
1444 664 1459 684 a
1474 665 1503 684 se
1517 657 1630 692 partium
1643 657 1758 691 dissipa-

972 703 1007 729 tio
1023 707 1076 740 est.‘
1090 702 1142 730 Sed
1158 702 1236 729 aliud
1245 707 1286 729 est
1301 702 1419 737 ejusdem
1436 703 1474 730 rei
1491 708 1579 737 partes
1591 701 1758 737 enumerare,

970 748 1039 775 aliud
1055 747 1232 775 dillinitionis.
1251 748 1317 775 Nam
1336 749 1373 776 rei
1391 754 1479 784 partes
1493 757 1523 777 ea
1540 757 1569 777 re
1583 748 1658 783 cujus
1671 747 1759 784 partes

960 799 1032 821 ‘sunt
1050 802 1156 828 semper
1175 793 1291 822 minores
1305 800 1377 828 sttnl,
1394 800 1423 822 ut
1435 801 1525 831 caput,
1541 796 1580 823 vel
1599 796 1706 829 thorax,
1718 795 1762 823 vel

971 846 1068 868 cu-tera
1084 842 1203 868 membra
1215 844 1273 868 toto
1285 841 1408 873 homine;
1422 846 1510 875 partes
1524 849 1588 869 vero
1598 840 1761 869 deli'nitioni's

129 895 225 917 eorum
246 886 327 915 modo
342 886 374 913 ad
389 885 539 913 libertatem
560 885 675 911 venisse.
693 884 781 919 Itaque
803 882 845 911 Itis
860 891 919 918 ρεπ-
934 887 958 917 Β
972 892 1025 914 tota
1042 896 1072 915 re
1087 895 1145 923 qua:
1157 887 1299 928 difliuitvur,
1311 886 1333 914 si
1348 887 1537 915 substantiales
1558 891 1627 920 sunt,
1646 885 1760 923 probanl

114 935 203 962 -tibus
223 941 283 969 qute
305 932 410 968 species
423 936 499 963 sunt,
516 931 537 957 si
556 930 696 958 destruere
718 930 799 962 velis,
816 929 919 957 cunctis

130 980 259 1008 utendum
274 983 331 1012 est;
346 978 369 1006 si
387 983 522 1010 astruere,
536 985 587 1004 una
602 976 727 1004 sufﬁciet.
744 978 777 1003 At
791 984 857 1003 vero
879 976 920 1003 ha:

133 1033 224 1062 partes
238 1034 298 1062 quae
312 1030 373 1053 sunt
387 1025 522 1058 mentbra,
545 1025 678 1052 contrario
702 1023 781 1051 tnodu
797 1029 859 1051 sunt
873 1033 878 1049 ι
896 1024 919 1051 si

119 1073 274 1100 destruere
286 1071 363 1103 velis,
378 1076 420 1098 sat
434 1070 486 1098 erit
498 1077 577 1096 unam
591 1070 716 1105 sejungas
730 1078 738 1102 ;
752 1069 774 1096 si
788 1074 918 1098 astruere.

129 1123 228 1146 cuncta
242 1117 338 1145 adesse
353 1116 508 1144 necessario
522 1116 720 1150 comprobabis;
742 1115 806 1142 Nam
820 1116 842 1142 si
856 1115 926 1142 vctis"

129 1164 276 1192 ostendere
288 1170 339 1190 non
351 1170 411 1190 esse
422 1162 543 1197 domum,
557 1161 656 1188 sullicit
668 1152 697 1188 ut
709 1165 754 1187 aut
767 1161 922 1187 fundamen-

131 1202 228 1245 t'ajnon
243 1216 302 1237 esse
321 1209 411 1242 dicas,
427 1212 475 1236 aut
498 1208 628 1242 parietes,
653 1211 700 1240 aut
718 1211 801 1241 tecta;
825 1214 885 1233 ttatn
900 1206 923 1233 si

129 1255 197 1291 quid
220 1255 315 1283 horum
330 1253 461 1286 defuerit,
481 1252 577 1280 domus
597 1260 650 1279 non
675 1256 761 1287 potest
783 1250 924 1287 appellari.

109 1295 112 1298 ⁴
129 1302 168 1328 At.
188 1300 212 1327 si
238 1299 305 1327 velis
326 1298 470 1327 ostendere
488 1298 596 1325 domum
622 1305 700 1330 csse,
717 1297 768 1324 nisi
789 1302 883 1324 cuncta
899 1297 924 1324 itt

130 1354 217 1374 unum
233 1345 418 1380 conjunxeris,
438 1345 464 1372 id
492 1344 563 1380 quod
585 1342 712 1380 proponis
732 1349 854 1372 astruere
873 1352 925 1371 non

112 1382 251 1429 :valebis.
269 1392 368 1419 Omnes
382 1398 445 1418 vero
462 1390 488 1417 hi
503 1390 554 1417 loci
566 1398 581 1417 a
596 1391 711 1424 partium
724 1390 927 1427 enumeratione

129 1439 277 1470 ducuntur,
289 1438 351 1472 quia
361 1437 387 1464 iit
402 1436 443 1464 ltis
456 1436 574 1471 partibus
584 1444 642 1475 quae
657 1435 760 1470 species
773 1440 844 1468 sunt,
862 1443 929 1463 cun-

111 1475 186 1513 ricta:
201 1491 290 1520 partes
314 1489 524 1517 enumerantur,
542 1490 569 1511 ut
590 1485 730 1517 destinas;
748 1486 774 1511 in
800 1484 841 1511 Itis
865 1492 929 1512 vero

131 1539 197 1565 quas
213 1530 330 1557 membra
355 1535 416 1557 διιιιι
437 1535 540 1558 cuncta:
560 1536 651 1566 partes
671 1536 880 1562 enumerantur,
901 1535 930 1557 υι

971 938 1012 960 tur
1023 940 1082 960 csse
1097 932 1222 967 majores.
1236 937 1263 959 ut
1278 933 1376 960 animal
1393 932 1501 961 homine
1515 933 1600 968 majus
1615 936 1666 960 est.
1682 932 1758 960 Item-

964 980 1022 1014 ‘que
1051 978 1196 1012 rationale,
1224 978 1346 1010 mortale,
1362 979 1485 1006 eumdem
1511 978 1663 1011 hominem,
1690 979 1760 1005 velut

971 1025 1074 1059 majora
1089 1025 1237 1057 coiitinent,
1251 1029 1279 1051 ct
1291 1029 1353 1051 sunt
1368 1025 1478 1059 singulm
1494 1029 1582 1059 partes
1596 1024 1763 1052 diflinitionis

971 1069 1092 1105 ejusdem
1108 1078 1166 1104 qua:
1183 1074 1223 1096 est
1236 1070 1347 1102 animal,
1359 1070 1498 1103 rationale,
1515 1070 1638 1097 mortale.
1653 1069 1763 1097 Partitlo

974 1117 1053 1152 igitur
1067 1116 1148 1154 sumit
1176 1120 1264 1150 partes
1279 1116 1317 1143 rei
1341 1123 1419 1149 quain
1436 1123 1483 1150 par
1496 1116 1548 1142 itur
1564 1116 1679 1145 minores
1693 1121 1765 1143 sem-

974 1173 1032 1200 per.
1048 1165 1113 1198 Quae
1130 1171 1193 1190 vero
1208 1168 1289 1190 sum.t
1312 1164 1442 1194 definitio,
1459 1163 1621 1190 universalia
1641 1168 1702 1190 sunt
1718 1169 1767 1197 per

976 1220 1006 1239 se
1021 1216 1130 1245 totaque
1150 1215 1177 1237 et
1191 1211 1356 1238 continentia
1372 1210 1493 1243 dii'liuiri,
1507 1210 1629 1245 quamvis
1643 1210 1725 1244 posita
1739 1209 1768 1237 in

976 1257 1134 1285 dil'linitione
1149 1263 1237 1290 partes
1251 1256 1324 1287 liattt,
1337 1256 1401 1282 utin
1414 1256 1454 1282 itis
1463 1263 1522 1290 qua:
1537 1255 1660 1289 superius
1672 1262 1765 1283 exent-

969 1304 1018 1338 ‘pla
1036 1303 1160 1338 proposui
1177 1302 1253 1329 facile
1268 1301 1376 1336 intelligi
1392 1306 1489 1335 potest.
1504 1301 1578 1329 Unde
1594 1300 1766 1329 manifestum

967 1355 1019 1377 .cst
1034 1350 1121 1377 locum
1133 1356 1147 1374 a
1166 1352 1233 1381 toto,
1244 1349 1288 1382 qui
1302 1347 1469 1375 diflinitionis
1482 1353 1533 1380 est,
1544 1351 1572 1374 et
1583 1347 1670 1374 locum
1682 1353 1696 1373 a
1709 1353 1771 1381 par-

965 1417 969 1422 .
980 1395 1044 1422 tium
1056 1393 1270 1425 enumeratione,
1282 1399 1342 1420 esse
1356 1392 1485 1420 diversos.

1016 1440 1081 1471 Tum
1096 1441 1209 1472 notatio,
1224 1444 1277 1466 tum
1291 1447 1322 1466 ea:
1343 1440 1366 1466 vi
1382 1439 1449 1466 t-erbt'
1470 1443 1648 1474 argumentum
1667 1437 1772 1477 aliquod

980 1486 1081 1513 elicitur
1096 1486 1142 1512 hoc
1156 1485 1253 1517 modo;
1268 1493 1325 1512 cum
1344 1485 1384 1511 lex
1398 1482 1572 1511 lElituamftia
1594 1484 1700 1511 assiduo
1719 1483 1773 1510 uin-

944 1557 947 1559 .
982 1532 1063 1559 dicent
1074 1531 1207 1558 (residuum
1220 1539 1274 1558 esse
1284 1530 1385 1567 jubéat,
1401 1530 1552 1565 locupletem
1558 1530 1600 1565 jul
1607 1534 1630 1556 et
1642 1529 1773 1565 locupleti,

133 1581 253 1603 astruas.
271 1576 389 1610 Quaestio
413 1580 457 1617 est
478 1576 559 1612 igitur
583 1576 610 1603 in
631 1577 768 1612 proposito
790 1575 928 1612 Ciceronis
942 1580 966 1611 ο
981 1579 1003 1605 is
1024 1582 1063 1605 est
1085 1577 1224 1610 assiduus,
1249 1582 1274 1604 ut
1298 1576 1334 1603 ait
1348 1575 1468 1612 v/Elius,
1496 1576 1640 1609 appellatus
1666 1574 1698 1601 ab
1724 1581 1774 1602 me

132 1622 260 1657 exemplo
271 1617 418 1656 argumenti
434 1629 449 1648 a
466 1622 580 1656 partium
591 1622 794 1660 enumeratione
806 1622 927 1650 deducti:

116 1669 179 1697 'An
201 1668 222 1695 is
247 1676 324 1701 quem
350 1675 457 1695 servum
485 1667 567 1695 fuisse
594 1669 728 1701 constitit,
745 1669 812 1697 liber
833 1670 868 1697 sit
883 1678 890 1698 :
907 1670 930 1705 is

114 1717 117 1719 '
134 1722 217 1748 quem
245 1722 350 1741 set-vum
367 1714 466 1746 fuisse,
491 1714 628 1749 subjectus
642 1719 684 1742 est
699 1715 829 1741 terminus
840 1735 847 1748 ,
864 1716 932 1742 liher

114 1757 118 1765 ⁵
138 1767 207 1786 vero
230 1759 404 1794 przrdicatus;
421 1764 544 1787 neutrum
571 1760 652 1795 igitur
671 1768 764 1787 eorutn
788 1760 931 1787 terminum

112 1801 117 1806 ’
135 1806 174 1842 ad
189 1801 376 1841 argumentum
402 1805 501 1833 ducere
526 1805 682 1840 poterimus.
700 1806 737 1833 De
750 1805 846 1842 quibus
861 1805 932 1833 ettitn

114 1846 119 1850 ’
137 1851 290 1881 dubitatur.
309 1850 356 1885 ipsi
371 1850 449 1877 [idem
464 1850 621 1878 dubitationi
639 1850 727 1878 facere
744 1859 796 1878 tton
809 1855 928 1885 possunt.

143 1896 232 1923 Video
247 1896 325 1931 igitur
341 1895 403 1930 quid
419 1895 444 1922 itt
460 1895 544 1922 altero
559 1903 650 1923 eorum
666 1895 710 1922 sit.
726 1895 857 1929 Quoniam
870 1902 934 1923 vero

139 1948 231 1976 partes
244 1949 338 1969 omnes
354 1942 380 1968 in
396 1949 429 1969 eo
442 1946 505 1969 sunt
517 1941 594 1978 cujus
609 1947 698 1977 partes
713 1948 786 1975 sunt,
797 1943 935 1977 quoniam-

116 1996 121 1999 '
138 1997 194 2023 que
217 1987 327 2015 libertas
342 1988 414 2021 data,
432 1988 512 2015 habet.
534 1984 656 2024 proprias
681 1993 781 2026 partes,
797 1997 874 2016 sunto
888 1997 934 2017 eas

140 2039 226 2069 atque
247 2034 396 2067 dinumero,
419 2040 446 2060 et
461 2033 569 2069 requiro
590 2042 622 2061 an
640 2034 692 2062 ulla
714 2042 804 2062 earum
821 2035 934 2069 partium

140 2078 267 2106 videatur
281 2079 368 2106 inesse
382 2078 513 2114 subjecto,
530 2079 577 2106 sed
586 2080 662 2106 nulla
675 2080 754 2108 inest.
770 2079 933 2107 Concludam

143 2123 225 2157 igitur
240 2131 293 2150 non
308 2131 368 2151 esse
384 2123 508 2150 liberum.
530 2123 606 2151 Unde
629 2124 797 2151 manifestius
822 2124 935 2152 demon-

143 2174 256 2202 stratur,
273 2177 325 2197 non
337 2170 423 2197 snlum
435 2170 467 2196 ah
482 2177 516 2197 eo
532 2170 645 2197 termino
669 2171 712 2205 qui
728 2171 865 2205 subjectus
883 2177 934 2205 est,

141 2219 302 2250 argumenta
325 2215 393 2242 sumi
410 2222 498 2250 posse,
515 2222 607 2242 verum
631 2215 711 2243 etiam
726 2216 761 2243 ab
783 2224 816 2243 eo
831 2216 874 2251 qui
896 2221 937 2243 est

143 2261 315 2297 prmdicatus.
330 2260 395 2288 Nam
412 2262 485 2296 prius
500 2262 652 2296 exemplum
667 2270 719 2297 quo
733 2262 937 2290 demonstrabat

140 2308 212 2344 juris
225 2308 311 2335 civilis
336 2308 475 2335 scientiam
501 2315 561 2336 esse
584 2309 691 2341 utilem,
707 2309 750 2344 jus
764 2309 842 2337 civile
865 2309 935 2344 quod

144 2354 297 2389 subjectum
313 2360 370 2382 erat
383 2353 522 2387 difiinivit,
539 2355 702 2392 ductumque
721 2355 783 2383 inde
797 2363 938 2391 argumen-

124 2411 129 2414 -
143 2404 201 2427 tum
215 2400 252 2427 rei
267 2399 357 2427 dubia:
369 2399 432 2427 fecit
446 2399 535 2427 fidem.
551 2400 600 2428 llic
612 2408 677 2427 vero
700 2400 831 2428 libertatis
847 2406 938 2435 partes

144 2450 350 2472 enumerantur.
369 2446 412 2479 qui
427 2450 465 2472 est
483 2444 612 2472 termintts
627 2445 798 2480 praedicatus.
821 2445 869 2473 Est
891 2445 941 2481 igi-

146 2495 207 2522 tur,
227 2495 257 2518 ut
268 2490 368 2517 dictum
394 2495 435 2518 est
445 2488 457 2523 ,’
469 2490 582 2525 quaestio
596 2497 630 2517 an
644 2498 723 2525 quem
746 2499 852 2518 servum
876 2499 936 2520 esse

145 2536 311 2570 constiterit,
327 2535 396 2563 liber
410 2535 455 2563 sit.
478 2535 622 2564 Terminus
636 2537 658 2564 is
672 2537 778 2572 quidem
793 2546 872 2573 quem
884 2545 940 2566 ser-

146 2590 210 2608 vum
230 2584 291 2609 esse
306 2581 466 2615 constiterit,
489 2582 624 2617 subjectus
635 2587 685 2614 est,
702 2583 863 2618 prtedicatus
876 2592 940 2612 vero

141 2618 227 2660 'liber,
243 2627 270 2654 in
284 2627 352 2662 ipso,
369 2626 395 2654 id
410 2631 451 2655 est
467 2627 493 2654 in
507 2628 661 2662 praedicato‘,
687 2633 774 2663 partes
794 2634 866 2662 sunt,
881 2639 941 2665 quae

148 2675 356 2706 enumerantur;
368 2680 384 2700 a
397 2680 448 2707 qua
469 2674 671 2702 cttumeralione
685 2675 747 2701 dum
767 2675 881 2703 traltilur
898 2671 942 2704 ar-

133 2723 318 2753 -gumentutn,
337 2717 365 2745 ῆι
377 2723 563 2753 argumentum
578 2719 603 2746 in
618 2720 687 2754 ipso,
699 2728 731 2748 ex
748 2721 862 2755 partium
876 2713 943 2750 enu-

150 2765 309 2793 meratione.
332 2764 447 2793 Maxima
470 2765 630 2800 propositio,
647 2767 722 2802 cujus
738 2768 852 2802 partiutn
875 2766 942 2797 tttltil

133 2813 192 2841 'rei
211 2813 356 2849 propositae
381 2813 534 2848 copulatum
559 2817 617 2847 est,
634 2813 658 2841 ei
674 2821 708 2842 ne
732 2818 814 2841 totum
835 2815 942 2850 quidem

136 2865 213 2885 ecsse
235 2862 323 2893 potest
339 2858 520 2893 conjunctum.
538 2857 585 2885 llic
609 2859 714 2886 videtur
734 2867 793 2886 esse
819 2860 943 2887 όιιιιίιιιιμ

153 2902 217 2932 dum
233 2911 295 2931 uutn
313 2904 386 2931 locus
397 2912 411 2931 a
427 2908 481 2931 toto
492 2908 572 2941 atque
582 2911 598 2931 a
610 2906 727 2939 partibus
739 2902 808 2934 idem
821 2905 869 2940 sit,
880 2912 941 2934 cum

984 1625 1081 1651 dando.

1018 1668 1123 1695 Tertius
1136 1675 1228 1695 eorum
1244 1666 1290 1701 qui
1305 1667 1330 1694 in
1357 1666 1414 1702 ipso
1426 1671 1487 1693 sunt
1507 1666 1583 1694 locus
1597 1674 1613 1693 a
1632 1666 1770 1694 notatione

983 1715 1212 1743 estconstitutus.
1237 1712 1343 1740 Nolalio
1366 1720 1431 1741 veto
1446 1716 1487 1746 est
1513 1712 1634 1747 quaedam
1658 1712 1776 1741 nomini.

984 1759 1180 1792 interpretatio.
1198 1758 1299 1785 Nomen
1321 1765 1391 1790 vero,
1408 1765 1517 1792 semper
1532 1757 1557 1784 in
1586 1758 1644 1792 ipso
1665 1762 1716 1786 est.
1741 1757 1777 1787 υι

984 1804 1055 1831 enim
1071 1803 1199 1831 diflinitio
1213 1803 1238 1830 id
1252 1803 1322 1837 quod
1337 1804 1363 1829 in
1379 1803 1488 1833 nomine
1503 1802 1652 1830 involutum
1671 1808 1716 1830 est
1729 1803 1776 1832 de—

985 1849 1087 1882 clarat,
1106 1849 1214 1883 expedit
1228 1854 1309 1884 atque
1331 1848 1469 1882 dillundit,
1486 1849 1521 1876 ita
1537 1849 1617 1877 etiam
1635 1856 1733 1879 nomen
1749 1849 1776 1878 id

973 1933 975 1935 _
989 1897 1059 1932 quod
1071 1905 1086 1924 a
1101 1896 1259 1924 diliinitione
1270 1895 1366 1924 dicitur
1381 1896 1499 1929 evolute,
1520 1896 1636 1924 involuto
1650 1895 1775 1927 confuse-

986 1951 1039 1978 que
1055 1943 1188 1978 designat.
1213 1942 1289 1976 Quod
1311 1942 1333 1969 si
1354 1941 1474 1970 deﬁnilio
1489 1942 1515 1970 in
1539 1942 1598 1977 ipso
1613 1947 1664 1976 est,
1680 1950 1778 1972 nomen

990 1997 1095 2024 quoque
1111 1990 1137 2016 in
1154 1990 1210 2023 ipso
1230 1996 1290 2025 esse
1305 1988 1338 2015 de
1352 1996 1405 2024 quo
1419 1990 1524 2023 agitur.
1531 1996 1583 2016 non
1600 1994 1687 2023 potest
1701 1988 1779 2027 dubi-

988 2036 1048 2063 tari.
1065 2036 1102 2062 Ex
1120 2034 1256 2062 notatione
1271 2038 1360 2061 autem
1373 2035 1446 2061 locus
1462 2038 1572 2061 vocatus
1585 2038 1637 2067 est,
1651 2035 1712 2069 quin
1726 2042 1777 2063 no-

975 2089 1049 2116 _tnen
1072 2088 1179 2107 omnem
1194 2088 1252 2108 rem
1267 2085 1341 2107 notat
1367 2084 1447 2114 atque
1461 2080 1604 2115 signiﬁcat.
1621 2080 1723 2109 Vindex
1737 2085 1779 2120 est

988 2127 1069 2161 igitur
1093 2126 1140 2161 qui
1165 2126 1276 2159 alterius
1301 2133 1410 2153 causam
1439 2127 1550 2161 suscipit
1574 2127 1778 2166 vindicandam.

989 2173 1068 2199 veluti
1085 2180 1152 2207 quos
1168 2179 1238 2199 nunc
1259 2176 1448 2207 procuratores
1467 2179 1603 2200 vocamus.
1627 2173 1680 2210 Lex
1701 2174 1780 2208 igitur

989 2217 1163 2245 [Eiiasanttia
1178 2218 1294 2252 assiduo,
1309 2217 1442 2245 vindicem
1464 2218 1602 2246 assiduum
1619 2225 1679 2246 esse
1691 2219 1779 2254 jubet.

952 2252 980 2307 ᾖ)
992 2264 1124 2298 Quaeritur
1138 2271 1227 2291 utrum
1246 2271 1307 2292 cum
1324 2264 1365 2291 lex
1383 2263 1556 2301 [Eliasanctia
1569 2252 1700 2292 vindicem
1717 2265 1782 2293 velit

979 2320 1052 2347 _eSse
1061 2311 1168 2338 assiduo
1179 2311 1327 2343 assiduum,
1338 2311 1501 2345 locupletem
1515 2311 1577 2338 velit
1588 2311 1721 2346 locupleti.
1735 2311 1782 2339 llic

993 2358 1072 2392 igitur
1084 2357 1219 2393 subjectus
1230 2357 1338 2392 quidem
1348 2357 1478 2385 terminus
1487 2361 1539 2391 est,
1552 2357 1596 2385 lex
1609 2357 1781 2394 xEliasanctia

993 2402 1127 2429 vindicem
1145 2402 1236 2430 volens
1250 2403 1360 2430 assiduo
1376 2403 1511 2431 assiduum
1522 2424 1529 2437 ,
1547 2403 1704 2439 praedicatus
1720 2411 1783 2432 vero

995 2448 1154 2482 locupletent
1170 2448 1305 2482 locitpleti.
1322 2448 1394 2483 ipsos
1416 2448 1498 2484 igitur
1521 2450 1649 2476 terminos
1669 2457 1720 2475 non
1736 2457 1786 2484 po,-

997 2498 1054 2521 tero
1065 2494 1095 2520 ad
1114 2493 1192 2520 fidem
1210 2494 1365 2529 quaestionis
1379 2495 1520 2529 adducere.
1534 2495 1571 2522 De
1591 2496 1655 2529 ipsis
1667 2495 1737 2522 enim
1751 2495 1786 2523 de

984 2540 1091 2579 quibus
1102 2540 1252 2574 ambigitur.
1269 2540 1340 2567 ttulla
1354 2540 1424 2568 effici
1437 2540 1502 2568 fides
1513 2545 1609 2575 potest.
1626 2541 1722 2573 Quer
1737 2540 1786 2576 igi‘

996 2591 1039 2613 tur
1052 2586 1112 2621 quid
1128 2586 1153 2613 in
1168 2588 1284 2621 ipsorum
1307 2587 1393 2614 altero
1404 2588 1448 2620 sit,
1462 2594 1492 2613 ac
1505 2587 1582 2614 video
1597 2594 1677 2613 unuttt
1693 2593 1785 2613 eorum

997 2631 1139 2659 terminum
1152 2638 1224 2664 esse,
1234 2631 1318 2666 legem
1332 2631 1573 2664 z’Eliantsanctiaut,
1582 2639 1640 2670 qua:
1650 2632 1785 2658 assiduum

996 2678 1104 2705 assiduo
1127 2677 1258 2716 vindicem
1283 2685 1343 2724 esse
1359 2678 1500 2710 decernat,
1524 2677 1549 2705 id
1565 2683 1605 2705 est
1621 2678 1787 2712 subjectum,

998 2724 1073 2759 Itujus
1096 2723 1225 2751 orationis
1252 2724 1416 2759 interpretor
1442 2729 1560 2759 partem,
1576 2732 1634 2759 qua:
1662 2725 1788 2763 est’assi-

996 2770 1072 2796 duus.
1087 2770 1152 2803 Quid
1166 2771 1237 2797 enim
1254 2776 1295 2800 cst
1309 2771 1434 2805 assiduus
1449 2770 1520 2798 aliud
1534 2770 1586 2810 nisi
1602 2762 1688 2805 asserit
1700 2771 1733 2798 da
1754 2772 1789 2798 st

995 2824 1082 2853 assem
1096 2824 1161 2844 vero
1174 2817 1239 2855 dare
1261 2817 1312 2845 nisi
1330 2817 1447 2852 locuples
1467 2825 1520 2845 non
1541 2824 1627 2854 poleSl
1639 2839 1646 2852 ,
1665 2819 1788 2846 :ssidnns

996 2862 1075 2897 igitur
1091 2862 1209 2899 lncup'cs
1221 2868 1271 2889 est.
1288 2863 1354 2890 Cum
1374 2864 1451 2899 igitur
1466 2864 1509 2892 lex
1535 2864 1707 2902 Eliasauctia
1723 2866 1786 2902 assi-

995 2907 1050 2936 duo
1062 2906 1196 2937 vindicem
1215 2908 1353 2937 assiduum
1368 2916 1430 2938 esse
1451 2905 1610 2946 constituat,
1628 2911 1790 2950 locupletem
