4036 6336
492 246 632 307 1065

1722 238 1836 297 ΑΝ.
1873 235 2085 295 usus.
2108 236 2278 296 sev.
2319 190 2544 291 socru

3645 229 3795 290 ιοθι

497 364 649 433 jultel
681 360 957 438 locupleti,
983 363 1227 418 assiduus
1249 362 1448 432 quippe
1469 369 1553 415 est
1580 357 1840 427 locuples,
1866 372 1894 410 a
1913 354 2092 411 dando
2120 358 2172 416 Α
2199 353 2449 422 locupleti
2478 359 2533 407 et
2561 359 2775 407 ea~tera.
2796 349 3107 421 Subiunxit,
3137 359 3197 406 ut
3223 350 3605 407 ostenderetur
3633 352 3791 407 locu-

494 472 602 509 :crc
632 461 963 514 neminatus.
997 459 1380 526 Argumentum
1415 453 1573 524 igitur
1614 452 1715 506 hoc
1748 461 1974 505 tractum
2004 460 2087 506 est

498 562 562 600 ex
597 562 666 605 eo
698 553 815 606 loco
846 550 932 619 qui
959 559 1039 602 est
1069 548 1119 601 in
1143 548 1285 615 ipso,
1317 546 1367 599 id
1398 554 1479 599 est
1499 559 1529 597 a
1561 542 1791 597 nominis
1825 543 2087 610 interpre-

496 642 731 707 latione,
779 655 976 694 nomen
1044 638 1190 692 enim
1224 638 1279 692 in
1330 636 1446 705 ipso
1476 633 1566 689 illo
1591 643 1674 688 est
1708 632 1859 702 cujus
1890 647 2085 686 nomen

500 746 577 789 est
598 777 611 798 ,
644 734 796 804 cujus
842 732 1214 800 interpretatio
1259 728 1461 784 notatio
1489 736 1850 803 nuncupatur;
1880 725 1982 780 Sed
2018 724 2086 779 ab

500 830 657 897 hujus
686 826 1126 896 interpretatione
1153 824 1350 879 factum
1379 828 1461 876 est
1492 826 1889 891 argumentum.
1924 817 2087 887 Igitur

501 919 601 974 hoe
629 925 1003 992 argumentum
1044 931 1109 971 ex
1134 930 1198 970 eo
1242 914 1360 968 loco
1400 922 1485 968 εει
1507 952 1521 975 ,
1553 911 1641 980 qui
1673 919 1755 964 cst
1782 909 1833 962 in
1866 908 2003 977 ipso,
2034 907 2088 963 id

499 1020 579 1066 est
606 1025 636 1063 a
664 1010 900 1070 nomine,
929 1016 983 1062 et
1008 1020 1194 1060 eorum
1219 1005 1305 1074 qui
1331 1005 1383 1059 in
1418 1004 1533 1073 ipso
1556 1014 1700 1068 sunt,
1733 1017 1760 1054 a
1788 1000 2086 1066 notatione,

496 1103 551 1161 id
581 1111 665 1158 est
694 1118 721 1155 a
753 1100 983 1156 nominis
1028 1098 1492 1168 interpretatione.
1536 1094 1760 1150 Maxima
1793 1092 2089 1163 propositio

434 1242 435 1245 η
495 1206 609 1263 est,
646 1193 1142 1265 interpretationem
1176 1190 1391 1244 nomina
1442 1189 1581 1243 idem
1616 1188 1795 1241 valere
1823 1184 1963 1256 quod
1993 1199 2089 1239 no-

496 1306 641 1346 men.
672 1288 778 1344 Sed
812 1287 969 1358 paulo
996 1282 1269 1341 confusius
1292 1296 1322 1335 a
1349 1282 1613 1336 Cicerone
1636 1279 1777 1337 dicta
1803 1292 2090 1348 argumen-

496 1381 627 1437 tatio
655 1378 950 1433 maximum
978 1383 1193 1445 priestat
1214 1388 1477 1427 errorem.
1510 1370 1585 1424 Ita
1617 1370 1760 1425 enim
1792 1368 1899 1423 dici
1928 1382 2090 1437 opor-

496 1474 616 1540 tuit,
645 1471 889 1528 assiduus
917 1478 1000 1522 est
1029 1468 1121 1538 qui
1147 1481 1321 1521 assem
1345 1465 1461 1529 dat,
1493 1464 1581 1533 qui
1609 1477 1737 1518 vero
1766 1475 1941 1517 assem
1972 1460 2084 1527 dat,

494 1565 734 1636 locuples
760 1571 863 1630 est,
898 1558 1143 1615 assiduus
1173 1558 1335 1629 igitur
1364 1556 1604 1626 locuples
1632 1564 1733 1610 est.
1764 1554 1874 1610 Lex
1907 1565 2085 1619 autem

493 1655 843 1715 JEliasanctia
883 1651 1160 1707 assiduum
1203 1649 1422 1704 assiduo
1461 1663 1583 1704 esse
1607 1647 1873 1703 vindicem
1908 1647 2082 1717 jubet,

2192 446 2306 516 ples
2351 460 2469 501 esse
2517 444 2798 509 assiduus;
2831 444 2932 499 hoc
2985 452 3170 502 autem
3228 446 3555 504 tantumdem
3600 448 3793 515 Valet.

2191 535 2331 606 quod
2362 536 2471 602 ait,
2517 535 2685 605 legem
2728 534 3204 591 'A‘Zliamsanctiam
3247 538 3467 593 assiduo
3506 538 3795 595 assiduum

2189 626 2457 681 vindicem
2479 641 2599 681 cum
2619 626 2832 697 juberet
2856 641 3002 693 esse,
3033 626 3352 699 locupletem
3386 630 3642 700 locupleti
3664 646 3795 688 esse

2192 719 2549 789 praecepisse,
2590 729 2843 789 tanquam
2876 720 2921 774 si
2973 720 3210 783 diceret.
3244 724 3337 792 qui
3377 724 3628 780 assiduus
3676 736 3796 791 est,

2192 812 2435 883 loetiples
2466 821 2571 867 est.
2608 812 2720 867 Nisi
2760 812 2903 868 enim
2936 812 2983 867 is
3018 814 3109 880 qui
3156 815 3404 869 assiduus
3434 826 3517 870 cst
3546 817 3800 908 locuplss

2190 904 2283 971 sit,
2302 919 2408 958 non
2432 906 2783 973 consequitur
2805 913 2863 959 ut
2886 920 3005 960 cum
3033 906 3119 960 lex
3142 906 3491 964 Eliasanctia
3508 904 3797 964 assiduuiu

2190 997 2411 1052 assiduo
2443 998 2706 1053 vindicem
2740 1012 2862 1054 esse
2904 1000 3158 1066 jusserit,
3196 999 3515 1070 locupletem
3560 1002 3801 1072 jusserit

2190 1090 2466 1159 locupleti,
2496 1100 2551 1146 et
2573 1091 2875 1162 argumenti
2903 1091 3305 1147 conclusionem
3330 1092 3560 1161 priorem
3586 1096 3797 1164 posuit,

2189 1182 2420 1254 subjecit
2462 1198 2594 1237 vero
2638 1181 3037 1252 probationem.
3090 1182 3384 1238 Conclusio
3414 1200 3653 1254 namque
3689 1194 3800 1248 est,

2191 1290 2312 1329 cum
2334 1274 2419 1329 lex
2447 1273 2803 1328 [Eliasancua
2825 1272 3103 1327 assiduum
3128 1274 3347 1329 assiduo
3370 1274 3644 1330 vindicem
3665 1275 3801 1331 velit

2188 1382 2332 1432 esse,
2358 1367 2675 1436 locupletem
2702 1364 2858 1434 jubet
2899 1364 3179 1434 locupleti,
3210 1376 3371 1435 atque
3402 1366 3539 1421 hanc
3568 1366 3804 1436 praemi-

2189 1460 2292 1526 sit;
2330 1458 2576 1530 probatio
2601 1474 2730 1513 vero
2760 1466 2844 1512 est
2876 1457 3098 1512 rationis
3149 1457 3425 1528 assiduum
3474 1472 3596 1513 esse
3638 1457 3803 1513 locu-

2190 1552 2388 1624 pletem
2430 1551 2499 1605 ab
2545 1566 2654 1605 mre
2698 1549 2874 1603 dando
2926 1549 3290 1615 nominatum,
3321 1559 3377 1606 et
3419 1550 3555 1605 hanc
3606 1550 3805 1606 intulit

2189 1647 2606 1702 conclusionem.
2659 1645 2944 1700 Restat-is
2988 1644 3141 1700 locus
3186 1660 3372 1700 eorum
3417 1644 3506 1715 qui
3560 1646 3621 1699 in
3671 1646 3802 1715 ipso

493 1747 810 1815 locupletem
832 1746 990 1815 igitur
1011 1740 1263 1812 locupleti
1286 1739 1548 1796 vindicem
1579 1753 1701 1794 esse
1726 1736 2071 1808 praescripsit.
2105 1735 2153 1798 Β
2183 1752 2345 1807 sunt,
2383 1738 2472 1807 qui
2525 1735 2738 1791 ducitur
2777 1735 2847 1789 ab
2893 1734 3120 1789 allectis.
3170 1735 3336 1803 Cujus
3364 1732 3800 1803 expositionem,

492 1841 643 1909 Quod
674 1839 719 1893 si
753 1840 821 1893 ita
846 1838 1045 1893 dictum
1086 1844 1251 1900 esset,
1273 1835 1515 1905 apertior
1535 1834 1930 1903 argumentatio
1958 1833 2088 1889 luis-

491 1941 597 1989 set.
626 1931 779 1988 Nuuc
825 1944 951 1985 vero
988 1930 1061 1984 ita
1084 1928 1217 1983 dixit
1243 1945 1255 1981 :
1282 1926 1415 1982 Cum
1447 1927 1531 1983 lex
1562 1926 1909 1982 IEliasanctia
1946 1926 2084 1982 assi-

490 2026 600 2081 duo
622 2023 883 2084 vindicem
906 2020 1179 2077 assiduum
1210 2034 1330 2076 esse
1343 2019 1551 2091 jubeat,
1586 2019 1910 2090 locupletem
1932 2019 2087 2088 jubet

2194 1833 2446 1903 quoniam
2478 1830 2624 1886 varia
2651 1838 2731 1885 est
2762 1827 3154 1898 multiplexque
3184 1827 3411 1892 divisio,
3434 1824 3799 1895 dilleratnus,

2194 1939 2256 1980 ac
2286 1921 2447 1993 primi
2473 1919 2765 1977 voluminis
2791 1921 3103 1985 terminum,
3130 1917 3405 1990 hucusque
3432 1921 3723 1977 sietamus.

491 2155 2431 2185 ___________________________________

475 2280 494 2372 ξ
578 2262 589 2269 .

482 2448 495 2491 τ
564 2442 621 2498 In
649 2451 755 2497 tam
780 2440 1085 2496 difﬁcillimi
1115 2438 1295 2510 operis
1324 2451 1483 2493 cursu
1516 2451 1624 2490 non
1671 2450 1791 2491 sum
1835 2435 2083 2501 nescius,

1711 2238 2003 2317 LIBER
2062 2233 2625 2317 SECUNDUS.

2194 2447 2358 2503 genus
2386 2431 2439 2482 in
2468 2428 2645 2499 plures
2682 2433 2855 2495 partes
2881 2424 3211 2478 distributum
3240 2434 3335 2479 est.
3376 2422 3516 2478 Nam
3534 2423 3647 2478 alia
3674 2440 3813 2479 aon-

493 2536 567 2593 mi
600 2534 817 2600 Patrici,
846 2534 975 2604 quin
1000 2533 1152 2587 labor
1181 2531 1268 2587 hic
1290 2538 1472 2585 noster
1497 2543 1658 2601 quem
1688 2538 1740 2584 te
1760 2526 2085 2582 adhortante
2178 2531 2371 2600 jugata
2398 2524 2743 2597 appellamus,
2773 2522 2879 2576 alia
2910 2538 2976 2575 ex
3005 2538 3209 2593 genere,
3241 2521 3348 2575 alia
3376 2537 3440 2575 ea:
3467 2525 3660 2591 fartim,
3696 2522 3814 2576 alia

492 2626 833 2697 suscepimus
854 2667 867 2691 ,
900 2627 1030 2681 dum
1054 2624 1257 2696 judicio
1296 2621 1654 2677 multitudinis
1699 2620 1961 2690 imperitae
1993 2628 2085 2675 aut

494 2722 765 2787 elevatur,
798 2728 888 2774 aut
918 2718 1200 2789 premitur,
1234 2715 1389 2771 facile
1433 2713 1602 2769 variis
1646 2710 2089 2783 reprehensioni-

498 2812 599 2867 bus
635 2811 964 2868 mordeatur.
998 2810 1129 2863 Nam
1159 2817 1214 2864 et
1250 2807 1327 2862 illi
1356 2805 1551 2876 quibus
1582 2805 1682 2859 hoc
1714 2811 1887 2859 totum
1915 2801 2090 2859 disse-

480 2904 649 2975 :rendi
672 2905 928 2974 displicet
954 2918 1144 2975 genus,
1167 2901 1317 2957 velut
1341 2912 1798 2970 supervacaneum
1825 2898 2085 2965 studium,

496 2998 746 3052 familiari
780 2996 961 3066 pravis
994 2995 1263 3050 mentibus
1294 2977 1640 3049 cavillatione
1673 2992 1997 3060 despiciunt,
2036 3000 2091 3046 et

2189 2635 2254 2673 ea:
2282 2619 2643 2683 similitudine,
2676 2615 2781 2670 alia
2816 2631 2880 2669 ea:
2907 2614 3223 2683 diﬁ‘erentia,
3269 2615 3375 2668 alia
3403 2630 3467 2669 ea:
3506 2615 3807 2677 contrario,

2191 2712 2299 2765 alia
2323 2726 2387 2765 ea:
2410 2708 2721 2780 conjunctis,
2753 2707 2859 2760 alia
2887 2722 2950 2761 ex
2977 2706 3411 2770 antecedentibus,
3443 2705 3551 2757 alia
3580 2722 3645 2759 ex
3671 2723 3810 2760 can—

2192 2805 2541 2876 sequentibus,
2566 2803 2671 2857 alia
2691 2818 2755 2856 ea:
2780 2801 3215 2871 repugnantibus,
3244 2799 3351 2853 alia
3378 2816 3440 2853 ex.
3466 2800 3659 2863 causis,
3692 2802 3811 2854 alia

2194 2914 2260 2954 ea:
2298 2895 2525 2963 eﬂ’ectis,
2560 2896 2667 2949 alia
2705 2911 2772 2950 ea:
2817 2894 3202 2964 comparatione
3250 2895 3531 2965 majorum,
3579 2902 3670 2946 aut
3706 2911 3811 2961 ja-

2194 2991 2352 3058 rium,
2386 2996 2474 3043 aut
2495 2989 2770 3042 minorum.

497 3089 590 3159 qui
645 3064 942 3143 maximum
995 3085 1154 3157 hujus
1191 3085 1434 3141 scientiae
1473 3084 1702 3139 fructum
1751 3093 1959 3152 putant,
1992 3097 2086 3138 sua
2118 3064 2165 3129 C
2269 3081 2558 3150 Postquam
2589 3078 2737 3134 locos
2778 3092 2873 3135 eos
2897 3092 2962 3134 ex
3005 3078 3199 3149 quibus
3242 3086 3560 3148 argumenta
3589 3077 3811 3133 ducun-

499 3188 729 3234 eaetcros
758 3177 980 3248 segnitie
1007 3177 1351 3241 mentientes,
1382 3184 1530 3230 tanto
1553 3191 1650 3230 nos
1677 3190 1898 3244 operam
1930 3190 2086 3245 pares

500 3285 622 3327 esse
651 3285 758 3325 non
790 3270 1124 3335 existimant,
1154 3282 1381 3339 quorum
1422 3267 1637 3338 quidem
1671 3267 1879 3337 priores
1902 3273 1947 3324 si
1978 3284 2084 3324 non

498 3363 697 3419 invidia
742 3363 940 3419 laboris
971 3363 1130 3418 alieni
1182 3362 1595 3417 aestimationem
1648 3370 1944 3432 premunt,
1991 3362 2087 3417 sed

482 3455 910 3526 reprehensioni
952 3451 1261 3524 iudicioque
1309 3453 1684 3515 consentiunt,
1731 3453 1878 3506 nullo
1927 3452 2089 3507 modo

478 3544 750 3601 “ferendos
777 3560 896 3600 esse
926 3544 1256 3615 puto.Multo
1283 3559 1498 3615 quoque
1523 3544 1575 3598 in
1602 3558 1688 3599 me
1714 3543 1966 3598 libentius
1997 3544 2091 3599 dc-

499 3640 751 3694 torserim
786 3652 965 3708 prava:
1013 3635 1284 3707 opinionis
1333 3635 1621 3704 invidiam,
1653 3649 1716 3689 ac
1764 3636 1962 3691 nostris
1993 3650 2089 3690 eos

483 3728 745 3787 diffidere
777 3729 980 3784 viribus
1029 3729 1282 3784 facillime
1310 3728 1505 3800 patiar,
1538 3730 1716 3797 potius
1739 3744 1899 3797 quam
1928 3738 2089 3784 tanta:

484 3823 800 3892 disciplinae
820 3822 1031 3877 calcare
1056 3822 1337 3877 rationem.
1368 3820 1473 3876 Sed
1506 3820 1639 3891 proh
1662 3820 1899 3877 divinam
1926 3831 2089 3892 atque

497 3915 785 3970 humanam
818 3914 999 3980 fidem,
1045 3929 1164 3984 quze
1212 3925 1297 3970 est
1328 3896 1443 3970 btec
1491 3914 1769 3970 hominum
1816 3916 2084 3985 pravitas,

494 4023 617 4079 qua:
664 4016 827 4063 tantte
869 4016 951 4063 est
979 4006 1339 4078 imprudentia
1392 4008 1683 4075 caecitatis,
1721 4016 1779 4062 ut
1823 4022 1959 4078 pene
1990 4023 2086 4063 sua

496 4115 619 4156 sese
665 4101 769 4171 ipsi
800 4101 1142 4157 confessione
1183 4100 1576 4156 condemnem!
1610 4099 1797 4155 Nullus
1832 4108 1915 4155 est
1942 4100 2084 4155 enim

496 4195 587 4267 qni
618 4208 737 4251 sese
763 4195 935 4251 videri
980 4195 1114 4252 nolit
1162 4196 1546 4267 peritissimum
1574 4194 1903 4260 disserendi,
1933 4196 2086 4266 quin-

493 4286 659 4343 etiam
700 4286 972 4358 objectare
1020 4288 1122 4358 ipsi
1171 4286 1400 4359 aliquid,
1440 4297 1494 4343 et
1547 4287 1823 4344 resolvere
1873 4288 2084 4359 objecta

493 4388 780 4448 conantur,
802 4388 856 4433 et
875 4381 919 4434 si
933 4379 1084 4435 facile
1106 4378 1156 4434 id
1175 4380 1317 4435 factu
1330 4390 1495 4453 esset,
1515 4381 1691 4435 cuncti
1714 4379 1780 4435 ad
1803 4382 2082 4436 scientiam

2195 3184 2279 3229 tur
2300 3175 2511 3246 gemina
2544 3173 2835 3245 partitione
2861 3173 3153 3240 distribuit,
3187 3172 3322 3226 alios
3352 3173 3407 3226 in
3438 3172 3558 3243 ipso
3582 3173 3652 3227 de
3684 3188 3807 3244 quo

2190 3271 2368 3340 agitur
2399 3270 2607 3324 haerere
2662 3266 2929 3333 dicendo,
2971 3265 3105 3321 alios
3150 3266 3488 3321 extrinsecus
3535 3268 3756 3323 assumi
3785 3306 3808 3333 ,

2191 3378 2420 3433 cumque
2448 3363 2624 3418 locum
2675 3362 2763 3432 qui
2809 3362 2861 3415 in
2905 3359 3023 3429 ipso
3048 3360 3116 3415 de
3151 3374 3258 3429 quo
3296 3358 3475 3428 agitur
3521 3358 3700 3414 haeret
3746 3359 3811 3416 in

2192 3468 2423 3528 quatuor
2468 3454 2676 3526 species
2707 3453 2915 3518 secuit,
2962 3452 3012 3507 id
3047 3461 3129 3505 est
3159 3466 3189 3505 a
3223 3459 3367 3518 toto,
3398 3467 3427 3504 a
3452 3451 3703 3521 partibus
3724 3493 3742 3518 ,
3775 3468 3811 3507 ι

2194 3559 2318 3604 nota
2337 3589 2353 3612 ,
2384 3547 2451 3602 ab
2477 3546 2684 3602 allectis
2704 3588 2719 3613 ,
2749 3544 3123 3616 superioribus
3160 3542 3374 3614 quidem
3405 3543 3582 3598 tribus
3607 3557 3813 3600 exem-

2192 3642 2280 3713 pla
2305 3640 2703 3711 sulijecit,-quaa
2732 3651 2830 3692 nos
2860 3638 3035 3706 primo
3061 3637 3336 3692 volumine
3366 3645 3633 3707 quantum
3664 3637 3811 3692 dili-

2190 3746 2382 3807 genter
2410 3733 2524 3789 lieri
2552 3733 2721 3803 potuit
2742 3731 3155 3801 explicavimus.
3180 3721 3364 3797 Restat
3390 3731 3436 3785 is
3465 3731 3623 3785 locus
3636 3746 3809 3800 quem

2191 3830 2371 3897 posuit
2398 3838 2670 3900 quartum,
2705 3826 2755 3880 id
2786 3834 2872 3891 est
2900 3825 2968 3879 ab
2996 3824 3224 3892 allectis,
3264 3825 3422 3894 hujus
3451 3840 3579 3879 eum
3611 3814 3811 3881 multa:

2189 3924 2296 3978 sint
2335 3923 2574 3993 species,
2620 3920 2813 3991 integri
2856 3931 3017 3988 atque
3069 3918 3283 3974 indivisi
3332 3934 3643 3989 proponere
3690 3935 3809 3977 non

2192 4016 2711 4087 potuitexemplum.
2741 4015 2872 4071 Nam
2906 4031 3133 4086 quorum
3164 4014 3408 4070 facienda
3436 4016 3658 4086 partitio
3688 4026 3805 4083 est,

2191 4107 2383 4161 melius
2432 4122 2528 4175 per
2572 4101 2780 4175 singula
2835 4104 3076 4159 membra
3133 4104 3417 4174 dispositis
3468 4107 3808 4175 aperiuntur

2188 4198 2474 4269 exemplis.
2505 4197 2658 4253 Hunc
2683 4199 2842 4266 igitur
2866 4198 3045 4252 locum
3074 4195 3269 4251 dividit
3297 4196 3401 4252 hoc
3430 4198 3599 4253 modo
3630 4217 3643 4251 :
3688 4200 3805 4255 Lo-

2187 4308 2283 4348 cus
2312 4292 2400 4362 qui
2434 4306 2496 4346 ex
2528 4289 2734 4345 allectis
2756 4298 2859 4356 est,
2890 4289 3084 4360 partim
3114 4304 3184 4344 ex
3218 4289 3559 4361 conjugatis,
3594 4291 3803 4359 partim

2186 4402 2250 4442 ex
2280 4400 2510 4455 genere,
2543 4385 2734 4454 partim
2775 4399 2839 4438 ex
2886 4384 3055 4438 forma
3096 4384 3414 4451 descendit,
3442 4400 3509 4439 ex
3538 4386 3803 4441 similitu-

497 4473 684 4542 logicae
722 4472 1019 4542 disciplinae
1069 4474 1217 4528 velut
1261 4472 1325 4526 ad
1358 4473 1663 4527 communia
1703 4472 1947 4544 quedam
1988 4488 2078 4528 sa-
2110 4475 2164 4534 D
2187 4477 2312 4532 dine
2337 4477 2522 4545 etiam,
2553 4476 2632 4531 vel
2662 4490 2726 4532 ex
2759 4475 3080 4541 ditt‘erentia,
3113 4476 3195 4531 vel
3227 4490 3295 4530 ex
3336 4479 3640 4543 contrario,
3676 4495 3807 4536 nec-

495 4566 712 4636 pientiae
736 4566 881 4621 lucra
904 4573 1306 4621 concurrerent.
1336 4564 1453 4619 Jam
1484 4579 1617 4620 vero
1638 4564 1767 4632 quid
1796 4564 2082 4621 absurdius
2122 4558 2123 4561 “

496 4659 620 4726 lingi
658 4665 849 4727 potest,
881 4673 1040 4726 quam
1066 4656 1207 4726 quod
1236 4654 1607 4727 probabilibus
1627 4698 1642 4724 ,
1674 4666 1732 4709 ut
1768 4657 1867 4728 ipsi
1899 4657 2083 4712 existi-

494 4761 676 4819 mant,
710 4751 1039 4821 argumentis
1080 4749 1267 4805 inutile
1310 4749 1547 4804 studium
1581 4748 1877 4805 dialectica:
1904 4751 2083 4806 nitun-

492 4858 580 4901 tur
618 4842 1065 4912 astruere?Quid
1100 4843 1244 4898 enim
1289 4843 1543 4898 convenit
1572 4842 1870 4898 disserendi
1908 4852 2077 4898 artem

491 4936 810 4994 disserendo
837 4946 1182 5007 pervertere,
1216 4943 1274 4991 ut
1300 4935 1457 5006 cujus
1484 4935 1791 5007 opinionem
1838 4936 2077 5003 alfectes,

491 5029 732 5099 ejusdem
760 5028 1034 5099 despicias
1060 5026 1384 5084 veritatem?
1407 5028 1515 5084 Sed
1552 5036 1611 5081 ut
1638 5016 1842 5084 cantor
1881 5029 1970 5084 ille
2000 5029 2082 5085 di-

490 5111 757 5193 scipulum'
778 5119 880 5175 sibi
911 5136 974 5175 ac
1026 5118 1191 5175 Musis
1242 5134 1438 5176 canere
1483 5119 1729 5190 iubebat,
1764 5120 1835 5175 ita
1882 5131 1937 5176 et
1981 5136 2081 5191 ego

490 5228 702 5285 quoque
722 5211 852 5268 mihi
882 5226 945 5267 ac
975 5210 1093 5276 tibi.
1127 5225 1233 5266 non
1264 5210 1451 5279 Musas,
1483 5210 1578 5267 sed
1612 5220 1863 5282 tanquam
1902 5211 2079 5267 Musa-

491 5321 608 5359 rum
642 5303 860 5373 pmsidi
899 5303 1216 5372 cecinerim,
1248 5314 1409 5374 atque
1441 5303 1495 5359 id
1526 5303 1668 5375 quod
1698 5304 1867 5359 multo
1895 5304 2079 5361 labore

489 5397 776 5467 studioque
820 5395 1051 5467 collegi,
1077 5411 1181 5452 non
1232 5395 1499 5453 rhetorica
1531 5404 1739 5452 tantum
1792 5395 2076 5465 facultate,

489 5507 677 5547 verum
722 5492 883 5547 etiam
931 5490 1213 5547 dialectica
1261 5490 1560 5548 subtilitate
1604 5490 1894 5561 deponam.
1946 5490 2078 5559 Qua:

494 5599 621 5639 vero
649 5593 947 5652 sequuntur
973 5583 1279 5653 hujusmodi
1304 5592 1428 5638 sunt
1455 5600 1470 5637 :
2038 5594 2046 5606 '

564 5672 838 5727 Ducuntur
876 5674 1027 5728 etiam
1072 5683 1373 5742 argumenta
1413 5687 1477 5729 es
1504 5669 1585 5727 Itis
1630 5671 1779 5726 rebus
1808 5687 1919 5742 qua:
1942 5679 2074 5743 Quo-

496 5756 766 5819 dtuumodo
794 5756 993 5831 aluta
1019 5769 1137 5821 sunt
1163 5759 1231 5819 tut
1261 5762 1315 5821 ια
1343 5758 1405 5823 ἀι
1434 5772 1531 5835 quo
1559 5758 1823 5837 quatitur.
1856 5761 1962 5821 8nd
1985 5760 2075 5821 ἰορ

2188 4586 2294 4626 nou
2327 4571 2490 4625 etiam
2523 4586 2586 4624 ex
2609 4570 2932 4638 conjunctis,
2964 4584 3033 4623 ex
3067 4569 3541 4637 antecedentibus,
3579 4582 3635 4627 et
3654 4589 3799 4629 eon-

2188 4662 2557 4732 scquentibus,
2590 4671 2645 4716 et
2667 4660 3114 4731 repugnantibus,
3141 4675 3208 4716 ex
3233 4663 3411 4718 causis
3436 4662 3602 4718 etiam
3627 4673 3801 4734 atque

2189 4771 2257 4811 ex
2286 4755 2495 4812 ell'ectis
2519 4768 2827 4820 causarum,
2850 4763 2905 4809 et
2930 4753 3336 4824 comparatione
3365 4754 3668 4824 majorum,
3704 4766 3803 4810 aut

2188 4848 2418 4920 parium,
2444 4848 2526 4902 vel
2559 4847 2846 4913 minorum,
2875 4863 2995 4915 qua:
3022 4847 3203 4902 omnia
3232 4847 3444 4903 Tullius
3475 4850 3642 4918 paulo
3670 4860 3801 4919 post

2189 4940 2637 4996 convenientibus
2661 4955 2843 4995 rerum
2867 4939 3317 4995 similitudinibus
3348 4940 3606 4994 illustrat.
3638 4938 3803 4995 Nunc

2188 5030 2315 5086 illud
2347 5032 2502 5086 nobis
2534 5031 2819 5087 dicendum
2848 5042 2930 5086 εει
2960 5046 3080 5101 quae
3105 5029 3179 5087 sit
3214 5032 3538 5087 alfectornm
3573 5042 3797 5099 natura,

2186 5133 2242 5179 et
2279 5123 2404 5191 quid
2437 5123 2668 5177 habeant
2701 5123 3067 5193 proprietatis.
3093 5122 3228 5178 Sunt
3258 5123 3405 5178 enim
3445 5122 3644 5179 allecta
3670 5140 3798 5195 qua:

2185 5213 2579 5284 quodammodo
2608 5197 2807 5283 aliquid
2838 5214 3028 5270 referri
3077 5224 3337 5284 possunt,
3369 5214 3435 5269 ad
3459 5215 3511 5270 id
3545 5215 3615 5269 ad
3644 5213 3793 5285 quod

2185 5306 2512 5361 referuntur.
2535 5306 2725 5361 Omnia
2743 5321 2869 5362 vero
2886 5322 3003 5376 quae
3023 5322 3083 5362 se
3110 5306 3291 5377 aliqua
3307 5307 3576 5362 relatione
3607 5307 3791 5378 respi-

2182 5400 2351 5464 ciunt,
2383 5408 2474 5453 aut
2492 5400 2661 5454 amica
2681 5399 2822 5455 inter
2842 5414 2922 5467 se,
2947 5409 3037 5455 aut
3054 5398 3373 5455 dissidentia
3395 5399 3788 5456 conferuntur.

2183 5489 2240 5546 Si
2267 5492 2459 5556 amica,
2508 5493 2589 5548 vel
2624 5493 3067 5559 substantialiter,
3101 5503 3158 5548 ut
3184 5507 3377 5565 genus,
3404 5494 3602 5558 forma,
3631 5502 3791 5549 ante-

2182 5582 2450 5651 cedentia,
2483 5587 2891 5654 consequentia,
2921 5601 3101 5653 causa,
3136 5586 3395 5650 ell'ectus;
3427 5585 3511 5640 vel
3542 5586 3600 5639 in
3649 5600 3793 5654 qua.

2180 5669 2351 5741 litate,
2397 5686 2451 5729 ut
2501 5678 2865 5748 coniugatum,
2918 5679 3113 5746 simile,
3155 5679 3545 5748 eOnjunclum;
3601 5678 3690 5733 vel
3730 5679 3787 5732 in

2183 5768 2496 5835 quantitate,
2526 5774 2581 5825 ut
2612 5768 2775 5837 paria.
2828 5772 2956 5837 Qun
2983 5779 3112 5826 vero
3139 5770 3241 5827 sibi
3291 5769 3616 5829 dissidentis
3648 5783 3791 5827 con-
