4036 6336
290 321 431 380 1065

1118 327 1183 383 ΙΝ
1219 325 1465 385 ΤΟΡίοᾹ
1505 325 1856 386 CICERONIS
1884 324 2403 388 COMMENTARIA.
2446 332 2575 389 LIB.
2618 333 2682 391 ll.

3428 345 3568 402 l066

297 435 565 506 feruntur,
590 436 780 508 partim
812 450 841 492 a
861 451 920 494 se
948 435 1250 495 differentia
1271 451 1396 496 sunt
1424 451 1648 510 tantum,
1675 443 1867 514 partim
1901 443 1952 502 A
1977 458 2093 512 quae
2135 446 2416 516 unicuique
2456 448 2532 504 rei
2582 449 2865 508 finitimam
2897 461 3139 512 naturam
3169 465 3376 526 tenent,
3415 465 3566 523 velut

288 528 541 595 adversa;
589 528 682 584 sed
714 528 958 595 adversa,
1012 533 1201 598 partim
1258 533 1311 586 in
1341 534 1611 603 qualitate,
1648 542 1703 589 ut
1741 549 1869 589 con-

209 626 214 630 '
287 621 476 688 traria,
511 620 592 675 vel
619 623 986 692 repugnantia,
1017 624 1209 693 partim
1242 627 1294 679 in
1320 627 1634 696 quantitate,
1672 636 1730 682 ut
1756 643 1868 681 ma-

284 712 374 784 jus
416 729 476 768 ac
505 714 700 768 minus.
731 713 860 780 Quae
889 728 1008 769 cum
1041 716 1112 770 ita
1147 717 1276 784 sint,
1311 717 1650 774 manifestum
1677 730 1784 785 est,
1813 727 1870 776 et

286 807 456 860 amica
502 807 604 861 sibi
648 808 980 878 cognationis
1017 810 1280 866 relatione
1309 812 1582 883 conjungi,
1613 823 1667 870 et
1712 814 1869 868 dissi-

289 900 470 954 dentia
502 900 604 956 hoc
631 901 746 972 ipso
774 917 880 972 quo
910 902 1009 958 sibi
1042 903 1264 960 adversa
1294 904 1420 973 sint,
1452 905 1519 960 ad
1551 919 1610 960 se
1640 905 1896 962 invicem'

285 996 610 1064 comparari.
640 994 769 1049 Nam
795 1010 915 1066 quae
936 997 1104 1052 amica
1133 1006 1278 1064 sunt,
1301 999 1491 1055 amicis
1518 1000 1690 1056 amica
1719 1010 1863 1070 sunt,

287 1095 340 1141 et
371 1087 680 1143 dissidentia
701 1090 749 1158 ,a
780 1089 1158 1146 dissidentibus
1187 1091 1465 1148 dissident.
1499 1091 1576 1147 Ita
1603 1093 1765 1163 igitur
1814 1103 1869 1149 et

285 1196 454 1251 genus
483 1183 669 1238 formae
708 1200 876 1255 genus
921 1194 1026 1254 est,
1057 1194 1110 1240 et
1154 1186 1320 1241 forma
1351 1188 1563 1257 generis
1590 1187 1783 1254 forma,
1813 1197 1869 1244 et

285 1276 652 1332 antecedentia
700 1278 1162 1348 consequentium,
1193 1290 1245 1336 et
1289 1283 1671 1353 consequentia
1712 1291 1866 1338 ante-

285 1368 608 1435 cedentium,
640 1379 695 1426 et
722 1386 882 1427 causa
904 1372 1189 1430 effectuum
1221 1390 1402 1442 causa,
1427 1387 1480 1432 et
1500 1377 1720 1434 effectus
1741 1393 1868 1434 cau-

285 1478 466 1518 sarum
512 1462 754 1532 efl‘ectus,
795 1476 849 1520 et
903 1467 1188 1538 conjugata
1235 1469 1531 1541 conjugatis
1584 1471 1866 1542 conjugata

283 1566 427 1625 sunt,
459 1566 510 1611 et
532 1558 708 1614 simile
735 1560 890 1614 simili
914 1560 1108 1627 simile,
1134 1572 1188 1617 et
1209 1564 1554 1633 conjunctum
1578 1566 1864 1636 conjuncta

284 1651 646 1715 conjunctum,
677 1659 729 1704 et
774 1651 922 1720 paria
980 1652 1196 1720 paribus
1250 1655 1420 1724 paria,
1454 1665 1508 1710 et
1556 1656 1862 1712 differentia

282 1739 652 1795 differentibus
674 1741 993 1812 differentia,
1019 1753 1072 1800 et
1093 1746 1295 1816 majora
1317 1749 1609 1804 minoribus
1631 1751 1860 1820 majora,
1882 1755 1885 1758 '

1977 533 2153 589 timori
2185 537 2355 605 pallor
2379 538 2663 608 adjunctus
2692 555 2794 599 est.
2828 545 2952 600 Hazc
2975 548 3096 603 talia
3125 561 3250 606 sunt
3281 562 3336 607 ut
3365 558 3564 625 saepius

1976 624 2187 693 quidem
2223 627 2484 696 adjunctis
2515 631 2614 686 sibi
2644 634 3036 704 cohaerescant,
3067 657 3239 712 neque
3290 624 3466 701 tamen
3493 664 3562 705 ex

1976 717 2292 774 necessitate
2321 720 2402 776 his
2433 724 2623 792 quibus
2650 727 2822 784 vicina
2853 739 2997 800 sunt,
3045 733 3234 791 adesse
3275 750 3562 808 cogantur.

1973 810 2105 866 Nam
2165 828 2310 883 smpe
2351 818 2529 872 timori
2554 820 2726 887 pallor
2776 824 2996 896 assistit,
3043 843 3147 883 non
3198 810 3374 886 tamen
3421 851 3564 890 sem-

1974 919 2092 974 per,
2133 905 2296 961 veluti
2327 921 2447 962 cum
2473 909 2898 971 dissimulatione
2939 921 3204 987 premitur
3239 935 3441 991 metus,
3477 937 3563 982 at-

1972 1009 2077 1064 que
2100 995 2220 1051 ideo
2242 999 2552 1056 verisimilia
2585 1018 2650 1057 ex
2677 1006 2940 1074 adjunctis
2981 1025 3295 1082 argumenta
3326 1031 3561 1074 nascun-

1971 1096 2076 1142 tur.
2110 1087 2242 1144 Nam
2283 1107 2614 1165 quaecunque
2656 1098 2939 1168 conjuncta
2983 1116 3107 1161 sunt
3136 1124 3200 1163 ex
3250 1111 3332 1166 his
3361 1114 3559 1182 quibus

1970 1179 2268 1247 adhaerent,
2295 1183 2490 1240 indicio
2535 1203 2653 1243 esse
2680 1191 2873 1247 solent.
2925 1194 3031 1251 Sed
3056 1199 3124 1255 de
3155 1202 3240 1257 his
3277 1204 3330 1258 in
3372 1179 3556 1276 poste-

1972 1272 2114 1329 riore
2143 1274 2505 1346 disputatione
2554 1281 2867 1353 diligentius
2896 1287 3178 1347 disseram.
3219 1272 3558 1357 Anteceden-

1970 1365 2042 1420 tia
2071 1381 2199 1422 vero
2225 1379 2350 1424 sunt
2387 1372 2580 1440 quibus
2614 1377 2803 1444 positis
2854 1379 2998 1434 aliud
3040 1398 3262 1442 necesse
3301 1401 3382 1445 est
3429 1407 3559 1448 con-

1968 1471 2244 1531 sequatur,
2297 1475 2352 1520 ut
2397 1467 2520 1535 quia
2568 1468 2767 1526 bellum
2811 1486 2912 1540 est,
2955 1491 3078 1532 esse
3117 1479 3426 1540 inimicitias
3463 1503 3560 1544 ne-

1968 1567 2120 1609 cesse
2151 1565 2254 1611 est.
2310 1557 2438 1614 Ilaec
2467 1561 2674 1618 ordinis
2707 1567 3083 1624 necessitatem
3113 1581 3317 1631 tenent.
3346 1577 3553 1636 Conse-

1967 1647 2183 1714 quentia
2211 1650 2354 1705 enim
2378 1652 2445 1707 ab
2474 1657 2917 1714 antecedentibus
2966 1666 3204 1732 separari
3245 1683 3555 1742 nequeunt;

1967 1753 2302 1812 consequens
2339 1761 2471 1801 vero
2515 1759 2598 1802 est
2633 1750 2891 1822 quidquid
2917 1754 2970 1809 id
2999 1759 3139 1826 quod
3172 1764 3437 1818 antecedit
3473 1767 3561 1821 in-

283 1838 340 1886 ει
367 1833 569 1887 minora
619 1832 913 1904 majoribus
942 1837 1148 1892 minora
1175 1847 1322 1905 sunt,
1353 1849 1408 1894 ει
1437 1842 1705 1897 contraria
1733 1858 1862 1899 con-
1891 1841 1941 1905 B
1969 1833 2231 1902 SCQUilUI’,
2261 1845 2317 1891 ιιι
2344 1838 2637 1895 inimicitiae
2667 1842 2866 1900 bellum
2895 1863 3316 1921 consequuntur.
3350 1859 3482 1914 Nam
3510 1864 3560 1917 εἰ

282 1926 465 1980 trariis
487 1927 776 1994 contraria,
807 1938 859 1984 et
880 1933 1227 2002 repugnantia
1259 1935 1676 2005 repugnantibus
1702 1952 1862 2008 repu-

279 2019 496 2088 gnantia
528 2029 669 2074 sunt.
718 2020 920 2078 Aﬂecta
951 2023 1110 2093 igitur
1139 2034 1263 2080 sunt
1294 2042 1412 2097 quae
1442 2042 1563 2083 eum
1604 2043 1634 2083 a
1684 2043 1742 2085 se
1777 2029 1862 2086 in-

278 2112 449 2166 vicem
477 2112 682 2167 diversa
712 2114 840 2182 sint,
873 2115 939 2170 ad
969 2130 1028 2171 se
1055 2118 1285 2174 invicem
1320 2129 1497 2175 tamen
1529 2121 1858 2179 referuntur.

281 2203 386 2260 Sed
406 2219 512 2274 quo
533 2204 720 2261 ordine
747 2205 955 2262 Tullius
983 2209 1225 2278 superius
1251 2209 1537 2280 descripsit
1566 2212 1736 2280 locos,
1763 2226 1861 2268 nos

279 2295 627 2352 difﬁnitiones
655 2299 904 2354 omnibus
930 2315 1280 2370 apponemus.
1313 2304 1509 2360 Eorum
1535 2305 1700 2375 igitur
1741 2322 1863 2376 quae

279 2387 345 2442 ad
377 2403 436 2444 se
460 2389 686 2446 invicem
714 2390 902 2446 aercta
930 2392 1195 2459 dicuntur,
1228 2397 1282 2451 in
1312 2395 1386 2452 Μ.
1416 2397 1576 2452 Tullii
1608 2397 1858 2468 disputa-

281 2480 426 2536 tione
448 2482 615 2551 prima
638 2493 762 2538 sunt
787 2484 1066 2555 conjugata
1099 2505 1110 2539 :
1137 2487 1418 2558 conjugata
1446 2504 1582 2545 voco
1605 2506 1860 2562 quaecun-

279 2587 384 2642 que
411 2574 479 2628 ab
509 2589 612 2628 uno
640 2575 858 2631 nomine
885 2579 1028 2631 varia
1073 2578 1372 2648 prolatione
1401 2580 1711 2651 flectuntur,
1744 2593 1802 2638 ut
1828 2600 1860 2640 a

273 2663 484 2734 justitia
505 2667 702 2736 justus,
734 2668 960 2738 justum,
988 2670 1153 2740 juste.
1186 2671 1314 2728 Haec
1342 2673 1478 2728 inter
1505 2690 1564 2730 se
1594 2691 1715 2731 cum
1744 2677 1859 2746 ipsa

271 2756 506 2828 justitia,
537 2760 679 2815 unde
700 2775 886 2816 eorum
915 2762 1236 2819 vocabulum
1267 2765 1440 2835 ﬂuxit,
1466 2767 1748 2838 conjugata
1776 2770 1858 2824 di-

271 2860 490 2906 cuntur.
514 2852 693 2907 Genus
724 2869 848 2908 vero
879 2852 1004 2925 [est]
1032 2855 1172 2925 quod
1195 2855 1260 2912 de
1283 2859 1465 2914 multis
1496 2861 1680 2929 specie
1706 2860 1863 2917 diffe-

271 2944 518 2998 rentibus
543 2945 592 2998 in
621 2960 686 2999 eo
715 2946 854 3014 quod
881 2947 1007 3016 quid
1029 2957 1112 3002 est
1134 2948 1473 3017 praedicatur,
1495 2952 1641 3006 velut
1661 2952 1860 3009 animal

273 3035 474 3091 dicitur
493 3037 558 3092 de
577 3037 792 3093 homine
804 3049 965 3108 atque
982 3055 1140 3110 equo,
1165 3057 1286 3112 quae
1307 3044 1488 3114 specie
1514 3044 1787 3111 differunt,
1805 3056 1860 3102 et

275 3128 331 3183 in
361 3144 426 3184 eo
449 3129 590 3199 quod
618 3129 741 3200 quid
766 3129 836 3184 sit
862 3131 1197 3200 praedicatur.
1232 3132 1689 3204 lnterrogantibus
1712 3137 1855 3191 enim

1965 1924 2165 1981 bellqu
2194 1938 2298 1995 est,
2320 1930 2632 1991 inimicitias
2657 1951 2780 1994 esse
2807 1955 3030 2000 necesse
3054 1954 3156 2014 est,
3188 1947 3457 2021 habetque
3482 1953 3563 2009 lo-

1965 2031 2059 2074 cus
2082 2019 2168 2074 hic
2189 2021 2320 2077 illud
2352 2026 2589 2084 notabile
2616 2038 2670 2084 et
2699 2036 3075 2107 spectandum,
3102 2042 3244 2111 quod
3270 2019 3412 2113 saepe
3435 2063 3558 2117 quae

1964 2115 2283 2171 naturaliter
2314 2121 2493 2187 priora
2523 2132 2668 2192 sunt,
2702 2133 2883 2184 tamen
2916 2129 3029 2200 ipsa
3056 2143 3179 2190 sunt
3213 2115 3561 2215 consequen-

1964 2207 2057 2262 tia.
2083 2208 2237 2280 Saepe
2262 2227 2383 2282 quae
2429 2217 2747 2274 naturaliter
2775 2225 3122 2295 antecedunt,
3153 2241 3206 2286 et
3254 2234 3309 2289 in
3357 2207 3562 2310 propo-

1965 2299 2159 2358 sitione
2185 2305 2359 2370 priora
2390 2317 2544 2375 sunt;
2568 2325 2802 2382 namque
2827 2316 3123 2376 inimicitiae
3151 2325 3300 2392 prius
3325 2299 3561 2390 exist-ere

1965 2407 2123 2491 quam
2179 2393 2319 2452 bella
2362 2399 2557 2455 solent.
2603 2401 2708 2458 Sed
2765 2421 2872 2461 non
2925 2425 3209 2478 possumus
3251 2434 3560 2491 proponere

1964 2483 2296 2554 inimicitias,
2322 2499 2379 2544 ut
2415 2492 2612 2548 bellum
2644 2509 2920 2566 sequatur.
2946 2503 3062 2560 Non
3096 2483 3560 2580 enim-possumus

1964 2592 2092 2634 vere
2131 2579 2335 2650 dicere,
2361 2584 2406 2638 si
2440 2586 2730 2644 inimicitiae
2755 2602 2902 2660 sunt,
2928 2594 3127 2654 bellum
3155 2579 3386 2669 est,ised
3419 2623 3559 2676 prae-

1963 2673 2212 2741 ponimus
2253 2676 2474 2748 bellum,
2511 2691 2564 2735 et
2610 2682 2905 2742 inimicitiae
2953 2705 3074 2760 qua:
3102 2704 3289 2751 natura
3345 2673 3555 2768 priores

1964 2774 2112 2832 sunt,
2137 2768 2561 2838 subsequuntur,
2581 2775 2676 2843 ita,
2698 2777 2741 2831 si
2758 2778 2956 2834 bellum
2970 2793 3076 2850 est,
3093 2785 3386 2846 inimicitia:
3407 2806 3553 2850 sunt.

1964 2855 2117 2912 Nunc
2146 2858 2306 2930 igitur
2331 2861 2628 2921 inimicitiae
2649 2883 2766 2937 qua:
2793 2874 3107 2930 naturaliter
3129 2877 3324 2935 bellum
3350 2899 3557 2952 praece-

1965 2949 2118 3017 dunt,
2154 2952 2238 3007 ha:
2267 2955 2455 3010 eadem
2497 2958 2635 3013 bella
2671 2962 2724 3016 in
2778 2968 3147 3035 propositione
3187 2949 3557 3046 comitantur;

1963 3052 2019 3096 at
2048 3043 2092 3096 si
2113 3043 2287 3100 dicam
2315 3063 2328 3100 :
2354 3049 2410 3103 Si
2439 3052 2701 3120 superbus
2726 3063 2830 3121 est,
2854 3058 3074 3115 odiosus
3097 3074 3200 3129 est,
3225 3069 3477 3135 superbia
3499 3043 3559 3128 et

1965 3137 2279 3193 naturaliter
2307 3148 2362 3195 et
2390 3141 2444 3196 in
2485 3146 2854 3214 propositione
2878 3151 3060 3206 odium
3091 3159 3373 3226 praecedit;
3402 3165 3552 3231 prius

272 3224 433 3279 nobis
461 3223 586 3293 quid
617 3224 686 3278 sit
709 3223 869 3279 homo
897 3225 980 3280 vel
1011 3242 1203 3296 equus,
1241 3228 1596 3297 respondetur
1635 3230 1854 3285 animal.
1885 3221 1935 3287 C
1965 3230 2108 3285 enim
2135 3233 2385 3302 superbia
2411 3239 2694 3294 consuevit
2721 3242 2978 3313 existere,
2999 3257 3118 3315 post
3146 3266 3274 3306 vero
3297 3221 3457 3326 atque
3485 3273 3552 3314 ex

271 3315 427 3384 Quod
457 3332 623 3386 genus
648 3319 770 3374 licet
797 3334 1018 3374 necesse
1045 3321 1116 3376 sit
1139 3321 1208 3377 ab
1237 3337 1304 3377 eo
1331 3338 1452 3379 esse
1469 3324 1742 3380 diversum
1764 3341 1855 3382 cu-

267 3407 364 3478 jus
389 3425 556 3477 genus
599 3421 700 3477 est,
732 3423 1012 3482 cognatum
1047 3423 1223 3469 tamen
1254 3424 1336 3470 est
1387 3417 1463 3484 ei,
1510 3419 1632 3488 quia
1682 3418 1751 3474 ad
1802 3419 1859 3474 id

271 3501 592 3558 substantia
619 3505 877 3561 relatione
902 3507 1270 3578 conjungitur.
1291 3507 1513 3578 Species
1545 3511 1708 3566 etiam
1751 3522 1857 3585 est,

271 3595 346 3649 de
374 3611 474 3664 qua
505 3611 672 3665 genus
695 3599 940 3669 superius
979 3601 1323 3669 praedicatur,
1349 3616 1509 3670 quam
1531 3602 1719 3658 Cicero
1745 3603 1859 3658 for-

272 3703 420 3744 mam
475 3692 708 3758 vocavit,
752 3694 896 3748 velut
939 3695 1101 3749 homo
1129 3695 1399 3752 animalis.
1432 3695 1737 3754 Similitudo
1779 3707 1861 3755 est

272 3781 454 3836 unitas
479 3784 772 3853 qualitatis.
822 3785 954 3839 Nam
1004 3784 1110 3840 duo
1156 3801 1276 3856 quae
1327 3785 1429 3842 sibi
1485 3787 1682 3842 similia
1709 3797 1856 3854 sunt,

273 3875 519 3931 eamdem
548 3893 769 3933 necesse
797 3887 881 3933 est
912 3877 1110 3934 habere
1153 3878 1487 3949 qualitatem,
1519 3888 1573 3935 et
1603 3879 1860 3950 quoniam

275 3969 451 4038 ipsum
493 3971 594 4025 sibi
622 3972 797 4026 simile
827 3987 946 4028 esse
976 3987 1080 4028 non
1124 3983 1320 4044 potest,
1354 3973 1496 4029 aliud
1527 3990 1750 4032 necesse
1777 3984 1861 4031 est

273 4063 456 4120 simile
483 4067 872 4123 consideretur.
916 4068 1022 4123 Sed
1048 4069 1190 4124 aliud
1221 4085 1342 4127 esse
1371 4087 1476 4127 non
1510 4073 1722 4141 poterit,
1758 4072 1861 4129 nisi

274 4155 439 4211 fuerit
490 4157 541 4212 in
585 4160 760 4231 aliqua
815 4170 966 4230 parte
996 4161 1288 4218 diversum.
1322 4163 1464 4235 Ergo
1495 4166 1710 4231 similia,
1741 4182 1771 4221 a
1801 4181 1860 4222 se

272 4246 333 4301 in
380 4247 476 4300 alia
525 4250 737 4320 quidem
788 4267 848 4307 re
897 4253 1104 4308 diversa
1137 4261 1284 4321 sunt,
1318 4255 1370 4309 in
1420 4256 1522 4310 alia
1559 4271 1688 4312 vero
1727 4271 1861 4312 con-

271 4350 493 4409 gruunt.
529 4343 584 4397 ln
607 4360 667 4400 ea
690 4361 816 4401 vero
847 4363 906 4403 re
927 4363 1046 4418 quae
1067 4350 1361 4404 secundum
1389 4351 1700 4421 qualitatem
1731 4368 1863 4410 con-

271 4441 492 4501 gruunt,
522 4434 574 4489 in
601 4449 664 4492 ea
701 4453 821 4494 esse
867 4439 1062 4495 similia
1094 4441 1482 4513 intelliguntur,
1517 4460 1635 4515 quae
1680 4446 1747 4501 ad
1798 4462 1860 4503 se

271 4528 646 4588 similitudinis
712 4533 854 4591 illius
901 4537 1242 4608 copulatione
1295 4539 1627 4596 referuntur.
1697 4541 1863 4598 DifTe-

272 4628 449 4682 rentia
477 4640 558 4685 est
578 4646 679 4701 qua
704 4635 1117 4706 unumquodque
1145 4636 1324 4693 differt
1344 4638 1411 4694 ab
1441 4639 1572 4708 alio,
1606 4649 1664 4696 ut
1697 4623 1861 4699 homo

271 4719 347 4773 ab
389 4735 525 4791 equo
567 4725 998 4782 rationabilitatis
1052 4729 1351 4787 differentia
1387 4733 1678 4805 discrepat.
1732 4737 1860 4794 Haec

269 4812 436 4880 igitur
465 4816 843 4882 praedicatione
873 4820 1088 4890 quidem
1144 4825 1376 4894 propriae
1425 4835 1628 4883 naturae
1676 4827 1741 4883 ad
1795 4844 1860 4885 ea

269 4905 501 4959 refertur
523 4923 751 4977 quorum
785 4920 868 4965 est
911 4911 1234 4981 difTerentia,
1269 4927 1326 4970 ut
1357 4918 1744 4974 rationabilitas
1788 4921 1855 4978 ad

267 4997 577 5066 hominem;
610 5001 1064 5062 dissimilitudinis
1091 5022 1222 5062 vero
1250 5009 1458 5065 ratione
1487 5011 1553 5064 ad
1581 5026 1643 5066 ea
1671 5027 1702 5066 a
1733 5014 1857 5084 qui-

265 5089 373 5144 bus
418 5092 684 5165 discrepat
733 5096 784 5150 id
831 5098 982 5167 cujus
1022 5107 1105 5154 est
1150 5099 1468 5172 differentia,
1520 5112 1578 5157 ut
1619 5106 1856 5163 rationa-

267 5182 454 5240 bilitas
483 5186 547 5242 ad
573 5187 787 5246 bovem.
812 5189 1092 5248 Contraria
1123 5209 1250 5250 vero
1285 5205 1406 5250 sunt
1438 5213 1556 5267 quae
1585 5199 1638 5253 in
1661 5202 1853 5260 eodem

263 5277 446 5344 posita
479 5295 675 5347 genere
702 5282 1008 5353 longissime
1039 5302 1068 5341 a
1113 5303 1172 5342 se
1211 5287 1540 5359 discrepant,
1583 5301 1642 5346 ut
1673 5294 1851 5352 album

260 5378 429 5439 atque
457 5365 692 5442 nigrum,
720 5390 837 5445 quae
864 5375 989 5432 licet
1017 5377 1070 5433 in
1103 5394 1209 5434 uno
1237 5379 1508 5450 qualitatis
1533 5399 1729 5453 genere
1757 5403 1854 5458 po-

263 5469 486 5530 nantur,
538 5478 565 5516 a
593 5479 653 5520 se
686 5475 862 5522 tamen
895 5484 1054 5538 quam
1109 5470 1420 5541 longissime
1460 5476 1737 5544 recedunt,
1788 5495 1853 5538 ea

260 5567 483 5622 quoilue
514 5557 578 5609 ad
609 5573 668 5613 se
695 5560 886 5616 referri
917 5562 1091 5617 nullus
1122 5563 1349 5633 ignorat.
1397 5568 1553 5624 Aliud
1598 5579 1682 5625 est
1712 5574 1855 5628 enim

260 5644 408 5713 quod
438 5657 583 5715 sunt,
636 5649 781 5706 aliud
813 5653 954 5722 quod
995 5657 1263 5711 contraria
1314 5669 1459 5714 sunt.
1507 5661 1661 5727 Quod
1710 5665 1855 5721 enim

260 5736 476 5806 nigrum
507 5751 614 5810 est,
636 5747 793 5814 quale
818 5755 919 5802 est.
951 5749 1103 5816 Quod
1135 5766 1264 5805 vero
1307 5756 1633 5810 contrarium
1661 5768 1762 5823 est,
1789 5760 1858 5813 ab

256 5829 386 5887 albo
437 5833 724 5903 plurimum
754 5837 1061 5911 discrepans
1094 5853 1192 5901 est.
1227 5844 1524 5918 Conjuncta
1571 5865 1699 5908 vero
1727 5863 1854 5910 sunt

545 5931 816 5996 Paraon.
863 5935 1088 6000 LXIV.

1967 3324 2156 3380 eadem
2178 3329 2425 3398 superbia
2456 3333 2678 3388 veniens
2716 3335 2898 3392 odium
2945 3342 3118 3410 sequi.
3170 3344 3280 3401 Nec
3325 3324 3554 3406 interest

1967 3426 2144 3487 utrum
2173 3423 2490 3479 naturaliter
2519 3427 2777 3495 quaelibet
2803 3433 3086 3488 antecedat
3123 3451 3210 3490 res
3235 3439 3548 3510 aliquando,

1966 3526 2036 3566 an
2063 3528 2190 3569 vero
2212 3528 2592 3588 consequetur,
2625 3520 2750 3575 dum
2779 3523 2832 3577 id
2871 3524 2924 3578 in
2975 3529 3341 3596 propositione
3381 3537 3556 3591 adno-

1967 3613 2140 3659 temus
2161 3648 2175 3672 ,
2205 3622 2322 3663 eam
2351 3623 2470 3665 esse
2499 3625 2613 3666 rem
2645 3614 3071 3684 antecedentem,
3103 3636 3220 3688 qua:
3248 3625 3360 3680 sive
3403 3637 3555 3685 natu.

1967 3697 2152 3753 raliter
2187 3699 2333 3769 prior
2361 3701 2451 3765 sit,
2487 3702 2600 3758 sive
2631 3705 2918 3774 posterior,
2949 3707 3172 3765 alteram
3214 3721 3390 3770 tamen
3435 3734 3553 3775 rem

1968 3805 2149 3864 secum
2205 3794 2516 3848 necessario
2558 3796 2754 3851 trahat.
2791 3797 3157 3870 Repugnantia
3196 3822 3324 3862 vero
3349 3809 3555 3866 intelli-

1966 3894 2162 3955 guntur
2191 3886 2400 3955 quoties
2428 3886 2481 3943 id
2509 3890 2652 3959 quod
2696 3890 2858 3947 alicui
2888 3897 3282 3954 contrariorum
3333 3913 3556 3962 natura—

1967 3977 2093 4034 liter
2116 3979 2361 4049 junctum
2397 3991 2502 4052 est,
2547 3983 2758 4054 reliquo
2786 3989 3063 4046 contrario
3104 4004 3470 4065 comparatur,
3499 3993 3582 4053 ιιι

1967 4074 2220 4142 quoniam
2274 4074 2524 4130 amicitia:
2573 4086 2733 4148 atque
2764 4078 3062 4136 inimicitiae
3093 4087 3358 4142 contraria
3408 4099 3555 4146 sunt.

1969 4163 2280 4221 Inimicitias
2306 4173 2447 4235 ,‘vero
2473 4171 2821 4240 consequitur
2850 4175 3080 4229 nocendi
3110 4177 3379 4245 voluntas,
3417 4185 3556 4239 ami-

1969 4256 2093 4310 citia
2111 4268 2162 4312 et
2188 4259 2417 4314 nocendi
2439 4260 2708 4330 voluntas,
2740 4266 3089 4335 repugnantia
3112 4279 3254 4336 sunt,
3282 4271 3396 4327 haec
3425 4291 3556 4344 quo-

1970 4366 2074 4420 que
2095 4353 2159 4406 ad
2184 4357 2656 4412 secontrarietatis
2676 4358 3026 4417 similitudine
3048 4363 3368 4421 referuntur.
3385 4368 3557 4428 Causa

1970 4452 2052 4498 est
2099 4461 2201 4511 qua
2236 4447 2575 4516 praecedente
2605 4448 2807 4519 aliquid
2863 4452 3116 4523 efficitur,
3154 4465 3211 4511 ut
3259 4473 3418 4514 causa
3449 4463 3559 4521 diei

1971 4545 2056 4591 est
2083 4537 2214 4592 solis
2261 4546 2432 4593 ortus.
2468 4538 2735 4596 Effectum
2782 4551 2866 4598 est
2891 4544 3033 4613 quod
3058 4549 3368 4615 praecedens
3397 4567 3558 4610 causa

1886 4607 1944 4673 D
1971 4627 2201 4698 perficit,
2238 4639 2293 4683 ut
2345 4630 2460 4685 dies
2488 4645 2645 4700 quem
2692 4632 2824 4688 solis
2875 4607 3024 4691 ortus
3053 4639 3266 4694 emittit.
3297 4642 3558 4713 Majorum

1968 4733 2100 4775 vero
2144 4721 2476 4789 comparatio
2528 4730 2610 4778 est
2660 4726 2872 4792 quoties
2902 4727 2950 4782 ei
2982 4729 3123 4797 quod
3155 4732 3330 4789 minus
3355 4745 3456 4802 est,
3505 4737 3561 4795 id

1967 4812 2110 4883 quod
2163 4812 2336 4882 majus
2381 4822 2463 4868 est
2512 4827 2874 4885 comparatur,
2910 4828 2966 4875 ut
3012 4824 3056 4877 si
3098 4840 3258 4880 neruo
3299 4828 3560 4886 innocens

1967 4907 2096 4976 pelli
2125 4908 2176 4962 in
2210 4907 2460 4963 exsilium
2487 4908 2670 4977 debet,
2702 4913 2874 4968 multo
2904 4918 3074 4986 magis
3113 4933 3182 4974 ne
3208 4919 3413 4975 Tullius
3440 4924 3558 4992 qui-

1966 5002 2114 5066 dem,
2141 5003 2232 5073 qui
2259 5017 2366 5058 non
2396 5003 2653 5060 innocens
2685 5006 2884 5074 solum,
2919 5023 3107 5066 verum
3153 5012 3315 5068 etiam
3367 5003 3559 5084 patria:

1967 5094 2068 5150 fuit
2095 5095 2377 5161 liberator;
2411 5097 2528 5165 plus
2549 5107 2632 5153 est
2654 5099 2796 5154 enim
2831 5102 3017 5171 patriae
3049 5118 3170 5160 esse
3201 5105 3554 5167 liberatorem

1969 5202 2128 5258 quam
2162 5185 2524 5245 innocentem.
2552 5189 2766 5246 Parium
2795 5208 2924 5249 vero
2945 5196 3156 5264 quoties
3198 5197 3339 5253 inter
3367 5215 3426 5256 se
3453 5217 3555 5272 pa-

1967 5281 2050 5337 ria
2071 5289 2471 5351 comparantur,
2505 5291 2560 5338 ut
2583 5284 2629 5338 si
2657 5283 2746 5340 hic
2774 5286 2909 5341 civis
2939 5286 3198 5343 innocens
3225 5289 3352 5358 pelli
3379 5293 3432 5348 in
3459 5310 3560 5353 ex-

1970 5360 2148 5431 silium
2177 5391 2284 5431 non
2306 5374 2488 5446 debet,
2520 5377 2640 5446 quia
2674 5379 2931 5434 innocens
2956 5389 3058 5448 est,
3085 5393 3185 5436 nec
3216 5381 3304 5439 ille
3333 5385 3551 5455 quidem

1914 5517 1918 5522 .
1969 5467 2062 5539 qui
2091 5476 2175 5524 est
2202 5468 2460 5525 innocens
2491 5485 2674 5525 carere
2694 5473 2864 5540 patria
2889 5470 3032 5540 juste
3061 5480 3256 5542 potest.
3287 5475 3555 5535 Minorum
3619 5471 3628 5482 “’

1968 5578 2097 5618 vero
2124 5565 2334 5634 quoties
2355 5567 2562 5620 minora
2586 5565 2877 5634 majoribus
2906 5566 3278 5636 conferuntur,
3304 5582 3360 5626 ut
3400 5572 3444 5628 si
3466 5574 3557 5629 Ci-
3616 5557 3651 5599 ⁵·

1968 5670 2222 5711 eeronem
2250 5657 2594 5714 liberatorem
2639 5658 2823 5725 patriae
2876 5659 3097 5728 praemio
3146 5675 3305 5717 nemo
3335 5662 3557 5735 dignum

1966 5752 2192 5822 putavit,
2236 5768 2396 5808 nemo
2423 5768 2542 5809 eum
2577 5760 2725 5820 putet
2758 5753 2976 5820 praemio
3029 5754 3249 5825 dignum
3291 5756 3382 5826 qui
3429 5772 3556 5815 cum

1967 5854 2171 5902 tantum
2203 5845 2463 5908 innocens
2506 5843 2684 5910 fuerit,
2721 5845 2864 5904 nulla
2915 5847 2967 5904 in
2999 5847 3388 5921 rempublicam
3415 5864 3553 5906 con--

3093 5936 3170 6011 at;
