4022 6330
520 247 659 307 I067

1757 247 1868 319 an.
1911 244 2121 319 usus.
2160 240 2336 301 sev:
2359 243 2582 301 eumn

3661 257 3807 325 1068

520 367 647 422 tulit
672 366 884 423 merita.
933 364 1059 421 Haec
1089 366 1267 435 itaque
1296 362 1473 420 omnia
1500 370 1723 433 cognata
1755 362 1856 419 sibi
1886 376 2025 429 esse,
2058 369 2114 417 et
2138 358 2194 423 Δ
2219 357 2345 413 illud
2376 356 2576 425 dicere,
2608 372 2704 414 cur
2740 374 2860 431 qua:
2905 361 3092 418 alecta
3135 373 3261 421 sunt
3303 365 3359 422 io
3404 368 3545 440 ipso,
3575 370 3651 427 de
3693 389 3809 446 quo

516 459 584 515 ad
610 475 671 516 se
698 460 889 517 referri
918 448 1171 525 invicem,
1201 468 1255 516 et
1281 475 1340 515 se
1368 460 1514 514 velut
1554 473 1587 514 e
1637 458 1853 528 regione
1893 459 2106 528 conspi-

454 622 457 625 _
516 561 643 607 cere
671 553 847 608 nullus
890 552 1117 621 ignorat.
1147 550 1279 606 Nam
1314 560 1375 605 ut
1420 550 1487 607 de
1540 550 1837 620 conjugatis
1869 550 2104 619 primum

519 641 822 712 loquamur,
853 651 906 697 et
930 642 1132 709 justitia
1178 641 1243 695 ad
1275 642 1326 696 id
1361 641 1501 713 quod
1545 639 1750 712 justum
1803 649 1906 709 est,
1937 639 2024 695 vel
2050 640 2105 695 id

515 735 657 803 quod
689 732 834 804 juste
865 735 976 787 fieri
1001 743 1196 803 potest,
1223 743 1453 803 spectat,
1483 743 1677 788 etcum
1701 734 1793 805 qui
1818 734 1995 803 justus
2020 740 2107 789 est

514 826 739 895 perlicit.
782 824 987 880 Cmtera
1019 840 1230 895 qunque
1261 826 1458 880 habent
1483 825 1550 879 ad
1576 841 1636 881 se
1667 841 1772 880 non
1821 825 1985 880 modo
2009 841 2104 881 vo-

511 916 687 971 cabuli
734 917 1129 986 cognationem,
1174 931 1359 971 verum
1392 915 1552 971 etiam
1584 916 1865 986 cujusdam
1898 926 2105 972 natura:

511 1011 936 1080 congruentiam,
966 1012 1036 1065 ita
1074 1021 1251 1066 tamen
1283 1018 1341 1065 ut
1370 1025 1398 1064 a
1431 1024 1490 1066 se
1518 1012 1733 1066 diversa
1765 1011 1894 1066 sint.
1919 1011 2104 1080 Neque

511 1103 652 1156 idem
683 1112 769 1158 est
793 1102 1019 1171 justitia,
1057 1105 1197 1172 quod
1236 1102 1436 1170 justus.
1464 1101 1630 1159 Omne
1662 1103 1804 1158 enim
1847 1103 2103 1173 quidquid

510 1195 579 1247 ab
625 1195 802 1263 aliquo
835 1195 1139 1261 inﬂectitur,
1173 1194 1242 1250 ab
1272 1209 1339 1249 eo
1379 1209 1408 1248 ει
1436 1209 1541 1267 quo
1587 1193 1875 1248 inﬂectitur
1899 1203 1980 1248 est
2017 1192 2103 1247 di-

509 1302 745 1354 versum,
780 1288 1064 1357 eidemque
1091 1297 1399 1358 cognatum,
1445 1306 1474 1343 a
1524 1304 1628 1357 quo
1654 1289 1816 1344 etiam
1850 1288 2104 1356 probatur

510 1380 784 1434 inﬂexum.
819 1380 1001 1435 Genus
1029 1381 1192 1436 etiam
1238 1393 1523 1451 cognatum
1568 1398 1689 1438 esse
1716 1383 1793 1437 rei
1822 1383 1975 1450 cujus
2007 1398 2098 1453 ge-

508 1487 611 1525 nus
640 1484 743 1535 est,
774 1473 824 1526 id
848 1482 930 1528 est
952 1474 1174 1543 speciei,
1207 1489 1366 1545 quam
1399 1474 1587 1531 Cicero
1615 1477 1838 1531 formam
1868 1479 2099 1543 vocavit,

508 1563 728 1619 dubium
782 1581 887 1621 non
939 1577 1039 1623 est.
1095 1567 1276 1622 Genus
1306 1570 1449 1623 enim
1481 1571 1679 1639 speciei
1707 1560 1877 1639 genus
1903 1580 2005 1637 est,
2048 1581 2104 1625 ct

507 1657 716 1724 species
752 1661 967 1727 generis
998 1662 1207 1728 species
1239 1661 1455 1730 :itaque
1488 1661 1554 1715 ad
1599 1677 1658 1715 se
1686 1663 1912 1716 invicem
1962 1662 2102 1717 refe-

2208 452 2385 520 agitur
2428 465 2548 506 esse
2595 452 2862 509 dicantur.
2894 453 3103 511 Etenim
3130 457 3183 511 in
3208 457 3327 527 ipso
3370 458 3440 515 de
3475 476 3582 531 quo
3623 466 3809 533 agitur

2207 543 2461 608 termino,
2482 552 2713 613 quatuor
2735 544 2881 600 locos
2905 560 3026 602 esse
3052 547 3367 617 signiﬁcavit
3394 549 3607 618 Cicero,
3643 553 3695 607 id
3717 564 3807 611 est

2205 646 2272 690 es
2316 642 2453 700 toto,
2497 648 2566 688 ex
2597 634 2854 703 partibus,
2881 637 2966 704 {ex
3003 648 3152 703 nota,
3184 654 3249 693 ex
3280 641 3506 696 allectis.
3554 643 3804 710 Quorum

2208 725 2306 780 tria
2332 724 2548 795 quidem
2580 726 2856 796 superiora
2890 730 3229 785 manifestum
3270 740 3351 786 est
3392 733 3445 787 in
3489 748 3556 788 eo
3588 736 3805 793 haerere

2207 819 2274 874 de
2302 835 2408 888 quo
2429 821 2605 889 agitur
2650 821 2903 875 termino.
2939 821 3195 876 Difﬂuitio
3225 825 3365 879 enim
3397 828 3690 895 cujuslibet
3721 833 3803 884 rei

2207 911 2349 979 quod
2386 918 2553 964 totum
2585 919 2687 975 est,
2739 910 2789 963 in
2820 910 2909 965 illo
2937 911 3052 980 ipso
3078 920 3159 966 est
3182 914 3323 981 quod
3354 915 3569 970 difliuit.
3607 918 3800 975 Partes

2207 1001 2368 1078 etiam
2396 1001 2447 1055 in
2479 1001 2597 1069 ipso
2628 1001 2719 1056 illo
2749 1011 2893 1065 sunt,
2919 1002 3063 1071 quod
3090 1002 3411 1061 collectione
3437 1009 3799 1078 conjungunt.

2206 1076 2341 1148 Nota
2380 1093 2543 1147 etiam
2591 1094 2642 1146 in
2675 1093 2768 1147 illo
2797 1103 2879 1148 est
2904 1095 3045 1164 quod
3088 1096 3446 1164 appellatione
3490 1076 3796 1169 significat;

2208 1184 2397 1241 aﬂecla
2428 1200 2560 1239 vero
2584 1186 2918 1241 extrinsecus
2948 1186 3119 1257 posita
3153 1188 3420 1256 videntur,
3452 1194 3659 1259 quippe
3678 1207 3803 1262 qua

2208 1278 2516 1333 referuntur
2542 1278 2609 1337 ad
2650 1279 2701 1334 id
2732 1278 2796 1334 ad
2828 1281 2968 1350 quod
2999 1281 3186 1336 affecta
3212 1293 3357 1346 sunt,
3392 1284 3457 1338 ad
3509 1286 3561 1339 id
3591 1287 3663 1340 de
3685 1301 3795 1356 quo

2207 1370 2383 1439 agitur
2430 1387 2549 1440 quae
2584 1388 2689 1426 non
2731 1372 3063 1439 referuntur,
3108 1375 3209 1429 nisi
3239 1376 3579 1432 extrinsecus
3615 1381 3793 1447 posita

2208 1452 2660 1533 intelligerentur.
2733 1463 2845 1518 Cur
2897 1464 3059 1533 igitur
3103 1480 3165 1520 ea
3220 1468 3382 1522 etiam
3430 1482 3553 1539 quae
3606 1470 3801 1526 affecta

2207 1561 2351 1615 sunt,
2405 1551 2469 1605 ad
2493 1552 2546 1606 id
2575 1552 2643 1608 de
2668 1567 2775 1623 quo
2796 1554 2989 1623 agitur,
3042 1553 3181 1610 inter
3216 1571 3315 1610 nos
3345 1562 3657 1614 numeravit
3707 1562 3795 1615 lo-

2206 1654 2319 1698 cos.
2367 1642 2455 1710 qui
2498 1642 2599 1711 ipsi
2638 1644 2707 1698 de
2749 1659 2855 1713 quo
2893 1645 3152 1714 quaeritur
3207 1648 3434 1705 termino
3486 1650 3797 1721 colunt-ent,

506 1759 721 1815 runtur,
755 1752 878 1806 licet
914 1752 1054 1807 idem
1102 1768 1267 1822 genus
1299 1769 1361 1807 ac
1392 1755 1600 1823 species
1641 1769 1741 1808 non
1791 1754 1919 1811 sint.
1966 1755 2098 1811 Illud
2126 1748 2178 1811 Β
2206 1731 2491 1788 dicendum
2534 1744 2636 1789 θδί·
2669 1735 2930 1802 Quoniam
2972 1735 3023 1790 id
3072 1737 3214 1805 (Ιυυδ
3259 1740 3539 1798 ³ἀ¹⁸³¹⁸τθ
3564 1743 3797 1813 δίωῑυί

507 1855 642 1896 sane
660 1841 949 1897 videndum
978 1854 1080 1909 est,
1103 1844 1353 1913 quoniam
1382 1860 1514 1914 quas
1540 1861 1637 1900 nos
1660 1846 1868 1915 species
1894 1862 2097 1901 nuncu-

504 1946 719 2001 paruus,
754 1950 846 1988 eas
872 1936 1066 1990 Cicero
1107 1937 1306 1991 formas
1340 1947 1516 1991 vocat.
1563 1938 1660 1991 Cui
1700 1939 1937 2007 quidem,
1969 1940 2094 1995 dum

505 2026 647 2096 quod
674 2027 805 2083 dicit
834 2027 1150 2098 intelligam,
1198 2030 1489 2085 concedam
1520 2029 1746 2085 libenter
1773 2032 1965 2097 quibus
2002 2047 2097 2086 vo-

502 2116 661 2174 luerit
702 2120 777 2174 uti
823 2120 1151 2185 nominibus,
1198 2122 1328 2175 mihi
1375 2136 1502 2176 vero
1552 2137 1655 2175 non
1698 2121 1838 2177 idem
1868 2123 2094 2179 concedi

500 2219 697 2277 potest.
729 2211 861 2266 Nam
892 2214 981 2282 qui
1007 2214 1397 2283 explanationis
1444 2216 1615 2271 lucem
1671 2216 1942 2283 professus
1988 2226 2089 2283 est,

500 2298 553 2352 in
578 2298 661 2354 his
690 2300 868 2356 verbis
898 2302 1055 2357 debet
1082 2319 1200 2373 quze
1224 2315 1349 2359 sunt
1379 2306 1431 2360 in
1456 2321 1554 2359 usu
1585 2307 1751 2374 posita
1781 2309 2009 2383 versari.
2037 2309 2095 2363 ld

498 2400 676 2445 autem
691 2394 831 2461 quod
857 2396 1178 2462 supponitur
1192 2398 1375 2465 generi
1404 2407 1460 2451 ut
1485 2401 1714 2465 species,
1740 2414 1896 2469 quam
1922 2398 2094 2454 forma

494 2481 677 2550 patius
702 2495 1059 2555 nuncupetur,
1081 2502 1208 2541 usus
1228 2488 1481 2545 obtinuit.
1501 2488 1619 2543 lam
1646 2505 1771 2544 vero
1793 2490 1969 2545 simile
1991 2490 2094 2545 nisi

494 2572 655 2629 simili
678 2575 853 2631 simile
880 2590 1004 2633 esse
1029 2593 1135 2633 non
1164 2588 1358 2654 potest,
1381 2589 1437 2635 et
1457 2581 1600 2650 quod
1624 2580 1798 2635 diﬂ‘ert
1816 2581 1915 2635 nisi
1938 2596 1967 2635 a
1984 2580 2096 2635 dis-

495 2666 657 2722 simili
690 2666 909 2724 diﬂ‘erre
937 2684 1043 2724 non
1070 2678 1267 2739 potest.
1299 2668 1577 2726 Contraria
1609 2672 1769 2727 etiam
1807 2671 2093 2727 contrariis

492 2757 861 2829 intelliguntur
872 2775 994 2817 esse
1006 2763 1298 2830 contraria,
1314 2765 1597 2834 conjuncta
1612 2765 1773 2820 etiam
1788 2765 2093 2832 conjunctis

490 2849 887 2913 adhaerescunt.
922 2852 989 2908 Et
1008 2871 1128 2924 qua:
1152 2864 1279 2910 sunt
1306 2858 1701 2925 antecedentia,
1726 2856 1924 2927 aliquid
1946 2856 2091 2927 quod

488 2952 668 3012 potest
693 2944 951 3015 consequi
1006 2947 1350 3003 antecedunt.
1394 2948 1449 3002 Id
1470 2950 1632 3003 etiam
1660 2947 1803 3018 quod
1834 2957 1918 3004 est
1950 2963 2082 3004 con-

2172 1840 2173 1843 ‘
2206 1841 2312 1879 non
2368 1825 2507 1881 idem
2532 1838 2615 1882 est
2641 1830 2690 1882 ei
2716 1830 2800 1883 cui
2831 1829 3111 1885 adhaerere
3130 1831 3469 1900 pra:dicatur.
3501 1836 3639 1903 Qua:
3666 1852 3796 1895 cum

2202 1919 2412 1976 diversa
2438 1922 2569 1988 sint,
2599 1922 2920 1993 cognatione
2946 1930 3128 1987 tamen
3151 1926 3379 1994 quadam
3402 1928 3804 2001 intelliguntur

2202 2026 2324 2067 esse
2339 2013 2649 2082 conjuncta,
2670 2015 2832 2069 veluti
2856 2030 2961 2070 non
2985 2016 3127 2071 idem
3146 2027 3229 2072 est
3245 2017 3501 2074 difﬁnitio
3516 2021 3664 2090 quod
3683 2022 3805 2093 ipsa

2201 2122 2290 2162 res
2318 2124 2438 2178 qua:
2482 2108 2805 2165 diffinitione
2843 2109 3194 2166 describitur.
3239 2111 3298 2167 Si
3344 2114 3488 2169 enim
3534 2113 3801 2173 difficilia

2202 2201 2396 2257 clarius
2415 2201 2581 2256 ellicit
2611 2201 2663 2257 id
2687 2202 2828 2272 quod
2849 2201 3070 2268 difﬂuit,
3096 2203 3230 2258 nihil
3252 2219 3385 2259 vero
3412 2205 3592 2274 ipsum
3614 2222 3648 2262 e
3669 2223 3801 2265 sese

2203 2289 2288 2361 [Ρ.
2319 2290 2460 2362 esse]
2478 2292 2673 2347 clarius
2696 2308 2855 2362 quam
2877 2303 2960 2351 est
2980 2292 3199 2355 efficere
3220 2304 3418 2365 potest,
3441 2296 3795 2356 manifestum

2201 2394 2284 2437 est
2323 2383 2375 2438 id
2416 2385 2556 2454 quod
2586 2385 2848 2441 difﬂuitur
2888 2401 2920 2448 a
2950 2384 3279 2442 difﬂuitione
3314 2402 3437 2444 esse
3490 2388 3799 2448 diversum.

2203 2475 2309 2530 Sed
2358 2475 2554 2531 idcirco
2604 2478 2809 2532 hzerere
2837 2477 3217 2537 difﬂuitionem
3259 2480 3311 2534 in
3354 2494 3422 2535 eo
3464 2482 3610 2551 quod
3647 2482 3801 2538 difﬂ-

2200 2566 2344 2622 nitur
2384 2567 2629 2635 dicimus,
2656 2569 2777 2637 quia
2808 2579 2893 2624 est
2934 2570 2988 2625 ei
3014 2582 3240 2640 cognata
3274 2580 3433 2642 atque
3472 2574 3797 2644 conjuncta,

2198 2657 2395 2729 quippe
2441 2675 2562 2729 qua;
2603 2659 2730 2715 dum
2775 2661 2896 2731 ejus
2944 2663 3322 2731 proprietatem
3373 2664 3677 2734 significet,
3721 2667 3797 2722 ab

2197 2753 2313 2819 ejus
2338 2753 2635 2808 substantia
2667 2767 2774 2807 non
2797 2753 3019 2808 recedit.
3048 2753 3236 2809 Partes
3259 2754 3419 2809 etiam
3445 2770 3512 2809 ac
3534 2767 3680 2819 uota
3703 2757 3797 2813 di-

2197 2859 2351 2900 versa
2384 2856 2507 2899 sunt
2531 2844 2599 2899 ab
2622 2859 2688 2900 eo
2717 2846 2859 2914 quod
2905 2846 2991 2901 vel
3036 2847 3315 2915 capulant,
3361 2848 3443 2902 vel
3474 2847 3787 2919 designant.

2197 2939 2303 2996 Sed
2342 2940 2465 3009 quia
2500 2939 2605 2994 illa:
2629 2940 2960 3010 propositum
2983 2939 3274 2995 terminum
3299 2940 3557 3011 jungunt,
3590 2942 3699 2996 illa:
3724 2944 3799 2997 si-

490 3049 723 3105 scqueus
747 3038 877 3093 illud
903 3038 1047 3106 quod
1073 3041 1361 3095 antecessit
1380 3041 1697 3110 insequitur.
1726 3043 1897 3097 Omne
1918 3040 2082 3098 etiam

2195 3032 2469 3102 griilcant,
2500 3033 2758 3095 habentes
2785 3033 3020 3104 aliquam
3066 3048 3187 3089 cum
3223 3036 3503 3103 proposito
3555 3037 3794 3091 termino

488 3142 794 3196 repugnans
825 3131 1141 3198 repugnanti
1180 3131 1395 3187 sibimet
1424 3134 1736 3204 intelligitur
1777 3134 2076 3191 inimicum.

2195 3124 2589 3194 cognationem,
2618 3123 2673 3179 in
2697 3126 2814 3194 ipso
2838 3126 2906 3180 de
2934 3140 3041 3195 quo
3070 3125 3247 3195 agitur
3269 3127 3477 3181 Izzerere
3504 3125 3797 3192 perhiben—

487 3217 661 3277 causa
691 3222 851 3275 etiam
887 3222 1108 3279 enectus
1137 3224 1221 3280 sui
1249 3239 1408 3279 causa
1437 3237 1540 3282 εει,
1572 3228 1725 3295 Quod
1756 3230 1898 3283 enim
1929 3245 2076 3299 qua}-
2144 3212 2153 3217 ’
2187 3225 2292 3273 tur.
2322 3218 2395 3273 lta
2416 3218 2579 3273 etiam
2606 3217 2661 3272 in
2680 3218 2907 3285 allectis,
2935 3218 3063 3274 licet
3083 3218 3424 3274 extrinsecus
3450 3220 3584 3285 sint,
3611 3236 3791 3291 neque

487 3311 568 3364 vis
594 3326 753 3365 causa
786 3311 974 3380 efﬁcit,
1004 3313 1122 3384 ejus
1148 3316 1225 3370 rei
1256 3331 1418 3386 quam
1449 3316 1613 3372 efﬂcit
1644 3333 1803 3373 causa
1831 3328 1948 3385 est;
1991 3320 2077 3375 ef-

486 3404 659 3463 fectus
704 3421 921 3477 quoque
964 3423 1144 3464 causae
1171 3408 1401 3481 alicujus
1428 3410 1652 3467 effectus
1690 3422 1797 3469 est.
1841 3414 2077 3483 Compa-

485 3497 624 3551 ratio
658 3513 785 3557 vero.
811 3500 1075 3569 majorum
1105 3502 1306 3557 minora
1357 3504 1598 3575 respicit,
1650 3505 1917 3561 minorum
1947 3521 2078 3562 vero

484 3588 721 3656 majora,
757 3592 963 3661 parium
996 3593 1161 3662 paria,
1205 3603 1367 3667 atque
1398 3597 1454 3652 in
1492 3599 1742 3654 omnibus
1774 3615 1839 3656 ea
1885 3611 2072 3656 natura

482 3693 603 3733 esse
630 3681 1067 3751 deprehenditur,
1099 3694 1158 3741 ut
1182 3701 1303 3741 cum
1327 3703 1424 3757 per
1470 3704 1531 3745 se
1558 3704 1645 3745 res
1683 3691 1931 3759 quaedam
1960 3694 2074 3747 sint

466 3770 709 3855 .diversze
745 3774 815 3833 ab
852 3774 935 3829 his
981 3776 1049 3831 ad
1089 3792 1210 3846 qua:
1264 3779 1596 3847 referuntur,
1647 3782 1835 3838 aﬂ'ecta
1894 3794 2074 3845 tamen

481 3877 602 3920 esse
622 3865 747 3921 dum
770 3880 1173 3935 comparantur,
1199 3884 1531 3940 appareant;
1555 3876 1769 3930 diversa
1794 3893 1920 3933 vero
1948 3894 2075 3935 esse

368 3944 371 3945 ⁷
466 3954 551 4029 ab
584 3955 664 4010 his
686 3955 750 4011 ad
777 3971 895 4026 quae
919 3957 1242 4027 referantur,
1276 3963 1362 4017 illa
1386 3981 1478 4020 res
1499 3966 1782 4035 approbat,
1816 3970 2072 4038 quoniam

481 4045 615 4111 nihil
656 4048 721 4102 ad
756 4064 815 4104 se
843 4050 1016 4119 ipsum
1050 4052 1242 4110 referri
1267 4066 1462 4124 potest.
1495 4060 1624 4126 Quae
1668 4075 1789 4114 cum
1840 4062 1911 4116 ita
1943 4064 2069 4128 sint,
2106 4070 2123 4105 ‘-

478 4138 601 4207 jure
616 4138 801 4195 aﬂ'ecta
826 4130 951 4203 sunt
974 4157 1301 4215 nuncupata.
1333 4148 1463 4216 Quae
1487 4151 1820 4222 orunia‘ejus
1849 4153 1949 4208 loci
1980 4155 2073 4225 qui

480 4244 545 4283 ex
590 4230 793 4284 allectis
831 4233 1075 4301 ducitur,
1127 4239 1333 4307 species
1388 4240 1473 4296 vel
1528 4240 1714 4295 formae
1763 4251 1910 4310 sunt,
1955 4246 2073 4314 ipso

480 4321 641 4375 etiam
672 4332 897 4381 testante
927 4325 1208 4393 Cicerone,
1250 4330 1339 4399 qui
1386 4335 1499 4387 ait:
1530 4330 1639 4389 Sed
1682 4334 1784 4387 hoc
1809 4350 1980 4403 genus
2014 4336 2070 4393 in

463 4402 658 4483 'plures
686 4427 865 4486 partes
886 4419 1228 4483 distributum
1251 4433 1355 4480 est.
1380 4425 1514 4480 Cum
1536 4427 1680 4481 enim
1714 4402 1884 4495 genus
1912 4429 2067 4497 dixit,

2186 3309 2331 3365 enim
2364 3310 2506 3365 idem
2533 3319 2660 3366 sunt
2697 3311 2840 3381 quod
2877 3325 2939 3366 ea
2968 3320 3097 3367 sunt
3122 3310 3190 3366 ad
3238 3327 3357 3381 qua:
3405 3314 3788 3383 intelliguntur

2183 3400 2394 3468 affecta,
2427 3401 2736 3457 necessario
2762 3411 2960 3465 tamen,
2980 3404 3106 3473 quia
3133 3403 3368 3472 aliquam
3396 3405 3785 3475 cegnatiooem

2184 3507 2309 3570 cum
2346 3492 2429 3549 his
2472 3493 2671 3550 habere
2718 3493 3147 3561 considerantur,
3203 3494 3255 3549 iu
3288 3495 3420 3564 ipsis
3458 3497 3675 3552 haerere
3699 3496 3789 3552 di-

2184 3598 2380 3642 cuntur
2422 3586 2488 3641 ad
2518 3601 2640 3655 qua:
2674 3586 2742 3651 ad
2767 3583 2954 3641 allecto
2983 3595 3127 3649 sunt.
3153 3585 3253 3652 Qui
3281 3600 3413 3641 vero
3448 3601 3648 3642 eorum
3690 3602 3787 3642 na-

2183 3677 2372 3737 turalis
2411 3678 2544 3733 ordo
2570 3678 2660 3742 sit.
2691 3677 2773 3733 vel
2793 3692 2915 3748 qua:
2942 3676 3267 3741 dill‘erentia,
3310 3678 3392 3731 vel
3423 3693 3546 3747 qua
3571 3680 3645 3733 sit
3672 3679 3785 3735 alia

2184 3772 2427 3828 locorum
2462 3772 2704 3841 partitio,
2755 3772 2881 3827 licet
2924 3772 2980 3828 iu
3008 3770 3199 3840 topicis
3222 3770 3549 3827 differentiis
3580 3786 3789 3842 upper.

2184 3866 2365 3920 tunius
2401 3864 2793 3933 expediendum
2832 3864 2924 3928 sit,
2975 3874 3151 3920 tamen
3181 3879 3302 3919 cum
3332 3866 3583 3933 exempla
3629 3864 3789 3919 Cice-

2184 3959 2334 4013 ronis
2377 3973 2497 4026 quae
2534 3960 2586 4012 in
2616 3957 2700 4013 his
2727 3956 3062 4024 explicandis
3090 3957 3268 4013 attulit
3297 3970 3630 4027 exposuero,
3654 3958 3787 4014 sub-

2177 4049 2417 4119 jungam.

2252 4140 2543 4212 Conjttgala
2567 4142 2825 4211 dicuntur,
2843 4156 2957 4211 qua
2977 4149 3092 4195 sunt
3121 4155 3185 4196 es
3209 4142 3374 4199 verbis
3402 4142 3605 4211 generis
3632 4144 3783 4213 ejus-

2180 4234 2314 4291 dem.
2353 4232 2605 4304 Ejusdem
2645 4243 2815 4287 autem
2858 4233 3055 4302 generis
3084 4235 3231 4289 verba
3260 4244 3378 4289 sunt
3401 4249 3518 4303 quia
3544 4244 3661 4287 orta
3707 4232 3776 4287 ab

2179 4341 2284 4380 uno
2314 4327 2452 4381 varie
2475 4334 2870 4385 commutantur.
2903 4335 2958 4378 ut
2984 4326 3217 4396 sapiens,
3242 4325 3530 4395 sapienter,
3560 4326 3783 4393 sapia—

2183 4420 2285 4483 tt'a;
2310 4420 2419 4475 hac
2454 4419 2718 4483 uerborum
2759 4420 3049 4490 wtyugati'a
3076 4422 3301 4494 συζυγία
3324 4418 3539 4483 dicitur,
3575 4434 3645 4473 ex
3673 4436 3781 4488 qua

477 4520 610 4574 quas
632 4508 826 4562 scindit
852 4525 885 4565 a
907 4526 1103 4580 genere
1131 4516 1341 4583 species
1366 4530 1489 4571 esse
1513 4516 1764 4585 signavit.
1802 4519 2073 4576 Praeterea

2195 4511 2480 4580 'lttjttsmodt
2508 4522 2578 4567 est
2608 4520 2963 4582 argumentum
2991 4525 3011 4566 :
3040 4510 3102 4566 Si
3137 4525 3468 4582 compascuus
3510 4526 3643 4579 ager
3676 4520 3780 4576 est.

404 4666 405 4669 η
475 4600 803 4656 omnia‘hzec
849 4612 906 4659 et
943 4619 1139 4662 nomen
1175 4609 1393 4676 generis
1451 4608 1749 4679 suscipiunt
1773 4620 1828 4666 et
1867 4612 2071 4668 difﬁni-

475 4702 696 4757 tionem.
731 4701 933 4759 Aﬂecta
956 4706 1097 4760 enim
1147 4716 1273 4760 sunt
1317 4707 1385 4762 ad
1412 4708 1636 4777 aliquid,
1667 4727 1786 4780 qua:
1811 4713 1877 4767 ad
1911 4714 1964 4768 id
2000 4715 2070 4771 ad

400 4788 405 4793 ’
472 4802 612 4872 quod
635 4803 824 4859 affecta
852 4817 998 4873 sunt,
1041 4806 1230 4863 referri
1273 4817 1511 4878 queunt;
1546 4814 1830 4883 conjugata
1858 4830 1986 4869 vero
2016 4826 2070 4873 et

471 4920 677 4983 gentis,
712 4921 767 4965 et
813 4909 1008 4980 forma,
1042 4921 1095 4966 et
1141 4921 1355 4976 caetera,
1394 4915 1459 4967 ad
1493 4931 1554 4969 ea
1586 4931 1802 4985 semper
1830 4918 1897 4973 ad
1946 4936 2067 4990 que

470 5010 820 5075 suntaffecta,
845 5010 1170 5066 referuntur.
1201 5010 1332 5077 Sed,
1365 5022 1421 5066 ut
1451 5014 1503 5068 in
1533 5017 1901 5084 superioribus
1934 5019 2073 5087 locis

468 5113 670 5169 dictum
701 5123 803 5181 est,
835 5114 925 5184 qui
966 5113 1021 5169 in
1050 5115 1168 5183 ipso
1209 5114 1278 5171 de
1304 5131 1410 5186 quo
1441 5118 1619 5190 agitur
1662 5119 1963 5190 haerebant,
2011 5122 2077 5191 id,

468 5228 639 5301 estex
682 5198 813 5286 toto,
847 5235 914 5274 ex
962 5221 1224 5291 partibus,
1267 5237 1331 5278 ex
1378 5232 1523 5289 nota,
1557 5235 1614 5280 ut
1644 5240 1709 5281 ex
1736 5232 1863 5289 toto
1891 5242 1956 5283 eo
1981 5227 2065 5283 in-

470 5321 736 5399 telligatur
754 5324 991 5389 termino
1005 5324 1093 5395 qui
1118 5324 1307 5382 luisset
1329 5327 1380 5381 in
1403 5327 1703 5398 quaestione
1720 5329 2057 5400 propositus,

470 5421 705 5493 itemque
728 5441 795 5479 ex
818 5424 938 5496 ejus
967 5426 1208 5497 partibus
1246 5437 1408 5501 atque
1435 5445 1499 5486 ex
1532 5430 1649 5499 ejus
1675 5441 1820 5497 nota.
1854 5408 2059 5499 Eodem

468 5523 627 5583 modo
652 5524 815 5591 etiam
846 5525 896 5581 in
936 5526 1003 5582 iis
1031 5542 1151 5596 qua:
1182 5530 1372 5585 aﬂ‘ecta
1414 5540 1538 5585 sunt
1565 5532 1812 5588 dicemus
1841 5534 1908 5591 ad
1935 5550 2062 5590 eum

451 5624 759 5681 “terminum
783 5624 971 5682 affecta
996 5629 1351 5696 considerari,
1383 5631 1474 5700 qui
1504 5632 1729 5701 subjecti
1755 5637 1839 5690 vel
1864 5638 2064 5705 praedi-

471 5726 573 5778 cati
599 5725 718 5781 loco
747 5728 954 5795 positus
970 5730 1213 5786 continet
1233 5732 1604 5799 quaestionem.
1628 5735 1887 5810 Superest
1912 5753 2059 5797 nunc

2130 4606 2135 4609 ’
2176 4605 2265 4676 jtis
2288 4614 2359 4660 est
2387 4619 2730 4674 contpascere.

2255 4704 2514 4759 Diflinitio
2561 4706 2965 4774 conjugatorum
3012 4719 3043 4760 a
3082 4703 3344 4767 Cicerone
3390 4704 3603 4773 prolata
3658 4705 3785 4763 talk

2183 4814 2287 4862 est.
2319 4804 2613 4877 Conjugata
2640 4805 2890 4863 dicuntur
2935 4822 3052 4876 qua:
3091 4816 3217 4863 sunt
3255 4822 3319 4862 ex
3350 4806 3528 4861 verbis
3557 4796 3783 4877 geneer

2179 4907 2443 4977 ejusdem,
2478 4904 2529 4961 id
2550 4916 2632 4961 est
2654 4923 2772 4977 qua:
2799 4908 2867 4962 ab
2893 4922 3001 4963 uno
3029 4908 3194 4964 verbo
3223 4908 3388 4963 variis
3418 4908 3779 4965 inﬂectuntur

2182 5009 2376 5065 modis.
2404 5009 2480 5065 Ex
2510 5010 2699 5066 eodem
2728 5010 2925 5083 quippe
2951 5026 3147 5081 genere
3176 5012 3339 5066 verba
3366 5021 3512 5078 sunt,
3537 5011 3777 5080 jttstilia,

2174 5116 2370 5187 justus,
2401 5115 2562 5187 juste,
2592 5118 2816 5188 justum,
2849 5126 2904 5172 et
2948 5131 3281 5187 quaecunque
3311 5116 3418 5171 alia
3442 5114 3496 5171 in
3529 5114 3781 5169 diversas

2180 5231 2408 5291 possunt
2458 5222 2837 5277 vocabulorum
2894 5219 3102 5291 species
3150 5218 3369 5276 inﬂecti.
3433 5220 3784 5287 Qumcunqua

2179 5325 2320 5379 enim
2354 5325 2419 5379 ab
2449 5338 2556 5378 uno
2583 5322 2819 5393 quolibet
2849 5332 2967 5377 orta
3015 5323 3160 5378 varie
3195 5330 3625 5384 commutantur,
3667 5324 3783 5374 Iu‘c

2173 5446 2205 5485 a
2244 5429 2445 5486 Grmcis
2494 5430 2710 5501 quidem
2760 5433 2979 5503 συζυγία
3020 5430 3309 5496 dicuntur,
3357 5428 3499 5499 apud
3554 5428 3785 5483 Latinos

2171 5549 2301 5588 vero
2348 5532 2626 5601 conjugata
2663 5548 2677 5585 :
2715 5547 2835 5587 nam
2883 5530 3022 5601 quod
3071 5529 3247 5587 Grteci
3279 5534 3513 5605 συζυγία
3562 5528 3785 5601 dicunt,

2173 5650 2270 5693 nos
2301 5633 2732 5705 conjugatiouem
2762 5633 3118 5703 appellamus.
3153 5631 3279 5689 Haec
3309 5640 3493 5689 autem
3523 5639 3680 5697 sunt,
3712 5639 3777 5699 ut

2171 5738 2409 5810 sapiens,
2434 5738 2726 5807 sapienter,
2753 5737 3035 5808 sapientia,
3059 5744 3113 5803 et
3137 5750 3475 5807 quacunque
3504 5735 3557 5791 ia
3597 5734 3788 5792 varias
