4036 6336
258 235 398 295 1089

1085 233 1151 293 IN
1181 232 1430 293 TOPICA
1469 228 1834 289 CICERONIS
1871 223 2390 293 COMMENTARIA.
2433 238 2560 296 LIB.
2603 232 2669 294 Il.

3399 236 3537 299 I070

254 364 440 429 partes
468 352 745 419 orationis,
778 352 1063 424 variasque
1094 352 1436 415 inﬂexiones,
1468 348 1537 403 ab
1568 362 1675 402 uno
1704 360 1839 417 quo-
1875 346 1927 407 A
1953 332 2318 417 argumentum
2353 357 2641 426 requiram.
2679 354 2849 413 Video
2890 354 3189 429 subjectum
3220 360 3536 430 terminum.

253 447 381 504 dam
411 446 568 501 ducta
596 454 905 500 cernuntur.
932 444 1011 499 Ex
1038 443 1338 514 coniugatis
1364 442 1523 512 igitur
1542 437 1844 509 argumenti
1868 446 1869 449 ‘

257 542 530 595 nascentis
560 538 663 593 hoc
690 538 995 606 exemplum
1026 549 1109 591 εει
1138 536 1243 590 :sit
1272 536 1415 590 enim
1452 532 1752 587 dubitabile
1782 547 1848 585 an

256 635 312 688 in
340 634 520 701 aliquo
550 646 681 702 agro
711 631 840 686 mihi
866 639 1027 699 atque
1056 629 1230 683 vicino
1259 628 1417 683 simul
1449 640 1668 695 pascere
1693 625 1852 678 liceat

256 740 443 794 pecus,
478 724 530 777 id
554 722 639 779 est
663 738 731 778 an
754 722 841 791 jus
865 724 937 777 sit
961 736 1311 790 compascere
1330 718 1657 789 :subjectum
1687 716 1851 785 igitur

254 829 341 876 est
384 833 535 889 ager,
577 831 924 887 compascere
974 830 1103 870 vero
1152 815 1519 884 praedicatum.
1566 810 1850 865 Faciemus

255 912 439 979 itaque
463 919 839 979 argumentum
872 909 973 963 hoc
1013 906 1175 963 modo
1200 927 1214 961 :
1242 906 1342 962 llic
1368 906 1436 960 de
1462 919 1568 974 quo
1594 904 1851 973 quaeritur

251 1018 385 1074 ager
408 1016 760 1072 compascuus
781 1011 885 1069 est,
915 1002 971 1057 in
997 1015 1320 1070 compascuo
1346 1006 1524 1056 autem
1551 998 1676 1053 licet
1702 1009 1851 1051 com-

254 1111 500 1169 pascere,
533 1096 589 1151 in
630 1096 731 1150 hoc
780 1095 941 1164 igitur
982 1111 1113 1167 agro
1155 1095 1278 1149 licet
1321 1106 1686 1162 compascere.
1752 1090 1851 1143 Hic

254 1185 416 1257 igitur
444 1187 826 1256 cnmpascendi
851 1186 987 1255 juris
1026 1195 1401 1255 argumentum
1432 1199 1497 1239 ex
1528 1194 1849 1248 compaseuo

256 1288 530 1346 sumptum
580 1286 684 1343 est,
729 1292 798 1331 ex
851 1276 1136 1346 conjugato
1178 1275 1445 1331 videlicet.
1493 1272 1851 1340 Compascere

255 1372 402 1426 enim
431 1380 485 1426 et
512 1383 890 1438 compascuum
920 1366 1203 1438 conjngata
1236 1376 1383 1422 sunt.
1407 1366 1692 1432 Sumptum
1720 1376 1850 1417 vero

254 1469 342 1517 est
366 1468 760 1531 argumentum,
789 1459 878 1528 jus
931 1474 1052 1514 esse
1096 1472 1466 1526 compascere,
1500 1454 1750 1525 quoniam
1782 1454 1853 1508 sit

256 1569 386 1624 ager
429 1567 801 1623 compascuus,
836 1553 930 1607 sed
961 1552 1303 1621 conjugatmn
1349 1560 1431 1603 est
1472 1561 1849 1614 compascuum

226 1646 308 1705 _ei
338 1644 480 1715 quod
511 1659 875 1714 compascere.
932 1643 977 1703 A
1023 1642 1324 1712 conjugatis
1374 1641 1533 1709 igitur
1576 1647 1849 1706 sumptum

1956 442 2043 511 qui
2088 453 2172 500 est
2199 456 2473 503 numerata
2523 451 2769 519 pecunia,
2803 452 3000 507 habere
3029 462 3312 523 argentum
3342 470 3538 526 genus,

1955 535 2093 603 quod
2126 536 2373 592 allectum
2405 542 2812 606 est,scilicetad
2838 544 3069 614 speciem
3100 562 3251 602 suam
3280 549 3347 603 ad
3375 566 3537 620 quam

1956 624 2202 681 refertur.
2237 628 2366 695 Qua:
2409 633 2551 686 enim
2591 634 2655 688 ad
2699 651 2757 689 se
2789 636 3016 692 invicem
3052 638 3382 706 referuntur,
3413 642 3545 696 affe-

1954 731 2039 774 cta
2063 732 2215 787 sunt;
2245 737 2372 791 ergo
2397 726 2647 792 quoniam
2679 738 2958 798 argentum
2985 747 3144 787 omne
3174 735 3404 803 legatum
3435 749 3540 807 est,

1955 820 2010 865 et
2052 828 2219 881 genus
2262 813 2495 883 speciem
2543 820 2814 888 propriam
2857 837 2963 877 non
3010 823 3287 895 relinquit,
3321 841 3545 883 necesse

1955 915 2039 960 est
2083 915 2139 960 ut
2187 918 2469 964 numerata
2519 926 2733 982 quoque
2782 916 3003 982 pecunia
3047 919 3117 972 sit
3164 919 3359 989 legata.
3408 920 3542 975 Nam

1954 1011 2075 1051 cum
2107 1012 2264 1052 omne
2294 1015 2505 1055 'nomen
2536 1003 2750 1082 generis
2777 1004 3008 1075 legatum
3040 1009 3130 1075 sit,
3157 1010 3292 1067 nihil
3322 1012 3391 1067 de
3417 1028 3545 1082 spe-

1955 1091 2140 1145 ciebus
2187 1092 2399 1148 videtur
2444 1106 2749 1167 exceptum,
2784 1103 2929 1155 velut
2956 1104 2997 1156 si
3027 1095 3143 1174 quis
3185 1106 3543 1175 dicat,.omne

1956 1184 2150 1238 animal
2183 1186 2383 1253 vivere,
2417 1204 2523 1243 non
2557 1199 2612 1244 ut
2636 1191 2869 1247 arbitror
2898 1203 3102 1252 tantum
3148 1197 3421 1257 hominem
3454 1204 3544 1259 vel

1955 1275 2167 1341 bovem,
2199 1280 2285 1333 vel
2314 1296 2531 1350 equum,
2564 1284 2648 1337 vel
2681 1285 2951 1355 sigillatim
2984 1298 3198 1359 caetera,
3234 1293 3319 1348 vel
3353 1310 3541 1363 unum,

1960 1371 2043 1425 vel
2077 1372 2225 1441 plura
2259 1374 2439 1429 vivere
2464 1376 2615 1443 dicit,
2648 1388 2704 1432 ut
2733 1366 2908 1434 tanien
2942 1382 3116 1452 aliqua
3149 1402 3267 1440 cum
3297 1391 3404 1445 sint
3427 1392 3547 1447 ani-

1958 1464 2148 1527 malit,
2197 1467 2321 1520 vitae
2373 1483 2593 1525 munere
2642 1486 2828 1527 carere
2875 1478 3195 1545 contendat,
3244 1481 3337 1536 sed
3382 1497 3547 1541 omne

1959 1572 2178 1624 prorsus
2222 1560 2480 1630 quidquid
2532 1562 2695 1619 fuerit
2752 1566 2982 1634 animal,
3039 1571 3221 1626 vivere
3268 1579 3544 1644 proponit.

1956 1646 2088 1703 Cum
2144 1652 2303 1721 igitur
2347 1670 2508 1710 omne
2542 1670 2732 1725 genus,
2768 1658 2819 1712 id
2861 1670 2943 1741 est
2970 1676 3126 1718 omne
3163 1676 3441 1735 argentum
3469 1668 3547 1724 le-

255 1748 344 1794 ⁸⁸⁸
386 1744 782 1808 “Numenium.
815 1737 957 1807 (111οά
1010 1734 1353 1805 οοιιὶυςειιυηι
1406 1734 1458 1788 in
1510 1731 1627 1801 ίνεο
1674 1730 1852 1785 “ide
1884 1747 2139 1810 Bgatum
2188 1745 2292 1812 sit,
2345 1747 2488 1802 nulla
2551 1750 2759 1817 species
2811 1730 3097 1819 excipitur.
3153 1730 3548 1819 At'numerata

257 1844 368 1900 quo
395 1832 588 1899 agitur,
618 1830 669 1887 id
719 1836 805 1887 est
834 1828 888 1882 in
938 1826 1368 1897 compascendo;
1398 1824 1575 1880 omnia
1606 1824 1750 1879 enim
1781 1838 1848 1877 ex

258 1922 449 1989 eodem
483 1923 676 1983 fluunt.
708 1930 764 1976 et
792 1924 875 1976 sui
922 1928 1049 1976 sunt
1095 1918 1426 1975 continentia
1476 1928 1636 1987 atque
1675 1932 1734 1971 se
1766 1930 1851 1970 re-

256 2015 563 2086 spicientis.
622 2014 842 2070 Factum
895 2022 974 2069 est
1029 2013 1188 2082 igitur
1244 2020 1618 2082 argumentum
1667 2024 1734 2064 ex
1783 2023 1851 2064 eo

258 2104 403 2177 quod
451 2114 535 2162 est
582 2106 633 2160 in
686 2109 821 2175 ipso,
852 2105 920 2160 ab
969 2104 1196 2170 allectis,
1230 2104 1282 2159 id
1328 2114 1412 2159 est
1454 2119 1484 2158 a
1528 2102 1846 2171 conjugatis.

260 2198 493 2265 Maxima
540 2213 667 2255 vero
716 2186 1010 2268 propositio
1054 2207 1170 2262 est,
1221 2197 1629 2267 conjugatorum
1677 2197 1729 2249 in
1782 2209 1849 2250 eo

260 2289 406 2360 quod
434 2290 713 2361 conjrgata
740 2300 884 2357 sunt,
916 2307 1074 2346 unam
1106 2302 1266 2360 atque
1313 2290 1556 2345 eamdem
1603 2304 1735 2343 esse
1755 2303 1850 2342 na-

261 2392 462 2452 turam,
486 2386 570 2442 vel
599 2386 699 2455 sic,
729 2387 814 2441 cui
846 2387 1097 2443 convenit
1122 2384 1347 2457 aliquid,
1372 2385 1497 2441 huic
1519 2385 1682 2443 etiam
1714 2398 1848 2439 con-

261 2477 500 2552 iugatum
528 2479 642 2549 ejus
673 2495 830 2551 posse
862 2481 1079 2537 sociari.

334 2584 380 2636 Α
406 2597 587 2652 genere
605 2583 681 2637 sic
706 2582 912 2636 ducitur
932 2598 951 2636 :
976 2581 1230 2647 Quoniam
1267 2590 1535 2652 argentum
1559 2595 1707 2633 omne
1736 2596 1850 2633 mu-

263 2673 381 2729 lieri
409 2672 635 2745 legatum
654 2684 750 2741 est,
776 2691 879 2729 non
910 2684 1073 2743 potest
1111 2690 1170 2728 ea
1198 2674 1415 2745 pecunia
1444 2687 1558 2741 quis
1584 2681 1851 2725 numerata

232 2810 237 2813 .
263 2765 405 2821 domi
426 2767 603 2821 relicta
632 2776 737 2834 est,
756 2783 857 2821 non
889 2782 995 2821 esse
1022 2765 1230 2837 legata;
1270 2766 1439 2834 forma
1466 2765 1598 2819 enim
1621 2781 1653 2817 a
1672 2777 1853 2834 genere

261 2857 438 2928 quoad
484 2875 633 2912 suum
671 2864 850 2913 nomen
881 2861 1079 2925 retinet,
1109 2874 1374 2929 nunquam
1417 2858 1724 2929 sejungitur.
1756 2872 1853 2909 nu-

263 2957 465 3005 merata
504 2958 677 3005 autem
714 2951 933 3021 pecunia
971 2966 1154 3006 nomen
1181 2949 1379 3019 argenti
1422 2950 1640 3013 retinet;
1684 2946 1854 3017 legate

262 3041 428 3117 igitur
451 3044 670 3099 videtur.
1024 3058 1031 3063 '

1964 1835 2182 1901 pecunia
2215 1846 2492 1905 argentum
2521 1851 2631 1906 est,
2668 1841 2725 1895 llt
2751 1842 2911 1911 igitur
2938 1855 2995 1900 ut
3028 1858 3303 1904 numerata
3332 1868 3550 1924 quoque

1964 1928 2183 1992 pecunia
2232 1929 2389 1998 legati
2439 1932 2701 1986 vocabulo
2750 1937 2922 2003 possit
2963 1937 3184 1995 includi.
3241 1943 3336 1998 Est
3388 1947 3550 2017 igitur

1960 2019 2189 2085 quaestio
2215 2021 2451 2090 quidem,
2484 2033 2543 2078 ut
2572 2025 2773 2080 dictum
2805 2037 2916 2095 est,
2952 2046 3018 2085 an
3060 2045 3338 2093 numerata
3386 2054 3551 2109 pecu-

1960 2111 2046 2164 nia
2077 2111 2245 2181 legata
2269 2114 2367 2181 sit;
2393 2128 2767 2185 argumentum
2796 2121 2864 2175 ab
2886 2136 2952 2178 eo
2983 2128 3123 2194 quod
3154 2129 3204 2181 in
3228 2129 3344 2199 ipso
3364 2143 3467 2197 est,
3493 2133 3547 2190 id

1956 2212 2043 2258 est
2070 2219 2097 2256 a
2127 2206 2325 2274 genere
2372 2210 2513 2279 quod
2561 2211 2699 2267 inest
2752 2217 2982 2285 pr0priaz
3029 2222 3255 2288 speciei,
3285 2222 3335 2277 id
3367 2234 3449 2279 est
3479 2227 3549 2283 ab

1928 2297 2186 2364 affectis,
2220 2302 2361 2371 quod
2394 2312 2475 2357 est
2504 2304 2576 2358 ita
2619 2314 2676 2360 ut
2706 2306 2773 2361 ad
2805 2308 2857 2362 id
2888 2309 3189 2380 referatur;
3222 2314 3322 2371 hoc
3367 2327 3550 2377 autem

1955 2399 2045 2444 est
2067 2402 2369 2459 argentum,
2397 2394 2463 2449 ab
2492 2394 2717 2463 affectis,
2752 2398 2803 2453 id
2845 2382 2927 2456 est
2954 2418 2981 2455 a
3012 2418 3232 2473 genere.
3282 2407 3551 2467 Prmdica-

1936 2493 2049 2536 ,tur
2075 2485 2218 2539 enim
2249 2495 2306 2540 ut
2331 2502 2504 2555 genus
2529 2500 2810 2559 argentum
2858 2495 2926 2548 de
2973 2509 3254 2554 numerata
3301 2507 3549 2570 pecunia.

1960 2573 2421 2645 lnterrogantihus
2451 2580 2594 2634 enim
2624 2583 2780 2637 nobis
2808 2585 2934 2655 quid
2967 2588 3037 2642 sit
3065 2600 3341 2647 numerata
3375 2610 3545 2664 pecu-

1960 2668 2072 2733 nia,
2088 2668 2208 2737 jure
2229 2673 2640 2741 respondemus,
2666 2689 2968 2745 argentum.
2997 2678 3231 2738 Maxima
3252 2687 3555 2755 prepositio

1955 2767 2062 2824 est,
2096 2759 2180 2815 cui
2211 2763 2459 2818 convenit
2487 2779 2864 2836 omne'genus,
2894 2769 3066 2825 eidem
3117 2788 3552 2849 unamquamque

1958 2853 2200 2920 speciem
2250 2856 2559 2912 convenire.
2609 2856 2780 2921 Quam
2821 2860 3028 2916 Marcus
3083 2879 3296 2936 quoque
3343 2866 3555 2927 Tullim

1957 2943 2190 3003 diver~ls
2240 2950 2455 3017 quidem
2505 2951 2715 3016 verbis,
2764 2952 2859 3008 sed
2919 2955 3105 3010 eadem
3159 2958 3555 3029 signiﬁcatione

1960 3040 2244 3107 proposuit
2283 3040 2467 3097 dicens
2491 3058 2506 3097 :
2532 3041 2723 3097 Forma
2752 3044 2893 3099 enim
2918 3061 2946 3099 a
2968 3061 3167 3117 genere
3190 3051 3367 3120 quoad
3395 3070 3555 3113 suum

341 3142 522 3199 Genus
543 3154 626 3201 εει
645 3143 787 3215 quod
819 3143 888 3199 de
918 3142 1151 3213 qualibet
1178 3141 1356 3209 specie
1380 3140 1435 3197 in
1466 3156 1531 3197 εο
1557 3140 1699 3211 quod
1876 3142 1928 3207 ο
1961 3143 2160 3185 nomen
2202 3131 2420 3201 retinet,
2456 3150 2725 3205 nunquam
2777 3136 3079 3209 sejungitur
3101 3182 3117 3207 ,
3150 3154 3431 3201 numerata
3461 3163 3557 3202 att-

263 3245 351 3294 eat
379 3236 715 3307 pradicatur.
748 3236 801 3289 In
829 3250 896 3290 eo
939 3235 1080 3305 quod
1121 3234 1248 3305 quid
1294 3242 1376 3289 est
1403 3232 1681 3305 praedicari
1713 3231 1849 3286 dici-

266 3339 377 3396 tur,
412 3329 550 3399 quod
597 3329 665 3384 de
709 3328 943 3400 qualibet
990 3326 1170 3398 specie
1218 3325 1673 3397 interrogantibus
1721 3323 1849 3394 quid

262 3424 358 3489 sit,
383 3422 694 3493 responderi
724 3421 996 3486 convenit,
1026 3430 1080 3476 et
1119 3420 1238 3490 ejus
1266 3421 1334 3474 de
1366 3434 1468 3489 qua
1497 3410 1852 3488 respondetur

263 3515 466 3584 speciei
511 3516 858 3571 substantiam
905 3521 1187 3569 monstrat.
1240 3513 1467 3581 Semper
1514 3528 1643 3578 vero
1680 3526 1850 3581 genus

264 3608 484 3679 propria
534 3609 714 3677 specie
762 3609 933 3678 majus
978 3615 1079 3675 est,
1127 3622 1353 3675 eamque
1398 3605 1534 3661 intra
1589 3604 1849 3659 ambitum

262 3715 382 3757 sum
426 3700 819 3771 praedicationis
869 3700 1110 3756 includit.
1157 3700 1275 3769 Quo
1324 3700 1482 3765 lltut,
1525 3697 1767 3767 quamvis
1794 3696 1848 3750 in

264 3800 372 3855 alia
409 3814 618 3871 quoque
648 3800 916 3871 dispertiri
961 3815 1131 3870 genus
1182 3798 1369 3870 possit,
1401 3797 1636 3867 speciem
1672 3806 1851 3851 tamen

264 3909 421 3951 suam
459 3896 605 3949 nullo
646 3895 805 3951 modo
848 3895 1204 3964 derelinquat,
1234 3891 1377 3947 velut
1409 3891 1603 3945 animal
1635 3889 1851 3959 quidem

265 3986 586 4057 praedicatur
612 3986 679 4042 de
712 3985 949 4052 homine,
976 3995 1029 4040 et
1051 3970 1281 4039 hominis
1309 3981 1661 4038 substantiam
1694 3996 1849 4034 mon-

264 4088 439 4146 strat;
471 4079 921 4151 interrogantibus
966 4078 1107 4133 enim
1154 4077 1310 4132 nobis
1355 4075 1482 4145 quid
1532 4085 1615 4129 est
1667 4075 1849 4138 homo,

264 4182 465 4236 animal
527 4182 902 4251 respondetur.
965 4179 1106 4233 Idem
1164 4187 1342 4231 tamen
1398 4174 1592 4230 deduci
1644 4175 1698 4228 in
1748 4174 1853 4229 alia

267 4282 475 4344 potest,
508 4274 654 4329 velut
684 4273 737 4327 in
783 4288 977 4341 equum
1020 4280 1178 4341 atque
1211 4270 1424 4337 bovem,
1455 4283 1573 4337 qua:
1603 4266 1852 4320 animalia

266 4380 663 4437 nuncupantur.
693 4365 799 4422 Sed
824 4365 895 4420 ita
929 4364 1210 4419 deducitur
1239 4361 1291 4416 in
1321 4360 1551 4420 diversa,
1580 4366 1640 4411 ut
1668 4372 1854 4411 unam-

265 4472 535 4528 quamque
584 4473 769 4513 earum
818 4457 1120 4526 specierum
1168 4468 1301 4523 quas
1332 4452 1593 4516 continet,
1628 4464 1734 4504 non
1768 4465 1857 4502 re-

1961 3232 2071 3371 texi
2122 3228 2344 3291 pecunia
2397 3242 2590 3284 nomen
2640 3232 2845 3301 argenti
2894 3236 3125 3303 retinet;
3180 3237 3352 3307 legata
3394 3241 3557 3315 igitur

1961 3332 2013 3371 νι
2054 3325 2193 3371 etur.

1961 3325 2193 3372 videtur.

2032 3420 2074 3472 Α
2100 3420 2270 3489 forma
2298 3423 2515 3492 generis,
2548 3439 2700 3490 quam
2728 3424 3002 3492 interdum,
3032 3443 3131 3496 quo
3167 3430 3375 3497 planius
3412 3435 3555 3495 acci-

1962 3513 2155 3582 piatur,
2175 3522 2370 3593 partem
2391 3513 2507 3569 licet
2533 3524 2814 3581 nominare,
2843 3520 2938 3572 hoc
2965 3521 3118 3575 modo
3142 3538 3161 3577 :
3186 3522 3246 3579 Si
3272 3526 3343 3579 ita
3373 3523 3553 3584 Fabii:

1964 3606 2179 3669 pecunia
2210 3606 2377 3678 legata
2404 3617 2478 3661 est
2511 3626 2540 3661 a
2565 3609 2691 3675 viro,
2726 3612 2771 3663 si
2790 3611 2836 3663 ei
2856 3613 2961 3664 viro
2985 3616 3374 3685 materfamilias
3396 3631 3553 3675 esset.

1965 3695 2027 3751 Si
2050 3713 2109 3749 ea
2137 3698 2188 3751 in
2221 3714 2428 3752 manum
2457 3716 2558 3752 non
2595 3698 2915 3768 convenerat,
2947 3703 3077 3757 nihil
3120 3707 3343 3762 debetur.
3378 3708 3554 3768 Genus

1944 3794 2097 3844 enim
2128 3801 2203 3846 est
2228 3808 2379 3856 uxor,
2410 3795 2522 3866 ejus
2552 3794 2667 3847 dua:
2696 3795 2877 3866 forma:
2899 3794 3044 3849 ."una
3074 3800 3549 3873 matrumfamilias,

1964 3882 2046 3936 Ita:
2073 3891 2189 3936 sunt
2218 3900 2331 3954 qua:
2358 3884 2409 3937 in
2440 3890 2649 3938 manum
2689 3902 2992 3952 convenere;
3026 3888 3187 3943 altera
3222 3908 3396 3946 earum
3439 3910 3553 3965 qua

1948 3981 2318 4030 tantummodo
2346 3994 2529 4033 uxores
2561 3979 2825 4046 habentur,
2866 3998 2968 4052 qua
2996 3982 3047 4035 in
3083 3993 3227 4050 parte
3255 4001 3366 4039 cum
3397 3988 3555 4059 fuerit

1965 4064 2153 4134 Fabia,
2182 4070 2405 4141 legatum
2437 4071 2482 4124 ei
2521 4087 2622 4125 non
2656 4072 2870 4125 videtur.

2035 4171 2255 4240 Species
2301 4183 2405 4236 est,
2454 4190 2574 4244 quae
2624 4174 2856 4244 pr0priis
2895 4174 3210 4234 differentiis
3262 4180 3543 4238 informata

1965 4265 2065 4320 sub
2134 4266 2511 4335 praedicatione
2577 4269 2790 4335 generis
2856 4268 3166 4325 collocatur.
3222 4271 3550 4333 Dillcrentite

1963 4371 2092 4409 vero
2117 4359 2347 4425 propria:
2371 4374 2400 4412 a
2421 4360 2631 4412 caeteris
2657 4374 2773 4412 eam
2798 4360 3080 4427 speciebus
3107 4372 3359 4429 separant
3387 4374 3550 4435 atque

1963 4450 2272 4519 seiungunt.
2304 4453 2449 4505 velut
2479 4451 2637 4506 homo
2660 4468 2780 4507 cum
2813 4453 2881 4507 sit
2911 4454 3154 4508 animali~~
3187 4459 3416 4526 species,
3442 4458 3547 4515 dif-

264 4549 494 4621 Iinquat.
545 4550 856 4619 Ubicunque
902 4552 1043 4606 enim
1094 4548 1253 4604 fuerit
1300 4547 1483 4614 homo,
1515 4559 1741 4601 necesse
1770 4540 2200 4605 estherentiis
2228 4541 2545 4597 informatur
2567 4545 3169 4615 rationabilitatisatque
3187 4552 3547 4617 mortalitatis,

266 4652 330 4698 ut
373 4643 444 4697 ait
487 4642 705 4709 animal,
736 4643 895 4697 homo
938 4642 1083 4697 enim
1114 4640 1313 4694 animal
1356 4649 1460 4695 est.
1510 4639 1760 4706 Idemque
1786 4635 1854 4689 de

266 4736 409 4791 bove
430 4749 493 4790 ac
516 4735 585 4790 de
610 4736 839 4790 cteteris.
888 4736 1029 4804 Ergo
1075 4734 1280 4803 liquido
1310 4733 1740 4787 demonstratum
1773 4737 1858 4783 est

266 4841 467 4883 nomen
513 4827 725 4897 generis
756 4842 787 4881 a
816 4827 994 4895 specie
1022 4825 1168 4879 nullo
1201 4825 1364 4878 modo
1414 4824 1675 4892 separari.
1705 4818 1857 4887 Quod

264 4920 315 4975 ai
344 4919 630 4989 aliquando
656 4919 870 4989 generis
914 4917 1233 4973 vocabulum
1284 4914 1661 4969 universaliter
1688 4927 1859 4967 enun-

268 5014 456 5081 tietur,
490 5028 712 5069 necesse
755 5021 838 5067 est
884 5026 1074 5067 omnes
1123 5011 1335 5080 species
1384 5007 1690 5076 designari,
1726 5016 1783 5060 ut
1813 5005 1859 5059 si

262 5104 394 5175 quis
419 5105 558 5161 dicat
604 5120 763 5159 omne
791 5104 1027 5171 animal,
1059 5114 1113 5158 et
1164 5102 1435 5157 hominem
1468 5100 1775 5169 designabit
1804 5108 1861 5154 et

264 5200 487 5265 havem,
519 5209 573 5254 et
595 5209 822 5256 caeteras
863 5213 1054 5254 omnes
1100 5199 1309 5268 species
1336 5198 1437 5251 sub
1467 5195 1714 5249 animalis
1762 5208 1862 5247 no-

264 5293 420 5347 mine
463 5290 770 5347 collocatas.
815 5292 946 5357 Quae
977 5305 1097 5346 cum
1147 5289 1221 5343 ita
1261 5288 1400 5345 sint,
1432 5286 1645 5355 quidam
1696 5294 1863 5338 testa-

262 5392 458 5438 mento
488 5384 697 5440 mulieri
739 5392 1022 5453 argentum
1062 5394 1225 5435 omne
1272 5380 1561 5447 legaverat.
1595 5377 1865 5441 Quaeritur

238 5489 341 5530 -ιι
369 5476 417 5529 ei
462 5476 621 5530 etiam
667 5483 948 5530 numerata
976 5470 1200 5543 pecunia
1231 5471 1301 5524 sit
1333 5470 1503 5538 legata
1538 5486 1551 5521 :
1581 5476 1862 5522 numerata

206 5589 213 5593 -
264 5569 437 5637 igitur
460 5576 683 5639 pecunia
706 5569 761 5623 in
784 5569 883 5623 hac
908 5566 1205 5637 qnu‘stione
1230 5563 1529 5631 subjectum
1557 5570 1660 5623 est,
1690 5560 1862 5627 legata

262 5675 402 5717 vero
431 5661 796 5731 praedicatum.
852 5660 1155 5715 Considera
1184 5657 1346 5727 igitur
1386 5656 1438 5709 in
1470 5656 1728 5708 alterutro
1773 5666 1865 5704 eo-

266 5774 395 5819 rum
422 5762 676 5833 quidnam
708 5764 858 5830 insit,
880 5772 937 5817 ut
957 5777 1022 5818 ex
1048 5775 1115 5817 eo
1143 5757 1286 5829 quod
1318 5756 1368 5811 in
1399 5754 1519 5826 ipso
1542 5762 1625 5809 est
1650 5746 1867 5820 aliquod

1963 4641 2018 4689 et
2064 4635 2359 4707 sejungitnr
2399 4636 2465 4689 ab
2515 4636 2596 4689 his
2640 4637 2960 4691 animalibus
3002 4652 3124 4707 qua:
3171 4650 3369 4695 teterna
3402 4655 3548 4708 sunt,

1965 4731 2109 4783 velut
2156 4731 2235 4783 sol
2262 4746 2293 4782 a
2323 4730 2607 4784 Platonicis
2639 4731 2893 4795 creditur,
2925 4740 2977 4784 et
3006 4731 3075 4784 ab
3123 4733 3186 4787 iis
3229 4735 3550 4789 animalibus

1966 4836 2084 4890 quae
2114 4832 2237 4875 sunt
2264 4820 2483 4875 rationis
2504 4821 2762 4889 expertia.
2784 4821 2914 4876 Cum
2939 4822 3098 4893 igitur
3126 4800 3311 4878 omnes
3340 4828 3549 4892 species

1969 4914 2109 4966 inter
2150 4926 2208 4967 se
2256 4912 2488 4981 prepriis
2546 4910 2860 4966 dilI'erentiis
2916 4913 3145 4977 distent,
3199 4929 3418 4969 necesse
3468 4924 3551 4969 est

1968 5007 2108 5075 quod
2140 5006 2206 5060 de
2236 5007 2403 5060 altera
2435 5006 2611 5075 Specie
2640 5005 2855 5067 dicitur,
2894 5005 2941 5060 id
2986 5005 3038 5060 in
3068 5006 3223 5059 aliam
3256 5022 3357 5060 non
3392 5021 3551 5075 posse

1970 5097 2272 5161 transferri,
2304 5096 2447 5151 velut
2480 5095 2621 5166 quod
2650 5096 2717 5151 de
2748 5097 2963 5150 homine
2995 5096 3193 5150 dicitur
3224 5077 3550 5164 specialiter,

1970 5192 2110 5244 idem
2143 5190 2210 5243 de
2238 5204 2375 5257 equo
2422 5200 2580 5257 atque
2610 5189 2745 5242 hove
2777 5204 2879 5241 non
2914 5188 3079 5256 possit
3113 5186 3360 5257 intelngi.
3389 5186 3551 5243 Duci-

1972 5294 2057 5337 tur
2103 5293 2277 5337 autem
2315 5298 2343 5335 a
2386 5284 2565 5351 specie
2605 5282 2811 5353 quoties
2859 5294 3027 5350 genus
3073 5279 3246 5347 ipsum
3292 5281 3451 5334 veluti
3498 5282 3553 5337 in

1970 5376 2256 5446 quamdam
2286 5376 2619 5429 eontrabitur
2652 5374 2969 5441 portionem.
3007 5370 3160 5425 Velut
3190 5372 3233 5425 si
3268 5374 3385 5440 quis
3411 5373 3555 5428 dicat

1970 5468 2099 5523 illud
2146 5468 2339 5521 animal
2381 5469 2478 5522 sibi
2511 5467 2701 5521 adduci
2742 5465 2973 5527 debere,
3006 5465 3145 5534 quod
3184 5467 3252 5519 sit
3294 5466 3555 5523 rationale

1968 5570 2023 5614 et
2074 5560 2323 5623 mortale,
2356 5576 2462 5613 non
2522 5562 2703 5627 utique
2751 5559 2817 5610 de
2863 5572 3024 5625 equo,
3051 5557 3137 5611 vel
3186 5559 3337 5622 bove,
3369 5571 3458 5612 aut
3489 5561 3557 5614 de

1970 5653 2202 5717 caneris,
2232 5653 2329 5706 nisi
2372 5662 2575 5706 tantum
2620 5650 2686 5705 de
2723 5650 2943 5703 homine
2973 5651 3171 5704 dictum
3204 5666 3323 5705 esse
3351 5652 3555 5708 intelli-

1970 5746 2138 5814 gitur.
2173 5741 2240 5797 Ut
2266 5742 2427 5813 igitur
2452 5741 2774 5811 generaliter
2795 5740 2998 5796 dictmn
3031 5756 3203 5811 genus
3230 5756 3419 5797 omnes
3439 5760 3556 5818 spc~
