2018 3168
326 178 394 217 to7t

937 183 992 212 AN.
1013 178 1117 211 MANL.
1136 178 1214 212 θεν.
1234 181 1345 212 BOETII

1859 190 1909 218 tota

326 246 384 275 cies
405 243 513 277 claudit,
529 241 588 280 eum
604 234 663 277 quis
677 235 742 268 dicit
756 245 835 268 omne
849 240 959 272 animal,
974 240 1014 268 sic
1026 239 1113 275 quod-
1128 240 1155 271 Α
1166 240 1247 267 haeres
1270 239 1402 267 restituere
1426 245 1479 266 non
1500 235 1584 274 debet,
1601 243 1645 268 hee
1667 241 1774 276 reﬁcere,
1790 250 1834 271 tm
1850 236 1909 282 inagis

327 293 394 322 libet
417 291 517 319 animal
539 290 706 320 designatum
730 288 847 323 speciem
871 287 946 321 facit;
970 296 1030 322 quae
1054 295 1114 315 cum

285 336 287 339 ’
326 339 365 368 ita
378 339 441 370 sint,
456 345 470 364 a
485 337 569 364 forma
584 336 700 371 generis,
710 334 743 362 id
756 339 798 362 est
812 343 827 362 a
841 335 931 369 specie
944 334 1050 369 generis
1063 334 1117 362 tale

326 385 359 413 ﬁt
371 389 566 419 argumentum,
582 390 661 418 quam
684 382 797 409 formam
821 382 927 417 generis
945 380 1040 409 Cicero
1053 389 1116 416 par-

328 435 382 458 tem
394 437 465 464 saepe
480 430 617 462 nominat,
629 435 682 463 quo
694 428 718 455 id
737 427 808 462 quod
829 427 926 455 dicitur
941 427 1044 462 planius
1060 427 1115 455 ﬁat.

326 476 422 505 Natius
436 476 507 504 enim
520 483 616 503 nomen
630 474 714 510 partis
725 479 766 502 est
779 482 857 510 quam
876 474 986 507 format;
1003 481 1055 508 quo
1069 482 1118 501 au-

326 527 381 551 tem
397 523 477 550 distet
491 522 574 549 forma
587 529 601 548 a
615 521 743 556 partibus,
759 526 784 547 et
801 528 850 547 nos
866 520 979 547 strictim
994 520 1117 555 superius

326 569 454 602 diximus,
471 575 498 596 et
513 568 592 603 paulo
606 572 664 602 post
678 575 691 593 a
704 561 835 594 Cicerone
855 567 913 602 ipso
932 566 1011 594 latius
1026 566 1117 601 expli~

326 608 440 642 cabiiur.
479 614 554 641 Nunc
587 613 619 641 de
647 613 783 648 proposito
812 612 951 640 videamus
982 612 1115 646 exemplo.

327 661 425 690 Uxoris
450 661 553 696 species
586 665 648 687 sunt
671 660 748 693 dum,
776 668 827 687 una
862 660 1116 695 matrumfamilias,

312 700 412 736 altera
434 714 497 739 usu;
521 706 568 734 sed
592 706 727 733 communi
752 706 859 740 generis
885 707 993 734 nomine
1019 713 1118 733 uxores

326 758 468 782 vocantur.
486 753 529 780 Fit
543 760 607 780 vero
623 752 647 780 id
664 759 744 786 saepe,
763 756 790 779 ut
803 752 906 787 species
922 751 1016 780 iisdem
1032 752 1118 780 nomi-

327 801 408 829 nibus
428 804 625 834 nuncupentur.
648 798 744 833 quibus
767 803 795 826 et
815 806 927 833 genera;
944 804 1030 827 mater
1053 807 1119 828 vero

327 846 442 874 familias
460 853 520 873 esse
543 853 594 872 non
617 849 735 880 poterat,
751 845 801 872 nisi
816 853 876 880 quas
900 846 1071 874 convenisset
1092 846 1130 874 in'

327 900 454 923 manum;
470 892 526 919 haec
550 895 637 919 autem
661 896 734 918 certa
757 895 815 918 erat
830 891 935 925 species
956 892 1117 926 nuptiarum.

1166 293 1243 319 quam
1257 292 1357 312 urvum
1371 285 1514 319 restituere,
1529 285 1551 312 si
1561 285 1584 314 is
1597 286 1670 322 cujus
1681 288 1826 323 ususfmtus
1836 290 1908 326 (quas

1167 336 1205 358 est
1219 331 1369 367 deperisset.

1204 378 1307 406 Similia
1330 377 1465 413 dicuntur,
1481 386 1542 414 quas
1554 379 1672 414 ejusdem
1686 385 1745 409 sunt
1754 381 1876 417 qualitatis,
1885 390 1909 412 cr

1168 425 1265 461 quibus
1281 426 1332 454 hoc
1346 427 1426 454 modo
1438 427 1554 455 sumitur
1571 434 1750 463 argumentum
1765 430 1872 464 :Quidam
1880 435 1909 460 te-

1168 474 1302 499 stamento
1323 472 1422 500 aedium
1447 472 1639 501 usumfructum
1664 474 1811 510 legavit,id
1824 481 1910 505 estma-

1168 517 1250 545 cessit
1272 517 1355 551 mdes,
1371 523 1400 545 ut
1415 518 1457 546 his
1470 519 1540 547 alius
1564 519 1628 547 dum
1647 521 1745 549 viveret
1761 527 1871 555 uteretur;
1881 523 1910 552 lia

1169 568 1309 599 cmperunt
1322 565 1364 593 vel
1378 565 1471 593 vitium
1487 565 1588 600 facere,
1609 566 1637 594 id
1659 571 1700 595 est
1722 567 1815 596 ruinam
1834 569 1909 603 minari.

1169 610 1212 639 vel
1236 606 1317 638 etiam
1339 615 1509 640 corruerunt.
1525 611 1594 640 Petit
1608 612 1686 648 igitur
1706 613 1738 641 ab
1751 613 1842 642 herede
1855 615 1872 642 is
1881 616 1910 643 cui

1170 658 1268 687 aedium
1285 659 1451 688 ususfructus
1466 659 1572 695 legatus
1586 664 1637 693 est,
1652 664 1681 688 ut
1691 667 1776 688 earum
1789 659 1833 688 sibi
1843 661 1910 690 aedium

1170 713 1229 741 qua:
1252 713 1267 732 a
1287 710 1414 734 testatore
1438 706 1524 741 legata
1547 710 1611 734 sunt
1633 706 1727 734 damna
1749 713 1911 743 compenset,st

1170 750 1244 779 aedes
1258 758 1317 786 qua:
1330 751 1423 779 vitium
1439 751 1561 779 fecerunt
1581 752 1623 780 vel
1644 757 1793 781 corruerunt
1814 753 1910 781 restituat.

1170 797 1305 832 Quaeritur
1319 806 1352 826 an
1366 805 1458 826 earum
1473 798 1571 826 mdium
1584 807 1695 834 quarum
1709 800 1853 828 ususfructus
1862 801 1911 838 lega-

1172 847 1216 870 tus
1241 844 1292 877 sit,
1319 844 1410 872 vitium
1433 845 1476 872 vel
1505 845 1611 873 ruinam
1632 846 1717 874 haeres
1742 847 1860 875 restituere
1879 855 1912 874 co-

1173 893 1259 924 gatur.
1277 889 1325 917 ilic
1347 890 1426 925 igitur
1440 890 1560 925 subjecta
1584 891 1691 926 quidem
1706 891 1787 919 oratio
1803 896 1846 925 est,
1855 892 1911 920 veluti

327 937 425 966 Tribus
435 938 505 965 enim
519 937 604 964 modis
620 945 689 965 uxor
703 937 861 969 habebatur,
870 945 931 970 usu,
945 937 1116 971 farreatione,
1133 939 1160 970 Β
1173 935 1279 971 quidam
1296 936 1440 969 terminus,
1456 937 1553 964 aedium
1573 945 1686 973 quarutn
1707 938 1911 974 ususfructuslega-

327 984 514 1015 coemptione;
530 982 577 1010 sed
592 983 770 1010 confarreatio
785 983 850 1010 solis
871 983 1042 1018 pontiﬁcibus
1056 991 1120 1012 con-

327 1029 460 1057 veniebat.
485 1029 550 1063 Qua:
568 1034 657 1056 autem
674 1028 699 1055 in
716 1037 824 1056 manum
847 1036 895 1064 per
920 1030 1119 1065 coemptionem

327 1069 525 1110 convenerunt,
551 1075 592 1102 hac
617 1075 835 1102 matresfamilias
855 1076 1030 1103 vocabantur.
1055 1076 1121 1110 Quae

327 1130 394 1150 vero
414 1130 463 1150 usu
485 1123 527 1150 vel
553 1122 731 1155 farreatione,
747 1122 868 1150 minime.
890 1123 1031 1158 Coemptio
1055 1131 1120 1151 vero

327 1169 409 1197 certis
424 1169 639 1197 solemnitatibus
672 1169 869 1204 peragebatur,
892 1174 920 1197 et
941 1177 1001 1198 sese
1023 1170 1051 1197 in
1074 1177 1122 1198 co-

327 1215 444 1244 emendo
467 1215 580 1243 invicem
604 1214 815 1250 interrogabant.
841 1215 881 1243 vir
904 1216 950 1250 ita,
966 1224 1000 1243 an
1023 1216 1121 1244 mulier

326 1262 378 1291 sibi
391 1262 594 1290 materfamilias
604 1269 664 1289 esse
675 1262 767 1289 vellet.
783 1262 829 1289 llla
844 1262 1024 1297 respondebat
1036 1263 1119 1291 velle.

325 1307 393 1336 Item
408 1308 505 1336 mulier
528 1308 709 1343 interrogabat
733 1315 768 1335 an
787 1308 829 1335 vir
852 1308 903 1336 sibi
929 1308 1120 1343 paterfamilias

327 1362 388 1382 esse
403 1354 492 1386 vellet,
516 1354 561 1381 ille
583 1353 764 1388 respondebat
789 1353 868 1381 velle.
897 1353 990 1389 itaque
1012 1354 1119 1387 mulier,

328 1399 378 1427 viri
392 1399 604 1432 conveniebatin
617 1407 738 1433 manum,
752 1404 780 1428 et
791 1400 957 1428 vocabantur
969 1401 1009 1428 has
1020 1401 1121 1435 nuptis:

326 1453 376 1481 per
389 1446 597 1481 coemptionem,
611 1451 638 1474 et
651 1451 710 1474 erat
723 1446 821 1474 mulier
835 1447 1035 1477 materfamilias
1049 1447 1120 1482 viro,

326 1491 387 1520 loco
405 1492 476 1520 ﬁlize.
495 1492 581 1526 Quam
597 1492 794 1520 solemnitatem
808 1493 835 1520 in
860 1492 916 1520 suis
931 1492 1060 1520 lnstitutis
1074 1492 1121 1520 Ul-

327 1538 424 1572 pianus
435 1537 558 1571 exponit.
572 1536 685 1571 Quidam
699 1537 781 1572 igitur
791 1542 914 1565 extremo
927 1538 1027 1572 judicio
1041 1544 1123 1565 omne

327 1581 419 1610 Fabiae
442 1582 517 1609 uxori
541 1582 640 1617 legavit
666 1587 817 1617 argentum,
833 1583 855 1610 si
879 1582 986 1617 quidem
1001 1582 1083 1610 Fabia
1096 1582 1122 1610 ei

1173 985 1215 1008 tus
1238 982 1282 1014 sit,
1299 981 1402 1009 ruinam
1426 982 1468 1010 vel
1494 983 1598 1010 vitium.
1615 983 1758 1011 Prmdicata
1779 991 1834 1011 vero
1845 984 1911 1018 oratio,

1172 1027 1234 1054 loco
1247 1027 1354 1054 termini
1369 1028 1524 1064 constituta,
1540 1029 1574 1056 ab
1598 1029 1705 1057 baerede
1719 1030 1843 1057 restitutio.
1856 1029 1912 1057 Sumo

1173 1072 1255 1108 igitur
1268 1080 1283 1100 a
1298 1072 1379 1100 simili
1393 1079 1591 1109 argumentum,
1610 1075 1661 1115 hoc
1683 1075 1912 1109 modo:Quoniamti

1173 1119 1232 1154 quis
1243 1120 1312 1147 servi
1325 1121 1518 1148 nsumfructum
1532 1121 1670 1156 legaverit,
1683 1121 1756 1157 isque
1765 1128 1843 1149 servus
1851 1122 1912 1157 aliqua

1173 1165 1255 1193 modo
1269 1165 1424 1201 deperierit,
1440 1174 1493 1194 non
1515 1168 1619 1202 cogitur
1639 1168 1775 1196 restituere
1791 1168 1860 1196 lustres
1876 1175 1913 1195 ser-

1174 1221 1248 1248 vum,
1261 1221 1295 1242 ne
1308 1222 1378 1243 nunc
1387 1214 1494 1250 quidem
1505 1221 1616 1251 cogetur
1627 1216 1716 1244 haeres
1725 1216 1847 1244 restituere
1856 1215 1913 1249 add,

1174 1267 1234 1294 qua:
1252 1259 1279 1287 in
1293 1260 1484 1288 usumfructum
1507 1261 1616 1296 legatie,
1632 1262 1735 1289 ruinam
1749 1261 1913 1289 vitiumvefeoe-

1174 1310 1247 1333 runt.
1277 1306 1385 1334 Similes
1415 1312 1456 1334 est
1480 1307 1551 1335 enim
1576 1309 1649 1335 servi
1681 1307 1830 1335 ususfructus
1848 1306 1913 1341 legatio

1175 1353 1273 1380 mdium
1300 1352 1467 1381 ususfructus
1482 1353 1618 1389 legationi.
1643 1354 1734 1382 Simile
1752 1358 1789 1381 est
1800 1353 1863 1381 etiam
1874 1360 1912 1380 ser-

1175 1405 1237 1425 vum
1252 1398 1279 1426 in
1301 1398 1495 1427 usumfructum
1520 1400 1636 1434 legatum
1652 1400 1674 1428 si
1689 1400 1831 1435 deperierit,
1844 1398 1869 1426 ab
1879 1398 1914 1425 lur-

1176 1444 1241 1472 rede
1252 1452 1305 1472 non
1315 1442 1465 1478 restitui,et
1475 1445 1571 1473 aedium
1580 1446 1605 1473 in
1618 1446 1803 1474 usumfructum
1809 1445 1913 1480 legatam

1176 1490 1270 1518 vitium
1293 1491 1433 1519 ruinamve
1455 1491 1490 1518 ab
1514 1491 1623 1520 bmrede
1643 1499 1697 1519 non
1716 1491 1796 1519 reﬁci.
1808 1491 1845 1518 Est
1862 1489 1914 1524 igitur

1177 1538 1290 1572 quzestio
1303 1538 1410 1571 quidem
1423 1545 1458 1565 an
1468 1538 1604 1566 aadium‘in
1616 1538 1801 1566 usnmfructum
1810 1537 1913 1573 legatorum

1177 1584 1272 1611 vitium
1287 1583 1328 1611 vel
1344 1583 1447 1611 ruinam
1462 1583 1548 1612 haeres
1570 1584 1714 1613 restituere
1727 1589 1832 1621 cogatur.
1844 1582 1914 1610 Termi-

326 1634 381 1656 non
395 1631 496 1654 tantum
510 1634 591 1659 uxor,
607 1634 699 1655 verum
714 1628 794 1655 etiam
809 1632 882 1655 certa
897 1628 1000 1663 species
1015 1629 1119 1663 uxoris,
1134 1635 1159 1667 ο
1177 1636 1229 1657 nus
1241 1636 1306 1657 vero
1320 1629 1456 1664 subjectus
1470 1630 1576 1664 quidem
1587 1650 1594 1662 ,
1609 1630 1709 1658 aedium
1724 1630 1749 1658 in
1770 1627 1915 1657 usumfructul

326 1672 355 1702 id
370 1677 412 1701 est
425 1673 624 1701 materfamilias
638 1679 722 1707 esset.
738 1675 866 1708 quaaritur
881 1682 914 1702 an
934 1675 1012 1702 uxori
1029 1674 1119 1702 Fabii:

325 1723 444 1759 legatum
463 1723 497 1751 sit
511 1728 661 1759 argentum.
686 1723 760 1752 Uxor
782 1724 877 1759 Fabia,
891 1725 1040 1759 subjectum
1061 1731 1118 1759 est;

325 1768 444 1805 legatum
457 1775 608 1804 argentum,
625 1769 809 1805 praedicatum.
821 1770 917 1806 Quaero
935 1771 1015 1806 igitur
1033 1772 1120 1807 quod-

325 1823 390 1844 nam
411 1823 444 1843 ex
468 1815 509 1842 bis
532 1820 719 1851 argumentum
745 1823 853 1844 sumere
877 1817 988 1851 possim,
1007 1825 1067 1852 quae
1091 1817 1121 1846 in

326 1862 474 1897 quaestione
497 1866 559 1889 sunt
580 1862 676 1897 posita,
694 1869 725 1890 ac
747 1862 826 1891 video
850 1864 926 1891 uxori
942 1863 1008 1891 duas
1031 1865 1120 1892 inesse

326 1908 439 1942 formas,
456 1915 568 1943 quarum
582 1915 633 1935 una
653 1913 755 1935 tantum
768 1916 838 1936 υιοι·
851 1914 903 1942 est,
919 1910 1002 1937 altera
1018 1916 1120 1941 mater-

326 1953 459 1986 familias,
484 1961 544 1987 quae
568 1952 596 1980 in
622 1960 730 1980 manum
762 1955 940 1982 conventione
972 1955 1118 1989 perﬁcitur.

327 1998 404 2033 Quod
419 1998 442 2025 si
465 1997 547 2025 Fabia
568 1997 594 2025 in
610 2005 718 2025 manum
734 2006 787 2026 non
801 1999 938 2032 convenit,
955 2007 1005 2027 nec
1018 2007 1119 2028 mater-

326 2044 442 2072 familias
461 2044 519 2077 fuit,
535 2043 562 2072 id
582 2048 633 2078 est,
647 2052 699 2072 non
715 2045 763 2073 fuit
778 2052 811 2073 ea
825 2047 929 2081 species
951 2047 1058 2080 uxoris,
1073 2048 1118 2075 cui

326 2096 466 2127 argentum
491 2099 570 2119 omne
589 2092 705 2127 legatum
728 2097 779 2121 est.
793 2093 923 2127 Quocirca
946 2094 1071 2129 quoniam
1092 2094 1120 2122 id

326 2137 402 2173 quod-
413 2137 447 2165 de
466 2138 518 2165 alia
540 2138 629 2172 specie
645 2139 751 2171 dicitur,
774 2139 800 2166 in
825 2139 904 2166 aliam
918 2139 971 2167 dici
986 2147 1039 2167 non
1054 2147 1119 2168 con-

326 2183 412 2216 venit,
423 2191 536 2218 cumque
552 2183 632 2211 Fabia
649 2188 745 2218 praeter
760 2193 817 2212 eam
831 2185 949 2220 speciem
965 2185 1009 2219 sit,
1022 2194 1082 2221 qua:
1092 2186 1120 2214 in

325 2236 435 2258 manum
449 2230 621 2263 convenerit,
636 2229 663 2257 id
679 2235 720 2258 est
735 2239 794 2266 qua:
817 2231 1021 2260 materfamilias
1036 2233 1081 2268 sit,
1093 2238 1122 2262 et

325 2277 368 2304 vir
393 2276 586 2304 matrifamilias
609 2277 738 2313 legaverit
762 2284 921 2314 argentum,
938 2288 991 2308 non
1015 2282 1121 2310 videtur

324 2325 417 2354 Fabia:
431 2333 491 2354 esse
504 2326 630 2362 legatum.
653 2327 770 2360 Qumstio
792 2329 882 2364 igitur,
900 2334 928 2357 ut
943 2330 1043 2359 dictum
1064 2337 1116 2366 est,
1132 2327 1159 2359 D
1174 2337 1267 2358 earum
1286 2330 1383 2358 dicitur
1402 2339 1456 2360 non
1478 2332 1584 2361 videtur
1597 2333 1625 2361 in
1640 2334 1751 2362 alteram
1765 2329 1916 2362 convenire.“
1963 2325 1964 2364 ξ

327 2380 361 2400 an
376 2371 453 2399 uxori
468 2370 558 2399 Fabiae
571 2380 649 2401 omne
662 2378 803 2409 argentum
823 2375 940 2409 legatum
956 2376 991 2403 sit
1007 2386 1013 2403 :
1029 2377 1118 2413 subje-

325 2422 409 2451 ctum,
425 2425 492 2445 uxor
505 2416 602 2452 Fabia;
618 2419 792 2454 prmdicatum
808 2428 882 2454 vero,
895 2421 1011 2456 legatttm
1022 2429 1118 2458 argen-

325 2464 393 2492 tum.
415 2465 606 2499 Argumentum
631 2466 665 2493 ab
687 2473 720 2494 eo
742 2467 812 2501 quod
838 2471 879 2494 est
897 2468 923 2494 in
947 2468 1004 2503 ipso
1017 2469 1051 2497 de
1065 2477 1119 2505 quo

325 2510 464 2546 quaeritur,
477 2510 502 2537 id
513 2515 553 2538 est
564 2511 598 2538 ab
612 2518 644 2538 eo
656 2511 727 2546 quod
740 2517 782 2539 est
797 2513 822 2540 in
839 2520 922 2541 uxore
933 2514 966 2542 de
980 2522 1031 2549 qua
1045 2523 1119 2550 qua:-

326 2557 409 2586 ritur:
420 2557 468 2584 Est
482 2562 571 2585 autem
585 2557 612 2584 in
639 2565 724 2585 uxore
750 2558 784 2586 de
797 2565 849 2593 qua
870 2560 1001 2595 quaeritur
1014 2562 1118 2596 species

324 2602 428 2636 uxoris,
444 2610 476 2630 ea
489 2602 593 2630 scilicet
612 2610 671 2638 qua:
686 2603 712 2630 in
729 2611 836 2632 manum
853 2613 908 2634 non
923 2607 1120 2643 convenitque

326 2648 359 2676 ad
378 2655 438 2676 eam
459 2648 553 2676 affecta
569 2653 620 2677 est.
642 2648 736 2676 Omnis
762 2650 833 2678 enim
858 2653 960 2687 species
980 2653 1014 2681 ad
1040 2662 1119 2683 suum

326 2702 411 2730 genus
426 2695 551 2729 refertur,
561 2695 588 2723 id
602 2699 644 2723 est
656 2695 758 2729 forma;
775 2697 874 2725 factum
889 2703 930 2726 est
945 2699 1024 2733 igitur
1039 2709 1120 2736 argu-

326 2744 446 2768 mentum
460 2741 494 2768 ab
506 2748 539 2768 eo
553 2741 625 2776 quod
647 2746 689 2769 est
702 2742 730 2768 in
743 2742 813 2776 ipso,
829 2743 863 2770 ab
876 2744 988 2779 affectis,
1003 2753 1018 2773 a
1031 2746 1118 2782 forma

325 2786 442 2819 generis.
458 2786 571 2814 Maxima
594 2787 741 2822 propositio
755 2793 812 2821 est,
827 2789 897 2823 quod
913 2790 947 2818 de
962 2799 1013 2820 una
1026 2793 1118 2827 specie

327 2832 435 2865 dicitur,
451 2833 477 2860 id
491 2832 518 2861 in
537 2834 647 2862 alteram
660 2842 713 2862 non
728 2835 882 2863 convenire.

364 2877 384 2902 Α
398 2877 574 2910 similitudine.
583 2880 631 2908 hoc
643 2881 735 2909 modo:
745 2881 778 2909 Si
789 2881 857 2909 cedes
874 2890 956 2910 exesa
966 2891 1119 2914 corruerunt

328 2920 446 2950 vitiumve
467 2925 600 2958 fecerunt,
621 2934 727 2960 quorum
754 2928 915 2964 ususfructus
941 2928 1117 2969 legatisseu,

1177 1675 1324 1710 legatarum
1335 1700 1337 1703 ,
1348 1675 1441 1703 vitium
1464 1676 1506 1704 vel
1521 1676 1638 1711 ruinam,
1655 1676 1805 1712 praedicatus
1813 1680 1881 1704 autem
1895 1672 1915 1699 Ib

1176 1721 1283 1750 lucrede
1298 1722 1440 1750 restitutio.
1457 1722 1652 1758 Argumentum
1667 1731 1730 1752 vero
1749 1724 1780 1751 ab
1792 1730 1820 1751 eo
1831 1719 1883 1757 quod
1897 1719 1915 1746 in

1176 1768 1235 1803 ipso
1250 1773 1302 1802 est,
1315 1769 1341 1796 id
1357 1773 1399 1796 est
1414 1769 1447 1796 ab
1460 1776 1494 1797 eo
1508 1770 1579 1805 quod
1591 1770 1672 1805 inest,
1685 1771 1727 1798 vel
1737 1770 1821 1802 ruina,
1830 1768 1862 1796 vel
1873 1766 1915 1793 tilio

1175 1814 1273 1842 mdium
1289 1815 1317 1842 in
1333 1815 1528 1843 usumfructum
1543 1815 1702 1851 legatarum.
1723 1816 1750 1844 ld
1763 1819 1839 1843 autem
1850 1811 1915 1841 estaf-

1176 1859 1290 1894 fectum,
1303 1860 1329 1888 id
1352 1865 1393 1888 est
1406 1860 1561 1889 similitudo.
1582 1862 1677 1890 Omnis
1696 1862 1764 1890 enim
1778 1856 1914 1889 similitudoei

1175 1906 1266 1935 inesse
1280 1907 1453 1942 perpenditur
1467 1907 1538 1943 quod
1553 1913 1595 1937 est
1616 1909 1715 1942 simile,
1731 1907 1858 1938 similitudo
1874 1912 1914 1933 vero

1176 1957 1220 1981 est
1241 1953 1311 1980 servi
1336 1953 1501 1981 ususfructus
1523 1954 1602 1990 legati
1626 1956 1770 1990 pereuntis,
1783 1961 1848 1990 quem
1865 1951 1915 1979 resti-

1176 2003 1254 2026 tuere
1275 1998 1362 2027 hzeres
1377 2007 1431 2027 non
1454 2000 1566 2035 cogitur.
1593 2000 1708 2029 Maxima
1723 2008 1782 2029 vero
1795 1997 1915 2036 proposilioi

1177 2043 1310 2072 similibus
1324 2044 1406 2073 rebus
1422 2045 1515 2073 eadem
1528 2047 1685 2075 convenire.

1214 2096 1236 2123 A
1251 2095 1405 2130 differentia.
1431 2096 1493 2125 Non
1513 2098 1535 2125 si
1557 2100 1632 2126 ποτὶ
1657 2100 1695 2127 oir
1719 2100 1804 2136 legauit
1823 2100 1915 2133 arguit!

1178 2151 1253 2170 omne
1275 2136 1343 2179 quod
1368 2152 1442 2171 suum
1462 2149 1545 2178 esset,
1569 2146 1666 2173 ideirco
1693 2154 1749 2182 quia
1771 2146 1795 2173 in
1816 2142 1916 2171 nominibus

1177 2193 1292 2226 fuerunt,
1308 2191 1392 2226 legata
1413 2195 1483 2218 eum.
1499 2191 1612 2219 Multum
1631 2194 1700 2220 enim
1721 2193 1802 2227 iii/fert
1815 2192 1838 2218 in
1847 2194 1916 2217 mw

1177 2236 1288 2270 positum
1302 2237 1334 2263 sit
1347 2241 1482 2272 argentum
1491 2257 1499 2271 ,
1514 2245 1548 2264 an
1562 2238 1589 2265 in
1604 2239 1698 2266 tabulis
1713 2239 1832 2266 debeatur.

1212 2284 1241 2312 ln
1255 2285 1334 2313 rebus
1358 2285 1503 2320 plurimum
1526 2287 1713 2317 differentibus
1736 2288 1801 2324 quod
1820 2287 1848 2315 de
1863 2285 1916 2313 allen

1174 2384 1237 2405 cum
1261 2377 1298 2404 ita
1311 2378 1356 2411 sit,
1372 2378 1481 2413 quidam
1503 2384 1642 2415 argentum
1666 2388 1744 2409 suum
1766 2387 1835 2409 omne
1854 2375 1917 2413 legat“

1175 2422 1263 2449 uxori.
1280 2423 1325 2450 llla
1342 2424 1482 2458 pecuniam
1505 2433 1611 2461 quoque
1625 2433 1685 2462 quae
1702 2427 1728 2454 in
1754 2422 1917 2454 nominibus“-

1174 2469 1307 2502 bebatur,
1322 2477 1398 2498 suam
1425 2478 1485 2499 esse
1510 2471 1633 2506 dicebat,
1649 2472 1722 2508 quod
1744 2472 1824 2501 omnis
1842 2467 1916 2506 peculii

1175 2516 1287 2544 nomine
1309 2522 1450 2545 vocaretur
1471 2518 1584 2554 argenti.
1609 2518 1744 2553 Quaeritur
1756 2526 1788 2546 an
1808 2517 1830 2545 id
1847 2519 1917 2551 quin"

1177 2568 1317 2598 argentum
1330 2564 1400 2598 quod
1415 2564 1442 2592 in
1454 2565 1606 2593 nominibus
1620 2565 1777 2597 debebatur,
1789 2559 1916 2599 legatum“.

1177 2608 1227 2636 llic
1242 2610 1321 2644 igitur
1341 2609 1476 2645 subjectus
1489 2615 1533 2638 est
1547 2611 1686 2644 terminus,
1700 2615 1831 2647 argentum
1842 2604 1917 2643 illo“

1176 2655 1331 2683 nominibus
1354 2656 1517 2690 debebatur,
1532 2657 1647 2692 legatum
1671 2664 1736 2685 vero
1758 2649 1917 2692 pradialttr-l

1177 2700 1328 2736 differentia
1363 2702 1443 2737 igitur
1477 2703 1606 2731 faciemus
1637 2697 1919 2738 argumentationemisc

1177 2747 1260 2776 modo
1272 2757 1279 2775 :
1291 2748 1363 2776 Idem
1377 2748 1412 2777 de
1427 2749 1570 2784 plurimum
1585 2750 1766 2778 differentibus
1780 2749 1849 2777 rebus
1866 2742 1918 2772 ίιιιά·

1176 2793 1294 2834 liginon
1313 2798 1412 2830 potest.
1435 2794 1584 2823 Plurimum
1599 2802 1662 2824 vero
1684 2795 1772 2823 differt
1784 2787 1918 2829 argeutlﬂt'II

1175 2847 1240 2868 arca
1255 2848 1289 2868 ne
1301 2835 1343 2868 sit~
1352 2841 1479 2876 positum,
1490 2849 1523 2869 an
1538 2842 1566 2870 in
1582 2842 1735 2870 nominibus
1747 2835 1918 2884 debeatur.

1176 2894 1238 2922 quia
1251 2888 1336 2922 posita
1350 2887 1378 2915 in
1396 2895 1457 2916 arca
1483 2888 1594 2923 pecunia
1617 2893 1656 2916 est
1675 2888 1745 2924 juris
1764 2891 1803 2915 est
1821 2882 1919 2915 attolli.in

1155 2972 1164 2977 ἦ
1177 2934 1330 2965 notantibus
1349 2943 1414 2965 vero
1437 2936 1526 2965 debita
1544 2944 1596 2966 non
1618 2940 1659 2966 est
1681 2940 1785 2968 nostra;
1804 2940 1855 2964 nam
1874 2925 1919 2965 tu“

1247 3020 1261 3027 ο
