4022 6330
186 307 337 395 ιοτδχ

1003 297 1068 353 IN
1096 293 1345 353 TOPICA
1383 288 1746 351 CICERONIS
1785 289 2311 361 COMMENTARIA.
2355 284 2483 345 LIB.
2527 288 2589 345 11.

3323 292 3343 343 1
3356 292 3459 351 07‘

185 436 417 487 mutuum
464 421 644 492 datur,
671 433 741 479 ex
783 431 907 476 meo
953 416 1015 474 tit
1058 411 1399 485 accipientis,
1428 420 1589 481 atque
1638 408 1759 467 ideo
1789 408 1848 475 Δ
1874 420 2035 475 sunt,
2066 409 2117 465 id
2148 418 2231 488 est
2260 408 2563 479 qualitates,
2591 408 2686 465 sed
2729 407 2831 465 hoc
2872 407 3045 479 ipsum
3073 407 3212 480 quod
3243 420 3462 468 contra.

186 534 286 575 non
326 516 535 588 cogitur
560 512 803 569 eamdem
834 511 1003 578 ipsam
1030 505 1323 578 {pecuniam
1352 504 1570 561 debitor
1597 504 1760 559 resti-
1834 498 1839 499 ί

188 620 330 667 tuere
373 605 651 672 creditori,
681 603 776 661 sed
805 603 965 658 aliam
998 607 1221 656 tantam.
1249 597 1309 653 In
1353 610 1475 655 arca
1508 610 1640 653 vero
1671 611 1769 666 po.

188 700 286 757 sita
326 696 573 770 pecunia,
604 703 657 750 et
692 694 746 749 in
782 691 1089 748 nominibus
1128 689 1330 753 debita,
1362 701 1469 744 non
1510 694 1636 743 sunt
1677 702 1771 742 ar-

189 790 321 864 genti
369 789 455 843 vel
511 785 749 856 pecuniae
802 783 1041 854 species,
1092 780 1187 837 sed
1226 779 1579 844 dill‘erentiaz;
1640 792 1770 835 nam

192 882 386 955 argenti
416 880 642 951 species,
666 878 932 948 signatum
956 890 1017 931 ac
1045 889 1149 930 non
1176 873 1442 945 signatum
1468 885 1588 927 esse
1610 869 1767 927 dictae

194 986 329 1032 sunt.
378 972 617 1042 Qualitas
664 986 793 1026 vero
842 967 1079 1039 pecuniae
1108 968 1161 1023 in
1190 964 1533 1036 possessione
1582 963 1769 1033 positae

192 1066 273 1123 vel
300 1080 401 1120 non
423 1062 628 1134 positae,
648 1060 743 1118 sed
773 1074 881 1116 non
901 1058 1070 1115 modis
1090 1057 1339 1115 omnibus
1360 1055 1572 1124 alienae,
1607 1056 1657 1110 in
1685 1053 1770 1109 his

197 1156 501 1218 diﬂerentiis
530 1160 761 1218 constat,
796 1160 854 1205 ut
883 1152 985 1207 alia
1014 1152 1085 1207 sit
1119 1151 1171 1206 in
1192 1164 1315 1205 arca
1344 1148 1540 1219 posita,
1564 1146 1771 1216 reliqua

197 1250 248 1306 in
269 1247 566 1304 nominibus
593 1246 883 1309 debeatur;
912 1253 1071 1316 atque
1096 1244 1194 1297 hoc
1233 1240 1432 1296 idcirco
1456 1240 1656 1296 dictum
1686 1244 1773 1295 est

196 1358 263 1400 ne
302 1342 418 1415 quis
447 1355 552 1397 non
579 1355 610 1395 a
641 1336 983 1403 dill‘crentiis,
1012 1336 1107 1391 sed
1139 1349 1168 1390 a
1204 1333 1385 1403 specie
1426 1337 1770 1402 argumenta-
1816 1345 1821 1350 ’

197 1438 390 1493 tionem
420 1434 632 1490 ductam
662 1441 894 1504 putaret.
946 1430 1185 1499 Qualitas
1218 1428 1361 1484 enim
1401 1423 1774 1482 substantialis

197 1545 297 1587 non
334 1528 635 1600 speciebus,
681 1525 775 1582 sed
821 1521 1141 1580 dill'erentiis
1183 1527 1585 1577 annumeratur.
1634 1516 1773 1572 Cum

197 1620 348 1692 igitur
386 1634 540 1675 suum
591 1631 749 1673 omne
796 1616 938 1688 quod
988 1614 1147 1672 fuerit
1193 1626 1474 1687 argentum
1502 1614 1583 1669 vir
1617 1610 1773 1667 uxori

197 1712 470 1787 legaverit,
503 1725 733 1781 cumque
777 1708 1120 1765 manifestum
1157 1709 1228 1764 sit
1270 1708 1322 1763 id
1354 1709 1419 1764 ad
1448 1723 1565 1765 eam
1610 1706 1777 1777 perti-

1873 506 1953 562 ria
1988 512 2146 572 sunt,
2192 504 2247 558 in
2279 503 2563 559 contrariis
2608 516 2727 559 esse
2771 503 3042 569 dicuntur,
3076 502 3197 573 quia
3236 520 3338 559 non
3369 519 3461 563 se-

1874 597 2114 656 cundum
2163 597 2471 668 qualitatem
2521 598 2826 667 propriam,
2880 599 2973 654 sed
3025 599 3318 654 secundum
3376 598 3462 653 di-

1875 691 2129 747 stantiam
2176 687 2461 761 plurimam
2500 688 2601 744 sibi
2654 689 2883 744 invicem
2933 686 3300 745 conferuntur.
3351 691 3460 746 Ma-

1881 783 2023 839 xima
2065 780 2361 852 propositio
2395 788 2514 847 est,
2562 781 2704 850 quod
2748 780 2905 836 alicui
2945 783 3228 847 convenit,
3262 782 3313 837 id
3343 783 3463 854 ejus

1882 874 2151 933 contrario
2178 889 2282 928 non
2313 870 2626 929 convenire.

1954 968 2030 1022 Ab
2060 966 2335 1038 adjunctis.
2370 964 2429 1022 Si
2458 981 2518 1019 ea
2559 964 2743 1021 mulier
2783 972 3135 1021 testamentum
3174 966 3321 1038 fecit,
3353 982 3466 1036 qua:
3516 974 3519 979 ‘

1882 1078 1939 1117 se
1962 1062 2125 1133 capite
2146 1075 2404 1131 nunquam
2429 1058 2688 1126 diminuit,
2714 1044 2814 1113 non
2838 1059 3033 1113 videtur
3056 1075 3118 1114 ea:
3138 1060 3304 1114 edicto
3335 1076 3468 1127 pra!-

1886 1157 2012 1211 toris
2040 1156 2317 1211 secundum
2357 1171 2440 1210 eos
2471 1153 2669 1209 tabulas
2697 1155 2946 1227 possessio
2969 1156 3084 1208 dari
3110 1172 3128 1221 ;
3161 1155 3469 1226 adjungitur

1885 1250 2019 1304 enim
2045 1261 2101 1304 ut
2138 1249 2416 1304 secundum
2451 1263 2744 1315 servorum,
2790 1248 3069 1304 secundum
3095 1247 3327 1304 exsulum
3346 1287 3362 1314 ,
3392 1266 3473 1303 se.

1888 1340 2113 1395 cundunt
2166 1340 2497 1411 puerulorum
2553 1338 2756 1395 tabulas
2808 1342 3062 1411 possessio
3123 1340 3354 1396 videatur
3407 1357 3471 1399 es

1885 1432 2050 1486 edicto
2075 1431 2211 1487 dari.

1959 1523 2223 1594 Adjuncta
2250 1532 2408 1592 sunt,
2434 1539 2552 1596 qua:
2581 1523 2883 1596 proximum
2907 1539 2969 1583 ac
2990 1525 3272 1582 ﬁnitimum
3295 1528 3472 1584 locum

1886 1626 2101 1684 tenent,
2133 1628 2191 1674 ut
2228 1620 2274 1674 si
2307 1635 2468 1675 unum
2499 1633 2686 1675 eorum
2719 1620 2960 1691 quolibet
2985 1621 3257 1677 exstiterit
3286 1621 3470 1694 modo,

1880 1710 2114 1767 alterum
2142 1726 2356 1781 quoque
2397 1708 2482 1765 vel
2513 1712 2814 1779 exstitisse,
2860 1711 2948 1767 vel
2991 1721 3228 1778 exstare,
3260 1712 3345 1768 vel
3375 1728 3476 1769 ex-

199 1821 319 1867 nere
343 1805 485 1878 quod
516 1804 675 1863 fuerit
703 1819 860 1859 suum
889 1803 1138 1876 legantis,
1168 1802 1219 1857 id
1249 1812 1332 1857 est
1358 1803 1500 1873 quod
1546 1802 1598 1857 in
1646 1816 1773 1857 arca
1802 1789 1854 1869 Β
1878 1812 2150 1860 staturum
2178 1816 2300 1859 esse
2332 1803 2608 1869 videatur;
2640 1804 2755 1861 hmo
2799 1805 2942 1860 enim
2972 1805 3074 1861 sibi
3117 1809 3269 1877 quasi
3300 1807 3475 1861 vicina

199 1901 350 1956 luerit
370 1899 665 1961 conditum,
690 1914 797 1955 non
827 1907 1004 1967 potest
1025 1898 1165 1953 idem
1197 1897 1420 1967 intelligi
1446 1897 1514 1953 de
1540 1912 1609 1953 eo
1630 1897 1778 1967 quod

200 1991 252 2046 in
279 1990 576 2046 nominibus
604 1989 930 2055 debebatur,
972 1988 1245 2060 quoniam,
1273 1988 1409 2044 sicut
1438 1989 1640 2044 dictum
1667 1999 1773 2059 est,

160 2119 164 2122 ~
202 2085 253 2139 id
279 2083 413 2155 quod
465 2083 516 2139 in
560 2082 864 2138 nominibus
908 2082 1134 2138 debetur
1178 2083 1245 2137 ab
1286 2096 1351 2138 eo
1396 2081 1534 2152 quod
1569 2082 1622 2137 in
1652 2096 1781 2137 arca

200 2177 422 2248 positum
447 2182 530 2230 est
552 2174 838 2245 plurimum
869 2173 1092 2231 diﬂeret.
1124 2174 1286 2239 Facta
1317 2183 1399 2229 est
1430 2172 1591 2244 igitur
1619 2188 1779 2243 argu-

203 2269 450 2324 mentatio
490 2266 558 2323 ab
607 2283 672 2324 eo
721 2266 863 2339 quod
914 2268 1122 2335 inerat,
1150 2267 1219 2321 de
1265 2282 1370 2338 quo
1418 2268 1780 2336 quaerebatur.

204 2366 541 2433 Quaerebatur
571 2377 699 2420 vero
726 2362 793 2417 de
821 2374 1041 2434 argento
1070 2363 1121 2416 in
1144 2360 1459 2417 nominibus
1488 2361 1688 2417 debito.
1719 2360 1781 2417 In

206 2460 304 2515 hoc
330 2473 456 2514 vero
484 2458 658 2514 inerat
700 2456 913 2527 pr0pria
957 2455 1256 2511 dilicrentia
1276 2498 1290 2523 ,
1320 2468 1421 2524 qua
1451 2453 1520 2509 ab
1547 2453 1652 2507 alio
1682 2450 1785 2508 dif—

208 2548 405 2607 ferebat
449 2557 700 2619 argento,
729 2562 796 2603 eo
841 2546 1050 2603 scilicet
1099 2545 1242 2616 quod
1287 2545 1338 2600 in
1378 2559 1501 2599 arca
1546 2544 1785 2613 positum

209 2642 380 2697 fuerit.
401 2640 455 2696 ld
483 2655 611 2697 vero
630 2648 712 2696 est
734 2638 1003 2706 affectum,
1028 2637 1080 2694 id
1108 2644 1193 2694 est
1215 2637 1533 2693 dili‘erentia.
1556 2636 1785 2692 Maxima

210 2750 333 2792 vero
382 2734 696 2808 propositio,
744 2732 811 2790 de
860 2733 1021 2791 rebus
1070 2733 1363 2805 plurimum
1392 2729 1783 2795 ditl‘erentibus,

211 2826 345 2884 idem
375 2828 593 2897 intelligi
621 2840 726 2882 non
759 2838 934 2895 posse.

282 2920 361 2975 Ea:
400 2920 657 2977 contrario
698 2927 869 2973 autem
908 2918 982 2973 sic
1005 2931 1026 2972 :
1056 2917 1177 2971 Non
1206 2915 1349 2971 debet
1391 2930 1450 2970 ea
1480 2914 1662 2969 mulier
1705 2912 1792 2968 cui

211 3010 286 3065 uir
315 3009 559 3065 bonorum
587 3024 795 3063 suorum
835 3008 1155 3080 ususfructus
1189 3006 1392 3079 legavit,
1416 3004 1559 3060 cellis
1582 2996 1791 3059 vinariis

214 3112 262 3157 et
298 3103 498 3157 oleariis
546 3101 710 3172 plenis
758 3100 967 3168 relictis,
1000 3109 1184 3170 putare
1221 3100 1277 3155 id
1322 3099 1389 3155 ad
1419 3115 1471 3153 se
1520 3099 1788 3167 pertinere.

1887 1903 2035 1951 sunt.
2070 1895 2201 1962 Quae
2255 1909 2382 1949 vero
2433 1892 2489 1948 in
2536 1893 2822 1957 existendo
2873 1894 2977 1951 sibi
3022 1905 3147 1951 sunt
3193 1898 3473 1965 proxima,

1888 1986 2005 2042 haec
2043 1986 2126 2041 vel
2157 1986 2476 2042 antecedere
2506 2002 2619 2043 rem
2650 1986 2869 2055 volunt,
2903 1996 2959 2042 ut
2983 2002 3133 2043 amor
3164 2004 3309 2059 saepe
3346 2004 3479 2044 con-

1889 2077 2163 2145 cubitum,
2207 2079 2294 2134 vel
2339 2079 2499 2134 simul
2546 2094 2696 2146 esse,
2750 2088 2809 2135 ut
2856 2080 3027 2152 pallor
3056 2089 3110 2136 et
3160 2082 3338 2143 timor.
3390 2081 3478 2138 vel

1886 2170 2105 2226 evenire
2135 2169 2422 2239 posterius,
2458 2168 2518 2225 ut
2548 2179 2667 2239 post
2697 2170 3032 2227 iracundiam
3062 2172 3258 2228 caedes.
3294 2174 3478 2243 anue

1890 2271 1979 2318 est
2005 2262 2377 2332 atljnnctorum
2406 2272 2615 2331 natura,
2643 2272 2701 2318 ut
2730 2266 2967 2335 separari
2990 2265 3206 2335 quidem
3241 2266 3474 2335 possint,

1895 2366 2075 2411 tamen
2101 2371 2219 2411 sese
2250 2356 2475 2413 invicem
2502 2368 2822 2415 monstrent.
2852 2358 2983 2414 Nam
3008 2375 3182 2432 neque
3212 2362 3302 2427 qui
3331 2375 3481 2417 ama-

1895 2447 2003 2513 vit,
2029 2448 2334 2503 necessario
2367 2449 2564 2514 potitus
2595 2458 2706 2514 est,
2737 2459 2791 2505 et
2820 2464 2965 2520 smpe
3008 2453 3099 2520 qui
3130 2452 3326 2521 potitus
3360 2461 3476 2518 est,

1896 2555 2004 2595 non
2047 2540 2268 2596 amavit.
2316 2541 2424 2596 i\'ec
2468 2542 2559 2611 qui
2605 2543 2800 2610 pallet,
2847 2544 3152 2598 nece-sario
3197 2546 3383 2611 timet,
3426 2556 3485 2601 et

1896 2649 2043 2704 saepe
2086 2649 2190 2689 non
2243 2634 2438 2690 timens
2467 2636 2653 2705 pallet.
2685 2636 2795 2691 Nec
2823 2653 2891 2691 ex
2939 2640 3262 2695 necessitate
3310 2640 3483 2696 iratus

1898 2726 2142 2793 occidet,
2171 2736 2226 2783 et
2255 2728 2454 2783 occidit
2494 2743 2637 2799 saepe
2665 2728 2859 2799 aliquis
2890 2744 2997 2784 non
3043 2724 3365 2786 iratusZ'Sed
3405 2740 3487 2786 ta-

1904 2835 2027 2876 men
2055 2821 2099 2874 si
2129 2819 2196 2876 de
2237 2820 2458 2892 singulis
2489 2821 2808 2892 inquiratur,
2835 2837 2957 2878 eum
2999 2822 3351 2883 concubuisse
3391 2822 3484 2895 qui
3569 2834 3573 2838 '

1899 2912 2125 2982 amavit,
2159 2924 2211 2969 et
2242 2913 2437 2983 pallere
2467 2914 2556 2985 qui
2588 2914 2767 2981 timet,
2800 2922 2855 2969 et
2883 2913 3145 2969 occidisse
3175 2915 3265 2984 qui
3311 2914 3475 2970 fuerit

1902 3004 2092 3069 iratus,
2121 3004 2409 3061 verisimile
2441 3014 2527 3061 est
2547 3047 2563 3073 ,
2597 3020 2703 3061 non
2730 3006 2869 3073 quod
2912 3006 2983 3061 ita
3013 3021 3234 3063 necesse
3262 3007 3360 3069 sit,
3390 3006 3488 3063 sed

1899 3093 2021 3161 quia
2045 3110 2109 3148 ex
2133 3093 2322 3149 vicinis
2346 3095 2518 3151 vicina
2540 3096 2865 3167 colligimus.
2891 3096 3022 3153 Nam
3046 3098 3187 3169 quod
3213 3100 3277 3152 ad
3304 3114 3490 3154 exent-

220 3194 349 3249 Usus
377 3194 510 3249 enim
552 3208 654 3247 non
684 3191 871 3248 abusus
920 3192 1117 3262 legatus
1162 3201 1234 3247 est
1265 3205 1285 3245 :
1314 3205 1375 3244 ea
1412 3198 1533 3245 sunt
1568 3189 1700 3243 inter
1741 3202 1795 3244 se
1822 3178 1873 3245 (Ξ
1905 3185 2052 3256 plum
2094 3188 2285 3262 attinet
2319 3188 2477 3257 hnjus
2523 3190 2858 3262 argumenti,
2890 3190 3006 3247 haec
3053 3192 3349 3247 similitudo
3379 3202 3484 3248 est.

216 3285 485 3342 contraria.
552 3284 555 3287 λ

286 3376 432 3446 Quod
474 3375 541 3432 de
585 3374 762 3446 aliqua
788 3390 848 3431 re
876 3374 1090 3443 dicitur,
1122 3374 1174 3430 id
1202 3374 1259 3429 in
1300 3374 1417 3443 ejus
1459 3372 1792 3429 contrarium

216 3486 319 3527 non
367 3478 542 3540 potest
570 3470 879 3526 convenire.
910 3468 1057 3524 Idem
1108 3469 1253 3524 enim
1297 3468 1365 3523 de
1408 3467 1615 3524 duobus
1663 3482 1794 3522 con-

202 3563 393 3620 .trariis
440 3561 667 3632 intelligi
710 3561 857 3614 nullo
904 3559 1064 3615 modo
1113 3566 1309 3628 potest.
1352 3560 1580 3626 Quidam
1628 3559 1795 3631 igitur

196 3666 475 3722 .snpremm
502 3650 790 3706 voluntatis
829 3648 1053 3705 arbitrio
1079 3649 1232 3705 uxori
1264 3649 1526 3704 bonorum
1570 3664 1792 3706 suorum

214 3741 605 3799 usnmlructum
645 3740 871 3813 legavit,
926 3740 1119 3796 mulier
1166 3739 1330 3796 cellas
1362 3741 1591 3797 vinarias
1620 3741 1796 3799 oleas-

214 3850 318 3906 que
363 3834 546 3904 plenas
594 3833 660 3887 ad
712 3830 1098 3887 usuml‘ructum
1150 3833 1424 3903 proprium
1473 3832 1789 3890 devocabat.

214 3926 484 3995 Quaeritur
513 3942 579 3981 an
612 3940 782 3997 penus
810 3940 1025 3997 quoque
1068 3926 1408 3982 ususfructus
1440 3927 1647 3999 legatus
1690 3929 1794 3997 sit;

220 4035 391 4089 penus
432 4018 609 4088 igitur
672 4017 1007 4075 ususlructus
1061 4018 1533 4089 est,subjectum,
1592 4020 1798 4091 legatus

218 4111 585 4181 prmdicatum.
609 4110 655 4168 A
681 4110 951 4167 contrario
981 4111 1396 4181 igiturjsumitur
1423 4121 1797 4197 argumentum

217 4203 323 4260 hoc
368 4203 564 4258 modo:
598 4202 807 4259 Utimur
831 4203 914 4260 his
930 4217 1058 4273 quae
1101 4202 1258 4259 nobis
1287 4203 1562 4259 utentibus
1591 4218 1801 4273 perma-

215 4303 374 4361 nent,
407 4295 487 4351 his
528 4309 659 4351 vero
701 4295 974 4352 abutimur
1017 4310 1136 4366 qua:
1185 4294 1341 4352 nobis
1389 4296 1662 4351 utentibus
1703 4311 1800 4367 pe-

215 4396 404 4454 reunt;
433 4402 584 4458 ergo,
603 4401 725 4442 cum
754 4401 1069 4457 permanere
1091 4401 1152 4442 ac
1174 4387 1352 4456 perire
1376 4388 1646 4443 contraria
1668 4386 1800 4456 sint,

213 4494 349 4535 usus
376 4495 585 4550 quoque
612 4488 667 4535 et
711 4480 909 4537 abusus
956 4481 1227 4537 contraria
1270 4492 1493 4535 necesse
1537 4486 1622 4535 est
1659 4478 1805 4549 judi-

1898 3276 2102 3347 Capitis
2130 3258 2417 3335 diminutio
2460 3290 2545 3336 est
2590 3258 2788 3353 prioris
2834 3258 3004 3339 status
3047 3286 3387 3354 permutatio.
3430 3285 3491 3341 Id

1899 3371 2081 3424 multis
2110 3371 2224 3426 fieri
2258 3371 2431 3426 modis
2460 3373 2629 3439 solet,
2660 3375 2746 3431 vel
2774 3374 3029 3439 maxima,
3058 3375 3143 3431 vel
3173 3376 3377 3440 media,
3401 3376 3488 3431 vel

1899 3461 2145 3515 minima.
2171 3461 2396 3517 Maxima
2424 3472 2541 3528 est,
2568 3478 2690 3519 cum
2713 3476 2764 3519 et
2796 3465 3018 3521 libertas
3040 3477 3094 3522 et
3115 3468 3301 3524 civitas
3331 3469 3492 3525 amit-

1901 3555 2051 3622 titur,
2078 3567 2135 3611 ut
2162 3558 2483 3628 deportatio.
2509 3561 2685 3617 Media
2711 3578 2860 3632 vero,
2894 3568 2944 3619 in
2971 3580 3077 3632 qua
3102 3567 3294 3623 civitas
3333 3571 3492 3625 amit-

1900 3649 2049 3713 titur,
2085 3650 2343 3705 retinetur
2368 3652 2612 3721 libertas,
2635 3663 2694 3710 ut
2719 3655 2774 3710 in
2798 3655 3017 3729 Latinas
3043 3659 3282 3715 colonias
3316 3671 3495 3716 trans~

1900 3743 2166 3812 migratio.
2228 3744 2480 3812 Minima,
2535 3761 2656 3802 cum
2715 3762 2816 3804 nec
2871 3750 3058 3807 civitas
3120 3767 3220 3808 nec
3271 3755 3493 3811 libertas

1901 3835 2183 3901 amittitur,
2226 3837 2321 3892 sed
2351 3846 2524 3894 status
2578 3841 2774 3908 prioris
2821 3844 3089 3914 qualitatis
3132 3845 3492 3917 imminuitur,

1901 3926 2046 3981 velut
2089 3927 2399 3998 adoptatio,
2440 3937 2534 3985 aut
2580 3932 2907 4001 quibuslibet
2954 3934 3073 3991 aliis
3121 3938 3295 3995 modis
3345 3942 3493 4009 prior

1902 4026 2103 4086 status,
2132 4027 2342 4077 retenta
2372 4021 2611 4090 civitate,
2642 4028 2877 4095 potuerit
2905 4028 3195 4085 immutari.
3244 4032 3495 4091 Mulieres

1903 4123 2032 4166 vero
2059 4112 2277 4183 antiquo
2301 4112 2423 4184 jure
2455 4116 2616 4172 tutela
2651 4128 2912 4189 perpetua
2955 4122 3285 4183 continebat.
3320 4125 3492 4183 Rece-

1903 4199 2103 4258 debant
2127 4218 2261 4262 vero
2296 4220 2328 4260 a
2367 4207 2558 4263 tutoris
2596 4218 2862 4279 potestate
2891 4229 3012 4284 qum
3038 4216 3092 4271 in
3139 4232 3355 4275 manum
3386 4219 3495 4281 viri

1904 4293 2313 4371 convenissent,
2348 4297 2529 4369 itaque
2561 4298 2725 4357 ﬁebat
2752 4303 2832 4358 eis
2857 4305 3052 4374 prioris
3076 4315 3248 4364 status
3278 4325 3495 4380 permu-

1907 4387 2061 4454 tatio,
2096 4398 2150 4445 et
2189 4400 2305 4446 erat
2332 4393 2509 4464 capite
2534 4394 2817 4464 diminuta,
2847 4413 2967 4468 quas
3005 4400 3108 4455 viri
3150 4404 3495 4462 convenisset

1907 4478 1960 4534 in
1992 4494 2232 4539 manum.
2274 4484 2529 4551 Quaedam
2562 4486 2727 4558 igitur
2764 4502 2888 4560 quae
2914 4505 2975 4547 se
3013 4507 3285 4565 nunquam
3315 4496 3495 4567 capite

211 4581 428 4629 centnr.
457 4571 609 4640 Quod
639 4573 684 4627 si
730 4580 923 4628 caetera
948 4573 1162 4644 quidem
1206 4571 1407 4628 utendo
1446 4580 1796 4643 permanent,
1823 4566 1882 4630 D
1906 4580 2278 4651 diminuisset,
2303 4585 2357 4639 id
2385 4594 2468 4642 est
2495 4602 2616 4656 qua:
2644 4589 2698 4643 in
2730 4604 2946 4647 manum
2982 4592 3082 4649 viri
3112 4595 3331 4653 minime
3357 4566 3495 4654 non-

210 4664 368 4719 cellae
419 4674 596 4719 autem
652 4665 872 4719 vinariae
923 4675 1081 4735 atque
1135 4663 1352 4720 oleariae
1408 4663 1608 4720 utendo
1663 4679 1798 4721 con-

212 4764 521 4822 sumuntur,
556 4754 778 4810 aliarum
828 4755 1043 4826 quidem
1093 4770 1271 4811 rerum
1318 4756 1652 4813 ususlructus
1679 4771 1802 4814 esse

210 4856 424 4918 potest;
455 4863 629 4918 penus
649 4862 777 4904 vero
808 4864 914 4902 non
945 4856 1121 4918 potest
1150 4862 1279 4902 usus
1318 4862 1462 4913 esse,
1494 4849 1589 4906 sed
1622 4851 1801 4919 potius

208 4942 436 4995 abusus.
480 4941 626 5011 Ergo
649 4957 769 4998 cum
810 4942 890 4997 vir
918 4941 1074 4996 uxori
1103 4940 1491 4998 usumfructum
1535 4943 1801 5001 bonorum

206 5034 440 5085 suorum
488 5029 778 5101 legaverit,
830 5046 935 5086 non
990 5031 1162 5101 potuit
1200 5030 1379 5101 legare
1427 5034 1796 5103 contrarium,

204 5121 363 5192 quod
412 5133 493 5178 est
522 5122 750 5188 abusus;
794 5132 877 5180 est
920 5136 1047 5179 vero
1089 5122 1286 5178 abusus
1313 5123 1423 5178 vini
1466 5131 1625 5194 atque
1652 5125 1796 5195 olei,

204 5214 401 5271 vinum
432 5214 593 5285 igitur
620 5223 781 5286 atque
822 5214 999 5270 oleum
1027 5214 1092 5268 ad
1126 5214 1513 5271 usumlructum
1559 5218 1804 5275 mulieris

205 5320 326 5360 non
361 5313 535 5375 potest
554 5307 846 5378 pertinere.
867 5308 1251 5377 Argumentum
1270 5307 1338 5363 ab
1355 5322 1419 5363 eo
1437 5307 1578 5378 quod
1606 5308 1659 5363 in
1686 5310 1803 5380 ipso

203 5405 300 5451 est
331 5395 399 5452 de
425 5410 532 5467 quo
562 5396 757 5467 agitur,
790 5396 843 5451 id
889 5406 972 5452 est
1013 5397 1081 5451 ab
1125 5396 1463 5453 ususfructus
1507 5398 1794 5470 legatione,

204 5505 384 5568 atque
428 5498 497 5553 ab
535 5496 750 5567 allecto,
780 5497 834 5553 id
882 5506 965 5555 est
1010 5498 1314 5573 contrario;
1362 5499 1627 5555 contraria
1671 5514 1801 5557 vero

202 5592 268 5646 in
303 5592 593 5647 contrariis
622 5605 732 5647 non
777 5592 847 5647 ita
878 5599 1039 5660 sunt,
1085 5600 1338 5663 tanquam
1380 5593 1625 5650 deﬁnitio
1654 5595 1802 5651 ineo

202 5684 363 5752 quod
414 5683 686 5749 delinitur,
731 5684 825 5740 sed
876 5693 1126 5756 tanquam
1171 5685 1380 5741 relatio.
1427 5686 1610 5743 Omnis
1656 5687 1799 5743 enim

196 5775 416 5835 relatio
442 5774 496 5834 in
536 5777 795 5846 relativis,
821 5780 1105 5851 omniaque
1134 5781 1407 5839 contraria
1442 5793 1546 5840 non
1577 5778 1630 5838 id
1656 5778 1797 5851 quod

1905 4674 2168 4741 venisset,
2195 4676 2315 4732 sine
2342 4677 2536 4733 tutoris
2564 4681 2885 4739 auctoritate
2925 4693 3300 4751 testamentum
3341 4689 3491 4746 fecit.

1906 4764 2172 4835 Quaeritur
2198 4781 2267 4822 an
2309 4769 2606 4826 secundum
2645 4774 2764 4842 ejus
2800 4774 3010 4832 tabulas
3050 4793 3118 4834 ex
3145 4779 3326 4835 edicto
3355 4795 3495 4850 prte-

1907 4860 2041 4914 toris
2060 4859 2253 4916 debeat
2273 4860 2390 4916 dari
2416 4864 2710 4933 possessio.
2735 4866 2834 4922 Hic
2856 4869 3132 4941 subjectus
3153 4871 3370 4942 quidem
3395 4880 3496 4928 ter-

1906 4949 2106 5018 minus,
2139 4950 2380 5006 mulieris
2423 4967 2694 5025 nunquam
2734 4959 2911 5029 capite
2950 4960 3231 5016 diminutte
3275 4962 3496 5029 tabulas,

1907 5040 2228 5110 praedicatus
2244 5056 2371 5099 vero
2393 5046 2753 5113 possessionis
2768 5036 3076 5107 concessio.
3101 5050 3345 5109 Sumitur
3363 5069 3498 5125 ergo

1908 5132 1975 5187 ab
2000 5131 2266 5203 adjunctis
2293 5146 2664 5205 argumentum
2682 5183 2699 5208 ,
2733 5141 2834 5197 boc
2860 5142 3044 5209 modo,
3070 5143 3202 5199 Nam
3224 5145 3270 5200 si
3297 5161 3496 5209 secun-

1907 5222 2033 5279 dum
2063 5224 2309 5281 mulieris
2336 5227 2542 5285 tabulas
2568 5244 2840 5309 nunquam
2862 5234 3038 5303 capite
3064 5233 3341 5292 diminutas
3369 5252 3495 5308 pos-

1908 5315 2077 5371 sessio
2098 5314 2275 5385 detur,
2306 5318 2437 5373 nihil
2470 5335 2646 5378 causae
2670 5332 2755 5379 est
2777 5339 2872 5381 cur
2895 5340 3002 5381 non
3032 5327 3329 5384 secundum
3362 5344 3496 5400 pue-

1909 5407 2150 5463 rulorum
2206 5424 2418 5482 quoque
2471 5418 2525 5467 et
2577 5427 2858 5471 servorum
2918 5416 3124 5472 tabulas
3185 5434 3252 5474 ex
3312 5420 3496 5480 edicto

1911 5500 2155 5569 prmtoris
2202 5504 2478 5571 possessio
2506 5506 2863 5575 permittatur.
2891 5507 3028 5575 Quid
3080 5510 3225 5567 enim
3271 5512 3495 5572 ofﬁcere

1909 5602 2111 5663 potest,
2145 5609 2213 5650 ne
2243 5596 2539 5653 secundum
2587 5599 2827 5655 mulieris
2870 5614 3143 5672 nunquam
3191 5606 3365 5676 capite
3408 5606 3493 5662 di-

1907 5686 2125 5743 minutae
2187 5688 2393 5746 tabulas
2454 5690 2728 5761 possessio
2792 5692 3109 5761 deferatur?
3161 5695 3218 5755 id
3278 5698 3488 5756 scilicet

1904 5781 2051 5851 quod
2089 5797 2153 5844 ea
2182 5799 2300 5855 quae
2330 5792 2705 5845 testamentum
2736 5787 3075 5869 coniecerat,
3103 5792 3185 5852 sui
3235 5807 3343 5857 non
3386 5794 3495 5858 fuit
