4036 6336
2051 251 2099 260 --
2174 255 2229 263 ..-

537 341 684 404 1075

1756 316 1869 397 AN.
1906 338 2119 397 MANL.
2159 337 2313 398 sev.
2356 320 2582 398 norim

2696 261 2763 277 ’⁷.-

3686 318 3812 404 ttns

534 459 698 536 juris,
728 453 880 528 quod
912 452 1055 511 idem
1083 459 1140 510 et
1187 452 1255 509 de
1284 453 1467 523 pueris
1493 460 1546 509 et
1582 453 1652 511 de
1690 456 1863 512 servis
1900 454 2004 511 dici
2034 472 2127 525 po-
2154 457 2212 522 Α
2234 471 2407 527 usque
2457 457 2526 512 ad
2577 456 2808 513 mediam
2861 465 3067 528 partem
3120 457 3381 516 duntaxat
3435 461 3597 518 dotis.
3643 463 3809 530 Quare

536 555 668 604 test.
701 548 917 603 Illorum
943 547 1085 602 enim
1108 555 1258 611 astas,
1292 545 1504 600 illorum
1532 545 1789 611 conditio,
1816 546 1870 601 in
1899 540 2125 603 alterius

538 637 643 695 sita
688 642 770 691 est
816 642 1098 705 potestate.
1144 636 1466 705 Adjungitur
1511 650 1641 706 ergo
1674 653 1688 690 :
1721 637 1776 691 Si
1822 637 2119 693 secundum

540 729 805 797 mulieris,
833 744 952 800 quae
983 730 1033 783 in
1077 743 1176 784 suo
1220 729 1341 799 jure
1382 744 1489 784 non
1530 738 1701 792 esset.
1737 729 1961 798 tabulas,
1996 745 2125 801 pos-

539 822 717 880 sessio
755 822 933 891 detur,
967 823 1257 878 secundum
1290 823 1634 893 puerulorum
1676 837 1887 894 quoque
1925 831 1981 879 et
2009 838 2123 879 ser-

537 927 732 969 vorum
760 915 968 970 tabulas
1000 913 1393 984 possessionem
1433 913 1579 980 dari,
1609 912 1701 983 qui
1729 914 1811 968 sui
1851 912 1987 983 juris
2018 915 2122 968 mi-

540 1011 690 1068 nime
716 1011 851 1079 sint,
879 1010 1131 1080 quoniam
1159 1009 1374 1079 quidem
1405 1008 1482 1063 illi
1509 1008 1610 1063 sub
1653 1008 1862 1075 tutoris,
1896 1006 1972 1063 illi
1998 1016 2123 1062 sunt

539 1104 645 1161 sub
685 1103 887 1158 domini
920 1110 1199 1172 potestate.
1236 1101 1484 1157 Proxima
1530 1114 1762 1171 namque
1803 1108 1888 1156 est
1935 1100 2013 1155 rei
2056 1100 2128 1155 de

541 1210 647 1265 qua
675 1196 957 1267 quaritur,
988 1193 1129 1264 quod
1174 1193 1290 1263 ejus
1328 1198 1413 1249 est
1455 1207 1809 1262 consequens,
1843 1201 1898 1246 et
1938 1198 2124 1261 postea

539 1287 803 1355 existens,
835 1297 893 1341 ut
936 1285 1229 1341 secundum
1276 1298 1553 1340 servorum
1601 1296 1994 1355 puerorumque
2043 1293 2126 1338 ta-

539 1379 695 1437 bulas
727 1379 988 1434 bonorum
1019 1378 1286 1448 possessio
1310 1379 1489 1443 detur,
1518 1377 1565 1432 si
1596 1377 1727 1431 illud
1760 1378 1900 1447 quod
1950 1383 2033 1431 est
2072 1377 2127 1430 in

537 1476 839 1543 quaestione
867 1473 1203 1530 conceditur.
1247 1473 1517 1541 Qumritur
1558 1474 1700 1528 enim
1731 1488 1798 1527 an
1830 1471 2127 1528 secundum

540 1565 787 1621 mulieris
816 1562 1025 1621 tabdlas
1070 1578 1338 1635 nunquam
1370 1565 1544 1635 capite
1588 1564 1865 1620 diminuta:
1910 1579 2127 1634 posses-

543 1657 627 1714 sio
655 1658 829 1713 detur.
873 1656 1042 1726 Quam
1072 1672 1185 1712 rem
1214 1659 1558 1727 consequitur
1598 1666 1673 1722 ut,
1718 1658 1762 1711 si
1797 1657 1847 1712 id
1879 1656 2002 1723 tiat,
2043 1671 2130 1712 se-

542 1752 779 1806 cundum
809 1764 1085 1807 servorum
1114 1764 1327 1822 quoque
1358 1766 1751 1821 puerorumque
1796 1751 2006 1806 tabulas
2034 1752 2131 1806 tle-

2234 549 2488 620 quoniam
2520 551 2667 621 quod
2709 566 2776 606 ex
2823 550 2948 607 dote
2978 552 3308 623 conquiritur
3354 553 3649 610 liberorum
3700 567 3806 627 est,

2233 644 2323 712 qui
2354 642 2512 698 liberi
2555 643 2610 699 in
2654 644 2820 714 patris
2863 654 3129 713 potestate
3169 656 3319 713 sunt,
3363 647 3419 702 id
3460 648 3601 717 apud
3646 650 3809 705 virum

2232 750 2455 793 necesse
2480 745 2564 793 est
2609 753 2943 803 permanere.
2983 738 3151 795 Facto
3197 740 3354 810 igitur
3397 740 3650 805 divortio,
3694 755 3811 797 con-

2234 820 2471 882 tenditur
2502 841 2581 881 -an
2624 828 2764 883 dotis
2809 842 2932 897 pars
2979 843 3076 898 pro
3124 829 3306 883 liberis
3348 829 3487 899 apud
3520 832 3693 884 virum
3721 831 3784 887 de

2231 916 2356 972 beat
2400 931 2735 986 permanere.
2769 918 2865 974 llic
2894 919 3191 990 subjectum
3219 920 3435 991 quidem
3478 932 3589 987 est,
3619 920 3808 976 factum

2233 1006 2520 1063 divortium
2562 1024 2593 1063 a
2634 1010 2857 1066 muliere
2888 1013 3220 1077 nuntiatum;
3272 1014 3620 1081 praedicatum
3671 1028 3814 1080 vero,

2231 1101 2372 1171 apud
2403 1102 2578 1156 virum
2624 1112 2792 1158 sextae
2821 1106 2990 1176 partis
3032 1104 3172 1159 dotis
3215 1113 3333 1174 post
3363 1102 3653 1159 divortium
3702 1120 3816 1173 per-

2232 1194 2463 1249 mansio.
2492 1194 2731 1259 Quzestio
2760 1210 2826 1249 an
2858 1204 2977 1265 post
3003 1195 3294 1251 divortium
3327 1195 3552 1262 factum,
3588 1195 3817 1252 muliere

2233 1290 2481 1347 nuntium
2504 1292 2836 1360 remittente,
2858 1301 3063 1348 sextam
3083 1291 3226 1346 dotis
3250 1299 3453 1360 partem
3480 1290 3621 1359 apud
3646 1290 3817 1345 virum

2232 1398 2455 1438 manere
2480 1392 2746 1453 oporteat.
2777 1382 2971 1451 Quzero
2997 1385 3180 1454 igitur,
3209 1384 3254 1437 si
3284 1382 3352 1437 ab
3377 1381 3819 1439 antecedentibus

2232 1476 2604 1546 argumentum
2626 1476 2924 1533 iaciendum
2947 1485 3050 1543 est,
3067 1476 3193 1546 quid
3218 1475 3519 1542 antecedat,
3544 1474 3675 1546 quid
3697 1490 3814 1531 com

2234 1562 2510 1643 sequatur.
2543 1573 2611 1625 At
2640 1572 2683 1626 si
2715 1571 2813 1626 viri
2844 1570 2998 1638 culpa
3053 1568 3247 1625 factum
3275 1577 3361 1626 est
3387 1569 3713 1637 divortium,
3746 1568 3819 1624 vi-

2233 1666 2358 1731 deo,
2392 1665 2673 1719 mulierem
2705 1664 2848 1720 dotis
2878 1674 3026 1734 parte
3056 1680 3159 1719 non
3186 1679 3346 1734 posse
3376 1663 3627 1729 multari,
3656 1663 3815 1719 etiam

2234 1754 2281 1810 si
2312 1755 2482 1827 prima
2512 1755 2723 1825 repudii
2750 1756 2993 1810 nuntium
3025 1756 3193 1810 misit.
3222 1754 3376 1823 Quod
3403 1756 3548 1809 enim
3577 1762 3820 1809 anteces-

539 1845 766 1912 feratur,
795 1847 938 1917 quod
978 1848 1117 1917 quia'
1141 1846 1255 1901 ﬁeri
1301 1856 1407 1901 nan
1438 1853 1681 1916 oportet,
1712 1860 1779 1901 ne
1803 1846 1878 1900 rei
1907 1844 2127 1916 quidem
2162 1826 2211 1899 Β
2235 1848 2336 1913 sit,
2372 1858 2428 1903 ut
2457 1846 2559 1902 viri
2586 1848 2739 1917 culpa
2788 1847 2941 1902 fieret
2983 1847 3266 1903 divortium
3286 1889 3302 1914 ,
3334 1848 3385 1902 id
3427 1863 3533 1902 non
3566 1848 3822 1917 permittit

539 1938 898 2011 praecedentis
926 1941 1159 1997 existere
1197 1939 1414 1995 debebit
1443 1930 1770 2009 exemplum.
1806 1939 1913 1994 Nec
1947 1949 2127 1995 tamen

539 2032 842 2090 necessaria
873 2038 957 2089 est
997 2032 1328 2101 consecutio,
1362 2031 1457 2088 sed
1488 2032 1686 2087 vicina.
1717 2031 1847 2085 Nam
1882 2030 1995 2087 ﬁeri
2027 2046 2124 2102 po-

543 2130 654 2179 test
678 2132 738 2178 ut
767 2123 821 2178 id
846 2122 1138 2194 recipiatur
1178 2124 1353 2179 solum
1384 2124 1675 2197 secundum
1705 2123 1944 2179 mulieris
1975 2123 2132 2179 tubu-

540 2211 624 2272 las
681 2216 1074 2286 possessionem
1120 2214 1269 2283 dari,
1318 2232 1423 2271 non
1465 2231 1596 2271 vero
1642 2215 1692 2270 id
1734 2223 1792 2270 ut
1834 2215 2128 2271 secundum

542 2308 756 2364 tabulas
799 2324 1076 2365 servorum
1117 2310 1200 2365 vel
1234 2325 1516 2380 puerorum
1552 2309 1818 2380 possessio
1859 2308 2129 2364 conceda-

543 2409 653 2458 tur.
682 2402 785 2457 Sed
835 2398 1136 2472 proximum
1182 2411 1266 2457 est
1314 2404 1369 2457 iit
1414 2403 1503 2473 qui
1547 2419 1687 2457 nttnc
1734 2402 1838 2458 hoc
1891 2402 2127 2473 recepit,

542 2496 812 2567 posterius
870 2494 999 2549 illud
1058 2494 1324 2551 admittat.
1388 2495 1481 2549 Est
1540 2495 1702 2565 igitur
1754 2504 2127 2565 argumentum

542 2587 616 2643 ab
659 2586 947 2657 adjunctis,
986 2587 1038 2642 id
1068 2597 1149 2643 est
1190 2589 1258 2643 ab
1302 2601 1367 2643 eo
1398 2588 1537 2658 quod
1587 2589 1639 2642 in
1686 2588 1802 2657 ipso
1851 2588 2017 2642 haeret
2065 2586 2131 2642 tle

542 2694 654 2751 quo
683 2684 959 2750 quaeritur.
992 2681 1084 2736 Est
1131 2688 1306 2735 autem
1341 2679 1566 2751 quaestio
1611 2678 1677 2733 de
1710 2679 1948 2735 mulieris
1994 2693 2131 2734 nua-

542 2786 705 2842 quam
744 2771 1017 2826 diminuta:
1061 2773 1292 2838 tabulis,
1335 2772 1402 2826 ab
1439 2771 1641 2826 allectis
1684 2770 1890 2826 scilicet
1924 2769 1994 2825 ab
2039 2771 2133 2825 ab-

540 2864 766 2938 junctis.
807 2866 1036 2921 Maxima
1090 2865 1406 2937 propositio,
1454 2880 1519 2921 ex
1568 2865 1834 2935 adjunciis
1882 2864 2132 2934 adjuncta

545 2958 827 3031 perpendi.

620 3060 697 3114 Ab
727 3058 1141 3115 antecedentibus
1182 3067 1384 3127 autem,
1421 3066 1467 3113 el
1509 3057 1943 3127 consequentibus,
1976 3066 2022 3110 et
2050 3072 2133 3111 re.

547 3150 920 3223 pugnantibus,
968 3152 1064 3205 hoc
1109 3155 1255 3206 modo
1287 3167 1308 3207 :
1345 3151 1421 3206 Ab
1466 3148 1905 3214 antecedentibus,
1948 3149 1992 3202 si
2038 3148 2134 3201 viri

2239 1944 2298 1994 ut
2324 1938 2465 1993 dotis
2495 1954 2617 2007 pars
2650 1938 2862 1995 mulieri
2891 1948 3110 2009 pereat,
3138 1940 3380 2010 quamvis
3411 1940 3582 2009 prima
3616 1937 3821 2009 repudii

2238 2032 2483 2087 nuntium
2518 2031 2717 2087 mittat.
2750 2030 2866 2085 Non
2895 2031 3038 2085 enim
3066 2032 3187 2100 quia
3218 2030 3365 2100 prius
3394 2016 3822 2099 libellumrepu-

2238 2122 2309 2179 dii
2342 2124 2604 2179 nuntiavit
2648 2123 2791 2178 dotis
2832 2129 2984 2193 parte
3029 2121 3300 2177 multanda
3345 2128 3456 2187 est,
3491 2120 3587 2176 sed
3641 2120 3819 2176 absol-

2240 2217 2409 2273 venda
2444 2217 2623 2285 potius
2647 2217 2870 2285 damno,
2902 2214 3042 2286 quod
3074 2226 3178 2269 non
3206 2229 3302 2269 sua
3345 2213 3544 2270 factum
3575 2222 3698 2282 est,
3731 2212 3823 2268 sed

2239 2311 2338 2367 viri
2366 2311 2520 2381 culpa
2553 2302 3060 2379 divortium.lgitur
3079 2306 3402 2363 antecedens
3429 2315 3515 2363 est
3538 2308 3641 2361 viri
3673 2306 3824 2376 culpa

2240 2403 2436 2458 factum
2488 2401 2812 2464 divortium,
2865 2414 3204 2469 consequens
3255 2414 3383 2454 vero
3428 2397 3570 2454 dotis
3623 2408 3825 2467 partem

2241 2511 2345 2550 non
2380 2494 2622 2550 retineri.
2654 2493 2785 2549 Nam
2826 2494 2872 2549 si
2899 2492 3001 2547 hoc
3026 2500 3138 2560 est,
3172 2489 3301 2547 illud
3334 2500 3437 2548 est.
3468 2493 3825 2561 Argumenta-

2241 2591 2440 2644 tionem
2473 2602 2600 2663 vero
2632 2585 2819 2642 faciam
2850 2586 2952 2642 hoc
2982 2585 3139 2640 niodo
3165 2602 3179 2637 :
3210 2583 3268 2637 Si
3310 2582 3409 2637 viri
3435 2582 3595 2651 culpa
3636 2581 3828 2636 factum

2238 2682 2323 2739 e'St
2359 2682 2683 2747 divertium,
2711 2680 2922 2737 etiamsi
2967 2679 3161 2735 mulier
3208 2677 3415 2749 repudii
3456 2676 3707 2732 nuntium
3742 2675 3831 2730 mia

2239 2777 2339 2843 sit,
2374 2776 2522 2831 nullo
2550 2774 2709 2830 modo
2740 2782 2919 2829 tamen
2967 2773 3108 2828 dotis
3153 2780 3305 2841 parte
3349 2756 3690 2826 multabitur.
3727 2767 3827 2824 Sed

2241 2870 2345 2925 viri
2371 2870 2525 2940 culpa
2557 2867 2842 2923 divortium
2872 2866 3070 2921 factum
3097 2873 3203 2919 est.
3234 2859 3349 2919 Non
3380 2861 3541 2933 igitur
3567 2852 3691 2932 jure
3717 2874 3829 2917 mtt-

2238 2962 2339 3019 lier
2368 2963 2505 3016 dotis
2535 2968 2684 3031 parte
2713 2959 3044 3016 multabitur.
3077 2956 3230 3025 Quod
3273 2956 3319 3012 si
3359 2970 3467 3011 non
3502 2955 3826 3011 multabitur

2239 3058 2381 3113 datis
2433 3063 2605 3124 parte,
2655 3053 2787 3109 nihil
2832 3052 2887 3108 in
2935 3050 3038 3107 viri
3088 3050 3250 3135 domo
3295 3048 3594 3105 liberorum
3638 3061 3830 3115 causa,

2196 3206 2205 3221 ,
2242 3149 2385 3204 dotis
2427 3149 2643 3202 nomine
2690 3146 3044 3214 relinquetur,
3085 3129 3179 3199 sed
3223 3158 3328 3198 non
3377 3139 3703 3196 multabitur
3741 3137 3834 3193 do-

548 3244 703 3311 culpa
732 3243 924 3315 factum
963 3253 1035 3297 est
1074 3244 1382 3308 divortium,
1414 3254 1463 3297 et
1502 3244 1547 3296 si
1576 3240 1761 3295 mulier
1792 3242 2028 3297 nuntium
2056 3226 2210 3295 re-C
2246 3242 2314 3295 tis
2359 3249 2539 3308 parte;
2575 3238 2706 3294 nihil
2757 3238 2917 3307 igitur
2958 3234 3099 3305 apud
3144 3234 3319 3288 virum
3365 3233 3508 3288 dotis
3550 3231 3835 3300 relinque-

551 3336 712 3404 ntisit,
744 3342 911 3390 (einen
934 3353 1028 3408 pro
1050 3336 1222 3391 liberis
1248 3350 1451 3390 manere
1475 3333 1606 3389 nihil
1635 3342 1851 3415 Oportet.

630 3439 1011 3495 Antecedentia
1057 3448 1215 3502 sunt,
1245 3437 1438 3507 quibus
1472 3437 1676 3506 positis,
1722 3435 1864 3489 aliud
1901 3449 2141 3491 necessa-

554 3530 643 3589 rio
668 3540 1050 3602 Consequatur,
1102 3531 1230 3585 licet
1274 3528 1403 3584 illud
1435 3526 1573 3596 quod
1620 3526 1919 3593 antecedit,
1964 3526 2140 3581 minus

553 3624 625 3681 sit
653 3632 811 3695 atque
844 3623 1128 3693 posterius.
1161 3620 1333 3675 Minus
1377 3618 1627 3689 quidem,
1657 3628 1712 3674 ut
1743 3621 1787 3675 si
1833 3618 1996 3674 homo
2024 3630 2135 3686 est,

550 3718 752 3773 animal
782 3727 895 3781 est;
933 3716 1094 3771 homo
1118 3715 1262 3770 enim
1295 3714 1473 3768 minus
1492 3725 1573 3768 est
1601 3713 1815 3768 animali
1835 3754 1849 3779 ,
1878 3724 1933 3768 et
1962 3726 2155 3789 tamen

551 3808 732 3880 posito
763 3806 1013 3873 homine,
1043 3807 1396 3875 consequitur
1421 3816 1479 3859 ut
1518 3805 1717 3860 animal
1748 3807 1836 3858 sit.
1861 3806 2141 3860 Posterius

555 3913 709 3966 vero,
742 3907 799 3952 ut
840 3899 884 3953 si
927 3900 1163 3968 peperit,
1198 3913 1319 3953 cum
1359 3896 1475 3953 viro
1521 3897 1840 3963 concubuit;
1874 3899 2143 3967 posterius

559 3992 707 4047 enim
732 4000 815 4047 est
844 3990 1122 4060 peperisse
1150 4006 1307 4060 quam
1328 4005 1448 4046 cum
1479 3990 1599 4045 viro
1631 3988 2005 4044 concubuisse.
2033 3974 2144 4043 Ati-

558 4084 775 4155 quotics
799 4098 926 4139 vero
954 4092 1006 4139 et
1031 4084 1172 4155 quod
1200 4084 1431 4155 aequale,
1455 4090 1510 4137 et
1536 4080 1679 4151 quod
1709 4080 1890 4147 simul,
1921 4088 1975 4135 et
2003 4079 2143 4151 quod

558 4178 713 4251 prius
752 4185 835 4233 est
864 4178 1080 4247 ponitur
1107 4186 1167 4233 ut
1215 4175 1567 4233 antecedens.
1615 4172 1843 4245 Aiquale
1889 4173 2140 4242 quidem,

559 4280 619 4326 ut
649 4270 697 4326 si
724 4271 883 4326 homo
909 4278 1024 4339 est,
1058 4269 1278 4326 risibilis
1307 4278 1410 4325 est.
1445 4267 1617 4323 Simul
1647 4282 1797 4334 vero,
1824 4276 1885 4321 ut
1923 4269 1969 4322 si
2000 4275 2144 4321 terra

559 4365 771 4435 objecta
801 4373 916 4433 est,
958 4364 1079 4419 luna
1114 4363 1315 4419 deficit.
1350 4363 1415 4418 Et
1444 4361 1561 4417 haec
1589 4360 1689 4416 sibi
1736 4368 2146 4426 convertuntur,

562 4466 625 4514 ut
646 4457 1029 4526 consequentia
1058 4456 1189 4509 tiant
1214 4453 1607 4517 antecedentia,
1637 4461 1693 4507 ut
1718 4452 1763 4507 si
1789 4451 2007 4507 risibilis
2032 4456 2149 4516 est,

572 4551 734 4607 homo
761 4558 869 4619 est,
898 4556 951 4605 et
986 4550 1030 4603 si
1062 4549 1207 4603 luna'
1227 4546 1513 4611 deiecerit,
1544 4555 1700 4601 terrae
1731 4544 1871 4599 adsit
1893 4543 2146 4613 obiecto.

2246 3343 2334 3387 tur
2362 3348 2459 3403 pro
2488 3332 2699 3386 liberis.
2732 3329 3027 3397 Utriusque
3053 3340 3184 3382 vero
3214 3324 3491 3381 conclusio
3534 3322 3836 3394 syllogismi

2246 3426 2364 3478 Il:ch
2403 3433 2485 3477 est
2512 3440 2526 3476 :
2556 3422 2612 3477 Si
2661 3421 2822 3490 igitur
2852 3419 2952 3473 viri
2986 3418 3141 3487 culpa
3173 3414 3368 3472 iactum
3395 3422 3478 3469 est
3508 3410 3839 3481 divortium,

2246 3520 2345 3586 pro
2394 3514 2579 3569 liberis
2610 3526 2829 3567 manere
2872 3507 3007 3564 nihil
3038 3517 3271 3579 oportet.
3309 3506 3741 3578 Argumentum,
3776 3501 3841 3556 ab

2246 3620 2313 3661 eo
2338 3606 2479 3677 quod
2524 3606 2576 3659 in
2605 3606 2720 3673 ipso
2759 3611 2841 3657 est
2870 3603 2939 3656 de
2978 3615 3083 3670 quo
3110 3601 3285 3670 agitur
3313 3617 3327 3653 :
3352 3605 3603 3651 versatur
3644 3600 3842 3665 quippe

2250 3698 2479 3754 intentio
2505 3698 2572 3752 de
2600 3698 2739 3752 dotis
2766 3709 2940 3768 parte,
2971 3696 3197 3767 ejusque
3218 3696 3355 3765 apud
3384 3694 3583 3761 virum,
3616 3700 3743 3762 post
3769 3691 3842 3746 di-

2248 3791 2479 3845 vortium
2530 3787 2670 3859 quod
2724 3789 2894 3858 prima
2941 3787 3302 3854 nuntiaverit,
3348 3785 3688 3847 retentione;
3743 3782 3841 3837 boc

2251 3896 2382 3936 vero
2424 3879 2749 3946 antecessit,
2798 3879 2897 3933 viri
2946 3880 3124 3949 culpa,
3177 3877 3316 3949 quod
3355 3878 3478 3947 quia
3527 3874 3843 3945 praecedens

2250 3981 2364 4039 est,
2395 3970 2643 4027 affectum
2674 3980 2786 4037 est,
2824 3985 2985 4026 omne
3015 3972 3158 4026 enim
3190 3969 3329 4041 quod
3374 3968 3669 4039 praecedit,
3698 3968 3767 4021 ad
3796 3965 3845 4021 id

2248 4064 2393 4137 quod
2421 4066 2665 4134 sequitur
2692 4076 2913 4119 necesse
2945 4072 3029 4118 est
3055 4071 3113 4118 ut
3141 4063 3424 4119 referatur.
3460 4060 3703 4115 Maxima
3737 4072 3848 4129 pro-

2252 4159 2444 4231 positio
2473 4165 2557 4213 est
2582 4177 2594 4211 :
2623 4157 2720 4214 Ubi
2764 4165 2847 4213 est
2894 4157 3243 4221 antecedens,
3284 4156 3356 4211 ibi
3400 4156 3504 4212 erit
3549 4160 3607 4210 et
3645 4169 3844 4209 conse-

2251 4258 2454 4320 quens;
2484 4256 2537 4304 at
2582 4250 2635 4304 in
2667 4248 2767 4303 bac
2815 4249 3116 4317 qumstione
3162 4256 3245 4303 est
3289 4247 3640 4311 antecedens,
3684 4246 3741 4300 id
3770 4254 3847 4299 erit

2252 4342 2351 4397 viri
2388 4341 2540 4410 culpa
2588 4340 2784 4395 factum
2822 4338 3148 4407 divortium;
3183 4324 3255 4394 ibi
3300 4340 3460 4409 igitur
3502 4351 3849 4409 consequens

2252 4433 2386 4500 erit,
2416 4441 2598 4487 sertas
2627 4448 2734 4485 non
2764 4432 3007 4486 retineri.
3032 4429 3141 4486 Cur
3164 4440 3353 4485 autem.
3372 4428 3443 4485 ita
3478 4431 3739 4498 superius
3771 4444 3852 4483 ar-

2256 4534 2565 4597 gumentum
2592 4523 3028 4579 conclusionibus
3076 4523 3433 4587 intexuerim,
3471 4536 3598 4577 cum
3636 4521 3715 4576 de
3748 4522 3848 4583 his,

564 4611 904 4699 Antecedens
928 4650 1058 4696 vero
1085 4640 1232 4710 prius
1255 4646 1370 4705 est,
1402 4649 1459 4691 ut
1486 4636 1532 4692 si
1560 4650 1817 4709 arrogans
1846 4644 1928 4692 est
1948 4611 1975 4703 ξ
1996 4635 2137 4690 odio

2255 4622 2321 4676 M.
2369 4618 2547 4673 Tullio
2578 4617 2735 4673 latius
2775 4625 3127 4688 exsequente,
3177 4624 3509 4681 tractavero,
3542 4615 3853 4671 evidentius

566 4751 657 4793 sus
682 4745 785 4793 est.
828 4735 983 4790 Prius
1007 4734 1151 4789 enim
1184 4738 1266 4787 est
1294 4745 1573 4801 arrogans,
1605 4729 1873 4800 pOSIerius
1901 4727 2143 4783 odiosus.

568 4831 704 4886 illud
751 4836 931 4885 tamen
977 4829 1030 4883 in
1062 4826 1312 4883 omnibus
1343 4832 1562 4892 manet,
1593 4823 1781 4895 positis
1820 4821 2149 4877 anteceden-

570 4923 713 4978 tibus
745 4921 1051 4976 necessario
1098 4917 1485 4988 consequentia
1535 4915 1694 4971 trahi.
1730 4910 1978 4983 Exempli
2017 4925 2151 4967 vero

571 5013 696 5070 talis
721 5023 804 5069 est
839 5009 1452 5083 explanatiomivitatis
1500 5007 1756 5064 Romans:
1801 5006 1947 5078 jure,
1992 5004 2148 5061 liberi

567 5108 866 5164 retinentur
913 5105 968 5161 in
1021 5111 1232 5176 patrum
1285 5102 1541 5172 arbitrio,
1590 5117 1759 5173 usque
1807 5101 1931 5155 dum
1991 5099 2149 5155 tertia

566 5198 999 5269 emancipatione
1029 5195 1337 5262 solvantur;
1384 5210 1514 5265 ergo
1545 5196 1589 5249 si
1619 5193 1832 5263 quando
1858 5190 2150 5247 divortium

582 5292 978 5348 intercessisset
1023 5289 1180 5360 culpa
1227 5289 1487 5357 mulieris,
1532 5295 1681 5357 parte
1729 5278 1960 5355 quadam
2010 5283 2153 5339 dotis

575 5390 675 5454 pro
701 5383 997 5453 liberorum
1043 5396 1267 5438 numero
1299 5380 1644 5436 multabatur.
1680 5377 1751 5433 De
1780 5392 1882 5446 qua
1910 5390 1970 5431 re
2016 5373 2153 5429 Pau-

578 5479 681 5545 lus,
714 5478 1113 5533 Institutionum
1158 5474 1282 5530 libri
1324 5472 1547 5529 secundi
1590 5460 1748 5525 titulo
1793 5470 1859 5524 de
1910 5468 2149 5535 Dotibus,

578 5575 651 5630 ita
685 5572 976 5629 disseruit:
1012 5569 1071 5625 Si
1099 5569 1384 5624 divortium
1431 5570 1515 5620 est
1561 5562 1920 5628 matrimonii,
1952 5568 2007 5617 et
2056 5562 2156 5616 hoc

580 5664 699 5719 sine
726 5664 880 5730 culpa
909 5661 1149 5716 mulieris
1177 5659 1373 5714 factum
1420 5665 1533 5720 est,
1577 5654 1675 5708 dos
1712 5654 1917 5723 integra
1946 5664 2155 5721 repete-

588 5763 706 5818 tur;
737 5754 876 5825 quod
903 5756 948 5807 si
979 5753 1129 5822 culpa
1158 5752 1394 5805 mulieris
1420 5748 1617 5804 factum
1647 5756 1731 5802 est
1759 5747 2042 5802 divortium
2062 5790 2075 5809 .
2103 5747 2155 5801 in

576 5846 816 5912 singulos
844 5846 1044 5899 liberos
1072 5852 1221 5897 serta
1254 5857 1377 5911 pars
1406 5841 1549 5899 datis
1580 5856 1612 5896 a
1641 5842 1836 5913 marito
1867 5841 2148 5907 retinetur,

2257 4711 2555 4783 apparebit.
2587 4703 2599 4711 ’

2278 4806 2285 4813 ’
2330 4812 2374 4867 Α
2404 4812 2856 4882 consequentibus:
2884 4810 2946 4868 Si
2970 4795 3156 4866 mulier
3181 4826 3298 4864 cum
3327 4810 3504 4880 [uisset
3532 4817 3705 4882 nupta
3747 4825 3858 4863 cum

2258 4908 2316 4962 eo
2345 4906 2429 4960 cui
2457 4907 2694 4961 connubii
2707 4909 2799 4978 jus
2823 4921 2924 4959 non
2944 4914 3091 4970 esset,
3112 4904 3347 4957 nuntium
3370 4902 3589 4965 remisit,
3609 4902 3859 4971 quoniam

2259 4996 2345 5069 qui
2370 5000 2482 5054 nati
2501 5006 2623 5053 sunt
2653 5007 2848 5068 patrem
2870 5013 2973 5051 non
3003 5004 3305 5066 sequuntur,
3336 5010 3429 5064 pro
3452 4993 3623 5047 liberis
3646 5008 3859 5059 meum

2257 5089 2386 5144 nihil
2414 5097 2605 5162 oportet

2332 5193 2729 5263 Consequentia
2769 5200 2915 5259 sunt,
2947 5206 3066 5263 qum
3095 5206 3216 5246 cum
3248 5188 3449 5246 fuerint
3473 5192 3863 5246 antecedentia

2266 5282 2470 5358 posita,
2502 5294 2932 5355 consequuntur,
2984 5282 3149 5338 veluti
3186 5281 3233 5338 si
3273 5281 3554 5337 dicamus:
3587 5280 3650 5336 Si
3699 5280 3867 5337 homo

2265 5366 2369 5441 est,
2396 5375 2595 5430 animal
2626 5382 2732 5441 est,
2758 5372 2959 5429 animal
2985 5383 3069 5429 est
3095 5388 3458 5443 consequens.
3498 5371 3604 5427 Sed
3637 5373 3698 5426 in
3745 5388 3871 5443 pro-

2266 5467 2446 5537 posito
2479 5465 2727 5539 exemplo
2755 5460 2860 5520 non
2895 5465 3027 5520 satis
3070 5473 3293 5536 apparet
3333 5479 3360 5517 a
3394 5467 3871 5534 consequentibus

2266 5558 2677 5633 argumentum,
2716 5558 2810 5615 scd
2854 5557 2923 5613 ab
2969 5558 3675 5637 antecedentibuspotius,
3725 5554 3873 5630 quod

2264 5657 2419 5723 paqu
2446 5664 2564 5724 post
2582 5653 2832 5724 liquebit.
2862 5650 2985 5709 Filii
3019 5668 3121 5706 non
3140 5650 3261 5720 jure
3292 5648 3529 5719 suscepti
3560 5652 3610 5704 in
3645 5661 3874 5719 patrum

2267 5760 2372 5799 non
2401 5753 2557 5799 erant
2585 5752 2869 5811 patestate,
2900 5740 2992 5797 sed
3024 5750 3224 5796 matres
3256 5743 3432 5808 potius
3466 5742 3875 5813 sequebantur.

2268 5834 2380 5887 Non
2414 5841 2591 5889 autem
2637 5834 2886 5888 omnibus
2917 5842 3031 5888 erat
3060 5831 3386 5888 connubium
3417 5846 3538 5885 cuiu
3574 5830 3877 5893 Romanis
