4022 6330
238 376 371 453 ιοττ

1066 390 1130 446 ΙΝ
1170 386 1415 446 TOPICA
1457 338 1820 442 CICERONIS
1856 379 2373 441 COMMENTANA.
2415 381 2543 436 LIB.
2586 379 2646 437 il.

3363 375 3503 433 10⁵18

234 528 335 571 nec
361 517 517 568 erant
548 507 746 578 nuptias
769 506 894 577 jure
917 512 1231 569 contractae,
1272 516 1389 568 qua:
1420 509 1510 552 aut
1540 513 1644 552 non
1676 498 1816 550 inter
1841 495 1898 558 Α
1920 493 2251 561 scribatque,
2287 494 2329 546 si
2366 493 2411 547 is
2440 491 2579 547 ﬁlius
2628 492 2765 547 intra
2808 489 3139 560 pubertatem
3177 485 3503 552 decesserit,

234 603 401 661 civem
430 613 711 655 romanum
756 597 1038 664 civemque
1076 607 1355 648 romanam
1401 590 1693 653 inibantur,
1721 596 1817 643 aut

233 696 316 751 cui
374 692 621 763 princeps
673 689 971 760 populusve
1026 687 1299 742 civitatem
1351 682 1436 738 vel
1487 678 1816 736 connubium

237 800 339 841 non
383 781 738 854 permisisset,
779 794 847 835 eo
873 780 1078 835 scilicet
1118 776 1278 832 modo
1306 783 1363 829 ut
1396 774 1450 830 in
1499 777 1817 842 potestatem

236 886 520 950 parentum
571 874 723 930 liberi
770 872 1160 941 redigerentur.
1204 868 1339 924 illud
1387 879 1602 937 quoque
1632 864 1819 919 viden-

239 970 384 1034 dum,
414 966 553 1037 quod
583 980 649 1021 ex
690 963 879 1034 impari
910 960 1251 1017 matrimonio
1291 959 1553 1028 suscepti,
1586 973 1693 1014 non
1723 973 1819 1028 pa-

237 1076 392 1131 trem,
424 1063 518 1120 sed
548 1069 773 1117 matrem
795 1067 1113 1130 sequuntur.
1141 1055 1283 1127 Ergo
1308 1052 1552 1124 quaedam
1577 1053 1820 1109 Romana

209 1160 324 1217 ’τοι
347 1173 467 1216 cum
497 1155 706 1221 Latino,
736 1154 820 1209 vel
852 1167 972 1208 cum
1000 1150 1317 1222 peregrino,
1357 1147 1440 1202 vel
1471 1162 1596 1202 cum
1627 1160 1815 1211 servo,

239 1264 360 1305 cum
387 1260 496 1316 quo
520 1243 773 1299 connubii
808 1242 894 1313 jus
916 1256 1021 1296 non
1050 1249 1187 1307 erat,
1215 1239 1428 1308 nuptias
1465 1237 1611 1303 fecit,
1642 1236 1820 1294 dotem

241 1341 491 1407 contulit,
521 1337 770 1406 factoque
812 1338 952 1391 inter
977 1347 1073 1389 eos
1101 1331 1355 1395 divortio,
1384 1329 1727 1386 contenditur
1751 1344 1821 1383 an

238 1440 420 1500 nuptas
440 1425 682 1483 mulieris
710 1438 833 1478 cum
876 1437 941 1477 eo
970 1436 1091 1479 cum
1141 1436 1250 1491 quo
1302 1419 1552 1476 connubii
1577 1419 1667 1489 jus
1714 1433 1821 1473 non

240 1528 374 1583 erat,
401 1517 543 1587 apud
587 1515 761 1571 virum
797 1514 938 1569 dotis
984 1526 1109 1581 pars
1148 1521 1266 1581 post
1315 1510 1599 1566 divortium
1631 1508 1825 1565 debeat

241 1624 578 1684 permanere.
607 1608 705 1663 Hic
732 1605 1031 1678 subjectum
1060 1602 1275 1675 quidem
1304 1610 1411 1667 est,
1443 1612 1609 1672 nupta
1630 1600 1824 1655 mulier

240 1718 358 1758 cum
386 1714 492 1771 quo
513 1698 836 1755 connubium
860 1711 966 1751 non
994 1704 1133 1761 erat,
1165 1693 1512 1764 praedicatum
1531 1706 1661 1746 vero
1683 1690 1826 1746 dotis

249 1793 411 1865 partis
435 1776 578 1861 apud
617 1792 792 1845 virum
842 1794 965 1858 post
1008 1786 1296 1841 divortium
1342 1782 1662 1839 retentionis
1702 1782 1827 1851 jure

1918 595 2167 654 nepotem
2201 585 2286 639 vel
2335 584 2626 655 quemlibet
2667 584 2828 638 alium
2868 580 3137 639 literedem
3182 594 3304 637 esse
3345 594 3508 649 opor-

1919 688 2032 736 tere
2058 695 2073 744 ;
2099 692 2265 748 nepos
2296 678 2455 746 igitur
2480 678 2559 732 vel
2590 676 2817 745 quilibet
2852 660 3009 741 alius,
3040 672 3306 730 secundus
3334 672 3510 728 hzeres

1921 773 2137 827 dicitur.
2164 770 2531 840 Hepugnantia
2560 779 2687 824 sunt
2706 783 2823 840 qua:
2849 766 3144 840 (utdictum
3173 764 3278 836 est)
3298 776 3511 819 contra-

1919 866 1997 921 ria
2028 871 2345 934 sequuntur,
2395 861 2440 915 si
2472 860 2601 930 ipsis
2631 859 2917 915 contrariis
2951 865 3353 929 comparentur.
3381 854 3512 923 Qui-

1921 957 2043 1012 dam
2078 955 2238 1026 igitur
2262 950 2541 1008 'hacredem
2561 959 2885 1007 testamento
2902 950 3114 1019 scripsit
3142 949 3332 1015 ﬁlium,
3354 947 3515 1018 eique

1921 1047 2214 1104 secundum
2242 1044 2518 1100 substituit
2551 1043 2838 1109 haeredem,
2869 1042 3127 1113 uxorique
3150 1056 3259 1097 suae
3288 1039 3514 1096 ancilla.-

1921 1154 2040 1203 rum
2070 1138 2460 1194 usumfructum
2490 1135 2687 1204 legavit
2729 1149 2761 1190 a
2805 1133 2935 1197 ﬁlio,
2982 1134 3219 1202 dixitque
3244 1141 3304 1186 ut
3352 1131 3512 1187 uxori

1924 1230 2065 1285 ﬁlius
2095 1229 2215 1298 ejus
2243 1226 2636 1282 usumlrucmm
2675 1223 2993 1280 ancillarum
3037 1222 3391 1301 permitteret,
3414 1236 3514 1277 ne-

1924 1320 2185 1392 queillud
2221 1319 2437 1389 adjecit,
2463 1325 2523 1372 ut
2543 1315 2705 1372 etiam
2744 1314 3013 1370 secundus
3057 1312 3230 1369 haeres
3261 1312 3515 1369 eumdem

1927 1413 2311 1469 usumin-uotum
2342 1410 2556 1466 mulieri
2586 1406 2927 1463 concederet.
2970 1398 3242 1462 Sttccessit
3262 1404 3424 1471 ﬁlius,
3451 1418 3517 1461 ac

1927 1504 2137 1560 mulieri
2167 1504 2484 1559 ancillarum
2517 1499 2747 1557 contulit
2774 1498 3187 1555 usumlructum.
3241 1498 3339 1557 illo
3367 1512 3515 1553 mor-

1928 1607 2020 1653 tuo
2043 1597 2178 1650 intra
2211 1596 2566 1665 pubertatem,
2598 1590 2708 1661 agit
2734 1589 3002 1647 secundus
3024 1589 3221 1654 haeres,
3249 1595 3306 1644 et
3324 1602 3517 1656 usum:

1928 1690 2157 1744 fructum
2188 1687 2504 1742 ancillarum
2534 1682 2751 1740 mulieri
2796 1690 3116 1752 extorquere
3160 1688 3403 1747 conatur,
3430 1676 3515 1733 di-

1931 1796 2060 1838 cens
2089 1780 2479 1837 usumfructum
2511 1779 2561 1834 ei
2593 1793 2623 1833 a
2654 1777 2763 1832 ﬁlio
2794 1776 3058 1847 legatum,
3089 1789 3121 1829 a
3150 1788 3209 1829 se
3240 1786 3369 1853 vero
3415 1770 3519 1826 mi-

246 1860 569 1955 permansio.
629 1880 870 1938 Sumitur
922 1893 1051 1949 ergo
1084 1892 1114 1931 a
1165 1875 1624 1947 consequentibus
1668 1888 1825 1943 argu-
1934 1875 2100 1930 nime.
2131 1873 2400 1943 Quaeritur
2422 1882 2600 1927 utrum
2623 1886 2684 1926 ea
2709 1870 2901 1927 mulier
2925 1870 3157 1945 legatum
3183 1866 3325 1938 quod
3354 1874 3519 1922 testa-

242 1985 478 2037 mentum
510 1974 612 2028 hoc
644 1972 825 2027 modo.
860 1970 992 2026 Nam
1017 1972 1137 2041 quia
1163 1969 1377 2039 nuptias
1427 1969 1551 2023 fecit
1590 1982 1711 2022 cum
1757 1982 1824 2023 eo

242 2082 360 2141 cum
385 2080 492 2137 quo
519 2063 772 2119 connubii
794 2062 881 2132 jus
927 2061 1130 2116 nullum
1172 2068 1285 2127 est,
1310 2059 1363 2115 id
1396 2059 1739 2130 consequitur
1768 2067 1827 2113 ut

244 2156 395 2212 liberi
423 2163 625 2225 patrem
659 2169 763 2207 non
791 2163 1103 2223 sequantur.
1140 2152 1197 2208 Si
1220 2159 1399 2207 autem
1429 2152 1581 2207 liberi
1618 2160 1825 2222 patrem

246 2260 350 2300 non
395 2253 711 2316 sequuntur,
746 2257 814 2298 ne
842 2243 894 2297 in
920 2243 1086 2311 patris
1117 2242 1331 2313 quidem
1368 2252 1495 2297 sunt
1524 2250 1823 2312 potestate;

246 2320 301 2391 at
337 2336 380 2390 si
431 2336 483 2389 in
509 2333 676 2405 patris
711 2324 974 2404 potestate
1021 2348 1129 2387 non
1161 2339 1307 2398 sunt,
1358 2332 1621 2400 matrique
1651 2330 1825 2401 appli-

245 2426 451 2493 cantur,
479 2418 619 2497 apud
649 2426 823 2479 virum
852 2422 993 2479 dotis
1015 2437 1140 2493 pars
1173 2438 1281 2477 non
1313 2420 1509 2491 poterit
1545 2426 1828 2493 permane;

246 2534 326 2575 re.
366 2517 463 2573 Hic
492 2518 651 2588 igitur
679 2513 1002 2570 antecedens
1030 2510 1131 2583 est,
1176 2508 1295 2568 cum
1333 2508 1440 2585 quo
1465 2508 1717 2569 connubii
1740 2510 1830 2583 jus

247 2627 350 2666 non
382 2617 522 2675 erat,
546 2606 745 2679 nuptiae
767 2626 782 2673 ;
805 2618 1142 2677 consequens
1173 2622 1326 2671 vero,
1358 2604 1492 2660 nihil
1524 2622 1622 2676 pro
1648 2607 1830 2662 liberis

246 2702 381 2757 dotis
421 2699 639 2755 nomine
682 2712 905 2753 manere
951 2704 1227 2767 oportere.
1267 2696 1635 2753 Concludatur
1673 2702 1833 2768 argué

248 2792 503 2848 mentatio
532 2808 546 2843 :
579 2790 864 2856 Quoniam,
910 2802 1017 2843 non
1056 2787 1324 2858 permisso
1355 2772 1648 2855 connubio,
1677 2787 1832 2842 liberi

248 2882 335 2954 qui
388 2889 737 2954 procreantur
788 2889 991 2951 patrem
1038 2895 1144 2934 non
1194 2878 1527 2949 sequuntur,
1576 2894 1644 2935 ne
1693 2878 1834 2935 dotis

249 2975 461 3047 quidem
491 2988 615 3043 pars
640 2972 777 3042 apud
812 2983 1018 3044 patrem
1050 2988 1143 3043 pro
1186 2973 1369 3029 liberis
1394 2968 1614 3039 manere
1640 2973 1825 3041 debet,

250 3062 676 3137 quandoquidem
721 3079 827 3119 non
880 3070 1087 3133 patrem
1129 3061 1257 3131 ﬁlii,
1309 3063 1403 3118 sed
1456 3072 1681 3119 matrem
1749 3079 1837 3120 se-

253 3165 506 3228 quuntur.
538 3155 826 3211 Probatum
858 3164 942 3210 est
967 3154 1127 3226 igitur
1156 3170 1256 3225 pro
1281 3150 1464 3211 liberis
1502 3172 1721 3213 manere
1751 3156 1835 3211 ni-'

1932 1974 2114 2023 mento
2163 1974 2445 2036 acceperat
2493 1966 2656 2020 invita
2702 1964 2873 2035 possit
2922 1964 3188 2018 amittere.
3217 1961 3314 2017 Hic
3358 1962 3519 2033 igitur

1927 2060 2228 2129 subjectum
2279 2065 2363 2111 est
2410 2057 2641 2127 legatum
2675 2056 2816 2127 quod
2867 2054 3170 2110 testamenti
3214 2052 3337 2123 jure
3374 2060 3523 2125 recte

1930 2153 2154 2219 accepit.
2180 2148 2535 2205 Prmdicatum
2584 2163 2736 2215 vero,
2784 2148 3006 2202 invitam
3039 2160 3199 2217 posse
3244 2145 3517 2201 amittere.

1929 2246 2094 2302 Sumo
2123 2242 2283 2314 igitur
2333 2249 2704 2311 argumentum
2751 2253 2781 2292 a
2819 2237 3270 2309 repugnantibus.
3302 2235 3521 2306 Repug-

1931 2350 2068 2391 nans
2092 2348 2221 2389 vero
2252 2341 2358 2398 est,
2382 2333 2429 2388 si
2458 2332 2508 2386 id
2554 2331 2698 2404 quod
2752 2331 3023 2387 contrario
3070 2343 3406 2400 consequens
3433 2336 3521 2383 est

1935 2427 2091 2482 alteri
2115 2424 2385 2479 contrario
2414 2431 2776 2494 comparetur,
2809 2424 2955 2478 velut
2988 2421 3043 2477 in
3096 2421 3198 2493 hoc
3239 2421 3355 2492 ipso
3378 2417 3525 2491 quod

1935 2526 2230 2573 tractamus
2258 2515 2525 2584 exemplo,
2571 2522 2720 2570 recte
2746 2513 3014 2583 accipere,
3053 2522 3107 2568 et
3133 2527 3240 2567 non
3261 2520 3406 2568 recte
3428 2524 3521 2566 ac-

1935 2613 2137 2681 cipere,
2160 2610 2431 2667 contraria
2466 2616 2615 2674 sunt,
2639 2607 2736 2679 sed
2779 2622 2884 2662 non
2915 2614 3063 2662 recte
3090 2605 3335 2674 accipere
3358 2602 3525 2660 comi-

1934 2711 2079 2759 tatur
2136 2701 2365 2756 invitum
2412 2699 2660 2755 reddere.
2716 2697 2846 2754 lure
2894 2697 3040 2752 enim
3087 2694 3523 2760 invitus'reddit,

1934 2794 2077 2865 quod
2100 2809 2206 2850 non
2235 2803 2386 2851 recte
2406 2796 2634 2864 accepit.
2662 2794 2947 2863 Repugnat
2967 2792 3128 2862 igitur
3151 2789 3377 2846 invitu'm
3403 2787 3526 2845 red-

1935 2888 2064 2943 dere
2094 2888 2142 2943 ei
2165 2887 2307 2960 quod
2329 2895 2413 2943 est
2438 2895 2584 2942 recte
2612 2886 2877 2953 accipere.
2929 2882 3211 2938 Faciemus
3252 2881 3411 2951 igitur
3435 2894 3526 2935 ar-

1935 2989 2247 3053 gumentum
2269 2982 2347 3036 sic
2366 2997 2379 3034 :
2404 2978 2503 3046 Qui
2528 2985 2849 3033 testamento
2866 2974 3094 3044 accepit,
3119 2981 3264 3029 recte
3287 2970 3523 3039 accepit;

1936 3073 2077 3142 quod
2106 3082 2283 3126 autem
2314 3081 2463 3127 recte
2495 3070 2774 3140 accipitur,
2802 3062 2968 3123 invito
2989 3064 3053 3121 eo
3075 3056 3163 3137 qui
3194 3064 3359 3120 semei
3381 3068 3532 3120 recte

1936 3166 2163 3235 accepit,
2210 3165 2406 3220 auferri
2461 3180 2569 3219 non
2622 3172 2831 3233 potest;
2883 3146 2936 3216 at
2986 3154 3176 3216 mulier
3208 3165 3532 3251 testamento

257 3251 329 3305 hil
353 3246 625 3319 oportere,
652 3265 719 3305 ex
743 3249 845 3305 hoc
876 3249 1015 3321 quod
1045 3264 1165 3306 cum
1198 3254 1261 3314 βό
1284 3248 1478 3305 mtiiier
1506 3251 1721 3321 nitptias
1761 3251 1836 3306 fe-
1939 3258 2333 3313 usumiructum
2365 3257 2683 3329 ancillarum
2738 3254 2973 3325 accepit;
3004 3253 3056 3307 id
3087 3250 3247 3320 igitur
3276 3250 3324 3306 ei
3351 3244 3534 3306 invita!

255 3340 326 3397 cit
364 3344 485 3397 'cu'm
527 3354 633 3411 quo
661 3340 912 3396 connubii
957 3340 1045 3411 jus
1084 3346 1194 3397 non
1224 3348 1342 3397 erat
1376 3360 1389 3397 :
1425 3342 1527 3397 hoc
1557 3359 1689 3398 vero
1719 3340 1838 3397 erat

256 3434 596 3491 antecedens.
626 3434 740 3490 Non
780 3446 909 3504 ergo
938 3448 969 3490 a
999 3436 1375 3504 consequenti,
1411 3430 1503 3499 sed
1534 3436 1599 3489 ab
1625 3444 1841 3491 antece-

258 3522 403 3582 denti
468 3523 643 3596 potius
704 3524 901 3581 i‘actum
958 3522 1381 3594 deprehenditur
1447 3520 1839 3597 argumentum.

256 3616 412 3687 Quod
439 3618 484 3672 si
514 3633 609 3687 per
646 3616 785 3687 quod
816 3617 946 3687 nihil
988 3614 1131 3673 dotis
1160 3619 1374 3673 nomine
1417 3626 1638 3673 manere
1677 3612 1843 3687 opor-

261 3715 417 3773 teret,
451 3700 771 3777 probaretur
813 3702 929 3761 eam
975 3706 1188 3777 ntiptias
1229 3714 1349 3763 cum
1378 3704 1444 3762 eo
1485 3706 1677 3763 fecisse
1725 3708 1845 3773 qui-

261 3794 384 3856 cum
411 3799 662 3855 connubii
688 3801 775 3869 jus
805 3806 913 3854 non
939 3792 1101 3869 eSset,
1136 3794 1281 3856 recte
1320 3816 1351 3856 a
1392 3801 1844 3871 consequentibus

266 3902 637 3965 argumentum
686 3892 879 3947 factum
930 3886 1051 3949 esse
1088 3885 1376 3949 diceretur:
1425 3893 1604 3948 Fieret
1645 3908 1773 3949 vero
1813 3886 1843 3948 a

260 3976 717 4054 canaequentibus
758 3993 1150 4054 argumentum,
1185 3984 1231 4040 si
1278 3986 1349 4039 ita
1403 3986 1741 4054 poneretur:
1786 3984 1846 4041 Si

262 4074 389 4144 'quid
413 4086 480 4129 ex
510 4074 633 4129 date
661 4084 757 4143 pro
788 4072 972 4130 liberis
1002 4090 1221 4131 manere
1240 4070 1532 4145 oporteret,
1556 4077 1843 4145 probatur,

261 4162 387 4233 uuia
414 4174 615 4231 patrem
639 4160 794 4219 liberi
816 4173 1132 4233 sequuntur,
1161 4179 1281 4220 cum
1311 4180 1377 4220 eo
1399 4179 1560 4229 nupta
1579 4182 1699 4222 esse
1727 4184 1846 4221 mu-

266 4240 388 4318 iier,
417 4254 538 4307 cuin
570 4267 675 4321 quo
699 4254 951 4308 connubii
979 4253 1066 4322 jus
1106 4263 1243 4310 erat.
1297 4257 1526 4310 Assumo
1574 4255 1717 4326 quod
1766 4264 1850 4311 est

262 4338 604 4412 consequens
635 4360 649 4396 :
681 4343 787 4398 Sed
817 4342 1011 4399 mulier
1040 4360 1160 4400 cum
1194 4344 1259 4401 eo
1290 4348 1453 4416 nupta
1481 4363 1588 4402 non
1617 4356 1697 4403 est
1727 4364 1849 4403 cum

264 4426 373 4501 quo
401 4431 656 4488 cannabil
700 4433 788 4503 jus
817 4442 953 4489 erat.
986 4434 1260 4491 Concludo
1305 4438 1631 4493 atttecedens
1664 4455 1678 4493 :
1708 4436 1850 4494 Nihil

266 4520 428 4592 igitur
455 4520 595 4577 dctis
621 4538 721 4594 pro
746 4524 931 4579 liberis
950 4526 1170 4583 manere
1190 4528 1479 4598 oportebit,
1502 4529 1626 4601 quia
1646 4522 1852 4601 patrem

268 4612 428 4669 liberi
468 4630 575 4670 non
603 4626 917 4687 sequuntur.
952 4619 1358 4689 Argumentum,
1408 4620 1476 4677 ab
1502 4636 1568 4679 eo
1606 4623 1747 4692 quod
1792 4622 1847 4680 in

267 4705 390 4775 ipso
431 4712 515 4763 est
569 4708 637 4763 de
682 4723 788 4777 quo
837 4710 1112 4780 quaeritur.
1160 4712 1427 4778 Quaeritur
1468 4713 1613 4770 enim
1644 4713 1711 4769 de
1768 4713 1853 4771 his

271 4794 491 4863 nuptiis,
516 4806 739 4865 quarum
788 4798 991 4853 nullum
1022 4800 1181 4855 fuerit
1217 4801 1339 4870 jure
1386 4804 1736 4859 connubium'.
1772 4805 1851 4861 Ex

264 4883 476 4940 allectis
504 4903 515 4937 :
545 4901 707 4959 omne
736 4890 878 4943 enim
904 4888 1237 4962 consequens
1258 4893 1323 4947 ad
1347 4894 1400 4948 id
1430 4896 1571 4965 quod
1604 4895 1856 4964 praecedit

269 4976 526 5032 refertur.
553 4978 781 5034 Maxima
808 4983 1103 5051 propositio
1126 4990 1241 5038 est:
1267 4983 1364 5039 Ubi
1388 4998 1720 5055 consequens
1748 4988 1855 5042 non

262 5080 380 5135 est,
413 5071 483 5125 ibi
516 5085 584 5127 ne
610 5074 931 5129 antecedens
956 5068 1167 5145 quidem
1197 5090 1316 5131 esse
1346 5086 1540 5146 potest.
1573 5079 1652 5135 Ac
1678 5077 1745 5135 de
1773 5080 1858 5135 his

271 5160 379 5216 erit
422 5162 558 5217 alius
588 5163 808 5219 uberius
843 5164 1140 5220 disserendi
1169 5164 1335 5221 locus.

349 5251 391 5304 Α
412 5246 811 5324 repugnantibus
837 5268 856 5308 :
878 5252 939 5309 Si
980 5256 1351 5325 paterfamilias
1382 5257 1532 5311 uxori
1558 5258 1859 5315 ancillarum

280 5346 661 5413 usumfructum
682 5344 864 5416 legavit
886 5360 919 5398 a
946 5345 1075 5413 ﬁlio,
1123 5360 1285 5415 neque
1334 5364 1366 5402 a
1410 5351 1631 5404 secundo
1661 5350 1860 5407 htere‘ds

274 5436 481 5507 legavit,
507 5447 705 5491 mortuo
731 5419 863 5506 ﬁlio,
889 5437 1071 5492 mulier
1101 5444 1477 5510 usuntfructum
1508 5458 1610 5496 non
1635 5444 1853 5500 amittet.

278 5526 435 5594 Quod
459 5532 591 5583 enim
617 5531 771 5584 semel
792 5538 1087 5585 testamento
1112 5531 1267 5586 alicui
1298 5533 1477 5588 datum
1503 5544 1595 5601 est,
1628 5534 1684 5589 id
1707 5539 1768 5589 ab
1798 5553 1857 5593 eo

274 5618 440 5672 invito
463 5621 545 5672 cui
571 5620 745 5673 datum
768 5628 839 5675 est
881 5622 1076 5692 auferri
1104 5636 1203 5676 non
1230 5632 1427 5694 potest;
1452 5635 1706 5694 repugnat
1731 5626 1862 5682 enim

278 5720 416 5763 recte
446 5712 670 5779 accipere
698 5723 744 5764 et
773 5712 985 5766 invitum
1015 5713 1247 5767 reddere.

352 5801 631 5856 Secundus
661 5803 830 5858 haeres
862 5804 1053 5861 dicitur
1080 5806 1168 5874 qui
1216 5804 1413 5861 hazredi
1443 5806 1692 5864 instituto
1735 5807 1867 5865 sub-

278 5891 547 5959 stituitur,
606 5897 768 5953 veluti
812 5900 857 5954 si
904 5897 1023 5969 quis
1066 5897 1233 5957 ﬁlium
1290 5898 1530 5961 instituat
1571 5901 1867 5976 baredem,

1880 4672 1934 4734 D

1941 3342 2047 3405 non
2076 3350 2271 3419 poterit
2292 3340 2513 3403 auferri.
2546 3340 2957 3417 Argumentum,
2984 3342 3049 3399 ab
3071 3348 3135 3399 e'o
3164 3334 3305 3413 quod
3331 3343 3383 3397 in
3415 3341 3536 3411 ipso

1942 3450 2024 3494 est
2048 3440 2115 3495 de
2136 3436 2243 3510 quo
2272 3434 2467 3507 agitur,
2496 3434 2549 3492 id
2583 3448 2666 3493 cst
2710 3437 2779 3492 de
2808 3452 2873 3491 eo
2904 3434 3044 3505 quod
3082 3442 3226 3490 recte
3254 3432 3536 3502 acceptum

1942 3530 2134 3585 'esLIn
2190 3532 2307 3598 ipso
2337 3545 2467 3584 vero
2512 3532 2595 3585 'est
2642 3529 2786 3583 Velut
2837 3528 3084 3583 aii'ectum
3137 3523 3535 3581 contrarietatis

1944 3619 2124 3682 modo,
2158 3627 2217 3672 ut
2242 3620 2490 3687 superitis
2521 3616 2721 3673 dictum
2748 3627 2854 3674 "est.
2905 3614 3002 3673 Est
3046 3627 3222 3673 autem
3254 3630 3538 3688 argumen-

1946 3702 2059 3764 tum
2088 3725 2117 3765 a
2147 3712 2491 3779 repugnanti.
2540 3710 2766 3766 Maxima
2801 3706 3128 3782 propositio,
3177 3704 3532 3782 repugnantia

1942 3800 2241 3858 convenire
2265 3798 2369 3857 non
2401 3816 2577 3871 posse.

1963 3914 1967 3918 ·
2024 3892 2097 3946 Ab
2123 3892 2449 3962 efﬁcientibus
2477 3882 2669 3962 causis,
2698 3892 2793 3948 hoc
2831 3895 2981 3948 modo
3010 3908 3029 3948 :
3058 3892 3305 3948 Omnibus
3340 3901 3413 3948 est
3450 3894 3542 3965 jus

1951 3985 2196 4055 parietem
2226 3985 2473 4038 directum
2505 3984 2572 4039 ad
2598 3986 2843 4056 parietem
2866 4000 3185 4041 communem
3220 3986 3501 4058 adjungere
3524 4026 3540 4050 ,

1950 4076 2027 4129 vel
2052 4075 2297 4139 solidum,
2322 4078 2397 4129 i'el
2423 4074 2753 4144 fornicatum.
2781 4076 2843 4129 At
2873 4076 2915 4130 si
2943 4074 3055 4146 quis
3102 4078 3153 4129 in
3183 4078 3375 4147 pariete
3399 4080 3538 4129 com-

1946 4167 2093 4218 ‘muni
2126 4165 2450 4219 demoliendo
2469 4165 2645 4219 damni
2668 4164 2845 4232 infecti
2873 4166 3179 4235 promiserit,
3214 4174 3311 4221 non
3338 4168 3537 4221 debebit

1948 4252 2197 4325 precatam
2224 4254 2362 4323 quod
2387 4254 2559 4323 fornix
2580 4255 2688 4307 ritii
2709 4255 2905 4322 fecerit.
2952 4255 3072 4310 Non
3099 4257 3233 4310 enim
3274 4260 3388 4327 ejus
3418 4259 3544 4310 vitio

1940 4344 2042 4415 ’qt‘ti
2067 4343 2337 4399 demolitus
2368 4356 2441 4399 est
2470 4347 2715 4399 damnum
2738 4349 2930 4418 factum
2956 4352 3048 4413 est,
3099 4348 3186 4401 sed
3234 4351 3346 4420 ejus
3376 4344 3546 4420 aperis

1944 4437 2072 4490 bitio
2098 4436 2234 4509 quod
2258 4430 2332 4489 ita
2354 4436 2665 4506 adiﬁcatum
2693 4447 2787 4503 est;
2815 4449 2872 4491 ut
2900 4438 3141 4510 suspendi
3162 4448 3264 4493 non
3291 4441 3471 4507 possit.

2025 4526 2319 4581 Causarum
2367 4526 2582 4597 quidem
2615 4528 2783 4582 multa
2811 4534 2936 4584 sunt
2962 4534 3160 4600 genera
3207 4546 3325 4599 qua:
3354 4529 3546 4586 Cicero

1958 4618 2117 4688 paulo
2146 4619 2415 4689 posterius
2462 4620 2670 4675 dividit.
2718 4619 2823 4675 Sed
2876 4632 3017 4676 nunc
3068 4622 3136 4678 de
3186 4622 3543 4679 efﬁcientium

1959 4722 2247 4765 causarum
2279 4711 2495 4765 disserit
2537 4720 2870 4781 argumento.
2904 4713 3154 4770 Efﬁciens
3196 4729 3328 4771 vero
3376 4718 3545 4771 causa

1963 4812 2049 4859 est
2102 4818 2203 4873 qua
2235 4794 2574 4873 praecedente
2600 4803 2816 4875 aliquod
2854 4806 3101 4861 eﬁ'ectum
3133 4814 3234 4873 est,
3268 4820 3372 4860 non
3411 4815 3547 4860 tem-

1948 4910 2118 4965 pore,
2166 4896 2260 4950 sed
2312 4894 2637 4966 pr0prietate
2683 4904 2921 4965 naturae,
2966 4897 3113 4952 velut
3154 4896 3210 4951 in
3262 4897 3362 4951 hoc
3402 4895 3549 4965 quod
3588 4946 3595 4953 .

1948 4999 2102 5040 nunc
2124 4985 2458 5040 declaramus
2483 4985 2752 5055 exemplo.
2800 4986 2989 5041 Damni
3023 4985 3205 5041 infecti
3254 4983 3546 5055 promissio

1963 5085 2045 5131 est
2097 5074 2305 5147 q'uoties
2346 5076 2466 5146 quis
2516 5078 2814 5146 promittit,
2872 5078 2915 5131 si
2958 5077 3100 5148 quod
3152 5075 3404 5131 damnum
3430 5073 3550 5146 ejus

1970 5178 2134 5240 opera
2181 5167 2486 5241 contigerit,
2530 5184 2625 5225 sua
2653 5170 2997 5226 restitutione
3026 5182 3147 5224 csse
3192 5167 3548 5237 pensandum.

1968 5261 2065 5320 Jus
2090 5268 2377 5318 autemest
2425 5264 2616 5334 parieti
2661 5263 2934 5319 communi
2970 5260 3227 5330 parietem
3272 5260 3436 5314 alium
3465 5259 3552 5317 vel

1952 5356 2308 5421 fornicatum,
2358 5354 2409 5410 id
2457 5363 2769 5435 est'arcum
2821 5354 3127 5417 habentem,
3170 5352 3257 5406 vel
3287 5351 3551 5431 directum

1965 5446 2401 5519 continuumque,
2418 5449 2762 5519 conjungere.
2787 5445 3012 5513 Quidam
3033 5445 3190 5514 igitur
3205 5444 3268 5498 ad
3290 5444 3551 5513 parietem

1965 5558 2304 5599 communem
2336 5544 2500 5599 alium
2532 5544 2865 5599 extrinsecus
2910 5538 3164 5609 parietem
3206 5537 3418 5608 junxit,
3448 5537 3549 5591 de-

1967 5635 2150 5704 ditque
2178 5636 2312 5690 satis
2351 5636 2533 5691 damni
2570 5634 2769 5690 infecti.
2800 5631 3115 5688 Communis
3159 5638 3340 5685 autem
3375 5631 3551 5697 paries

1971 5726 2262 5781 fornicatus
2294 5726 2413 5793 fuit,
2457 5726 2509 5779 id
2562 5732 2667 5791 est,
2696 5736 2880 5777 arcum
2914 5722 3117 5776 habens
3155 5721 3234 5775 vel
3286 5721 3551 5788 signinum

1973 5816 2229 5870 fabricam
2284 5816 2613 5879 sustinens;-
2642 5813 2965 5883 adjungente
3012 5812 3174 5883 igitur
3200 5826 3265 5866 eo
3304 5812 3391 5880 qui
3423 5811 3551 5865 satis
3619 5850 3625 5856 ι

1976 5888 2218 5980 dederat,
2246 5916 2301 5966 et
2328 5917 2384 5965 ut
2411 5906 2727 5980 adiungeret
2764 5905 3087 5967 demolieute
3142 5914 3349 5976 partem
3377 5902 3553 5974 parie-
