4036 6336
544 246 713 317 ‘1079

1788 226 2598 320 AN.MANL.ssv.nonrn

3628 286 3728 340 {080

572 376 667 444 tis,
706 390 810 446 quo
851 376 1095 445 jnnctura
1134 374 1555 441 coltmresceret,
1613 374 1802 430 vitium
1852 374 2152 431 communis
2182 375 2237 437 Α
2259 374 2496 430 nomine.
2528 373 2633 430 Sed
2666 374 2806 430 dicat
2830 376 2970 446 quis,
3003 388 3063 430 ex
3093 390 3157 449 eo
3180 379 3310 446 quod
3339 396 3394 438 ea
3423 400 3524 454 quae
3550 393 3732 452 mulieris

573 468 755 541 paries
783 469 942 533 fecit;
992 468 1253 537 quaeritur
1282 484 1351 524 an
1406 469 1587 523 damni
1635 468 1821 524 infecti
1873 469 2157 539 promissio

572 568 730 630 cogat
754 574 874 613 eum
906 557 996 629 qui
1040 559 1349 628 promiserit
1379 558 1635 613 damnum
1667 560 1976 615 restituere.
2021 558 2159 615 Sub-

496 654 497 659 “
571 652 745 723 iectus
776 651 1034 706 terminus
1058 651 1236 706 damni
1266 650 1476 716 infecti,
1505 650 1817 721 promissio;
1844 650 2158 720 praedicatus

571 757 704 799 vero
734 742 870 808 vitii,
901 742 1190 798 restitutio.
1222 742 1498 797 Sumimus
1537 743 1699 813 igitur
1727 749 2096 812 argumentum
2126 757 2157 797 a

493 840 503 900 ξ
575 835 753 890 causis
780 833 879 889 hoc
911 834 1089 891 modo.
1118 834 1175 889 Si
1198 836 1339 889 enim
1382 834 1429 889 is
1468 835 1559 904 qui
1591 835 1769 889 damni
1804 834 2049 904 promisit
2078 834 2160 888 in-

572 923 704 980 fecti
747 926 1141 980 restitutionem
1194 925 1312 994 ejus
1353 924 1469 980 vitii
1518 939 1677 980 causa
1720 924 1840 992 fuit,
1878 926 2158 980 restituere

474 1078 485 1095 ί
572 1015 736 1074 debet
759 1017 944 1071 vitium
981 1016 1124 1087 quod
1166 1016 1284 1087 ejus
1323 1015 1516 1072 accidit
1563 1016 1761 1085 culpa;
1813 1014 1955 1085 quod
2004 1014 2050 1069 si
2092 1029 2159 1070 ea

572 1120 767 1166 natura
796 1107 1014 1177 parietis
1066 1107 1166 1163 fuit
1222 1117 1281 1163 ut
1334 1106 1589 1177 suspendi
1645 1106 2007 1175 sustinerique
2049 1121 2157 1161 non

571 1210 756 1274 posset
800 1202 1069 1275 (fornicati
1094 1203 1234 1258 enim
1258 1202 1477 1273 parietis
1509 1218 1615 1257 non
1642 1216 1704 1257 ea
1740 1211 1929 1256 natura
1974 1209 2058 1255 est
2101 1208 2160 1255 ut

571 1295 830 1365 suspendi
866 1299 1073 1366 queat),
1118 1297 1335 1366 parietis
1384 1296 1560 1365 potius
1584 1296 1749 1350 forma
1779 1309 1933 1364 quam
1974 1294 2159 1350 demo—

570 1388 753 1445 lientis
775 1388 929 1457 culpa
960 1389 1147 1443 vitium
1178 1388 1371 1444 fecisse
1398 1388 1688 1454 videbitur,
1719 1396 1879 1459 atque
1926 1388 1995 1441 ita
2048 1402 2155 1442 non

572 1480 785 1549 cogitur
815 1488 1117 1535 restaurare
1160 1480 1345 1535 vitium
1377 1480 1464 1549 qui
1496 1494 1555 1535 se
1594 1479 1773 1534 damni
1824 1479 2002 1535 infecti
2030 1494 2158 1548 pro-

570 1573 839 1628 missione
871 1572 1236 1627 obstrinxerit.
1272 1573 1391 1628 Fiet
1429 1572 1589 1642 igitur
1624 1571 2016 1641 argumentatio
2057 1572 2158 1627 hoc

570 1663 773 1719 modo:
806 1662 864 1719 Si
896 1677 1059 1732 penes
1090 1663 1309 1732 parietis
1343 1662 1568 1717 formam
1609 1662 1848 1716 constitit
1894 1672 2037 1716 uteo
2064 1661 2158 1715 ad-

2264 464 2497 531 fuerant,
2548 468 2647 521 viri
2680 466 2810 520 fiunt
2863 466 3003 519 dotis
3050 467 3285 535 nomine,
3313 469 3359 525 id
3396 484 3468 529 est
3508 482 3736 547 approbare

2262 557 2405 627 quod
2457 557 2723 613 defuncta:
2762 555 2898 611 bona
2941 556 3005 610 ad
3048 557 3213 613 virum
3262 558 3468 618 debeant
3512 570 3733 635 pertinere.

2263 649 2369 706 Sed
2399 665 2516 720 quae
2543 650 2782 706 mulieris
2816 658 2960 715 sunt,
2993 664 3054 705 ea
3079 651 3174 705 viri
3203 650 3309 708 fieri
3328 654 3454 711 dotis
3476 662 3676 731 nomine,
3699 677 3739 722 et

2265 740 2406 797 bona
2435 740 2502 795 ad
2540 740 2712 795 virum
2746 742 3045 811 pertinere,
3073 742 3154 797 vel
3181 743 3313 798 idem
3340 755 3433 813 est,
3461 751 3531 805 vel
3551 763 3736 812 neutrum

2262 833 2421 889 alteri
2442 848 2603 887 causa
2631 842 2742 899 est;
2771 832 2854 888 vel
2879 834 2923 888 si
2964 834 3081 903 quis
3115 834 3251 890 dicat
3278 851 3385 891 eam
3410 854 3516 897 esse
3540 858 3739 913 causam,

2260 936 2320 983 ut
2346 927 2483 982 bona
2524 927 2764 982 mulieris
2791 927 2910 982 viro
2957 927 3182 983 debeant
3226 930 3435 999 cedere,
3460 935 3583 1003 quod
3607 952 3680 1007 per
3701 938 3739 994 in

2261 1033 2454 1074 manus
2483 1019 2893 1075 conventionem
2943 1018 3043 1073 viri
3074 1018 3209 1074 facta
3261 1031 3377 1077 sunt
3402 1023 3524 1079 dotis
3553 1030 3740 1097 nomine,

2262 1127 2292 1167 a
2314 1127 2474 1168 causa
2504 1127 2712 1178 rursus,
2746 1128 2809 1167 ac
2837 1128 2944 1168 non
2974 1114 3041 1168 ab
3078 1113 3278 1169 effectis
3305 1114 3488 1171 factum
3513 1132 3613 1174 esse
3631 1131 3775 1190 πεπυ

2263 1214 2503 1263 mentum
2535 1207 2759 1276 putabit,
2792 1206 2844 1261 id
2876 1217 2960 1262 est
3000 1222 3030 1261 a
3060 1207 3215 1273 dote;
3248 1208 3312 1263 ab
3335 1206 3517 1266 effectis
3542 1227 3646 1267 vero
3666 1229 3744 1269 nos

2262 1308 2475 1371 oportet
2520 1300 2665 1356 aliud
2703 1300 2803 1356 nisi
2832 1300 3058 1367 fcausam
3115 1301 3343 1370 probari.
3399 1303 3535 1359 Esset
3568 1320 3667 1360 vero
3700 1322 3745 1362 et

2264 1391 2473 1449 effectis
2497 1401 2895 1463 argumentum,
2930 1401 2992 1447 ut
3009 1408 3080 1449 ex
3111 1408 3177 1449 eo
3208 1408 3363 1448 causa
3388 1396 3656 1465 probaretur
3677 1398 3748 1454 hoc

2262 1483 2424 1540 modo
2456 1501 2470 1539 :
2504 1484 2563 1540 Si
2614 1486 2839 1555 quaestio
2883 1496 3028 1541 esset
3072 1500 3141 1541 an
3169 1486 3357 1542 mulier
3388 1486 3438 1543 in
3477 1504 3655 1544 manum
3677 1490 3747 1545 viri

2260 1578 2623 1644 convenisset,
2666 1586 2721 1633 et
2745 1575 3099 1633 indubitatum
3141 1578 3434 1645 haberetur,
3484 1580 3750 1650 omniaquae

2262 1667 2492 1725 fuissent
2515 1668 2774 1734 mulieris,
2808 1669 2906 1723 viri
2930 1670 3066 1724 facta
3108 1669 3251 1724 dotis
3284 1668 3517 1738 nomine,
3547 1670 3754 1726 dicemur

567 1750 828 1825 jungente
858 1755 1113 1823 parietem
1156 1755 1246 1823 qui
1283 1754 1465 1809 damni
1499 1753 1681 1808 infecti
1715 1755 2051 1823 promiserat,
2078 1753 2157 1808 νῖ·
2184 1756 2234 1818 Β
2262 1759 2365 1816 ita:
2395 1761 2451 1817 Si
2502 1760 2678 1816 omnia
2728 1775 2850 1830 quae
2898 1761 3046 1817 fuere
3098 1761 3367 1828 mulieris,
3397 1761 3488 1817 viri
3516 1760 3632 1816 facta
3665 1768 3754 1815 sunt

570 1844 709 1902 tium
737 1847 905 1909 fieret,
940 1845 992 1899 id
1042 1845 1249 1909 vitium,
1299 1846 1389 1915 qui
1420 1845 1689 1914 promisit,
1740 1853 1998 1914 praestare
2049 1861 2154 1900 non

569 1936 799 2007 cogitur.
832 1935 951 1990 Fuit
971 1944 1148 1992 autem
1178 1950 1339 1989 causa
1369 1937 1544 2005 paries
1564 1944 1623 1989 ut
1647 1935 1830 1989 vitium
1860 1934 2033 2001 ﬁeret,
2068 1934 2156 2003 qui

572 2046 637 2087 ea
660 2031 761 2085 fuit
789 2039 977 2085 natura
1002 2028 1338 2098 utsuspendi
1390 2028 1752 2098 sustinerique
1799 2040 1903 2082 non
1949 2035 2148 2096 posset.

570 2120 688 2176 Non
713 2121 872 2188 igitur
892 2119 1033 2190 quod
1064 2120 1239 2175 fornix
1264 2119 1447 2174 vitium
1476 2118 1685 2195 fecerit,
1714 2127 1971 2187 praestare
1996 2117 2157 2174 debet

571 2211 664 2281 qui
694 2209 873 2265 damni
897 2210 1147 2279 promisit
1166 2209 1375 2265 infecti.
1404 2212 1793 2279 Argumentum
1828 2209 1895 2263 ab
1924 2224 1987 2264 eo
2012 2208 2155 2280 quod

568 2303 628 2358 in
658 2303 775 2373 ipso
808 2312 892 2357 est
913 2302 981 2359 de
1010 2317 1116 2372 quo
1142 2302 1335 2372 agitur,
1363 2300 1414 2356 id
1440 2311 1525 2356 est
1551 2301 1607 2355 in
1636 2299 1753 2354 vitii
1788 2299 2151 2367 restitutione,

569 2410 638 2451 ex
662 2394 877 2461 effecto,
908 2394 961 2449 id
992 2403 1075 2449 est
1116 2410 1185 2450 ex
1229 2408 1409 2449 causa.
1441 2392 1616 2448 Causa
1645 2392 1789 2448 enim
1820 2390 1936 2445 vitii
1986 2390 2154 2446 forma

568 2498 653 2546 est
681 2487 920 2558 parietis,
956 2501 1061 2541 non
1084 2485 1240 2556 culpa
1270 2485 1641 2555 conjungentis
1666 2484 1948 2554 parietem.
1974 2482 2156 2552 Itaque

568 2580 767 2637 factum
801 2589 883 2634 est
913 2591 971 2634 ut
1001 2579 1177 2634 fornix
1204 2578 1389 2632 vitium
1419 2578 1645 2641 faceret,
1676 2590 1795 2647 qutc
1826 2588 1989 2630 causa
2008 2573 2150 2639 vitii,

572 2685 695 2727 cum
724 2672 863 2745 absit
890 2672 958 2726 ab
983 2686 1049 2726 eo
1077 2670 1167 2741 qui
1216 2671 1473 2741 parietem
1524 2669 1730 2738 junxit,
1791 2667 1943 2723 abest
1993 2666 2154 2721 etiam

569 2762 809 2833 ejusdem
842 2762 955 2816 vitii
988 2760 1273 2817 restitutio.
1326 2761 1561 2815 Maxima
1618 2757 1940 2829 propositio,
1971 2771 2156 2812 unam-

567 2866 833 2924 quamque
862 2868 975 2909 rem
1008 2868 1074 2907 ex
1096 2853 1272 2908 causis
1311 2851 1541 2921 spectari
1572 2858 1844 2920 Oportere.

644 2966 721 3019 Ab
748 2965 938 3034 e/fectis
956 2955 1139 3029 rebus,
1156 2966 1251 3019 hoc
1273 2965 1424 3017 modo
1450 2980 1469 3017 :
1491 2963 1615 3018 Cum
1641 2966 1824 3018 mulier
1847 2964 1955 3018 viro
1974 2964 2026 3017 in
2048 2979 2156 3016 ma-

571 3073 699 3111 num
746 3058 1007 3137 convenit,
1048 3058 1218 3110 omnia
1258 3071 1374 3128 qua:
1400 3055 1627 3110 mulieris
1668 3056 1877 3124 fuerunt
1900 3055 1994 3109 viri
2024 3057 2155 3126 ﬁunt

570 3147 708 3202 dotis
734 3150 957 3202 nomine.

644 3260 851 3317 Effeeta
880 3268 1008 3317 sunt
1036 3276 1154 3333 quae
1183 3260 1455 3332 aliquibus
1488 3260 1796 3319 efficiuntur
1823 3262 2022 3327 causis,
2050 3275 2158 3318 non

569 3360 817 3420 tempore
847 3352 1292 3421 praecedentibus,
1326 3352 1420 3408 sed
1461 3362 1671 3419 natura,
1694 3352 1841 3408 velut
1866 3353 1910 3408 si
1930 3362 2157 3424 quaerat,

568 3459 739 3501 uxore
766 3444 1014 3500 defuncta
1042 3460 1161 3515 quae
1192 3446 1245 3500 in
1273 3460 1487 3501 manum
1516 3445 1620 3501 viri
1649 3446 1920 3510 convenit,
1947 3460 2014 3501 an
2043 3444 2159 3515 ejus

566 3536 713 3597 bona
739 3536 807 3592 ad
830 3536 1004 3593 virum
1031 3538 1354 3608 pertineant.
1396 3537 1454 3592 In
1497 3552 1601 3608 qua
1637 3538 1933 3610 quaestione
1958 3578 1973 3602 ,
2016 3537 2155 3592 bona

568 3636 762 3710 proris
805 3633 1072 3690 defunctae
1118 3648 1237 3704 qua:
1283 3634 1336 3689 in
1382 3647 1600 3687 manum
1650 3633 1752 3687 viri
1800 3632 2155 3700 convenerit,

591 3727 873 3796 ‘ubjectum
904 3734 1009 3796 est,
1040 3726 1107 3779 ad
1139 3726 1308 3780 virum
1356 3732 1533 3780 autem
1578 3727 1870 3795 pertinere,
1902 3723 2159 3795 praedica-

570 3833 712 3873 tum.
738 3817 933 3884 Quaero
971 3816 1132 3886 igitur
1159 3825 1530 3886 argumentum
1565 3816 1632 3871 ab
1660 3815 1872 3880 effecto,
1900 3815 2157 3884 dispicio-

572 3924 681 3979 que
706 3908 831 3978 quid
860 3906 1147 3979 perfecerit
1173 3907 1286 3978 ipsa
1316 3908 1371 3962 in
1397 3916 1615 3962 manum
1647 3907 1933 3962 conventio
1954 3949 1968 3974 ,
2000 3913 2161 3976 atque

573 4014 645 4055 ex
670 4013 736 4054 eo
773 4007 1143 4069 argumentum
1173 3996 1363 4062 traho;
1412 3998 1465 4052 id
1492 4006 1673 4053 autem
1700 4005 1813 4064 est,
1842 3997 2021 4053 omnia
2057 3998 2157 4052 viri

574 4091 718 4147 dotis
752 4094 968 4148 nomine
992 4092 1127 4159 fieri,
1162 4107 1497 4162 quaecunque
1536 4092 1779 4147 mulieris
1823 4090 1996 4147 fuere.
2039 4090 2158 4160 Ipsa

574 4183 737 4254 igitur
776 4184 830 4239 in
861 4199 1053 4239 manus
1080 4185 1184 4240 viri
1210 4186 1521 4253 conventio,
1552 4185 1731 4241 omnia
1759 4199 1882 4255 qua:
1908 4183 2157 4239 mulieris

552 4274 750 4343 fuere,
780 4273 884 4330 viri
926 4275 1055 4332 fecit
1080 4274 1221 4332 dotis
1268 4277 1517 4344 nomine,
1554 4291 1661 4331 non
1693 4275 2002 4345 prmeedens
2026 4285 2160 4332 ten-

574 4380 731 4435 pore,
751 4366 846 4422 sed
867 4366 1046 4422 statim
1072 4369 1285 4439 propria
1300 4369 1350 4424 vi
1369 4378 1592 4424 naturae.
1615 4368 1750 4423 Nam
1776 4374 1838 4424 ut
1862 4368 1915 4423 in
1941 4383 2158 4423 manum

553 4472 907 4529 quaecunque
929 4461 1271 4529 convenerit,
1304 4474 1427 4516 mox
1453 4461 1570 4530 ejus
1600 4460 1739 4515 bona
1771 4459 1911 4515 dotis
1939 4459 2158 4515 nomine

2262 1854 2403 1910 dotis
2434 1855 2678 1919 nomine,
2710 1853 2905 1909 mulier
2933 1855 2985 1910 in
3015 1869 3231 1910 manum
3280 1855 3377 1910 viri
3420 1855 3659 1919 convenit;
3689 1855 3756 1910 sed

2262 1947 2441 2002 omnia
2469 1962 2587 2017 qua:
2614 1945 2764 2002 fuere
2793 1947 3035 2002 mulieris
3061 1988 3077 2013 ,
3123 1947 3227 2003 viri
3256 1947 3388 2002 facta
3421 1957 3532 2002 sunt
3554 1946 3668 2001 dotis
3688 1960 3756 2001 no—

2261 2037 2425 2103 mine,
2457 2037 2653 2093 mulier
2674 2038 2832 2107 igitur
2859 2038 2913 2092 in
2947 2053 3163 2093 manum
3195 2038 3294 2094 viri
3315 2038 3565 2094 convenit.
3584 2039 3759 2093 Maxima

2260 2128 2576 2198 propositio,
2606 2143 2794 2184 causas
2810 2128 2877 2184 ab
2903 2128 3108 2185 effectis
3129 2130 3242 2186 suis
3270 2144 3374 2184 non
3405 2128 3634 2199 separari.
3676 2140 3681 2147 ‘

2332 2240 2417 2295 Ea:
2456 2244 2839 2312 comparatione
2883 2252 3054 2297 autem
3103 2244 3277 2297 omnia
3323 2242 3481 2298 ualent
3507 2285 3521 2311 ,
3563 2258 3655 2311 quae
3678 2250 3761 2296 sunt

2260 2332 2576 2404 hujusmodi.
2611 2333 2759 2399 Quod
2794 2335 2848 2387 in
2884 2350 2939 2388 re
2967 2336 3162 2406 majore
3186 2334 3337 2400 ualet,
3360 2335 3510 2388 valeat
3531 2334 3578 2386 in
3602 2313 3763 2398 mium:

2258 2433 2315 2479 ut
2334 2426 2378 2478 si
2397 2426 2451 2479 in
2478 2424 2600 2480 urbe
2647 2426 2772 2493 ﬁnes
2810 2442 2911 2482 non
2941 2436 3191 2495 reguntur
3211 2466 3226 2493 ,
3259 2442 3348 2479 nec
3374 2442 3500 2495 aqua
3529 2424 3576 2477 in
3595 2422 3691 2477 urbe
3707 2438 3767 2474 ar-

2260 2523 2455 2570 ceatur.
2492 2514 2624 2569 Item
2665 2525 2862 2572 contra.
2912 2514 3064 2579 Quod
3090 2516 3143 2569 in
3178 2533 3233 2570 re
3261 2516 3445 2569 minori
3482 2513 3627 2579 valet,
3648 2512 3768 2566 caleat

2257 2603 2313 2660 in
2336 2606 2550 2678 majore,
2575 2606 2690 2663 licet
2718 2606 2853 2660 idem
2886 2606 3177 2676 exemplum
3201 2614 3501 2673 convertere,
3525 2605 3641 2658 item.
3661 2601 3769 2669 Quod

2258 2694 2313 2749 in
2330 2710 2383 2748 re
2409 2696 2521 2765 pari
2544 2696 2691 2762 valet,
2716 2698 2882 2751 valeat
2908 2697 2961 2751 in
2989 2695 3108 2763 Irae,
3131 2713 3251 2765 qui:
3278 2712 3369 2769 par
3393 2705 3490 2761 est,
3519 2705 3567 2748 ut
3589 2692 3770 2761 quoniam

2261 2801 2385 2839 usus
2416 2787 2695 2840 auctoritas
2737 2786 2887 2856 fundi
2930 2786 3193 2841 biennium
3240 2795 3334 2850 cst,
3371 2785 3434 2839 sit
3455 2785 3589 2837 etiam
3614 2781 3771 2835 adium.

2260 2877 2328 2931 At
2356 2878 2410 2935 in
2453 2876 2563 2950 lege
2591 2878 2723 2932 cedes
2768 2894 2869 2933 non
2918 2877 3271 2949 appellantur,
3321 2886 3505 2932 etsunt
3545 2885 3771 2929 caluerunt

2260 2972 2490 3026 omnium
2510 2988 2725 3040 quarum
2741 2990 2945 3027 annuus
2972 2983 3044 3027 est
3070 2990 3226 3043 usus,
3259 2975 3421 3025 valeat
3460 2969 3664 3039 (aquilas,
3688 2979 3770 3035 qua
3800 3014 3803 3015 ν

2261 3063 2474 3135 paribus
2503 3064 2557 3117 in
2584 3064 2751 3117 causis
2781 3064 2927 3135 paria
2946 3066 3073 3136 jura
3107 3061 3390 3118 desiderat.

2186 3139 2234 3206 ϐ
2337 3178 2381 3231 A
2408 3177 2808 3248 comparatione
2839 3177 2988 3232 locus
3027 3176 3118 3247 qui
3160 3176 3381 3240 dicitur,
3410 3169 3651 3242 tripartito
3672 3163 3777 3221 scin-

2261 3266 2403 3322 ditur
2422 3283 2438 3333 ;
2457 3276 2548 3322 aut
2572 3267 2714 3323 enim
2732 3281 2763 3321 a
2784 3266 3186 3337 comparatione
3216 3264 3501 3334 majorum,
3530 3266 3611 3313 aut
3626 3270 3652 3311 a
3667 3268 3777 3311 com-

2260 3358 2539 3429 paratione
2568 3357 2859 3424 minorum,
2904 3363 2996 3412 aut
3027 3370 3061 3411 a
3087 3354 3491 3425 comparatione
3518 3347 3692 3420 parium
3710 3356 3780 3397 nae

2262 3451 2448 3507 scitur.
2493 3452 2541 3506 Α
2587 3442 2988 3519 cOmparatione
3031 3448 3191 3518 igitur
3222 3446 3486 3516 majorum
3509 3448 3600 3506 est,
3624 3436 3781 3509 quoties

2262 3541 2468 3612 majora
2496 3540 2792 3596 minoribus
2827 3548 3205 3609 comparantur
3225 3578 3242 3603 ,
3268 3539 3374 3594 hoc
3395 3533 3578 3598 modo,
3602 3524 3779 3598 utquod

2260 3634 2315 3692 in
2343 3648 2403 3689 re
2424 3631 2625 3703 majore
2649 3632 2811 3698 valet,
2845 3629 3020 3687 valeat
3054 3631 3107 3685 in
3152 3630 3392 3685 minore.
3414 3626 3494 3685 Sit
3514 3623 3640 3680 enim
3666 3631 3780 3687 quae.

2259 3726 2367 3781 stio
2395 3739 2462 3779 an
2503 3725 2557 3779 in
2599 3723 2729 3778 urbe
2769 3736 2960 3791 aquam
2989 3720 3149 3777 liceat
3193 3719 3396 3775 arceri.
3440 3716 3494 3771 ln
3534 3714 3624 3768 hac
3667 3705 3782 3778 ἰείωῐ

2259 3815 2530 3885 subjectus
2558 3826 2641 3871 est
2683 3815 2979 3880 terminus,
3022 3812 3076 3867 in
3122 3812 3262 3869 urbe
3311 3823 3485 3881 aqua,
3531 3800 3786 3875 praedicatus

2261 3922 2414 3974 vero,
2443 3907 2533 3977 jus
2566 3906 2803 3963 arcendi.
2838 3905 2970 3975 Regi
3003 3903 3138 3960 ﬁnes
3169 3901 3430 3959 dicuntur
3456 3895 3649 3969 quoties
3667 3899 3787 3945 unus-

2260 4000 2487 4071 quisque
2515 4014 2641 4071 ager
2665 3999 2897 4069 propriis
2922 3996 3119 4052 finibus
3154 3994 3500 4053 terminatur.
3527 3991 3672 4044 Arcet
3696 3990 3788 4035 vero

2263 4109 2457 4165 aquam
2503 4094 2591 4155 aui
2621 4108 2738 4149 eam
2771 4107 2865 4164 per
2905 4106 3003 4147 sua
3031 4090 3205 4160 spatia
3236 4102 3428 4146 meare
3470 4099 3573 4141 non
3616 4076 3784 4149 patitur.

2260 4186 2543 4243 Faciamus
2572 4185 2735 4257 igitur
2763 4192 3133 4253 argumentum
3161 4182 3264 4237 sic.
3315 4177 3581 4248 Quoniam
3604 4171 3705 4241 plus
3731 4168 3791 4219 est

2261 4278 2372 4348 regi
2405 4280 2537 4332 lines
2562 4316 2578 4342 ,
2624 4276 2801 4331 minus
2830 4289 2959 4331 vero
2987 4273 3162 4329 arceri
3190 4285 3394 4343 aquam
3416 4307 3431 4334 ,
3461 4268 3509 4323 si
3536 4267 3584 4322 in
3624 4258 3791 4316 civitate

2260 4368 2394 4426 fines
2434 4384 2543 4424 non
2571 4376 2826 4440 reguntur
2847 4407 2864 4436 ,
2909 4366 3052 4438 quod
3095 4365 3273 4435 majus
3303 4373 3415 4431 est,
3449 4376 3521 4419 ne
3547 4358 3596 4415 id
3625 4350 3795 4428 quidem

2258 4461 2403 4533 quod
2447 4463 2622 4518 minus
2665 4470 2771 4527 est,
2801 4460 2931 4529 fiet,
2979 4468 3036 4514 ut
3064 4472 3199 4527 aqua
3244 4458 3303 4512 in
3335 4457 3554 4513 civitate
3579 4457 3791 4508 arcanum

555 4550 749 4624 nvirum
776 4560 1090 4621 sequuntur.
1123 4552 1285 4608 Facio
1328 4552 1488 4622 igitur
1515 4559 1886 4623 argumentum
1936 4551 2057 4606 sic:
2086 4550 2155 4620 ;Si
2184 4530 2240 4594 Ῑ)
2262 4530 2362 4609 [lic
2389 4552 2551 4624 igitur
2578 4558 2845 4622 sumptum
2873 4559 2957 4606 est
2992 4557 3381 4620 argumentum
3415 4550 3486 4603 ab
3520 4560 3584 4602 eo
3619 4536 3737 4611 quod
3757 4534 3797 4589 ἱι

554 4640 774 4713 ,ωιιιίθιδ
794 4658 913 4713 quas
938 4643 1187 4699 defuncta
1214 4652 1299 4699 est
1322 4642 1374 4699 in
1402 4658 1621 4699 manum
1649 4643 1923 4708 convenit,
1957 4642 2010 4697 in
2038 4656 2154 4697 ma-

554 4747 710 4796 ,num
732 4746 860 4788 vero
887 4734 1255 4789 convenientis
1280 4734 1519 4789 mulieris
1545 4734 1683 4790 bona
1714 4733 1814 4788 viri
1844 4733 1982 4788 fiunt
2006 4732 2150 4788 dotis

498 4893 505 4901 δ
578 4824 819 4888 nomine,
845 4824 959 4880 haec
984 4840 1195 4896 quoque
1209 4825 1347 4889 bona
1359 4826 1428 4882 de
1448 4825 1640 4896 quibus
1660 4825 1837 4895 agitur
1851 4863 1868 4890 ,
1887 4824 1991 4879 viri
2004 4830 2151 4879 sunt.

578 4915 964 4985 Argumentum
993 4932 1063 4974 ex
1089 4932 1155 4973 eo
1182 4918 1325 4989 quod
1363 4919 1417 4974 in
1448 4919 1564 4988 ipso
1591 4926 1697 4984 est,
1734 4917 1801 4973 de
1827 4930 1933 4987 quo
1954 4917 2152 4986 agitur,

576 5006 903 5065 continetur.
926 5009 1117 5079 Agitur
1135 5010 1276 5066 enim
1304 5009 1373 5066 de
1396 5011 1551 5067 bonis
1579 5012 1695 5079 ejus
1715 5024 1833 5079 quae
1854 5008 1906 5063 in
1936 5020 2153 5064 manum

576 5103 921 5170 convenerit,
951 5103 1156 5159 scilicet
1183 5104 1251 5160 ab
1278 5103 1512 5169 effectis,
1543 5102 1598 5157 id
1639 5109 1725 5159 est
1752 5117 1781 5157 a
1810 5114 1987 5158 causae
2023 5098 2154 5157 effe-

577 5199 700 5253 ctis.
751 5199 1013 5255 Effectum
1062 5214 1289 5271 namque
1333 5209 1437 5265 est,
1465 5200 1520 5255 in
1546 5213 1764 5254 manum
1793 5197 2153 5255 conventione

578 5292 759 5347 omnia
807 5308 925 5361 qua:
968 5292 1206 5350 mulieris
1229 5300 1353 5348 sunt
1398 5292 1499 5348 viri
1542 5291 1659 5349 fieri
1705 5292 1844 5348 dotis
1891 5290 2147 5360 nomine,

577 5366 882 5455 quanquam
914 5385 1000 5442 hic
1045 5400 1257 5456 quoque
1287 5389 1409 5441 non
1439 5384 1508 5439 ab
1534 5384 1736 5441 effectis
1757 5424 1772 5453 ,
1812 5384 1905 5440 sed
1934 5398 1965 5438 a
1990 5396 2152 5440 causa

579 5474 778 5532 factum
803 5487 1176 5548 argumentum
1209 5489 1332 5531 esse
1377 5483 1720 5532 monstretur.
1761 5474 2045 5530 Ostensum
2072 5480 2156 5529 est

579 5568 719 5620 enim
754 5567 869 5622 fieri
898 5567 1000 5622 viri
1031 5566 1174 5623 dotis
1204 5568 1454 5635 nomine,
1486 5568 1744 5638 quidquid
1772 5566 2011 5622 mulieris
2040 5565 2154 5622 fue-

581 5659 675 5718 rit,
730 5673 795 5712 ex
824 5672 890 5713 eo
912 5658 1054 5728 quod
1090 5659 1283 5715 mulier
1310 5660 1365 5716 in
1407 5675 1627 5716 manum
1673 5658 1999 5714 convenerit.
2047 5658 2152 5713 Sed

587 5746 700 5801 inec
729 5748 887 5805 causa
922 5757 1006 5805 est
1048 5756 1108 5805 ut
1129 5764 1248 5820 quae
1278 5752 1517 5832 mulieris
1557 5760 1708 5807 erant
1732 5748 1831 5804 viri
1861 5750 1989 5809 flant
2013 5747 2154 5804 dotis

550 5870 578 5895 ρς

2257 4644 2375 4716 ipso
2412 4643 2582 4700 haeret
2619 4643 2690 4699 de
2717 4658 2821 4714 quo
2850 4642 3124 4713 quaeritur.
3166 4640 3450 4708 Quaeritur
3490 4650 3613 4694 vero
3650 4632 3709 4688 de
3731 4642 3794 4683 aro

2258 4735 2445 4793 cenda'.
2464 4750 2616 4806 aquae
2633 4734 2775 4805 jure,
2806 4734 2874 4790 ab
2895 4733 3087 4789 affecto
3116 4732 3358 4797 scilicet,
3394 4730 3448 4787 id
3471 4736 3555 4786 est
3580 4740 3609 4780 a
3634 4717 3799 4793 majori.

2256 4825 2402 4897 quod
2428 4826 2659 4882 refertur
2685 4824 2752 4880 ad
2779 4824 2833 4880 id
2864 4824 3006 4895 quod
3030 4824 3206 4880 minus
3236 4834 3351 4879 est.
3380 4819 3673 4877 Notandum
3709 4822 3801 4865 vero

2258 4915 2402 4988 quod
2432 4915 2640 4972 Tullius
2682 4915 2973 4971 maximam
3020 4914 3462 4986 propositionem
3508 4912 3802 4982 argumenta.

2260 5009 2392 5065 tioni
2422 5009 2636 5065 inclusit
2671 5009 2774 5064 hoc
2802 5007 2963 5064 modo
3002 5024 3021 5061 :
3049 5007 3201 5076 Quod
3243 5006 3303 5061 in
3333 5021 3401 5063 re
3437 5001 3627 5072 majori
3665 4997 3805 5055 valet.

2220 5110 2227 5119 ‘
2260 5100 2433 5156 valeat
2461 5101 2515 5155 in
2545 5099 2760 5167 minori,
2790 5107 2848 5155 et
2884 5099 3136 5170 deinceps
3161 5112 3223 5153 ea
3269 5096 3470 5162 nixus,
3511 5092 3803 5163 argumenta-

2260 5193 2458 5250 tionem
2491 5191 2809 5262 expedivit,
2840 5200 2897 5249 ut
2946 5187 3291 5246 manifestius
3321 5193 3594 5257 appareat
3627 5180 3675 5236 id
3702 5170 3808 5246 quod

2260 5283 2315 5339 in
2345 5284 2516 5354 primo
2557 5283 2829 5339 volumine
2875 5286 3367 5349 commemoratum
3399 5284 3521 5344 est,
3555 5274 3648 5329 has
3672 5265 3807 5324 maxi-

2260 5389 2377 5430 mas
2405 5374 2799 5445 propositiones
2826 5371 3109 5443 aliquoties
3154 5367 3387 5440 quidem
3438 5356 3813 5445 argumentatio-

2259 5444 2417 5519 nibus
2445 5444 2679 5531 includi,
2712 5470 2770 5517 ut
2808 5461 2860 5517 in
2910 5460 3158 5531 praesenti
3199 5465 3553 5512 monstratur
3587 5444 3811 5516 exemplo.

2260 5558 2396 5613 alias
2422 5569 2550 5611 vero
2581 5554 2726 5609 vires
2753 5549 3310 5624 argumentationibus
3344 5548 3510 5611 dare,
3536 5553 3597 5600 ut
3624 5545 3674 5599 in
3693 5549 3816 5605 supe-

2260 5648 2497 5704 rioribus
2537 5644 2797 5715 exemplis
2826 5643 3087 5699 locorum.
3128 5638 3284 5708 Quod
3318 5638 3370 5694 si
3399 5638 3556 5694 idem
3581 5635 3818 5690 converta-

2259 5753 2378 5797 mus
2405 5736 2729 5808 exemplum,
2762 5734 3005 5793 dicemus
3029 5752 3044 5789 :
3067 5731 3216 5803 Quod
3243 5730 3305 5786 in
3328 5744 3425 5803 _re
3457 5724 3655 5786 minori
3678 5718 3821 5778 valet.
