4036 6336
247 323 382 380 1081

1069 308 1134 364 ΙΝ
1176 304 1418 364 TOPICA
1461 299 1818 358 CICERONIS
1858 294 2369 353 COMMENTARIA.
2415 294 2540 350 LIB.
2585 291 2646 361 [Ι.

3390 291 3410 342 ἰ
3421 290 3530 347 O82

246 436 428 490 valeat
457 430 617 486 etiam
645 426 697 481 in
731 422 942 493 majori.
977 424 1044 477 At
1078 422 1132 475 in
1162 421 1294 475 urbe
1323 432 1457 488 aqua
1485 423 1717 478 arcetur,
1752 427 1836 466 re-
1865 409 1911 469 Α
1940 407 2328 476 scientiamque
2349 403 2608 468 eruditis,
2643 408 2700 456 ut
2724 400 2865 472 quod
2903 399 3108 454 medico
3133 400 3186 454 in
3229 398 3521 471 medicina,

244 535 440 599 gantur
469 522 627 592 igitur
672 519 824 572 lines.
879 517 974 571 llic
1007 525 1180 569 tamen
1233 511 1458 582 quaestio
1499 513 1833 576 permittatur

246 619 354 675 hoe
382 614 578 670 modo:
609 610 880 678 Quaeritur
907 606 1047 662 enim
1087 621 1154 660 an
1178 601 1230 658 in
1255 602 1388 658 urbe
1431 601 1560 654 fines
1587 604 1836 667 Oporteat

160 718 168 727 '
245 714 386 783 regi.
417 707 524 765 Sed
565 721 594 760 a
625 705 832 759 minore
883 701 1110 756 sumitur
1153 704 1545 767 argumentum,
1574 691 1624 746 id
1658 698 1741 745 est
1767 689 1836 743 ab

171 823 174 826 λ
247 781 482 858 arcenda
509 809 680 866 aqua,
721 803 778 848 ut
807 792 878 848 sit
905 791 992 844 hic
1021 804 1232 860 quoque
1262 796 1629 858 argumentum
1676 781 1742 834 ab
1771 793 1836 834 eo

249 891 394 965 quod
422 891 473 945 in
504 889 622 958 ipso
649 892 750 950 est,
783 883 837 938 id
876 891 959 938 est
985 881 1052 936 ab
1095 896 1159 934 eo
1190 879 1329 948 quod
1359 885 1443 932 est
1488 876 1541 930 in
1589 871 1837 941 regendis

250 983 467 1045 ﬁnibus,
499 978 566 1033 ab
601 975 796 1031 allecto
825 973 1051 1040 scilicet,
1084 971 1136 1025 id
1183 980 1263 1024 est
1289 985 1318 1024 a
1349 968 1565 1023 minori.
1610 967 1663 1020 Id
1691 965 1836 1021 enim

250 1075 396 1146 quod
441 1073 617 1129 minus
644 1080 728 1126 est
756 1068 1005 1123 aﬂ‘ectum
1037 1073 1150 1131 est,
1188 1063 1315 1118 illud
1363 1064 1590 1131 namque
1621 1057 1840 1129 respicit

252 1170 322 1224 ad
349 1169 400 1224 id
440 1167 580 1236 quod
624 1172 985 1234 comparatur.
1021 1159 1115 1214 Hie
1142 1170 1355 1226 queque
1382 1155 1614 1208 maxima
1642 1165 1840 1220 propo-

250 1259 381 1315 sitio
408 1273 437 1313 a
468 1255 641 1312 Tullio
673 1253 842 1323 posita
867 1259 970 1315 est,
999 1263 1170 1319 eaque
1203 1257 1314 1301 est:
1349 1243 1498 1313 Quod
1525 1243 1668 1298 enim
1696 1241 1748 1294 in
1783 1254 1842 1294 re

253 1349 455 1410 minori
484 1348 652 1414 valet,
691 1345 831 1400 valet
859 1344 1018 1399 etiam
1068 1341 1120 1395 in
1151 1339 1362 1408 majori.
1394 1341 1432 1392 A
1463 1335 1681 1406 paribus
1711 1347 1841 1388 vero

255 1445 320 1500 lit
341 1441 587 1498 similiter
624 1435 981 1506 comparatio.
1022 1432 1254 1488 Necesse
1282 1438 1365 1485 est
1392 1428 1534 1484 enim
1565 1436 1622 1482 ut
1665 1425 1843 1480 valeat

252 1533 502 1604 aequitas,
535 1545 653 1601 qum
681 1529 900 1598 paribus
933 1529 985 1581 in
1030 1527 1190 1580 rebus
1219 1525 1363 1592 paria
1397 1521 1516 1591 jura
1545 1519 1838 1576 desiderat.

254 1625 615 1682 Plurimarum
649 1621 810 1691 igitur
841 1633 1020 1675 rerum
1068 1615 1326 1684 usucapio
1349 1627 1524 1668 annua
1567 1619 1686 1674 est,
1712 1617 1768 1663 ut
1797 1608 1843 1661 si

253 1717 379 1788 quis
395 1715 486 1772 eis
531 1726 673 1768 anno
719 1712 974 1768 continuo
1004 1708 1166 1764 fuerit
1201 1721 1328 1761 usus
1353 1745 1368 1771 ,
1401 1718 1492 1759 eas
1531 1702 1681 1756 firma
1707 1699 1845 1769 juris

1937 500 2309 571 geometrazin
2339 495 2661 568 geometria,
2707 492 3023 560 eaeterisque
3067 493 3119 546 in
3150 493 3365 562 pr0pria
3406 503 3522 549 stu-

1903 589 2146 650 diorum
2199 592 2450 647 facultate
2497 587 2756 644 veritatis.
2792 587 2867 641 De
2907 601 3012 656 quo
3043 585 3375 641 extrinsecus
3404 585 3523 641 loco

1937 694 2015 749 sic
2039 692 2308 761 loquitur:

1937 803 1963 832 r-
2011 786 2137 851 Qua:
2171 793 2337 837 autem
2379 788 2708 835 assumuntur
2735 778 3069 842 extrinsecus,
3119 793 3178 830 ea
3209 776 3428 829 maxime
3457 791 3526 829 ea:

1939 873 2239 932 auctoritate
2291 873 2553 926 dicuntur.
2605 868 2786 939 Itaque
2827 866 2994 922 Grazci
3035 866 3159 920 tales
3200 874 3526 937 argumenta-

1941 974 2099 1027 tiones
2124 974 2373 1041 ἀτέχνους
2397 973 2597 1032 vocant,
2632 963 2684 1016 id
2713 971 2785 1017 est
2813 963 2940 1016 artis
2971 970 3217 1029 expertes.

2013 1066 2130 1120 Alia
2155 1067 2352 1135 quippe
2373 1072 2686 1135 argumenta
2710 1070 2858 1125 sunt,
2879 1075 2996 1130 qua:
3016 1060 3130 1129 ipse
3156 1058 3301 1113 elicit
3318 1063 3525 1118 orator,

1941 1167 2104 1227 atque
2132 1159 2246 1227 ipse
2267 1155 2665 1227 quodammodo
2686 1170 2750 1209 ex
2778 1152 3070 1220 designatis
3100 1150 3232 1204 locis
3258 1149 3359 1203 sibi
3380 1162 3528 1200 com-

1945 1258 2113 1319 parat,
2146 1258 2200 1302 et
2230 1248 2442 1318 propria
2491 1246 2748 1300 facultate
2789 1241 3073 1311 conquirit.
3131 1239 3250 1295 Alia
3291 1251 3408 1305 quae
3435 1249 3530 1290 ex-

1946 1341 2210 1395 trinsecus
2255 1341 2427 1409 posita
2460 1353 2563 1392 non
2599 1337 2713 1406 ipse
2763 1333 2994 1398 invenit,
3038 1330 3133 1386 sed
3180 1326 3530 1400 prieseutibus

1945 1430 2114 1484 utitur
2133 1439 2187 1484 et
2213 1429 2433 1498 paratis,
2456 1428 2621 1482 veluti
2641 1424 2970 1488 testimonia,
2999 1421 3213 1486 tabulae,
3245 1419 3406 1484 fama,
3427 1430 3530 1472 ete-

1949 1532 2168 1592 teraque
2199 1523 2266 1576 de
2294 1523 2489 1592 quibus
2520 1521 2588 1575 Μ.
2617 1519 2824 1573 Tullius
2860 1516 3019 1569 latius
3063 1521 3383 1567 tractaturus
3426 1515 3528 1564 est.

1948 1614 2063 1670 Non
2095 1616 2236 1670 enim
2271 1614 2371 1669 sibi
2405 1615 2520 1683 ipse
2549 1611 2856 1666 testimonia
2887 1614 3040 1677 parat
3068 1612 3280 1667 orator,
3311 1603 3403 1656 sed
3432 1615 3531 1671 paa

1949 1710 2082 1762 ratis
2110 1707 2294 1773 utitur,
2329 1719 2428 1760 nec
2458 1705 2574 1773 ipse
2599 1701 2861 1773 judicium
2901 1699 3065 1763 facit,
3098 1695 3193 1751 sed
3219 1695 3327 1764 jam
3360 1694 3534 1763 posit'o

253 1806 578 1864 auctoritate
600 1803 889 1874 possideat,
913 1800 1060 1854 velut
1081 1814 1194 1854 rem
1217 1797 1488 1852 mobilem.
1525 1793 1844 1848 Fundivero
1875 1809 1925 1872 Β
1953 1813 2014 1854 ac
2052 1808 2351 1868 spontaneo
2395 1810 2613 1851 ι-υηιοιιε
2668 1793 2917 1848 veniente
2963 1791 3128 1844 miun-
3177 1787 3244 1841 εδ
3297 1798 3533 1840 causam,

256 1896 552 1966 usucapio,
607 1893 809 1950 biennii
868 1891 1124 1961 temporis
1169 1890 1342 1960 Spatio
1394 1885 1740 1952 continetur,
1777 1884 1846 1940 de

259 1986 471 2042 aedibus
511 1985 566 2038 in
596 1983 709 2054 lege
740 1982 870 2037 nihil
908 1983 1197 2051 ascriptum
1229 1990 1331 2036 est.
1365 1979 1632 2048 Quaeritur
1675 1991 1804 2047 ergo
1829 2018 1843 2042 ,

261 2088 396 2130 usus
433 2072 626 2128 aedium
673 2086 852 2126 unone
882 2085 1024 2126 anno
1048 2111 1065 2136 ,
1097 2086 1165 2124 an
1207 2069 1424 2125 biennio
1453 2068 1714 2138 capiatur.
1749 2065 1850 2120 Fa-

257 2165 466 2220 ciemus
496 2178 525 2216 a
556 2162 777 2232 paribus
804 2160 1320 2231 argumentationem
1346 2201 1363 2226 ,
1389 2169 1444 2215 et
1469 2159 1719 2229 quoniam
1752 2158 1852 2211 im-

260 2255 542 2312 mobilium
584 2268 735 2322 aequa
782 2252 1052 2321 pOSscSSiO
1080 2260 1191 2316 est,
1223 2250 1366 2306 aedes
1397 2264 1526 2304 vero
1553 2247 1852 2303 immobiles

261 2356 410 2415 sunt,
461 2357 517 2402 ut
544 2345 761 2400 biennio
791 2345 982 2399 fundus
1011 2343 1376 2412 usucapiatur,
1405 2342 1478 2395 ita
1505 2341 1665 2395 etiam
1695 2352 1855 2407 opor-

263 2450 346 2498 tet
375 2441 518 2496 aedes
560 2454 855 2510 usucapere
899 2439 1119 2494 biennio
1169 2437 1551 2509 possidentem.
1606 2432 1856 2504 Equites

263 2530 410 2587 enim
452 2528 670 2600 paribus
711 2530 763 2582 in
788 2528 950 2583 rebus
1010 2528 1156 2597 paria
1203 2528 1326 2596 jura
1377 2526 1672 2581 desiderat.
1726 2524 1856 2590 Qua:

263 2620 430 2678 etiam
486 2620 715 2674 maxima
750 2617 1047 2689 propositio
1078 2633 1106 2670 a
1138 2616 1314 2670 Tullio
1347 2615 1648 2670 clarissime
1679 2613 1859 2682 posita

265 2723 372 2778 est,
391 2713 485 2768 sed
511 2712 812 2782 exemplum
838 2710 1140 2765 restrictius
1170 2709 1400 2780 positum
1426 2717 1528 2771 est,
1559 2720 1658 2760 nec
1681 2715 1860 2775 prom-

263 2805 514 2876 piissime
559 2803 623 2858 ad
670 2803 1092 2873 intelligendum.
1123 2802 1199 2856 lta
1241 2815 1471 2870 namque
1501 2800 1607 2864 ait,
1639 2807 1696 2852 ut
1723 2812 1858 2867 quo-

262 2897 415 2953 niam
436 2912 566 2952 usus
591 2897 884 2950 auctoritas
902 2895 1048 2950 fundi
1075 2909 1168 2964 per
1185 2893 1456 2948 biennium
1487 2901 1588 2955 est,
1613 2891 1859 2946 sitetiam

263 2993 486 3047 mdium.
519 2992 618 3047 Hie
653 2992 814 3062 igitur
855 2992 1047 3046 aedium
1085 3005 1216 3045 usus
1244 2990 1616 3045 auctoritatem
1644 2985 1861 3042 biennio

264 3089 391 3148 fieri
420 3092 602 3155 sentit,
633 3090 726 3144 sed
747 3089 1014 3160 adjungit:
1050 3090 1119 3144 At
1145 3089 1198 3142 in
1225 3089 1341 3158 lege
1370 3086 1515 3142 mdes
1544 3101 1650 3140 non
1678 3084 1862 3155 appel-

268 3183 485 3248 lantur,
518 3191 574 3236 et
603 3190 728 3236 sunt
757 3192 1076 3237 exterarum
1120 3181 1358 3235 omnium
1394 3193 1620 3250 quarum
1652 3193 1861 3237 annuus

268 3281 358 3329 est
386 3287 530 3326 usus.
562 3273 659 3327 Hie
688 3287 873 3327 rursus
902 3273 1047 3328 aedes
1079 3273 1131 3327 in
1161 3271 1244 3326 his
1268 3271 1477 3326 videtur
1515 3284 1717 3342 ponere
1748 3284 1866 3339 qua:

269 3378 456 3420 annuo
500 3365 920 3435 usucapiuntur,
972 3372 1028 3418 et
1077 3362 1350 3417 concludit
1398 3361 1533 3416 nihil
1575 3359 1867 3426 deﬁniens,

267 3458 380 3515 nisi
411 3457 583 3512 valeat
607 3458 851 3526 aequitas,
885 3471 1003 3527 quae
1030 3454 1252 3525 paribus
1283 3452 1336 3506 in
1368 3451 1545 3506 causis
1575 3450 1721 3519 paria
1745 3450 1867 3520 jura

273 3548 574 3606 desiderat.
609 3548 712 3603 Sed
759 3548 972 3604 videtur
1014 3549 1084 3601 ita
1133 3543 1638 3614 dietum,-quoniam
1678 3543 1869 3596 immo-

269 3645 416 3702 biles
445 3653 569 3698 sunt
599 3646 741 3698 aedes
768 3651 826 3698 ut
857 3639 1071 3703 fundus,
1102 3637 1320 3692 biennio
1349 3649 1481 3690 vero
1512 3633 1713 3688 fundus
1739 3647 1870 3688 usu-

273 3737 510 3806 capitur,
533 3735 676 3792 aedes
708 3748 919 3806 quoque
962 3729 1182 3786 biennio
1227 3725 1634 3794 usucapiantur,
1667 3730 1721 3778 et
1765 3721 1867 3777 sibi

271 3827 399 3898 ipse
426 3840 616 3882 rursus
665 3824 930 3894 opponit,
981 3821 1074 3876 sed
1108 3820 1159 3873 in
1193 3819 1310 3888 lege
1339 3816 1620 3872 duodecim
1663 3811 1870 3868 tabula-

273 3935 433 3984 rum,
471 3920 538 3975 de
579 3917 787 3972 :edibus
821 3914 955 3970 nihil
998 3912 1292 3982 ascriptum
1341 3916 1461 3973 est,
1504 3915 1558 3962 et
1596 3905 1736 3960 inter
1778 3917 1870 3958 eas

277 4012 489 4069 relictae
534 4017 661 4064 sunt
686 4021 795 4072 res,
823 4006 1182 4061 taciturnitate
1206 4001 1358 4071 legis,
1382 4013 1610 4071 quarum
1631 4005 1714 4052 est
1743 4009 1870 4050 usus

277 4121 512 4164 annuus.
543 4105 675 4161 Nam
706 4119 828 4160 cum
856 4103 922 4158 de
945 4101 1109 4156 fundo
1139 4097 1516 4169 praescriberet
1539 4094 1626 4149 lex
1662 4089 1867 4146 biennii

279 4199 667 4269 usucapionem
689 4239 704 4266 ,
736 4191 904 4252 tacuit
948 4193 1114 4256 aedes,
1141 4202 1192 4246 et
1221 4191 1286 4246 iis
1311 4189 1492 4260 potius
1521 4187 1621 4241 hac
1651 4186 1874 4240 tacitur-

282 4295 455 4350 nitate
511 4307 602 4346 eas
627 4291 806 4360 junxit
843 4301 1067 4360 quarum
1097 4299 1306 4339 annuus
1337 4289 1421 4336 est
1451 4295 1598 4334 usus.
1632 4277 1736 4332 Sed
1767 4276 1876 4330 sol-

280 4383 368 4441 vit
410 4383 768 4455 objectionem
817 4381 910 4446 ita,
967 4376 1061 4433 sed
1093 4376 1319 4446 aequitas
1358 4371 1578 4442 paribus
1629 4368 1684 4423 in
1713 4366 1874 4421 rebus

282 4477 440 4550 paria
475 4478 594 4548 jura
644 4472 936 4530 desiderat.
974 4470 1158 4540 Itaque
1189 4465 1440 4538 quoniam
1491 4475 1644 4531 aeque
1677 4458 1875 4514 fundus

283 4581 452 4642 atque
477 4570 621 4626 aedes
648 4566 950 4624 immobiles
975 4573 1120 4632 sunt,
1147 4576 1297 4634 aeque
1317 4559 1536 4616 biennio
1558 4554 1878 4626 usucapien-

285 4673 399 4719 tur.
434 4662 652 4718 Factum
680 4670 761 4716 est
790 4660 948 4729 igitur
973 4658 1057 4714 hic
1087 4670 1303 4728 quoque
1329 4659 1702 4723 argumentum
1723 4647 1791 4702 ab
1813 4659 1880 4702 eo

288 4755 519 4827 quodin
551 4756 669 4825 ipso
697 4764 779 4808 est
806 4752 874 4806 de
921 4766 1026 4820 quo
1055 4752 1335 4819 quaeritur,
1370 4747 1421 4801 id
1467 4753 1550 4800 est
1576 4742 1642 4797 ab
1667 4740 1879 4806 allecto,

291 4847 352 4905 id
382 4855 465 4903 est
483 4847 620 4917 pari.
651 4845 782 4900 Nam
819 4859 941 4898 cum
960 4851 1147 4912 agatur
1175 4840 1241 4894 de
1272 4839 1465 4894 mdium
1511 4834 1879 4907 possessione,

292 4948 668 5012 argumentum
703 4947 973 5006 sumptum
1003 4945 1085 4989 est
1112 4935 1180 4989 ab
1217 4931 1545 5000 usucapione
1572 4927 1882 4982 fundorum.

295 5031 580 5100 Expeditis
614 5031 775 5101 igitur
810 5030 892 5084 his
938 5028 1072 5084 locis
1115 5025 1203 5097 qui
1236 5025 1288 5079 in
1326 5025 1443 5093 ipso
1470 5021 1537 5076 de
1577 5035 1684 5090 quo
1712 5018 1888 5090 agitur

297 5127 666 5193 inhaerebant,
707 5138 847 5179 nunc
873 5123 986 5192 jam
1027 5120 1129 5176 loci
1160 5119 1276 5188 ejus
1298 5131 1456 5188 quem
1482 5115 1615 5168 dixit
1644 5127 1765 5169 esse
1795 5126 1888 5166 ex-

287 5222 572 5275 trinsecus
593 5259 610 5285 ,
643 5218 795 5289 ponit
826 5214 1155 5284 exemplum.
1188 5211 1284 5267 llic
1330 5225 1459 5264 vero
1487 5217 1572 5264 est
1598 5207 1691 5277 qui
1718 5205 1889 5259 sumi-

299 5319 393 5365 tur
446 5312 514 5367 ab
567 5307 884 5365 auctoritate
935 5305 1120 5377 judieii
1165 5304 1315 5357 locus
1342 5299 1498 5354 valde
1553 5295 1887 5368 probabilis,

302 5401 516 5458 etiamsi
563 5417 670 5456 non
703 5399 949 5456 maximae
980 5395 1334 5452 necessitatis.
1369 5393 1500 5462 Quae
1529 5390 1672 5446 enim
1702 5402 1892 5444 neces-

304 5493 449 5548 saria
499 5501 668 5560 sunt,
718 5493 834 5547 haec
860 5505 926 5544 ex
977 5487 1192 5558 propria
1223 5484 1633 5541 considerantur
1682 5488 1890 5534 natura.

304 5587 438 5654 Quae
468 5600 596 5642 vero
636 5583 937 5657 probabilia
965 5591 1110 5647 sunt,
1139 5580 1490 5650 plurimorum
1517 5573 1774 5645 judicium
1805 5587 1897 5627 ex-

304 5687 572 5748 spectant.
605 5677 683 5733 Ea
710 5689 942 5746 namque
979 5682 1104 5729 sunt
1148 5670 1463 5742 probabilia,
1495 5681 1614 5738 quze
1645 5665 1896 5726 videntur

304 5770 396 5827 vel
425 5769 678 5826 omnibus
701 5810 717 5838 ,
749 5769 833 5826 vel
872 5766 1146 5840 pluribus,
1177 5764 1261 5819 vel
1305 5761 1536 5816 maxime
1567 5756 1789 5814 famosis
1817 5765 1898 5811 at-

310 5879 421 5939 que
462 5867 782 5939 praecipuis,
808 5866 892 5922 vel
922 5862 1214 5924 secundum
1247 5873 1676 5930 unamquamque
1722 5864 1893 5912 artem

1953 1892 2127 1961 Atque
2159 1891 2361 1946 ideirco
2412 1889 2512 1942 bos
2550 1888 2698 1942 locos
2730 1883 2906 1940 Graeci
2937 1885 3191 1954 ἀτέχνους
3221 1887 3446 1942 vocant,
3483 1861 3537 1931 id

1954 1995 2038 2042 est
2064 1983 2457 2047 inartificiales,
2492 1990 2672 2050 atque,
2705 1987 2765 2033 ut
2789 1976 2997 2032 Tullius
3020 1974 3176 2038 dixit,
3201 1971 3333 2026 artis
3351 1983 3543 2039 exper-

1954 2089 2055 2136 tes.
2087 2080 2220 2148 Quae
2260 2078 2405 2134 enim
2454 2091 2560 2130 non
2604 2071 2825 2143 proprio
2875 2068 3103 2125 oratoris
3133 2064 3360 2120 artiﬁcio
3389 2077 3540 2117 com-

1954 2185 2234 2245 parantur,
2255 2171 2349 2227 sed
2371 2185 2429 2225 se
2456 2167 2795 2235 extrinsecus
2813 2163 3082 2218 venientia
3103 2157 3540 2221 subministrant,

1956 2265 2071 2320 haec
2097 2265 2217 2334 jure
2245 2262 2377 2316 artis
2408 2258 2649 2330 expertia
2680 2265 2806 2311 sunt
2834 2253 3123 2324 appellata.
3158 2249 3329 2318 llujus
3359 2259 3543 2303 exem-

1956 2362 2100 2429 plum
2130 2363 2212 2412 est
2241 2373 2291 2417 ε,

1956 2450 2100 2518 ευι
2121 2451 2166 2502 si
2191 2449 2264 2502 ita
2290 2445 2600 2513 respondeas
2629 2458 2648 2498 :
2678 2439 2934 2507 Quoniam
2961 2435 3030 2492 P.
3056 2434 3289 2492 Scaevola
3309 2432 3364 2486 id
3383 2429 3548 2486 solum

1958 2523 2063 2596 esse
2093 2539 2313 2592 ambitus
2344 2536 2530 2590 wdium
2559 2533 2770 2599 dixerit,
2804 2536 3052 2600 quantum
3083 2525 3292 2595 parietis
3320 2536 3548 2578 commu-

1958 2635 2040 2688 nis
2078 2630 2276 2703 tegendi
2332 2643 2487 2681 causa
2535 2632 2720 2678 tectum
2758 2621 3118 2692 projiceretur,
3149 2630 3214 2669 ea:
3241 2631 3340 2684 quo
3376 2614 3430 2665 in
3473 2620 3549 2665 te-

1959 2736 2098 2781 ctum
2124 2725 2233 2794 ejus
2261 2721 2396 2778 (edes
2425 2719 2512 2790 qui
2545 2717 2848 2788 protexisset
2885 2728 3021 2783 aqua
3050 2713 3331 2781 deﬂueret,
3376 2706 3430 2760 id
3459 2703 3552 2758 tibi

1952 2822 2047 2893 jus
2078 2816 2258 2872 videri.

2035 2908 2220 2964 Solum
2268 2904 2504 2960 ambitus
2537 2901 2734 2957 aedium
2779 2905 2897 2965 est,
2939 2901 3194 2966 quantum
3224 2889 3326 2945 soli
3357 2887 3551 2945 aedium

1966 3000 2202 3056 ambitus
2243 2997 2464 3064 claudit,
2498 2992 2744 3052 Scaevola
2788 2990 2950 3061 igitur
2977 2988 3116 3043 dixit
3148 2985 3200 3040 id
3232 2998 3352 3040 esse
3384 2980 3554 3036 ambi-

1967 3101 2057 3149 tus
2082 3093 2280 3147 aedium
2311 3090 2522 3156 solum,
2569 3085 2714 3156 quod
2759 3066 2888 3140 tiecti
2934 3079 3220 3136 diffusione
3265 3083 3555 3144 tegeretur.

1895 3185 1942 3251 C
1973 3184 2315 3242 Manifestum
2344 3191 2428 3238 est
2452 3180 2598 3236 enim
2630 3185 2770 3234 tecta
2802 3174 2966 3229 latius
3003 3169 3180 3235 fundi,
3209 3183 3313 3224 nec
3341 3163 3560 3238 parieti-3

1969 3278 2070 3334 bus
2091 3274 2382 3347 adxequari,
2405 3281 2464 3327 ut
2489 3269 2819 3327 stillicidium
2847 3265 3058 3333 longius
3082 3259 3258 3317 cadat.
3283 3259 3411 3326 Qua:
3435 3269 3557 3312 cum

1971 3369 2048 3427 ita
2077 3370 2207 3435 sint,
2238 3365 2456 3438 quidam
2480 3362 2742 3434 parietem
2767 3369 3111 3413 communem
3144 3362 3327 3422 tegere
3351 3347 3563 3404 niteba-

1971 3471 2080 3530 tur,
2107 3461 2368 3534 quaeritur
2395 3474 2462 3513 an
2488 3457 2559 3512 sit
2587 3451 2803 3525 aliquod
2830 3454 2918 3520 jus
2947 3445 3184 3518 tegendi.
3217 3440 3564 3512 Respondeas

1972 3566 2049 3621 tu,
2103 3531 2295 3626 inquit,
2347 3550 2597 3613 Trebati,
2652 3547 2704 3601 id
2747 3545 2834 3615 jus
2889 3555 3010 3598 esse
3065 3535 3292 3606 augendi
3343 3531 3563 3602 parietis

1973 3621 2297 3708 communis,
2328 3651 2390 3699 ut
2420 3644 2474 3696 in
2502 3641 2621 3710 ejus
2657 3639 2746 3708 qui
2789 3633 2914 3704 tegit
2963 3645 3070 3686 non
3105 3626 3250 3682 aliud
3289 3621 3564 3694 quodlibet

1975 3747 2178 3796 tectum
2208 3731 2469 3790 stillicidii
2495 3745 2631 3800 aqua
2660 3726 2932 3789 fundatur,
2964 3722 3100 3776 alias
3129 3731 3234 3772 non
3261 3729 3384 3770 esse
3426 3711 3563 3782 juris

1973 3842 2035 3888 ut
2064 3839 2206 3898 tegat
2234 3827 2354 3898 quis
2383 3823 2643 3896 parietem
2666 3864 2680 3889 ,
2719 3813 2992 3873 stillicidia
3024 3813 3076 3868 in
3104 3807 3268 3865 vieini
3294 3813 3432 3862 tecta
3463 3803 3560 3857 de-

1975 3896 2195 3980 ﬂuenie.
2228 3896 2352 3974 llaec
2381 3915 2522 3972 enim
2556 3910 2812 3969 stillicidii
2852 3906 3083 3962 servitus
3112 3915 3269 3964 nova,
3307 3896 3406 3953 nisi
3435 3909 3564 3950 con-

1977 4013 2246 4070 sentiente
2285 4010 2488 4074 vieino,
2522 4004 2654 4060 nihil
2679 4001 2817 4072 juris
2847 3998 3028 4055 habet.
3069 3993 3176 4050 Sed
3216 3991 3265 4046 si
3314 3988 3436 4042 huic
3477 4002 3563 4042 re-

1975 4120 2179 4176 sponso
2208 4110 2530 4172 opponatur,
2563 4112 2632 4153 ne
2655 4096 2733 4151 sic
2763 4091 2979 4162 quidem
3010 4094 3068 4141 ut
3091 4089 3236 4152 tegat
3257 4093 3375 4137 esse
3399 4073 3587 4150 juris,’

1977 4194 2413 4268 quandoquidem
2459 4191 2655 4246 mdium
2703 4188 2876 4244 solum
2924 4189 3130 4238 tantum
3159 4184 3273 4242 est,
3304 4180 3563 4244 quantum

1977 4266 2234 4356 cujusque
2268 4284 2498 4353 parietes
2536 4279 2826 4344 claudunt,
2853 4274 2944 4344 qui
2989 4286 3118 4326 vero
3166 4266 3316 4338 tegit,
3360 4272 3564 4319 tectum

1982 4355 2194 4447 longius
2220 4374 2404 4439 mittit,
2436 4381 2516 4436 tu,
2552 4369 2748 4440 inquit,
2789 4377 3106 4435 responsum
3141 4369 3288 4415 tuum
3310 4355 3568 4439 Scaevola}

1982 4469 2305 4525 auctoritate
2354 4463 2620 4530 firmabis,
2663 4461 2848 4529 dicens
2886 4453 3184 4512 Scaevolam
3227 4437 3569 4520 respondisse

1902 4582 1958 4643 ι)
1988 4563 2093 4619 hoc
2113 4576 2234 4618 esse
2259 4559 2432 4616 solum
2456 4556 2687 4611 ambitus
2711 4552 2928 4615 mdium,
2948 4557 3205 4618 quantum
3225 4550 3422 4598 tectum
3448 4553 3569 4608 pro-

1982 4655 2262 4725 jiceretur,
2325 4666 2430 4704 non
2475 4655 2730 4717 quantum
2761 4643 2993 4713 parietes
3031 4636 3315 4691 ambirent.
3346 4631 3441 4687 Jus
3488 4637 3569 4683 est

1987 4722 2150 4816 igitur
2197 4742 2463 4812 projicere
2512 4747 2734 4802 tectum,
2766 4734 2855 4805 qui
2895 4734 3034 4787 intra
3082 4728 3340 4782 ambitum
3394 4722 3570 4776 adhuc

1989 4850 2206 4893 suarum
2229 4832 2423 4886 mdium
2456 4829 2605 4899 tegit,
2635 4828 2729 4882 sed
2769 4827 2840 4880 ita
2869 4833 2928 4878 ιιι
2952 4824 3004 4877 in
3025 4837 3178 4876 suum
3212 4829 3408 4873 tectum
3433 4827 3570 4883 aqua

1990 4929 2216 4992 defluat,
2264 4909 2577 4980 nec'vicino
2630 4935 2764 4973 nova
2808 4923 2997 4971 noceat
3045 4912 3329 4967 servitute.
3379 4903 3436 4959 lu
3465 4918 3570 4973 qua

1994 5021 2298 5093 quaestione
2339 5030 2512 5086 neque
2538 5029 2567 5066 a
2598 5013 2841 5082 subjecto
2871 5024 3045 5080 neque
3074 5023 3104 5061 a
3134 5001 3426 5082 praedicata
3465 5007 3574 5052 ter.

1995 5111 2142 5168 mino
2182 5109 2400 5164 ductum
2454 5115 2537 5161 est
2582 5111 2988 5175 argumentum,
3045 5095 3188 5168 quod
3221 5096 3272 5148 in
3329 5091 3412 5144 bis
3440 5088 3576 5144 locis

1992 5201 2323 5260 considerari
2349 5199 2514 5254 moris
2535 5207 2638 5265 est,
2671 5196 2764 5265 qui
2809 5196 2862 5249 in
2893 5191 3022 5262 ipsis
3053 5190 3260 5242 haerent
3287 5183 3353 5237 de
3380 5180 3577 5250 quibus

1995 5298 2171 5366 agitur
2197 5291 2462 5359 terminis,
2494 5298 2553 5346 ut
2582 5290 2634 5344 in
2665 5287 2912 5344 omnibus
2943 5279 3203 5349 exemplis
3237 5286 3319 5332 est
3347 5273 3577 5342 diligen-

1997 5386 2202 5442 tissime
2227 5385 2580 5438 declaratum.
2616 5378 2722 5434 Sed
2754 5376 2879 5447 quia
2924 5369 3152 5427 sumitur
3201 5369 3577 5436 argumentum

2001 5477 2336 5532 extrinsecus
2356 5516 2371 5541 ,
2403 5470 2723 5529 dubitationi
2749 5465 3014 5539 judicium
3043 5458 3328 5528 cujuslibet
3355 5452 3579 5525 opponi-

2002 5582 2108 5639 tur,
2143 5581 2200 5626 ut
2225 5585 2363 5625 nunc
2391 5567 2677 5634 Scaevolae,
2709 5563 2862 5631 cujus
2912 5555 3232 5612 auctoritate
3261 5559 3578 5620 responsum

2003 5674 2107 5735 est,
2140 5672 2301 5734 atque
2329 5663 2447 5716 ideo
2473 5675 2537 5715 ex
2571 5660 2688 5712 loco
2710 5655 2801 5724 qui
2822 5658 3042 5706 vocatur
3069 5643 3406 5701 extrinsecus
3429 5651 3578 5692 sum-

2006 5770 2150 5830 ptum
2179 5756 2368 5810 dicitur
2394 5755 2787 5821 argumentum.

2083 5851 2175 5907 llis
2201 5851 2356 5919 igitur
2382 5843 2508 5900 locis
2531 5843 2618 5914 qui
2646 5848 2763 5897 sunt
2789 5845 3027 5913 expositi,
3056 5845 3124 5890 aa
3153 5843 3299 5914 omne
3317 5835 3578 5900 argument

1982 5937 2020 5953 -ο
