4036 6336
461 383 599 442 1085

1680 359 1791 417 ΑΝ.
1832 356 2043 415 MANL.
2083 352 2237 411 SEV.
2283 348 2503 404 ΒΟΕΤΙΙ

3595 348 3740 406 1084

464 514 569 558 mm
608 492 955 568 reperiendum
984 497 1229 558 tanquam
1270 480 1532 537 elementis
1568 476 1869 568 quibusdam
1891 472 2045 545 sigui-
2154 463 2294 568 quod
2322 480 2395 568 εξ
2417 463 2701 519 Clementis
2721 461 3196 568 fmcnurrpaﬂes
3244 463 3473 568 ίξινίοθω
3501 466 3743 535 εοοίυιν

467 556 638 664 pretio
664 556 730 642 ἐι
768 556 1131 640 demonstratio
1171 577 1345 631 datur.
1384 572 1567 628 Utrum
1604 571 1761 639 igitur
1802 567 2048 664 hactenus
2081 556 2091 563 ’

465 659 587 739 satis
616 692 708 745 est,
738 679 826 733 tibi
854 674 1055 747 quidem
1081 680 1185 725 tam
1211 676 1359 722 acuto
1381 665 1427 718 et
1455 673 1561 717 tant
1586 659 1865 729 occupato?
1891 666 2046 725 puto;

466 775 552 827 sed
581 770 820 840 quoniam
862 766 1068 821 avidum
1109 760 1361 815 hominem
1387 755 1456 809 ad
1484 755 1573 809 ltus
1602 751 1830 807 discendi
1867 747 2046 840 epulas

466 864 653 937 recepi,
684 863 759 916 sic
788 858 1062 925 accipiam,
1090 862 1147 908 ut
1171 848 1508 917 reliquiarum
1535 846 1601 899 sit
1629 843 1801 916 potius
1829 839 2047 908 aliquid,

468 974 621 1031 quam
648 966 696 1010 te
722 954 840 1007 hinc
860 949 1027 1021 potior
1047 963 1151 1002 non
1180 944 1420 999 satiatum
1442 938 1716 1031 discedere.
1754 972 1759 991 ρ

540 1049 711 1103 Omne
734 1045 1064 1100 elementum
1120 1034 1445 1107 principium
1492 1039 1577 1086 est
1615 1027 1731 1097 eius
1776 1026 1852 1081 rei
1901 1023 2053 1105 cujus

472 1142 798 1196 elementum
832 1148 954 1189 esse
983 1127 1351 1202 perpenditur.
1379 1122 1511 1178 Nam
1540 1121 1657 1189 ejus
1688 1115 1829 1189 quod
1853 1130 1917 1170 ex
1944 1115 2057 1169 ele-

473 1232 670 1288 mentis
691 1230 771 1295 ﬁt,
799 1228 916 1297 ipsa
934 1224 1211 1301 elementa
1236 1231 1458 1274 necesse
1485 1224 1570 1269 est
1606 1212 1724 1266 loco
1754 1224 1877 1265 csse
1909 1207 2058 1277 prin-

473 1322 628 1392 cipii;
653 1334 783 1390 ergo
810 1300 1063 1387 quoniam
1094 1312 1148 1366 lti
1178 1310 1281 1365 loci
1310 1306 1559 1377 superius
1599 1300 1878 1392 designati
1900 1314 2059 1392 argu-

475 1391 778 1472 mentorum
806 1409 960 1481 quasi
1010 1404 1254 1477 quasdam
1289 1400 1547 1472 principia
1578 1404 1703 1450 sunt
1757 1391 1885 1465 (ipsi
1914 1391 2056 1481 enim

477 1517 601 1564 sunt
629 1505 720 1577 qui
757 1479 1039 1559 continent
1093 1502 1440 1567 argumenta;
1473 1503 1635 1545 omne
1686 1494 1865 1540 autem
1907 1479 2057 1577 quod

476 1575 737 1663 continet,
782 1596 902 1665 ejus
934 1592 1074 1664 quod
1124 1589 1429 1644 continetur
1460 1581 1780 1654 principium
1818 1575 1947 1645 est),
1979 1575 2059 1629 id-

476 1689 624 1747 circo
664 1688 740 1742 ait
769 1687 957 1742 Cicero
1000 1682 1164 1738 veluti
1194 1679 1441 1750 quzedam
1480 1675 1748 1731 elementa
1776 1683 2061 1741 argumen-

477 1790 655 1838 torum
679 1777 851 1832 videri
884 1777 1031 1831 locos
1052 1774 1152 1829 bos
1179 1786 1315 1842 quos
1338 1767 1590 1838 superius
1620 1763 1816 1834 posuit.
1848 1760 2060 1816 Cautis-
2100 1826 2107 1831 θ

2151 566 2247 636 git,
2276 573 2335 617 ut
2364 562 2560 617 litterae
2595 554 2926 615 orationem.
2973 559 3044 614 At
3089 573 3218 614 vero
3266 561 3437 625 locus,
3471 574 3579 615 non
3611 564 3746 628 pars

2151 653 2470 723 argumenti,
2502 652 2597 707 sed
2628 660 2797 706 totum
2820 662 2919 707 est.
2953 649 3052 706 Est
3078 651 3223 706 enim
3249 652 3571 721 signiﬁcatio
3592 669 3749 724 quc-

2152 748 2299 812 dam,
2334 755 2404 811 et.
2419 745 2814 801 demonstratio
2848 742 2917 797 ad
2960 743 3337 813 reperiendum
3360 748 3747 815 argumentum

2163 838 2287 892 data
2307 876 2323 903 ,
2354 846 2413 891 ut
2440 836 2484 889 si
2511 836 2685 889 locum
2715 834 3021 903 respexeris
3043 877 3059 903 ,
3095 835 3314 891 noveris
3339 834 3426 889 ubi
3460 835 3745 899 conditur,

2154 930 2299 985 unde
2328 930 2449 984 duci
2481 928 2677 984 debeat
2701 936 3094 997 argumentum.
3132 928 3235 983 Sed
3267 928 3470 998 reliqua
3504 927 3574 984 ad
3607 928 3754 983 Tre-

2154 1023 2360 1080 batium
2412 1020 2815 1091 expeditissime
2857 1020 3000 1076 dicta
3048 1028 3206 1083 sunt,
3258 1020 3639 1090 blanditurque
3697 1021 3754 1077 ei

2157 1117 2316 1173 etiam
2358 1113 2540 1171 brevia
2584 1129 2743 1184 posse
2779 1113 3030 1168 sufﬁcere
3067 1112 3330 1166 acuminis
3368 1112 3756 1182 prterogativa,

2160 1208 2460 1278 praesertim
2504 1219 2625 1261 cum
2672 1207 2743 1259 sit
2786 1205 2930 1274 juris
2972 1204 3326 1274 occupatione
3356 1205 3667 1270 districtus,
3698 1213 3761 1261 et

2162 1309 2375 1369 tempus
2407 1298 2619 1370 legendi
2652 1298 2806 1368 plura
2836 1312 2945 1352 non
2976 1297 3192 1354 habeat.
3225 1298 3333 1355 Sed
3362 1300 3650 1367 quoniam,
3694 1305 3763 1353 ut

2160 1394 2350 1465 lnquit,
2388 1393 2755 1448 avidissimum
2785 1392 2946 1448 studii
2977 1392 3045 1447 ad
3078 1394 3180 1447 has
3216 1392 3581 1449 doctrinarum
3614 1406 3762 1465 epu-

2161 1487 2242 1543 las
2274 1486 2502 1557 recepit,
2541 1501 2648 1542 nou
2680 1485 2794 1541 vult
2822 1485 3201 1557 degustatum,
3240 1485 3336 1541 sed
3374 1487 3627 1542 satiatum
3666 1494 3769 1542 re;

2164 1580 2448 1650 linquere,
2482 1588 2538 1634 ut
2564 1594 2670 1634 non
2714 1577 2856 1636 desit
2897 1577 3099 1648 aliquid
3120 1620 3137 1645 ,
3179 1578 3275 1634 sed
3304 1578 3372 1635 de
3399 1581 3559 1650 pleno
3587 1578 3765 1636 etiam

2163 1672 2516 1742 relinquatur,
2542 1672 2793 1743 factaque
2820 1680 2903 1727 est
2928 1686 2960 1726 a
2987 1672 3333 1728 eonvivando
3362 1673 3645 1729 translatio
3668 1674 3772 1743 ᾔει-δ

2166 1764 2519 1820 cundissima.
2567 1765 2867 1820 Declaratis
2893 1765 3054 1835 igitur
3080 1765 3212 1821 locis
3244 1765 3509 1829 omnibus,
3535 1766 3774 1822 eorum;

477 1869 723 1939 simeque
747 1867 965 1939 adjecit,
997 1863 1150 1935 quasi
1188 1860 1433 1931 quaedam
1463 1858 1760 1919 elementa;
1782 1868 1889 1908 non
1916 1852 2058 1908 enim
2090 1858 2139 1919 Β
2167 1872 2269 1925 que
2310 1856 2572 1925 exemplis
2610 1855 2900 1927 diligenter
2920 1858 3198 1926 expositis,
3227 1871 3392 1927 pauca
3421 1854 3669 1926 quaedam
3696 1854 3776 1915 d6

478 1964 686 2033 integre
715 1961 1004 2023 elementa,
1048 1956 1144 2012 sed
1173 1954 1326 2025 quasi
1357 1953 1410 2007 in
1441 1947 1792 2005 similitudine
1820 1946 2061 2001 elemen-

479 2062 654 2109 torum
684 2061 807 2108 sunt
839 2052 894 2105 lii
936 2049 1040 2105 loci
1071 2047 1161 2120 qui
1193 2048 1247 2101 in
1279 2042 1605 2114 argumentis
1648 2036 1945 2094 efﬁciendis
1975 2052 2068 2092 su-

479 2153 713 2205 muntur.
768 2143 977 2199 idcirco
1019 2140 1271 2211 quoniam
1323 2141 1761 2206 argumentorum
1815 2127 2063 2198 qumdam

479 2238 731 2295 videntur
759 2244 881 2294 esse
904 2234 1197 2307 principia,
1251 2214 1453 2299 alioqui
1504 2226 1831 2282 elementum
1880 2234 2060 2284 omne,

481 2330 704 2388 minima
758 2345 882 2403 pars
912 2329 1028 2400 ejus
1082 2335 1166 2383 est
1213 2325 1367 2395 cujus
1396 2323 1875 2391 elementum,est,
1924 2324 1980 2370 et
2011 2313 2063 2369 id

2179 1949 2424 2004 locorum
2456 1948 2506 2002 vi
2538 1956 2699 2017 atque
2744 1947 2933 2002 ordine
2977 1946 3285 2017 disputabo,
3336 1946 3523 2017 quibus
3560 1946 3777 2017 plenis-

2171 2042 2305 2096 sima
2337 2041 2699 2110 disputatione
2730 2040 3018 2110 expeditis,
3056 2040 3122 2095 ad
3165 2046 3226 2095 ea
3266 2056 3383 2110 qua:
3429 2048 3642 2096 restant
3670 2054 3777 2097 exa

2172 2132 2437 2204 plananda
2483 2133 2876 2203 transgrediar.
2919 2130 3027 2188 Sed
3062 2130 3116 2186 id
3166 2132 3322 2187 tertio
3347 2131 3458 2203 jam
3486 2126 3781 2189 solamine

2173 2224 2477 2279 faciendum
2509 2234 2616 2291 est,
2648 2226 2899 2295 quoniam
2946 2224 3216 2280 secundus
3260 2224 3398 2281 liber
3445 2224 3607 2284 habet
3636 2226 3779 2298 pro;

2170 2314 2343 2384 prium
2373 2314 2612 2371 modum.

485 2457 3775 2497 Μὴ

1708 2529 2000 2609 LIBER
2052 2526 2525 2606 TERTIUS.

1988 2666 2259 2681 *θ’

460 2739 467 2799 1
562 2742 865 2814 Antequam
914 2736 1267 2809 latiOremLM.
1296 2732 1460 2791 Tullii
1492 2732 1807 2789 divisiOnem‘
1842 2728 1909 2785 de
1938 2744 2069 2783 enu-

482 2836 710 2893 meratis
735 2832 984 2903 superius
1013 2828 1147 2885 locis
1170 2826 1473 2898 aggrediar,
1495 2839 1686 2894 pauca,
1712 2833 1769 2876 ut
1796 2836 1912 2875 sum
1945 2820 2033 2891 pol
2046 2830 2075 2861 έν

480 2928 679 2993 licitus,
726 2924 795 2981 de
827 2912 879 2979 vi
930 2930 1088 2993 atque
1141 2918 1332 2974 brdine
1374 2918 1615 2972 locorum
1660 2912 1790 2970 milii
1822 2912 2071 2969 videntur

486 3014 609 3076 esse
640 3014 938 3082 tractanda,
962 3016 1023 3069 ut
1049 3026 1236 3067 eorum
1266 3004 1455 3065 natura
1487 3002 1799 3077 diligentius
1829 3006 2068 3077 Cognita,

482 3109 693 3167 facilior
730 3122 790 3163 se
833 3112 1269 3176 argumentorum
1318 3100 1470 3171 copia
1522 3096 1911 3154 subministrat.
1947 3094 2068 3153 Pri;

482 3196 627 3259 mum
661 3200 821 3271 igitur
852 3192 1108 3270 quoniam
1140 3192 1247 3249 loci
1296 3206 1484 3247 omnes
1533 3190 1689 3245 divisi
1738 3198 1862 3245 sunt
1894 3188 1945 3243 in
1976 3203 2071 3271 eos
2100 3196 2135 3271 λ

485 3294 575 3367 qui
608 3294 672 3348 ’in
699 3290 817 3363 ipso
853 3290 1065 3346 harent
1093 3286 1160 3343 de
1206 3288 1313 3358 quo
1358 3284 1635 3355 quaeritur,
1670 3284 1724 3340 et
1767 3282 1820 3338 in
1852 3282 1947 3340 ‘eos
1981 3278 2073 3355 qui

390 3448 401 3455 ,
484 3386 820 3443 extrinsecus
843 3378 1267 3448 assumerentur,
1292 3376 1584 3434 videndum
1616 3382 1698 3433 est
1721 3376 1936 3448 quinam
1967 3377 2077 3455 sint

486 3472 539 3532 hi
572 3476 672 3533 loci
704 3474 795 3546 qui
832 3476 883 3530 in
916 3474 1032 3546 ipso
1072 3468 1281 3527 haerent
1325 3469 1393 3525 dc
1421 3485 1529 3541 quo
1559 3470 1834 3540 quzcritur,
1865 3472 1919 3524 et
1949 3452 2073 3539 quid

486 3564 556 3625 ab
587 3568 715 3640 ipsis
742 3567 903 3623 rebus
942 3564 1198 3621 differunt
1240 3562 1294 3619 in
1324 3564 1521 3633 quibus
1563 3561 1772 3616 haarcre
1800 3560 2071 3626 dicuntur,

485 3660 643 3733 atque
676 3659 805 3716 illud
834 3657 1049 3730 quidem
1080 3656 1391 3727 planissime
1421 3652 1731 3724 expeditum
1773 3661 1878 3719 est,
1930 3651 2075 3721 ipsos

486 3754 590 3811 dici
649 3752 909 3808 terminos
974 3749 1096 3805 illos
1145 3750 1234 3819 qui
1290 3747 1342 3802 in
1406 3749 1705 3816 quaestione
1768 3752 2074 3811 Versantur,

486 3836 677 3903 horum
731 3859 854 3899 esse
907 3843 1133 3897 alterum
1202 3840 1585 3911 praedicatum,
1648 3838 1878 3893 alterum
1949 3826 2078 3893 vero

488 3936 819 4007 subjectum,
892 3933 1138 4004 superior
1197 3930 1471 4003 expeditio
1531 3929 1804 4000 patefecit.
1865 3930 1947 3985 Ab
2015 3924 2079 3984 eo

488 4027 650 4098 igitur
704 4025 933 4081 termino
987 4025 1055 4079 de
1109 4039 1215 4093 quo
1266 4022 1482 4093 agitur,
1525 4021 1651 4091 quid
1702 4019 1879 4075 diﬁ'ert
1932 4020 2080 4074 locus

488 4126 519 4174 a
547 4100 703 4173 total
734 4115 1168 4188 quandoquidem
1194 4114 1337 4170 idem
1369 4124 1451 4169 est
1477 4098 1649 4183 ipsum
1678 4128 1799 4169 esse
1840 4111 1979 4183 quod
2005 4110 2084 4166 to-

492 4210 635 4272 tum,
664 4220 836 4277 neque
868 4208 1007 4261 enim
1051 4210 1133 4261 est
1159 4204 1302 4259 aliud
1332 4220 1453 4260 esse
1479 4202 1772 4275 quemlibet
1797 4202 2082 4259 terminum

2174 2728 2512 2798 intelligitur,
2546 2737 2605 2784 ut
2625 2728 2817 2797 homo,
2852 2729 2907 2786 iu
2935 2744 3002 2786 eo
3027 2730 3171 2787 inest
3199 2738 3371 2788 totum
3397 2746 3552 2788 suum
3576 2772 3593 2799 ,
3624 2736 3787 2803 quod

2176 2831 2260 2891 est
2287 2820 2527 2877 deﬁnitio
2557 2821 2756 2892 ipsius;
2784 2822 2957 2894 igitur.
2976 2832 3180 2890 totum,
3213 2825 3281 2880 ab
3324 2839 3390 2881 eo
3418 2825 3561 2894 quod
3594 2826 3789 2897 ipsun

2175 2902 2278 2993 est,
2306 2913 2654 2983 intelligentia
2682 2923 2983 2984 separatur,
3016 2915 3159 2986 quod
3183 2915 3314 2970 illud
3337 2916 3552 2987 quidem
3588 2918 3789 2989 singu-

2180 3000 2365 3061 lariter
2397 3007 2733 3077 intelligitur,
2766 3008 2867 3062 hoc
2895 3022 3023 3062 vero
3050 3007 3151 3063 sub
3179 3010 3394 3079 generis
3423 3023 3486 3064 ac
3512 3008 3793 3067 differen-

2181 3082 2376 3151 tiarum
2416 3097 2824 3153 enumeratione
2862 3105 3209 3153 monstratur.
3243 3098 3435 3154 Dividit
3467 3100 3616 3155 enim
3645 3100 3795 3156 deﬁ-

2181 3188 2319 3267 nitio
2349 3198 2512 3261 atque
2554 3180 2823 3260 dispertit,
2852 3178 3127 3261 totumque
3158 3191 3407 3261 patefacit
3445 3190 3593 3262 quod
3632 3191 3692 3247 in
3724 3208 3796 3251 re

2178 3281 2291 3353 ipsa
2322 3282 2664 3352 singulariter
2695 3282 3128 3361 intelligebatur;
3166 3283 3235 3340 de
3272 3284 3515 3355 partibus
3559 3299 3797 3356 quoque

2176 3372 2365 3429 eadem
2400 3374 2538 3428 ratio
2566 3382 2669 3430 est.
2706 3358 2762 3430 Si
2790 3358 2932 3429 enim
2963 3375 3030 3429 ad
3060 3375 3425 3432 membrorum
3469 3374 3796 3432 multitudi-

2176 3484 2324 3536 nem,
2351 3467 2431 3523 vel
2463 3470 2766 3538 specierum
2799 3469 3037 3523 omnium
3068 3470 3551 3538 enumerationem,
3583 3470 3796 3541 singu-

2178 3562 2304 3617 laris
2347 3562 2570 3617 termini
2616 3548 2822 3618 referas
2873 3562 3236 3628 intellectum,
3268 3562 3451 3619 statim
3496 3562 3677 3632 ipsius
3724 3576 3801 3619 ac

2180 3653 2409 3725 partium
2441 3653 2770 3709 diﬁ'erentias
2800 3655 3248 3724 comprehendas.
3277 3654 3412 3711 Nota
3429 3655 3593 3711 etiam
3616 3655 3690 3710 ab
3722 3669 3803 3712 eo

2179 3744 2333 3815 cujus
2363 3756 2491 3799 uota
2518 3756 2597 3801 est
2623 3745 2779 3802 facile
2806 3744 3002 3812 distat,
3025 3747 3153 3816 quia
3187 3745 3319 3803 illud
3355 3762 3453 3803 vox
3483 3754 3539 3803 et
3569 3746 3803 3817 signiﬁo

2181 3838 2321 3892 catio
2369 3847 2480 3905 est,
2513 3838 2645 3893 illud
2691 3854 2779 3894 res
2825 3839 3203 3910 signiﬁcationi
3242 3841 3560 3912 supposita,
3591 3855 3805 3897 eorum

2183 3943 2312 4013 vero
2342 3944 2461 3999 qua:
2490 3928 2680 3984 affecta
2712 3938 2837 3986 sunt
2865 3945 2972 3984 non
3002 3939 3127 3986 sunt
3161 3931 3340 3988 dubia:
3365 3931 3694 3989 differentia
3726 3933 3806 3989 ab

2185 4020 2269 4075 his
2290 4036 2517 4091 quorum
2546 4021 2735 4076 affecta
2759 4037 2880 4109 esse
2906 4032 3293 4081 monstrantur.
3320 4025 3451 4093 Quis
3470 4025 3618 4080 enim
3640 4024 3805 4081 idem

2185 4115 2329 4189 dicat
2358 4129 2479 4169 esse
2509 4115 2875 4187 conjugatum,
2908 4118 3052 4188 quod
3080 4127 3168 4174 est
3214 4118 3265 4172 id
3306 4118 3399 4193 cui.
3436 4115 3803 4189 coniugatum

2187 4208 2310 4263 est?
2338 4208 2469 4276 Quis
2502 4206 2643 4263 idem
2676 4208 2821 4265 dieat
2850 4224 2972 4266 esse
2997 4210 3170 4280 juste,
3211 4209 3352 4280 quod
3384 4209 3633 4280 justitia?
3656 4210 3806 4279 Quis

491 4303 544 4359 in
570 4301 869 4373 quaestione
899 4298 1249 4370 prepositum,
1269 4313 1427 4368 quam
1452 4304 1619 4351 totum
1652 4311 1772 4352 esse
1797 4290 2081 4351 terminum
2187 4314 2359 4373 genus
2388 4299 2527 4355 idem
2560 4300 2701 4370 quod
2734 4300 2940 4356 forma?
2985 4303 3107 4372 quis
3134 4301 3439 4358 contraria?
3467 4300 3588 4370 quis
3633 4301 3808 4356 simi-

492 4397 739 4453 eumdem
770 4395 861 4465 qui
889 4394 939 4449 in
959 4394 1253 4465 quaestione
1278 4400 1360 4447 est
1380 4392 1732 4456 constitutus;
1755 4391 1823 4444 de
1851 4388 2086 4459 partibus
2154 4378 2157 4379 ν
2192 4388 2294 4444 lia?
2319 4390 2762 4462 Quandoquidem
2792 4407 2967 4463 neque
2998 4393 3353 4460 contrarium,
3385 4392 3487 4448 sibi
3517 4391 3624 4463 ipsi
3652 4407 3809 4448 con-

494 4507 707 4563 quoque
736 4490 875 4545 idem
899 4487 1147 4545 dicimus.
1183 4486 1313 4542 Nam
1343 4484 1391 4540 si
1421 4500 1610 4540 omnes
1642 4492 1820 4554 partes
1851 4483 2089 4537 efliciunt
2193 4485 2415 4539 trarium
2446 4500 2567 4540 esse
2591 4495 2792 4554 potest;
2826 4501 2927 4542 nec
2958 4486 3154 4552 simile,
3180 4486 3284 4540 sibi
3313 4486 3415 4555 ipsi
3446 4486 3655 4553 simile;
3695 4502 3811 4543 nec

494 4584 545 4640 id
576 4581 729 4655 cujus
760 4593 937 4653 partes
963 4590 1107 4650 sunt,
1141 4578 1534 4649 tcrminumque
1565 4577 1616 4632 in
1639 4577 1935 4647 quzestione
1964 4591 2088 4645 pro—
2112 4640 2165 4655 _
2193 4592 2384 4647 genus,
2414 4577 2735 4644 sibimetipsi
2765 4593 2961 4649 genus;
2992 4588 3047 4635 et
3077 4578 3145 4635 de
3171 4580 3385 4636 caeteris
3428 4578 3621 4635 eadem
3648 4582 3810 4636 ratio

495 4640 725 4747 positum
756 4640 868 4731 sua:
898 4684 1074 4745 partes
1094 4640 1341 4728 efﬁciunt
1367 4712 1382 4736 ,
1429 4640 1537 4724 non
1581 4640 1669 4723 est
1699 4666 1915 4723 dubium
1957 4640 2086 4737 quin
2112 4640 2295 4723 Ιδέει.
2322 4640 2474 4723 Nunc
2503 4669 2633 4723 illud
2656 4640 3078 4737 dice‘udumvest,
3111 4681 3333 4742 propter
3352 4672 3494 4741 quod
3516 4673 3617 4729 ista
3648 4687 3813 4743 pra:-

496 4776 675 4839 partes
704 4780 917 4836 quoque
956 4776 1143 4818 omnes
1184 4759 1566 4817 convenientes
1598 4756 1740 4813 idem
1782 4770 1903 4812 esse
1944 4750 2085 4827 quod
2191 4754 2470 4827 misimus;
2500 4747 2929 4832 quandocunque
2957 4763 3102 4818 enim
3120 4763 3186 4818 ab
3209 4763 3316 4819 illis
3343 4764 3513 4820 tribus
3533 4763 3673 4839 locis
3706 4764 3811 4837 qui

496 4857 673 4928 ipsum
692 4866 793 4924 est,
821 4857 875 4909 in
894 4855 1186 4926 qumstione
1209 4852 1540 4925 propositum
1564 4848 1865 4906 rectissime
1888 4847 2088 4904 intelli-
2192 4850 2352 4922 primi
2398 4852 2653 4922 propositi
2685 4861 2842 4918 sunt,
2874 4863 3191 4924 argumenta
3220 4864 3538 4921 sumuntur,
3572 4854 3629 4911 id
3652 4864 3752 4913 est
3779 4871 3815 4912 a

495 4959 708 5020 gantur.
742 4947 954 5003 Notatio
987 4962 1153 5013 vero,
1182 4943 1371 5002 eodem
1404 4942 1564 4998 modo
1609 4940 1741 4997 illud
1790 4940 1962 5012 ipsum
2007 4947 2091 4995 est

497 5030 637 5114 quod
667 5041 717 5095 in
743 5045 1038 5111 quaestione
1064 5036 1393 5108 proponitur.
1421 5036 1553 5091 Rem
1576 5035 1719 5090 enini
1743 5047 2090 5103 unamquam-

497 5151 602 5208 que
648 5150 805 5191 omne
845 5134 1161 5190 vocabulum
1206 5132 1451 5203 designat
1480 5129 1535 5186 in
1567 5130 1864 5201 quaestione
1904 5145 1965 5185 ac
1994 5128 2091 5185 de-

498 5236 665 5282 notat.
702 5225 788 5282 Fit
814 5226 976 5297 igitur
998 5236 1053 5280 ut
1087 5233 1279 5291 totum,
1308 5234 1486 5294 partes
1510 5238 1572 5277 ac
1603 5233 1747 5289 nota,
1783 5222 1920 5278 idem
1947 5220 2090 5293 quod

498 5331 581 5374 cst
608 5320 783 5389 ipsum
828 5319 898 5374 de
925 5334 1032 5391 quo
1058 5316 1316 5389 qumritur
1346 5330 1467 5372 esse
1499 5316 1799 5372 videantur.
1840 5314 1897 5369 lu
1946 5323 2090 5369 tanta

502 5408 659 5480 igitur
686 5408 1031 5465 similitudine
1064 5423 1243 5465 rerum
1276 5406 1446 5462 danda
1505 5416 1589 5463 est
1634 5406 1957 5462 diﬁerentia.
1986 5405 2091 5461 Nc-

502 5518 604 5571 que
628 5501 791 5563 enim,
828 5512 883 5556 ut
910 5500 1111 5556 dictum
1142 5510 1245 5566 est,
1275 5500 1317 5555 si
1362 5500 1513 5555 locus
1546 5500 1714 5555 haeret
1763 5500 1814 5553 in
1857 5514 1923 5553 eo
1975 5502 2091 5569 ipso

503 5586 569 5649 de
592 5610 699 5664 quo
729 5594 1008 5665 quaeritur,
1042 5604 1199 5665 atque
1223 5593 1289 5647 ab
1310 5592 1429 5663 ipso
1454 5591 1521 5648 de
1552 5606 1659 5661 quo
1686 5590 1946 5662 quaeritur
1972 5590 2092 5660 capi

506 5704 612 5742 non
640 5697 837 5756 potest,
864 5697 1234 5756 argumentum
1266 5687 1379 5742 ﬁeri
1412 5695 1621 5756 potest,
1658 5694 1716 5738 ut
1756 5685 1902 5738 locus
1951 5683 2090 5738 idem

509 5790 629 5828 esse
657 5778 823 5844 possit
844 5777 985 5847 quod
1011 5778 1185 5845 ipsum
1211 5776 1380 5832 estde
1400 5791 1505 5845 quo
1534 5774 1810 5843 quaeritur.
1842 5774 1947 5829 Sed
1980 5774 2092 5831 inec

512 5865 809 5920 (inferentia
857 5866 1029 5937 ipsum
1075 5878 1159 5924 est
1204 5867 1345 5937 Quod
1390 5866 1617 5923 confuse
1660 5883 1726 5924 ac
1755 5866 2096 5938 singulariter

2196 4953 2335 5010 toto,
2368 4959 2395 4998 a
2426 4946 2690 5027 partibus,
2722 4962 2751 5001 a
2781 4955 2927 5014 nota,
2964 4947 3023 5002 ﬁt
3051 4956 3109 5003 ut
3137 4948 3254 5017 ipse
3280 4950 3498 5023 quidem
3527 4950 3819 5007 terminus

2197 5028 2265 5093 ad
2294 5039 2447 5108 cujus
2477 5039 2636 5095 ﬁdem
2666 5040 2925 5110 quaeritur
2970 5051 3340 5113 argumentum
3367 5083 3383 5109 ,
3428 5040 3566 5099 intra
3605 5059 3818 5114 quam-

2196 5129 2329 5211 libet
2360 5146 2545 5187 earum
2577 5136 2757 5187 rerum
2790 5134 3149 5201 contineatur,
3179 5149 3302 5204 qua
3353 5118 3474 5190 eum
3516 5135 3590 5190 ad
3639 5151 3819 5208 argu-

2196 5232 2432 5276 mentum
2474 5223 2648 5279 ductze
2680 5222 2902 5291 fuerint,
2930 5224 3033 5282 loci
3059 5240 3183 5281 esse
3214 5236 3603 5283 monstrantur.
3642 5228 3818 5284 Velut

2196 5310 2313 5368 cum
2350 5313 2407 5368 fit
2450 5324 2824 5383 argumentum
2866 5332 2896 5372 a
2945 5324 3081 5386 toto,
3126 5316 3242 5388 ipse
3286 5319 3501 5388 quidem
3530 5323 3816 5377 terminus

2196 5407 2283 5462 cui
2318 5406 2449 5464 ﬁdes
2472 5407 2710 5473 affertur,
2738 5410 2872 5465 intra
2894 5419 3061 5466 totum
3089 5410 3590 5482 comprehenditur;
3624 5421 3813 5470 tutum

2198 5514 2328 5555 vero
2355 5499 2532 5571 ipsum
2562 5500 2703 5571 quod
2731 5510 2814 5557 est
2840 5500 3106 5571 deﬁnitio,
3137 5518 3227 5560 res
3242 5513 3350 5575 est,
3372 5504 3641 5576 siquidem
3665 5521 3811 5563 ora-

2203 5592 2426 5661 tionem,
2458 5610 2572 5667 rem
2604 5595 2783 5650 vocari
2814 5595 3009 5663 placet.
3037 5599 3107 5650 At
3136 5596 3179 5651 si
3202 5612 3266 5654 ex
3295 5613 3357 5653 ea
3384 5599 3615 5653 sumitur
3637 5614 3811 5670 argu-

2200 5696 2440 5740 mentum
2459 5729 2474 5754 ,
2509 5688 2567 5740 fit
2596 5686 2761 5742 locus.
2798 5686 2982 5756 Itaque
3006 5688 3185 5767 ipsum
3212 5690 3429 5760 quidem
3458 5691 3656 5761 dequo
3682 5694 3810 5763 agi-

2204 5791 2309 5845 tur,
2339 5782 2475 5836 intra
2510 5793 2673 5837 totum
2706 5783 2992 5848 clauditur,
3020 5798 3048 5837 a
3079 5800 3185 5855 quo
3227 5793 3335 5842 toto
3374 5801 3498 5865 cum
3543 5786 3606 5841 ﬁt
3632 5802 3808 5856 argu-

2204 5870 2466 5942 mentum,
2504 5876 2561 5927 fit
2590 5872 2762 5943 ipsum
2808 5866 3001 5943 totum,
3031 5876 3213 5943 locus;
3245 5876 3385 5947 quod
3416 5876 3587 5935 telum
3609 5917 3626 5947 ,
3655 5868 3803 5950 quo-
