4036 6336
343 318 480 373 1083

1162 318 1227 374 IN
1268 316 1516 375 TOPlCA
1554 313 1919 373 CICERUNIS
1948 276 2474 373 count-summa.
2516 316 2776 389 1.13.1".

1984 226 2028 238 -
2116 231 2203 239 -4,.

3486 324 3623 381 1086

344 435 490 489 niam
521 431 721 489 claudit
758 431 1042 489 terminum
1092 434 1180 503 qui
1227 433 1281 488 in
1322 432 1616 504 quaestione
1661 437 1928 493 versatur,
1958 418 2015 488 Ᾰ
2037 428 2135 481 sed
2154 428 2492 496 qumrehatur
2509 445 2576 485 an
2590 430 2832 499 jusesset
2849 446 3215 504 compascere,
3244 444 3469 494 tractum
3495 456 3623 498 vero

338 525 513 583 eidem
548 518 777 591 termino,
811 524 1026 582 videtur
1066 525 1347 581 inhaerere.
1394 524 1512 592 Quo
1553 522 1634 591 lit,
1680 531 1736 577 ut
1779 520 1929 577 locus

337 614 552 689 quoque
580 618 671 688 qui
709 634 738 672 a
767 627 878 674 toto
904 628 1004 685 est,
1038 616 1214 673 eidem
1257 617 1515 673 inhaereat
1560 611 1822 682 termino,
1860 614 1929 670 de

334 728 443 784 quo
474 713 525 767 in
558 713 853 782 qurestione
902 710 1193 767 dubitatur.
1241 709 1482 767 Partium
1527 723 1741 782 quoque
1788 723 1920 767 enu-

333 802 564 858 meratio
613 802 862 857 eumdem
902 804 1190 857 terminum
1221 800 1455 866 claudit,
1504 816 1663 871 quem
1694 799 1925 869 partium

331 888 658 950 eollectione
694 896 987 965 conjungit.
1043 890 1268 966 ipsaque
1310 892 1537 964 partium
1590 893 1927 948 enumeratio

329 1003 422 1043 res
463 986 709 1067 quedam
741 988 851 1054 est,
890 987 934 1042 si
966 987 1140 1043 oratio
1183 987 1345 1042 rebus
1390 984 1790 1041 annumeranda
1820 994 1921 1041 est.

327 1078 436 1135 Sed
469 1079 515 1134 si
564 1076 635 1135 ab
685 1095 745 1134 ea
776 1078 991 1135 ducitur
1038 1091 1454 1150 argumentum,
1503 1079 1563 1134 lit
1597 1078 1769 1134 locus.
1813 1075 1923 1133 Sed

326 1175 586 1244 quoniam
630 1174 858 1243 partium
898 1173 1183 1231 multitudo
1220 1174 1274 1230 in
1318 1173 1507 1231 eodem
1556 1173 1786 1229 termino
1815 1181 1921 1238 est,

325 1280 490 1337 quem
539 1272 837 1321 conventus
886 1264 1115 1337 partium
1156 1265 1361 1336 jungit,
1407 1280 1629 1321 necesse
1673 1274 1756 1320 est
1797 1279 1920 1319 eum

324 1356 745 1429 quoqucloeum
774 1357 865 1429 qui
913 1366 997 1414 est
1043 1374 1074 1412 a
1118 1357 1499 1429 conjunctione
1539 1356 1770 1428 partium
1819 1356 1919 1427 ipsi

323 1451 405 1509 illi
444 1453 675 1508 termino
703 1450 772 1508 de
808 1468 915 1523 quo
954 1452 1213 1524 quaeritur
1251 1452 1538 1508 inhaerere.
1568 1450 1704 1507 Nota
1758 1453 1918 1506 etiam

320 1558 439 1602 rem
463 1542 737 1616 designat,
762 1553 817 1601 et
839 1544 1235 1614 significatione
1270 1542 1447 1614 aliquo
1478 1536 1641 1599 modo
1674 1556 1921 1612 compre-

318 1635 535 1703 hendit,
568 1651 598 1693 a
624 1651 725 1708 qua
765 1635 811 1692 si
841 1635 1055 1692 ducitur
1098 1645 1473 1706 argumentum
1494 1676 1510 1703 ,
1541 1634 1601 1689 ﬁt
1625 1635 1776 1691 locus
1798 1676 1815 1704 ,
1866 1644 1921 1691 et

317 1729 577 1802 quoniam
606 1744 802 1785 nomen
829 1744 989 1785 omne
1017 1726 1068 1785 ei
1097 1716 1310 1783 videtur
1333 1727 1547 1797 adesse,
1574 1726 1726 1797 cujus
1754 1725 1916 1782 intel-

316 1822 596 1896 ligentiam
628 1822 826 1895 signat,
860 1821 1009 1877 locus
1039 1837 1252 1893 quoque
1298 1820 1389 1893 qui
1422 1829 1505 1876 est
1542 1836 1574 1876 a
1609 1819 1911 1887 notatione,

314 1918 378 1976 in
405 1918 525 1989 ipso
553 1906 722 1973 lueret
750 1910 817 1973 de
840 1931 947 1987 quo
971 1925 1216 1971 versatur
1236 1916 1485 1971 intentio.
1514 1914 1585 1971 At
1613 1914 1666 1970 in
1707 1914 1914 1970 allectis

316 2014 440 2081 qua:
470 2011 523 2065 in
556 2008 810 2066 tredecim
852 2017 1030 2079 partes
1060 2007 1234 2063 divisa
1276 2017 1428 2074 sunt,
1468 2022 1574 2063 non
1619 2004 1761 2064 idem
1806 2018 1913 2064 est.

314 2098 456 2162 Nam
486 2105 741 2175 quoniam
790 2105 1132 2176 respicientia
1171 2105 1574 2176 quodammodo
1627 2107 1913 2164 terminum

315 2208 479 2267 sunt,
509 2209 563 2256 et
592 2201 745 2271 quasi
776 2203 1113 2256 extrinsecus
1143 2202 1431 2256 constituta
1460 2242 1477 2268 ,
1508 2217 1615 2257 non
1664 2200 1914 2257 videntur

316 2290 509 2348 sudent
535 2292 696 2348 modo
715 2293 997 2364 conjuncta
1029 2309 1149 2351 esse
1192 2309 1312 2350 cum
1360 2296 1592 2351 termino
1631 2310 1738 2364 quo
1783 2311 1914 2351 con-

313 2383 498 2456 juncti
528 2394 655 2442 sunt
692 2386 746 2442 hi
775 2386 900 2454 loci,
940 2389 1028 2458 qui
1072 2403 1103 2443 a
1132 2398 1277 2455 toto,
1306 2404 1337 2442 a
1362 2389 1589 2458 partium
1630 2404 1913 2444 enumera-

320 2466 492 2542 tione,
522 2492 552 2532 a
574 2485 700 2534 nota
725 2492 845 2535 esse
873 2478 1113 2547 praedicti
1142 2489 1300 2545 sunt;
1328 2478 1421 2535 sed
1464 2489 1642 2535 tamen
1670 2480 1722 2534 id
1766 2480 1912 2550 quod

321 2562 577 2625 allectum
625 2577 747 2637 est,
796 2560 864 2624 ad
914 2569 1115 2640 aliquid
1159 2569 1376 2625 dicitur.
1430 2569 1485 2625 ld
1530 2585 1658 2625 vero
1712 2570 1912 2643 aliquid

312 2660 561 2733 junctum
587 2670 671 2719 est
695 2662 771 2717 illi
798 2677 1014 2734 semper
1040 2662 1181 2733 quod
1214 2663 1280 2718 ad
1310 2662 1427 2733 ejus
1455 2663 1665 2719 ducitur
1690 2663 1913 2720 relatio-

315 2753 558 2820 tionem,
591 2768 654 2811 ac
696 2754 812 2810 sine
840 2769 905 2810 eo
945 2769 1067 2811 esse
1094 2769 1365 2827 nunquam
1397 2762 1606 2824 potest,
1636 2755 1759 2826 quia
1790 2770 1912 2810 cum

315 2847 440 2921 ipso
470 2848 732 2919 nascitur,
754 2856 811 2905 et
831 2849 1226 2920 quodammodo
1268 2848 1443 2903 altero
1491 2849 1634 2904 dicto
1664 2848 1913 2920 intelligi-

316 2951 412 2997 tur
457 2942 703 2999 alterum.
746 2942 879 2997 Nam
922 2941 967 2996 si
1010 2941 1063 2997 id
1110 2941 1178 2998 de
1223 2956 1328 3009 quo
1368 2942 1658 3011 quaeritur,
1689 2940 1914 3011 ejusque

319 3020 513 3094 ali'ccta
538 3036 856 3109 perpendas,
884 3051 945 3091 ea
974 3052 1091 3107 quae
1122 3035 1472 3106 perhibentur
1501 3036 1690 3090 aﬂ‘ecta
1714 3066 1728 3101 ,-
1762 3045 1913 3092 extra

316 3130 376 3188 id
418 3131 486 3187 de
524 3145 631 3201 quo
658 3130 965 3198 ambigitur,
1012 3130 1179 3198 posita
1226 3143 1345 3184 esse
1384 3126 1730 3193 consideres,
1779 3128 1913 3183 nihil

2034 529 2501 590 estargumentum
2521 539 2548 577 a
2568 539 2887 593 compascuu
2905 542 2919 589 ;
2935 526 3113 597 itaque
3128 532 3384 585 terminus
3404 534 3619 602 quidem

2034 611 2103 668 de
2130 629 2238 683 quo
2264 614 2363 668 fuit
2392 617 2655 686 quaestio,
2679 616 2730 671 in
2768 618 2937 673 altero
2977 621 3258 693 conjugato
3289 625 3494 694 pusillis
3522 627 3617 682 de-

2032 703 2406 774 prehenditur,
2436 702 2487 759 id
2510 717 2593 761 est
2618 707 2669 760 in
2701 710 3125 779 compaseendo;
3153 713 3303 768 locus
3331 732 3457 772 vero
3481 718 3621 775 unde

2028 794 2402 865 argumentum
2436 807 2660 852 tractum
2685 808 2787 864 est,
2811 800 2861 855 in
2884 803 3053 857 altero
3078 816 3179 876 est,
3206 807 3254 861 id
3287 818 3369 863 est
3400 825 3449 863 In
3476 827 3621 865 com-

2032 901 2252 956 pascuo.
2280 886 2411 942 Item
2444 889 2654 957 quoties
2684 906 2712 944 a
2742 907 2939 961 genere
2976 893 3185 951 ducitur
3213 912 3617 974 argumentum,

2030 977 2083 1034 id
2111 978 2178 1033 de
2204 994 2310 1048 quo
2332 981 2589 1050 quaeritur
2620 984 2670 1037 in
2692 984 2871 1040 ‘l‘urma
2890 1028 2904 1051 ,
2936 988 3138 1045 haerere
3169 1006 3391 1050 necesse
3413 1007 3529 1063 est,
3563 1008 3620 1054 ut

2028 1087 2152 1128 cum
2184 1072 2484 1128 ostenditur
2525 1074 2697 1146 legata
2728 1092 2847 1133 esse
2893 1093 3165 1137 numerata
3210 1087 3452 1154 pecunia,
3483 1107 3614 1159 quo-

2028 1170 2173 1226 niam
2240 1171 2399 1227 l'ucrit
2462 1185 2742 1245 argentum
2814 1192 2971 1234 omne
3033 1182 3283 1254 legatum.
3352 1187 3619 1255 Quaeritur

2027 1264 2172 1322 enim
2199 1264 2265 1322 de
2288 1277 2563 1324 numerata
2595 1269 2851 1339 pecunia,
2882 1288 2999 1342 qua:
3030 1286 3112 1329 est
3141 1278 3350 1345 species
3382 1285 3614 1353 argenti,

2027 1370 2082 1417 et
2108 1371 2480 1431 argumentum
2528 1374 2750 1418 tractum
2799 1375 2881 1421 est
2910 1366 2978 1423 ab
3002 1381 3256 1440 argento,
3284 1374 3338 1430 id
3359 1387 3439 1432 est
3467 1394 3493 1430 a
3525 1395 3619 1451 ge-

2026 1468 2181 1509 nere.
2225 1452 2412 1524 Itaque
2454 1454 2627 1523 ipsum
2682 1456 2747 1511 de.
2787 1473 2893 1528 quo
2940 1464 3301 1534 quaerebatur,
3348 1469 3400 1523 in
3443 1471 3615 1528 forma
3680 1488 3685 1493 '

2025 1543 2145 1608 fuit,
2177 1543 2229 1599 id
2258 1554 2340 1600 est
2370 1546 2422 1600 in
2457 1546 2656 1616 specie.
2693 1550 3083 1619 Argumentum
3114 1569 3242 1611 vero
3280 1566 3503 1615 tractum
3534 1572 3618 1619 est

2024 1637 2091 1693 ab
2113 1637 2333 1705 allecto,
2366 1639 2418 1693 id
2447 1626 2527 1693 est
2557 1656 2587 1694 a
2613 1656 2832 1711 genere.
2863 1644 3014 1711 Quod
3043 1647 3088 1703 si
3126 1663 3153 1701 a
3204 1650 3374 1707 forma
3401 1656 3615 1721 generis

2024 1740 2392 1801 argumentum
2445 1730 2565 1797 ﬁat,
2617 1746 2881 1787 converso
2921 1737 3081 1792 modo
3130 1750 3251 1807 est,
3293 1741 3347 1797 id
3393 1744 3610 1814 quidem

2021 1821 2164 1891 quod
2188 1822 2447 1891 quaeritur
2473 1823 2523 1876 in
2545 1838 2743 1893 genere
2770 1839 2891 1880 esse
2913 1839 3263 1899 monstratur,
3288 1832 3459 1903 ipsum
3488 1851 3615 1895 vero

2020 1914 2164 1970 unde
2194 1923 2463 1983 sumptum
2493 1924 2575 1969 est
2602 1926 3003 1985 argumentum,
3046 1920 3100 1975 in
3144 1921 3314 1977 forma
3337 1940 3457 1982 esse
3485 1942 3612 1997 per-

2020 2004 2289 2075 penditur.
2331 2003 2460 2058 Nam
2498 2020 2618 2058 eum
2650 2017 2922 2074 qureratnr
2951 2024 3017 2063 an
3067 2010 3298 2082 legatum
3345 2016 3417 2071 sit
3458 2019 3614 2077 uxori

2018 2105 2323 2167 argentum,
2367 2096 2667 2151 ostenditur
2703 2113 2809 2153 non
2857 2114 2977 2156 esse
3025 2086 3289 2172 legatum,
3334 2106 3458 2176 quia
3504 2124 3612 2166 non

2020 2191 2183 2246 fuerit
2200 2191 2357 2251 uxori
2386 2198 2591 2244 tantum
2615 2189 2870 2261 legatum,
2896 2191 2990 2248 sed
3016 2194 3408 2254 matril‘amilias
3432 2202 3611 2257 uxori.

2019 2283 2171 2361 Uxor
2200 2296 2329 2337 vero
2369 2296 2547 2361 genus
2569 2290 2653 2338 est
2680 2282 3071 2349 matril‘amilias
3101 2288 3309 2343 uxoris.
3342 2290 3613 2357 Qumritur

2020 2360 2182 2448 igitur
2212 2376 2279 2432 de
2306 2391 2494 2441 uxore,
2536 2360 2587 2430 id
2633 2386 2717 2431 est
2761 2376 2828 2433 de
2854 2393 3074 2448 genere.
3104 2381 3494 2451 Argumentum
3536 2380 3614 2440 la;

2019 2479 2163 2524 ctum
2192 2476 2275 2523 est
2313 2482 2344 2520 a
2388 2466 2827 2533 matrefamilias,
2874 2467 2929 2524 id
2968 2480 3051 2525 est
3079 2485 3110 2524 a
3151 2470 3344 2528 forma.
3391 2474 3614 2543 Quoties

2020 2576 2153 2619 vero
2198 2577 2228 2615 a
2270 2560 2618 2616 similitudine
2664 2562 2895 2639 trahitur
2934 2575 3325 2636 argumentum,
3357 2571 3613 2639 quoniam

2021 2654 2076 2719 id
2111 2654 2253 2727 quod
2289 2654 2464 2710 simile
2506 2664 2624 2722 est,
2661 2670 2767 2710 non
2814 2655 2945 2725 sibi,
2974 2658 3068 2714 sed
3101 2659 3251 2715 alteri
3285 2661 3462 2719 simile
3488 2677 3613 2722 esse

2021 2745 2405 2819 perpenditur,
2442 2762 2530 2802 res
2571 2747 2839 2817 siquidem
2882 2749 2948 2804 de
2973 2765 3078 2820 quo
3100 2752 3385 2821 qumritur,
3420 2754 3473 2808 in
3506 2770 3614 2812 uno

2021 2854 2210 2896 eorum
2233 2856 2351 2911 quae
2374 2847 2501 2894 sunt
2528 2840 2746 2907 similia,
2774 2842 2944 2911 posita
2973 2852 3084 2909 est;
3116 2852 3169 2898 at
3195 2860 3325 2901 vero
3354 2845 3524 2916 locus,
3556 2850 3611 2907 in

2022 2933 2194 2988 altero
2222 2941 2326 2999 est,
2355 2933 2503 2987 velut
2532 2948 2654 2997 cum
2703 2934 2963 3004 qumritur
3004 2952 3072 2992 an
3106 2936 3279 2993 haeres
3325 2942 3615 3005 reatituere

2024 3028 2209 3084 vitium
2241 3027 2518 3082 ruinamve
2545 3035 2767 3096 cogatur
2797 3028 2988 3083 aedium
3027 3030 3079 3084 in
3110 3031 3496 3088 usumlructum
3529 3049 3615 3091 re-

2022 3118 2292 3177 lictarum.
2322 3118 2379 3173 ln
2411 3122 2513 3173 hoc
2539 3118 2699 3190 igitur
2729 3120 2924 3189 quattio
2941 3130 3045 3189 est,
3074 3122 3226 3178 locus
3253 3139 3380 3180 vero
3408 3141 3438 3181 a
3464 3126 3616 3184 simi-

319 3223 466 3280 cnim
493 3237 679 3278 eorum
701 3235 822 3291 qnte
848 3229 972 3275 sunt
998 3220 1067 3275 ad
1086 3219 1283 3291 aliquid
1303 3260 1318 3286 ,
1354 3235 1419 3275 ex
1445 3235 1505 3276 sc
1531 3220 1649 3290 ipso
1673 3234 1792 3275 esse
1820 3235 1915 3289 po-
1940 3207 1987 3270 C
2021 3213 2249 3270 litudine
2267 3254 2282 3280 ,
2304 3212 2428 3284 quia
2461 3227 2567 3267 non
2591 3220 2807 3283 oportet
2825 3213 3095 3272 haeredem
3125 3218 3269 3272 aedes
3299 3219 3615 3289 restituere,

317 3323 448 3382 test,
471 3313 565 3371 sed
595 3324 677 3370 est
702 3330 919 3384 semper
945 3329 1009 3368 ex
1038 3315 1250 3370 altero:
1283 3324 1342 3369 ut
1385 3315 1529 3370 enim
1567 3313 1621 3369 in
1655 3314 1914 3384 praedica-

318 3408 519 3465 mentis
540 3407 866 3473 ostenditur,
895 3408 1075 3463 omnia
1120 3422 1238 3476 quae
1276 3406 1344 3461 ad
1394 3406 1594 3476 aliquid
1638 3404 1913 3477 dicuntur,

317 3501 567 3572 Opposita
593 3509 739 3568 sunt,
773 3515 881 3553 non
936 3508 1113 3554 tamen
1153 3501 1224 3553 ita
1251 3498 1516 3569 disjuncta
1548 3509 1671 3555 sunt
1711 3510 1768 3554 ut
1806 3515 1916 3555 om-

318 3595 453 3663 nino
476 3592 585 3648 sint
612 3590 920 3657 distributa,
950 3589 1045 3645 sed
1076 3589 1330 3659 quoniam
1379 3588 1606 3643 relativa
1653 3588 1917 3659 praedica-

319 3687 469 3743 tione
502 3687 828 3758 junguntur,
875 3696 1097 3739 necesse
1143 3690 1226 3738 est
1272 3682 1451 3752 aliquo
1497 3683 1658 3738 modo
1698 3683 1751 3737 in
1797 3683 1913 3753 ipso

318 3778 431 3833 sint
454 3776 521 3831 ad
551 3775 690 3846 quod
722 3773 967 3829 videntur
988 3771 1199 3827 affecta.
1225 3771 1397 3825 Omne
1422 3772 1615 3841 quippe
1640 3772 1912 3839 allectum,

316 3881 391 3924 ex
434 3882 500 3923 eo
527 3866 593 3920 ad
625 3864 765 3937 quod
794 3863 1040 3919 allectum
1068 3870 1152 3917 est
1178 3862 1401 3932 suscipit
1434 3862 1683 3930 formam,
1712 3873 1766 3917 ct
1795 3862 1916 3919 sine

317 3973 388 4016 eo
408 3973 528 4015 esse
554 3973 658 4013 non
689 3966 885 4027 potest,
918 3964 972 4010 et
992 3956 1135 4011 dicto
1156 3956 1328 4010 altero
1348 3999 1362 4023 ,
1395 3956 1617 4013 alterius
1643 3972 1701 4012 se
1730 3958 1914 4012 statim

318 4048 537 4118 subjicit
559 4046 884 4115 intellectus,
911 4055 967 4100 ut
991 4060 1111 4100 cum
1144 4045 1331 4101 dixero
1351 4045 1657 4115 dimidium,
1691 4047 1910 4118 duphnn

321 4138 659 4209 intelligitur,
683 4148 737 4193 et
766 4152 885 4192 cum
917 4148 1126 4207 patrem
1151 4138 1533 4206 nominavero,
1562 4140 1701 4194 lilius
1726 4142 1791 4193 ad
1835 4141 1915 4194 in-

318 4231 669 4300 telligentiam
712 4230 881 4285 venit.
927 4230 992 4284 Et
1022 4229 1203 4285 omnia
1232 4245 1568 4301 quaecunque
1597 4232 1663 4285 ad
1710 4233 1912 4303 aliquid

320 4334 470 4389 sunt,
497 4340 560 4378 ex
589 4337 711 4380 sese
739 4306 1006 4393 pendent,
1038 4338 1137 4378 nec
1156 4337 1188 4377 a
1217 4338 1275 4378 se
1308 4323 1538 4379 invicem
1568 4324 1913 4381 deseruntur.

315 4417 486 4491 Igitur
511 4432 673 4473 omne
710 4418 961 4497 allectum
982 4458 997 4484 ,
1022 4424 1078 4473 et
1114 4416 1182 4472 ad
1218 4419 1390 4488 ipsum
1423 4419 1643 4489 respicit
1671 4421 1737 4475 ad
1770 4421 1917 4487 quod.

292 4507 575 4574 .relertur,
624 4515 678 4562 et
723 4505 777 4561 in
819 4507 935 4577 ipso
961 4517 1062 4563 est.
1094 4506 1176 4562 Ad
1210 4508 1382 4577 ipsum
1410 4508 1624 4579 quidem
1658 4510 1907 4580 reSpicit,

2020 3306 2158 3361 sicut
2186 3318 2285 3359 nec
2313 3304 2662 3373 mancipium,
2693 3304 2738 3358 si
2782 3298 2832 3357 id
2871 3304 3048 3374 aliqua
3099 3307 3307 3362 ratione
3337 3309 3613 3380 depereat.

2017 3396 2151 3453 Cum
2182 3396 2343 3467 igitur
2371 3395 2560 3450 similis
2582 3395 2654 3450 sit
2683 3395 2879 3451 aedium
2912 3396 3247 3454 ususfructus
3275 3409 3437 3472 atque
3463 3418 3616 3459 man-

2018 3490 2177 3560 cipii,
2209 3488 2350 3557 quod
2395 3488 2695 3558 quaeritur,
2741 3488 2795 3542 in
2825 3487 3020 3542 tediqu
3071 3489 3347 3546 usufructu
3382 3495 3614 3563 positum

2017 3589 2125 3645 ed,"
2155 3580 2307 3634 locus
2337 3594 2488 3645 vero,
2516 3579 2568 3633 in
2617 3578 2892 3641 usul'ructu
2923 3580 3193 3650 mancipii.
3230 3581 3284 3636 ln
3312 3582 3616 3645 differentia

2018 3686 2235 3743 quoque
2274 3671 2417 3727 idem
2456 3680 2538 3725 est
2568 3688 2581 3724 :
2617 3685 2802 3724 eorum
2843 3686 3074 3741 namque
3112 3688 3231 3742 quae
3272 3672 3522 3729 diﬂ‘crunt
3559 3674 3614 3733 in

2019 3748 2191 3821 altero
2223 3763 2455 3834 positum
2498 3771 2583 3818 est
2612 3762 2661 3817 id
2690 3762 2832 3831 quod
2874 3764 3163 3833 quaeritur,
3190 3765 3248 3825 in
3280 3765 3450 3821 altero
3484 3782 3615 3823 vero

2019 3857 2150 3913 illud
2180 3873 2212 3912 a
2249 3873 2354 3928 quo
2393 3856 2447 3912 id
2470 3844 2611 3927 quod
2654 3864 2740 3912 est
2779 3844 3085 3927 ambiguum
3114 3860 3514 3930 comprobatur,
3557 3872 3614 3919 ut

2017 3966 2139 4009 cum
2171 3952 2432 4020 qumritur
2457 3965 2524 4005 an
2561 3950 2612 4005 id
2637 3965 2850 4021 quoque
2878 3961 3159 4021 argentum
3188 3952 3328 4022 quod
3357 3953 3410 4008 in
3441 3956 3613 4008 nomi-

2020 4043 2178 4098 nibus
2201 4043 2463 4098 debeatur
2493 4043 2725 4113 legatum
2756 4044 2845 4099 sit.
2872 4044 2969 4099 llic
3000 4043 3162 4113 igitur
3190 4044 3320 4099 illud
3363 4053 3446 4100 est
3470 4049 3613 4116 quod

2018 4135 2315 4190 dubitatur.
2343 4135 2400 4189 ln
2427 4150 2493 4190 eo
2519 4150 2649 4191 vero
2680 4136 2822 4204 quod
2853 4135 2921 4189 ab
2953 4136 3056 4190 hoc
3076 4135 3277 4199 dill'ert,
3308 4136 3456 4194 locus
3478 4149 3560 4195 est
3580 4154 3612 4198 ι

2018 4241 2125 4298 quo
2155 4227 2459 4281 ostenditur
2491 4225 2712 4281 minime
2745 4226 2973 4296 legatum
3007 4240 3127 4282 esse
3154 4238 3438 4297 argentum
3467 4231 3612 4301 quod

2016 4317 2070 4387 in
2099 4318 2404 4373 nominibus
2428 4317 2717 4382 debeatur,
2741 4318 2864 4388 quia
2915 4318 3138 4374 multum
3181 4319 3360 4375 dill‘ert
3391 4322 3443 4376 in
3487 4338 3637 4379 arca.

2017 4426 2085 4475 ne
2109 4413 2179 4466 sit
2202 4412 2452 4481 positum,
2478 4426 2547 4465 an
2569 4411 2624 4466 in
2646 4410 2953 4466 nominibus
2974 4412 3252 4482 scriptum.
3273 4413 3319 4469 A
3340 4416 3613 4473 contrario

2016 4521 2227 4578 quoque
2272 4506 2414 4563 idem
2459 4514 2562 4573 est,
2588 4515 2646 4560 ut
2685 4506 2737 4559 in
2778 4519 2845 4559 eo
2876 4504 3019 4575 quod
3060 4506 3319 4575 quaeritur
3357 4521 3423 4561 an
3457 4522 3612 4563 usus-

315 4601 572 4673 quoniam
603 4598 668 4652 ad
700 4598 947 4654 allectum
978 4614 1134 4654 suum
1169 4599 1315 4655 velut
1343 4600 1412 4655 ad
1430 4578 1638 4671 aliquid
1687 4578 1910 4658 relative
1939 4578 1993 4648 Π
2015 4599 2222 4655 l'ructus
2249 4613 2421 4671 penus
2452 4600 2657 4668 legatus
2686 4600 2774 4653 sit.
2810 4597 2866 4652 ln
2895 4596 3174 4653 usulruetu
3202 4597 3365 4670 igitur
3385 4599 3611 4670 quaestio

314 4706 468 4746 more
490 4688 885 4760 przedicationis
908 4692 1165 4757 refertur;
1192 4693 1243 4747 in
1290 4694 1409 4762 ipso
1442 4709 1576 4749 vero
1618 4704 1734 4761 εει,
1765 4696 1909 4763 quod

313 4801 376 4840 ea
403 4793 484 4840 est
502 4783 813 4839 aﬂectorum
842 4794 1030 4839 natura
1058 4793 1117 4839 ut
1146 4785 1375 4843 alterum
1400 4787 1599 4843 cxistat
1626 4788 1694 4843 ab
1713 4787 1903 4857 altern,

312 4890 477 4946 seque
507 4875 623 4945 ipsa
654 4875 1000 4945 possideant,
1035 4875 1467 4947 quandoquidem
1502 4888 1555 4933 ει
1578 4879 1631 4934 id
1660 4880 1802 4951 quod
1832 4882 1909 4934 al-

311 4969 507 5023 lectum
537 4976 776 5036 vocatur,
799 4966 915 5037 ejus
942 4976 1025 5021 cst
1052 4967 1267 5022 termini
1313 4969 1379 5022 ad
1413 4984 1570 5038 quem
1598 4971 1907 5026 considera-

311 5073 398 5118 tur
421 5048 691 5128 allectum,
708 5072 761 5118 et
783 5063 1049 5137 terminus
1065 5062 1116 5116 in
1134 5064 1430 5132 quzestione
1452 5065 1755 5133 propositus
1775 5065 1906 5121 alle-

307 5168 398 5212 cto
422 5171 519 5211 suo
548 5155 866 5225 intelligitur
891 5170 1014 5211 esse
1040 5170 1336 5211 connexus.
1366 5157 1498 5222 Quae
1522 5171 1641 5211 cum
1672 5159 1741 5212 ita
1772 5158 1901 5225 sint,

305 5265 431 5307 cum
465 5261 837 5321 argumentum
869 5252 1096 5306 sumitur
1145 5265 1175 5304 a
1220 5250 1540 5321 conjugatis,
1574 5252 1822 5320 quoniam
1852 5252 1907 5307 id

307 5343 450 5412 quod
472 5345 812 5414 conjugatum
840 5351 945 5409 est,
967 5340 1213 5398 allectum
1238 5352 1319 5396 est
1339 5342 1404 5394 ad
1430 5342 1480 5395 id
1503 5343 1644 5411 quod
1668 5343 1719 5397 ei
1738 5358 1802 5400 ex
1827 5344 1906 5399 al-

308 5442 424 5489 tera
454 5444 604 5504 parte
625 5444 710 5489 est
728 5434 1095 5505 conjugatum,
1116 5433 1168 5488 id
1185 5433 1400 5504 quidem
1423 5434 1607 5504 dequo
1624 5437 1901 5505 qumritur,

307 5516 363 5583 in
394 5526 719 5582 altrinsecus
758 5525 932 5596 posito
974 5524 1261 5596 conjugato
1299 5526 1487 5580 haeret.
1523 5527 1569 5580 is
1611 5541 1737 5582 vero
1762 5528 1910 5585 locus

307 5618 452 5693 unde
477 5629 850 5688 argumentum
876 5615 1120 5682 trahitur,
1142 5618 1210 5669 ab
1232 5616 1402 5672 altero
1423 5616 1635 5672 ducitur
1650 5618 1905 5689 conjuga-

307 5719 388 5799 to,
408 5712 571 5791 veluti
594 5714 639 5768 si
671 5698 1026 5782 compascuus
1048 5725 1175 5780 ager
1194 5722 1298 5779 est,
1316 5709 1404 5781 jus
1425 5721 1508 5769 est
1537 5728 1903 5783 compascere.

309 5804 475 5878 lgitur
495 5819 840 5879 compascere
864 5815 1024 5878 atque
1044 5820 1422 5878 compascuum
1443 5808 1724 5880 conjugata
1750 5820 1905 5877 sunt;

2014 4703 2123 4759 est,
2147 4692 2244 4748 sed
2272 4691 2531 4761 probatur
2558 4690 2782 4744 minime
2811 4704 2931 4745 esse
2962 4691 3199 4760 legatus,
3226 4692 3350 4761 quia
3380 4707 3483 4746 non
3517 4707 3612 4760 po-

2014 4793 2119 4840 ιεει
2171 4798 2292 4839 esse
2337 4797 2464 4837 υειιε
2492 4797 2676 4836 carum
2724 4796 2903 4836 rerum
2948 4798 3066 4851 qua:
3114 4784 3311 4837 lllClldO
3362 4792 3606 4852 pereunt,

2011 4879 2108 4933 sed
2144 4877 2321 4947 potius
2346 4875 2578 4937 abusus;
2614 4874 2666 4928 in
2700 4873 2870 4928 abnsu
2902 4874 3065 4945 igitur
3087 4875 3234 4931 locus
3266 4883 3371 4943 est,
3403 4874 3613 4931 scilicet

2012 4974 2065 5028 in
2107 4975 2279 5027 altero
2324 4969 2753 5034 contrariorum,
2789 4984 2910 5023 cum
2939 4970 3097 5043 luerit
3128 4969 3177 5022 in
3219 4983 3316 5021 usu
3358 4968 3608 5037 qumstio.

2015 5067 2097 5121 Ab
2122 5064 2388 5135 adjunctis
2417 5064 2576 5118 etiam
2612 5064 2763 5118 locus
2791 5064 2842 5117 in
2870 5062 3058 5118 eodem
3084 5061 3243 5117 modo
3264 5063 3332 5115 ab
3361 5076 3426 5117 eo
3464 5065 3606 5132 quod

2018 5160 2276 5230 qumritur
2305 5168 2615 5228 segregatus
2640 5167 2753 5225 est,
2787 5167 2845 5212 ut
2873 5159 2922 5211 in
2956 5172 3061 5211 uno
3084 5156 3333 5226 adjuncto
3358 5158 3608 5228 qumstio,

2016 5253 2068 5305 in
2099 5251 2269 5305 altero
2308 5264 2436 5304 vero
2463 5248 2533 5304 sit
2586 5248 2755 5304 locus.
2788 5249 2916 5302 Nam
2952 5262 3071 5301 eum
3112 5257 3384 5316 qumratur
3423 5262 3490 5301 an
3522 5262 3609 5304 se-

2013 5344 2247 5399 cundum
2289 5342 2530 5397 mulieris
2561 5341 2766 5396 tabulas
2812 5354 3080 5409 nunquam
3125 5339 3299 5408 capite
3328 5337 3605 5396 diminuta)

2018 5437 2287 5509 possessio
2329 5437 2506 5501 detur,
2551 5436 2604 5491 in
2640 5436 2739 5490 hoc
2775 5436 3002 5504 qumstio
3045 5443 3127 5488 est
3156 5448 3222 5487 an
3254 5433 3427 5499 detur,
3468 5441 3521 5489 at
3552 5433 3607 5490 in

2016 5530 2136 5604 ejus
2163 5531 2417 5601 adjuncto
2440 5571 2454 5596 ,
2490 5531 2659 5586 locus.
2705 5528 3016 5584 Ostenditur
3055 5528 3197 5582 enim
3242 5529 3463 5585 minime
3492 5528 3608 5586 dari

2017 5625 2215 5683 debere
2257 5624 2674 5694 possessionem,
2714 5621 2838 5690 quia
2870 5622 2939 5675 sit
2978 5620 3285 5689 proximum
3331 5631 3387 5676 ut
3414 5636 3623 5677 secun-.

2019 5721 2140 5779 dum
2174 5734 2460 5791 puerorum
2491 5730 2707 5788 quoque
2752 5721 2910 5784 atque
2950 5730 3229 5770 servorum
3277 5715 3481 5771 tabulas
3510 5716 3608 5772 bo-

2016 5828 2204 5867 norunt
2260 5809 2532 5870 possessio
2585 5807 2937 5864 concedatur.
3013 5807 3098 5864 Ab
3169 5807 3611 5868 antecedentibus
