4022 6330
418 303 545 362 1087

1627 281 1738 338 ΑΝ.
1783 278 1992 336 λιΑΝιι.
2030 272 2183 330 SEV.
2229 270 2452 327 BOETII

3552 279 3688 334 1033

413 432 541 473 vero
566 416 638 470 ita
668 420 752 470 est
792 412 957 470 locus,
988 414 1044 458 ut
1080 403 1302 474 quaestio
1329 402 1397 453 sit
1439 400 1490 453 in
1515 395 1988 467 consequentibus.
2028 389 2072 452 Δ
2099 405 2226 443 num
2254 390 2351 444 viri
2395 375 2744 445 convenerit.
2783 394 3171 460 Argumentum
3229 404 3354 445 vero
3384 391 3452 444 ab
3491 393 3694 449 ellectu

415 514 549 570 Nam
575 525 694 567 cum
726 503 977 574 quaeritur
1005 513 1070 552 an
1097 495 1296 562 aliquid
1325 492 1465 546 dotis
1500 491 1716 545 nomine
1749 504 1842 558 pro
1865 488 1996 542 libeo

418 607 493 662 ris
515 614 727 658 manere
743 602 1001 664 oporteat,
1026 589 1248 644 sumitur
1269 594 1638 656 argumentum
1661 583 1806 637 nullo
1834 581 1994 636 modo

422 710 640 752 manere
659 698 906 767 oporjere
935 700 999 738 ex
1029 678 1489 740 antecedentibus,
1524 674 1664 743 quod
1696 674 1796 727 viri
1834 672 1995 740 culpa

422 790 616 843 factum
649 791 730 837 est
775 765 1091 838 divortium;
1146 773 1292 827 locus
1323 771 1499 838 itaque
1542 769 1594 820 in
1636 765 1996 831 antecedenti,

421 877 642 949 quaestio
670 888 798 927 vero
841 872 894 924 in
939 863 1309 934 consequenti.
1358 858 1715 913 Consecutum
1769 863 1850 908 est
1891 843 2004 908 viri-

421 971 571 1039 culpa
606 967 797 1020 factum
830 976 948 1017 esse
975 957 1283 1020 divortium,
1329 952 1459 1006 nihil
1489 950 1628 1019 apud
1661 956 1867 1019 patrem
1900 959 1998 1016 pro

421 1063 601 1119 liberis
639 1070 987 1130 ,permanere,
1041 1066 1159 1106 cum
1217 1048 1314 1101 viri
1365 1047 1517 1115 culpa
1564 1041 1919 1113 prrecesserit.
1954 1041 1999 1097 Α

421 1151 868 1223 consequentibus
889 1160 1016 1200 vero
1045 1145 1087 1198 si
1120 1143 1186 1196 sit
1213 1146 1605 1210 argumentum,
1636 1150 1720 1188 res
1747 1149 1863 1203 quae
1902 1132 2002 1185 du-

424 1249 506 1302 bia
534 1253 617 1301 est
653 1245 708 1298 in
757 1236 1198 1294 antecedentibus
1237 1247 1359 1288 esse
1388 1226 1824 1297 deprehenditur,
1857 1224 2003 1278 velut

423 1357 540 1397 cum
572 1339 829 1408 quaeritur
862 1348 927 1385 an
960 1328 1188 1384 divortio
1219 1326 1389 1390 facto,
1421 1339 1541 1377 cum
1571 1336 1635 1376 eo
1664 1329 1824 1389 nupta
1858 1327 2003 1372 esset

426 1446 612 1486 immer
643 1429 855 1499 quicum
879 1421 1129 1478 connubii
1155 1419 1244 1488 jus
1274 1432 1374 1471 non
1426 1423 1590 1478 esset,
1619 1412 1758 1466 dotis
1787 1411 2005 1466 nomine

422 1523 616 1593 aliquid
646 1537 742 1591 pro
771 1518 950 1573 liberis
972 1527 1188 1568 manere
1215 1516 1476 1578 oporteat.
1514 1505 1598 1559 Fit
1624 1511 2002 1574 argumentum

423 1619 499 1673 sic
529 1635 542 1672 :
576 1616 630 1672 Si
661 1613 786 1683 quid
814 1626 879 1665 ex
911 1609 1036 1662 dote
1086 1620 1179 1675 pro
1210 1602 1395 1657 liberis
1445 1613 1665 1653 manere
1709 1604 2002 1664 oporteret,

424 1711 543 1780 quia
571 1717 773 1777 patrem
802 1703 954 1757 liberi
979 1707 1353 1770 sequerentur,
1397 1709 1514 1748 cum
1541 1707 1606 1746 eo
1653 1701 1812 1760 nupta
1857 1696 2001 1742 esset

2102 496 2298 547 causae,
2327 482 2376 536 id
2420 491 2501 536 est
2531 484 2584 538 in
2617 497 2829 537 manum
2862 483 3253 538 conventionis.
3285 483 3395 538 lloc
3437 501 3568 541 vero
3609 496 3696 543 est

2101 575 2242 645 quod
2267 590 2326 630 ea
2355 591 2476 646 quae
2509 575 2655 632 fuere
2679 577 2941 641 mulieris,
2987 576 3068 630 vir
3100 578 3314 632 nomine
3333 577 3476 632 dotis
3507 583 3699 648 acqui-

2103 667 2193 732 rit,
2219 683 2323 736 quo
2351 669 2407 722 lit
2439 679 2493 722 ut
2522 667 2664 738 quod
2696 669 2974 738 quaeritur,
3007 668 3056 722 in
3079 683 3264 734 causa,
3289 669 3438 723 locus
3463 686 3591 724 vero
3624 674 3696 727 sit

2105 761 2158 814 in
2191 760 2414 817 elfectis.
2448 761 2494 817 Α
2532 763 2931 832 comparatione
2981 777 3110 816 vero
3143 761 3401 831 majorum
3451 765 3496 817 si
3532 764 3700 818 fuerit

2105 861 2497 921 argumentum,
2533 854 2761 924 qurestio
2789 855 2890 908 erit
2934 853 2989 908 in
3022 853 3340 918 minoribus,
3386 865 3441 909 ut
3477 857 3520 910 si
3554 872 3703 925 qua:-

2105 954 2252 999 ratur
2273 960 2339 1000 an
2370 946 2422 999 in
2456 945 2591 1000 urbe
2621 960 2757 1014 aqua
2796 945 2990 1000 debeat
3030 946 3236 1013 arceri,
3270 946 3704 1015 defendatnrque

2106 1039 2327 1093 minime
2356 1038 2573 1103 debere,
2608 1053 2779 1107 neque
2821 1039 2964 1094 enim
3018 1039 3152 1093 lines
3191 1050 3481 1108 reguntur;
3520 1041 3594 1094 ita
3649 1041 3702 1094 in

2107 1146 2243 1202 aqua
2291 1131 2542 1199 arcenda,
2577 1132 2718 1203 quod
2768 1133 2944 1188 minus
2990 1141 3095 1197 est,
3127 1133 3350 1203 quaestio
3393 1143 3498 1200 est,
3548 1136 3704 1188 locus

2108 1238 2237 1277 vero
2267 1224 2319 1277 in
2352 1223 2548 1278 ﬁnibus
2580 1224 2844 1295 regendis,
2879 1224 3021 1293 quod
3048 1225 3221 1293 majus
3269 1236 3371 1279 εει.
3405 1227 3704 1280 Contraria:

2111 1332 2259 1383 vero,
2289 1318 2333 1372 si
2363 1333 2391 1371 a
2421 1319 2629 1373 minore
2657 1327 3028 1389 argumentum
3074 1317 3320 1384 ducatur,
3353 1321 3457 1373 erit
3485 1319 3534 1372 id
3556 1319 3706 1389 quod

2111 1410 2380 1465 dubitatur
2411 1410 2462 1464 in
2517 1426 2574 1464 re
2605 1410 2819 1480 majori,
2869 1418 2928 1464 ut
2959 1410 3004 1464 si
3052 1409 3326 1466 dubitetur
3355 1426 3421 1464 an
3463 1412 3599 1466 ﬁnes
3650 1413 3707 1466 in

2110 1505 2324 1559 civitate
2368 1512 2642 1574 regantur,
2689 1503 3113 1570 respondeamus
3163 1503 3419 1570 minime,
3450 1504 3704 1572 quoniam

2114 1612 2180 1652 ne
2206 1611 2341 1666 aqua
2364 1596 2579 1667 quidem
2612 1607 2845 1652 arcetur.
2873 1595 2946 1650 lta
2976 1596 3027 1650 id
3058 1596 3200 1666 quod
3231 1595 3526 1660 dubitatur,
3559 1598 3615 1650 in
3647 1612 3709 1651 re

2115 1690 2316 1757 majore
2363 1689 2629 1754 consistit,
2685 1689 2814 1743 illud
2845 1703 2974 1744 vero
3002 1688 3144 1744 unde
3191 1698 3562 1759 argumentum
3619 1706 3708 1742 su-

426 1803 634 1866 mulier,
677 1799 888 1869 quicum
927 1791 1175 1849 connubii
1218 1789 1305 1859 jus
1358 1795 1522 1850 esset,
1567 1785 1652 1838 hic
1685 1780 2002 1836 antecedens
2037 1793 2086 1856 B
2115 1784 2293 1848 mitur,
2327 1782 2377 1835 in
2425 1782 2638 1836 minori.
2675 1783 2741 1835 Et
2767 1781 2819 1836 in
2847 1782 3253 1851 comparatione
3283 1781 3491 1850 parium
3519 1781 3710 1835 similis

426 1904 537 1961 εει,
568 1893 612 1948 si
643 1890 766 1961 quid
795 1888 859 1942 de
881 1888 1004 1940 dote
1036 1900 1129 1954 pro
1160 1881 1342 1936 liberis
1372 1892 1590 1932 manere
1619 1882 1910 1943 oporteret,
1942 1880 1999 1926 et

426 1987 479 2040 in
530 1998 594 2037 eo
634 1980 856 2052 quaestio
909 1993 973 2030 an
1005 1973 1201 2044 aliquid
1236 1985 1451 2025 manere
1503 1976 1767 2037 oporteat.
1800 1966 2004 2018 Conse-

428 2090 596 2145 quens
624 2088 771 2136 vero,
814 2085 934 2123 cum
968 2083 1032 2121 eo
1071 2065 1264 2120 mulier
1293 2070 1477 2130 nupta,
1511 2059 1722 2128 quicum
1755 2054 2005 2110 connubii

425 2167 509 2237 jus
539 2176 702 2230 esset,
747 2179 784 2217 a-
806 2177 909 2232 quo
952 2159 1181 2214 sumitur
1207 2164 1598 2224 argumentum,
1634 2153 1683 2205 id
1711 2161 1792 2206 est
1818 2167 1846 2203 a
1877 2166 2008 2220 con:

426 2256 688 2327 sequenti.
721 2254 849 2307 Nam
874 2267 992 2306 cum
1017 2249 1353 2303 manifestum
1397 2246 1485 2308 sit,
1516 2259 1621 2297 non
1663 2258 1782 2296 cum
1812 2257 1876 2296 eo
1904 2258 2005 2295 nu-

426 2357 514 2420 pta
541 2361 659 2402 esse
687 2360 806 2400 cum
833 2357 937 2412 quo
966 2338 1217 2394 connubii
1258 2338 1342 2406 jus
1373 2346 1508 2402 erat,
1543 2333 1846 2388 ostenditur
1869 2332 2011 2402 quod

428 2438 645 2492 minime
677 2443 884 2504 patrem
916 2430 1071 2486 liberi
1103 2436 1416 2498 sequantur,
1450 2436 1609 2494 atque
1652 2424 1848 2478 idcirco
1877 2422 2010 2477 nihil

430 2543 525 2598 pro
569 2526 748 2580 liberis
778 2537 993 2578 manere
1021 2528 1290 2590 oportere.
1336 2519 1429 2572 llic
1479 2518 1635 2587 igitur
1680 2531 1765 2570 res
1794 2515 2011 2585 quidem

428 2634 547 2689 qua:
576 2617 843 2673 dubitatur
875 2617 926 2669 in
973 2612 1309 2668 antecedenti
1357 2621 1468 2674 est,
1523 2611 1573 2664 in
1624 2625 1688 2662 eo
1718 2609 1919 2663 scilicet
1947 2623 2014 2664 an

429 2724 493 2766 ex
520 2709 643 2765 dote
668 2706 956 2779 proliberis
979 2720 1198 2759 manere
1220 2701 1419 2772 aliquid
1441 2708 1708 2770 oporteat,
1729 2715 2017 2769 argumen—

429 2808 539 2854 tum
567 2812 692 2852 vero
747 2798 800 2850 in
831 2811 894 2851 eo
926 2796 1043 2849 loco
1095 2794 1186 2863 qui
1229 2804 1310 2847 est
1356 2791 1408 2845 in
1456 2792 1928 2859 consequentibus,
1963 2789 2018 2845 id

430 2901 512 2948 est
558 2891 609 2945 in
644 2890 865 2946 muliere
896 2903 1014 2958 qua:
1060 2896 1222 2954 nupta
1253 2895 1333 2939 est
1357 2899 1476 2938 cum
1501 2899 1568 2937 eo
1597 2898 1717 2937 cum
1748 2898 1853 2951 quo
1875 2882 2020 2936 nulla

429 2994 581 3042 erant
618 2985 734 3053 jura
787 2980 1062 3038 connubii.
1096 2982 1134 3033 Α
1170 2975 1590 3046 repugnantibus
1617 2975 1776 3028 etiam
1809 2975 2020 3042 quoties

431 3085 738 3149 argumenta
771 3083 1075 3139 sutnuntur,
1103 3087 1189 3126 res
1207 3071 1421 3140 quidem
1454 3069 1612 3122 dubia
1647 3068 1699 3120 in
1730 3067 1899 3120 altero
1936 3082 2020 3120 re-

434 3169 708 3239 pugnanti,
741 3169 794 3221 in
845 3166 1070 3219 adverso
1100 3176 1228 3216 vero
1265 3161 1415 3215 locus
1466 3168 1548 3212 est
1596 3159 1916 3227 argumenti,
1964 3165 2022 3212 ut

433 3274 552 3314 cum
579 3257 832 3327 quaeritur
863 3271 928 3308 an
960 3253 1130 3322 possit
1161 3252 1324 3306 invita
1361 3249 1556 3304 mulier
1603 3248 1826 3303 reddere
1871 3249 2017 3317 lega-

435 3359 570 3415 tum,
615 3347 754 3418 quod
788 3354 931 3401 recte
973 3351 1291 3400 testamento
1320 3341 1487 3396 semel
1523 3342 1748 3410 accepit.
1784 3340 1958 3394 Locus
1991 3356 2024 3396 a

434 3440 774 3512 repugnanti,
805 3439 1025 3494 minimc
1057 3451 1214 3506 posse
1244 3436 1464 3489 invitam
1496 3433 1721 3488 reddere
1747 3432 1888 3501 quod
1921 3447 2024 3486 re~

436 3545 520 3590 cte
550 3535 776 3602 accepit.
810 3531 1045 3598 Quaestio
1076 3529 1236 3595 igitur
1257 3536 1346 3582 est
1369 3527 1420 3580 in
1445 3541 1508 3579 eo
1533 3524 1673 3595 quod
1706 3524 2024 3594 intelligitur

436 3626 654 3682 invitam
696 3625 941 3686 reddere,
969 3627 1336 3691 argumentum
1389 3633 1515 3672 vero
1569 3619 1620 3671 in
1650 3617 1820 3671 altero
1860 3632 2024 3684 repu-

436 3721 636 3790 gnanti,
667 3718 717 3771 id
747 3727 828 3772 est
860 3718 910 3769 in
942 3730 1006 3770 eo
1036 3713 1175 3782 quod
1219 3711 1532 3781 intelligitur
1562 3718 1707 3764 recte
1753 3711 2020 3778 accipere.

438 3814 642 3884 Pugnat
670 3813 810 3866 enim
855 3811 1078 3863 invitam
1111 3806 1338 3894 rqidere
1368 3814 1421 3859 et
1465 3813 1609 3858 recte
1634 3805 1893 3873 accipere,
1927 3803 2022 3858 sed

436 3905 660 3975 quaestio
693 3903 744 3954 in
779 3917 883 3954 uno
912 3909 1224 3976 eorum‘est,
1273 3899 1419 3951 locus
1453 3897 1507 3950 in
1558 3898 1750 3950 altero.
1799 3897 2024 3961 Quoties

441 4012 569 4052 vero
590 4011 618 4049 a
643 3996 818 4048 causis
846 3991 1200 4048 efﬁcientibus
1221 3989 1427 4043 ducitur
1457 3998 1852 4069 argumentum,
1879 4003 2026 4056 quae-

438 4089 667 4144 stionem
699 4090 749 4143 in
791 4087 995 4142 eﬂ’ectis
1021 4100 1141 4142 esse
1168 4098 1391 4138 necesse
1418 4092 1519 4147 est,
1553 4091 1609 4136 ut
1648 4082 1894 4150 exemplo
1921 4096 2026 4149 quo

441 4185 697 4253 qumritur
741 4197 806 4236 an
847 4182 933 4252 qui
962 4180 1092 4234 satis
1123 4178 1330 4233 dederit
1359 4176 1540 4230 damni
1589 4174 1793 4240 infecti,
1827 4175 2018 4228 vitium

443 4277 658 4347 parietis
690 4284 946 4345 praestare
976 4283 1217 4345 cogatur.
1248 4274 1303 4326 In
1358 4272 1460 4328 hoc
1490 4273 1667 4342 igitur,
1706 4270 1755 4324 id
1784 4279 1866 4325 est.
1897 4271 2028 4325 vitio

441 4371 682 4441 parietis,
706 4370 926 4437 quaestio
957 4377 1057 4436 est,
1088 4367 1180 4422 sed
1210 4366 1276 4421 de
1306 4380 1462 4420 causa
1494 4365 1720 4419 trahitur
1742 4379 2029 4433 argumen-

443 4471 576 4518 tum.
618 4461 820 4514 Dicitur
849 4461 990 4513 enim
1035 4476 1143 4513 non
1181 4467 1434 4530 oportere
1462 4468 1741 4528 praestare,
1772 4457 2026 4528 quoniam

444 4564 633 4608 natura
667 4551 881 4618 parietis
907 4565 1066 4605 causa
1096 4551 1255 4606 fuerit
1286 4551 1421 4618 vitii,
1459 4565 1560 4604 non
1595 4551 1636 4603 is
1665 4551 1754 4620 qui
1787 4551 2027 4620 defprm-

442 4644 632 4699 stando
664 4641 790 4695 vitio
815 4641 946 4696 satis
968 4643 1225 4698 dedisset.
1264 4642 1519 4697 [illectum
1548 4658 1676 4710 ergo
1722 4657 1919 4708 causae,
1945 4643 2024 4696 vi-

441 4737 571 4790 tium
603 4734 819 4806 parietis
851 4734 962 4788 fuit.
995 4733 1174 4804 Itaque
1205 4735 1431 4804 quaestio
1475 4735 1687 4803 quidem
1723 4735 1774 4788 in
1806 4735 2020 4802 etfecto,

440 4831 587 4884 locus
611 4844 736 4881 vero
764 4841 883 4881 esse
908 4827 1279 4882 consideratur
1309 4843 1373 4882 ex
1408 4842 1588 4881 causa.
1616 4828 1683 4880 At
1726 4828 1770 4881 si
1796 4828 1863 4881 ab
1888 4826 2022 4882 επε-

440 4922 537 4974 ctis
564 4919 760 4988 aliquid
791 4919 1134 4988 approbetur,
1182 4919 1326 4972 locus
1357 4919 1410 4972 in
1439 4919 1649 4987 ell‘ecto,
1693 4920 1918 4988 quaestio
1964 4919 2021 4974 in

437 5027 596 5067 causa
622 5020 702 5067 est
749 5013 1056 5077 constituta,
1097 5010 1258 5065 veluti
1295 5026 1413 5065 cum
1445 5013 1703 5080 quaeritur
1733 5026 1798 5065 an
1831 5011 2024 5066 mulier

438 5106 680 5175 quredam
722 5106 872 5174 cujus
901 5106 1036 5158 bona
1074 5104 1172 5157 viri
1217 5104 1348 5157 facta
1381 5105 1510 5168 sint,
1537 5104 1677 5158 dotis
1705 5104 1921 5158 nomine
1962 5104 2018 5158 in

437 5203 534 5254 viri
566 5215 777 5254 triarium
807 5199 1140 5254 convenerit.
1172 5197 1433 5266 Quoniam
1462 5212 1590 5267 ergo
1621 5199 1670 5252 in
1711 5213 1927 5252 manum
1955 5213 2022 5252 ex

438 5292 794 5345 conventione
818 5290 1121 5359 perﬁcitur,
1175 5297 1231 5342 ut
1276 5289 1413 5342 bona
1468 5288 1706 5343 mulieris
1752 5298 1870 5358 post
1901 5288 2019 5357 ejus

439 5392 663 5435 mortem
692 5383 772 5434 vir
811 5381 1158 5450 adipiscatur,
1193 5387 1564 5448 argumentum
1595 5379 1811 5432 ducitur
1842 5379 1908 5434 ab
1939 5378 2017 5434 ef-

442 5475 611 5529 fchis.
663 5474 902 5528 Eflicitur
949 5475 1089 5528 enim
1134 5488 1228 5542 per
1256 5472 1308 5527 in
1339 5488 1552 5526 manum
1589 5474 2017 5539 conventionem,

441 5578 496 5620 ut
524 5581 851 5636 quaecunque
878 5575 999 5622 sunt
1019 5567 1276 5632 mulieris,
1310 5566 1406 5620 viri
1441 5565 1569 5618 ﬁant
1596 5564 1736 5618 dotis
1767 5565 2016 5629 nomine;

438 5673 565 5728 erg)
596 5675 714 5713 cum
752 5675 811 5713 ea
843 5674 962 5729 qua:
1013 5659 1252 5714 mulieris
1301 5658 1471 5723 fuere,
1525 5661 1605 5711 vir
1633 5656 1849 5711 nomine
1880 5657 2019 5710 dotis

440 5753 782 5820 adipiscatur,
837 5752 1112 5806 mulierem
1161 5754 1212 5806 in
1262 5767 1474 5806 manum
1520 5751 1618 5804 viri
1672 5764 1893 5805 necesse
1935 5756 2021 5804 est

444 5845 748 5899 convenire.
784 5844 1017 5912 Quaestio
1046 5846 1223 5922 itaque
1255 5852 1336 5900 est
1364 5845 1430 5902 de
1457 5844 1700 5911 muliere,
1729 5858 1795 5899 an
1827 5843 1878 5900 in
1905 5857 2018 5899 ma-

2111 1879 2246 1932 ratio
2271 1887 2353 1932 est
2381 1895 2392 1929 :
2429 1877 2479 1930 in
2513 1892 2622 1931 uno
2653 1877 2796 1931 enim
2828 1891 3012 1930 eorum
3042 1891 3161 1944 qua:
3192 1884 3316 1928 sunt
3353 1875 3527 1943 paria,
3558 1890 3709 1944 qua:-

2113 1970 2216 2023 stio
2245 1969 2520 2032 consistit;
2557 1969 2609 2024 in
2636 1969 2804 2023 altero
2836 1968 2984 2022 locus
3014 1966 3330 2036 intelligitur
3373 1967 3708 2037 argumenti,

2113 2061 2274 2116 veluti
2306 2076 2424 2116 eum
2451 2061 2710 2130 quaeritur
2725 2075 2792 2114 an
2825 2061 3019 2115 aedium
3051 2075 3178 2113 ιιευε
3207 2060 3422 2114 biennio
3444 2060 3712 2124 capiatur,

2116 2153 2168 2207 id
2224 2153 2600 2224 approbamus,
2659 2154 2913 2222 quoniam
2974 2154 3254 2208 fundorum
3310 2167 3542 2223 quoque.
3577 2151 3711 2206 Cum

2116 2260 2243 2314 ergo
2288 2246 2434 2315 paria
2484 2246 2590 2299 sint
2619 2246 2810 2300 fundus
2843 2255 3001 2316 atque
3027 2246 3188 2311 mdes,
3236 2247 3463 2315 quaestio
3494 2245 3711 2314 quidem

2117 2336 2182 2391 de
2211 2337 2412 2391 sedibus
2441 2347 2542 2404 est,
2570 2346 2940 2406 argumentum
2965 2352 3096 2393 vero
3119 2337 3332 2392 ducitur
3358 2352 3390 2391 a
3425 2337 3607 2391 fundo.
3639 2339 3716 2393 Ac

2122 2430 2187 2485 de
2211 2431 2259 2484 vi
2293 2430 2506 2499 quidem
2555 2431 2821 2498 locorum,
2852 2421 3063 2501 quoque
3093 2447 3121 2485 a
3153 2446 3211 2486 se
3253 2445 3361 2484 non
3392 2432 3716 2500 quccstiones

2069 2542 2074 2547 ·
2119 2531 2175 2578 ει
2224 2523 2328 2576 loci
2371 2534 2810 2591 argumentorum
2860 2533 3198 2591 separentur,
3253 2522 3367 2576 haec
3396 2522 3536 2576 dicta
3582 2523 3716 2577 sint.

2121 2617 2273 2672 Nunc
2303 2633 2486 2671 eorum
2511 2619 2754 2672 ordinem
2779 2617 3098 2672 brevissime
3142 2615 3601 2671 commemorabo.
3638 2615 3718 2670 Ex

2123 2709 2226 2764 hoc
2256 2710 2432 2779 itaque
2463 2710 2632 2764 oritur
2674 2725 2833 2764 omne
2870 2709 3159 2778 judicium,
3207 2709 3299 2777 qui
3350 2709 3497 2762 locus
3549 2707 3718 2777 prior,

2123 2801 2212 2870 qui
2248 2803 2317 2854 sit
2345 2803 2633 2868 posterior,
2659 2800 3062 2856 existimandus.
3094 2799 3139 2853 si
3187 2813 3280 2852 eos
3307 2799 3563 2852 terminos
3591 2812 3718 2852 con.

2125 2891 2422 2947 sideremus
2462 2892 2549 2960 qui
2597 2894 2868 2961 proposita
2898 2890 3194 2957 quaestione
3231 2899 3532 2943 versantur.
3563 2889 3719 2955 Quaa—

2127 2999 2336 3054 cuoque
2388 2985 2530 3039 enim
2575 2986 2655 3037 his
2705 2984 2945 3037 terminis
2997 2984 3380 3052 propinquiora
3409 2992 3553 3047 sunt,
3605 2983 3719 3037 haec

2128 3076 2422 3131 rectissime
2455 3077 2631 3146 priora
2658 3085 3028 3129 numerantur.
3061 3076 3362 3129 Posteriora
3389 3089 3518 3129 vero
3550 3089 3718 3144 quan-

2050 3190 2098 3254 C
2130 3176 2238 3220 tum
2273 3184 2300 3220 a
2329 3168 2617 3236 pr0positis
2660 3167 2970 3236 longissime
2999 3185 3222 3239 qumque
3268 3173 3608 3227 recesserint.
3660 3170 3718 3226 Μ

2129 3267 2305 3312 autem
2342 3258 2432 3312 tali
2464 3259 2672 3312 ratione
2700 3259 2982 3316 clarescet.
3014 3260 3249 3315 Primum
3280 3277 3533 3334 namque,
3575 3266 3720 3321 loco-

2130 3365 2246 3403 rum
2279 3358 2359 3402 est
2386 3349 2556 3403 divisa
2591 3350 2864 3418 pluralitas
2895 3351 2947 3403 in
2993 3367 3084 3405 eos
3121 3352 3209 3420 qui
3240 3354 3294 3407 in
3341 3354 3457 3423 ipso
3493 3364 3618 3409 sunt
3652 3356 3719 3413 de

2130 3456 2235 3510 quo
2266 3441 2464 3509 agitur,
2495 3449 2549 3494 et
2581 3443 2630 3494 in
2663 3456 2755 3495 eos
2783 3443 2871 3510 qui
2905 3454 3249 3498 assumuntur
3279 3446 3639 3511 extrinsecus,
3664 3449 3718 3503 in

2131 3548 2236 3602 quo
2262 3535 2572 3603 ιιι-προεξιοε
2599 3549 2720 3587 εεεε
2753 3533 3095 3605 intelligimus
3126 3552 3218 3592 eos
3241 3537 3487 3608 locosqui
3519 3541 3573 3595 in
3607 3543 3721 3610 ipso

2131 3636 2276 3692 sunt,
2305 3625 2388 3678 his
2429 3625 2560 3679 locis
2591 3625 2684 3693 qui
2740 3626 3026 3680 trahuntur
3069 3630 3423 3686 extrinsecus.
3470 3631 3568 3687 Hic
3594 3647 3722 3687 vero

2134 3716 2283 3769 locus
2313 3717 2405 3785 qui
2438 3716 2489 3769 in
2521 3709 2638 3784 ipso
2667 3725 2767 3782 est,
2805 3717 2856 3771 in
2890 3718 3089 3786 primas
3130 3730 3358 3788 quatuor
3385 3721 3723 3777 distribuitur

2136 3816 2346 3876 partes,
2381 3821 2605 3876 quarum
2640 3808 2808 3876 prima
2841 3817 2923 3862 est
2953 3808 3212 3876 deﬁnitio,
3248 3812 3336 3881 qui
3369 3811 3517 3866 locus
3553 3828 3582 3866 a
3613 3823 3723 3869 toto

2133 3910 2216 3956 est
2243 3912 2596 3970 nuncupatus.
2633 3901 2838 3956 Idcirco
2865 3910 3042 3956 autem
3075 3902 3278 3969 primus
3323 3919 3351 3957 a
3401 3913 3521 3960 toto
3572 3906 3724 3962 locus

2136 3992 2382 4060 ponitur,
2431 3994 2681 4060 quoniam
2713 3992 2844 4046 nihil
2888 4002 2970 4048 est
3017 3994 3337 4061 alicuiltam
3395 3997 3724 4066 proximum,

2135 4099 2294 4154 quam
2357 4083 2571 4154 propria
2628 4085 2890 4139 deﬁnitio.
2971 4085 3332 4154 Consequitur
3384 4093 3726 4145 enumeratio

2137 4175 2405 4243 partium,
2437 4175 2558 4246 quia
2605 4185 2726 4245 post
2769 4175 3134 4232 deﬁnitionem
3191 4180 3487 4248 proximum
3544 4181 3724 4239 locum

2137 4276 2314 4336 partes
2346 4275 2525 4323 tenere
2549 4269 2763 4331 debent,
2791 4285 2910 4339 qua:
2935 4279 3104 4325 totum
3147 4271 3201 4326 id
3232 4273 3386 4343 cujus
3431 4283 3610 4344 partes
3637 4274 3724 4331 di-

2135 4369 2328 4415 cuntur
2379 4375 2518 4426 esse,
2580 4362 2931 4433 conjungunt.
2986 4363 3081 4419 llis
3111 4366 3395 4435 apponitur
3424 4376 3570 4433 nota,
3602 4383 3724 4439 quae

2135 4452 2290 4521 quasi
2315 4466 2578 4508 converso
2601 4452 2762 4508 modo
2791 4454 3034 4509 deﬁnitio
3061 4463 3165 4511 est.
3199 4455 3334 4511 Nam
3364 4458 3508 4513 sicut
3527 4458 3724 4514 deﬁni-

2143 4545 2216 4599 tio
2244 4546 2473 4614 explieat
2511 4526 2654 4615 quod
2707 4547 2966 4616 implicite
3013 4555 3140 4603 nota
3173 4548 3436 4620 designat,
3478 4552 3549 4606 ita
3596 4561 3725 4608 nota

2135 4636 2354 4691 involvit
2379 4645 2432 4692 et
2461 4635 2894 4694 confuseindicat
2919 4639 3062 4710 quod
3090 4639 3342 4709 patefacit
3365 4653 3526 4714 atque
3559 4660 3724 4714 expe-

2129 4733 2210 4788 dit
2237 4733 2494 4788 deﬁnitio.
2521 4733 2655 4788 Nota
2684 4749 2815 4790 vero
2844 4735 3002 4791 tertia
3040 4735 3165 4792 ideo
3193 4744 3296 4803 est,
3329 4738 3451 4808 quia
3476 4740 3719 4797 deﬁnitio

2129 4826 2483 4882 substantiam
2522 4834 2701 4892 tenet;
2734 4827 2968 4897 partium
3017 4830 3354 4886 enumeratio
3385 4847 3447 4887 ea
3477 4833 3725 4888 dinume-

2131 4926 2214 4972 rat
2254 4931 2372 4986 qute
2402 4925 2572 4972 totum
2600 4919 2953 4988 compositum
2987 4918 3241 4990 jungunt,
3273 4930 3398 4977 nota
3438 4939 3564 4979 vero
3587 4924 3723 4979 nihil

2130 5007 2315 5072 efﬁcit,
2367 5007 2460 5062 sed
2495 5016 2698 5062 tantum
2741 5009 3008 5080 designat.
3044 5010 3174 5067 Post
3212 5011 3327 5068 haec
3351 5030 3470 5084 quae
3509 5015 3562 5070 in
3593 5017 3724 5084 ipsis

2135 5101 2380 5156 terminis
2413 5101 2778 5170 principaliter
2819 5103 3023 5159 haerent
3050 5147 3066 5172 ,
3099 5105 3189 5160 illa
3227 5120 3346 5175 qum
3376 5117 3501 5162 sunt
3531 5107 3722 5164 affecta

2133 5207 2504 5263 numerantur,
2535 5214 2652 5268 qua:
2671 5197 2781 5267 jam
2812 5213 2917 5254 non
2947 5199 3076 5269 ipsis
3119 5199 3300 5255 insunt
3327 5201 3594 5268 terminis,
3626 5203 3720 5257 sed

2133 5290 2348 5348 eosdem
2381 5291 2525 5344 velut
2584 5291 2819 5345 exterius
2878 5290 3048 5361 posita
3097 5303 3518 5360 consequuntur,
3561 5302 3722 5363 atque

2131 5385 2333 5440 idcirco
2355 5384 2529 5439 solum
2579 5383 2631 5437 in
2683 5383 2812 5452 ipsis
2840 5396 2959 5438 esse
3010 5381 3279 5447 dicuntur,
3323 5383 3574 5451 quoniam
3604 5387 3722 5439 sine

2130 5475 2214 5532 his
2253 5487 2372 5529 esse
2399 5489 2507 5528 non
2539 5483 2764 5542 possunt
2801 5487 3024 5542 quorum
3062 5473 3231 5542 prima
3259 5481 3384 5526 sunt
3414 5473 3716 5543 conjugata.

2127 5565 2268 5620 Nihil
2314 5566 2456 5620 enim
2491 5564 2628 5618 inter
2661 5562 2851 5618 aﬁ'ecta
2892 5563 2968 5617 sic
2999 5561 3302 5632 proximum
3336 5571 3437 5627 est,
3483 5579 3638 5634 quam
3667 5563 3720 5622 id

2126 5660 2267 5735 quod
2290 5669 2344 5715 et
2375 5675 2432 5713 re
2455 5666 2509 5713 et
2539 5657 2756 5712 nomine
2783 5657 3088 5726 participat,
3132 5657 3232 5712 nisi
3258 5657 3399 5727 quod
3435 5673 3592 5727 parva
3622 5672 3718 5711 no-

2126 5754 2289 5807 minis
2318 5752 2603 5807 intlexione
2631 5749 2951 5820 seiungitur.
2989 5749 3118 5805 Nam
3154 5751 3204 5805 id
3229 5750 3582 5821 quodjustum
3613 5760 3718 5808 est.

2126 5853 2180 5903 et
2206 5845 2411 5915 justitia
2445 5843 2746 5914 participat,
2782 5851 2834 5899 ει
2864 5842 3063 5898 inﬂexo
3087 5843 3306 5913 justitia:
3340 5844 3556 5901 nomine
3585 5859 3715 5900 nuu~
