4036 6336
765 314 818 328 "V

297 365 440 436 i089

1137 368 1202 428 1N
1233 367 1484 428 TOPICA
1519 367 1879 427 CICERONIS
1917 366 2444 428 COMMENTARIA.
2484 369 2617 426 LIB.
2657 369 2749 427 Ill.

3430 375 3568 432 {090

295 503 548 563 cupatur,
597 501 650 548 et
704 493 758 547 in
801 491 1012 547 caeteris
1039 491 1252 562 quidem
1283 489 1581 562 conjugatis
1608 491 1749 546 idem
1780 499 1881 546 est.
1910 493 1964 553 Α
1988 501 2109 543 esse
2137 489 2388 544 dicuntur
2414 488 2625 556 allecta,
2653 490 2774 559 quia
2803 498 2930 546 sunt
2949 491 3016 546 ad
3045 492 3266 564 aliquid,
3294 503 3346 549 et
3375 510 3574 567 propo-

297 589 427 644 Post
471 586 587 640 haec
640 594 1046 639 annumeratum
1083 592 1165 637 est
1193 598 1382 653 genus.
1434 582 1614 638 Genus
1642 599 1771 638 vero
1800 591 1885 638 est

295 679 441 750 quod
481 677 768 748 cujuslibet
815 675 1186 731 universaliter
1216 676 1566 731 substantiam
1597 685 1882 744 monstrat,

296 772 517 843 etquod
559 771 850 826 multorum
893 769 1072 838 specie
1111 769 1473 835 diversorum,
1506 768 1886 825 substantialis

294 877 379 921 est
409 865 720 920 similitudo.
752 863 901 931 Quod
952 879 983 918 a
1030 863 1323 933 propositis
1375 863 1619 918 terminis
1670 863 1883 933 longius

292 976 454 1027 quam
481 960 761 1029 conjugata
790 957 1104 1026 seiungitur,
1133 954 1254 1026 quia
1285 956 1495 1010 tametsi
1528 955 1885 1011 substantiam

283 1061 580 1116 zaionstrat,
609 1061 785 1104 tamen
830 1065 897 1103 ne
950 1049 1147 1104 inﬂexo
1197 1049 1412 1118 quidem
1459 1050 1720 1104 vocabulo
1764 1064 1885 1104 cum

293 1147 508 1202 termini
554 1147 767 1201 nomine
793 1143 1094 1214 copulatur,
1129 1143 1222 1198 sed
1264 1143 1419 1214 longe
1447 1143 1658 1214 lateque
1701 1143 1884 1197 diver-

294 1254 379 1294 so.
436 1237 571 1292 lluic
617 1236 865 1305 adjuncta
914 1245 997 1290 est
1045 1234 1274 1304 species,
1308 1250 1467 1304 quam
1501 1235 1729 1290 formam
1761 1235 1888 1289 Tul-

295 1330 400 1383 lius
423 1327 725 1396 appellavit,
774 1327 898 1397 quia
945 1325 1075 1380 nihil
1105 1336 1188 1380 est
1232 1334 1338 1380 tam
1372 1327 1674 1395 proximum
1704 1324 1887 1395 generi

294 1433 456 1486 quam
487 1417 716 1487 Species.
766 1416 986 1486 Species
1014 1431 1142 1471 vero
1172 1427 1255 1472 est
1284 1418 1654 1473 substantialis
1697 1418 1888 1472 indivi-

294 1511 524 1564 duorum
571 1509 881 1572 similitudo,
941 1510 1162 1578 etquod
1218 1510 1317 1564 sub
1367 1526 1567 1579 genere
1639 1509 1880 1579 ponitur.

297 1603 427 1658 Post
474 1606 632 1669 hanc,
677 1603 970 1659 similitudo
1023 1615 1107 1658 est
1156 1606 1466 1660 constituta.
1527 1607 1734 1661 Etenim
1769 1617 1890 1676 post

296 1693 428 1748 illud
451 1693 589 1747 'dem
616 1693 755 1763 quod
789 1694 841 1747 in
869 1693 1180 1748 substantiis
1212 1695 1544 1765 intelligitur,
1582 1695 1710 1750 illud
1743 1697 1884 1752 idem

297 1797 446 1842 recte
484 1788 697 1856 ponitur
741 1786 886 1856 quod
931 1786 983 1840 in
1040 1787 1295 1855 qualitate
1341 1803 1462 1842 esse
1517 1787 1885 1857 perpenditur.

1991 583 2080 638 siti
2109 584 2320 638 termini
2350 585 2609 641 relatione
2626 594 2931 641 nectuntur.
2959 587 3089 641 Nam
3113 600 3165 643 et
3193 590 3432 645 deﬁnitio
3468 593 3572 648 ali-

1986 675 2142 745 cujus
2171 676 2530 744 estdelinitio,
2561 689 2616 733 et
2669 687 2839 734 totum
2870 682 3101 748 partium
3158 681 3323 737 totum
3358 695 3461 752 est,
3512 696 3567 742 et

1989 775 2113 821 nota
2141 766 2420 836 signiﬁcati
2449 777 2573 823 nota
2601 778 2704 824 est.
2753 770 2860 825 Sed
2903 771 3226 839 inspicienda
3277 786 3464 830 natura
3485 786 3572 832 est

1988 861 2343 932 singulorum,
2374 870 2428 917 et
2482 863 2766 918 videndum
2790 879 2914 917 num
2961 863 3208 920 similiter
3234 866 3348 920 haec
3367 869 3432 922 ad
3471 871 3573 923 ali-

1989 953 2116 1022 quid
2147 953 2448 1007 relerantur
2475 963 2536 1007 ut
2564 965 2781 1009 castera.
2809 955 2938 1008 Nam
2989 956 3229 1011 delinitio
3260 975 3371 1013 rem
3411 975 3569 1030 quam

1989 1045 2178 1100 deﬁnit
2205 1046 2601 1116 quodammodo
2623 1048 2852 1115 eXplicat
2879 1058 3037 1119 atque
3065 1053 3383 1106 conformat.
3437 1054 3569 1110 Item

1989 1147 2171 1207 partes
2193 1153 2306 1192 rem
2325 1137 2487 1207 ‘ctrjus
2534 1148 2713 1208 partes
2762 1149 2887 1194 sunt
2943 1144 3153 1210 prepria
3195 1144 3573 1212 conjunctione

1991 1231 2296 1300 perﬁciunt.
2330 1231 2464 1286 Nota
2497 1247 2646 1297 vero,
2679 1231 2798 1300 ejus
2850 1233 3175 1289 intellectum
3218 1239 3574 1294 communiter

1991 1330 2159 1390 tenet,
2192 1336 2245 1380 et
2274 1339 2393 1379 cum
2433 1326 2547 1381 haec
2577 1335 2768 1380 cmtera
2801 1341 2919 1395 quae
2960 1337 3218 1382 vocantur
3246 1329 3434 1386 allecta
3467 1347 3574 1387 non

1991 1415 2212 1481 faciant,
2243 1417 2365 1486 jure
2394 1417 2507 1472 haec
2540 1432 2645 1472 non
2677 1419 2818 1472 inter
2847 1418 3032 1473 all‘ecta
3053 1431 3342 1490 ponuntur,
3370 1423 3463 1478 sed
3522 1423 3577 1478 in

1992 1523 2058 1563 eo
2084 1510 2198 1578 ipso
2227 1509 2366 1578 quod
2393 1510 2556 1564 veluti
2587 1510 2875 1565 conﬁciunt
2902 1521 3062 1581 atque
3105 1515 3461 1581 conformant,
3497 1517 3580 1572 iu-

1995 1619 2116 1658 esse
2141 1606 2409 1659 dicuntur.
2436 1606 2542 1660 Sed
2575 1607 2824 1676 quoniam
2847 1607 2913 1662 de
2938 1607 2989 1662 vi
3030 1618 3189 1678 atque
3211 1612 3399 1668 ordine
3427 1614 3578 1670 loco-

1994 1711 2113 1751 rum
2142 1697 2472 1752 sufﬁcienter
2487 1699 2685 1753 dictum
2719 1711 2822 1765 est,
2842 1715 2982 1756 nunc
3014 1702 3080 1756 ad
3110 1706 3381 1772 sequentia
3405 1715 3580 1763 trans-

1995 1803 2202 1842 eamus.
2239 1788 2440 1844 Prtnter
2456 1791 2631 1844 omnia
2660 1793 2801 1844 enim
2823 1807 2940 1860 quae
2969 1796 3215 1862 superius
3257 1795 3399 1850 dicta
3430 1807 3578 1862 sunt,

294 1876 560 1935 Paulatim
610 1894 736 1934 vero
785 1893 870 1932 res
903 1878 1088 1946 incipit
1131 1895 1160 1931 a
1203 1879 1554 1935 similitudine
1607 1881 1886 1945 recedere,
1921 1878 1968 1938 B
1996 1881 2122 1936 illud
2153 1883 2691 1938 animadvertendum
2722 1885 2951 1941 maxime
2975 1895 3077 1953 est,
3099 1889 3219 1957 quia
3243 1902 3348 1942 non
3379 1890 3423 1943 si
3453 1889 3582 1959 quid

297 1985 400 2026 nec
427 1971 606 2026 statim
637 1970 703 2024 ad
733 1970 1059 2025 contrarium
1080 1972 1248 2036 venit,
1273 1973 1365 2026 sed
1399 1974 1546 2042 prius
1571 1989 1601 2027 a
1627 1973 1885 2028 diﬁ‘eren-

298 2063 371 2119 tia
403 2065 576 2119 locum
607 2063 814 2118 statuit.
838 2062 970 2117 Nam
997 2076 1200 2119 remota
1218 2065 1568 2120 similitudine
1594 2067 1893 2123 nihilaliud

298 2157 534 2211 occurrit
571 2156 736 2225 prius,
762 2156 861 2210 nisi
895 2155 1218 2212 diﬁ'erentia.
1278 2158 1403 2212 Post
1433 2159 1590 2225 hanc,
1622 2176 1652 2213 a
1679 2171 1897 2215 contra-

298 2248 383 2303 rio
413 2248 585 2303 locum
615 2248 779 2317 ducit,
805 2248 858 2302 id
885 2259 970 2304 est
1009 2265 1038 2302 a
1069 2251 1300 2304 maxima
1335 2251 1657 2306 diﬁerentia.
1688 2254 1894 2308 Rursus

301 2339 369 2394 ad
389 2341 558 2394 amica
589 2340 688 2395 sibi
719 2340 908 2394 aﬁeeta
942 2343 1294 2398 convertitur.
1326 2343 1432 2398 Sed
1486 2359 1590 2398 non
1619 2360 1686 2399 eo
1728 2347 1891 2402 modo

301 2433 474 2489 amica
515 2448 622 2503 quo
669 2444 793 2488 sunt
834 2434 1062 2499 similia,
1119 2435 1369 2504 adjuncta
1413 2436 1554 2491 enim
1610 2441 1894 2508 proponit,

302 2540 423 2594 qua:
445 2539 552 2580 non
583 2535 708 2580 sunt
743 2527 963 2596 integra:
995 2519 1380 2591 similitudinis,
1424 2529 1516 2583 sed
1551 2529 1690 2584 inter
1717 2545 1777 2585 se
1811 2531 1900 2600 ju-

303 2617 454 2685 dicii,
497 2628 552 2674 et
607 2619 772 2672 veluti
813 2617 1091 2688 cujusdam
1155 2634 1332 2673 rerum
1383 2619 1482 2673 sibi
1514 2621 1897 2677 cohaerentium

305 2709 743 2779 propinquitatis.
775 2708 905 2764 Post
924 2708 1174 2778 adjuncta
1205 2725 1331 2765 vero
1359 2713 1732 2765 antecedentia
1761 2713 1897 2767 'l‘ul-

306 2802 411 2856 lius
443 2803 636 2871 posuit.
671 2802 800 2856 Post
835 2802 884 2855 id
909 2802 1050 2856 enim
1093 2803 1234 2872 quod
1265 2803 1444 2873 aliquo
1475 2806 1635 2860 modo
1657 2806 1899 2874 junctum

307 2902 410 2958 est,
443 2891 642 2962 aliquid
678 2908 900 2948 necesse
951 2904 1033 2948 est
1073 2904 1165 2948 aut
1213 2896 1536 2951 antecedens
1587 2905 1680 2952 aut
1707 2912 1901 2954 conse-

309 2999 479 3054 quens
527 2985 871 3055 intelligatur.
924 2987 1076 3042 Prius
1133 2988 1312 3058 itaque
1361 2990 1725 3060 antecedens,
1782 3001 1902 3060 post

309 3091 644 3148 consequens
692 3080 1012 3135 collocatum
1069 3090 1175 3135 est.
1222 3082 1348 3136 Post
1391 3084 1505 3141 haec
1548 3086 1902 3154 repugnantia

310 3166 465 3232 dixit,
490 3176 546 3222 ut
573 3167 964 3236 quodammodo
995 3169 1192 3239 duplex
1213 3171 1346 3226 ordo
1374 3174 1812 3228 contrarietatum
1838 3189 1901 3228 ac

1995 1977 2047 2031 in
2079 1978 2408 2045 argumentis
2455 1977 2610 2032 fuerit
2653 1989 2942 2048 smnptum,
2992 1980 3122 2034 illttd
3180 1995 3366 2036 eorum
3421 1991 3584 2050 argu~

1994 2073 2299 2120 mentorum
2356 2066 2504 2120 locus
2530 2066 2800 2122 ‘dicendus
2840 2076 2942 2134 est,
2978 2069 3077 2123 nisi
3109 2084 3214 2124 non
3245 2071 3416 2125 solum
3459 2071 3584 2126 insit

1997 2158 2332 2227 argumentis
2360 2198 2374 2220 ,
2403 2172 2586 2212 verum
2619 2159 2778 2213 etiam
2809 2160 2875 2213 ab
2913 2174 2979 2214 eo
3009 2170 3320 2229 argumenta
3351 2177 3581 2219 nascan-

2000 2258 2106 2302 tur.
2140 2249 2194 2302 Id
2218 2249 2511 2319 qttoddico,
2545 2251 2784 2320 planiore
2812 2252 3032 2320 liquebit
3062 2255 3328 2324 exemplo.
3365 2255 3580 2327 Siquod

1998 2342 2140 2396 enim
2174 2341 2334 2396 luerit
2364 2353 2734 2409 argumentum
2779 2345 2830 2398 in
2863 2361 2969 2413 quo
2998 2356 3238 2401 sumatur
3285 2362 3454 2416 genus
3494 2347 3584 2405 vel

2000 2434 2242 2501 species,
2276 2447 2382 2486 non
2405 2433 2583 2486 statim
2617 2434 2746 2488 illud
2777 2445 3143 2505 argumentum
3165 2452 3233 2491 ex
3275 2453 3471 2507 genere
3496 2439 3584 2495 vel

2000 2527 2181 2594 specie
2209 2533 2437 2579 tractum
2463 2539 2583 2579 esse
2611 2525 2836 2594 dicitur,
2869 2529 2968 2582 nisi
3019 2531 3064 2582 ei
3103 2540 3415 2598 argumento
3443 2531 3587 2586 vires

2001 2618 2215 2687 generis
2244 2617 2328 2672 vel
2351 2618 2548 2687 speciei
2581 2618 2807 2686 qualitas
2852 2620 3242 2675 subministret.
3266 2621 3378 2691 Age
3407 2623 3582 2689 enim,

2002 2713 2073 2766 sit
2097 2720 2322 2781 quzestto
2348 2729 2412 2766 an
2437 2712 2578 2766 idem
2610 2713 2679 2767 sit
2707 2715 2918 2768 animali
2947 2729 3066 2770 esse
3114 2717 3253 2786 quod
3303 2718 3502 2782 vivere,
3528 2727 3587 2774 et

2006 2803 2099 2858 ﬁat
2119 2805 2506 2874 argumentatio
2529 2806 2608 2860 sic
2637 2823 2651 2860 :
2679 2824 2783 2861 non
2808 2807 2944 2862 idem
2962 2809 3270 2864 estanimali
3293 2825 3412 2866 esse
3436 2811 3584 2882 quod

2007 2896 2209 2965 vivere,
2242 2896 2364 2965 quia
2395 2913 2462 2952 ne
2484 2897 2774 2952 inanimato
2797 2899 3009 2968 quidem
3033 2901 3171 2956 idem
3196 2912 3275 2956 eat
3297 2918 3416 2958 esse
3441 2904 3585 2973 quod

2003 2988 2165 3050 mori,
2196 2989 2420 3056 plurima
2444 2989 2638 3058 quippe
2661 3001 2786 3045 sunt
2815 2991 3128 3061 inanimata,
3151 3011 3322 3066 neque
3349 2998 3588 3053 moriun-

2007 3087 2114 3132 tur.
2148 3078 2281 3133 Nam
2327 3095 2446 3150 qua:
2488 3096 2756 3151 nunquam
2803 3083 3005 3152 vixere,
3061 3101 3129 3140 ne
3185 3089 3318 3141 mori
3371 3089 3584 3158 quidem

2007 3184 2165 3238 posse
2192 3170 2532 3227 manifestum
2559 3184 2657 3228 est.
2689 3174 2802 3229 Hoc.
2852 3175 3010 3244 igitur
3039 3176 3386 3234 inanimatum
3418 3194 3588 3250 genus

310 3257 718 3313 similitudinum
760 3269 1088 3313 nasceretur.
1148 3260 1300 3316 Prius
1348 3263 1490 3318 enim
1542 3269 1820 3335 proposuit
1865 3279 1896 3320 a
1930 3273 1977 3338 (ζ
2008 3271 2092 3318 est
2123 3263 2459 3332 lapidum,ac
2487 3265 2721 3320 fusilium
2744 3268 3101 3336 metallorum,
3131 3279 3186 3325 et
3207 3286 3474 3342 sumptum
3505 3284 3589 3331 est
3639 3265 3662 3284 ’

312 3357 497 3423 simili,
524 3374 553 3412 a
592 3358 911 3425 dill’ercntia,
943 3376 973 3414 a
995 3361 1282 3425 contrario,
1315 3372 1475 3432 atque
1495 3363 1580 3416 hie
1609 3365 1889 3421 universus

314 3451 451 3505 ordo
498 3459 581 3506 est
611 3451 864 3506 similium
906 3461 958 3506 et
1001 3455 1414 3511 contrariorum.
1460 3455 1664 3511 Rursus
1707 3460 1774 3512 ab
1813 3459 1900 3513 ad-

312 3542 534 3612 junctis,
577 3544 644 3598 ab
685 3545 1140 3609 antecedentibus,
1187 3560 1217 3599 a
1245 3548 1716 3616 consequentibus,
1758 3564 1786 3602 a
1815 3565 1902 3606 re-

315 3636 694 3705 pugnantibus.
756 3638 849 3692 llic
892 3654 1079 3692 rursus
1108 3638 1372 3693 secundus
1393 3639 1529 3693 ordo
1561 3640 1812 3694 similium
1847 3649 1903 3695 et

316 3729 710 3783 contrariorum
753 3743 876 3784 esse
901 3729 1343 3798 deprehenditur.
1375 3731 1478 3786 Sed
1515 3732 1718 3800 primus
1748 3732 1902 3788 valde

317 3819 616 3874 evidentior
645 3836 802 3890 quam
835 3821 1135 3886 secundus;
1163 3822 1281 3891 plus
1309 3830 1390 3876 est
1419 3822 1560 3876 enim
1582 3823 1758 3877 sin'iile
1785 3838 1903 3880 esse

316 3929 477 3982 quam
491 3913 822 3984 adjunctum,
839 3915 956 3984 plus
978 3925 1060 3969 est
1073 3914 1292 3970 dillerre
1305 3930 1462 3985 quam
1479 3917 1800 3972 antecedere
1819 3917 1903 3973 vel

317 4005 597 4074 consequi,
630 4005 747 4074 plus
774 4006 1029 4061 etiamest
1052 4007 1381 4062 contrarium
1401 4023 1558 4077 quam
1573 4024 1899 4079 repugnans.

318 4096 390 4150 Et
435 4097 488 4150 in
547 4111 644 4152 suo
693 4113 919 4167 quaeque
972 4098 1161 4154 ordine
1230 4101 1443 4168 plenam
1513 4101 1746 4155 retinent
1798 4099 1904 4155 foro

317 4203 483 4254 mam,
510 4188 654 4244 velut
682 4189 802 4258 quia
832 4189 1122 4245 similitudo
1145 4192 1596 4260 pr0pinquitatem
1620 4194 1905 4261 quamdam

321 4292 510 4337 tenere
538 4281 733 4338 debet:
774 4284 1122 4354 pr0pinquius
1163 4293 1244 4338 est
1271 4285 1414 4338 enim
1448 4286 1500 4339 id
1555 4287 1694 4356 quod
1724 4296 1805 4342 est
1834 4287 1907 4342 si-

319 4374 446 4428 mile
475 4375 522 4429 ei
543 4377 627 4430 cui
656 4377 830 4431 simile
863 4391 980 4432 esse
1029 4378 1423 4444 consideratur,
1480 4394 1636 4449 quam
1666 4379 1718 4434 id
1764 4381 1907 4450 quod

318 4466 628 4534 adjunctum
650 4478 733 4522 est
762 4470 807 4523 ei
836 4470 919 4523 cui
970 4471 1200 4525 naturali
1252 4472 1525 4527 vicinitate
1546 4473 1904 4544 conjungitur.

320 4558 528 4612 Rursus
557 4559 808 4629 quoniam
836 4561 1140 4617 diﬁeretttia
1172 4563 1540 4619 similitudinis
1567 4574 1756 4620 auctor
1802 4577 1905 4634 est,

2005 3355 2060 3409 in
2085 3365 2482 3425 argumentum,
2513 3358 2608 3412 sed
2642 3375 2746 3413 non
2777 3375 2842 3414 ex
2867 3377 3064 3430 genere
3093 3363 3288 3418 factum
3319 3374 3403 3420 est
3432 3381 3589 3436 argu-

2003 3458 2266 3513 mentum,
2299 3448 2421 3503 licet
2453 3449 2504 3502 in
2537 3450 2724 3504 eodem
2773 3467 2941 3520 genus
2997 3453 3240 3508 videatur
3294 3456 3581 3524 inclusum;

2004 3538 2099 3593 sed
2131 3540 2305 3608 potius
2325 3556 2354 3594 a
2385 3542 2675 3594 contrario.
2701 3540 2832 3594 Nam
2857 3543 3181 3597 contrarium
3209 3556 3291 3599 est
3319 3547 3441 3601 vita:
3468 3550 3588 3617 qui-

2005 3632 2128 3685 dem
2159 3648 2334 3699 mors,
2359 3634 2671 3687 animalium
2705 3635 3087 3700 inanimatum;
3146 3638 3239 3692 sed
3297 3641 3430 3694 mori
3479 3657 3585 3697 non

2005 3725 2248 3792 sequitur
2275 3725 2649 3802 inanimatam,
2671 3727 2828 3795 igitur
2843 3743 2908 3782 ne
2929 3729 3125 3782 animal
3152 3730 3364 3799 quidem
3384 3733 3586 3790 vivere.

2005 3814 2120 3869 Non
2146 3831 2272 3887 ergo
2291 3832 2355 3871 ex
2381 3832 2578 3886 genere
2614 3819 2765 3872 locus
2791 3818 2892 3874 iste
2915 3819 3186 3876 ducendus
3217 3831 3297 3877 est
3318 3864 3331 3887 ,
3357 3823 3448 3879 sed
3495 3840 3592 3894 po-

2005 3910 2115 3965 tius
2140 3926 2206 3965 ex
2236 3911 2525 3977 contrario,
2553 3913 2796 3981 quamvis
2843 3928 3010 3981 genus
3061 3914 3362 3983 hujusmodi
3420 3918 3589 3972 conli-

2008 4012 2134 4058 neat
2175 4012 2580 4072 argumentum;
2605 4014 2733 4059 tunc
2757 4008 2898 4059 enim
2951 4006 3098 4060 locus
3138 4016 3281 4060 esset
3306 4022 3334 4059 a
3365 4023 3588 4079 genere,

2009 4096 2055 4150 si
2079 4096 2147 4150 ab
2173 4097 2419 4151 animalis
2444 4099 2577 4152 vela
2609 4099 2822 4153 vivendi
2867 4114 3062 4167 genere
3112 4104 3404 4169 argumenti
3456 4107 3593 4160 ratio

2009 4189 2333 4254 traheretur,
2364 4190 2509 4244 velut
2531 4191 2576 4245 si
2607 4191 2680 4245 ita
2710 4192 2862 4245 ﬁeret
2913 4204 3282 4261 argumentum
3324 4213 3334 4247 :
3374 4198 3592 4254 animali

2009 4295 2152 4346 esse,
2176 4281 2489 4336 substantia:
2510 4293 2762 4347 estesse;
2797 4283 2968 4352 ipsum
3000 4299 3128 4340 vero
3148 4286 3326 4342 vivere
3341 4290 3594 4345 substan-

2008 4373 2082 4428 tia
2115 4389 2218 4426 non
2250 4384 2354 4439 est,
2385 4375 2479 4428 sed
2513 4375 2563 4429 in
2595 4377 2945 4430 substantiam
2999 4378 3161 4432 venit.
3203 4379 3316 4435 Non
3360 4392 3440 4436 est
3495 4384 3594 4452 igi-

2011 4474 2096 4519 tur
2125 4464 2264 4519 idem
2294 4467 2474 4521 vivere
2505 4467 2647 4536 quod
2678 4468 2893 4520 animali
2925 4482 3067 4524 esse.
3094 4473 3133 4522 A
3172 4472 3464 4526 substantia
3498 4475 3594 4543 igi-

2013 4568 2099 4613 tur
2123 4569 2346 4614 tractum
2369 4569 2452 4614 est
2482 4569 2878 4628 argumentum,
2902 4575 2930 4615 a
2956 4575 3153 4629 genere
3201 4564 3452 4620 videlicet
3477 4565 3594 4620 ani-

321 4651 636 4705 dissimilius
663 4663 744 4706 est
765 4653 815 4706 id
840 4654 980 4723 quod
993 4656 1061 4708 ab
1077 4656 1464 4726 aliquodiﬁ‘ert,
1491 4673 1650 4728 quam
1681 4657 1734 4713 id
1767 4659 1908 4728 quod

2015 4651 2191 4705 malis.
2228 4652 2338 4705 Hoc
2365 4651 2523 4720 igitur
2553 4659 2948 4721 argumentum,
3001 4659 3054 4706 et
3108 4667 3274 4723 genus
3329 4660 3592 4722 continet,

321 4744 664 4812 consequitur
681 4745 760 4800 vel
775 4747 1060 4802 antecedit.
1083 4749 1284 4804 Rursus
1296 4752 1547 4819 quoniam
1575 4753 1906 4807 contrarium

323 4835 632 4904 longissime
654 4837 720 4891 ab
747 4853 812 4893 eo
834 4839 923 4908 qui
958 4842 1286 4896 contrarium
1333 4852 1417 4897 est
1453 4852 1665 4912 oportet
1718 4843 1909 4900 absce-

323 4930 474 4994 dere,
509 4929 716 5000 longius
743 4931 1326 4989 absceditcontrariutn
1375 4951 1532 5004 quam
1585 4952 1906 5008 repugnans.

327 5021 456 5076 Post
489 5023 605 5076 haec
636 5023 760 5092 quid
792 5025 932 5079 aliud
988 5034 1192 5081 restare
1232 5035 1440 5095 poterat
1487 5044 1644 5098 quam
1695 5030 1912 5084 elIecto-

235 5135 242 5140 ι
325 5127 444 5169 rum
467 5128 656 5167 causas
701 5117 992 5184 quarrere?
1043 5127 1135 5172 attt
1185 5127 1306 5187 post
1369 5117 1679 5174 eﬁectorum
1723 5136 1912 5176 causas

326 5207 452 5277 quid
483 5209 624 5262 aliud
651 5225 811 5278 quam
841 5212 1078 5280 ipsarum
1109 5227 1388 5267 causarum
1444 5216 1752 5284 perquirere
1786 5218 1913 5274 cﬁ‘e-

325 5307 482 5364 ctus?
510 5307 774 5366 Prteterea
795 5327 823 5364 a
857 5313 1258 5381 comparatione
1285 5313 1410 5380 loci,
1463 5325 1787 5384 postremum
1823 5335 1913 5374 or-

324 5398 507 5454 dinem
533 5409 736 5466 tenent,
769 5401 896 5472 quia
925 5405 1038 5458 sive
1069 5404 1617 5469 similitudinem,sive
1638 5407 1914 5465 dissimili-

328 5493 568 5548 tudinem
599 5495 654 5548 in
684 5493 795 5549 sola
817 5495 1060 5550 obtinent
1083 5497 1397 5564 quantitate.
1426 5500 1506 5552 Ac
1547 5497 1616 5554 de
1669 5499 1909 5558 locorum

325 5589 517 5644 ordine
539 5592 668 5645 satis
695 5590 894 5646 dictum
927 5601 1029 5646 est.
1056 5591 1190 5645 lllud
1246 5600 1510 5661 practerea
1563 5596 1911 5651 consideran-

295 5682 454 5752 ;dum
489 5692 635 5750 puto,
667 5699 792 5737 num
825 5683 879 5736 hi
909 5697 1122 5752 quoque
1145 5694 1577 5754 argumentorum
1609 5687 1709 5741 loci
1739 5688 1827 5757 qui
1855 5688 1908 5744 in

327 5775 446 5845 ipso
480 5777 683 5830 haerent
710 5775 778 5830 de
799 5791 902 5845 quo
930 5776 1211 5845 qumritur,
1242 5777 1380 5833 inter
1409 5777 1598 5833 allecta
1636 5777 1755 5847 jure
1811 5796 1913 5835 nu-

331 5876 625 5924 merentur.
674 5866 1115 5938 Quandoquidem
1156 5883 1275 5940 quae
1313 5868 1503 5928 aﬁecta
1529 5879 1677 5942 sunt,
1705 5870 1908 5931 idcirco

2017 4754 2071 4799 et
2100 4761 2163 4799 ex
2195 4760 2389 4815 genere
2417 4745 2634 4799 ductum
2664 4755 2776 4811 est;
2811 4746 2861 4798 in
2886 4746 3064 4816 priore
3093 4763 3254 4817 vero,
3301 4751 3395 4803 etsi
3429 4764 3596 4819 genus

2020 4837 2279 4901 continet,
2316 4853 2344 4890 a
2376 4838 2644 4892 contrario
2673 4847 2851 4893 tamen
2881 4839 3095 4894 ductum
3147 4856 3266 4896 esse
3319 4842 3596 4910 perpendi-

2022 4940 2124 4985 tur.
2153 4931 2284 4985 lllttd
2313 4931 2455 4985 enim
2475 4945 2687 5000 semper
2716 4931 3097 5000 speculandum
3129 4944 3230 4998 est,
3263 4948 3365 4986 non
3391 4933 3515 5003 quid
3542 4934 3594 4989 in

2021 5034 2334 5094 argumento
2360 5026 2448 5090 sit,
2478 5024 2570 5079 sed
2593 5040 2656 5081 ex
2689 5040 2795 5095 quo
2816 5026 3028 5082 ducitur
3043 5037 3436 5096 argumentum,
3467 5038 3520 5083 et
3543 5030 3593 5084 in

2021 5117 2234 5172 caeteris
2259 5117 2472 5186 quidem
2499 5119 2684 5173 eadem
2709 5119 2842 5174 ratio
2883 5120 3110 5175 tenenda
3155 5131 3257 5184 est,
3316 5138 3485 5191 neque
3517 5133 3597 5179 est

2020 5208 2228 5264 enimin
2258 5210 2482 5279 singulis
2512 5211 2926 5266 immorandum.
2973 5213 3028 5267 Si
3059 5212 3177 5282 quis
3203 5213 3344 5267 enim
3375 5213 3597 5284 diligen-

2016 5302 2140 5356 tiam
2171 5302 2413 5358 decursa:
2442 5305 2685 5373 superius
2723 5305 3073 5373 expositionis
3120 5306 3398 5371 exercuit,
3445 5309 3598 5364 facile

2017 5395 2070 5450 in
2095 5396 2316 5465 reliquis
2364 5397 2600 5468 colliget,
2647 5398 2785 5465 quod
2827 5412 2932 5451 uno
2969 5396 3272 5453 declaratur
3325 5403 3593 5469 exemplo.

2068 5496 2286 5562 Quando
2299 5513 2419 5568 ergo
2433 5500 2776 5566 unusquisque
2785 5514 2957 5551 eorum
2980 5498 3203 5551 locorum
3215 5517 3342 5570 quos
3363 5505 3593 5571 exposui,

2011 5606 2106 5643 sua
2133 5592 2364 5660 quantum
2387 5595 2608 5646 membra
2629 5593 2794 5656 habet,
2827 5609 2886 5645 ea
2903 5607 3054 5657 quant
3079 5593 3405 5648 subtilissime
3429 5613 3599 5666 perse-

2012 5700 2245 5753 quamur,
2265 5695 2311 5739 et
2339 5688 2560 5756 primunt
2581 5686 2644 5738 de
2662 5686 2773 5751 ipsa
2799 5684 3089 5751 deﬁnitione
3114 5687 3333 5740 dicatur.
3355 5688 3598 5756 Deﬁnitio

2011 5785 2085 5831 est
2113 5779 2275 5831 oratio
2304 5795 2417 5848 quae
2437 5780 2490 5832 id
2515 5778 2651 5846 quod
2677 5777 2921 5844 deﬁnitur
2941 5778 3161 5847 explicat
3183 5781 3307 5849 quid
3326 5783 3411 5837 sit.

2084 5877 2381 5947 Propositis
2410 5879 2568 5948 igitur
2581 5881 2817 5936 breviter
2839 5890 3273 5951 argumentorum
3299 5883 3452 5952 locis,
3476 5898 3596 5940 eos-
