4036 6336
493 258 628 317 1091

1732 240 1840 301 ΔΝ.
1883 241 2087 298 MANL.
2120 236 2269 298 θεν.
2304 240 2525 299 ΒΟΕΤΙΙ

3634 236 3761 293 10112

494 374 618 429 dem
640 366 887 426 subtilius
916 374 1074 436 atque
1094 360 1375 418 enodatius
1405 355 1593 414 statuit
1620 370 1719 426 per
1740 369 1865 410 suas
1895 363 2074 423 partes
2101 358 2155 416 Α
2182 354 2379 409 tionem
2393 354 2740 422 determinat,
2758 352 2971 407 dicens:
2992 351 3243 408 Deﬁnitio
3255 360 3338 409 est
3354 350 3533 408 oratio
3546 351 3760 424 quidest

494 476 542 517 et
571 461 924 521 convenentia
951 456 1187 514 membra
1244 452 1449 524 partiri.
1513 450 1588 505 lta
1636 450 1787 507 enim
1837 448 2078 503 locorum

496 559 737 614 omnium
791 533 1095 621 diligentius
1146 554 1333 603 natura
1383 541 1835 609 considerabitur,
1891 539 2078 595 sinon

497 649 720 707 confuse
739 647 934 711 solum,
964 658 1149 699 verum
1186 640 1350 695 etiam
1382 635 1737 701 distributim,
1766 644 1822 692 et
1871 634 1926 689 in
1954 649 2079 693 8M9

498 758 616 803 rum
648 738 876 810 partium
929 735 1251 807 pmprietate
1315 738 1625 810 noscantur.
1664 727 1767 787 Dat
1809 740 1938 783 vero
1978 726 2079 783 hoc

499 835 718 891 multam
748 826 1187 885 inveniendorum
1239 804 1451 893 copiam
1494 828 1936 891 argumentorum
1971 836 1986 875 :
2022 828 2079 881 ut

498 922 641 983 enini
672 923 739 978 de
764 920 1072 976 deﬁnitione
1114 917 1387 979 dicamus,
1416 913 1468 983 si
1491 922 1710 969 cunctas
1734 910 1925 981 aliquis
1979 909 2077 965 de?

497 1017 800 1077 ﬁnitionum
829 1022 1007 1082 partes
1033 1009 1331 1081 agnoverit,
1358 1023 1422 1060 ex
1452 1005 1700 1060 omnibus
1727 1002 1829 1057 sibi
1880 999 2079 1070 poterit

497 1114 811 1179 argumenta
835 1104 1173 1173 conquirere,
1198 1100 1405 1167 eritque
1436 1098 1488 1152 in
1531 1092 1864 1151 inveniendis
1890 1094 2078 1162 copio-

498 1204 610 1261 sior
638 1198 968 1272 argumentis
987 1211 1052 1252 eo
1073 1195 1163 1266 qui
1183 1201 1312 1264 quot
1333 1193 1435 1247 sint
1485 1188 1814 1245 deﬁnitionis
1870 1186 2077 1255 species

496 1297 723 1367 ignorat.
759 1292 838 1347 Ex
890 1300 966 1345 tot
1003 1288 1144 1344 enim
1207 1284 1575 1341 deﬁnitionum
1619 1280 1859 1349 partibus
1912 1292 2076 1349 argu-

496 1396 678 1446 menta
726 1383 1004 1455 producet,
1040 1388 1267 1450 quantas
1315 1377 1435 1447 quis
1472 1373 1842 1431 deﬁnitionum
1900 1379 2079 1439 partes

501 1495 622 1537 esse
643 1476 970 1547 cognoverit.
1012 1474 1059 1527 is
1106 1484 1235 1526 vero
1280 1468 1501 1522 habebit
1548 1464 1833 1534 plurimam
1891 1460 2079 1515 talium

498 1574 739 1631 locorum
768 1569 1094 1632 facultatem,
1148 1578 1309 1634 quem
1374 1559 1749 1616 deﬁnitionum
1795 1553 2080 1613 diversitas

500 1680 608 1721 non
631 1662 833 1720 latebit.
862 1660 944 1714 0b
973 1659 1072 1713 hoc
1104 1658 1261 1728 igitur
1308 1655 1379 1710 Μ.
1431 1652 1657 1720 Tullius,
1687 1662 1822 1720 quos
1855 1645 2081 1705 confuse

497 1766 659 1828 atque
684 1755 947 1824 indigeste
969 1751 1143 1821 posuit
1170 1751 1334 1813 locus,
1380 1760 1521 1799 nunc
1575 1741 1795 1799 eosdem
1849 1739 2079 1809 diligen-

499 1851 635 1907 tiore
659 1848 868 1905 ratione
898 1846 1143 1915 partitur.
1179 1847 1251 1896 Ac
1274 1840 1502 1911 primum
1532 1836 1666 1893 illud
1722 1832 2077 1906 propensiore

495 1942 920 2001 consideratione
942 1936 1273 2001 tractandum
1300 1943 1404 1998 est,
1449 1930 1610 2002 quod,
1646 1938 1704 1983 ut
1758 1928 1953 1982 dictum
1972 1935 2076 1993 est,

494 2036 663 2093 etiam
685 2034 785 2088 loci
817 2031 917 2101 ipsi
941 2044 1028 2085 res
1056 2029 1300 2096 quaedam
1327 2034 1473 2092 sunt,
1527 2024 1621 2077 sed
1653 2030 1779 2075 tunc
1815 2033 1938 2074 esse
1995 2018 2081 2072 in-

498 2128 808 2198 telliguntur
837 2122 959 2186 loci,
1005 2136 1127 2176 cum
1154 2118 1223 2173 ab
1272 2118 1355 2172 his
1401 2114 1630 2170 trahitur
1677 2119 2075 2183 argumentum.

497 2222 642 2292 Ergo
669 2233 807 2281 nunc
850 2216 1042 2273 Cicero
1094 2229 1198 2269 non
1226 2209 1591 2281 principaliter
1636 2206 1822 2271 locos,
1861 2203 1954 2258 sed
1990 2215 2081 2261 res

494 2314 642 2384 ipsas
668 2310 872 2375 dividit,
916 2323 1035 2377 quae
1062 2306 1130 2360 ad
1184 2310 1555 2374 argumentum
1592 2298 1786 2363 ductae,
1844 2296 2080 2364 speciem

497 2411 717 2462 sumunt
734 2404 991 2458 locorum.
1014 2398 1261 2454 Deﬁnitio
1290 2410 1541 2464 namque,
1580 2401 1636 2448 et
1673 2404 1817 2461 pars,
1850 2399 1906 2445 et
1929 2397 2077 2458 nota,

498 2512 589 2555 res
613 2495 855 2567 quaedam
876 2502 1023 2558 sunt,
1051 2490 1145 2547 sed
1174 2504 1296 2555 cum
1323 2488 1394 2543 ab
1416 2487 1501 2543 his
1541 2490 1916 2554 argumentum
1937 2480 2082 2537 duci-

496 2596 604 2653 tur,
637 2586 740 2641 loci
766 2585 919 2647 ﬁunt.
952 2582 1083 2637 Cum
1112 2581 1272 2650 igitur
1321 2578 1391 2634 hi.
1422 2577 1628 2635 Tullius
1676 2590 1764 2630 res
1808 2573 1954 2642 ipsas
2006 2572 2081 2626 ita

494 2690 554 2741 ut
577 2688 702 2739 sunt
722 2678 1044 2735 naturaliter
1064 2676 1344 2745 partiatur,
1372 2672 1532 2727 simul
1553 2686 1676 2725 cum
1710 2668 1870 2727 rebus
1891 2665 2081 2722 dividit

494 2774 668 2837 locos.
697 2772 753 2829 Si
782 2773 924 2829 enim
953 2784 1040 2827 res
1065 2784 1169 2825 una
1195 2776 1275 2824 est
1304 2781 1333 2821 a
1358 2780 1463 2835 qua
1513 2764 1637 2820 duci
1682 2760 1881 2831 poterit
1921 2773 2082 2829 argu-

492 2875 757 2928 mentum,
790 2880 926 2921 unus
948 2870 1031 2919 est
1057 2861 1218 2917 etiam
1266 2860 1441 2924 locus;
1482 2866 1539 2911 at
1592 2855 1639 2911 si
1668 2854 1759 2910 illa
1802 2852 2079 2917 dividitur,

493 2968 622 3031 quot
652 2967 828 3029 partes
849 2956 965 3025 ejus
986 2954 1064 3015 rei
1094 2952 1314 3018 iuerint,
1351 2957 1429 3004 tot
1472 2957 1632 3005 erunt
1654 2947 1816 3005 etiam
1857 2943 1961 3001 loci
1985 2957 2071 3013 ge-

491 3050 639 3107 neris
675 3048 916 3118 ejusdem
963 3046 1029 3100 de
1056 3060 1162 3114 quo
1213 3055 1524 3111 argumenta
1573 3044 1890 3095 nascuntur.
1950 3033 2082 3101 Quae

2179 463 2301 504 esse
2332 448 2660 518 signiﬁcans.
2689 448 2840 503 Hanc
2861 447 2930 505 Μ.
2957 447 3161 502 Tullius
3186 448 3416 516 partitur
3446 448 3551 502 hoc
3574 445 3756 500 modo:

2254 541 2629 611 Deﬁnitionum
2653 550 2825 599 autem
2857 541 2959 595 duo
2990 551 3106 596 sunt
3135 557 3319 614 genere
3366 541 3561 611 prima,
3612 555 3761 594 utrum

2179 650 2358 697 earum
2378 651 2548 690 rerum
2573 651 2689 705 qua
2716 643 2853 701 sunt,
2882 634 3101 688 alterum
3126 650 3306 689 earum
3327 649 3443 703 qua
3469 631 3757 702 intelligun-

2180 734 2285 781 tur.
2318 724 2446 781 Esse
2475 742 2535 781 ea
2562 726 2679 781 dico
2706 741 2822 796 quae
2840 726 2983 781 cerni
3009 728 3207 797 tangire
3259 735 3498 798 possunt,
3548 738 3601 781 ut
3651 727 3762 791 {us-

2181 818 2326 885 ἄνθη,
2355 819 2540 885 cedem,
2592 820 2858 889 parietem,
2910 818 3256 886 stillicidium,
3313 819 3651 887 mancipium,
3680 831 3758 885 pe-

2181 913 2382 979 cudem,
2427 913 2813 982 supellectilem,
2861 930 3045 984 penus,
3076 924 3123 969 et
3173 927 3383 970 cratera.
3414 914 3529 979 Quo
3581 929 3645 968 cz
3678 929 3758 983 ge-

2182 1020 2301 1067 nere
2329 1004 2566 1074 qutedam
2617 1004 2876 1060 interdum
2922 1006 3064 1060 nobis
3117 1006 3412 1075 deﬁnienda
3457 1014 3598 1059 sunt.
3646 1004 3760 1059 Nos

2182 1110 2289 1155 esse
2309 1112 2486 1151 rursus
2510 1114 2568 1151 ea
2595 1097 2708 1151 dico
2735 1114 2848 1166 qua:
2883 1099 3021 1170 tangi
3057 1098 3450 1154 dentonsfratiue
3497 1114 3599 1152 non
3645 1113 3760 1167 pos-

2181 1195 2320 1249 sunt,
2354 1188 2491 1243 cerni
2510 1197 2674 1245 tamen
2701 1190 2872 1243 aimo
2910 1200 3062 1261 atque
3090 1188 3307 1261 intelligi
3333 1197 3565 1258 possunt,
3621 1199 3677 1242 ut
3718 1189 3761 1242 si

2182 1279 2572 1348 usucapiouent,
2594 1281 2639 1343 si
2669 1280 2902 1349 tutelam,
2935 1281 2981 1336 si
3005 1281 3284 1354 gentem,si
3324 1281 3653 1350 agnationem
3678 1278 3761 1334 de-

2182 1368 2361 1437 ﬁnias,
2391 1387 2608 1438 quarum
2632 1388 2805 1427 rerum
2836 1374 3035 1428 nullum
3057 1374 3224 1427 subest
3263 1373 3411 1442 quasi
3431 1387 3618 1440 corpus
3647 1385 3664 1424 :
3692 1378 3761 1424 est

2185 1469 2353 1529 tamen
2383 1465 2620 1534 qua’dam
2645 1467 2985 1537 conformatio
3013 1468 3280 1537 insignita,
3318 1478 3366 1521 et
3412 1467 3661 1537 impressa
3687 1466 3763 1519 ἰη-
3815 1443 3822 1450 ’

2184 1554 2485 1627 teltigeutia,
2515 1576 2666 1627 quam
2694 1561 2953 1616 notionem
2982 1577 3125 1628 voco,
3156 1576 3366 1632 διδωμι
3384 1562 3440 1615 in
3493 1576 3762 1631 argum

2186 1648 2345 1701 tando
2375 1649 2669 1719 definitione
2693 1652 3000 1722 explicanda
3035 1664 3128 1711 est.

2107 1751 2159 1813 B
2255 1758 2480 1815 Omnem
2529 1759 2897 1817 deﬁnitionem
2943 1761 3285 1817 manikstum
3322 1770 3407 1818 est
3453 1762 3521 1816 ad
3562 1762 3757 1833 aliquid

2184 1851 2310 1918 dici,
2340 1852 2566 1920 alicujus
2586 1846 2670 1908 est
2687 1853 2831 1908 enim
2853 1867 3065 1921 semper
3091 1852 3351 1910 deﬁnitio.
3382 1853 3516 1921 Quae
3540 1868 3672 1910 vero
3697 1853 3762 1907 ad

2185 1944 2386 2010 aliquid
2418 1944 2688 2011 dicuntur,
2721 1946 3005 2017 quamdam
3049 1948 3429 2016 proprietatem
3459 1962 3527 2002 ex
3556 1945 3643 2001 his
3671 1961 3762 2001 su-

2183 2047 2335 2091 mant
2360 2051 2585 2092 necesse
2613 2046 2718 2103 est,
2754 2038 2823 2092 ad
2866 2053 2986 2109 quae
3024 2038 3349 2093 referuntur.
3383 2038 3503 2106 Quo
3529 2038 3591 2092 ﬁt
3620 2047 3677 2093 ut
3702 2054 3765 2093 ex

2187 2130 2272 2185 his
2300 2131 2463 2187 rebus
2487 2147 2621 2202 quas
2646 2131 2969 2188 determinat
3011 2132 3275 2199 deﬁnitio,
3318 2133 3372 2187 in
3399 2133 3545 2203 ipsas
3569 2132 3761 2187 deﬁni-

2186 2226 2361 2281 tiones
2409 2228 2653 2295 qutedam
2701 2225 2998 2296 praprietss
3049 2225 3439 2293 transferatur;
3499 2225 3597 2281 sed
3638 2227 3759 2295 quia

2182 2318 2327 2388 quod
2355 2318 2421 2372 ad
2451 2317 2654 2388 aliquid
2684 2318 2935 2387 refertur,
2963 2318 3018 2373 id
3049 2333 3156 2374 non
3188 2327 3366 2388 potest
3393 2333 3515 2373 esse
3545 2317 3685 2372 idem
3715 2318 3767 2373 ei

2180 2412 2252 2466 ad
2276 2410 2417 2481 quod
2445 2410 2659 2479 dicitur,
2694 2409 2960 2481 propriam
2986 2426 3200 2480 quoque
3229 2410 3402 2480 ipsum
3425 2409 3569 2481 quod
3600 2408 3766 2464 refer-

2188 2514 2276 2558 tur
2298 2503 2364 2558 ad
2388 2503 2531 2559 aliud
2565 2504 2790 2559 formam
2816 2517 3038 2559 necesse
3054 2514 3138 2558 est
3160 2502 3453 2573 possidere.
3483 2503 3668 2573 quue
3690 2500 3769 2566 ﬁt,

2186 2602 2247 2649 ut
2268 2594 2322 2649 iu
2353 2595 2777 2662 deﬁnitionibus,
2808 2604 2864 2651 et
2890 2611 2985 2651 sua
3016 2595 3147 2651 insit
3180 2596 3374 2662 forma,
3415 2604 3471 2650 et
3514 2608 3577 2651 ea
3609 2609 3769 2667 quam

2186 2685 2257 2742 ab
2285 2686 2369 2741 his
2393 2686 2679 2756 accipiunt,
2728 2701 2848 2757 quae
2875 2686 3157 2755 deﬁniunt,
3189 2685 3588 2741 consideretur.
3617 2683 3772 2752 Quod

2185 2778 2260 2833 Μ.
2285 2778 2492 2835 Tullius
2518 2779 2717 2846 ridens,
2750 2780 2976 2849 primum
3000 2778 3189 2834 dividit
3213 2776 3552 2834 deﬁnitiones
3578 2791 3772 2834 secun-

2176 2872 2315 2928 dum
2358 2887 2423 2928 ea
2459 2888 2580 2943 qua:
2618 2872 2966 2939 deﬁniuntur,
2995 2885 3220 2943 quarum
3258 2884 3456 2940 genera
3494 2868 3607 2924 duo
3650 2882 3772 2924 esse

2189 2967 2461 3038 proponit,
2503 2980 2669 3020 unum
2710 2980 2895 3020 earum
2949 2978 3126 3019 rerum
3176 2977 3297 3032 quae
3341 2970 3490 3025 sunt,
3539 2960 3772 3017 alterum

2185 3076 2372 3117 earum
2394 3075 2516 3131 quae
2537 3060 2923 3129 intelliguntur.
2950 3058 3056 3113 Has
3084 3057 3249 3127 igitur
3276 3054 3653 3111 deﬁnitionum
3675 3053 3775 3109 dif-

491 3157 614 3197 cum
642 3140 712 3194 im
734 3140 863 3204 sim’
889 3151 1119 3205 cumque
1145 3135 1297 3202 prius
1317 3133 1557 3187 omnium
1590 3132 1741 3220 loc”
1768 3146 1798 3220 ³
1823 3137 1958 3220 ΨΨ,
1982 3127 2076 3199 si"
2106 3128 2157 3195 δ
2186 3127 2442 3210 ferentias
2468 3168 2534 3209 ex
2566 3153 2652 3207 bis
2682 3127 2894 3206 videtur
2919 3149 3214 3220 sumpsisse
3234 3162 3352 3219 qua:
3376 3148 3428 3201 in
3459 3146 3775 3202 deﬁnitione

494 3231 548 3286 id
572 3238 652 3284 est
674 3244 703 3282 a
729 3227 1058 3290 deﬁnitione,
1084 3223 1233 3293 prius
1254 3222 1385 3292 quid
1408 3221 1478 3277 sit
1498 3219 1740 3278 deﬁnitio
1755 3218 2072 3279 deﬁnitione

493 3322 773 3385 declarat,
817 3330 876 3379 ut
932 3317 1196 3388 patefacta
1248 3316 1328 3375 rei
1393 3323 1626 3381 natura,
1698 3312 1909 3381 species
1960 3311 2077 3380 ejus

490 3416 576 3485 vel
652 3412 888 3469 membra
939 3409 1278 3471 convenienti
1334 3406 1525 3464 ordine
1578 3406 1857 3476 partiatur.
1938 3402 2076 3459 Deﬁ-

491 3505 662 3573 nitio,
713 3503 923 3574 inquit,
981 3510 1064 3556 est
1118 3499 1289 3556 oratio
1337 3513 1459 3569 qua:
1511 3496 1565 3553 id
1614 3497 1757 3567 quod
1824 3494 2077 3553 deﬁnitur

489 3597 719 3667 explicat
767 3593 895 3663 quid
946 3592 1045 3659 sit,
1094 3592 1234 3648 sicut
1289 3588 1531 3646 deﬁnitio
1557 3598 1641 3643 est
1682 3587 1936 3651 hominis,
1961 3587 2077 3643 ani-

492 3689 597 3763 mal
628 3686 907 3752 rationale,
936 3683 1181 3743 mortale.
1210 3683 1419 3740 Dictum
1446 3679 2078 3748 verocantissimeexpli-

489 3789 595 3841 cat.
619 3779 751 3835 Nam
779 3775 921 3845 quod
950 3790 1142 3831 nomen
1169 3774 1392 3829 confuse
1413 3772 1719 3834 denuntiat,
1750 3770 1803 3824 id
1832 3768 2076 3825 deﬁnitio

491 3887 586 3943 per
605 3868 849 3940 quietiam
902 3867 1274 3923 substantialia
1328 3866 1568 3925 membra
1621 3862 1890 3917 diﬁ‘undtt.
1922 3859 2077 3928 Quod

485 3962 631 4019 enim
657 3960 879 4017 confuse
905 3960 1121 4014 nomine
1145 3957 1378 4013 hominis
1430 3956 1756 4019 declaratur,
1813 3954 1870 4009 id
1896 3955 2076 4021 aperit

488 4062 647 4124 atque
669 4048 901 4122 explicat
956 4050 1219 4114 deﬁnitio,
1265 4048 1455 4103 dicens
1504 4046 1778 4105 hominem
1807 4060 1927 4111 esse
1958 4046 2076 4100 ani-

498 4147 604 4200 mal
630 4146 888 4200 rationale
916 4153 968 4198 et
992 4142 1235 4197 mortale.
1268 4141 1400 4194 Nam
1440 4140 1544 4194 nisi
1577 4139 1649 4193 ita
1704 4138 1948 4203 dixisset,
1980 4151 2079 4207 po-

486 4246 666 4303 luerat
691 4249 810 4289 esse
832 4233 1132 4303 communis
1158 4231 1400 4287 deﬁnitio
1428 4231 1611 4301 generi
1660 4245 1895 4300 quoque,
1930 4231 2076 4284 velut

484 4326 591 4395 hoc
619 4325 1070 4381 modotDeﬁnitio
1090 4334 1173 4380 est
1194 4339 1314 4394 qua:
1337 4323 1583 4391 designat
1606 4322 1732 4393 quid
1749 4332 1830 4376 est
1851 4321 1903 4375 id
1931 4321 2075 4391 quod

485 4420 689 4475 deﬁnit.
717 4418 822 4475 Sed
851 4432 1019 4489 genus
1071 4432 1286 4488 quoque
1325 4416 1569 4484 designat
1604 4414 1728 4484 quid
1778 4422 1859 4468 est
1902 4413 1952 4467 id
2004 4411 2073 4471 de

486 4527 592 4582 quo
617 4510 953 4581 praedicatur,
984 4509 1079 4565 sed
1101 4525 1207 4565 non
1230 4508 1460 4577 explicat
1491 4506 1620 4575 quid
1649 4507 1737 4569 sit.
1761 4504 1884 4560 Sola
1926 4504 2071 4561 enim
2097 4528 2155 4591 υ

486 4604 726 4660 deﬁnitio
746 4604 974 4673 explicat
1001 4603 1128 4673 quid
1145 4601 1367 4672 sitquod
1380 4600 1623 4656 oratione
1652 4597 1925 4668 perﬁcitur
1950 4613 1965 4663 ;
1987 4612 2073 4667 ge-

486 4713 587 4752 nus
613 4712 736 4775 vero
758 4708 812 4753 et
840 4706 1034 4752 cratera
1056 4710 1177 4766 qua:
1196 4693 1422 4765 singulis
1471 4692 1788 4762 plerumque
1842 4689 2073 4747 nomini-

485 4788 583 4843 bus
614 4788 972 4859 prol‘eruntur,
1005 4786 1248 4849 minime.
1290 4786 1534 4855 Explicat
1590 4797 1769 4840 autem
1826 4781 2071 4839 deﬁnitio

486 4883 537 4945 id
559 4883 699 4953 quod
729 4882 998 4948 deﬁnitur,
1040 4895 1150 4935 non
1175 4894 1389 4951 quoquo
1417 4878 1598 4947 modo,
1655 4876 1707 4933 id
1733 4883 1815 4930 est
1844 4890 1954 4931 non
2014 4873 2070 4930 in

487 4990 553 5029 eo
581 4975 718 5045 quod
750 4974 907 5043 quale
930 4974 1012 5028 vel
1042 4981 1299 5047 quantum
1315 4980 1417 5035 est,
1452 4986 1559 5025 non
1598 4970 1650 5023 in
1678 4966 2069 5038 quolibetalio-

486 5081 604 5121 rum
628 5066 1203 5135 praedicamentorum,
1256 5063 1351 5119 sed
1413 5060 1541 5133 quid
1586 5062 1676 5125 sit,
1727 5057 1780 5115 id
1838 5068 1919 5114 est
1951 5059 2069 5127 ejus

484 5146 624 5226 quod
653 5154 871 5221 deﬁnit,
902 5154 1255 5209 substantiam
1298 5164 1579 5208 utonStrat.
1612 5151 1685 5206 Ea
1721 5166 1843 5205 vero
1880 5149 2072 5209 deﬁni-

486 5248 563 5305 tio
594 5248 944 5307 substantiam
968 5247 1182 5318 digerit,
1200 5244 1320 5317 qua:
1337 5263 1405 5302 ex
1422 5260 1620 5317 genere
1641 5236 2067 5314 diii‘erentiisque

481 5349 753 5417 consistit;
789 5349 908 5405 haec
953 5362 1183 5419 namque
1215 5346 1659 5419 uniuscujuslihet
1710 5346 2067 5407 substantiam

422 5435 429 5441 ’
481 5454 966 5526 signiﬁcant,sicut
993 5454 1045 5508 in
1091 5454 1174 5509 his
1205 5453 1404 5509 dictum
1429 5462 1535 5520 est,
1592 5452 1683 5508 ubi
1731 5449 1800 5505 de
1841 5462 2065 5521 genere,

480 5558 683 5625 specie,
724 5556 1046 5623 diﬁerentia,
1094 5558 1334 5627 proprio,
1366 5553 1741 5623 accidentique
1782 5559 2067 5609 tractatum

479 5668 584 5713 est.
618 5659 760 5727 Ergo
786 5657 962 5712 omnis
980 5655 1217 5712 deﬁnitio
1244 5656 1479 5727 explicat
1522 5653 1651 5724 quid
1704 5653 1775 5708 sit
1826 5653 1881 5709 id
1921 5649 2068 5719 quod

482 5752 755 5811 deﬁnitur.
781 5756 1101 5812 Aristoteles
1129 5772 1258 5813 vero
1283 5756 1473 5814 eodem
1499 5767 1636 5827 pene
1679 5752 1846 5811 modo
1868 5751 2067 5811 deﬁni-

2184 3256 2573 3301 monstrantur.
2614 3243 2803 3299 Omnia
2833 3244 2978 3298 enim
3007 3257 3125 3311 quae
3161 3240 3493 3296 deﬁniuntur
3527 3249 3622 3296 aut
3646 3254 3773 3295 cor-

2184 3337 2387 3406 poralia
2437 3346 2581 3402 sunt,
2614 3345 2706 3391 aut
2750 3327 3128 3403 incorporalia.
3163 3333 3270 3388 Res
3310 3331 3456 3388 enim
3485 3346 3680 3387 omnes
3716 3330 3767 3386 in

2185 3430 2303 3488 haec
2340 3430 2585 3500 primitus
2630 3427 2958 3482 dividuntur.
3015 3425 3089 3479 Ea
3136 3440 3269 3480 vero
3307 3440 3427 3495 qua:
3470 3421 3770 3494 corporalia

2184 3535 2329 3593 sunt,
2356 3540 2479 3582 esse
2504 3523 2668 3588 dicit;
2697 3537 2759 3579 ea
2790 3537 2910 3592 quae
2940 3529 3067 3576 sunt
3094 3518 3473 3587 incorporalia,
3495 3532 3605 3572 non
3626 3530 3768 3585 esse,

2182 3635 2291 3675 non
2321 3617 2462 3688 quod
2488 3617 2710 3673 omnino
2731 3629 2796 3669 ea
2821 3629 2940 3685 quae
2962 3610 3317 3682 incorporalia
3348 3619 3475 3665 sunt
3498 3624 3608 3664 non
3638 3610 3767 3675 sint,

2182 3713 2379 3781 alioqui
2425 3725 2525 3765 nec
2553 3709 2915 3763 deﬁnitionem
2946 3704 3299 3774 susciperent.
3332 3702 3466 3757 Nam
3496 3703 3543 3756 si
3575 3701 3769 3758 deﬁni-

2178 3807 2260 3861 tio
2285 3813 2369 3860 est
2389 3818 2492 3873 qua
2520 3802 2825 3871 explicatur
2846 3800 2897 3853 id
2919 3798 3062 3868 quod
3092 3797 3343 3853 deﬁnitur
3367 3795 3498 3866 quid
3529 3795 3622 3859 sit,
3649 3794 3764 3865 ejus

2182 3898 2282 3963 rei,
2335 3911 2454 3967 quas
2490 3895 2711 3950 omnino
2747 3907 2854 3947 non
2893 3900 2994 3960 est,
3041 3904 3139 3945 nec
3172 3888 3303 3960 quid
3351 3890 3439 3955 sit,
3474 3887 3765 3957 explicatio

2181 3999 2290 4053 ulla
2318 4011 2440 4051 esse
2470 4004 2667 4064 potest.
2700 3993 2806 4049 Sed
2838 3991 2959 4061 quia
2994 3990 3281 4045 humanum
3309 4003 3485 4059 genus
3513 3988 3765 4043 sensibus

2181 4091 2346 4159 degit,
2371 4089 2423 4143 id
2447 4088 2676 4143 maxime
2698 4100 2815 4140 csse
2839 4085 3149 4149 arbitratur,
3174 4081 3316 4151 quod
3338 4096 3600 4136 sensuum
3623 4095 3769 4134 com-

2181 4180 2526 4253 preltensioni
2571 4178 2869 4248 subjicitur.
2910 4177 3041 4244 Quis
3088 4176 3233 4231 enim
3285 4174 3389 4229 sibi
3438 4189 3548 4229 non
3600 4173 3772 4242 magis

2180 4276 2414 4345 lapidem
2446 4274 2586 4329 scire
2626 4272 2896 4335 videatur,
2939 4277 3031 4324 aut
3069 4268 3367 4333 hominem,
3411 4282 3577 4335 quam
3602 4264 3768 4335 justi-

2180 4374 2341 4439 tiam,
2372 4370 2456 4425 vel
2490 4367 2854 4423 hereditatem
2874 4408 2889 4432 ,
2924 4365 3006 4419 vel
3035 4361 3291 4435 quidquid
3319 4360 3464 4415 aliud
3496 4375 3609 4415 non
3640 4374 3768 4413 sen-

2181 4465 2354 4530 sibus,
2391 4461 2484 4518 sed
2528 4458 2883 4528 intelligentia
2930 4453 3381 4523 comprehendit?
3427 4452 3582 4508 Unde
3613 4450 3673 4505 ﬁt
3716 4460 3771 4505 ut

2182 4565 2403 4629 propter
2421 4552 2742 4609 evidentiam
2769 4548 3088 4619 cognitionis
3110 4562 3171 4602 ea
3203 4546 3373 4615 magis
3395 4559 3519 4600 esse
3547 4543 3775 4598 videsn-

2184 4659 2271 4705 tur
2297 4661 2417 4714 qua:
2444 4645 2684 4713 subjecta
2712 4650 2837 4696 sunt
2864 4640 3134 4702 sensibus,
3163 4652 3225 4693 ea
3265 4637 3486 4690 minime
3531 4650 3657 4705 qua:
3690 4634 3776 4687 in-

2185 4738 2492 4810 telligentiae
2520 4736 2726 4790 ratione
2751 4732 3053 4801 capiuntur.
3094 4729 3202 4785 Sed
3235 4728 3287 4783 id
3329 4726 3615 4783 sciendum
3646 4737 3771 4791 est,

2184 4834 2255 4889 Μ.
2295 4830 2523 4885 Tullium
2551 4827 2619 4883 ad
2650 4826 2925 4880 hominum
2954 4822 3239 4893 protulisse
3272 4821 3612 4891 opinionem,
3662 4834 3772 4874 non

2182 4922 2250 4977 ad
2289 4921 2592 4975 veritatem.
2635 4916 2765 4972 Nam
2808 4926 2864 4969 ut
2903 4914 3042 4968 inter
3075 4912 3279 4981 optime
3323 4910 3776 4980 philosophantes

2174 5014 2440 5075 constitit,
2463 5011 2553 5066 illa
2582 5010 2819 5064 maxime
2846 5015 2973 5062 sunt
3005 5020 3124 5075 qua:
3155 5004 3313 5074 longe
3342 5017 3373 5057 a
3402 5002 3658 5057 sensibus
3687 5017 3778 5058 se-

2178 5115 2393 5178 gregata
2434 5112 2594 5167 sunt,
2648 5102 2736 5156 illa
2785 5101 2983 5164 minus,
3017 5112 3138 5168 qua
3183 5096 3469 5167 opiniones
3513 5093 3781 5148 sensibus

2178 5198 2611 5256 subministrant.
2658 5194 2809 5249 Unde
2849 5194 3008 5247 etiam
3045 5190 3184 5245 idem
3226 5188 3419 5244 Cicero
3463 5187 3517 5241 in
3567 5187 3781 5242 Timeo

2180 5291 2420 5348 Platonis
2456 5290 2533 5345 ait
2572 5304 2588 5343 :
2632 5286 2772 5355 Quid
2802 5295 2885 5340 est
2912 5284 3055 5353 quod
3087 5296 3299 5351 semper
3337 5281 3427 5345 sit,
3472 5293 3577 5334 nec
3605 5279 3780 5333 ullum
3880 5292 3899 5307 κ

2179 5383 2375 5438 habeat
2417 5388 2617 5445 ortum,
2658 5388 2715 5433 et
2748 5376 2891 5447 quod
2928 5376 3192 5447 gignatur,
3236 5388 3334 5431 nec
3372 5386 3615 5441 unquam
3659 5370 3779 5426 sit!

2174 5476 2414 5540 Quorum
2444 5473 2692 5533 alterum,
2742 5467 3113 5538 intelligentiae
3148 5467 3355 5520 ratione
3397 5461 3777 5530 comprehen-

2174 5569 2341 5633 ditur,
2383 5568 2611 5621 alterum
2639 5562 2798 5618 alert
2832 5560 3146 5631 opinionem
3188 5557 3378 5614 sensui
3420 5557 3649 5612 rationis
3680 5572 3779 5610 es-

2174 5677 2322 5733 pers.
2370 5660 2470 5716 Hic
2495 5658 2656 5729 igitur
2684 5656 2737 5713 id
2766 5655 2910 5726 quod
2938 5650 3153 5723 semper
3179 5650 3269 5719 sit,
3310 5649 3509 5706 rationi
3540 5648 3770 5720 adjecit,

2176 5751 2237 5809 id
2263 5765 2392 5808 *οη
2419 5748 2564 5820 quod
2592 5762 2861 5818 nunquam
2893 5747 2983 5814 sit,
3013 5743 3261 5805 sensibus
3290 5741 3600 5814 conjunxit.
3630 5740 3769 5806 Sed,
