4036 6336
235 244 374 303 1093

1061 249 1128 306 1N
1158 247 1403 309 TOPICA
1438 234 1794 311 CICERONIS
1828 256 2344 321 conuersum;
2377 268 2505 326 LIB.
2548 271 2634 328 tn.

3361 296 3503 354 409‘

230 375 287 420 nt
314 362 517 420 dictum
544 372 647 430 est,
670 377 925 434 corporea
947 379 1089 430 esse,
1113 377 1167 423 et
1187 369 1503 438 incorporea
1533 386 1638 425 non
1660 386 1804 439 esse,
1836 373 1887 434 A
1913 374 2089 441 potius
2134 378 2246 446 ipsa
2276 382 2595 442 substantia.
2639 390 2717 445 Ac
2762 391 2831 449 de
2872 394 2971 451 hac
3012 402 3227 468 quidem
3261 425 3322 467 re
3360 419 3497 476 satis

228 472 335 510 non
367 456 432 523 ad
462 455 777 524 veritatem,
808 456 901 527 sed
948 457 1017 527 ad
1063 466 1401 521 communem
1446 462 1806 532 quorumlibet

228 550 504 607 hominum
535 549 841 619 opinionem
873 550 1080 620 locutus
1106 560 1208 608 est.
1245 554 1400 609 Ponit
1432 554 1589 626 igitur
1616 571 1808 617 exem-

225 642 310 709 pla
340 657 523 697 earum
552 641 765 712 quidem
791 657 969 697 rerum
999 659 1116 711 qua:
1143 653 1287 711 sunt,
1313 644 1805 718 formasquasdam

221 733 585 801 corporalium
618 748 817 799 rerum,
848 742 902 788 ut
938 733 1179 801 fundum,
1211 737 1374 805 azdes,
1405 738 1659 808 parietes,
1690 740 1807 805 stil-

223 820 491 887 licidium,
539 832 699 895 atque
730 825 778 879 id
807 840 995 894 genus,
1040 841 1158 898 qua:
1197 829 1495 897 corporalia
1547 844 1670 887 esse
1702 831 1803 889 hac

220 916 429 970 ratione
471 916 723 983 ostendit,
754 917 1005 988 quoniam
1050 920 1199 974 cerni
1247 921 1497 993 tangique
1540 934 1797 997 possunt;

218 1021 402 1058 earnm
446 1022 573 1061 vero
604 1022 783 1061 rerum
824 1023 942 1078 quae
982 1024 1085 1063 non
1132 1018 1275 1075 sunt,
1305 1012 1551 1082 exempla
1595 1014 1797 1087 posuit,

217 1096 620 1166 usucapinnem,
652 1098 893 1165 tutelam,
924 1108 1159 1167 gentem,
1193 1113 1495 1171 caeteraque
1523 1119 1643 1174 qua:
1672 1114 1798 1181 sunt

217 1184 567 1255 incorporea;
598 1204 716 1258 quae
737 1204 798 1244 ex
830 1189 929 1243 hoc
958 1190 1271 1259 incorporea
1305 1208 1427 1250 esse
1453 1198 1795 1279 monstravit,

212 1278 352 1345 quod
388 1276 483 1347 ait,
521 1294 581 1332 ea
609 1281 753 1351 tangi
789 1281 1212 1353 demonstrative
1244 1300 1348 1339 non
1377 1301 1557 1357 posse,
1587 1288 1680 1343 sed
1714 1276 1795 1344 in?

214 1367 499 1439 telligentia
537 1380 696 1449 atque
745 1372 924 1427 animo
969 1375 1373 1446 comprehendi.
1407 1377 1516 1433 Cur
1558 1395 1689 1435 vero
1730 1396 1793 1455 ea

211 1472 314 1515 non
343 1478 462 1518 esse
492 1463 703 1545 dixerit,
738 1467 1014 1545 supposuit
1038 1469 1303 1525 rationem
1340 1470 1560 1540 dicens,
1587 1474 1791 1545 nullum

207 1553 360 1623 quasi
387 1569 583 1625 corpus
608 1540 792 1629 earum
818 1544 1002 1613 rerum
1032 1574 1171 1627 esse,
1202 1575 1304 1616 nec
1330 1562 1525 1618 molem
1554 1563 1791 1636 aliquam

206 1658 327 1715 quae
367 1646 521 1700 feriat
563 1661 801 1721 sensum,
831 1649 982 1717 Quod
1029 1651 1173 1705 enim
1214 1666 1411 1723 corpus
1450 1669 1573 1711 esse
1612 1665 1792 1727 potest

1912 465 2112 522 dictum
2151 479 2252 525 est.
2305 473 2449 530 Idem
2479 493 2608 534 vero
2636 481 2705 537 de
2734 487 2972 551 partibus
2997 465 3101 547 dici
3134 465 3329 567 potest.

1909 557 2210 628 conjunctae
2240 576 2420 634 partes
2440 577 2608 625 totum
2640 572 2692 627 id
2715 575 2953 635 efﬁciunt
2972 557 3320 659 cujus'partes
3541 606 3546 615 '

1908 648 2044 706 Nota
2073 668 2286 725 quoque
2308 669 2476 715 totum
2503 666 2769 735 signiﬁcat
2795 669 2846 724 id
2875 678 3015 744 quod
3036 648 3304 753 designat,
3330 648 3493 761 atq—tie

1907 745 2082 805 omnia
2106 761 2475 823 eomquantur,
2500 767 2553 812 et
2581 758 2861 818 deﬁnitum
2888 745 3207 844 definitioni,
3232 745 3491 851 et'par'tes

1906 839 2026 906 toti,
2047 850 2102 896 et
2118 852 2241 900 nota
2262 847 2340 901 rei
2356 863 2513 916 quam
2532 854 2921 923 signiﬁcatione
2942 839 3204 936 declarat,
3228 874 3269 926 si
3291 839 3395 931 non
3418 839 3489 934 sit

1903 933 2202 1001 mquivoca,
2224 936 2307 991 vel
2327 939 2372 991 si
2394 954 2480 995 res
2497 958 2617 1012 qua:
2631 946 2941 1017 designatur
2960 971 3066 1012 non
3086 961 3155 1016 sit
3179 965 3488 1027 multivoca.

1903 1021 2051 1077 Sane
2071 1024 2199 1079 illud
2222 1026 2450 1084 dubitari
2476 1041 2624 1090 recte
2647 1048 2840 1107 potest,
2871 1058 2967 1099 cur
2987 1060 3107 1102 cum
3137 1050 3359 1110 dixisset
3378 1021 3487 1113 duo

1901 1125 2100 1181 genera
2121 1129 2243 1171 esse
2267 1118 2671 1190 deﬁnitionum,
2703 1144 2810 1185 non
2838 1133 2984 1201 ipsas
3006 1137 3343 1200 deﬁnitiones
3365 1163 3486 1217 par-

1902 1204 2034 1260 titus
2049 1214 2155 1272 est,
2183 1210 2280 1264 sed
2309 1227 2426 1282 qua:
2447 1215 2795 1285 definiuntur,
2829 1223 2883 1280 id
2913 1238 2994 1283 est
3021 1238 3300 1303 corporale
3327 1204 3485 1311 aique

1900 1296 2259 1368 incorporale.
2282 1304 2435 1371 Quod
2456 1308 2659 1367 idcirco
2678 1314 2877 1372 dictum
2901 1296 3137 1392 videtur,
3162 1322 3282 1398 quia
3308 1296 3487 1389 defini-

1898 1389 1973 1443 tio
1998 1404 2120 1446 cum
2142 1393 2213 1448 sit
2241 1395 2308 1451 ad
2340 1400 2561 1470 aliquid,
2593 1413 2647 1461 ut
2667 1407 2870 1467 dictum
2900 1425 3002 1481 est,
3033 1389 3313 1488 quamdam
3341 1431 3482 1497 capit

1895 1494 1960 1536 ex
1994 1482 2097 1552 his,
2126 1501 2353 1556 quorum
2390 1493 2741 1555 substantiam
2769 1482 3112 1576 determinat,
3146 1482 3476 1585 qualitatem.

1966 1573 2129 1644 Atque
2156 1577 2308 1633 etiam
2327 1582 2669 1655 deﬁnitiones,
2699 1595 2819 1648 alite
2844 1607 2963 1652 sunt
2989 1573 3341 1676 partitionum,
3362 1612 3482 1666 alite

1892 1666 2217 1725 divisionum.
2261 1674 2637 1750 Partitionnm,
2677 1703 2791 1742 cum
2836 1707 2918 1747 res
2955 1712 3013 1749 ea
3056 1713 3169 1767 qua:
3209 1706 3479 1773 proposita

2622 1739 2636 1750 ¹
2710 1739 2788 1742 “’““
2838 1739 2915 1747 ’⁷⁷
2955 1739 3013 1749 "'
3092 1739 3166 1752 "IV
3218 1739 3307 1769 μιν
3350 1739 3479 1759 υοιιιι

204 1739 583 1808 usucapionis?
620 1740 749 1809 Nam
784 1743 895 1813 ipsa
926 1757 1046 1814 quas
1075 1746 1487 1817 usucapiuntur,
1519 1762 1780 1819 corporea
1812 1752 1866 1816 B
1889 1769 1983 1827 est,
2015 1766 2166 1832 quasi
2194 1766 2247 1822 in
2273 1773 2496 1829 membra
2540 1778 2869 1851 discerpitur.
2916 1785 2984 1841 Ut
3019 1739 3082 1843 si,
3084 1792 3194 1859 quis
3217 1739 3479 1864 insumite

204 1838 323 1864 nun!
377 1831 484 1864 ineo
515 1847 641 1864 νει-ι.
669 1833 924 1864 ηειιηηηῗη
947 1850 1201 1864 ΛΛ-ιὶΛ-ΛΛ
1230 1853 1332 1864 νυ...
1365 1850 1437 1864 ,υ
1497 1840 1607 1864 In-..
1638 1842 1771 1864 --.ζμ
1912 1851 1942 1864 μ
2017 1862 2023 1864 .
2056 1858 2068 1864 -
2095 1857 2104 1864 .

202 1838 347 1897 sunt,
376 1831 487 1903 ipsa
515 1847 641 1897 vero
668 1833 925 1905 usucapio
946 1850 1203 1904 corporea
1229 1853 1334 1895 non
1361 1850 1465 1896 est.
1495 1840 1611 1911 Ipsa
1634 1842 1776 1899 enim

199 1934 294 1991 per
318 1923 494 1978 utendi
518 1926 956 1997 consuetudinem
976 1928 1281 1999 possidendi
1304 1931 1595 1999 ﬁrmitudo,
1614 1935 1783 2005 quod-

198 2010 317 2066 nam
363 2028 557 2085 corpus
595 2015 795 2087 habere
829 2019 1042 2088 potest?
1084 2019 1237 2090 Item,
1275 2024 1415 2093 quod
1459 2025 1579 2095 quis
1610 2028 1781 2086 tutela

197 2108 350 2177 regit,
375 2110 653 2179 corporale
675 2120 778 2183 est,
805 2113 963 2167 homo
986 2129 1215 2193 namque
1236 2125 1337 2171 est.
1358 2116 1472 2188 Ipsa
1498 2134 1628 2174 vero
1649 2134 1779 2177 cura

196 2202 398 2267 tutelae,
442 2212 603 2274 atque
633 2204 803 2273 ipsum
831 2205 919 2275 jus
946 2206 1110 2262 alium
1143 2209 1350 2276 tuendi,
1385 2209 1515 2265 nihil
1555 2211 1778 2269 omnino

194 2293 436 2361 corporis
477 2294 673 2350 habere
712 2304 907 2381 potest.
948 2298 1203 2356 Homines
1232 2316 1444 2372 quoque
1479 2304 1568 2374 qui
1601 2304 1653 2358 in
1685 2319 1776 2365 ea-

192 2384 315 2441 dem
347 2387 647 2458 gentilitate
674 2396 820 2456 sunt,
842 2391 1088 2463 corporei
1117 2400 1263 2447 sunt.
1294 2392 1411 2461 Ipsa
1440 2409 1571 2449 vero
1598 2397 1775 2465 genti-

192 2477 343 2544 litas,
376 2477 426 2533 id
463 2488 545 2535 est
581 2483 879 2543 communis
914 2483 1148 2551 nominis
1178 2484 1468 2541 liberorum
1508 2485 1772 2559 societas,

191 2578 248 2624 ut
280 2556 612 2641 Scipionum,
648 2571 980 2638 Valeriorum
1000 2585 1057 2632 et
1086 2576 1392 2645 Brutorum,
1420 2588 1565 2635 certe
1590 2582 1769 2643 incor-

190 2676 351 2732 porea
394 2673 510 2730 est;
558 2665 653 2720 sed
694 2667 936 2737 quaedam
977 2682 1161 2744 earum
1209 2683 1388 2725 rerum
1416 2669 1772 2741 incorporalis

187 2753 350 2808 animi
379 2755 663 2825 conceptio
683 2765 783 2822 est,
811 2764 974 2827 atque
1004 2756 1379 2828 intelligentia,
1407 2775 1564 2830 quam
1593 2761 1771 2817 notio-

187 2858 310 2899 nem
352 2847 578 2901 vocavit.
611 2846 731 2916 ipsa
777 2848 919 2901 enim
960 2848 1269 2920 imaginatio
1311 2852 1649 2922 usucapionis
1680 2855 1768 2910 vel

186 2935 365 2991 tutela:
400 2947 559 3008 atque
587 2938 891 2994 intellectus
930 2940 1281 3011 incorporalis
1320 2945 1401 2998 rei
1442 2946 1591 3034 notio
1629 2944 1765 3001 dici-

185 3039 296 3097 tur,
332 3018 487 3100 quam
526 3029 698 3087 Graeci
727 3030 922 3089 ἔννοιαν
962 3045 1175 3091 vocant.
1209 3035 1401 3097 Divisit
1443 3018 1603 3108 ἰξῖῖυι·
1629 3038 1767 3095 deﬁ-

186 3127 443 3182 nitionem
487 3129 540 3182 in
572 3130 668 3183 has
695 3126 829 3182 duas
860 3137 1058 3201 partes,
1088 3130 1291 3188 scilicet
1311 3134 1604 3189 secundum
1634 3137 1767 3191 sub-

182 3218 310 3289 jecti
340 3200 687 3285 differentias,
742 3228 799 3275 ut
824 3200 958 3274 alias
982 3220 1196 3295 quidem
1240 3238 1363 3279 esse
1393 3225 1597 3283 diceret
1626 3228 1766 3283 deﬁ-

180 3312 420 3369 nitiones
440 3327 625 3369 earum
656 3329 840 3370 rerum
863 3330 982 3386 qua:
1004 3326 1148 3386 sunt,
1180 3317 1233 3372 id
1260 3327 1342 3372 est
1380 3320 1762 3388 corporalium,

178 3402 314 3458 alias
341 3419 469 3459 vero
490 3420 673 3460 eorum
701 3421 820 3476 qua:
842 3422 949 3461 non
977 3419 1123 3474 sunt,
1144 3410 1192 3461 id
1217 3422 1297 3464 est
1319 3410 1758 3480 incorporalium.

178 3492 317 3551 Hinc
332 3496 496 3573 quaeri
517 3508 713 3579 potest,
740 3498 883 3569 quod
905 3501 1067 3554 etiam
1091 3502 1337 3572 superius
1357 3502 1590 3559 breviter
1613 3520 1763 3573 com-

176 3580 506 3657 memoravi,
530 3606 760 3663 quonam
790 3592 949 3646 modo
981 3592 1223 3648 deﬁnitio
1264 3609 1370 3649 non
1399 3595 1542 3653 inter
1570 3597 1762 3659 aﬁ‘ecta

175 3689 506 3745 numeretur,
551 3697 672 3737 cum
703 3685 879 3738 omnis
922 3683 1164 3740 deﬁnitio
1204 3687 1269 3741 ad
1298 3687 1497 3759 aliquid
1532 3704 1655 3745 esse
1680 3691 1761 3745 vi-

172 3760 401 3826 t'catur?
439 3771 642 3827 Idcirco
683 3774 826 3839 enim
859 3773 1047 3829 aﬁ‘ecta
1076 3790 1201 3832 esse
1240 3776 1382 3837 dicta
1410 3790 1538 3834 sunt
1566 3780 1759 3847 simili-

173 3864 323 3927 tudo,
352 3867 703 3935 contrarium,
722 3877 776 3922 et
802 3877 1017 3939 cetera,
1040 3871 1290 3942 quoniam
1319 3886 1536 3942 semper
1556 3875 1622 3941 ad
1652 3876 1757 3931 ali-

169 3956 302 4025 quid
331 3956 656 4015 referuntur.
698 3958 851 4026 Quod
892 3962 936 4016 si
964 3965 1125 4019 etiam
1154 3965 1394 4020 deﬁnitio
1427 3966 1659 4022 refertur
1687 3969 1756 4025 ad

165 4050 393 4119 aliquid,
422 4065 519 4105 nec
547 4060 627 4106 est
654 4052 912 4108 absoluta:
932 4071 995 4110 ac
1020 4059 1248 4126 propria:
1276 4060 1749 4127 considerationis,

165 4157 231 4197 ea
264 4157 478 4212 quoque
500 4144 640 4198 inter
668 4144 855 4213 aﬁ‘ecta
884 4132 1128 4216 ponenda
1164 4161 1268 4207 est.
1295 4152 1401 4207 Sed
1431 4156 1750 4222 occurritur,

163 4220 420 4303 quoniam
450 4250 512 4290 ea
543 4251 663 4306 qua:
690 4236 875 4291 aﬁ‘ecta
922 4248 1042 4293 sunt
1074 4250 1325 4312 tanquam
1368 4245 1574 4301 umbra
1604 4262 1753 4316 quae-

160 4324 291 4379 dam
334 4327 661 4397 corpus,,ita
698 4336 851 4384 extra
881 4331 1051 4399 posita
1094 4347 1197 4387 non
1238 4346 1460 4403 possunt
1502 4336 1553 4389 id
1589 4340 1752 4393 relin-

158 4432 332 4487 quere
372 4417 440 4472 ad
487 4419 630 4490 quod
674 4422 967 4492 probantur
1015 4423 1200 4481 affecta
1228 4468 1243 4491 ,
1288 4436 1344 4481 et
1386 4441 1479 4482 aut
1526 4433 1750 4486 omnino

155 4508 514 4565 substantiam
543 4526 730 4567 eorum
770 4513 836 4569 ad
870 4531 987 4585 quae
1027 4516 1214 4593 aﬁ‘ecta
1246 4529 1392 4585 sunt,
1428 4538 1533 4576 non
1577 4523 1745 4593 signi-
1778 4505 1835 4569 Ῑ)

154 4598 325 4654 ﬁcant
368 4610 426 4655 ut
446 4604 794 4672 contrarium,
818 4606 992 4663 simile
1016 4618 1067 4665 et
1090 4620 1305 4666 cn'tera.
1328 4613 1435 4669 Aut
1460 4616 1503 4669 si
1534 4618 1748 4685 quando

149 4692 461 4764 designant,
496 4711 599 4751 una
642 4698 885 4768 quaedam
929 4716 1053 4771 pars
1097 4704 1414 4777 intelligitur
1443 4723 1565 4765 esse
1610 4711 1742 4765 sub-

146 4786 392 4851 stantixe,
421 4785 565 4841 velut
595 4802 784 4858 genus,
816 4792 1045 4859 species,
1078 4793 1401 4853 differentia.
1435 4798 1548 4853 Non
1598 4801 1739 4855 enim

142 4892 324 4947 genus
352 4886 459 4932 tota
489 4879 784 4936 substantia
809 4891 892 4938 est
921 4885 1142 4955 speciei,
1174 4890 1609 4961 quandoquidem
1632 4910 1739 4951 non

142 4970 328 5024 Solum
350 4986 521 5039 genus
544 4975 777 5043 speciem
803 4974 1016 5047 format,
1039 4979 1133 5034 sed
1156 4980 1472 5042 differentiae
1500 5004 1741 5060 quoque;

140 5076 249 5115 nec
292 5060 606 5118 diﬁ'erentire
637 5074 799 5121 totam
831 5069 1144 5126 substantiae
1171 5076 1450 5132 continent
1484 5079 1739 5152 formam,

133 5152 581 5223 quandoquidem
618 5170 723 5211 non
758 5159 870 5214 sola
902 5160 1201 5219 differentia
1229 5168 1464 5236 speciem
1505 5172 1737 5241 perﬁcit,

129 5242 239 5296 sed
273 5241 435 5298 etiam
464 5261 650 5313 genus.
695 5247 811 5318 Ipsa
856 5266 985 5309 vero
1015 5255 1221 5325 species
1248 5259 1490 5329 quaedam
1514 5248 1739 5333 generis

124 5348 269 5403 pars
302 5349 404 5403 εει,
428 5348 483 5393 at
508 5356 637 5396 vero
667 5342 929 5425 deﬁnitio,
959 5349 1061 5403 etsi
1091 5349 1156 5405 ad
1185 5352 1388 5423 aliquid
1420 5364 1521 5423 est,
1552 5366 1733 5416 tamen
1774 5424 1777 5429 I

122 5438 310 5482 totam
336 5429 687 5489 substantiam
715 5448 1009 5507 monstrat,
1033 5450 1193 5512 atque
1222 5458 1539 5518 exsequatur
1572 5450 1622 5507 ei
1653 5456 1731 5508 rei

116 5535 301 5590 quam
328 5522 535 5591 deﬁnit,
559 5536 613 5582 et
634 5531 984 5589 substantiam
1014 5535 1245 5605 perﬁcit,
1272 5549 1329 5595 ut
1354 5556 1528 5613 neque
1550 5558 1734 5601 ettra-
1778 5538 1781 5545 ’

112 5612 310 5683 posita
340 5614 430 5684 sit,
473 5618 609 5673 sicut
634 5620 925 5679 similitudo
966 5635 1019 5681 et
1061 5632 1353 5699 contraria,
1396 5612 1569 5704 neque
1605 5651 1732 5707 pars

106 5703 250 5773 ejus
282 5703 597 5775 substantia:
622 5709 692 5768 sit
716 5728 876 5785 quam
904 5715 1215 5776 definitione
1241 5703 1586 5791 determinat,
1606 5703 1717 5782 sed

1887 1851 2026 1906 dicat
2052 1857 2104 1909 id
2133 1874 2240 1914 esse
2270 1864 2406 1931 quod
2449 1867 2500 1919 in
2548 1869 2760 1939 legibus,
2806 1851 3284 1951 senatusconsultis,
3326 1888 3475 1942 rebus

1876 1945 2146 2016 judicotis,
2165 1952 2592 2025 jurisperitorum
2620 1968 2944 2033 auctoritate,
2989 1971 3170 2027 edictis
3198 1978 3474 2048 magistra-

1828 2111 1834 2117 1
1884 2046 2051 2101 tuum,
2077 2057 2239 2105 more,
2267 2049 2508 2115 tequitate
2533 2056 2799 2109 consistat.
2827 2058 3147 2119 Divisionum
3176 2046 3345 2123 autem
3374 2074 3475 2127 de-

1882 2129 2051 2196 ﬁnitio
2088 2135 2278 2204 formas
2305 2142 2498 2199 fomites
2535 2140 2889 2218 complectitur
2929 2170 3044 2223 qute
3078 2160 3172 2213 sub
3198 2178 3257 2215 eo
3291 2180 3473 2234 genere

1881 2233 2002 2277 sunt
2027 2230 2166 2296 quod
2194 2232 2457 2301 deﬁnitur,
2486 2237 2583 2292 hoc
2608 2242 2762 2296 modo
2780 2260 2800 2298 :
2822 2245 3142 2306 Abalienatio
3166 2265 3238 2309 est
3264 2230 3373 2328 eius
3398 2261 3470 2315 rei

1880 2333 1998 2386 quo:
2038 2323 2261 2393 mancipi
2290 2336 2382 2388 est,
2414 2341 2507 2381 aut
2534 2335 2745 2389 traditio
2775 2337 2927 2392 alteri
2954 2357 3106 2409 nexu,
3136 2356 3225 2401 aut
3262 2323 3313 2403 in
3347 2352 3469 2424 jure

1879 2410 2061 2477 cessio,
2089 2413 2223 2467 inter
2245 2432 2370 2486 quos
2396 2436 2455 2473 ea
2469 2422 2592 2491 jure
2615 2426 2755 2481 civili
2784 2431 2896 2496 ﬁeri
2925 2446 3155 2503 possunt.

1950 2500 2213 2566 Quoniam
2240 2506 2482 2565 deﬁnitio
2514 2513 2585 2569 ita
2616 2530 2681 2571 ex
2704 2500 2945 2589 subjecta
2976 2541 3035 2580 re
3065 2543 3223 2597 quam
3255 2531 3465 2604 delinit,

1876 2593 2260 2661 proprietatem
2300 2602 2464 2671 capit,
2495 2612 2553 2661 ut
2578 2614 2756 2664 tamen
2788 2611 3013 2671 fortnam
3060 2593 3328 2691 propriam
3358 2593 3465 2685 non

1875 2683 2167 2757 relinquat,
2196 2689 2396 2748 idcirco
2440 2706 2559 2766 post
2584 2714 2675 2755 eas
2714 2701 3043 2765 differentias
3060 2683 3460 2789 definitionum,

1875 2790 1995 2844 qua:
2038 2778 2106 2834 ab
2143 2780 2229 2837 his
2273 2786 2434 2842 rebus
2473 2797 2657 2846 tractze
2705 2807 2829 2851 sunt
2882 2814 3001 2869 quas
3045 2778 3459 2879 deﬁniebantur:

1875 2884 2021 2927 nunc
2045 2888 2076 2927 a
2100 2884 2311 2945 propria
2341 2881 2509 2936 forma
2532 2883 2903 2946 deﬁnitionum
2923 2894 3256 2955 diﬁ‘erentias
3279 2882 3459 2960 tradit.

1875 2961 2099 3033 Propria
2122 2982 2255 3022 vero
2288 2970 2457 3027 forma
2490 2976 2910 3051 uniuscujusque
2934 2989 3216 3057 compositi
3246 2992 3299 3048 iu
3346 2998 3458 3051 suis

1873 3056 2120 3123 partibus
2139 3071 2372 3129 constat,
2390 3065 2568 3136 itaque
2590 3083 2656 3124 ex
2676 3073 2913 3140 partibus
2935 3056 3302 3139 deﬁnitionum
3323 3087 3457 3146 tales

1798 3126 1847 3191 Ο
1876 3145 2211 3207 diﬁ'erentias
2241 3126 2418 3221 docet,
2445 3126 2585 3227 quod
2612 3126 2734 3216 alia:
3492 3178 3495 3183 ’

1874 3253 2019 3305 nem,
2053 3242 2173 3297 alia:
2203 3260 2296 3309 per
2330 3248 2675 3316 partitionem
2716 3256 2867 3313 ﬁunt.
2899 3242 3161 3320 Deﬁnitur
3195 3270 3337 3324 enim
3370 3286 3456 3327 res

1871 3332 2124 3399 quaelibet
2170 3337 2300 3393 dum
2338 3352 2429 3397 aut
2455 3344 2573 3413 ejus
2599 3349 2806 3417 species
2835 3368 3020 3411 omnes
3047 3356 3467 3436 enumerantur,»

1869 3433 1963 3478 aut
1992 3440 2203 3492 partes.
2222 3432 2404 3487 Partes
2446 3450 2576 3517 vero
2602 3453 2631 3492 a
2664 3443 2843 3509 specie
2864 3461 2971 3513 quo
2992 3448 3259 3522 differant,
3297 3432 3454 3525 paulo

1870 3517 2137 3581 posterius
2166 3518 2363 3575 dicam.
2396 3523 2547 3580 Nune
2571 3533 2886 3597 exponenda
2916 3538 3150 3593 arbitror
3178 3517 3453 3605 Ciceronis

1869 3606 2153 3674 exempla;
2203 3609 2294 3665 dat
2321 3612 2462 3667 enim
2500 3618 2800 3683 partitionis
2831 3629 3134 3695 exemplum
3176 3630 3277 3688 hoc
3318 3652 3333 3690 :
3370 3622 3453 3693 Sit

1868 3697 2011 3755 enim
2038 3702 2368 3770 propositum
2389 3705 2770 3780 deﬁnirequid
2798 3715 2866 3768 sit
2891 3716 2976 3785 jus
3000 3721 3179 3790 civile,
3211 3724 3451 3784 dicemus

1867 3786 1941 3845 ita
1973 3804 1988 3843 :
2018 3787 2115 3845 Jus
2144 3793 2303 3848 civile
2331 3807 2414 3851 est
2439 3801 2580 3868 quod
2609 3802 2661 3856 in
2692 3803 2917 3877 legibus,
2945 3822 3446 3891 senatusconsultis,

1863 3880 2027 3935 rebus
2061 3883 2349 3955 judicatis,
2393 3889 2826 3964 iurisperitorum
2869 3907 3210 3977 auctoritate,
3260 3880 3449 3974 edictis

1865 3973 2296 4045 magistratuum,
2347 3997 2518 4050 more,
2556 3989 2806 4057 aequitate
2836 3996 3102 4051 consistit.
3145 4000 3255 4057 Lex
3292 4007 3448 4075 igitur

1861 4075 1945 4122 est
1972 4083 2130 4134 quam
2163 4073 2392 4141 populus
2422 4081 2737 4137 centuriatis
2764 4089 2994 4143 comitiis
3042 4092 3249 4150 civerit.
3280 4073 3444 4155 seua-

1864 4166 2200 4221 tusconsulta
2230 4178 2499 4240 suntquae
2529 4174 2730 4231 iuerint
2751 4192 2969 4237 senatus
2990 4189 3306 4247 auctoritate
3347 4195 3444 4251 de-

1859 4264 2026 4311 creta.
2070 4257 2174 4313 Res
2211 4260 2467 4328 indicata:
2505 4279 2632 4323 sunt
2668 4285 2787 4340 qua:
2829 4275 2970 4352 inter
3007 4294 3102 4334 eos
3144 4284 3234 4352 qui
3283 4294 3465 4358 super

1857 4346 2034 4415 aliqua
2067 4364 2125 4405 re
2150 4353 2464 4423 ambigunt,
2511 4364 2777 4418 sententia
2817 4349 3053 4434 j-utlicum
3080 4346 3277 4430 fuerint
3306 4346 3438 4436 con-

1851 4717 2045 4782 pretati
2086 4728 2230 4783 sunt,
2275 4722 2511 4791 probata
2554 4729 2752 4786 civium
2796 4734 3050 4805 judiciis,
3108 4744 3437 4818 creditreque

1850 4810 2156 4866 sententias.
2211 4812 2397 4869 Edicta
2433 4821 2838 4889 magistratuum
2871 4840 2996 4886 sunt
3032 4849 3149 4903 quae
3179 4810 3435 4905 praetores

1852 4899 2040 4959 urbani
2072 4904 2157 4959 vel
2184 4908 2471 4983 peregrini,
2505 4912 2587 4965 vel
2632 4917 2812 4972 aediles
2837 4922 3048 4978 curules
3073 4927 3196 4993 jura
3227 4928 3432 4989 dixere.

1858 4990 1974 5050 Mos
2003 5003 2085 5049 est
2113 4996 2255 5064 quod
2284 4997 2337 5051 in
2364 5000 2632 5058 civitatem
2660 5008 2878 5065 solitum
2913 5023 2995 5067 est
3022 4990 3155 5070 ﬁeri.
3184 5018 3431 5090 Equites
3458 5022 3459 5027 “

1855 5094 1939 5145 est
1975 5085 2117 5154 quod
2156 5090 2413 5145 naturalis
2454 5094 2588 5149 ratio
2628 5102 2908 5165 persuasit.
2953 5104 3076 5160 Hcce
3116 5085 3286 5178 igitur
3310 5128 3429 5168 om-

1856 5176 1945 5237 nia
1983 5194 2140 5234 unam
2181 5180 2409 5239 formant
2442 5186 2583 5256 juris
2618 5190 2878 5261 efficiunt,
2922 5176 3173 5269 tanquam
3209 5214 3428 5277 partes,

1852 5270 1998 5326 velut
2037 5271 2307 5329 hominem
2332 5316 2347 5341 ,
2388 5288 2588 5349 caput,
2631 5283 2881 5353 brachia,
2938 5289 3127 5348 thorax
3153 5334 3167 5359 ,
3206 5270 3425 5371 iventer,

1848 5374 2006 5417 crura
2055 5372 2213 5433 atque
2262 5368 2443 5435 pedes.
2495 5370 2715 5429 Partitio
2762 5386 2844 5432 est
2881 5380 3022 5433 enim
3072 5392 3127 5437 ut
3168 5384 3279 5454 ipse
3315 5368 3426 5459 ait,

1846 5469 1968 5525 qua
2006 5472 2435 5531 unamquamque
2473 5479 2585 5519 rem
2626 5471 2972 5538 propositam,
2996 5460 3145 5541 quasi
3178 5477 3230 5532 in
3260 5497 3427 5538 utero--

1846 5544 1943 5599 bra
1996 5546 2277 5620 discerpit.
2327 5552 2564 5611 Alteram
2619 5573 2748 5614 vero
2802 5574 3004 5631 partem
3056 5567 3423 5643 definitionis,

1843 5653 1965 5704 quae
2018 5656 2111 5708 per
2157 5642 2477 5702 divisionem
2526 5650 2598 5704 sit
2651 5652 2972 5722 specierum,
3017 5660 3105 5713 tali
3162 5642 3461 5724 monstrat

1841 5731 2110 5803 exemplo.
2145 5732 2343 5793 Deﬁnit
2368 5738 2512 5795 enim
2541 5740 2669 5811 quid
2716 5744 2788 5800 sit
2832 5744 3159 5810 abalienatlo
3188 5754 3307 5827 ejus
3344 5759 3420 5817 rei
