4036 6336
540 339 678 404 ita")

1750 329 1861 385 ΑΝ.
1900 325 2107 384 MANL.
2146 321 2298 380 SEV.
2343 322 2565 381 BOETll

3663 307 3791 364 1096

539 477 656 529 quae
711 456 940 524 mancipi
979 461 1088 519 est,
1137 449 1321 508 dicens
1354 466 1364 502 :
1396 445 1734 503 Abalienatio
1770 451 1853 498 est
1883 442 2000 511 ejus
2031 437 2163 496 rei!

2267 474 2366 514 one
2417 460 2589 524 ﬁeret,
2638 456 2860 510 alteram
2890 466 3011 523 quae
3051 463 3147 522 per
3187 447 3416 521 partium
3452 446 3786 502 divisionem.

541 568 660 622 quae
714 547 945 616 mancipi
1000 554 1117 610 est,
1177 553 1268 596 aut
1320 540 1533 595 traditio
1582 537 1736 592 alteri
1791 550 1973 597 nexu,
2023 538 2117 585 aut

544 643 714 698 cessio
746 642 795 694 in
823 641 974 708 jure,
1024 638 1162 690 inter
1199 648 1334 704 quos
1373 647 1435 687 ea
1473 632 1594 700 jure
1640 627 1784 683 civili
1835 625 1949 679 ﬁeri
1997 637 2121 692 pos-

545 747 686 792 sunt.
735 734 863 789 Nam
901 733 1021 802 jure
1060 730 1200 784 civili
1248 728 1365 783 ﬁeri
1405 725 1604 795 aliquid
1643 739 1746 778 non
1781 722 1918 776 inter
1962 718 2122 783 alios,

547 830 647 884 nisi
694 830 834 883 inter
873 827 1017 881 cives
1059 827 1332 880 Romanos
1371 820 1488 876 ﬁeri
1535 827 1728 888 potest,
1766 828 1990 886 quorum
2040 819 2125 866 est

547 923 705 975 etiam
734 921 819 988 jus
866 919 1044 986 civile,
1080 917 1220 986 quod
1253 913 1534 968 duodecim
1567 909 1765 964 tabulis
1795 906 2123 962 continetur.

549 1012 746 1069 Omnes
777 1024 901 1065 vero
941 1024 1030 1063 res
1059 1023 1176 1077 qua:
1216 1003 1508 1059 abalienari
1541 1008 1787 1072 possunt,
1814 997 1868 1052 id
1905 1007 1985 1052 est
2005 1009 2126 1065 qua

483 1147 486 1150 .
549 1119 577 1156 a
604 1111 785 1156 nostro
815 1099 879 1154 ad
903 1099 1125 1154 alterius
1164 1096 1395 1151 transire
1423 1091 1720 1148 dominium
1750 1096 1994 1158 possunt,
2036 1093 2129 1139 aut

555 1192 781 1260 mancipi
813 1199 956 1256 sunt,
988 1198 1080 1244 aut
1107 1204 1211 1242 non
1247 1185 1498 1254 mancipi.
1530 1181 1758 1250 Mancipi
1804 1195 1889 1234 res
1921 1184 2128 1232 veteres

555 1284 911 1355 appellabant,
944 1297 1062 1353 quce
1094 1281 1163 1334 ita
1195 1278 1654 1342 abalienabantur,
1687 1283 1743 1328 ut
1770 1288 1833 1328 ea
1862 1270 2132 1325 abaliena-

559 1381 630 1432 tio
664 1394 756 1447 per
785 1377 1069 1447 quamdam
1103 1390 1270 1430 nexus
1317 1374 1469 1427 ﬁeret
1507 1370 1925 1426 solemnitatem.
1956 1363 2135 1418 Nexus

557 1483 685 1524 vero
730 1477 811 1523 est
843 1467 1105 1538 quaedam
1138 1467 1273 1535 juris
1312 1464 1652 1529 solemnitas,
1698 1476 1817 1532 qua:
1865 1458 2024 1512 ﬁebat
2069 1470 2134 1512 eo

560 1562 718 1616 modo
738 1577 842 1631 quo
881 1561 931 1613 itt
957 1558 1380 1614 lnstitutionihus
1408 1557 1569 1610 Caius
1597 1555 1846 1624 exponit.
1880 1549 2134 1621 Ejusdem

560 1665 738 1710 autem
781 1653 892 1709 Caii
938 1653 1075 1705 libro
1110 1651 1281 1720 primo
1321 1647 1718 1704 lnstitutionum
1766 1645 1833 1699 de
1883 1660 2021 1698 nexu
2057 1641 2139 1695 fa-

561 1746 773 1809 ciendo,
824 1744 937 1797 haec
968 1743 1126 1797 verba
1162 1752 1286 1795 sunt
1315 1759 1326 1794 :
1357 1741 1449 1794 Est
1485 1750 1660 1793 autem
1703 1734 2047 1804 mancipatio,
2082 1740 2139 1786 ut

2223 564 2447 625 utraque
2465 569 2599 630 vero
2635 551 2879 607 deﬁnitio
2903 557 3080 619 partes
3113 555 3409 600 enumerat.
3446 541 3553 599 Sed
3583 542 3680 596 hoc
3718 542 3795 597 in-

2225 657 2411 711 terest,
2443 649 2564 718 quia
2596 647 2711 700 haec
2752 643 2964 713 quidem
3004 641 3231 711 species,
3262 638 3353 692 illa
3401 651 3530 690 vero
3562 636 3794 691 membra

2225 741 2472 810 partitur.
2504 739 2600 794 Hic
2625 736 2898 792 suboritur
2935 734 3162 804 quaestio
3192 730 3346 784 valde
3385 726 3642 782 difﬁcilis.
3672 727 3796 781 Nam

2226 832 2271 887 si
2328 829 2570 886 deﬁnitio
2607 837 2691 883 est
2744 827 2906 882 etiam
2953 824 3190 894 partitio,
3240 821 3438 875 mirum
3494 817 3664 872 videri
3711 832 3798 886 po-

2230 932 2334 979 test
2363 919 2810 992 quemadmodum
2845 919 2980 972 alter
3008 917 3080 970 sit
3121 929 3149 967 a
3182 911 3494 967 deﬁnitione
3523 909 3694 971 locus,
3725 909 3799 959 al-

2229 1025 2316 1073 ter
2368 1032 2397 1070 a
2450 1016 2678 1086 partium
2738 1010 3170 1068 enumeratione.
3220 1007 3350 1074 Quae
3391 1020 3481 1059 res
3524 1001 3801 1058 maximam

2231 1110 2602 1166 confusionem
2631 1117 2869 1178 praestat.
2899 1104 3032 1160 Nam
3059 1117 3184 1158 cum
3213 1099 3465 1170 superius
3493 1098 3547 1152 in
3575 1097 3803 1150 locorum

2231 1203 2636 1258 enumeratione
2679 1199 2815 1254 alter
2861 1212 2890 1250 a
2934 1195 3252 1252 deﬁnitione
3300 1193 3470 1256 locus,
3502 1191 3637 1244 alter
3676 1188 3743 1242 sit
3778 1204 3803 1241 a

2236 1296 2466 1366 partium
2517 1292 2921 1350 enumeratione
2978 1289 3328 1359 propositus,
3389 1298 3619 1353 cumque
3677 1295 3807 1336 nunc

2237 1388 2694 1445 enumerationem
2728 1385 2980 1453 partium,
3004 1382 3090 1437 vel
3117 1379 3458 1442 divisionem,
3490 1375 3810 1431 deﬁnitionis

2240 1480 2448 1549 species
2486 1492 2607 1533 esse
2656 1476 2960 1540 conﬁrmet,
2993 1487 3098 1528 non
3142 1481 3226 1527 est
3271 1469 3490 1526 dubium
3531 1468 3658 1537 quin
3698 1481 3810 1521 cum

2243 1570 2382 1624 idem
2431 1569 2500 1623 sit
2538 1567 2769 1638 partium
2815 1564 3150 1620 enumeratio
3188 1561 3326 1632 quod
3373 1559 3613 1614 deﬁnitio
3652 1557 3810 1629 (idem

2244 1675 2474 1729 namque
2514 1667 2596 1714 est
2647 1657 2858 1728 species
2888 1655 3029 1726 quod
3059 1651 3274 1724 genus).
3309 1651 3449 1707 idem
3497 1651 3567 1704 sit
3599 1648 3749 1702 locus
3787 1662 3816 1700 a

2247 1750 2579 1815 deﬁnitione,
2616 1749 2706 1819 qui
2738 1756 2823 1803 est
2863 1761 2892 1800 a
2938 1747 3168 1816 partium
3208 1741 3631 1798 enumeratione.
3662 1740 3817 1802 Cujus

564 1853 721 1908 supra
745 1851 956 1907 quoque
986 1834 1362 1899 indicavimus.
1396 1831 1710 1901 imaginaria
1737 1828 1983 1900 quaedam
2006 1841 2138 1881 νεη-
2168 1813 2219 1876 Β
2246 1813 2572 1914 quazstionis
2608 1813 2764 1895 v-alde
2800 1813 3057 1902 difﬁcilis,
3089 1835 3294 1891 facilior
3338 1832 3600 1888 absolutio
3633 1839 3738 1896 est,
3780 1829 3820 1882 si

565 1928 718 1994 ditio,
743 1925 882 1998 quod
914 1926 1086 1995 ipsum
1124 1925 1213 1993 jus
1246 1925 1520 1995 proprium
1555 1924 1915 1977 Romanorum
1946 1928 2028 1974 est
2061 1917 2144 1972 ci-

567 2021 736 2086 vium,
760 2035 929 2088 eaque
956 2034 1043 2075 res
1067 2019 1137 2072 ita
1160 2017 1356 2088 agitur,
1377 2017 1632 2073 adhibitis
1658 2031 1763 2071 non
1786 2014 1962 2069 minus
1984 2026 2146 2083 quam

569 2113 801 2184 quinque
833 2112 1056 2168 testibus
1085 2110 1340 2164 Romanis
1361 2109 1565 2164 civibus
1593 2107 1902 2177 puberibus,
1933 2117 2149 2174 etprae-

574 2214 717 2262 terca
748 2206 850 2260 alio
880 2203 1121 2276 ejusdem
1154 2203 1473 2257 conditionis
1497 2201 1587 2271 qui
1617 2200 1809 2255 libram
1834 2213 2040 2253 teneam
2066 2207 2148 2252 te-

580 2308 726 2365 neat,
752 2300 840 2368 qui
861 2295 1160 2367 appellatur
1190 2294 1465 2364 libripens.
1495 2291 1546 2347 Is
1578 2292 1667 2361 qui
1702 2290 2023 2359 mancipium
2055 2303 2150 2344 ac-

578 2391 726 2462 cipit,
777 2406 849 2446 ms
890 2399 1096 2455 tenens,
1131 2389 1203 2441 ita
1233 2387 1401 2442 dicit:
1435 2387 1585 2441 l-lunc
1627 2401 1728 2453 ego
1773 2385 2044 2440 hominem
2084 2397 2154 2438 ex

577 2484 697 2553 jure
719 2481 1004 2550 Quiritium
1026 2495 1206 2535 meum
1236 2495 1356 2534 esse
1375 2479 1484 2544 aio,
1506 2480 1656 2549 isque
1679 2477 1809 2532 mihi
1840 2486 2050 2546 emptus
2072 2484 2156 2530 est

579 2575 681 2630 hoc
708 2589 815 2630 :ere
844 2588 1098 2642 teneaque
1123 2573 1281 2628 libra.
1310 2571 1512 2627 Deinde
1536 2587 1643 2626 tere
1675 2571 1906 2640 percutit
1934 2569 2152 2634 libram,

524 2744 536 2752 .
579 2668 808 2738 indeque
846 2682 920 2722 tes
951 2665 1041 2721 dat
1082 2666 1131 2721 ei
1179 2682 1208 2719 a
1239 2680 1345 2736 quo
1387 2665 1711 2732 mancipium
1754 2664 1964 2734 accipit,
2005 2661 2159 2734 quasi

583 2760 742 2832 pretii
773 2762 910 2816 loco.
937 2761 1279 2829 Quaecunque
1303 2758 1461 2828 igitur
1493 2773 1599 2823 res,
1631 2759 1747 2828 lege
1768 2756 2045 2811 duodecim
2076 2764 2158 2809 ta-

582 2856 852 2922 bularum,
881 2856 1037 2910 aliter
1065 2854 1170 2909 nisi
1203 2868 1297 2923 per
1333 2851 1470 2908 hanc
1507 2852 1902 2908 solemnitatem
1957 2850 2158 2906 abalie-

584 2949 699 3002 nari
732 2963 838 3002 non
878 2955 1105 3018 poterat.
1153 2945 1247 3001 Sui
1285 2945 1420 3014 juris
1463 2953 1641 2999 autem
1671 2952 1881 2998 caetera:
1927 2958 2014 2999 res
2060 2957 2164 2999 nec

587 3041 818 3110 mancipi
861 3041 1214 3105 vocabantur,
1244 3037 1445 3093 eaedem
1479 3053 1605 3092 vero
1634 3038 1795 3092 etiam
1847 3038 1898 3091 in
1925 3035 2046 3106 jure
2074 3050 2166 3091 ce-

586 3131 870 3188 debantur.
916 3133 1099 3187 Cessio
1132 3145 1263 3186 vero
1297 3131 1390 3186 tali
1435 3131 1597 3185 ﬁebat
1625 3130 1786 3185 modo
1823 3140 1881 3184 ut
1927 3129 2166 3185 secundo

588 3226 972 3281 commentario
1021 3225 1160 3280 idem
1207 3225 1366 3280 Caius
1409 3225 1675 3293 exposuit.
1722 3224 1779 3281 lu
1819 3224 1939 3294 jure
1986 3233 2164 3280 autem
2191 3208 2244 3275 C

588 3317 763 3372 cessio
794 3316 851 3370 ﬁt
889 3316 990 3369 hoc
1024 3314 1184 3370 modo
1209 3332 1223 3372 :
1247 3315 1388 3386 apud
1429 3316 1795 3384 magistratum
1826 3315 2005 3384 populi
2057 3316 2166 3371 Ro-

591 3409 756 3474 mani,
787 3409 871 3464 vel
913 3408 1050 3478 apud
1080 3418 1385 3477 praetorem,
1434 3409 1520 3462 vel
1550 3408 1690 3476 apud
1724 3407 2005 3478 praesidem
2031 3423 2169 3478 .pro-

592 3501 801 3569 vincim,
833 3501 879 3556 is
907 3501 992 3556 cui
1021 3515 1108 3556 res
1129 3501 1181 3555 in
1206 3501 1327 3570 jure
1347 3492 1707 3570 ﬁceditur'rem
1740 3511 1924 3556 tenens
1954 3502 2027 3556 ita
2049 3503 2172 3556 vin-

590 3593 732 3651 dicat
765 3612 777 3648 :
813 3594 966 3650 Hunc
995 3609 1094 3664 ego
1125 3593 1397 3649 hominem
1430 3610 1492 3650 ex
1515 3593 1637 3663 jure
1670 3594 1957 3660 Quiritium
1990 3610 2169 3650 meum

589 3702 711 3744 esse
739 3686 844 3742 aio.
876 3687 1080 3742 Deinde
1118 3696 1397 3757 postquam
1433 3686 1520 3740 hic
1558 3687 1938 3754 vindicaverit,
1972 3698 2172 3757 prmtor

592 3780 886 3850 interrogat
915 3795 1034 3834 eum
1064 3780 1152 3849 qui
1183 3779 1327 3834 cedit
1349 3793 1414 3834 an
1438 3787 1623 3834 contra
1647 3780 1916 3846 vindicet;
1949 3797 2055 3851 quo
2078 3796 2174 3837 nec

593 3882 768 3942 gante,
793 3879 884 3925 aut
914 3880 1137 3935 tacente,
1173 3881 1296 3925 tunc
1323 3871 1369 3926 ei
1399 3872 1490 3940 qui
1518 3871 1884 3937 vindicaverit,
1913 3887 2029 3926 eam
2054 3887 2169 3927 rcm

595 3961 814 4031 addicit,
847 3963 1004 4032 idque
1035 3962 1166 4032 legis
1194 3963 1333 4016 actio
1373 3964 1682 4016 vocabatur.
1723 3963 1831 4018 Res
1864 3963 2024 4031 igitur
2049 3977 2172 4032 quae

599 4055 828 4125 mancipi
853 4063 994 4119 sunt,
1024 4063 1116 4107 aut
1147 4068 1306 4118 nexu,
1342 4062 1399 4108 ttt
1419 4053 1618 4108 dictum
1645 4063 1751 4120 est,
1795 4054 2175 4110 abalienaban-

599 4161 709 4218 tur,
741 4158 833 4204 aut
881 4151 934 4204 in
962 4150 1084 4218 jure
1114 4150 1380 4203 cessione.
1421 4148 1528 4202 llas
1577 4159 1756 4203 autem
1802 4149 2175 4204 solemnitates

598 4243 854 4314 quasdam
919 4242 1224 4310 essejuris,
1277 4257 1341 4296 ex
1407 4244 1779 4311 superioribus
1834 4245 1950 4299 Caii
1996 4243 2176 4300 verbis

601 4333 918 4389 ostenditur.
954 4335 1022 4387 At
1062 4333 1106 4386 si
1151 4348 1236 4386 res
1265 4347 1327 4387 ea
1355 4347 1473 4402 qua:
1505 4333 1735 4402 mancipi
1788 4343 1870 4387 est
1911 4335 2053 4388 nulla
2091 4349 2178 4389 so-

603 4426 880 4482 lemnitate
920 4425 1234 4494 interposita
1267 4423 1522 4486 tradatur,
1571 4425 1858 4479 abalienari
1891 4441 1996 4480 non
2029 4434 2181 4494 pote-

604 4519 696 4583 rit,
745 4518 844 4572 nisi
875 4517 942 4570 ab
974 4532 1037 4572 eo
1077 4517 1161 4571 cui
1215 4516 1460 4582 traditur,
1509 4518 1870 4588 usucapiatur.
1902 4520 2030 4586 Quae
2058 4535 2180 4574 cum

2246 1934 2618 1991 deﬁnitionum
2672 1931 2907 2000 ipsarum
2942 1927 3140 1983 formas
3188 1941 3251 1981 ac
3291 1924 3574 1979 distantias
3612 1922 3822 1992 colliga-

2250 2042 2391 2082 mus.
2432 2026 2610 2080 Multis
2642 2037 2874 2092 namque
2905 2020 3079 2077 modis
3105 2019 3220 2074 ﬁeri
3251 2015 3491 2072 deﬁnitio
3521 2022 3720 2085 potest.
3747 2013 3823 2066 ln-

2253 2129 2338 2175 ter
2392 2134 2526 2187 quos
2567 2130 2706 2171 unus
2744 2126 2829 2170 est
2863 2128 3026 2169 verus
3063 2122 3224 2182 atque
3260 2111 3465 2179 integer
3503 2107 3827 2163 definitionis

2251 2213 2464 2277 modus,
2497 2211 2586 2282 qui
2632 2211 2797 2265 etiam
2841 2206 3212 2264 substantialis
3245 2204 3474 2268 dicitur;
3516 2202 3715 2272 reliqui
3748 2215 3830 2269 per

2253 2308 2565 2364 abusionem
2608 2304 2950 2360 deﬁnitiones
2991 2310 3268 2356 vocantur.
3315 2298 3390 2353 De
3433 2296 3628 2368 quibus
3662 2294 3832 2349 omni-

2258 2403 2356 2457 bus
2413 2399 2570 2470 paulo
2626 2396 2893 2468 posterius
2937 2396 3201 2464 integram
3259 2390 3451 2445 faciam
3492 2389 3834 2443 divisionem.

2258 2493 2407 2548 Nunc
2434 2491 2486 2545 itt
2511 2505 2796 2546 commune
2818 2490 2895 2544 sic
2911 2488 3207 2543 disseram:
3230 2488 3246 2508 ⁶
3266 2500 3387 2539 nam
3409 2483 3532 2554 quia
3550 2482 3734 2538 omnis
3750 2480 3839 2535 de.

2261 2585 2433 2641 ﬁnitio
2462 2585 2694 2655 explicat
2725 2582 2852 2653 quid
2886 2582 2956 2636 sit
2985 2581 3038 2635 id
3071 2579 3211 2651 quod
3240 2577 3513 2634 deﬁnitur.
3551 2574 3843 2644 Explicatio

2263 2689 2438 2734 autem
2473 2680 2530 2733 ﬁt
2572 2677 2779 2732 duobus
2822 2674 3034 2730 modis:
3061 2689 3169 2728 uno
3209 2671 3425 2743 quidem
3473 2685 3598 2724 cum
3650 2682 3753 2737 pm
3793 2681 3847 2721 re

2263 2771 2487 2828 minime
2518 2770 2731 2840 cognita
2766 2769 2979 2839 planius
3023 2763 3228 2836 aliquid
3273 2762 3529 2826 aﬁertur;
3581 2761 3696 2816 alio
3727 2774 3848 2815 vero

2265 2880 2387 2920 cum
2417 2864 2475 2916 fit
2514 2861 2755 2932 quaedam
2785 2860 3014 2930 partium
3059 2856 3416 2914 enumeratio.
3464 2857 3545 2909 Ac
3581 2853 3651 2906 de
3677 2851 3851 2921 priore

2267 2954 2487 3026 quidem
2534 2953 2716 3018 modo,
2761 2950 3047 3021 posterius.
3093 2947 3246 3003 Nunc
3285 2959 3414 3002 vero
3450 2945 3517 2999 de
3567 2956 3852 2999 enumera-

2270 3045 2413 3100 tione
2440 3045 2669 3113 partium
2703 3042 2774 3096 ita
2801 3041 3087 3098 dicendum
3133 3048 3238 3106 est,
3271 3036 3411 3108 quod
3441 3035 3624 3091 omnis
3669 3033 3855 3089 deﬁni-

2271 3138 2367 3202 tio,
2390 3151 2510 3207 qua:
2540 3151 2636 3205 per
2666 3134 2894 3204 partium
2934 3133 3389 3188 enumerationem
3425 3129 3501 3194 ﬁt,
3525 3127 3685 3198 quasi
3719 3141 3857 3196 qua:-

2274 3231 2396 3286 dam
2424 3229 2641 3300 partitio
2674 3236 2818 3283 recte
2847 3226 3196 3299 jintelligitur.
3242 3223 3452 3278 Dictum
3495 3229 3603 3286 est,
3633 3219 3693 3274 id
3723 3216 3857 3289 quod

2273 3327 2326 3380 in
2353 3326 2567 3379 nomine
2595 3321 2818 3377 confuse
2843 3320 3259 3389 signiﬁcaretur,
3293 3319 3347 3372 in
3383 3314 3707 3371 deﬁnitione
3743 3326 3854 3380 qua:

2273 3417 2332 3471 ﬁt
2377 3415 2786 3472 enumeratione
2827 3414 3084 3483 partium,
3131 3409 3328 3480 aperiri
3372 3418 3533 3478 atque
3583 3402 3858 3474 explicari.

2273 3508 2426 3576 Quod
2457 3508 2571 3562 ﬁeri
2600 3523 2704 3563 non
2734 3513 2929 3576 potest,
2973 3505 3074 3559 nisi
3113 3518 3209 3572 per
3242 3498 3596 3572 quarumdam
3627 3495 3861 3567 partium

2275 3598 2756 3668 nuncupationem;
2784 3596 2919 3652 nihil
2942 3595 3086 3651 enim
3117 3594 3243 3648 dum
3267 3591 3570 3661 explicatur
3593 3587 3856 3649 oratione,

2276 3702 2447 3748 totum
2471 3691 2629 3747 simul
2661 3689 2768 3744 dici
2800 3699 2998 3759 potest.
3032 3686 3162 3754 Qum
3197 3701 3317 3740 cum
3356 3685 3428 3737 ita
3465 3680 3598 3747 sint,
3630 3691 3862 3746 cumque

2275 3787 2451 3841 omnis
2481 3781 2788 3854 ltujusmodi
2831 3780 3075 3836 deﬁnitio
3114 3777 3360 3848 quaedam
3401 3775 3472 3829 sit
3510 3771 3752 3844 partium
3781 3770 3856 3824 di-

2277 3860 2552 3943 stributio,
2576 3885 2805 3945 quatuor
2833 3873 2918 3928 his
2962 3872 3135 3927 modis
3177 3871 3293 3926 ﬁeri
3324 3875 3522 3940 potest.
3572 3870 3682 3921 Aut
3725 3863 3862 3920 enim

2279 3970 2653 4027 substantiales
2709 3978 2888 4038 partes
2948 3967 3320 4036 explicantur,
3373 3970 3466 4016 aut
3515 3959 3862 4029 preprietatis

2280 4073 2460 4136 partes
2491 4063 2761 4126 dicuntur,
2801 4069 2896 4114 aut
2951 4058 3105 4129 quasi
3150 4056 3314 4110 totius
3361 4052 3605 4109 membra
3651 4065 3867 4106 enume-

2281 4166 2488 4222 rantur,
2520 4163 2614 4208 aut
2646 4162 2897 4221 tanquam
2929 4149 3138 4220 species
3167 4147 3497 4202 dividuntur.
3531 4142 3869 4198 Substantia-

2281 4249 2361 4304 les
2385 4256 2565 4318 partes
2597 4245 2952 4314 explicantur,
2979 4257 3101 4296 cum
3131 4256 3195 4295 ex
3223 4253 3424 4309 genere
3452 4252 3514 4290 ac
3543 4234 3865 4289 differentiis

2283 4341 2524 4396 deﬁnitio
2554 4338 2916 4394 constituitur.
2945 4334 3126 4389 Genus
3169 4333 3314 4389 enim
3355 4329 3498 4402 quod
3524 4326 3871 4397 singulariter

2283 4435 2628 4508 prmdicatur,
2660 4431 2859 4503 speciei
2892 4441 3064 4485 totum
3092 4437 3195 4484 est.
3241 4427 3296 4481 1d
3322 4440 3490 4497 genus
3514 4433 3796 4492 sumptum
3829 4420 3874 4472 in

2289 4527 2626 4592 deﬁnitione,
2656 4539 2779 4595 pars
2807 4522 3053 4593 quzedam
3097 4519 3177 4573 ﬁt.
3218 4517 3336 4573 Non
3373 4516 3514 4572 enim
3542 4515 3724 4568 solum
3762 4524 3876 4581 spe-

607 4611 678 4664 m
707 4609 835 4672 sin“
867 4617 1013 4661 "me
1043 4606 1258 4661 deam”
1295 4615 1381 4660 θδί
1405 4605 1700 4662 secundum
1730 4607 2049 4664 δίνίδίοηθω
2094 4611 2188 4666 31"
2213 4597 2267 4660 θ
2294 4624 2428 4679 ciem
2464 4619 2722 4690 complet,
2754 4617 2855 4672 nisi
2893 4614 3219 4685 adjiciantur
3253 4614 3412 4666 etiam
3449 4605 3802 4671 dill‘erentiae,
3831 4603 3878 4655 in

609 4702 860 4757 alienatio
891 4701 968 4755 rei
1008 4699 1261 4768 mancipi,
1297 4699 1502 4754 scilicet
1540 4715 1660 4769 quze
1692 4711 1782 4754 aut
1823 4717 1992 4757 nexus
2025 4703 2190 4758 tradi-

609 4798 779 4863 tione,
800 4804 906 4849 ‘aut
934 4797 983 4848 in
1006 4794 1128 4862 jure
1157 4793 1400 4848 cessione
1432 4793 1724 4856 perﬁcitur.
1756 4793 1887 4848 Nam
1929 4810 2054 4863 pura
2085 4805 2191 4851 tra-

610 4889 833 4952 ditione,
865 4885 1184 4940 abalienatio
1209 4884 1285 4938 rei
1313 4884 1541 4952 mancipi
1571 4900 1675 4938 non
1705 4885 2021 4958 explicatur.
2054 4887 2194 4956 Spe-

612 4978 722 5035 cies
752 4993 877 5033 vero
900 4976 994 5030 has
1014 4989 1156 5042 esse,
1191 4990 1293 5028 tton
1321 4984 1519 5043 partes,
1554 4975 1678 5028 hinc
1704 4975 2039 5045 intelligitur,
2065 4978 2190 5047 quia

612 5074 658 5126 si
686 5072 802 5142 quis
835 5085 974 5124 nexu
1023 5067 1291 5121 abalienet
1322 5083 1432 5120 rem
1475 5068 1728 5137 mancipi,
1761 5069 1813 5123 id
1845 5069 1986 5139 quod
2032 5085 2188 5126 suum

607 5165 747 5243 .fuit,
789 5164 842 5217 in
889 5159 1108 5214 alterius
1157 5167 1470 5228 potestatem
1525 5160 1684 5228 pleno
1720 5159 1842 5228 jure
1896 5161 2188 5216 transtulit.

617 5254 770 5323 Quod
801 5254 845 5307 si
876 5252 1034 5307 etiam
1068 5251 1120 5305 in
1148 5250 1271 5320 jure
1315 5249 1492 5314 cedat,
1529 5251 1742 5320 plenum
1783 5251 2194 5308 abalienationis

615 5349 701 5418 jus
730 5354 863 5401 erat.
895 5343 996 5400 Ubi
1027 5353 1201 5399 autem
1239 5343 1450 5413 plenum
1480 5359 1675 5400 nomen
1717 5347 1855 5414 ejus,
1893 5347 2032 5415 quod
2063 5347 2199 5401 divi-

618 5439 771 5504 dunt,
804 5445 983 5508 partes
1019 5435 1339 5505 suscipiunt,
1374 5435 1498 5488 illud
1543 5451 1733 5505 genus,
1779 5445 1833 5489 et
1865 5437 1960 5491 has
1989 5438 2198 5506 Species

618 5546 740 5588 esse
773 5529 1041 5599 paululum
1065 5542 1278 5598 quoque
1309 5526 1590 5580 dialectica
1621 5528 1929 5596 cognitione
1963 5529 2198 5584 imbutus

620 5622 888 5691 intelligit.
929 5620 1060 5689 Quae
1084 5635 1203 5673 cum
1238 5620 1306 5672 ita
1348 5619 1474 5680 sint,
1504 5618 1687 5672 divisit
1716 5619 1903 5673 Cicero
1929 5620 2200 5675 deﬁnitio-

625 5733 746 5773 nem
779 5718 831 5769 in
876 5715 1007 5768 duas
1041 5724 1240 5782 partes,
1291 5728 1452 5765 unam
1496 5726 1614 5778 qua:
1648 5711 1877 5779 partiutn
1921 5726 2204 5770 enumera-

692 5836 708 5854 “
736 5834 851 5883 Haec
873 5835 1042 5892 verba,
1069 5843 1179 5881 nam
1203 5827 1336 5894 quia,
1363 5828 1638 5880 redundare
1665 5829 1907 5884 videntur.

2295 4717 2488 4787 quibus
2533 4712 2725 4768 eadem
2769 4711 2906 4764 ratio
2945 4723 3064 4777 quae
3111 4706 3162 4760 in
3206 4716 3405 4774 genere
3444 4709 3550 4755 est.
3585 4697 3726 4752 Nam
3769 4710 3881 4751 cum

2297 4811 2428 4881 ipsae
2468 4804 2810 4877 singulariter
2837 4802 2998 4856 dictae
3037 4808 3201 4854 totam
3247 4795 3482 4866 speciem
3519 4792 3807 4854 claudant,
3838 4792 3881 4842 in

2299 4900 2610 4956 deﬁnitione
2659 4905 2910 4962 sumptae,
2951 4898 3132 4961 partes
3172 4888 3372 4959 speciei
3420 4886 3581 4950 ﬁunt,
3624 4885 3755 4950 quia
3792 4898 3882 4934 non

2299 4993 2473 5048 solum
2505 4989 2736 5060 speciem
2760 4986 2974 5056 quidem
2997 4997 3118 5038 esse
3139 4979 3446 5048 designant,
3475 4975 3573 5030 sed
3605 4975 3776 5028 etiam

2299 5101 2420 5142 nus.
2462 5083 2629 5152 llujus
2667 5079 2969 5148 exemplum
3011 5085 3131 5130 est:
3166 5072 3340 5127 llomo
3366 5079 3450 5124 est
3493 5066 3708 5120 animal
3741 5066 3891 5119 ratio-

2297 5179 2441 5242 nale,
2473 5174 2720 5230 mortale.
2754 5172 2887 5226 Cum
2924 5183 3052 5238 ergo
3093 5175 3203 5221 tota
3255 5159 3497 5217 deﬁnitio
3551 5157 3769 5212 homini
3813 5169 3891 5206 ce-

2303 5278 2566 5341 mquetur,
2600 5265 2876 5332 totiusque
2904 5255 3233 5314 definitionis
3259 5261 3436 5324 partes
3468 5249 3599 5312 sint,
3637 5259 3756 5301 tum
3787 5243 3894 5298 aui-

2303 5340 2435 5427 mal,
2485 5370 2596 5414 tum
2653 5355 2934 5418 rationale,
2978 5360 3088 5405 tttttt
3135 5346 3382 5413 mortale,
3431 5341 3606 5411 ipsius
3668 5340 3896 5393 hominis

2306 5463 2486 5524 partes
2507 5464 2628 5506 esse
2664 5448 2916 5501 videntur
2943 5441 3176 5511 singula,
3209 5453 3327 5508 qua:
3351 5432 3598 5504 ejusdem
3631 5431 3899 5488 deﬁnitio-

2309 5523 2390 5598 nis
2415 5553 2592 5611 partes
2622 5550 2768 5595 sunt.
2798 5537 2923 5592 llaec
2954 5535 3116 5604 igitur
3144 5529 3360 5602 proprio
3397 5525 3620 5581 nomine
3651 5523 3897 5577 deﬁnitio

2310 5641 2664 5702 nuncupatur.
2697 5629 2823 5684 Item
2862 5635 2942 5682 est
2977 5625 3061 5679 illa
3093 5619 3356 5688 deﬁnitio,
3389 5615 3611 5688 quando
3639 5615 3702 5669 in
3738 5626 3896 5668 unum

2309 5724 2604 5782 accidentia
2645 5722 2986 5792 colliguntur,
3032 5728 3191 5788 atque
3239 5727 3404 5770 unum
3427 5710 3652 5782 aliquid
3708 5724 3777 5765 ex
3823 5707 3902 5761 his
