4036 6336
235 350 373 445 i097

1064 363 1126 419 IN
1164 362 1405 419 TOPICA
1446 334 1799 415 CICERONIS
1838 326 2354 411 COMMENTARIA.
2398 350 2527 406 LIB.
2571 350 2658 405 III.

2914 296 2937 319 ,

3364 322 3502 403 1098

234 464 493 547 efﬁcitur,
525 488 579 535 et
616 486 700 533 est
732 456 895 532 veluti
924 458 1179 546 quasdam
1202 467 1817 543 partium'enumeratio,
1846 469 1900 527 Α
1929 460 2080 517 blicis
2111 461 2295 514 usibus
2321 446 2615 523 destinata,
2641 462 2829 527 potest
2858 456 3003 541 item
3032 454 3175 511 aliud
3201 444 3500 525 quodlibet,

206 580 345 631 ‘non
368 576 420 629 in
446 558 770 636 substantia,
801 568 892 623 sed
922 568 974 620 in
1001 566 1231 637 quadam
1262 558 1621 619 accidentium
1654 562 1817 615 colle-

236 675 418 730 ctione
442 669 641 740 posita;
668 658 1156 735 ltujus‘exemplum
1183 671 1297 716 est:
1317 660 1533 714 Animal
1564 666 1645 711 est
1676 656 1817 725 quod

240 761 689 834 ntoveri‘pro'pria
719 756 995 814 veluntate
1034 756 1223 825 possit.
1249 753 1481 808 Animali
1513 765 1741 819 namque
1766 760 1820 803 et

241 871 419 916 motus
472 850 555 913 est
607 851 894 915 accidens,
946 857 1001 904 et
1038 852 1322 911 voluntas,
1378 856 1431 899 et
1475 843 1825 913 possibilitas,

241 954 339 1010 sed
364 944 681 1021 hiecjuncta
714 947 999 1017 perﬁciunt
1036 945 1256 1009 animal,
1303 957 1408 997 non
1455 936 1823 994 substantiali-

232 1039 329 1101 ter
373 1030 777 1105 censtituentia,
815 1026 1047 1105 sed‘per
1075 1035 1316 1101 quaedam
1346 1030 1644 1085 accidentia
1681 1024 1827 1081 desi;

242 1112 464 1205 gnaniia
498 1131 638 1201 quod
658 1114 912 1182 animalis
944 1116 1092 1195 quasi
1118 1114 1362 1193 qnmdam
1389 1129 1568 1190 partes
1599 1127 1747 1182 sunt,
1770 1126 1827 1171 et

243 1229 363 1283 haec
384 1212 1059 1293 descriptio‘nuncupatur.
1090 1220 1160 1271 At
1190 1216 1235 1270 si
1267 1230 1374 1269 non
1399 1212 1697 1267 accidentia
1722 1208 1827 1274 rei,’

243 1319 340 1375 sed
370 1310 521 1388 quasi
550 1311 1056 1382 membr‘a’quaedam
1080 1308 1343 1374 dicamus,
1375 1321 1438 1360 ex
1462 1303 1653 1373 quibus
1672 1308 1824 1356 com;

246 1386 462 1480 ponitur
492 1418 649 1479 atque
678 1398 1057 1480 conjungitur,
1087 1411 1245 1469 atque
1289 1398 1415 1453 inde
1458 1386 1825 1451 deﬁnitionem

234 1478 425 1557 iacere
448 1499 868 1561 tentemus,'ltoc
899 1478 1057 1548 modo
1084 1492 1311 1546 dicimus
1345 1489 1586 1542 :‘Domus
1612 1494 1829 1553 estquae

234 1584 616 1654 fundamento,
652 1586 945 1657 parietibus
975 1592 1222 1651 tectoque
1246 1580 1512 1643 consistit,
1545 1576 1630 1631 ltic
1658 1590 1828 1629 mem-

250 1685 348 1737 bra
387 1681 631 1752 quaedam
676 1687 889 1747 sumpta
936 1667 1083 1728 sunt‘
1109 1674 1173 1726 ad
1211 1671 1602 1735 definitionem,
1635 1667 1829 1735 quibus

247 1792 341 1831 res
362 1784 470 1828 tota
494 1772 853 1841 conjungitur,
879 1777 932 1823 et
964 1767 1077 1820 haec
1106 1773 1327 1819 vocatur
1349 1777 1443 1832 per
1467 1759 1829 1836 enumeratio-

248 1881 372 1920 nem
404 1864 626 1933 partium
652 1843 1014 1915 difﬁnitiofAt
1040 1850 1230 1924 siquis
1261 1852 1332 1908 ita
1359 1853 1597 1915 deﬁniat,
1631 1859 1691 1903 ut
1720 1865 1825 1931 non

249 1956 306 2011 in
348 1954 659 2009 deﬁnitione
712 1948 881 2020 ponat
913 1936 1327 2009 membra,sed
1355 1945 1583 2013 species,
1627 1957 1655 1995 a
1692 1934 1831 2020 divi-

249 2048 407 2100 sione
436 2045 735 2114 speeierum
766 2041 1006 2096 deﬁnitio
1043 2045 1414 2105 nuncupatur:
1451 2036 1595 2089 velut
1636 2032 1831 2114 siquis

188 2132 195 2133 ί
259 2138 364 2191 hoc
405 2136 564 2191 modo
605 2135 913 2204 pronuntiet
942 2150 957 2191 ξ
988 2116 1673 2191 Animal'estsubStantia,
1715 2142 1832 2193 quae

254 2231 342 2284 vel
372 2245 531 2283 sensu
562 2224 908 2289 tantum,’vel
940 2238 1101 2278 sensu
1132 2231 1187 2277 et
1219 2221 1426 2275 ratione
1458 2217 1675 2273 nitatur.
1709 2204 1833 2271 llaic

259 2320 426 2388 igitur
453 2312 684 2388 quatuor
727 2332 754 2369 a
804 2331 862 2370 se
889 2314 1104 2368 diﬂ‘erre
1151 2311 1490 2365 manifestum
1540 2318 1647 2365 est.
1682 2309 1735 2362 ltt
1768 2323 1834 2363 ea

252 2424 489 2479 namque
513 2409 822 2464 deﬁnitione
844 2412 976 2476 qua:
1008 2402 1518 2474 per'substantiales
1548 2410 1725 2471 partes
1752 2404 1834 2455 ei-

256 2504 458 2567 licitur,
490 2501 713 2571 singulae
738 2510 914 2568 partes
938 2498 1171 2565 majores
1199 2511 1319 2551 esse
1341 2494 1607 2557 videntur,
1635 2480 1687 2546 et
1709 2480 1836 2547 sub-

253 2588 577 2653 stantialiter
613 2593 1031 2649 universaliores
1075 2590 1141 2644 ab
1179 2604 1238 2644 ea
1268 2605 1326 2643 re
1354 2602 1510 2656 quam
1550 2572 1833 2651 deﬁniunt,

257 2700 321 2743 ut
361 2688 557 2742 animal
590 2686 760 2755 majus
804 2694 885 2738 est
933 2672 1023 2737 ab'
1050 2673 1723 2735 ltomine.‘Mortale'etiatn
1758 2686 1837 2731 at-

252 2796 363 2851 que
392 2780 673 2842 rationale,
723 2776 928 2845 singula
970 2774 1201 2826 hominis
1234 2766 1836 2849 transgrediuntur'na-

256 2848 461 2932 t—urant,
482 2887 598 2940 quae
625 2871 675 2923 in
707 2883 869 2922 unum
900 2863 1288 2926 convenientia,
1308 2848 1480 2917 eidem
1503 2858 1615 2931 quo
1637 2860 1838 2930 sigilla-

255 2966 407 3019 latitn
432 2964 632 3031 majora
676 2972 800 3018 sunt
826 2968 1193 3028 coatquantur.
1222 2955 1531 3023 Accidentia
1558 2954 1690 3009 vero
1710 2952 1837 3023 quae

255 3060 316 3113 in
357 3057 665 3112 deﬁnitione
718 3062 1004 3123 ponuntur,
1052 3052 1273 3105 omnino
1322 3065 1351 3103 a
1397 3048 1708 3102 substantia:
1750 3061 1838 3100 ra—

252 3130 408 3208 tione
443 3150 707 3218 disjuncta
742 3156 883 3201 sunt.
920 3147 974 3201 ltt
1016 3160 1077 3198 ea
1110 3158 1237 3198 vero
1278 3143 1590 3197 deﬁnitione
1616 3124 1736 3219 qua:
1762 3155 1835 3195 ex

256 3246 488 3317 partium
512 3243 917 3299 enumeratione
944 3240 1236 3308 perﬁcitur,
1265 3238 1387 3291 talia
1416 3247 1541 3291 sunt
1562 3236 1680 3307 qua:
1704 3252 1835 3291 enu-

256 3345 557 3407 uterentur,
584 3342 663 3387 ut
702 3332 911 3401 singula
957 3331 1120 3385 totius
1163 3329 1368 3384 deﬁniti
1416 3344 1610 3382 nomen
1642 3343 1836 3396 capere

254 3442 366 3480 non
410 3425 644 3494 possint,
689 3432 846 3492 atque
893 3420 1091 3475 idcirco
1121 3419 1310 3474 eodem
1351 3420 1558 3473 minora
1604 3430 1747 3481 sunt,
1779 3428 1836 3473 ut

248 3517 603 3589 fundamenta
663 3531 769 3569 non
821 3513 1029 3582 possint
1082 3511 1271 3564 domus
1322 3510 1582 3564 vocabulo
1631 3525 1838 3563 nuncu-

258 3610 379 3678 pari
414 3627 425 3661 :
460 3609 800 3663 fundamenta
832 3606 974 3659 enim
1001 3604 1162 3657 domo
1185 3604 1388 3656 minora
1421 3610 1563 3665 sunt,
1601 3602 1837 3671 itemque

248 3713 492 3771 ,cmterte
522 3710 721 3770 partes.
771 3700 839 3752 At
880 3711 1009 3749 vero
1049 3695 1102 3747 in
1135 3710 1195 3748 ea
1235 3694 1549 3747 deﬁnitione
1584 3709 1701 3761 qua:
1742 3708 1838 3761 per

258 3790 939 3859 divisionem{ﬁt..si,ngu|a:
966 3787 1179 3858 quidem
1213 3796 1390 3856 partes
1414 3795 1519 3839 tota
1549 3801 1611 3838 ea
1644 3801 1699 3840 re
1718 3801 1837 3854 quze

260 3885 515 3939 deﬁnitur
557 3881 788 3937 minores
834 3888 977 3944 sunt,
1025 3888 1192 3932 totum
1242 3886 1419 3931 tamen
1465 3876 1700 3930 deﬁnitae
1759 3875 1837 3930 rei

263 3990 462 4030 nomen
484 3963 811 4042 suscipiunt.
844 3970 913 4025 Ut
943 3969 1199 4041 rationale
1228 3981 1420 4021 nomen
1454 3967 1597 4035 capit
1624 3967 1838 4019 anima-

264 4070 360 4134 lis,
391 4067 577 4122 eodem
622 4065 782 4119 modo
832 4061 1163 4117 irrationale.
1211 4060 1412 4126 Quibus
1443 4059 1513 4112 ita
1561 4058 1837 4125 discretis,

258 4162 688 4231 quotiescunque
714 4159 780 4211 ab
809 4172 869 4211 ea
901 4154 1211 4208 deﬁnitione
1237 4168 1354 4221 qua
1388 4168 1481 4221 per
1509 4153 1839 4207 substantia-

261 4253 347 4308 les
370 4262 544 4320 partes
589 4250 838 4315 efﬁcitur,
876 4248 960 4300 vel
1008 4246 1075 4299 ab
1118 4260 1178 4299 ea
1207 4260 1325 4313 qua:
1356 4259 1451 4311 per
1480 4242 1840 4297 accidentium

264 4342 727 4400 enumerationem
769 4339 1052 4408 colligitur,
1091 4335 1482 4405 argumentatio
1515 4334 1591 4401 ﬁt,
1637 4349 1664 4387 a
1707 4334 1845 4388 deﬁ-

268 4438 496 4499 nitione,
538 4435 591 4489 id
630 4442 711 4488 est
745 4449 772 4485 a
807 4440 921 4486 toto
936 4442 1173 4489 tractum
1204 4428 1399 4483 dicitur
1441 4436 1838 4496 argumentum.

271 4529 495 4595 Quoﬁes
519 4540 644 4579 vero
666 4525 733 4579 ab
757 4540 817 4579 ea
842 4523 1159 4598 difﬁnitione
1186 4536 1304 4591 qum
1330 4520 1413 4575 vel
1442 4534 1536 4588 per
1566 4519 1843 4574 membro-

267 4635 392 4676 rum
421 4619 901 4677 enumerationem,
937 4616 1018 4669 vel
1060 4629 1151 4682 per
1191 4613 1491 4680 specierum
1523 4610 1843 4666 divisionem

267 4711 570 4783 perﬁcitur,
614 4706 999 4779 argumentatio
1046 4706 1122 4769 lit,
1165 4705 1231 4758 ab
1266 4704 1675 4758 enumeratione
1725 4718 1848 4771 par-

271 4807 407 4858 tiunt
450 4811 820 4871 argumentum
862 4798 1074 4851 ductum
1116 4811 1235 4849 esse
1276 4797 1605 4864 perhibetur.
1640 4797 1744 4851 Sed
1775 4797 1847 4851 Μ.

271 4898 479 4951 Tullius
509 4897 629 4965 quia
662 4898 768 4962 jam
817 4891 1155 4962 partitionem
1206 4891 1532 4945 deﬁnitionis
1578 4884 1851 4961 ingresSus

269 4999 381 5051 est,
428 4989 587 5040 etiam
623 4983 1145 5055 IlﬁﬂCdlllCl‘pOSUll,
1190 4998 1306 5049 qua!
1339 4997 1440 5035 non
1490 4983 1553 5036 ad
1585 4983 1854 5038 deﬁnitio-

273 5093 424 5143 nem,
468 5076 562 5131 sed
592 5075 656 5130 ad
689 5074 1113 5129 enutnerationis
1145 5073 1372 5141 partium
1405 5073 1575 5126 locum
1617 5075 1853 5140 pertine-

267 5170 386 5224 bat.
427 5168 591 5236 Hujus
623 5181 747 5220 vero
775 5166 850 5219 rei
881 5148 1251 5233 arguntentutn
1289 5171 1391 5227 est,
1416 5164 1534 5231 quia
1563 5178 1682 5217 cum
1708 5174 1847 5233 post,

265 5260 338 5314 de
360 5259 561 5314 eisdem
590 5258 720 5311 locis
751 5258 906 5311 latius
933 5265 1189 5320 tractans,
1214 5255 1281 5310 de
1300 5254 1704 5333 enumeratione
1733 5270 1856 5324 par-

273 5336 771 5425 tiutn'loqueretur,
815 5346 1014 5401 nullam
1048 5346 1211 5399 aliam
1237 5345 1697 5399 enumerationem
1725 5362 1852 5413 par-

270 5444 405 5496 tium
437 5428 635 5521 posuit,
671 5440 773 5517 nisi
812 5455 930 5495 eam
979 5456 1137 5510 quam
1180 5453 1321 5493 nunc
1365 5437 1686 5493 deﬁnitionis
1726 5454 1848 5508 Spe-

265 5534 408 5588 ciem
434 5534 591 5588 dixit.
620 5532 731 5603 Nec
770 5542 947 5608 tamen
975 5541 1059 5585 est
1093 5530 1461 5585 arbitrandunt
1493 5545 1704 5584 omnem
1732 5547 1850 5599 par-

266 5625 516 5680 titionem
547 5624 878 5679 deﬁnitionis
902 5624 1072 5677 locum
1103 5639 1259 5691 posse
1283 5623 1553 5688 obtinere,
1586 5631 1641 5676 ut
1664 5624 1707 5676 si
1731 5623 1849 5692 quis

264 5717 347 5771 sic
374 5717 535 5783 dicat,
571 5700 949 5777 fundamenta,
969 5716 1197 5784 parietes
1224 5726 1277 5769 et
1303 5725 1498 5770 tectum
1530 5714 1719 5769 domus
1739 5723 1843 5780 est,

266 5808 320 5864 id
354 5825 459 5864 non
486 5817 569 5864 est
594 5822 835 5863 necesse.
872 5808 1056 5863 Potest
1084 5823 1310 5876 namque
1338 5822 1457 5863 esse
1491 5807 1726 5876 porticus
1750 5821 1851 5876 pu-

552 5926 820 5985 Pnuos.
872 5923 1084 5983 LXIV.

1859 1819 1908 1880 B

1924 562 1983 608 ttt
2007 556 2296 620 theatrum,
2318 551 2458 621 quod
2481 560 2697 621 propter
2719 538 3004 619 ampliores
3016 547 3224 603 sonitus
3245 547 3503 602 exhiben-

1925 646 2023 701 dos
2046 630 2161 713 tegi
2191 645 2350 699 solet.
2386 643 2492 698 Sed
2535 644 2587 697 id
2630 657 2770 696 nunc
2799 641 3103 710 intelligere
3124 626 3232 694 nos
3261 650 3499 708 oportet,

1925 754 2085 808 posse
2135 753 2229 808 per
2279 728 2627 807 partitionem
2660 737 2861 807 aliquid
2902 751 3046 806 saepe
3088 735 3319 800 deﬁniri,
3378 752 3502 791 cum

1928 822 2156 900 partium
2202 830 2294 885 illa
2326 829 2575 884 collectio
2610 845 2772 884 unam
2802 845 2914 884 rem
2948 837 3154 883 tantum
3183 827 3351 898 possit
3372 826 3505 882 efﬁ-

1927 940 2070 991 cere,
2103 932 2163 979 ut
2191 927 2234 979 si
2264 923 2398 979 nihil
2442 932 2587 979 esset
2627 923 2766 978 aliud
2819 923 2960 994 quod
2992 922 3361 986 fundamenta,
3408 935 3507 989 pa-

1926 1018 2094 1071 rietes
2116 1010 2278 1086 atque
2311 1026 2509 1072 tectum
2549 1026 2728 1086 posset
2759 1012 2976 1081 habere,
3011 1015 3113 1069 nisi
3143 1014 3356 1081 domus,
3387 1013 3509 1081 jura

1929 1109 2172 1163 deﬁnitio
2206 1111 2337 1164 facta
2363 1123 2484 1163 esse
2507 1101 2801 1171 videretur,
2823 1108 3041 1160 domum
3070 1120 3191 1161 esse
3214 1122 3370 1175 quam
3396 1106 3508 1160 I'un-

1930 1198 2217 1265 damenta,
2235 1196 2467 1270 parietes
2495 1209 2796 1268 teetumque
2828 1200 3124 1267 perﬁciunt.

1942 1302 1949 1305 Ἴ
2005 1318 2140 1373 Sunt
2182 1320 2333 1371 etiam
2371 1319 2475 1371 aiia
2503 1334 2689 1387 genere
2724 1300 3112 1385 deﬁnitionum,
3146 1316 3232 1368 sed
3260 1312 3326 1368 ad
3355 1314 3507 1386 hujus

1932 1410 2048 1464 libri
2080 1402 2635 1481 institutumilla‘non
2677 1411 2946 1477 pertinent,
2989 1418 3182 1460 tantum
3223 1414 3293 1459 cst
3339 1408 3509 1461 dicen-

1933 1506 2054 1556 dum
2084 1505 2169 1571 qui
2194 1506 2258 1557 sit
2283 1504 2594 1572 deﬁnitionis
2624 1504 2822 1557 modus.

1942 1584 1945 1593 λ
2025 1597 2176 1650 llunc
2212 1590 2407 1651 locum
2462 1596 2762 1651 Victorinus
2824 1597 2976 1649 ttnitts
3031 1595 3313 1649 voluminis
3371 1597 3510 1650 serie

1934 1700 2214 1756 aggressus
2244 1702 2515 1755 exponere
2565 1695 2620 1740 et
2654 1702 2839 1739 omnes
2868 1685 3235 1739 deﬁnitionum
3263 1685 3512 1740 dtii‘eren-

1936 1781 2037 1834 tias
2069 1768 2405 1848 enumerare,
2447 1782 2639 1834 tttnltas
2687 1780 2983 1849 interserit,
3015 1798 3131 1850 qum
3173 1780 3512 1833 deﬁnitiones

1936 1888 2056 1955 esse
2088 1889 2223 1943 pene
2261 1875 2327 1927 ab
2363 1874 2610 1928 omnibus
2649 1875 3024 1945 reclantantur.
3077 1873 3218 1927 inter
3248 1873 3515 1927 deﬁnitio-

1937 1983 2030 2023 nes
2058 1970 2200 2022 euitn
2235 1969 2382 2036 ponit
2410 1979 2464 2022 et
2494 1968 2729 2035 nomina,
2754 1968 2891 2037 quod
2924 1968 3226 2037 Specialiter
3254 1970 3515 2021 Aristom-

1936 2060 1972 2112 li
2018 2060 2066 2112 in
2115 2060 2261 2113 omni
2303 2060 2665 2114 doctrinarum
2699 2077 2894 2128 genere
2927 2061 3251 2130 peritissimo
3290 2078 3392 2113 non
3440 2063 3516 2114 vi-

1937 2146 2131 2214 detur;
2186 2138 2545 2219 pernegatque
2578 2151 2626 2202 in
2660 2151 2872 2217 Tepicis
2924 2153 3137 2206 nomine
3165 2152 3278 2205 ﬁeri
3325 2152 3517 2206 deﬁni-

1940 2237 2162 2301 tionem,
2202 2239 2363 2291 teluti
2394 2240 2437 2292 si
2470 2239 2588 2307 quis
2617 2239 2760 2294 dicat
2794 2256 2804 2291 :
2841 2241 2977 2306 Quid
3010 2251 3091 2294 est
3131 2241 3520 2302 conticescere,

1938 2326 1993 2381 et
2023 2318 2429 2397 reSpondeatur,
2456 2330 2679 2396 Tacere,
2713 2330 2795 2384 lia:
2828 2332 2968 2384 nullo
2997 2331 3152 2383 modo
3182 2331 3521 2385 deﬁnitiones

1940 2418 2200 2472 habendae
2226 2408 2371 2472 sunt.
2418 2404 2568 2485 Quod
2600 2412 2761 2473 etiam
2789 2437 2854 2474 ex
2887 2422 3053 2489 ipsius
3101 2423 3170 2475 Μ.
3198 2422 3353 2475 'l‘nllii
3388 2424 3518 2476 deﬁ‘

1940 2504 2144 2583 nitione
2192 2512 2473 2581 approbari
2525 2524 2718 2579 potest,
2776 2529 2870 2589 per
2913 2530 3069 2583 quam
3117 2514 3352 2568 deﬁnitio
3397 2516 3521 2582 quid

1940 2592 2396 2679 essetestendit;
2430 2601 2563 2656 dixit
2592 2603 2733 2656 enim
2776 2618 2896 2656 esse
2925 2603 3284 2656 deﬁnitionem
3319 2605 3521 2656 oratio-

1941 2686 2064 2749 nem
2106 2709 2224 2761 qua:
2274 2694 2324 2748 id
2365 2694 2505 2763 quod
2538 2691 2787 2746 deﬁnitur
2839 2693 3066 2759 explicat
3101 2692 3229 2759 quid
3270 2690 3363 2744 sit.
3411 2694 3522 2748 Sed

1941 2796 2062 2835 cum
2094 2768 2299 2835 nomen
2339 2796 2445 2835 non
2488 2783 2556 2834 sit
2591 2782 2790 2847 oratio,
2822 2781 3159 2835 manifestum
3195 2792 3277 2834 est
3307 2784 3523 2841 nomine

1941 2872 2311 2945 deﬁnitionem
2345 2888 2449 2925 tton
2485 2886 2639 2938 posse
2668 2872 2944 2937 constitui,
2973 2887 3093 2925 cunt
3126 2872 3420 2941 prmsertint
3454 2889 3522 2927 ne

1942 2965 2117 3017 omnia
2143 2962 2357 3032 quidem
2378 2977 2494 3031 quae
2516 2950 2757 3016 oratione
2780 2973 3113 3031 promuntur,
3138 2974 3298 3034 atque
3319 2965 3521 3028 aliquid

1943 3044 2270 3118 ostendunt,~
2286 3044 2515 3121 proprio”
2533 3038 2873 3106 deﬁnitionis
2890 3055 3105 3108 nomine
3151 3058 3517 3127 designentur,

1890 3194 1912 3220 ,
1942 3146 2105 3201 veluti
2149 3134 2868 3214 descriptiones,omnisque
2907 3144 3007 3199 alia
3040 3147 3212 3201 oratio
3252 3166 3371 3216 qua:
3414 3164 3521 3202 non

1889 3235 1913 3261 ι

1942 3252 2006 3291 ex
2053 3234 2817 3313 substantialibuspartibus,
2866 3238 2957 3292 sed
3013 3255 3073 3293 ex
3124 3242 3362 3309 quolibet
3414 3244 3521 3297 alio

1941 3329 2101 3382 modo
2130 3329 2430 3395 conjunctis
2460 3327 2709 3395 efﬁcitur,
2751 3329 2891 3395 quod
2945 3345 3009 3383 ne
3053 3332 3163 3398 ipse
3190 3335 3402 3400 quidem
3434 3333 3522 3387 Vi—

1940 3420 2201 3471 ctorinus‘
2231 3412 2459 3485 igno'rat.
2526 3418 2631 3471 Sed
2678 3418 2886 3472 videtur
2934 3419 2983 3472 id
3032 3420 3356 3476 deﬁnitionis
3403 3426 3520 3477 loco

1943 3496 2067 3575 ipse
2086 3504 2193 3559 sibi
2218 3506 2523 3561 Victorinus
2559 3507 2624 3560 ad
2651 3506 2950 3562 disserendi
2994 3514 3288 3577 sumpsisse
3331 3528 3522 3581 propo-

1942 3602 2123 3662 situm,
2175 3592 2578 3666 quodqueque
2626 3598 2784 3651 modo
2833 3614 2944 3651 rem
3000 3600 3290 3667 subjectatn
3344 3613 3523 3667 pusset

1943 3691 2250 3745 ostendere.
2283 3689 2486 3742 Idcirco
2516 3688 2656 3741 enim
2712 3705 2903 3742 nomen
2934 3706 3145 3758 quoque
3174 3692 3225 3744 itt
3254 3692 3522 3745 dt‘IIlIIIi0~

1945 3796 2068 3834 num
2088 3786 2384 3833 numerum
2413 3782 2637 3846 recepit,
2672 3782 2917 3849 quoniam
2952 3797 3093 3851 saepe
3122 3784 3330 3838 notiore
3355 3799 3519 3838 veta-

1942 3874 2068 3926 iiulo
2096 3876 2153 3925 lit
2182 3856 2380 3926 clarius
2434 3872 2575 3947 quod
2608 3872 2874 3940 ignotiore
2905 3883 3058 3928 antea
3092 3876 3356 3944 prolatum
3391 3879 3524 3933 late-

1945 3965 2052 4019 bat.
2078 3956 2081 3959 “
2107 3964 2305 4017 Idcirco
2336 3966 2496 4017 etiam
2544 3979 2641 4017 nos
2670 3966 2915 4033 superius
2958 3966 3188 4021 diximus
3216 3969 3526 4035 explicatio-

1948 4075 2071 4115 nent
2106 4060 2215 4113 ﬁeri
2247 4058 2457 4113 duobus
2499 4057 2669 4111 modis
2722 4075 2735 4111 :
2787 4073 2890 4111 uno
2928 4059 3296 4125 quidem'cum
3335 4076 3431 4129 pro
3466 4077 3527 4117 re

1949 4154 2169 4209 minime
2217 4154 2425 4220 cognita
2465 4150 2673 4219 planius
2704 4151 2898 4219 aliquid
2929 4144 3212 4216 aﬁe‘ratur;
3264 4153 3369 4206 alio
3397 4168 3527 4208 vero

1948 4261 2066 4301 cutn
2097 4244 2153 4297 ﬁt
2181 4259 2274 4312 per
2299 4238 2587 4311 quamdam
2610 4243 2836 4310 partium
2860 4244 3310 4298 enumerationem
3334 4263 3346 4297 :
3378 4255 3434 4299 ut
3462 4263 3528 4303 ra

1948 4338 2160 4407 quidem
2194 4335 2502 4405 explicatio
2552 4337 2601 4387 in
2634 4350 2734 4403 qua
2784 4334 2958 4387 notius
3022 4336 3219 4404 aliquid
3268 4337 3525 4403 aﬁertur,

1950 4427 2181 4482 nominis
2211 4426 2309 4488 ait;
2356 4441 2419 4479 ea
2450 4440 2577 4479 vero
2604 4440 2720 4491 quae
2764 4426 2821 4477 lit
2854 4441 2947 4492 per
2976 4426 3200 4493 partium
3243 4443 3528 4485 enumera-

1955 4520 2152 4574 tionem
2185 4516 2469 4579 orationis,
2500 4530 2801 4585 quanquam
2836 4508 2995 4569 etiam
3030 4516 3079 4569 itt
3112 4508 3240 4583 ipsis
3270 4508 3526 4573 orationi-

1954 4612 2051 4666 bus
2082 4624 2294 4678 semper
2323 4607 2529 4677 planius
2568 4607 2763 4676 aliquid
2796 4607 3046 4661 aﬁ‘eratur
3095 4625 3200 4678 quo
3232 4611 3407 4665 notius
3434 4611 3530 4666 ﬁat

1952 4706 2083 4761 illud
2114 4704 2183 4759 de
2214 4718 2320 4773 quo
2348 4702 2651 4757 disseritur.
2694 4700 2760 4754 Ut
2793 4701 2952 4769 igitur
2978 4701 3104 4755 nihil
3141 4707 3401 4771 expositio
3432 4719 3532 4758 no-

1932 4809 2062 4853 --stra
2090 4797 2482 4871 praetermittat,
2508 4802 2561 4848 et
2584 4790 3223 4863 delinitiOnispreprietas
3247 4808 3525 4865 appareat,
3550 4788 3554 4807 ⁷

1956 4887 2352 4957 itaque'omnia
2398 4887 2449 4938 in
2492 4884 2732 4939 not‘tiam
2773 4880 3122 4956 deducantur,
3166 4896 3222 4941 ut
3265 4902 3364 4942 nec
3405 4904 3532 4943 vera

1956 4979 2191 5035 deﬁnitio
2228 4977 2513 5039 nesciatur,
2555 4990 2606 5029 et
2635 4991 2753 5047 qua:
2787 4991 2889 5030 non
2931 4979 2999 5031 sit
3039 4979 3251 5047 proprie
3298 4994 3535 5048 vereque

1962 5071 2200 5126 deﬁnitio
2230 5070 2329 5123 sub
2359 5068 2638 5123 scientiam
2669 5068 2846 5133 cadat,
2879 5069 2999 5123 talis
3030 5070 3402 5124 deﬁnitionum
3436 5072 3536 5127 dif-
3608 5112 3613 5115 ‹

1960 5168 2184 5222 ferentia
2222 5164 2462 5219 facienda
2506 5171 2610 5220 est.
2662 5162 3033 5217 Deﬁnitionum
3078 5162 3220 5217 enim
3264 5164 3383 5219 alite
3416 5181 3537 5235 pro-
3606 5212 3617 5223 η.

1965 5258 2075 5328 prie
2119 5256 2461 5311 deﬁnitiones
2494 5250 2669 5318 'sunt,
2730 5254 2849 5307 alia:
2897 5254 3117 5308 abusive
3166 5268 3539 5325 nuncupantur
3610 5268 3613 5273 ‘

1964 5350 2163 5405 modo.’
2195 5351 2270 5403 Ac
2300 5347 2531 5418 propria:
2558 5343 2770 5416 quidem
2804 5347 3143 5401 deﬁnitiones
3169 5356 3293 5401 sunt
3316 5356 3435 5417 quae
3473 5364 3538 5404 ex

1962 5456 2158 5512 genere
2188 5426 2605 5509 diﬁeretttiisque
2635 5440 2954 5503 consistunt,
2987 5439 3134 5492 velut
3164 5430 3289 5493 hate
3314 5457 3327 5493 :
3364 5441 3538 5496 Homo

1960 5544 2041 5589 est
2067 5520 2273 5587 animal.
2294 5523 2573 5597 rationale,
2604 5532 2829 5585 mortale
2862 5549 2873 5583 :
2923 5531 3009 5584 hic
3037 5530 3177 5585 enim
3212 5514 3415 5586 animal
3446 5549 3537 5603 ge-

1958 5640 2057 5680 nus
2079 5634 2187 5689 est;
2218 5625 2472 5679 rationale
2500 5638 2627 5678 vero
2646 5631 2701 5677 et
2728 5614 3307 5691 mortale’diﬁ'erentizr.
3335 5625 3533 5679 Earum

1957 5734 2085 5775 vero
2129 5718 2496 5774 deﬁnitionum
2546 5731 2669 5784 qua:
2717 5731 2822 5770 non
2854 5704 3090 5784 preprie,
3123 5718 3217 5772 sed
3264 5718 3534 5774 abutendo

1956 5811 2291 5866 delinitiones
2322 5818 2593 5871 vocantur,
2625 5804 2751 5861 alia!
2783 5817 2906 5862 sunt
2934 5822 3055 5877 qua:
3097 5808 3317 5879 singulis
3360 5810 3534 5865 neuti.

3056 5917 3133 5979 35
