4036 6336
201 296 325 358 HO!

1016 289 1081 348 lN
1116 287 1361 348 TOPICA
1399 279 1760 345 CICERONIS
1795 242 2312 349 conieceram.
2355 283 2483 340 LIB.
2528 282 2614 341 ιιι.

200 425 396 482 cunque
419 407 818 481 quomodolibet
854 376 1005 471 ﬁunt,
1036 405 1360 463 deﬁnitionis
1402 401 1617 461 modus.
1664 398 1762 452 Est
1790 397 1842 456 Α
1867 395 2107 451 collectis
2135 397 2625 463 eommunitatihus,
2649 397 2700 455 in
2725 409 2995 466 unumne
3012 394 3297 466 copulatio,
3320 412 3445 456 cum

201 515 363 560 autem
391 518 494 559 una
522 512 680 572 atque
707 501 957 557 omnibus
1005 499 1306 555 communis
1331 494 1619 553 deﬁniendi
1671 508 1763 546 ra-

202 600 290 661 tio,
318 606 370 653 ut
391 612 453 652 ex
476 595 948 652 communitatibus
986 593 1127 648 inter
1167 602 1340 648 semet
1363 590 1568 661 junctis
1599 595 1762 657 atque

201 692 498 763 Compositis
527 691 581 744 in
628 704 787 744 unam
819 688 1202 757 proprietatem
1232 686 1308 740 rei
1340 682 1582 738 deﬁnitio
1609 679 1761 735 colli-

201 795 365 855 gatur.
386 784 571 841 Omnia
603 784 747 840 enim
775 796 896 851 qua:
916 780 1223 835 communia
1255 788 1416 847 atque
1443 772 1763 831 universalia

202 889 338 943 sunt,
365 878 405 932 si
426 877 549 947 quid
579 877 658 931 eis
688 875 845 929 fuerit
874 874 1162 942 adjectum,
1185 870 1633 927 determinatione
1662 868 1767 921 mi-

204 979 441 1033 nuuntur,
486 976 540 1023 et
579 967 645 1021 ad
696 964 1165 1034 particttlaritatem
1214 961 1463 1022 redeunt,
1506 966 1666 1027 atque
1697 969 1764 1009 eo

206 1062 399 1115 ambitu
429 1075 539 1130 quo
559 1058 949 1114 concludebant
981 1063 1194 1121 cuncta,
1227 1052 1568 1115 cohibentur,
1597 1048 1764 1104 veluti

204 1166 318 1204 rum
343 1150 519 1220 generi
560 1148 807 1217 adjicitur
834 1145 1155 1204 diﬁerentia.
1197 1153 1249 1196 et
1278 1143 1335 1197 lit
1369 1140 1596 1211 species.
1634 1138 1764 1195 Nam

205 1258 321 1297 cum
364 1255 530 1311 genus
578 1256 674 1309 per
718 1254 778 1293 se
824 1238 1036 1306 preprio
1082 1237 1284 1293 ambitu
1332 1233 1526 1289 multas
1561 1231 1769 1299 species

208 1334 490 1399 contineat,
524 1332 574 1387 ei
604 1332 649 1387 si
678 1330 949 1400 propriam
980 1328 1202 1398 atljicias
1231 1325 1612 1388 diﬁ'erentiam,
1662 1323 1768 1376 mi-

209 1427 400 1489 nuitur,
432 1433 486 1479 et
530 1424 583 1478 in
610 1421 893 1491 quamdam
933 1417 1331 1488 quodammodo
1375 1416 1768 1485 particularita-

208 1522 311 1573 tem
339 1514 492 1580 redit,
537 1514 698 1568 veluti
746 1527 868 1567 cum
906 1511 1138 1565 dicimus
1185 1506 1406 1570 animal,
1439 1506 1542 1561 hoc
1570 1517 1768 1558 nomen

209 1606 364 1679 multa
391 1602 677 1659 concludit.
722 1602 792 1656 At
823 1602 869 1655 si
911 1602 958 1655 ei
1000 1599 1261 1655 rationale
1304 1597 1545 1666 adjicias,
1578 1594 1772 1653 iacias-

131 1707 135 1711 ’
209 1712 310 1766 que
337 1696 527 1753 animal
568 1694 851 1758 rationale,
892 1692 1072 1747 minus
1101 1692 1206 1746 erit
1245 1705 1274 1745 a
1305 1688 1562 1758 simplici.
1596 1688 1772 1742 Minus

1870 503 2092 549 necesse
2141 491 2215 544 sit
2267 491 2349 544 illa
2406 491 2748 558 copulatione
2802 505 2922 562 qua:
2964 491 3268 551 communia
3317 502 3447 548 sunt

1869 582 2113 639 contrahi
2168 592 2329 651 atque
2358 583 2411 637 in
2451 584 2712 639 minorem
2744 584 2983 639 cohiberi
3018 584 3259 652 modum,
3288 586 3447 655 eique

1874 672 2015 741 quod
2063 673 2315 727 delinitur
2365 689 2433 729 ex.
2478 676 2952 731 cotnmnnitatihus
2996 676 3198 745 junciis
3244 677 3447 748 aliquid

1876 763 2150 831 prepriuut
2184 774 2344 831 atque
2371 767 2580 833 aequale
2623 770 2984 836 componitur.
3034 769 3145 829 Hoc
3173 778 3256 823 est
3286 770 3451 841 igitur

1870 855 2011 923 quod
2037 856 2113 911 ait
2137 854 2351 919 Cicero.
2386 856 2528 912 hunc
2557 872 2675 911 esse
2705 858 3031 934 deﬁnitionis
3060 861 3298 924 modum,
3327 876 3449 914 cum

1871 947 2169 1013 sumpseris
2213 962 2274 1002 ea
2320 962 2441 1016 qua:
2479 948 2586 1003 sint
2616 950 2663 1002 ei
2711 953 2788 1004 rei
2832 966 2989 1020 quam
3039 951 3265 1007 delinire
3317 952 3451 1011 velis

1870 1054 1992 1092 cttm
2040 1041 2165 1094 aliis
2210 1042 2541 1107 communia,
2591 1057 2758 1110 usque
2806 1058 2872 1097 eo
2917 1045 3183 1112 persequi,
3237 1055 3293 1098 ttt
3330 1061 3451 1111 μνο-

1871 1132 2044 1200 prium
2086 1132 2371 1197 efﬁciatur,
2415 1133 2555 1202 quod
2603 1134 2892 1189 in'nul’atn
2924 1137 3080 1189 aliam
3127 1152 3235 1189 rent
3271 1148 3448 1188 trans,

1871 1222 1999 1277 ferri
2033 1223 2222 1289 possit,
2253 1233 2311 1277 ut
2341 1223 2423 1278 his
2466 1224 2643 1278 verbis
2684 1239 2749 1293 et,
2770 1224 2869 1279 hac
2912 1227 3180 1281 sententia
3212 1227 3452 1283 breviter
3484 1272 3487 1275 λ

1872 1313 2173 1382 signiﬁcare
2203 1314 2448 1369 videatur
2487 1316 2623 1370 hanc
2665 1332 2785 1369 esse
2819 1317 3184 1372 deﬁnitionem
3214 1334 3355 1388 qum,
3383 1332 3455 1375 ex

1873 1404 2316 1459 substantialibus
2343 1408 2815 1462 communitatibns
2839 1409 3024 1477 juncta
3066 1421 3226 1479 atque
3256 1411 3321 1465 in'
3351 1412 3455 1468 tni-

1874 1508 2059 1547 norem
2086 1495 2299 1549 modum
2327 1497 2567 1567 redacta,
2594 1498 2647 1565 ﬁt
2672 1500 2720 1553 ei
2752 1501 2825 1553 rei
2857 1515 2973 1567 qnzt:
2997 1499 3251 1554 deﬁnitur
3274 1517 3454 1569 requa-

1875 1580 1962 1636 iis.
1999 1583 2251 1653 Exempla
2278 1601 2405 1641 vero
2435 1603 2552 1655 qua:
2587 1590 2734 1653 ponit
2768 1590 3069 1659 hujusntodi
3110 1602 3253 1655 sunt,
3290 1609 3453 1648 ttnttttt
3504 1600 3509 1607 '

1876 1672 2194 1729 deﬁnienda:
2238 1677 2587 1743 haereditutis,
2629 1680 2869 1737 alterum.
2901 1683 3455 1752 gentilitatis:llmre—

210 1765 427 1858 namque
470 1796 555 1842 est
581 1784 778 1840 animal
809 1781 1069 1839 rationale
1109 1797 1141 1836 a
1169 1780 1487 1849 simpliciter
1523 1776 1767 1833 animali.
1801 1775 1852 1837 B
1876 1765 2059 1820 dilatis
2095 1768 2313 1837 quidem
2361 1769 2461 1823 hoc
2510 1772 2669 1825 modo
2700 1791 2725 1825 :-
2748 1773 3043 1828 llmretlitas
3094 1788 3177 1830 est
3206 1778 3456 1845 pecunia.

210 1880 284 1934 Ita
311 1877 503 1933 additio
526 1874 840 1939 differentia:
872 1874 1011 1945 quod
1050 1872 1219 1942 majus
1243 1871 1342 1926 fuit
1396 1870 1450 1924 in
1484 1869 1773 1939 particula-

210 1967 412 2023 ritatem
454 1966 736 2036 quamdam
776 1963 983 2033 redegit
1038 1975 1199 2031 atque
1246 1960 1507 2017 cohibuit.
1554 1960 1774 2027 Quoties

209 2059 364 2127 igitur
390 2057 561 2127 aliqua
588 2073 675 2114 res
717 2055 1019 2111 deﬁnienda
1064 2063 1170 2116 est,
1202 2053 1430 2107 sumitur
1466 2052 1519 2107 id
1550 2052 1691 2122 quod
1722 2052 1771 2108 ei

210 2164 326 2223 cum
366 2148 600 2217 pluribus
631 2147 752 2205 aliis
797 2160 1083 2202 commune
1126 2153 1229 2210 est,
1280 2143 1404 2198 huic
1447 2141 1776 2213 adjiciuntur

210 2238 534 2302 diﬁerentite,
559 2239 844 2307 statimque
867 2251 1087 2292 necesse
1130 2244 1214 2291 est
1242 2235 1512 2289 minuatur
1544 2235 1595 2289 id
1630 2234 1773 2304 quod

210 2332 440 2401 pluribus
470 2332 643 2387 luerat
670 2339 795 2385 ante
815 2344 1123 2396 commune,
1159 2336 1214 2383 et
1253 2329 1298 2382 si
1327 2327 1428 2382 hac
1456 2326 1777 2383 diﬁ‘erentie

211 2423 473 2477 additione
519 2424 569 2477 in
603 2432 805 2477 tantum
847 2420 1062 2475 modum
1094 2419 1416 2483 decreverit,
1448 2426 1506 2471 ut
1530 2418 1633 2472 -rei
1660 2432 1779 2487 quzn

212 2515 455 2569 delinitur
485 2513 573 2568 ﬁat
604 2516 845 2584 aequalis,
879 2514 1013 2566 alias
1043 2510 1374 2567 diﬁerentias
1417 2510 1674 2577 colligere
1701 2518 1781 2563 at-

210 2620 315 2671 que
354 2615 530 2671 aptare
563 2619 667 2656 non
698 2617 918 2657 necesse
965 2602 1088 2666 erit,
1122 2600 1217 2654 sed
1252 2599 1302 2653 id
1334 2599 1506 2668 ipsum
1539 2599 1679 2667 quod
1710 2599 1781 2653 ita

212 2696 464 2759 decrevit,
494 2703 546 2749 ttt
596 2695 801 2764 aequale
843 2695 911 2748 sit
940 2693 987 2747 ei
1037 2693 1178 2763 quod
1212 2692 1483 2756 deﬁnitur,
1512 2692 1784 2751 deﬁnitio-

211 2804 334 2844 nem
364 2802 481 2844 esse
511 2801 731 2842 necesse
757 2797 857 2840 est.
893 2785 959 2855 At
997 2788 1039 2840 si
1067 2785 1244 2839 adhuc
1275 2785 1502 2853 amplius
1526 2786 1593 2837 sit
1624 2785 1690 2838 ab
1722 2799 1786 2838 ea

212 2895 273 2934 re
301 2894 413 2949 quae
440 2878 709 2942 deﬁnitur,
740 2891 1044 2947 quaaramus
1070 2891 1289 2931 necesse
1316 2886 1398 2930 est
1437 2877 1596 2929 aliain
1633 2874 1787 2930 diﬁ'e-

212 2972 460 3035 rentiam,
491 2986 590 3041 qua
633 2971 885 3039 adjuncta
916 2984 1170 3023 numerus
1198 2968 1410 3038 quidem
1442 2977 1670 3031 crescat,
1706 2970 1787 3025 vis

212 3074 389 3121 autem
429 3065 865 3119 communitatum
911 3062 1333 3117 dill‘erentiarum
1364 3059 1637 3115 additione
1691 3061 1788 3116 de-

1876 1856 2175 1921 Coutmttne
2198 1861 2301 1916 hoc
2326 1871 2382 1917 et
2410 1865 2590 1918 multis
2614 1866 2734 1920 aliis
2758 1869 3084 1923 conveniens
3114 1886 3181 1940 qn
3203 1891 3230 1921 ιε
3286 1872 3459 1927 haere-

1877 1952 2073 2007 ditates
2100 1970 2204 2008 non
2237 1966 2386 2036 sunt,
2424 1967 2480 2012 ut
2503 1959 2903 2026 donationibus,
2941 1971 2998 2014 ut
3027 1962 3202 2026 furtis,
3237 1966 3319 2020 vel
3343 1967 3460 2036 qui-

1878 2044 2111 2100 buslibet
2155 2047 2276 2101 aliis
2323 2052 2648 2116 pecuniatiis
2693 2052 2854 2107 rebus
2896 2070 3014 2123 qua:
3065 2056 3287 2112 minime
3334 2068 3462 2115 sunt

1878 2138 2240 2195 ltzereditates.
2286 2142 2417 2196 lluic
2447 2142 2604 2213 igitur
2650 2147 2887 2213 pecuniae
2926 2148 3228 2204 addendum
3259 2152 3461 2222 aliquid

1881 2230 2000 2297 fuit,
2028 2232 2076 2283 id
2110 2240 2229 2287 est:
2262 2232 2391 2298 Quae
2424 2244 2599 2289 morte
2627 2236 2857 2307 alicujus
2887 2238 2952 2291 ad
2998 2242 3302 2310 quempiam
3335 2256 3461 2311 per-

1881 2322 2051 2383 venit.
2080 2323 2377 2378 Htereditas
2408 2327 2549 2378 enim
2585 2330 2809 2395 pecunia
2835 2340 2918 2384 est
2940 2336 3004 2384 ad
3032 2335 3338 2402 quemniam
3365 2336 3465 2389 alie

1882 2413 2037 2479 cujus
2069 2426 2238 2469 morte
2275 2416 2616 2483 perveniens.
2664 2417 2768 2473 Sed
2813 2437 2878 2473 ne
2918 2423 2969 2474 id
2998 2426 3213 2490 quidem
3252 2426 3464 2495 plenum

1885 2505 2218 2561 itmretlitatis
2247 2508 2482 2576 explicat
2515 2510 2870 2565 intellectum.
2906 2515 3201 2570 Commune
3237 2533 3468 2588 namque

1886 2608 1986 2652 est.
2036 2599 2103 2652 Et
2146 2601 2385 2667 pecunia:
2432 2612 2767 2661 mortuorum
2805 2605 3045 2671 pluribus
3077 2609 3248 2661 teneri
3293 2610 3473 2665 modis

1889 2700 2139 2757 possunt,
2177 2691 2324 2746 velut
2368 2694 2411 2747 si
2459 2693 2598 2748 bello
2625 2695 2744 2764 quis
2770 2698 2943 2751 victus
2986 2708 3070 2752 est
3094 2714 3156 2752 ac
3186 2678 3469 2769 spoliatus.

1888 2781 2207 2837 Addendum
2242 2782 2403 2852 igitur
2429 2794 2515 2841 est
2558 2785 2757 2856 aliquid
2792 2788 2983 2856 :Jure,
3010 2800 3068 2843 ut
3108 2793 3197 2854 sit,
3234 2792 3471 2847 Habred'e-

1892 2881 1973 2927 tas
2011 2882 2096 2928 est
2134 2875 2358 2940 pecunia
2410 2892 2527 2942 qum
2571 2890 2744 2934 morte
2788 2880 3014 2948 alicujus
3056 2881 3122 2934 ad
3166 2883 3471 2952 quempiam

1888 2965 2008 3035 jure
2038 2967 2301 3034 pervenit.
2344 2968 2697 3027 Haareditates
2720 2973 2863 3026 enim
2887 2973 3008 3042 jure
3039 2977 3344 3044 capiuntur.
3381 2977 3475 3034 Vi-

1892 3057 2084 3114 deatur
2121 3060 2341 3117 forsitan
2375 3064 2477 3118 hoc
2520 3066 2637 3119 loco
2674 3066 3038 3129 deﬁnitionem
3085 3086 3242 3138 posse
3262 3074 3475 3135 consis-

213 3162 438 3222 Crescat,
478 3166 637 3225 atque
668 3155 719 3209 id
764 3155 1020 3209 hactenus
1049 3152 1375 3219 faciendum,
1411 3165 1698 3223 quatenus,
1731 3160 1790 3211 ut
1812 3140 1861 3203 C
1894 3158 2011 3204 tere
2034 3190 2051 3214 ,
2078 3150 2171 3205 sed
2215 3153 2476 3218 minime;
2506 3154 2633 3224 quid
2660 3158 2838 3210 enim?
2860 3159 2904 3211 si
2929 3158 3101 3227 legata
3130 3164 3349 3230 pecunia
3372 3174 3477 3232 est,

214 3250 414 3303 dictum
465 3257 567 3311 est,
623 3261 685 3302 ea
726 3262 844 3318 qua:
887 3245 955 3300 ad
1004 3243 1370 3305 deﬁnitionem
1420 3253 1702 3317 sumuntur
1742 3242 1796 3303 ei

214 3342 353 3410 quod
378 3340 735 3397 deﬁniendum
769 3349 851 3395 est
904 3339 1273 3409 adaequentur.
1304 3337 1371 3393 Ut
1402 3339 1561 3408 igitur
1603 3338 1655 3395 id
1686 3352 1793 3393 non

216 3432 425 3488 ratione
437 3433 635 3499 solum,
660 3447 842 3486 verum
870 3430 1209 3486 convenienti
1240 3445 1453 3498 quoque
1478 3430 1676 3484 clarius
1704 3429 1797 3485 ﬁat.

130 3590 145 3597 ,
214 3528 491 3597 exemplo,
523 3540 764 3582 sumatur
792 3540 880 3581 res
919 3524 1195 3580 notissima
1223 3522 1288 3576 ad
1313 3522 1709 3587 deﬁnitionem,
1742 3521 1795 3575 id

215 3623 289 3677 sit
320 3621 499 3676 homo.
551 3622 717 3689 Hujus
748 3620 909 3690 igitur
950 3619 1022 3672 ita
1052 3618 1341 3687 qumrimus
1382 3615 1793 3669 deﬁnitionem:

216 3714 480 3773 sumimus
510 3713 649 3782 quod
680 3713 729 3767 ei
772 3726 895 3767 cum
942 3710 1183 3779 pluribus
1221 3708 1341 3763 aliis
1368 3722 1656 3762 commune
1687 3714 1797 3772 est,

217 3806 270 3861 id
304 3812 386 3861 est
416 3803 634 3858 animal.
670 3800 906 3857 Dicimus
938 3801 1099 3871 igitur
1129 3800 1400 3855 hominem
1429 3813 1550 3854 esse
1577 3798 1796 3861 animal,

216 3895 457 3952 nondum
490 3903 573 3950 est
599 3894 841 3949 deﬁnitio
864 3934 880 3959 ,
920 3895 1151 3964 primum
1188 3890 1333 3964 quia,
1359 3903 1415 3947 ut
1450 3892 1651 3946 dictum
1693 3900 1798 3957 est,

217 3990 339 4044 solo
367 3989 583 4043 nomine
622 3986 864 4040 deﬁnitio
893 3986 1041 4040 reddi
1071 4001 1178 4041 non
1212 3995 1420 4055 potest;
1450 3985 1647 4041 dehinc
1676 3984 1801 4054 quia

213 4078 421 4133 animal
456 4076 627 4147 majus
670 4086 755 4132 est
780 4076 1015 4130 heroine.
1062 4075 1131 4130 Ut
1174 4077 1337 4147 igitur
1374 4064 1660 4129 minuatur'
1688 4074 1804 4129 ani-

216 4170 404 4225 malet
435 4169 635 4224 homini
659 4178 988 4235 eoaquetur,
1014 4167 1259 4221 addimus
1288 4165 1674 4230 differentiam,
1697 4180 1802 4234 qua

214 4262 494 4331 adjuncta,
524 4277 704 4316 rerum
731 4260 944 4331 quidem
977 4275 1231 4317 numerus
1255 4262 1474 4322 crescit,
1507 4260 1589 4313 vis
1621 4268 1806 4313 autem

213 4356 297 4411 rei
322 4363 486 4421 atque
514 4340 806 4424 amplitudo
835 4352 1110 4406 minuitur.
1140 4351 1294 4417 Addo
1322 4350 1482 4420 igitur
1506 4336 1804 4414 rationale,

213 4442 509 4512 efﬁcioque
538 4442 734 4496 animal
760 4441 1039 4495 rationale.
1083 4440 1256 4495 Minus
1282 4451 1364 4495 est
1410 4440 1577 4511 igitur
1607 4440 1808 4494 animai

1901 3242 2184 3298 Inereditas
2240 3246 2455 3313 quidem
2500 3246 2606 3301 dici
2664 3263 2768 3303 non
2824 3259 3041 3319 potest,
3087 3264 3245 3321 capta
3300 3264 3483 3313 tamen

1897 3344 2072 3391 morte
2112 3336 2336 3404 alicujus
2357 3339 2477 3407 jure
2510 3341 2732 3406 pecunia
2759 3353 2863 3394 est.
2890 3341 3021 3395 Nam
3063 3344 3111 3396 si
3152 3353 3479 3402 testamenta

1900 3426 2020 3494 jure
2050 3427 2210 3493 ﬁunt,
2244 3430 2465 3496 pecunia
2497 3431 2656 3484 etiam
2691 3435 2811 3497 jure
2850 3434 3073 3501 legatur,
3121 3436 3493 3503 adjiciendum

1903 3524 1988 3575 est
2011 3518 2236 3585 aliquid,
2280 3518 2334 3573 id
2372 3518 2580 3574 scilicet
2618 3535 2724 3589 quo
2764 3521 2833 3574 ab
2863 3521 3274 3578 haereditatibus
3309 3527 3487 3596 legata

1905 3616 2246 3674 separentur,
2277 3608 2619 3671 utdicamus.
2646 3611 3015 3665 lmredi'atcm
3055 3628 3177 3667 esse
3202 3617 3489 3682 pecuniam

1903 3705 2079 3752 morte
2124 3697 2351 3767 alicujus
2404 3699 2481 3755 ad.
2529 3701 2834 3770 quempiam
2881 3704 3283 3772 pervenientem
3336 3708 3489 3777 juu,

1904 3805 2024 3858 quae
2058 3789 2229 3859 legata
2276 3807 2378 3844 non
2429 3791 2517 3846 sit.
2561 3792 2696 3846 Num
2745 3795 2877 3849 satis
2905 3805 2990 3851 est
3021 3796 3351 3853 deﬁnitioni?
3390 3798 3488 3855 lio
3527 3856 3532 3860 ,

1907 3882 2068 3936 nime.
2120 3881 2256 3948 Quid
2304 3884 2448 3938 enim
2487 3884 2530 3939 si
2582 3899 2758 3940 meum
2804 3887 3019 3955 quidem
3068 3888 3363 3947 dominium
3419 3889 3497 3948 ιιι

1909 3974 2079 4041 fundi,
2110 3976 2190 4029 vel
2219 3975 2444 4044 alicujus
2471 3978 2793 4047 pecuniarize
2816 3979 2913 4043 rei,
2940 3979 3161 4035 alterius
3185 3996 3315 4037 vero
3334 3997 3490 4037 usus.

1910 4066 2139 4121 fructus.
2173 4066 2305 4122 Nam
2350 4077 2523 4124 morte
2558 4070 2673 4138 ejus
2703 4071 2791 4126 cui
2822 4071 3160 4128 ususlruetus
3209 4075 3495 4143 competit,

1911 4159 1976 4213 ad
2009 4175 2093 4214 me
2124 4174 2211 4214 res
2239 4160 2329 4215 illa
2363 4164 2672 4229 revertitur,
2704 4177 2824 4231 quae
2858 4163 2917 4217 in
2944 4178 3066 4218 meo
3096 4164 3335 4219 deminuo
3370 4182 3495 4236 pro-

1911 4252 2156 4321 prietatis
2203 4256 2544 4321 possessione
2586 4256 2707 4322 jure
2744 4255 3060 4311 tenebatur?
3106 4272 3281 4327 neque
3314 4268 3500 4330 tanta}

1916 4344 2203 4399 htereditas
2249 4358 2369 4398 esse
2399 4354 2595 4414 potest,
2639 4346 2995 4415 adjiciendum
3042 4347 3204 4417 igitur
3249 4360 3352 4415 est,
3394 4350 3501 4406 mit-

1915 4439 2061 4493 uime
2090 4438 2435 4506 possessione
2477 4451 2596 4491 esse
2627 4447 2909 4500 retentam,
2946 4438 2999 4491 id
3036 4450 3137 4501 est,
3169 4448 3223 4493 ut
3254 4443 3502 4512 proprie:-

213 4534 492 4590 rationale
529 4549 685 4605 quam
717 4532 928 4602 proprie
967 4532 1186 4586 animal.
1241 4532 1367 4586 Dico
1399 4540 1578 4585 autem
1634 4531 1811 4589 homi-
1838 4524 1895 4589 Ι)
1920 4531 2040 4584 tatis
2074 4529 2419 4597 possessione
2446 4528 2495 4583 id
2527 4528 2669 4597 quod
2695 4544 2761 4582 ex
2794 4538 2964 4583 morte
2996 4531 3221 4601 alicujus
3246 4533 3367 4600 jure
3392 4549 3499 4603 non

213 4640 349 4680 nem
384 4640 506 4679 esse
532 4624 727 4678 animal
759 4624 1039 4677 rationale.
1065 4622 1175 4689 Sed,
1198 4621 1249 4676 id
1282 4623 1517 4676 nondum
1560 4636 1811 4692 cumqua-

212 4732 308 4772 tur
329 4718 401 4772 ad
431 4716 725 4783 hominem,
760 4724 982 4787 possunt
1012 4718 1155 4773 enim
1192 4732 1313 4772 esse
1354 4718 1611 4771 animalia
1645 4719 1812 4789 ratio-

211 4808 451 4871 nabilia,
496 4808 632 4861 sicut
667 4807 873 4861 Platoni
915 4820 1125 4876 quoque
1152 4805 1219 4860 de
1248 4809 1408 4862 astris
1456 4807 1655 4874 placet,
1692 4824 1813 4876 qum

209 4900 478 4955 homines
509 4915 614 4953 non
653 4908 798 4953 sunt.
842 4897 997 4952 Addo
1038 4897 1200 4967 igitur
1231 4914 1417 4953 rursus
1462 4900 1620 4953 aliam
1654 4899 1811 4954 diﬁ'e-

206 4990 482 5054 rentiam,
516 4987 559 5041 si
585 5004 799 5057 quoquo
831 4986 989 5041 niodo
1019 4987 1214 5042 iterum
1238 4988 1483 5042 deﬁnitio
1517 4990 1811 5044 contraha-

207 5095 332 5146 tur,
368 5080 546 5134 ut-ﬁat
579 5078 782 5134 homini
834 5078 973 5149 quod
1015 5077 1267 5132 deﬁnitur
1305 5078 1547 5148 aequale;
1585 5080 1819 5151 adjungo

199 5175 259 5243 ig
292 5188 390 5227 tur
421 5174 667 5238 mortale,
694 5188 757 5228 ac
783 5173 905 5227 dico
937 5172 1209 5226 hominem
1240 5186 1363 5227 esse
1397 5171 1598 5226 animal
1646 5172 1813 5231 ratio-

197 5266 346 5320 nale
392 5266 642 5331 mortale,
673 5266 724 5319 id
750 5273 993 5336 aequatur
1020 5265 1084 5317 ad
1122 5264 1413 5319 hominem.
1459 5264 1594 5319 Nam
1632 5266 1697 5320 et
1724 5267 1816 5335 qui

200 5360 396 5411 Immo
429 5366 531 5423 est,
559 5356 759 5411 animal
788 5357 1047 5411 rationale
1075 5356 1300 5411 mortale
1339 5366 1441 5411 est.
1482 5357 1618 5411 Dico
1652 5358 1816 5426 igitur

196 5448 472 5504 hominis
518 5452 654 5505 hanc
700 5464 821 5504 esse
871 5448 1239 5503 deﬁnitionem
1285 5465 1403 5517 quae
1450 5465 1512 5504 ex
1572 5448 1815 5518 pluribus

1924 4606 2168 4689 legatum
2200 4620 2445 4686 pervenit
2500 4634 2606 4675 non
2634 4619 2950 4675 retineatur.
2985 4622 3097 4676 l-loc
3125 4634 3309 4681 autem
3340 4626 3502 4681 modo

1924 4712 2271 4782 possessione
2295 4711 2514 4767 retineri
2553 4719 2751 4779 potest.
2791 4713 2835 4766 si
2860 4714 2932 4766 sit
2960 4723 3141 4769 nostra
3175 4717 3501 4785 p'uprictas,

1923 4816 1977 4857 et
2005 4804 2121 4872 ejus
2151 4802 2239 4871 qui
2270 4803 2562 4857 decesserit
2607 4806 2961 4859 usustructus.
3003 4806 3300 4875 Conjnncta
3341 4807 3503 4874 igitur

1924 4898 2101 4953 omnia
2129 4897 2179 4950 in
2213 4912 2373 4949 unum
2418 4897 2615 4951 facient
2649 4896 2974 4952 hmreditntis
2998 4898 3367 4955 deﬁnitionem
3402 4902 3505 4953 hoc

1929 4990 2091 5044 modo
2122 5005 2133 5042 :
2170 4988 2465 5042 Hmredutas
2510 4997 2593 5043 est
2622 4990 2843 5056 pecunia
2897 5007 3016 5057 qua:
3061 5003 3236 5045 morte
3278 4990 3504 5059 alicujus

1929 5081 1995 5135 ad
2026 5081 2334 5149 quempiam
2369 5079 2614 5147 pervenit
2636 5080 2778 5151 jure,
2812 5097 2918 5136 non
2951 5083 3141 5151 legata,
3177 5098 3352 5152 neque
3380 5098 3505 5151 puu-

1930 5174 2173 5230 sessione
2199 5180 2423 5227 retenta.
2456 5172 2581 5228 Haec
2606 5172 2849 5229 deﬁnitio
2889 5182 2975 5230 est
3015 5174 3235 5243 aqualis
3276 5176 3504 5231 hirredi-

1932 5267 2049 5321 tati.
2080 5266 2209 5320 Nam
2242 5276 2299 5318 ut
2328 5266 2614 5322 haereditas
2638 5270 2860 5337 pecunia
2887 5278 2969 5324 est
2990 5278 3165 5323 morte
3183 5268 3409 5339 alicujus
3428 5273 3505 5327 ad

1932 5361 2233 5431 quempiam
2264 5358 2583 5429 perveniens
2599 5363 2742 5431 jure,
2766 5377 2937 5431 neque
2956 5362 3153 5431 legata,
3182 5378 3353 5433 neque
3376 5380 3505 5435 pes-‘9

1933 5457 2175 5509 sessione
2189 5462 2419 5520 retenta,
2434 5455 2502 5507 ita
2516 5468 2774 5523 quacunq
2784 5468 2847 5507 ne
2862 5454 3082 5522 pecunia
3094 5453 3323 5525 alicujus
3335 5469 3509 5514 nium

192 5541 614 5596 communibus
659 5542 860 5610 junctis
906 5557 1065 5595 unum
1111 5550 1286 5594 tamen
1317 5541 1565 5611 quiddam
1615 5544 1816 5599 homini

192 5632 512 5700 proprium
537 5641 695 5701 atque
724 5633 923 5699 :eqnale
955 5631 1190 5685 conﬁcit.
1221 5634 1393 5702 Atque
1416 5634 1467 5686 in
1496 5635 1704 5688 crcteris
1722 5634 1817 5690 de-

193 5724 571 5777 ﬁnitionibus
615 5724 801 5779 eadem
858 5725 995 5777 ratio
1038 5733 1140 5787 εει,
1188 5735 1243 5777 ιιι
1292 5725 1636 5781 deﬁnitiones
1689 5728 1818 5782 ﬁant

1938 5545 2003 5599 ad
2030 5547 2260 5614 aliquem
2288 5545 2407 5616 jure
2431 5546 2753 5615 pervenerit,
2790 5558 2963 5613 neque
3002 5545 3173 5614 legata
3212 5546 3306 5612 sit,
3332 5560 3508 5617 nequa

1938 5646 2167 5700 retenta,
2197 5636 2331 5690 hanc
2357 5636 2720 5689 bacrcditatem
2744 5649 2864 5689 esse
2886 5649 3104 5692 necesse
3126 5646 3225 5692 est.
3251 5635 3362 5693 Sed
3382 5639 3505 5694 eum

1941 5726 2013 5780 Μ.
2045 5727 2249 5781 Tullius
2281 5728 2343 5778 ad
2373 5742 2492 5779 eum
2523 5740 2688 5792 usque
2719 5726 2890 5779 locum
2919 5726 3226 5783 deﬁniendo
3249 5728 3503 5797 venisset,
3560 5771 3606 5805 ο
