4036 6336
538 322 712 384 Μοδῗ

1762 320 1871 376 ΑΝ.
1909 319 2119 377 MANL.
2160 320 2314 377 SEV.
2357 319 2581 376 BOETII

3660 322 3793 377 “05

539 454 598 500 ut
625 443 830 498 diceret
876 436 1242 493 hereditatem
1292 447 1413 490 esse
1457 433 1737 503 pecuniam
1776 448 1895 503 quae
1933 441 2106 486 morte
2136 430 2540 501 Ajuredictum
2555 432 3236 499 est,.lamacommunitate
3254 448 3342 489 res
3358 433 3621 503 disjuncta
3647 435 3793 493 vide-

540 537 770 606 alicujus
800 534 866 588 ad
912 532 1217 602 quempiam
1251 527 1603 598 pervenisset,
1632 527 1753 595 jure
1783 526 1857 579 ait
1891 544 1905 581 :
1935 525 2049 580 Jam
2083 542 2112 578 a

548 627 933 685 communitate
958 638 1044 677 res
1072 622 1333 690 disjuncta
1363 618 1649 684 videbitur,
1677 625 1734 670 ut
1760 619 1827 669 sit
1848 617 2114 686 explicata
2156 638 2159 641 ι

547 719 788 776 deﬁnitio
819 716 896 771 sic
925 733 938 767 :
972 712 1265 769 llmreditas
1296 720 1375 764 est
1416 709 1637 776 pecunia
1670 723 1787 775 qua:
1815 718 1986 762 morte
2016 707 2115 760 ali-

541 812 695 882 cujus
725 810 791 863 ad
820 806 1123 876 quempiam
1154 803 1275 873 jure
1304 802 1571 872 pervenit.
1618 800 1780 865 idque
1812 801 1880 852 ita
1912 798 2113 853 dictum

542 916 644 967 est,
678 900 827 970 quasi
855 900 963 967 jam
999 897 1156 966 plena
1201 894 1335 948 facta
1386 894 1455 945 sit
1494 890 1752 944 deﬁnitio.
1794 890 1929 957 Quid
1971 890 2113 945 enim

548 1005 633 1050 est
662 992 803 1047 aliud
836 990 1160 1058 explicatam
1182 998 1302 1039 esse
1327 984 1711 1043 deﬁnitionem,
1744 990 1795 1035 et
1825 996 1855 1033 a
1877 996 2119 1035 commuo

543 1090 715 1143 nitate
744 1085 1087 1152 disjnnctam,
1122 1081 1222 1133 nisi
1247 1077 1559 1148 perfectam,
1591 1085 1642 1127 et
1673 1075 1757 1128 cui
1785 1074 1925 1127 desit
1951 1072 2118 1127 nihil?

548 1181 656 1237 Sed
704 1191 890 1232 rursus
926 1174 1079 1244 quasi
1109 1188 1213 1227 non
1245 1172 1314 1225 sit
1362 1169 1620 1237 explicata
1666 1167 1927 1236 deﬁnitio,
1959 1180 2056 1221 nec
2085 1180 2118 1220 a

544 1272 927 1327 communitate
958 1265 1297 1333 disjunctam,
1317 1259 1498 1326 adjicit
1526 1275 1538 1310 :
1571 1257 1813 1311 Nondum
1844 1267 1926 1310 est
1953 1255 2115 1321 satis;

542 1363 682 1417 adde
708 1377 722 1415 :
752 1359 859 1412 Nec
885 1372 946 1411 ea
986 1364 1076 1408 aut
1102 1355 1272 1422 legata
1307 1359 1626 1405 testamento
1656 1358 1746 1401 aut
1776 1348 2119 1418 possessione

544 1444 777 1509 retenta.
809 1448 972 1517 Cujus
1004 1444 1327 1514 ailjertionis
1364 1443 1476 1494 haec
1503 1441 1637 1493 ratio
1667 1449 1769 1502 cst,
1808 1438 1935 1491 fecit
1973 1438 2117 1491 enim

547 1544 912 1601 deﬁnitionem
957 1539 1078 1592 aliis
1122 1537 1411 1606 adjunctis,
1458 1536 1577 1588 aliis
1624 1534 1905 1603 separatis.
1939 1534 2121 1602 Itaque

532 1639 601 1691 'id
646 1635 785 1704 quod
814 1632 1122 1699 deﬁniebat,
1150 1630 1232 1683 vel
1261 1629 1343 1682 his
1364 1644 1480 1696 qua:
1509 1627 1769 1695 adjunxit,
1794 1628 1877 1679 vwl
1902 1626 1981 1679 his
2002 1641 2121 1695 qua:

543 1724 834 1795 separavit,
892 1738 919 1773 a
970 1730 1283 1775 caaterornm
1328 1718 1565 1771 omnium
1613 1719 1991 1773 communitate
2030 1733 2115 1787 se;
2159 1727 2163 1731 ’

2222 534 2324 589 tur,
2357 534 2413 578 nt
2434 524 2502 578 sit
2526 526 2785 592 exlilicata
2814 525 3053 580 deﬁnitio
3084 543 3100 580 :
3146 525 3439 580 Hereditas
3466 536 3552 581 est
3573 530 3790 595 pecunia

2220 636 2339 689 quae
2367 631 2538 676 morte
2570 621 2794 691 alicujus
2822 623 2886 676 ad
2911 624 3212 693 quempiam
3247 625 3492 692 pervenit
3518 625 3656 691 jure.
3690 626 3793 681 Sed

2220 710 2469 779 quoniam
2515 725 2699 764 rursus
2728 709 2813 764 hic
2844 712 3141 766 intellectus
3170 714 3235 766 ad
3267 715 3414 780 plura
3446 715 3584 768 intra
3614 730 3673 769 se
3706 731 3798 783 po-

2221 802 2322 856 sita
2353 811 2562 871 poterat
2614 806 2925 867 convenire,
2958 816 3064 857 non
3110 803 3381 857 immerito
3407 803 3644 858 additum
3675 817 3794 860 est:

2221 890 2335 946 Non
2365 902 2446 945 est
2471 893 2693 954 satis,et
2716 900 2932 957 czetera,
2961 909 3080 960 quas
3110 895 3336 960 legatum
3360 907 3415 951 et
3444 900 3801 965 possessionis

2222 984 2575 1039 retentionem
2605 985 2672 1039 ab
2698 984 3023 1039 haereditatis
3045 984 3356 1042 deﬁnitione
3383 987 3667 1056 sejungunt
3694 1006 3707 1042 :
3739 1005 3802 1044 ac

2222 1073 2290 1129 de
2320 1074 2497 1143 priore
2541 1076 2753 1143 quidem
2811 1074 3140 1130 haereditatis
3191 1079 3437 1147 exemplo
3489 1080 3604 1134 haec
3661 1080 3803 1136 dicta

2222 1169 2349 1221 sint.
2394 1167 2472 1221 Ad
2506 1168 2660 1236 hujus
2686 1181 2815 1237 vero
2863 1168 3263 1223 similitudinem
3305 1172 3465 1224 etiam
3507 1171 3807 1227 secundum'

2224 1270 2416 1315 tractat
2442 1262 2769 1328 exemplum,
2794 1261 2935 1330 quod
2961 1262 3029 1316 de
3055 1262 3365 1317 deﬁnitione
3387 1265 3703 1332 gentilitatis
3724 1277 3809 1321 est

2224 1355 2477 1425 positum.
2508 1354 2747 1409 Gentiles
2776 1355 2918 1409 enim
2950 1365 3075 1410 sunt
3119 1358 3205 1425 qui
3246 1358 3443 1412 eodem
3479 1362 3697 1415 nomine
3722 1362 3811 1414 in-

2224 1454 2308 1499 ter
2351 1460 2409 1498 se
2438 1455 2579 1509 sunt,
2611 1453 2669 1498 ut
2698 1443 3009 1513 Scipiones,
3044 1447 3190 1500 Bruti
3234 1456 3289 1502 et
3330 1450 3533 1502 caeteri.
3585 1450 3723 1515 Quid
3762 1451 3811 1505 si

2225 1536 2367 1589 servi
2417 1535 2581 1589 sunt?
2629 1551 2755 1589 num
2791 1535 2894 1591 tilla
2941 1537 3206 1605 gentilitas
3254 1552 3531 1593 servorum
3562 1554 3683 1595 esse
3715 1556 3813 1609 po-

2227 1627 2370 1681 test?
2409 1627 2641 1681 Minime.
2673 1626 3043 1697 Adjiciendum
3098 1630 3292 1698 igitur:
3324 1633 3420 1696 Qui
3465 1634 3534 1686 ab
3565 1634 3812 1702 ingenuis

2228 1719 2437 1774 oriundi
2468 1730 2610 1774 sunt.
2642 1719 2779 1785 Quid
2832 1720 2876 1774 si
2924 1721 3292 1775 libertinorum
3348 1734 3571 1791 nepotes
3614 1725 3811 1778 civium

544 1815 804 1885 greguvit.
859 1811 1233 1865 Haereditatcm
1282 1809 1423 1861 enim
1473 1808 1607 1861 dixit
1656 1824 1774 1862 esse
1813 1809 2117 1876 pecuniam,
2155 1805 2205 1865 B
2236 1811 2597 1865 Romanorum
2625 1811 2812 1866 eodem
2845 1811 3059 1866 nomine
3084 1815 3491 1881 nuncupentur?
3522 1830 3651 1868 num
3679 1831 3815 1884 gen-

553 1909 677 1961 ltuic
702 1904 925 1965 addidit,
960 1909 1131 1955 morte
1161 1899 1387 1968 alicujus
1416 1899 1482 1953 ad
1530 1900 1763 1969 aliquem
1802 1899 2123 1967 pervenien-

546 2010 678 2056 tem.
724 1993 1105 2065 Separavitque
1154 2006 1273 2046 eam
1319 1992 1385 2044 ab
1434 1992 1498 2043 iis
1550 1991 1807 2058 pecuniis,
1857 2006 1978 2059 qua:
2019 2004 2125 2044 non

546 2098 721 2147 morte
748 2086 970 2154 alicujus
998 2083 1063 2137 ad
1093 2083 1345 2152 aliquem,
1390 2083 1484 2136 sed
1517 2090 1796 2135 cnntractn
1826 2083 2123 2136 viventium

548 2181 914 2252 pervenirent,
954 2174 1325 2241 addiditjure,
1381 2182 1438 2225 ut
1491 2172 1558 2224 ab
1609 2172 1691 2225 his
1747 2173 1989 2239 pecuniis
2040 2188 2128 2227 se-

552 2281 768 2345 pararet
819 2284 937 2340 quae
971 2283 1063 2336 per
1091 2267 1197 2319 vim
1243 2273 1414 2318 morte
1462 2263 1682 2317 alterius
1712 2264 1777 2317 ad
1822 2265 2127 2333 quempiam

553 2364 914 2437 pervenirent.
956 2361 1051 2414 His
1088 2359 1248 2428 igitur
1290 2357 1520 2419 duobus,
1573 2365 1745 2410 morte
1788 2364 1946 2425 atque
1983 2356 2125 2426 jure,

552 2475 614 2514 ea
646 2458 866 2528 pecunia
894 2452 1080 2509 effecta
1114 2460 1215 2516 est,
1260 2465 1378 2517 qua:
1408 2463 1436 2500 a
1483 2450 1695 2502 cit-teris
1723 2450 1793 2502 ita
1821 2458 2127 2518 separetur,

550 2562 610 2609 ut
640 2564 815 2607 tamen
839 2564 935 2619 per
962 2547 1256 2617 legitimum
1280 2542 1592 2611 acquirendi
1620 2542 1858 2608 modum,
1893 2554 1998 2596 non
2047 2543 2130 2597 in-

551 2660 634 2704 ter
657 2656 911 2713 utrosque
931 2643 1104 2705 vivos,
1130 2638 1223 2693 sed
1240 2638 1381 2692 inter
1403 2650 1568 2689 unum
1588 2688 1591 2691 ,
1610 2636 1787 2688 vivum
1809 2644 1968 2705 atque
1998 2635 2131 2690 alte-

551 2715 667 2798 rum
689 2749 955 2795 mortuum
974 2736 1149 2789 ﬁeret.
1176 2732 1301 2786 Haec
1320 2730 1479 2799 igitur
1502 2743 1606 2782 una
1630 2728 1899 2796 separatio
1918 2744 1948 2781 a
1969 2737 2131 2783 carte-

551 2840 627 2893 ris
660 2837 795 2890 facta
824 2841 929 2897 est,
962 2841 1121 2896 atque
1152 2826 1271 2880 ideo
1300 2824 1397 2877 ait
1437 2822 1755 2891 explicatam
1785 2837 1906 2876 esse
1941 2820 2131 2875 deﬁni-

555 2933 761 2985 tionem
810 2934 864 2980 ει
891 2939 920 2976 a
955 2918 1339 2976 communitate
1368 2915 1707 2984 disjunctam.
1740 2915 1846 2968 Sed
1878 2915 2130 2982 quoniam

554 3023 606 3075 in
624 3033 685 3073 ea
707 3018 822 3086 ipsa
847 3010 1074 3081 pecunia
1100 3023 1218 3077 qua:
1239 3016 1411 3061 morte
1433 3016 1488 3060 et
1504 3010 1625 3074 jure
1656 3005 1721 3058 ad
1755 3005 1986 3074 aliquem
2011 3019 2132 3071 per-

555 3114 699 3167 venit
737 3110 948 3162 iuerant
975 3101 1221 3172 quaedam
1250 3114 1370 3169 qua:
1413 3099 1751 3153 hereditates
1791 3115 1895 3153 non
1924 3109 2129 3165 essent,

555 3204 745 3256 harum
795 3194 1131 3263 separatione
1162 3191 1316 3260 plena
1359 3189 1545 3244 eﬁecta
1578 3199 1660 3244 est
1687 3189 2011 3244 hereditatis
2038 3191 2132 3245 de-

559 3290 757 3347 ﬁnitio.
810 3285 945 3340 Nam
1010 3296 1132 3337 cum
1180 3280 1381 3335 diceret
1432 3279 1797 3335 hzereditatem
1854 3281 2131 3349 pecuniam

558 3397 697 3448 esse,
730 3381 961 3445 itemque
983 3388 1103 3444 qua:
1133 3382 1304 3428 morte
1331 3373 1556 3441 alicujus
1586 3373 1651 3426 ad
1683 3373 1913 3443 aliquem
1944 3389 2135 3443 pene-

557 3477 753 3536 nisset,
802 3470 1034 3537 itemque
1073 3474 1127 3519 et
1169 3481 1286 3534 qua:
1314 3465 1455 3532 jure,
1488 3464 1604 3519 haec
1632 3467 1811 3519 omnia
1847 3466 2135 3523 efﬁcientia

557 3561 909 3621 substantiam
942 3555 1268 3611 hereditatis
1294 3556 1533 3624 apposita
1557 3564 1699 3609 sunt.
1725 3540 1853 3610 \Sed
1880 3560 2135 3625 quoniam

558 3663 711 3713 erant
738 3656 791 3707 in
844 3652 944 3705 hac
972 3649 1286 3703 collectione
1314 3648 1557 3716 quaedam
1589 3649 1655 3702 ad
1696 3664 1813 3719 qum
1844 3649 1999 3718 hujus
2027 3653 2140 3707 col-

558 3749 805 3807 lectionis
834 3743 1135 3799 intellectus
1162 3741 1440 3796 transferri
1473 3751 1675 3811 posset,
1707 3758 1805 3798 nec
1851 3755 2024 3799 tamen
2055 3760 2141 3801 es-

514 3860 518 3865 ’
560 3852 682 3897 sent
712 3837 1067 3901 haareditates,
1099 3834 1261 3888 veluti
1293 3834 1521 3901 legatum
1546 3842 1638 3887 aut
1668 3836 2026 3900 possessionis
2052 3852 2142 3892 re-

562 3933 753 3997 tentio,
785 3929 867 3982 his
896 3924 1182 3980 subtractis
1211 3925 1414 3993 reliqua
1450 3925 1554 4005 fuit
1595 3923 1900 3993 lmreiiitas,
1944 3929 2011 3983 de
2035 3945 2141 3999 qua

564 4021 791 4090 intelligi
839 4017 1006 4088 possit
1033 4017 1257 4085 pecunia
1287 4016 1513 4085 alicujus
1536 4027 1708 4072 morte
1738 4020 1803 4071 ad
1835 4022 2141 4089 quempiam

563 4117 680 4185 jure
711 4110 1047 4184 perveniens.
1079 4107 1193 4161 Non
1239 4107 1398 4177 igitur
1440 4109 1693 4178 legatum,
1726 4118 1815 4164 aut
1844 4112 2143 4180 possessio-

567 4208 654 4261 nis
679 4203 910 4259 retentio
935 4200 1287 4254 substantiam
1307 4199 1634 4254 ltwreditatis
1658 4200 1916 4267 efﬁciunt,
1944 4202 2145 4272 quippe

565 4314 683 4371 quae
724 4296 1044 4364 impedirent
1090 4294 1154 4347 ad
1200 4293 1316 4361 ejus
1371 4295 1725 4348 substantiam
1763 4295 2146 4350 demonstran-

565 4392 710 4457 dam,
741 4389 843 4443 nisi
888 4393 1311 4441 removerentur.
1364 4387 1433 4449 At
1459 4399 1587 4439 vero
1631 4401 1729 4441 nec
1761 4388 1979 4457 negatio
2025 4388 2144 4457 qui-

566 4484 687 4538 dem
722 4480 1032 4549 cujusquam
1088 4475 1440 4531 subSIantiam
1498 4476 1725 4543 perﬁcit,
1786 4479 1878 4531 sed
1942 4488 2143 4535 tantum

2233 1906 2393 1959 tilitas
2424 1905 2530 1960 ulla
2555 1905 2671 1959 est?
2701 1905 2775 1959 Ne
2818 1904 2868 1957 id
2898 1904 3145 1973 quidem,
3185 1907 3434 1972 quoniam
3480 1908 3549 1962 ab
3576 1909 3816 1976 antiqui-

2229 2004 2337 2049 tate
2367 1996 2712 2064 ingenuorum
2744 1993 3011 2062 gentilitas
3047 1994 3300 2061 ducitur;
3342 1994 3569 2051 addatur
3599 1998 3766 2067 igitur
3798 2014 3813 2049 :

2229 2086 2465 2152 Quorum
2500 2085 2761 2155 majorum
2791 2100 2950 2139 nemo
2977 2087 3289 2141 servitutem
3318 2088 3555 2142 servivit.
3594 2088 3736 2155 Quid
3764 2090 3813 2144 si

2229 2191 2325 2246 per
2363 2177 2700 2245 adoptionem
2735 2177 2787 2230 in
2817 2176 3039 2231 alterius
3081 2176 3335 2232 familiam
3372 2185 3645 2234 transeat?
3688 2191 3820 2236 tunc

2230 2271 2439 2325 etiamsi
2470 2270 2586 2338 ejus
2614 2270 2786 2338 gentis
2816 2268 2882 2322 ad
2911 2285 3070 2337 quam
3115 2270 3362 2339 migravit
3410 2272 3627 2327 nomine
3670 2289 3813 2328 nun-

2231 2371 2480 2432 cupetur,
2511 2362 2638 2417 licet
2668 2362 2737 2415 ab
2764 2362 3009 2431 ingenuis
3043 2370 3096 2415 et
3124 2362 3192 2415 ab
3220 2365 3285 2416 iis
3326 2375 3475 2419 ortus
3503 2367 3819 2432 parentibus

2232 2454 2304 2507 sit
2342 2456 2429 2523 qui
2467 2468 2732 2523 nunquam
2784 2454 3090 2507 servitutem
3121 2455 3421 2521 servierint,
3456 2466 3638 2511 tamen
3679 2473 3817 2527 quo-

2235 2547 2378 2601 niam
2414 2548 2463 2599 in
2498 2545 2688 2599 familia
2709 2546 2883 2611 gentis
2911 2561 3020 2598 suae
3060 2560 3164 2599 non
3199 2557 3398 2610 manet,
3428 2564 3496 2602 ne
3519 2550 3569 2601 in
3598 2550 3817 2617 gentili-

2237 2647 2344 2691 tate
2374 2636 2587 2705 quidem
2617 2650 2835 2690 manere
2890 2645 3097 2704 potest;
3144 2637 3446 2692 addendum
3500 2640 3662 2708 igitur
3687 2651 3773 2695 est
3806 2660 3818 2694 :

2235 2727 2419 2795 Neque
2447 2728 2621 2795 capite
2646 2735 2769 2780 sunt
2792 2727 3061 2780 diminuti.
3094 2727 3205 2781 Hoc
3236 2728 3476 2793 fortasse,
3509 2730 3705 2799 inquit,
3729 2747 3819 2786 sa-

2239 2818 2308 2871 tis
2350 2826 2436 2871 est
2492 2819 2785 2871 secundum
2835 2817 3072 2872 Scevolee
3120 2818 3387 2888 pontiﬁcis
3425 2820 3821 2888 deﬁnitionem,

2237 2908 2371 2965 nihil
2401 2910 2543 2963 enim
2574 2908 2796 2962 ulterius
2824 2908 3041 2977 adjecit,
3086 2920 3143 2964 ut
3172 2910 3241 2963 sit
3269 2910 3511 2965 deﬁnitio
3541 2915 3823 2982 gentilium

2237 3000 2352 3055 haec
2387 3017 2397 3051 :
2441 2999 2679 3054 Gentiles
2711 3009 2853 3065 sunt,
2896 3001 2983 3069 qui
3036 3000 3180 3055 inter
3208 3016 3267 3055 se
3307 3003 3495 3057 eodem
3546 3016 3675 3058 sunt
3729 3022 3823 3061 no-

2235 3092 2400 3156 mine,
2429 3090 2496 3144 ab
2534 3090 2773 3159 ingenuis
2811 3090 3038 3155 oriundi,
3072 3106 3298 3160 quorum
3331 3094 3595 3161 majorum
3654 3113 3820 3151 nemo

2156 3180 2206 3244 C
2238 3184 2545 3238 servitutem
2573 3182 2811 3245 servivit,
2843 3190 2899 3235 et
2928 3183 3018 3236 ubi
3065 3182 3412 3250 gentilitatem
3457 3185 3603 3239 nulla
3634 3188 3830 3252 capitis

2239 3276 2522 3332 diminutio
2547 3274 2827 3329 destruxit.
2881 3274 3005 3328 Hinc
3048 3290 3260 3344 quoque
3284 3275 3525 3329 deﬁnitio
3576 3279 3719 3332 facta
3749 3290 3833 3335 est

2240 3384 2306 3423 ex
2349 3367 2588 3436 pluribus
2635 3366 3106 3421 communitatibus
3161 3372 3210 3421 in
3242 3384 3405 3422 unum
3431 3372 3835 3428 confluentibus

2240 3466 2401 3526 atque
2440 3471 2596 3511 unam
2630 3455 3009 3524 prOprietatem
3039 3457 3154 3526 ejus
3194 3460 3269 3511 rei
3301 3475 3418 3528 qua:
3448 3460 3833 3530 deﬁniebatur,

2243 3552 2295 3605 id
2322 3560 2404 3605 est
2446 3549 2784 3619 gentilitatis,
2811 3548 3145 3605 facientibus.
3180 3552 3277 3605 Hic
3315 3554 3475 3622 igitur
3501 3555 3835 3614 deﬁnitionis

2242 3646 2434 3700 modus
2462 3644 2518 3698 in
2545 3652 2766 3713 utroque
2786 3658 2984 3713 genere
3013 3660 3191 3699 rerum
3209 3648 3365 3709 valet,
3395 3649 3508 3703 sive
3534 3665 3661 3718 qua:
3682 3662 3833 3715 sunt,

2245 3738 2357 3791 sive
2381 3751 2498 3805 qua:
2526 3750 2630 3789 non
2657 3745 2802 3801 sunt,
2839 3736 2891 3789 id
2925 3746 3008 3790 est
3036 3738 3149 3791 sive
3174 3739 3571 3807 corporalium,
3602 3745 3723 3798 sive
3754 3746 3838 3799 in-

2245 3828 2623 3898 corporalium;
2650 3841 2793 3895 nam,
2827 3838 2881 3882 ut
2909 3830 3153 3897 superius
3174 3844 3447 3887 ostensum
3478 3847 3586 3899 cst,
3622 3837 3672 3889 id
3709 3853 3833 3893 esse

2247 3922 2439 3976 Cicero
2459 3922 2588 3975 dicit
2609 3921 2748 3989 quod
2774 3923 3050 3988 corporale
3077 3925 3166 3986 sit,
3193 3923 3244 3976 id
3276 3939 3381 3977 non
3413 3940 3537 3980 esse
3573 3930 3725 3995 quod
3758 3937 3841 3983 est

2248 4013 2605 4079 incorporale.
2638 4012 2717 4067 Ac
2746 4021 3019 4082 postremo
3040 4015 3275 4068 omnium
3302 4016 3681 4073 deﬁnitionum
3726 4038 3843 4075 mo-

2248 4107 2348 4160 dus
2394 4105 2481 4159 hic
2511 4114 2612 4171 est,
2645 4114 2702 4158 ut
2732 4120 2798 4159 ex
2849 4105 3091 4174 pluribus
3137 4111 3615 4164 communitatibus
3658 4113 3843 4181 aliqua

2252 4198 2544 4267 proprietas
2576 4197 2684 4250 ﬁat.
2721 4196 2828 4252 Sed
2870 4197 3073 4252 distant
3103 4214 3130 4252 a
3177 4215 3237 4253 se
3267 4200 3642 4269 definitiones,
3699 4205 3841 4273 quod

2251 4291 2338 4343 hae
2363 4304 2481 4359 quae
2510 4289 2723 4359 proprie
2762 4289 3102 4346 deﬁnitiones
3139 4302 3397 4346 vocantur
3454 4310 3520 4348 ex
3558 4295 3643 4350 his
3691 4312 3846 4351 com-

2251 4381 2601 4436 mamitatibus
2651 4380 3047 4450 conjunguntur
3093 4398 3211 4452 quae
3261 4384 3643 4442 substantiales
3698 4400 3846 4443 sunt.

2253 4471 2365 4526 Illa.
2395 4486 2521 4545 vero
2547 4487 2665 4541 qua:
2714 4486 2817 4526 non
2847 4488 2989 4527 verte
3034 4474 3129 4527 sed
3182 4474 3452 4530 abutendo
3497 4477 3850 4536 deﬁnitiones

567 4573 691 4646 quid
717 4587 822 4626 non
864 4570 934 4624 sit
971 4568 1226 4623 ostendit.
1251 4566 1401 4633 Quod
1430 4567 1472 4619 si
1505 4568 1735 4635 legatum
1770 4577 1824 4622 et
1846 4571 2142 4637 possessio-
2174 4558 2229 4619 D
2253 4562 2519 4628 dicuntur,
2570 4580 2634 4618 ex
2672 4564 3033 4621 accidentibus
3078 4570 3557 4623 communitatibus
3602 4586 3842 4644 congreo

566 4669 651 4723 nis
673 4664 903 4720 retentio
944 4661 1267 4715 haereditatis
1316 4660 1665 4714 substantiam
1696 4675 1799 4714 non
1848 4664 2006 4717 modo
2034 4679 2142 4720 non

566 4758 857 4823 complent,
875 4767 1058 4806 verum
1082 4751 1241 4804 etiam
1269 4749 1565 4818 impediunt
1585 4760 1745 4820 atque
1766 4766 2140 4824 corrumpunt,

565 4849 667 4904 nisi
696 4847 891 4901 fuerint
915 4843 1171 4911 disjuucta
1204 4851 1363 4911 atque
1394 4843 1625 4910 seposita
1650 4860 1664 4907 ;
1688 4858 1922 4913 cumque
1951 4846 2141 4902 harum

566 4941 775 5011 negatio
804 4938 936 4993 nihil
963 4951 1028 4990 ex
1054 4934 1381 4989 increditatis
1408 4936 1705 4990 substantia
1732 4945 2016 5004 monstret,
2046 4941 2141 4996 sed

567 5042 772 5086 tantum
803 5028 930 5098 quid
970 5042 1074 5081 non
1118 5028 1189 5081 sit
1241 5025 1485 5079 ostendat
1513 5042 1527 5089 ;
1555 5026 1872 5095 relinquitur
1902 5045 2021 5096 pars
2048 5046 2141 5083 su-

567 5124 766 5194 perior,
799 5122 849 5175 id
875 5129 956 5174 est
991 5120 1211 5187 pecunia
1242 5127 1413 5171 morte
1460 5117 1681 5187 alicujus
1724 5120 1790 5173 ad
1836 5124 2137 5191 quempiam

566 5219 686 5284 jure
717 5211 1052 5283 perveniens,
1084 5225 1203 5279 qum
1232 5209 1586 5264 substantiam
1611 5212 1937 5270 haereditatis
1958 5229 2141 5273 osten-

568 5308 679 5373 dat,
711 5320 775 5359 ea
804 5319 922 5374 quae
948 5304 1019 5355 sit
1044 5302 1306 5370 explicata
1331 5301 1569 5355 deﬁnitio
1613 5319 1643 5357 a
1688 5308 2002 5377 carterisqne
2030 5309 2141 5363 dis-

569 5400 769 5474 juncta.
802 5396 905 5453 Sed
937 5395 1184 5465 quoniam
1211 5410 1416 5458 rursus,
1445 5406 1501 5450 ut
1528 5388 1728 5451 dictum
1771 5412 1871 5467 est,
1894 5402 2137 5468 quaedam

570 5498 693 5546 sunt
716 5487 784 5544 ad
811 5502 929 5556 qua:
957 5485 1181 5540 derivari
1231 5485 1387 5554 hujus
1419 5484 1741 5541 deﬁnitionis
1790 5490 2141 5560 intelligentia

570 5580 758 5650 possit,
792 5576 992 5633 idcirco
1033 5576 1098 5630 ad
1141 5575 1519 5630 discretionem
1567 5577 1825 5645 integram
1857 5580 2143 5649 designan-

577 5674 697 5726 dam
743 5672 947 5739 reliqua
980 5685 1100 5737 pars
1131 5669 1363 5722 additur.
1414 5668 1595 5735 Itaque
1633 5672 1884 5736 quoniam
1913 5675 2007 5725 ista
2050 5675 2145 5730 de.

486 5748 881 5838 .'utonstrttnt
940 5757 1323 5815 haereditatem,
1376 5756 1716 5823 efﬁciuntque
1768 5762 2119 5821 substantiam

2252 4666 2458 4728 gantur.

2325 4750 2666 4803 Partitionum
2693 4759 2861 4811 autem
2891 4760 2937 4803 et
2966 4752 3268 4805 divisionum
3298 4769 3455 4824 genus
3490 4756 3649 4821 quale
3692 4768 3849 4821 esset,

2253 4845 2582 4910 ostendimus,
2612 4846 2700 4898 sed
2720 4845 2843 4914 quid
2874 4846 3005 4899 inter
3035 4862 3088 4899 se
3124 4846 3384 4911 di/I'erant,
3418 4846 3631 4916 planius
3668 4851 3855 4904 dirca-

2253 4937 2375 4990 dum
2404 4946 2499 4991 est.
2547 4934 2612 4990 In
2645 4937 2918 5005 partitione
2962 4938 3106 5005 quasi
3136 4940 3359 4991 membra
3389 4950 3527 5004 sunt,
3567 4950 3622 4992 ut
3665 4958 3857 5010 corpo~

2250 5035 2338 5096 ris,
2396 5044 2569 5104 caput,
2611 5034 2830 5100 humeri,
2885 5050 3085 5099 manus,
3137 5035 3315 5098 latera,
3367 5051 3545 5101 crura,
3605 5039 3776 5107 pedes
3813 5048 3858 5090 rt

2249 5134 2452 5180 cetera.
2518 5123 2583 5177 In
2633 5125 2879 5179 divisione
2927 5129 3106 5196 forma:
3141 5136 3260 5179 sunt
3303 5142 3430 5195 quas
3468 5124 3645 5180 Gra‘ci
3690 5129 3861 5188 (eant:

2249 5226 2451 5282 vocant,
2479 5216 2661 5282 nostri,
2696 5218 2739 5269 si
2768 5217 2854 5284 qui
2876 5214 2984 5269 [nec
3013 5220 3145 5283 forte
3168 5224 3407 5282 tractant,
3439 5219 3637 5282 species
3671 5219 3863 5288 αρριιο

2250 5290 2387 5379 lant,
2409 5328 2507 5364 non
2534 5310 2745 5377 pessime
2769 5309 2823 5361 id
2862 5310 3087 5379 quidem,
3118 5311 3206 5362 sed
3247 5304 3492 5362 inutiliter
3523 5314 3595 5362 ad
3637 5325 3865 5365 uisitan-

2251 5401 2343 5453 dos
2371 5416 2516 5452 casus
2542 5402 2595 5451 in
2625 5399 2858 5453 dicendo.
2882 5397 3060 5453 Nolim
3086 5401 3241 5463 enim,
3268 5416 3328 5453 ne
3351 5401 3393 5453 si
3421 5399 3611 5455 Latine
3630 5406 3865 5465 quidem

2253 5490 2353 5541 dici
2382 5490 2559 5556 possit,
2602 5490 2885 5558 specierum
2923 5499 2970 5543 et
2992 5490 3249 5559 speciebus
3295 5491 3482 5555 dicere,
3520 5502 3572 5545 et
3598 5510 3753 5564 sape
3782 5496 3866 5549 his

2251 5590 2445 5635 castoris
2476 5581 2720 5634 utendum
2767 5590 2858 5649 est,
2918 5589 2969 5634 at
3013 5582 3188 5651 formis
3248 5591 3293 5635 et
3323 5582 3612 5651 formarum
3678 5591 3863 5644 retin.

2252 5675 2380 5728 Cum
2402 5683 2574 5728 mitem
2605 5684 2813 5744 utroque
2842 5678 2986 5729 verba
3017 5678 3149 5730 idem
3176 5680 3509 5748 signiﬁcetur,
3546 5684 3867 5736 commodi-

2252 5773 2399 5819 tatem
2432 5768 2481 5819 in
2513 5766 2729 5820 dicendo
2779 5783 2879 5821 non
2906 5769 3121 5823 arbitror
3161 5769 3538 5840 negligentiam.
3584 5771 3785 5829 Genus
3812 5782 3865 5827 et
