4022 6330
239 333 374 391 “05

1062 314 1124 374 IN
1162 314 1409 374 TOPICA
1445 305 1806 368 CICERONIS
1844 298 2358 389 COMMENTABIA.
2403 298 2533 355 LIB.
2577 297 2664 353 III.
2722 308 2743 355 ᾗ

3361 285 3498 380 no.8

241 454 458 521 formam
486 444 735 515 deﬁniunt
760 440 855 495 hoc
881 438 1032 493 modo
1061 453 1079 490 :
1108 434 1279 490 Genus
1300 434 1373 486 es't
1393 430 1537 484 "notio
1564 427 1631 480 ad
1652 425 1820 495 plures
1846 422 1901 482 Α
1927 419 2054 521 priis
2075 418 2257 520 igitur
2314 413 2615 521 nominibus
2671 411 2742 465 M.
2769 406 2993 521 I'I‘ullius
3040 417 3223 516 partes
3251 425 3284 481 q
3313 410 3493 521 uidero

239 516 549 608 dilferentias
577 536 855 609 pertinens.
887 530 1079 585 Forma
1100 537 1170 582 est
1197 526 1338 580 notio
1360 524 1503 585 cuius
1529 516 1817 609 diﬂ'erentia

239 637 307 687 ad
334 610 495 696 caput
519 608 735 700 generis,
762 620 909 696 quasi
955 616 1378 693 fontem,referri
1410 619 1593 685 potest.
1634 608 1818 662 Notio-

241 742 352 781 nem
388 722 594 791 appello
622 719 758 791 quod
810 717 975 771 (ἔνωεὶ
1022 723 1126 768 tum
1175 711 1389 775 ἔννοιαν,
1440 715 1545 760 tum
1564 702 1818 780 πρόληψιν

240 818 433 870 dicunt.
462 790 547 868 Ea
574 821 677 879 est
696 811 847 863 insita
873 819 920 862 et
964 814 1081 861 ante
1105 810 1336 875 percepta
1373 790 1618 869 cujusque
1644 796 1822 864 formas

239 906 458 978 cognitio
487 900 1107 971 enodationisindigens.
1136 895 1345 949 Formae
1372 891 1550 963 igitur
1568 898 1701 961 .sunt
1744 887 1824 940 lue

241 999 293 1051 in
321 1013 446 1064 quas
487 1010 648 1065 genus
678 994 788 1046 sine
819 990 973 1045 ullius
1013 984 1439 1059 prtetermissione
1467 979 1733 1065 dividitur,
1768 984 1823 1029 ut

242 1088 410 1157 siquis
429 1087 517 1153 jus
534 1085 586 1137 in
613 1085 794 1154 legem,
817 1095 1030 1144 morem,
1049 1076 1334 1147 tequitatem
1364 1071 1577 1126 dividat.
1596 1067 1824 1145 Formas

242 1179 325 1246 qui
356 1185 500 1244 putat
530 1175 665 1228 idem
707 1189 814 1228 esse
852 1170 987 1240 quod
1026 1177 1216 1239 partes,
1257 1163 1733 1241 confunditut-tem,
1776 1166 1824 1211 et

242 1267 576 1322 similitudine
603 1264 830 1336 quadam
861 1261 1187 1315 conturbatus
1241 1272 1342 1310 non
1378 1254 1500 1309 satis
1540 1260 1689 1327 acute
1714 1265 1826 1320 qua:

242 1370 359 1413 sunt
404 1358 706 1412 secernenda
757 1352 1041 1423 distinguit.
1095 1350 1243 1414 Saepe
1281 1346 1436 1401 etiam
1472 1344 1722 1418 definiunt
1775 1350 1821 1395 et

242 1456 468 1503 oratores
501 1457 547 1501 et
592 1455 752 1515 poettz
797 1461 887 1515 per
920 1440 1302 1495 translationem
1326 1436 1461 1491 verbi
1499 1452 1561 1489 ex
1589 1434 1827 1487 similitu-

244 1541 363 1593 dine
398 1554 511 1593 cum
539 1538 713 1612 aliqua
748 1536 1014 1589 suavitate.
1057 1532 1162 1587 Sed
1184 1546 1278 1597 ego
1305 1546 1337 1583 a
1378 1529 1553 1583 vestris
1583 1525 1826 1595 exemplis

244 1630 345 1682 nisi
392 1626 676 1682 necessario
707 1642 806 1679 non
833 1624 1090 1677 recedam.
1146 1620 1353 1675 Solebat
1402 1619 1558 1690 igitur
1596 1613 1826 1682 Aquilius

245 1719 441 1790 collega
462 1727 508 1772 et
535 1718 804 1790 familiaris
827 1732 990 1780 meus,
1021 1728 1137 1766 cum
1180 1713 1242 1764 de
1271 1711 1525 1764 littoribus
1566 1716 1823 1777 ageretur,

1918 509 2088 589 veluti
2133 508 2295 563 totius
2348 506 2588 561 membra
2631 504 2904 575 appellat,
2962 502 3185 583 species
3211 520 3336 559 vero
3389 504 3500 579 for—

1912 585 2056 673 :mos.
2108 600 2342 666 Idcirco,
2400 585 2649 668 quoniam
2680 613 2808 665 ,non
2859 598 2990 652 satis
3036 598 3087 653 ei
3136 606 3259 667 apta
3290 596 3501 651 videtur

1922 695 2141 749 inﬁexio
2170 705 2385 745 casuum
2427 690 2494 745 ab
2523 704 2587 744 eo
2622 690 2842 745 nomine
2886 690 3027 760 quod
3060 698 3143 745 est
3169 691 3400 759 species.
3436 689 3503 759 Et

1916 786 2052 857 licet
2079 786 2279 853 plures,
2313 781 2515 851 inquit,
2540 782 2916 851 usurpaverint
2946 781 3048 835 hoc
3076 796 3290 845 nomen,
3324 791 3503 835 tamen

1925 877 2175 949 quoniam
2218 875 2347 928 dura
2375 879 2459 927 est
2488 872 2643 942 hujus
2686 874 2918 947 nominis
2947 888 3044 943 per
3079 886 3233 928 casus
3261 871 3525 936 inﬁcxio,

1925 985 2046 1024 cum
2087 967 2282 1021 dicitur
2326 964 2553 1032 speciei,
2600 968 2929 1033 specierum,
2973 964 3508 1043 speciebus,qidcirco

1925 1056 2361 1115 commoditatem
2385 1056 2435 1108 in
2462 1054 2709 1123 dicendo,
2733 1064 2795 1131 ut
2821 1054 2934 1123 ipse
2961 1057 3055 1120 ait,
3087 1072 3191 1109 non
3218 1054 3509 1125 arbitratus

1928 1162 2010 1207 est
2039 1138 2444 1218 negligentiam,
2478 1153 2535 1199 ut
2565 1146 2762 1200 formas
2786 1158 3002 1200 vocaret
3037 1148 3091 1200 in
3146 1145 3298 1215 cujus
3332 1145 3510 1219 nomil-

1924 1244 2012 1317 ‘nis
2056 1240 2268 1296 casibus
2325 1238 2471 1291 nulla
2513 1238 2744 1292 sentitur
2792 1224 3196 1305 asperita‘s.,Et
3237 1238 3510 1311 'quOniam

1927 1324 2097 1392 forma
2128 1343 2319 1403 praeter
2343 1346 2511 1403 genus
2534 1346 2655 1386 esse
2682 1345 2784 1384 non
2814 1339 2989 1400 potest
3011 1330 3171 1396 (nihil
3198 1331 3341 1385 enim
3374 1344 3512 1400 prae:-

1932 1438 2011 1483 ter
2039 1414 2192 1481 suum
2212 1412 2385 1494 potest
2404 1438 2524 1478 esse
2546 1423 2914 1499 principium),
2954 1433 3307 1490 utrorumque
3344 1436 3512 1492 appo-

1927 1520 2036 1578 suit
2081 1517 2683 1598 deﬁnitiones,dicens
2732 1500 3071 1598 genusesse
3116 1515 3508 1587 notionem‘ad

1930 1615 2111 1684 plures
2152 1594 2481 1668 differentias
2516 1594 2931 1681 pertinentem.
2976 1609 3135 1664 Notio
3182 1607 3513 1677 verointelg-

1932 1692 2101 1762 lectus
2118 1716 2208 1781 est
2232 1706 2455 1783 quidam
2493 1713 2548 1759 et
2581 1705 2811 1774 simplex
2837 1701 3033 1758 mentis
3053 1699 3359 1769 conceptio,
3391 1713 3514 1769 qua

244 1812 433 1865 omnia
460 1810 662 1882 publica
691 1825 796 1862 esse
820 1808 994 1872 vultis,
1036 1803 1377 1875 querentibus
1416 1801 1478 1854 iis
1506 1799 1573 1853 aa'
1620 1814 1745 1869 quos
1771 1798 1825 1850 id
1855 1803 1904 1881 β
1930 1800 1994 1854 ad
2026 1815 2113 1854 res
2145 1800 2327 1869 plures
2378 1799 2644 1868 pertineat
2679 1813 2709 1852 a
2736 1812 2795 1853 se
2834 1794 3433 1852 invicemvdiﬁ'erentes.
3456 1793 3516 1849 Id

246 1901 545 1972 pertinebat,
596 1900 721 1971 quid
742 1886 876 1954 esset
905 1898 1075 1977 littus,
1107 1899 1177 1950 ita
1226 1895 1458 1961 delinire,
1503 1907 1602 1962 qua
1639 1894 1827 1960 [luctus

246 1997 492 2051 eluderet.
529 1996 642 2049 Hoc
676 2006 749 2050 est
785 1996 930 2065 quasi
958 1994 1041 2069 qui
1070 1990 1461 2045 adolescentiam
1498 1991 1675 2057 florem
1700 1996 1830 2041 teta-

248 2092 336 2158 tis,
363 2101 668 2145 senectutem
709 2106 944 2144 occasum
991 2087 1104 2141 vita:
1132 2086 1251 2139 velit
1294 2084 1525 2151 deﬁnire.
1580 2081 1827 2141 Transla-

249 2183 385 2237 tione
410 2183 539 2236 enim
566 2192 732 2246 utens,
765 2181 1049 2235 discedebat
1066 2196 1097 2233 a
1119 2164 1279 2253 verbis
1309 2176 1530 2246 propriis
1552 2189 1742 2237 rerum,
1770 2188 1829 2226 ac

249 2273 377 2326 suis.
412 2273 560 2339 Quod
593 2274 660 2326 ad
708 2273 1032 2336 deﬁnitiones
1076 2270 1278 2334 attinet,
1309 2266 1582 2330 hactenus;
1629 2265 1830 2333 reliqua

192 2387 195 2390 ·
247 2364 531 2418 videamus.

294 2436 594 2525 ~Quoniam‘
618 2455 988 2511 deﬁnitionum
1040 2452 1239 2507 formas
1268 2450 1321 2505 in
1362 2448 1698 2518 partitionem
1746 2445 1830 2500 di-

252 2549 643 2620 visionemque,
679 2548 951 2603 distribuit
1001 2559 1334 2615 nequaquam
1386 2556 1568 2596 rerum
1621 2540 1833 2593 auditor

248 2642 601 2696 similitudine
632 2641 960 2704 turbaretur,
992 2637 1269 2691 divisionis
1318 2650 1380 2688 ac
1411 2631 1711 2703 partitionis
1734 2629 1849 2683 dif-.

248 2732 507 2786 ferentias
529 2733 725 2803 prodit,
762 2747 826 2786 ac
866 2732 1092 2800 primum
1124 2727 1267 2781 aliud
1298 2734 1497 2797 partes,
1522 2724 1664 2778 aliud
1706 2737 1831 2791 spe-

248 2824 363 2878 cies
385 2837 503 2878 esse
522 2824 875 2877 demonstrat.
902 2819 1123 2888 Species
1143 2818 1284 2872 enim
1315 2830 1459 2884 saepe
1483 2823 1678 2884 partes,
1713 2827 1835 2881 par-

248 2924 336 2969 tes
386 2927 517 2969 vero
568 2929 840 2983 nunquam
901 2914 1109 2981 species
1165 2908 1516 2979 appellantur.
1577 2906 1833 2961 Diﬁ‘erunt

249 3021 386 3061 vero
429 3006 543 3061 haec
569 3022 597 3060 a
627 3021 709 3072 se,
752 3005 1003 3075 quoniam
1036 3012 1213 3073 partes
1246 3004 1407 3056 totius
1435 3000 1672 3055 membra
1700 3013 1832 3053 con-

242 3098 508 3172 jungunt,
553 3098 759 3166 species
789 3111 918 3151 vero
952 3108 1121 3166 genus
1150 3094 1343 3148 dividit
1372 3103 1533 3162 atque
1558 3090 1829 3160 dispertit.

1937 1906 2066 1948 vero
2105 1907 2272 1961 genus
2310 1906 2432 1947 esse
2471 1890 2811 1945 manifestum
2852 1898 2965 1956 est,
2998 1888 3139 1959 quod
3177 1886 3517 1957 apertissimo

1932 1984 2098 2055 liquet
2128 1985 2398 2053 exemplo.
2426 1982 2685 2049 Animalis
2713 1982 2909 2052 quippe
2951 1980 3352 2037 intellectusad
3382 1978 3517 2047 aplu-

1930 2093 2019 2133 res
2056 2076 2383 2132 diﬁ‘erentias
2413 2076 2668 2144 pertinet,
2694 2073 2773 2139 ad
2806 2072 3068 2128 rationale
3106 2072 3312 2127 scilicet
3355 2078 3517 2140 atque

1933 2172 2263 2237 irrationale,
2297 2169 2376 2239 ad
2409 2169 2638 2225 mortale
2680 2169 2838 2224 etiam
2882 2176 3043 2236 atque
3087 2164 3410 2228 immortale,
3448 2162 3519 2219 ad

1932 2269 2282 2335 ambulabile,
2329 2268 2596 2337 reptihile,
2640 2265 2879 2331 volatile,
2929 2261 3180 2328 notabile,
3212 2269 3266 2317 et
3294 2269 3378 2316 est
3417 2275 3516 2315 eo-

1937 2377 2056 2415 rum
2084 2361 2324 2413 omnium
2356 2375 2472 2428 quae
2501 2358 2602 2412 sub
2635 2358 2719 2411 his
2763 2356 3079 2411 ditI'erentiis
3105 2354 3207 2408 sita
3237 2345 3383 2419 sunt,
3425 2365 3518 2421 ge-

1932 2467 2054 2507 nus.
2084 2451 2227 2506 Idem
2259 2465 2386 2505 vero
2417 2450 2685 2518 signiﬁcat
2726 2448 2840 2503 haec
2878 2448 3125 2502 deﬁnitio
3163 2446 3307 2516 quod
3347 2444 3514 2500 etiam

1935 2556 2110 2610 vetus,
2146 2545 2261 2598 haec
2300 2552 2382 2599 est
2409 2542 2710 2612 ltujnsmodi
2738 2559 2751 2596 :
2784 2542 2967 2597 Genus
3001 2552 3084 2595 εει
3111 2540 3255 2610 quod
3296 2539 3364 2593 de
3394 2538 3519 2607 plu-
3601 2568 3607 2578 ν

1936 2636 2085 2690 ribus
2125 2634 2305 2704 specie
2336 2633 2706 2688 diﬁ‘erentibus
2737 2632 2788 2685 in
2818 2646 2884 2687 eo
2912 2631 3056 2700 quod
3090 2631 3323 2705 quidest
3348 2674 3355 2679 .
3379 2642 3517 2699 pm-

1937 2733 2165 2799 dicatur,
2205 2733 2354 2788 velut
2399 2734 2626 2797 animal,
2659 2747 2827 2801 genus
2869 2730 2935 2785 ad
2982 2731 3161 2800 plures
3201 2745 3288 2785 res
3335 2728 3520 2798 specie

1938 2824 2268 2886 diﬁ‘erentes,
2302 2824 2353 2877 id
2385 2833 2468 2878 est
2504 2824 2573 2877 ad
2596 2823 2875 2876 hominem
2920 2832 3078 2892 atque
3108 2835 3333 2890 equum,
3370 2821 3420 2873 in
3451 2832 3520 2874 eo

1936 2915 2076 2983 quod
2102 2913 2230 2983 quid
2252 2898 2334 2967 est
2358 2915 2699 2983 praedicatur.
2750 2913 2880 2966 Nam
2910 2910 3363 2981 interrogantibus
3385 2911 3519 2981 quid

1936 3017 2018 3067 est
2048 3006 2210 3061 homo
2231 3006 2315 3061 vel
2352 3022 2543 3076 equus,
2574 3006 2773 3060 animal
2804 3006 3021 3061 dicitur.
3046 3006 3176 3061 Item
3204 3004 3395 3059 forma:
3424 3004 3520 3059 deo

1914 3084 2229 3153 'ﬁnitionem
2263 3098 2420 3152 talem
2457 3098 2622 3152 dedit.
2656 3096 2847 3151 Forma
2878 3106 2961 3152 est
3004 3098 3153 3151 notio
3180 3096 3334 3166 cujus
3362 3095 3518 3152 diﬁ'e-

246 3193 408 3260 Nam,
429 3193 743 3262 utsuperius
757 3207 972 3263 quoque
993 3190 1194 3245 dictum
1216 3197 1319 3254 est,
1343 3197 1523 3259 partes
1544 3187 1661 3257 ejus
1685 3184 1828 3256 quod
1854 3180 1902 3244 C
1934 3188 2104 3242 rentia
2126 3187 2191 3242 ad
2215 3197 2374 3257 caput
2394 3186 2626 3257 generis,
2650 3190 2801 3257 quasi
2834 3188 3055 3254 fontem,
3087 3188 3277 3243 referri
3306 3199 3509 3257 petest,

249 3287 506 3357 copulant
535 3302 640 3342 non
670 3286 1195 3355 snst'ipiunt'nomen
1240 3284 1419 3336 totius.
1481 3281 1661 3351 Neque
1692 3281 1836 3335 enim

247 3378 595 3433 fundamenta
618 3377 700 3432 vel
725 3384 921 3431 tectum
944 3376 1136 3453 domus
1159 3388 1283 3429 esse
1313 3374 1414 3427 dici
1440 3380 1685 3440 possunt,
1712 3385 1835 3424 nam

248 3472 355 3528 nisi
378 3473 703 3545 omniaquae
725 3470 852 3538 quid
880 3469 1117 3523 efﬁciunt
1134 3468 1315 3535 juncta
1344 3466 1471 3530 sint,
1505 3465 1665 3517 totius
1690 3476 1839 3515 voca-

246 3564 433 3620 bulum
464 3563 671 3631 singula
700 3575 804 3614 non
843 3560 1149 3624 habebunt;
1172 3567 1227 3611 at
1263 3572 1392 3610 vero
1420 3556 1627 3624 species
1676 3555 1836 3617 etiam

248 3658 475 3730 singula:
498 3657 712 3726 genenis
735 3655 1033 3723 suscipiunt
1060 3669 1277 3716 nomen,
1308 3661 1366 3705 ut
1385 3652 1546 3706 homo
1574 3650 1835 3709 animalis.

249 3750 372 3817 Quo
417 3747 497 3813 ﬁt,
527 3755 585 3800 ut
618 3746 672 3799 in
702 3745 782 3799 his
804 3745 892 3799 illa
919 3758 1130 3813 quoque
1154 3741 1447 3797 differentia
1478 3740 1643 3809 possit
1670 3752 1839 3811 agno-

250 3842 354 3907 sci,
386 3840 523 3910 qnod
562 3848 738 3908 partes
761 3836 973 3908 quidem
998 3878 1013 3904 ,
1034 3835 1207 3909 totius
1243 3842 1438 3903 partes,
1468 3833 1674 3901 species
1712 3845 1840 3886 vero

228 3949 362 3988 non
390 3934 570 3998 totius,
593 3932 795 3986 scilicet
824 3928 1139 3984 universalis
1158 3930 1255 3995 rei,
1289 3929 1339 3981 id
1369 3927 1696 3997 e.~tgeneris,
1720 3939 1842 3994 spe-

254 4022 368 4077 cies
391 4036 509 4076 esse
528 4022 799 4076 dicuntur.
830 4018 1016 4073 Diﬁ‘ert
1038 4033 1166 4074 vero
1206 4025 1373 4071 totum
1396 4032 1425 4070 a
1452 4031 1665 4085 genere,
1698 4015 1838 4085 quod

256 4128 429 4183 genus
469 4113 682 4182 quidem
728 4111 1027 4165 universale
1073 4118 1174 4175 est,
1224 4118 1390 4163 totum
1422 4123 1546 4163 vero
1596 4109 1839 4177 minime,

257 4203 402 4274 quod
431 4204 683 4273 probatur
721 4202 821 4256 hoc
851 4201 1029 4255 modo.
1076 4201 1130 4255 Si
1182 4200 1324 4254 enim
1383 4199 1433 4253 id
1484 4199 1625 4268 quod
1672 4184 1888 4268 totum

156 4298 176 4319 ⁹
260 4292 473 4355 dicitur,
505 4303 562 4347 ut
592 4293 803 4358 domus,
846 4290 1152 4346 universale
1191 4299 1353 4355 esset,
1406 4300 1584 4358 partes
1631 4304 1842 4358 quoque

263 4383 380 4452 ejus
421 4383 582 4438 totius
626 4384 964 4451 susciperent
1009 4395 1239 4447 nomen;
1285 4390 1339 4435 at
1390 4396 1496 4435 non
1524 4382 1840 4450 suscipiunt,

264 4484 322 4528 ut
363 4490 504 4545 saepe
554 4483 903 4529 monstratum
947 4480 1068 4541 est;
1117 4472 1259 4542 quod
1300 4473 1457 4542 igitur
1499 4481 1668 4528 totum
1724 4482 1839 4541 est,

1939 3288 1993 3333 et
2021 3288 2186 3333 recte.
2209 3269 2341 3333 Nam
2371 3281 2413 3334 si
2442 3281 2627 3336 forma;
2646 3295 2677 3334 a
2706 3295 2903 3348 genere
2925 3279 3279 3346 deducuntur,
3308 3282 3518 3351 species

1942 3386 2166 3428 necesse
2190 3384 2270 3426 est
2297 3371 2597 3427 referantur
2625 3372 2690 3425 ad
2719 3387 2905 3441 genus.
2931 3372 2986 3425 Si
3011 3371 3169 3441 igitur
3201 3372 3521 3440 principium

1941 3448 2207 3533 quoddam
2233 3474 2287 3517 et.
2318 3462 2435 3516 fons
2461 3462 2647 3516 formre
2683 3477 2850 3531 genus
2877 3471 2978 3527 est,
3006 3476 3228 3516 necesse
3250 3472 3334 3516 est
3360 3471 3420 3515 ut
3444 3461 3523 3529 in-

1942 3555 2186 3608 tellectus
2219 3555 2403 3607 formae
2434 3553 2501 3607 ad
2531 3554 2882 3622 primordium
2920 3566 3105 3618 suum,
3145 3552 3196 3606 id
3227 3562 3307 3606 est
3342 3552 3522 3607 notio-

1944 3660 2064 3699 nem
2091 3644 2333 3712 generis,
2378 3652 2699 3698 revertatur.
2746 3642 3052 3698 Intellectus
3100 3644 3241 3697 enim
3286 3644 3524 3701 hominis

1942 3736 2169 3789 refertur
2212 3733 2279 3787 ad
2322 3735 2552 3800 animal,
2598 3735 2830 3802 itemque
2890 3734 3014 3803 equi
3066 3744 3121 3789 et
3176 3742 3519 3789 caeterorum.

1943 3823 2222 3879 Notionem
2255 3839 2380 3879 vero
2414 3825 2646 3894 appellat
2678 3825 2818 3894 quod
2865 3823 3037 3880 Graeci
3068 3826 3257 3881 ἔννοιαν
3301 3825 3521 3893 dicunt,

1945 3915 2101 3985 hujus
2130 3916 2243 3970 haec
2264 3926 2345 3971 est
2374 3915 2613 3971 deﬁnitio
2644 3935 2655 3969 :
2685 3906 2944 3973 Notio'est
2969 3917 3126 3972 insita
3162 3916 3219 3973 et
3252 3929 3372 3972 ante
3401 3932 3523 3990 per-

1944 4021 2093 4080 cepta
2117 4009 2370 4080 cujusque
2398 4010 2585 4065 formae
2606 4009 2839 4080 cognitio
2874 4010 3211 4064 enodationis
3247 4009 3517 4078 indigens.

1910 4160 1916 4166 ,
1946 4102 2071 4156 Hmc
2101 4117 2227 4155 vero
2257 4101 2499 4156 deﬁnitio
2543 4102 2667 4156 hinc
2699 4110 2870 4156 tracta
2899 4112 3009 4167 εει,
3032 4100 3172 4171 quod
3203 4088 3352 4154 Plato
3375 4100 3524 4157 ideae

1946 4193 2198 4262 quasdam
2240 4208 2358 4247 esse
2390 4194 2652 4262 ponebat,
2695 4195 2748 4248 id
2790 4204 2871 4249 est
2920 4195 3126 4265 species
3175 4196 3526 4266 incorporeas

1907 4299 1914 4306 ·
1945 4285 2375 4354 substantiasque
2414 4295 2745 4350 constantes,
2773 4294 2828 4340 et
2856 4301 2950 4355 per
2982 4302 3040 4341 se
3071 4287 3141 4341 ab
3170 4287 3285 4342 aliis
3315 4299 3526 4345 natura

1947 4377 2153 4431 ratione
2188 4385 2486 4447 separatas,
2515 4388 2573 4432 ut
2608 4379 2707 4432 hoc
2750 4378 2922 4447 ipsum
2967 4378 3147 4444 homo,
3180 4382 3372 4450 quibus
3402 4397 3528 4451 par-

1946 4481 2225 4551 ticipantes
2263 4491 2474 4537 caetera:
2509 4496 2594 4536 res
2636 4482 2880 4535 homines
2913 4481 2997 4534 vel
3038 4481 3283 4535 animalia
3312 4482 3524 4538 ﬁerent.

265 4565 564 4619 universale
605 4580 709 4620 non
740 4573 843 4619 est.
887 4564 1069 4620 Genus
1098 4578 1226 4620 vero
1252 4564 1549 4619 universale
1578 4579 1697 4621 esse
1725 4581 1842 4621 ma-
1868 4557 1924 4620 Ῐ)
1953 4575 2022 4629 At
2061 4588 2193 4628 vero
2222 4574 2539 4649 Aristotcles
2567 4573 2741 4627 nullas
2780 4582 2930 4641 putat
2957 4581 3107 4627 extra
3132 4587 3251 4629 esse
3278 4575 3527 4630 substan.

192 4698 201 4705 .
262 4657 511 4712 nilestum
561 4667 660 4723 est,
713 4658 961 4728 quoniam
1003 4659 1120 4728 ejus
1168 4674 1363 4714 nomen
1408 4658 1649 4713 deductae
1679 4659 1746 4714 ab
1775 4674 1841 4715 eo

263 4751 448 4805 formae
471 4751 788 4819 suscipiunt.
817 4751 946 4805 Item
992 4751 1097 4804 alia
1124 4750 1440 4806 diﬁ'erentia.
1492 4750 1674 4807 Genus
1697 4764 1841 4807 sem-

263 4859 358 4913 per
387 4844 663 4913 speciebus
692 4820 801 4897 suis
835 4843 982 4911 prius
1009 4850 1113 4909 est,
1145 4852 1313 4900 totum
1340 4858 1470 4899 vero
1518 4845 1628 4898 suis
1669 4844 1842 4914 parti-

265 4936 362 4989 bus
394 4936 658 5005 posterius
687 4934 977 4989 invenitur.
1002 4934 1112 4989 Nisi
1136 4935 1279 4989 enim
1308 4946 1485 5004 partes
1508 4936 1725 5003 fuerint,
1756 4946 1842 4992 to-

266 5035 377 5079 tum
402 5041 507 5080 non
539 5034 713 5094 potest
741 5024 1012 5095 conjungi.
1042 5028 1157 5091 Quo
1186 5026 1243 5079 ﬁt
1270 5034 1329 5080 ut
1356 5026 1401 5080 si
1440 5041 1605 5097 genus
1636 5038 1841 5100 pereat,

267 5119 473 5185 species
501 5132 711 5187 quoque
744 5117 1103 5186 perimantur;
1136 5117 1178 5170 si
1208 5118 1414 5185 species
1443 5118 1692 5182 intereat,
1733 5136 1846 5175 ma-

266 5220 391 5265 neat
416 5226 584 5281 genus
612 5212 752 5281 quod
790 5212 842 5265 in
872 5212 1111 5280 partibﬁs
1137 5219 1355 5279 totoque
1386 5213 1710 5267 contrarium
1738 5224 1839 5270 est.

268 5300 398 5355 Nam
435 5304 477 5355 si
522 5318 642 5372 pars
671 5302 919 5372 qutelibet
943 5318 1043 5356 una
1071 5312 1271 5371 pereat,
1304 5311 1470 5357 totum
1515 5319 1735 5359 necesse
1764 5315 1847 5360 est

270 5396 491 5450 interire
517 5413 530 5461 ;
556 5397 599 5451 si
635 5412 761 5448 vero
791 5403 979 5457 totum,
1018 5394 1159 5464 quod
1193 5404 1369 5463 partes
1392 5394 1698 5463 junxerunt,
1731 5397 1845 5452 dis-

270 5487 494 5555 sipetur,
522 5498 697 5556 partes
722 5497 968 5542 maneant
990 5487 1291 5541 distributa).
1326 5506 1337 5539 :
1372 5490 1531 5543 veluti
1562 5489 1606 5543 si
1633 5491 1844 5557 domus,

275 5588 408 5633 tecta
432 5589 484 5633 et
508 5581 758 5647 parietes,
781 5588 832 5633 et
860 5579 1198 5632 fundamenta
1218 5594 1247 5631 a
1269 5580 1566 5648 semetipsis
1585 5582 1849 5638 extrinse-

272 5686 365 5725 cus
396 5673 566 5741 posita
590 5673 975 5742 intelligantur,
998 5673 1186 5725 domus
1207 5672 1418 5740 quidem
1449 5688 1554 5727 non
1576 5676 1696 5739 erit,
1721 5676 1846 5743 quia

273 5765 579 5836 conjunctio
590 5767 857 5823 destructa
873 5774 977 5834 est,
998 5773 1177 5837 partes
1192 5773 1367 5822 tamen
1387 5767 1694 5824 manebunt.
1718 5768 1848 5826 Pro-

1950 4668 2074 4733 tias,
2100 4667 2193 4721 sed
2222 4667 2544 4721 intellectam
2578 4665 2978 4720 similitudinem
3006 4665 3353 4739 plurimorum
3386 4669 3528 4723 inter

1950 4773 2008 4815 se
2036 4758 2396 4813 dilI‘erentium
2441 4758 2839 4813 substantialem
2895 4767 3063 4827 genus
3090 4767 3237 4826 putat
3267 4771 3406 4822 esse,
3442 4758 3527 4813 vel

1951 4852 2202 4921 speciem.
2229 4850 2358 4904 Nam
2391 4866 2509 4904 cum
2548 4850 2705 4903 homo
2749 4858 2908 4918 atque
2936 4863 3104 4919 equus
3144 4849 3393 4903 dilierant
3438 4863 3528 4903 ra-

1951 4942 2301 4996 tionabilitate
2329 4950 2488 5007 atque
2519 4939 2995 5002 irrationabilitate,
3029 4940 3219 4993 borum
3249 4939 3525 4994 intellecta

1951 5030 2241 5087 similitudo
2269 5030 2433 5085 efﬁcit
2460 5046 2647 5100 genus.
2681 5030 2809 5084 Nam
2847 5030 3141 5085 similitudo
3180 5031 3304 5099 equi
3345 5040 3400 5085 et
3428 5032 3527 5086 lio-

1948 5124 2107 5179 minis
2137 5123 2502 5177 substantialis
2533 5124 2584 5177 in
2613 5138 2678 5177 eo
2720 5133 2829 5189 est,
2858 5124 2997 5193 quod
3028 5133 3248 5190 uterque
3277 5124 3544 5179 subsuta-

1947 5216 2019 5271 tia
2046 5226 2155 5280 est,
2187 5223 2407 5283 uterque
2449 5214 2742 5278 animatus,
2788 5224 3008 5283 uterque
3054 5215 3351 5279 sensibilis,
3401 5230 3525 5284 qum

1945 5304 2130 5374 juncta
2156 5305 2391 5359 efﬁciunt
2420 5306 2646 5371 animal,
2674 5314 2760 5361 est
2794 5304 2990 5359 animal
3030 5318 3255 5372 namque
3284 5307 3525 5360 substan-

1953 5402 2023 5452 tia
2074 5398 2301 5452 animata
2354 5400 2641 5454 sensibilis.
2692 5398 2854 5468 Igitur
2912 5397 3141 5450 hominis
3188 5406 3345 5466 atque
3399 5400 3526 5468 equi

1952 5489 2246 5544 similitudo
2290 5499 2372 5544 est
2397 5492 2623 5555 animal,
2655 5489 2796 5558 quod
2826 5498 2907 5543 est
2934 5502 3120 5555 genus.
3164 5488 3365 5544 Rursus
3398 5505 3524 5544 cum

1952 5585 2103 5639 Plato
2144 5595 2303 5655 atque
2348 5586 2533 5640 Cicero
2580 5598 2803 5637 numero
2842 5582 3309 5653 accidentibnsque
3350 5584 3526 5639 dista-

1953 5687 2104 5743 rent,
2153 5679 2341 5732 horum
2391 5677 2704 5739 similitudo,
2747 5690 2863 5744 quae
2895 5684 2977 5729 est
3024 5676 3326 5733 humanitas
3367 5678 3524 5735 intel-

1954 5769 2089 5826 lecta
2120 5779 2278 5840 atque
2317 5768 2495 5823 animo
2521 5767 2780 5841 formata.
2825 5768 3032 5824 species
3071 5777 3177 5825 est.
3206 5768 3350 5840 Ergo
3378 5786 3525 5829 com.
