4036 6336
540 311 677 371 1107

1775 309 1881 369 stt.
1924 278 2129 368 usus.
2170 298 2320 371 εει.
2364 306 2583 368 socru

3675 312 3803 369 “08

541 421 774 476 munitas
820 418 1063 492 quadam
1126 424 1181 475 et
1246 408 1597 491 plurimorum
1646 420 1786 477 inter
1844 435 1901 476 se
1956 418 2111 476 diﬂe-
2144 400 2369 484 Aduris
2400 428 2559 488 atque
2589 428 2806 473 ornatus
2851 428 3057 477 ratione
3100 423 3388 493 perlicitur,
3433 424 3575 492 quod
3619 416 3794 494 poeta-

542 515 774 569 reutium
820 511 1113 568 similitudo
1159 510 1307 567 nullo
1341 522 1454 578 est,
1501 512 1653 581 cujus
1697 511 1926 566 nollonis
1973 512 2116 565 aliud

542 612 711 677 genus
752 612 865 669 cst,
908 604 1049 660 aliud
1094 604 1281 660 forma.
1316 604 1422 660 Sed
1464 608 1712 675 quoniam
1744 604 2000 659 similium
2038 604 2120 658 in-

541 697 835 765 telligentia
863 706 946 751 est
983 694 1156 751 omnis
1194 697 1360 761 notio,
1397 698 1449 751 in
1483 697 1642 752 rebus
1683 712 1809 752 vero
1854 694 2119 751 similibus

542 786 845 841 necessaria
885 796 965 841 est
1005 786 1425 843 differentiarum
1468 789 1752 855 discretio,
1799 788 1998 843 idcirco
2039 788 2121 842 in-

540 875 687 945 diget
729 877 901 932 adhuc
932 880 1081 933 notio
1117 878 1346 949 quadam
1379 880 1697 935 enodatiune
1730 895 1792 934 ac
1830 879 2114 945 divisione,

540 967 689 1021 velut
733 969 846 1038 ipse
873 969 1175 1026 intellectus
1204 972 1450 1027 animalis
1479 973 1577 1027 sibi
1609 970 1725 1041 ipse
1755 987 1860 1025 non
1900 970 2115 1024 sufiicit.

540 1056 672 1111 Nam
725 1072 845 1113 mox
894 1061 1103 1116 animus
1139 1058 1207 1117 ad
1255 1063 1469 1133 aliquod
1522 1063 1749 1127 animal,
1804 1062 1853 1116 id
1906 1073 1987 1117 cst
2032 1058 2119 1117 vel

540 1153 811 1206 hominem
845 1155 926 1208 vel
953 1170 1166 1225 equum,
1202 1156 1484 1211 deducitur
1514 1155 1911 1225 inquirendum,
1940 1165 1991 1209 et
2024 1158 2120 1208 lio-

538 1242 704 1298 minis
736 1249 883 1299 notio
924 1247 1009 1301 vel
1042 1246 1107 1300 ad
1154 1247 1418 1312 Tullium,
1453 1247 1535 1302 vel
1586 1247 1649 1301 ad
1701 1247 2001 1312 Platonem,
2031 1246 2118 1301 vel

539 1332 605 1387 dii
632 1335 923 1404 quemlibet
952 1337 1297 1408 singulariUm
1330 1348 1677 1408 personarum
1714 1338 1962 1393 refertur.
1989 1338 2119 1404 Qua:

532 1434 661 1479 cum
715 1426 785 1479 ita
836 1426 975 1493 sint,
1025 1429 1233 1496 quoties
1271 1434 1438 1500 gentis
1483 1428 1735 1484 dividitur
1787 1429 1838 1483 in
1887 1416 2115 1495 lormas',

539 1519 738 1572 nullan
789 1520 1123 1588 praetermitti
1165 1524 1452 1593 oportebit.
1488 1520 1585 1588 Est
1626 1523 1766 1579 enim
1811 1520 1994 1577 vitium
2036 1519 2121 1577 vel

540 1610 857 1675 maximum,
894 1610 936 1667 εἰ
966 1622 1068 1683 qua
1100 1614 1423 1671 dividentem
1450 1613 1621 1671 forma
1652 1622 1963 1685 praetereat,
2008 1612 2120 1670 vei-

540 1700 617 1752 ιιιὶ
651 1700 693 1754 »ἰ
720 1698 837 1764 quis
886 1702 969 1771 jus
1010 1702 1246 1761 dividere
1278 1705 1427 1773 velit,
1462 1705 1515 1762 in
1557 1706 1750 1778 legem,
1797 1712 2001 1760 murem
2040 1710 2120 1759 at-

2222 524 2340 565 rum
2369 521 2525 580 atque
2562 518 2830 565 oratorum
2856 527 2977 567 esse
3006 522 3277 578 autumat,
3308 514 3502 583 quibus
3532 514 3796 569 luculenta

2224 602 2394 656 oratio
2417 616 2559 656 curm
2601 612 2703 656 est.
2738 600 2904 673 Hujus
2934 602 3259 657 definitlmiis
3285 605 3598 673 exemplum
3627 618 3657 657 a
3684 604 3799 673 jure

2224 692 2364 746 civili
2393 693 2600 747 Tullius
2628 694 2791 763 petit,
2821 695 3000 763 aitque
3034 709 3094 749 se
3120 710 3226 749 non
3254 694 3412 749 aliter
3435 694 3506 748 ab
3536 696 3799 763 exemplis

2225 782 2524 837 notioribus
2563 782 2814 839 Trebatio
2855 798 3192 839 recessurum
3222 800 3379 854 quam
3419 788 3466 840 si
3513 787 3801 841 necessitas

2226 882 2402 944 rogat.
2448 875 2549 929 Per
2589 875 2992 931 translationem
3039 891 3168 932 vero
3212 877 3455 931 deﬁnitio
3496 886 3614 942 est,
3645 878 3799 930 veluti

2224 983 2344 1023 cum
2388 966 2655 1038 Aquilius,
2703 968 2851 1025 littus
2898 968 3125 1040 delinire
3167 970 3372 1033 volens,
3409 970 3626 1024 dicebat
3658 969 3800 1023 littus

2224 1074 2344 1115 esse
2374 1076 2479 1129 quo
2507 1062 2699 1116 ﬂuctus
2728 1060 2990 1116 eluderet.
3022 1061 3133 1117 Hoc
3171 1061 3390 1117 eludere
3417 1061 3485 1116 ab
3519 1061 3587 1115 iis
3631 1070 3799 1115 trans.

2226 1153 2390 1206 latum
2431 1162 2514 1208 est
2551 1154 2640 1224 qui
2690 1154 2980 1224 agitatione
3020 1154 3219 1224 aliqua,
3263 1164 3423 1209 causa
3473 1154 3645 1216 lusus,
3691 1172 3799 1206 inn.

2222 1252 2433 1297 ventur.
2466 1243 2700 1314 Itemque
2747 1244 3108 1300 adolescentia
3151 1252 3235 1300 est
3271 1244 3371 1299 llos
3412 1244 3613 1307 aetatis,
3658 1244 3709 1297 id
3741 1245 3799 1298 ab

2223 1334 2505 1390 arboribus
2532 1336 2749 1391 ductum
2787 1347 2897 1409 est,
2941 1352 3166 1417 quarum
3198 1337 3403 1392 fructus
3455 1337 3617 1392 nores
3667 1348 3798 1405 prm-

2224 1427 2444 1483 ceduut.
2480 1428 2547 1483 Et
2570 1438 2843 1497 senectus,
2875 1429 2996 1486 vitae
3036 1444 3280 1498 occasus,
3311 1430 3364 1485 id
3396 1442 3426 1485 a
3454 1431 3544 1486 die
3585 1431 3797 1485 ductum

2225 1528 2328 1588 est,
2363 1520 2454 1589 qui
2483 1519 2678 1577 desinit
2702 1536 2822 1578 esse
2849 1532 2968 1595 cum
3001 1523 3081 1579 soi
3107 1523 3401 1580 occiderit:
3430 1534 3550 1594 quae
3580 1522 3801 1578 transi:-

2226 1609 2403 1666 tiones
2436 1627 2463 1664 a
2499 1615 2824 1683 proprietate
2856 1612 3172 1680 discedunt,
3207 1620 3261 1670 et
3289 1614 3519 1685 quadam
3550 1610 3796 1669 similitu-

2224 1702 2350 1761 dine
2387 1703 2623 1775 subjecta
2665 1705 2897 1775 signant.
2945 1706 3035 1761 Est
3083 1704 3223 1763 enim
3274 1706 3553 1761 translatio
3593 1704 3802 1776 quoties

538 1796 646 1858 line
671 1793 971 1860 aequitatem
1003 1806 1221 1851 necesse
1250 1805 1333 1852 est
1363 1795 1637 1864 partiatur.
1666 1793 1799 1850 Nam
1828 1801 1883 1851 et
1910 1794 2025 1860 les,
2059 1803 2115 1850 et
2143 1788 2195 1853 Β
2220 1786 2465 1849 habentis
2508 1794 2585 1851 rei
2616 1808 2839 1861 nomen,
2870 1805 3089 1867 propter
3114 1795 3335 1853 alterius
3374 1794 3456 1853 rel
3494 1795 3802 1853 similitudi-

540 1890 681 1940 mus.
708 1889 759 1933 cl
789 1880 1033 1950 inquiras,
1074 1890 1127 1939 et
1170 1884 1408 1957 singula,
1456 1894 1509 1941 et
1554 1883 1610 1940 in
1636 1890 1941 1951 commune,
1984 1882 2121 1954 iuris

536 1968 799 2026 vocabulo
828 1972 1065 2043 suiijcctu
1108 1985 1253 2030 sunt.
1298 1975 1489 2048 Culpat
1527 1991 1661 2033 vero
1702 1975 1913 2032 illorum
1959 1976 2121 2031 insci-

546 2061 675 2116 tiam
726 2051 816 2133 qui
848 2064 987 2120 idem
1038 2072 1245 2135 spec'es
1275 2067 1355 2123 vel
1389 2066 1585 2123 formas
1612 2076 1802 2138 putant
1831 2074 1948 2124 esse
1981 2067 2122 2138 quod

539 2159 745 2224 partes,
774 2156 1188 2226 conturbarique
1217 2172 1309 2212 eos
1345 2156 1552 2213 inscitia
1593 2157 1753 2225 dicit,
1786 2158 1928 2229 quod
1972 2171 2060 2213 res
2088 2172 2118 2212 a

540 2256 607 2297 se
650 2243 936 2313 plurimum
976 2244 1285 2301 ditisrentes
1327 2249 1572 2317 imperite
1620 2260 1781 2318 atque
1826 2248 2123 2319 improvide

536 2332 871 2404 distinguere
908 2351 971 2392 ac
1007 2351 1293 2409 segregare
1326 2354 1428 2395 non
1475 2352 1684 2395 curant.
1719 2342 1824 2397 Sed
1870 2343 2120 2412 quoniam

536 2427 607 2480 de
635 2425 947 2484 definitione
983 2430 1317 2501 loquebatur,
1347 2434 1499 2488 addit
1526 2437 1683 2490 aliam
1711 2436 1943 2507 speciem
1991 2436 2121 2493 dell-

534 2518 777 2586 uitionis,
802 2535 961 2590 quam
995 2537 1093 2578 nos
1122 2525 1368 2593 superius
1397 2528 1852 2588 enumeravimus.
1877 2543 1995 2597 quae
2025 2543 2120 2596 per

536 2619 618 2665 tn
660 2611 942 2669 stationem
964 2624 1071 2669 nan
1089 2616 1431 2686 preprietatis
1449 2620 1813 2689 veritatisque,
1834 2621 1924 2674 sed
1946 2622 2118 2689 splcn-
2196 2636 2205 2647 ο

2228 1898 2383 1953 nem,
2416 1902 2446 1942 a
2490 1902 2549 1944 re
2591 1888 2750 1945 simili
2794 1902 2990 1946 nomen
3037 1887 3351 1960 imponitur,
3395 1898 3454 1944 ut
3494 1896 3675 1945 motus
3714 1888 3805 1944 lis-

2226 1980 2317 2035 bet
2343 1980 2612 2051 proprium
2639 1994 2855 2047 nomen,
2885 1981 3012 2037 item
3053 1980 3199 2037 lusus
3236 1994 3337 2037 suo
3374 1979 3641 2036 vocabulo
3668 1994 3804 2036 nun-

2228 2085 2471 2144 cupatur.
2500 2076 2603 2132 Sed
2629 2077 2718 2147 qui
2746 2075 2904 2145 dicit,
2940 2091 3041 2146 qua
3069 2076 3261 2133 ﬂuctus
3289 2074 3564 2143 eluderet,
3604 2086 3636 2131 ι
3663 2076 3808 2131 simi-

2228 2164 2453 2222 litudine
2483 2168 2785 2239 agitationis
2839 2168 2904 2224 ad
2936 2167 3188 2224 ﬂuctuum
3239 2179 3441 2224 motum
3487 2166 3809 2222 vocabulum

2232 2262 2501 2319 transfert.
2531 2265 2605 2318 Ac
2628 2262 2694 2319 de
2723 2262 3127 2319 deﬁnitionibus
3156 2262 3369 2332 quidem
3391 2260 3810 2331 disputationem

2228 2353 2544 2419 terminans,
2577 2354 2641 2407 ad
2673 2352 2987 2424 partitiones
3028 2353 3311 2411 transitum
3338 2353 3489 2409 facit.
3529 2350 3637 2408 Sed
3672 2365 3810 2405 nunc

2228 2444 2390 2499 tertio
2422 2444 2678 2500 volumini
2707 2446 2835 2501 satis
2864 2454 2978 2513 eat,
3020 2444 3225 2516 reliqua
3259 2445 3311 2501 in
3342 2455 3623 2516 posterum
3654 2441 3805 2499 dide-

2226 2548 2427 2594 ramus.

530 2728 657 2764 ἥ
812 2744 909 2762 Ι.
1118 2742 1277 2765 ..η
1588 2730 1645 2753 .’
1824 2748 1827 2751 -
2014 2752 2120 2768 Ι.

2226 2734 3793 2768 .—-———————.————_——‘

1737 2866 2027 2942 LIBER
2101 2862 2603 2957 QUARTUS.

616 3096 888 3167 Eiplicare
929 3106 1031 3157 limi
1064 3112 1300 3169 positum,
1345 3105 1417 3159 tui
1450 3104 1674 3170 Patricl,
1707 3114 1930 3175 quantas
1972 3121 2112 3175 sa'pe
2144 3106 2191 3171 Ω
2222 3102 2494 3169 'superiore
2534 3107 2781 3152 tractatu.
2815 3097 2962 3152 Nunc
3006 3112 3135 3152 vero
3160 3097 3227 3152 de
3262 3097 3494 3179 partium
3528 3112 3813 3152 enumera-

537 3192 590 3245 in
619 3188 915 3246 diiilcillimt
944 3195 1117 3263 operis
1142 3209 1300 3250 cursu
1330 3196 1473 3251 t'ires
1493 3195 1680 3250 ali‘erat
1710 3196 1958 3251 amicitiae
1986 3212 2115 3250 cun-

538 3278 838 3351 leaiplatiu,
876 3282 999 3336 cum
1039 3292 1092 3337 ct
1134 3284 1197 3338 iis
1222 3285 1514 3341 studiosius
1546 3298 1946 3354 componamus,
1982 3292 2115 3356 quos

538 3372 775 3452 reposito
805 3375 1015 3444 penitus
1038 3386 1222 3432 amore
1250 3374 1539 3446 diligimus,
1568 3382 1622 3432 et
1654 3378 1867 3446 placere
1898 3377 2119 3445 capien-

537 3463 683 3521 tibus
710 3469 870 3522 multa
898 3470 1019 3524 Sese
1055 3484 1232 3525 rerum
1264 3473 1427 3541 copia~
1460 3472 1853 3528 subministret.
1883 3471 1995 3526 lluc
2028 3486 2119 3527 ac-

543 3558 683 3614 cedit
733 3552 873 3631 quod
918 3571 975 3616 ut
1022 3568 1244 3634 quaeque
1294 3564 1347 3618 in
1402 3572 1637 3619 mentem
1686 3566 1929 3619 venerint
1970 3563 2115 3635 inju-

537 3650 710 3706 dicaia
748 3662 907 3723 atque
937 3656 1097 3709 ctiatn
1141 3656 1453 3727 ihcastigata
1505 3664 1836 3726 promuntur,
1876 3657 2118 3729 quando-

537 3742 748 3814 quidem
779 3747 915 3815 apud
941 3747 1051 3803 cari
1082 3748 1311 3818 pectoris
1337 3762 1604 3805 secretum
1630 3751 1761 3805 nihil
1787 3762 1868 3807 est
1893 3748 2115 3820 periculi

538 3836 775 3905 proferre
816 3837 957 3907 quod
998 3844 1219 3896 sentias.
1268 3838 1361 3896 Est
1401 3841 1560 3911 lgilﬂt‘
1594 3843 1759 3909 mihi,
1805 3860 1925 3898 cum
1972 3853 2116 3898 tuam

539 3928 963 3985 benevolentiam
1008 3938 1214 4002 specto,
1262 3940 1490 4002 pronum
1529 3952 1688 3991 omne
1714 3945 1895 4006 atque,
1941 3945 1998 3989 ut
2044 3936 2116 3990 ita

539 4019 746 4089 dicam,
786 4016 1184 4091 voluptarium,
1218 4024 1360 4098 quod
1407 4027 1480 4080 in‘
1502 4035 1603 4082 tua:
1636 4029 2003 4097 prmscriptum
2032 4025 2118 4097 ju-

540 4110 823 4167 cnnditatis
872 4116 1212 4183 impenditur.
1248 4110 1362 4183 Sed
1414 4134 1533 4172 cum
1577 4129 1775 4174 memet
1827 4119 1943 4188 ipse
1993 4135 2118 4188 per-

541 4198 735 4270 ficniiu,
763 4219 947 4258 rcrcur
975 4218 1042 4260 ne
1069 4207 1332 4276 imparato
1363 4208 1568 4265 muneri
1596 4226 1692 4282 par
1714 4225 1835 4265 esse
1862 4226 1965 4264 non
1996 4224 2120 4278 pos-

544 4287 680 4357 iiiin,
710 4303 758 4348 ei
792 4290 1089 4353 tléliclentis
1123 4299 1277 4369 culpa
1318 4302 1368 4353 in
1414 4301 1747 4354 adhortantis
1783 4300 1937 4354 cedat
1979 4298 2118 4366 inju-

544 4382 698 4436 riam.
743 4385 858 4451 Qua
914 4385 970 4440 lit
1007 4396 1062 4461 ut
1103 4388 1195 4442 tibi
1242 4391 1402 4444 ctiam
1441 4398 1600 4460 atque
1624 4388 1789 4443 'etiam
1831 4387 2119 4458 providen-

2224 3192 2371 3246 tione
2412 3190 2591 3244 dicere
2632 3188 2891 3253 instituit,
2922 3196 3119 3243 rectam
3166 3187 3369 3242 ordinis
3416 3189 3558 3243 viam
3604 3188 3814 3244 scilicet

2223 3281 2498 3348 insistens,
2530 3290 2584 3333 ut
2611 3294 2716 3333 non
2740 3281 2910 3332 solum
2940 3280 3185 3347 exemplo
3209 3279 3379 3349 qualis
3408 3289 3557 3335 esset
3580 3282 3810 3347 partium

2223 3375 2555 3431 enumeratio
2587 3371 2933 3442 perduceret,
2980 3384 3166 3425 verum
3217 3368 3426 3424 ratione
3467 3378 3691 3437 quoque
3729 3384 3812 3423 us-

2226 3466 2461 3521 tendere:
2513 3462 2779 3533 quomodo
2829 3462 3059 3531 partium
3109 3460 3515 3516 enumeratione
3560 3459 3615 3517 in
3659 3470 3812 3531 argu-

2225 3555 2642 3612 l‘ncntationibus
2670 3564 2813 3608 esset
2841 3553 3114 3608 utendum.

2299 3647 2586 3700 Partitione
2615 3657 2782 3699 autem
2813 3645 2885 3698 sic
2914 3646 3159 3699 utendum
3189 3653 3281 3706 est,
3307 3645 3505 3696 nullam
3530 3653 3585 3695 ut
3616 3653 3809 3715 partem

2223 3740 2502 3800 relinquas,
2538 3747 2588 3789 ut
2614 3736 2656 3789 si
2682 3737 2863 3806 partiri
2892 3737 3013 3788 vctis
3052 3736 3287 3801 tutelam,
3320 3735 3596 3787 inscienter
3627 3736 3811 3802 facias,

2225 3830 2271 3885 si
2301 3828 2460 3882 ullam
2503 3829 2880 3897 prwttrmittas.
2918 3808 2981 3880 Ᾰι
3018 3828 3061 3880 si
3107 3826 3517 3897 stipulationum,
3551 3834 3645 3878 aut
3673 3826 3815 3896 judi-

2227 3923 2421 3978 ciorum
2453 3923 2725 3992 formulam
2757 3923 2997 3991 partiare,
3034 3936 3135 3973 non
3169 3931 3239 3973 est
3277 3922 3453 3973 vitium
3490 3921 3548 3972 in
3594 3936 3657 3973 re
3698 3919 3813 3987 inﬁ-

2226 4019 2336 4072 nita
2367 4018 2743 4085 prtum-mittere
2770 4016 2983 4084 aliquid.
3025 4015 3177 4078 Quod
3207 4015 3338 4066 idem
3372 4014 3421 4066 in
3460 4014 3716 4067 divisione
3742 4013 3812 4064 ri-

2224 4112 2410 4163 tiosunt
2441 4119 2531 4163 est.
2569 4106 2876 4159 Formarum
2920 4107 3053 4158 cnim
3085 4117 3248 4158 certus
3292 4116 3365 4157 est
3410 4120 3681 4167 numerus,
3709 4118 3814 4171 qua

2230 4204 2411 4270 cuique
2456 4205 2625 4257 (teucri
2670 4200 3025 4271 subjiciuntur.
3068 4196 3302 4251 Pari‘lam
3343 4197 3642 4249 distributio
3684 4212 3813 4257 sirpe

2227 4302 2299 4345 est
2329 4293 2598 4357 inﬁnitior,
2640 4300 2884 4359 tanquam
2913 4290 3137 4341 rivorum
3176 4306 3204 4340 ο
3240 4294 3377 4356 [urite
3407 4288 3674 4340 deductio.
3713 4286 3818 4339 ltu-

2224 4396 2325 4446 utte
2354 4383 2404 4435 in
2450 4381 2687 4434 oratoriis
2727 4381 2920 4432 artibus
2960 4377 3252 4447 qutrstiouis
3294 4394 3472 4447 genere
3516 4378 3817 4448 proposito,

542 4472 671 4527 dum
715 4474 819 4537 sit,
860 4492 947 4542 nr,
996 4479 1100 4532 tuis
1141 4478 1255 4547 ipse
1295 4480 1534 4533 moribus
1581 4478 1915 4541 emendatus,
1953 4476 2123 4533 nostri
2152 4477 2206 4547 ι)
2232 4486 2349 4543 qua!
2400 4476 2509 4545 ejus
2548 4479 2724 4542 forma!
2766 4474 2895 4536 sint,
2944 4472 3268 4543 subjungt‘lur
3313 4470 3581 4533 αδδοιαιεξ
3621 4482 3675 4522 αι
3706 4486 3817 4522 tum

540 4561 765 4631 alicujus
819 4566 1018 4619 erroris
1072 4570 1335 4623 sarcinam
1389 4569 1547 4622 feras.
1601 4568 1747 4622 Nosti
1799 4569 2117 4624 oblatrantis

539 4667 754 4709 morsus
782 4656 1013 4724 invidias,
1044 4660 1187 4713 nosti
1217 4676 1375 4728 quam
1408 4658 1661 4713 facillime
1708 4660 1758 4711 in
1785 4658 2123 4714 difﬁcillimis

541 4746 717 4802 causis
746 4748 881 4803 livur
905 4750 1161 4818 judicium
1207 4746 1359 4807 l‘erat.
1407 4754 1600 4819 Quaeso
1630 4752 1788 4821 igitur
1816 4762 2113 4806 extremam

538 4846 722 4892 nostri
777 4842 923 4908 aperi
970 4856 1185 4895 manuni
1247 4844 1545 4899 communis
1592 4844 1790 4913 negotii
1850 4844 2118 4899 studiosus

541 4929 805 4996 imponas,
836 4931 974 4983 abun
998 4932 1158 4985 lautia
1190 4930 1430 4995 reseces,
1474 4935 1672 4989 hiantia
1702 4936 1986 5003 suppleas,
2031 4950 2118 4988 cr-

540 5030 649 5071 rata
694 5019 1081 5087 reprehendas,
1111 5022 1185 5075 sis
1214 5032 1486 5090 postremo
1524 5026 1695 5079 nostri
1755 5025 1950 5080 laboris
1980 5035 2117 5079 tua:-

523 5125 640 5176 «inc
667 5109 1056 5165 adhortationis
1085 5121 1339 5177 assertor,
1367 5129 1484 5165 cum
1521 5117 1814 5180 praesertim
1851 5131 1936 5171 me
1964 5130 2120 5169 secu-

539 5216 654 5253 rum
682 5214 955 5267 peractum
979 5202 1168 5257 reddat
1188 5203 1447 5270 officium,
1472 5214 1524 5260 te
1549 5208 1705 5261 amici
1735 5208 1904 5275 pudor
1929 5209 2120 5277 dignus

539 5293 706 5360 possit
746 5295 1058 5361 convenire,
1092 5297 1136 5349 si
1182 5297 1446 5363 displicet.
1482 5299 1585 5353 Sed
1634 5299 1746 5353 Ita'c
1788 5301 1938 5361 alias,
1977 5315 2120 5355 nunc

534 5384 715 5452 operis
743 5389 976 5453 suscepti
1002 5387 1273 5440 tramitem
1302 5404 1704 5457 persequamur.
1734 5390 1995 5453 Quoniam
2031 5390 2114 5441 io-

536 5488 722 5528 corum
766 5474 816 5527 in
852 5475 982 5544 ipsis
1022 5476 1091 5529 de
1129 5478 1321 5545 quibus
1353 5479 1610 5545 qumritur
1655 5480 1896 5532 terminis
1941 5481 2115 5533 iniim-

539 5565 769 5619 runtium
790 5609 805 5628 ,
835 5567 921 5620 alii
951 5579 1072 5621 sunt
1101 5584 1129 5619 ιι
1164 5579 1293 5629 tuto,
1327 5570 1414 5621 alii
1442 5583 1470 5621 a
1502 5570 1755 5636 partibus,
1784 5571 1870 5623 alii
1914 5585 1942 5621 a
1969 5582 2118 5636 nota,

541 5658 627 5709 alii
654 5672 721 5710 ex
760 5657 986 5721 affectis,
1020 5659 1087 5713 de
1114 5673 1181 5713 eo
1210 5659 1421 5726 quidem
1459 5661 1574 5712 luco
1603 5661 1691 5728 qui
1719 5676 1745 5711 a
1786 5670 1895 5714 tutu
1924 5673 2036 5727 est,
2066 5676 2121 5716 et

542 5746 939 5801 iudetiuitiuno
984 5758 1066 5800 cst
1105 5748 1447 5813 constitutus,
1498 5748 1830 5805 sufficienter
1867 5749 2126 5807 disseruit

2230 4568 2293 4620 tle
2336 4568 2641 4620 ornamentis
2680 4564 2944 4617 verborum
2991 4565 3451 4629 sententiarumque
3489 4563 3813 4631 praecipitur,

2226 4675 2340 4729 qua:
2379 4667 2620 4711 vocantur
2662 4662 2938 4727 σχήματα,
2969 4668 3067 4709 non
3118 4656 3177 4723 ﬁt
3215 4656 3366 4707 idem.
3423 4654 3521 4708 fies
3566 4656 3708 4706 enim
3751 4662 3821 4707 cst
3860 4652 3873 4663 ⁸

2226 4750 2496 4818 iit/mitior,
2531 4758 2583 4801 ut
2611 4762 2674 4801 ex
2712 4748 2803 4799 hoc
2832 4763 3032 4818 quoque
3070 4748 3382 4815 intelligatur
3419 4747 3559 4815 quod
3601 4748 3812 4799 velimus

2226 4841 2358 4893 infer
2374 4840 2691 4907 partitionem
2705 4850 2749 4891 et
2762 4839 2816 4890 di
2824 4840 3057 4891 visionem
3075 4839 3334 4890 interesse.
3355 4836 3669 4905 Quanquam
3690 4837 3815 4888 enim

2234 4930 2477 4984 uocabula
2509 4946 2665 4999 prape
2684 4930 2819 4981 idtm
2849 4930 3012 4981 valere
3042 4930 3325 4992 videantur,
3353 4938 3555 4991 tamen,
3590 4928 3715 4995 quia
3744 4941 3817 4978 res

2230 5021 2550 5086 diﬁcia-bant,
2584 5021 2792 5073 nomina
2822 5021 2971 5072 etiam
2999 5019 3190 5071 distare
3216 5023 3501 5071 coluerunt.

2302 5114 2505 5168 Sensus
2542 5112 2843 5181 liujusmodi
2875 5122 2973 5165 esu
3036 5110 3231 5166 Rerum
3262 5126 3332 5180 qu
3354 5130 3381 5160 ι’
3415 5111 3666 5177 partibus
3695 5126 3815 5163 con.

2225 5204 2541 5273 junguntur,
2581 5204 2697 5256 alia:
2727 5205 2939 5273 quidem
2975 5216 3166 5272 paucas
3188 5245 3201 5267 ,
3233 5206 3325 5256 sed
3374 5203 3528 5256 facile
3569 5204 3817 5270 intelligi-

2230 5294 2371 5349 biles
2417 5294 3031 5363 comprehensibilesque
3072 5304 3247 5362 partes
3276 5293 3494 5355 hebent,
3535 5295 3663 5347 alia:
3694 5308 3815 5346 rem

2229 5387 2410 5455 plures
2458 5387 2832 5456 intellectuque
2863 5386 3125 5441 difficiles.
3182 5385 3235 5437 ln
3270 5384 3352 5438 his
3382 5385 3543 5449 isitur
3574 5385 3815 5451 partibus

2229 5493 2349 5547 qua:
2378 5488 2499 5532 sunt
2530 5494 2709 5548 pauca:
2741 5494 2801 5532 ac
2840 5478 2996 5531 facile
3026 5477 3125 5531 sub
3156 5477 3559 5545 intelligentiam
3586 5478 3811 5539 cadum,

2230 5573 2316 5625 vel
2349 5573 2632 5625 maximum
2667 5572 2846 5623 vitium
2875 5580 2984 5633 cst,
3027 5571 3068 5623 si
3111 5570 3389 5639 partiendo
3417 5570 3619 5637 aliquid
3652 5571 3819 5623 relin-

2231 5672 2440 5728 quatur.
2512 5662 2565 5714 In
2619 5661 2700 5713 liis
2737 5676 2861 5714 vero
2896 5672 3142 5729 quat-mn,
3181 5669 3237 5713 ut
3277 5662 3387 5727 ipse
3429 5660 3525 5721 ait,
3558 5661 3822 5714 infinitior

2234 5768 2487 5810 numerus
2517 5766 2618 5822 est,
2666 5765 2717 5810 et
2769 5757 3038 5812 confusior
3070 5758 3371 5826 perspectio
3439 5757 3619 5811 minus
3662 5758 3821 5815 vitio-
