4036 6336
277 349 419 409 “09

1091 344 1160 403 IN
1195 342 1444 402 TOPICA
1483 339 1838 400 CICERONIS
1874 337 2393 401 COMMENTARIA.
2425 345 2566 402 LIB.
2609 343 2696 403 IV.

3407 347 3548 404 illo

261 484 390 524 sum
435 477 540 534 est,
582 467 630 524 si
666 480 771 539 qua
811 464 1138 522 dividentem
1181 479 1313 534 pars
1365 463 1416 518 in
1460 460 1860 516 enumeratione
1887 459 2234 528 Acupatur;
2302 463 2352 515 in
2407 463 2668 518 divisione
2698 463 2841 516 enim
2904 453 3148 517 vitiosum
3195 469 3279 517 est
3345 461 3544 530 aliquid

272 568 582 628 przetereat.
635 559 719 613 Fit
759 566 936 612 autem
981 556 1082 610 hoc
1131 569 1237 610 non
1281 554 1454 608 solum
1493 569 1588 622 per
1631 567 1723 607 eas
1772 565 1860 605 res

263 667 392 719 qute
432 650 701 719 aliquibus
727 648 967 719 partibus
1006 655 1273 710 constant,
1297 660 1482 700 verum
1525 643 1684 696 etiam
1714 657 1859 709 saepe

273 759 368 810 per
411 752 586 810 partes
631 743 774 811 ipsas
813 754 944 810 quas
989 739 1041 794 in
1081 737 1454 794 distributione
1494 737 1770 806 partimur.
1803 743 1859 789 ut

271 839 317 888 si
351 834 582 889 hominis
613 848 806 903 corpus
845 832 1070 887 velimus
1114 830 1384 886 intellectu
1427 844 1489 883 ac
1531 826 1734 882 ratione
1765 840 1859 896 per

275 927 506 996 propria,
539 927 779 982 membra
829 924 1173 997 disjungere,
1226 923 1482 978 faciemus
1531 921 1624 988 ita,
1673 927 1855 989 caput,

272 1019 550 1085 humeros,
597 1033 807 1084 tnanus,
856 1020 1149 1079 thoracem,
1191 1025 1452 1080 ventrem,
1501 1026 1652 1066 suras
1696 1021 1859 1080 atque

270 1110 463 1180 pedes.
517 1111 583 1164 Et
627 1110 878 1179 quoniam
925 1106 1156 1178 majores
1205 1113 1382 1174 partes
1427 1103 1750 1170 sumpsimus
1791 1100 1857 1154 ad

265 1191 644 1270 dividendum,
690 1202 888 1256 idcirco
933 1199 1060 1254 nihil
1097 1197 1511 1269 praetermissum
1556 1211 1676 1250 esse
1713 1194 1860 1250 vidc-

261 1305 382 1360 ινιτ
417 1305 469 1349 at
498 1295 542 1350 si
573 1293 959 1348 minutissimas
993 1291 1280 1361 particulas
1313 1305 1714 1360 persequamur,
1751 1300 1856 1342 tum

267 1390 416 1445 oculi
442 1403 674 1459 quoque,
698 1396 751 1443 et
774 1387 932 1450 labia,
963 1394 1017 1441 et
1047 1399 1224 1450 nares,
1256 1395 1415 1454 atque
1441 1399 1620 1450 aures,
1650 1397 1861 1436 earum-

270 1495 378 1552 que
405 1489 582 1551 partes
615 1475 997 1547 persequendae
1038 1486 1180 1538 sunt,
1213 1474 1370 1542 idque
1416 1475 1466 1527 in
1501 1483 1610 1527 toto
1634 1487 1860 1541 corpore

271 1575 573 1632 faciendum
605 1583 709 1639 est,
741 1572 1039 1644 eodemque
1068 1569 1230 1625 modo
1259 1569 1529 1624 diflicilior
1559 1569 1662 1622 erit
1691 1567 1860 1636 parti-

257 1659 372 1732 tio,
404 1681 522 1720 cum
551 1663 620 1719 sil
645 1663 873 1734 partium
903 1676 1156 1716 numerus
1187 1657 1463 1713 inﬁnitior.
1491 1658 1646 1727 Saepe
1675 1659 1854 1724 etiam,

271 1765 336 1810 ut
371 1753 571 1810 dictum
611 1760 716 1820 est,
759 1767 845 1806 res
887 1753 1016 1820 ipsa:
1071 1750 1153 1804 his
1195 1750 1436 1818 partibus
1473 1748 1672 1819 juncta:
1714 1761 1856 1814 sunt,

1966 552 2405 620 prmtertnittere,
2453 553 2505 606 in
2555 553 2834 622 partitione
2886 552 3245 608 membrorum
3301 552 3546 607 minime.

1967 641 2038 696 Ita
2069 641 2369 710 exemplum
2401 636 2467 698 de
2498 643 2672 698 tutelis
2702 643 2749 698 ei
2783 644 3053 712 partitiOni
3083 643 3545 698 accommodatum

1966 735 2132 800 dedit,
2183 750 2300 804 quae
2340 743 2422 789 est
2447 734 2742 791 divisionis.
2792 735 2861 790 At
2907 735 2953 790 si
2991 724 3304 790 divisionem
3361 734 3544 800 facias,

1965 829 2016 885 id
2041 840 2121 885 est
2146 832 2433 884 formarum
2472 835 2506 882 'a
2537 845 2734 900 genere
2767 829 3131 900 partitionem,
3164 843 3428 883 summum
3461 835 3546 881 est

1967 920 2149 974 vitium
2180 919 2374 987 aliquid
2407 920 2836 990 praetermittere,
2876 921 3126 990 quoniam
3165 935 3284 972 etnn
3316 918 3382 972 sit
3425 917 3546 970 ﬁtti—

1967 1023 2049 1066 lus
2079 1011 2367 1066 formarum
2409 1025 2692 1073 numerus,
2727 1011 2770 1064 si
2803 1010 2925 1077 quid
2957 1010 3210 1064 omissum
3242 1011 3308 1063 sit
3329 1051 3342 1071 ,
3379 1009 3546 1062 insci-

1965 1105 2035 1158 tia
2070 1104 2372 1173 prtnteritur
2403 1120 2416 1154 :
2449 1112 2505 1156 ιιι
2534 1102 2576 1155 si
2609 1102 2870 1156 oratorias
2897 1103 3220 1172 quaestiones
3263 1103 3314 1156 itt
3348 1102 3547 1155 fortnas

1967 1195 2207 1249 dividere
2231 1194 2475 1258 velimus,
2508 1193 2746 1247 dicemus
2788 1207 3002 1248 omnem
3048 1193 3366 1247 rhetoricam
3399 1207 3548 1262 qua:-

1965 1302 1992 1342 s
2019 1287 2214 1354 ionem,
2244 1297 2335 1342 aut
2361 1286 2427 1340 de
2458 1287 2596 1339 facto
2619 1300 2767 1352 esse,
2793 1295 2882 1338 aut
2907 1285 2974 1340 tle
3003 1286 3254 1353 qualitate
3287 1284 3427 1342 facti.
3458 1294 3550 1338 aut

1967 1384 2034 1438 de
2063 1384 2299 1437 nomine.
2351 1383 2422 1438 At
2449 1383 2494 1436 si
2522 1381 2850 1435 locutionum
2883 1381 3077 1448 ﬁguras
3129 1377 3547 1432 sententiarum-

1967 1491 2070 1545 q-ze
2117 1475 2451 1538 distribuant,
2505 1491 2609 1528 non
2661 1474 2784 1537 erit,
2839 1482 2892 1526 ιιι
2937 1473 3136 1526 dictum
3186 1484 3286 1535 est,
3339 1472 3546 1532 vitium,

1973 1571 2200 1624 transire
2242 1569 2461 1637 aliquid,
2504 1567 2930 1637 quandoquidem
2979 1565 3359 1619 sententiarum
3411 1567 3548 1617 inter
3613 1615 3619 1622 ,

1969 1678 2027 1716 se
2072 1673 2230 1732 atque
2272 1661 2595 1715 locutionum
2629 1663 2808 1728 ﬁgurae
2850 1671 2903 1714 et
2943 1659 3290 1728 multiplices,
3325 1670 3377 1712 et
3405 1657 3547 1710 varia

1968 1754 2173 1808 ratione
2211 1751 2456 1806 diversae.
2507 1751 2600 1805 llic
2637 1766 2848 1821 quoque
2889 1751 3176 1818 ﬁgurarum
3223 1758 3400 1817 partes
3439 1764 3543 1800 non

275 1861 501 1915 quarum
543 1861 645 1898 non
685 1843 753 1898 sit
783 1841 952 1896 facilis
993 1842 1275 1909 inspectio,
1309 1850 1366 1893 ut
1397 1840 1438 1893 si
1471 1840 1590 1909 quis
1632 1840 1857 1907 stipula-
1887 1842 1938 1902 B
1970 1848 2040 1901 ita
2074 1847 2320 1901 videntur
2350 1847 2514 1915 accipi
2550 1861 2735 1915 posse,
2764 1845 3211 1914 quemadmodum
3246 1843 3424 1909 totius,
3457 1844 3550 1896 sed

275 1939 476 1990 tionem
508 1944 564 1990 et
585 1934 907 2004 judiciorutn
937 1931 1192 1986 formulas
1216 1931 1495 2000 partiatur,
1521 1932 1600 1986 vel
1626 1932 1785 1986 etiam
1815 1933 1860 1986 si

275 2027 472 2099 ﬁguras
500 2027 774 2098 loquendi,
807 2041 922 2096 qua:
953 2030 1212 2098 σχήματα
1235 2022 1408 2080 Graeci
1440 2035 1664 2088 vocant,
1693 2025 1860 2080 dividi

274 2136 497 2177 necesse
525 2121 612 2174 sit.
642 2119 736 2174 llic
766 2119 926 2187 igitur
956 2118 1003 2170 si
1034 2117 1158 2187 quid
1189 2117 1608 2186 przetermissum
1638 2118 1724 2182 sit,
1754 2134 1861 2172 non

273 2215 381 2270 ιτὶι
414 2214 599 2269 vitium
628 2213 925 2282 partientis,
955 2211 1077 2282 quia
1110 2211 1338 2280 partium
1371 2219 1556 2266 natura
1583 2210 1861 2280 multiplex

272 2307 476 2376 saepius
515 2304 758 2359 obtendit
797 2317 1058 2358 errorem.
1101 2301 1171 2356 At
1208 2302 1255 2357 si
1295 2302 1412 2370 quis
1440 2317 1606 2371 genus
1636 2301 1868 2374 dividat,

276 2397 638 2470 perniciosum
659 2404 744 2450 est
771 2394 1003 2464 aliquam
1025 2393 1304 2465 praeterire
1328 2391 1578 2460 formam,
1604 2394 1858 2470 quoniam

274 2464 584 2546 formarum
604 2487 750 2542 ﬁnita
779 2464 1049 2556 quantitas
1076 2493 1179 2542 est.
1235 2484 1366 2540 Nam
1407 2487 1529 2556 quia
1560 2464 1775 2554 semper
1807 2487 1859 2541 in

273 2583 604 2642 contrarium
636 2581 965 2647 dividuntur,
997 2587 1087 2636 aut
1121 2580 1238 2635 duae
1264 2588 1388 2634 sunt
1415 2593 1628 2647 semper
1652 2579 1862 2646 Species

273 2680 510 2750 generis,
549 2687 641 2733 aut
681 2681 808 2743 tres,
842 2683 898 2732 et
942 2684 1067 2730 tunc
1109 2682 1240 2739 tres,
1267 2687 1388 2728 cum
1427 2687 1490 2728 ea
1537 2671 1710 2736 tertia,
1742 2689 1862 2742 quae

273 2772 522 2836 sumitur,
553 2785 616 2826 ex
639 2768 1029 2826 contrariorum
1057 2767 1402 2834 permistione
1422 2765 1716 2836 perﬁcitur,
1735 2776 1789 2821 ut
1815 2767 1861 2822 si

271 2866 511 2921 colorem
528 2863 851 2926 dividamus,
875 2859 1162 2918 dicendum
1184 2868 1267 2914 est
1286 2859 1379 2914 ita.
1394 2855 1602 2914 Coloris
1620 2858 1760 2913 aliud
1779 2869 1862 2914 est

272 2959 476 3022 album,
507 2956 650 3012 aliud
679 2957 910 3028 nigrum,
941 2952 1084 3009 aliud
1117 2951 1372 3008 medium.
1425 2950 1592 3022 ldque
1621 2951 1858 3006 medium

272 3061 340 3102 ex
370 3047 476 3101 albi
505 3046 701 3101 coloris
725 3060 787 3099 ac
813 3043 945 3114 nigri
975 3043 1350 3098 commistione
1379 3041 1728 3110 conjunctum
1753 3051 1857 3108 est,

269 3139 516 3210 quamvis
556 3140 608 3194 in
640 3137 937 3208 quamlibet
965 3138 1126 3192 aliam
1170 3134 1367 3190 coloris
1409 3137 1642 3202 Speciem
1685 3144 1860 3189 trans-

1971 1950 2027 1992 ut
2099 1940 2308 2008 species
2361 1938 2571 2008 generis
2618 1955 2630 1989 :
2691 1952 3020 2006 unaquzeque
3073 1936 3211 1989 enim
3265 1936 3550 2003 ligni-orum

1969 2047 2088 2100 qua:
2117 2030 2335 2084 inﬁnita:
2364 2039 2508 2098 sunt,
2539 2030 2681 2084 velut
2714 2029 2893 2098 ﬁgura:
2922 2028 3183 2097 generalis
3211 2028 3418 2097 species
3447 2036 3550 2089 est,

1967 2123 2110 2196 quod
2160 2137 2444 2192 possumus
2485 2123 2783 2192 intelligere
2822 2137 2884 2176 ex
2919 2121 2998 2174 his
3042 2121 3218 2174 verbis
3252 2119 3548 2184 rhetorum,

1969 2219 2058 2272 ubi
2087 2218 2156 2273 de
2183 2217 2505 2272 elocutione
2531 2226 2808 2271 tractatur.
2866 2215 3034 2268 Nnilm
3079 2228 3306 2284 namque
3335 2223 3457 2266 sunt
3487 2214 3550 2266 li-

1965 2327 2219 2382 gurarum
2249 2289 2575 2380 partesqua:
2609 2310 3078 2378 ﬁguras-jungam,
3122 2305 3192 2360 ita
3241 2319 3298 2359 ut
3324 2305 3550 2374 singula:

1969 2404 2151 2472 ﬁgura:
2192 2417 2386 2455 nomen
2425 2401 2741 2455 universalis
2768 2399 2951 2468 ﬁgurte
2988 2414 3092 2452 non
3127 2398 3330 2467 possint
3359 2397 3552 2451 admit-

1968 2505 2102 2550 tere.
2147 2493 2250 2548 Sed
2294 2494 2451 2559 objici
2494 2493 2644 2547 nobis
2680 2501 2890 2558 totest:
2928 2493 2992 2544 Et
3029 2491 3297 2560 quomodo
3329 2489 3550 2546 inﬁnita

1919 2607 1924 2610 ·
1967 2598 2090 2643 sunt
2119 2587 2323 2658 ﬁgurte,
2349 2587 2392 2640 si
2423 2587 2632 2654 species
2655 2584 2816 2638 sunt?
2845 2585 2946 2639 Sed
2973 2584 3310 2652 respondebo
3337 2584 3547 2652 leviter,

1970 2677 2279 2733 Elocutione
2327 2685 2545 2740 mutata,
2596 2675 2814 2746 ﬁguram
2862 2691 3072 2745 quoque
3126 2675 3338 2740 mutari,
3387 2684 3547 2743 atquo

1967 2769 2166 2823 idcirco
2221 2768 2273 2822 itt
2333 2777 2596 2837 potestate
2651 2782 2770 2821 esse
2819 2765 3048 2841 dicentis
3097 2767 3291 2836 ﬁguras
3350 2768 3547 2829 facere,

1965 2874 2098 2930 quas
2120 2860 2164 2913 is
2185 2858 2273 2928 qui
2312 2865 2503 2912 traCtat
2548 2857 2783 2921 difﬁcile,
2839 2864 3125 2926 antequam
3176 2857 3321 2924 ῐὶηιιι,
3375 2867 3550 2926 potest

1965 2966 2285 3020 agnoscere;
2317 2949 2398 3002 lite
2429 2964 2554 3003 vero
2599 2964 2703 3002 non
2745 2948 3180 3004 substantialibus
3228 2949 3546 3019 quihusdam

1967 3042 2277 3097 differentiis
2333 3042 2755 3106 constituuntur,
2809 3039 2903 3094 sed
2957 3041 3134 3110 potius
3181 3039 3549 3094 accidentibus

1966 3137 2320 3202 exulicantur.
2375 3134 2528 3192 Unde
2559 3135 2615 3189 ﬁt
2654 3145 2709 3188 ut
2749 3146 2857 3190 tum
2897 3135 3199 3188 communis
3230 3135 3460 3188 nominis
3491 3134 3544 3187 iu

269 3227 493 3295 feratur,
525 3243 620 3284 seu
651 3225 926 3298 purpurei,
957 3241 1052 3282 seu
1081 3225 1253 3292 rubri,
1287 3239 1381 3280 seu
1411 3224 1616 3279 viridis.
1675 3224 1858 3295 Itaque
1889 3215 1936 3279 C
1965 3229 2380 3300 signiﬁcationes
2415 3227 2629 3299 partitio
2663 3227 2776 3281 ﬁeri
2811 3215 3069 3289 videatur,
3115 3241 3235 3280 cum
3268 3226 3434 3296 figura
3465 3223 3548 3278 di-

269 3320 314 3374 si
357 3319 461 3374 tale
505 3327 588 3374 est
626 3318 766 3388 quod
809 3318 1025 3385 dividis,
1071 3316 1316 3386 talesque
1358 3324 1485 3370 sunt
1515 3323 1693 3385 partes
1726 3331 1859 3386 quas

269 3408 336 3464 ad
365 3407 682 3464 divisionem
713 3409 901 3478 sumis,
933 3421 1064 3477 quas
1089 3421 1198 3462 non
1229 3397 1524 3461 difﬁculter
1555 3406 1857 3474 intelligen-

277 3502 348 3556 tia
401 3499 855 3572 comprehendas,
899 3499 1086 3554 vitium
1131 3498 1266 3563 erit,
1318 3498 1362 3551 si
1403 3497 1528 3567 quid
1574 3498 1855 3564 omiseris,

269 3591 416 3646 velut
444 3590 488 3647 si
521 3591 713 3645 tutelas
743 3589 1010 3660 partiaris.
1044 3588 1233 3642 Tutela
1261 3589 1457 3657 quippe
1487 3595 1717 3656 quatuor
1747 3586 1858 3643 fere

268 3681 446 3736 modis
471 3690 576 3746 est,
603 3689 694 3735 aut
719 3681 862 3736 enim
888 3695 984 3750 per
1005 3677 1481 3748 consanguinitatis
1502 3677 1725 3749 gradum
1753 3687 1855 3744 est,

267 3780 360 3828 aut
397 3781 708 3842 patronatus
741 3772 864 3842 jure
899 3770 1160 3835 defertur,
1204 3779 1294 3824 aut
1340 3777 1662 3825 testamento
1691 3771 1859 3840 patris

268 3873 415 3920 tutor
452 3864 686 3935 eligitur,
720 3871 814 3917 aut
841 3862 1030 3918 urbani
1070 3863 1319 3930 praetoris
1341 3860 1717 3935 jurisdictione
1744 3861 1856 3918 for-

269 3970 468 4024 matur,
499 3967 554 4013 et
584 3965 710 4014 sunt
737 3957 957 4013 forsitan
989 3949 1189 4025 plures,
1220 3955 1317 4022 sed
1362 3972 1504 4012 nunc
1549 3958 1666 4012 ista:
1711 3956 1858 4012 sufﬁ-

268 4053 436 4109 ciunt.
471 4052 565 4107 Hic
595 4053 756 4123 igitur
793 4063 849 4107 et
877 4065 1060 4121 paucae
1093 4059 1296 4120 partes,
1339 4061 1391 4106 et
1421 4050 1574 4106 facile
1613 4065 1859 4117 compre-

271 4143 588 4200 hensibiles.
635 4145 703 4197 At
737 4143 780 4197 si
810 4143 1212 4212 stipulationum
1255 4141 1512 4197 formulas
1550 4151 1605 4197 et
1629 4142 1860 4212 judicio-

271 4250 390 4292 rum
441 4234 901 4306 comprehendere
946 4235 1098 4302 velis,
1148 4234 1400 4304 quoniam
1447 4235 1626 4288 multa:
1673 4235 1724 4288 in
1776 4235 1859 4290 his

270 4321 450 4398 partes
476 4335 627 4394 sunt,
661 4342 766 4382 non
797 4325 901 4382 erit
927 4325 1179 4380 vitiosum
1221 4325 1266 4380 si
1310 4325 1435 4395 quid
1481 4326 1762 4392 omiseris;
1801 4327 1854 4380 in

270 4428 524 4489 promptu
542 4429 766 4474 veroest
782 4417 1088 4487 exemplum
1122 4416 1375 4486 partium,
1409 4416 1551 4486 quod
1578 4414 1646 4472 de
1676 4417 1858 4472 tutelis

270 4520 354 4568 est
395 4509 624 4577 dictum,
655 4509 824 4579 magis
865 4511 1008 4566 enim
1052 4517 1112 4564 ut
1146 4524 1314 4579 genus
1351 4509 1405 4565 in
1449 4509 1668 4576 formas,
1700 4523 1858 4580 quam

1966 3325 2185 3391 viditur,
2215 3323 2390 3392 potius
2416 3337 2573 3392 quam
2612 3321 2824 3394 generis
2863 3322 2915 3375 in
2940 3319 3178 3389 species;
3210 3318 3388 3371 omnia
3417 3333 3546 3372 vero

1964 3415 2259 3484 signiﬁcata
2329 3413 2584 3482 cujusque
2645 3411 2876 3465 nominis
2935 3409 3198 3463 divisione
3247 3406 3542 3473 includere,

1963 3511 2182 3565 difﬁcile
2222 3518 2336 3572 est,
2386 3508 2511 3577 quia
2561 3522 2693 3560 nova
2745 3506 3058 3575 plerumque
3109 3504 3399 3571 ﬁnguntur,
3445 3501 3543 3556 sed

1964 3617 2031 3654 ne
2059 3600 2108 3653 id
2132 3599 2344 3668 quidem
2373 3612 2550 3652 rerum
2580 3597 2716 3649 ratio
2741 3578 3018 3664 permittit.
3045 3593 3176 3647 Nam
3209 3578 3542 3662 unaquaeque

1965 3692 2132 3762 ﬁgura
2181 3689 2444 3759 generalis
2475 3688 2662 3754 ﬁgurae
2692 3689 2906 3740 nomine
2947 3694 3000 3739 et
3038 3684 3347 3739 deﬁnitione
3390 3700 3543 3738 com-

1962 3782 2338 3853 prehenditur.
2367 3779 2695 3848 Quocunque
2722 3772 2863 3834 enim
2894 3777 3052 3832 modo
3079 3775 3242 3846 ﬁgura
3270 3776 3544 3844 deﬁnitur,

1961 3865 2152 3930 eadem
2193 3873 2293 3928 erit
2341 3871 2580 3926 deﬁnitio
2643 3868 2799 3922 etiam
2870 3866 3290 3936 uniuscujusque
3339 3865 3544 3936 ﬁgurw.

1962 3955 2092 4034 Qua:
2123 3978 2208 4019 res
2263 3959 2935 4031 unamquamqueﬁguram
2993 3957 3310 4012 universalis
3364 3958 3547 4027 ﬁgura:

1963 4059 2199 4127 speciem
2246 4071 2366 4111 esse
2405 4054 2660 4109 declarat.
2719 4053 2950 4107 Univoca
2991 4051 3132 4105 enim
3177 4057 3301 4103 sunt
3339 4050 3548 4118 species

1964 4159 2020 4206 et
2044 4165 2231 4220 genus.
2264 4148 2367 4204 Sed
2395 4160 2474 4202 est
2504 4145 2632 4200 illttd
2665 4145 2860 4206 verius,
2889 4143 3229 4212 partitionem
3259 4141 3548 4211 ﬁgurarum

1964 4243 2030 4296 ad
2073 4242 2427 4294 elocutionem
2479 4238 2645 4306 ipsam
2679 4235 2911 4289 ΤυΙιευιιι
2946 4234 3212 4298 retulisse,
3243 4233 3394 4304 cujus
3427 4249 3549 4303 pars

1966 4331 2213 4402 qutcdam
2242 4339 2323 4386 cst
2353 4331 2538 4398 ﬁgura,
2574 4343 2676 4380 non
2721 4326 2944 4395 species.
2987 4325 3150 4378 Variis
3181 4324 3324 4378 enim
3367 4323 3548 4378 ntulti-

1967 4428 2299 4499 plicibusque
2367 4423 2548 4496 ﬁguris
2609 4424 2840 4478 elocutio
2905 4422 3167 4477 luculenta
3224 4422 3547 4479 contexitur.

1969 4520 2024 4575 Si
2067 4518 2185 4589 quis
2226 4517 2384 4587 igitur
2423 4515 2777 4570 elocutionem
2835 4512 3017 4584 partiri
3061 4512 3188 4567 velit
3232 4512 3284 4566 itt
3330 4513 3546 4583 ﬁguras,

270 4611 330 4658 ut
372 4611 544 4658 totum
588 4602 642 4658 in
671 4610 868 4672 partes,
904 4601 1064 4657 tutela
1100 4601 1272 4658 divisa
1310 4611 1412 4658 est.
1457 4601 1592 4657 Nam
1623 4601 1865 4672 sivcper

1974 4627 2080 4667 non
2107 4626 2276 4682 genus
2315 4610 2366 4662 in
2406 4608 2636 4678 species,
2680 4606 2773 4660 sed
2814 4613 2982 4660 totum
3019 4604 3221 4659 secabit
3265 4605 3314 4658 in
3346 4617 3548 4676 partes.

271 4694 795 4766 consanguinitatem
823 4694 895 4750 sit
920 4701 1088 4762 tutor,
1109 4695 1223 4750 sive
1255 4701 1566 4764 patronatus
1587 4694 1730 4765 jure,
1749 4694 1862 4752 sive

272 4787 486 4844 cteteris
527 4785 724 4854 modis,
756 4787 1020 4857 integrum
1071 4786 1249 4843 tutelze
1285 4787 1374 4857 jus
1401 4786 1581 4853 habet,
1624 4788 1764 4858 quod
1808 4789 1861 4843 in

271 4879 500 4952 singulis
536 4879 780 4951 partibus
821 4893 925 4934 non
965 4879 1102 4935 solet
1143 4880 1387 4947 evenire,
1435 4891 1491 4935 ut
1531 4880 1692 4954 totius
1724 4880 1862 4936 inte-

271 4987 431 5044 grum
479 4972 694 5042 capiant
739 4986 958 5028 nomen.
1008 4971 1114 5028 Sed
1157 4981 1214 5026 ut
1255 4975 1583 5029 conveniens
1621 4973 1866 5029 videatur

273 5063 606 5133 exemplum,
663 5063 1000 5132 requirenda
1028 5073 1152 5118 sunt
1194 5061 1328 5118 tales
1373 5064 1653 5118 tutelarum
1687 5073 1865 5134 partes

270 5173 392 5228 quae
411 5155 612 5228 junctae
639 5155 833 5212 tutelas
856 5154 1074 5212 efﬁcere
1104 5156 1328 5226 possint,
1354 5172 1458 5211 non
1491 5173 1608 5228 quae
1637 5157 1863 5229 singula:

269 5247 460 5304 tutelte
507 5247 724 5304 nomine
771 5247 1137 5319 designentur,
1184 5249 1324 5319 quod
1377 5251 1558 5304 nescio
1601 5265 1668 5304 an
1718 5252 1864 5321 quis-

272 5355 434 5414 quam
462 5337 812 5410 jurisperitia:
856 5339 1125 5410 professor
1167 5339 1300 5398 tales
1331 5341 1506 5395 tutelae
1535 5349 1713 5410 partes
1743 5343 1861 5398 edi-

271 5431 436 5484 derit.
469 5429 822 5486 Merobaudes
851 5444 982 5486 vero
1007 5429 1192 5485 rhetor
1221 5431 1292 5485 ita
1324 5430 1729 5501 Intelligendum
1759 5449 1860 5504 pu-

272 5518 427 5582 tavit,
458 5528 518 5575 ut
557 5519 611 5575 id
649 5518 792 5591 quod
835 5520 929 5586 ait,
957 5518 1250 5574 Partitione
1281 5519 1357 5575 sic
1386 5520 1642 5576 utendum
1672 5532 1774 5592 est,
1809 5533 1866 5578 ut

274 5611 476 5666 nullam
530 5621 741 5684 partem
796 5611 1196 5684 praetermittas,
1228 5611 1294 5666 de
1324 5612 1585 5668 divisione
1640 5614 1860 5682 dixerit,

273 5703 326 5760 id
375 5711 458 5758 est
496 5704 564 5759 de
607 5720 709 5759 una
753 5711 904 5774 parte
949 5705 1235 5772 proposita:
1276 5705 1592 5771 partitionis.
1632 5704 1763 5759 Nam
1809 5714 1862 5780 et

277 5795 473 5852 divisio
525 5805 579 5853 et
626 5811 722 5868 per
765 5795 1004 5854 membra
1049 5795 1396 5866 distributio,
1458 5795 1672 5868 partitio
1725 5811 1862 5854 nun-

1974 4703 2102 4770 Qua:
2132 4716 2252 4756 cum
2288 4700 2359 4754 ita
2400 4699 2526 4762 sint,
2574 4714 2641 4752 ex
2673 4696 2775 4752 hoc
2809 4711 3019 4766 quoque
3053 4703 3276 4764 apparet
3303 4695 3424 4766 quid
3473 4697 3550 4749 in-

1977 4793 2130 4849 tersit
2165 4793 2302 4846 inter
2331 4790 2645 4845 divisionem
2685 4790 3150 4858 partitionemque,
3183 4804 3302 4842 cum
3337 4788 3550 4857 partitio

1975 4883 2240 4941 interdum
2269 4883 2388 4937 talis
2418 4883 2507 4948 sit,
2538 4892 2594 4936 ut
2623 4882 2666 4935 si
2692 4881 2816 4950 quid
2845 4879 2897 4935 in
2926 4895 2987 4934 ea
3014 4880 3427 4948 praetermissum
3457 4880 3547 4946 sit,

1976 4977 2106 5032 nihil
2150 4975 2336 5030 afferat
2367 4973 2499 5028 vitii.
2579 4972 2779 5028 Divisio
2819 4986 2947 5027 vero
2977 4971 3267 5026 formarum
3301 4971 3418 5025 talis
3448 4982 3550 5038 est,

1974 5078 2032 5124 ut
2077 5071 2127 5123 in
2177 5083 2238 5123 ea
2291 5082 2399 5123 non
2443 5073 2602 5136 queat
2647 5063 2847 5136 aliquid
2895 5067 3011 5120 sine
3059 5065 3213 5132 culpa
3267 5063 3545 5133 pra-teriri.

1972 5160 2124 5230 Quod
2174 5159 2370 5214 factum
2413 5167 2515 5224 est,
2564 5167 2622 5212 ut
2665 5157 2788 5228 quia
2834 5173 2920 5214 res
2963 5155 3310 5222 differebant,
3338 5156 3548 5209 diversa

1972 5255 2134 5308 etiam
2175 5249 2434 5306 vocabula
2482 5249 2640 5304 rebus
2677 5250 2815 5304 inter
2853 5263 2911 5304 se
2936 5246 3257 5304 distantibus
3300 5246 3548 5301 videren-

1973 5359 2077 5402 ιιιΐ.

2042 5436 2212 5491 Multa
2259 5437 2412 5490 etiam
2451 5452 2512 5490 ea:
2548 5436 2805 5490 notatione
2846 5441 3138 5498 statuuntur,
3179 5452 3237 5488 ea
3272 5446 3346 5490 est
3376 5446 3550 5490 autem

1969 5544 2084 5582 cum
2113 5541 2174 5580 ex
2201 5529 2244 5579 vi
2278 5527 2493 5579 nominis
2541 5535 2892 5596 argumentum
2933 5521 3155 5590 elicitur,
3197 5543 3350 5598 quam
3379 5523 3550 5579 Graeci

1967 5622 2298 5694 ἐτυμολογῖαν
2335 5621 2615 5692 appellunt,
2661 5621 2714 5672 id
2749 5629 2820 5672 est
2859 5619 3056 5672 t-erbum
3095 5636 3157 5673 ea:
3183 5619 3332 5674 verbo
3362 5620 3546 5673 verilo-

1966 5717 2158 5786 quium.
2207 5713 2318 5767 Nos
2355 5726 2521 5767 autent
2559 5713 2826 5766 novitatem
2864 5713 2993 5767 verbi
3038 5731 3135 5767 non
3169 5717 3292 5768 satis
3323 5715 3430 5785 apti
3463 5715 3548 5784 {u-

1963 5806 2176 5878 gicnm,
2214 5821 2374 5880 genus
2411 5803 2508 5859 hoc
2535 5805 2842 5863 notationem
2883 5807 3226 5882 appellamur,
3271 5811 3391 5879 quia
3420 5819 3545 5866 sunt
