4014 6336
486 246 614 300 1111

1697 243 1805 297 ΛΝ.
1846 238 2052 294 MANL.
2094 237 2242 295 SEV.
2287 239 2509 298 BUETII

3597 237 3767 318 [me

484 365 630 416 verba
666 380 832 418 rerum
857 371 1007 417 notte.
1036 361 1211 428 Itaque
1237 361 1332 414 hoc
1353 361 1482 414 idem
1499 361 1791 413 Aristoteles
1815 359 2065 430 σύμϐολον
2091 357 2296 432 Apars
2329 357 2558 410 medium
2583 357 2864 426 Signiﬁcat,
2903 359 3111 412 tullium
3137 373 3264 413 vero
3297 357 3453 414 nihil.
3487 357 3553 411 Et
3582 358 3764 427 legiti-

484 456 730 524 appellat,
777 455 910 523 quod
935 453 1113 507 Latine
1151 463 1221 507 est
1266 463 1407 507 nota.
1457 453 1562 507 Sed
1605 469 1718 506 cum
1763 449 2109 522 intelligilur‘

481 551 606 616 quid
647 549 932 619 signiﬁcet,
987 549 1152 602 minus
1201 547 1537 600 laborandum
1571 558 1660 600 .est
1718 548 1780 600 de
1841 546 2064 598 nomine.

411 685 418 690 .
484 641 655 694 Multa
705 642 861 709 igitur
916 642 966 694 in
1026 639 1332 710 disputando
1380 640 1640 692 notatione
1694 639 1964 712 eliciuntur
2005 651 2067 689 ea:

479 733 646 792 verba,
671 743 722 784 ut
751 748 867 784 cum
895 732 1142 801 qrtteriIur
1178 731 1549 796 postliminium
1571 730 1691 798 quid
1719 730 1804 792 sit,
1829 743 1929 780 non
1950 728 2066 778 dico

449 832 592 888 'qute
621 825 720 876 sint
766 826 1084 894 postlimmii.
1133 824 1271 879 Nam
1313 825 1367 877 id
1409 825 1608 877 caderet
1646 824 1698 876 in
1746 821 2061 886 divisionem,

475 932 589 982 qua?
622 918 736 969 talis
767 927 836 970 est
867 933 885 970 :
926 915 1250 970 Postliminio
1297 918 1507 970 redeunt
1535 919 1661 979 hcce,
1695 917 1867 980 homo,
1898 916 2060 978 navis,

474 1010 646 1063 mulus
693 1002 1026 1075 clitellarius,
1073 1029 1264 1079 equus,
1311 1005 1441 1082 equa
1490 1029 1604 1083 qute
1651 1013 2064 1080 frenas-ccipere

474 1103 625 1158 solet.
671 1102 776 1157 Sed
815 1120 930 1156 cum
959 1105 1117 1172 ipsius
1151 1105 1448 1173 postlimiuii
1476 1107 1546 1157 vis
1575 1106 1842 1174 qumritnr,
1870 1114 1916 1157 et
1945 1119 2060 1156 uer-

475 1193 593 1246 bum
633 1197 795 1263 ipsum
832 1205 1058 1261 notatur,
1091 1197 1143 1250 in
1173 1214 1273 1268 quo
1295 1189 1510 1251 Servius
1539 1207 1709 1250 noster
1741 1201 1816 1264 (ut
1856 1194 2060 1267 Opinor)

474 1287 608 1339 nillil
645 1299 790 1357 putat
822 1306 928 1342 esse
957 1290 1239 1343 notandum
1269 1292 1370 1344 nisi
1402 1302 1534 1362 post,
1568 1301 1614 1344 et
1643 1292 1894 1344 liminium
1923 1291 2058 1344 illud

473 1379 858 1445 productionem
899 1398 1005 1434 esse
1043 1377 1202 1442 verbi,
1228 1382 1334 1435 uult
1370 1395 1424 1437 ut
1467 1384 1520 1435 in
1545 1384 1783 1451 ﬁnitimo,
1811 1383 2057 1453 legitimo,

471 1472 701 1523 teditimo
727 1489 831 1525 non
872 1474 1197 1545 plus-inesse
1246 1475 1422 1526 timum
1469 1491 1620 1542 quam
1670 1476 1722 1528 in
1772 1475 2058 1529 meditullio

495 1563 700 1618 ullium.
743 1565 1170 1630 Sc‘evolaautem
1215 1566 1436 1636 P.ﬁlius
1476 1570 1717 1639 junctum
1758 1577 1906 1636 putat
1952 1583 2060 1620 esse

471 1657 670 1707 uerbum
691 1697 705 1719 ,
744 1665 798 1709 ut
832 1657 895 1708 sit
924 1659 974 1711 in
1005 1675 1061 1711 eo
1091 1669 1135 1711 et
1172 1669 1307 1728 post,
1341 1668 1386 1712 et
1417 1660 1590 1722 limen,
1624 1670 1675 1712 ut
1704 1676 1819 1730 quae
1847 1675 1878 1712 a
1914 1659 2057 1713 nobis

2175 464 2316 500 mum
2343 458 2396 502 ct
2419 449 2710 503 mditimum
2741 435 3009 505 similiter.
3073 450 3127 504 In
3161 451 3399 521 utrisque
3451 451 3620 515 enim,
3677 451 3766 504 lex

2148 543 2266 621 Iibi,
2299 542 2440 598 mdes
2473 543 2562 609 ibi,
2589 543 2805 613 aliquid,
2844 545 3028 599 timum
3053 561 3181 600 vero
3203 543 3356 600 nihil
3415 546 3637 599 omnino
3666 543 3766 598 de-
3817 583 3826 624 ε

2171 637 2366 704 signat.
2424 635 2478 688 ld
2534 652 2662 690 vero
2711 652 2902 690 nmnen
2973 638 3114 706 quod
3164 648 3250 691 est
3311 623 3762 709 postliminium,
3813 627 3824 671 ί

2148 728 2395 800 ὃεονοιθ
2433 729 2490 782 Ρ.
2543 729 2680 797 ﬁlius
2729 745 2792 784 es
2823 729 3080 785 adverbio
3129 742 3250 800 post
3293 742 3347 784 et
3379 731 3563 784 limine
3613 737 3768 798 putat

2175 839 2296 878 esse
2350 826 2726 890 compositum,
2764 842 2886 878 nam
2930 825 3049 894 quia
3101 825 3166 878 ad
3209 825 3348 880 idem
3405 826 3570 878 lituen
3617 823 3766 892 quod

2149 917 2318 991 prius
2361 918 2577 985 reliquit
2632 918 2926 972 revertitur
2971 919 3014 972 is
3063 919 3153 987 qui
3199 913 3536 987 postliminio
3599 917 3764 986 redit,

2171 999 2373 1061 idcirco
2400 1023 2464 1061 ex
2495 1008 2734 1077 utrisque
2783 1009 3268 1091 signiﬁcationibus
3320 1009 3616 1062 arbitratur
3670 1023 3770 1064 no-

2153 1091 2290 1151 ‘men
2321 1115 2440 1153 esse
2497 1101 2877 1169 compositum.
2933 1100 3280 1170 Qtnecunque
3325 1101 3470 1154 enim
3522 1115 3552 1153 a
3605 1099 3770 1153 nobis

2167 1191 2464 1245 abalienata
2496 1191 2559 1244 ad
2586 1191 2790 1245 hostem
2847 1194 3189 1260 perveniunt,
3218 1207 3339 1245 cum
3390 1207 3419 1244 a
3479 1201 3674 1244 nostro
3703 1190 3771 1243 li-

2169 1288 2314 1341 mine
2368 1287 2618 1350 exierint,
2673 1288 2717 1342 si
2758 1297 2876 1356 post
2903 1287 2966 1341 ad
3014 1287 3153 1342 idem
3187 1288 3346 1342 limen
3394 1267 3771 1353 revertantur,

2168 1379 2508 1447 postliminio
2535 1379 2777 1434 redeunt.
2815 1379 3095 1447 Quomodo
3122 1380 3283 1436 etiam
3327 1379 3560 1432 Mancini
3603 1392 3769 1431 musa

2166 1471 2380 1525 delendi
2417 1481 2812 1541 potestrquem
2831 1487 2951 1524 cum
2987 1471 3210 1541 p0pulus
3249 1463 3528 1524 Romanus
3559 1469 3630 1523 ob
3667 1469 3768 1524 τω-

2168 1564 2268 1616 dus
2299 1565 2438 1617 male
2466 1564 2626 1617 ictum
2660 1563 2922 1626 dedisset,
2957 1563 3142 1618 hostes
3193 1578 3314 1617 eum
3353 1563 3636 1631 suscipere
3668 1577 3769 1615 no-

2165 1656 2350 1710 luere?
2397 1656 2488 1725 qui
2517 1671 2638 1710 cum
2671 1671 2922 1710 reversus
2957 1664 3121 1720 esset,
3158 1655 3489 1724 postliminio
3532 1654 3769 1708 rediisse

469 1749 694 1802 alienata
737 1760 874 1819 sunt,
919 1768 1032 1803 cum
1074 1757 1140 1803 ad
1169 1753 1364 1806 hostem
1393 1729 1726 1822 pervenerint,
1774 1761 1820 1804 et
1864 1769 1923 1804 ea:
1962 1768 2056 1805 suo
2086 1729 2133 1788 Β
2164 1748 2460 1803 videbatur.
2489 1747 2690 1802 Idcirco
2735 1748 2857 1817 quia
2915 1749 2962 1802 si
3009 1764 3132 1803 cum
3189 1748 3370 1803 hostes
3423 1746 3768 1815 recepissent

471 1852 711 1910 tanquam
752 1845 922 1897 limine
963 1847 1199 1917 eag'erint,
1239 1845 1358 1899 hinc
1387 1863 1455 1911 ea
1501 1862 1616 1898 cum
1661 1847 1900 1898 redierint
1946 1857 2056 1912 post

471 1936 536 1984 ad
571 1935 701 1987 ident
732 1937 902 1999 limen,
936 1937 1250 2008 postliminio
1288 1940 1556 1992 rideantur
1584 1939 1814 1992 rediisse.
1861 1938 1974 2004 Quo
2005 1940 2056 1992 in

471 2039 650 2094 genere
673 2028 822 2079 etiam
849 2027 1080 2081 Mancini
1106 2047 1262 2082 causa
1290 2031 1494 2099 defendi
1523 2039 1708 2098 potest,
1742 2028 2055 2096 postliminio

469 2116 694 2182 rediisse,
732 2120 959 2172 deditum
998 2138 1098 2174 non
1141 2138 1268 2188 esse,
1294 2123 1536 2190 quoniam
1573 2138 1675 2174 non
1705 2123 1772 2175 sit
1803 2117 2052 2190 receptus.

470 2208 608 2262 Nam
649 2227 807 2280 neque
846 2213 1184 2277 deditionem,
1219 2229 1378 2280 neque
1415 2213 1736 2266 donationem
1774 2212 1883 2265 sine
1910 2227 2058 2266 exce-

471 2302 643 2367 ptione
683 2303 900 2374 intelligi
933 2322 1094 2371 posse.

544 2393 667 2447 Post
694 2399 1157 2452 enumerationem
1183 2399 1412 2467 partium
1462 2407 1611 2452 recto
1639 2397 1825 2453 ordine
1854 2398 1923 2454 de
1953 2412 2052 2452 no-

473 2487 674 2543 talinuc
701 2489 1002 2559 perpendit.
1034 2491 1245 2545 Notatio
1272 2490 1436 2562 igitur
1467 2501 1548 2544 est
1578 2492 1790 2560 quoties
1836 2505 1898 2544 ex
1932 2497 2056 2543 nota

471 2582 644 2652 aliqua
671 2583 770 2648 rei,
795 2580 912 2654 qua:
942 2584 1099 2638 dubia
1123 2594 1226 2650 est,
1263 2585 1470 2653 capitur
1495 2592 1890 2654 argumentum.
1923 2580 2056 2635 Nota

474 2691 604 2730 vero
624 2687 706 2729 νει
730 2691 850 2746 quae
876 2692 988 2730 rem
1014 2693 1281 2746 quamque
1304 2676 1566 2747 designat.
1590 2677 1707 2743 Quo
1731 2676 1788 2730 ﬁt
1824 2687 1879 2730 ut
1901 2690 2060 2730 omne

477 2783 672 2822 nomen
707 2760 968 2832 uota'sit,
1023 2769 1222 2823 idcirco
1275 2768 1416 2838 quod
1462 2780 1639 2822 notam
1691 2770 1814 2822 tacit
1844 2781 1959 2821 rem
1992 2766 2060 2820 de

475 2877 576 2927 qua
607 2861 947 2929 prmdicatur,
975 2860 1026 2914 id
1060 2861 1402 2915 Aritstoteles
1442 2863 1695 2933 σύμϐολον
1744 2858 2057 2914 nominavit.

475 2949 860 3005 Exuotatione
910 2963 1087 3004 autem
1145 2952 1376 3004 sumitur
1434 2960 1804 3021 argumentum
1853 2950 2060 3020 quoties

475 3040 676 3107 aliquid
706 3058 772 3096 ex
802 3044 1096 3104 notatione,
1135 3041 1186 3095 id
1213 3051 1296 3096 est
1329 3042 1562 3097 nominis
1595 3041 2056 3109 interpretatione,

2105 1837 2110 1840 ’
2155 1844 2402 1924 deditum
2435 1843 2714 1908 acivlbus,
2765 1843 2974 1898 etiamsi
3029 1859 3136 1912 quo
3170 1842 3329 1896 modo
3377 1841 3448 1895 ab
3503 1841 3760 1894 hostibus

2163 1934 2459 2008 ellugisset,
2511 1950 2616 1991 non
2649 1934 2928 1990 videretur
2959 1934 3291 2002 postliminio
3335 1945 3623 2002 regressus
3667 1931 3766 2000 qui

2157 2027 2360 2096 judicio
2402 2026 2602 2081 civium
2653 2027 2799 2081 omni
2844 2025 3107 2081 libertatis
3144 2024 3266 2095 jure
3314 2025 3510 2079 luisset
3540 2033 3765 2085 exutus;

2161 2121 2257 2176 sed
2304 2121 2557 2191 quoniam
2594 2135 2693 2175 nec
2737 2119 3118 2190 deditio,',nec
3171 2119 3339 2184 datio,
3373 2133 3473 2172 nec
3511 2116 3764 2179 donatio,

2162 2223 2360 2285 praeter
2381 2214 2750 2282 acceptionem
2773 2213 2989 2270 videtur
3011 2227 3172 2282 posse
3199 2199 3522 2274 consistere,
3560 2209 3767 2262 idcirco

2158 2301 2251 2377 qui
2295 2323 2402 2362 non
2450 2308 2519 2362 sit
2563 2316 2867 2376 susceptus,
2901 2321 2969 2359 ue
2999 2303 3473 2382 deditusquidem
3529 2300 3766 2369 intelligi

2158 2383 2355 2470 possit:
2413 2399 2578 2460 Recte
2619 2414 2748 2468 ergo
2799 2399 3073 2452 Mancinus
3103 2397 3204 2466 'qui
3262 2410 3369 2448 non
3422 2392 3634 2448 deditus
3699 2393 3758 2445 in

2166 2491 2420 2556 hosﬁum,
2455 2492 2498 2545 si
2525 2507 2591 2547 ea
2644 2491 2722 2545 uti
2751 2490 2976 2558 vellent,
3039 2495 3362 2556 pervenerat
3413 2493 3766 2554 potestatem,

2156 2585 2212 2653 is
2233 2599 2353 2640 cum
2379 2584 2432 2644 in
2461 2565 2986 2653 patriamretneavit,
3022 2581 3144 2651 jure
3163 2578 3500 2660 postliminio
3524 2576 3768 2632 rediisse

2166 2675 2420 2731 defensus
2451 2685 2554 2730 est.
3047 2733 3051 2744 ,
3213 2665 3216 2670 ’

2159 2755 2168 2828 ί
2238 2768 2484 2838 Sequitur
2508 2768 2551 2821 is
2576 2750 2717 2820 locus
2737 2765 2822 2835 qui
2851 2772 3051 2818 constat
3090 2778 3152 2816 ex
3177 2762 3256 2815 his
3295 2758 3447 2814 rebus
3496 2772 3612 2827 qua!
3634 2772 3767 2827 quo-

2166 2861 2442 2914 dammodo
2489 2859 2690 2928 aﬂ'ectte
2717 2866 2835 2912 sunt
2860 2858 2926 2918 ad
2955 2856 3011 2909 id
3038 2853 3101 2909 de
3131 2839 3231 2925 quo
3259 2852 3562 2923 ambigitur,
3606 2865 3761 2918 quem

2168 2955 2322 3008 modo
2353 2955 2462 3008 dixi
2496 2955 2549 3007 in
2577 2954 2748 3026 plures
2773 2960 2941 3022 partes
2970 2949 3334 3028 distributum.
3355 2945 3519 3012 Cuius
3559 2945 3762 3010 primus

2168 3058 2243 3124 est
2269 3050 2409 3102 locus
2438 3063 2502 3101 ea:
2549 3047 2930 3124 conjugatione,
2973 3058 3127 3115 quam
3160 3040 3331 3096 (ἔνωεί
3380 3044 3635 3111 συζυγίαν
3681 3052 3766 3090 eo-

476 3134 762 3201 colligitur.
852 3133 1223 3202 lnterpretatio
1284 3150 1411 3188 vero
1466 3136 1694 3189 nominis
1762 3136 2060 3208 ἐτυμολογίας
2089 3113 2138 3179 c
2169 3123 2306 3206 cant,
2339 3141 2588 3210 ﬁnitimus
2625 3113 2909 3204 notationi,
2944 3113 3006 3192 de
3032 3154 3134 3208 qua
3183 3137 3336 3190 modo
3363 3135 3556 3187 dictum
3585 3143 3679 3194 est,
3711 3137 3768 3182 ut

479 3224 686 3287 Grmce,
722 3227 908 3280 Latine
932 3229 1290 3297 veriloquium
1316 3237 1676 3296 nuncupatur;
1705 3227 1894 3298 ἔτυμον
1916 3229 2059 3282 enim

479 3331 665 3373 verum
697 3317 980 3388 signiﬁcat,
1010 3319 1158 3392 λογός
1184 3317 1508 3374 orationem.
1539 3320 1644 3375 Sed
1669 3320 1792 3388 quia
1827 3320 1876 3373 id
1923 3323 2064 3374 veri-

479 3409 720 3480 loquium
769 3411 944 3465 minus
983 3411 1035 3466 in
1090 3427 1188 3467 usu
1221 3412 1390 3466 Latini
1428 3413 1695 3466 sermonis
1744 3413 2058 3479 habebatur,

478 3501 926 3571 interpretatione
954 3504 1190 3558 nominis
1219 3507 1546 3559 notationem
1580 3504 1780 3560 Tullius
1806 3504 2058 3578 appellat.

478 3593 555 3647 Ea
593 3605 675 3648 est.
706 3595 1031 3664 huiusmodi,
1082 3605 1134 3650 ut
1165 3596 1210 3651 si
1257 3611 1466 3665 quaeras
1505 3597 1630 3667 quid
1679 3605 1762 3652 est
1790 3597 2059 3666 postlimi-

477 3685 648 3738 nium.
684 3685 737 3739 ln
785 3701 887 3754 qua
921 3689 1224 3756 quaestione
1275 3701 1379 3741 non
1433 3687 1564 3741 illud
1609 3686 1820 3741 videtur
1863 3686 2061 3757 inquiri

477 3793 596 3846 qua:
625 3792 712 3847 res
736 3779 1064 3845 postliminio
1087 3788 1453 3851 revertantur,
1487 3779 1589 3832 hoc
1634 3775 1775 3834 enim
1820 3779 1874 3833 in
1917 3779 2062 3834 divi-

477 3873 686 3924 sionem
711 3869 945 3931 caderet,
979 3869 1028 3922 id
1052 3878 1134 3922 est.
1156 3885 1337 3923 earum
1369 3869 1607 3923 omnium
1633 3884 1810 3924 rerum
1840 3856 2062 3926 emine-

477 3962 739 4014 ratiouem
766 3975 882 4028 quae
917 3970 1034 4029 post
1067 3961 1268 4014 limiuio
1296 3963 1517 4016 redeunt
1553 3962 1868 4032 postularet.
1903 3952 2064 4016 Velut

481 4052 527 4104 si
559 4054 627 4104 ita
680 4051 920 4106 dicamus
952 4068 964 4102 :
1003 4051 1334 4105 Postliminio
1383 4053 1610 4107 redeunt.
1641 4047 1837 4119 bomo,
1887 4037 2061 4119 navis,

482 4143 658 4197 mulus
685 4143 1020 4210 clitellarius,
1055 4161 1247 4214 equus,
1275 4160 1407 4213 equa
1439 4162 1556 4214 qua:
1602 4145 1782 4203 frenos
1820 4148 2062 4216 recipere

482 4237 642 4301 solet,
681 4236 730 4289 id
760 4245 844 4291 est.
869 4237 1090 4305 domita,
1126 4254 1264 4293 nunc
1293 4251 1623 4294 enumerata:
1655 4251 1780 4294 sunt
1820 4255 1909 4295 res
1940 4254 2062 4310 qua:

481 4329 813 4397 postliminio
870 4339 1228 4384 revertantur.
1283 4333 1350 4386 At
1402 4347 1522 4385 cum
1574 4333 1713 4401 quod
1767 4333 1839 4386 sit
1884 4335 2059 4403 ipsum

477 4421 788 4489 postliminii
816 4420 906 4492 jus
954 4423 1228 4492 qumritur,
1285 4433 1460 4493 potest
1489 4439 1554 4479 ex
1613 4424 1780 4492 ipsius
1826 4423 2060 4479 nominis

2169 3237 2213 3290 si
2236 3251 2421 3304 aquam
2441 3235 2668 3308 pluviam
2691 3249 2803 3286 eam
2833 3233 2983 3309 modo
3010 3230 3407 3302 intelligeremsss
3434 3243 3590 3298 quam
3614 3225 3768 3277 imbri

2173 3323 2435 3381 collectam
2463 3325 2774 3389 videremus;
2799 3323 2992 3398 ueniret
3033 3321 3251 3387 Matius,
3277 3319 3386 3394 qui,
3413 3321 3542 3399 quia
3582 3318 3768 3386 conju-

2172 3425 2292 3490 gata
2347 3418 2498 3471 verba
2539 3426 2701 3489 essent
2741 3416 2912 3486 pluvia
2959 3423 3006 3468 et
3034 3401 3294 3486 pluendo,
3326 3412 3514 3465 diceret
3563 3424 3766 3463 onmem

2171 3526 2360 3580 aquam
2383 3518 2612 3581 aportere
2633 3509 2799 3563 arceri
2827 3506 3193 3580 qutepluendo
3225 3506 3482 3558 crevisset.

2243 3600 2378 3656 Cum
2411 3593 2583 3656 locum
2609 3589 2715 3670 qui
2747 3599 2875 3668 ipsis
2922 3597 2989 3652 de
3042 3596 3236 3665 quibus
3281 3597 3542 3666 queritur
3587 3592 3766 3647 iuba:-

2169 3675 2316 3750 reret
2359 3694 2410 3746 in
2437 3701 2664 3762 quatuor
2688 3687 3020 3744 ditl'erentias
3048 3702 3210 3757 supra
3236 3685 3532 3752 distribuit,
3565 3699 3596 3738 a
3627 3691 3762 3750 toto,

2173 3784 2242 3839 ab
2267 3783 2672 3858 enumeratione
2703 3779 2954 3852 partium,
2997 3795 3040 3852 ha
3071 3789 3217 3844 nota,
3237 3777 3317 3852 ab
3346 3775 3577 3856 alIectis,
3625 3787 3764 3852 Aquo-

2166 3875 2314 3941 niam
2361 3876 2654 3950 diligenter.
2705 3874 2774 3929 de
2803 3873 3166 3942 superioribus
3216 3862 3581 3950 tribuspaulo
3635 3878 3764 3923 ante

2171 3968 2441 4032 tractavit,
2476 3982 2616 4023 nunc
2639 3961 2890 4046 lqua'rtum
2919 3967 3116 4030 locum,
3149 3965 3307 4044 idest
3331 3964 3544 4028 allectat
3572 3977 3762 4032 perse-

2171 4061 2372 4130 quitur.
2407 4059 2474 4132 Et
2501 4059 2752 4130 quoniam
2808 4058 2957 4113 locus
3013 4058 3080 4112 ab
3130 4055 3336 4112 allectis
3385 4056 3442 4118 in
3492 4057 3763 4134 plurimas
3831 4075 3836 4078 -

2165 4150 2501 4228 ditlerentias
2529 4151 2852 4213 solvebatur,
2901 4163 3122 4219 quarum
3169 4148 3353 4223 prima
3381 4162 3412 4201 a
3457 4147 3761 4216 conjugatis

2171 4247 2446 4314 proposita
2476 4252 2580 4306 est,
2615 4243 2844 4309 prinmm
2897 4239 3156 4309 loquitur
3181 4239 3250 4294 de
3279 4239 3605 4310 coniugatis,
3638 4252 3760 4306 quae

2168 4334 2398 4390 multum
2427 4349 2456 4387 a
2483 4334 2761 4387 notatione
2791 4346 2896 4385 non
2927 4330 3202 4384 diﬂ'erunt.
3232 4329 3364 4384 Nam
3393 4331 3518 4410 quia
3550 4329 3760 4384 notatio

2173 4444 2238 4482 ex
2267 4428 2318 4482 vi
2351 4426 2581 4480 nominis
2613 4425 2858 4488 trahitur,
2885 4413 3466 4492 itemqueconjugatio
3506 4421 3758 4478 similitu-

478 4513 920 4584 interpretatione
975 4517 1246 4583 cognosci.
1306 4515 1644 4570 Postliminio
1707 4517 1852 4570 enim
1919 4497 2294 4575 reditbdine
2347 4501 2976 4592 vocabulicominetur,
3031 4515 3436 4594 aliquodiuter
3481 4529 3545 4570 se
3589 4512 3758 4569 veluti

477 4607 718 4674 quisquis
746 4615 932 4675 captus
959 4609 1023 4661 ab
1056 4599 1309 4663 bosribus'
1341 4607 1407 4662 ad
1439 4609 1664 4678 patriam
1703 4610 2054 4676 remeaverit;

479 4711 710 4766 namque
739 4695 862 4750 dum
894 4697 1256 4766 captivitatem
1286 4699 1519 4754 hostium
1547 4700 1766 4768 patitur,
1795 4691 1890 4769 jus
1926 4699 2058 4755 civis

478 4791 701 4855 amittit;
733 4789 910 4843 omnia
937 4805 1063 4844 vero
1083 4791 1201 4860 jura
1251 4791 1462 4861 recipit,
1517 4792 1562 4848 si
1596 4793 1924 4862 postliminio
1970 4809 2058 4848 re-

475 4889 734 4935 vertatur.
769 4880 909 4950 Ergo
933 4896 998 4935 ex
1023 4883 1296 4936 notatione
1327 4883 1560 4937 nominis
1583 4883 1652 4937 ita
1676 4882 1765 4952 jus
1787 4883 2060 4954 postlimi-

474 4971 545 5023 nii
579 4972 879 5026 clarescere
910 4982 1102 5042 potest,
1137 4983 1194 5028 ut
1214 4974 1336 5045 quia
1367 4989 1580 5045 semper
1623 4985 1743 5046 post
1771 4977 1824 5032 id
1845 4978 2056 5048 signiﬁ-

474 5073 625 5117 catur
649 5065 790 5130 quod
829 5076 972 5120 retro
1015 5063 1375 5137 relinquitur,
1429 5069 1744 5136 postliminii
1795 5071 2056 5126 vocabulo

473 5157 716 5226 quaedam
748 5159 988 5215 reversio
1019 5160 1368 5231 signiﬁcatur,
1396 5171 1454 5216 ut
1480 5163 1701 5220 Servius
1724 5165 1936 5235 probat,
1965 5166 2055 5236 qui

473 5263 536 5303 ex
591 5249 852 5306 adverbio
893 5262 1014 5321 post
1045 5252 1154 5306 vim
1199 5253 1430 5308 nominis
1477 5255 1882 5325 interpretatur,
1930 5258 2057 5312 reli-

469 5355 628 5411 quam
673 5342 919 5398 vocabuli
963 5355 1171 5414 partem
1214 5345 1636 5415 protractionem
1687 5361 1808 5404 esse
1856 5349 2056 5402 contir-

369 5415 380 5432 ’
468 5444 658 5495 maris;
692 5447 812 5486 nam
850 5435 902 5488 in
926 5449 991 5489 eo
1009 5435 1154 5503 quod
1183 5445 1266 5490 est
1285 5435 1698 5505 postliminium,
1723 5429 1786 5492 es
1818 5454 1883 5494 eo
1910 5438 2051 5507 quod

472 5532 590 5587 post
619 5524 824 5579 dictum
854 5535 936 5581 est
965 5527 1462 5594 interpretationem
1485 5531 1720 5583 nominis
1776 5530 1958 5595 sumit,
1990 5531 2055 5584 li-

473 5605 700 5669 minium
731 5632 860 5671 vero
887 5632 1218 5684 supervacuo
1262 5627 1411 5688 putat
1437 5633 1558 5674 esse
1597 5620 1933 5688 productum.
1970 5619 2050 5674 Ad

471 5703 662 5760 liortnn
687 5707 967 5764 notuinum
997 5709 1246 5782 formam,
1271 5710 1660 5778 meditullium;
1704 5711 1872 5783 prima
1905 5711 2050 5776 enim

2170 4597 2464 4666 conﬁnium
2519 4591 2721 4663 tenent.
2775 4607 2880 4662 Sed
2929 4608 3030 4662 hoc
3083 4591 3330 4684 interest,
3380 4591 3507 4674 quia
3550 4605 3756 4659 notatio

2172 4701 2510 4770 expositione
2542 4699 2794 4764 nominis,
2833 4697 3139 4770 coniugatio
3184 4695 3541 4750 similitudine
3597 4709 3756 4749 voca-

2170 4769 2363 4846 buli-ac
2385 4789 2719 4845 derivatione
2760 4787 3056 4857 perﬁcitur.
3107 4787 3175 4841 Et
3200 4769 3450 4856 quoniam
3501 4784 3676 4839 facilis
3703 4792 3756 4839 et

2169 4882 2446 4938 intellectu
2469 4890 2521 4936 et
2552 4890 2778 4937 tractatu
2807 4880 2956 4934 locus
2986 4889 3089 4946 est,
3127 4887 3331 4933 tantum
3387 4891 3592 4947 ponere
3639 4863 3754 4930 sui;

2169 4976 2282 5031 ﬁcit
2309 4977 2635 5045 exemplum,
2657 4973 2801 5045 quod
2839 4983 2924 5028 est
2971 4959 3278 5042 hujusmodi
3307 4989 3320 5023 :
3355 4973 3529 5042 _Aqua
3570 4969 3753 5042 pluvia

2163 5077 2385 5138 estquae
2411 5056 2644 5136 pluendo
2665 5062 2932 5136 colligitur
2958 5073 3031 5132 et
3069 5064 3292 5140 crescit.
3319 5109 3324 5114 .
3351 5049 3610 5130 Pluendo,
3627 5076 3752 5118 vero

2164 5149 2335 5234 atque
2371 5160 2546 5229 pluvia
2593 5158 2876 5228 coniugata
2931 5165 3076 5211 sunt.
3108 5156 3166 5210 In
3193 5155 3500 5232 unolenim
3523 5154 3748 5234 eode:

2164 5233 2271 5327 que
2301 5251 2566 5308 vocabulo
2591 5250 2835 5320 diversus
2853 5237 3138 5327 nominum
3173 5235 3451 5322 terminus
3485 5233 3746 5306 dilfereué

2165 5325 2295 5418 tiam
2326 5333 2471 5398 facit.
2519 5342 2648 5398 ltem
2686 5360 2698 5396 :
2736 5325 3166 5420 Juséestaquam’
3200 5339 3432 5410 pluviam
3465 5340 3663 5416 arceri,
3694 5335 3743 5392 id

2163 5444 2267 5498 est,
2302 5443 2357 5512 ut
2381 5434 2523 5512 siin
2555 5434 2779 5505 alicujus
2825 5419 2968 5510 agro.
2992 5433 3331 5508 pluviaﬂaqua
3361 5430 3664 5500 colligatur,
3693 5438 3746 5484 et

2159 5527 2215 5580 in
2237 5509 2459 5582 alterius
2490 5511 2673 5595 agrum
2705 5525 2932 5603 deﬂuat,
2954 5513 3122 5594 eaque
3152 5523 3314 5604 vicini
3371 5523 3616 5602 frugibus
3643 5537 3740 5576 no-

2159 5609 2328 5674 citura
2359 5625 2696 5682 concrescat,
2725 5625 2907 5672 arceat
2926 5599 3053 5672 eam
3080 5599 3192 5670 suis
3220 5599 3424 5694 ﬁnibus
3451 5616 3543 5672 ille
3571 5614 3657 5692 qui
3689 5611 3740 5664 id

2159 5695 2717 5782 sua‘putat'interesSe
2745 5723 2812 5764 ne
2833 5706 3078 5790 deﬂuat.
3106 5708 3162 5766 Si
3194 5693 3391 5788 ﬂuvius
3428 5705 3592 5777 igitur
3624 5693 3742 5776 plus
