4014 6336
454 313 591 371 1115

1678 312 1786 370 ΑΝ.
1830 310 2038 369 MANL.
2078 307 2230 369 BEV.
2273 307 2494 367 BOETll

3592 317 3733 375 {HG

456 436 525 491 ab
560 435 962 493 enumeratione
984 435 1211 506 partium
1236 433 1451 491 ducitur
1472 441 1866 503 argumentum.
1897 430 2040 499 Quo-
2070 427 2124 493 Α
2150 426 2596 491 Quemadmodum
2639 428 2681 482 si
2722 430 2773 480 in
2807 429 2927 483 urbe
2956 430 3017 483 de
3044 428 3230 498 ﬁnibus
3256 435 3605 489 controversia
3636 448 3730 501 est,

460 529 562 585 ties
583 529 725 584 enim
748 530 859 598 ipsa
887 527 1113 597 partium
1136 527 1540 581 enumeratione
1566 526 1764 581 utimur
1790 524 1856 579 ad
1884 538 2043 592 argu-

462 621 862 684 nientatiouem,
891 627 1017 673 tunc
1040 618 1108 672 ab
1132 618 1323 673 eadem
1356 608 1642 687 partitione
1668 624 2042 686 argumentum

464 718 689 765 tractum
716 725 838 765 esse
863 710 1110 777 dicimus,
1143 720 1199 764 ut
1229 709 1519 766 hoc‘modo
1546 728 1558 762 :
1586 708 1642 764 Si
1675 709 2041 775 fundamenta,

462 810 516 855 et
546 800 795 872 parietes,
820 812 873 857 et
897 811 1094 858 tectum
1120 804 1296 868 habet,
1334 812 1386 857 it
1413 802 1724 856 habitationi
1756 811 1839 855 est
1871 800 2044 857 desti-

462 902 617 947 natus
648 893 813 957 locus,
844 893 1033 948 domus
1058 904 1160 949 est.
1182 895 1297 963 Ipsa
1323 895 1481 965 igitur
1505 894 1786 964 partitione
1810 901 2041 960 utentes,

462 985 681 1039 domum
715 1000 835 1041 esse
876 986 1239 1054 probavimus.
1281 986 1503 1055 Quoties
1543 1001 1675 1040 vero
1710 985 1809 1039 sub
1849 998 2047 1053 genere

461 1074 661 1143 aliquid
709 1075 1081 1132 collocandum
1130 1089 1243 1141 est,
1274 1078 1566 1146 divisisque
1612 1077 1849 1145 partibus
1891 1077 2047 1130 alicui

463 1182 649 1222 eorum
678 1184 797 1237 qua:
829 1183 857 1222 a
882 1184 1075 1237 genere
1120 1169 1460 1224 deducuntur
1489 1169 1542 1223 id
1570 1168 1765 1243 dequo
1791 1169 2050 1237 queritur

464 1272 836 1328 aggregamus,
862 1270 918 1314 ut
946 1259 1045 1315 hoc
1074 1261 1231 1315 modo
1258 1279 1270 1315 :
1293 1262 1348 1314 Si
1371 1259 1686 1315 Ciceronem
1710 1260 1905 1314 animal
1930 1274 2051 1316 esse

467 1360 851 1419 monstremus,
879 1353 1125 1409 dicemus
1157 1357 1225 1407 ita
1260 1353 1470 1409 :Ontne
1510 1353 1708 1407 animal
1753 1361 1845 1405 aut
1885 1352 2051 1407 ratio-

467 1441 586 1496 nale
614 1451 717 1512 est,
750 1454 839 1498 aut
880 1444 1217 1507 irrationale;
1262 1445 1357 1499 sed
1400 1443 1591 1499 Cicero
1637 1442 1909 1497 rationalis
1946 1448 2049 1495 est.

469 1532 666 1587 animal
701 1534 860 1602 igitur
896 1544 977 1591 est
1004 1550 1019 1588 :
1051 1551 1153 1589 non
1194 1536 1480 1605 partitione
1520 1534 1716 1589 utimur
1747 1532 2055 1603 principali-

476 1632 556 1677 ter
582 1623 647 1676 ad
673 1634 1042 1697 argumentum
1069 1626 1522 1689 constituendum,
1547 1625 1641 1680 sed
1665 1624 1864 1680 idcirco
1885 1638 2055 1695 genus

470 1711 772 1782 divisimus,
807 1730 863 1770 ut
905 1717 954 1771 in
988 1716 1332 1786 unaqnalibet
1361 1717 1634 1772 divisione
1664 1716 1716 1771 id
1746 1716 1886 1786 quod
1918 1716 2055 1770 nite-

2144 518 2262 585 quia
2291 519 2419 587 ﬁnes
2455 520 2619 588 magis
2666 537 2906 591 agrorum
2948 522 3180 576 videntur
3222 538 3328 577 csse
3369 542 3527 594 quam
3566 528 3735 593 urbis,

2145 610 2333 678 ﬁnibus
2361 613 2594 681 regendis
2627 614 2851 684 adjicere
2894 614 3145 667 arbitrunt
3190 632 3291 669 non
3339 619 3542 687 possis;
3580 620 3653 673 sic
3694 621 3741 672 si

2145 715 2279 767 aqua
2326 702 2498 768 pluvia
2541 703 2593 755 in
2642 702 2765 757 urbe
2807 715 2968 768 nocet,
3018 708 3257 776 quoniam
3300 724 3381 762 res
3422 718 3530 764 tota
3574 713 3742 781 magis

2148 809 2391 862 agrorum
2412 804 2484 848 est
2512 811 2657 866 aqua
2686 795 2875 863 phwice
2903 800 3159 869 arcendis,
3192 801 3415 870 adjicere
3444 820 3548 856 non
3579 805 3745 871 possis

2148 885 2416 939 arbitrum.
2449 886 2531 939 Eat
2560 888 2737 942 eodem
2765 888 3119 944 similitudinis
3158 891 3268 946 loco
3306 895 3459 947 etiam
3508 898 3746 961 exempla

2149 986 2441 1043 sumuntur,
2466 986 2521 1030 ut
2546 976 2758 1033 Crassus
2788 982 2839 1034 in
2861 980 3084 1036 Curiana
3114 999 3272 1036 causa
3299 988 3546 1054 exemplis
3577 988 3747 1050 pluri-

2152 1070 2247 1124 mis
2278 1086 2397 1124 usus
2433 1080 2543 1143 est,_
2570 1087 2725 1141 agens
2764 1074 2826 1127 dc
2852 1090 2912 1127 eo
2940 1075 3028 1144 qui
3058 1084 3353 1129 testamento
3384 1077 3458 1130 sic
3488 1077 3747 1131 hwredem
3788 1132 3793 1137 ,

2152 1163 2477 1229 instituisset,
2506 1172 2560 1216 ut
2589 1165 2633 1218 si
2663 1165 2804 1232 ﬁlius
2836 1176 2985 1219 natus
3013 1176 3138 1220 esset
3175 1168 3226 1220 in
3258 1167 3427 1220 decem
3460 1170 3745 1231 mensibus,

2155 1255 2296 1323 isque
2348 1265 2576 1308 mortuus
2629 1257 2925 1327 priusquam
2970 1259 3021 1310 in
3066 1275 3211 1311 suam
3260 1262 3466 1312 tutelam
3508 1260 3746 1322 uenisset,

2155 1348 2405 1402 secundus
2436 1350 2595 1402 hwres
2630 1350 2977 1404 hwreditatem
3008 1351 3333 1418 obtinuisset;
3371 1369 3488 1421 qua!
3530 1369 3751 1405 (anime-

2156 1440 2372 1493 moratio
2399 1442 2747 1512 exemplorum
2774 1441 2956 1508 valuit,
2991 1458 3148 1510 eaque
3187 1460 3273 1496 vos
3308 1444 3361 1495 in
3390 1445 3751 1513 respondendo

2156 1532 2231 1584 uti
2261 1522 2481 1585 multum
2505 1533 2698 1588 soletis.
2730 1530 2886 1587 Ficta
2925 1535 3077 1588 etiam
3120 1536 3353 1602 exempla
3390 1534 3753 1587 similitudinis

2159 1625 2344 1679 habent
2370 1626 2491 1691 sint,
2520 1628 2609 1679 sed
2651 1643 2707 1680 ea
2747 1628 2968 1681 oratoria
3017 1627 3179 1696 magis
3221 1640 3335 1679 sunt
3370 1641 3527 1695 quam
3562 1636 3751 1689 vestra,

2160 1732 2452 1787 quanquam
2479 1718 2554 1770 uti
2583 1718 2737 1771 etiam
2765 1732 2852 1772 vos
2882 1718 3079 1783 soletis,
3110 1718 3200 1770 sed
3238 1716 3334 1770 hoc
3363 1716 3519 1770 modo
3543 1730 3563 1770 :
3587 1714 3757 1787 Finge

470 1801 660 1858 bamur
692 1806 974 1867 ostendere
1006 1818 1186 1879 posset
1223 1808 1444 1873 includi,
1484 1808 1535 1863 id
1577 1817 1660 1863 est
1688 1816 1745 1863 ut
1773 1806 1823 1862 id
1853 1807 1920 1863 de
1948 1822 2053 1877 quo
2084 1807 2130 1867 Β
2158 1810 2413 1880 mancipio
2450 1811 2675 1879 aliquem
2720 1810 2920 1865 dedisse
2958 1809 3012 1863 id
3052 1810 3190 1880 quod
3218 1808 3475 1878 mancipio
3504 1809 3623 1861 dari
3655 1824 3757 1861 non

472 1895 744 1952 dubitatur
773 1898 825 1953 iu
858 1899 1119 1968 assnmpti
1156 1899 1488 1956 continentia
1525 1900 1740 1970 generis
1784 1899 2057 1968 redigere-

473 1995 577 2053 tur,
626 1989 804 2058 itaque
851 1988 919 2045 de
952 2005 1018 2045 eo
1066 2005 1159 2059 per
1195 1992 1408 2060 generis
1447 2000 1689 2047 naturam
1723 1990 1856 2045 tides
1882 1989 2054 2043 ﬁeret.

472 2076 565 2133 Sic
601 2092 726 2149 ergo
768 2094 798 2133 a
844 2095 1040 2151 genere
1078 2080 1213 2139 facta
1257 2081 1644 2151 argumentatio
1674 2080 1795 2153 jure
1824 2081 2057 2136 dicetur.

474 2170 717 2242 Amplius
758 2172 831 2228 ita
876 2175 1106 2244 partium
1134 2175 1468 2230 enumeratio
1495 2175 1661 2230 totius
1690 2173 1905 2229 cl'licere
1933 2174 2062 2229 sub-

474 2267 729 2322 stantiam
757 2266 919 2334 solet,
949 2268 1064 2325 sive
1107 2268 1236 2322 illud
1279 2268 1580 2324 universale
1629 2268 1718 2334 sit,
1769 2276 1828 2322 ut
1866 2282 2057 2337 genus,

475 2354 588 2410 sive
618 2354 851 2427 partium
893 2356 1275 2427 conjunctione
1312 2358 1630 2427 completur,
1675 2368 1732 2413 ut
1764 2370 1951 2412 totum.
1993 2360 2065 2412 At

477 2459 607 2501 vero
634 2444 749 2502 haec
776 2446 971 2503 divisio
1001 2448 1214 2518 generis
1240 2450 1293 2504 in
1322 2448 1475 2520 cujus
1506 2458 1656 2519 parte
1696 2450 1946 2520 qualibet
1975 2449 2065 2504 illa

478 2551 570 2594 res
595 2538 663 2595 de
688 2554 792 2611 qua
818 2541 1161 2599 contenditur
1188 2541 1511 2598 includenda
1537 2553 1640 2607 est,
1671 2558 1777 2598 non
1803 2543 1853 2597 id
1877 2541 2066 2608 ellicit,

485 2640 545 2684 ut
579 2629 743 2686 totius
783 2633 1079 2690 substantia
1120 2636 1497 2704 constituatur,
1532 2638 1626 2691 sed
1671 2645 1726 2692 ut
1766 2636 1893 2691 illud
1925 2635 2070 2706 quod

489 2722 792 2793 approbare
826 2726 1115 2796 quaerimus
1161 2727 1295 2783 intra
1341 2744 1509 2800 genus
1553 2729 1867 2784 collocetur.
1899 2728 2070 2796 Quem

481 2817 964 2886 argumentationis
1004 2819 1221 2875 modum
1265 2820 1533 2891 imprimis
1579 2820 1651 2875 Μ.
1694 2819 1901 2875 Tullius
1942 2819 2076 2874 vali-

483 2904 610 2961 dum
641 2922 762 2964 esse
789 2909 1090 2965 conﬁrmat.
1126 2910 1218 2966 llla
1248 2912 1394 2968 enim
1435 2912 1616 2983 regula
1667 2912 1795 2967 satis
1837 2926 1962 2967 vera
1993 2920 2077 2966 est

483 3006 645 3067 atque
670 3000 993 3068 necessaria,
1020 3002 1147 3068 Quae
1166 3001 1234 3058 de
1257 3018 1458 3073 genere
1484 3002 1864 3073 pradicantur,
1886 3004 2074 3060 eadem

486 3091 553 3144 de
574 3090 765 3158 specie
791 3092 964 3146 modis
988 3093 1238 3148 omnibus
1267 3094 1568 3162 prmdicari.
1596 3094 1732 3150 Illud
1756 3109 1884 3150 vero
1905 3096 2073 3166 quaeri

2162 1910 2349 1971 potest,
2376 1917 2495 1954 num
2525 1900 2726 1955 idcirco
2752 1901 2807 1953 id
2837 1904 2949 1974 ejus
2979 1904 3170 1971 factum
3201 1908 3273 1954 est
3301 1899 3387 1969 qui
3415 1900 3757 1970 aceepit?Aut

2163 2009 2286 2047 num
2315 1994 2358 2046 is
2387 1994 2473 2064 qui
2503 1992 2759 2061 mancipio
2788 1993 2950 2053 dedit,
2983 1993 3043 2046 ob
3084 2009 3195 2046 eam
3233 2008 3337 2045 rem
3376 1986 3439 2045 se'
3478 1990 3759 2062 obligavit?

2166 2085 2230 2139 In
2259 2086 2353 2138 hoc
2380 2101 2560 2156 genere
2586 2085 2875 2138 oratoribus
2919 2093 2966 2139 et
3006 2085 3323 2156 philosOphis
3360 2101 3658 2139 concessum
3688 2096 3763 2139 est

2166 2189 2220 2232 ut
2249 2189 2387 2232 muta
2413 2180 2563 2232 etiam
2592 2179 2887 2249 loquantur,
2918 2187 2973 2232 ut
3004 2180 3192 2232 mortui
3227 2180 3290 2232 ab
3317 2179 3499 2251 inferis
3532 2180 3759 2234 erciten-
3830 2226 3835 2233 .

2168 2282 2270 2333 tur,
2300 2280 2353 2323 ut
2381 2272 2578 2341 aliquid
2611 2277 2752 2343 quod
2777 2273 2890 2340 ﬁeri
2926 2273 3069 2325 nullo
3109 2274 3259 2326 modo
3298 2274 3477 2343 possit,
3512 2275 3763 2343 augenda:

2168 2366 2241 2417 rei
2269 2366 2435 2434 gratia
2462 2367 2685 2432 dicatur,
2730 2375 2784 2419 ut
2832 2366 3142 2431 minuendae,
3173 2385 3287 2436 qua:
3326 2368 3605 2439 hyperbole
3637 2368 3764 2421 dici-

2172 2446 2369 2523 tur,'et
2417 2459 2578 2513 multa
2622 2458 2879 2512 mirabilia
2915 2461 3039 2512 alia.
3090 2460 3198 2513 Sed
3245 2461 3399 2513 latior
3442 2470 3518 2515 est
3555 2476 3763 2530 campus

2170 2547 2404 2614 illorum,
2421 2550 2611 2605 eisdem
2633 2560 2799 2604 tamen
2818 2566 2882 2603 ea:
2903 2550 3027 2604 locis
3053 2552 3132 2621 (ut
3157 2552 3434 2620 antc‘dixi)
3457 2563 3503 2604 et
3523 2552 3578 2604 in
3608 2552 3768 2605 maxi-

2176 2642 2271 2695 mis
2297 2651 2345 2695 et
2374 2644 2427 2695 in
2453 2643 2674 2696 minimis
2701 2644 3068 2712 quwstionibus
3109 2656 3414 2713 argumenta
3455 2646 3680 2709 ducunt.

2259 2734 2336 2788 De
2371 2733 2739 2787 similitudinis
2781 2735 2897 2789 loco
2938 2735 3098 2803 plane
3144 2745 3305 2804 atque
3325 2736 3577 2802 expedite
3603 2737 3770 2790 disse.

2152 2808 2153 2811 “
2181 2826 2307 2893 ruit,
2326 2839 2650 2894 omnemque
2666 2845 2692 2878 υ
2704 2826 2878 2890 peruit
2898 2826 3253 2890 intellectum,
3274 2825 3687 2879 similitudinum
3703 2826 3768 2879 di-

2180 2916 2368 2970 videns
2428 2914 2649 2981 formas,
2703 2916 3137 2985 praescripsitque
3189 2916 3531 2984 apertissime
3576 2916 3770 2987 quibus

2180 3011 2351 3079 magis
2380 3027 2448 3066 ex
2467 3011 2814 3065 similitudine
2835 3020 3149 3080 argumenta
3172 3011 3567 3080 contingerent,
3597 3010 3653 3064 id
3675 3020 3770 3075 est,

2183 3103 2515 3172 philosophis
2582 3112 2743 3173 atque
2808 3104 3162 3168 oratoribus;
3236 3106 3434 3157 etenim
3477 3104 3775 3159 similitudo

491 3180 721 3250 perutile
762 3190 867 3251 est,
911 3196 1037 3237 cum
1087 3180 1289 3253 aliquid
1341 3185 1408 3240 de
1454 3185 1862 3254 particularibus
1912 3188 2071 3242 rebus
2097 3181 2146 3244 C
2182 3193 2622 3262 persuasionibus
2643 3194 2856 3249 videtur
2884 3194 3329 3263 aptissima.Nam
3360 3196 3499 3264 quod
3532 3196 3583 3247 in
3619 3212 3775 3250 unam

487 3272 742 3342 probatur
780 3289 847 3330 ex
894 3278 1230 3346 superposita
1274 3277 1514 3348 proxima
1562 3279 1763 3347 specie,
1800 3287 1859 3333 ut
1898 3279 1943 3333 si
1975 3278 2077 3334 So-

487 3377 691 3424 cratem
735 3371 1052 3429 rationalem
1097 3387 1218 3429 esse
1272 3374 1651 3444 approbemus,
1703 3374 1954 3444 quoniam
2004 3375 2078 3431 sit

416 3519 424 3527 ,
489 3457 671 3529 homo,
703 3476 825 3518 cum
874 3462 946 3518 sit
984 3462 1149 3521 homo
1194 3464 1493 3534 rationalis,
1541 3475 1719 3521 utrum
1763 3480 1829 3519 es
1876 3480 2078 3536 genere

489 3566 556 3604 an
586 3566 649 3607 ex
679 3553 852 3609 forma
885 3565 1255 3626 argumentum
1295 3557 1514 3611 ductum
1560 3569 1682 3611 esse
1726 3555 2076 3611 arbitremur.

490 3641 622 3699 Nam
650 3644 695 3702 si
720 3645 963 3703 dicamus
990 3661 1056 3702 ex
1083 3662 1303 3717 genere,
1331 3649 1514 3704 ultima
1535 3648 1745 3719 species
1767 3663 1937 3719 genus
1956 3662 2080 3705 esse

493 3749 598 3789 non
628 3744 826 3804 potest;
850 3737 894 3791 si
923 3752 989 3792 ex
1019 3739 1222 3807 specie,
1249 3739 1645 3809 superpositum
1669 3754 1838 3807 genus
1865 3754 2081 3809 semper

491 3829 703 3895 species
738 3829 970 3898 probare
1007 3829 1302 3887 desiderat.
1350 3832 1605 3888 Socrates
1639 3848 1769 3888 vero
1803 3832 1890 3889 cui
1921 3833 2081 3888 (idem

495 3925 716 3987 praestat
745 3918 926 3987 homo,
949 3921 1203 3990 quoniam
1224 3923 1501 3978 rationalis
1523 3932 1626 3991 est,
1649 3938 1820 3994 genus
1850 3924 2082 3981 hominis

496 4022 602 4061 non
642 4017 743 4075 est,
769 4010 864 4065 sed
894 4010 1181 4093 dicendum
1223 4022 1306 4068 est
1338 4013 1590 4083 quoniam
1632 4014 1778 4070 velut
1812 4030 1842 4070 a
1880 4030 2084 4086 genere

497 4107 721 4156 tractum
747 4102 1014 4181 videbitur
1034 4116 1431 4176 argumentum.
1458 4106 1589 4163 Nam
1617 4122 1684 4164 ex
1708 4123 1907 4179 genere
1929 4108 2082 4179 quasi

495 4207 564 4247 cx
593 4196 886 4252 continenti
930 4205 1091 4268 atque
1128 4198 1397 4268 ampliori,
1430 4207 1486 4254 et
1519 4199 1586 4255 de
1618 4200 1919 4255 substantia
1946 4200 2081 4257 ﬁdes

495 4284 767 4354 praedicati
814 4287 1072 4347 ducitur:
1107 4304 1269 4361 quam
1317 4299 1518 4347 sortem
1560 4290 1630 4346 ad
1673 4306 1771 4348 sua
1812 4291 2081 4347 individua

496 4376 730 4445 speciem
758 4393 916 4436 nemo
954 4380 1165 4436 dubitat
1199 4381 1467 4452 obtinere,
1496 4396 1619 4438 nam
1643 4390 1702 4439 et
1724 4383 1964 4439 continet
1991 4398 2077 4453 ea,

496 4476 551 4522 et
575 4466 642 4523 de
672 4484 855 4526 eorum
884 4470 1183 4529 substantia
1211 4472 1554 4544 praedicatur.

2182 3286 2265 3338 vel
2293 3283 2473 3352 plures
2503 3294 2654 3338 extra
2678 3299 2795 3338 eam
2822 3286 2890 3339 de
2916 3300 3017 3353 qua
3041 3286 3303 3355 qumritur
3344 3300 3561 3339 causam
3585 3285 3778 3340 cadere

2186 3375 2345 3441 solet,
2383 3376 2540 3430 facile
2568 3376 2712 3430 credi
2740 3384 2918 3445 potest
2946 3378 2997 3429 in
3025 3391 3143 3430 eam
3174 3391 3387 3445 quoque
3431 3376 3499 3430 de
3532 3392 3636 3447 qua
3668 3392 3779 3429 am-

2187 3466 2383 3535 bigitur
2431 3469 2742 3522 convenire.
2800 3466 3005 3522 Idcirco
3060 3482 3126 3521 ex
3184 3466 3546 3521 similitudine
3597 3477 3779 3522 tracta

2182 3557 2675 3625 argumentationes
2741 3571 3003 3626 magnum'
3042 3555 3348 3611 oratoribus
3413 3569 3571 3609 usum
3643 3570 3779 3623 pr:-

2183 3656 2349 3713 stant,
2374 3646 2707 3716 philosophis
2737 3663 2981 3717 quoque,
3015 3648 3265 3717 quoniam
3309 3659 3415 3699 non
3447 3645 3501 3700 in
3535 3645 3778 3700 omnibus

2185 3740 2570 3811 quastionibus
2623 3741 3080 3796 demonstratione
3102 3749 3341 3807 utuntur,
3364 3740 3464 3795 sed
3492 3741 3779 3807 aliquoties

2186 3832 2495 3887 verisimilia
2525 3831 2808 3901 colligunt.
2824 3846 2930 3900 quo
2953 3831 3006 3886 id
3024 3832 3233 3886 {acilius
3254 3831 3615 3900 persuadeant
3636 3830 3780 3900 quod

2188 3923 2435 3978 nituntur
2481 3923 2772 3976 ostendere
2799 3961 2814 3985 ,
2864 3921 3156 3976 similitudo
3184 3935 3366 3977 rerum
3401 3935 3552 3988 saepe
3589 3930 3676 3975 est
3704 3920 3781 3974 in~

2189 4013 2451 4085 quirenda
2474 4052 2489 4077 ,
2522 4021 2684 4082 atque
2717 4012 2919 4066 idcirco
2967 4012 3115 4066 locus
3154 4026 3185 4065 a
3214 4008 3572 4065 similitudine
3604 4017 3781 4063 orato-

2189 4105 2342 4160 ribus
2390 4107 2624 4160 maxime
2649 4104 3103 4175 pliilosOphisque
3124 4103 3397 4169 conducit,
3428 4116 3539 4157 non
3605 4110 3781 4156 tamen

2189 4197 2343 4253 solis.
2366 4196 2568 4253 Omnes
2606 4197 2752 4252 enim
2776 4196 2877 4251 loci
2902 4204 3353 4251 communessunt
3381 4195 3646 4265 cujusque
3673 4208 3781 4247 ma-

2191 4290 2365 4356 teriae,
2393 4288 2487 4345 sed
2518 4290 2572 4344 in
2592 4289 2713 4343 aliis
2740 4290 2961 4345 uberius
2985 4286 3245 4352 incidunt,
3284 4287 3336 4341 in
3368 4286 3486 4341 aliis
3505 4287 3782 4354 angustius

2190 4380 2556 4436 inveniuntur.
2616 4380 2881 4449 Quocirca
2920 4378 3150 4449 cognitis
3170 4386 3332 4447 atque
3371 4386 3495 4431 ante
3520 4376 3783 4446 perceptis

2190 4472 2324 4527 locis
2349 4472 2673 4542 quaestiones
2702 4472 2831 4540 ipsa:
2874 4484 2995 4540 qua:
3022 4468 3390 4526 tractabuntur
3417 4468 3612 4538 quibus
3646 4467 3779 4521 locis

573 4558 881 4617 Similitudo
920 4564 1174 4636 sequitur,
1206 4578 1320 4634 qua:
1356 4563 1458 4620 late
1495 4571 1654 4634 patet,
1681 4566 1774 4620 sed
1804 4565 2086 4621 oratoribus
2112 4553 2168 4615 D
2194 4567 2480 4623 utidebeat
2525 4566 2780 4621 solertem
2803 4564 3041 4619 animum
3054 4562 3637 4632 poteruntadmonere.
3660 4560 3785 4614 0m—

498 4660 545 4703 et
584 4650 898 4723 philosophis
931 4655 1093 4726 magis
1121 4670 1274 4724 quam
1302 4653 1462 4710 vobis.
1500 4653 1615 4710 Etsi
1642 4658 1777 4712 enim
1807 4673 1979 4713 omnes
2008 4658 2087 4711 lo-

499 4742 545 4795 ci
582 4743 681 4797 sint
711 4746 935 4801 omnium
980 4747 1392 4816 disputationum
1423 4748 1494 4803 ad
1517 4760 1816 4822 argumenta
1846 4752 2091 4823 suppedi-

500 4837 681 4904 tanda,
711 4848 880 4894 tamen
919 4841 1037 4896 aliis
1066 4841 1495 4912 disputationibus
1535 4844 1884 4901 abundantius
1913 4863 2095 4903 occur-

497 4941 641 4997 runt,
669 4932 783 4987 aliis
823 4935 1112 5006 angustius.
1154 4932 1339 5008 Itaque
1382 4953 1566 5009 genera
1595 4938 1685 4994 tibi
1711 4950 1835 4995 nota
1860 4942 1983 5009 sint,
2009 4940 2097 4995 ubi

498 5030 667 5076 autem
693 5024 772 5077 his
796 5033 961 5096 utare,
990 5028 1296 5098 quiestiones
1322 5029 1450 5098 ipsa:
1476 5037 1527 5084 te
1550 5031 1913 5086 admonebunt.
1959 5030 2094 5088 Sunt

498 5115 634 5166 enim
661 5116 1023 5173 similitudines
1049 5135 1165 5186 qua
1204 5136 1267 5176 ea:
1305 5122 1542 5193 pluribus
1580 5121 1942 5177 collationibus
1979 5140 2096 5195 pcr-

499 5206 704 5259 reniunt
722 5223 821 5278 quo
850 5208 1044 5277 uolunt,
1071 5210 1168 5265 hoc
1192 5210 1345 5267 modo
1367 5226 1387 5267 :
1410 5210 1472 5265 Si
1498 5220 1636 5266 tutor
1666 5211 1823 5281 ﬁdem
1846 5221 2093 5284 prwstare

499 5295 661 5365 debet,
689 5300 733 5354 si
759 5302 947 5370 socius,
976 5303 1023 5358 si
1061 5304 1145 5360 cui
1174 5303 1460 5367 mandaris,
1488 5304 1533 5357 si
1562 5304 1651 5373 qui
1676 5303 1925 5373 ﬁduciam
1945 5321 2093 5358 acce-

501 5392 654 5463 perit,
683 5394 824 5449 debet
854 5397 1006 5452 etiam
1033 5407 1360 5471 procurator.
1395 5395 1524 5451 Han:
1554 5413 1619 5452 ea:
1658 5397 1891 5468 pluribus
1921 5414 2097 5469 pervc-

500 5482 644 5539 uiens
663 5501 762 5554 quo
788 5486 892 5541 vult
915 5490 1207 5558 appellatur
1234 5487 1487 5552 inductio,
1510 5484 1623 5558 qua:
1649 5485 1825 5543 (ἔπεσε
1851 5490 2095 5563 inclytis-pb

499 5577 814 5646 nominatur,
850 5590 949 5649 qua
986 5580 1264 5649 plurimum
1294 5587 1366 5634 est
1398 5595 1521 5634 usus
1555 5579 1610 5632 in
1644 5578 1959 5635 sermonibus
1987 5582 2095 5635 suis

503 5667 764 5726 Socrates.
796 5671 1027 5726 Alterum
1060 5671 1415 5728 similitudinis
1442 5688 1605 5743 genus
1634 5668 1907 5727 collatione
1934 5672 2098 5726 sumi-

432 5753 441 5761 ’
503 5763 608 5825 tur,
633 5774 749 5813 cum
775 5776 878 5816 una
904 5777 984 5816 res
1006 5762 1118 5830 uni,
1144 5778 1239 5831 par
1271 5765 1387 5837 pari
1415 5770 1765 5838 comparatur,
1790 5761 1884 5819 hoc
1906 5762 2095 5821 modo:

2196 4660 2280 4715 nis
2304 4672 2433 4712 vero
2464 4654 2758 4712 similitudo
2787 4652 2983 4724 duplex
3006 4663 3090 4707 est
3114 4669 3129 4711 :
3159 4660 3253 4707 aut
3279 4650 3420 4707 enim
3447 4664 3513 4706 ex
3544 4648 3784 4719 pluribus

2199 4745 2500 4805 similitudo
2525 4745 2835 4817 colligitur,
2879 4753 2935 4799 et
2960 4742 3199 4799 inductio
3241 4750 3603 4811 nuncupatur,
3645 4742 3786 4810 quod

2201 4836 2377 4895 ϐπερὶ
2401 4837 2663 4910 ἐπαγωγὴν
2687 4834 2989 4899 nominant,
3022 4842 3113 4889 aut
3141 4832 3365 4902 singula:
3394 4846 3482 4886 res
3512 4846 3612 4899 per
3642 4832 3790 4885 simi-

2204 4928 2485 4985 litudinem
2512 4934 2914 4997 comparantur.
2948 4928 3028 4979 Ac
3057 4926 3202 4992 prior
3226 4923 3444 4994 quidem
3476 4922 3790 4993 hujusmodi

2203 5032 2289 5079 est
2322 5039 2337 5077 :
2370 5020 2429 5077 Si
2458 5028 2599 5075 tutor
2623 5017 2780 5075 (idem
2808 5030 3067 5087 praestare
3092 5014 3272 5080 debet,
3302 5015 3351 5070 si
3380 5013 3562 5069 socius
3584 5054 3602 5078 ,
3632 5015 3682 5068 si
3712 5017 3789 5068 cui

2200 5111 2539 5169 mandaveris
2564 5150 2581 5177 ,
2609 5110 2654 5164 si
2685 5109 2775 5180 qui
2806 5107 3053 5163 ﬁduciam
3085 5106 3387 5175 acceperit,
3437 5103 3604 5159 debet
3628 5106 3790 5158 etiam

2200 5214 2539 5277 procurator.
2594 5203 2727 5257 Nam
2753 5216 2875 5259 cum
2903 5201 2957 5255 in
3003 5199 3246 5269 pluribus
3275 5198 3436 5254 rebus
3465 5197 3601 5253 lides
3657 5212 3788 5265 pm-

2198 5298 2334 5352 stari
2359 5295 2577 5364 debeat,
2609 5308 2821 5362 unaque
2855 5291 3151 5347 similitudo
3173 5292 3245 5345 sit
3270 5291 3323 5345 in
3355 5289 3460 5345 [ide
3483 5289 3784 5359 praestanda

2204 5399 2310 5441 tam
2344 5388 2394 5442 in
2410 5394 2588 5442 tutore
2612 5399 2771 5454 quam
2783 5384 2953 5450 socio,
2972 5391 3131 5452 atque
3144 5396 3209 5435 eo
3228 5381 3314 5436 cui
3336 5381 3651 5436 mandatum
3687 5380 3773 5445 sit,

2203 5494 2376 5549 eoque
2403 5475 2755 5549 quiliduciam
2771 5475 3074 5544 acceperit,
3097 5472 3257 5528 debet
3278 5472 3467 5528 eadem
3493 5469 3787 5527 similitudo

2204 5570 2541 5644 procuratori
2573 5570 2732 5625 etiam
2756 5569 3072 5625 convenire.
3121 5566 3393 5623 Fiduciam
3427 5581 3559 5623 vero
3590 5565 3787 5634 accepit

2204 5669 2506 5735 cuicunque
2541 5679 2629 5718 res
2679 5663 2857 5734 aliqua
2905 5662 3271 5732 mancipatur,
3307 5668 3361 5715 ut
3412 5674 3529 5714 eam
3586 5656 3777 5713 ιιισιιιρί-

2204 5756 2355 5831 pauti
2394 5756 2730 5828 remancipet
2751 5796 2767 5825 ,
2799 5754 2946 5811 velut
2974 5754 3019 5811 si
3067 5752 3187 5826 quis
3234 5761 3443 5824 tempus
3474 5751 3691 5811 dubium
3723 5742 3781 5803 ti-
