4014 6336
299 367 441 427 1117
1150 368 1216 427 IN
1256 364 1500 427 TOPICA
1528 365 1888 426 CICERONIS
1925 366 2446 428 COMMENTARIA.
2489 370 2613 433 LIB,
2644 368 2729 429 iV.
3435 366 3575 426 1118

298 495 455 538 mens
479 481 654 537 amico
680 479 969 553 potentiori
1006 480 1233 541 fundum
1271 482 1559 552 mancipet,
1601 491 1658 538 ut
1683 483 1729 539 ei
1758 498 1879 539 cum
1909 481 1963 543 Α
1987 480 2090 536 loci
2114 496 2323 552 quoque
2350 490 2786 554 argumentorum
2819 477 3149 535 diversarum
3179 476 3369 535 artium
3393 492 3572 550 quaes-

300 585 509 643 tempus
536 574 676 644 quod
702 585 1008 644 suspectum
1038 584 1121 630 est
1171 576 1490 644 praeterierit
1523 574 1737 640 reddat;
1764 577 1877 632 haec
1960 572 2212 651 ttionibus
2227 572 2715 628 accommodentur.

296 664 624 732 mancipatio
652 664 928 739 tiduciaria
967 666 1294 733 nominatur,
1353 667 1554 722 idcirco
1583 668 1727 736 quod
1757 682 1873 722 res-
2058 664 2303 735 Sequitur
2326 664 2718 718 similitudinem
2745 661 3055 729 diﬁ‘erentia,
3091 676 3172 715 res
3202 660 3422 714 maxime
3448 676 3570 714 con-

299 756 524 812 tituendi
555 756 685 813 ﬁdes
716 758 1093 827 interponitur.
1133 760 1244 813 Hac
1280 760 1662 825 similitudinis.
1683 761 1880 816 collec-
1982 758 2144 811 traria
2178 757 2451 826 superiori,
2477 759 2564 811 sed
2594 768 2665 811 est
2714 759 2938 830 ejusdem
2967 757 3226 828 facultatis
3255 754 3500 809 dissimile
3526 765 3574 808 et

297 847 444 903 tione
475 848 762 917 plurimum
804 848 1055 905 Socrates
1106 865 1227 905 esse
1274 866 1400 906 usus
1448 852 1661 916 dicitur,
1719 861 1776 906 ιιι
1825 852 1878 907 in
1985 853 2149 905 simile
2182 851 2569 916 invenire;cius
2596 853 2794 921 generis
2826 853 2935 905 huic
2966 859 3125 906 sunt:
3155 851 3276 905 Non
3326 850 3575 915 quemad-

296 938 537 996 Platonis
606 943 942 1012 aliorumque
978 942 1098 1013 ejus
1148 953 1473 1000 sectatorum
1521 946 1881 1002 voluminibus
1983 943 2195 995 modum
2218 942 2354 1011 quod
2380 944 2580 996 mulieri
2605 943 2783 998 debeas
2826 953 2958 997 recte
2989 944 3085 1012 ipsi
3115 944 3322 997 mulieri
3354 944 3462 995 sine
3495 953 3575 991 tu-

293 1031 582 1089 invenitur.
613 1035 833 1102 Quoties
876 1052 1008 1090 vero
1036 1053 1137 1090 una
1170 1053 1259 1092 res
1288 1041 1380 1093 uni
1413 1038 1489 1093 rei
1515 1053 1609 1108 per
1634 1038 1882 1093 similitu-
1988 1040 2096 1085 lore
2131 1040 2338 1085 auctore
2386 1032 2573 1099 solvas,
2597 1031 2669 1084 ita
2698 1034 2834 1103 quod
2874 1033 3071 1104 pupillo
3112 1041 3199 1086 aut
3247 1030 3459 1104 pupilla:
3487 1030 3575 1083 de-

290 1128 474 1182 diurni
502 1139 863 1197 comparatur,
898 1130 999 1185 hoc
1018 1131 1178 1185 modo
1199 1132 1877 1201 colligiturargumentum.
1983 1123 2103 1176 beas
2134 1135 2268 1177 recte
2287 1124 2448 1194 possis
2479 1125 2654 1177 eodem
2681 1124 2832 1178 modo
2846 1124 3058 1179 solvere-

292 1219 668 1290 ﬂegendurum
701 1222 883 1276 ﬁnium
915 1222 1099 1277 arbitri
1131 1238 1250 1276 esse
1279 1223 1550 1287 dicuntur,
1581 1222 1673 1293 qui
1700 1222 1879 1276 ﬁnalia
2057 1215 2308 1284 Ejusdem
2354 1215 2624 1269 facultatis
2668 1225 2745 1270 est
2804 1216 3185 1270 similitudines
3214 1213 3576 1268 differentias-

294 1312 456 1384 iitigia
483 1313 823 1379 discernunt,
853 1325 912 1367 ut
937 1315 981 1369 si
1014 1315 1170 1370 fuerit
1195 1314 1265 1369 de
1290 1314 1486 1369 linibus
1507 1326 1624 1370 orta
1658 1326 1882 1370 conten-
1984 1323 2090 1377 que
2115 1323 2441 1378 cognoscere
2466 1324 2480 1373 ;
2510 1308 2597 1379 ίιυί
2621 1310 2767 1363 enim
2797 1311 2899 1363 SC“
2930 1308 3055 1378 (111ίά
3074 1309 3145 1363 δίε
3198 1308 3361 1371 idem.
3412 1322 3573 1362 "0553

290 1406 368 1461 tio
392 1447 406 1470 ,
451 1421 636 1462 eorum
668 1406 1202 1461 dirimaturarbitrio.
1232 1408 1338 1463 Sed
1384 1407 1515 1463 lines
1550 1409 1602 1463 in
1628 1423 1877 1478 agrorum
1984 1403 2182 1471 poterit
2202 1401 2327 1472 quid
2358 1402 2425 1455 sit
2445 1402 2734 1457 diversum.
2760 1401 2950 1456 Omnis
2977 1400 3408 1457 verosimilitudo
3432 1400 3572 1455 idem

290 1506 497 1554 tantum
538 1498 795 1554 limitibus
824 1514 945 1554 esse
965 1500 1231 1564 dicuntur,
1273 1501 1459 1557 arbitri
1478 1509 1654 1555 autem
1694 1500 1878 1555 linium
1984 1495 2187 1564 aliquid
2217 1510 2339 1551 esse
2362 1495 2678 1563 consuluit,
2723 1496 2863 1564 quod
2910 1496 3054 1551 enim
3102 1497 3242 1550 idem
3274 1507 3357 1550 est
3382 1509 3576 1549 sectiu-

288 1590 648 1661 regendorum
683 1591 735 1646 in
766 1591 984 1647 civitate
1014 1606 1134 1648 esse
1181 1609 1286 1647 non
1336 1606 1581 1661 possunt.
1617 1594 1749 1649 Item
1791 1609 1881 1648 ar.
1986 1586 2114 1641 dum
2143 1588 2457 1657 qualitatem
2487 1630 2501 1652 ,
2552 1588 2603 1641 id
2637 1588 2813 1643 simile
2843 1596 2963 1644 esse
3011 1603 3231 1643 necesse
3257 1595 3360 1643 est.
3388 1584 3577 1641 Omnis

287 1684 396 1737 ceri
450 1696 642 1753 aquam
673 1683 725 1737 in
756 1683 896 1751 ugris
929 1694 1132 1737 tantum
1160 1683 1263 1739 dici
1295 1686 1453 1751 solet,
1482 1686 1570 1741 ubi
1601 1684 1645 1740 si
1683 1700 1749 1741 ex
1788 1685 1880 1740 ali-
1983 1682 2180 1752 quippe
2206 1697 2292 1738 res
2313 1692 2404 1736 aut
2443 1681 2738 1737 subStantia
2764 1683 2968 1737 eaedem
2996 1690 3141 1747 sunt,
3174 1689 3265 1735 aut
3292 1678 3572 1751 qualitate,

284 1784 394 1840 quo
429 1770 550 1826 loco
577 1786 712 1841 aqua
743 1771 921 1843 pluvia
944 1772 1248 1843 colligatur,
1272 1783 1327 1830 et
1367 1774 1611 1831 deﬂuens
1654 1776 1707 1831 in
1736 1791 1879 1832 cam-
1984 1784 2077 1831 aut
2120 1777 2329 1832 caeteris
2389 1774 2840 1845 pra-dicamentis.
2869 1774 3022 1843 Quod
3049 1773 3094 1828 si
3125 1774 3195 1827 ita
3226 1780 3330 1839 est,
3372 1780 3427 1826 et
3454 1770 3570 1825 ani-
3652 1790 3671 1799 ί

254 1875 385 1931 φοι
436 1862 596 1918 vicini
642 1876 835 1932 pascua
869 1864 1118 1933 frugesve
1172 1878 1482 1937 corrumpat
1504 1909 1519 1934 ,
1574 1868 1757 1925 arbitri
1790 1885 1878 1924 ar-
1908 1852 1959 1916 Β
1984 1882 2104 1923 mus
2135 1868 2435 1940 intelligere
2467 1865 2569 1924 hoc
2601 1867 2741 1923 idem
2776 1868 2828 1922 in
2861 1867 3103 1937 pluribus
3145 1865 3573 1937 praedicamentis

274 1951 474 2008 condas
501 1968 654 2024 aqua
690 1968 720 2008 a
768 1956 1164 2025 magistratibus
1191 1960 1582 2015 statuebantur.
1609 1961 1878 2028 Quaeritur
1983 1971 2180 2029 potest.
2206 1959 2311 2017 Sed
2344 1975 2466 2015 cum
2520 1960 2621 2015 hoc
2650 1961 2823 2030 ipsum
2878 1958 3019 2014 idem
3058 1959 3111 2013 in
3147 1956 3575 2027 praedic-amentis

285 2056 414 2113 ergo
435 2057 503 2099 an
526 2044 577 2099 in
601 2044 730 2101 urbe
746 2046 991 2102 arcenda
1010 2060 1165 2115 aqua:
1186 2048 1444 2104 arbitrum
1470 2051 1741 2121 possimus
1762 2052 1879 2106 adi—
1980 2061 2154 2118 notat,
2209 2054 2399 2107 eodem
2441 2051 2601 2106 modo
2632 2052 2685 2104 in
2713 2051 2915 2105 eisdem
2950 2048 3380 2120 praedicamentis
3430 2044 3573 2117 quod

280 2148 431 2203 gere.
465 2134 535 2189 Et
563 2149 931 2207 argumentum
965 2139 1173 2208 capitur
1201 2156 1269 2195 ex
1294 2140 1665 2199 similitudine.
1694 2143 1749 2199 Si
1783 2159 1877 2199 re-
1981 2146 2251 2200 diversum
2278 2154 2364 2201 est
2388 2145 2645 2209 intuetur;
2676 2144 2768 2199 sed
2794 2145 2970 2199 simile
3005 2144 3145 2199 idem
3177 2151 3279 2209 est,
3314 2138 3573 2197 dill'eren-

288 2227 589 2294 gendorum
623 2229 831 2294 ﬁnium,
861 2231 983 2300 quia
999 2230 1168 2286 solius
1184 2233 1297 2301 agri
1315 2241 1461 2297 sunt,
1495 2236 1548 2288 in
1573 2237 1705 2291 urbe
1734 2236 1879 2289 arbi-
1981 2237 2053 2289 tia
2086 2250 2213 2289 vero
2246 2235 2535 2289 diversum.
2570 2235 2711 2289 Idem
2740 2234 2901 2303 igitur
2922 2234 3133 2287 animus
3163 2233 3457 2300 eademque
3494 2231 3574 2286 in-

287 2323 429 2370 trum
460 2317 677 2387 adigere
707 2334 814 2373 non
862 2322 1057 2388 possis,
1094 2338 1161 2376 ne
1177 2338 1328 2391 aqua:
1354 2323 1569 2393 quidem
1602 2326 1871 2394 arcendae,
1981 2327 2276 2395 telligentia
2319 2326 2729 2381 similitudinem
2760 2323 3226 2394 differentiamque
3276 2324 3573 2394 cognoscit.

284 2403 407 2470 quia
433 2406 671 2485 solorum
701 2423 822 2464 esse
844 2409 1053 2465 videtur
1072 2426 1347 2481 agrorum,
1382 2412 1434 2468 in
1455 2416 1588 2469 urbe
1617 2416 1874 2470 arbitrum
1981 2416 2415 2471 Diﬂ'erentiarum
2445 2430 2569 2471 vero
2598 2420 2780 2471 multa:
2810 2426 2935 2469 sunt
2962 2416 3191 2485 species;
3225 2414 3343 2469 alias
3372 2415 3568 2484 quippe

274 2498 462 2565 possis
490 2499 730 2571 adigere.
752 2501 848 2557 Hic
875 2503 1037 2572 igitur
1063 2519 1164 2559 una
1191 2521 1278 2561 res
1308 2509 1396 2561 uni
1427 2492 1505 2561 rei
1527 2509 1875 2566 similitudine
1978 2520 2103 2563 sunt
2167 2510 2543 2565 substantia'es
2570 2549 2584 2573 ,
2622 2519 2680 2563 ut
2739 2509 2941 2562 homini
2990 2507 3271 2572 rationale,
3307 2506 3428 2561 alite
3465 2521 3572 2561 non

278 2586 570 2655 conjuncta
597 2600 701 2647 est.
730 2591 809 2647 Ex
837 2594 1026 2649 eodem
1054 2595 1214 2651 etiam
1239 2598 1610 2653 similitudinis
1642 2600 1759 2655 loco
1784 2601 1874 2655 illa
1983 2601 2390 2667 substantiales,
2424 2603 2519 2655 sed
2548 2599 2932 2669 iuseparabiles
2950 2639 2964 2663 ,
2989 2608 3048 2653 ut
3075 2599 3286 2669 nigrum
3329 2596 3571 2665 Etltiopi

287 2681 429 2737 συιθὶ
458 2679 649 2739 Cicero
680 2685 929 2755 proponit
957 2676 1073 2758 qua:
1104 2699 1365 2745 vocantur
1404 2692 1679 2761 exempla,
1712 2694 1875 2749 velttti
1980 2700 2141 2760 atque
2168 2704 2353 2755 corvo;
2381 2692 2503 2745 aliae
2532 2706 2662 2746 vero
2691 2690 2918 2745 mobiles
2940 2702 3113 2760 neque
3142 2697 3482 2754 constantes,
3513 2695 3571 2742 ut

292 2770 520 2829 Crassus
550 2776 599 2828 iu
632 2791 792 2831 causa
814 2777 1064 2845 Curiana,
1089 2795 1209 2851 quas
1230 2780 1329 2835 fuit
1350 2782 1662 2851 hujusmodi
1697 2800 1708 2836 :
1735 2783 1869 2851 Qtti-
1978 2785 2168 2837 sedere
2187 2822 2200 2845 ,
2250 2792 2415 2847 stare,
2468 2791 2523 2836 et
2552 2778 2925 2851 hujuscemodi
2955 2792 3165 2836 creterra
3194 2779 3387 2849 quibus
3411 2787 3465 2833 et
3502 2779 3571 2832 ab

276 2861 406 2919 datu
435 2875 800 2933 praegnantem
831 2882 1052 2923 uxorem
1104 2869 1416 2938 relinquens
1453 2873 1671 2941 scripsit
1699 2871 1872 2927 luere-
1978 2874 2097 2928 aliis
2126 2875 2432 2929 hominibus
2457 2885 2509 2929 et
2539 2889 2567 2927 a
2598 2875 2753 2930 nobis
2779 2875 2910 2944 ipsis
2941 2889 3085 2944 saepe
3114 2872 3404 2927 distamus.
3440 2871 3569 2926 Item

281 2950 404 3008 dem
435 2954 809 3023 posthumum,
850 2958 1009 3027 eique
1037 2960 1199 3013 alium
1226 2961 1502 3017 substituit
1550 2964 1866 3031 secundum,
1978 2966 2297 3021 diﬂerentia:
2323 2967 2441 3020 alia:
2465 2967 2645 3036 aliquo
2675 2967 2837 3020 modo
2880 2976 3004 3020 sunt
3041 2979 3296 3035 generum
3328 2963 3569 3019 divisibi—

280 3042 581 3112 quiCurius
608 3047 919 3115 vocabatur,
942 3065 1007 3105 ea
1030 3051 1361 3118 conditione,
1388 3062 1447 3106 ut
1472 3054 1516 3107 si
1531 3056 1866 3123 pasthumus,
1978 3059 2075 3123 les,
2107 3058 2224 3111 aliae
2254 3058 2432 3127 aliquo
2457 3058 2614 3111 modo
2636 3057 2937 3126 specierum
2969 3056 3348 3118 constitutirte;
3379 3052 3473 3109 sed
3518 3055 3565 3109 si

276 3133 373 3203 qui
426 3134 566 3189 intra
610 3152 827 3195 menses
851 3140 1039 3196 decem
1075 3143 1351 3209 proximos
1383 3156 1713 3213 nasceretur,
1744 3157 1869 3202 ante
1912 3221 1939 3223 _
1968 3168 2005 3207 'a
2030 3154 2396 3208 constitutivis
2426 3163 2805 3223 argumentum
2836 3155 3083 3221 ducatur,
3126 3153 3270 3207 velut
3293 3168 3319 3205 a
3370 3167 3570 3221 genere

277 3235 581 3281 moreretur
629 3244 788 3296 quam
818 3230 872 3286 in
901 3247 1050 3287 Silam
1082 3235 1305 3290 tutelam
1339 3238 1694 3304 pervenisset,
1727 3240 1866 3296 idem
1896 3221 1942 3283 ε
1975 3245 2209 3301 ducitur.
2242 3246 2374 3300 Nam
2413 3221 2552 3300 sicut
2581 3250 2749 3315 genus
2772 3245 3011 3301 continet
3036 3247 3296 3314 speciem,
3322 3245 3396 3299 ita
3417 3244 3569 3303 dilTe~

277 3325 401 3372 ante
428 3317 601 3375 obiret
626 3320 794 3390 diem,
817 3338 975 3389 quam
996 3332 1373 3380 testamentum
1399 3325 1521 3395 jure
1548 3326 1727 3383 facere
1744 3345 1866 3398 pos-
1976 3338 2161 3390 rentia:
2198 3337 2477 3391 continent
2500 3336 2727 3404 species.
2762 3336 2904 3391 Sane
2933 3338 2978 3390 si
3007 3336 3321 3391 ditl'erentitc
3363 3336 3567 3390 consti-

276 3417 381 3477 set,
421 3412 691 3469 secundus
717 3414 891 3499 literas
918 3418 1233 3473 succederet
1266 3435 1280 3481 ;
1306 3419 1447 3487 quod
1472 3422 1516 3473 si
1547 3421 1612 3474 ad
1651 3422 1701 3475 id
1729 3431 1863 3476 tem-
1972 3429 2157 3480 tutivae
2187 3437 2244 3481 ut
2268 3442 2465 3496 genera
2490 3428 2880 3498 intelligentur,
2910 3427 3043 3481 ﬁdes
3071 3428 3136 3481 ah
3168 3428 3251 3480 his
3272 3429 3335 3479 ad
3378 3444 3438 3480 ea
3466 3444 3561 3498 ap-

274 3511 374 3569 pus
401 3504 734 3571 pervenisset
760 3521 889 3574 quo,
913 3506 1025 3575 jam
1056 3508 1432 3578 lirmojudicio
1455 3513 1507 3564 in
1538 3527 1691 3565 suam
1726 3524 1865 3569 tute-
1972 3518 2173 3571 tabitur
2203 3534 2321 3587 quae
2347 3519 2701 3571 constituunt.
2749 3517 2875 3571 Hmc
2913 3517 3055 3570 enim
3101 3518 3282 3569 talium
3312 3515 3564 3569 diil‘ercu-

274 3588 380 3646 lam
406 3603 677 3663 receptus,
702 3593 830 3664 jure
851 3596 996 3651 civili
1042 3598 1292 3652 instituto
1323 3608 1508 3667 posset
1535 3601 1750 3656 bmrede
1772 3603 1866 3657 de-
1973 3608 2167 3661 tiarum
2197 3609 2359 3662 veluti
2389 3608 2578 3661 formae
2606 3608 2848 3675 quaedam
2879 3618 3025 3662 sunt.
3054 3606 3147 3660 Sin
3182 3622 3307 3662 vero
3339 3608 3445 3660 sint
3474 3607 3562 3662 di-

274 3680 443 3752 fungi,
474 3685 743 3741 secundus
785 3686 958 3742 haeres
983 3732 997 3756 ,
1033 3688 1084 3743 id
1109 3698 1192 3744 est
1214 3688 1431 3756 Curius,
1467 3709 1573 3745 non
1598 3694 1861 3747 succede-
1971 3696 2229 3763 visibiles,
2250 3697 2513 3766 siquidem
2537 3698 2602 3751 ad
2624 3712 2685 3752 ea
2707 3697 3002 3767 probanda,
3024 3699 3076 3752 id
3101 3708 3183 3753 est
3205 3713 3422 3769 genera,
3440 3714 3558 3765 qua:

274 3782 376 3833 ret.
410 3790 529 3845 qua:
555 3786 777 3832 vocatur
798 3780 1107 3833 substitutio
1126 3781 1405 3850 pupillaris
1434 3800 1446 3834 :
1473 3784 1753 3852 qttmsitum
1781 3794 1866 3840 est
1970 3787 2235 3854 dividunt,
2265 3804 2449 3843 earum
2498 3789 2710 3859 ducitur
2742 3790 2892 3857 ﬁdes,
2928 3804 2958 3844 a
2989 3789 3157 3846 l‘orma
3188 3802 3558 3861 argumentum

273 3878 341 3918 an
373 3868 576 3922 valeret
606 3867 676 3921 ita
713 3868 956 3924 instituta
997 3871 1154 3926 ratio.
1197 3870 1451 3937 Crassus,
1487 3874 1649 3942 igitur
1696 3876 1861 3930 multa
1970 3882 2088 3936 ﬁeri
2126 3883 2355 3951 videtur,
2388 3900 2511 3938 nam
2554 3884 2689 3939 tales
2720 3883 3038 3940 dilferentim
3062 3901 3247 3939 eorum
3278 3901 3395 3954 quas
3420 3884 3562 3941 divi-

272 3962 495 4032 prntuiit
538 3964 807 4033 exempla,
837 3966 1035 4035 quibus
1077 3965 1149 4020 ita
1188 3967 1461 4021 institutus
1488 3968 1687 4023 ,hmres
1725 3969 1864 4023 obti-
1968 3977 2170 4031 duntur
2198 3978 2385 4033 forma:
2408 3979 2652 4049 quaedam
2682 3989 2826 4037 sunt.
2858 3980 3010 4047 Quod
3035 3981 3078 4034 si
3103 3981 3169 4035 ad
3191 3994 3255 4036 ea
3286 3981 3558 4051 probanda

275 4052 455 4139 nuisse
486 4055 874 4121 ltmreditatetn,
909 4072 1027 4126 qum
1055 4058 1427 4126 exemplorum
1458 4076 1857 4115 cotnmemora-
1969 4069 2276 4125 referuntur
2322 4087 2441 4142 quae
2501 4074 2552 4126 in
2605 4071 2930 4135 contrariam
2987 4082 3188 4141 partem
3219 4088 3389 4143 genus
3419 4074 3559 4129 divi-

273 4144 349 4236 tio
376 4143 585 4212 judiccs
618 4148 800 4201 movit.
832 4148 968 4201 Dicit
988 4151 1147 4202 etiam
1179 4150 1325 4218 ipsos
1350 4165 1565 4219 quoque
1590 4150 1857 4221 juriscon-
1966 4150 2102 4216 dum
2128 4204 2142 4226 ,
2187 4172 2315 4218 tunc
2348 4165 2563 4232 proprie
2614 4178 2641 4215 τι
2677 4163 2979 4219 όὶπετενηιίῃ
3032 4166 3149 4221 ﬁeri
3184 4176 3558 4236 argumentum

271 4235 440 4291 δυιιοδ
470 4238 545 4291 ιιιά
578 4242 771 4307 “Pilius
793 4240 1076 4307 οκοηηιιίεν
1108 4242 1272 4296 velini
1297 4257 1416 4295 cum
1444 4244 1679 4311 ίὶηείευτο
1706 4245 1755 4307 id
1777 4255 1860 4299 est
1966 4252 2207 4320 videtur,
2242 4253 2367 4322 quia
2398 4254 2687 4309 contraria:
2704 4255 2870 4310 veluti
2896 4256 3214 4313 diﬂ'erenliaa
3245 4275 3561 4331 comparan-

274 4327 614 4398 imaginatttr,
655 4332 971 4399 propositio,
1002 4342 1059 4385 ut
1108 4347 1263 4386 casus
1293 4331 1363 4387 de
1392 4348 1497 4403 quo
1539 4335 1715 4403 agitur
1764 4350 1857 4404 per
1968 4354 2077 4399 tur.
2129 4340 2285 4411 Quod
2327 4361 2456 4401 vero
2488 4346 2552 4400 ad
2589 4349 2893 4418 exemplum
2942 4350 3133 4405 attinet
3159 4350 3324 4408 Tullii
3369 4327 3561 4421 hujus.

270 4421 674 4477 similitudinem
709 4424 1057 4492 intelligatur,
1092 4424 1190 4478 hoc
1218 4424 1377 4478 modo
1411 4443 1423 4477 ε
1464 4425 1521 4479 Si
1559 4426 1681 4493 quis
1710 4426 1853 4479 enim
1965 4436 2107 4491 modi
2137 4446 2261 4492 est;
2296 4436 2547 4492 Mulieres
2575 4438 2870 4508 antiquitus
2900 4450 3157 4510 perpetua
3196 4442 3357 4497 tutela
3409 4450 3560 4497 mne.

268 4511 609 4584 iurisperitus
663 4514 880 4584 adjiciat
922 4516 972 4570 id
1026 4516 1166 4585 quod
1202 4532 1307 4570 non
1352 4517 1473 4585 jure
1518 4526 1854 4571 contractum
1889 4600 1929 4605 _
1962 4526 2175 4593 bantur,
2214 4529 2401 4597 pupilli
2432 4529 2558 4583 item
2588 4530 2688 4584 snb
2718 4530 2984 4585 tutoribus
3014 4542 3177 4605 agunt
3206 4550 3221 4599 ;
3250 4534 3343 4589 sed
3372 4534 3560 4590 mulie-

268 4614 350 4659 εει
400 4606 596 4660 "Ullius
645 4622 766 4663 0526
819 4610 1097 4675 IIIOIIleﬂli.
1144 4609 1502 4680 ειάιιίδθθῑίίυθ
1549 4613 1856 4681 θιθιιψῑυω
1885 4600 1941 4662 Ῑ)
1964 4619 2115 4673 ribus
2145 4622 2188 4673 si
2211 4620 2337 4690 quid
2365 4621 2605 4675 debitum
2640 4621 2850 4686 fuisset,
2881 4622 2999 4677 sine
3024 4600 3216 4679 tutoris
3242 4627 3559 4682 auctoritate

269 4696 398 4764 tale,
432 4699 575 4752 velut
621 4700 665 4753 si
713 4701 830 4768 quis
863 4717 973 4755 rem
1007 4718 1110 4755 non
1167 4703 1398 4772 mancipi
1445 4704 1852 4773 mancipavcrit,
1967 4719 2177 4777 poterat
2197 4712 2353 4776 solvi,
2384 4713 2599 4781 pupillis
2620 4727 2750 4767 vero
2779 4711 3017 4769 minime.
3045 4715 3185 4786 Ergo
3211 4716 3259 4773 si
3288 4725 3558 4788 quaeratur

267 4802 393 4840 num
428 4787 629 4844 idcirco
677 4800 770 4845 aut
799 4807 910 4846 rem
951 4793 1223 4859 alienavit,
1253 4804 1345 4848 aut
1366 4811 1429 4851 se
1470 4812 1563 4851 reo
1592 4798 1733 4854 facto
1761 4814 1857 4868 po-
1964 4819 2031 4857 an
2063 4803 2115 4858 id
2145 4804 2286 4874 quod
2308 4805 2571 4860 debeatur
2595 4807 2792 4875 pupillo
2814 4806 3055 4875 cuilibet,
3075 4787 3334 4866 renuente
3350 4818 3551 4875 tutore,

265 4877 368 4932 tuit
388 4878 690 4950 obligasse?
722 4884 961 4948 minime,
994 4885 1136 4953 quod
1167 4887 1308 4939 enim
1334 4903 1438 4941 non
1457 4888 1578 4957 jure
1607 4901 1855 4945 contrae.
1965 4897 2424 4965 possitexsolvi,a
2444 4897 2744 4952 differentia
2767 4900 2997 4954 sumitur
3016 4910 3410 4974 argumentum,
3437 4901 3551 4957 sic:

266 4978 516 5067 mune-st
562 4972 633 5026 nil
687 4975 880 5028 retinet
929 4975 1214 5031 ﬁrmitatis.
1277 4977 1340 5030 Et
1391 4978 1490 5032 alia
1549 4981 1852 5052 huiusmodi
1960 4989 2077 5044 Non
2108 4989 2245 5043 sicut
2284 4989 2492 5044 mulieri
2544 4990 2662 5046 sine
2710 4992 2929 5067 tutoris.
2947 4972 3268 5050 auctoritate
3312 4992 3552 5049 debitum

265 5060 407 5130 apud
457 5062 799 5133 iurisperitus
840 5065 1183 5123 inveniuntur
1207 5108 1223 5135 ,
1276 5069 1330 5123 in
1361 5071 1557 5138 quibus
1603 5084 1852 5129 oratores
1966 5082 2142 5150 possis
2170 5080 2471 5144 exsolvam,
2487 5080 2677 5137 eodem
2710 5060 3014 5151 modo,nisi
3043 5087 3335 5141 auctoritas
3359 5085 3553 5142 tutoris

264 5160 499 5214 maxime
530 5161 729 5225 valent,
758 5162 949 5231 quibus
986 5163 1147 5217 etiam
1179 5163 1229 5217 in
1263 5173 1468 5224 tantum
1531 5165 1733 5237 lingere
1781 5169 1847 5222 li-
1964 5174 2276 5238 accesserit,
2307 5174 2514 5244 pupillo
2553 5164 2767 5232 solvere
2794 5176 2936 5247 quod
2968 5177 3166 5235 debeas
3194 5180 3400 5249 possis;
3447 5180 3554 5236 illa:

262 5260 377 5343 cet,
404 5262 661 5309 uteorum
689 5255 931 5309 oratione
959 5255 1121 5309 etiam
1153 5257 1347 5309 mortui
1382 5270 1528 5325 smpc
1558 5258 1626 5311 ab
1659 5257 1850 5313 inferis
1962 5267 2106 5321 enim
2136 5275 2390 5335 perpetua
2417 5266 2600 5335 tutela,
2631 5267 2791 5323 etiam
2816 5279 3070 5338 provecta
3097 5272 3205 5343 jam
3223 5282 3400 5340 aetate,
3421 5290 3551 5330 co...

264 5342 585 5408 excitentur,
617 5343 758 5413 quod
776 5343 981 5398 Tullius
1003 5345 1055 5398 in
1083 5359 1145 5397 ea
1176 5344 1297 5398 facit
1322 5347 1564 5401 oratione
1594 5363 1696 5418 qua
1727 5351 1850 5404 Cm-
1963 5362 2220 5425 ιίηοκιυιι,
2266 5360 2476 5414 morum
2529 5361 2709 5434 tutela;
2756 5370 2939 5417 certus
2978 5377 3242 5419 annorum
3290 5383 3548 5426 numerus

262 5434 391 5491 lium
421 5435 678 5501 defendit.
704 5436 807 5492 Sed
836 5438 1009 5502 latior,
1037 5438 1226 5507 inquit,
1254 5438 1566 5493 estillorum
1602 5454 1842 5512 campus,

1964 5454 2251 5509 terminum
2276 5454 2432 5521 facit;
2467 5465 2627 5524 atque
2661 5456 2861 5509 idcirco
2882 5456 3019 5509 solvi
3051 5458 3254 5526 pupillo
3281 5462 3398 5516 sine
3420 5477 3546 5517 auc-

260 5529 312 5585 id
342 5540 423 5587 est
463 5541 735 5587 oratorum
763 5573 779 5597 ,
818 5533 1012 5601 quibus
1028 5534 1244 5601 spatiari
1288 5549 1348 5589 ac
1395 5534 1644 5605 devagari
1674 5539 1795 5593 licet
1832 5557 1845 5593 :
1961 5548 2175 5601 toritate
2199 5562 2305 5600 non
2338 5547 2553 5615 poterit.
2589 5547 2777 5601 Dillert
2792 5549 2932 5602 enim
2954 5563 3178 5617 persona
3212 5553 3491 5610 mulierum
3514 5573 3544 5611 a

261 5638 362 5679 nec
410 5625 611 5681 idcirco
666 5626 846 5681 minus
902 5629 1114 5682 caeteris
1154 5642 1366 5697 quoque
1409 5629 1751 5687 facultatibus
1777 5633 1849 5686 si-
1954 5652 2182 5709 persona
2209 5636 2553 5707 pupillorum,
2581 5638 2663 5692 vel
2683 5638 2732 5691 in
2759 5651 2825 5691 eo
2845 5638 2986 5708 quod
3018 5642 3198 5708 pupilli
3224 5660 3327 5699 non
3354 5661 3545 5716 perpe-

257 5714 589 5775 miiitudtnes
643 5727 901 5785 prosunt.
958 5720 1206 5788 quoniam
1271 5720 1459 5775 eadem
1521 5734 1841 5792 argumenta
1955 5738 2042 5783 tua
2068 5728 2528 5799 reguntur-tutela,
2555 5728 2809 5783 mulieres
2832 5745 2957 5783 vero
2978 5714 3373 5801 perpetua;rci
3398 5714 3538 5807 quod

255 5805 503 5862 tttasintis
558 5808 893 5880 minimisque
920 5811 1094 5868 causis
1145 5811 1495 5882 conveniunt;
1532 5830 1636 5887 quo
1679 5818 1738 5874 lit
1790 5828 1847 5876 ut
1895 5894 1904 5903 ι
1952 5822 2187 5894 pupillus
2217 5821 2421 5880 nullum
2444 5812 2559 5878 suc
2578 5821 2660 5879 rei
2679 5821 3114 5883 administrandae
3140 5805 3540 5904 utilitatisjﬁudi-

1891 5915 1931 5932 ..ο
