4014 6336
428 294 599 355 1119

1715 292 1823 347 ΑΝ.
1842 368 1845 369 ί
1866 292 2072 349 MAN]...

2168 293 2267 348 EV.
2308 292 2530 350 ΒΟΕΤΙΙ
2808 308 2840 339 ἰ
3606 294 3745 348 “20

464 413 603 469 cium
620 414 817 471 habere
832 407 1447 489 potes_t,cum,sitaliquis
1466 406 2051 487 mulieribus,etsinon
2072 412 2127 471 Α
2151 411 2291 478 quod
2324 418 2583 478 praeterea
2612 409 2791 466 inesse
2820 409 3134 479 corporibus
3165 380 3354 480 possit.
3401 409 3473 464 At
3521 422 3584 463 ea
3612 424 3740 480 qua

464 505 673 567 firmus,
704 506 753 559 in
781 502 1094 573 explicanda
1127 500 1401 579 familiaris
1420 499 1495 553 rei
1524 499 1751 554 utilitate
1782 500 2048 557 delectus.

448 624 453 673 ί
535 598 787 671 Deinceps
837 598 979 652 locus
1004 596 1269 673 estquia
1300 596 1787 671 contrariodicitur.
1834 596 2053 667 Contra-

465 692 655 743 riorum
681 699 849 741 autem
868 704 1053 758 genera
1073 697 1194 740 sunt
1224 686 1401 757 plura;
1450 702 1607 739 unum
1634 701 1810 739 eorum
1833 702 1967 758 quia:
2000 688 2051 741 in

464 782 638 833 eodem
658 796 840 851 genere
877 764 1154 849 plurimum
1179 776 1445 844 ili/ferunt,
1480 777 1851 845 ut~sapientia,
1884 779 2054 831 stulti-

468 871 580 933 tia;
621 858 813 924 eodem
836 864 1005 923 autem
1029 858 1211 941 genere
1254 856 1531 935 dicuntur,
1566 869 1754 946 quibus
1782 870 2056 938 propositis

469 974 764 1027 occurrunt,
796 944 1082 1033 tanquame
1109 948 1317 1034 regione
1337 963 1867 1035 quadam‘contraria,
1894 972 1949 1017 ut
1977 979 2058 1017 ce-

470 1053 654 1107 leritati
679 1055 912 1121 tarditas,
940 1060 1057 1108 non'
1084 1050 1341 1121 debilitas,
1373 1070 1435 1109 ea:
1461 1055 2060 1125 quibuscontrariisar—

468 1155 709 1216 gumento
737 1147 863 1199 talia
894 1132 1155 1201 existunt.
1189 1146 1565 1223 Sistultitiant‘
1578 1140 1825 1219 fugimus,
1857 1146 2061 1217 sapiene

468 1236 591 1289 tiam
619 1254 912 1306 sequamur;
937 1226 985 1291 et
1007 1238 1299 1304 bonitatem,
1330 1239 1374 1292 si
1406 1240 1654 1311 malitiam
1677 1255 1696 1293 :
1720 1240 1828 1293 haec
1851 1224 1965 1311 qua:
1995 1257 2059 1295 ex

469 1328 644 1380 eodem
669 1346 848 1399 genere
869 1322 1127 1384 Contraria
1140 1316 1280 1394 sunt,
1314 1312 1649 1403 appellantur
1663 1320 1903 1383 adversa.
1925 1318 2059 1397 Sunt

470 1420 573 1473 alia
604 1422 861 1476 contraria
907 1439 1019 1491 qua:
1060 1423 1315 1491 privantia
1352 1422 1467 1477 licet
1508 1416 1821 1492 appellemus
1852 1424 2054 1496 Latine,

472 1509 647 1565 Grazce
662 1512 984 1580 appellantur
1008 1515 1300 1586 στιρητικὰ.
1326 1496 1633 1585 Ρτωροείιίο
1653 1516 1788 1589 enim
1815 1514 1866 1568 in
1893 1506 2059 1583 privat

472 1603 676 1656 verbum
705 1621 766 1658 ea
800 1607 847 1658 vi
877 1622 1032 1677 quam
1074 1607 1277 1661 haberet
1310 1608 1353 1660 si
1384 1609 1435 1661 in
1470 1608 1771 1685 prepositio
1790 1594 1893 1660 non
1929 1608 2059 1677 fuis-

470 1704 568 1760 set,
600 1706 655 1749 ut
703 1697 951 1768 dignitas,
981 1700 1282 1771 indignitas,
1336 1684 1653 1767 humanitas,
1683 1692 2055 1777 inhumanitas,

2158 502 2211 555 in
2247 502 2545 571 privatione
2572 512 2625 556 et
2655 502 2839 557 habitu
2886 511 3051 569 sunt,
3100 512 3159 557 ut
3200 504 3512 571 caecitaset
3556 502 3747 569 visus.

2132 595 2362 659 ,distant
2390 596 2604 665 quidem
2650 597 2718 650 ab
2761 596 2843 652 his
2880 597 3164 652 contrariis
3202 612 3323 665 qus:
3361 596 3622 657 claudunt
3648 596 3750 651 ali-

2126 701 2318 756 .quam
2340 687 2690 769 medietatem
2713 729 2728 753 ,
2760 688 2903 759 quod
2947 689 3060 757 ipsa
3105 689 3447 744 medietatem
3484 688 3603 742 'uon
3634 689 3749 741 hs-

2158 780 2286 834 bent
2313 798 2329 847 ;
2359 781 2425 835 ab
2457 781 2540 835 his
2568 797 2698 835 vero
2732 782 3020 836 contrariis
3046 782 3299 838 differunt
3324 797 3443 849 qua:
3482 781 3749 835 suntaimc

2128 870 2433 939 .mediata,
2493 873 2748 942 quoniam
2808 872 3021 927 horum.
3056 875 3450 928 contrariorum
3510 868 3747 927 alterum

2130 978 2375 1033 ~semper
2404 963 2875 1033 subjectoinesse
2921 972 3035 1029 est,
3072 958 3138 1018 ut
3175 964 3387 1032 corpori
3430 960 3748 1031 gravitatem

2136 1054 2247 1129 \vcl
2297 1055 2611 1121 levitatem;
2661 1055 3199 1127 privationemvero
3244 1064 3300 1111 et
3347 1052 3591 1108 habitum
3641 1068 3747 1106 non

2133 1134 2492 1221 .sem'per,ut
2523 1159 2644 1198 cum
2677 1146 2747 1198 sit
2777 1145 2987 1199 habitus
3029 1145 3242 1214 quidem
3290 1145 3438 1199 visus
3459 1186 3475 1210 ,
3519 1144 3751 1212 privatio

2128 1244 2341 1309 .autem
2371 1224 2622 1301 caecitas,
2658 1250 2763 1291 non
2806 1252 2965 1291 omne
3005 1237 3146 1308 quod
3191 1236 3361 1295 videri
3403 1244 3615 1306 potest,
3657 1245 3750 1290 aut

2137 1324 2454 1405 'v’idet,jaut
2482 1342 2683 1397 caecum
2714 1335 2797 1382 est
2832 1343 2846 1379 :
2880 1327 3053 1382 infans
3080 1328 3280 1398 quippe
3296 1328 3548 1389 jnondum
3576 1327 3752 1382 editus

2140 1412 2347 1497 ineque
2362 1420 2530 1493 videt,
2559 1420 2945 1495 quianondum
2993 1424 3255 1491 processit
3296 1424 3531 1490 influce,
3577 1435 3750 1491 neque

2162 1528 2337 1587 camus
2364 1522 2473 1579 est,
2500 1514 2623 1583 quia
2655 1513 2890 1569 nondum
2919 1513 3105 1569 habuit
3133 1516 3328 1581 visum,
3357 1524 3517 1583 quem
3551 1514 3753 1583 pomis-

2136 1613 2250 1672 ,set
2272 1605 2552 1681 amittere.
2586 1604 2729 1659 Idem
2759 1605 2827 1660 de
2856 1605 3048 1660 catulis
3074 1607 3178 1660 dici
3212 1615 3420 1675 potest,
3450 1607 3754 1676 qui‘statitn

2134 1697 2586 1773 ;nativnequeunt
2608 1696 2838 1761 intueri,
2873 1712 2997 1751 nam
3029 1705 3153 1752 tunc
3185 1712 3280 1753 eos
3318 1713 3420 1753 nec
3463 1713 3635 1753 caecos
3674 1699 3756 1753 di-

470 1795 521 1840 et
548 1800 730 1841 statera
758 1791 1234 1862 generisejusdem,
1266 1808 1486 1858 quorum
1511 1794 1749 1851 tractatio
1782 1804 1855 1847 est
1880 1794 2069 1857 eadem;
2091 1787 2292 1855 chere
2323 1802 2608 1857 possumus
2628 1828 2644 1854 ,
2678 1803 2778 1843 nec
2809 1788 3074 1845 videntes.
3121 1790 3186 1843 Et
3230 1800 3507 1857 postremo
3533 1799 3757 1844 contra-

471 1895 587 1949 qua:
610 1883 928 1951 superiorum
950 1928 964 1951 ,
1006 1900 1121 1953 qua:
1145 1887 1359 1940 adversa
1379 1886 1508 1939 dixi.
1544 1885 1684 1939 Nam
1720 1882 1849 1961 alia:
1865 1904 2063 1957 quoque
2084 1910 2089 1913 ·

475 1981 596 2025 sunt
643 1976 1015 2028 contrariorum
1056 1992 1262 2046 genera,
1294 1979 1445 2051 velut.
1477 1994 1535 2051 ea
1566 1995 1677 2045 qua:
1724 1995 1855 2031 cum
1885 1978 2061 2049 aliqua

475 2070 827 2133 conferuntur,
847 2076 901 2119 ut
930 2066 1171 2139 duplum,
1204 2050 1469 2138 simplum,
1502 2054 1689 2129 multa.
1722 2087 1908 2140 pauca,
1953 2072 2066 2143 lon-

478 2173 619 2228 gum,
648 2157 811 2222 breue,
844 2156 1038 2231 majus,
1064 2162 1251 2214 minus.
1289 2162 1607 2233 suntratiam
1631 2163 1736 2217 alia
1760 2144 1910 2218 valde
1936 2180 2065 2216 con-

476 2251 635 2302 traria
661 2266 774 2321 quae
799 2254 1125 2323 appellantur
1166 2240 1425 2323 negantia,
1458 2233 1516 2308 ea
1560 2252 1857 2327 ’ἀπέοφατικά
1899 2253 2069 2310 ϐηεεὶ

458 2342 735 2417 contraria
757 2345 1002 2398 aientibus
1037 2349 1076 2409 ',
1110 2355 1166 2398 ut
1196 2346 1241 2399 si
1272 2345 1366 2398 hoc
1395 2356 1490 2413 est,
1512 2346 1647 2400 illud
1678 2363 1782 2425 non
1808 2355 1898 2401 est.
1931 2347 2067 2412 Quid

477 2434 611 2488 enim
627 2452 753 2504 opus
765 2438 996 2508 exemplo
1015 2434 1087 2491 est
1104 2438 1129 2519 ?‘
1148 2448 1345 2491 tantum
1365 2438 1686 2509 intelligatur
1706 2442 1759 2492 in
1771 2447 2069 2509 argumento

479 2515 1046 2595 quaerendo’contrariis
1073 2515 1304 2583 omnibus
1333 2532 1591 2584 contraria
1617 2547 1717 2585 non
1733 2532 2016 2586 convenire.

554 2610 773 2689 Divisio,
807 2622 1125 2679 differentia:
1163 2608 1306 2691 loco,
1347 2640 1490 2679 nunc
1533 2625 1600 2679 de
1631 2625 1916 2679 centrariis
1955 2633 2070 2679 tra-

484 2718 612 2781 ctat.
668 2713 846 2779 Quare
891 2715 970 2768 uti
1020 2730 1197 2769 rerum
1248 2716 1384 2770 ordo
1434 2715 1632 2791 clarius
1688 2715 2067 2793 colliquescat,

466 2796 828 2887 ‘pauca‘mihi
879 2822 946 2863 ex
999 2809 1292 2865 Aristotele
1340 2810 1603 2865 sumenda
1652 2820 1777 2867 sunt
1817 2826 1937 2881 quae
1979 2810 2070 2866 ille

484 2897 568 2951 vir
592 2900 829 2954 omnium
861 2900 1017 2971 longe
1046 2900 1390 2958 doctissimus
1422 2905 1491 2959 de
1522 2906 1621 2959 hac
1659 2904 1925 2961 divisione
1961 2914 2071 2960 tra-

491 2990 689 3056 ctavit,
720 3008 1020 3063 quanquam
1050 2996 1120 3051 M.
1166 2997 1375 3071 Tullius
1424 3014 1485 3052 re
1529 2998 1744 3067 quidem
1792 2998 2069 3054 Aristoteli

489 3084 603 3140 fere
630 3088 932 3152 consentit,
964 3089 1058 3143 sed
1103 3090 1170 3143 ab
1201 3105 1267 3144 eo
1312 3093 1586 3145 nominum
1631 3092 2071 3159 interpretatione

2170 1880 2245 1935 ria
2275 1880 2491 1948 semper
2522 1881 2573 1934 in
2606 1870 2717 1935 Suis
2750 1880 3107 1949 qualitatibus
3152 1881 3567 1937 considerantur
3594 1899 3608 1946 ;
3650 1880 3760 1949 pri-

2146 1958 2412 2035 vationes
2442 1980 2620 2025 autem
2642 2013 2657 2036 ,
2693 1987 2798 2026 non
2828 1974 2969 2040 quod
3001 1972 3132 2042 ipsa:
3158 1975 3266 2027 sint
3291 1974 3493 2043 aliquid
3514 2015 3530 2037 ,
3563 1976 3657 2028 sed
3691 1990 3759 2030 ex

2150 2048 2383 2133 habitus
2412 2063 2652 2117 absentia
2671 2063 3031 2133 colliguntur;
3064 2080 3236 2135 neque
3262 2066 3406 2120 enim
3434 2067 3652 2121 cmcitas
3675 2074 3763 2120 est

2172 2155 2370 2225 aliquid
2393 2197 2407 2221 ,
2454 2156 2547 2209 sed
2579 2171 2605 2208 a
2638 2157 2781 2211 visus
2811 2157 3121 2225 intelligitur
3150 2160 3403 2215 abscessu
3442 2178 3457 2212 :
3484 2171 3592 2214 tam
3624 2175 3754 2214 vero

2173 2248 2404 2317 privatio
2438 2262 2593 2317 quam
2624 2248 2978 2311 contrarietas
3020 2249 3201 2305 diﬂ‘ert
3230 2266 3259 2304 a
3289 2248 3568 2307 relationis
3597 2265 3763 2320 oppo-

2118 2376 2119 2379 η
2156 2328 2399 2411 sitione,
2434 2340 3213 2414 eofquod‘nequecontraria,"
3253 2359 3428 2414 neque
3469 2344 3764 2415 privatoria

2154 2432 2331 2509 psimul
2376 2447 2497 2487 esse
2524 2438 2795 2502 ‘possunt;
2845 2435 2986 2490 idem
3028 2436 3172 2491 enim
3218 2436 3272 2489 in
3314 2450 3421 2489 uno
3467 2430 3766 2503 eodemque

2158 2536 2461 2601 tempore,
2490 2543 2599 2582 uno
2628 2528 2930 2599 eodemque
2956 2531 3162 2584 inloco
3202 2530 3381 2585 album
3420 2538 3476 2585 et
3519 2531 3764 2600 nigrum,

2158 2622 2363 2693 .videns
2390 2630 2442 2676 et
2474 2635 2678 2677 caecum
2706 2638 2826 2677 esse
2856 2640 2962 2677 non
3006 2612 3236 2695 poterit;
3274 2623 3365 2678 sed
3396 2624 3621 2707 relativa
3651 2641 3679 2677 a
3708 2640 3766 2679 se

2177 2721 2452 2784 nequeunt
2497 2715 2781 2783 separari,
2814 2730 2987 2784 neque
3031 2715 3175 2769 enim
3202 2722 3397 2784 ‘potest
3445 2730 3569 2771 esse
3621 2718 3765 2770 ﬁlius

2162 2806 2294 2861 .sine
2327 2818 2507 2875 patre,
2557 2821 2659 2862 nec
2699 2822 2919 2876 servus,
2966 2808 3009 2860 si
3054 2807 3455 2863 dominus'non
3503 2808 3593 2862 sit.
3643 2810 3765 2863 Am-

2178 2900 2320 2968 plius
2347 2939 2362 2965 ,
2394 2899 2662 2954 contraria
2691 2900 2758 2954 ad
2790 2915 2849 2953 se
2875 2908 2928 2953 et
2957 2899 3245 2968 privatoria
3288 2916 3394 2954 non
3434 2899 3767 2955 referuntur.

2170 2988 2357 3061 Nemo.
2377 2989 2518 3044 enim
2548 2989 2676 3045 dicit
2705 2989 3055 3060 albumnigri
3078 3030 3095 3057 ,
3138 2991 3225 3046 vel
3268 2991 3479 3061 nigrum
3513 2991 3652 3055 albi,
3687 2993 3765 3047 vel

2177 3086 2475 3140 caecitatem
2506 3086 2685 3153 visus,
2715 3085 2799 3140 vel
2837 3086 3005 3139 visum
3044 3086 3323 3141 czecitatis.
3364 3087 3497 3152 Quae
3543 3101 3673 3140 vero
3716 3086 3769 3143 in

490 3174 735 3229 diversus
766 3185 867 3231 est.
898 3168 1028 3231 Nam
1061 3194 1191 3251 quae~
1214 3180 1530 3236 Aristoteles
1572 3183 1813 3251 opposita
1837 3224 1850 3247 ,
1895 3183 1947 3237 id
1990 3194 2073 3240 est
2103 3173 2147 3235 C
2178 3179 2441 3233 relatione
2471 3188 2594 3233 sunt
2627 3180 2799 3248 posita
2826 3179 2880 3234 in
2912 3180 3023 3249 ipsa
3046 3179 3361 3235 ‘relationis'
3386 3180 3771 3250 praedicatione

494 3267 848 3339 ἀντικείμενα,
878 3279 1067 3349 vocat,
1104 3286 1168 3327 ea
1215 3273 1421 3343 Tullius
1473 3276 1746 3331 contraria
1793 3276 2070 3345 nominat;

494 3357 587 3409 sed
634 3357 748 3414 haec
801 3362 957 3430 paulo
1012 3362 1303 3433 posterius.
1368 3366 1520 3421 Nunc
1549 3369 1853 3424 Aristotelis
1880 3369 2075 3426 divisio

480 3450 879 3523 consideretur.
913 3454 1297 3525 Oppositorum
1342 3457 1503 3528 igitur
1529 3460 1824 3515 secundum
1870 3462 2076 3517 Aristo-

414 3616 421 3621 .
482 3541 648 3617 telem
680 3543 781 3597 alia
811 3557 937 3601 sunt
961 3550 1289 3621 contraria,»
1313 3550 1417 3606 alia
1462 3552 1692 3622 privatio
1730 3563 1785 3609 et
1826 3554 2072 3622 habitus,

489 3633 590 3688 alia
622 3636 874 3703 relativa,
904 3640 1010 3694 alia
1036 3642 1482 3699 contradictoria.
1516 3646 1796 3702 Contraria
1822 3648 2072 3716 quidem,

490 3733 550 3778 ut
596 3726 772 3781 album
818 3738 977 3798 atque
1021 3731 1527 3805 nigrum;;hab,itus
1567 3751 1698 3791 vero
1727 3746 1783 3790 et
1815 3737 2073 3805 privatio,

486 3823 546 3893 ut
576 3816 723 3870 visus
752 3828 806 3871 et
829 3820 1081 3887 crecitas,
1112 3822 1345 3893 dignitas
1387 3836 1441 3882 et
1483 3828 1811 3897 indignitas;
1854 3829 2078 3884 relativa

491 3918 641 3973 vero,
672 3918 731 3963 ut
764 3919 931 3977 pater,
954 3913 1121 3980 filius,
1149 3916 1419 3986 dominus,
1456 3936 1687 3985 servus;
1719 3924 2081 3979 contradicto-

492 4000 604 4087 ria,
632 4009 688 4056 ut
712 4011 795 4056 est
820 4003 1106 4087 dies,‘non
1137 4018 1222 4063 est
1250 4009 1367 4066 dies
1395 4030 1408 4064 :
1445 4013 1634 4068 horum
1664 4016 1903 4071 omnium
1937 4018 2071 4073 tales
2110 4080 2115 4083 _

497 4086 637 4144 inter
661 4106 719 4146 se
746 4086 1063 4152 differentia:
1091 4100 1521 4167 considerantur.
1558 4106 1690 4159 Nam
1718 4121 1839 4176 quae
1865 4103 2081 4165 contra-

496 4180 572 4235 ria
604 4193 761 4250 sunt,
798 4189 993 4254 partim
1026 4190 1450 4258 mediata-suut,
1505 4196 1699 4263 partim
1744 4199 2080 4255 veromedio

495 4268 700 4328 carent.
728 4269 955 4333 Mediata
987 4288 1147 4347 sunt,
1179 4291 1238 4337 ut
1265 4284 1444 4339 album
1467 4326 1481 4350 ,
1527 4288 1735 4356 nigrum
1766 4304 1778 4341 :
1810 4292 1911 4343 est»
1931 4291 2075 4345 enim

495 4359 687 4418 horum
716 4368 924 4423 medius
950 4374 1174 4441 quilibet
1196 4375 1333 4429 alius
1356 4376 1528 4443 color,
1561 4391 1618 4432 ut
1638 4380 1834 4435 rubens
1862 4383 1943 4436 vel
1969 4383 2081 4450 pal-

413 4470 418 4475 '
496 4452 725 4521 Iidus,et
747 4457 939 4515 horum
958 4466 1351 4521 contrariorum
1377 4484 1482 4523 non
1509 4485 1733 4537 necesse
1754 4474 2079 4530 estalterum

2175 3271 2498 3339 consistunt,
2516 3281 2571 3324 ut
2584 3271 2803 3340 duplum
2820 3264 3045 3337 dimidii,
3060 3271 3491 3337 dominusservi,
3506 3281 3559 3326 et
3575 3282 3769 3326 caetera

2176 3360 2242 3415 ad
2266 3361 2405 3416 hunc
2422 3362 2810 3416 modum-Tam
2830 3360 3425 3432 verocontraria'quam
3453 3364 3618 3417 etiam
3640 3364 3769 3418 rela-

2179 3454 2352 3509 tiones
2379 3454 2637 3510 dill‘erunt
2659 3472 2687 3509 a
2711 3446 3242 3522 contradiétionibns,
3267 3456 3521 3526 quaniam
3551 3470 3767 3512 contra-

2177 3532 2441 3603 dictiones
2471 3548 2686 3617 quidem
2708 3562 2922 3617 semper
2952 3549 3003 3603 in
3021 3548 3263 3603 oratione
3284 3550 3611 3611 consistunt,
3636 3559 3689 3602 et
3718 3549 3768 3605 in

2178 3641 2342 3695 altera
2366 3654 2549 3695 earum
2572 3651 2721 3709 parte
2738 3647 2955 3704 veritas,
2973 3642 3022 3694 in
3046 3644 3214 3696 altera
3243 3640 3767 3704 falsiitas’invenitnr;

2179 3734 2447 3786 contraria
2474 3746 2604 3787 vero
2630 3740 2684 3787 et
2722 3732 3005 3801 p'rivatoria'
3041 3740 3096 3788 et
3122 3733 3415 3787 relationes
3460 3733 3513 3785 in
3561 3732 3770 3799 simpli-

2180 3826 2333 3880 cibus
2364 3827 2604 3894 partibus
2631 3825 2891 3881 orationis
2922 3826 3190 3881 invenitur
3206 3825 3766 3899 [ansinveniunturi],

2180 3929 2234 3971 et
2264 3917 2317 3971 in
2352 3919 2432 3972 bis
2457 3922 2626 3988 neque
2653 3916 2851 3973 veritas
2877 3926 3048 3988 neque
3074 3908 3275 3973 falsitas
3301 3919 3459 3973 inest.
3489 3918 3625 3973 Nam
3651 3934 3770 3973 cum

2181 4007 2303 4063 dico
2323 4009 2533 4073 album,
2559 4008 2790 4078 nigrum,
2814 4011 3050 4074 caecitas,
3074 4009 3243 4074 visus,
3268 4009 3539 4073 dominus,
3564 4022 3772 4072 servus,

2182 4095 2451 4166 simplices
2476 4099 2734 4152 orationis
2766 4098 2944 4167 partes
2972 4105 3126 4165 sunt,
3151 4114 3325 4169 neque
3345 4114 3531 4153 verum
3549 4140 3564 4162 ,
3594 4111 3768 4166 neque

2183 4189 2519 4244 mendacium
2549 4190 2916 4256 continentes;
2940 4192 2991 4244 in
3014 4186 3340 4260 simplicibus
3366 4189 3510 4244 enim
3538 4191 3773 4259 partibus

2183 4280 2443 4347 orationis
2463 4282 2655 4335 veritas
2677 4281 2761 4335 vel
2784 4280 2987 4335 falsitas
3008 4282 3282 4336 n’ulla‘est:
3312 4295 3433 4336 cum
3455 4289 3636 4336 autem
3658 4281 3775 4337 dico

2184 4370 2300 4426 dies
2329 4381 2447 4437 est,
2482 4371 2597 4427 dies
2626 4387 2730 4428 non
2776 4382 2883 4438 est,
2920 4383 3158 4443 utrmque
3204 4375 3639 4443 propositiones,
3673 4388 3775 4428 una

2188 4462 2243 4515 in
2275 4461 2665 4526 affirmatione,
2691 4464 2858 4518 altera
2887 4465 2939 4519 in
2970 4466 3251 4535 negatione
3277 4466 3447 4535 posita
3466 4506 3483 4533 ,
3508 4467 3778 4520 orationes

498 4561 713 4614 semper
740 4549 919 4607 inesse
948 4555 1284 4623 corporibus.
1315 4557 1499 4628 Neque
1528 4562 1670 4614 enim
1702 4576 2085 4634 omne-corpus
2110 4543 2165 4603 Ι)
2191 4565 2337 4609 sunt.
2389 4556 2495 4611 Sed
2530 4558 2598 4610 Μ.
2636 4556 2843 4610 Tullius
2890 4572 2995 4611 non
3041 4568 3147 4612 tam
3191 4557 3426 4628 propriis
3470 4559 3777 4612 nominibus

500 4646 590 4690 aut
620 4639 798 4695 album
827 4652 919 4697 aut
948 4644 1162 4711 nigrum
1193 4656 1314 4724 est;
1343 4650 1439 4725 sed
1470 4651 1752 4720 aliquoties
1796 4654 1846 4708 in
1890 4655 2083 4712 horum

502 4728 787 4786 medietate
811 4742 895 4788 est
935 4738 1287 4794 constitutum
1309 4782 1323 4806 ,
1350 4752 1407 4796 ut
1444 4744 1895 4802 sitrubrumvel
1938 4750 2089 4817 palli-

499 4823 648 4877 dum.
683 4825 993 4884 lmmediata
1024 4846 1154 4887 vero
1195 4837 1463 4909 contraria
1513 4850 1639 4905 sunt
1682 4856 1909 4910 quorum
1955 4842 2088 4898 nihil

499 4916 737 4973 medium
772 4922 968 4986 poterit
997 4922 1226 4980 inveniri
1250 4971 1263 4995 ,
1299 4937 1358 4983 ut
1385 4929 1620 4999 gravitas
1648 4942 1701 4985 et
1731 4933 1962 4988 levitas:
1991 4934 2089 4990 lto-

502 5021 619 5061 rum
649 5011 793 5065 enim
827 5013 958 5067 nihil
988 5017 1069 5068 est
1102 5013 1358 5072 medium.
1386 5020 1532 5093 .Nam
1578 5038 1699 5091 quzc
1746 5024 1880 5077 levia
1925 5034 2085 5094 sunt,

504 5111 717 5154 sursum
746 5101 1009 5172 feruntur,
1040 5123 1160 5177 quin
1188 5112 1365 5181 gravia
1390 5152 1405 5176 ,
1434 5113 1705 5168 deorsum.
1736 5116 1884 5182 Quod
1911 5125 2089 5173 autem

503 5190 575 5245 sit
602 5207 798 5263 corpus
848 5198 988 5266 quod
1039 5216 1213 5269 neque
1252 5219 1463 5257 sursum
1510 5222 1682 5275 neque
1720 5207 1965 5262 deorsum
2008 5202 2125 5265 [θον

502 5293 673 5351 ratur,
706 5288 837 5342 nihil
869 5293 1068 5359 poterit
1101 5297 1350 5349 inveniri.
1383 5296 1489 5352 Sed
1524 5300 1831 5353 immediata
1874 5308 2091 5355 contra-

504 5377 586 5431 ria
613 5379 735 5431 talia
768 5391 921 5447 sunt,
958 5393 1008 5436 ut
1040 5384 1265 5439 alterum
1296 5402 1481 5442 eorum
1531 5392 1613 5443 cui
1646 5400 1819 5458 potest
1850 5392 2094 5448 accidere

504 5480 716 5536 semper
750 5470 1009 5526 iliilﬂll‘t‘ﬂl
1030 5516 1044 5538 ,
1076 5486 1127 5528 ut
1160 5480 1211 5529 in
1240 5479 1516 5547 proposito
1545 5482 1791 5548 superius
1822 5483 2089 5552 exemplo.

503 5557 736 5616 Necesse
783 5574 865 5615 est
920 5565 1060 5617 enim
1113 5582 1273 5621 omne
1325 5584 1519 5638 corpus
1565 5572 1648 5625 vel
1678 5571 1793 5625 leve
1837 5587 1958 5627 esse
2007 5574 2091 5629 vel

504 5664 668 5720 grave
688 5694 701 5717 ,
736 5652 855 5721 quia
890 5655 1076 5708 levitas
1107 5666 1161 5710 ct
1189 5660 1421 5727 gravitas
1451 5660 1682 5715 medium
1716 5678 1823 5719 non
1854 5663 2086 5735 habent,

571 5784 587 5803 '
624 5772 997 5837 Legendumue,
1022 5791 1079 5829 ea
1101 5794 1303 5842 ἀπσᾳαιιυιά
1326 5784 1509 5836 Graecis
1525 5785 1798 5839 aientibus?

2189 4661 2347 4715 quam
2381 4646 2679 4702 notioribus
2710 4647 2877 4701 utitur
2904 4665 2917 4713 ;
2950 4649 3200 4702 ait'enim
3228 4650 3638 4703 contrariorum
3677 4648 3776 4700 alia

2192 4752 2316 4810 esse
2347 4754 2466 4806 qua:
2495 4738 2722 4794 adversa
2758 4751 3041 4805 vocantur,
3060 4738 3175 4795 alia
3205 4757 3322 4812 qua:
3351 4743 3650 4812 privantia,
3680 4743 3774 4795 alia

2193 4848 2312 4901 quae
2344 4833 2396 4886 in
2428 4835 2831 4903 comparatione
2860 4843 3007 4897 sunt,
3034 4833 3147 4887 alia
3191 4848 3309 4901 quae
3354 4833 3550 4886 aientia
3593 4844 3649 4885 et
3689 4847 3775 4887 ne-

2195 4927 2375 4996 gantia
2422 4930 2829 4995 nuncupantur.
2881 4925 2987 4981 Sed
3035 4941 3152 4996 qua:
3196 4925 3777 4989 contrarianominat,

2196 5020 2440 5087 opposita
2470 5020 2654 5075 verius
2683 5019 3028 5083 dicerentur;
3064 5034 3182 5089 qua:
3212 5017 3433 5071 adversa
3456 5016 3590 5071 dicit
3611 5061 3625 5085 ,
3652 5031 3777 5070 con-

2196 5111 2482 5165 trariorum
2502 5112 2706 5166 melius
2735 5112 3069 5181 susciperent
3115 5124 3306 5167 nomen
3335 5127 3349 5175 ;
3379 5124 3501 5179 quae
3530 5109 3581 5162 in
3614 5109 3779 5163 colla-

2202 5206 2348 5261 tione
2394 5206 2674 5271 nominat,
2721 5220 2784 5260 ea
2833 5204 3054 5259 relativa
3098 5204 3183 5257 vel
3228 5203 3294 5257 ad
3337 5202 3538 5270 aliquid
3586 5202 3778 5255 certius

2197 5307 2521 5353 vocarentur
2543 5316 2556 5351 :
2576 5296 2669 5352 sed
2701 5303 2877 5351 utatur
2908 5295 3212 5351 nominibus
3244 5304 3301 5349 ut
3329 5294 3505 5361 volet,
3536 5293 3665 5347 dum
3696 5306 3776 5344 res

2202 5389 2331 5458 ipsa:
2371 5398 2518 5445 certa
2560 5389 2898 5458 proprietatis
2942 5403 3052 5443 suae
3098 5384 3308 5443 ratione
3331 5388 3652 5456 signentur;
3687 5396 3776 5437 nos

2202 5495 2332 5535 vero
2364 5482 2417 5535 in
2450 5482 2670 5536 caeteris
2700 5494 2834 5550 quos
2863 5480 3126 5534 edidimus
3157 5480 3307 5534 libris
3344 5491 3411 5533 eo
3452 5475 3793 5546 uuncupavi-'

2202 5588 2320 5627 mus
2350 5574 2543 5639 modo,
2575 5589 2680 5643 quo
2723 5572 2969 5641 superius
3013 5572 3063 5626 in
3109 5570 3412 5627 Aristotelis
3455 5569 3659 5622 dictum
3704 5577 3778 5625 est

2202 5664 2479 5720 divisione.
2514 5662 2818 5720 Secundum
2837 5662 2906 5718 M.
2935 5662 3163 5718 Tullium
3196 5663 3354 5733 igitur
3380 5661 3776 5716 contrariorum
