4036 6336
294 322 426 378 1121
656 358 663 365 ς
1149 316 1213 372 IN
1251 317 1497 373 TOPICA
1535 315 1897 374 CICERONIS
1934 318 2463 382 COMMENTARIA.
2507 326 2613 382 LIB
2654 326 2740 383 IV.
3422 342 3558 397 ηεξ

288 438 391 491 alia
420 441 547 490 sunt
574 432 795 488 adversa
817 472 832 498 ,
864 442 921 487 ut
959 433 1224 502 sapientia
1244 472 1259 497 ,
1299 432 1560 497 stultitia;
1604 431 1709 486 alia
1752 431 1864 501 pri-
1894 434 1948 494 Α
1974 431 2365 494 ﬁrmationibus
2396 450 2448 497 et
2476 447 2849 515 negationibus
2878 452 3052 521 posita
3082 462 3238 519 sunt,
3269 461 3327 508 ut
3367 454 3410 508 si
3453 458 3556 514 hoc

286 530 466 584 vanlia
496 570 512 594 ,
540 538 601 584 ut
628 527 858 597 dignitas
886 536 940 581 et
976 527 1303 599 indignitas;
1338 526 1438 580 alia
1471 542 1589 600 qua:
1620 542 1740 582 cum
1773 526 1879 603 alig
1983 534 2099 589 est,
2132 527 2263 582 illud
2292 545 2397 586 non
2429 544 2538 598 est,
2572 539 2736 594 veluti
2770 543 2813 596 si
2844 542 2957 598 dies
2985 553 3095 609 est,
3142 560 3248 600 nox
3291 561 3396 602 non
3440 560 3551 615 cst,

285 636 398 691 quo
442 618 820 683 conferuntur,
869 627 927 672 ut
967 618 1221 688 duplum,
1267 617 1563 685 simplum;
1610 616 1716 671 alia
1758 631 1880 687 qua
1984 624 2142 685 atque
2191 618 2328 676 hanc
2368 627 2760 692 uppositiouem
2807 632 2994 691 Cicero
3044 639 3196 695 valde
3250 641 3379 695 dicit
3432 659 3553 701 esse

285 713 953 791 appellantur/negantia,
1000 730 1033 769 e
1069 714 1338 770 contrario
1377 713 1641 770 aientibus
1680 714 1898 769 constio'

194 820 205 825 ‘
287 820 443 877 tuta,
477 816 537 863 ut
564 809 612 863 si
655 806 758 863 hoc
801 817 915 874 est,
957 807 1089 863 illud
1136 822 1242 862 non
1285 816 1387 863 est.
1436 806 1673 863 Adversa
1715 808 1878 877 igitur

220 962 223 965 λ
286 912 412 957 sunt
441 916 559 972 quae
582 940 597 965 ,
628 900 727 955 sub
757 915 865 955 uno
891 915 1089 972 genere
1132 903 1303 970 posita
1327 940 1343 966 ,
1389 900 1680 969 plurimum
1723 901 1877 956 ditie-

285 1001 441 1056 runt,
476 1001 532 1045 ut
560 992 775 1059 album,
833 990 1075 1063 nigrum,
1123 995 1316 1061 quaa’a
1356 1005 1416 1046 se
1460 991 1748 1060 plurimum
1794 992 1879 1047 di-

284 1090 433 1138 stant
461 1083 563 1137 sub
594 1098 701 1137 uno
731 1097 927 1153 genere
956 1083 1161 1151 posita,
1191 1081 1246 1137 id
1272 1092 1358 1138 est
1382 1084 1483 1138 sub
1508 1083 1709 1138 colore.
1741 1082 1871 1140 Item

285 1175 550 1230 celeritati
582 1175 806 1229 tarditas
833 1173 1057 1228 adversa
1098 1183 1217 1240 est,
1267 1174 1455 1243 positis
1496 1174 1735 1244 utrisque
1772 1174 1872 1231 sub

286 1274 433 1321 motu
460 1308 476 1332 ,
531 1280 702 1333 neque
748 1265 891 1320 enim
938 1264 1499 1319 celeritatiedebilitas‘
1544 1265 1864 1335 opponenda

282 1367 385 1421 est,
413 1358 535 1427 quia
562 1356 829 1411 debilitati
857 1358 1007 1411 ﬁrma
1036 1357 1281 1411 valetudo
1307 1358 1706 1429 contraria‘est,
1725 1357 1868 1427 quod

282 1454 336 1505 in
365 1451 629 1506 divisione
656 1450 839 1505 omisit
867 1450 1083 1517 Cicero,
1114 1451 1210 1507 sed
1235 1451 1421 1506 docuit
1452 1453 1702 1522 exemplo
1727 1470 1743 1518 ;
1776 1452 1863 1506 illa
1902 1439 1917 1456 ’

281 1557 496 1612 quoque
533 1541 787 1595 dicuntur
828 1541 1086 1607 adversa,
1136 1556 1289 1610 quae,
1336 1543 1388 1596 iu
1432 1543 1662 1603 diversis
1704 1558 1883 1613 gene-.

280 1634 428 1687 ribus
458 1633 560 1687 sita
581 1674 595 1697 ,
630 1632 917 1701 plurimum
947 1649 976 1685 a
1008 1647 1069 1687 se
1115 1632 1423 1703 discrepare
1469 1634 1860 1711 intelliguntur,

281 1730 339 1776 ut
365 1722 641 1791 sapientia:
671 1723 915 1777 stultitia.
945 1721 1040 1775 Illa
1067 1724 1208 1777 enim
1240 1722 1340 1777 sub
1365 1740 1560 1797 genere
1591 1726 1715 1778 boni
1740 1734 1885 1792 est,»

1980 711 2327 803 contrariam.
2363 716 2439 770 Ex
2470 720 2660 787 quibus
2690 727 2942 782 omnibus
2972 733 3266 787 secundum
3300 738 3549 803 superius

1978 799 2183 893 dictum
2215 805 2430 861 modum
2475 806 2907 883 argumentorum
2938 824 3161 879 facultas
3188 836 3299 893 est,
3331 799 3451 883 nam
3485 847 3549 886 ex

1976 892 2212 950 relativis
2242 898 2527 956 contrariis
2556 906 2626 959 ita
2657 910 2919 968 sumimus
2946 927 3349 986 argumentum:
3384 922 3426 974 si
3459 937 3552 990 pa-

1977 988 2057 1081 ter
2087 992 2202 1051 est,
2237 986 2353 1042 ﬁeri
2381 1004 2697 1062 nonspotest
2723 1002 2850 1069 quin
2880 1005 2928 1057 ei
2958 994 3097 1059 ﬁlius
3125 1009 3212 1062 sit.
3248 1010 3320 1063 Ex
3354 986 3550 1081 negan-

1976 1073 2119 1174 tibus
2148 1087 2326 1176 autem
2355 1097 2473 1151 quas
2500 1088 2791 1162 ἀποφατικὰ
2829 1094 2925 1166 (qut
2954 1098 3065 1175 ait)
3113 1099 3283 1156 Grteci
3327 1073 3571 1176 vocant,

1975 1168 2050 1264 ita
2080 1184 2093 1219 :
2128 1168 2173 1223 si
2201 1172 2284 1264 sol
2312 1188 2473 1264 supra
2508 1187 2705 1233 terram
2737 1183 2866 1249 fuit,
2900 1174 3011 1243 noxi
3034 1205 3167 1255 esse,
3198 1209 3302 1249 non
3349 1168 3547 1264 potuit,

1973 1254 2090 1311 haec
2129 1260 2274 1356 enim
2305 1263 2596 1325 afﬁrmatio
2626 1270 2771 1328 illam
2805 1280 3019 1345 perimit
3058 1254 3423 1356 negationem;
3454 1254 3547 1346 cur

1969 1362 2101 1403 vero
2131 1350 2248 1407 haec
2277 1360 2528 1428 negantia
2558 1374 2695 1419 esse
2718 1369 3053 1425 constituerit.
3095 1350 3392 1433 niirardum
3411 1350 3541 1438 "est.

1967 1442 2258 1542 l‘lam‘quae
2308 1454 2555 1523 negantia
2602 1468 2726 1513 sunt
2778 1462 3055 1539 aientibus
3087 1468 3443 1542 opponuntur,
3490 1484 3546 1532 et

1971 1535 2133 1592 simul
2166 1555 2287 1597 csse
2317 1562 2421 1599 non
2463 1563 2719 1622 possunt,
2755 1565 2812 1609 ut
2840 1556 2981 1611 diem
3014 1574 3133 1615 esse
3162 1578 3224 1618 ac
3262 1566 3401 1619 diem
3435 1566 3574 1624 non‘

1966 1640 2122 1723 esse,
2154 1630 2775 1710 hocaveroeconsequens
2820 1656 2901 1700 est
2945 1664 3065 1703 cum
3107 1650 3181 1705 ita
3227 1654 3453 1723 dicatur,
3496 1662 3542 1715 si

1967 1716 2071 1772 hoc
2101 1724 2381 1789 est,~illud
2413 1743 2519 1782 non
2550 1740 2658 1797 est,
2690 1741 2748 1787 ut
2773 1736 2817 1789 si
2848 1737 2965 1792 dies
2991 1749 3104 1805 est,
3141 1759 3244 1797 nox
3285 1761 3391 1800 non
3433 1716 3535 1803 est.
3566 1740 3567 1743 “

282 1818 397 1872 haec
437 1830 564 1872 vero
590 1817 689 1871 sub
714 1816 839 1871 mali
859 1856 876 1882 ,
905 1832 1205 1886 quanquam
1228 1816 1529 1885 huiusmodi
1556 1820 1875 1891 exemplum

1967 1811 2139 1879 Atque
2179 1815 2597 1874 al’ﬁrmationem
2643 1827 3092 1898 negationemQue
3134 1832 3338 1889 Tullius
3385 1838 3540 1893 valde

278 1910 632 1980 privationem
662 1912 839 1981 potius
868 1924 1114 1982 spectare
1141 1911 1419 1977 videatur;
1461 1928 1580 1967 nam
1628 1914 1854 1969 stultitia
1882 1952 1885 1959 ι

281 2004 619 2074 privatioest
648 2004 955 2073 sapientiae,
989 2018 1088 2058 nec
1115 2005 1403 2075 quidquam
1435 2014 1515 2058 est
1544 2005 1690 2059 aliud
1720 2007 1883 2075 stul-.

279 2098 394 2153 titia
438 2096 539 2151 nisi
587 2090 863 2163 sapientia:
910 2094 1555 2167 etrationis,absentia;
1602 2097 1698 2152 sed
1740 2112 1885 2167 quas.

280 2191 388 2244 siut
433 2204 552 2258 qum
591 2188 857 2258 privantia
898 2188 1090 2243 Cicero
1136 2190 1405 2258 appellat,
1456 2190 1733 2259 posterius.
1760 2190 1885 2247 de-.

280 2283 616 2339 monstrabo.
645 2284 721 2338 Ex
750 2284 834 2337 bis
862 2283 1104 2338 adversis
1130 2283 1230 2337 hoc
1252 2283 1421 2349 modo
1446 2284 1679 2338 sumitur
1702 2299 1886 2355 argu-.

280 2388 539 2431 mentum.
584 2375 641 2431 Si
684 2375 963 2430 stultitiam
1007 2375 1268 2445 fugimus,
1312 2376 1629 2443 sapientiam
1671 2390 1881 2445 sequar

279 2483 436 2533 mur;
467 2468 512 2521 si
543 2467 836 2522 bonitatem
878 2468 1211 2539 appetimus,
1242 2467 1522 2522 malitiam
1546 2466 1857 2538 :fugiamu's,

280 2572 581 2627 quanquam
626 2558 830 2611 malitia
869 2572 1103 2626 quoque,
1125 2556 1417 2612 secundum
1455 2557 1700 2612 eumdem
1741 2572 1879 2613 mo-;

281 2650 407 2705 dum
456 2651 548 2720 qui
589 2651 837 2719 superius
879 2650 1052 2705 dictus
1093 2660 1209 2716 est,
1259 2651 1648 2721 privationibus
1694 2653 1861 2721 p05slt

280 2743 520 2812 adjungi.
565 2730 1317 2807 PrivantiaveroseCundum
1346 2744 1660 2799 Ciceronem
1698 2732 1878 2812 sunt,‘

280 2850 399 2903 qua:
421 2831 606 2889 Graece
644 2836 932 2904 στερητικὰ
967 2834 1321 2901 appellantur,
1355 2850 1474 2903 qua:
1507 2834 1708 2887 habent
1738 2850 1857 2889 eam

281 2938 489 2998 partem
520 2928 780 2981 orationis
812 2928 1153 2995 prmpositam
1178 2944 1205 2994 ,·
1225 2934 1501 2995 quaecum
1525 2926 1684 2981 fuerit
1706 2926 1883 2996 _adje-.

286 3030 373 3075 cta
397 3060 412 3085 ,
441 3034 658 3088 semper
687 3018 804 3073 fere
848 3018 1045 3087 aliquid
1073 3018 1241 3073 demit
1272 3029 1328 3072 ut
1355 3034 1417 3073 ea
1448 3018 1571 3091 (in)
1602 3022 1881 3089 praeposi--

280 3111 386 3176 tio;
420 3110 535 3166 haec
561 3112 711 3177 enim
732 3111 935 3181 syllaba
961 3111 1045 3164 cui
1072 3109 1498 3179 fueritapposita
1517 3140 1541 3175 ,-
1560 3110 1882 3167 demittere.

281 3203 481 3273 aliquid
512 3218 578 3258 ex
610 3217 672 3257 ea
714 3204 787 3256 vi
810 3213 1141 3271 quam'esset
1164 3216 1276 3265 .res
1296 3203 1557 3272 quaslibet
1587 3203 1856 3272 habitura,
1882 3183 1951 3247 ο·

280 3297 325 3351 si
356 3297 409 3349 in
435 3295 695 3366 syllabam
726 3294 1070 3364 praepositam
1101 3309 1206 3349 non
1236 3296 1497 3363 haberet,
1527 3304 1587 3348 ut
1613 3295 1883 3351 liumani-.

281 3389 371 3442 tati
402 3388 805 3442 inhumanitas:
840 3389 892 3441 in
918 3371 1185 3456 namque
1217 3388 1503 3457 praeposita
1547 3386 1601 3441 id
1645 3388 1711 3441 de
1752 3404 1885 3457 quo.

287 3479 481 3533 dicitur
516 3477 891 3532 humanitate.
918 3478 1177 3545 privavit,
1224 3486 1281 3530 ut
1318 3477 1885 3547 dignitas,-indigni-.

280 3580 394 3636 tas;
422 3578 476 3623 et
502 3568 709 3622 Tullius
734 3567 948 3636 quidem
977 3582 1040 3622 ea
1069 3575 1272 3620 tantum
1302 3568 1567 3637 privantia
1584 3580 1712 3635 (esse
1734 3581 1862 3621 con-

282 3661 490 3725 ﬁrmat,
541 3660 591 3713 in
639 3659 1067 3730 quibuscunque‘
1095 3658 1301 3729 syllaba
1342 3661 1444 3714 ista
1489 3661 1856 3729 praeponitur:

279 3754 597 3824 privantium
625 3755 821 3823 quippe
853 3764 1042 3808 natura
1070 3754 1367 3809 secundum
1390 3753 1647 3819 .Tullium
1696 3756 1857 3826 hujus

279 3846 496 3918 syllabae
548 3848 1058 3911 commemoratione
1115 3847 1341 3914 linitur;
1405 3862 1435 3903 a
1491 3847 1889 3918 Peripateticis:

280 3954 408 3993 vero
450 3938 753 4007 accepimus
785 3938 1109 4011 privationes
1153 3954 1275 3994 cum
1320 3940 1650 4011 simplicibus
1688 3944 1883 3998 nomi-‘

280 4028 458 4094 nibus,
496 4038 606 4082 tum
639 4028 941 4098 privatoriis
970 4030 1193 4100 syllabis
1232 4030 1406 4087 eﬁ'erri
1430 4075 1444 4099 ,
1488 4049 1609 4089 cum
1657 4036 1889 4105 simpli-i

281 4120 436 4174 cibus
466 4120 802 4187 nominibus,
837 4132 895 4174 ut
923 4122 1169 4189 caecitas,
1201 4137 1322 4177 cum
1362 4126 1693 4193 privantibus
1730 4142 1887 4184 vero

279 4202 537 4280 syllabis,
572 4221 630 4265 ut
670 4212 988 4282 indignitas,
1024 4211 1407 4269 inhumanitas.
1443 4215 1737 4283 Quocirca,
1770 4234 1887 4274 εει-λ

278 4300 512 4356 cundum
542 4302 613 4357 Μ.
636 4301 873 4356 Tullium
892 4345 906 4369 ,
938 4302 1151 4356 caecitas
1177 4318 1283 4357 non
1309 4304 1413 4358 erit
1431 4306 1668 4374 privatio
1691 4308 1857 4375 visus,

278 4392 372 4447 sed
411 4394 463 4448 ei
504 4392 822 4460 adversum,
869 4403 1027 4463 atque
1067 4395 1267 4451 idcirco
1309 4397 1530 4453 forsitan
1580 4401 1889 4457 stultitiam‘

277 4486 421 4541 inter
449 4485 673 4541 adversa
698 4487 1037 4555 numeravit,
1069 4488 1323 4559 quoniam
1351 4505 1455 4544 non
1484 4491 1646 4546 habet
1671 4493 1724 4545 in
1750 4492 1889 4564 syI-A

1964 1900 2100 1956 dicit
2124 1920 2245 1960 esse
2270 1913 2596 1967 contrariam
2616 1955 2632 1982 ,
2665 1918 2759 1971 sed
2792 1924 2845 1972 in
2876 1921 2976 1976 hac
3016 1930 3397 1995 consequentia
3441 1946 3539 1987 ne-

1964 2007 2335 2093 queunt'_esse'
2361 2008 2629 2063 contraria
2655 2026 2839 2066 :rnam‘
2869 2016 3012 2084 quod
3049 2028 3133 2073 est
3168 2035 3535 2093 consequens,

1940 2084 2289 2145 contrarium
2322 2109 2426 2148 non
2443 2096 2557 2164 est;
2747 2146 2752 2151 .
2802 2106 2805 2110 ’

1998 2210 2001 2213 ‘
2034 2201 2109 2255 Ab
2134 2205 2393 2280 adjunctis
2426 2222 2593 2264 autem
2614 2217 2765 2284 posui
2801 2192 3029 2288 equidem
3058 2229 3349 2294 exemplum
3382 2235 3537 2298 paulo

1944 2302 2103 2360 tante,
2132 2298 2294 2350 multa
2332 2300 2549 2373 adjungi
2573 2322 2686 2370 quae
2710 2311 3240 2385 suscipiendaessent,
3265 2321 3309 2373 si
3330 2326 3539 2379 statuis-

1962 2397 2130 2438 semus
2148 2403 2210 2439 ea:
2220 2386 2388 2442 edicto
2404 2396 2682 2450 secundum
2700 2388 2786 2452 eas
2803 2402 2999 2459 tabulas
3017 2392 3382 2475 possessionem
3397 2418 3535 2485 dari,

1944 2478 2187 2547 equas'uis
2217 2480 2522 2539 instituisset
2552 2491 2633 2540 cui
2687 2498 2972 2561 testamenti
3000 2502 3158 2567 [actio
3210 2508 3358 2561 nulla
3389 2478 3537 2567 esset:

1930 2569 1943 2575 ”
1964 2570 2070 2624 Sed
2091 2573 2229 2625 locus
2255 2573 2300 2626 is
2335 2577 2495 2649 magis
2536 2579 2606 2631 ad
2648 2586 3018 2653 conjecturales
3049 2607 3232 2649 causas
3267 2614 3381 2666 qua:
3425 2618 3539 2656 ver-

1961 2671 2157 2757 santur
2175 2664 2227 2716 in
2250 2662 2470 2732 judiciis
2499 2670 2631 2723 valet
2645 2670 2671 2735 ,’
2685 2688 2801 2727 cum
2821 2681 3068 2745 quwritur
3087 2685 3211 2753 quid
3235 2662 3323 2741 aut
3353 2692 3437 2757 sit,
3453 2703 3540 2748 aut
3568 2666 3571 2667 ν

1943 2755 2208 2869 .e‘venerit’.
2358 2762 2590 2825 futurum
2611 2765 2698 2830 sit,
2728 2775 2817 2862 aut
2841 2770 2964 2837 quid
2988 2779 3194 2841 omnino
3218 2779 3330 2859 ﬁeri
3363 2755 3539 2851 possit.
3568 2840 3574 2869 1

1962 2846 2035 2897 Ac
2054 2847 2152 2899 loci
2179 2844 2380 2915 quidem
2422 2853 2581 2923 ipsius
2614 2850 2838 2925 formula
2868 2866 2994 2923 talis
3029 2876 3119 2921 est.
3165 2844 3417 2929 Admonet
3446 2895 3541 2932 au-

1960 2943 2062 2987 tem
2104 2936 2185 3033 hic
2226 2939 2367 2993 locus
2416 2952 2473 2995 ut
2514 2957 2771 3033 quwratur
2800 2954 2925 3021 quid
2962 2969 3079 3011 ante
3105 2975 3233 3031 rem,
3277 2966 3400 3033 quid
3427 2983 3541 3023 cum

1960 3042 2033 3088 re,
2058 3029 2180 3122 quid
2205 3042 2313 3122 post
2337 3050 2443 3086 rem
2471 3041 2725 3105 evenerit;
2746 3032 2879 3097 nihil
2904 3048 2998 3101 hoc
3024 3051 3092 3102 ad
3108 3029 3224 3122 jus.
3238 3029 3322 3108 At!
3343 3056 3543 3114 Cicero-

1965 3119 2358 3215 nem-inquiebat
2390 3122 2813 3197 Gallusnoster,
2840 3136 2887 3188 si
2911 3140 3025 3206 quis
3050 3119 3120 3193 ad
3139 3158 3255 3195 eum
3288 3149 3410 3215 quid
3439 3153 3540 3205 tale

1962 3209 2228 3274 retulerat,
2272 3226 2329 3264 ut
2369 3215 2430 3267 de
2461 3218 2599 3285 {acto
2642 3236 2987 3293 qumreretur;
3042 3240 3097 3284 tu
3149 3209 3317 3289 tamen
3346 3242 3543 3308 patiare

1964 3301 2159 3354 nullum
2186 3319 2217 3355 a
2256 3319 2337 3358 me
2357 3308 2483 3361 artis
2508 3310 2757 3367 instituta:
2786 3317 2951 3371 locum
2977 3326 3248 3394 praeteriri,
3278 3301 3543 3387 ne-sinihil
3578 3314 3581 3319 Ι
3643 3338 3657 3359 ‘

1964 3392 2062 3445 nisi
2086 3394 2223 3461 quod
2255 3398 2323 3449 ad
2366 3406 2413 3451 te
2441 3400 2690 3469 pertineat
2725 3408 3047 3464 scribendum
3077 3392 3297 3484 putaris,
3330 3423 3543 3479 nimium

1967 3495 2013 3538 te
2050 3503 2231 3577 amare
2259 3491 2451 3545 videar.
2485 3493 2579 3549 Est
2611 3498 2766 3567 igitur
2792 3518 2976 3571 magna
3014 3524 3076 3560 ex
3115 3522 3259 3577 parte
3283 3514 3422 3569 locus
3463 3519 3543 3575 hic

1966 3582 2237 3645 oratorius,
2260 3587 2532 3638 non‘modo
2559 3603 2659 3641 non
2684 3590 3187 3665 iurisconsultorum,
3220 3604 3310 3656 sed
3335 3622 3398 3661 ne
3428 3610 3543 3678 phi-

1967 3667 2297 3769 losophorum
2319 3677 2563 3743 quidem.
2590 3678 2591 3681 “
2616 3682 2748 3735 Ante
2784 3700 2891 3737 rem
2918 3689 3051 3741 enim
3092 3706 3393 3761 quaeruntur
3428 3667 3542 3769 oua:

1966 3760 2092 3813 talia
2134 3773 2274 3830 sunt,
2330 3766 2635 3847 apparatus,
2685 3774 2960 3845 colloquia,
3004 3760 3164 3850 locus,
3214 3760 3581 3848 constituium‘

1967 3855 2283 3954 convivium;
2328 3877 2443 3913 cum
2482 3878 2540 3916 re
2588 3876 2756 3920 autem
2789 3872 2972 3939 pedum
3021 3879 3257 3947 crepitus,
3301 3888 3542 3954 strepitus

1967 3945 2253 4014 hominum,
2278 3965 2545 4021 corporum
2574 3958 2784 4031 umbras,
2814 3971 2864 4015 et
2883 3964 3070 4034 siquid
3082 3945 3332 4038 ejusmodi
3351 3945 3423 4028 est
3445 3992 3463 4037 ,'
3491 3986 3543 4031 at

1968 4048 2084 4107 post
2106 4041 2453 4137 remppallor,
2486 4042 2679 4114 rubor,
2706 4042 2957 4122 titubatio,
2995 4066 3042 4109 et
3072 4059 3117 4111 si
3144 4075 3241 4128 qua
3266 4064 3369 4117 alia
3397 4067 3543 4137 signa

1969 4131 2375 4191 conturbationis
2390 4136 2796 4195 et'conscientiw.
2822 4142 3079 4200 Pratterea
3099 4152 3368 4209 restinctus
3390 4131 3543 4230 ignis,

1969 4222 2174 4291 gladius
2225 4237 2490 4293 cruentus,
2542 4242 2826 4303 cwteraque
2875 4254 2988 4307 qua:
3042 4244 3377 4313 suspicionem
3407 4222 3544 4321 ⁷[τιεά

1969 4327 2177 4383 possunt
2205 4333 2419 4373 movere.
3580 4326 3584 4331 I

2008 4407 2140 4473 Qui
2173 4411 2243 4462 sit
2274 4412 2341 4465 ab
2394 4412 2660 4482 adjunctis
2698 4417 2845 4473 locus
2887 4416 3331 4494 brevi'superius
3389 4449 3543 4491 tuon-

1969 4501 2155 4553 stravit
2179 4506 2447 4573 exemplo,
2477 4520 2545 4560 eo
2579 4508 2779 4565 scilicet
2809 4527 2916 4581 quo
2951 4515 3088 4571 dixit
3119 4536 3131 4571 :
3164 4521 3222 4575 Si
3249 4527 3542 4586 secundum

277 4576 460 4686 labam
490 4591 553 4632 ex
578 4591 697 4686 lqua
739 4578 1067 4686 priyationes
1109 4580 1437 4637 arbitrantur
1477 4583 1729 4639 existere.
1781 4586 1860 4642 Ex
1889 4565 1945 4626 Ῑ)
1971 4591 2217 4671 mulieris
2245 4565 2520 4665 nunquam
2552 4601 2724 4668 capite
2749 4565 3546 4686 (1ίὼίέιυῖεέἰξιιζυῖὲζξῦξξξζᾷξξ

277 4667 473 4737 quibus
502 4667 691 4723 eodem
722 4668 907 4735 modo,
941 4677 999 4723 ut
1027 4671 1079 4725 in
1108 4673 1354 4742 superius
1379 4675 1567 4744 positis
1592 4676 1890 4744 adversis;

276 4768 595 4831 argumenta
622 4760 932 4818 ducuntur:
960 4762 1406 4822 Inhumanitatem
1440 4783 1782 4837 aversemur,
1812 4773 1859 4827 si
1886 4816 1889 4819 .

282 4852 589 4906 humanitas
619 4854 979 4908 consectanda
1005 4863 1108 4912 est.
1144 4856 1236 4911 llla
1281 4872 1412 4913 vero
1453 4861 1759 4929 contraria,
1800 4872 1893 4918 ut'

276 4944 353 4998 ait
381 4943 589 4999 Tullius
614 4988 627 5012 ,
654 4960 771 5015 qua:
793 4959 916 5000 cum
938 4946 1120 5017 aliquo
1144 4948 1525 5019 conferuntur,
1543 4954 1665 5007 talia
1695 4964 1821 5008 sunt
1840 4999 1855 5025 ,
1889 4978 1895 4985 ·

232 5038 245 5046 ’
273 5045 336 5090 ut
363 5036 581 5104 duplum
610 5038 811 5107 simpli.
856 5037 913 5093 Id
945 5040 1278 5096 tantumdem
1308 5052 1391 5097 est
1420 5025 1677 5115 tanquam
1701 5049 1745 5101 si
1778 5047 1862 5103 di-
1888 5086 1891 5089 ‹

274 5136 429 5193 ceret
458 5126 682 5204 duplum
710 5127 949 5196 dimidii,
976 5131 1227 5201 simplum
1251 5133 1391 5189 enim
1414 5134 1561 5205 dupli
1583 5137 1862 5195 dimidium
1890 5160 1895 5171 ·

275 5228 392 5282 est,
423 5230 476 5273 et
507 5229 657 5289 pater
699 5220 824 5287 ﬁlii;
852 5236 1021 5293 eaque
1043 5234 1172 5279 sunt
1193 5241 1409 5296 semper
1436 5229 1821 5298 reciprocantia
1841 5275 1858 5302 ,
1890 5258 1894 5271 λ

274 5310 562 5379 aliquoties
589 5312 806 5382 quidem
835 5316 1067 5384 septimo
1094 5332 1252 5383 casu,
1300 5319 1585 5389 aliquoties
1612 5338 1742 5379 vero
1770 5339 1864 5397 ge-
1888 5344 1893 5353 λ

275 5404 478 5485 nitivo,
511 5419 633 5458 nam
664 5406 807 5460 ﬁlius
832 5408 997 5476 patris
1026 5418 1109 5463 est
1144 5409 1285 5465 ﬁlius
1313 5420 1369 5466 et
1398 5423 1549 5481 pater
1576 5414 1707 5482 ﬁlii,
1744 5416 1862 5472 haec

273 5498 575 5552 secundum
603 5499 895 5568 genitivum
926 5503 1211 5573 conversio
1242 5512 1353 5572 est,
1388 5515 1443 5561 et
1483 5507 1699 5577 duplum
1733 5511 1863 5566 sim-
1890 5536 1893 5549 ι

274 5590 376 5660 plo
403 5589 622 5665 duplum
656 5603 769 5658 est,
802 5594 917 5649 hac
960 5596 1256 5651 secundum
1306 5600 1590 5669 septimum
1621 5617 1817 5658 scasum
1844 5621 1860 5670 ;
1890 5624 1897 5637 ν

274 5692 413 5740 sunt
440 5686 600 5740 etiam
632 5702 750 5755 quae
781 5689 1117 5756 accusativo,
1160 5697 1220 5745 ut
1258 5706 1422 5761 pauca
1470 5696 1533 5748 ad
1580 5697 1779 5762 multa,
1808 5706 1866 5752 et

276 5792 535 5847 magnum
568 5778 633 5834 ad
666 5794 908 5850 parvum.
942 5779 1073 5837 Item
1104 5786 1349 5855 negantia
1378 5798 1504 5843 sunt
1532 5804 1653 5858 qua:
1695 5789 1746 5844 in
1789 5787 1869 5844 at“

1972 4679 2236 4735 bonorum
2267 4684 2509 4752 daretur,
2525 4686 2860 4761 consequens
2882 4709 3002 4751 esse
3021 4707 3078 4752 ut
3102 4679 3392 4761 secundum
3418 4726 3546 4777 quo~

1970 4785 2074 4867 que
2104 4787 2397 4840 puerorum
2438 4786 2495 4831 et
2532 4792 2815 4837 servorum
2876 4785 3091 4867 tabulas,
3128 4798 3399 4861 passessio
3431 4815 3546 4867 per—
3578 4788 3581 4793 ’

1970 4863 2293 4957 mitteretur.
2318 4867 2439 4922 Sed
2470 4882 2614 4923 nunc
2668 4871 2894 4929 formam
2929 4863 3094 4957 ipsam
3135 4892 3189 4937 et
3230 4889 3381 4955 quasi
3428 4863 3547 4947 sub-

1968 4953 2171 5022 jectum
2191 4955 2306 5009 .loci
2340 4969 2640 5015 monstrare
2667 4967 2936 5041 proponit,
2962 4953 3078 5038 quae
3107 4981 3188 5027 est
3214 4953 3547 5043 liujusmodi:

1970 5046 2055 5100 Ab
2081 5048 2354 5141 adjunctis
2382 5051 2524 5106 enim
2552 5053 2831 5141 locusest,
2860 5052 2979 5116 cum
3022 5080 3091 5118 ex
3122 5081 3189 5120 eo
3237 5068 3376 5138 quod
3422 5088 3547 5141 pro-

1971 5137 2186 5204 ponitur
2212 5139 2414 5208 aliquid
2438 5143 2591 5199 aliud
2624 5148 2706 5202 vel
2748 5136 2896 5219 esse,
2944 5153 3026 5209 vel
3058 5136 3266 5223 fuisse,
3290 5162 3375 5217 vel
3403 5136 3551 5221 futu-

1950 5243 2235 5325 .rum_esse
2268 5237 2729 5301 argumentatione
2778 5243 3044 5325 colligitur
3067 5236 3100 5311 ,’
3138 5255 3193 5301 ut
3236 5249 3287 5304 in
3319 5267 3384 5306 eo
3435 5257 3551 5325 ipso

1969 5322 2109 5391 quod
2136 5322 2547 5397 dudum-posuit
2590 5330 2858 5402 exemplo.
2892 5322 3235 5406 Approbatur
3262 5347 3404 5400 enim
3443 5322 3551 5404 non

1968 5413 2168 5470 debere
2193 5418 2485 5475 secundum
2513 5422 2761 5479 mulieris
2780 5424 3049 5494 nu‘n‘quam
3072 5434 3248 5500 capite
3273 5436 3551 5497 diminuta:

1976 5507 2181 5563 tabulas
2203 5510 2463 5569 bonorum
2501 5519 2891 5585 possessionem
2930 5519 3068 5590 dari,
3094 5526 3216 5594 quia
3238 5528 3282 5583 si
3312 5528 3363 5583 id
3390 5530 3551 5589 fuerit

1973 5602 2229 5672 positum,
2283 5606 2333 5660 id
2363 5600 2599 5664 futurum
2646 5619 2745 5677 est,
2791 5621 2849 5665 ut
2904 5599 3199 5672 secundum
3260 5635 3550 5691 puerorum

1974 5711 2185 5768 quoque
2209 5716 2271 5755 ac
2300 5715 2576 5757 servorum
2607 5703 2812 5759 tabulas
2838 5706 3098 5762 bonorum
3125 5715 3398 5778 possessio
3434 5731 3551 5786 per-

1976 5790 2237 5847 mittatur.
2272 5793 2418 5849 Talia
2452 5809 2582 5851 vero
2609 5805 2733 5852 sunt
2763 5813 2880 5867 qua:
2905 5800 3156 5861 dicuntur
3198 5808 3467 5876 adjuncta,
3495 5816 3554 5872 ut
