4014 6336
244 317 375 375 “‘25

1073 320 1136 379 IN
1172 318 1415 377 TOPlCA
1457 318 1820 377 CICERONIS
1857 319 2383 379 COMMENTARIA.
2430 322 2537 379 [ΑΒ
2572 322 2657 382 ιν.

3379 335 3511 392 1126

238 450 335 490 nec
364 447 719 505 consequens,
764 445 866 491 ntsr
896 446 1149 506 appareat
1176 437 1303 507 quid
1328 408 1651 507 praecedat;
1695 438 1823 493 item
1853 443 1904 504 Α
1933 453 2027 505 per
2054 439 2414 498 conditionem
2446 443 2674 499 mediam
2723 444 2911 501 effecta
2947 454 3032 502 est
3056 463 3180 505 una.
3232 450 3301 507 At
3349 452 3393 507 si
3441 461 3512 509 sit

238 544 546 597 repugnans
574 528 789 599 aliquod
823 530 1125 602 intelligere
1173 548 1332 585 uento
1365 540 1560 599 potest,
1601 532 1702 585 nisi
1744 534 1825 585 in-

239 623 439 690 telligat
472 622 552 674 cui
582 631 840 691 repugnet
880 638 891 673 :
926 622 1020 675 sed
1068 623 1319 690 quoniam
1350 621 1535 676 eadem
1567 622 1702 674 ratio
1734 637 1821 689 po-

238 720 343 766 test
373 712 563 765 similia
598 712 985 783 dissimiliaque
1014 716 1345 784 perSpicerc,
1388 714 1821 770 antecedentium

234 820 365 859 vero
397 816 450 859 et
480 807 924 875 consequentium
955 823 1253 862 consensus
1278 808 1492 877 quidam
1529 819 1584 861 et
1610 823 1702 876 per
1730 824 1825 860 na-

238 907 373 951 turae
403 897 806 951 similitudinem
852 898 1137 953 concordia
1168 910 1274 964 est,
1311 900 1591 954 dissensus
1615 915 1739 955 vero
1766 900 1818 955 in

235 988 656 1058 repugnantibus
702 987 1099 1053 dissimilitudo,
1134 1005 1354 1046 necesse
1397 1000 1477 1046 est
1512 1001 1568 1046 ut
1607 1008 1706 1045 una
1739 1000 1824 1045 at-

236 1095 340 1149 que
364 1079 551 1133 eadem
605 1079 740 1133 ratio
781 1081 1210 1136 antecedentium
1266 1083 1823 1152 consequentiumque

239 1186 483 1227 naturam
536 1183 589 1227 et
634 1174 1041 1242 repugnantium
1070 1182 1316 1243 spectet;
1376 1190 1483 1244 quo
1512 1176 1569 1229 tit
1600 1186 1658 1230 ut
1685 1190 1841 1230 unus!

237 1281 449 1334 quoque
470 1267 621 1317 locus
643 1274 914 1318 srteorum
939 1281 1056 1333 qure
1080 1282 1181 1318 una
1203 1266 1556 1335 intelligentia
1577 1282 1822 1336 compre-

240 1357 444 1412 hendit.
481 1356 583 1410 Sed
621 1356 741 1409 huic
767 1358 1176 1425 opponebatur:
1206 1360 1311 1412 Cur
1355 1360 1515 1426 igitur
1557 1359 1716 1413 alium
1755 1374 1821 1415 ex

237 1440 612 1511 similitudine,
648 1448 811 1501 alium
846 1440 907 1501 ex
941 1450 1217 1503 contrario
1247 1450 1422 1503 locum
1461 1449 1670 1504 Marcus
1694 1449 1823 1504 Tul-

235 1543 337 1595 lius
362 1542 608 1609 superius
626 1543 994 1595 euumeravit?
1012 1543 1143 1596 Nam
1174 1544 1467 1598 secundum
1494 1545 1818 1613 propositam

235 1637 521 1699 rationem,
554 1630 808 1706 quoniam
839 1636 1247 1690 similitmlinem
1281 1648 1335 1691 et
1377 1636 1818 1693 contrarietatem

234 1730 583 1799 intelligentia
610 1745 711 1782 uua
740 1728 1041 1797 perpendit,
1076 1744 1211 1783 unus
1234 1729 1384 1783 locus
1404 1729 1662 1784 similium
1692 1743 1820 1784 con-

1928 528 2023 594 ita,
2055 532 2097 584 si
2129 530 2244 585 dies
2269 543 2370 598 est,
2402 534 2487 588 lux
2518 551 2623 591 non
2646 546 2748 602 est,
2776 549 3055 609 repugnat.
3084 540 3339 612 Negatum
3363 545 3505 600 enim

1926 622 2067 690 quod
2121 624 2365 692 sequitur
2394 641 2691 696 repugnare
2728 644 2950 687 necesse
2979 640 3083 686 est.
3123 635 3385 704 Amplius,
3420 652 3508 691 ar—

1925 724 2237 784 gumentum
2267 718 2409 784 quod
2434 734 2498 772 ex
2525 723 2967 778 antecedentibus
2988 733 3041 780 et
3058 730 3508 796 consequentibus

1934 806 1995 859 lit
2024 822 2086 860 ex
2120 808 2275 862 unius
2306 810 2689 877 prapositionis
2728 827 2985 870 connexa:
3040 818 3278 883 partibus
3330 821 3505 874 nasci-

1929 910 2034 963 tur,
2085 915 2205 954 nam
2260 902 2638 960 conditionalis
2678 910 3062 977 propositionis
3106 925 3362 968 conuerte
3406 930 3508 969 una

1926 1003 2054 1056 pars
2084 998 2168 1044 est
2196 993 2544 1059 antecedens,
2564 994 2681 1049 alia
2709 1012 3067 1068 consequens.
3098 1001 3249 1068 Quod
3289 1004 3336 1060 si
3363 1020 3391 1058 a
3421 1020 3507 1059 re-

1926 1082 2285 1149 pugnantibus
2317 1096 2698 1154 argumentum
2727 1087 2837 1151 fiat,
2870 1106 3059 1146 rursus
3087 1094 3154 1146 ab
3199 1097 3353 1149 unius
3388 1112 3512 1163 pro-

1930 1171 2206 1238 positionis
2233 1174 2491 1230 membris
2513 1177 2618 1231 tale
2639 1191 3016 1248 argumentum
3038 1183 3186 1238 nasci
3215 1186 3505 1255 oportebit.

1933 1261 2196 1330 Igitur-ex
2233 1264 2315 1320 his
2372 1269 2849 1338 propositionibus,
2884 1271 2999 1326 dies
3023 1282 3126 1339 est,
3161 1275 3249 1330 lux
3273 1287 3378 1340 est.
3407 1294 3509 1335 una

1926 1368 2047 1410 esse
2070 1370 2176 1410 non
2195 1366 2368 1426 potest
2390 1357 2494 1412 nisi
2518 1375 2547 1413 a
2571 1360 2881 1416 conditione
2901 1363 3238 1433 copulentur,
3266 1377 3324 1421 ut
3347 1384 3509 1425 ttmnn

1927 1445 2000 1499 sit
2027 1448 2377 1515 antecedens,
2411 1449 2555 1504 aliud
2586 1466 2948 1521 consequens,
2984 1464 3039 1510 et
3086 1454 3206 1510 ideo
3247 1459 3297 1512 in
3332 1459 3414 1513 bis
3444 1476 3512 1518 ex

1924 1540 2261 1595 antecedenti
2289 1550 2344 1597 et
2373 1544 2723 1614 consequenti
2746 1555 3118 1614 argumentum
3142 1563 3260 1604 esse
3281 1566 3387 1607 non
3416 1569 3512 1623 po-

1927 1640 2049 1700 test,
2086 1633 2333 1704 quoniam
2357 1635 2476 1691 duae
2500 1645 2628 1690 sunt
2654 1651 2719 1692 ex
2754 1637 2863 1693 illis
2887 1653 3100 1709 quoque
3128 1643 3512 1711 propositioni-

1925 1721 2025 1777 bus
2053 1740 2173 1794 qua:
2194 1736 2340 1792 sunt,
2364 1725 2486 1781 ‘dies
2516 1737 2623 1794 est,
2671 1728 2758 1782 lux
2789 1743 2899 1783 non
2926 1739 3009 1785 est
3042 1746 3056 1786 :
3089 1745 3192 1785 una
3237 1747 3357 1788 esse
3404 1750 3511 1792 non

234 1823 628 1889 trariorumque
682 1835 804 1874 esse
872 1820 1171 1877 debuisset.
1245 1821 1348 1876 Sed
1401 1822 1824 1891 respondebatur
1852 1823 1900 1884 Β
1929 1818 2144 1885 poterit,
2178 1819 2278 1872 nisi
2324 1819 2651 1873 conditionis
2695 1819 3041 1889 adjunctione
3096 1822 3151 1876 in
3198 1824 3353 1878 unius
3374 1840 3512 1895 quo-

232 1916 485 1982 quoniam
515 1928 618 1964 non
645 1911 837 1965 eodem
863 1910 1023 1983 modo
1064 1914 1164 1965 sibi
1199 1912 1573 1966 antecedentia
1606 1920 1661 1967 et
1690 1926 1833 1989 con-1

232 2005 511 2074 sequentia
552 2003 857 2058 consentire
885 2002 1158 2067 dicuntur,
1190 2004 1328 2058 sicut
1372 2020 1432 2059 ea
1461 2020 1581 2075 quae
1625 2006 1818 2060 similia

232 2108 633 2166 nuncupantur.
683 2096 737 2148 lu
792 2097 874 2148 his
931 2112 1161 2164 namque
1213 2113 1313 2149 una
1362 2107 1566 2152 tantum
1591 2097 1821 2166 qualitas

230 2191 526 2254 invenitur,
559 2196 613 2242 et
640 2188 941 2263 secundum
974 2189 1216 2241 eamdem
1262 2188 1571 2259 qualitatem
1624 2189 1819 2244 similia

230 2296 353 2337 esse
382 2280 659 2344 dicuntur;
689 2290 741 2332 at
777 2280 828 2333 in
873 2280 1308 2334 antecedentibus
1356 2290 1410 2335 et
1438 2280 1820 2351 consequenti-

229 2373 335 2428 bus
362 2389 464 2426 non
510 2372 777 2441 qualitatis
812 2370 1132 2435 similitudo,
1179 2373 1274 2425 sed
1331 2370 1552 2441 quidam
1611 2381 1818 2426 natura:

228 2480 530 2521 consensus
558 2476 661 2520 est.
701 2465 768 2519 Et
796 2479 916 2534 quae
940 2465 1135 2519 similia
1167 2473 1294 2518 sunt
1321 2465 1438 2519 sine
1464 2479 1523 2520 se
1551 2479 1673 2520 esse
1698 2479 1821 2533 pos-

227 2542 378 2624 sunt,
422 2557 793 2611 antecedentia
816 2571 947 2611 vero
977 2566 1028 2610 et
1058 2558 1443 2626 consequentia
1471 2558 1590 2611 sine
1612 2571 1670 2611 se
1697 2571 1821 2612 esse

227 2667 342 2706 non
371 2661 615 2721 possunt,
648 2660 809 2718 atque
842 2649 1044 2703 idcirco
1072 2664 1179 2702 non
1226 2648 1439 2703 videtur
1476 2664 1599 2703 esse
1628 2664 1820 2703 conse-

226 2746 506 2816 quentium
556 2752 611 2798 et
669 2742 1099 2798 antecedentium
1132 2757 1252 2797 cum
1306 2741 1661 2797 similitudine
1708 2742 1813 2797 ulla

226 2838 540 2895 communio
572 2847 795 2890 naturae.
825 2836 954 2902 Quae
982 2835 1119 2889 ratio
1149 2850 1255 2888 non
1278 2833 1437 2889 valde
1463 2834 1676 2889 videtur
1702 2834 1821 2888 ido-

233 2944 365 2994 nea,
391 2942 491 2983 nec
513 2927 747 2998 explicat
764 2927 905 2994 quod
926 2925 1305 2980 demonstrare
1326 2924 1619 2979 conabatur
1650 2941 1663 2978 :
1689 2924 1820 2980 illud

224 3034 382 3079 certe
410 3022 775 3076 firmissimum
809 3034 930 3076 esse
950 3026 1188 3085 constat,
1216 3018 1362 3089 quod
1394 3018 1550 3089 hujus
1586 3019 1687 3073 loci
1716 3029 1823 3073 tra-

227 3124 405 3173 ctatus
426 3112 877 3169 conditionalibus
895 3126 1111 3181 semper
1135 3111 1596 3180 propositionibus
1608 3124 1823 3165 accom-

1925 1908 2212 1963 dammodo
2241 1910 2623 1979 propositionis
2654 1914 2975 1967 sententiam
2992 1913 3340 1984 reducantur,
3360 1918 3512 1987 cujus

1926 1999 2307 2069 propositionis
2340 2009 2519 2069 partes
2566 2012 2693 2056 sunt
2722 2012 3102 2073 repugnantes.
3154 2006 3412 2070 Namattt
3455 2008 3511 2067 in

1923 2103 2168 2145 connexa
2203 2091 2573 2161 propositione
2604 2108 2708 2149 una
2753 2109 2876 2163 pars
2905 2097 3257 2165 antecedens,
3289 2098 3395 2154 alia
3424 2109 3511 2157 est

1922 2194 2278 2252 consequens,
2310 2183 2397 2237 ita
2425 2182 2479 2237 in
2528 2186 2845 2255 repugnanti
2904 2196 3129 2258 utraque
3159 2202 3283 2258 pars
3310 2205 3509 2261 propo-

1922 2276 2133 2330 sitionis
2159 2291 2188 2331 a
2214 2286 2385 2332 semet
2435 2277 2663 2334 invicem
2708 2288 3049 2349 repugnatac
3095 2281 3342 2339 dis‘sidet.
3380 2284 3506 2341 Am-

1924 2366 2088 2435 plius,
2120 2381 2424 2437 repugnans
2451 2370 2748 2437 prOpositio
2770 2384 3032 2427 connexa:
3057 2380 3265 2441 partem
3296 2387 3512 2429 contra-

1922 2457 2057 2510 riam
2084 2464 2249 2522 teuet,
2285 2472 2405 2512 nam
2441 2460 2580 2514 utin
2628 2461 2716 2515 illa
2755 2461 2897 2530 quod
2939 2464 3208 2518 antecedit
3245 2479 3425 2520 secum
3459 2466 3510 2525 id

1922 2549 2066 2619 quod
2098 2550 2342 2619 sequitur
2375 2551 2559 2617 trahit,
2596 2552 2666 2605 ita
2698 2552 2749 2605 in
2782 2553 2881 2607 hac
2932 2555 3298 2624 propositione
3332 2566 3511 2627 partes

1923 2641 2085 2696 simul
2117 2656 2237 2696 esse
2265 2658 2369 2696 non
2399 2650 2642 2712 possunt.
2675 2644 2977 2699 Contraria:
3028 2661 3158 2699 vero
3186 2646 3512 2705 differentia

1921 2739 2021 2792 sub
2042 2738 2231 2793 eodem
2262 2754 2459 2804 genere
2524 2741 2647 2807 pani
2695 2741 2890 2794 Solent.
2945 2740 3000 2794 Si
3056 2740 3221 2809 igitur
3269 2756 3512 2798 connexa

1925 2832 2221 2900 propositio
2283 2832 2335 2885 in
2384 2830 2695 2886 conditione
2740 2841 2816 2885 est
2850 2832 3161 2896 constituta,
3215 2848 3513 2905 repugnans

1923 2939 2139 2993 quoque
2166 2924 2217 2977 in
2237 2924 2544 2980 conditione
2570 2924 2847 3001 subsistit;
2876 2926 3014 2992 quod
3040 2927 3081 2978 si
3103 2935 3155 2981 et
3182 2935 3515 2998 consequen-

1926 3018 2053 3069 tiam
2090 3016 2518 3086 propositionum
2554 3025 2608 3071 et
2650 3017 3056 3084 repugnantiam
3100 3017 3337 3072 conditio
3365 3016 3515 3088 facit,

1930 3125 2038 3165 non
2072 3118 2151 3164 est
2181 3108 2402 3163 dubium
2430 3112 2556 3179 quin
2592 3111 2738 3163 locus
2764 3109 2986 3178 hiejure
3014 3110 3390 3165 conditionalis
3424 3127 3514 3167 vo.

227 3196 564 3267 moderetur.
617 3206 1007 3261 Couditiona‘lis
1057 3220 1186 3261 vero
1234 3206 1531 3275 propositio
1571 3215 1654 3260 est
1698 3220 1818 3275 quae
1847 3196 1897 3262 (Ξ
1925 3214 2097 3266 cetur,
2130 3217 2192 3257 ac
2222 3202 2291 3256 sit
2324 3217 2458 3254 unus
2507 3202 2712 3271 positus
2743 3202 2794 3255 in
2825 3203 3131 3258 conditione
3176 3203 3361 3259 divisis
3392 3211 3514 3276 par,-

226 3318 355 3361 cum
386 3302 696 3357 conditione
752 3298 1070 3370 pronuntiat
1128 3312 1252 3353 esse
1306 3297 1530 3367 aliquid,
1586 3300 1627 3352 si
1668 3298 1811 3352 aliud

229 3394 417 3459 fuerit,
446 3392 615 3447 veluti
645 3406 766 3446 cum
816 3391 1046 3445 dicimus
1075 3389 1171 3445 :Si
1199 3389 1316 3444 dies
1348 3397 1451 3455 est,
1502 3390 1664 3445 lucet.
1698 3391 1824 3447 llaec

230 3485 397 3555 igitur
417 3499 595 3538 rerum
620 3483 1005 3551 consequentia
1029 3479 1182 3535 facile
1206 3480 1258 3533 in
1274 3480 1683 3549 repugnantiam
1712 3488 1824 3536 v'er-

230 3581 388 3633 titur.
412 3576 543 3631 Nam
576 3576 620 3630 si
666 3574 823 3629 rebus
846 3566 1305 3637 consequentibus
1338 3574 1553 3643 negatio
1586 3574 1824 3640 interpe-

231 3679 421 3736 ttatur,
478 3683 549 3722 ex
597 3665 1053 3745 consequentibus
1102 3666 1455 3733 repugnantia
1500 3666 1819 3732 redduntur,

233 3762 344 3816 lroc
370 3759 565 3814 modo:
597 3758 655 3813 Si
684 3758 795 3813 dies
824 3766 927 3819 est,
952 3756 1040 3810 lux
1065 3766 1168 3810 est.
1204 3759 1534 3827 Repugantia
1561 3766 1686 3811 sunt
1714 3760 1781 3812 ita
1807 3775 1823 3811 :

230 3854 295 3909 Si
325 3851 439 3906 dies
467 3859 569 3915 est,
600 3850 687 3903 lux
730 3864 833 3903 non
871 3858 986 3902 est:
1020 3858 1322 3919 repugnant
1354 3848 1496 3903 enim
1530 3847 1668 3901 diem
1702 3864 1824 3903 esse

232 3956 293 3998 et
323 3945 491 3997 lucem
526 3956 628 3995 non
669 3955 810 3996 esse.
861 3940 990 4008 Quae
1019 3940 1371 4009 repugnantia
1420 3940 1472 3993 in
1519 3940 1825 3996 conditione

127 4088 146 4103 ,
234 4033 504 4089 consistit.
556 4032 790 4087 Dicimus
820 4032 965 4086 enim
999 4030 1091 4084 :Si
1132 4031 1247 4085 dies
1297 4039 1400 4094 est,
1438 4031 1524 4083 lux
1558 4045 1663 4084 non
1715 4044 1819 4101 εει,

235 4142 360 4180 nam
382 4125 487 4180 diei
519 4123 845 4180 contrarium
870 4131 951 4177 est
970 4138 1093 4175 nox.
1110 4124 1459 4189 Consequens
1484 4136 1607 4174 vero
1626 4122 1823 4186 noctis,

236 4216 411 4273 lucem
433 4230 540 4271 non
570 4229 710 4282 esse,
744 4229 908 4284 quare
936 4227 1055 4268 esse
1086 4212 1227 4267 diem
1259 4223 1311 4266 et
1341 4228 1448 4265 non
1496 4228 1619 4268 esse
1653 4216 1823 4267 lucem

237 4319 519 4382 repugnat.
569 4312 956 4379 Argumentum
1014 4320 1140 4359 κει-ο
1198 4313 1299 4371 εει,
1355 4304 1490 4359 hanc
1524 4320 1827 4374 repugnan-

244 4404 364 4458 tiam
390 4404 441 4457 in
473 4401 780 4456 conditione
807 4400 1131 4461 consistere,
1173 4397 1297 4466 quia
1330 4397 1375 4451 si
1408 4398 1652 4451 conditio
1690 4397 1826 4451 deti-

190 4514 201 4529 ε
238 4499 365 4560 ciat,
401 4494 542 4549 nulla
570 4503 654 4549 est
682 4492 1051 4562 repugnantia,
1089 4490 1191 4544 hoc
1214 4489 1374 4544 modo
1406 4506 1418 4541 :
1455 4489 1571 4543 dies
1598 4499 1701 4555 e5t,
1736 4488 1826 4544 lux

1929 3293 2086 3357 tibus,
2124 3291 2174 3345 id
2218 3301 2300 3346 est
2342 3291 2409 3346 in'
2448 3292 2857 3348 antecedentem
2898 3307 3435 3366 consequentemque
3462 3307 3515 3355 et

1928 3391 2339 3453 repugnantem.
2408 3384 2785 3454 Connexaeque
2838 3400 3071 3455 namque
3131 3389 3515 3456 propositionis
3604 3428 3611 3433 ς

1925 3490 2026 3530 una
2060 3489 2182 3543 pars
2211 3475 2536 3528 antecedens
2564 3487 2668 3541 est,
2692 3476 2792 3528 alia
2815 3491 3175 3544 consequens.
3199 3476 3516 3548 Repugnan-

1928 3566 1996 3619 tis
2025 3580 2154 3618 vero
2186 3564 2565 3634 propositionis
2614 3574 2836 3634 utraque
2884 3576 3141 3637 repugnat
3168 3582 3232 3622 ac
3274 3568 3514 3626 dissidet.

1932 3654 2117 3722 Itaque
2148 3669 2412 3708 connexa:
2455 3653 2840 3722 propositionis
2889 3655 3064 3719 partes
3112 3656 3516 3714 autecedenset

1927 3758 2267 3813 consequens
2292 3751 2437 3806 sunt,
2466 3743 2813 3812 repugnantis
2839 3757 2968 3796 vero
2996 3753 3375 3812 repugnantes.
3411 3746 3517 3811 Nec

1929 3836 2056 3890 illud
2110 3837 2516 3908 intelligentiun
2553 3838 2735 3911 turbet
2777 3836 2917 3906 quod
2967 3836 3079 3892 dies
3107 3847 3188 3893 εει
3221 3848 3272 3894 ει
3301 3840 3388 3907 lux
3437 3849 3518 3901 est

1929 3930 2157 3999 quadam
2182 3930 2282 3982 sibi
2317 3930 2526 3983 ratione
2552 3930 2919 3983 consentiunt.
2951 3928 3081 3984 Item
3101 3930 3215 3985 dies
3238 3942 3318 3985 est
3349 3942 3402 3987 ct
3425 3932 3514 3991 lux

1930 4029 2172 4082 nonest,
2212 4020 2363 4089 quasi
2409 4034 2436 4071 a
2495 4034 2555 4074 se
2608 4020 2933 4073 d'ssentiuut
2984 4028 3145 4088 atque
3185 4020 3518 4089 discordant,

1931 4128 2050 4164 nam
2080 4126 2322 4164 connexa
2347 4120 2428 4164 est
2461 4109 2759 4179 pr0positio
2788 4110 2832 4163 si
2863 4115 2981 4161 emit
3037 4109 3181 4162 aliud
3214 4119 3518 4181 antecesse-

1931 4205 2017 4268 rit,
2050 4204 2190 4257 aliud
2223 4211 2601 4271 consequatur.
2640 4202 2767 4255 Item
2801 4216 3131 4271 repugnans,
3174 4204 3216 4254 si
3274 4218 3381 4258 uno
3425 4219 3518 4273 po-

1931 4294 2035 4348 sito
2065 4294 2206 4349 aliud
2240 4288 2521 4355 inferatur,
2555 4292 2696 4361 quod
2725 4306 2845 4346 esse
2893 4306 2997 4345 non
3024 4300 3201 4360 potest
3231 4292 3334 4346 nisi
3369 4294 3519 4362 idjus

1932 4387 2259 4442 conditionis
2294 4386 2512 4441 efficiat.
2549 4385 2814 4451 Quocirca
2864 4392 3052 4451 aperte
3094 4384 3527 4443 demonstratum

1932 4496 2052 4537 esse
2117 4480 2353 4535 arbitror
2399 4475 2817 4533 conditionalem
2860 4474 3003 4529 hunc
3052 4474 3229 4528 locum
3255 4477 3437 4529 vocari
3469 4484 3521 4533 et

239 4606 347 4645 non
373 4600 473 4653 est,
508 4598 747 4659 utrmque
776 4588 919 4645 enim
952 4586 1240 4655 disjunctze
1266 4584 1669 4654 propositiones
1702 4598 1827 4639 suas
1855 4570 1911 4635 1)
1935 4582 2081 4627 reme
2115 4586 2278 4625 unum
2326 4584 2446 4625 esse
2474 4584 2502 4622 3
2537 4569 2605 4622 Μ·
2630 4566 2808 4621 Tullio
2830 4567 3204 4621 εοιὶεῑίιυίιιιιιο
3239 4565 3519 4632 Ουοηὶοάο

239 4685 537 4740 sententias
562 4691 774 4754 gerunt,
818 4695 917 4735 nec
960 4678 1249 4750 quidquam
1314 4678 1690 4748 intelliguntur
1730 4675 1826 4732 ha-

237 4778 367 4832 bere
396 4790 702 4840 commune,
727 4782 885 4842 atque
920 4772 1043 4827 ideo
1070 4772 1297 4827 diversis
1343 4779 1582 4841 acceptre
1616 4779 1829 4838 tempo-

237 4871 383 4925 ribus
426 4882 569 4924 verte
597 4875 743 4933 sunt,
791 4879 890 4920 nec
935 4872 1250 4934 repugnant.
1286 4863 1417 4917 Nam
1464 4863 1604 4918 sicut
1637 4862 1689 4915 in
1743 4861 1828 4916 his

234 4962 711 5037 propositionibus,
766 4959 882 5015 dies
925 4967 1029 5023 est,
1066 4959 1156 5010 lux
1191 4967 1293 5021 est,
1342 4958 1485 5010 nulla
1520 4967 1604 5012 est
1632 4971 1827 5012 conse-

234 5057 473 5123 quentia,
506 5052 757 5126 quoniam
778 5049 1013 5104 conditio
1044 5047 1219 5112 deest,
1242 5064 1364 5118 quae
1396 5049 1828 5118 prapositionem

236 5149 704 5214 facitconnexam,
740 5143 833 5199 sed
884 5151 1121 5211 utraeque
1170 5156 1200 5195 a
1254 5155 1313 5194 se
1361 5140 1642 5209 disjunctae
1673 5155 1824 5196 suam

234 5241 556 5293 sententiam
600 5234 877 5299 claudunt,
908 5234 977 5286 ita
1025 5233 1074 5285 in
1113 5232 1192 5283 bis
1238 5230 1430 5300 quibus
1483 5234 1820 5299 proponitur,

234 5332 349 5385 dies
379 5338 482 5393 est,
514 5330 602 5383 lux
652 5342 758 5381 non
812 5335 915 5391 est,
952 5324 1094 5379 nulla
1139 5337 1215 5375 cst
1259 5321 1637 5389 repugnantia,
1692 5336 1822 5389 quo-

236 5424 375 5475 niam
414 5430 593 5475 servat
625 5433 775 5472 snam
807 5425 1029 5486 utraque
1070 5424 1314 5484 separata
1345 5412 1698 5467 sententiam.
1755 5416 1821 5467 At

234 5515 276 5568 si
310 5515 391 5569 bis
438 5512 676 5568 conditio
723 5509 1045 5565 interveniat
1086 5508 1425 5571 sineriorum
1472 5504 1714 5575 quidem,
1747 5505 1817 5560 ita

235 5608 499 5663 sententia
542 5604 849 5675 cottulatur,
886 5613 943 5656 ut
987 5611 1381 5672 consequentes
1429 5601 1576 5664 liant,
1638 5611 1817 5668 poste-

235 5700 432 5756 riorum
466 5715 592 5754 vero
641 5702 708 5753 ita
742 5709 797 5752 ut
828 5707 1214 5768 repugnantes,
1250 5694 1348 5748 hoc
1390 5697 1581 5746 modo:
1616 5694 1658 5747 si
1700 5692 1817 5748 dies

234 5804 319 5853 est
344 5794 430 5849 lux
460 5805 561 5848 est.
613 5794 733 5846 lltec
773 5804 1110 5858 consequens
1159 5788 1456 5857 prepositio
1487 5802 1550 5840 ex
1604 5787 1812 5840 duabus

1933 4680 2063 4720 vero
2088 4665 2178 4717 liat
2201 4664 2266 4715 ab
2288 4660 2731 4717 antecedentibus
2761 4668 2814 4713 et
2836 4659 3291 4728 consequentibus
3333 4669 3383 4715 et
3436 4674 3520 4715 re-

1933 4752 2292 4825 pugnantibus
2308 4759 2705 4824 argumentum,
2733 4746 3002 4817 posterius
3023 4746 3219 4802 dicam.
3254 4747 3361 4802 Sed
3389 4760 3519 4818 quo.

1932 4852 2075 4904 niam
2110 4848 2309 4902 nullius
2342 4845 2609 4900 facultatis
2639 4841 2863 4897 alterius
2892 4850 2995 4908 est,
3039 4840 3163 4911 quid
3197 4841 3280 4895 vel
3327 4855 3518 4909 quam-

1930 4959 2035 5014 que
2067 4957 2175 4995 rem
2207 4939 2577 5009 consequitur,
2609 4937 2693 4991 vel
2745 4936 2869 5004 quid
2913 4935 3109 5004 cuique
3141 4944 3397 5004 repugnet
3437 4935 3519 5020 in.

1935 5038 2172 5104 Spicere,
2228 5032 2329 5086 nisi
2383 5030 2677 5085 dialecticre
2734 5039 2961 5095 tantum,
2996 5044 3116 5099 quae
3148 5027 3309 5097 hujus
3358 5044 3519 5100 quam

1936 5128 2165 5180 maxime
2208 5124 2287 5179 rei
2315 5122 2606 5194 perititiam
2661 5120 2968 5190 profitetur,
3018 5119 3219 5174 idcirco
3267 5120 3344 5173 ait
3374 5121 3518 5179 hunc

1931 5236 2051 5277 esse
2078 5220 2254 5274 locum
2294 5226 2463 5277 totum
2511 5215 2942 5277 dialecticorum,
2994 5212 3274 5283 quietiam
3327 5213 3394 5267 ab
3424 5214 3517 5268 ad~

1926 5313 2124 5383 junctis
2157 5311 2310 5380 longe
2346 5309 2557 5377 lateque
2587 5307 2830 5362 diversus
2858 5314 2959 5359 est.
2986 5302 3224 5357 Primum
3254 5304 3393 5372 quod
3423 5304 3513 5361 ad-

1926 5410 2107 5479 juncta
2158 5406 2389 5476 prodere
2428 5419 2552 5460 sese
2598 5413 2759 5474 atque
2816 5399 3103 5457 ostendere
3136 5400 3511 5469 invicempos-

1929 5511 2074 5566 Sunt,
2104 5515 2208 5552 non
2237 5513 2367 5553 vero
2395 5495 2658 5567 perficere
2706 5503 2865 5563 atque
2896 5491 3194 5559 adimplere
3246 5503 3512 5561 naturam,

1928 5594 2087 5651 veluti
2110 5592 2530 5647 ambulationem
2561 5588 2755 5660 pedum
2786 5587 3043 5655 strepitus
3068 5584 3375 5655 signiﬁcare
3396 5585 3515 5655 qui-

1928 5691 2048 5743 dem
2080 5705 2141 5741 ac
2168 5687 2486 5741 denuntiare
2515 5690 2712 5751 potest,
2744 5680 2959 5736 efficere
2999 5689 3131 5739 vero
3177 5695 3282 5734 non
3312 5687 3508 5749 potest.

1927 5784 2107 5839 Neuue
2137 5782 2278 5835 enim
2306 5776 2719 5832 ambulationem
2769 5770 2935 5827 efﬁcit
2976 5772 3171 5841 pedum
3230 5773 3509 5843 strepitus,
