4014 6336
498 320 645 393 tm

1699 314 1810 377 AN.
1849 321 2054 377 MANL.
2095 319 2248 378 SEV.
2290 318 2512 376 BOETII

3638 319 3771 372 “‘25

486 458 601 510 'i.ec
625 466 749 507 vero
770 464 832 506 ex
856 444 1174 501 necessitate
1196 432 1491 497 ambulatio
1513 442 1585 517 ut
1603 418 1895 507 sit’pedum
1934 447 2067 492 stre-
2099 422 2147 498 Α
2174 449 2304 489 uere
2334 440 2723 503 argumentum,
2756 432 2963 501 species
2984 432 3202 503 quidem
3228 442 3312 488 est
3331 433 3399 489 de
3421 449 3525 503 qua
3552 433 3772 502 aliquid

500 549 641 613 p‘itus
667 552 853 596 auctor
872 538 983 602 est,
1012 536 1120 597 sed.
1141 534 1283 602 saepe
1310 534 1377 586 ita
1409 531 1733 593 ambulatur,
1785 530 1857 583 ut
1896 522 2072 583 nullus

499 637 693 707 pedum
722 628 975 699 strepitus
996 626 1343 688 exaudiatur;
1378 637 1520 690 smpe
1546 624 1658 673 'non
1703 620 1906 673 mutato
1930 636 1935 643 ·
1956 620 2073 673 loco

499 728 731 785 moveri‘
762 724 920 794 pedes
960 724 1033 775 ac
1081 720 1353 799 strepere:
1390 718 1588 787 praeter
1650 708 2072 767 ambulationem

497 831 695 890 queunt
714 837 726 881 ;
746 819 1060 873 ideirco'nOu
1076 812 1288 882 'sem'pe'r
1304 810 1644 865 inveniuntur
1659 806 1937 876 adjuncta:
1958 819 2076 872 pro-

490 917 776 986 positoque
794 910 1038 966 termino
1061 896 1217 976 quem
1246 904 1473 984 probare
1493 896 1869 995 contendimus
1886 908 1905 963 ,‘
1931 910 2073 964 saepe

498 1028 559 1066 ex
589 1009 851 1078 adjunctis
893 1000 1200 1073 argumenta
1227 994 1498 1060 deﬁciunt,
1534 993 1655 1063 quia
1696 993 1810 1061 ipsa
1861 1002 2075 1083 quoque

499 1100 791 1171 aliquoties
829 1096 1065 1157 deiicere
1109 1085 1668 1165 videntur'adjuncta.
1714 1079 2072 1136 Praecedentia

499 1170 625 1246 vero
648 1184 1096 1256 etconsequentia
1119 1192 1172 1237 et
1194 1180 1542 1249 repugnantia
1563 1170 1828 1243 nunquam
1844 1172 2074 1237 desunt;

498 1299 658 1340 omne
710 1281 852 1337 enim
884 1277 1142 1349 quidquid
1188 1276 1240 1349 in
1275 1272 1433 1327 rebus
1482 1279 1584 1336 est,
1641 1269 1799 1349 habet
1849 1265 1989 1336 quod
2018 1278 2075 1318 se

492 1386 590 1432 aut
640 1369 896 1445 sequatur
956 1348 1301 1427 naturaliter,
1330 1366 1421 1418 aut
1454 1348 1761 1432 'prazce'dat'.
1790 1352 1881 1413 Est
1902 1350 2075 1413 ‘eiiam‘

500 1485 529 1523 a
557 1482 662 1538 quo
688 1482 780 1535 per
812 1471 1021 1517 natura:
1066 1456 1432 1512 diversitatem
1463 1450 1740 1515 dissideat,
1782 1448 1927 1503 velut
1963 1447 2077 1500 ani-

500 1562 604 1615 mal
636 1558 878 1627 sequitur
909 1550 1126 1621 quidem
1151 1540 1444 1612 hominem,
1468 1542 1473 1547 ’
1496 1540 1915 1614 prmcedit'vero'
1940 1539 2078 1593 sub-

494 1638 752 1706 stantiam
775 1645 1045 1711 adicimus
1064 1640 1229 1708 enim,
1282 1639 1521 1723 sit‘lio‘mo
1565 1631 1913 1721 esu-animal
1955 1638 2074 1693 est;

502 1741 853 1800 substantiam
879 1753 1007 1793 vero
1046 1716 1327 1806 praecedit,
1353 1716 1470 1786 cum
1495 1718 1863 1798 proponimus,
1890 1724 1935 1779 si
1966 1722 2080 1777 ani-

2181 525 2854 598 probare-contendimus;
2908 540 3073 594 genus
3122 542 3249 580 vero
3277 528 3607 581 assumimus
3664 544 3772 582 non

2179 618 2336 689 'quasi
2369 616 2712 689 przecedens,
2760 617 2853 672 sed
2886 619 3039 689 quasi
3086 620 3390 683 continens,
3420 630 3479 673 ut
3508 620 3773 690 quidquid

2178 712 2302 766 esse
2322 706 2692 765 consideratur
2711 712 2761 763 in
2789 726 3005 780 genere,
3033 702 3089 763 id
3114 710 3299 765 formze
3320 712 3547 781 quoque
3576 713 3775 767 debeat

2174 804 2376 872 ‘apiari.
2422 801 2602 856 Genus
2631 802 2772 856 enim
2814 802 2987 871 quoad
3021 815 3339 868 permanet,
3380 818 3411 855 a
3444 817 3541 856 sua
3590 806 3773 872 specie

2187 909 2295 948 non
2325 894 2553 949 recedit:
2588 909 2717 947 cum
2740 906 2869 947 vero
2893 897 2959 948 de
2985 896 3163 963 specie
3188 896 3448 948 sumimus
3480 911 3773 964 argumen-

2156 994 2316 1059 r’tum,
2343 1005 2507 1058 genus
2535 989 2747 1058 quidem
2778 1000 2858 1043 est
2882 990 2949 1045 de
2989 1007 3093 1058 quo
3120 991 3319 1060 aliquid
3343 994 3608 1058 qua‘ritur
3631 1011 3646 1056 ;
3682 995 3772 1047 sal

2189 1080 2239 1137 id
2258 1078 2595 1146 laboramus,
2618 1090 2674 1133 ut
2698 1081 2836 1149 quod
2860 1082 2926 1136 de
2952 1097 3147 1150 genere
3175 1097 3433 1137 conamur
3459 1087 3771 1144 ostendere.

2180 1171 2238 1225 ‘itl
2279 1173 2765 1240 ex'siiecievpossit
2803 1172 3011 1227 facilius
3058 1175 3296 1243 agnosci.
3345 1174 3416 1229 Ut
3444 1190 3571 1229 cum
3621 1176 3775 1229 uxori

2188 1260 2367 1315 Fabize
2380 1261 2619 1315 relictmn
2639 1262 2822 1317 fuisset
2840 1264 3145 1332 legatum,si
3176 1266 3588 1321 materfamilias
3611 1280 3777 1333 eSset,

2186 1353 2435 1420 quoniam
2461 1369 2567 1407 non
2594 1356 2847 1409 convenit
2878 1356 2932 1408 in
2958 1372 3196 1423 manum,
3232 1358 3459 1424 scilicet,
3484 1359 3555 1411 ab
3589 1359 3642 1413 in
3670 1376 3777 1412 rna-

2187 1458 2287 1497 nus
2329 1447 2685 1500 conventione
2706 1487 2720 1511 ,
2769 1461 2892 1516 qua:
2920 1457 3004 1502 est
3035 1452 3243 1518 species
3274 1454 3497 1513 uxoris.
3552 1467 3777 1504 uxorein

2186 1539 2328 1608 quod
2357 1549 2438 1594 est
2468 1541 2653 1595 matris
2686 1541 2895 1595 familiae
2925 1558 3093 1613 genus
3123 1559 3151 1596 a
3180 1544 3338 1613 legati
3374 1543 3499 1613 jure
3533 1544 3777 1614 sejungi-

2185 1632 2337 1696 mus‘,
2371 1641 2425 1686 et
2452 1632 2681 1701 legatttm
2726 1633 2790 1686 ad
2824 1635 3088 1701 speciem,
3122 1634 3172 1687 id
3194 1642 3276 1688 est
3307 1635 3776 1689 matremfamilias

2194 1726 2525 1783 derivamus.
2563 1726 2665 1782 Sed
2698 1726 2826 1781 illud
2860 1728 3081 1782 interius
3119 1727 3509 1796 dispiciendum
3543 1729 3780 1791 videtur,

504 1837 610 1891 mai
633 1844 732 1899 ρει,
766 1829 1059 1887 substantia
1082 1837 1185 1881 est.
1220 1820 1500 1893 Repugnat
1524 1834 1657 1873 vero
1710 1812 1929 1870 mortuo
1955 1808 2076 1867 cum
2109 1819 2157 1879 Β
2185 1834 2329 1873 ηυιῐι·
2363 1819 2511 1874 locus
2541 1819 2607 1872 ab
2644 1819 3090 1873 antecedentibus
3130 1830 3184 1873 et
3212 1820 3673 1889 consequentibus
3703 1830 3783 1873 to-

503 1916 1282 1986 enuntiamus,'si'aiiimalest,
1337 1916 1607 1968 ntermu‘m
1640 1926 1745 1964 non
1794 1916 1894 1961 est.
1938 1905 2079 1959 Prw-

503 2031 651 2077 terea
672 2032 790 2087 quae
820 1998 942 2071 aunt
969 2002 1216 2080 adjuncta
1248 1990 1579 2075 temporibus
1614 1995 2074 2095 dis’tributa'sunt,

505 2121 561 2166 ut
585 2120 709 2164 ante
729 2122 862 2173 rem,
888 2120 1009 2159 cum
1034 2118 1115 2169 re,
1164 2108 1285 2171 post
1311 2115 1444 2154 rem.
1471 2098 1756 2179 Quzevero
1784 2102 1910 2148 sunt
1934 2102 2084 2147 aute-

504 2201 748 2258 cedentia
769 2198 793 2263 ,‘
814 2179 1230 2265 consequentia,
1250 2194 1253 2195 ⁷
1274 2202 1327 2246 et
1353 2180 1699 2263 repugnantia
1728 2228 1742 2250 ,
1775 2186 2076 2255 quomodo-

504 2277 635 2348 libe't
664 2281 842 2343 nitido
874 2289 924 2340 in
967 2284 1300 2354 temporibus
1347 2282 1490 2342 sint,
1540 2266 1689 2332 nihil
1717 2278 1906 2332 refert.
1954 2275 2097 2329 Nam

503 2385 681 2455 priora
729 2397 873 2450 saepe
903 2370 1237 2448 temporibus
1262 2376 1643 2435 "comitantur,
1676 2382 1731 2425 et
1753 2362 2086 2439 temporibus

504 2477 800 2549 posteriora
825 2470 1153 2543 praecedunt,
1177 2479 1233 2523 et
1253 2468 1381 2536 qnze‘
1401 2465 1557 2519 siliul
1585 2463 1919 2551 temporibus
1942 2468 2084 2553 sunt,

505 2571 634 2624 alias
654 2560 991 2637 przeceduut,‘
1009 2562 1141 2617 alias
1166 2554 1292 2615 vero
1320 2566 1741 2625 consequuntur,
1763 2564 1817 2607 ut
1843 2552 2087 2620 superius

506 2676 718 2734 quoque
741 2673 885 2726 stupe
929 2640 1670 2720 diximus.'Atnplitts,jqua:'
1711 2644 2085 2699 antecedentia

509 2764 634 2811 sunt
664 2748 1137 2819 et‘cousequentia
1188 2743 1493 2812 relinquere
1539 2753 1660 2794 sese
1689 2755 1793 2792 non
1826 2740 2089 2806 possunt,

507 2864 607 2905 nec
642 2846 741 2902 sibi
766 2841 1117 2911 repugnantia
1164 2834 1471 2899 cohaerere,
1507 2842 1560 2886 et
1587 2837 1710 2885 sunt
1727 2828 2088 2899 repugnantia

509 2935 1052 2998 necessario'sibimet
1079 2935 1408 2992 inconnexa;
1439 2924 1561 2995 quin
1590 2938 1719 2977 vero
1747 2921 2091 2989 suut‘adjun-

510 3046 595 3091 eta
624 3032 754 3087 nihil
782 3028 1024 3084 obtinent
1054 3021 1413 3097 necessitatis,
1438 3018 1560 3088 quia
1584 3018 1637 3071 et
1669 3015 1821 3085 jungi
1855 3012 2093 3077 sibimet,

506 3134 625 3181 'et‘a
656 3138 713 3177 se
735 3118 968 3189 separari
1018 3122 1238 3186 queunt.
1276 3114 1405 3178 Quir.
1428 3111 1649 3164 cum‘ita
1688 3107 1796 3162 sint
1821 3150 1833 3172 ,
1869 3105 2094 3175 quaestio

2187 1919 2272 1964 tus
2299 1906 2730 1979 supervaeaneus
2752 1925 2872 1965 esse
2892 1911 3157 1977 videatur,
3186 1926 3309 1965 cum
3342 1913 3587 1980 quolibet
3618 1913 3785 1967 modo

2186 2000 2387 2055 fuerint
2414 2017 2483 2056 ex
2513 2015 2579 2055 eo
2604 2011 2918 2070 argumenta
2962 2003 3291 2072 composita,
3322 2019 3351 2057 a
3379 2004 3595 2057 caeteris
3648 2005 3787 2058 locis

2187 2108 2339 2166 quos‘
2373 2095 2621 2166 superius
2681 2096 3066 2164 descripsimus
3130 2112 3234 2151 non
3297 2096 3574 2151 recedant.
3648 2097 3788 2151 Nam

2188 2186 2541 2257 quodcunque
2562 2188 2627 2240 ab
2655 2187 3094 2241 antecedentibus
3116 2197 3169 2241 et
3194 2189 3653 2257 consequentibus
3682 2189 3786 2242 du-

2190 2282 2330 2333 citur
2356 2290 2750 2349 argumentum,
2784 2279 2833 2332 id
2863 2279 2943 2333 vel
2976 2294 3004 2331 a
3032 2290 3165 2346 toto,
3186 2280 3281 2333 ‘vel
3311 2296 3340 2333 a
3376 2281 3617 2349 partibus
3641 2324 3658 2346 ,
3698 2282 3788 2336 vel

2191 2385 2223 2424 a
2247 2371 2577 2439 conjugatis,
2609 2372 2692 2425 vel
2720 2371 2787 2425 ab
2819 2371 2997 2441 aliquo
3022 2373 3351 2441 reliquorum
3381 2382 3612 2427 traeium
3662 2387 3788 2429 esse

2192 2464 2889 2534 perpenditu‘r‘hoemodo:
2922 2465 2978 2519 Si
3010 2464 3155 2518 utilis
3191 2476 3273 2519 est
3312 2466 3538 2535 tequitas
3582 2468 3788 2539 consti-

2195 2564 2303 2607 tuta
2337 2556 2398 2608 ad
2427 2570 2511 2609 res
2552 2570 2676 2609 suas
2721 2556 3064 2617 obtinendas,
3098 2555 3227 2609 utile
3257 2570 3339 2610 eSt
3362 2558 3454 2625 jus
3482 2558 3644 2613 civile
3672 2600 3689 2624 ,
3725 2558 3788 2614 ad

2195 2647 2245 2701 i‘d
2279 2644 2419 2716 quod
2466 2648 2740 2716 pr‘atcedit,
2768 2648 2937 2716 ‘quod'
2964 2647 3205 2717 sequitur
3250 2650 3434 2718 igitur,
3472 2649 3577 2703 hoc
3624 2660 3714 2704 est
3761 2666 3789 2704 ι

2196 2741 2517 2795 difliuitione
2576 2751 2990 2811 argumentum,
3043 2743 3249 2796 scilicet
3296 2743 3365 2797 ab
3410 2747 3791 2813 assumptione

2198 2833 2680 2904 przecedentis.'At
2714 2835 2756 2886 si
2783 2834 2859 2887 ita
2896 2834 3072 2907 dicam
3100 2851 3115 2887 :
3146 2834 3252 2888 Sed
3278 2850 3386 2907 non
3418 2848 3502 2891 est
3535 2838 3675 2892 utile
3699 2838 3791 2907 jus

2196 2929 2373 2991 civile,
2399 2908 2504 2980 non
2536 2935 2619 2981 est
2648 2927 2805 2997 igitur
2837 2928 2981 2980 utilis
3012 2928 3239 2996 tequitas
3264 2932 3560 2983 constituta
3605 2930 3673 2985 ad
3704 2947 3790 2987 res

2200 3033 2324 3072 suas
2363 3019 2733 3085 obtinendas,
2762 3018 2848 3071 hic
2897 3033 2993 3087 per
3041 3022 3418 3090 consequentis
3460 3025 3791 3093 assumptio-

2201 3114 2321 3166 nem
2350 3104 2901 3167 adiffinitionis'loco
2946 3123 3214 3187 sumptum
3261 3125 3342 3169 est
3387 3126 3790 3184 argumentum.

514 3214 749 3273 difficilis
778 3213 1124 3267 vehementer
1164 3205 1420 3269 oboritur,
1463 3202 1689 3286 videtur:
1722 3200 1883 3254 enim
1920 3198 2094 3253 minus
2122 3194 2167 3257 C
2200 3206 2327 3261 Item
2352 3223 2379 3259 a
2398 3200 2643 3277 partium“
2665 3196 3068 3261 enumeratione
3089 3251 3102 3273 ,
3131 3209 3175 3261 si
3200 3222 3375 3277 neque
3396 3200 3590 3273 censu,
3617 3225 3795 3279 neque

519 3305 849 3363 intuentibus
910 3299 1041 3359 nihil
1087 3298 1173 3352 hic
1216 3298 1364 3351 locus
1426 3292 1644 3377 diﬁerre
1694 3292 1952 3375 hislocis
2002 3290 2095 3359 qui

516 3400 643 3455 dicti
676 3406 797 3450 sunt
821 3394 905 3449 vel
936 3408 964 3446 a
990 3405 1218 3461 genere,
1249 3388 1335 3443 vel
1367 3403 1395 3442 a
1426 3388 1606 3456 specie
1626 3426 1641 3449 ,
1692 3385 1782 3469 vel
1814 3399 1842 3437 a
1883 3378 2099 3469 contraf

508 3489 628 3545 ‘riis.
661 3468 1003 3555 Nam'genus
1044 3478 1257 3550 Semper
1282 3472 1514 3553 speciem
1567 3466 2098 3548 sequitur,'specieni

515 3594 684 3652 genus
714 3577 987 3648 praecedit,
1022 3575 1288 3645 contraria
1317 3573 1473 3627 simul
1522 3568 1800 3627 essenon
1851 3576 2095 3643 possunt;

508 3662 647 3749 ’ρυνω
672 3670 926 3727 solvenda
952 3677 1032 3725 est
1053 3668 1154 3722 hoc
1170 3667 1367 3722 modo;
1402 3666 1639 3720 Primum
1666 3666 1789 3734 quia
1814 3680 1918 3718 non
1942 3680 2102 3720 omne

518 3746 857 3838 consequens
903 3779 1073 3833 genus
1110 3772 1239 3829 est,
1293 3746 1615 3819 neeomnis'
1644 3764 1851 3832 species
1882 3754 2100 3818 anteceé

521 3846 681 3914 deus.
705 3854 1077 3925 Repugnantia
1106 3858 1239 3909 vero
1258 3870 1360 3908 non
1394 3855 1506 3925 ipsa
1534 3857 1826 3922 contraria,
1851 3856 1945 3909 sed
1967 3870 2102 3910 eon-

522 3946 813 4019 trariorum
836 3938 962 3999 sunt
987 3945 1391 4019 consequentia,
1418 3956 1475 3999 ut
1504 3946 1557 4000 in
1585 3947 1826 4001 locorum
1852 3948 2003 4023 quia
2028 3948 2103 4003 M.

526 4026 703 4093 Tullio
730 4028 986 4108 propesiti
1010 4024 1499 4105 suntexiiositione
1521 4022 1967 4094 monstravimus.
1996 4039 2104 4095 De-

510 4130 647 4185 ‘hinc
670 4131 791 4200 quia
807 4146 928 4185 cum
953 4145 981 4183 a
1002 4110 1672 4199 genere'ﬁt‘argumentum
1692 4170 1706 4195 ,
1742 4130 1912 4199 ipsum
1935 4146 2106 4200 genus

523 4216 845 4287 assumitur,“
877 4219 1064 4275 eodem
1095 4204 1308 4288 quoque
1342 4205 1499 4273 modo
1522 4228 1576 4273 et
1605 4216 1847 4288 species,
1877 4236 2001 4289 cum
2040 4222 2107 4275 ab

525 4328 588 4369 ea
614 4313 807 4382 aliquid
831 4313 1075 4367 volumus
1116 4311 1440 4383 approbare;
1473 4328 1593 4367 cum
1626 4329 1757 4369 vero
1790 4314 1856 4368 ab
1886 4324 2107 4369 antece-

526 4387 785 4460 dentibus.
804 4404 1001 4472 aliquid
1029 4392 1332 4459 monstrare
1362 4405 1758 4479 centendimus,
1783 4420 1849 4460 eo
1876 4406 2019 4475 quod
2052 4407 2103 4461 in

528 4496 871 4552 conditionali
898 4495 1259 4565 prepositione
1280 4497 1556 4564 praecessit
1597 4497 1795 4549 utimur
1816 4497 1868 4551 in
1900 4512 2109 4551 assum-

2200 3296 2448 3363 caeteris',
2498 3309 2715 3353 nonest
2762 3299 2933 3366 liber,
2969 3309 3023 3353 at
3060 3314 3225 3354 censu
3252 3292 3359 3355 ‘vel
3402 3301 3650 3365 caeteris,
3709 3312 3792 3357 est

2201 3390 2362 3457 igitur
2386 3389 2521 3443 liber
2548 3406 2563 3445 :
2592 3399 2645 3443 at
2671 3404 2774 3443 non
2807 3400 2891 3445 est
2911 3391 3074 3456 liber;
3104 3406 3275 3460 neque
3302 3407 3464 3446 censu
3490 3394 3673 3462 igitur,
3703 3410 3795 3448 nev

2200 3464 2305 3549 quc
2328 3482 2536 3536 cteteris
2561 3468 2920 3537 manumissus
2948 3490 3049 3536 est.
3084 3482 3190 3537 Sed
3235 3484 3528 3537 notandum
3561 3495 3645 3539 est
3672 3501 3794 3555 qua:

2202 3574 2272 3625 sit
2310 3574 2391 3627 vis
2441 3566 2865 3642 uniuscujusque
2915 3574 3239 3643 argumenti,
3287 3570 3601 3643 etquoniam
3633 3577 3795 3630 modo

2213 3662 2537 3734 proferatur.
2574 3662 2712 3718 Sunt
2752 3664 2896 3718 enim
2941 3675 3251 3733 argumenta
3284 3660 3795 3734 quaeprzedicativis

2204 3754 2327 3827 ‘apia
2348 3746 2471 3812 ‘sint
2500 3757 2827 3829 syllogismis
2865 3767 2921 3827 ut
2946 3772 2974 3810 a
3002 3744 3324 3813 circuitione
3350 3757 3443 3811 liat
3464 3760 3573 3813 sic:
3599 3760 3691 3829 jus
3723 3762 3798 3815 ci-

2203 3850 2321 3904 'vile
2366 3860 2451 3904 est
2480 3849 2706 3919 aequitas
2736 3838 3137 3903 constituta-liis
3165 3849 3256 3917 qui
3285 3849 3525 3917 ejusdem
3559 3860 3687 3905 sunt
3726 3851 3798 3906 ei.

2202 3940 2387 3994 vitatis
2408 3940 2475 3994 ad
2506 3956 2593 3995 res
2622 3956 2746 3994 suas
2774 3940 3185 3996 obtinendas.|d
3214 3956 3341 3996 vero
3362 3942 3595 3997 utile‘est
3620 3988 3633 4012 ,
3660 3944 3795 3999 utile

2209 4043 2291 4089 est
2315 4026 2575 4104 igiturjus
2606 4034 2779 4088 civile.
2802 4033 2929 4087 Item
2949 4049 2977 4086 a
2997 4035 3255 4104 partibus:
3281 4035 3589 4105 Qui'neque
3603 4052 3797 4102 censu,
3872 4050 3884 4059 '

2210 4140 2386 4194 neque
2429 4126 2682 4191 vindicta,
2719 4141 2892 4193 neque
2923 4126 3369 4183 testamen‘to'est
3396 4131 3794 4193 manumissus,

2212 4218 2299 4273 hic
2325 4234 2388 4273 ex
2416 4219 2675 4273 servitute
2721 4217 2856 4272 liber
2906 4217 3077 4275 factus
3120 4210 3231 4274 non
3269 4231 3378 4286 est;
3411 4222 3634 4277 Stichus
3663 4238 3795 4278 vero

2213 4328 2387 4383 neque
2416 4321 2756 4377 testamento,
2791 4304 3166 4381 neque‘censu,
3212 4328 3386 4385 neque
3417 4314 3650 4369 vindicta
3678 4332 3791 4371 ma-

2208 4406 2481 4459 numissus
2534 4415 2646 4473 est;
2697 4388 2914 4458 Stichus
2967 4403 3124 4473 igitur
3163 4404 3298 4459 liber
3337 4419 3441 4459 non
3497 4396 3618 4459 est:
3651 4416 3707 4461 et
3740 4410 3787 4459 in

2156 4550 2163 4553 ,
2213 4498 2423 4553 caeteris
2461 4484 2650 4552 eodem
2682 4496 2861 4550 modo.
2892 4495 3081 4550 Omnia
3138 4512 3265 4551 vero
3311 4490 3647 4567 quaecunque
3706 4513 3797 4569 per

514 4578 711 4660 (ptione
736 4630 749 4653 ,
778 4590 987 4643 etiamsi
1040 4588 1340 4661 non'fuerit
1367 4572 1557 4658 genus.
1592 4589 1721 4644 Item
1751 4590 1796 4645 si
1840 4606 1869 4643 a
1912 4606 2107 4669 conseg-
2140 4574 2194 4634 D
2217 4582 2573 4661 categoricum
2613 4589 2976 4661 syll0gismuni
3032 4588 3257 4657 proferri
3285 4601 3554 4669 “possunt,
3609 4592 3795 4645 eadem

514 4678 712 4754 ’quenti
743 4690 1113 4750 argumentum
1143 4681 1263 4752 ﬁat,
1304 4674 1513 4736 etiamsi
1556 4684 1770 4751 species
1801 4686 2040 4750 non'sit‘,
2076 4674 2106 4741 a

516 4760 878 4843 consequenti
899 4781 1047 4841 parte
1076 4772 1452 4827 conditionalis
1481 4775 1865 4843 prepositionis
1895 4776 2109 4831 ducitur

516 4862 902 4937 argumentum
925 4906 941 4931 ,
973 4864 1137 4918 veluti
1181 4878 1303 4919 eum
1336 4866 1408 4920 ita
1435 4864 1697 4942 dicimus:
1750 4867 1805 4921 Si
1836 4868 1973 4937 ignis
2002 4876 2105 4935 est,

514 4956 663 5013 'levis
690 4967 792 5025 est,
824 4955 963 5025 ignis
986 4954 1287 5021 antecedit,
1328 4956 1515 5011 levitas
1546 4960 1823 5028 sequitur;
1855 4960 1948 5014 sed
1980 4976 2111 5016 neu-

530 5060 672 5105 trum
695 5046 868 5101 neutri
895 5054 978 5101 est
1005 5059 1174 5114 genus
1204 5054 1295 5099 aut
1319 5046 1551 5115 species,
1582 5049 1871 5103 assumitur
1908 5049 2107 5119 itaque,

530 5142 675 5211 atqui
703 5138 839 5209 ignis
868 5146 971 5194 est.
1015 5134 1166 5190 Nune
1194 5134 1355 5204 igitur
1386 5135 1438 5189 id
1480 5138 1617 5205 quod
1642 5139 1994 5194 antecedebat
2026 5156 2113 5195 as-

530 5233 756 5300 sumpsi,
779 5247 845 5287 ex
865 5245 970 5302 quo
986 5222 1317 5285 monstratur
1335 5229 1637 5300 conclusio,
1671 5230 1803 5286 levis
1826 5232 1985 5302 igitur
2006 5241 2107 5288 est.

530 5324 602 5380 At
634 5325 679 5381 si
710 5326 778 5379 ita
808 5339 1141 5380 assumamus
1166 5367 1181 5390 ,
1212 5322 1305 5379 sed
1326 5339 1432 5378 non
1459 5334 1539 5378 est
1568 5324 1722 5392 levls,
1748 5326 1801 5381 id
1823 5326 1964 5397 quod
1989 5341 2115 5382 con-

530 5419 854 5489 sequebatur
882 5419 1168 5487 assumpsi.
1202 5417 1555 5473 Concluditur
1595 5434 1723 5489 ergo
1762 5428 1922 5488 atque
1952 5433 2108 5474 mon-

530 5519 733 5566 stratur
758 5548 776 5576 ,
825 5525 930 5564 non
954 5519 1037 5565 est
1065 5510 1226 5579 igitur
1255 5510 1412 5581 ignis.
1459 5510 1621 5565 Vides
1644 5512 1807 5580 igitur
1835 5520 1892 5565 ut
1920 5512 1986 5566 de
2022 5510 2108 5566 his

532 5594 956 5672 prmcedentibus
1002 5611 1057 5656 et
1105 5602 1559 5671 consequentibus
1598 5614 1775 5655 ‘nunc
1828 5603 2108 5672 loquamur

530 5707 650 5763 qua:
672 5694 733 5748 in
757 5691 1101 5749 conditionin
1134 5692 1497 5761 prepositione
1528 5693 1701 5759 posita
1731 5733 1743 5756 ,
1792 5693 1873 5748 vel
1906 5708 2109 5762 praece-

531 5789 663 5844 dere
691 5788 776 5842 vel
803 5786 1062 5854 consequi
1091 5785 1475 5854 intelliguntur.
1516 5783 1650 5839 Cum
1682 5801 1807 5843 vero
1831 5787 1890 5841 [it
1915 5802 1983 5843 ex
2007 5802 2104 5858 ges

2221 4699 2315 4752 per
2358 4680 2768 4736 conditiona‘leui
2818 4679 3184 4749 syllogismum
3202 4676 3317 4733 ‘dici
3355 4688 3579 4748 queunt.
3611 4681 3797 4738 Omnis

2220 4788 2448 4842 namque
2521 4771 2859 4841 prazdicativa
2929 4766 3224 4839 propeSitio
3272 4771 3325 4823 in
3376 4773 3792 4828 conditionalem

2219 4869 2351 4920 verti
2396 4874 2590 4934 potest,
2622 4864 2721 4917 hoc
2766 4862 2955 4917 modo:
2992 4860 3185 4916 omnis
3216 4862 3376 4916 homo
3421 4866 3624 4918 animal
3671 4878 3792 4931 est,

2219 4956 2555 5025 przedieativa
2588 4966 2699 5018 est;
2748 4954 2860 5008 haec
2884 4954 3065 5009 ‘facile
3112 4957 3336 5009 vertitur
3376 4957 3427 5009 in
3458 4958 3796 5012 conditiona-

2219 5048 2323 5102 lem
2356 5048 2449 5112 ita,
2483 5048 2526 5100 si
2561 5049 2720 5101 homo
2746 5057 2851 5112 est,
2885 5046 3083 5100 animal
3126 5056 3236 5100 est.
3281 5046 3398 5101 Non
3439 5061 3571 5101 vero
3622 5052 3798 5105 omnis

2217 5141 2591 5195 conditionalis
2648 5139 2701 5195 iu
2758 5139 3150 5208 pradicativam
3203 5139 3340 5194 verti
3390 5138 3798 5209 potest,‘velut

2220 5226 2369 5289 liaacz‘
2396 5230 2716 5305 si'peperit,
2765 5250 2885 5289 cum
2927 5235 3041 5287 viro
3094 5228 3621 5290 concubuitQNemo
3651 5252 3791 5290 enim

2218 5326 2397 5381 dicere
2440 5334 2615 5394 potest
2664 5326 2835 5392 ipsum
2889 5325 3194 5394 peperisse,
3242 5324 3293 5378 id
3340 5339 3460 5380 esse
3507 5328 3650 5395 quod
3679 5342 3796 5382 cum

2219 5417 2334 5473 viro
2360 5417 2753 5482 concumbere,
2786 5430 2889 5484 quo
2943 5416 3100 5471 modo
3137 5415 3365 5471 dicimus
3415 5419 3687 5473 hominem
3741 5418 3797 5474 id

2220 5523 2338 5563 esse
2364 5508 2503 5578 quod
2530 5508 2725 5561 animal
2755 5507 2843 5560 sit.
2876 5507 2989 5561 Alia
3031 5508 3175 5561 enim
3205 5509 3341 5562 ratio
3370 5517 3456 5563 est
3478 5508 3535 5563 in
3567 5509 3651 5565 bis
3673 5527 3800 5578 pro-

2220 5602 2571 5671 positionibus
2599 5616 2719 5671 quze
2744 5601 2813 5656 ita
2839 5588 3107 5667 dicuntur,
3133 5618 3251 5672 qua:
3277 5604 3505 5672 peperit,
3536 5618 3658 5657 cum
3683 5604 3799 5657 viro

2220 5695 2522 5749 concubuit.
2580 5695 2706 5749 llam
2753 5695 2894 5749 enim
2943 5695 3133 5749 similis
3164 5705 3245 5751 est
3290 5699 3340 5751 ei
3381 5712 3502 5764 qua).
3538 5696 3709 5760 dicit,
3748 5696 3799 5749 si

2218 5787 2445 5855 peperit,
2471 5802 2589 5843 cum
2618 5788 2732 5842 viro
2762 5789 3069 5855 concubuit,
3094 5789 3185 5844 sed
3230 5788 3567 5858 prmdicativa
3603 5802 3797 5858 proij
