4036 6336
250 309 381 368 “29

1080 309 1144 364 IN
1186 307 1432 365 TOPICA
1473 303 1829 362 CICERONIS
1865 303 2377 361 COMMENTARIA.
2425 306 2547 360 Llil.
2594 305 2655 359 V.

3360 305 3490 359 H36

243 423 366 478 sitio
395 420 446 475 id
476 433 595 475 esse
624 419 925 488 subjectum
972 414 1141 484 dicit,
1170 419 1309 487 quod
1360 418 1518 473 fuerit
1562 416 1821 488 prtedir-a-
1849 420 1901 478 Α
1927 414 2056 480 leat,
2089 415 2186 467 nisi
2218 430 2403 469 eorum
2432 416 2660 484 aliquem
2688 430 2819 483 quos
2852 414 3190 483 praediximus
3219 417 3489 473 includat:

248 524 376 566 tum.
406 512 789 569 Condition-alis
820 526 945 565 veru
975 511 1024 565 id
1049 511 1232 580 ponit,
1266 522 1318 563 ut
1352 513 1396 564 si
1426 509 1477 563 id
1501 510 1638 579 quod
1665 516 1817 560 ante-

246 607 437 659 cedens
486 604 644 658 fuerit
695 602 999 657 necessario
1027 602 1314 655 comitetur
1345 600 1486 670 quod
1529 601 1816 668 subsequi-

249 705 348 749 tur.
377 695 507 749 Cum
535 708 662 748 vero
689 694 1029 759 praedicativa
1072 701 1153 746 est
1185 691 1500 759 prepositio,
1536 692 1579 743 si
1611 705 1672 744 ea
1699 705 1817 744 ver-

248 795 386 840 tatur
414 786 465 838 iu
498 784 909 839 conditimialem
930 824 944 848 ,
997 784 1096 837 alia
1126 776 1379 836 nimirum
1409 781 1649 836 redditur
1688 797 1815 850 pro-

247 877 454 947 pysitio.
497 876 627 930 Nam
659 892 777 928 cum
820 876 1048 941 dicitur,
1081 876 1256 928 omnis
1285 875 1442 927 homo
1473 874 1665 927 animal
1711 883 1813 939 est,

248 941 355 1038 ipse
398 969 559 1022 homo
588 968 782 1020 animal
828 981 948 1020 esse
1002 966 1351 1034 preponitur;
1382 979 1500 1017 cum
1548 979 1717 1028 vero,
1770 965 1815 1017 si

250 1060 405 1112 homo
431 1067 544 1122 est,
576 1056 773 1110 animal
800 1065 881 1113 est
906 1097 921 1120 ,
942 1053 946 1057 ’
970 1070 1073 1107 non
1126 1053 1178 1107 id
1222 1052 1478 1119 sentitur,
1512 1061 1570 1105 ut
1601 1052 1691 1127 ille
1725 1052 1815 1119 qui

247 1150 403 1204 homo
445 1159 546 1214 est,
585 1148 779 1202 animal
814 1147 903 1212 sit,
937 1145 1032 1200 sed
1063 1145 1338 1214 proposito
1367 1158 1485 1197 esse
1519 1141 1809 1207 hominem,

245 1239 499 1308 consequi
525 1247 583 1290 ut
623 1237 690 1291 sit
721 1236 937 1290 animal.
968 1236 1108 1303 Ergo
1156 1231 1540 1287 conditionalis
1561 1230 1813 1300 syllogis-

246 1346 363 1385 mus
393 1331 445 1383 in
479 1328 848 1383 antecessione
889 1314 944 1379 et
993 1325 1380 1379 consecutione
1414 1322 1616 1392 positus
1641 1361 1656 1385 ,
1692 1320 1815 1373 licet

246 1436 338 1489 per
358 1419 751 1484 dillinitionem,
780 1428 832 1470 et
857 1430 950 1484 per
986 1418 1214 1484 partium
1255 1413 1733 1477 enumerationem,
1762 1418 1816 1463 et

244 1528 339 1582 per
363 1511 813 1581 conjugatinnem,
834 1516 889 1563 et
910 1508 1150 1576 quolibet
1174 1508 1277 1559 alio
1303 1506 1396 1559 ﬁat
1425 1505 1604 1566 modo,
1634 1511 1812 1555 tamen

243 1604 299 1657 in
341 1602 549 1670 propria
599 1603 764 1654 forma
818 1614 877 1653 se
923 1599 1188 1664 continet,
1220 1606 1274 1649 et
1303 1605 1385 1650 est
1412 1592 1811 1654 conditionalis,

242 1693 293 1746 id
328 1702 408 1746 est
430 1700 586 1745 utens
616 1690 827 1758 propria
880 1696 1164 1755 potestate,
1194 1696 1249 1738 nt
1290 1682 1684 1755 quodammodo
1710 1697 1815 1736 cte-

1922 520 2043 559 nam
2072 512 2252 573 potest
2285 515 2476 572 prmter
2504 520 2598 559 eos
2637 508 2796 559 etiam
2829 521 2972 573 saepe
3001 508 3245 575 reperiri,
3279 519 3334 560 ut
3369 526 3491 562 cum

1921 596 2179 649 dicimus:
2220 595 2276 649 Si
2322 595 2481 648 homo
2524 604 2644 659 est,
2684 595 2902 650 risibilis
2943 606 3058 660 est;
3102 598 3144 650 si
3171 613 3362 650 corvus
3386 609 3490 661 est,

1920 691 2072 758 niger
2100 700 2201 744 est.
2233 690 2329 743 llic
2344 692 2484 744 enim
2508 706 2605 744 nec
2626 668 3017 753 dil‘liuitidnem,
3046 706 3143 744 nec
3169 702 3366 760 partes,
3393 673 3491 747 nec

1919 780 2082 834 ullum
2131 780 2293 834 alium
2343 780 2515 833 locum
2564 782 2810 849 superius
2839 790 3208 845 enumeratum
3250 785 3491 837 continuet

1920 861 2590 937 argumentumf'Amplins
2617 910 2631 933 ,
2679 870 2831 923 facile
2870 880 2948 922 est
2980 870 3031 922 iu
3059 872 3279 940 singulis
3309 888 3491 925 eorum

1916 957 2243 1015 diﬂ‘erentias
2267 958 2586 1026 praevidere:
2610 959 2756 1011 locus
2784 958 2981 1027 quippe
3004 975 3031 1011 a
3060 968 3169 1013 toto
3191 978 3217 1011 a
3242 962 3459 1014 substan
3476 991 3494 1001 -

1917 1049 1988 1100 tia
2021 1047 2271 1111 trahitur,
2297 1065 2324 1100 a
2350 1048 2745 1116 partibusvero
2767 1063 2794 1100 a
2824 1050 2899 1101 rei
2924 1053 3332 1117 compositione.
3359 1054 3490 1104 Nam

1918 1141 1973 1192 in
2002 1137 2334 1204 simplicibus
2361 1138 2602 1190 terminis
2626 1137 2731 1189 tale
2762 1147 3133 1206 argumentum
3168 1156 3271 1191 non
3318 1152 3496 1207 polt'Sl.

1917 1226 2151 1280 inveniri
2180 1267 2192 1288 ,
2227 1242 2255 1279 a
2290 1237 2434 1289 nota,
2469 1229 2535 1280 ab
2578 1229 3050 1295 interpretatione;
3095 1248 3123 1281 ει
3151 1232 3449 1300 conjugatis
3476 1274 3493 1292 .

1916 1318 1985 1369 ab
2005 1333 2069 1370 eo
2098 1316 2237 1383 quod
2269 1332 2332 1368 ex
2358 1317 2545 1369 eodem
2571 1300 2854 1386 utrumque
2882 1318 3180 1381 deducitur;
3215 1336 3243 1370 a
3272 1336 3491 1390 genere,

1916 1421 1945 1459 a
1966 1409 2293 1471 continenti;
2323 1424 2350 1459 a
2383 1407 2585 1471 forma,
2618 1410 2682 1461 ab
2714 1424 2776 1462 eo
2795 1410 2934 1476 quod
2967 1412 3301 1477 continetur;
3329 1428 3358 1466 a
3390 1416 3489 1467 dil-

1914 1501 2162 1564 l‘erentia,
2182 1500 2247 1552 ab
2269 1514 2332 1552 eo
2355 1500 2494 1567 quod
2518 1498 2821 1567 discrepat;
2851 1516 2879 1552 a
2902 1500 3186 1563 similibus,
3224 1504 3291 1555 ab
3309 1505 3493 1557 cadem

1914 1592 2202 1660 qualitate;
2235 1606 2263 1643 a
2295 1591 2609 1656 contrariis,
2662 1591 2728 1644 ab
2780 1607 2843 1645 eu
2872 1591 3029 1661 quod
3069 1607 3097 1645 a
3128 1608 3187 1645 se
3231 1594 3383 1662 longe
3408 1597 3492 1661 di—

1915 1697 2066 1736 versa
2098 1691 2256 1746 sunt;
2311 1697 2339 1734 a
2370 1683 2543 1735 causis
2564 1722 2579 1747 ,
2627 1681 2693 1734 ab
2725 1683 2807 1735 his
2842 1684 2930 1751 qui
2962 1670 3231 1737 efﬁciindi
3261 1686 3364 1738 vim
3396 1687 3491 1737 ha-

242 1793 356 1837 tcra
382 1757 691 1851 argumenta
721 1757 832 1835 Suae
855 1780 1020 1834 veluti
1071 1787 1278 1834 naturae
1323 1777 1566 1839 videatur
1615 1757 1813 1832 habere
1846 1771 1891 1833 Β
1919 1772 2079 1840 bent;
2115 1774 2180 1825 ah
2228 1773 2453 1835 eliectis,
2497 1775 2563 1825 ab
2604 1772 2689 1825 his
2719 1789 2837 1841 qum
2870 1774 2974 1827 vim
3003 1774 3223 1829 alterius
3255 1776 3494 1831 cllicicn-

240 1872 503 1941 subjecta.
540 1871 607 1926 Ut
643 1887 764 1925 cum
791 1871 862 1923 sit
895 1886 923 1923 a
952 1870 1271 1923 diflinitione
1315 1879 1717 1939 argumentum,
1764 1868 1812 1922 si

240 1965 453 2035 quidem
478 1978 569 2031 per
593 1962 984 2030 praidicativam
1016 1962 1237 2015 formam
1263 1961 1433 2015 factus
1465 1959 1625 2015 fuerit
1645 1959 1813 2029 syllo-

237 2056 462 2126 gismus,
494 2069 523 2107 a
553 2053 878 2108 dillinitione
908 2052 1126 2106 ductum
1154 2066 1276 2106 esse
1306 2050 1534 2106 dicatur.
1564 2051 1657 2106 Sin
1683 2065 1815 2105 vero

241 2162 343 2214 per
370 2144 688 2214 hypothesin
722 2144 855 2197 facta
897 2142 1060 2198 fuerit
1096 2143 1520 2213 argumentatio,
1554 2141 1817 2196 conditio-

240 2238 381 2292 nalis
407 2238 483 2289 “ﬁt
536 2236 917 2307 syllogismus,
974 2250 1132 2304 quem
1181 2235 1453 2290 discernat
1497 2234 1812 2302 assumptio,

242 2340 417 2397 utrum
445 2327 511 2381 ab
536 2327 934 2389 antecedentis,
960 2340 1029 2380 an
1057 2341 1084 2379 a
1113 2324 1495 2393 consequentis
1521 2334 1670 2393 parte
1693 2338 1819 2392 pro-

240 2430 435 2473 matur.
468 2418 583 2485 Quo
615 2417 670 2471 lit
700 2431 755 2471 ut
796 2419 1008 2473 etiamsi
1040 2434 1134 2488 per
1177 2428 1402 2474 cmteros
1432 2419 1581 2472 locos
1635 2416 1819 2471 condi-

242 2511 441 2566 tionale
480 2519 848 2579 argumentum
881 2510 1211 2578 proferatur,
1251 2519 1427 2563 tamen
1459 2524 1606 2562 suam
1634 2523 1820 2576 quam-

240 2606 366 2657 dam
396 2602 586 2656 habeat
611 2602 861 2669 formant,
893 2602 1328 2671 quandoquidem
1361 2602 1412 2654 in
1445 2599 1819 2655 antecessione

242 2706 300 2749 et
327 2697 708 2751 consecutione
738 2706 824 2751 est
847 2704 1187 2750 constitutus.
1215 2696 1361 2749 Tunc
1378 2695 1520 2749 enim
1548 2692 1819 2757 dil‘linitio,

242 2795 446 2857 partes,
474 2788 801 2856 coniugatio,
830 2795 885 2841 et
911 2798 1105 2841 cmtera
1137 2786 1300 2840 veluti
1326 2801 1412 2840 res
1443 2786 1571 2854 ipsae
1602 2785 1736 2838 liunt
1757 2799 1821 2838 ac

239 2893 354 2932 non
383 2879 550 2943 locus,
584 2893 704 2932 cum
739 2879 983 2933 venerint
1024 2880 1078 2931 in
1109 2877 1508 2943 conditionem;
1541 2877 1660 2931 atsi
1690 2891 1821 2930 con-

236 2972 376 3028 ditio
403 2981 600 3037 cesset,
626 2988 689 3025 ex
724 2972 854 3040 ipsis
906 2970 1201 3040 profectum
1245 2971 1508 3025 videbitur
1536 2984 1822 3037 argumen-

239 3075 376 3119 tum.
393 3065 542 3132 Quod
570 3064 616 3118 si
641 3064 1059 3133 propositionem
1083 3062 1319 3117 conditio
1333 3062 1682 3130 conulaverit,
1704 3061 1818 3130 ipsa

1916 1869 2002 1920 tiae
2034 1875 2411 1934 susceperunt;
2432 1865 2502 1919 ab
2523 1865 2809 1934 adjuncris,
2838 1883 2865 1921 a
2900 1868 3171 1922 vicinitate
3196 1880 3430 1933 uatum;
3459 1885 3491 1923 a

1916 1961 2313 2028 comparatione
2344 1959 2629 2026 majorum,
2664 1960 2869 2027 parium
2903 1960 2981 2013 vel
3016 1962 3317 2026 minorum;
3352 1958 3379 2014 a
3411 1979 3496 2016 reo

1917 2052 2147 2118 latione,
2201 2051 2265 2105 ad
2319 2052 2574 2120 a-qualem
2624 2054 2708 2105 vel
2764 2052 3077 2121 inaequalem
3119 2055 3491 2122 quantitatem.

1915 2142 2000 2196 Ab
2022 2143 2465 2197 antecedentibus
2489 2158 2619 2197 vero
2650 2143 2807 2212 Iunge
2835 2145 2973 2198 alius
3003 2143 3192 2198 modus
3223 2156 3305 2198 est
3328 2164 3339 2197 :
3364 2161 3496 2200 eun.

1918 2245 2022 2288 stat
2045 2237 2187 2289 enim
2220 2236 2270 2289 in
2303 2250 2369 2289 eo
2399 2234 2539 2302 quod
2569 2236 2611 2287 si
2642 2239 2972 2303 pmpositum
2996 2236 3121 2304 quid
3154 2237 3495 2300 luerit,aliud

1918 2327 2169 2397 quiddam
2199 2327 2370 2381 modis
2419 2329 2667 2381 omnibus
2716 2329 2932 2391 cxislct,
2972 2328 3111 2396 quod
3155 2344 3495 2398 consequens

1917 2421 2244 2490 appellatur;
2280 2422 2436 2489 hujus
2488 2436 2616 2473 vero
2658 2421 3008 2489 intelligentia
3054 2424 3296 2476 consistit
3340 2423 3391 2476 in
3430 2439 3495 2487 eo

1919 2510 2058 2579 quod
2090 2509 2426 2578 prtecedente
2454 2510 2714 2577 quolibet,
2744 2510 2887 2562 aliud
2921 2512 3296 2575 subsecutum;
3333 2528 3495 2581 repu-

1918 2600 2191 2670 gnantium
2215 2614 2344 2655 vero
2371 2599 2717 2668 intelligentia
2742 2600 3011 2663 consistit,
3040 2614 3142 2653 non
3170 2602 3327 2655 modo
3351 2604 3491 2671 quod

1919 2707 2093 2762 neque
2148 2693 2333 2763 sequi,
2392 2709 2563 2762 neque
2612 2693 2931 2750 antecedere
2989 2703 3240 2762 possunt,
3308 2711 3494 2751 verum

1921 2784 2082 2836 etiam
2128 2782 2270 2853 quod
2304 2784 2463 2836 simul
2503 2798 2624 2838 esse
2657 2798 2760 2837 non
2793 2796 3038 2852 possunt,
3070 2802 3188 2855 qua:
3220 2788 3273 2839 in
3304 2787 3493 2840 condi-

1922 2876 2067 2930 tione
2097 2876 2396 2931 Consistere
2425 2875 2644 2929 dubium
2692 2891 2800 2931 non
2830 2886 2933 2932 est.
2977 2878 3069 2932 His
3114 2879 3273 2947 igitur
3302 2879 3372 2931 ita
3402 2896 3497 2932 cx-

1923 2968 2145 3039 peditis,
2176 2968 2425 3038 quoniam
2466 2968 2535 3022 Μ.
2584 2969 2790 3023 Tullius
2822 2973 3199 3039 proprietatem
3241 2958 3345 3025 ioci
3375 2986 3497 3025 suc-

1922 3062 2118 3124 cincte,
2152 3070 2210 3113 ut
2241 3059 2293 3113 in
2323 3068 2631 3114 transcursu
2666 3061 2862 3129 potuit,
2893 3062 3170 3116 evidenter
3206 3064 3494 3130 expressit,

238 3155 456 3224 quidem
485 3169 546 3208 ea
592 3163 716 3208 sunt
746 3170 864 3223 qua:
893 3154 948 3207 in
978 3153 1431 3221 propositionibus
1472 3152 1817 3207 continentur
1847 3140 1892 3203 C
1925 3166 2063 3205 nunc
2090 3149 2280 3220 quibus
2310 3150 2483 3204 modis
2527 3150 2716 3205 eodem
2757 3152 2874 3205 loco
2928 3152 3003 3204 ttti
3036 3154 3357 3217 conveniat,
3403 3154 3498 3207 ad-

237 3246 412 3299 veluti
436 3246 677 3315 qumdam
709 3246 1010 3314 argumenti
1038 3254 1233 3314 partes,
1268 3246 1417 3299 locus
1446 3260 1572 3298 vero
1605 3246 1655 3298 in
1686 3260 1817 3300 con-

238 3338 449 3391 ditione
496 3346 579 3390 est
607 3339 945 3389 constitutus.
981 3337 1155 3403 Atque
1201 3336 1315 3390 haec
1346 3337 1416 3390 ita
1464 3335 1603 3389 dicta
1650 3343 1817 3403 sunt,

238 3429 397 3497 quasi
441 3427 597 3482 aliter
632 3426 1007 3482 conditionalis
1052 3427 1138 3482 hic
1168 3427 1318 3481 locus
1347 3427 1563 3482 tractari
1594 3443 1698 3481 non
1727 3440 1821 3479 va-

1914 3242 2111 3314 jungit.
2171 3244 2300 3309 Qure
2349 3243 2671 3313 Topicorum
2707 3260 2860 3313 pars,
2903 3246 3152 3314 quoniam
3185 3246 3497 3315 dilgentius

1920 3335 2261 3404 explananda
2311 3344 2433 3398 est,
2492 3335 2650 3390 linem
2699 3345 2888 3405 quarto
2948 3336 3203 3390 volumini
3280 3337 3492 3402 faciam,

1921 3427 2109 3494 quiqu
2143 3434 2333 3480 caztera
2362 3424 2687 3479 redditurus.

1442 3637 1730 3717 LIBER
1784 3616 2268 3730 QUINTUS.

1745 3755 2003 3767 ψ

316 3814 392 3869 De
420 3813 663 3868 omnibus
690 3812 898 3883 quidem
927 3812 1287 3885 hypotheticis
1322 3813 1667 3883 syllogismis,
1713 3813 1820 3867 Pa.

238 3908 367 3962 trici
409 3906 678 3961 rhetorum
709 3907 1049 3976 peritissime,
1077 3906 1235 3974 plene
1265 3906 1703 3975 ahundanterqne
1732 3908 1819 3961 di-

238 3999 511 4068 gessimus
541 3997 623 4057 his
647 3992 820 4061 libris,
852 4011 987 4065 quos
1018 3997 1083 4051 de
1112 4011 1298 4051 eorum
1341 3996 1706 4065 principaliter
1739 3999 1819 4051 iu-

237 4090 520 4143 stitutione
561 4088 1017 4158 conscripsimus,
1066 4104 1096 4143 a
1138 4090 1330 4158 quibus
1378 4090 1637 4159 integram
1690 4106 1815 4159 per-

238 4181 546 4250 fectamque
586 4180 879 4234 doctrinam
907 4218 921 4243 ,
972 4179 1059 4233 cui
1109 4181 1410 4235 resolvendi
1454 4182 1545 4236 illa
1591 4198 1816 4236 vacuum

238 4278 458 4341 tempus
486 4281 601 4337 est,»
621 4273 789 4326 lector
814 4272 1059 4340 accipiet.
1090 4272 1194 4327 Sed
1223 4275 1347 4342 quia
1372 4290 1513 4328 nunc
1544 4273 1819 4330 CicerOnis

236 4362 446 4430 Toriica
460 4364 786 4433 sumpsimus
803 4364 1139 4432 exponenda,
1160 4366 1390 4434 atquein
1416 4365 1498 4419 his
1519 4366 1819 4435 aliquorum

238 4452 317 4507 Μ.
340 4453 547 4506 Tullius
576 4453 854 4507 modorum
885 4455 1147 4518 meminit,
1181 4456 1463 4510 dicendum
1492 4458 1619 4510 milii
1648 4460 1821 4511 brevi-

238 4552 332 4597 ter
369 4542 619 4597 existimo
645 4543 712 4597 de
743 4543 825 4597 his
854 4554 1057 4612 septem
1088 4546 1539 4601 conditionalibus
1570 4549 1819 4617 syllogis-

235 4630 371 4697 mis,
406 4647 524 4700 quae
554 4630 745 4707 eorum,
771 4643 958 4686 natura
989 4634 1082 4699 sit,
1113 4636 1642 4707 propositionumqtte
1686 4654 1819 4692 cun-

235 4722 442 4788 textio,
476 4733 533 4777 ut
558 4738 677 4776 cum
713 4724 826 4777 hac
855 4724 919 4776 ad
959 4725 1232 4778 scientiam
1264 4726 1367 4781 rite
1399 4728 1667 4795 prmlibata
1702 4744 1822 4797 per-

234 4822 516 4877 vener-nt,
548 4812 795 4866 Tulliana
817 4814 1023 4867 facilius
1046 4824 1329 4869 noscantur
1356 4820 1620 4887 exempla.
1653 4820 1821 4874 Omne

233 4902 406 4972 igitur
428 4903 569 4972 qu'od
599 4903 653 4956 in
676 4903 968 4972 qumstione
993 4903 1285 4970 dubitatur,
1320 4915 1411 4959 aut
1438 4909 1818 4964 verisimilibus

234 5003 341 5047 aut
361 4992 676 5048 necessariis
702 4995 1011 5062 probabitur
1042 4999 1389 5065 argumentis.
1434 5002 1817 5068 Argumentum

231 5098 378 5138 vero
402 5099 561 5139 omne
586 5076 676 5139 aut
708 5086 759 5139 in
792 5087 1082 5156 syllogismi
1114 5090 1355 5143 ordinem
1404 5091 1575 5155 cadit,
1627 5103 1717 5146 aut
1755 5109 1819 5147 ex

232 5174 560 5246 syllogismo
588 5177 725 5230 vires
752 5177 1329 5249 accipit.Syllogismus
1349 5197 1471 5235 vero
1500 5182 1673 5237 omnis
1701 5198 1823 5251 pro-

231 5264 607 5334 positionibus
624 5276 854 5320 constat.
884 5268 1283 5336 Propositiones
1312 5282 1489 5323 autem
1514 5272 1596 5325 vel
1620 5272 1821 5339 simpli-

226 5370 341 5411 ces
370 5348 517 5425 sunt,
544 5358 627 5411 vel
658 5360 989 5425 compositae.
1022 5360 1303 5430 Simplices
1328 5372 1451 5416 sunt
1471 5378 1590 5431 qua:
1613 5365 1822 5432 simpli-

229 5450 401 5505 cibus
417 5451 674 5504 orationis
689 5452 926 5519 partibus
944 5452 1350 5523 coniunguntur.
1370 5454 1820 5522 Copulantautem

228 5540 656 5609 incompositam
727 5542 1142 5610 propositionem
1217 5545 1487 5611 simplices
1566 5548 1822 5605 orationis

227 5642 463 5702 partes;
485 5647 677 5687 nomen
706 5644 761 5685 et
797 5635 1015 5688 verbum
1036 5673 1050 5696 ,
1081 5635 1240 5688 veluti
1283 5651 1401 5689 cum
1428 5637 1674 5705 dicimus,
1706 5639 1822 5695 dies

230 5733 355 5791 cst,
386 5725 470 5780 vel
515 5725 629 5780 dies
661 5740 853 5779 vernus
884 5736 995 5785 est.
1043 5728 1124 5779 vel
1158 5728 1274 5781 ilics
1315 5744 1534 5785 serenus
1565 5742 1681 5799 est;
1737 5734 1818 5787 hic

674 5822 942 5881 PATR')L.
984 5824 1203 5884 Lle.

1930 3815 2070 3868 enim
2099 3816 2313 3867 omnem
2354 3812 2460 3867 vim
2502 3814 2881 3883 propositionis
2908 3828 3101 3869 nomen
3133 3819 3398 3872 connectit
3445 3829 3500 3874 et

1927 3908 2170 3964 verbum.
2195 3910 2384 3963 Omnis
2405 3918 2579 3962 autem
2604 3908 2827 3977 simplex
2858 3911 3152 3978 propositio
3176 3926 3240 3964 ex
3260 3911 3501 3979 subjecto

1928 4001 2317 4070 prmdicatoque
2340 4001 2604 4054 consistit.
2636 4000 2944 4068 Subjectum
2968 4010 3050 4056 est
3077 4002 3143 4055 de
3166 4016 3270 4070 quo
3290 4002 3490 4056 dicitur

1928 4093 1979 4145 id
2022 4092 2158 4159 quod
2190 4091 2527 4160 pratdicatur.
2562 4090 2913 4145 Prmdicatum
2944 4080 3186 4161 estquod
3218 4092 3284 4146 de
3309 4108 3378 4147 eo
3409 4095 3497 4147 di-

1926 4184 2062 4238 citur
2087 4183 2226 4252 quod
2258 4182 2553 4250 subjectum
2580 4190 2678 4235 est.
2729 4182 2956 4235 Verbum
2989 4194 3164 4235 autem
3215 4184 3500 4253 aliquoties

1931 4271 2219 4341 praedic-ato
2259 4271 2460 4324 nomini
2492 4270 2816 4339 adiungitur,
2852 4271 3132 4339 aliquoties
3163 4273 3332 4341 ipsum
3364 4291 3501 4343 pnn-

1929 4364 2156 4417 dicatur.
2180 4362 2475 4416 Prtedicato
2502 4363 2704 4415 nomini
2737 4362 3061 4431 adjungitur,
3094 4375 3150 4417 ut
3176 4364 3231 4418 in
3254 4366 3351 4420 hac
3380 4383 3501 4436 pro.

1930 4462 2192 4530 positione
2212 4476 2329 4529 quae
2351 4460 2499 4525 dicit,
2530 4458 2646 4515 dies
2672 4474 2893 4514 serenus
2922 4469 3004 4514 est
3025 4478 3039 4514 :
3059 4462 3174 4517 dies
3201 4464 3343 4518 enim
3370 4466 3499 4521 suh-

1926 4552 2100 4620 jectus
2127 4559 2228 4615 est,
2254 4564 2477 4605 serenus
2502 4550 2853 4618 praedicatus;
2896 4559 2980 4605 est
3002 4567 3131 4607 vero
3158 4555 3377 4609 verbum
3406 4572 3499 4611 se-

1932 4659 2062 4698 reno
2085 4642 2392 4712 adiunctum
2424 4651 2527 4704 est.
2561 4642 2701 4709 quod
2726 4642 2956 4698 diximus
2979 4659 3099 4700 esse
3132 4648 3496 4714 prtedicatttm.

1931 4737 1999 4789 At
2025 4735 2067 4785 si
2100 4735 2221 4787 talis
2254 4735 2325 4785 sit
2346 4733 2660 4801 prOpusTtio,
2691 4749 2805 4800 quae
2831 4736 2946 4789 solo
2969 4738 3183 4791 nomine
3206 4748 3416 4793 constet
3445 4754 3502 4793 et

1930 4825 2115 4889 verbo,
2150 4823 2311 4878 veluti
2342 4839 2461 4877 cum
2493 4824 2741 4889 dicimus,
2773 4825 2887 4878 dies
2916 4834 3028 4889 est,
3071 4837 3197 4881 tum:
3225 4829 3340 4882 dies
3368 4832 3499 4883 sub-

1924 4916 2126 4983 jicitur,
2149 4924 2234 4970 est
2260 4915 2479 4969 verbum
2503 4918 2619 4969 sine
2637 4916 2798 4970 dubio
2820 4916 3169 4986 przedicatur;
3195 4921 3257 4974 si.
3280 4937 3310 4975 e
3334 4925 3501 4975 verba

1928 5016 2103 5060 autem
2134 5006 2279 5058 nulla
2312 5015 2395 5059 est
2440 5008 2732 5074 propositio
2765 5023 2780 5061 :
2814 5009 2989 5062 omnis
3018 5011 3159 5063 enim
3206 5015 3500 5080 propositio

1929 5097 2011 5152 vel
2042 5113 2163 5152 vera
2196 5097 2277 5151 vel
2307 5098 2435 5151 falsa
2468 5109 2581 5162 cst;
2631 5098 2731 5152 nisi
2764 5110 2937 5154 autem
2969 5105 3187 5154 verbum
3217 5106 3286 5157 sit
3326 5107 3498 5173 quod-

1848 5234 1855 5239 .
1930 5193 2059 5247 libet
2088 5192 2418 5259 adjunctum,
2450 5207 2555 5261 quo
2577 5207 2695 5246 esse
2717 5193 2914 5261 aliquid
2961 5202 3051 5246 aut
3079 5209 3182 5247 non
3213 5211 3331 5251 esse
3356 5197 3388 5251 d
3413 5215 3501 5253 ca-

1932 5292 2039 5349 tur,
2088 5284 2235 5337 nttlla
2261 5285 2463 5338 veritas
2488 5292 2580 5336 aut
2616 5283 2819 5337 falsitas
2850 5284 2902 5337 in
2927 5286 3377 5351 propositionibus
3404 5293 3496 5342 de-

1931 5375 2296 5443 prehenditur.
2353 5376 2507 5442 Stepe
2556 5387 2731 5430 autem
2788 5373 3181 5442 propositiones
3223 5380 3381 5432 etiam
3434 5399 3501 5434 mc

1928 5469 2053 5522 totis
2079 5468 2410 5521 orationibus
2434 5475 2703 5531 constant,
2723 5475 2781 5519 ut
2809 5466 3114 5539 sidicamus
3133 5483 3147 5521 ε
3168 5468 3417 5525 Transire
3449 5476 3497 5524 in

1929 5558 2159 5612 Africam
2187 5558 2315 5611 utile
2337 5568 2416 5611 est
2444 5557 2731 5620 Romanis;
2766 5556 2852 5609 hic
2884 5558 3022 5610 cnim
3053 5559 3352 5629 subjectum
3382 5569 3501 5631 quis

1927 5647 2047 5700 dem
2075 5657 2158 5701 est
2188 5650 2415 5701 transire
2446 5647 2496 5701 in
2542 5646 2775 5700 Africam
2799 5686 2813 5708 ,
2857 5647 2985 5701 utile
3024 5657 3200 5703 autem
3230 5652 3500 5706 Romanis

1931 5738 2300 5807 prmdicatnm,
2340 5749 2418 5793 cst
2446 5751 2572 5792 vero
2605 5736 2891 5806 przcdicalo
2913 5739 3270 5811 coniungitur.
3303 5745 3493 5814 llujnso

2983 5832 3059 5890 36

2646 5895 2691 5917 LA
2702 5910 2725 5917 φ
