4014 6336
569 291 703 350 ιιῑι

1834 284 1946 339 AN.
1987 283 2194 338 MANL.
2240 282 2387 339 SEV.
2431 236 2650 340 inETll

3692 295 3828 351 “Si

567 406 713 462 modi
747 392 903 475 igitur
927 410 1113 454 omnes
1137 393 1534 467 propositiones
1562 393 1918 463 prazdicativre
1947 393 2135 448 dicun-
2169 401 2215 457 Α
2246 394 2650 461 repugnantiam
2671 394 2887 463 cadunt,
2918 397 3021 454 hoc
3045 400 3224 465 modo,
3248 400 3294 456 si
3317 402 3521 472 vigilat.
3544 418 3655 459 non
3684 415 3827 462 ster-

567 509 676 553 tur.
701 493 1063 551 Prmdicativre
1090 502 1218 542 vero
1244 486 1599 557 appellantur,
1630 487 1752 557 quia
1780 485 1923 539 aliud
1948 486 2015 538 de
2032 485 2138 537 alio

569 562 877 657 praedicant.
901 582 1204 650 Omnesque
1229 580 1316 649 qui
1336 594 1400 633 ex
1425 578 1507 631 his
1524 578 1977 647 propositionibus
2006 578 2140 631 ﬁunt

565 676 884 749 syllogismi,
913 672 1203 729 secundum
1228 670 1653 725 enuntiationum
1695 685 1910 723 suarum
1938 669 2139 723 formas

566 765 894 836 prwdieatit-i
924 765 1280 834 appellantur.
1327 762 1404 815 Ex
1450 762 1529 815 his
1568 770 1745 815 autem
1777 760 2140 831 prmdicativis

567 857 1022 928 propositionibus
1074 854 1310 910 existunt
1349 855 1662 923 composita:
1721 852 2134 922 propositiones,

564 965 787 1019 quarum
812 949 931 1003 aliae
960 947 1175 1018 quidem
1202 946 1500 1015 capulativa
1519 938 1894 1014 conjunctione
1917 955 2140 999 nectun-

564 1055 669 1111 tur,
700 1054 756 1099 ut
784 1052 840 1099 ει
868 1044 983 1098 dies
1011 1053 1110 1107 est,
1144 1051 1198 1097 et
1229 1042 1319 1094 lux
1349 1051 1429 1095 est
1455 1058 1469 1104 ;
1500 1040 1635 1094 'alia:
1664 1055 1793 1094 vero
1825 1054 1917 1107 per
1947 1038 2137 1092 condi-

563 1136 763 1189 tionem
794 1136 946 1198 ﬁunt,
981 1150 1096 1202 qua:
1122 1134 1281 1187 etiam
1325 1131 1711 1185 eonditionales
1740 1130 2138 1184 enuntiationes

565 1239 845 1281 vocantur.
897 1227 991 1281 llic
1032 1243 1158 1279 vero
1190 1234 1314 1279 sunt
1352 1240 1469 1294 quae
1496 1223 1870 1291 conjunctione
1911 1221 2137 1290 quadam

565 1320 805 1387 partibus
848 1317 1163 1385 interposita
1192 1316 1258 1369 ad
1288 1315 1720 1383 consequentiam
1752 1313 2141 1365 conditionem-

561 1423 666 1475 que
690 1408 978 1459 ducuntur.
1008 1405 1119 1474 Age
1141 1406 1283 1458 enim
1311 1405 1420 1457 sint
1439 1405 1555 1456 dure
1579 1404 1972 1471 prepositiones
2001 1415 2138 1467 pra!-

562 1499 595 1551 d
619 1498 807 1552 cativa:
839 1514 852 1549 :
888 1512 989 1550 una
1022 1495 1256 1563 quidem,
1290 1510 1411 1563 qua:
1439 1494 1588 1558 dicit,
1620 1494 1818 1547 animal
1862 1502 1984 1557 est;
2033 1492 2137 1545 alia

566 1604 696 1643 vero
740 1604 859 1657 qua:
906 1586 1188 1655 preponit,
1245 1586 1405 1638 homo
1434 1594 1536 1638 est.
1591 1584 1682 1637 llis
1732 1584 1775 1637 si
1833 1583 2125 1651 conjuncti.

583 1680 909 1745 utet-veniat,
943 1678 1130 1742 faciet,
1160 1678 1203 1731 si
1238 1678 1397 1729 homo
1425 1686 1539 1741 est,
1585 1674 1781 1727 animal
1824 1683 1925 1729 εει.
1976 1673 2136 1728 Vides

2247 485 2330 537 tit.
2366 485 2460 539 llic
2483 486 2887 542 afﬁrmationem
2920 490 3162 559 sequitur
3190 495 3423 561 negatio,
3455 495 3554 549 sed
3577 496 3623 549 si
3647 506 3829 565 poste-

2240 577 2367 629 raori
2401 578 2556 646 parti,
2592 578 2641 632 id
2679 589 2783 647 est,
2811 595 2915 634 non
2941 583 3140 648 stertit,
3171 585 3381 652 negatio
3408 586 3679 651 dematur,
3712 590 3823 654 ﬁet,

2240 667 2286 719 si
2309 668 2488 732 vigilat
2515 672 2713 732 stertit,
2744 679 2798 724 et
2823 670 2927 725 erit
2959 687 3297 741 repugnans;
3335 675 3431 729 sed
3466 677 3517 729 in
3558 682 3824 735 connexis

2239 765 2399 827 atque
2440 758 2722 827 disjuncﬁs
2751 762 3210 829 propositionibus
3240 764 3371 819 illud
3414 766 3820 836 intelligendum

2240 857 2355 913 est,
2399 851 2539 916 quod
2570 852 2622 907 in
2650 867 2833 907 earum
2864 855 3106 923 partibus
3132 866 3186 910 et
3211 858 3290 911 vis
3318 862 3633 925 quaestionis
3656 862 3824 915 incla-

2241 938 2386 991 ditur
2415 950 2469 993 et
2506 944 2825 1009 argumenti.
2871 948 2983 1007 Age
3024 946 3166 999 enim
3196 946 3470 1002 dubitatur
3500 965 3571 1003 an
3615 952 3703 1003 lux
3731 954 3825 1017 sit,

2242 1030 2399 1121 idque
2421 1036 2818 1101 approbantium
2847 1037 2918 1091 sit
2947 1054 3012 1093 ex
3042 1055 3108 1095 eo
3134 1043 3275 1121 quod
3306 1043 3422 1096 dies
3452 1054 3558 1098 est.
3584 1045 3641 1099 Si
3666 1046 3825 1113 igitur

2243 1120 2315 1175 ita
2344 1121 2439 1176 ﬁat
2470 1126 2765 1195 propositio
2786 1168 2801 1192 ,
2852 1130 2897 1182 si
2940 1131 3057 1185 dies
3085 1142 3194 1198 εει,
3243 1134 3328 1188 lux
3361 1144 3476 1201 εει,
3508 1152 3577 1190 ea
3606 1140 3821 1207 quidem

2243 1227 2366 1281 pars
2394 1217 2552 1270 totius
2574 1221 2954 1287 propositionis
2977 1240 3096 1295 qua:
3121 1228 3383 1298 sequitur,
3408 1229 3594 1294 idest,
3615 1232 3821 1293 luxui.

2242 1306 2552 1371 quazstionis
2580 1318 2687 1364 est:
2718 1311 2791 1367 De
2829 1329 2890 1367 ea
2925 1331 3155 1386 namque
3197 1320 3455 1387 quatritur
3482 1335 3551 1375 an
3599 1323 3691 1375 lux
3734 1325 3820 1376 sit.

2243 1398 2316 1451 Ea
2347 1414 2476 1454 vero
2505 1417 2623 1471 qua:
2655 1406 2802 1472 prior
2828 1417 2931 1474 εει,
2963 1410 3015 1463 id
3045 1420 3147 1477 est,
3174 1411 3292 1467 dies
3313 1423 3425 1482 est,
3451 1417 3562 1467 vim
3588 1416 3826 1471 continet

2241 1494 2559 1559 argumenti.
2595 1496 2670 1549 Ex
2697 1512 2763 1551 eo
2788 1501 2931 1554 enim
2960 1503 3102 1570 quod
3131 1503 3248 1559 dies
3284 1517 3366 1559 est
3387 1547 3402 1571 ,
3439 1507 3529 1560 lux
3557 1522 3684 1561 esse
3708 1523 3827 1577 pro.

2241 1579 2471 1645 habitur,
2513 1595 2568 1637 et
2608 1586 2660 1639 in
2694 1591 2904 1644 caeteris
2931 1593 3143 1659 quidem
3176 1595 3257 1649 vel
3285 1599 3569 1663 connexis,
3603 1598 3692 1653 vel
3719 1599 3825 1652 διε-

2238 1671 2436 1740 junctis
2457 1677 2644 1731 eadem
2665 1681 2802 1733 ratio
2822 1690 2924 1735 est.
2951 1682 3006 1737 In
3029 1686 3278 1741 omnibus
3301 1702 3433 1741 vero
3463 1689 3550 1741 his
3570 1690 3823 1756 quoniam

558 1771 720 1843 igitur
760 1777 817 1823 ut
862 1770 993 1821 duas
1025 1766 1392 1836 prtedicativas
1437 1766 1829 1833 prepositiones
1874 1765 1926 1817 in
1972 1778 2129 1817 unam
2164 1766 2211 1823 B
2238 1765 2582 1837 syllogismus
2611 1776 2772 1840 atque
2809 1777 3206 1841 argumentatio
3245 1778 3311 1833 ad
3338 1779 3823 1835 ἀειῃοηςιηοάιω

557 1863 913 1917 conditionem
959 1860 1263 1927 conjunctio
1310 1859 1664 1928 copulaverit.
1717 1860 1847 1921 Quae
1894 1872 2015 1911 cum
2061 1858 2130 1909 ita

554 1955 680 2017 sint,
698 1967 882 2007 omnes
905 1951 987 2004 hae
1007 1950 1394 2018 prepositiones
1420 1949 1799 2018 bypotbeticaa,
1820 1947 1870 2000 id
1895 1955 1978 2001 est
2001 1962 2101 2000 con
2118 1975 2131 1987 -

554 2044 856 2109 ditionalcs,
891 2052 1149 2096 vocantur
1175 2081 1189 2104 ,
1221 2052 1380 2109 atque
1426 2055 1489 2094 ex
1523 2039 1605 2093 his
1648 2038 1943 2109 syllogismi
1996 2038 2129 2091 tales

553 2137 807 2200 existunt,
836 2135 1030 2204 quibus
1061 2134 1417 2204 ltyputbeticis
1447 2134 1531 2186 vel
1560 2131 2009 2186 conditionalibus
2041 2145 2131 2183 no-

551 2243 677 2283 men
698 2237 796 2282 est.
824 2227 1009 2281 Omnis
1031 2235 1206 2280 autem
1227 2225 1563 2295 bypothetiea
1592 2223 1907 2293 propositio,
1927 2224 2009 2278 vel
2034 2238 2129 2293 per

554 2319 945 2375 conm-xionetn
978 2317 1070 2381 ﬁt,
1118 2316 1200 2371 vel
1234 2332 1327 2385 per
1357 2315 1797 2383 disjunctionem.
1850 2316 1953 2369 Per
1993 2329 2126 2369 con-

552 2411 835 2465 nexionem
878 2410 978 2462 hoc
1015 2408 1195 2471 modo,
1247 2408 1291 2460 si
1337 2407 1454 2460 dies
1481 2415 1583 2471 est,
1632 2407 1721 2459 lux
1753 2414 1853 2460 est.
1888 2404 1993 2460 Per
2011 2406 2125 2460 dis-

548 2502 879 2573 junetionem
906 2502 999 2565 ita,
1031 2499 1253 2554 autdies
1273 2512 1375 2561 est.
1402 2507 1490 2551 aut
1516 2513 1619 2553 nox
1642 2509 1744 2553 εει.
1776 2498 1971 2553 Earum
1995 2514 2125 2554 vero

549 2613 668 2666 quas
695 2611 791 2666 per
819 2594 1214 2649 connexionem
1248 2593 1403 2653 ﬁunt,
1427 2591 1479 2645 al
1501 2607 1548 2645 λε
1571 2607 1636 2645 ex
1660 2591 1862 2646 duabus
1888 2591 2126 2645 afﬁrma-

548 2690 669 2744 tivis
699 2688 957 2757 copulata:
980 2694 1131 2753 sunt,
1180 2694 1236 2738 ut
1265 2686 1307 2739 si
1352 2684 1469 2738 dies
1498 2693 1601 2751 est,
1634 2684 1723 2738 lux
1752 2692 1856 2748 est,
1888 2698 2122 2753 namque

546 2786 660 2837 dies
687 2788 790 2845 est,
826 2788 878 2833 et
907 2780 998 2832 lux
1030 2786 1133 2844 cst,
1164 2787 1403 2846 utrmque
1425 2777 1623 2846 aliquid
1653 2774 1923 2829 afﬁrmant
1955 2792 1969 2842 ;
2002 2775 2121 2828 alia:

534 2871 607 2926 ἐκ
644 2870 852 2925 duabus
878 2868 1159 2940 negativis,
1194 2879 1247 2921 ut
1280 2868 1323 2920 si
1355 2870 1441 2921 lux
1470 2883 1573 2921 non
1605 2874 1709 2933 est,
1740 2866 1853 2920 dies
1882 2881 1985 2919 non
2014 2874 2118 2929 est,

542 2978 666 3017 nam
692 2963 865 3019 lucem
908 2978 1015 3016 non
1044 2976 1184 3026 esse,
1213 2968 1269 3015 et
1291 2961 1433 3015 diem
1465 2976 1570 3014 non
1594 2975 1745 3023 esse,
1772 2968 1995 3028 utraque
2027 2973 2121 3013 ne-

541 3055 686 3121 gatio
710 3064 828 3122 est;
859 3058 977 3111 alia:
1007 3070 1138 3110 vero
1166 3070 1227 3109 ex
1257 3054 1571 3109 afﬁrmativa
1604 3056 1951 3122 negativaque
1990 3066 2119 3106 con-

2237 1866 2440 1920 partem
2480 1858 2705 1913 alteram
2745 1863 3059 1928 qutcstionis
3093 1868 3529 1921 accommodatur
3551 1908 3569 1929 ,
3599 1870 3826 1937 quentia

2234 1957 2365 1999 vero
2393 1948 2567 2001 omnis
2597 1949 2902 2007 dubitabilis
2927 1963 3008 2008 est
3030 1995 3045 2019 ,
3095 1965 3311 2025 oportet
3340 1959 3696 2028 syllogismos
3736 1962 3823 2026 qui

2235 2039 2708 2095 accommodantur
2721 2043 3824 2115 ambiguaquastioni,ittdubitabilesesse

2231 2145 2392 2201 atque
2436 2137 2763 2205 perspicuos,
2813 2140 2903 2209 qui
2934 2150 2990 2195 ut
3020 2141 3152 2196 tales
3180 2144 3287 2197 sint
3306 2184 3323 2210 ,
3364 2160 3433 2198 ex
3462 2145 3629 2198 claris
3658 2155 3822 2215 atque

2231 2227 2430 2294 apertis
2460 2236 2514 2282 et
2540 2230 2592 2282 in
2632 2232 2860 2286 veritate
2892 2235 3199 2301 patentibus
3228 2238 3696 2303 propositionibus
3730 2254 3821 2291 ne.

2229 2330 2384 2372 cesse
2405 2326 2489 2373 est
2518 2332 2791 2387 constent;
2826 2325 3218 2392 pr0positiones
3247 2341 3378 2380 vero
3416 2330 3612 2395 partim
3638 2344 3742 2398 per
3764 2344 3820 2383 se

2230 2420 2370 2463 nota:
2397 2419 2543 2477 sunt,
2560 2414 2751 2479 partim
2770 2414 3036 2484 aliquibus
3055 2418 3458 2485 probationibus
3472 2419 3812 2488 indigebunt.

2225 2500 2413 2556 Omnis
2436 2518 2563 2557 vero
2584 2504 2926 2574 syllogismus
2955 2507 3324 2563 enuntiatione
3355 2513 3633 2577 proposita
3658 2512 3817 2563 habet

2226 2592 2451 2662 alicujus
2467 2594 2633 2661 partis
2647 2598 3090 2665 assumptionem,
3107 2610 3159 2652 ut
3174 2599 3313 2667 quod
3326 2612 3409 2653 est
3427 2600 3482 2654 in
3506 2602 3814 2669 quastione

2224 2684 2528 2748 concludat,
2568 2685 2668 2739 boc
2690 2687 2886 2741 modo:
2917 2687 2973 2741 Si
2995 2689 3113 2742 dies
3140 2699 3241 2754 est,
3277 2689 3367 2742 lu'x
3394 2697 3500 2743 εει.
3547 2688 3617 2744 [ιι
3654 2690 3813 2759 igitur

2224 2775 2394 2831 lucem
2413 2792 2533 2833 esse
2552 2778 2934 2844 demonstrem,
2959 2795 3230 2834 assumam
3260 2797 3419 2835 unam
3452 2792 3667 2849 partem
3695 2798 3811 2851 pro-

2225 2868 2503 2936 positionis
2532 2870 2780 2939 superius
2807 2872 3135 2934 constitutzr,
3175 2872 3493 2941 dicamque,
3547 2872 3647 2927 sed
3696 2875 3812 2927 dies

2222 2967 2335 3023 est,
2380 2974 2443 3012 ac
2482 2968 2605 3013 tunc
2633 2958 2848 3013 domum
2880 2961 2930 3015 id
2960 2962 3103 3030 quod
3129 2972 3214 3019 ut
3248 2962 3302 3022 in
3332 2964 3636 3031 quaestione
3676 2979 3807 3018 con-

2220 3049 2455 3115 cludam,
2489 3049 2574 3103 lux
2604 3059 2688 3105 est
2717 3051 2896 3120 igitur.
2927 3053 3067 3123 Ergo
3094 3068 3215 3109 cum
3238 3054 3303 3108 ad
3334 3054 3639 3125 syllogismi
3680 3070 3809 3110 con-

546 3146 739 3215 junctae
766 3156 910 3212 sunt,
951 3156 1008 3201 ut
1037 3147 1081 3200 si
1110 3146 1223 3200 dies
1250 3155 1355 3212 εει,
1385 3160 1490 3199 nox
1522 3146 1626 3198 non
1670 3153 1752 3198 est
1778 3143 1958 3209 ;.aliae
1990 3158 2115 3197 vero
2143 3135 2191 3196 C
2220 3142 2547 3209 clusionem,
2595 3156 2644 3197 et
2679 3154 2788 3198 tota
2819 3146 3185 3200 enuntiatione
3217 3147 3271 3201 in
3321 3150 3705 3216 proponendo,
3751 3158 3808 3203 et

543 3252 609 3291 ex
631 3236 873 3306 negativa
896 3236 1317 3305 aflirmativaque
1344 3235 1680 3305 copulantur,
1712 3241 1771 3288 ut
1796 3234 1839 3287 si
1865 3233 1981 3287 dies
2009 3247 2114 3287 non

532 3336 643 3392 est,
667 3343 772 3383 nox
798 3339 879 3383 est
904 3347 915 3382 :
938 3343 1121 3383 omnes
1142 3339 1317 3383 tamen
1339 3330 1390 3381 in
1409 3326 1741 3380 connexione
1766 3326 1951 3394 positze
1968 3334 2109 3380 sunt.

539 3424 644 3476 Aut
674 3422 817 3476 enim
850 3423 1133 3475 affirmatio
1168 3419 1578 3473 afﬁrmationem
1610 3418 1869 3487 sequitur,
1901 3428 1986 3469 aut
2020 3431 2113 3469 ne-

535 3514 680 3584 gatio
709 3513 1067 3582 negationem,
1099 3510 1256 3578 eique
1287 3524 1527 3563 connexa
1558 3519 1659 3572 est,
1693 3519 1783 3561 aut
1804 3507 2111 3561 afﬁrmatio-

536 3619 659 3659 nom
685 3604 913 3673 negatio,
938 3612 1030 3656 aut
1050 3601 1383 3670 negationem
1409 3599 1724 3663 afﬁrmatio;
1757 3598 1851 3653 sed
1880 3613 1949 3652 ex
1984 3612 2110 3651 con-

534 3697 687 3750 nexis
710 3702 1065 3762 repugnantes
1092 3692 1430 3746 manifestum
1464 3700 1546 3745 est
1573 3691 1739 3754 nasci,
1771 3706 1997 3757 namque
2020 3688 2108 3742 ubi

533 3782 818 3837 aflirmatio
842 3784 1080 3849 sequitur
1104 3782 1535 3844 afﬁrmationem,
1578 3780 1658 3834 bis
1686 3781 1732 3833 si
1755 3780 1923 3833 media
1950 3793 2109 3847 nega-

534 3877 607 3930 tio
636 3875 946 3945 interposita
973 3875 1061 3937 sit,
1100 3875 1501 3942 repugnantiam
1532 3872 1657 3925 facit
1687 3872 1787 3927 hoc
1816 3873 1975 3926 modo
2013 3889 2027 3925 :
2058 3872 2105 3926 si

534 3966 647 4022 dies
675 3976 786 4032 est,
830 3968 918 4020 lux
949 3974 1052 4019 est.
1094 3963 1192 4018 llic
1218 3961 1503 4017 affirmatio
1533 3961 1771 4030 sequitur
1793 3960 2107 4016 afﬁrmatio-

532 4070 684 4120 nem;
708 4066 763 4110 at
785 4070 904 4109 cum
927 4053 1066 4120 dico,
1093 4053 1137 4108 si
1165 4052 1282 4107 dies
1308 4060 1411 4113 est.
1444 4052 1530 4105 lux
1556 4067 1659 4104 non
1685 4059 1785 4115 est,
1809 4059 2106 4121 repugnant

532 4150 673 4205 inter
693 4162 750 4202 se
776 4156 951 4217 partes
977 4143 1357 4217 prepositionis
1374 4159 1653 4211 connexaa,
1677 4144 1986 4213 interposita
2011 4160 2105 4200 ne-

527 4239 762 4309 gatione.
805 4237 935 4292 item
964 4240 1175 4307 quoties
1217 4238 1426 4305 negatio
1471 4236 1711 4304 sequitur
1740 4235 2100 4304 negationem,

528 4336 573 4388 si
604 4332 881 4403 posteriori
911 4330 1291 4401 propositionis
1334 4331 1468 4399 parti
1513 4332 1815 4399 negativum
1860 4331 2104 4386 dematur

527 4427 862 4493 adverbium,
906 4437 1264 4495 repugnantes
1292 4425 1425 4478 ﬁunt
1454 4426 1553 4480 hoc
1596 4425 1786 4489 modo,
1819 4427 1862 4479 si
1904 4428 2099 4481 animal

2218 3234 2271 3287 in
2299 3236 2624 3290 assumendo
2653 3248 2802 3304 parte
2841 3237 3229 3292 enuntiationis
3273 3248 3486 3291 utamur
3509 3280 3526 3305 ,
3575 3254 3806 3294 necesse

2216 3336 2299 3381 est
2320 3336 2376 3380 ιιι
2402 3341 2463 3381 ea
2487 3328 2679 3396 quibus
2706 3328 2903 3382 utimur
2924 3328 2997 3383 nil
3020 3329 3253 3383 habeant
3270 3329 3600 3395 dubitabile,
3634 3332 3805 3399 siqui-

2215 3418 2333 3470 dem
2363 3434 2429 3471 εχ
2452 3418 2535 3472 bis
2559 3433 2619 3472 ea
2640 3432 2757 3487 qua:
2787 3430 2909 3471 sunt
2932 3418 3181 3487 ambigua
3197 3420 3613 3489 capientﬁdem.
3641 3422 3798 3487 Quod

2214 3512 2258 3565 si
2283 3515 2572 3582 propositio
2609 3514 2891 3582 aliquoties
2921 3513 3136 3582 quidem
3165 3529 3259 3580 per
3283 3529 3343 3568 se
3368 3525 3494 3568 nota
3519 3524 3605 3570 est
3630 3524 3798 3585 atque

2214 3606 2517 3673 perspicua,
2558 3606 2841 3674 aliquoties
2883 3620 3011 3660 vero
3052 3607 3383 3675 probationis
3414 3609 3669 3679 indigens
3711 3610 3797 3663 in-

2212 3695 2442 3763 venitur,
2468 3697 2764 3766 assumptio
2781 3711 2991 3765 quoque
3021 3698 3305 3766 aliquoties
3326 3696 3423 3766 pef-
3442 3713 3504 3753 se
3530 3715 3656 3753 vera
3678 3715 3797 3755 esse

2211 3786 2502 3853 notabitur,
2529 3787 2810 3857 aliquoties
2842 3787 3245 3856 approbationis
3273 3787 3475 3857 indiget
3509 3790 3794 3857 adjumen-

2211 3878 2296 3929 tis.
2352 3876 2467 3942 Quo
2495 3876 2554 3929 ﬁt
2600 3886 2657 3930 ut
2686 3877 2730 3930 si
2761 3886 2813 3930 et
2842 3878 3133 3946 propositio
3161 3886 3216 3932 et
3243 3880 3547 3948 assumptio
3572 3880 3799 3934 demon-

2208 3965 2442 4019 stranda:
2479 3967 2621 4030 sint,
2665 3966 3128 4035 quinqoepartitus
3186 3968 3278 4037 (ut
3314 3968 3505 4024 Cicero
3534 3972 3701 4025 etiam
3739 3972 3793 4024 in

2209 4054 2510 4111 Rhetoricis
2539 4066 2722 4110 auctor
2754 4056 2867 4127 εει)
2899 4058 3238 4126 syllogismus
3275 4058 3395 4124 ﬁat,
3440 4070 3701 4113 constans
3726 4076 3795 4113 ex

2208 4147 2573 4215 propositione
2596 4146 2817 4215 ejusque
2846 4147 3159 4216 probatione
3179 4188 3194 4211 ,
3231 4150 3625 4215 assumptione,
3653 4151 3799 4216 ejus-

2207 4236 2434 4304 demque
2464 4236 2794 4303 probatione.
2836 4245 2890 4289 et
2918 4236 3284 4291 conclusione.
3318 4237 3470 4302 Quod
3501 4238 3547 4289 si
3594 4252 3795 4293 neutra

2206 4327 2276 4381 sit
2305 4327 2672 4397 approbanda,
2704 4327 3001 4396 tripartitus
3039 4329 3131 4394 sit,
3177 4343 3244 4383 ex
3283 4328 3656 4397 propositione
3686 4332 3795 4383 sei-

2207 4418 2364 4488 licet,
2416 4422 2783 4490 assumptione
2830 4429 2883 4474 ct
2922 4419 3283 4473 conclusione.
3328 4420 3480 4484 Quod
3528 4422 3575 4472 si
3620 4422 3797 4474 altera

500 4536 634 4599 ⁵ιιοιι
665 4531 768 4583 εει,
799 4520 961 4575 homo
991 4534 1100 4573 non
1126 4529 1229 4583 est;
1262 4521 1376 4573 bare
1401 4523 1667 4574 connexio
1694 4528 1776 4574 est
1802 4536 1865 4573 ex
1894 4521 2100 4575 duabus

2221 4525 2387 4564 rarum
2417 4509 2829 4566 demonstranda
2859 4511 2963 4575 sit,
2997 4509 3054 4563 ﬁt
3081 4509 3499 4579 quadripartito;
3522 4551 3537 4576 ,
3566 4526 3631 4565 ex
3668 4526 3799 4579 pro-

524 4611 800 4682 prOposita
839 4610 1116 4679 negativis.
1162 4610 1234 4664 At
1281 4612 1324 4666 si
1380 4610 1665 4679 posteriori
1707 4611 1841 4678 parti
1868 4651 1882 4672 ,
1925 4611 1978 4665 id
2019 4620 2103 4666 est

526 4706 688 4759 homo
710 4717 815 4756 non
831 4710 933 4766 εει,
958 4701 1259 4771 negativunt
1286 4701 1596 4756 detrahatur
1623 4701 1956 4769 adverbium,
1986 4701 2099 4769 ﬁet,

521 4797 566 4850 si
598 4795 794 4851 animal
823 4809 928 4848 non
959 4802 1077 4857 est,
1129 4793 1290 4847 homo
1317 4804 1420 4858 est,
1448 4794 1587 4864 quod
1619 4805 1919 4863 repugnat;
1970 4806 2024 4851 at
2053 4796 2100 4849 si

519 4886 808 4943 afﬁrmatio
834 4885 1171 4954 negatione...
1201 4918 1474 4955 Μυκη...
1508 4886 1622 4939 sive
1652 4887 1940 4953 posteriori
1961 4887 2099 4954 parti

520 4981 732 5052 negatio
755 4978 1042 5049 jungatur,
1072 4978 1188 5033 sive
1217 4977 1380 5048 priori
1411 4977 1705 5045 auferatur,
1737 4987 2096 5047 repugnantes

521 5070 672 5137 ﬁunt,
705 5070 807 5124 hoc
832 5068 1017 5135 modo,
1059 5068 1103 5122 si
1139 5067 1254 5123 dies
1280 5083 1386 5123 non
1412 5075 1514 5132 est,
1546 5082 1652 5121 nox
1681 5077 1786 5123 est.
1813 5067 1910 5123 llic
1939 5068 2097 5136 igitur

516 5156 803 5213 afﬁrmatio
829 5159 1070 5228 sequitur
1092 5159 1446 5226 negationem.
1474 5156 1599 5213 Sive
1632 5158 1792 5227 igitur
1812 5159 2094 5227 posteriori

518 5250 678 5318 parti,
707 5249 760 5306 id
793 5259 894 5315 est,
930 5266 1033 5305 nox
1057 5260 1161 5316 est,
1188 5252 1398 5318 negatio
1428 5250 1726 5320 cepuletur,
1748 5259 1805 5304 ut
1836 5251 1903 5304 sit
1925 5252 2018 5314 ita,
2047 5250 2091 5304 si

516 5338 630 5395 dies
657 5354 761 5394 non
783 5351 886 5405 est,
913 5356 1017 5395 nox
1042 5356 1150 5395 non
1177 5349 1280 5405 est,
1304 5343 1415 5395 sive
1436 5341 1596 5409 priori
1622 5343 1915 5407 auferatur,
1946 5349 2001 5393 ut
2022 5340 2092 5394 sit

516 5430 612 5490 ita.
642 5429 687 5483 si
714 5430 832 5483 dies
858 5440 962 5495 εει,
998 5446 1103 5485 nox
1143 5446 1246 5485 non
1276 5440 1379 5496 est,
1410 5440 1793 5501 repugnantem
1821 5432 1934 5486 fieri
1967 5447 2094 5499 νιος

515 5520 840 5590 positionem
872 5536 1093 5578 necesse
1127 5531 1230 5576 est.
1281 5520 1429 5588 Quod
1461 5523 1505 5575 si
1536 5521 1748 5591 negatio
1777 5521 2097 5576 afﬁrmatio-

517 5626 638 5668 nem
669 5620 941 5682 sequatur,
971 5623 1026 5669 et
1065 5613 1345 5683 posteriori
1389 5614 1527 5683 parti
1556 5613 1862 5683 negativutn
1890 5613 2092 5669 adver-

517 5701 660 5757 bium
704 5702 1076 5774 subtrahatur,
1111 5703 1488 5774 propositionis
1518 5718 1774 5761 connexa:
1814 5711 1995 5774 partes
2035 5702 2091 5760 in

2207 4603 2472 4671 positione
2503 4604 2740 4670 scilicet,
2786 4611 2841 4658 et
2877 4603 3278 4671 assumptione,
3315 4613 3472 4672 atque
3505 4606 3667 4657 unius
3696 4618 3799 4657 ea-

2206 4710 2323 4749 rum
2360 4696 2743 4764 approbatione
2769 4704 2822 4750 et
2844 4696 3212 4750 conclusione.
3252 4696 3635 4750 Conclusionis
3662 4710 3801 4749 vero

2206 4785 2372 4853 ipsius
2420 4786 2662 4853 probatio
2705 4787 3039 4854 praecedente
3080 4787 3447 4855 propositione
3490 4795 3656 4856 atque
3697 4801 3799 4840 as-

2203 4874 2504 4944 sumptione
2545 4876 2832 4944 perﬁcitur.
2887 4875 3015 4943 Qua:
3075 4892 3199 4931 cum
3245 4878 3317 4931 ita
3355 4878 3497 4939 sint,
3553 4890 3799 4944 cumque

2207 4968 2380 5021 omnis
2406 4967 2695 5035 propositio
2717 4966 3055 5037 bypotbetica
3080 4968 3134 5020 in
3162 4968 3549 5022 connexionem
3579 4967 3800 5035 disjun-

2203 5059 2543 5127 ctioncmque
2588 5058 2878 5124 dividatur,
2925 5060 2979 5112 in
3022 5060 3284 5113 connexis
3326 5058 3801 5127 propositionibus

2202 5150 2345 5205 aliud
2396 5151 2619 5204 dicimus
2664 5150 3008 5219 praecedens,
3040 5151 3181 5207 a'iud
3228 5165 3585 5217 consequens.
3640 5151 3801 5205 Idem

2201 5253 2379 5297 autem
2429 5256 2765 5311 consequens
2793 5252 2848 5297 et
2876 5258 3174 5297 connexum
3222 5256 3508 5303 vocamus,
3537 5241 3683 5294 velut
3740 5244 3803 5297 in

2203 5335 2302 5390 hac
2333 5335 2729 5405 propositione,
2760 5336 2803 5390 si
2834 5336 2949 5390 dies
2975 5345 3089 5401 est,
3125 5335 3211 5388 lux
3243 5344 3347 5389 est.
3381 5334 3506 5388 Dies
3532 5342 3617 5387 est
3647 5350 3806 5402 prae-

2198 5427 2375 5493 cedit,
2405 5430 2705 5483 annectitur
2734 5430 2821 5482 lux
2868 5438 2972 5483 est.
3022 5429 3075 5482 In
3124 5427 3406 5496 disjunctis
3449 5436 3633 5481 autem
3673 5442 3805 5483 mm

2198 5527 2283 5575 est
2303 5519 2489 5575 eadem
2515 5521 2671 5587 ratio,
2694 5521 2812 5590 quia
2838 5536 2956 5575 cum
2982 5536 3043 5577 ea
3071 5536 3189 5591 qua:
3222 5530 3592 5589 pr0ponuntur
3617 5521 3807 5575 simul

2197 5628 2316 5668 esse
2344 5628 2448 5668 non
2474 5612 2705 5683 possint,
2730 5613 2874 5667 nullo
2903 5612 3060 5668 modo
3086 5613 3333 5667 dicuntur
3354 5626 3477 5667 esse
3507 5626 3806 5667 connexa.

2199 5705 2431 5762 Pt'tcccd.
2456 5721 2516 5760 ns
2542 5716 2715 5761 autem
2740 5713 2793 5759 et
2821 5706 3150 5776 subsequens
3180 5705 3304 5761 inde
3326 5704 3620 5775 judicatur,
3650 5706 3804 5775 quia
