4036 6336
253 355 381 412 H55

1080 351 1143 407 IN
1184 350 1424 408 TOPICA
1463 352 1818 410 CICERONIS
1858 355 2372 411 COMMENTARIA.
2416 356 2539 410 LIB.
2584 355 2647 407 Υ.

3350 360 3484 415 “3|

249 469 380 541 quod
406 468 634 537 primum
660 460 897 535 ponitur,
917 464 1037 536 jure
1058 467 1378 545 antecedens
1401 476 1641 533 Vocatur,
1667 469 1804 537 quod

1916 476 1987 531 tio
2010 477 2451 549 ὑπεραποφαντικὴ
2493 480 2680 533 Οτωεο
2704 492 2949 534 sermone
2989 480 3304 549 appellatur,
3335 492 3389 534 ut
3432 483 3481 535 in

248 563 528 633 posterius,
549 561 669 628 jure
690 560 1020 627 subsequens
1043 559 1256 613 dicitur.
1286 562 1362 614 Ex
1390 560 1471 615 bis
1499 561 1659 631 igitur
1686 578 1810 631 pro-

250 652 595 721 positionibus
616 691 631 714 ,
680 666 798 718 qua:
842 664 1096 704 connexa:
1127 661 1281 717 sunt,
1313 652 1372 704 lit
1401 652 1603 719 primus
1644 661 1697 706 et
1724 668 1811 706 se-

248 743 447 798 cundus
467 742 924 811 hypotheticorum
943 743 1370 811 syllogismorum
1391 744 1596 798 modus.
1622 744 1813 799 Addita

249 844 373 887 vero
418 834 701 900 negatione
744 833 1092 900 propositioni
1134 845 1392 887 connexa:
1432 841 1485 886 et
1513 848 1579 887 ex
1609 832 1814 887 duabus

249 924 683 979 afﬁrmationibus
699 925 977 992 copulatae,
1002 934 1161 994 alque
1185 925 1401 994 insuper
1421 924 1699 993 denegata,
1718 934 1818 979 ter-

230 1020 348 1069 'titts
376 1016 581 1069 accedit
622 1015 830 1069 modus.
876 1016 951 1069 Ex
980 1014 1258 1084 disjunetis
1284 1024 1460 1070 autem
1492 1016 1813 1084 propositio-

250 1106 396 1160 nibus
439 1106 653 1159 diverso
685 1106 842 1159 modo
886 1106 1338 1176 assumptionibus
1384 1108 1564 1167 factis,
1596 1114 1815 1174 quartus

245 1206 301 1251 et
322 1197 555 1264 quintus.
581 1195 831 1263 Utrisque
858 1210 987 1254 vero
1009 1212 1103 1265 per
1127 1197 1460 1265 negationem
1484 1198 1812 1264 compositis,

248 1296 424 1341 sextus
452 1295 506 1342 et
531 1288 808 1353 septimus.
839 1286 1013 1357 Atque
1053 1287 1134 1340 hac
1164 1296 1370 1355 septem
1402 1295 1526 1340 sont
1557 1287 1813 1355 hypotlie-

251 1379 367 1434 lica:
387 1379 779 1442 conclusiones,
808 1393 1030 1448 quarum
1054 1378 1121 1432 ill.
1152 1379 1357 1431 Tullius
1386 1378 1439 1430 in
1466 1378 1681 1445 'I‘Opieis
1704 1392 1816 1432 me-

249 1472 423 1535 minit,
447 1484 667 1538 quarum
691 1468 926 1522 omnium
948 1469 1203 1536 deinceps
1226 1470 1360 1521 ordo
1387 1480 1547 1537 atque
1572 1469 1813 1537 exempla

249 1559 518 1615 subdenda
541 1569 683 1613 sunt.
718 1559 926 1613 Primus
948 1558 1104 1628 igitur
1128 1560 1316 1613 modus
1335 1569 1415 1612 est
1432 1600 1446 1624 ,
1473 1574 1591 1613 cum
1615 1559 1666 1613 in
1689 1574 1816 1613 con-

250 1662 383 1708 nexa
412 1653 773 1724 propositione
812 1661 1084 1721 assumpto
1114 1666 1180 1706 eo
1218 1654 1356 1722 quod
1392 1654 1643 1722 pra-cedit
1667 1694 1682 1721 ,
1715 1671 1813 1707 vo-

249 1746 423 1801 lumus
466 1754 763 1799 monstrare
804 1743 944 1812 quod
988 1745 1249 1813 sequitur,
1282 1745 1457 1813 itaque
1496 1758 1616 1798 esse
1656 1759 1815 1813 opor-

1916 567 2015 621 bac
2059 567 2172 636 ipsa
2220 584 2376 637 quam
2427 572 2670 640 superius
2721 570 3114 639 proposuimus,
3147 574 3189 624 si
3238 572 3353 625 dies
3379 586 3481 637 est,

1915 656 2004 709 lux
2033 664 2144 722 est;
2174 657 2221 711 si
2259 656 2398 711 inter
2446 659 2599 727 hujus
2646 661 3224 728 propesitiouis~paites
3269 662 3483 728 negatio

1915 747 2263 812 interveniat,
2300 748 2389 803 fiet
2419 748 2519 804 hoc
2546 751 2732 816 modo,
2765 752 2807 805 si
2839 751 2953 804 dies
2982 759 3095 813 εει,
3124 751 3213 803 lux
3242 760 3442 804 nonest
3467 766 3482 813 ;

1918 834 2055 890 hanc
2093 838 2137 892 si
2187 838 2412 893 ulterius
2458 841 2819 910 denegemus,
2866 842 2967 895 erit
3013 842 3111 905 ita,
3162 857 3265 894 non
3297 841 3340 894 si
3370 841 3487 895 dies

1916 933 2030 993 est,
2063 926 2154 980 lux
2183 943 2286 982 non
2320 937 2403 983 est
2448 947 2460 983 :
2490 930 2643 998 cujus
2675 932 3053 1000 prepositiouis
3096 932 3194 985 ista
3221 934 3484 985 sententia

1915 1024 2035 1081 est,
2065 1017 2186 1086 quia
2216 1018 2263 1072 si
2292 1019 2408 1073 dies
2432 1009 2548 1085 est,
2582 1022 2694 1074 ﬁeri
2726 1036 2829 1074 non
2862 1031 3034 1088 potest
3064 1031 3119 1074 ut
3146 1022 3233 1075 lux
3261 1037 3364 1075 non
3394 1022 3479 1075 sit.

1915 1112 2045 1179 Quae
2074 1115 2365 1183 propositio
2394 1116 2869 1185 superabnegativa
2902 1116 3216 1186 appellatur,
3246 1117 3487 1185 talesque

1914 1214 2038 1255 sunt
2070 1217 2256 1258 omnes
2287 1202 2338 1258 in
2370 1205 2561 1275 quibus
2591 1205 2803 1274 negatio
2833 1204 3144 1273 prepouitur
3186 1204 3485 1274 negationi,

1914 1300 1976 1357 ut
2021 1308 2127 1346 non
2177 1302 2255 1348 est
2300 1296 2445 1359 dies;
2479 1307 2531 1349 et
2560 1312 2774 1364 rursus,
2809 1295 2921 1348 Nec
2951 1312 3050 1348 non
3082 1297 3295 1349 Ausonii
3327 1294 3487 1368 Troja

1916 1396 2040 1448 gens
2069 1384 2224 1435 missa
2255 1384 2443 1438 coloni.
2502 1385 2557 1438 In
2588 1385 2686 1439 hac
2717 1385 2875 1454 igitur
2904 1386 2947 1438 si
2982 1387 3209 1455 priorem
3244 1394 3444 1455 partem
3465 1425 3483 1451 ,

1914 1470 1967 1525 id
1999 1481 2082 1526 est
2109 1473 2251 1528 diem
2282 1489 2435 1541 esse,
2467 1476 2521 1530 in
2552 1478 2919 1547 assumptione
2971 1494 3255 1548 ponamus,
3298 1495 3485 1534 conse-

1914 1565 2094 1633 quitur
2138 1568 2297 1622 etidm
2341 1570 2512 1624 lucem
2542 1586 2661 1626 esse
2690 1571 2792 1626 hoc
2821 1572 3003 1637 modo,
3034 1587 3135 1627 non
3164 1574 3207 1626 si
3232 1575 3347 1628 dies
3372 1581 3484 1633 est,

1914 1654 2005 1710 lux
2032 1673 2137 1712 non
2166 1668 2276 1725 est,
2316 1662 2459 1731 atqui
2488 1662 2604 1717 dies
2634 1671 2745 1728 est,
2793 1664 2879 1717 lux
2921 1664 3079 1733 igitur
3105 1656 3202 1718 est.
3238 1663 3335 1729 Qui
3375 1678 3488 1716 mo-

1916 1747 2016 1802 dus
2037 1764 2065 1802 a
2093 1752 2454 1819 superioribus
2478 1755 2761 1823 plurimum
2789 1756 2972 1819 distat,
3004 1756 3142 1824 quod
3168 1756 3219 1809 in
3241 1771 3306 1809 eo
3331 1756 3487 1808 modo

248 1852 396 1906 tere,
440 1851 498 1895 ut
544 1851 627 1895 est
673 1841 727 1895 in
775 1840 1110 1896 connexione
1141 1842 1429 1909 prolatum.
1470 1841 1524 1895 in
1551 1856 1660 1911 quo
1688 1841 1733 1895 si
1764 1841 1812 1895 id
1848 1837 1891 1896 B
1917 1837 2009 1905 qui
2050 1840 2121 1891 sit
2165 1840 2231 1894 ab
2260 1843 2730 1908 antecedentibus,
2787 1846 3000 1912 ponitur
3028 1843 3387 1909 antecedens,
3431 1851 3491 1897 ut

248 1932 384 2004 quod
430 1946 730 1988 connexum
781 1942 863 1987 est
910 1948 973 1986 ac
1019 1934 1281 2001 sequitur,
1329 1933 1814 2001 assumpserimus,

249 2023 422 2078 nullus
446 2024 667 2077 omnino
690 2024 747 2077 lit
778 2023 1138 2093 syllogismus.
1173 2022 1340 2092 llujus
1369 2024 1669 2093 exemplum
1711 2025 1818 2079 tale

247 2124 331 2167 cst
349 2153 364 2179 ,
392 2114 434 2167 si
467 2114 582 2168 dies
610 2122 722 2180 est,
752 2113 928 2177 lucet;
956 2115 999 2168 si
1040 2113 1197 2182 igitur
1225 2115 1400 2169 Iurere
1423 2125 1779 2170 monstremus
1799 2157 1814 2181 ,

245 2218 609 2271 assumamus,
638 2219 857 2257 necesse
882 2211 964 2258 est
989 2204 1128 2258 diem
1150 2218 1269 2259 esse
1288 2245 1302 2269 ,
1334 2205 1433 2259 hoc
1459 2205 1635 2267 modo,
1668 2206 1813 2275 atqui

247 2294 362 2349 dies
397 2302 515 2359 est;
560 2294 903 2362 consequitur
943 2308 1069 2363 ergo
1112 2309 1179 2347 ex
1227 2294 1580 2363 necessitate,
1614 2294 1813 2349 lucere.

245 2384 399 2452 Quod
446 2384 491 2439 si
538 2383 715 2439 lucere
756 2397 1125 2453 assumamus,
1166 2384 1343 2454 itaque
1369 2385 1639 2449 dicamus,
1671 2387 1816 2456 atqui

246 2476 417 2542 lucet,
454 2490 561 2529 non
589 2488 810 2529 necesse
848 2483 930 2529 est
969 2474 1108 2528 diem
1137 2490 1256 2528 esse
1279 2519 1292 2542 ,
1324 2485 1483 2545 atque
1511 2476 1630 2530 ideo
1672 2478 1816 2531 nulla

243 2567 535 2621 necessitas
562 2568 742 2622 evenit
766 2567 1158 2632 conclusionis;
1188 2568 1276 2623 ubi
1312 2584 1438 2623 vero
1468 2570 1608 2623 nulla
1632 2585 1819 2626 neces-

242 2661 376 2716 sitas
403 2671 481 2716 est
502 2700 518 2727 ,
547 2675 613 2716 ne
637 2661 977 2731 syllogismus
1004 2662 1216 2731 quidem
1245 2658 1468 2732 intelligi
1495 2672 1691 2732 potest.
1726 2665 1816 2718 Est

246 2752 405 2821 igitur
442 2752 645 2820 primus
676 2752 865 2806 modus
909 2753 961 2806 in
1013 2752 1152 2807 hanc
1198 2752 1422 2807 formam
1460 2771 1472 2805 :
1506 2755 1548 2805 si
1594 2752 1706 2807 dies
1736 2764 1818 2808 est

246 2843 415 2909 lucet,
460 2845 573 2899 dies
601 2854 777 2898 autem
810 2851 925 2908 e-t,
958 2845 1101 2899 lucet
1137 2845 1316 2913 igitur.
1362 2845 1704 2900 Inveniuntur
1734 2857 1815 2900 ta-

242 2951 368 2989 men
411 2935 464 2990 in
508 2936 699 3005 quibus
744 2951 899 3005 aequo
950 2936 1108 2990 modo
1153 2938 1294 2992 valet
1342 2938 1671 3006 assumptio,
1703 2939 1815 2993 sive

244 3026 575 3095 praecedens,
617 3029 731 3082 sive
770 3029 1102 3098 subsequens
1145 3038 1465 3099 assumatur,
1516 3041 1572 3085 ut
1619 3033 1669 3086 in
1714 3031 1813 3085 ho-

244 3118 391 3173 mine
444 3128 605 3189 atqne
660 3120 870 3175 risibili.
921 3121 976 3175 Si
1030 3122 1176 3175 enim
1234 3121 1394 3177 homo
1441 3132 1554 3190 est,
1614 3124 1815 3178 risibile

1919 1928 1974 1984 id
2022 1930 2163 1999 quod
2211 1933 2454 2000 sequitur
2479 1945 2766 1989 astruatur.
2799 1937 2856 1989 ln
2886 1936 3045 1989 modo
3091 1950 3215 1991 vero
3247 1937 3332 2005 qui
3363 1937 3487 1988 sita

1917 2024 2405 2091 consequentibus,
2452 2026 2731 2094 perimitur
2769 2042 3139 2096 consequens,
3183 2039 3238 2082 ut
3266 2029 3316 2081 id
3348 2027 3488 2097 quod

1918 2121 2296 2181 praecesserat,
2346 2115 2636 2169 auferatur.
2686 2115 2743 2170 In
2794 2117 2895 2171 hoc
2940 2132 3068 2171 vero
3097 2126 3340 2172 neutrum
3372 2128 3488 2182 est,

1919 2215 2040 2255 nam
2088 2217 2259 2271 neque
2308 2205 2629 2261 antecedens
2676 2207 2913 2274 ponitur,
2954 2216 3012 2260 ut
3052 2207 3195 2277 quod
3225 2208 3485 2276 sequitur,

1918 2292 2283 2360 confirmetur,
2311 2308 2410 2348 nec
2440 2296 2766 2351 interimitur
2793 2299 3151 2368 subsequens,
3184 2313 3216 2352 u
3265 2298 3316 2351 id
3348 2299 3499 2368 quod~

1919 2391 2293 2451 praecesserat,
2355 2396 2658 2452 evertatur;
2718 2388 2813 2443 sed
2871 2392 3085 2459 ponitur
3132 2390 3487 2456 antecedens,

1917 2481 1975 2526 ut
2005 2472 2056 2526 id
2088 2489 2156 2543 qu
2180 2474 2228 2527 td
2267 2477 2527 2545 sequitur,
2561 2478 2915 2533 interimatur.
2962 2480 3059 2534 Hic
3086 2490 3260 2535 autem
3294 2496 3488 2551 propo—

1915 2563 2124 2618 sitionis
2169 2566 2357 2620 modus
2404 2576 2582 2637 partes
2634 2570 2774 2623 inter
2820 2585 2880 2625 se
2921 2585 3044 2624 suas
3072 2574 3310 2625 continet
3335 2587 3491 2639 repu-

1915 2662 2176 2721 guautes,
2207 2656 2488 2710 adversum
2519 2658 2714 2729 quippe
2742 2671 2821 2714 est
2852 2675 2914 2714 ac
2943 2673 3232 2730 repugnat,
3285 2663 3328 2713 si
3373 2661 3491 2715 dies

1917 2752 2033 2809 est,
2068 2759 2173 2799 non
2206 2760 2325 2800 esse
2377 2748 2571 2804 lucem.
2620 2749 2726 2804 Sed
2761 2750 2960 2806 idcirco
2989 2763 3104 2806 rata
3152 2753 3346 2822 positio
3375 2764 3488 2817 est,

1917 2836 2038 2905 quia
2088 2839 2525 2907 consequentium
2576 2844 2924 2912 repugnantia
2973 2843 3109 2898 facta
3143 2860 3236 2912 per
3262 2844 3486 2899 mediam

1918 2929 2253 2997 negationem
2296 2932 2399 2985 alia
2444 2934 2728 3001 negatione
2758 2935 3067 3001 destruitur,
3099 2946 3152 2990 et
3176 2937 3241 2991 ad
3278 2938 3381 2992 vim
3410 2940 3490 2991 af-

1919 3017 2239 3073 ﬁrmationis
2266 3023 2482 3077 omnino
2513 3037 2815 3083 revocatur.
2844 3026 2974 3081 Nam
3002 3029 3122 3097 quia
3155 3043 3490 3099 consequens

1917 3125 2039 3165 esse
2069 3114 2402 3181 intelligitur,
2432 3132 2494 3171 ac
2526 3133 2706 3172 verum
2732 3160 2746 3183 ,
2778 3119 2822 3173 si
2858 3120 2969 3174 dies
3000 3135 3102 3186 εει,
3142 3136 3261 3177 εεεε
3287 3123 3488 3189 lucem,

241 3221 363 3277 est;
416 3215 558 3282 atqui
616 3213 778 3268 homo
836 3224 954 3281 est,
1019 3214 1223 3269 risibile
1279 3215 1435 3284 igitur
1500 3224 1615 3282 est;
1670 3219 1816 3288 atqui

1924 3214 2181 3271 repugnat
2211 3219 2273 3258 ac
2302 3205 2491 3260 falsum
2517 3216 2629 3274 est,
2656 3209 2703 3263 si
2728 3210 2845 3265 dies
2873 3221 2983 3277 est,
3012 3227 3116 3267 non
3143 3227 3259 3268 esse
3287 3215 3488 3280 lucem,

244 3304 591 3369 risibileest,
625 3306 783 3358 homo
811 3304 973 3372 igitur
1011 3315 1113 3360 est.
1168 3304 1275 3360 Sed
1319 3307 1372 3360 in
1415 3305 1499 3363 bis
1526 3306 1641 3362 haac
1692 3322 1817 3363 cau-

242 3410 305 3450 sa
335 3405 451 3460 est,
483 3396 606 3463 quia
640 3394 800 3449 homo
833 3404 995 3464 atque
1021 3395 1221 3450 risibile
1250 3397 1384 3465 aequi
1414 3406 1537 3450 sunt
1565 3397 1771 3452 termini
1798 3438 1814 3464 ,

196 3556 203 3559 _
241 3496 402 3555 atque
432 3486 625 3540 ideirco
666 3500 774 3540 uno
818 3486 990 3554 posito
1035 3487 1260 3540 alterum
1308 3490 1550 3540 comitari
1597 3504 1819 3545 necesse

242 3584 347 3629 est.
377 3575 481 3630 Sed
509 3575 629 3645 quia
660 3576 836 3629 hocin
880 3575 1127 3630 omnibus
1169 3591 1275 3630 non
1300 3586 1379 3630 est
1401 3616 1416 3642 ,
1447 3576 1643 3632 idcirco
1686 3579 1818 3634 dici-

243 3682 367 3722 mus
412 3684 517 3722 non
544 3683 665 3723 esse
706 3670 1042 3733 universale,
1074 3680 1133 3723 ut
1170 3679 1445 3738 assumpto
1490 3673 1813 3741 posteriore,

239 3758 388 3829 quod
438 3761 771 3828 prmcedebat
818 3762 1099 3830 probetur.
1150 3762 1427 3819 Secundus
1475 3779 1602 3819 vero
1630 3767 1817 3822 modus

239 3858 329 3905 est
354 3852 563 3919 quoties
602 3861 878 3917 assumpto
928 3852 1225 3919 posteriore
1270 3862 1427 3922 atque
1469 3860 1817 3923 consequenti

238 3941 387 4010 quod
429 3949 788 3995 antecesserat
814 3940 1072 4007 aufertur,
1102 3940 1203 3997 hoc
1243 3943 1515 4009 modo,si
1557 3943 1671 3999 dies
1712 3955 1815 4012 est,

238 4033 420 4098 lucet;
449 4031 535 4086 hic
561 4032 604 4086 si
630 4047 967 4088 assumamus
990 4049 1096 4087 non
1125 4034 1324 4101 lucere,
1355 4037 1627 4090 contrario
1659 4037 1818 4091 modo

237 4134 407 4193 atque
447 4126 497 4178 in
529 4124 890 4194 propositione
921 4126 1180 4193 prolatum
1207 4133 1321 4189 est;
1364 4141 1699 4181 assumamus
1730 4127 1817 4182 di-

237 4224 464 4282 centes,
494 4215 637 4283 atqui
682 4229 790 4269 non
834 4215 1013 4279 lucet,
1047 4215 1100 4269 in
1130 4229 1198 4269 eo
1244 4216 1404 4284 igitur
1446 4219 1685 4286 sequitur
1712 4234 1817 4274 non

237 4324 365 4365 esse
392 4308 570 4373 diem;
599 4307 738 4377 quod
769 4308 814 4361 si
841 4308 981 4361 diem
1024 4321 1309 4377 negemus,
1342 4306 1391 4359 id
1423 4318 1503 4360 est
1539 4310 1678 4375 quod
1721 4324 1819 4362 an.

238 4402 442 4456 tecedit
489 4401 543 4455 in
588 4400 952 4470 assumptione
981 4400 1250 4466 contrario
1279 4399 1438 4454 modo
1489 4411 1645 4469 atque
1678 4403 1820 4470 posi-

236 4502 354 4545 tmn
376 4504 456 4545 est
480 4492 531 4546 in
558 4492 918 4561 prepositione
943 4491 1295 4559 proferamus,
1320 4506 1424 4545 non
1450 4491 1654 4546 tollitur
1675 4493 1815 4561 quod

1917 3305 2036 3361 quae
2060 3292 2315 3362 denegata
2339 3310 2521 3350 rursus
2544 3311 2667 3351 vera
2690 3308 2771 3352 est
2793 3300 2886 3366 ita,
2925 3315 3029 3354 non
3058 3302 3101 3354 si
3125 3302 3238 3357 dies
3260 3314 3339 3357 est
3355 3346 3370 3370 ,
3401 3305 3491 3357 lux

1919 3396 2023 3435 non
2047 3391 2159 3447 est,
2184 3395 2237 3438 et
2261 3385 2328 3438 sit
2347 3387 2636 3442 consimilis
2659 3388 3018 3455 affirmatioui,
3044 3391 3089 3444 si
3111 3393 3221 3446 dies
3256 3403 3337 3447 est
3357 3434 3371 3458 ,
3403 3396 3488 3448 lux

1919 3482 2031 3538 est,
2063 3474 2185 3542 quia
2230 3474 2357 3528 facit
2394 3477 2803 3533 afflrmationem
2850 3480 3378 3552 geminatrnegatio.
3410 3486 3492 3540 Si-

1919 3563 2121 3619 militer
2168 3579 2297 3619 vero
2345 3566 2479 3621 fiunt
2526 3583 2591 3622 ex
2647 3574 3063 3640 repugnantibus
3112 3578 3491 3645 prepositionis

1920 3656 2162 3725 partibus
2192 3667 2534 3726 argumenta,
2561 3661 2644 3714 vel
2668 3661 2712 3714 si
2742 3662 2947 3718 duabus
2975 3666 3342 3734 ncgationibus
3362 3710 3377 3735 ,
3405 3671 3490 3723 vel

1920 3744 1965 3799 si
1999 3746 2283 3815 negatione
2310 3757 2365 3801 ct
2404 3747 2788 3819 affirmatione,
2835 3754 2912 3808 vel
2958 3756 3002 3808 si
3043 3756 3396 3814 afﬁrmatione
3441 3774 3493 3814 (ἰ

1920 3841 2203 3909 negatione
2229 3840 2503 3912 jungatur.
2554 3842 2832 3910 Quomodo
2880 3862 3007 3902 vero
3047 3849 3175 3904 fiant
3202 3866 3265 3905 ex
3302 3853 3493 3907 talibus

1921 3930 2176 3986 connexis
2202 3942 2595 4004 repugnantes,
2624 3937 2870 4006 superius
2898 3939 3093 3994 dictum
3125 3950 3224 3996 est.
3257 3942 3343 3997 Fit
3366 3959 3494 3999 vero

1920 4035 1986 4076 ex
2015 4037 2075 4076 ea
2109 4025 2469 4091 prepositione
2494 4042 2612 4095 qua:
2640 4029 2845 4083 duabus
2868 4030 3109 4101 jungitur
3136 4034 3393 4103 negativis
3424 4052 3494 4093 ex

1919 4117 2334 4184 repugnantibus
2365 4132 2735 4187 argumentum
2770 4121 2872 4177 hoc
2899 4123 3058 4179 modo
3087 4141 3102 4179 :
3136 4126 3204 4179 sit
3246 4131 3490 4199 proposi-

1921 4204 2015 4265 tio,
2042 4204 2088 4257 si
2115 4220 2217 4258 non
2246 4216 2327 4261 est
2356 4207 2443 4261 lux
2466 4251 2481 4275 ,
2513 4210 2631 4264 dies
2657 4227 2758 4265 non
2784 4224 2864 4267 est
2888 4230 2901 4278 ;
2934 4215 3026 4269 fiat
3055 4232 3353 4288 repugnans
3386 4222 3453 4275 ita
3472 4264 3488 4285 ,
3516 4234 3517 4237 ‘

1918 4295 1967 4350 si
1994 4309 2097 4350 non
2128 4306 2211 4351 est
2242 4298 2361 4364 lux,
2394 4307 2476 4353 est
2514 4300 2661 4366 dies;
2696 4301 2817 4356 huic
2843 4302 3124 4374 jungamus
3154 4310 3489 4378 negationem

1921 4401 1979 4444 ut
2007 4390 2099 4444 ﬁat
2125 4405 2248 4445 vera
2279 4392 2348 4445 ita
2369 4435 2383 4459 ,
2417 4409 2520 4446 non
2564 4395 2608 4449 si
2649 4396 2734 4449 lux
2766 4411 2870 4451 non
2898 4407 2979 4452 est
3003 4442 3017 4464 ,
3053 4401 3167 4455 dies
3196 4413 3307 4470 εει,
3342 4413 3486 4477 atqui

1923 4480 2013 4534 lux
2058 4496 2163 4534 non
2200 4490 2319 4547 est,
2351 4482 2464 4537 dies
2494 4482 2655 4553 igitur
2698 4500 2802 4540 non
2846 4498 2945 4542 est.
2993 4489 3120 4544 Item
3155 4493 3211 4546 fit
3237 4510 3301 4550 ex
3332 4513 3489 4567 nega-

230 4594 323 4639 est
367 4557 700 4649 connexum“,
734 4592 791 4637 ut
833 4582 881 4639 si
909 4557 1181 4648 dicamus,
1212 4583 1359 4651 atqui
1405 4599 1509 4637 non
1552 4594 1634 4638 est
1665 4585 1811 4653 dies,
1845 4557 1896 4617 Ῑ)
1922 4570 2064 4626 tione
2087 4583 2247 4642 atque
2272 4575 2625 4631 aflirmatione
2657 4580 2944 4646 propositio
2976 4581 3089 4637 haec
3118 4599 3131 4637 :
3163 4586 3208 4639 si
3240 4587 3357 4643 dies
3384 4557 3487 4644 lion

232 4695 347 4733 non
397 4694 522 4733 mox
570 4677 840 4747 sequitur,
889 4691 995 4730 non
1044 4677 1260 4741 lucere,
1292 4684 1468 4745 potest
1509 4677 1651 4731 enim
1705 4692 1812 4732 non

231 4786 363 4826 esse
407 4771 553 4836 dies,
584 4780 638 4824 et
678 4778 857 4824 tamen
885 4769 1086 4824 lucere.
1115 4768 1209 4824 Est
1237 4769 1397 4838 igitur
1424 4769 1640 4824 secundi
1670 4769 1813 4825 modi

229 4861 412 4916 forma
438 4860 741 4930 bujusmodi
768 4876 784 4916 :
808 4859 855 4915 si
875 4861 989 4915 dies
1008 4868 1111 4924 est,
1137 4859 1312 4925 lueet;
1335 4860 1482 4930 atqui
1513 4875 1616 4915 non
1648 4862 1809 4928 lucet,

227 4966 346 5007 non
394 4961 479 5006 est
524 4953 682 5019 igitur
727 4952 861 5005 dies.
912 4951 1118 5005 Primus
1165 4952 1323 5020 igitur
1364 4952 1552 5005 modus
1591 4954 1812 5007 aSsumit

224 5042 383 5112 quod
433 5041 731 5111 praecessit,
782 5052 835 5095 ut
879 5042 1137 5110 approbet
1182 5042 1321 5110 quod
1362 5056 1659 5096 connexum
1692 5052 1809 5109 est;

222 5150 344 5191 non
376 5144 550 5203 potest
581 5149 705 5189 vero
745 5148 1017 5188 assumere
1062 5132 1204 5201 quod
1245 5146 1542 5186 connexum
1590 5140 1704 5197 est,
1754 5141 1813 5187 ut

216 5225 501 5294 approbet
543 5224 685 5291 quod
728 5223 1018 5293 pnccessit.
1065 5220 1342 5277 Secundus
1384 5229 1559 5275 autem
1590 5223 1813 5279 assumit

216 5315 540 5370 econtrario
568 5314 709 5385 quod
748 5314 1007 5382 sequitur,
1040 5322 1096 5366 ut
1120 5310 1259 5381 quod
1287 5310 1807 5378 prmeesdtevertat;

212 5422 338 5462 non
369 5416 545 5476 potest
584 5417 759 5461 autem
787 5407 1087 5460 ccoutrario
1121 5418 1391 5457 assumere
1422 5404 1558 5472 quod
1580 5418 1805 5471 praees-

205 5498 320 5562 sit,
352 5507 416 5552 ut
440 5497 490 5551 id
517 5499 654 5566 quod
680 5512 974 5552 connexum
1003 5504 1087 5550 est
1109 5495 1400 5550 auferatur.
1430 5495 1640 5550 Tertius
1690 5506 1827 5552 moo‘

199 5589 325 5644 dus
356 5598 476 5653 est,
508 5604 628 5643 cum
662 5586 799 5644 inter
822 5598 1000 5659 partes
1022 5602 1279 5643 connexa:
1303 5597 1462 5655 atque
1502 5604 1566 5665 ex
1598 5588 1803 5644 duabus

196 5681 675 5736 aflirmationibus
706 5681 968 5750 copulatae
997 5679 1371 5748 propositionis
1404 5679 1613 5749 negatio
1640 5681 1803 5734 inter-

193 5776 471 5847 ponitur,
505 5787 673 5842 eaque
701 5773 813 5843 ipsa
837 5773 1048 5843 negatio
1075 5772 1384 5842 denegatur,
1408 5788 1525 5843 quae
1554 5775 1799 5844 proposi-

1918 4673 2029 4725 est,
2062 4676 2166 4716 nox
2194 4673 2310 4729 est;
2343 4664 2465 4720 huic
2492 4665 2705 4720 additur
2729 4682 2795 4722 ex
2825 4672 3118 4737 posteriore
3145 4687 3293 4743 parte
3323 4695 3487 4748 nega-

1918 4751 2013 4818 tio,
2053 4761 2107 4807 et
2151 4755 2209 4808 lit
2246 4754 2439 4810 itazsi
2469 4756 2586 4810 dies
2633 4772 2737 4811 non
2784 4770 2899 4824 est,
2957 4777 3059 4816 nox
3112 4780 3215 4820 non
3266 4779 3377 4835 est;
3431 4772 3486 4823 fit

1914 4862 2251 4917 repugnans,
2300 4850 2414 4905 haec
2452 4850 2797 4906 nihilominus
2839 4855 3099 4911 abnuatur
3138 4867 3196 4911 ut
3239 4859 3307 4913 sit
3338 4877 3483 4921 vera.

1909 4953 2019 4993 non
2063 4940 2106 4993 si
2155 4940 2269 4994 dies
2318 4954 2421 4995 non
2464 4951 2577 5005 est,
2610 4957 2711 4996 nox
2744 4959 2849 4997 non
2880 4954 2995 5013 est,
3024 4950 3481 5020 assumimusque,

1914 5029 2057 5097 atqui
2106 5029 2219 5083 dies
2264 5044 2368 5082 non
2416 5039 2527 5093 est;
2572 5032 2969 5101 concludimus,
3020 5051 3120 5089 nox
3168 5038 3328 5105 igitur
3372 5055 3473 5096 est.

1913 5117 2040 5172 item
2072 5133 2135 5171 ex
2165 5118 2350 5172 eadem
2384 5121 2776 5190 propositione,
2808 5138 2925 5192 qua:
2955 5140 3021 5179 ex
3049 5128 3291 5195 negativa
3331 5129 3481 5185 aftir-

1913 5210 2211 5277 mativaque
2240 5210 2578 5280 conjungitur
2600 5220 2654 5267 et
2681 5213 2807 5268 dicit
2837 5231 2852 5268 :
2880 5216 2924 5269 si
2955 5215 3070 5270 dies
3098 5232 3203 5272 non
3234 5229 3346 5290 est,
3377 5239 3482 5278 nox

1911 5308 2019 5365 est,
2053 5299 2156 5353 sia
2190 5301 2352 5368 priori
2397 5312 2546 5370 parte
2593 5306 2806 5373 negatio
2844 5305 3207 5371 subtrahatur,
3258 5311 3348 5365 fiet
3398 5329 3482 5367 re-

1911 5406 2184 5461 pugnans,
2213 5394 2313 5447 hoc
2357 5395 2515 5449 modo
2549 5414 2561 5448 :
2594 5397 2638 5450 si
2670 5397 2783 5451 dies
2814 5409 2925 5464 εει,
2959 5414 3061 5451 nox
3088 5408 3202 5465 est;
3232 5404 3355 5459 huic
3382 5422 3481 5473 ap-

1912 5494 2137 5552 ponatur
2161 5487 2391 5555 negatio,
2420 5495 2477 5541 ut
2499 5502 2623 5542 vera
2646 5502 2765 5542 esse
2789 5491 2984 5557 possit,
3010 5489 3111 5544 hoc
3137 5493 3295 5547 modo
3324 5512 3338 5549 :
3371 5511 3476 5549 non

1910 5574 1954 5629 si
1999 5574 2113 5628 dies
2152 5585 2235 5630 est
2269 5616 2283 5641 ,
2316 5592 2419 5631 nox
2465 5587 2581 5642 est,
2613 5593 3007 5647 assumamque,
3035 5584 3179 5650 atqui
3212 5582 3325 5639 dies
3351 5599 3429 5640 est
3457 5629 3473 5652 ,

1908 5664 2263 5729 concluditur,
2297 5682 2400 5721 nox
2429 5666 2585 5735 igitur
2609 5682 2712 5720 non
2743 5675 2844 5724 est.
2877 5670 2945 5724 At
2974 5670 3017 5723 si
3048 5671 3116 5726 sit
3145 5688 3208 5727 ex
3242 5674 3475 5730 afﬁrmau

1907 5755 2052 5809 tione
2071 5765 2127 5811 et
2155 5757 2436 5826 negatione
2464 5757 2759 5827 propositio
2786 5760 3068 5831 conjuncta
3089 5804 3103 5831 ,
3134 5764 3280 5819 velut
3310 5766 3423 5822 hac
3457 5787 3470 5822 :
