4036 6336
580 302 732 371 1155ῖ

1789 300 1899 353 ΛΝ.
1945 300 2145 354 MANL.
2188 298 2340 352 SEV.
2386 296 2615 361 ΒΟΕΤΙΙ,

3680 317 3807 370 1136.

576 421 623 473 si
647 420 827 488 vigilat
857 432 960 472 non
992 417 1200 482 stertit,
1233 416 1461 471 demitur
1493 418 1769 485 posteriori
1814 419 1945 486 parti
1979 436 2139 489 negav
2175 428 2216 483 Α
2249 421 2603 489 propositione
2632 423 2857 489 locatur,
2876 426 3185 491 assumitur,
3239 436 3297 481 ιιι
3344 440 3696 499 consequatur
3720 447 3794 485 se-

572 520 668 577 tio,
702 526 758 570 ttt
789 518 876 569 fiat
906 518 975 569 ita
1009 535 1024 570 :
1064 518 1105 570 si
1132 517 1311 586 vigilat
1337 518 1549 582 stertit;
1582 518 1673 571 sed
1710 518 2165 599 Ιιεεειεριιξζιιτιι.Δ

573 610 703 662 Tota
752 624 934 662 rursus
964 612 1250 677 propositio
1279 610 1589 683 denegetur,
1641 619 1698 663 ut
1739 613 1829 666 fiat
1870 628 1992 674 vera
2040 615 2141 669 hoc

570 703 728 757 m‘odo
760 718 772 753 :
810 718 912 755 non
946 702 988 755 si
1024 703 1195 770 vigilat
1226 703 1434 767 stertit;
1459 704 1808 766 assumimus,
1844 706 1984 773 atqui
2010 706 2140 773 vigi-

568 794 670 857 lat;
703 794 1084 849 concludamus
1112 807 1330 847 necesse
1355 803 1461 859 est,
1487 809 1589 845 non
1620 793 1795 848 stertit
1823 792 1999 863 igitur.
2031 795 2134 849 Sed

566 884 649 937 Ine
691 894 916 953 quatuor
957 901 1020 938 ex
1051 884 1467 952 repugnantibus
1497 885 1865 938 conclusiones
1897 886 1955 937 in-
1979 887 2134 940 tertio

562 975 725 1028 modo
760 975 1060 1029 consistere
1099 975 1483 1043 intelliguntur,
1515 974 1733 1042 quarum
1762 976 1972 1040 quidem
2003 976 2132 1029 Tul-

564 1068 664 1119 lius
689 1075 795 1119 tres
817 1066 1289 1127 commemoravit,
1326 1080 1586 1131 unumque
1619 1077 1883 1133 praecepto
1921 1066 2126 1130 docuit,

561 1171 677 1209 eam
709 1172 865 1224 quam
901 1159 1194 1225 propositio
1223 1158 1340 1209 talis
1367 1156 1559 1217 efficit,
1589 1174 1704 1225 qua:
1733 1159 2130 1227 duabusjungi-
2158 1216 2163 1220 _

561 1258 645 1301 tur
687 1247 1053 1308 aflirmativis;
1099 1247 1230 1299 duas
1279 1262 1405 1300 vero
1451 1249 1714 1314 exemplo.
1761 1248 1965 1300 scilicet
2008 1264 2159 1309 eant,

557 1354 675 1405 qua?
692 1353 756 1392 ex
786 1338 876 1390 tali
901 1336 1263 1405 propo~itione
1284 1337 1536 1400 nascitur,
1558 1353 1713 1405 quam
1735 1338 1853 1390 dua:
1880 1341 2126 1405 copulant

556 1428 867 1496 negationes
887 1466 902 1493 ,
930 1438 981 1480 et
1010 1442 1126 1479 eam
1151 1442 1267 1494 quae
1295 1442 1356 1478 ex
1389 1428 1749 1494 propositione
1775 1428 1862 1479 tali
1886 1444 2122 1482 connexa
2156 1480 2157 1487 η

556 1530 889 1588 procreatur,
923 1535 1041 1582 qua:
1084 1534 1146 1571 ex
1198 1520 1548 1569 affirmatione
1591 1519 1971 1587 negationeque
1998 1535 2124 1573 con-

554 1611 712 1661 sistit.
748 1608 1021 1675 Reliquam
1052 1622 1177 1659 vero
1209 1607 1497 1674 praeteriit,
1527 1606 1664 1673 quod
1694 1606 1904 1660 illarum
1938 1610 2121 1661 simiii~
2154 1672 2157 1675 _

554 1698 737 1750 tudine
767 1698 925 1749 etiam
954 1694 1066 1748 liaac
1094 1696 1143 1747 in
1179 1696 1388 1747 tertium
1415 1695 1773 1765 conclusionis
1802 1698 2015 1752 modum
2046 1700 2121 1753 vi-
2152 1748 2155 1755 .

2247 518 2499 580 cundum,
2526 520 2626 571 hoc
2654 520 2812 573 modo
2840 516 2853 570 Ξ
2886 521 2928 572 si
2963 520 3077 573 dies
3109 530 3217 584 est,
3247 522 3333 575 lux
3377 533 3482 592 est,
3527 525 3667 593 atqui
3703 525 3796 577 dies

2245 616 2346 669 est,
2372 609 2459 660 lux
2490 609 2645 675 igitur
2674 619 2777 667 est.
2813 611 3090 664 Secundus
3140 613 3328 665 modus
3383 624 3463 666 est
3515 621 3717 682 quoties
3753 616 3795 667 in

2242 709 2483 750 connexa
2537 700 2897 767 propositione
2929 701 3221 753 secundum
3262 704 3565 757 ecoatrario
3593 705 3792 756 assumi«

2244 795 2329 840 tur
2352 803 2508 854 quam
2541 790 2981 858 inprOpositioue
3019 790 3337 845 collocatum
3364 802 3478 859 est,
3513 806 3570 845 ut
3594 795 3645 846 id
3673 796 3807 861 quod

2241 882 2465 947 primum
2486 890 2565 933 est
2588 881 2880 947 auferatur,
2908 883 3009 938 hoc
3033 883 3191 936 modo
3216 899 3228 935 :
3253 886 3296 937 si
3319 884 3435 937 dies
3458 894 3562 944 est.
3587 885 3675 937 lux
3695 896 3793 947 est;

2236 970 2382 1037 atqui
2416 986 2522 1022 non
2549 980 2632 1025 est
2657 972 2763 1037 lux,
2794 984 2999 1026 nonest
3032 975 3188 1043 igitur
3210 972 3345 1028 dies.
3371 974 3586 1028 Tertius
3626 978 3792 1027 modus

2235 1075 2318 1119 est
2342 1081 2461 1119 cum
2485 1082 2741 1120 connexa:
2765 1070 3144 1135 propositionis
3178 1080 3355 1137 partes
3378 1084 3443 1122 ex
3501 1069 3794 1123 affirmatio-

2237 1154 2389 1223 nibus
2414 1156 2629 1220 junctte,
2658 1156 2936 1222 negatione
2960 1158 3287 1220 dividutttur,
3334 1159 3535 1223 totique
3569 1160 3792 1225 proposi-

2234 1240 2360 1292 tioni
2395 1244 2603 1309 negatio
2628 1259 2810 1295 rursus
2831 1245 3158 1312 adiungitur,
3203 1247 3622 1313 assumiturque.
3670 1251 3793 1312 quod

2233 1330 2379 1396 prius
2409 1340 2510 1394 est,
2534 1331 2609 1384 sic
2641 1342 2697 1383 ιιι
2730 1333 2778 1384 in
2828 1336 3190 1401 propositione
3240 1345 3323 1389 est
3379 1339 3726 1396 enuntiatum.
3746 1350 3794 1392 ut

2227 1421 2529 1472 econtrario
2566 1422 2915 1474 concludatur
2958 1426 3248 1477 secundum
3296 1427 3434 1492 quod
3487 1428 3537 1479 in
3566 1431 3791 1496 proposi-

2231 1508 2375 1561 tione
2407 1504 2670 1577 prolatum
2704 1522 2803 1572 est,
2841 1515 2943 1565 hoc
2978 1514 3135 1583 modo
3162 1528 3175 1567 :
3203 1531 3305 1568 non
3336 1517 3380 1568 si
3432 1518 3548 1572 dies
3576 1530 3680 1580 est,
3715 1522 3791 1574 lux

2227 1614 2332 1652 non
2357 1601 2627 1667 est,atqui
2654 1603 2769 1656 dies
2792 1612 2894 1667 est,
2928 1605 3015 1658 lux
3049 1606 3206 1673 igitur
3242 1617 3343 1661 est.
3392 1609 3488 1683 Hie
3535 1625 3664 1677 ergo
3710 1627 3793 1680 po-

2224 1687 2328 1741 sito
2360 1690 2501 1755 quod
2530 1690 2885 1757 praecedebat,
2921 1694 2969 1745 id
3023 1705 3105 1747 est
3154 1711 3275 1749 esse
3330 1698 3496 1760 diem,
3556 1714 3791 1755 eversum

552 1788 776 1851 debatur
830 1788 1085 1841 incidere.
1139 1787 1369 1851 Quartus
1420 1787 1607 1841 modus
1664 1790 1717 1841 in
1764 1790 2120 1858 di~junctione

2221 1789 2298 1830 εει
2326 1778 2465 1846 quod
2494 1781 2834 1847 sequebatur,
2869 1782 2918 1837 id
2941 1792 3044 1845 est,
3078 1800 3182 1838 non
3215 1801 3334 1840 esse
3386 1789 3555 1841 lucem
3591 1807 3606 1853 ;
3649 1807 3794 1860 nega-

549 1885 813 1945 cousistit,
835 1882 935 1937 hoc
968 1883 1145 1941 _modo
1177 1900 1189 1935 :
1219 1892 1309 1935 aut
1337 1882 1454 1937 dies
1477 1892 1594 1945 est,
1625 1891 1714 1935 aut
1746 1898 1847 1935 nox
1878 1892 1991 1948 est;
2024 1885 2116 1937 sed

548 1973 665 2026 dies
709 1982 820 2035 est,
856 1988 956 2025 nox
1008 1973 1163 2041 igitur
1193 1988 1296 2025 non
1338 1983 1441 2025 est.
1490 1971 1655 2040 llujus
1698 1971 1809 2025 haec
1840 1972 1974 2024 ratio
2003 1984 2127 2053 εει,⁷

548 2063 669 2128 quia
719 2063 1030 2130 disjunctiva
1082 2064 1445 2128 enuntiatione
1491 2062 1956 2132 prOposita,prior
1998 2078 2119 2131 pars

545 2151 666 2220 ejus
695 2153 981 2206 assumitur
1010 2152 1348 2211 afﬁrmando,
1376 2163 1432 2205 ut
1460 2154 1790 2222 subsequens
1818 2155 2115 2231 aulo-ratur;

548 2252 613 2293 cx
644 2258 704 2298 ea
735 2245 885 2298 enim
906 2245 1269 2313 pr0positione
1300 2262 1416 2314 quae
1446 2247 1600 2313 dicit,
1630 2257 1720 2300 aut
1745 2249 1858 2301 dies
1887 2258 1996 2312 est,
2030 2258 2119 2301 attt

546 2348 650 2386 nox
694 2344 809 2398 εει,
850 2337 1200 2399 assumimus,
1247 2337 1388 2405 atqui
1438 2338 1551 2390 dies
1580 2348 1690 2401 est,
1739 2339 1941 2393 scilicet
1970 2340 2114 2393 affir-

544 2431 750 2475 mantes
795 2437 913 2476 esse
960 2424 1128 2485 diem,
1182 2441 1337 2493 quam
1387 2429 1767 2495 assumptionis
1807 2431 2115 2486 affirmatio»

544 2528 666 2565 item
714 2515 1055 2582 consequitur
1095 2530 1196 2569 noti
1243 2532 1361 2571 e~se
1405 2530 1633 2572 noctem.
1668 2521 1894 2586 Quintus
1925 2522 2113 2575 modus
2147 2574 2150 2579 .

542 2612 650 2659 est.
686 2617 806 2655 cum
837 2603 886 2655 in
915 2603 1101 2657 eadem
1132 2604 1444 2672 disiunctiva
1477 2611 1869 2676 propositione,
1898 2611 1946 2664 id
1974 2628 2057 2680 qui
2080 2614 2113 2666 d

540 2693 769 2758 ptimum
799 2702 910 2761 est,
956 2695 1196 2763 negando
1224 2698 1531 2762 assumitur,
1564 2712 1619 2752 ut
1651 2701 1697 2753 id
1729 2702 1867 2769 quod
1897 2714 1978 2756 est
2024 2718 2114 2772 po-

538 2782 733 2836 sterius
774 2784 1050 2849 ittfera'ur,
1085 2786 1185 2839 hoc
1230 2789 1388 2841 modo
1420 2805 1431 2841 :
1478 2801 1568 2843 aut
1598 2792 1709 2845 dies
1738 2804 1818 2845 est
1841 2837 1855 2859 ,
1889 2806 1978 2847 aut
2010 2812 2111 2848 nox
2144 2842 2145 2845 η

539 2885 649 2938 σει,
674 2875 812 2944 atqui
844 2875 956 2930 dies
984 2890 1227 2942 nonest,
1259 2895 1351 2947 per
1384 2883 1717 2950 negationem
1750 2886 1951 2939 scilicet
1982 2885 2110 2939 facta

547 2975 622 3023 est
646 2971 959 3036 assumptio,
988 2972 1333 3039 consequitur
1357 2987 1478 3027 esse
1502 2985 1730 3027 noetem.
1764 2976 1961 3031 Sextus
1985 2994 2112 3033 vero

532 3059 729 3110 modus
772 3075 833 3111 ac
877 3063 1137 3126 septimus
1164 3079 1225 3115 ex
1258 3066 1431 3132 quarti
1455 3077 1507 3119 et
1534 3068 1703 3135 qttinii
1739 3070 1878 3123 modi
1909 3072 2109 3137 disjun-

535 3150 674 3200 ctiva
699 3151 1057 3216 propositione
1094 3152 1445 3220 deducuntur,
1484 3172 1583 3210 una
1630 3162 1905 3226 negatione
1930 3164 2111 3219 videli-

540 3248 624 3291 cet
676 3239 952 3306 adjuncta,
1012 3252 1063 3294 et
1107 3243 1422 3310 tlisjnnCtiVa
1457 3250 1667 3315 proposi
1697 3251 1816 3304 ione
1843 3253 2109 3319 detracta,

541 3328 825 3399 additaque
864 3332 1198 3399 cotijunctiva
1233 3334 1312 3388 bis
1344 3340 1789 3405 propositionibus
1819 3359 1936 3408 qua:
1958 3358 2113 3411 supe-

538 3422 650 3476 rius
682 3423 731 3476 itt
764 3423 1272 3492 disjunctioneesuut
1303 3430 1511 3496 p0>il:D,
1548 3431 1649 3485 hoc
1684 3434 1841 3487 modo
1875 3452 1886 3486 :
1923 3451 2025 3488 non
2058 3446 2112 3490 et

538 3513 654 3567 dies
677 3522 789 3578 est,
818 3526 869 3568 et
920 3529 1022 3568 nox
1052 3525 1159 3569 εει.
1193 3518 1397 3570 Dudum
1428 3519 1587 3587 igitur
1615 3523 1665 3575 in
1693 3522 2009 3590 disjuncttva
2041 3527 2111 3579 ita

539 3604 665 3667 fuit,
718 3616 774 3657 ut
819 3612 910 3657 aut
949 3605 1064 3658 dies
1106 3594 1218 3670 est,
1268 3619 1358 3661 aut
1410 3625 1516 3663 nox
1576 3623 1678 3665 est.
1735 3614 1807 3667 Ex
1860 3615 1957 3670 hac
2010 3616 2133 3686 igi-r

536 3704 624 3746 tur
668 3694 1034 3760 preposiione
1087 3698 1324 3766 Sublata,
1386 3711 1475 3755 aut
1527 3704 1930 3771 eonjuuctione,
1993 3723 2109 3776 qua:

535 3792 651 3835 erat
718 3782 1033 3851 disjunetiva
1100 3786 1433 3855 adiecimus,
1505 3802 1559 3846 et
1624 3811 1741 3863 qtne
1811 3799 2108 3865 copulativa

535 3880 647 3936 est,
699 3874 1192 3947 prmposuimusttue
1243 3882 1602 3951 negationem.
1657 3886 1836 3953 itaque
1889 3888 2109 3942 fecimus

534 3978 599 4018 ex
633 3967 869 4034 partibus
915 3967 1247 4036 disjunrtivm
1297 3977 1674 4043 propositionis
1706 3980 1982 4045 cupitlatis,
2016 3980 2110 4034 ad-

536 4055 646 4109 dita
680 4058 980 4135 negatione,
1036 4063 1452 4131 propositionem
1506 4070 1639 4121 sexti
1692 4079 1849 4137 atque
1900 4074 2109 4140 septimi

528 4148 704 4211 modi,
736 4166 850 4217 qun
899 4161 1009 4215 est,
1065 4169 1165 4206 non
1219 4164 1270 4207 et
1319 4156 1434 4209 dies
1488 4169 1567 4211 est
1619 4170 1672 4212 et
1728 4177 1831 4213 nox
1886 4172 2001 4228 est,
2057 4165 2109 4217 in

536 4257 639 4310 qua
663 4242 706 4294 is
728 4255 1025 4296 assumatur
1048 4260 1166 4299 esse
1188 4246 1357 4312 diem,
1384 4262 1592 4303 noctem
1615 4268 1719 4303 non
1775 4269 1893 4306 esse
1919 4268 2110 4307 conse-

534 4333 714 4401 quitur
736 4334 827 4400 ita,
860 4337 1000 4403 atqui
1033 4336 1145 4390 dies
1178 4348 1280 4404 est,
1335 4354 1438 4392 non
1468 4351 1549 4394 est
1593 4342 1747 4409 igitur
1778 4358 1901 4395 nox.
1935 4344 2112 4411 Septi-

534 4439 652 4477 mus
675 4439 798 4477 vero
828 4426 1014 4479 modus
1036 4436 1135 4489 est,
1168 4443 1285 4481 cum
1347 4430 1516 4495 prima
1576 4445 1695 4496 pars
1735 4434 2109 4499 propositionis

2142 3120 2185 3181 C

2224 1870 2418 1924 tionem
2444 1873 2637 1939 quippe
2670 1873 2956 1926 affirmatio
2978 1876 3151 1929 omnis
3178 1880 3391 1941 evertit,
3421 1882 3505 1933 vel
3531 1898 3651 1934 cum
3681 1899 3796 1936 con-

2225 1974 2374 2011 nexa:
2440 1962 2823 2028 protiositiunis
2882 1979 2946 2017 ex
2997 1967 3369 2032 negationibus
3430 1969 3674 2037 junctae,
3722 1989 3798 2027 se-

2222 2052 2409 2103 cundze
2467 2052 2602 2119 parti
2662 2054 2873 2122 negatio
2916 2055 3253 2121 detrahitur,
3320 2070 3536 2129 totaque
3610 2079 3797 2132 propo-

2222 2132 2344 2192 sitio
2392 2142 2703 2211 denegatur,
2734 2146 3010 2213 positaque
3042 2151 3217 2215 priore
3268 2153 3645 2218 prOpositionis
3686 2170 3797 2221 par-

2224 2239 2317 2295 te,
2378 2231 2700 2286 interimitur
2753 2234 2890 2304 quod
2963 2238 3426 2306 subsequebatur,
3510 2242 3613 2294 hoc
3690 2260 3797 2297 mo-

2227 2320 2296 2372 do
2350 2337 2363 2373 :
2414 2337 2517 2375 non
2563 2325 2606 2377 si
2635 2325 2723 2377 lux
2771 2341 2875 2377 non
2901 2335 3003 2391 est,
3030 2329 3142 2381 dies
3164 2340 3264 2393 est,
3284 2333 3426 2398 atqui
3450 2333 3539 2385 lux
3570 2343 3797 2395 nonest,

2221 2411 2336 2466 dies
2362 2414 2520 2483 igitur
2546 2430 2647 2468 non
2676 2424 2797 2482 est;
2827 2418 2907 2470 vel
2942 2419 2984 2471 si
3018 2434 3272 2473 connexa:
3306 2425 3690 2488 prepositionis
3736 2440 3799 2478 ex

2221 2506 2506 2574 negatione
2554 2515 2712 2574 atque
2772 2508 3124 2562 affirmatione
3167 2511 3516 2581 comtiOsitze,
3552 2513 3801 2567 secunda:

2220 2596 2355 2665 parti
2381 2596 2879 2666 negatiojungatur,
2905 2614 3071 2668 eaque
3105 2601 3325 2669 insuper
3347 2604 3672 2672 denegetur,
3709 2620 3803 2672 po-

2218 2699 2478 2758 natttrque
2501 2689 2640 2757 quod
2671 2692 2819 2758 prius
2868 2702 2968 2757 est,
3004 2702 3060 2745 ut
3090 2692 3137 2745 id
3164 2694 3301 2761 quod
3360 2697 3604 2762 sequitur
3654 2698 3804 2750 aufe-

2218 2789 2386 2843 ratur,
2418 2779 2516 2832 hoc
2539 2780 2696 2832 modo
2728 2795 2743 2831 :
2776 2795 2881 2833 non
2917 2780 2961 2834 si
2989 2781 3101 2833 dies
3125 2797 3229 2834 non
3262 2793 3362 2847 est,
3401 2798 3506 2834 nox
3547 2800 3656 2836 non
3700 2795 3801 2851 est,

2215 2869 2356 2936 atqui
2383 2868 2497 2921 dies
2516 2885 2619 2922 nun
2642 2878 2743 2932 est,
2769 2884 2871 2922 nox
2901 2870 3064 2939 igitur
3080 2882 3193 2933 est;
3220 2872 3300 2923 vei
3330 2872 3372 2922 si
3391 2873 3441 2924 in
3461 2874 3657 2927 eadem
3685 2890 3806 2942 pro-

2216 2958 2501 3026 posititine,
2533 2974 2651 3027 qum-
2672 2974 2735 3012 ex
2766 2963 3045 3030 negatione
3095 2974 3253 3028 atque
3299 2962 3664 3018 affirmatione
3714 2982 3805 3019 co-

2226 3051 2401 3117 pulata
2433 3060 2535 3115 est,
2564 3051 2722 3118 priori
2748 3053 2884 3121 parti
2942 3054 3155 3122 negatio
3201 3052 3574 3119 subtrahatur,
3634 3073 3805 3125 eaque

2216 3142 2527 3211 denegetur,
2557 3153 2885 3211 ponaturque
2917 3145 3056 3213 quod
3088 3147 3314 3213 primum
3348 3157 3447 3209 est,
3486 3158 3544 3200 ut
3574 3149 3628 3202 id
3662 3154 3802 3217 quod

2217 3236 2458 3303 sequitur
2483 3235 2775 3301 auferatur,
2804 3240 2903 3290 ltoc
2930 3240 3087 3291 modo
3118 3254 3134 3292 :
3160 3255 3264 3293 non
3295 3240 3339 3293 si
3369 3240 3483 3295 dies
3531 3253 3640 3305 est,
3696 3259 3803 3296 nox

2214 3334 2312 3388 est,
2345 3328 2485 3394 atqui
2511 3326 2626 3381 dies
2658 3336 2760 3395 est,
2795 3344 2903 3382 nox
2946 3330 3226 3397 igiturnon
3260 3343 3373 3398 est;
3421 3334 3509 3387 vel
3558 3337 3606 3387 si
3670 3351 3807 3389 con-

2216 3432 2365 3470 nexa:
2386 3418 2761 3486 propositionis
2787 3437 2850 3473 ex
2879 3420 3231 3476 affirmatione
3255 3433 3309 3476 et
3328 3426 3616 3493 negatione
3639 3443 3805 3495 copu-

2217 3510 2361 3574 latae,
2415 3493 2697 3578 posteriori
2752 3513 2887 3580 parti
2929 3514 3210 3584 denegatio
3263 3516 3530 3577 dematur,
3584 3528 3807 3586 totaque

2215 3584 2429 3668 insuper
2458 3602 2769 3666 denegetur,
2800 3603 3079 3672 positoque
3109 3610 3284 3672 priore
3304 3648 3317 3667 ,
3371 3607 3419 3659 id
3447 3608 3594 3675 quod
3620 3609 3807 3676 sequi-

2216 3697 2300 3742 tur
2331 3690 2685 3756 interimatur,
2716 3692 2815 3745 ltoc
2843 3695 2999 3745 modo
3032 3712 3045 3747 :
3079 3711 3181 3749 non
3209 3697 3250 3748 si
3280 3698 3452 3764 vigilat
3490 3700 3697 3761 stertit,
3726 3711 3807 3751 at-

2212 3782 2298 3848 qui
2338 3781 2545 3849 vigilat,
2577 3797 2682 3834 non
2725 3786 2907 3837 stertit
2936 3785 3112 3852 igitur.
3160 3787 3331 3855 Atque
3370 3791 3485 3841 lucc
3527 3792 3712 3842 omnia
3752 3792 3803 3843 in

2214 3870 2370 3923 tertio
2396 3873 2553 3945 modo
2575 3887 2695 3926 esse
2719 3874 3102 3943 intelliguntur,
3131 3886 3287 3943 atque
3329 3894 3395 3930 ex
3452 3882 3809 3948 repugnanti-

2214 3962 2311 4017 bus
2340 3964 2489 4032 fittttl,
2525 3974 2579 4019 et
2608 3980 2820 4035 semper
2853 3968 2901 4019 id
2926 3969 3063 4035 quod
3093 3970 3375 4031 antecedit,
3400 3972 3647 4038 ponitur,
3671 3984 3730 4024 ut
3756 3972 3809 4026 id

2213 4057 2351 4124 qttod
2377 4058 2637 4125 sequitur,
2665 4058 2957 4112 auferatur.
2984 4059 3114 4111 Nam
3147 4076 3249 4111 non
3284 4061 3421 4113 sicut
3449 4061 3502 4113 itt
3553 4066 3809 4131 proposi-

2215 4149 2360 4199 tione
2387 4148 2733 4209 conditionali
2767 4151 2888 4218 quia
2918 4161 3103 4219 negata
3161 4155 3515 4219 repugnantia
3573 4158 3809 4223 partium

2216 4237 2273 4289 fit
2296 4253 2438 4303 vera,
2476 4239 2618 4304 prior
2644 4255 2765 4306 pars
2791 4242 3019 4305 ponitur.
3040 4244 3151 4294 sive
3192 4244 3536 4307 affirmative,
3569 4248 3687 4299 sire
3714 4263 3810 4299 ne-

2214 4328 2414 4396 gative,
2448 4328 2514 4379 ita
2548 4343 2664 4381 eam
2688 4329 2858 4381 reddit
2880 4334 3193 4397 assumptio.
3246 4332 3349 4386 Sed
3401 4345 3460 4387 ut
3516 4338 3667 4401 prior
3690 4352 3813 4403 pars

2216 4419 2372 4471 fuerit
2401 4431 2690 4487 assumpta,
2721 4422 2921 4489 reliqua
2949 4428 3211 4478 contraria
3255 4412 3637 4482 enuntiatiOne
3682 4446 3813 4483 con-

534 4517 774 4582 ηοείιηιιο
804 4488 1129 4583 assumitur;
1167 4527 1227 4570 υι
1278 4488 1542 4585 pogmm
1578 4488 1959 4586 ἐυὺδέίιυεξιυη
2009 4523 2108 4576 ι,υο
2142 4488 2186 4547 D
2213 4508 2459 4563 cluditur.
2479 4510 2971 4580 Namsiassumptio
2990 4514 3814 4587 fueritaffirmativa,eritm=ga-

541 4606 699 4658 modo
736 4622 748 4657 :
783 4622 886 4659 non
916 4617 969 4660 et
994 4608 1107 4661 dies
1130 4619 1211 4662 est
1232 4618 1282 4663 rt
1313 4626 1416 4663 nox
1437 4614 1711 4681 est;atqui
1739 4614 1851 4668 dies
1877 4629 1980 4668 non
2002 4623 2125 4682 est,

533 4692 635 4752 nox
670 4699 826 4765 igitur
843 4710 941 4752 est.
972 4700 1141 4769 Atque
1165 4701 1249 4755 hic
1279 4688 1469 4756 modus
1495 4706 1910 4773 propositionum
1944 4709 1995 4761 in
2021 4724 2106 4763 so-

534 4793 597 4843 Iis
632 4792 713 4845 liis
746 4791 970 4845 inveniri
1022 4803 1454 4863 potest,quorum
1482 4796 1707 4850 alterum
1731 4813 1851 4853 esse
1892 4814 2125 4855 necesse.

530 4891 631 4940 e-t.
659 4894 715 4934 ut
744 4883 883 4937 diem
914 4886 992 4938 vel
1017 4900 1248 4949 noetem,
1306 4888 1671 4955 xgritudinem
1721 4891 1806 4942 vel
1856 4890 2135 4955 salutem“

531 4956 586 5047 et
614 4974 867 5041 quidquid
893 4976 1120 5028 medium
1153 4991 1256 5029 non
1310 4978 1494 5033 habet.
1551 4980 1666 5045 Quo
1716 4991 1890 5034 autem
1951 4984 2108 5037 modo

530 5064 770 5127 omnium
801 5066 1230 5135 syllogismorum
1262 5068 1707 5124 conditionalium
1741 5072 1953 5129 vetitas
1992 5087 2111 5127 sese

539 5158 757 5231 habent,
784 5158 866 5211 Itis
886 5159 1294 5229 diligentissime
1319 5163 1675 5230 explicuimus
1705 5164 1854 5217 libris
1884 5180 2016 5234 quos
2045 5166 2127 5219 de.

537 5248 892 5319 hypotltctieis
924 5251 1343 5317 conscripsimus
1398 5255 1746 5323 syllogismis.
1780 5254 1927 5308 Nunc
1963 5266 2139 5321 vero,-

536 5355 640 5393 non
663 5341 803 5409 quod
838 5340 904 5394 de
935 5341 1016 5393 ftis
1043 5342 1323 5410 perfectior
1353 5345 1712 5397 c0ttsidetatio
1744 5346 1969 5399 inveniri
2019 5360 2109 5413 po-

536 5441 643 5487 test
680 5433 1043 5500 apposuimus,
1062 5433 1153 5488 sed
1210 5434 1257 5486 id
1301 5434 1439 5502 quod
1485 5434 1549 5487 ad
1599 5437 1991 5503 explanandum
2040 5437 2107 5490 Μ.

537 5522 698 5593 Tullii
729 5524 1043 5576 sententiam
1071 5526 1711 5592 poterataccummodari.
1734 5526 2111 5595 Utigiturcun-

534 5623 617 5663 cta
649 5627 765 5679 qua:
787 5613 1013 5666 diximus
1034 5613 1264 5667 breviter
1292 5614 1631 5683 colligantur,
1698 5615 1901 5680 primus
1924 5613 2110 5667 modus

539 5711 621 5753 est
645 5702 854 5768 quoties
890 5703 956 5767 ,ιιι
1013 5718 1249 5771 connexa
1286 5704 1644 5773 prepositione
1694 5702 1923 5770 primum
1968 5708 2027 5756 ut
2055 5700 2125 5771 in,

2213 4599 2315 4653 tiva
2330 4600 2620 4653 conclusio.
2637 4602 2690 4654 Si
2711 4607 3002 4669 assumptio
3018 4609 3279 4677 ttegativa,
3298 4612 3400 4662 erit
3417 4615 3710 4668 conclusio
3734 4614 3815 4665 2f—

2213 4689 2492 4744 firmativa.
2508 4692 2734 4757 Quartus
2752 4694 2940 4749 modus
2954 4706 3032 4749 est
3052 4712 3171 4750 cum
3194 4700 3244 4751 in
3260 4700 3594 4767 disiunctiva
3616 4722 3815 4773 ριιοριι.

2210 4781 2403 4837 εἰιὶοηε
2422 4783 2648 4851 primunt
2675 4785 2903 4853 ponitur,
2948 4796 3003 4840 ttt
3029 4790 3297 4843 auferatur
3338 4794 3673 4861 secundum,
3714 4799 3817 4849 hoc

2213 4873 2371 4927 modo
2402 4884 2531 4927 :aut
2576 4875 2691 4929 dies
2741 4884 2844 4944 est,
2895 4888 2983 4930 aut
3026 4893 3127 4932 nox
3180 4889 3296 4943 est;
3331 4884 3481 4949 atqui
3520 4885 3648 4937 dies
3708 4896 3814 4943 est,

2212 4980 2315 5018 nox
2348 4966 2506 5035 igitur
2529 4982 2631 5020 non
2664 4978 2761 5021 est.
2781 4968 3005 5035 Quintus
3029 4972 3218 5026 modus
3246 4983 3329 5027 est
3351 4977 3595 5043 quoties
3616 4980 3667 5031 in
3700 4969 3813 5030 dis-

2207 5055 2448 5123 junctiva
2478 5059 2837 5125 propo<itiune
2868 5061 3142 5116 auferatur
3188 5065 3329 5133 quod
3384 5070 3537 5134 prius
3597 5083 3705 5136 est,
3758 5082 3813 5123 ut

2216 5157 2442 5221 ponatur
2468 5150 2781 5213 secundum,
2818 5152 2918 5206 hoc
2944 5153 3102 5207 modo
3138 5174 3148 5206 :
3182 5167 3272 5208 aut
3299 5157 3415 5211 dies
3443 5170 3551 5224 est,
3582 5174 3675 5215 aut
3710 5177 3817 5215 nox

2215 5244 2318 5301 est,
2343 5253 2445 5291 non
2472 5248 2553 5292 est
2581 5250 2756 5293 autem
2781 5242 2914 5307 dies,
2949 5244 3051 5298 nox
3080 5246 3240 5313 igitur
3281 5258 3384 5301 est.
3443 5249 3651 5305 Sextus
3698 5270 3822 5304 mo-

2216 5325 2315 5380 dus
2345 5343 2464 5382 eum
2518 5330 2600 5384 his
2647 5334 2806 5387 rebus
2863 5351 2981 5403 qua:
3042 5336 3092 5390 in
3130 5337 3554 5407 disiunctionem
3624 5347 3825 5396 venire

2217 5429 2458 5485 possunt,
2494 5420 2542 5473 id
2567 5431 2651 5475 est
2677 5427 2955 5480 contrariis
2984 5427 3068 5480 vel
3119 5432 3542 5496 repugnantibus
3605 5434 3831 5486 medie-

2216 5515 2322 5559 tate
2349 5512 2673 5579 carentibus,
2734 5518 2943 5583 negutio
2987 5521 3333 5585 praeponitur,
3373 5532 3430 5574 et
3479 5527 3828 5591 copulatch

2216 5597 2619 5665 coniunctiones
2668 5603 3057 5673 adjunguntur,
3109 5611 3431 5680 poniturqtte
3471 5614 3621 5681 quod
3695 5617 3829 5684 pri-

2216 5701 2359 5741 tnum
2406 5698 2507 5756 est,
2533 5702 2585 5745 ut
2620 5693 2669 5746 id
2703 5696 2841 5763 quod
2882 5709 2961 5751 est
3010 5700 3341 5768 SUbSt‘QllCIIS
3361 5703 3669 5773 auferatur,
3712 5707 3833 5760 iam:
