4036 6336
267 262 401 347 ηδτ

1113 288 1177 341 IN
1216 286 1459 342 TOPICA
1497 258 1852 342 CICERONIS
1894 262 2400 338 COMMENTARIA.
2446 280 2571 335 LIB.
2616 279 2678 334 v.

3386 258 3525 333 itali

263 406 429 462 modo
460 419 611 459 :-non
647 412 698 458 et
743 402 857 455 dies
886 414 967 456 est
1010 412 1061 455 et
1103 418 1208 456 nox
1242 414 1357 469 est,
1387 402 1500 456 dies
1530 410 1705 455 autem
1739 412 1842 462 est,
1873 399 1918 456 Α
1950 401 2093 462 recta
2121 393 2327 446 ratione
2349 391 2736 452 concludimus,
2763 388 2862 442 hoc
2895 387 3053 442 modo
3103 404 3117 443 :
3170 386 3322 457 atqui
3366 389 3526 441 homo

264 517 368 557 nox
392 500 551 569 igitur
577 513 679 549 non
705 506 804 551 εει.
828 496 1299 563 Septimnsmodus
1339 505 1421 550 est
1468 513 1588 549 cum
1655 496 1706 549 in
1762 512 1845 550 ea-

262 591 387 644 dem
467 588 832 658 pr0positione
906 588 1142 641 aufertur
1227 587 1278 641 id
1349 589 1487 655 quod
1568 588 1839 655 prmeedit,

264 692 323 735 ut
364 692 595 751 ponatur
636 680 687 733 id
736 679 873 749 quod
920 680 1409 747 consequitur,hoc
1433 682 1588 734 modo
1613 698 1626 733 :
1652 698 1755 735 non
1791 672 1843 732 et

260 769 379 825 dies
400 778 503 834 est,
528 779 582 822 et
606 786 710 822 nox
732 778 843 833 est;
864 773 1003 838 atqui
1029 769 1142 825 dies
1165 785 1270 824 non
1295 781 1396 833 est,
1423 788 1522 825 nox
1556 774 1711 841 igitur
1738 782 1840 826 est.

262 863 356 916 llis
387 862 545 929 igitur
568 860 637 914 ita
661 862 929 930 prtediCtis
958 863 1021 915 ad
1050 863 1327 917 Ciceronis
1346 865 1509 928 verba
1538 866 1839 921 veniamus.

332 954 462 1007 Cum
484 955 739 1022 tripartito
768 954 924 1022 igitur
954 954 1288 1007 distribuatur
1319 956 1461 1009 locus
1510 957 1590 1008 hic
1636 958 1688 1009 in
1716 940 1839 1011 con-

262 1046 583 1107 eecutionem,
601 1046 1010 1110 antecessionem,
1024 1034 1435 1116 repugnantiam,
1457 1048 1742 1113 reperiendi
1753 1066 1841 1102 ar-

262 1141 487 1208 gumenti
499 1140 637 1192 locus
652 1152 722 1193 est
736 1139 1237 1206 simplex,tractundi
1250 1126 1468 1209 triplets:
1487 1158 1605 1194 nam
1622 1144 1746 1211 quid
1763 1143 1840 1195 in-

261 1243 435 1296 terest,
458 1249 572 1286 cum
595 1233 687 1284 hoc
703 1234 997 1301 sumpseris,
1011 1233 1280 1301 pecuniam
1305 1243 1620 1303 numeratam
1642 1233 1844 1284 mulieri

260 1321 452 1382 deberi,
492 1322 570 1371 cui
602 1320 663 1370 sit
717 1331 985 1387 argentum
1050 1337 1199 1374 omne
1242 1322 1492 1389 legatum,
1547 1333 1714 1375 utrum
1744 1321 1841 1375 hoc

259 1415 411 1466 modo
464 1414 735 1466 concludas
788 1422 1137 1482 arguutentum
1190 1428 1206 1465 :
1261 1412 1321 1466 Si
1369 1413 1585 1480 pecunia
1637 1423 1838 1481 signata

256 1515 522 1573 argentum
554 1516 659 1565 est,
700 1504 871 1575 legata
915 1515 986 1557 est
1035 1505 1268 1567 mulieri;
1314 1513 1385 1555 est
1415 1510 1584 1554 autem
1628 1502 1839 1565 pecunia

255 1597 459 1663 signata
496 1607 782 1664 argentum,
810 1596 972 1665 legata
995 1596 1168 1663 igitur.
1203 1599 1278 1645 An
1305 1594 1394 1645 illo
1424 1592 1576 1644 modo
1611 1607 1627 1643 :
1670 1592 1840 1644 Sinu-

255 1699 446 1741 tuerata
468 1689 681 1758 pecunia
710 1705 807 1740 nat
842 1697 912 1740 est
954 1687 1144 1757 (cgita,
1192 1703 1289 1740 nati
1320 1695 1390 1738 est
1440 1702 1507 1736 nu
1530 1693 1705 1736 aerata
1748 1699 1836 1752 pe-

1949 495 2050 548 est,
2086 476 2277 535 animal
2310 483 2474 552 igitur
2505 494 2608 549 est,
2639 490 2797 550 atque
2828 481 2915 535 hic
2944 479 3161 550 quidem
3222 480 3412 534 modus
3459 497 3527 533 ex

1946 568 2006 630 ea
2037 575 2396 644 propositione
2416 574 2662 629 connexa
2694 589 2983 628 conversus
3011 582 3117 637 est,
3147 589 3264 642 quae
3294 589 3357 627 ex
3388 574 3519 625 dua-

1949 665 2045 717 bus
2077 664 2355 730 conjuncta
2381 674 2461 717 est
2491 664 2841 744 afﬁrmativis.
2874 663 2968 716 His
3008 663 3167 731 igitur
3201 663 3367 715 tribus
3411 678 3525 714 mo-

1945 754 2027 808 dis
2056 754 2257 807 Tullius
2276 754 2363 827 qui
2390 753 2549 807 homo
2576 765 2737 817 esset,
2761 753 2958 806 animal
3007 767 3216 821 quoque
3259 761 3522 804 monstra-

1947 853 2032 897 tus
2063 852 2146 897 est
2173 858 2328 896 esse:
2364 857 2504 895 nunc
2525 842 2737 910 quidem
2768 842 2892 896 dum
2923 842 2973 895 id
2997 842 3132 909 quod
3154 843 3521 895 anteceditas-

1945 934 2224 1003 sumimus,
2246 931 2295 987 id
2312 942 2540 1011 estesse
2581 932 2881 998 hominem;
2925 946 3067 985 nunc
3100 936 3237 986 ‘vero
3284 931 3411 985 dum
3471 932 3520 984 id

1946 1026 2087 1095 quod
2116 1026 2484 1094 consequitur,
2507 1025 2954 1105 iit-assumptione
2976 1026 3324 1091 denegamus,
3360 1023 3409 1077 id
3441 1034 3528 1077 est

1945 1133 2049 1172 non
2082 1134 2201 1173 esse
2230 1118 2456 1182 animal;
2486 1134 2625 1171 nunc
2674 1126 2869 1175 autem.
2907 1118 3311 1186 repugnantiam
3361 1118 3527 1169 dene-

1944 1222 2130 1281 gantcs
2181 1228 2363 1267 eorum
2415 1228 2531 1281 qua:
2590 1212 2687 1264 sibi
2732 1220 2856 1265 sunt
2906 1212 3306 1278 consequentia,
3357 1212 3531 1277 posito

1943 1305 2082 1373 quod
2120 1305 2486 1373 ‘prrceedebat,
2561 1305 2610 1356 id
2661 1303 2798 1372 quod
2857 1305 3176 1369 sequebatur
3230 1305 3524 1357 intulimus.

1943 1393 2145 1459 Quibus
2196 1395 2269 1447 ita
2322 1396 2679 1464 prazcognitis,
2734 1410 2874 1447 nunc
2924 1395 2993 1447 Μ.
3026 1394 3181 1447 Tuilii
3234 1404 3526 1448 tractemus

1943 1488 2209 1555 exempla.
2268 1485 2399 1539 Cum
2444 1470 2587 1541 enim
2622 1486 2844 1539 dixisset
2883 1486 2981 1539 loci
3033 1487 3083 1538 in
3124 1496 3522 1548 eonsecutone,

1941 1578 2311 1632 antecessione
2361 1588 2413 1631 et
2463 1579 2807 1646 repugnantia
2842 1577 3035 1646 positi,
3057 1578 3356 1645 reperiendi
3408 1578 3526 1646 qui-

1942 1670 2061 1724 dem
2092 1670 2390 1738 argumenti
2418 1671 2715 1737 simplicem
2749 1685 2867 1724 esse
2891 1670 3240 1734 intellectum,
3268 1669 3527 1723 tractandi

255 1780 409 1832 cuuia
430 1788 716 1848 argentum;
740 1790 807 1831 est
834 1789 1002 1831 autem
1025 1797 1158 1831 num.
1177 1788 1289 1830 rata
1310 1777 1521 1848 pecunia
1544 1784 1833 1844 argentum,

1950 1768 2117 1814 autent
2149 1759 2435 1827 triplicem,
2466 1760 2661 1829 adjecit.
2710 1760 2879 1815 :Nam
2939 1760 3063 1829 quid
3107 1761 3351 1822 interest,
3401 1775 3522 1813 cum

256 1876 423 1939 legata
453 1874 603 1941 igitur
629 1882 719 1935 est.
748 1875 826 1923 Au
856 1872 945 1924 illo
978 1872 1127 1923 modo
1152 1887 1168 1923 :
1196 1868 1313 1922 Non
1342 1880 1388 1923 et
1406 1870 1632 1940 legatum
1653 1883 1835 1941 argen-

255 1971 365 2015 tum
397 1972 486 2027 εει,
516 1972 562 2014 et
602 1980 700 2015 non
730 1956 898 2033 legata
926 1974 999 2016 est
1032 1973 1293 2037 numerata
1331 1962 1584 2030 pecunia;
1613 1959 1836 2029 legatum

255 2067 421 2109 autem
449 2038 710 2125 argentum
722 2068 819 2122 est,
846 2055 1011 2125 legata
1032 2057 1187 2126 igitur
1216 2061 1481 2109 numerata
1504 2054 1716 2123 pecunia
1741 2059 1833 2105 est.

331 2150 464 2202 Eum
492 2150 662 2202 locum
696 2150 783 2217 qui
820 2163 883 2202 ex
940 2146 1411 2219 antecedentibus,
1454 2144 1839 2223 consequenti-

256 2239 358 2292 bus
385 2250 438 2293 et
466 2240 877 2309 repugnantibus
907 2247 1070 2303 esset,
1089 2255 1249 2292 unum
1280 2248 1425 2292 recte
1450 2237 1638 2299 videri,
1689 2252 1839 2289 eum-

257 2348 361 2399 que
388 2334 438 2385 in
461 2334 765 2386 conditione
793 2348 913 2387 esse
941 2334 1192 2401 positum,
1237 2332 1330 2385 sed
1368 2332 1502 2383 trina
1555 2329 1839 2398 partitione

257 2424 528 2488 distribui,
556 2424 801 2491 superius
831 2423 1151 2491 esplipatum
1176 2433 1287 2489 est;
1334 2423 1489 2490 idque
1530 2419 1599 2472 Μ.
1633 2421 1839 2475 Tullius

256 2514 556 2567 evidentius
602 2523 749 2567 notat
803 2515 1006 2579 dicens,
1060 2514 1399 2577 intellectum
1454 2512 1668 2581 quidem
1720 2513 1837 2578 ejus

256 2604 853 2672 eousideratiouemque
917 2606 971 2659 itt
1024 2604 1330 2658 conditione
1403 2613 1629 2672 positam
1680 2618 1838 2657 unam

258 2711 403 2759 esse,
433 2696 525 2749 sed
555 2712 648 2765 per
680 2698 1155 2766 argumentationis
1180 2698 1550 2750 tractationem
1575 2698 1842 2764 tripartito

259 2789 635 2858 dividi.,Cujus
675 2790 750 2842 rei
787 2804 879 2857 per
903 2789 1129 2857 primum
1179 2804 1239 2842 ac
1291 2790 1582 2844 secundum
1628 2798 1683 2842 et
1738 2798 1843 2841 ter-

262 2879 398 2931 tium
422 2880 886 2957 ltypotheticorum
919 2880 1350 2950 syllogismorum
1410 2880 1649 2944 modum,
1707 2881 1845 2934 sicut

262 2971 424 3037 paulo
454 2972 697 3038 superius
727 2971 979 3035 diximus,
1006 2971 1254 3040 exempla
1282 2966 1527 3039 subjecit.
1560 2971 1689 3037 Quae
1712 2986 1846 3039 quo-

264 3062 407 3115 niam
435 3062 788 3131 implicatiora
815 3063 1059 3127 videntur
1080 3078 1235 3131 quam
1261 3072 1320 3115 ut
1348 3062 1517 3131 primo
1545 3063 1721 3115 statim
1753 3077 1849 3114 au-

1940 1850 2036 1904 tibi
2068 1852 2364 1919 sumpseris
2393 1851 2456 1903 ad
2489 1850 2981 1917 demonstrandum,
3015 1852 3295 1921 pecuniam
3338 1869 3523 1907 nume-

1938 1947 2109 1996 ratam
2128 1941 2551 2005 mulierideberi,
2586 1944 2752 1995 cuisit
2779 1951 3056 2012 argentum
3086 1944 3516 2009 omnelegatum,
3590 2000 3602 2010 ,

1940 2041 2114 2085 utrum
2134 2030 2187 2085 id
2216 2031 2282 2085 ab
2306 2033 2766 2096 antecedentibus,
2794 2049 2859 2086 an
2885 2049 2911 2085 a
2949 2035 3418 2101 consequentibus,
3458 2050 3524 2087 an

1939 2138 1968 2175 a
2000 2122 2416 2191 repugnantibus
2450 2124 2686 2190 probes?
2713 2125 2948 2193 Namque
3000 2126 3187 2178 eadem
3252 2127 3517 2178 sententia

1940 2214 1994 2267 in
2031 2213 2372 2267 conclusione
2427 2214 2716 2283 colligitur,
2751 2225 2802 2268 et
2866 2217 3386 2282 argumentationum
3436 2216 3518 2268 di-

1941 2304 2166 2357 versitas
2212 2320 2316 2357 non
2370 2304 2423 2358 in
2479 2320 2564 2369 re,
2613 2306 2705 2360 sed
2738 2309 2787 2359 in
2830 2306 3255 2360 antecedentium
3311 2317 3362 2360 et
3392 2321 3524 2359 con-

1944 2396 2281 2464 sequentium
2337 2406 2389 2449 et
2439 2400 2845 2466 repugnantium
2898 2409 3122 2453 tractatu
3178 2410 3257 2453 est
3318 2400 3573 2475 consti-_

1947 2497 2079 2541 tuta.
2126 2489 2358 2543 Primum
2407 2492 2563 2556 igitur
2595 2503 2819 2559 ponatur
2863 2495 3002 2561 quod
3057 2502 3375 2546 testamento
3424 2492 3526 2544 ali-

1945 2580 2061 2647 quis
2086 2594 2245 2633 omne
2276 2595 2429 2632 suum
2457 2592 2734 2650 argentum
2770 2583 2976 2636 mulieri
3012 2584 3287 2652 legaverit,
3322 2600 3522 2651 quaera-

1948 2677 2138 2734 turque
2166 2683 2232 2720 an
2259 2681 2531 2721 numerata
2577 2686 2786 2738 quoque
2835 2673 3059 2738 pecunia
3110 2672 3317 2725 mulieri
3357 2674 3525 2739 legata

1947 2746 2050 2826 sit,
2096 2762 2523 2828 conci-daturque
2555 2772 2884 2815 numeratam
2929 2762 3087 2815 etiam
3118 2765 3391 2830 pecuniam
3435 2779 3525 2815 ar-

1948 2860 2163 2919 gentum
2188 2852 2467 2919 appellari,
2506 2840 2873 2921 argumentum
2900 2853 3062 2922 igitur
3089 2855 3140 2907 in
3173 2856 3346 2922 primo
3371 2856 3528 2909 modo

1949 2952 2018 2997 ex
2055 2943 2494 2996 antecedentibus
2528 2945 2615 2995 tali
2653 2945 2855 2996 ratione
2904 2945 3206 2997 contexitur
3237 2962 3249 2997 :
3277 2946 3530 3013 proponi-

1952 3050 2069 3088 mus
2100 3034 2242 3088 enim
2285 3036 2387 3096 sic,
2420 3036 2462 3087 si
2498 3036 2718 3102 pecunia
2764 3036 2968 3103 signata
3015 3045 3396 3106 numerataque
3441 3054 3530 3090 ar-

264 3156 379 3208 ditu
409 3154 949 3222 comprehendantur,
982 3156 1152 3208 visum
1185 3154 1451 3223 paulisper
1481 3165 1562 3207 εει
1611 3153 1837 3219 apertio-
1874 3142 1922 3205 C
1952 3133 2167 3223 timum
2214 3134 2316 3223 ei"
2348 3126 2561 3223 _eade"‘_
2588 3128 2833 3223 _pe_c"_"ia
2889 3129 3526 3223 Sig"a'a__n“"‘er“m¢'e

265 3246 414 3300 ribus
436 3246 697 3314 exemplis
733 3247 965 3299 animum
999 3247 1212 3300 lectoris
1260 3248 1523 3311 imbuere,
1548 3257 1601 3297 ut
1649 3244 1699 3296 in
1761 3244 1843 3296 ia—

265 3339 540 3393 cilioribus
566 3340 791 3408 primum
808 3340 1102 3394 exercitata
1134 3340 1504 3411 intelligentia,
1562 3343 1678 3393 sine
1729 3354 1844 3391 ma-

266 3447 372 3501 gno
403 3432 634 3500 negotio,
666 3447 783 3500 quae
814 3440 939 3485 sunt
967 3431 1261 3485 difficiliora
1293 3432 1605 3498 perpendat.
1639 3431 1720 3483 Ab
1744 3446 1844 3482 an-

270 3523 638 3578 teeedentibus
662 3524 820 3593 igitur
842 3524 1231 3592 argumentatio
1281 3525 1355 3587 lit,
1417 3525 1626 3590 quoties
1672 3538 1844 3575 enun-

266 3617 394 3667 tiata
428 3616 806 3684 propositionis
831 3615 1140 3670 conditione
1169 3617 1394 3667 sumitur
1422 3615 1472 3666 id
1504 3615 1641 3683 quod
1698 3625 1845 3667 ante-

267 3708 431 3772 ειιάὶι,
459 3718 513 3761 ιιι
553 3707 603 3760 id
631 3707 770 3776 quod
795 3708 1035 3775 sequitur
1073 3708 1358 3770 inferatur,
1388 3706 1489 3761 hoc
1521 3707 1679 3759 modo
1729 3724 1742 3759 :
1778 3706 1848 3760 sit

262 3800 411 3859 enim
440 3797 660 3867 dubium
691 3814 758 3851 an
791 3798 992 3851 Tullius
1033 3796 1231 3849 animal
1281 3798 1370 3861 sit,
1421 3798 1849 3864 conecdaturque

266 3890 515 3943 eumdem
538 3890 847 3951 Ciceronem
868 3904 989 3943 esse
1016 3890 1304 3954 hominem,
1345 3898 1400 3943 et
1421 3889 1489 3943 sit
1512 3898 1622 3943 rata
1658 3906 1731 3958 pri
1757 3906 1851 3960 po-

266 3983 403 4043 sitio.
424 3983 534 4036 haec
562 4000 577 4035 :
610 3983 834 4036 Tullius
863 3984 906 4036 si
945 3983 1105 4036 homo
1135 3992 1239 4045 est,
1268 3982 1468 4035 animal
1520 3993 1633 4047 est;
1687 3984 1847 4038 homo

266 4074 771 4140 antecedit,animal
796 4074 1058 4143 sequitur;
1078 4076 1120 4128 si
1148 4074 1381 4143 igiturex
1394 4075 1731 4131 antecedenti
1758 4091 1848 4130 re-

270 4168 361 4239 lim
393 4165 566 4219 facere
591 4166 1127 4235 argumentationem,
1161 4183 1429 4222 assumant
1462 4169 1511 4223 id
1542 4170 1680 4239 quod
1713 4186 1850 4237 pra:-

267 4254 435 4319 cedit,
467 4254 565 4308 hoc
588 4257 745 4311 modo
776 4274 788 4310 :
815 4257 907 4311 sed
954 4257 1111 4312 homo
1151 4267 1233 4312 est
1262 4258 1475 4325 Cicero,
1508 4262 1853 4330 consequitur

266 4347 467 4400 animal
490 4362 609 4401 esse
630 4347 985 4413 Ciceronem;
1022 4359 1074 4413 et
1094 4360 1177 4403 est
1200 4349 1283 4402 hic
1328 4351 1528 4418 primus
1557 4367 1714 4419 quem
1759 4367 1850 4404 su-

267 4452 367 4505 pra
396 4439 628 4492 diximus
661 4440 870 4493 modus.
899 4440 1101 4495 Rursus
1124 4458 1150 4494 a
1183 4443 1529 4511 consequenti
1566 4458 1850 4511 argumen-

262 4528 402 4587 tatio
427 4528 483 4581 fit
506 4530 715 4599 quoties
745 4531 1128 4585 in'conditione
1160 4535 1431 4601 propOsita
1457 4534 1508 4587 id
1556 4536 1695 4603 quod
1720 4551 1849 4588 cou-
1885 4512 1929 4569 ί)

265 4617 514 4693 sequitur
544 4619 681 4672 tollit
712 4623 1027 4689 assumptio,
1063 4631 1118 4676 ut
1142 4623 1188 4676 id
1215 4624 1354 4692 quod
1394 4635 1741 4691 praecesserat
1774 4627 1855 4678 in-

269 4714 569 4779 terimatur,
597 4715 695 4771 hoc
721 4719 879 4773 modo
908 4737 920 4771 :
946 4721 987 4771 si
1016 4720 1174 4775 homo
1194 4733 1274 4776 est
1296 4723 1503 4791 Cicero,
1530 4725 1731 4778 animal
1749 4736 1851 4779 est.

266 4807 551 4859 Antecedit
578 4808 1028 4877 homo,'sequitur
1049 4814 1268 4866 animal.
1301 4813 1355 4867 Si
1389 4815 1547 4882 igitur
1573 4831 1635 4870 ex
1666 4831 1856 4870 conse-

268 4896 451 4964 quenti
486 4896 662 4953 facere
690 4913 1061 4967 argumentum
1087 4903 1262 4965 velim,
1309 4906 1502 4969 dicant,
1553 4910 1696 4975 atqui
1741 4924 1846 4961 non

268 4996 357 5040 est
379 4988 857 5057 anitnal,sequitur
878 5007 943 5045 ne
966 5008 1085 5046 εεεε
1111 4993 1379 5048 hominem
1405 4997 1640 5062 quidem,
1671 4999 1764 5053 sed
1801 5000 1851 5053 id

256 5082 551 5149 perspicue
586 5085 778 5140 falsum
802 5094 914 5145 est.
949 5102 1068 5140 esse
1119 5089 1262 5141 enim
1301 5090 1568 5143 hominem
1616 5103 1847 5157 constat,

269 5173 461 5226 falsum
483 5183 569 5229 est
598 5176 758 5240 igitur
783 5179 977 5231 animal
1002 5196 1105 5233 non
1134 5197 1271 5234 esse.
1326 5183 1530 5236 Tullius
1558 5184 1716 5252 igitur
1738 5190 1855 5241 ani-

270 5266 523 5330 malest;
557 5277 610 5322 et
643 5270 729 5323 hic
754 5271 1016 5324 dictorum
1047 5274 1295 5341 superius
1318 5278 1586 5332 secundus
1626 5289 1710 5333 est
1744 5298 1857 5334 nio-

268 5348 396 5410 dus.
429 5358 579 5422 Quod
612 5362 654 5414 si
686 5377 715 5414 a
747 5364 1161 5432 repugnantibus
1184 5366 1296 5432 fiat,
1332 5367 1383 5420 in
1445 5371 1601 5423 tertio
1644 5373 1852 5427 scilicet

271 5448 434 5502 modo
455 5452 777 5519 digestarum
828 5456 1071 5524 superius
1116 5458 1544 5525 conclusionttm,
1596 5463 1852 5520 faciemus

272 5544 344 5594 ita
381 5556 393 5593 :
425 5556 528 5594 non
554 5544 594 5595 si
628 5544 789 5597 homo
838 5556 919 5598 est
952 5546 1170 5613 Tullius,
1213 5551 1408 5604 animal
1456 5567 1560 5605 non
1608 5566 1728 5619 est;
1762 5573 1849 5613 re-

272 5642 475 5699 pugnat
502 5635 640 5687 enim
665 5650 784 5689 esse
809 5635 1077 5692 hominem
1108 5650 1158 5693 et
1183 5641 1377 5696 animal
1420 5659 1524 5697 non
1570 5662 1708 5711 esse;
1765 5650 1848 5705 hic

270 5722 317 5775 si
343 5737 675 5780 assumamus
723 5743 841 5784 esse
888 5730 1178 5798 hominem,
1220 5736 1409 5789 animal
1434 5752 1644 5810 quoque
1703 5757 1845 5814 esse,

1951 3218 2121 3289 legata
2155 3204 2363 3271 mulieri
2390 3230 2501 3282 e5t;
2549 3217 2634 3271 hic
2685 3219 2843 3287 igitur
2901 3219 3151 3288 praecedit
3193 3229 3522 3275 numeratam

1950 3315 2108 3374 atque
2138 3306 2395 3374 signatam
2433 3307 2711 3371 pecuniam
2736 3318 3014 3375 argentum
3038 3323 3175 3373 esse,
3193 3310 3429 3377 sequitur
3449 3313 3531 3365 le-

1950 3406 2124 3464 gatam
2150 3412 2268 3451 esse
2297 3399 2536 3461 mulieri;
2571 3396 2621 3450 id
2655 3399 2811 3468 igitur
2833 3401 2971 3465 quod
3005 3403 3276 3467 prmcessit
3296 3405 3522 3455 assumi-

1952 3501 2070 3540 mus
2092 3486 2329 3539 dicentes
2365 3504 2376 3537 :
2411 3498 2463 3539 at
2502 3497 2585 3539 est
2630 3488 2831 3554 signata
2882 3502 2945 3540 ac
2988 3498 3263 3541 numerata
3306 3491 3530 3558 p-cunia

1951 3582 2263 3642 argentum;
2292 3575 2658 3629 concludimus
2692 3587 3022 3631 numeratam
3051 3578 3417 3649 signatamque
3444 3596 3535 3647 pe-

1954 3664 2187 3719 cuniam
2213 3654 2423 3741 mulieri
2477 3681 2596 3720 esse
2642 3667 2869 3734 legatam
2893 3708 2908 3731 ,
2954 3670 3158 3737 eritque
3188 3670 3347 3723 totius
3376 3685 3535 3739 argu-

1953 3756 2295 3808 mentationis
2324 3755 2407 3808 hic
2438 3742 2663 3811 tetttus:
2694 3757 2749 3812 Si
2780 3758 3001 3825 pecunia
3034 3759 3235 3829 signata
3279 3775 3531 3814 numera-

1953 3855 2112 3917 taque
2138 3857 2414 3918 argentum
2445 3856 2546 3913 est,
2574 3849 2742 3917 legata
2777 3851 2981 3905 mulieri
3028 3861 3143 3915 est;
3186 3861 3240 3905 at
3263 3862 3342 3905 est
3366 3867 3529 3921 pecu-

1954 3940 2041 3993 nia
2071 3940 2275 4009 signata
2303 3950 2690 4012 numerataque
2714 3954 3015 4010 argentum,
3064 3944 3225 4013 igitur
3248 3944 3420 4015 legata
3450 3954 3534 3999 est

1956 4031 2189 4085 mulieri.
2222 4031 2278 4084 ln
2320 4045 2425 4099 quo
2468 4032 2519 4105 si
2558 4033 2623 4086 ad
2656 4035 2851 4103 saepius
2885 4033 3156 4101 prtemissa
3190 4036 3535 4105 plurimisque

1954 4121 2210 4189 exemplis
2231 4124 2477 4189 superius
2495 4123 2719 4177 enodata
2744 4126 2957 4179 lecturis
2980 4127 3188 4179 animus
3211 4137 3529 4190 revertatur.

1960 4210 2093 4261 hanc
2121 4212 2635 4278 argumentationem
2662 4199 2713 4268 in
2741 4216 2911 4283 primo
2935 4215 3093 4269 modo
3116 4216 3184 4269 ab
3205 4200 3528 4272 anteceden-

1944 4300 2098 4353 tibus
2128 4315 2249 4355 esse
2284 4305 2631 4371 compositam
2670 4322 2772 4358 non
2803 4307 3097 4375 ignorabit;
3130 4322 3159 4361 a
3192 4323 3528 4378 consequen-

1958 4390 2099 4443 tibus
2129 4406 2256 4446 vero
2287 4392 2389 4445 hoc
2420 4395 2576 4447 tnodo
2603 4413 2614 4446 :
2650 4395 2703 4451 Si
2736 4409 3008 4451 numerata
3051 4401 3269 4468 pecunia
3313 4408 3416 4455 n'on
3448 4413 3532 4457 est

1959 4482 2129 4551 legata
2170 4485 2376 4539 mulieri
2408 4487 2492 4540 cui
2541 4487 2611 4540 sit
2659 4499 2934 4559 argentum
2966 4507 3124 4547 omne
3155 4493 3406 4563 legatum,
3437 4512 3537 4549 nu-

1957 4584 2159 4627 merata
2186 4577 2407 4643 pecunia
2448 4593 2551 4631 non
2579 4588 2660 4632 est
2691 4590 2988 4649 argentum.
3020 4582 3114 4637 Hic
3144 4587 3303 4655 igitur
3340 4603 3533 4656 prtere-

1957 4662 2033 4715 dit
2060 4674 2389 4717 numeratam
2419 4667 2697 4734 pecuniam
2728 4685 2830 4722 non
2863 4686 2983 4725 esse
3026 4672 3286 4743 legatam,
3319 4692 3439 4731 cum
3464 4658 3528 4731 sit

1959 4763 2238 4823 argentum
2268 4769 2427 4810 omne
2460 4757 2711 4826 legatum;
2740 4763 2978 4830 sequitur
3009 4777 3338 4821 numeratam
3367 4784 3531 4836 pecu-

1961 4846 2101 4899 niam
2127 4856 2399 4914 argentum
2426 4865 2530 4903 non
2557 4866 2699 4905 esse.
2733 4853 2786 4908 Si
2818 4854 2976 4923 igitur
3006 4857 3055 4910 id
3081 4859 3222 4927 quod
3250 4868 3332 4912 est
3357 4869 3532 4927 poste-

1960 4936 2072 4989 rius
2112 4936 2436 5004 auferamus,
2488 4941 2536 4993 id
2583 4951 2665 4995 est
2713 4956 3043 4999 numeratam
3090 4946 3367 5019 pecuniam
3425 4964 3531 5000 non

1957 5040 2076 5079 esse
2102 5037 2403 5096 argentum,
2436 5031 2671 5086 dicemus
2706 5051 2718 5086 :
2752 5034 2908 5104 Atqui
2942 5045 3023 5090 est
3052 5047 3325 5091 numerata
3372 5054 3534 5106 pecu-

1962 5114 2048 5167 nia
2078 5128 2353 5186 argentum
2382 5158 2397 5183 ,
2426 5120 2710 5176 affirmatio
2743 5140 2972 5194 namque
3004 5127 3139 5179 tollit
3170 5116 3533 5196 negationem.

1959 5203 2209 5273 Sequitur
2240 5206 2397 5275 igitur
2427 5219 2481 5261 ut
2507 5225 2627 5276 pars
2660 5214 2969 5279 prmeedens
2990 5215 3286 5283 auferatur,
3320 5234 3379 5272 ea
3413 5236 3531 5288 qua:

1957 5306 2071 5347 erat
2100 5310 2204 5347 non
2237 5311 2354 5350 esse
2382 5298 2604 5369 legatam
2637 5302 2840 5355 mulieri
2865 5288 3143 5372 pecuniam
3171 5318 3526 5372 numeratam.

1959 5402 2077 5439 cum
2123 5396 2399 5455 argentum
2434 5392 2479 5443 ei
2520 5389 2709 5446 fuisset
2760 5386 2919 5447 omne
2966 5397 3217 5463 legatum.
3255 5398 3362 5453 Sed
3410 5415 3531 5454 cum
3602 5384 3603 5387 η

1960 5478 2048 5542 sit,
2082 5480 2255 5532 omnis
2278 5482 2486 5549 negatio
2509 5468 2861 5538 affirmatione
2890 5472 3243 5553 consumitur,
3272 5492 3531 5547 dicimus-

1960 5584 2062 5636 que
2109 5570 2158 5622 in
2194 5558 2550 5627 conclusione
2584 5592 2595 5625 :
2626 5572 2726 5627 Est
2771 5576 2929 5642 igitur
2979 5590 3254 5633 numerata
3307 5585 3529 5650 pecunia

1962 5660 2170 5713 mulieri
2199 5661 2390 5730 legata,
2420 5679 2539 5716 cum
2584 5664 2633 5717 ei
2664 5665 2729 5716 sit
2758 5676 3032 5734 argentum
3064 5684 3221 5724 omne
3267 5673 3529 5742 iugulum;

1962 5750 2167 5816 eritque
2200 5752 2501 5821 hujusmodi
2526 5760 2913 5823 argumentatio
2945 5778 2957 5812 :
2990 5761 3044 5815 Si
3075 5778 3177 5818 non
3205 5776 3286 5821 est
3320 5769 3532 5828 tnulict'i
