4036 6336
548 239 684 294 5159

1760 244 1866 299 AN.
1912 243 2119 298 MANL.
2159 244 2308 298 SEV.
2350 245 2569 301 BOETII

3660 255 3796 309 1140

546 357 719 423 legata
742 355 965 426 pecunia
991 366 1289 423 numerata,
1321 371 1438 409 cum
1467 356 1516 409 ei
1544 356 1613 410 sit
1641 368 1917 427 argentum
1956 369 2113 409 omne
2146 359 2194 414 Α
2222 369 2327 407 non
2377 365 2700 425 sequuntur,
2753 373 2846 425 pro
2891 358 3073 413 liberis
3115 374 3327 414 manere
3375 361 3510 415 nihil
3559 374 3794 432 oportet,

546 446 801 514 legatum,
833 461 936 498 non
963 454 1046 500 est
1076 454 1348 514 argentum
1380 457 1655 501 numerata
1684 445 1941 515 pecunia';
1970 448 2113 517 atqui

544 543 628 588 est
662 542 936 605 argentum
982 545 1257 590 numerata
1299 538 1554 605 pecunia,
1602 539 1769 607 legata
1817 547 1900 592 est
1956 539 2116 608 igitur

547 625 756 679 mulieri
787 634 1057 679 numerata
1088 627 1333 695 pecunia,
1365 644 1482 682 cum
1534 630 1585 683 ei
1634 629 1792 683 fuerit
1838 637 2114 700 argentum

546 728 703 767 omne
735 714 986 782 legatum.
1039 714 1145 769 Sed
1194 718 1334 786 quod
1385 718 1592 795 Tullius
1635 718 1910 775 brevitatis
1954 734 2112 774 causa

545 805 820 870 praeteriit,
852 807 902 860 id
931 816 1031 874 est,
1062 809 1204 862 illam
1231 820 1432 877 partem
1462 812 1840 881 propositionis
1862 827 1979 882 quae
2005 813 2111 867 ait:

536 884 675 951 [Cum
704 899 773 953 sit
804 901 1012 955 mulieri
1042 913 1321 972 argentum
1352 919 1508 958 omne
1551 909 1802 973 legatttm,
1835 920 1931 960 nos
1960 919 2115 974 aper-

548 988 704 1042 tioris
735 988 1101 1059 intelligentia:
1128 1007 1285 1046 causa
1323 994 1691 1061 subjunximus
1720 1009 1734 1057 ;
1779 1008 1875 1047 nec
1908 1002 2115 1061 pertur-

546 1082 673 1134 bare
721 1080 977 1137 lectorem
1022 1083 1219 1147 debet,
1269 1084 1407 1152 quod
1466 1086 1586 1137 c‘um
1637 1084 1688 1136 in
1749 1083 2113 1152 superioribus

542 1169 802 1237 exemplis
850 1170 901 1243 in
956 1172 1191 1226 secundo
1242 1173 1399 1225 modo
1452 1188 1546 1241 per
1593 1171 1928 1241 negationem
1975 1169 2113 1224 facta

543 1260 703 1313 fuerit
746 1276 964 1330 semper
1003 1266 1326 1333 assumptio,
1358 1274 1410 1318 et
1439 1279 1533 1333 per
1563 1263 1896 1332 negationem
1929 1277 2113 1316 rursus

542 1351 685 1403 illata
724 1351 997 1406 conclusio
1018 1392 1034 1418 ,
1083 1368 1223 1407 nunc
1252 1369 1347 1423 per
1376 1354 1782 1408 affirmationem
1812 1362 1865 1407 et
1907 1361 2113 1406 assum-

544 1440 654 1502 ptio
683 1449 736 1493 et
768 1443 1040 1495 conclusio
1088 1445 1218 1497 facta
1251 1454 1343 1497 est
1384 1444 1543 1513 Cujus
1582 1445 1659 1497 rei
1710 1442 2111 1497 evidentissima

540 1533 677 1586 ratio
705 1543 807 1588 est.
840 1534 969 1588 Nam
1001 1551 1119 1589 cum
1151 1537 1202 1589 in
1248 1537 1625 1607 superioribus
1646 1536 1910 1604 exemplis
1943 1535 2110 1604 prima

538 1623 834 1691 propositio
861 1640 924 1678 ex
952 1624 1397 1681 affirmationibus
1430 1627 1917 1688 fueritconstituta,
1950 1634 2110 1693 atque

2218 454 2273 496 et
2308 447 2378 497 ita
2407 461 2509 498 non
2539 455 2617 499 est
2663 460 2691 498 a
2743 448 3195 516 consequentibus
3220 460 3621 518 argumentum,
3670 454 3790 522 quia

2227 550 2330 586 nun
2365 535 2413 587 id
2456 536 2593 604 quod
2625 538 3051 606 consequebatur
3078 550 3411 608 assumptum
3443 550 3552 607 est,
3597 543 3693 598 sed
3740 545 3790 597 id

2218 624 2361 692 quod
2413 626 2767 693 prazcedebat.
2816 628 2946 682 Erat
2975 629 3173 699 quippe
3215 631 3572 696 antecedens,
3632 643 3790 701 nupta

2216 716 2407 769 mulier
2447 727 2641 784 prwter
2672 718 2922 773 connubii
2959 720 3082 788 jus;
3136 722 3492 790 sequebatur,
3542 738 3668 777 cum
3701 725 3790 777 ﬁlii

2219 815 2422 873 patrem
2455 822 2558 861 non
2588 808 2951 876 sequebantur
2972 851 2985 876 ,
3017 824 3111 878 pro
3138 812 3216 865 eis
3246 812 3377 865 nihil
3406 827 3474 866 ex
3502 811 3632 866 dote
3661 814 3789 868 reti-

2217 895 2351 950 neri.
2374 894 2464 951 Sic
2482 896 2641 967 igitur
2670 897 2876 952 Tullius
2903 914 2998 967 pro
3027 914 3092 954 eo
3126 901 3264 969 quod
3294 910 3375 955 est
3400 916 3430 954 a
3458 916 3791 972 consequen-

2219 982 2359 1041 tibus
2400 996 2795 1054 argumentum,
2842 988 2910 1041 ab
2952 989 3391 1043 antecedentibus
3424 992 3603 1058 potius
3646 991 3788 1045 dedit

2216 1075 2542 1145 exemplum.
2592 1077 2772 1131 Potest
2815 1091 2945 1132 vero
2991 1078 3059 1132 ita
3109 1078 3221 1132 fieri
3268 1094 3299 1131 a
3338 1080 3788 1147 consequentibus

2216 1175 2608 1233 argumentum,
2638 1167 2683 1220 si
2736 1168 2784 1219 id
2832 1166 2898 1221 de
2937 1182 3043 1239 quo
3073 1169 3330 1237 quaeritur
3356 1170 3505 1237 prius
3536 1179 3788 1237 ponatur,

2216 1263 2267 1304 et
2316 1253 2366 1307 id
2397 1254 2535 1322 quod
2564 1256 3077 1319 assumendum;est
3118 1257 3401 1325 posterius,
3452 1258 3555 1312 hoc
3586 1258 3787 1313 modo:

2217 1344 2270 1398 Si
2302 1346 2424 1413 quid
2455 1361 2518 1400 ex
2549 1347 2673 1401 dote
2702 1362 2799 1416 pro
2847 1348 3029 1405 liberis
3068 1363 3288 1404 manere
3336 1351 3632 1418 oportebit,
3666 1351 3787 1421 quia

2215 1444 2420 1502 patrem
2462 1436 2613 1491 liberi
2645 1447 2972 1507 sequuntur,
3006 1453 3127 1493 cum
3176 1453 3242 1493 eo
3268 1450 3430 1508 nupta
3467 1450 3551 1494 est
3597 1442 3790 1495 mulier

2216 1526 2429 1593 quicum
2455 1528 2705 1583 connubii
2745 1529 2831 1597 jus
2854 1540 3016 1585 esset.
3044 1531 3208 1585 Sumo
3234 1532 3396 1601 igitur
3418 1533 3469 1585 id
3497 1534 3640 1601 quod
3664 1548 3789 1587 eon-

2215 1618 2453 1686 sequitur
2476 1634 2569 1689 per
2595 1622 2953 1690 negationem,
2978 1624 3046 1676 ita
3075 1641 3086 1675 :
3112 1624 3214 1678 Sed
3242 1639 3348 1678 non
3375 1634 3455 1678 est
3481 1636 3649 1693 nupta
3670 1641 3787 1679 mu-

542 1714 594 1763 iu
624 1713 859 1768 secundo
889 1715 1049 1769 modo
1090 1719 1380 1786 assumptio
1410 1718 1460 1770 id
1491 1719 1630 1787 quod
1662 1718 1983 1786 sequebatur
2009 1730 2098 1769 au-
2140 1723 2187 1782 B
2218 1708 2314 1761 “er
2350 1712 2472 1763 cum
2525 1725 2591 1763 eo
2638 1713 2851 1779 atticum
2895 1714 3143 1768 connubii
3181 1715 3270 1783 jus
3300 1722 3438 1780 erat,
3473 1724 3632 1783 atque
3670 1714 3789 1768 ideo

538 1804 723 1873 ferret,
755 1813 913 1872 atque
944 1807 1274 1871 interimeret
1303 1809 1353 1862 id
1377 1809 1517 1877 quod
1544 1810 1895 1877 praecedebat,
1923 1822 2110 1862 neces-

538 1893 740 1947 sarium
775 1905 889 1949 erat
918 1897 1179 1965 duplicem
1210 1897 1619 1954 affirmationem
1649 1900 1913 1969 geminata
1946 1913 2110 1967 nega-

539 1987 683 2052 tjone
713 1989 975 2053 consumi,
1000 1992 1099 2042 hoc
1125 1989 1283 2044 modo
1310 1992 1398 2045 :Si
1422 1992 1537 2045 dies
1561 2001 1665 2056 est,
1693 1992 1783 2045 lux
1817 1999 1918 2057 est,
1946 2000 2109 2045 utrae-

536 2093 643 2143 que
669 2094 732 2135 ex
764 2081 1121 2138 afﬁrmatione
1151 2094 1273 2139 sunt
1304 2086 1627 2140 constituttc.
1664 2085 1732 2140 Ut
1753 2086 1911 2155 igitur
1934 2094 2110 2154 poste-

538 2170 647 2222 rior
668 2185 811 2237 pars,
840 2172 891 2225 id
926 2183 1031 2238 est,
1073 2175 1157 2228 lux
1190 2187 1292 2237 e5t,
1325 2191 1444 2243 qua:
1473 2176 1756 2229 affirmatio
1785 2186 1889 2242 est,
1925 2176 2112 2230 interi-

538 2269 734 2326 matur,
777 2262 1086 2333 deneganda
1119 2276 1201 2320 est
1257 2266 1439 2320 Dicam
1476 2267 1673 2336 igitur:
1707 2269 1863 2335 Atqui
1894 2282 1997 2320 non
2029 2274 2113 2320 est

536 2352 647 2420 lux,
687 2366 793 2419 quo
826 2353 880 2405 fit
907 2362 964 2407 ut
1005 2355 1391 2423 prascedentem
1423 2372 1633 2426 quoque
1668 2367 1892 2426 partem,
1926 2357 1976 2411 id
2004 2366 2107 2420 est,

536 2443 651 2495 dies
676 2453 779 2507 est,
819 2460 975 2513 quam
1020 2446 1430 2504 affirmationcm
1474 2464 1593 2504 esse
1634 2450 1972 2504 manifestum
2003 2462 2107 2515 εει,

535 2536 816 2602 negatione
840 2537 1107 2604 tollamus,
1133 2540 1535 2608 concludentcs,
1561 2542 1676 2597 dies
1704 2543 1862 2611 igitur
1881 2557 1985 2596 non
2005 2551 2106 2596 est.

536 2625 605 2674 At
637 2624 688 2675 in
720 2623 821 2678 hoc
866 2626 1139 2682 Ciceronis
1189 2630 1435 2698 exemplo
1490 2640 1712 2698 utraque
1752 2646 1875 2701 pars
1924 2632 2111 2700 prima:

533 2724 692 2780 atque
724 2713 1079 2784 hypotbeticaa
1109 2719 1486 2787 pr0positionis
1537 2722 1907 2789 [legationibus
1941 2737 2111 2776 enun-

535 2802 662 2857 tiata
693 2815 795 2870 est,
823 2823 941 2875 qua:
972 2808 1022 2860 in
1064 2811 1427 2877 assumptione
1476 2811 1557 2864 vel
1606 2812 1953 2865 conclusione
2005 2828 2109 2866 non

535 2893 602 2946 ab
633 2894 748 2947 aliis
773 2896 872 2948 nisi
902 2897 1424 2953 aliaftirmatimnibus
1441 2900 1780 2966 auferuntur,
1802 2900 1902 2954 hoc
1926 2901 2106 2967 modo.

538 2986 635 3039 Est
666 2978 813 3040 enim
864 2989 970 3042 tale
1016 2989 1289 3044 Ciceronis
1338 2993 1751 3059 exemplumzsi
1783 2994 1950 3061 legata
2003 3009 2108 3047 non

2215 1799 2303 1866 qui
2335 1802 2441 1854 nati
2472 1811 2614 1868 sunt,
2640 1814 2843 1875 patrem
2868 1818 2972 1860 non
3005 1814 3321 1875 sequuntur.
3346 1805 3639 1859 Perimitur
3662 1820 3789 1873 ergo

2174 1906 2181 1911 '
2215 1892 2267 1943 in
2313 1893 2660 1949 conclusione
2688 1895 2737 1948 id
2767 1896 2905 1963 quod
2932 1897 2982 1950 in
3016 1898 3381 1966 propositione
3420 1907 3786 1964 praecesserat.

2214 1981 2289 2033 Ita
2318 1997 2414 2050 pro
2457 1984 2639 2038 liberis
2685 1984 2845 2053 igitur
2885 2002 3100 2040 manere
3130 1987 3259 2040 nihil
3305 1996 3540 2054 oportet.
3585 1985 3692 2040 Sed
3723 1986 3789 2040 de

2213 2073 2447 2127 secuttdo
2478 2076 2636 2128 modo
2668 2075 2767 2129 ista
2798 2075 3088 2142 sufficiant,
3122 2076 3255 2130 nihil
3284 2090 3534 2144 namque,
3562 2086 3617 2129 ut
3647 2076 3783 2129 arbi-

2214 2171 2348 2229 tror,
2380 2167 2793 2233 praatermissum
2825 2176 2925 2221 est.
2951 2166 3164 2221 Tertius
3192 2166 3380 2220 modus
3410 2181 3441 2218 a
3482 2180 3789 2234 repugnan-

2213 2253 2355 2308 tibus
2383 2255 2537 2325 longe
2569 2257 2880 2324 perspicuus
2922 2260 3019 2311 hoc
3049 2256 3209 2310 modo
3238 2266 3358 2310 est:
3390 2255 3502 2309 Non
3547 2264 3602 2309 et
3643 2255 3789 2323 lega-

2214 2352 2323 2397 tum
2355 2359 2512 2398 omne
2550 2356 2826 2415 argentum
2866 2356 2970 2412 est,
3022 2357 3074 2402 et
3102 2363 3207 2401 non
3236 2357 3319 2403 est
3363 2348 3535 2415 legata
3569 2347 3785 2401 mulieri

2215 2436 2437 2500 pecunia
2482 2446 2814 2490 enumerata.
2867 2437 2964 2491 Hic
3006 2452 3235 2506 namque
3264 2450 3601 2504 consequens
3631 2445 3788 2489 erat:

2213 2522 2268 2576 Si
2306 2532 2583 2592 argentum
2625 2535 2768 2579 esset
2793 2539 2954 2580 omne
2987 2526 3238 2594 legatum,
3268 2526 3546 2594 pecuniam
3579 2539 3795 2594 quoque

2213 2623 2541 2669 numeratam
2566 2616 2726 2671 fuisse
2750 2618 3005 2686 legatam;
3031 2626 3085 2671 ut
3107 2617 3265 2686 igitur
3284 2618 3436 2671 fieret
3457 2631 3795 2687 repugnans,

2214 2706 2336 2760 huic
2364 2709 2759 2776 consequentia
2791 2709 3102 2776 interposita
3140 2710 3352 2777 negatio
3388 2719 3470 2763 est
3501 2750 3518 2773 ,
3558 2711 3795 2763 dictum-

2212 2812 2317 2867 que
2344 2807 2453 2861 est,
2504 2802 2548 2852 si
2578 2800 2852 2869 argentum
2879 2815 3037 2854 omne
3079 2801 3308 2869 legatum
3337 2811 3503 2865 esset,
3540 2792 3799 2856 numera;

2214 2896 2320 2941 tam
2351 2890 2628 2957 pecuniam
2676 2904 2780 2942 non
2810 2903 2931 2943 esse
2962 2890 3223 2959 legatam;
3252 2891 3393 2960 quod
3438 2893 3563 2959 quia
3596 2901 3800 2962 pugnat

2215 2989 2269 3032 ct
2297 2981 2488 3035 falsum
2512 2989 2595 3035 est
2608 3020 2631 3047 ,γ
2665 2981 2731 3035 ad
2761 2982 3043 3037 veritatem
3074 2983 3178 3036 alia
3219 2985 3501 3052 negatione
3525 2984 3605 3038 sic
3636 2985 3801 3039 redu-

476 3078 477 3081 “
535 3085 620 3129 est
659 3077 869 3130 mulieri
921 3089 1198 3134 numerata
1248 3082 1468 3147 pecunia
1500 3126 1513 3148 ,
1559 3097 1663 3135 non
1710 3091 1794 3135 est
1832 3094 2108 3137 numerata

2215 3072 2388 3125 citur:
2415 3073 2525 3125 Non
2558 3074 2603 3126 si
2633 3074 2861 3143 legatum
2896 3083 3171 3144 argentum
3202 3085 3323 3139 est,
3358 3091 3461 3130 non
3488 3086 3577 3130 est
3622 3078 3797 3147 legata

537 3168 760 3233 pecunia
812 3177 1125 3236 argentum,
1168 3169 1317 3223 vides
1367 3170 1431 3223 ut'
1472 3171 1541 3224 sit
1589 3180 1813 3240 utraque
1858 3172 2112 3241 negatio?

537 3256 670 3308 Nam
698 3266 753 3309 et
787 3272 890 3310 non
919 3272 1039 3311 esse
1068 3258 1293 3328 legatam
1326 3261 1532 3315 mulieri
1564 3262 1840 3328 pecuniam
1866 3277 2112 3315 numera-

456 3348 463 3353 ’
540 3354 680 3410 tam,
720 3356 774 3400 et
803 3362 907 3401 non
950 3362 1069 3403 esse
1110 3345 1439 3404 numeratam
1484 3351 1765 3420 pecuniam
1807 3361 2105 3420 argentum,

539 3438 857 3509 utraequejn
885 3440 1168 3511 negatione
1196 3450 1320 3495 sunt
1341 3443 1558 3510 positae;
1589 3442 1731 3512 quod
1754 3443 1800 3496 si
1818 3440 2110 3497 auferenda

535 3541 617 3584 est
642 3546 736 3599 per
759 3533 1175 3600 assutnptionem
1204 3533 1584 3602 propositionis
1607 3548 1944 3603 consequens
1961 3550 2104 3605 pars,

535 3620 784 3689 quoniam
814 3622 1024 3691 negatio
1052 3631 1165 3690 est,
1193 3638 1297 3677 non
1329 3639 1449 3678 esse
1472 3633 1801 3678 numeratam
1829 3624 2106 3692 pecuniam

534 3722 839 3783 argentum,
883 3713 1166 3769 dicendum
1213 3726 1294 3770 est
1337 3725 1614 3786 argentum
1660 3729 1782 3772 esse
1828 3716 2108 3787 pecuniam

536 3811 901 3867 numeratam;
942 3808 1083 3873 quod
1134 3808 1177 3860 si
1228 3808 1279 3859 in
1325 3810 1671 3864 conclusione
1705 3809 1998 3864 auferenda
2027 3818 2109 3863 est

536 3907 659 3959 pars
688 3892 1018 3961 prrecedens,
1048 3911 1108 3949 ea
1141 3912 1257 3963 quae
1289 3882 1501 3968 negatio
1528 3910 1630 3962 est,
1656 3899 1706 3952 id
1730 3908 1829 3965 est,
1860 3914 1965 3953 non
1990 3914 2108 3953 esst:

535 3986 762 4055 legatam
815 3987 1023 4041 mulieri
1075 3988 1353 4057 pecuniam
1402 4000 1769 4055 numeratam,
1823 3990 2107 4044 dicendum

538 4088 659 4133 est:
695 4078 891 4150 Legata
926 4080 1087 4149 igitur
1110 4079 1320 4134 mulieri
1347 4068 1621 4134 numerata
1654 4081 1874 4145 pecunia
1905 4088 2009 4134 est.
2046 4080 2112 4134 Et

538 4172 802 4223 secundus
833 4171 1044 4239 quidem
1076 4170 1265 4228 modus
1286 4172 1389 4226 rite
1408 4186 1438 4225 a
1463 4172 1912 4241 consequentibus
1939 4170 2110 4225 factus

539 4257 843 4326 liujusmodi
876 4270 976 4314 est.
1006 4260 1137 4314 Illud
1171 4272 1348 4317 tamen
1388 4272 1471 4316 est
1510 4263 1814 4332 diligentius
1844 4262 2107 4316 adnotan-

450 4384 453 4389 .
539 4349 706 4417 ditur,
776 4351 915 4419 quod
966 4355 1214 4422 superius
1255 4355 1325 4408 Μ.
1384 4355 1632 4420 Tullius,
1690 4371 1809 4408 cum
1868 4356 2106 4409 locorum

2217 3172 2495 3216 numerata
2526 3165 2771 3232 pecunia,
2815 3175 2870 3219 ιιι
2901 3162 3109 3219 scilicet
3147 3166 3196 3220 ei
3226 3165 3573 3221 affirmatiuni
3600 3182 3802 3223 conre-

2216 3250 2328 3305 niat
2371 3267 2489 3321 quae
2531 3253 2691 3318 dicit,
2748 3255 2795 3307 si
2825 3254 3056 3324 legatum
3086 3265 3363 3324 argentum
3395 3267 3510 3320 est,
3563 3259 3801 3326 legatam

2214 3353 2333 3395 esse
2377 3344 2653 3410 pecuniam
2696 3330 3050 3401 numeratam.
3078 3348 3416 3402 Assumimus
3462 3351 3628 3418 igitur
3676 3350 3800 3404 huic

2214 3433 2567 3500 prepositioni
2598 3445 2874 3504 argentum
2907 3452 3067 3493 omne
3094 3453 3213 3494 esse
3237 3434 3493 3508 legatum,
3523 3452 3577 3493 et
3597 3456 3794 3497 conse-

2212 3524 2393 3591 quitur
2435 3541 2647 3581 omnem
2698 3539 3026 3583 numeratam
3077 3534 3359 3600 pecuniam
3415 3534 3631 3588 mulieri
3674 3548 3795 3589 esse

2214 3615 2437 3686 legatam
2463 3660 2478 3685 ,
2513 3629 2570 3673 ut
2603 3620 2673 3674 sit
2713 3625 2880 3674 forma
2916 3626 3397 3692 argumentationis
3434 3626 3745 3693 bujusmodi
3774 3643 3793 3680 :

2210 3708 2325 3762 Non
2356 3710 2399 3763 si
2431 3711 2663 3781 legatum
2707 3723 2983 3781 argentum
3016 3725 3121 3781 est,
3169 3731 3272 3769 non
3305 3726 3386 3769 est
3409 3716 3579 3784 legata
3603 3732 3798 3771 nume-

2211 3815 2325 3855 rata
2358 3806 2612 3870 pecunia,
2661 3808 2805 3875 atqui
2853 3807 3082 3876 legatum
3130 3817 3406 3877 argentum
3446 3816 3562 3872 est,
3618 3810 3796 3878 legata

2211 3902 2293 3945 est
2322 3893 2477 3961 igitur
2508 3906 2780 3949 numerata
2814 3901 3059 3967 pecunia.
3090 3899 3159 3952 M.
3194 3912 3324 3953 vero
3356 3898 3562 3953 Tullius
3595 3915 3794 3966 propo-

2211 3983 2457 4036 sitionem
2514 3986 2581 4038 ita
2638 3986 3069 4043 formavit:Non
3121 3997 3176 4042 et
3228 3989 3461 4058 legatum
3511 4002 3792 4059 argentum

2211 4084 2313 4139 est,
2346 4085 2400 4129 et
2430 4092 2533 4129 non
2564 4089 2638 4131 est
2668 4079 2836 4149 legata
2863 4090 3136 4135 numerata
3166 4080 3412 4149 pecunia.
3442 4080 3549 4135 Sed
3582 4097 3686 4135 nos
3716 4084 3795 4135 id-

2212 4169 2356 4243 circo
2387 4169 2651 4222 casualcm
2683 4170 3114 4237 conjunctionem
3148 4170 3497 4240 apposuimus
3527 4186 3647 4225 eam
3677 4187 3795 4240 quae

2211 4268 2293 4311 est
2318 4260 2380 4322 si,
2414 4269 2469 4312 ut
2493 4276 2556 4313 ex
2585 4276 2692 4328 quo
2733 4271 2881 4315 esset
2924 4274 3121 4331 genere
3148 4263 3269 4315 talis
3312 4262 3610 4330 propositio
3644 4278 3795 4316 mon-

2212 4363 2523 4405 straremus.
2567 4352 2805 4422 Namque
2837 4354 2886 4407 id
2919 4369 2983 4407 ex
3015 4355 3363 4423 consequenti
3405 4369 3662 4409 conuexo
3702 4370 3795 4411 ne-

456 4444 461 4447 '
538 4441 776 4494 omnium
820 4442 1052 4498 breviter
1102 4447 1344 4514 exempla
1399 4448 1729 4515 disponeret,
1776 4447 1878 4501 loci
1926 4447 2105 4514 hujus,
2138 4442 2427 4511 Dgalione
2452 4443 2630 4496 addila
2671 4444 2728 4496 fit
2768 4458 3091 4513 repugnans.
3131 4444 3444 4499 connexum
3491 4460 3625 4501 vero
3653 4444 3795 4498 ιιυιίι

540 4530 629 4597 qui
658 4546 687 4584 a
718 4535 1164 4601 consequentibus
1194 4538 1429 4600 ducitur,
1465 4538 1842 4591 inconveniens
1870 4538 2105 4591 secundo

537 4619 975 4678 conditionaliuut
1001 4625 1433 4693 syllogismorum
1471 4626 1629 4680 modo
1665 4626 1896 4695 subjecit
1924 4642 2106 4680 exeru-

540 4711 715 4779 plum,
773 4713 1051 4783 potiusque
1080 4716 1253 4789 primo
1292 4718 1543 4770 convenit
1572 4718 1752 4783 modo,
1788 4717 1909 4786 quia
1942 4732 2046 4770 non
2075 4733 2105 4771 a

538 4805 982 4873 consequentibus
1008 4808 1429 4874 conclusionem,
1468 4808 1558 4861 sed
1582 4808 1648 4862 ab
1668 4808 2103 4863 antecedentibus

539 4893 685 4947 facit.
717 4893 793 4947 lta
824 4896 1023 4966 quippe
1056 4899 1229 4964 posuit
1256 4913 1283 4950 a
1311 4900 1780 4967 consequentibus,
1816 4899 1861 4952 si
1910 4900 2105 4955 mulier

536 4999 656 5035 cum
712 4982 896 5038 fuisset
947 4996 1109 5053 nupta
1163 5001 1282 5040 cum
1323 5001 1389 5040 eo
1441 4991 1652 5056 quicum
1704 4989 1952 5043 connubii
2020 4991 2107 5061 jus

534 5091 846 5129 concessum
882 5092 984 5130 non
1014 5089 1176 5143 esset,
1206 5080 1442 5132 nuntium
1483 5082 1706 5145 remisit,
1736 5084 1984 5151 quoniam
2016 5087 2103 5153 qui

537 5168 641 5217 nati
672 5176 794 5221 sunt
827 5177 1027 5236 patrem
1059 5185 1160 5222 non
1202 5180 1520 5239 sequuntur,
1558 5186 1651 5239 pro
1676 5172 1857 5226 liberis
1888 5189 2105 5230 manere

536 5257 665 5310 nihil
691 5271 924 5329 oportet.
956 5263 1049 5317 llic
1077 5262 1239 5331 igitur
1270 5277 1390 5316 cum
1418 5272 1687 5331 quaeratur
1716 5279 1784 5317 an
1813 5265 2104 5336 dotispars

534 5351 669 5415 apud
695 5352 861 5405 virum
894 5353 1087 5407 debeat
1116 5367 1457 5421 permanere,
1500 5353 1552 5407 id
1576 5358 1715 5423 quod
1749 5358 1999 5426 praecedit
2020 5375 2107 5412 as-

533 5444 781 5506 sumitur,
830 5454 886 5497 ttt
934 5446 1022 5496 fiat
1051 5453 1163 5498 rata
1189 5444 1465 5499 conclusio
1497 5446 1600 5501 hoc
1628 5450 1787 5503 modo
1814 5469 1826 5503 :
1858 5452 1962 5506 Sed
1992 5469 2107 5504 mu-

535 5532 633 5584 lier
661 5547 782 5585 cum
806 5549 872 5588 eo
904 5544 1063 5604 nupta
1095 5548 1175 5591 est
1209 5537 1419 5607 quicum
1452 5542 1700 5595 connubii
1724 5541 1810 5609 jus
1840 5558 1944 5597 non
1975 5542 2100 5609 fuit,

537 5626 874 5679 concluditur
909 5644 920 5677 ε
954 5628 1218 5692 Quoniam
1269 5628 1424 5706 igitur
1472 5631 1559 5699 qui
1592 5632 1699 5685 nati
1732 5641 1853 5685 sunt
1897 5642 2103 5687 patrem

2211 4548 2362 4602 aeque
2391 4543 2446 4586 ut
2478 4534 2544 4587 sit
2575 4524 2880 4602 conjunctio
2909 4544 3086 4602 posset
3113 4535 3400 4589 ostendere
3422 4576 3437 4600 ,
3487 4549 3796 4604 quanquam

2212 4624 2351 4678 idem
2381 4624 2578 4678 efficiat
2598 4636 2644 4677 ct
2666 4626 2964 4692 copulativa
2987 4625 3312 4693 eonjunctio.
3345 4624 3480 4678 Nam
3514 4641 3640 4694 qua
3668 4640 3795 4678 eon-

2212 4732 2347 4771 nexa
2376 4726 2520 4781 sunt,
2571 4717 2730 4771 etiam
2783 4722 3064 4783 conjuncta
3111 4732 3231 4771 esse
3280 4716 3795 4785 intelliguntur,ex

2212 4808 2313 4862 hoc
2340 4808 2477 4877 quod
2510 4806 2665 4876 paulo
2692 4815 2816 4861 ante
2842 4807 3097 4873 diximus;
3144 4804 3285 4876 quod
3317 4816 3701 4873 argumentum
3732 4821 3792 4858 ex

2210 4916 2272 4954 ea
2302 4902 2668 4969 propositione
2696 4901 2994 4969 profectum
3024 4910 3131 4963 est,
3166 4914 3283 4965 qua:
3310 4898 3524 4951 duabus
3552 4897 3796 4952 afﬁrma-

2212 4991 2444 5045 tionibus
2489 4992 2858 5060 copulabatur,
2908 5001 2963 5045 et
3002 4991 3183 5060 juncta
3236 4990 3523 5059 negatione
3574 4990 3796 5057 insuper

2211 5083 2463 5153 denegata
2496 5094 2599 5137 est.
2648 5084 2701 5137 In
2738 5084 2987 5137 omnibus
3018 5084 3177 5151 igitur
3217 5082 3345 5134 illud
3395 5088 3477 5135 est
3527 5080 3796 5149 approba-

2210 5186 2320 5230 tum
2347 5216 2362 5239 ,
2397 5174 2674 5243 pecuniam
2707 5182 3035 5227 numeratam
3076 5172 3283 5226 mulieri
3318 5170 3543 5234 deberi,
3570 5184 3700 5221 cum
3728 5169 3794 5222 sit

2213 5275 2484 5335 argentum
2508 5279 2667 5318 omne
2695 5264 2944 5333 legatum.
2975 5263 3081 5317 Sed
3108 5277 3247 5315 nunc
3266 5262 3481 5329 quidem
3511 5276 3577 5313 ex
3602 5274 3793 5328 supra-

2213 5360 2367 5414 dictis
2424 5356 2907 5427 propositionibus,
2965 5356 3014 5409 id
3061 5354 3201 5423 quod
3261 5351 3657 5413 antecedebat,
3710 5364 3796 5405 as-

2211 5452 2569 5519 sumpsimus;
2616 5463 2756 5503 nunc
2792 5448 2973 5511 ‘vero,
3022 5446 3074 5500 id
3122 5444 3262 5513 quod
3321 5442 3792 5512 consequebatur;

2213 5558 2353 5596 nunc
2415 5552 2624 5603 autem,
2681 5539 2733 5594 id
2764 5539 2904 5608 quod
2954 5537 3298 5607 repugnabat.
3359 5536 3435 5587 Ac
3487 5536 3556 5587 de
3610 5534 3795 5599 expla-

2213 5630 2400 5684 nandis
2441 5629 2712 5686 Ciceronis
2756 5627 3047 5696 exemplis,
3081 5638 3133 5681 ut
3166 5627 3400 5679 arbitror
3430 5666 3444 5688 ,
3502 5624 3635 5675 satis
3686 5630 3786 5673 est.
