4014 6336
238 287 369 344 iui
1065 290 1129 349 IN
1168 291 1412 348 rortcs
1457 291 1810 352 CICERONIS
1847 296 2364 354 COMMENTARIA.
2403 299 2530 355 me.
2579 270 2637 357 νζ
3336 303 3471 359 ius

233 399 372 455 lllud
437 408 614 453 autem
685 400 1070 459 dubitationem
1139 419 1356 459 movere
1418 415 1637 474 potest:
1676 422 1797 460 nam
1828 409 2128 471 Asianibus
2156 427 2280 479 quas
2319 428 2476 480 supra
2517 416 2730 484 scripsi,
2774 416 2914 484 prior
2942 424 3180 483 quartus,
3228 420 3476 483 posterior

235 494 281 546 si
321 493 442 561 quis
491 492 666 545 minus
711 493 936 547 callidus
979 496 1044 548 ad
1096 496 1371 551 Ciceronis
1417 499 1661 567 exempla
1715 513 1804 552 re-
1840 532 1843 537 -
1905 501 2131 569 quintus,
2159 504 2494 558 adialecticis
2528 508 2711 560 modus
2730 509 3037 578 appellatur.
3063 508 3257 561 Deinde
3274 510 3477 563 addunt

235 583 465 652 spiciat,
520 583 768 637 eumdem
824 586 994 639 locum
1047 588 1394 643 arbitrabitur
1446 605 1566 644 esse
1626 606 1655 644 a
1714 606 1808 661 ge-

235 688 400 737 nere,
453 687 612 740 quem
670 674 737 727 ab
792 677 1228 732 antecedentibus
1262 720 1277 743 ,
1324 688 1378 733 et
1425 683 1806 751 consequenti-

214 754 357 829 bus,
388 773 441 819 et
473 768 886 836 repugnantibus
926 785 1047 824 esse
1072 772 1337 837 diximus;
1374 774 1485 828 illo
1527 776 1691 829 falsus
1721 793 1807 831 er-

234 870 380 922 rore,
430 858 572 926 quod
626 859 677 912 in
724 864 961 931 utrisque
1007 863 1141 918 Iocis
1187 867 1377 921 eodem
1426 867 1614 923 Cicero
1641 870 1807 925 utitur

235 946 513 1014 exemplo,
572 949 781 1016 argenti
821 952 1065 1006 videlicet
1111 964 1165 1007 et
1211 967 1502 1010 numerata:
1545 960 1802 1026 pecunias.

234 1036 339 1091 Sed
369 1037 676 1106 diligentius
704 1040 962 1107 intuenti,
1011 1044 1062 1097 in
1108 1046 1310 1100 eisdem
1354 1048 1513 1101 rebus
1562 1050 1807 1105 diversus

234 1127 753 1195 argumentationum
816 1133 1079 1187 videbitur
1134 1149 1255 1190 esse
1312 1146 1592 1191 tractatus.
1649 1140 1805 1194 Aliud

236 1216 431 1284 quippe
454 1227 539 1271 est
571 1217 775 1285 dicere,
805 1236 926 1275 cum
967 1225 1173 1292 argenti
1203 1227 1413 1293 species
1434 1228 1504 1280 sit
1527 1236 1804 1283 numerata

239 1307 458 1374 pecunia
485 1349 500 1372 ,
529 1310 575 1362 si
605 1323 773 1378 genus
799 1303 1027 1380 legatum
1069 1316 1158 1379 sit,
1190 1326 1243 1370 et
1265 1319 1496 1385 speciem
1522 1334 1641 1374 esse
1664 1319 1807 1388 lega-

238 1405 368 1460 tam,
398 1399 648 1464 quoniam
680 1416 947 1469 nunquam
974 1405 1182 1469 species
1210 1420 1240 1459 a
1274 1422 1468 1475 genere
1494 1420 1800 1477 separatur;

237 1484 382 1537 aliud
422 1495 507 1541 est
539 1488 588 1538 in
621 1488 926 1545 conditione
965 1497 1424 1559 enumerationem
1468 1514 1803 1569 proponere,

238 1584 289 1629 et
318 1575 518 1630 eisdem
544 1579 781 1644 partibus
804 1583 1091 1649 assumptis
1113 1590 1629 1655 argumentationem
1654 1593 1805 1646 varia

239 1663 644 1719 ratiocinatione
694 1668 954 1733 formare,
1001 1682 1058 1727 ut
1105 1677 1352 1743 superius
1381 1678 1802 1735 demonstratum

1906 593 2311 662 conjunctionem
2341 597 2641 675 negativam,
2681 599 2773 665 sic,
2822 616 2922 651 non
2950 610 2995 652 et
3020 598 3117 653 hoc
3143 609 3217 653 est
3243 609 3289 653 et
3318 601 3469 666 illud,

1905 684 2000 735 hoc
2028 693 2197 736 autem
2224 694 2315 752 est,
2340 701 2439 739 non
2473 688 2627 757 igitur
2655 690 2822 754 illud;
2851 690 2934 751 hic
2974 692 3153 744 medus
3183 700 3252 744 est
3282 703 3470 746 sextus.

1908 774 2165 844 Septimus
2196 784 2382 840 autem,
2410 794 2523 830 non
2551 789 2598 830 et
2633 781 2723 832 hoc
2759 788 2803 833 ct
2828 780 2961 832 illud
2981 820 2997 845 ,
3032 796 3134 833 non
3162 790 3326 833 autem
3354 783 3481 846 hoc,

1904 864 2035 916 illud
2058 865 2232 935 igitur.
2269 865 2348 919 Ex
2376 867 2454 918 his
2486 870 2647 921 modis
2686 870 3034 923 conclusiones
3079 869 3477 923 innumerabiles

1906 966 2212 1021 nascuntur,
2243 959 2296 1010 in
2321 960 2501 1027 quibus
2541 970 2612 1012 est
2658 969 2764 1013 tota
2793 963 2898 1027 fere
2942 962 3368 1021 dialecticaaSed
3411 976 3479 1015 ne

1906 1046 1987 1100 hte
2012 1048 2216 1113 quidem
2261 1064 2387 1118 quas
2415 1050 2627 1120 exposui
2672 1060 2787 1103 sunt
2826 1052 2893 1103 ad
2930 1050 3061 1103 hanc
3106 1051 3473 1107 institutionem

1906 1138 2222 1190 necessariae.
2258 1168 2261 1173 ν
2360 1138 2375 1145 ’
2945 1190 2959 1205 ί

1976 1226 2092 1280 Etsi
2136 1227 2496 1294 multipliciter
2523 1228 2769 1295 superius
2791 1238 2982 1283 cuncta
3004 1227 3344 1296 digessimus,
3374 1241 3474 1281 nec

1908 1315 2264 1384 expositionis
2314 1317 2514 1386 indiget
2551 1318 2776 1386 repetita
2825 1318 2988 1371 toties
3014 1318 3337 1387 disputatio,
3369 1319 3476 1394 erit

1909 1417 2087 1461 tamen
2110 1421 2290 1475 operte
2316 1408 2566 1477 pretium,
2585 1408 2628 1461 si
2655 1423 2813 1475 quant
2838 1407 3153 1463 brevissime
3185 1415 3372 1476 potero
3398 1408 3470 1462 Μ.

1908 1497 2066 1551 'l‘ullii
2113 1498 2292 1552 verbis
2337 1500 2624 1553 mediocris
2669 1498 2841 1554 lucem
2892 1499 3358 1553 commentationis
3386 1499 3472 1552 in-

1909 1597 2188 1643 terseram.
2210 1589 2426 1657 Septem
2458 1591 2618 1659 igitur
2643 1590 2832 1644 modos
2861 1590 3229 1659 hypotlieticos
3252 1604 3478 1645 enume-

1908 1695 2034 1733 rans
2079 1681 2187 1746 ait,
2236 1696 2356 1735 cum
2383 1680 2437 1734 in
2469 1683 2725 1737 connexis
2767 1682 3220 1751 propositionibus
3250 1684 3302 1737 id
3331 1682 3475 1751 quod

237 1764 339 1819 est,
370 1771 489 1809 cum
544 1765 839 1827 praesertim
889 1762 1191 1830 huiusmodi
1221 1784 1288 1823 ex
1320 1775 1799 1841 consequentibus,
1840 1780 1992 1840 Best
2044 1775 2270 1841 primum
2328 1774 2640 1838 assumitur,
2690 1782 2749 1826 ut
2793 1772 3105 1827 ostendatur
3157 1772 3473 1835 secundum,

238 1846 678 1903 antecedentibus
723 1857 779 1904 et
816 1856 1229 1921 repugnantibus
1254 1901 1267 1923 ,
1319 1864 1805 1927 argumentationes

238 1936 400 1989 etiam
433 1948 625 2004 printer
650 1954 848 2007 genera
878 1956 942 1995 ac
979 1945 1187 2012 species
1228 1946 1342 2000 ﬁeri
1389 1950 1614 2019 possint,
1660 1955 1807 2007 velut

240 2041 339 2080 nos
379 2030 625 2096 superius
669 2030 1015 2086 indicavimus
1055 2034 1107 2087 in
1152 2036 1237 2089 die
1275 2048 1437 2106 atque
1489 2043 1625 2095 luce.
1674 2043 1804 2097 Nam

239 2132 411 2186 neque
436 2120 551 2174 dies
582 2121 733 2186 lueis,
768 2138 939 2191 neque
982 2125 1068 2179 lux
1101 2127 1203 2181 dici
1245 2131 1481 2197 species,
1516 2143 1605 2184 aut
1630 2148 1802 2200 genus

239 2216 340 2261 est.
367 2207 472 2264 Sed
507 2210 557 2263 id
591 2220 792 2266 tantum
823 2214 874 2267 in
904 2214 989 2268 his
1009 2216 1339 2272 considerari
1364 2219 1545 2285 debet,
1569 2224 1689 2295 quia
1714 2239 1807 2292 po-

237 2303 343 2353 sito
372 2301 561 2369 altero,
593 2304 819 2358 alterum
853 2308 1153 2361 necessaria
1197 2308 1399 2363 ratione
1444 2312 1804 2376 subsequitur.

242 2389 505 2445 Diﬂ‘erunt
535 2392 697 2463 igitur
725 2394 825 2448 loci
860 2410 887 2448 a
914 2410 1109 2464 genere
1140 2398 1222 2452 vel
1244 2414 1273 2451 a
1296 2403 1475 2468 specie
1504 2402 1572 2455 ab
1599 2418 1665 2458 eo
1689 2405 1809 2459 loco

236 2483 327 2549 qui
378 2482 431 2535 in
480 2484 787 2539 conditione
828 2495 913 2540 est
954 2489 1299 2557 constitutus,
1351 2493 1603 2562 quoniam
1635 2494 1711 2549 illi
1741 2504 1808 2551 ex

237 2572 651 2627 universalitatis
677 2576 870 2643 speciei
897 2590 959 2631 ac
983 2576 1149 2646 partis
1170 2580 1376 2635 ratione
1404 2582 1690 2652 ducuntur,
1722 2585 1808 2641 hic

238 2674 417 2718 autem
465 2668 939 2736 inconsequentia:
966 2686 1028 2726 ac
1065 2675 1427 2743 repugnantiae
1468 2679 1657 2735 ordine
1703 2691 1809 2736 tra-

238 2763 435 2809 ctatur.
462 2756 585 2810 Post
616 2758 729 2812 haec
755 2759 912 2828 igitur
938 2758 1142 2815 Tullius
1166 2763 1622 2833 hypotheticorum
1642 2771 1810 2840 syllo-

236 2846 529 2913 gismorum
578 2848 767 2905 modos
824 2854 1303 2924 conclusionesque
1348 2856 1652 2914 dinumerat
1707 2861 1809 2920 hoc

237 2935 399 2990 modo
430 2954 445 2988 :

308 3025 585 3093 Appellant
605 3039 771 3084 autem
801 3032 1057 3088 dialectici
1083 3050 1196 3088 eam
1235 3038 1606 3096 conclusionem
1645 3060 1803 3113 argu-

1913 1863 2139 1931 primum
2168 1879 2198 1918 a
2229 1864 2525 1920 dialecticis
2573 1865 2791 1920 modum
2821 1866 3021 1931 vocari,
3056 1866 3158 1919 hoc
3184 1864 3342 1918 modo
3370 1880 3384 1916 :
3416 1862 3475 1918 Si

1911 1954 2012 2006 hoc
2042 1962 2142 2018 est,
2171 1955 2300 2007 illud
2324 1945 2439 2021 est;
2463 1955 2604 2025 quod
2627 1956 2757 2010 dicit
2784 1956 2905 2021 hoc,
2936 1957 3165 2025 primum
3196 1962 3300 2020 est,
3331 1954 3477 2021 quod

1908 2058 2038 2096 vero
2068 2044 2143 2099 ait
2173 2045 2326 2104 illud.
2360 2047 2676 2101 secundum.
2719 2046 3020 2101 Assumitur
3039 2061 3165 2115 ergo
3190 2044 3333 2114 quod
3365 2044 3476 2113 pri-

1910 2149 2057 2188 mum
2084 2143 2185 2199 est,
2217 2137 2360 2205 atqui
2409 2137 2509 2191 hoc
2538 2148 2651 2203 est;
2684 2137 3017 2192 concluditur
3069 2138 3229 2205 igitur
3258 2135 3313 2190 id
3335 2136 3478 2205 quod

1909 2228 2202 2282 secundum
2230 2240 2332 2293 est,
2375 2229 2504 2283 illud
2548 2230 2708 2299 igitur
2746 2242 2829 2285 est
2852 2270 2866 2293 ,
2898 2231 3043 2285 velut
3090 2231 3141 2283 in
3174 2228 3256 2282 his
3294 2242 3480 2283 rursus

1910 2319 2173 2384 exemplis
2202 2335 2216 2370 :
2248 2319 2293 2371 si
2319 2319 2478 2372 homo
2504 2330 2605 2386 est,
2640 2321 2834 2381 animal
2857 2331 2961 2384 est,
2990 2321 3302 2383 assumitur,
3333 2320 3482 2388 atqui

1916 2409 2077 2462 homo
2097 2419 2199 2475 est,
2223 2410 2584 2475 concluditur,
2619 2413 2817 2465 animal
2849 2412 3005 2481 igitur
3031 2423 3134 2467 est.
3172 2411 3479 2467 Secundum

1912 2513 2042 2552 vero
2073 2498 2286 2552 modum
2325 2498 2401 2553 ait
2426 2515 2547 2555 esse
2573 2501 2777 2555 Tullius
2805 2504 3062 2556 connexis
3105 2500 3481 2570 pr0positioni-

1912 2591 2011 2646 bus
2044 2602 2269 2657 textum,
2302 2592 2354 2648 in
2394 2608 2501 2663 quo
2547 2595 2592 2649 si
2621 2597 2912 2649 secundum
2954 2606 3197 2666 negatur,
3240 2598 3485 2664 sequitur

1913 2694 1970 2738 ut
2012 2683 2063 2738 id
2094 2687 2253 2739 etiam
2285 2687 2427 2754 quod
2457 2686 2684 2756 primum
2717 2697 2801 2742 est
2838 2689 3103 2742 abnualur
3148 2689 3248 2743 hoc
3288 2689 3479 2743 modo:

1911 2773 1959 2828 si
1985 2774 2085 2828 hoc
2108 2785 2213 2840 est,
2235 2775 2361 2831 illud
2381 2787 2493 2841 est;
2517 2777 2643 2831 illud
2665 2788 2840 2832 autem
2864 2793 2967 2832 non
2991 2789 3093 2844 est,
3120 2781 3274 2848 igitur
3291 2795 3358 2835 ne
3380 2782 3483 2834 hoc

1912 2867 2128 2934 quidem
2169 2878 2273 2924 est.
2310 2861 2376 2924 in
2416 2872 2680 2941 exemplis
2719 2874 2789 2926 ita
2821 2890 2833 2926 :
2862 2875 2907 2927 si
2938 2873 3098 2927 homo
3140 2883 3252 2940 est,
3285 2874 3482 2929 animal

1912 2971 2025 3025 est;
2055 2960 2251 3015 animal
2280 2972 2455 3016 autem
2484 2977 2588 3016 non
2611 2972 2716 3029 est,
2741 2948 2902 3017 homo
2924 2964 3082 3033 igitur
3110 2979 3215 3018 non
3245 2974 3345 3018 est.
3372 2964 3482 3019 Sed

1912 3048 2116 3105 Tullius
2146 3053 2215 3106 ita
2242 3052 2413 3118 dixit,
2450 3068 2569 3108 cum
2601 3054 2652 3108 id
2675 3055 2813 3123 quod
2842 3069 3107 3110 annexum
3132 3065 3213 3110 est
3240 3056 3480 3125 negaris,

238 3120 413 3183 menti,
446 3122 497 3173 in
517 3138 756 3207 quacum
778 3127 997 3195 primum
1017 3132 1370 3199 assumpseris.
1399 3138 1724 3204 consequitur
1752 3138 1808 3190 id
1832 3135 1880 3200 C
1914 3148 1970 3194 ut
1994 3140 2047 3194 id
2076 3157 2289 3212 quoque
2327 3145 2412 3198 cui
2440 3145 2598 3199 fuerit
2640 3159 2907 3200 annexum
2947 3145 3247 3216 negandum
3277 3147 3368 3209 sit,
3395 3162 3484 3199 se.

235 3210 374 3278 quod
400 3228 657 3266 annexum
683 3225 776 3280 est,
800 3218 1020 3286 primum
1044 3223 1383 3275 conclusionis
1415 3228 1619 3280 modum
1642 3245 1661 3293 ;
1690 3245 1805 3283 cum

236 3298 289 3352 id
310 3304 443 3366 quod
465 3320 719 3359 annexum
745 3316 817 3361 est
864 3312 1088 3381 negaris,
1131 3321 1185 3363 ut
1229 3312 1285 3364 id
1307 3329 1503 3381 quoque
1543 3318 1626 3370 cui
1653 3321 1807 3388 fuerit

236 3406 491 3444 annexum
521 3396 810 3464 negandum
839 3400 939 3463 sit,
973 3404 1224 3456 secundus
1264 3407 1554 3473 appellatur
1601 3410 1807 3463 conclu-

149 3504 170 3514 -
236 3480 389 3531 dendi
414 3481 624 3545 modus;
650 3493 774 3535 cnm’
806 3496 973 3540 autem
1010 3489 1182 3557 aliqua
1208 3495 1482 3563 conjuncta
1508 3496 1729 3566 negaris,
1762 3506 1807 3549 et

236 3572 314 3625 his
350 3576 456 3628 alia
483 3578 684 3647 negatio
711 3595 890 3632 rursus
934 3582 1258 3652 adjungitur,
1290 3596 1337 3638 et
1378 3603 1439 3639 ea:
1477 3587 1555 3639 his
1585 3588 1807 3656 primum

236 3666 529 3731 sumpseris,
564 3676 615 3717 ut
642 3668 775 3735 quod
806 3669 1111 3737 relinquitur
1138 3675 1422 3727 tollendum
1440 3677 1529 3741 sit,
1557 3678 1601 3729 is
1627 3681 1806 3731 tertius

235 3752 527 3824 appellatur
557 3758 892 3811 conclusionis
938 3762 1140 3815 modus.
1177 3762 1258 3816 Ea:
1285 3764 1381 3817 hoc
1423 3766 1517 3818 illa
1544 3768 1805 3821 rhetorum

237 3860 300 3898 ea:
323 3846 595 3899 contrariis
641 3850 880 3902 conclusa
902 3890 914 3914 ,
942 3866 1056 3917 qua:
1090 3853 1188 3921 ipsi
1216 3858 1592 3924 enthymemata
1629 3860 1807 3927 appel-

236 3933 364 3999 lant,
395 3951 495 3988 non
518 3939 652 4005 quod
680 3939 843 3991 omnis
877 3942 1125 3994 sententia
1157 3946 1362 4014 proprio
1390 3948 1594 4001 nomine
1620 3949 1802 4018 enthyo

235 4040 397 4078 metria
426 4042 524 4078 non
555 4027 774 4089 dicatur,
806 4031 895 4082 sed
938 4041 991 4083 ut
1022 4031 1276 4087 Homerus
1304 4050 1513 4105 propter
1557 4040 1806 4094 excellen-

237 4117 379 4181 tiam,
420 4134 684 4172 commune
714 4130 978 4187 poetarum
1015 4140 1195 4178 nomen
1233 4129 1378 4196 efﬁcit
1422 4131 1563 4200 apud
1594 4131 1803 4187 Grtccos

146 4254 159 4263 _
234 4223 402 4271 suum,
446 4210 520 4261 sic
557 4226 670 4262 cum
721 4215 881 4266 omnis
929 4218 1180 4269 sententia
1210 4219 1529 4288 enthymema
1568 4225 1802 4293 dicatur,

232 4298 352 4361 quia
380 4300 578 4353 videtur
605 4317 664 4355 ea
691 4320 805 4371 qnte
834 4321 897 4359 ea:
923 4310 1196 4362 contrariis
1236 4316 1539 4377 conﬁciatur
1556 4358 1568 4379 ,
1615 4321 1804 4374 acutis-

231 4388 381 4449 sima,
414 4393 523 4443 sola
553 4394 754 4462 proprie
781 4410 960 4449 nomen
989 4414 1254 4453 commune
1282 4406 1525 4472 possedit.
1560 4407 1689 4478 Ejus
1717 4427 1801 4478 ge-

1908 3232 2139 3285 cundum
2187 3248 2308 3287 esse
2352 3235 2591 3303 modum,
2622 3234 2774 3303 quasi
2826 3248 3067 3289 connexa
3116 3234 3482 3304 propositione

1908 3324 2243 3380 altirmativis
2271 3327 2509 3395 partibus
2531 3326 2715 3396 juncta
2739 3344 2755 3392 ;
2785 3328 3157 3385 universaliter
3186 3338 3363 3383 autem
3393 3343 3482 3382 re-

1907 3416 2046 3469 ctius
2092 3417 2391 3485 diceretur,
2436 3434 2556 3473 cum
2591 3419 2641 3473 id
2673 3420 2814 3489 quod
2846 3434 3109 3474 annexum
3158 3426 3270 3486 est,
3305 3419 3354 3473 id
3399 3428 3485 3473 est

1908 3507 2224 3574 secundum,
2259 3511 2555 3577 perimitur,
2588 3512 2775 3578 perimi
2814 3511 2939 3564 illud
2991 3526 3201 3578 quoque
3242 3509 3327 3565 cui
3384 3522 3483 3563 att-

1909 3607 2106 3648 nexum
2136 3605 2238 3660 est,
2273 3596 2323 3650 id
2350 3606 2431 3651 est
2457 3598 2722 3664 primum,
2752 3607 2809 3650 ut
2833 3597 2877 3651 si
2908 3597 3281 3651 alllrmativum
3314 3604 3397 3650 est
3427 3597 3481 3650 id

1912 3687 2055 3757 quod
2100 3700 2365 3740 annexum
2410 3696 2513 3752 est,
2546 3674 2827 3756 negatione
2873 3690 3195 3757 perimatur;
3225 3690 3307 3742 sin
3354 3702 3483 3742 vero

1912 3778 2215 3847 negativum
2236 3818 2249 3842 ,
2282 3777 2667 3844 afﬁrmatione;
2696 3790 2761 3833 et
2808 3778 2877 3834 de
2922 3794 2988 3833 eo
3017 3794 3229 3849 quoque
3272 3778 3358 3834 cui
3381 3792 3481 3833 an-

1911 3890 2105 3928 nexum
2129 3885 2229 3938 est,
2256 3874 2307 3928 id
2332 3884 2413 3928 est
2435 3876 2688 3944 primum,
2730 3874 2868 3929 idem
2890 3883 2974 3929 est
3001 3885 3057 3928 ut
3081 3875 3130 3929 si
3162 3876 3211 3929 in
3238 3888 3479 3930 connexa

1910 3967 2276 4035 propositione
2314 3967 2647 4035 aitirmetur,
2681 3968 2735 4022 in
2776 3962 3119 4024 conclusiohe
3165 3969 3493 4038 denegetur,

1906 4060 2198 4115 secundum
2256 4061 2778 4129 nunczpropositum
2806 4058 3080 4116 Ciceronis
3128 4060 3477 4128 exemplum;

1907 4152 1953 4204 si
1983 4166 2110 4205 vero
2145 4154 2390 4222 negativa
2418 4152 2487 4205 sit
2516 4153 2891 4222 propositionis
2920 4154 3066 4223 prior
3093 4164 3236 4222 pars,
3270 4153 3322 4207 in
3352 4168 3481 4208 con-

1909 4240 2150 4295 clusione
2167 4243 2433 4296 contraria
2456 4240 2814 4298 allirmatione
2830 4242 3330 4298 tollatur."l‘ertium
3354 4257 3482 4297 vero

1910 4329 2123 4383 modum
2152 4332 2227 4384 ait
2253 4346 2374 4385 esse
2405 4331 2591 4386 Cicero
2612 4345 2740 4393 cum
2778 4348 2841 4387 ea
2870 4344 2991 4402 qua:
3019 4334 3304 4402 conjuncta
3332 4343 3478 4398 sunt,

1909 4420 2261 4489 denegantur,
2289 4432 2344 4475 et
2375 4422 2455 4475 liis
2485 4423 2588 4475 alia
2617 4424 2828 4491 negatio
2854 4437 3041 4477 rursus
3068 4423 3394 4495 adjungitur,
3424 4434 3483 4478 ut

232 4480 369 4532 neris
411 4483 519 4534 [nec
546 4494 691 4547 sunt,
723 4484 860 4539 hunc
896 4498 1151 4557 metuere,
1190 4494 1411 4548 alterum
1450 4498 1501 4550 in
1538 4512 1675 4554 metu
1705 4518 1804 4557 non
1832 4489 1882 4548 ι)
1911 4512 2033 4578 quia
2049 4480 2256 4565 "animal
2305 4512 2509 4567 homini
2557 4513 2900 4583 coniunctum
2947 4525 3064 4580 est,
3097 4516 3168 4570 ita
3200 4516 3479 4571 dicamus:

235 4584 437 4635 ponere,
461 4588 570 4625 eam
600 4589 753 4642 quam
775 4578 905 4630 nihil
932 4595 1160 4645 accusas,
1194 4584 1429 4640 damnas.
1475 4588 1612 4643 Bene
1651 4609 1801 4660 quam

232 4660 464 4711 meritam
510 4678 615 4714 esse
659 4664 787 4718 dicis
809 4706 824 4728 ,
854 4668 1113 4723 existimas
1141 4674 1276 4727 male
1322 4680 1522 4733 mereri.
1571 4680 1640 4733 ιιι
1667 4685 1803 4751 quod

230 4750 330 4803 scis
352 4753 576 4817 prodest,
600 4757 728 4808 nihil
750 4758 804 4808 id
822 4760 958 4827 quod
980 4764 1163 4826 nescis,
1195 4768 1352 4823 obest.
1382 4769 1499 4823 Hoc
1521 4750 1809 4829 disserendi

228 4856 386 4907 genus
409 4844 615 4914 attingit
657 4848 861 4901 omnino
901 4862 1091 4905 vestras
1137 4872 1335 4926 quoque
1364 4862 1416 4913 in
1447 4868 1807 4930 respoiidendo

229 4931 614 4999 disputationes.
655 4936 760 4989 Sed
796 4939 1215 5009 philosOphorum
1246 4950 1440 5017 magis,
1467 4956 1649 5021 quibus
1681 4974 1798 5011 cum

226 5025 517 5078 oratoribus
563 5026 655 5081 illa
682 5045 746 5083 ea:
793 5038 1190 5103 repugnantibus
1219 5045 1480 5098 sententiis
1519 5052 1805 5105 communis

226 5114 507 5179 conrlusio,
538 5133 652 5185 qua
681 5136 712 5170 a
742 5121 1021 5178 dialecticis
1069 5128 1246 5182 tertius
1277 5132 1489 5197 modus,
1522 5152 1554 5187 a
1584 5138 1799 5193 rhetori-

228 5199 319 5253 lius
362 5204 683 5274 enthymema
732 5212 935 5267 dicitur.
982 5216 1187 5284 Reliqui
1232 5221 1610 5286 dialecticorum
1659 5230 1800 5283 modi

226 5293 398 5360 plures
445 5309 591 5361 sunt,
620 5303 708 5367 qui
752 5320 815 5356 ea:
840 5306 1273 5376 disjunctionibns
1317 5328 1578 5383 constant,
1614 5330 1665 5371 ut
1710 5334 1800 5376 aut

226 5386 341 5447 hoc,
372 5398 461 5440 aut
491 5390 642 5455 illud,
690 5396 784 5448 hoc
823 5408 990 5451 autem
1032 5417 1154 5468 non,
1205 5405 1363 5472 igitur
1392 5410 1540 5462 illud.
1574 5410 1801 5482 Itemque

224 5486 314 5527 aut
338 5480 464 5571 hoc,
496 5490 582 5535 aut
606 5484 755 5548 illud,
792 5503 892 5540 non
936 5500 1109 5544 autem
1136 5494 1256 5558 hoc,
1287 5496 1420 5549 illud
1467 5500 1643 5571 igitur.
1674 5480 1801 5569 Qua:

223 5569 574 5665 conclusiones
613 5576 803 5632 idcirco
844 5590 969 5635 rata
1008 5594 1162 5650 sunt,
1192 5588 1337 5655 quod
1360 5590 1413 5643 in
1460 5569 1799 5665 disjunctione

225 5653 343 5720 plus
368 5676 469 5715 uno
499 5677 669 5718 verum
696 5681 801 5721 esse
841 5684 943 5723 non
972 5681 1169 5742 potest,
1199 5653 1350 5746 atque
1392 5694 1453 5732 ea:
1486 5653 1567 5736 his
1595 5686 1800 5741 conclu—
1876 5690 1879 5693 ’

1909 4600 2023 4653 Non
2058 4611 2111 4655 et
2143 4602 2301 4657 homo
2325 4615 2377 4657 et
2409 4618 2512 4658 non
2542 4606 2738 4659 animal
2766 4614 2867 4673 est,
2901 4614 3057 4676 atque
3087 4622 3152 4661 ex
3202 4607 3287 4662 his
3319 4623 3495 4663 unum.

1911 4692 2142 4760 ponitur,
2189 4701 2245 4747 ut
2286 4695 2427 4763 quod
2469 4695 2789 4765 relinquitur
2816 4698 3105 4762 auferatur,
3138 4697 3239 4753 hoc
3283 4700 3480 4753 modo:

1912 4784 2163 4837 l’onimus
2203 4785 2469 4840 hominem
2500 4795 2642 4854 esSe,
2673 4788 2913 4844 dicentes
2938 4791 3134 4860 :-Atqui
3169 4791 3330 4846 homo
3357 4800 3495 4855 est;

1913 4876 2054 4945 quod
2102 4893 2229 4945 ergo
2276 4880 2628 4950 relinquitur,
2682 4896 2785 4935 non
2818 4892 2900 4937 est
2926 4883 3153 4950 animal,
3202 4880 3440 4937 aufertur
3464 4921 3481 4945 ,

1902 4978 2061 5035 atque
2092 4968 2449 5035 concluditur,
2477 4972 2673 5026 animal
2699 4974 2862 5042 igitur
2888 4984 2992 5028 est.
3024 4974 3107 5028 Fit
3137 4983 3487 5043 argumenta‘

1905 5057 1977 5110 tio
2004 5055 2107 5111 hoc
2133 5061 2323 5114 modo:
2352 5060 2468 5115 Non
2491 5071 2545 5116 et
2566 5064 2726 5119 homo
2747 5073 2849 5131 est,
2877 5074 2932 5119 et
2959 5081 3063 5119 non
3085 5064 3306 5131 animal,
3332 5066 3488 5134 atqui

1906 5149 2065 5202 homo
2091 5159 2203 5215 est,
2236 5152 2430 5208 animal
2462 5154 2621 5223 igitur
2659 5165 2762 5212 est.
2800 5158 2891 5211 Ex-
2925 5158 3005 5212 bis
3037 5159 3181 5212 nasci
3215 5158 3342 5212 dicit
3384 5175 3479 5212 en-

1905 5239 2231 5316 thymemata
2261 5256 2324 5297 ex
2346 5248 2630 5302 contrariis
2658 5249 2928 5313 conclusa,
2961 5250 3153 5317 quibus
3188 5250 3480 5318 tlttrimuln

1909 5333 2153 5389 rhetores
2176 5336 2247 5389 uti
2278 5338 2483 5403 solent;
2514 5350 2675 5408 atque
2702 5341 2814 5394 haec
2842 5340 3242 5409 enthymemata
3274 5358 3476 5396 nuncu-

1908 5434 2132 5492 pantur,
2167 5441 2272 5479 non
2318 5430 2457 5497 quod
2510 5431 2700 5485 eodem
2751 5434 2967 5487 nomine
3015 5435 3191 5488 omnis
3240 5433 3477 5490 inventio

1908 5517 2203 5583 nuncupari
2232 5532 2338 5574 non
2372 5522 2540 5589 possit
2568 5520 2930 5590 (enthymema
2961 5537 3196 5592 namque
3220 5533 3303 5579 est
3330 5539 3481 5581 men-

1909 5604 1978 5659 tis
1992 5608 2293 5677 conceptio,
2312 5611 2449 5680 quod
2469 5622 2639 5680 potest
2660 5612 2908 5667 omnibus
2931 5614 3331 5671 inventionibus
3356 5632 3485 5672 con.

1905 5697 2134 5770 venire),
2159 5698 2254 5756 sed
2281 5704 2401 5772 quia
2431 5702 2545 5757 hac
2590 5704 2825 5771 inventa,
2858 5720 2976 5775 qua
3002 5705 3233 5765 breviter
3259 5724 3320 5766 es
3359 5723 3405 5765 Ct
3425 5724 3475 5765 u-
