4014 6336
561 286 693 343 m3
1538 308 1545 317 -
1765 280 1873 334 AN.
1914 260 2119 333 manu.
2160 275 2310 331 sev.
2353 277 2568 332 nomn
2628 330 2631 331 ,
3672 280 3809 335 tm

553 401 730 456 trariis
786 399 1133 468 colliguntur,
1187 394 1417 449 maxime
1471 400 1622 447 acuta
1677 401 1831 457 sunt,
1892 401 2112 461 propter
2142 388 2193 447 Α
2219 389 2629 460 enthymematis
2660 390 2779 444 talis
2808 398 2890 445 est
2914 390 3160 446 collectio
3190 407 3205 445 :
3238 406 3345 448 non
3372 402 3431 448 et
3460 392 3605 450 bene
3638 396 3806 450 uteri-

549 491 919 546 excellentiam
964 488 1303 556 speciemque
1346 484 1672 540 inventionis
1698 475 1983 537 commune
2010 497 2112 534 en-
2224 490 2328 533 tam
2361 495 2479 534 esse
2508 489 2773 546 autumas,
2802 490 2854 536 et
2881 482 3017 537 male
3043 483 3259 547 mereri,
3285 484 3434 553 atqui
3462 482 3604 539 bene
3630 487 3803 541 meri-

549 582 886 653 thymematis
931 594 1126 633 nomen
1177 580 1447 646 proprium
1490 577 1681 663 factum
1709 587 1811 639 est,
1844 585 1897 627 ut
1943 573 2055 626 hzec
2084 588 2113 625 a

548 673 846 726 rhetoribus
889 671 1041 739 quasi
1082 669 1295 737 proprio
1324 669 1539 722 nomine
1584 665 1982 735 enthymemata
2016 678 2117 717 vo-

545 772 756 817 centur.
804 761 955 814 Sicut
996 761 1134 828 apud
1166 759 1381 813 Grzncos
1422 773 1632 827 quoque
1666 766 1816 825 pocla
1849 755 2110 808 Homerus

546 867 752 910 tantum
783 855 995 918 dicitur,
1028 864 1081 907 et
1110 853 1359 922 quisquis
1378 867 1444 904 ex
1480 851 1711 903 Homero
1742 847 1939 916 aliquid
1985 861 2112 916 pro-

549 948 770 1010 t‘ert,'ita
799 943 975 997 dicere
1001 942 1303 997 consuevit:
1323 942 1469 993 llunc
1490 955 1703 993 versum
1728 947 1881 1006 poeta
1907 937 2113 992 locutus

542 1046 644 1101 est,
677 1045 730 1089 ct
758 1045 883 1089 tunc
919 1050 1023 1088 non
1054 1034 1189 1087 alius
1219 1032 1537 1102 intelligitur
1575 1040 1767 1101 praeter
1796 1031 2105 1094 Homerum,

543 1138 648 1179 nun
684 1127 822 1192 quod
855 1126 1035 1178 caeteri
1066 1140 1169 1177 non
1199 1114 1303 1176 sint
1329 1134 1518 1192 poetae,
1548 1122 1640 1175 scd
1674 1122 1814 1191 quod
1842 1121 2112 1175 excellen-

542 1218 609 1268 tia
640 1215 1109 1284 hujuscommune
1136 1228 1327 1267 nomen
1362 1214 1514 1267 vertit
1542 1214 1594 1265 in
1628 1211 1918 1280 proprium.
1952 1210 2111 1263 Fiunt

541 1318 667 1374 Vero
698 1309 809 1359 hazc
838 1305 1234 1375 enthymemata
1267 1304 1371 1357 boc
1399 1304 1579 1368 modo,
1613 1317 1681 1355 ex
1727 1301 2007 1355 contrariis
2036 1301 2111 1351 vi-

540 1396 731 1449 delicet
764 1405 903 1448 texta
926 1435 940 1457 ,
973 1396 1110 1447 hunc
1161 1403 1429 1455 metuere,
1461 1393 1687 1445 alterum
1734 1391 1787 1443 in
1820 1399 1963 1443 metu
2004 1404 2109 1441 non

541 1500 769 1551 ponere,
811 1485 956 1538 velut
987 1485 1031 1537 si
1073 1484 1137 1537 tle
1168 1483 1389 1536 Lentulo
1418 1494 1467 1535 et
1500 1482 1766 1549 Cethego,
1797 1480 2110 1546 czcterisque

539 1578 804 1630 diceretur
831 1592 845 1629 ε
870 1577 1071 1629 Paucos
1120 1575 1266 1629 cives
1298 1574 1598 1628 interficere
1644 1572 1858 1636 metuis,
1890 1586 1957 1624 ne
1992 1586 2105 1623 rcs-

539 1665 752 1735 publica
786 1666 1012 1719 intereat
1040 1664 1169 1717 nihil
1200 1664 1427 1717 laboras.
1453 1662 1763 1716 Connexum
1805 1662 1998 1729 quippe
2025 1669 2105 1712 est

2221 576 2325 621 tam
2368 584 2488 624 esse
2532 582 2795 639 autumas,
2842 588 2946 626 non
2995 574 3134 626 male
3180 573 3340 643 igitur
3374 576 3596 630 mereri.
3629 576 3799 643 Quod

2218 660 2557 730 enthymema
2586 677 2651 715 ex
2695 678 2755 717 ea
2800 665 3166 733 propositione
3204 679 3447 720 connexa
3490 667 3790 735 perﬁcitur,

2218 763 2335 817 qua:
2383 762 2590 805 constat
2630 768 2698 807 ex
2748 754 3103 809 afﬁrmatione
3146 765 3200 809 et
3234 758 3542 825 negatione,
3582 760 3656 811 ita
3688 777 3701 810 :
3734 760 3779 811 si

2217 839 2355 894 bene
2385 842 2625 894 meritam
2658 857 2779 897 esse
2806 853 3071 909 autumas,
3108 861 3213 898 non
3260 846 3399 901 male
3430 849 3650 901 mereri.
3686 848 3797 902 Cu-

2212 930 2301 999 jus
2343 946 2406 985 ex
2443 934 2737 1000 posteriore
2782 943 2933 1001 parte
2964 935 3178 1004 dempta
3227 938 3535 1004 negatione,
3576 947 3799 1009 totaque

2217 1023 2587 1090 prepositione
2626 1024 2912 1093 denegata,
2948 1027 3037 1080 ﬁet
3069 1030 3367 1097 propositio
3398 1048 3409 1081 :
3445 1045 3552 1084 non
3584 1032 3628 1085 si
3660 1032 3795 1085 bene

2216 1114 2459 1167 meritam
2492 1129 2611 1169 esse
2633 1125 2896 1181 autumas,
2931 1117 3069 1172 male
3097 1120 3321 1184 mereri;
3351 1121 3494 1189 quod
3539 1122 3594 1174 in
3626 1123 3793 1176 inter-

2215 1206 2544 1274 rogationem
2581 1208 2865 1263 deductum
2906 1210 3030 1263 facit
3065 1213 3401 1280 enthymema
3429 1230 3442 1265 :
3468 1214 3608 1267 bene
3631 1230 3791 1284 quam

2214 1298 2459 1353 meritam
2488 1315 2609 1353 esse
2640 1310 2908 1366 autumas,
2959 1304 3099 1357 male
3144 1305 3364 1358 mereri.
3398 1306 3529 1359 Item
3565 1307 3618 1362 id
3650 1308 3791 1375 quod

2213 1389 2317 1442 scis
2346 1390 2584 1457 prodest,
2609 1391 2741 1444 nihil
2765 1391 2817 1445 id
2844 1394 2984 1461 quod
3006 1395 3205 1459 nescis,
3230 1396 3417 1460 obest;
3448 1398 3550 1451 hoc
3572 1414 3791 1467 quoque

2213 1479 2556 1549 enthymema
2606 1483 2694 1535 tali
2738 1484 2969 1538 nectitur
3019 1486 3369 1555 syllogismo:
3397 1503 3504 1542 non
3550 1491 3605 1543 id
3646 1494 3789 1559 quod

2212 1572 2318 1626 scis
2358 1571 2591 1640 prodest,
2624 1583 2677 1628 et
2699 1575 2749 1629 id
2778 1576 2915 1643 quod
2944 1580 3117 1633 nescis
3142 1595 3245 1632 non
3268 1580 3443 1634 obest.
3469 1587 3541 1634 At
3572 1583 3623 1635 id
3644 1585 3789 1651 quod

2212 1664 2318 1717 scis
2341 1665 2578 1732 prodest.
2613 1665 2766 1719 obest
2793 1667 2950 1735 igitur
2978 1668 3026 1720 id
3053 1668 3194 1736 quod
3229 1673 3436 1757 nescis;
3480 1671 3595 1725 Hoc
3629 1686 3790 1737 argu-

539 1768 594 1810 ut
631 1759 930 1825 quicunque
956 1756 1120 1809 noluit
1151 1754 1369 1807 interire
1400 1768 1595 1821 paucos
1620 1753 1786 1817 cives,
1815 1749 2105 1818 rempubli-
2136 1749 2183 1809 B
2212 1763 2448 1807 mentum
2499 1771 2565 1808 ex
2613 1770 2674 1809 ea
2719 1758 3083 1825 propositione
3126 1749 3482 1827 compositum
3522 1772 3627 1828 est,
3670 1780 3792 1833 qua:

540 1862 655 1901 cam
688 1848 853 1900 multo
877 1846 1045 1916 magis
1076 1846 1204 1899 nolit
1229 1846 1517 1913 exstingui.
1551 1842 1755 1910 Quibus
1783 1857 1903 1894 cum
1939 1843 2106 1895 inter-

541 1939 758 2004 ponitur
796 1936 1027 2004 negatio,
1061 1938 1117 1988 ﬁt
1162 1951 1225 1989 ex
1258 1935 1671 2004 repugnantibus
1708 1943 2103 1999 argumentum.

540 2029 647 2083 Sed
679 2029 779 2081 hoc
806 2028 1042 2081 breviter
1068 2028 1270 2081 Tullius
1308 2027 1625 2089 enuntiavit,
1662 2039 1759 2078 nos
1798 2040 1923 2079 vero
1953 2041 2107 2093 argu-

540 2129 777 2174 mentum
809 2119 861 2173 in
894 2120 1258 2189 syllogismum
1293 2118 1615 2185 redigamus,
1641 2131 1670 2169 a
1694 2115 2108 2184 repugnantibus

539 2209 762 2276 scilicet,
780 2224 843 2263 ex
863 2224 969 2278 quo
988 2208 1384 2277 enthymemata
1409 2207 1555 2261 nasci
1571 2206 1769 2270 solent,
1794 2208 1895 2257 hoc
1912 2205 2070 2267 modo
2091 2219 2104 2255 :

540 2302 621 2355 Sit
646 2316 970 2364 connexum,
1004 2301 1050 2353 si
1078 2301 1196 2369 quis
1226 2302 1412 2353 metuit
1447 2300 1591 2352 cives
1619 2311 1813 2364 paucos
1856 2293 2104 2355 interﬁci,

540 2394 585 2443 is
617 2392 807 2444 metuit
830 2390 1048 2445 interire
1076 2390 1478 2458 rempublicam,
1504 2388 1588 2440 hic
1615 2387 1967 2454 interponitur
2017 2399 2110 2437 ne-

540 2481 682 2551 gatio
711 2482 788 2535 sic
815 2499 827 2533 :
859 2481 913 2539 Si
944 2480 1062 2550 quis
1092 2482 1281 2535 metuit
1327 2480 1471 2532 cives
1522 2491 1716 2541 raucos
1770 2474 1989 2529 interﬁci
2016 2514 2031 2537 ,
2063 2474 2109 2527 is

541 2587 650 2625 non
681 2571 867 2625 metuit
913 2571 1128 2626 interire
1160 2568 1564 2636 rempublicam,
1594 2568 1830 2636 jungitur
1873 2566 1973 2619 alia
2018 2582 2109 2618 ne-

541 2661 685 2727 gatio
715 2679 728 2714 ς
759 2661 872 2714 Non
904 2660 948 2714 si
974 2662 1090 2730 quis
1116 2660 1301 2713 metuit
1334 2660 1693 2726 paucostives
1726 2656 1973 2719 interfici,
2003 2670 2107 2709 non

543 2750 732 2802 metuit
767 2749 983 2803 interire
1022 2750 1421 2818 rempublicam.
1470 2748 1598 2814 Quae
1638 2747 1757 2805 dum
1800 2747 2110 2815 negationes

545 2841 637 2894 uni
664 2841 1003 2895 alfirmationi
1032 2853 1208 2908 partes
1240 2851 1383 2903 sunt,
1418 2855 1534 2907 qua:
1563 2839 1691 2892 dicit
1715 2856 1727 2890 :
1755 2838 1809 2891 Si
1839 2838 1956 2907 quis
2003 2852 2113 2891 me-

545 2938 646 2986 tnit
672 2932 792 2995 hoc,
818 2932 1000 2985 metuit
1022 2941 1073 2985 et
1092 2932 1241 2995 illud,
1271 2930 1423 3000 cujus
1450 2930 1662 2999 quidem
1684 2930 1979 2997 assumptio
2005 2939 2109 2995 est,

543 3036 599 3085 at
630 3026 815 3078 metuit
850 3030 977 3084 hee.
1012 3023 1281 3076 conclusio
1326 3023 1595 3091 sequitur,
1629 3021 1815 3073 metuit
1857 3020 2014 3087 igitur
2057 3029 2112 3073 et

2212 1843 2415 1899 duabus
2438 1844 2881 1900 alﬁrmationihus
2907 1848 3089 1914 juncta
3121 1850 3389 1917 acceperit
3429 1854 3667 1906 mediam
3693 1873 3792 1908 ne-

2210 1935 2475 2002 gationem
2503 1944 2556 1987 et
2584 1940 2803 2004 insuper
2834 1937 3093 2001 denegata
3142 1949 3244 1993 est.
3293 1942 3445 2009 Quod
3487 1944 3792 2015 interregn-

2212 2033 2319 2076 tum
2357 2028 2412 2078 lit
2438 2024 2778 2094 enthymema
2804 2027 2901 2078 hoc
2929 2028 3087 2080 modo
3120 2028 3141 2079 ε’
3159 2030 3208 2081 id
3239 2031 3377 2098 quod
3408 2034 3518 2087 scis
3546 2037 3789 2101 prodest,

2211 2115 2344 2168 nihil
2386 2116 2436 2168 id
2467 2116 2607 2184 quod
2646 2116 2819 2168 nescis
2864 2116 3039 2171 obest.
3086 2119 3335 2174 Omnium
3378 2138 3511 2177 vero
3539 2128 3793 2191 superius

2210 2207 2576 2283 exemplorum
2603 2208 2699 2260 ista
2726 2209 2987 2263 sententia
3019 2220 3120 2263 est.
3155 2210 3286 2265 Nam
3310 2228 3472 2282 quam
3506 2216 3792 2284 quisquam

2210 2295 2342 2351 nihil
2390 2306 2623 2361 accusat,
2662 2312 2779 2351 eam
2823 2298 3083 2355 damnare
3128 2313 3275 2357 recte
3318 2319 3425 2357 non
3475 2316 3686 2373 potest;
3739 2319 3793 2360 et

2209 2403 2328 2443 eam
2361 2404 2520 2457 quam
2553 2391 2690 2445 bene
2734 2392 2980 2446 meritam
3024 2408 3144 2448 esse
3196 2404 3457 2462 autumat,
3502 2399 3646 2452 male
3679 2415 3792 2453 me-

2209 2481 2317 2536 reri
2347 2480 2414 2534 de
2461 2496 2523 2535 ea
2563 2491 2715 2550 turpe
2762 2491 2874 2548 est;
2906 2493 2960 2537 et
3004 2485 3047 2538 si
3084 2486 3135 2537 id
3165 2486 3304 2554 quod
3343 2488 3446 2540 scit
3474 2489 3708 2554 quisque
3739 2489 3789 2540 in

2211 2586 2368 2625 causa
2392 2572 2643 2640 proderit,
2670 2574 2862 2639 oberit,
2893 2577 2935 2629 si
2967 2586 3049 2630 est
3078 2579 3403 2632 contrarium
3439 2580 3490 2633 id
3524 2582 3666 2649 quod
3701 2597 3793 2634 ne-

2211 2665 2332 2719 scit.
2377 2665 2527 2719 llnnc
2571 2682 2701 2720 vero
2730 2668 2904 2723 locum
2938 2684 3279 2724 communem
3323 2686 3447 2726 esse
3486 2675 3793 2728 oratoribus

2212 2770 2275 2810 ac
2302 2756 2631 2825 philosophis
2657 2756 2820 2821 dicit,
2854 2759 2946 2812 sed
2972 2760 3109 2827 apud
3144 2760 3266 2817 illos
3298 2763 3513 2815 tertium
3547 2765 3789 2827 modum,

2212 2845 2351 2913 apud
2393 2846 2635 2900 rhetores
2663 2862 2790 2901 vero
2819 2848 3163 2919 enthymema
3195 2854 3514 2919 nuncupari.
3557 2854 3789 2921 Reliqui.

2214 2934 2403 3004 inquit,
2455 2936 2596 2989 modi
2649 2937 2827 3005 plures
2867 2948 3012 3001 sunt,
3058 2942 3176 2992 nam
3223 2955 3341 2994 cum
3395 2953 3503 2997 tres
3542 2946 3791 3011 superius

2216 3037 2583 3081 enumerasset
2650 3028 2857 3091 modos,
2917 3030 3213 3099 adjungens
3270 3045 3548 3100 quatuor,
3610 3037 3789 3103 plures

542 3115 696 3178 illud,
727 3129 843 3179 qua:
871 3114 1197 3167 tantumdem
1228 3114 1386 3178 valet,
1413 3114 1458 3166 si
1477 3111 1719 3180 negando
1749 3112 2107 3181 interrogetur

2214 3119 2366 3173 dixit.
2400 3120 2461 3173 lli
2483 3121 2673 3173 suntin
2696 3120 3139 3188 disjunctionibus
3159 3128 3431 3179 constituti
3468 3128 3575 3181 huc
3605 3128 3786 3191 modo,

542 3208 637 3267 ita,
670 3206 769 3259 hnc
794 3206 1004 3277 metuis,
1030 3204 1157 3258 illud
1186 3220 1289 3257 non
1321 3204 1527 3257 metuis.
1561 3202 1663 3256 Sed
1694 3202 1812 3269 quia
1836 3217 1940 3256 non
1969 3210 2107 3254 totns

540 3298 626 3362 (nt
652 3310 733 3361 su,
754 3310 808 3347 ra
839 3293 1130 3363 posuimus)
1155 3294 1207 3347 in
1230 3294 1310 3346 bis
1327 3292 1871 3361 argumentationibus
1895 3292 2108 3361 ponitur

543 3385 903 3453 syllogismus,
928 3384 1021 3439 sed
1052 3384 1365 3454 propositio,
1396 3384 1548 3452 cujus
1575 3383 1867 3451 assumptio
1899 3392 1954 3439 et
1979 3398 2108 3437 con-

542 3477 709 3529 clusio
736 3484 874 3530 notae
902 3484 1041 3540 sunt,
1075 3474 1274 3530 idcirco
1321 3472 1662 3545 enthymema
1692 3471 1907 3539 dicitur,
1955 3483 2107 3541 quasi

542 3569 722 3623 brevis
743 3568 905 3623 animi
935 3570 1232 3635 conceptio.
1266 3567 1327 3620 Et
1358 3567 1409 3619 in
1440 3565 1651 3621 ctcteris
1677 3566 1936 3634 exemplis
1968 3565 2105 3619 ident

536 3661 731 3717 modus
751 3669 849 3713 est.
882 3659 986 3713 Sed
1011 3659 1121 3713 inec
1136 3657 1350 3728 quidem
1383 3658 1657 3711 Ciceronis
1687 3656 1975 3710 similitudo
1999 3670 2104 3710 non

541 3763 649 3805 tam
680 3768 744 3805 ex
775 3752 1183 3820 repugnantibus
1206 3764 1362 3818 quam
1399 3765 1463 3804 ex
1514 3750 1795 3805 contrariis
1820 3765 2105 3818 argumen-

541 3853 651 3896 tum
704 3843 1013 3910 intelligitur
1054 3843 1349 3895 continerc.
1402 3843 1640 3896 Metuere
1682 3842 1877 3910 quippe
1908 3850 1962 3896 et
1999 3858 2105 3894 non

542 3943 776 3991 metuere
797 3934 1060 3987 contraria
1081 3942 1225 3995 sunt,
1260 3932 1359 3985 nisi
1392 3932 1491 3987 hoc
1522 3935 1636 4000 ipsa
1678 3934 1960 3987 verborum
1987 3930 2105 4000 pro-

541 4025 669 4079 latio
689 4042 716 4077 a
738 4026 1016 4081 contrariis
1038 4033 1409 4094 argumentum
1435 4025 1500 4078 ad
1521 4026 1919 4095 repugnantiam
1937 4039 2106 4079 retra-

540 4117 651 4169 hat.
672 4116 800 4167 Nam
815 4115 951 4182 quod
966 4114 1092 4168 dicit
1106 4115 1244 4169 hunc
1262 4124 1515 4179 metuere,
1535 4116 1758 4189 alterum
1773 4115 1824 4169 in
1843 4124 1985 4169 metu
2001 4132 2105 4170 non

536 4221 757 4273 ponere,
780 4207 883 4259 tale
902 4213 985 4259 est
1006 4215 1063 4259 nt
1083 4208 1432 4277 repugnantia
1448 4208 1743 4262 videantur.
1765 4209 1973 4262 Etenim
1999 4225 2106 4263 me-

544 4309 691 4350 tncre
719 4304 773 4349 et
802 4312 903 4349 non
932 4306 1169 4351 metuere
1196 4300 1462 4373 contraria
1492 4309 1635 4353 sunt.
1662 4300 1717 4352 In
1746 4307 1894 4353 metu
1923 4308 2104 4354 autem

542 4402 645 4439 non
679 4400 892 4453 ponere,
953 4398 1006 4440 et
1047 4397 1308 4455 metuere,
1358 4390 1652 4458 prolatione
1693 4394 1806 4458 ipsa
1838 4402 1944 4442 tam
1976 4407 2105 4444 cnn.

2211 3222 2304 3266 aut
2331 3218 2452 3277 hoc,
2493 3223 2583 3264 aut
2623 3212 2771 3277 illud,
2806 3212 2905 3267 hoc
2936 3210 3133 3277 autem,
3182 3232 3285 3270 non
3318 3218 3482 3285 igitur
3511 3220 3668 3282 illud,
3698 3222 3786 3288 qui

2212 3312 2295 3357 est
2322 3309 2543 3370 Quartus
2566 3303 2752 3357 modus
2781 3317 2811 3356 a
2838 3305 2990 3359 nobis
3018 3321 3225 3375 quoque
3250 3321 3409 3376 supra
3436 3311 3646 3377 positus
3666 3310 3742 3362 ita
3766 3326 3781 3363 :

2210 3401 2302 3445 aut
2330 3392 2446 3447 dies
2474 3402 2576 3458 est,
2609 3403 2702 3448 aut
2728 3410 2831 3448 nox
2853 3405 2954 3450 est.
2984 3396 3107 3450 Dies
3138 3408 3316 3451 autem
3348 3408 3452 3459 est,
3486 3415 3593 3451 non
3624 3401 3786 3467 igitur

2210 3498 2313 3538 nox
2354 3492 2457 3548 est,
2487 3493 2543 3538 et
2564 3499 2796 3553 semper,
2830 3487 2967 3554 quod
2994 3490 3067 3541 ait
3092 3486 3299 3552 Cicero;
3355 3489 3456 3543 hoc
3483 3490 3547 3542 ad
3584 3506 3785 3558 prmce-

2211 3574 2346 3629 dens
2389 3584 2626 3643 spectat;
2670 3576 2809 3644 quod
2856 3592 2982 3631 vero
3000 3579 3083 3630 ait
3130 3578 3281 3643 illud,
3317 3579 3383 3631 ad
3420 3595 3781 3649 consequens,

2210 3663 2323 3719 sive
2348 3666 2401 3719 in
2423 3667 2677 3720 connexis
2700 3667 3170 3735 propositionibus,
3193 3671 3305 3723 sive
3329 3670 3632 3738 disjttnctis,
3656 3672 3781 3724 item

2211 3765 2308 3809 aut
2336 3755 2457 3822 hoc,
2488 3767 2577 3810 aut
2605 3757 2752 3819 illud,
2796 3775 2897 3811 non
2930 3768 3105 3811 autem
3141 3759 3262 3822 hoc,
3298 3760 3425 3813 illud
3474 3763 3652 3827 igitur.
3690 3762 3782 3814 Hic

2210 3860 2420 3913 quoque
2444 3847 2660 3914 quintus
2690 3848 2879 3900 modus
2908 3857 3015 3912 est,
3048 3850 3189 3902 velut
3212 3850 3265 3902 in
3285 3849 3380 3903 bis
3398 3852 3785 3919 exemplis,aut

2211 3934 2323 3988 dies
2344 3944 2445 3999 est,
2477 3946 2566 3988 aut
2594 3951 2697 3988 nox
2725 3946 2827 3999 est,
2856 3953 2958 3988 non
2990 3946 3164 3990 autem
3189 3938 3328 4002 dies,
3361 3954 3468 3991 nox
3496 3940 3654 4005 igitur
3679 3951 3780 3993 est.

2210 4025 2444 4090 Quarum
2475 4026 2876 4078 conclusionum
2911 4027 3285 4080 necessitatem
3308 4041 3373 4079 ex
3403 4042 3468 4080 eo
3496 4028 3627 4080 dicit
3657 4042 3782 4081 eve-

2210 4117 2345 4181 nire,
2378 4118 2501 4185 quia
2528 4131 2647 4185 quin
2689 4117 2741 4170 in
2790 4116 3146 4184 disjunctione
3180 4118 3373 4184 posita,
3406 4118 3643 4170 medium
3675 4132 3776 4170 non

2211 4206 2458 4261 videntur
2486 4206 2793 4270 admittere,
2826 4216 2878 4260 ut
2911 4220 3030 4260 esse
3075 4206 3217 4260 aliud
3261 4216 3457 4274 praeter
3486 4222 3672 4261 eorum
3702 4209 3780 4260 al-
3850 4256 3851 4259 η

2213 4307 2385 4352 terum
2412 4299 2598 4367 possit,
2625 4305 2783 4366 atque
2812 4296 2932 4351 ideo
2965 4312 3070 4350 uno
3106 4296 3317 4350 sublato
3357 4296 3589 4350 alterum
3629 4312 3775 4358 esse,

2212 4402 2422 4455 unoque
2461 4387 2638 4455 posito
2679 4388 2905 4439 alterum
2938 4400 3043 4438 non
3088 4400 3208 4438 esse
3237 4384 3596 4439 concluditur.
3627 4385 3777 4451 Quod

543 4475 700 4527 traria
735 4490 892 4543 qnam
937 4479 1281 4545 repugnantia
1332 4479 1718 4543 intelliguntur,
1762 4479 1886 4532 licet
1917 4479 2101 4532 eadem
2130 4475 2186 4539 Β
2210 4480 2255 4532 si
2282 4480 2351 4533 sit
2382 4478 2637 4542 medium,
2672 4476 2813 4551 quod
2845 4460 3039 4544 praeter
3075 4476 3390 4528 alterutrum
3434 4489 3558 4528 esse
3589 4474 3775 4543 possit.

532 4566 801 4635 probetur
842 4580 961 4620 esse
1011 4569 1298 4621 sententia.
1366 4570 1463 4635 llis
1503 4569 1699 4637 adjecit
1763 4569 1865 4622 alia
1921 4585 2106 4624 rursus

543 4658 783 4726 exempla
819 4674 833 4714 ;
859 4658 986 4711 Eam
1017 4675 1187 4731 quam
1208 4661 1339 4714 nihil
1367 4676 1609 4723 accusas,
1641 4660 1882 4715 damnas.
1939 4660 2107 4730 Hujus

512 4750 956 4818 enthymematis
986 4752 1106 4803 talis
1154 4760 1239 4806 est
1266 4753 1467 4822 integer
1511 4751 1848 4823 syllogismus
1879 4769 1890 4803 :
1927 4767 2030 4806 non
2062 4753 2105 4804 si

526 4840 667 4915 [nihil
700 4856 918 4909 accusas
941 4843 1185 4906 damnas,
1212 4845 1303 4898 sed
1335 4846 1461 4898 nihil
1488 4859 1729 4911 aCCusas,
1758 4861 1860 4898 non
1885 4844 2106 4901 damnas

530 4933 718 4999 _,gitur.
750 4930 909 4986 Venit
937 4947 1065 5000 ergo
1097 4936 1195 4987 hoc
1236 4946 1603 5005 argumentum
1645 4949 1709 4987 ex
1760 4948 1823 4986 ea
1864 4935 2107 5001 proposie

542 5024 1135 5099 tioneconnexa,.qua:
1180 5042 1243 5080 ex
1274 5028 1475 5082 duabus
1518 5027 1857 5098 componitur
1905 5028 2110 5096 negati-

545 5113 653 5173 vEs,
691 5114 799 5168 ita:
825 5117 868 5169 si
901 5117 1035 5175 nihil
1078 5133 1322 5189 accusas,
1375 5136 1479 5173 non
1520 5120 1774 5191 damnas;
1828 5119 2107 5187 posteriori

488 5213 495 5219 '
539 5206 832 5288 ‘ve‘ropaiti
862 5206 1101 5283 detracta
1146 5211 1356 5278 negatio
1386 5220 1485 5274 est,
1518 5220 1573 5263 et
1621 5210 1836 5277 insuper
1880 5217 1986 5263 tota
2031 5219 2114 5263 est

547 5300 837 5362 propositio
862 5300 1122 5369 denegata
1153 5300 1253 5353 hoc
1286 5302 1465 5366 modo,
1502 5315 1605 5354 non
1627 5302 1671 5354 si
1702 5301 1835 5355 nihil
1866 5314 2108 5363 accusas,

532 5383 785 5463 damnas,
813 5398 863 5441 et
886 5404 954 5442 ex
986 5404 1048 5441 ea
1081 5390 1276 5445 factum
1308 5401 1393 5453 est
1422 5403 1816 5460 argumentum,
1848 5394 1984 5461 quod
2020 5407 2111 5459 po—

526 5478 701 5545 situm
765 5477 816 5529 in
874 5479 1289 5549 interrogatione
1345 5483 1508 5536 cllicit
1567 5482 1908 5550 enthymema
1941 5522 1956 5546 ,
2012 5482 2111 5535 hoc

528 5567 703 5641 modo
735 5586 746 5621 :
778 5585 933 5638 quam
987 5572 1118 5625 nihil
1164 5588 1398 5639 accusas,
1442 5573 1685 5637 damnas,
1757 5573 1892 5649 bene
1953 5589 2107 5641 quam

528 5661 788 5737 meritam
820 5676 939 5739 esse
965 5673 1227 5737 autumas,
1262 5667 1395 5719 male
1427 5664 1639 5718 mereri.
1688 5656 1851 5733 Ilujns
1892 5679 2099 5733 quoque

2214 4586 2314 4627 nec
2340 4586 2462 4625 vera
2496 4570 2815 4638 propositio,
2846 4584 2942 4623 nec
2971 4576 3082 4621 rata
3122 4577 3205 4622 est
3229 4566 3525 4631 conclusio,
3554 4567 3701 4619 velut
3727 4568 3779 4619 in

2214 4662 2318 4730 his,
2344 4672 2433 4716 aut
2462 4662 2639 4715 album
2678 4671 2780 4723 est,
2807 4671 2899 4713 aut
2927 4662 3160 4729 nigrum,
3190 4659 3242 4712 id
3283 4658 3472 4712 falsum
3508 4668 3615 4712 est.
3650 4659 3778 4711 Esse

2213 4756 2357 4809 enim
2387 4763 2581 4820 prmler
2608 4769 2668 4806 ea
2701 4751 2919 4806 rubrum
2950 4760 3145 4820 potest.
3176 4751 3281 4804 Sed
3312 4752 3353 4804 si
3380 4765 3643 4819 ponamus
3662 4764 3779 4804 esse

2212 4845 2390 4898 album
2423 4845 2504 4898 vel
2531 4843 2861 4909 auferamus,
2894 4857 2998 4895 non
3033 4856 3255 4895 necesse
3285 4843 3389 4895 erit
3420 4857 3524 4893 non
3555 4855 3677 4895 esse
3698 4841 3776 4892 vel

2214 4950 2334 4990 esse
2363 4936 2591 5002 nigrum,
2636 4934 2757 5000 quia
2803 4931 2944 5000 quod
2998 4930 3213 4985 rubrum
3244 4940 3346 4994 est,
3394 4916 3634 4983 medium
3662 4943 3777 4983 esse

2218 5039 2410 5099 potest.
2460 5029 2678 5093 Deinde,
2720 5029 2891 5097 inquit
2938 5026 3166 5088 Tullius,
3203 5026 3406 5079 addunt
3444 5025 3779 5092 conjunctio~

2219 5134 2342 5173 num
2366 5119 2685 5187 negantiam,
2719 5119 2773 5171 in
2813 5117 3147 5185 disjunctivis
3171 5116 3376 5170 scilicet
3406 5114 3778 5182 propositioni-

2216 5210 2336 5274 ,hus,
2368 5209 2467 5261 hoc
2496 5208 2653 5282 ηιθόο
2679 5224 2692 5262 :
2722 5223 2825 5259 non
2854 5215 2904 5260 et
2931 5206 3029 5259 hoc
3054 5215 3106 5260 et
3137 5204 3289 5265 illud,
3316 5204 3417 5256 hoc
3448 5213 3651 5267 autem,
3678 5216 3774 5253 non

2222 5301 2378 5369 igitur
2406 5297 2570 5361 illud;
2606 5298 2745 5352 idem
2783 5308 2886 5359 est,
2930 5312 3034 5350 non
3065 5305 3118 5349 et
3162 5311 3264 5349 nox
3294 5304 3346 5348 et
3377 5294 3493 5347 dies
3528 5303 3635 5360 est,
3676 5304 3775 5345 nox

2215 5402 2393 5443 autem
2416 5397 2520 5453 est,
2552 5404 2656 5441 non
2689 5389 2845 5455 igitur
2873 5388 2989 5440 dies
3020 5399 3099 5441 εει
3128 5405 3141 5438 :
3169 5385 3255 5439 hic
3283 5385 3438 5452 igitur
3460 5396 3646 5438 sextus
3667 5396 3777 5436 mo-

2215 5483 2313 5536 dus
2338 5496 2457 5535 esse
2492 5479 2772 5548 prccdictns
2800 5488 2897 5531 est.
2934 5479 3204 5545 Septimus
3244 5488 3419 5530 autem
3463 5485 3547 5527 est
3588 5489 3655 5528 ex
3688 5488 3777 5525 ea~

2215 5576 2335 5628 dem
2366 5572 2583 5627 veniens
2615 5570 2999 5640 propositione,
3036 5572 3136 5624 hoc
3166 5571 3325 5623 modo
3350 5587 3362 5620 :
3389 5583 3495 5621 non
3517 5577 3569 5621 et
3598 5569 3695 5621 hoc
3718 5576 3776 5618 et

2206 5664 2368 5731 illud.
2397 5679 2500 5725 non
2527 5670 2715 5735 autem
2759 5663 2878 5726 hoc,
2911 5660 3035 5716 illud
3066 5662 3244 5729 igitur,
3285 5658 3427 5713 velut
3455 5657 3502 5713 si
3534 5659 3603 5711 ita
3629 5656 3771 5713 ἀὶεςιη
