4036 6336
334 226 477 282 1145

1161 227 1226 283 IN
1268 226 1509 282 TOPICA
1549 221 1902 315 CICERONFS
1942 222 2469 281 COMMENTARIA.
2514 225 2643 282 LIB.
2688 225 2751 281 γ.

3446 236 3584 292 1146

300 358 477 405 .tnus,
513 355 617 396 non
673 348 727 397 et
763 353 870 415 no;
894 347 949 396 et
993 339 1110 396 dies
1149 350 1252 406 est,
1304 356 1407 395 nox
1439 355 1545 395 non
1584 349 1762 395 autem
1793 348 1898 404 est,
1930 338 1984 399 Α
2007 344 2093 391 tur
2121 354 2135 389 :
2162 339 2413 406 primam,
2460 315 2579 407 qua:
2609 341 2856 395 movendi
2886 342 3198 413 principium
3229 355 3342 411 est:
3385 364 3582 405 secun-

332 433 453 487 dies
486 433 644 501 igitur
674 442 775 487 est.
805 432 933 498 Quae
974 433 1371 502 propositiones
1400 433 1503 489 nisi
1533 433 1587 487 in
1622 431 1908 501 disjunctis

302 564 307 569 .
332 524 617 595 medioque
649 526 958 580 carentibus
990 527 1150 582 rebus
1176 535 1346 580 ratam
1375 526 1781 581 conclusionem
1809 524 1906 579 ha-

336 617 467 672 bere
518 632 622 671 non
657 627 927 686 poterunt.
962 620 1070 686 Age
1119 618 1262 671 enim
1309 619 1380 671 ira
1410 617 1671 680 dicamus,
1715 630 1821 669 non
1853 623 1908 668 et

333 708 515 760 album
538 748 553 772 ,
591 718 646 761 et
683 709 925 776 nigrum,
969 722 1338 776 ponamusque
1379 722 1483 761 non
1525 721 1645 761 esse
1687 706 1863 760 album
1888 750 1902 771 ,

332 814 437 851 non
484 798 827 866 consequitur
867 806 925 851 ut
973 798 1044 851 sit
1091 798 1321 864 nigrum,
1370 806 1547 865 potest
1582 795 1728 849 enim
1782 809 1904 849 esse

333 889 477 956 quod
509 889 739 942 medium
766 898 867 942 est.
902 887 1217 956 llujusmodi
1255 887 1415 955 igitur
1441 902 1532 954 per
1563 886 1903 955 negationem

330 978 765 1044 eonjunCtionutn
818 979 897 1047 (ut
934 977 1139 1029 Tullius
1184 976 1278 1044 ait)
1326 976 1619 1044 propositio
1668 976 1715 1029 si
1760 985 1904 1027 ratas

329 1066 533 1123 factura
566 1078 647 1121 est
669 1068 1041 1121 conclusiones
1082 1066 1134 1120 in
1172 1066 1452 1134 disiunctis
1480 1068 1657 1131 rebus,
1699 1065 1903 1119 medio-

329 1176 434 1229 que
479 1161 785 1213 carentibus
830 1158 1287 1223 accommodetur,
1324 1158 1457 1212 alias
1500 1174 1603 1212 non
1645 1157 1747 1211 erit
1788 1164 1904 1210 rata

328 1254 620 1308 conclusio.
670 1252 840 1306 Distat
871 1268 996 1305 vero
1028 1251 1323 1320 propositio
1353 1251 1497 1305 tertii
1536 1250 1680 1304 modi
1723 1265 1752 1303 a
1783 1263 1904 1317 pro-

329 1347 598 1414 positione
626 1346 762 1399 sein
798 1354 851 1398 et
876 1344 1110 1413 septimi,
1140 1344 1283 1412 quod
1313 1344 1453 1398 tertii
1483 1342 1628 1397 modi
1660 1341 1905 1411 proposi-

329 1439 406 1489 tio
428 1452 492 1488 ex
516 1436 816 1503 conjunctis
843 1436 1101 1488 nascitur.
1133 1433 1256 1488 Haec
1283 1448 1410 1488 vero
1438 1434 1573 1488 sexti
1606 1443 1661 1487 et
1689 1417 1902 1501 septimi

325 1541 393 1581 ex
426 1527 709 1596 disjnnctis
740 1526 980 1580 terminis
1006 1527 1207 1588 existit,
1240 1535 1296 1579 ut
1325 1526 1377 1579 in
1409 1524 1778 1595 superioribus
1805 1538 1903 1592 pa-

308 1626 409 1671 .tet
437 1617 720 1683 exemplis.
759 1618 831 1670 Ex
856 1617 938 1669 his
969 1615 1150 1684 igitur,
1184 1616 1373 1685 inquit,
1398 1615 1571 1670 modis
1599 1615 1905 1669 conclusio-

2010 425 2157 493 dam,
2188 441 2253 480 ex
2276 442 2378 496 qua
2424 427 2483 482 ﬁt
2510 429 2728 499 aliquid,
2762 446 2919 500 quam
2952 435 3228 488 materiam
3261 445 3440 503 vocat;
3476 448 3581 493 ter.

2013 517 2139 569 tiam
2168 518 2428 571 rationem
2448 534 2510 573 ac
2529 522 2785 589 speciem,
2810 538 2910 590 qua
2941 527 3352 594 unumquodque
3382 529 3581 583 forma.-

2007 617 2121 676 tur;
2140 620 2404 679 quartam,
2434 615 2589 668 linem
2612 626 2825 684 propter
2845 632 3000 685 quem
3024 620 3296 687 quodlibet
3318 621 3570 690 efﬁcitur,

2006 710 2062 756 at
2102 717 2232 756 vero
2282 701 2359 755 Μ.
2393 703 2597 757 Tullius
2638 706 2984 774 principalem
3032 725 3313 764 causarum
3358 712 3609 766 divisio-‘

2006 806 2129 846 nem
2162 780 2288 845 facit
2328 792 2381 845 in
2413 792 2619 861 eaquae
2661 796 2894 850 efﬁciant
2934 797 3131 867 aliquid
3177 809 3233 854 et
3265 803 3315 855 in
3350 818 3408 856 ea
3459 806 3577 858 sine

2006 883 2198 953 quibus
2227 882 2365 937 efﬁci
2413 894 2698 952 nequeant,
2731 898 2789 940 ut
2820 888 2870 941 id
2926 891 3064 957 quod
3119 891 3303 955 efﬁcit,
3354 892 3420 946 ad
3459 909 3575 948 eam

2006 986 2220 1027 causam
2278 973 2542 1027 referatur
2580 975 2632 1027 in
2665 990 2765 1043 qua
2805 986 2977 1031 motus
3007 980 3325 1047 principium
3375 984 3574 1036 consti-

2008 1069 2179 1115 tutum
2208 1069 2310 1127 est,
2343 1060 2551 1116 id'vero
2572 1062 2689 1117 sine
2714 1048 2954 1132 quonon
3004 1068 3059 1121 ﬁt
3085 1069 3303 1137 aliquid,
3356 1079 3462 1124 tum
3504 1072 3573 1125 ad

2006 1155 2333 1209 intellectum
2381 1155 2618 1208 materia:
2670 1156 3045 1224 transferatur,
3097 1159 3179 1212 vel
3227 1175 3411 1214 eorum
3458 1177 3575 1231 qua;

2004 1245 2287 1313 conjuncta
2338 1244 2577 1298 materiae
2619 1243 2905 1298 efﬁcientis
2956 1247 3202 1313 adjuvant
3243 1249 3574 1318 facultatem,

1988 1344 2117 1391 tum
2144 1336 2210 1390 ad
2240 1336 2475 1405 reliquas
2512 1350 2704 1390 causas
2743 1336 2989 1400 ducatur,
3040 1347 3097 1392 ut
3129 1341 3281 1406 paulo
3311 1343 3576 1409 posterius

1982 1428 2311 1497 fapparebit.’
2335 1430 2461 1497 Ejus
2498 1429 2660 1498 igitur
2698 1444 2896 1493 causae,
2943 1444 3060 1499 quae
3107 1432 3158 1483 vi
3189 1447 3281 1484 sua
3338 1433 3387 1486 id
3433 1433 3574 1501 quod

2005 1519 2302 1587 subjectum
2347 1527 2426 1572 est
2493 1518 2680 1583 efﬁcit,
2721 1519 2826 1573 tale
2874 1521 3121 1589 proponit
3163 1525 3485 1590 exemplum,
3518 1533 3577 1578 ut

2006 1610 2144 1678 ignis
2185 1609 2429 1663 accendit
2459 1626 2472 1662 :
2499 1624 2619 1663 nam
2662 1611 2998 1664 accensionis
3038 1612 3206 1679 ipsius
3236 1627 3392 1667 causa
3440 1615 3575 1682 ignis

324 1723 424 1763 nes
464 1708 877 1763 innumerabiles
932 1717 1244 1775 nascuntur,
1296 1723 1432 1762 unus
1487 1708 1630 1761 enim
1673 1706 1901 1775 quilibet
1939 1689 1982 1749 Β
2010 1711 2113 1765 est,
2157 1711 2210 1755 et
2240 1701 2290 1754 id
2321 1701 2537 1756 efﬁcere
2556 1708 2750 1770 potest,
2792 1711 2951 1771 atque
2996 1692 3122 1756 illud
3153 1704 3291 1772 quod
3333 1704 3578 1759 accendi-

322 1814 514 1852 eorum
553 1798 741 1851 modus
781 1798 1003 1851 infinitis
1032 1798 1469 1852 conclusionibus
1502 1798 1670 1866 aptari
1703 1804 1898 1864 potest,

312 1891 494 1944 Veluti
528 1890 732 1961 primus
754 1905 814 1944 ac
845 1890 1112 1944 secundus
1143 1891 1195 1943 in
1219 1890 1468 1943 omnibus
1497 1905 1614 1957 qua:
1640 1889 1740 1943 sibi
1768 1903 1899 1941 con-

276 2008 285 2013 -
323 1994 463 2033 nexa
494 1990 636 2044 sunt,
669 1994 895 2053 quorum
937 1978 1114 2033 nullus
1144 1988 1227 2033 est
1257 1995 1532 2045 numerus,
1566 1980 1610 2033 si
1633 1980 1752 2048 quis
1780 1994 1902 2047 per-

321 2070 477 2139 scqui
501 2071 647 2135 velit,
681 2071 913 2140 itemque
937 2072 1343 2140 repugnantium
1375 2072 1579 2125 infinita
1609 2084 1689 2125 est
1720 2073 1900 2125 multi-

323 2162 474 2223 tudo,
511 2164 561 2214 itt
593 2162 786 2230 quibus
815 2162 1002 2217 tertius
1034 2162 1224 2217 modus
1268 2173 1350 2216 est
1391 2163 1558 2227 utilis;
1590 2164 1716 2219 item
1752 2164 1898 2231 plura

322 2252 593 2319 disjuncta
644 2262 768 2307 sunt
821 2254 872 2307 in
924 2254 1120 2323 quibus
1150 2266 1390 2323 quartus,
1448 2265 1502 2309 et
1553 2254 1792 2323 quintus,
1847 2263 1900 2309 et

323 2351 535 2406 sextos,
567 2350 620 2395 cl.
648 2344 908 2411 septimus
947 2344 1227 2413 plurimum
1259 2345 1454 2398 valent.
1489 2349 1661 2414 Atque
1694 2346 1745 2399 iu
1793 2346 1894 2411 his,

318 2434 524 2499 inquit,
554 2435 726 2489 omnis
752 2435 863 2490 fere
889 2447 968 2490 est
998 2437 1294 2503 dialectica,
1345 2437 1439 2490 sed
1477 2437 1541 2489 ad
1593 2437 1900 2505 topieos.io-

318 2541 417 2580 cos
455 2535 565 2580 tres
594 2529 747 2595 primi
787 2520 928 2583 modi
961 2539 1086 2583 sunt
1115 2531 1425 2595 necessarii,
1459 2531 1548 2597 qui
1576 2530 1899 2584 antecessio-

320 2636 466 2681 ltt‘lll,
517 2621 950 2674 consecutionem
992 2629 1047 2674 et
1095 2620 1496 2689 repttgtantiam
1548 2630 1749 2673 tenent.
1799 2621 1899 2673 Be-

322 2708 454 2774 liqui
476 2723 599 2761 vero
616 2709 950 2777 complenda:
969 2709 1346 2778 disputationis
1369 2710 1535 2777 magis
1553 2710 1719 2777 gratia
1740 2724 1895 2777 quam

318 2799 465 2867 quod
489 2799 552 2851 ad
583 2799 720 2854 hanc
745 2800 1133 2855 institutionem
1165 2801 1457 2854 necessarii
1488 2800 1685 2855 fuerint
1715 2801 1899 2854 viden-

300 2880 415 2949 ’ωι-
439 2891 652 2958 adjecti.

396 2982 675 3036 Proximus
721 2991 794 3037 est
827 2986 968 3037 locus
996 2999 1166 3035 rerum
1196 2985 1533 3053 efﬁcientium,
1582 2999 1696 3052 qute
1729 2998 1898 3036 causa:

316 3077 682 3151 appellantur,
728 3076 912 3127 deinde
950 3091 1118 3127 rerum
1147 3075 1442 3149 ej/I'c'ctarum
1486 3074 1547 3127 ab
1576 3075 1898 3143 efﬁcientibus

317 3169 513 3231 causis;
544 3167 728 3219 harum
771 3168 1001 3237 exempla
1044 3176 1097 3217 nt
1147 3167 1456 3231 reliquorum
1485 3166 1711 3219 locorum
1743 3168 1897 3233 paulo

316 3267 440 3310 ante
460 3258 624 3325 posui,
655 3267 702 3309 et
729 3256 933 3325 quidem
959 3272 1019 3309 ea:
1040 3258 1161 3327 jure
1180 3257 1333 3309 civili.
1363 3256 1467 3311 Sed
1495 3258 1601 3310 hac
1623 3268 1794 3324 patent
1821 3258 1899 3309 la-

321 3350 426 3403 tius
456 3365 474 3401 :
493 3332 771 3401 causarum
798 3349 931 3401 enim
961 3364 1144 3417 genera
1175 3349 1277 3402 duo
1306 3358 1420 3401 sunt
1451 3365 1467 3401 :
1494 3365 1650 3401 unum
1689 3348 1825 3416 quod
1852 3348 1901 3400 vi

300 3458 418 3503 ,sua
442 3440 498 3492 id
528 3440 665 3506 quod
687 3440 780 3492 sub
805 3455 865 3492 ea
893 3440 1176 3509 subjectum
1206 3449 1301 3503 est,
1330 3450 1464 3491 certe
1488 3440 1653 3507 e/ﬁcit,
1688 3448 1739 3490 ut
1769 3439 1900 3505 ignis

318 3532 587 3595 accendit;
618 3530 835 3584 alterum
866 3532 1000 3599 quod
1031 3538 1268 3583 naturam
1307 3530 1552 3597 eﬂiciendi
1590 3546 1689 3581 non
1728 3529 1897 3591 habet,

318 3625 414 3677 sed
450 3625 562 3685 sine
596 3640 696 3691 quo
735 3622 860 3691 eﬁici
905 3638 1005 3675 non
1036 3621 1215 3689 possit,
1259 3631 1313 3673 ut
1360 3621 1403 3673 si
1431 3622 1544 3687 quis
1574 3636 1642 3672 tes
1690 3635 1900 3672 causam

318 3724 505 3768 statua:
526 3714 642 3766 uelit
666 3713 850 3778 dicere,
877 3711 1015 3781 quod
1037 3712 1147 3764 sine
1172 3726 1232 3763 eo
1260 3726 1359 3763 non
1388 3711 1543 3777 possit
1565 3710 1707 3778 eﬁici.
1732 3708 1902 3780 Hujus

318 3806 522 3876 generis
557 3820 829 3857 causarum
886 3802 996 3856 sine
1047 3819 1147 3872 quo
1195 3819 1296 3855 non
1345 3803 1585 3871 e/ﬁcitur,
1631 3802 1737 3854 alia
1783 3809 1901 3853 sunt

317 3896 498 3963 q‘uieta
543 3892 670 3946 nihil
706 3893 931 3963 agentia,
975 3890 1163 3945 stolida
1204 3892 1598 3960 quodammodo,
1642 3900 1695 3944 ut
1736 3892 1899 3955 locus,

323 3995 549 4053 tempus,
586 3985 825 4048 materia,
854 3985 1189 4052 ferramenta,
1221 3994 1268 4036 et
1306 3996 1487 4036 cwtera
1522 3983 1719 4053 generis
1764 3984 1905 4052 ejus-

324 4081 479 4139 dem;
509 4077 616 4130 alia
641 4086 812 4130 autem
840 4078 1234 4148 prtecursionem
1267 4077 1541 4144 quamdam
1571 4077 1809 4130 adhibent
1835 4077 1901 4129 ad

319 4168 659 4237 efﬁciendum,
690 4176 736 4221 et
765 4170 997 4234 quautam
1026 4165 1247 4231 afferunt
1284 4184 1372 4234 per
1401 4184 1455 4220 se
1477 4169 1800 4237 adjumenta,
1832 4176 1906 4221 et-

323 4260 370 4311 si
399 4274 500 4310 non
528 4258 832 4319 necessaria,
863 4266 917 4309 ut
952 4257 1117 4308 amori
1144 4258 1432 4326 congressio
1460 4272 1667 4310 causam
1700 4258 1893 4310 attule-

322 4358 428 4413 rat,
459 4363 602 4399 amor
630 4347 848 4415 ﬂagitio.
886 4344 967 4398 E1:
1004 4347 1097 4399 hoc
1126 4362 1306 4415 genere
1332 4362 1603 4399 causarum
1634 4362 1697 4400 ea:
1738 4356 1904 4400 teter—

320 4441 488 4491 nitate
518 4439 844 4505 pendentium
875 4438 1037 4505 fatum
1080 4454 1111 4489 a
1160 4437 1345 4491 Stoicis
1384 4437 1620 4500 nectitur,
1657 4445 1805 4505 atque
1845 4445 1900 4488 ut

319 4547 505 4594 carum
537 4545 809 4583 causarum
837 4530 946 4582 sine
979 4528 1163 4593 quibus
1187 4528 1314 4596 efﬁci
1357 4544 1459 4581 non
1487 4536 1669 4595 potest,
1714 4543 1900 4596 genera

318 4622 507 4686 dividi,
539 4622 613 4673 sic
632 4622 781 4673 etiam
813 4620 1131 4687 elﬁcientium
1160 4619 1318 4672 dividi
1340 4627 1568 4686 possunt.
1603 4618 1738 4673 Sunt
1767 4619 1902 4670 enim

322 4714 443 4767 alia:
464 4729 633 4766 causw
661 4727 775 4781 qua:
807 4713 956 4777 plane
974 4712 1188 4781 eﬁiciant
1216 4711 1360 4764 nulla
1383 4728 1436 4764 re
1464 4710 1903 4781 adjuvante,alite

232 4862 233 4865 η
320 4824 439 4874 qua:
468 4808 700 4877 adjuvari
731 4808 907 4870 velint,
949 4817 999 4860 ut
1041 4807 1294 4873 sapientia
1338 4807 1485 4875 e/ﬁcit
1518 4806 1808 4874 sapientes:
1835 4822 1903 4857 an

323 4900 437 4948 sola
481 4915 570 4967 pur
611 4915 663 4951 se
701 4898 870 4950 beatos
909 4897 1106 4966 eﬂ‘iciat,
1156 4912 1313 4950 necne
1357 4896 1469 4949 sola
1506 4913 1595 4965 per
1643 4914 1716 4959 se,
1763 4911 1899 4964 qua!-

321 4989 423 5040 stio
443 4998 536 5041 est.

324 5123 331 5143 τ
396 5081 519 5132 Post
551 5095 673 5135 eum
709 5080 882 5135 locum
907 5080 995 5149 qui
1022 5082 1072 5133 in
1103 5079 1413 5134 conditione
1442 5087 1525 5134 est
1551 5080 1895 5140 constitutus,

322 5188 658 5240 consequens
701 5181 817 5227 erat
868 5174 913 5226 is
956 5173 1046 5241 qui
1084 5171 1525 5230 considerabatur
1568 5186 1632 5225 ex
1681 5172 1893 5233 causis;

323 5269 447 5328 post
475 5262 615 5314 hunc
664 5262 707 5314 is
756 5270 1102 5316 enumeratus
1137 5262 1287 5315 locus
1331 5269 1413 5315 est
1438 5259 1549 5327 qui,
1600 5260 1653 5312 in
1694 5257 1897 5313 eﬁ‘cctis

322 5365 605 5403 causarum
662 5338 893 5418 positus,
936 5360 1246 5417 argumenta
1304 5349 1609 5418 praestabat.
1659 5350 1897 5415 Quorum

321 5441 537 5510 quidem
567 5442 809 5511 superius
841 5441 909 5494 Μ.
931 5441 1137 5495 Tullius
1164 5440 1407 5507 exempla
1438 5440 1737 5508 proposuit,
1758 5455 1898 5494 nunc

321 5520 587 5590 ratimtem
619 5533 776 5586 latius
808 5540 1019 5587 tractat.
1055 5530 1185 5586 Cum
1217 5531 1377 5601 igitur
1406 5530 1725 5586 Aristoteles
1766 5545 1895 5599 qua-

322 5634 443 5684 tuor
474 5625 713 5709 posuerit
740 5638 950 5689 causas,
992 5622 1180 5692 quibus
1221 5619 1641 5693 unumquodque
1673 5620 1893 5695 confici-

2003 1800 2108 1858 tur,
2141 1802 2319 1848 movet
2345 1803 2504 1862 atque
2536 1803 2831 1862 permutat.
2865 1794 2993 1848 Eam
3027 1810 3154 1848 vero
3183 1810 3418 1858 causam,
3455 1796 3572 1849 sine

2002 1901 2104 1955 qua
2138 1884 2190 1938 id
2221 1885 2361 1953 quod
2400 1885 2703 1939 faciendum
2735 1895 2817 1939 est
2849 1886 2962 1940 ﬁeri
3000 1888 3200 1954 nequit,
3232 1888 3299 1942 ab
3328 1903 3430 1940 una
3458 1888 3579 1955 ejus

2003 1986 2154 2044 parte
2179 1976 2446 2044 designat,
2474 1978 2636 2030 veluti
2660 1991 2779 2031 cum
2808 1978 2935 2031 dicit
2962 1992 3036 2031 tes
3069 1994 3281 2033 causam
3316 1994 3435 2033 esse
3460 1988 3576 2033 sta-

2002 2080 2129 2138 tuae,
2171 2073 2312 2142 quod
2360 2072 2475 2125 sine
2504 2086 2568 2127 eo
2597 2081 2767 2126 statua
2818 2088 2922 2126 non
2956 2073 3121 2141 possit
3160 2075 3429 2128 existere:
3466 2076 3569 2128 hoc

2002 2148 2167 2228 enim,
2204 2172 2260 2217 ut
2284 2177 2378 2230 per
2400 2162 2695 2217 faciendam
2720 2163 3036 2217 divisionem
3075 2164 3356 2227 clarescet,
3387 2180 3492 2217 non
3515 2179 3577 2218 ea

2003 2254 2115 2323 ipsa
2128 2261 2211 2308 est
2226 2267 2383 2333 causa
2406 2253 2522 2306 sine
2544 2268 2645 2321 qua
2668 2267 2771 2307 non
2796 2253 3047 2318 efﬁcitur,
3070 2255 3162 2308 sed
3183 2269 3303 2324 pars
3324 2254 3439 2323 ejus
3456 2270 3578 2308 esse

2004 2346 2408 2399 monstrabitur.
2462 2346 2590 2398 Eam
2623 2359 2756 2398 vero
2787 2360 3001 2399 causam
3055 2346 3171 2399 sine
3213 2361 3315 2414 qua
3348 2347 3397 2398 id
3439 2344 3580 2413 quod

2002 2437 2303 2491 faciendum
2340 2444 2447 2500 est,
2480 2434 2619 2490 efﬁci
2643 2451 2751 2489 non
2788 2445 2981 2505 potest,
3014 2436 3206 2490 dividit
3248 2438 3346 2490 hoc
3378 2437 3576 2490 modo:

2001 2530 2102 2581 a'ia
2127 2529 2269 2581 enim
2299 2536 2423 2581 sunt
2443 2527 2643 2596 quieta,
2675 2528 2808 2581 nihil
2833 2531 3063 2598 agentia,
3096 2530 3189 2583 sed
3220 2530 3411 2582 stolida
3438 2544 3575 2597 quo-

2001 2616 2306 2680 dammodo,
2337 2631 2398 2669 ac
2426 2632 2520 2684 per
2546 2631 2627 2682 se,
2657 2618 2757 2670 nisi
2784 2618 2973 2686 agendi
3002 2627 3152 2671 extra
3184 2629 3357 2673 motus
3383 2633 3573 2673 acces-

2002 2708 2153 2771 serit,
2189 2708 2481 2760 immobilia
2510 2725 2520 2759 :
2548 2708 2736 2760 horum
2764 2709 3026 2776 exempla,
3058 2718 3111 2762 ut
3144 2710 3311 2773 locus,
3342 2721 3573 2778 tempus,

2003 2798 2245 2859 materia,
2297 2798 2729 2851 instrumentum.
2792 2800 2963 2852 Omne
3016 2800 3155 2852 enim
3198 2800 3338 2868 quod
3384 2800 3459 2865 ﬁt,
3495 2801 3575 2855 lo-

2005 2902 2126 2941 cum
2172 2901 2395 2941 necesse
2428 2896 2510 2941 est
2541 2888 2738 2941 habere
2782 2889 3102 2957 subjectum,
3137 2889 3187 2942 in
3220 2905 3325 2958 quo
3352 2890 3452 2943 nisi
3480 2891 3580 2944 ali-

1980 2980 2129 3055 quid
2171 2979 2282 3044 ﬁat,
2316 2980 2465 3032 locus
2494 2978 2608 3048 ipse
2641 2978 2928 3033 immobilis
2952 2990 3056 3046 est,
3090 2981 3156 3033 ad
3185 2979 3377 3048 aliqttid
3411 2979 3580 3048 expli-

2002 3072 2249 3125 candum.
2284 3072 2519 3141 Itemque
2550 3074 2769 3127 materia
2799 3080 2854 3126 et
2881 3074 3251 3135 instrumenta,
3283 3075 3384 3128 nisi
3414 3074 3573 3128 manu

2003 3174 2321 3218 moveantur
2356 3158 2610 3229 artiﬁcis,
2642 3166 2754 3234 ipsa
2794 3152 3110 3221 naturaliter
3160 3168 3291 3220 nihil
3347 3168 3575 3236 egerint.

2006 3249 2239 3324 Tempus
2265 3271 2481 3324 quoque
2509 3258 2806 3324 operationi
2837 3252 3134 3327 subjectum
3148 3270 3248 3325 est,
3274 3275 3391 3329 quae
3417 3260 3459 3312 si
3487 3258 3579 3312 de-

2003 3348 2093 3410 sit,
2123 3348 2253 3400 nihil
2286 3348 2457 3415 ipsum
2489 3348 2721 3415 propriae
2767 3358 2971 3401 naturae
3019 3350 3224 3403 ratione
3272 3348 3575 3417 perfecerit.
3620 3364 3625 3369 ·

1998 3432 2176 3508 Atque
2228 3440 2342 3494 haec
2390 3440 2603 3507 quidem
2651 3449 2776 3494 sunt
2820 3454 2939 3507 qua:
2976 3440 3106 3493 nihil
3138 3440 3364 3508 agentia,
3399 3450 3575 3493 tamen

2004 3546 2181 3584 causae
2208 3539 2352 3594 sunt,
2388 3532 2431 3583 si
2456 3530 2536 3583 his
2559 3530 2794 3583 efﬁciens
2818 3532 3053 3598 operatio
3076 3533 3430 3597 superveniet.
3461 3532 3577 3585 Alia

2004 3634 2131 3676 vero
2157 3638 2275 3691 qua:
2306 3623 2355 3674 in
2388 3634 2534 3675 motu
2566 3624 2735 3689 posita
2765 3610 3481 3695 prmcursionemquamdam
3508 3620 3575 3674 ad

2006 3712 2345 3766 efficientiam
2375 3726 2437 3765 ac
2459 3712 2899 3780 praeparationem
2931 3711 3176 3765 videntur
3194 3706 3411 3776 afferre,
3435 3711 3578 3764 velut

2004 3805 2203 3858 amoris
2231 3820 2391 3859 causa
2421 3813 2504 3858 est
2532 3805 2862 3872 congressio,
2887 3819 3005 3871 qua:
3035 3804 3327 3872 prmcess‘it,
3352 3812 3405 3855 et
3427 3816 3578 3856 amor

2004 3896 2214 3964 ﬂagitii.
2246 3896 2323 3949 Ex
2352 3896 2453 3957 his,
2485 3894 2679 3963 inquit,
2704 3894 2879 3947 causis
2905 3894 3081 3949 Stoica
3103 3886 3389 3960 disputatio
3414 3890 3575 3943 fatttm

2006 3989 2295 4043 connectit.
2356 3987 2541 4041 Fatum
2593 3986 2735 4040 enim
2784 3986 2969 4039 dicunt
3018 4000 3136 4039 esse
3168 3980 3579 4052 prmeedentium

2005 4094 2287 4134 causarum
2301 4078 2845 4148 subsequentiumque
2859 4077 3256 4147 perplexionem
3271 4074 3577 4144 quamdam,

2005 4180 2057 4225 et
2079 4178 2282 4224 catena:
2308 4185 2455 4223 more
2483 4169 2886 4232 continentiam,
2923 4169 3025 4221 hoc
3066 4166 3265 4220 modo:
3304 4166 3424 4219 Ideo
3450 4180 3577 4233 pro-

2009 4259 2177 4314 fectus
2208 4268 2291 4314 est
2339 4274 2581 4329 peregre,
2628 4259 2877 4327 quoniam
2927 4267 3206 4325 parentum
3254 4256 3577 4310 iracundiam

2011 4353 2149 4406 ferre
2181 4369 2283 4405 non
2317 4360 2546 4420 poterat;
2580 4351 2779 4405 idcirco
2812 4360 3090 4418 parentum
3116 4350 3440 4403 iracundiam
3463 4363 3580 4402 suc~

2008 4445 2250 4499 cessione
2266 4460 2371 4497 non
2400 4443 2621 4506 ferebat,
2648 4444 2770 4511 quia
2800 4426 2982 4494 amicze
3011 4455 3191 4495 amore
3219 4440 3576 4505 detinebatttr,

2010 4538 2210 4592 ideirco
2249 4523 2487 4603 amabat,
2514 4538 2653 4604 quod
2695 4550 2837 4603 saepe
2867 4535 3036 4588 fuerat
3074 4543 3195 4587 ante
3219 4524 3576 4601 icongresstts;

2010 4630 2131 4685 ideo
2177 4644 2496 4698 congressus
2540 4637 2643 4693 est,
2676 4627 2800 4696 quia
2848 4626 3042 4697 aliquid
3082 4633 3140 4680 ttt
3168 4626 3582 4694 congrederetur

2014 4721 2311 4790 prwcessit.
2346 4722 2527 4788 Itaque
2578 4719 2768 4773 ordine
2800 4718 3212 4787 praecedentium
3247 4731 3579 4784 consequen-

2013 4815 2249 4882 tiumqtte
2301 4827 2478 4866 rerum
2521 4811 2682 4866 fatum
2731 4811 2811 4880 (ut
2852 4810 3005 4879 dicit)
3032 4806 3287 4865 aStoieis
3332 4808 3575 4861 nectitur.

2014 4903 2142 4957 Item
2171 4902 2355 4956 dividit
2380 4917 2496 4955 eam
2520 4915 2733 4954 causam
2764 4916 2884 4969 qua:
2906 4901 2956 4954 vi
2988 4916 3079 4954 sua
3120 4900 3279 4953 efficit
3304 4896 3493 4966 aliquid
3528 4897 3576 4948 in

2008 5009 2125 5048 eam
2154 5009 2271 5062 quat
2300 4995 2363 5046 ad
2396 4982 2735 5046 efﬁciendum
2766 4993 2864 5046 sibi
2916 4993 3160 5055 sufﬁciat,
3210 4982 3429 5053 eamque
3458 5002 3576 5055 quae

2009 5084 2341 5138 extrinsecus
2367 5082 2855 5137 adminiculationis
2887 5083 3142 5151 indigeat.
3174 5078 3376 5135 Sufﬁcit
3420 5077 3578 5146 igitur

2007 5176 2106 5229 sibi
2138 5175 2202 5228 ad
2250 5174 2585 5228 efﬁciendum
2633 5189 2811 5240 causa,
2846 5185 2901 5228 ut
2929 5172 3187 5240 sapientia
3231 5170 3445 5222 efﬁcere
3491 5182 3578 5222 sa-

2010 5266 2213 5333 pientes
2241 5279 2335 5332 per
2362 5278 2419 5318 se
2452 5264 2596 5317 nullo
2628 5266 2840 5332 penitus
2885 5263 3064 5327 adjuta
3110 5260 3264 5313 solet.
3310 5258 3412 5311 Sed
3461 5258 3574 5310 hate

2006 5373 2072 5410 an
2104 5356 2215 5409 sola
2248 5356 2430 5409 beatos
2455 5356 2670 5411 efﬁcere
2700 5356 2884 5424 possit.
2914 5353 3169 5423 quaeritur
3197 5367 3263 5405 an
3285 5352 3332 5406 ei
3356 5351 3574 5423 sintex-

2009 5444 2271 5497 trinsecus
2299 5443 2539 5497 addenda
2570 5458 2688 5509 qua:
2713 5444 2919 5509 juvent,
2949 5444 3028 5494 vel
3054 5440 3283 5494 fortuna:
3305 5434 3461 5505 bona,
3489 5438 3572 5492 vel

2004 5531 2264 5600 corporis,
2290 5533 2465 5603 itaque
2490 5547 2553 5587 ea
2582 5547 2895 5599 causath
2938 5532 2985 5584 vi
3015 5546 3108 5584 stta
3155 5529 3319 5584 efficit
3347 5529 3568 5597 aliquid,

2004 5631 2093 5679 aut
2123 5622 2241 5680 talis
2270 5634 2368 5692 est,
2399 5632 2454 5680 ut
2483 5624 2530 5679 ei
2573 5623 2714 5679 nulla
2740 5623 2848 5678 sint
2874 5622 3224 5679 extrinsecus
3267 5622 3575 5690 adjumeuta
