4036 6336
52 4484 59 4505 1

46 4518 63 4579 ὲ

490 188 626 245 1H7
1702 181 1809 237 AN.
1854 177 2063 236 MANL.
2100 175 2250 235 SEV.
2291 174 2508 231 BOE'l‘ll
3598 172 3741 229 H48

486 297 797 373 quaerenda,
824 296 987 353 veluti
1017 295 1204 351 artiﬁci
1258 293 1609 349 instrumenta
1639 291 1902 359 quaedam,
1932 290 2051 358 qui-
2082 291 2131 348 Α
2158 254 2267 339 νᾶηι
2296 289 2459 340 trabes
2478 286 2505 340 .'
2519 287 2615 340 nisi
2635 287 2797 340 enimc
2809 286 3072 342 ccidissent
3099 286 3324 358 abiegth
3337 287 3413 341 ad
3426 296 3613 341 terram
3634 299 3738 341 tra-

489 392 592 446 bus
622 391 673 445 id
710 389 851 459 quod
879 388 1215 443 efﬁciendum
1269 395 1353 440 est
1393 385 1623 451 explicet
1653 393 1812 453 alque
1849 382 2059 437 confor-

491 492 621 538 met.
650 481 838 534 Earum
867 494 993 533 vero
1022 479 1257 532 omnium
1289 491 1406 544 qua:
1436 474 1640 529 Tullius
1667 473 1853 527 statuit
1897 472 1948 526 in
1979 471 2059 523 al-
2102 536 2105 537 ν

494 582 692 627 terutra
720 571 983 624 divisione
1020 583 1323 632 causarum,
1373 567 1457 618 illa
1486 566 1698 633 quidem
1729 577 1846 632 quze
1885 560 1936 615 vi
1966 574 2061 617 sua

495 664 761 730 explicant
810 678 870 716 ea
902 676 1124 732 quorum
1157 675 1333 714 causae
1363 668 1509 722 sunt,
1538 656 1714 712 omnia
1745 665 1850 708 tam
1886 670 1977 721 per
2007 666 2066 706 se

494 755 558 807 ad
590 753 929 807 efﬁciendum
980 752 1235 816 valentia,
1266 765 1424 817 quam
1474 748 1681 815 quzcsiti
1732 745 2066 798 extrinsecus

490 844 779 913 juvaminis
832 842 1144 911 indigentia,
1178 842 1230 894 in
1280 855 1340 894 ea
1393 838 1747 897 Aristotelian
1784 833 2067 889 divisionis

493 950 652 988 causa
684 920 1025 997 locabuntur,
1051 948 1167 1003 ane
1190 944 1270 986 est
1304 932 1617 999 principium
1649 938 1843 984 motus.
1889 929 2069 993 Quan-

495 1041 652 1095 quam
700 1025 767 1078 de
797 1029 1055 1092 sapientia
1107 1023 1203 1079 tali
1238 1038 1415 1076 causa:
1464 1036 1568 1075 non
1599 1023 1845 1074 convenit
1889 1032 2070 1072 exem-

497 1115 665 1183 plum,
692 1115 784 1168 sed
818 1115 993 1182 potius
1024 1113 1087 1167 ad
1120 1113 1376 1167 rationem
1409 1113 1741 1181 formamque
1769 1111 2066 1165 contendit.

496 1203 734 1272 Namque
767 1203 1022 1273 sapientia
1057 1205 1263 1257 ratione
1291 1203 1518 1271 quadam
1551 1211 1708 1269 atque
1739 1201 1908 1254 forma
1949 1200 2068 1253 efﬁ-

497 1296 571 1350 cit
598 1295 885 1363 sapientes.
921 1296 1049 1363 Ejus
1079 1310 1205 1348 vero
1249 1311 1426 1349 causa:
1457 1309 1615 1363 quam
1646 1293 1849 1347 Tullius
1884 1291 2069 1355 refert,

500 1388 617 1442 sine
644 1403 745 1454 qua
768 1402 871 1440 non
906 1388 962 1439 ﬁt
989 1386 1206 1453 aliquid,
1256 1387 1474 1440 materia
1506 1386 1758 1453 quidem;
1785 1393 1994 1451 tempus
2020 1389 2075 1436 et

498 1479 668 1545 locus,
700 1480 749 1533 id
781 1488 882 1558 est,
913 1495 978 1534 ex
1006 1495 1111 1550 quo
1143 1480 1223 1545 ﬁt,
1254 1480 1338 1533 vel
1372 1482 1421 1532 in
1454 1494 1560 1545 quo
1593 1479 1671 1542 ﬁt,
1699 1493 1818 1545 quae
1845 1484 1970 1531 sunt
1992 1476 2073 1531 ef-

500 1572 697 1625 ficienti
735 1572 1034 1625 substantia
1081 1584 1283 1625 naturae
1323 1588 1337 1626 ;
1373 1580 1429 1624 ut
1456 1585 1560 1624 uno
1603 1570 1873 1623 intellectu
1923 1582 2073 1622 com-

2163 379 2268 440 bes,
2300 380 2434 448 Argo
2462 377 2554 430 illa
2598 380 2736 447 facta
2782 394 2881 431 non
2925 386 3073 443 esset,
3116 394 3207 431 nec
3250 388 3415 431 tamen
3447 380 3545 448 fuit
3580 381 3633 430 in
3659 380 3739 433 Itis

2164 467 2386 519 trabibus
2424 468 2669 535 efficiendi
2711 469 2784 519 vis
2809 467 3113 519 necessaria.
3141 467 3205 519 At
3230 467 3421 519 tumin
3451 467 3625 536 Ajacis
3646 482 3742 518 na-

2163 566 2270 609 uem
2307 557 2899 626 crispisulcanse‘gneum
2932 558 3124 625 fulmen
3144 556 3388 625 injectum
3418 564 3511 618 est,
3538 556 3742 621 inﬂam-

2166 660 2334 700 matur
2360 650 2500 701 nnvis
2530 652 2831 701 necessario.

2240 755 2410 808 Prima
2441 754 2657 823 quidem
2706 768 2987 807 causarum
3024 753 3242 817 divrsio,
3274 752 3573 807 secundum
3617 752 3744 806 Tul-

2169 846 2320 907 liutn,
2351 845 2446 899 fuit
2475 845 2526 899 in
2551 860 2613 899 ea
2640 859 2757 914 quae
2781 846 3058 898 efﬁcerent
3076 844 3299 912 aliquid,
3327 856 3378 895 et
3405 858 3466 896 ea
3493 845 3611 897 sine
3628 845 3748 911 qui.

2169 937 2267 993 bus
2293 936 2429 991 effici
2459 951 2563 991 non
2594 945 2794 1005 posset,
2825 947 2989 1005 atque
3031 935 3161 988 illud
3192 935 3410 1003 quidem
3442 935 3585 1003 quod
3629 933 3746 987 efﬁ-

2169 1037 2335 1093 ceret,
2372 1027 2424 1080 in
2450 1027 2656 1094 gemina
2686 1025 2810 1080 item
2837 1025 3065 1095 partitus
3084 1032 3188 1086 est,
3207 1023 3409 1077 scilicet
3443 1024 3499 1076 in
3532 1023 3587 1075 id
3605 1023 3746 1091 quod

2170 1118 2236 1171 ad
2285 1116 2621 1171 efﬁciendum
2669 1116 2870 1183 aliquid
2900 1116 3254 1169 necessariam
3286 1114 3393 1166 vim
3412 1113 3745 1181 possideret,

2172 1222 2343 1276 neque
2373 1208 2529 1261 ullius
2554 1206 2816 1276 indigeret
2837 1206 3176 1260 extrinsecus
3200 1204 3517 1273 adjumenti,
3542 1215 3594 1259 et
3620 1204 3675 1257 in
3698 1206 3747 1257 id

2171 1300 2311 1369 quod
2344 1300 2445 1353 nisi
2500 1300 2620 1353 aliis
2667 1299 3043 1366 adjuvantibus
3090 1298 3301 1364 onerari
3332 1306 3493 1365 atque
3526 1296 3755 1350 efﬁcere

2177 1407 2283 1445 non
2313 1371 2515 1461 posset.
2545 1391 2623 1444 Ac
2649 1390 2876 1457 primum
2907 1389 2975 1442 de
2999 1403 3059 1442 ea
3090 1389 3323 1456 loquitur
3342 1401 3503 1441 causa
3534 1388 3752 1450 quaef-

2176 1483 2387 1536 ﬁciendi
2434 1483 2540 1536 vim
2574 1490 2747 1546 tenet,
2778 1482 2894 1549 ejus
2922 1482 3065 1534 enim
3094 1493 3157 1533 ea
3196 1493 3319 1547 pars
3353 1480 3439 1531 cui
3468 1478 3733 1532 efﬁciendi

2177 1573 2467 1626 necessitas
2495 1571 2668 1636 adest,
2698 1570 2877 1625 statim
2925 1584 3105 1624 secum
3133 1566 3537 1622 conclusionem
3586 1566 3753 1621 comi—

502 1660 918 1730 prehendantur,
943 1661 1024 1714 vel
1043 1662 1266 1716 materia
1290 1671 1431 1723 sunt,
1460 1660 1542 1715 vel
1565 1660 1799 1714 materia:
1821 1659 1933 1712 vice
1949 1673 2074 1727 sup-
2102 1656 2153 1715 B
2182 1674 2284 1717 tem
2309 1662 2504 1727 trahit;
2530 1660 2672 1715 dicta
2702 1662 2842 1715 enim
2867 1675 3049 1727 causa,
3076 1674 3194 1728 quae
3219 1660 3526 1714 necessario
3549 1658 3755 1727 aliquid

504 1752 705 1819 posita;
733 1753 1081 1805 instrumenta
1109 1768 1236 1807 vero
1261 1754 1308 1806 ei
1335 1768 1508 1805 causa:
1536 1760 1795 1817 suntquae
1822 1750 1886 1803 ad
1914 1752 2072 1803 linem

501 1850 767 1908 Spectant,
800 1842 892 1894 sed
944 1858 1048 1895 non
1096 1842 1211 1910 ipsa
1261 1841 1402 1906 ﬁnis,
1429 1844 1551 1910 quia
1594 1856 1697 1895 non
1730 1840 1849 1893 ﬁnis
1878 1839 2076 1893 instru-

501 1944 680 1984 menta
713 1933 945 2000 respicit,
974 1936 1064 1986 sed
1114 1934 1227 1986 lucc
1255 1934 1433 1987 linem.
1464 1932 1817 1986 Instrumenta
1848 1944 2075 1999 namque

505 2032 722 2091 propter
755 2024 982 2091 aliquem
1014 2024 1171 2077 linem
1216 2032 1486 2091 parantur.
1520 2021 1626 2076 Sed
1675 2020 1865 2074 mirum
1907 2019 2074 2073 videri

509 2122 684 2178 potest
730 2128 825 2166 cur
863 2116 1297 2183 congressionem
1352 2114 1552 2167 amoris
1597 2127 1811 2166 causam
1858 2127 1964 2165 non
1997 2112 2077 2165 in-

507 2211 652 2255 terea
699 2206 1052 2268 enutneravit,
1098 2220 1216 2273 qua:
1264 2204 1460 2258 habent
1496 2204 1761 2258 efﬁciendi
1810 2202 1935 2266 vim,
1984 2201 2077 2256 sed

506 2292 648 2347 inter
667 2308 758 2348 eas
791 2294 1024 2362 posuerit
1053 2310 1262 2360 causas,
1296 2297 1414 2350 sine
1441 2295 1632 2365 quibus
1659 2294 1795 2349 efﬁci
1840 2309 1946 2349 non
1986 2309 2081 2362 po-

506 2393 635 2449 test,
669 2401 788 2439 cum
840 2395 1013 2440 tamen
1068 2395 1189 2456 agit
1234 2387 1431 2455 aliquid
1477 2396 1636 2455 atque
1678 2394 1905 2439 moveat.
1947 2384 2079 2438 Nam

510 2475 621 2541 ipsa
657 2477 967 2545 congressio
1013 2477 1212 2546 aliquid
1250 2479 1459 2532 videtur
1488 2478 1727 2541 efﬁcere,
1784 2477 2081 2545 similisque

504 2574 588 2619 est
625 2566 674 2620 ei
717 2581 891 2621 causa:
929 2583 1047 2636 quae
1077 2569 1187 2634 ipsa
1219 2568 1431 2636 quidem
1462 2567 1619 2622 habet
1644 2566 1910 2621 efﬁciendi
1949 2567 2079 2633 vim,

508 2658 603 2712 sed
631 2658 747 2712 sine
774 2660 1099 2713 adminiculo
1123 2675 1227 2713 non
1258 2670 1459 2731 potest,
1490 2662 1651 2715 veluti
1680 2675 1799 2714 cum
1828 2660 2083 2727 quaeritur

505 2747 573 2802 de
594 2748 851 2818 sapientia
884 2765 949 2803 an
983 2752 1094 2803 sola
1121 2751 1333 2805 beatum
1366 2751 1533 2818 possit
1571 2748 1806 2803 efficere.
1835 2749 1941 2803 Sed
1976 2749 2082 2803 Me-

508 2841 772 2895 robaudes
796 2842 979 2895 rhetor
1007 2843 1077 2895 ita
1101 2843 1353 2897 disseruit
1370 2883 1385 2907 ,
1432 2858 1613 2896 earum
1637 2855 1935 2904 causarum,
1966 2855 2083 2909 quae.

504 2931 768 2986 efﬁciendi
819 2934 923 2987 vim
974 2932 1253 2998 haberent,
1310 2948 1427 2987 eam
1478 2947 1599 2986 esse
1660 2932 1982 2993 facultatem,
2026 2939 2082 2984 ut

507 3027 715 3082 etiamsi
767 3028 1089 3096 adjumemis
1138 3029 1471 3082 extrinsecus
1522 3026 1811 3094 indigeant,
1863 3016 2157 3081 effectusC

507 3122 689 3170 tamen
716 3133 897 3171 earum
929 3118 994 3171 ad
1026 3119 1077 3171 id
1105 3127 1309 3186 spectet
1338 3117 1479 3184 quod
1522 3117 1859 3171 efﬁciendum
1886 3126 1986 3169 est.
2018 3118 2087 3170 At

518 3207 573 3259 in
606 3205 686 3259 his
713 3206 889 3259 causis
929 3223 1046 3276 qua:
1076 3216 1200 3261 sunt
1228 3208 1615 3275 praecursorius.
1648 3206 1855 3260 etiamsi
1884 3206 1963 3259 eis
1987 3222 2086 3258 an-

512 3296 875 3353 tecedentibus
899 3298 1098 3365 aliquid
1127 3299 1325 3362 existit,
1361 3308 1667 3352 nontamen
1699 3296 1751 3351 id
1795 3296 1934 3366 quod
1976 3296 2089 3350 exi-

511 3394 655 3440 stcre
675 3386 991 3457 intelligitur
1008 3388 1294 3455 prmcursio
1317 3387 1963 3455 principaliteroperatur.
1982 3385 2088 3440 Sed

514 3479 612 3532 ista
631 3476 841 3546 quidem
864 3480 1022 3532 veluti
1038 3479 1134 3532 sub
1146 3477 1371 3547 quadam
1389 3478 1669 3532 occasione
1687 3477 1989 3544 praeurrit,
2004 3476 2090 3531 illa

510 3584 638 3625 vero
652 3569 864 3640 reslquzc
877 3570 1108 3625 existere
1122 3570 1334 3634 dicitur,
1352 3568 1821 3638 aliisoperantibus
1834 3569 2089 3635 nascitur,

521 3663 727 3735 velutjn
742 3664 1122 3734 congressione
1135 3664 1306 3717 solum
1321 3661 1406 3733 [an
1423 3663 1637 3717 solitum
1652 3660 1695 3731 ἲ]
1714 3662 1941 3716 estﬁeri.
1960 3661 2091 3715 For-

515 3761 657 3807 tasse
683 3756 827 3807 enim
852 3768 955 3806 non
985 3762 1201 3822 propter
1218 3769 1455 3807 amorem
1480 3755 1706 3823 quisque
1726 3754 2090 3822 congreditur,

514 3844 610 3898 sed
665 3842 1001 3911 praecedente
1055 3845 1432 3912 congressione
1477 3860 1628 3897 amor
1672 3843 1885 3908 existit,
1933 3859 2093 3912 quem

517 3949 623 3987 non
665 3938 975 4003 congressio
1002 3934 1366 4003 principalth
1395 3936 1703 4004 appetebat.
1743 3936 1921 4005 Itaque
1957 3950 2093 4004 quo-

520 4024 659 4085 niam
692 4032 887 4091 prmtcr
935 4025 1368 4096 congressionem
1401 4040 1552 4078 aIIIOI‘
1581 4025 1814 4079 existere
1863 4038 1966 4079 non
1998 4040 2097 4093 po-

520 4116 639 4177 tuit,
668 4125 810 4167 recte
840 4115 978 4167 inter
1006 4130 1097 4167 eas
1118 4130 1305 4167 causas
1335 4114 1643 4184 congressio
1687 4115 1857 4169 locata
1890 4115 2097 4171 videtur

521 4206 636 4258 sine
658 4205 847 4274 quibus
879 4222 982 4258 non
1015 4205 1266 4272 efﬁcitur;
1299 4206 1552 4273 quoniam
1576 4221 1707 4260 vero
1737 4224 1840 4259 non
1862 4207 2026 4262 efﬁcit
2048 4208 2095 4261 vi

522 4311 640 4359 sua,
689 4296 1116 4364 quandoquidem
1150 4313 1247 4350 nec
1281 4297 1646 4365 principaliter
1672 4308 1724 4350 ut
1748 4297 2100 4367 efﬁciat,spc-

2179 1754 2364 1819 efﬁcit,
2396 1753 2617 1808 effectus
2644 1752 2805 1806 etiam
2834 1767 3055 1807 necesse
3071 1760 3155 1807 est
3180 1761 3566 1820 consequatur,
3592 1750 3757 1805 veluti

2179 1846 2223 1900 si
2254 1847 2420 1899 Solem
2446 1844 2681 1899 adfuisse
2706 1845 2824 1912 quis
2847 1844 3060 1907 dixerit,
3078 1844 3249 1897 lucem
3277 1856 3490 1912 quoque
3514 1840 3755 1896 adfuisse

2181 1935 2519 2000 monstrabit,
2569 1943 2662 1988 aut
2688 1948 2810 1990 cum
2840 1933 2999 1987 alicui
3029 1932 3219 1987 adesse
3255 1932 3573 2000 sapientiam
3602 1930 3781 1984 dise-‘

2180 2024 2371 2089 rimus,
2421 2024 2714 2092 sapientem
2765 2037 2988 2078 necesse
3023 2031 3107 2077 est
3148 2022 3429 2076 fateamur.
3477 2021 3546 2074 At
3593 2021 3647 2073 in
3677 2019 3759 2075 bis

2184 2116 2359 2170 causis
2397 2114 2750 2169 efﬁcientibus
2787 2128 2906 2182 qua:
2941 2112 3287 2181 estrapositis
3334 2109 3760 2180 indigent'adju-

2184 2210 2398 2273 mentis,
2427 2225 2531 2263 non
2563 2210 2751 2263 eadem
2773 2208 2910 2263 ratio
2935 2217 3017 2263 est
3041 2225 3056 2273 ;
3082 2222 3254 2277 neque
3280 2207 3425 2262 enim
3453 2218 3510 2260 ut
3532 2220 3762 2277 qumque

2185 2303 2487 2371 huiusmodi
2515 2317 2673 2357 causa
2701 2303 2914 2368 dicitur,
2941 2303 3009 2355 ita
3035 2315 3259 2355 necesse
3285 2310 3368 2355 est
3385 2298 3638 2355 effectum
3669 2316 3762 2357 se-

2184 2393 2295 2461 qui.
2343 2392 2456 2446 Non
2507 2393 2647 2445 enim
2698 2390 2999 2461 huiusmodi
3028 2405 3189 2444 causa
3239 2389 3550 2444 necessario
3596 2388 3763 2441 efﬁcit

2184 2483 2323 2551 quod
2355 2483 2486 2547 vult,
2520 2482 2618 2535 nisi
2656 2482 2999 2549 estrapositis
3028 2466 3240 2535 auxiliis
3265 2479 3583 2544 adjuvetur;
3619 2480 3762 2530 idem

2186 2582 2268 2625 est
2294 2572 2456 2626 etiam
2487 2573 2539 2626 in
2567 2586 2627 2624 ea
2650 2585 2807 2624 causa
2836 2587 2955 2640 qua:
2976 2571 3089 2640 ipsa
3117 2570 3329 2639 quidem
3357 2568 3627 2623 efﬁciendi
3658 2568 3763 2619 vim

2186 2678 2292 2716 non
2316 2663 2495 2725 habet.
2539 2664 2633 2717 sed
2661 2664 2777 2717 sine
2805 2677 2868 2716 ea
2898 2679 3002 2717 non
3049 2661 3294 2730 provenit
3327 2659 3573 2715 eﬁectus.
3607 2658 3762 2725 Nam,

2188 2769 2243 2810 ut
2265 2757 2470 2811 Tullius
2497 2771 2707 2825 quoque
2734 2761 3139 2821 commemorat,
3163 2752 3361 2806 nullam
3384 2752 3439 2804 in
3462 2750 3766 2805 efﬁciendis

2188 2846 2348 2899 rebus
2377 2845 2593 2898 adhibet
2624 2844 3019 2905 necessitatem,
3062 2853 3220 2910 atque
3254 2842 3372 2895 ideo
3415 2840 3568 2894 dicta
3607 2854 3766 2895 causa

2191 2952 2295 2992 non
2324 2936 2502 2990 statim
2533 2936 2772 3005 sequitur
2789 2935 3032 2990 effectus.
3057 2933 3239 3003 Neque
3259 2933 3406 2987 enim
3433 2933 3478 2987 si
3505 2946 3769 3001 congres-

2189 3046 2283 3087 sus
2306 3041 2410 3097 est,
2442 3045 2565 3083 mox
2593 3029 2814 3092 amavit,
2845 3042 2943 3081 nec
2962 3028 3008 3081 si
3040 3025 3137 3079 fuit
3165 3040 3258 3088 ass,
3290 3035 3522 3079 statuam
3554 3038 3768 3093 quoque

2190 3122 2356 3177 fuisse
2385 3133 2606 3174 necesse
2635 3126 2737 3183 est,
2768 3133 2832 3173 ex
2864 3132 2971 3186 quo
2992 3118 3212 3171 aliarum
3241 3130 3525 3169 causarum
3556 3114 3768 3183 partitio

2191 3214 2447 3267 nascitur.
2492 3211 2629 3266 Alite
2674 3224 2905 3278 namque
2931 3223 3107 3263 causa:
3135 3216 3261 3262 sunt
3285 3206 3630 3265 necessariae,
3655 3205 3769 3259 alia

2191 3305 2431 3359 minime.
2456 3303 2569 3357 Non
2594 3302 3012 3356 necessariarum
3034 3300 3155 3353 alia:
3167 3298 3630 3361 suntefﬁcientes,
3648 3295 3766 3350 alia

2190 3395 2308 3449 sine
2336 3393 2527 3463 quibus
2550 3407 2656 3447 non
2682 3391 2935 3447 efﬁcitur.
2965 3389 3397 3445 Necessariar‘um
3427 3401 3560 3441 vero
3588 3400 3771 3440 causa.

2192 3502 2310 3540 rum
2340 3485 2616 3539 conclusio
2665 3499 2774 3538 non
2821 3484 2957 3538 solet
2986 3482 3345 3542 conturbare;
3401 3488 3461 3533 ut
3489 3478 3637 3534 enim
3658 3477 3771 3532 hac

2193 3576 2720 3643 eausafueritdicta,
2755 3576 2934 3630 statim
2979 3575 3031 3628 in
3076 3572 3424 3628 conclusione
3477 3580 3774 3641 sequuntur

2193 3669 2440 3723 effectus.
2472 3668 2587 3721 Non
2633 3664 3058 3720 necessariarum
3088 3678 3237 3728 vero,
3281 3677 3400 3731 quae
3425 3668 3557 3716 sunt
3585 3661 3770 3727 partim

2196 3761 2517 3824 efﬁcientes,
2565 3758 2706 3828 quod
2760 3771 2901 3811 nunc
2955 3755 3138 3819 tacuit,
3163 3753 3257 3809 sed
3286 3753 3443 3821 paulo
3475 3760 3605 3805 ante
3643 3764 3773 3817 pra.

2196 3853 2356 3917 dixit,
2389 3866 2495 3904 non
2540 3850 2737 3904 habent
2763 3848 3175 3913 subsequentem
3205 3844 3408 3898 effecta:
3457 3843 3537 3897 rei
3564 3828 3775 3897 concli-

2199 3945 2424 4001 sionem.
2459 3942 2639 4009 Neque
2679 3942 2821 3995 enim
2878 3938 2923 3993 si
2978 3936 3130 3991 liberi
3176 3934 3293 3989 sine
3330 3934 3645 4003 parentibus
3675 3949 3771 3987 non

2200 4046 2341 4101 sunt,
2377 4035 2576 4088 idcirco
2604 4034 2654 4088 in
2680 4031 2986 4101 parentibus
3007 4027 3275 4083 efficiendi
3297 4040 3456 4079 causa
3481 4024 3777 4079 necessst-is

2199 4127 2319 4193 fuit,
2362 4142 2482 4181 cum
2521 4124 2798 4178 videamus
2828 4122 2880 4175 in
2929 4120 3203 4175 hominum
3255 4131 3375 4171 esse
3404 4124 3672 4184 potestate
3715 4130 3778 4169 ne

2200 4222 2435 4287 gignant.
2471 4218 2547 4271 Ea
2574 4230 2701 4271 vero
2728 4228 2887 4269 causa
2926 4226 3043 4282 qua:
3069 4211 3181 4279 ipsa
3214 4208 3431 4272 quidem
3462 4212 3574 4263 no‘n
3597 4206 3777 4271 efficit,

2202 4310 2295 4363 sed
2328 4310 2445 4362 sine
2494 4308 2606 4375 ipsa
2638 4305 2779 4360 efﬁci
2806 4318 2911 4357 non
2943 4310 3140 4370 potest,
3166 4300 3470 4368 huiusmodi
3492 4308 3578 4354 est
3603 4315 3780 4367 quem-

522 4388 762 4449 ctat,scd
788 4398 987 4442 tantum
1003 4402 1063 4440 ea
1086 4397 1207 4441 ante
1220 4387 1629 4457 aliquidexistit,
1649 4396 1790 4441 recte
1808 4388 1943 4441 inter
1961 4404 2094 4457 prte-
2121 4389 2175 4450 D
2201 4400 2487 4454 admodum
2520 4396 2759 4452 Enniano
2779 4409 2936 4448 versu
2964 4392 3289 4447 dedantur,
3316 4389 3429 4443 Nisi
3455 4390 3602 4443 enim
3642 4390 3781 4442 oeci.

524 4477 813 4541 cursorias,
834 4493 895 4531 ac
909 4494 1012 4531 non
1028 4478 1167 4533 inter
1193 4478 1482 4534 efficientes
1497 4493 1684 4532 causas
1712 4488 1794 4533 est
1816 4480 2095 4533 collocata.

596 4587 767 4651 Quare
789 4603 901 4639 cum
926 4589 977 4641 in
1001 4590 1395 4658 disputationem
1418 4590 1652 4643 inciderit
1683 4606 1839 4642 causa
1861 4591 2095 4659 efﬁciens,

524 4679 720 4749 aliquid
748 4683 1032 4734 necessario
1046 4682 1156 4735 sine
1173 4682 1487 4736 dubitatione
1513 4682 1703 4746 licebit,
1729 4683 1865 4751 quod
1892 4683 2101 4751 efﬁcitur

527 4774 587 4823 ab
612 4789 671 4826 ea
697 4789 854 4827 causa
890 4775 1207 4828 concludere.
1235 4774 1362 4828 Cum
1384 4785 1551 4829 autem
1577 4776 1693 4829 talis
1721 4792 1876 4829 causa
1900 4777 2012 4839 erit,
2045 4786 2099 4828 ut

526 4866 580 4918 in
609 4883 671 4917 ea
692 4884 792 4920 non
816 4868 879 4920 sit
916 4869 1162 4937 efﬁciendi
1205 4869 1494 4930 necessitas,
1529 4870 1815 4921 necessaria
1843 4870 2103 4922 conclusio

529 4972 630 5008 non
653 4959 894 5024 sequitur.
923 4961 1081 5026 Atque
1102 4958 1232 5011 illud
1248 4959 1452 5026 quidem
1474 4976 1633 5029 genus
1660 4975 1946 5020 causarum,
1968 4960 2103 5027 quod

531 5049 678 5101 habet
708 5051 804 5103 vim
834 5053 1077 5121 eﬂiciendi
1120 5053 1474 5119 necessariam,
1520 5068 1742 5105 errorem
1771 5052 1961 5119 a/ferre
2001 5069 2104 5105 non

532 5146 638 5210 fere
654 5145 802 5198 solet.
831 5144 945 5199 Hoc
968 5156 1135 5199 autent
1158 5147 1267 5199 sine
1295 5162 1396 5213 quo
1425 5162 1526 5198 non
1549 5146 1781 5214 efﬁcitur,
1823 5161 1955 5215 stupe
1976 5162 2101 5198 con-

524 5234 722 5307 turbat.
756 5235 877 5288 Non
920 5238 1053 5290 enim
1096 5240 1137 5290 si
1164 5240 1271 5291 sine
1299 5237 1588 5306 parentibus
1612 5235 1710 5304 [iiii
1736 5253 1842 5290 esse
1862 5251 1962 5287 non
1989 5252 2106 5299 pos-

533 5333 669 5386 sunt,
704 5337 969 5393 propterea
1017 5345 1173 5381 causa
1203 5329 1300 5398 fuit
1343 5330 1395 5379 in
1431 5326 1725 5397 parentibus
1754 5326 1993 5396 gignendi
2020 5341 2107 5377 ne-

537 5418 798 5482 cessaria;
824 5417 919 5471 hoc
936 5420 1092 5487 igitur
1115 5422 1223 5475 sine
1242 5435 1338 5489 quo
1364 5436 1464 5473 non
1493 5419 1571 5486 ﬁt,
1604 5418 1664 5471 ab
1689 5435 1746 5471 eo
1774 5420 1827 5470 in
1855 5433 1953 5485 quo
1976 5427 2108 5469 certe

534 5505 618 5571 Iit,
640 5505 907 5575 diligenter
928 5518 999 5562 est
1020 5510 1383 5577 separandum.
1406 5507 1552 5561 Illud
1573 5509 1704 5562 enim
1724 5515 1796 5562 est
1826 5514 2099 5575 tanquam:

537 5592 752 5651 Utinam
776 5614 839 5652 ne
866 5600 915 5653 in
939 5616 1141 5655 nemore
1178 5600 1319 5656 Pelio
1348 5600 1641 5656 cecidissent
1667 5600 1888 5670 abiegna:
1915 5596 1986 5649 ad
2006 5604 2111 5650 ter-

2206 4495 2410 4547 dissent
2452 4491 2689 4557 abiegnas
2743 4488 2920 4542 trabes
2959 4485 3026 4540 ad
3074 4494 3295 4548 terram,
3324 4482 3469 4548 Argo
3521 4482 3612 4535 illa
3648 4480 3782 4535 facta

2207 4602 2311 4642 non
2344 4594 2505 4639 esset.
2544 4583 2625 4637 Ex
2665 4582 2903 4635 trabibus
2942 4592 3172 4646 namque
3219 4575 3364 4645 Argo
3394 4574 3534 4629 facta
3560 4584 3663 4637 est,
3694 4573 3784 4627 sed

2210 4682 2351 4735 nulla
2383 4680 2555 4733 inerat
2593 4676 2836 4731 trabihus
2880 4672 3197 4731 necessitas,
3228 4682 3284 4722 ut
3309 4684 3376 4723 ex
3406 4669 3489 4722 eis
3513 4668 3669 4721 ﬁeret
3698 4683 3786 4721 nso

2211 4774 2318 4833 vis;
2343 4779 2398 4823 at
2424 4782 2552 4823 vero
2579 4783 2642 4821 ea
2665 4780 2821 4820 causa
2851 4778 2969 4833 qua:
3011 4771 3095 4817 est
3119 4762 3386 4825 efﬁciens,
3415 4770 3473 4815 et
3496 4777 3621 4831 qua:
3646 4760 3701 4816 in
3730 4777 3786 4816 se

2208 4882 2358 4919 suam
2382 4864 2618 4918 continet
2659 4860 3054 4921 necessitatem,
3078 4856 3200 4910 talis
3227 4867 3341 4910 est.
3366 4856 3541 4921 Quale
3569 4868 3693 4911 cum
3734 4857 3782 4909 in

2209 4957 2384 5024 Ajacis
2415 4968 2608 5007 navem
2640 4952 2850 5018 igneum
2898 4946 3274 5013 crispisulcans
3306 4946 3505 4998 fulmen
3535 4945 3783 5013 injectum

2212 5056 2313 5109 cst,
2371 5043 2548 5097 statim
2592 5040 2734 5095 enim
2776 5036 2994 5092 accendi
3036 5050 3257 5090 necesse
3293 5043 3379 5089 est
3415 5034 3621 5089 navim.
3667 5034 3785 5087 cuia

2212 5139 2352 5204 ignis
2372 5132 2698 5191 accendendi
2730 5130 3028 5185 necessaria
3051 5142 3212 5183 causa
3242 5136 3346 5191 est;
3378 5136 3433 5182 et
3454 5142 3649 5181 sensus
3676 5131 3786 5195 qqu

2209 5234 2329 5287 dem
2356 5240 2441 5286 est
2466 5226 2807 5298 huiusmodi,
2852 5225 2985 5279 ordo
3011 5234 3186 5277 autem
3213 5224 3368 5292 paulo
3394 5226 3668 5279 confusior
3686 5232 3781 5287 est,

2211 5324 2285 5378 ait
2309 5323 2449 5377 enim
2478 5321 2580 5374 hoc
2607 5318 2766 5373 modo
2796 5335 2812 5369 :
2842 5320 3017 5383 Atque
3062 5315 3190 5369 illud
3220 5317 3431 5384 quidem
3479 5332 3648 5386 genus
3670 5332 3785 5371 csu-

2213 5430 2413 5477 sarum,
2447 5412 2584 5482 quod
2611 5412 2772 5465 habet
2799 5409 2906 5462 vim
2933 5408 3202 5463 efﬁciendi
3234 5410 3617 5472 necessariam,
3644 5424 3784 5463 erro-

2217 5523 2326 5561 rem
2355 5504 2546 5560 afferre
2591 5517 2697 5557 non
2741 5501 2854 5556 fere
2880 5501 3040 5563 solet;
3072 5499 3171 5553 hoc
3202 5509 3379 5553 autem
3408 5500 3526 5552 sine
3550 5513 3663 5567 quo
3687 5513 3784 5551 non

2216 5595 2467 5665 efficitur,
2516 5607 2660 5664 saepe
2689 5590 2991 5648 conturbat.
3023 5588 3176 5656 Quod
3207 5603 3327 5644 cum
3358 5588 3605 5653 dixisset,
3636 5602 3783 5642 cum.
