4036 6336
329 244 468 298 1149

1161 238 1227 296 ΙΝ
1264 240 1505 297 ΤΟΡΙΟᾹ
1545 240 1902 298 CICERONIS
1938 239 2452 297 COMMENTARIA.
2493 240 2621 298 LIB.
2661 244 2724 299 γ.

3429 226 3567 289 “50

329 369 433 425 que
462 353 549 408 vel
581 352 852 422 utriusque
879 350 962 407 vel
992 350 1213 408 alterius
1238 352 1541 421 exemplum
1583 367 1779 422 ponere
1802 352 1896 407 de-
1923 355 1976 414 Α
2005 353 2199 409 librum
2236 355 2395 423 legat,
2434 355 2867 424 reSpondebitur,
2906 352 3029 431 quia
3076 348 3284 419 legendi
3327 346 3571 404 voluntas

330 445 552 508 buisset,
598 454 793 497 neutro
837 444 1159 497 conveniens
1203 442 1900 511 exemplum.similitudine

326 536 498 591 dedit.
522 534 761 605 Namque
789 550 909 589 cum
937 536 1019 590 vel
1044 537 1398 592 necessariam
1422 551 1636 591 causam
1663 537 1901 593 efﬁcien-

326 639 457 694 tem,
492 628 576 682 vel
602 642 719 682 eam
766 627 882 681 sine
927 642 1029 696 qua
1060 643 1166 696 non
1211 628 1462 694 efﬁcitur,
1513 631 1896 698 proposuisset,

328 718 448 786 ejus
492 732 667 772 causae
709 719 883 787 posuit
927 719 1252 786 exemplum,
1306 735 1425 789 qua:
1461 719 1658 775 efﬁciat
1685 720 1899 789 quidem

327 808 549 877 aliquid,
592 809 685 863 sed
716 824 821 864 non
848 810 965 865 sine
1014 810 1355 880 extrapositis
1408 810 1751 879 adjumentis,
1799 811 1900 867 hoc

328 899 489 953 modo
521 916 536 953 :
577 899 695 954 Non
724 900 864 954 enim
913 901 958 955 si
1003 902 1120 956 sine
1154 902 1476 969 parentibus
1506 903 1600 957 ﬁlii
1642 918 1762 958 esse
1791 918 1899 960 non

331 997 573 1056 possunt,
608 998 889 1058 propterea
918 1004 1074 1045 causa
1108 989 1206 1045 fuit
1236 992 1286 1051 in
1315 991 1623 1059 parentibus
1649 991 1898 1061 gignendi

330 1068 653 1132 necessaria.
679 1076 933 1133 Parentes
951 1080 1091 1134 enim
1110 1089 1163 1135 et
1183 1082 1415 1136 maxime
1439 1082 1714 1137 masculini
1738 1097 1897 1139 sexus

328 1166 572 1221 efﬁciens
615 1181 771 1245 causa
802 1176 905 1233 est,
937 1168 1031 1224 sed
1064 1185 1167 1224 non
1194 1171 1310 1224 sine
1339 1170 1556 1236 femina,
1590 1172 1640 1225 id
1680 1182 1764 1226 est
1791 1188 1897 1227 non

326 1256 447 1312 sine
475 1258 694 1312 materia
726 1259 977 1328 quadam,
1007 1270 1061 1315 et
1085 1275 1146 1315 ea
1177 1275 1334 1315 causa
1362 1262 1479 1317 sine
1507 1277 1608 1332 qua
1648 1262 1762 1317 ﬁeri
1791 1278 1896 1318 non

327 1349 519 1416 possit,
568 1364 689 1402 cum
722 1351 834 1417 ipsa
866 1352 968 1404 vim
1000 1350 1266 1406 efﬁciendi
1318 1367 1422 1407 non
1473 1354 1682 1407 habeat.
1716 1353 1899 1422 Itaque

328 1451 428 1492 nec
453 1451 627 1493 causa:
656 1440 973 1495 necessaria:
996 1449 1051 1495 et
1075 1441 1355 1496 efﬁcientis
1376 1444 1550 1512 posuit
1572 1444 1893 1511 exemplum,

329 1543 429 1581 nec
456 1528 572 1598 ejus
607 1530 724 1585 sine
763 1546 867 1600 qua
916 1532 1030 1586 ﬁeri
1062 1533 1193 1586 nihil
1243 1519 1428 1602 possit,
1479 1533 1572 1588 sed
1616 1534 1897 1590 efﬁcientis

327 1617 565 1684 quidem,
593 1634 699 1673 non
730 1630 906 1675 tamen
936 1622 1278 1689 necessariae;
1303 1624 1401 1678 sed
1431 1625 1637 1680 videtur
1665 1626 1896 1681 tacuisse

327 1711 381 1761 in
417 1710 777 1778 propositione
802 1712 851 1766 id
899 1716 1050 1781 cujus
1079 1715 1256 1782 posuit
1283 1718 1616 1783 exemplum;
1653 1718 1725 1771 ita
1754 1718 1895 1771 enim

328 1799 564 1864 apertius
591 1799 692 1854 dici
742 1802 1044 1870 potuisset:
1081 1805 1253 1871 Atque
1295 1805 1423 1860 illud
1471 1806 1685 1875 quidem
1733 1821 1901 1877 genus

330 1903 633 1953 causarum,
662 1892 801 1959 quod
826 1892 981 1948 habet
1001 1893 1107 1947 vim
1124 1893 1390 1949 efﬁciendi
1409 1896 1788 1964 necessariam,
1814 1910 1903 1950 er—

329 1996 509 2038 rorem
543 1983 734 2040 aﬁ‘erre
783 2000 889 2040 non
923 1986 1036 2042 fere
1060 1989 1231 2052 solet;
1265 1987 1367 2044 hoc
1398 2000 1572 2043 autem
1624 1990 1764 2058 quod
1794 2004 1901 2044 non

332 2073 495 2129 habet
542 2076 806 2131 efﬁciendi
851 2079 955 2132 vim
990 2080 1364 2146 necessariam,
1399 2080 1483 2136 vel
1516 2081 1617 2135 hoc
1654 2081 1770 2135 sine
1794 2096 1904 2149 quo

331 2183 439 2220 non
468 2167 714 2233 efficitur,
761 2185 904 2239 saepe
929 2172 1230 2229 conturbat.
1280 2172 1462 2242 Itaque
1499 2173 1578 2228 sic
1607 2173 1905 2245 intelligen-

332 2257 459 2311 dum
503 2268 603 2325 est,
653 2259 802 2329 quasi
851 2260 920 2314 ita
952 2260 1021 2315 sit
1070 2260 1310 2327 dictum;
1345 2276 1466 2317 nam
1506 2262 1573 2320 de
1601 2264 1902 2320 necessaria

332 2365 493 2407 causa
522 2352 722 2405 nullum
753 2353 929 2421 posuit
957 2356 1281 2426 exemplum.
1305 2354 1455 2422 Quod
1490 2372 1619 2411 vero
1654 2356 1900 2425 subjecit,

334 2444 577 2515 utrisque
623 2446 796 2502 causis
826 2451 1074 2504 convenit
1103 2454 1368 2519 posterius
1414 2452 1763 2517 enumeratis,
1794 2461 1902 2507 tam

335 2535 590 2592 eﬂlcienti
615 2554 720 2593 non
760 2540 1098 2606 necessariae,
1130 2556 1289 2610 quam
1322 2542 1441 2612 ejus
1479 2543 1597 2598 sine
1636 2560 1739 2612 qua
1770 2544 1905 2599 nihil

334 2625 584 2681 efﬁcitur.
604 2628 857 2684 Parentes
876 2632 1111 2700 namque
1133 2640 1237 2686 tam
1267 2634 1549 2688 masculini
1573 2649 1732 2689 sexus
1746 2649 1903 2703 quam

252 2732 253 2735 ‘
335 2722 574 2778 feminini
616 2738 738 2778 esse
761 2723 1032 2790 dicuntur,
1080 2742 1303 2793 quorum
1359 2714 1573 2796 quidem
1622 2728 1907 2783 masculini

335 2831 501 2870 sexus
527 2830 587 2870 ea
612 2830 767 2871 causa
800 2824 883 2871 est
903 2832 1021 2885 qua:
1044 2815 1263 2884 efﬁciat,
1308 2817 1402 2873 sed
1432 2834 1536 2873 non
1577 2821 1904 2875 necessaria.

336 2906 601 2961 Feminini
631 2921 759 2961 vero
779 2922 838 2961 ea
870 2922 988 2977 qua:
1010 2923 1115 2962 non
1144 2908 1362 2973 efﬁciat,
1386 2910 1478 2965 sed
1502 2910 1617 2965 sine
1638 2925 1739 2980 qua
1766 2910 1907 2966 efﬁci

336 3012 444 3052 non
476 2995 659 3066 possit.
692 2996 821 3063 Quae
848 3011 967 3051 cum
991 2998 1062 3051 ita
1088 2998 1214 3064 sint,
1245 2999 1611 3056 discernenda:
1633 3010 1761 3056 sunt
1782 3016 1910 3056 cau-

336 3105 413 3144 sm
443 3097 498 3142 et
536 3088 862 3157 pervidenda
900 3089 1216 3151 necessitas.
1256 3105 1355 3145 nec
1391 3091 1565 3146 omnis
1590 3106 1750 3147 causa
1774 3107 1912 3161 pra:-

339 3180 596 3235 mittenda
630 3188 687 3233 ut
716 3179 1073 3249 subsequatur
1100 3180 1343 3247 effectus,
1378 3182 1474 3236 sed
1501 3196 1563 3237 ea
1610 3191 1812 3236 tantum
1858 3183 1913 3238 in

338 3287 442 3337 qua
469 3280 552 3325 est
572 3269 835 3326 efﬁciendi
869 3271 1184 3338 necessitas,
1214 3272 1422 3328 etiamsi
1449 3273 1783 3330 extrinsecus
1820 3275 1915 3329 ad-

336 3364 577 3432 juxnenta
598 3360 884 3417 defuerint.

415 3456 575 3522 Atque
610 3456 759 3507 etiam
797 3462 869 3507 est
910 3470 1179 3507 causarttm
1223 3454 1605 3520 dissimilitudo,
1632 3456 1772 3525 quod
1801 3455 1919 3509 alite

340 3555 461 3600 sunt
489 3554 542 3598 ut
572 3547 678 3599 sine
701 3538 807 3598 ulla
832 3546 1141 3612 appetitione
1166 3547 1342 3611 animi,
1374 3547 1482 3600 sine
1505 3546 1783 3613 uoluntate,
1810 3547 1918 3599 sine

342 3642 601 3710 Opinione.
634 3658 783 3693 suum
812 3642 960 3710 quasi
989 3656 1114 3707 opus
1155 3641 1388 3708 eﬁiciant,
1424 3641 1555 3693 velut
1593 3656 1741 3694 omne
1768 3641 1919 3691 inter-

340 3742 425 3786 eat
452 3732 587 3800 quod
610 3739 774 3784 ortum
801 3740 895 3785 est.
931 3732 1060 3783 Alite
1088 3742 1259 3784 autem
1280 3741 1368 3783 aut
1398 3732 1652 3785 voluntate
1679 3730 1919 3798 e/jiciunt,

343 3833 435 3877 aut
480 3824 852 3885 perturbatione
885 3823 1073 3885 animi,
1112 3830 1198 3875 aut
1238 3822 1441 3885 habitu,
1474 3832 1558 3874 aut
1590 3831 1800 3883 natura,
1832 3829 1923 3873 aut

345 3927 478 3983 ams,
508 3924 595 3968 aut
633 3932 775 3968 casu.
831 3914 1117 3981 Voluntate,
1169 3924 1223 3967 ut
1260 3924 1314 3968 tu
1364 3930 1476 3967 cum
1504 3915 1658 3967 —Itunc
1699 3913 1924 3967 libellum

345 4009 497 4078 legis.
530 4005 935 4070 Perturbatione,
968 4015 1022 4059 ut
1049 4005 1093 4059 si
1117 4006 1229 4070 quis
1265 4014 1493 4059 eventum
1523 4008 1702 4059 [torum
1730 4016 1925 4073 tempo-

347 4113 466 4148 rum
515 4096 704 4150 timeat.
755 4094 974 4160 Habitu,
1016 4104 1068 4148 ut
1105 4096 1192 4163 qui
1228 4095 1379 4162 facile
1415 4105 1462 4148 et
1510 4096 1608 4148 cito
1652 4096 1923 4149 irascatur.

351 4186 577 4249 Natura,
606 4194 658 4237 ut
683 4186 859 4238 vitium
886 4186 938 4239 in
961 4186 1067 4238 dies
1091 4195 1303 4239 crescat.
1334 4188 1472 4250 .lrte,
1504 4197 1557 4239 ut
1581 4187 1703 4240 bene
1727 4187 1926 4256 pingat.

351 4276 508 4337 Casu,
552 4284 607 4328 ut
647 4291 884 4347 prospere
930 4276 1148 4347 naviget.
1195 4274 1343 4329 Nihil
1388 4276 1570 4328 [torum
1610 4278 1718 4329 sine
1753 4293 1927 4330 causa.

354 4368 468 4422 Nec
492 4368 769 4437 quidquam
812 4368 1039 4435 omnino,
1070 4367 1160 4421 sed
1190 4368 1483 4439 Itujusmodi
1513 4384 1677 4423 causa:
1707 4385 1806 4422 non
1839 4386 1929 4422 ne-

353 4459 608 4512 cessariaz.

433 4548 583 4603 Facit
611 4548 769 4602 aliam
794 4555 1285 4603 rursus‘causarum
1313 4547 1628 4603 divisionem
1661 4547 1730 4602 ita
1756 4566 1770 4602 :
1796 4546 1933 4602 Cau-

356 4656 538 4697 sarum
582 4641 726 4696 enim
773 4641 889 4695 alite
936 4651 1061 4695 sunt
1099 4658 1217 4711 quae
1262 4656 1358 4696 sua
1410 4641 1636 4711 quadam
1686 4640 1770 4705 vi,
1818 4640 1934 4695 sine

357 4733 711 4800 appetitione,
744 4733 859 4787 sine
890 4732 1184 4798 voluntate,
1221 4732 1336 4786 sine
1363 4731 1634 4799 opinione,
1663 4746 1823 4785 unum
1852 4739 1936 4784 at-

358 4837 465 4890 que
491 4822 739 4875 eumdem
782 4822 833 4875 in
870 4821 1166 4876 efﬁciendis
1193 4821 1352 4876 rebus
1376 4822 1616 4877 ordinem
1650 4830 1854 4887 tenent,
1880 4830 1936 4877 ut

360 4920 446 4965 est
486 4911 705 4966 interire
747 4911 925 4966 omnia
956 4928 1075 4981 quae
1104 4922 1221 4965 orta
1265 4922 1408 4966 sunt.
1452 4911 1583 4966 Nam
1610 4913 1731 4982 quia
1764 4921 1937 4968 ortum

363 5010 467 5064 est,
496 5000 695 5055 idcirco
736 5002 895 5056 etiam
940 5017 1159 5056 necesse
1201 5003 1440 5067 interire,
1482 5018 1581 5058 nec
1620 4996 1797 5059 tamen
1824 5006 1941 5074 ipse

363 5101 537 5157 ortus,
570 5100 631 5145 ut
663 5100 856 5146 cmtera
902 5092 1186 5157 intereant,
1224 5093 1307 5146 vel
1355 5094 1586 5162 appetitu
1626 5094 1826 5161 aliquo,
1856 5096 1940 5149 vel

364 5181 661 5245 voluntate,
699 5181 783 5235 vel
822 5181 1071 5249 opinione
1096 5182 1293 5247 eflicit;
1319 5183 1409 5237 sed
1438 5183 1506 5237 ita
1536 5193 1619 5238 est
1647 5185 1713 5237 ab
1741 5194 1942 5240 teterno

366 5289 549 5328 rerum
572 5283 732 5339 statu,
759 5283 816 5328 ut
837 5275 1090 5343 quidquid
1109 5283 1283 5329 ortum
1307 5283 1409 5357 est,
1434 5275 1555 5345 quia
1578 5277 1783 5345 accepit
1800 5291 1938 5342 esse,

368 5366 653 5434 aliquando
688 5367 846 5421 etiam
876 5380 996 5421 esse
1025 5366 1265 5424 desistat.
1301 5367 1428 5422 item
1468 5368 1585 5422 alite
1615 5377 1741 5423 sunt
1768 5384 1943 5424 causa!

369 5469 491 5524 quae
514 5464 602 5509 aut
632 5457 681 5510 in
706 5457 998 5522 voluntate,
1023 5456 1189 5511 autin
1221 5456 1617 5525 perturbatione
1644 5458 1828 5524 animi,
1854 5467 1946 5513 aut

373 5551 424 5602 in
473 5547 676 5615 habitu,
705 5558 795 5603 aut
840 5550 892 5603 in
939 5556 1151 5613 natura,
1193 5556 1293 5621 aut
1316 5547 1367 5603 in
1398 5558 1513 5604 arte
1542 5564 1736 5604 casuve
1763 5549 1943 5605 consi-

372 5647 539 5695 stunt.
581 5640 886 5707 Voluntate,
918 5649 977 5695 ut
1006 5641 1048 5697 si
1078 5650 1277 5711 quaerat
1310 5640 1500 5710 aliquis
1534 5655 1628 5697 cur
1661 5640 1946 5697 Trebatius

2000 453 2102 500 est.
2132 446 2537 502 Perturbatione
2561 448 2744 513 animi,
2775 456 2833 501 ιιι
2857 446 2901 501 si
2923 445 3043 514 quis
3073 444 3264 497 timore
3292 440 3568 510 pauescat,

1974 544 2092 589 eaut
2133 536 2318 590 urbem
2366 535 2549 605 fugiat,
2593 537 2749 592 bellis
2784 535 3027 591 civilibus
3063 532 3431 587 conturbatus.
3466 531 3571 584 Ila-

2001 624 2134 689 bitu,
2160 633 2217 678 ut
2254 623 2301 678 si
2344 624 2542 680 idcirco
2568 624 2850 681 Trebatius
2894 625 3051 679 facile
3086 623 3153 677 de
3186 620 3321 689 juris
3364 619 3571 672 ratione

2001 716 2357 785 responderit,
2386 719 2633 786 quoniam
2676 720 2842 772 multo
2880 731 2978 772 usu
3022 722 3352 769 constantem
3392 711 3568 766 civilis

2000 808 2237 863 scientias
2271 805 2508 861 habitum
2540 816 2707 874 tenet,
2740 807 2819 861 vel
2850 808 2894 861 si
2923 806 3041 876 quis
3081 805 3278 859 idcirco
3314 804 3571 856 irascatur

2001 898 2173 963 facile,
2202 898 2323 968 quia
2352 898 2470 966 ejus
2496 899 2705 952 animus
2732 914 2824 966 per
2850 894 3136 951 iracundiae
3173 893 3407 947 habitum
3436 891 3568 945 elle-

1999 998 2144 1042 ratus
2182 996 2281 1041 est.
2323 987 2540 1052 Natura,
2574 996 2631 1040 ut
2657 988 2701 1041 si
2737 987 2857 1055 quis
2896 986 3092 1041 idcirco
3138 984 3347 1037 dicatur
3388 980 3565 1038 irasci.

1998 1079 2120 1147 quia
2145 1078 2462 1133 naturaliter
2482 1076 2766 1131 iracundus
2790 1086 2890 1141 est,
2916 1076 3070 1144 idque
3090 1076 3136 1129 ei
3164 1076 3216 1129 in
3246 1074 3360 1128 dies
3381 1073 3564 1125 vitium

1999 1179 2229 1224 crescat.
2259 1172 2409 1236 Arte,
2434 1170 2553 1223 utsi
2583 1170 2781 1224 idcirco
2812 1169 2946 1224 bene
2971 1170 3193 1237 quisque
3223 1168 3419 1235 pingat,
3447 1164 3566 1233 quia

1998 1264 2117 1332 ejus
2145 1265 2276 1317 artis
2307 1264 2512 1334 peritus
2543 1277 2663 1317 esse
2711 1270 3055 1331 proponatur.
3087 1261 3244 1323 Casu,
3278 1267 3336 1311 ut
3364 1272 3483 1327 qua:
3512 1256 3566 1309 in

1998 1363 2181 1408 nostra
2208 1363 2470 1422 potestate
2500 1354 2649 1407 nullo
2677 1355 2836 1407 modo
2864 1360 3005 1415 sunt,
3037 1351 3170 1409 ﬁunt
3201 1359 3396 1410 tamen,
3425 1347 3569 1400 velut.

1999 1442 2053 1496 in
2080 1452 2229 1497 certo
2267 1446 2563 1511 praesertim
2611 1450 2872 1508 tempore,
2904 1440 3229 1509 prosperitas
3259 1435 3563 1504 navigandi.

1998 1533 2173 1601 Atque
2200 1532 2385 1588 horum
2417 1531 2667 1586 omnium’
2685 1532 2813 1584 nihil
2844 1546 2873 1582 a
2905 1543 3059 1582 causa
3092 1542 3313 1581 vacuum
3343 1535 3444 1589 est,
3470 1538 3569 1577 nec

2000 1624 2289 1693 quidquam
2324 1632 2408 1677 est
2446 1624 2496 1677 in
2528 1622 2687 1677 rebus
2715 1620 2855 1688 quod
2894 1633 2998 1673 non
3026 1618 3200 1684 aliqua
3228 1630 3386 1669 causa
3414 1613 3603 1682 perﬁ-.

2001 1716 2126 1769 ciat.
2150 1715 2338 1770 Omnia
2361 1715 2502 1768 enim
2527 1728 2644 1782 qua:
2674 1712 2808 1766 ﬁunt
2835 1712 3031 1766 habent
3055 1711 3280 1775 aliquam
3312 1707 3567 1760 rationem

2002 1821 2097 1861 cur
2122 1806 2260 1861 facta
2289 1807 2417 1873 sint,
2445 1820 2602 1876 quam
2634 1805 2679 1858 si
2712 1804 2832 1873 quis
2868 1802 3100 1859 reddere
3131 1800 3316 1869 possit,
3355 1811 3569 1850 causam

2002 1911 2216 1965 quoque
2246 1894 2561 1950 reddiderit.
2593 1893 2646 1947 Id
2677 1892 2931 1963 est\enim
2969 1905 3130 1944 causa
3170 1894 3384 1958 propter
3412 1897 3570 1951 quam

2002 1986 2415 2058 unumquodque
2443 1985 2746 2043 ﬁkﬂmnes
2772 1999 2901 2037 vero
2926 1996 3101 2036 causae
3129 1993 3249 2047 qua:
3276 1978 3357 2031 vel
3386 1991 3450 2031 ex
3477 1991 3591 2041 νοτ

2002 2079 2226 2145 luntate,
2272 2080 2356 2135 vel
2408 2077 2808 2148 perturbatione
2859 2074 3022 2129 animi
3072 2071 3460 2139 intell'guntur,
3505 2065 3574 2119 ad

2004 2187 2122 2226 eam
2155 2186 2369 2226 causam
2404 2171 2692 2239 pertinent,
2717 2182 2835 2238 quze
2861 2176 2941 2220 est
2968 2162 3209 2220 movendi
3237 2156 3576 2229 principium,
3660 2192 3663 2195 λ

2005 2276 2064 2318 ut
2094 2265 2147 2318 in
2180 2262 2517 2317 Aristotelica
2562 2261 2801 2315 diximus
2844 2258 3125 2312 divisione.
3177 2254 3298 2307 Ilzec
3342 2252 3482 2306 enim
3521 2258 3579 2302 ut

2006 2354 2205 2423 aliquid
2249 2353 2535 2416 efﬁciatur,
2586 2348 2833 2404 movendi
2885 2345 3199 2417 principium
3242 2350 3388 2407 sunt,
3434 2350 3487 2394 at
3526 2338 3579 2391 in

2006 2456 2142 2509 arte,
2173 2443 2259 2497 vel
2301 2442 2507 2505 habitu,
2540 2440 2622 2493 vel
2669 2449 2877 2499 natura,
2919 2437 3006 2489 illa
3042 2449 3199 2487 causa
3246 2440 3349 2491 est,
3378 2445 3496 2499 qua:
3528 2429 3579 2481 in

2008 2534 2214 2590 ratione
2250 2531 2513 2586 consistit.
2553 2528 2772 2598 Species
2805 2529 2946 2581 enim
2984 2540 3046 2578 ae
3080 2524 3215 2578 ratio
3247 2515 3584 2607 uniusc‘ujus.

2007 2640 2111 2697 que
2142 2622 2440 2679 elliciendce
2469 2621 2546 2675 rei
2578 2621 2631 2673 in
2662 2629 2776 2673 arte
2803 2628 2855 2673 et
2886 2616 3064 2670 habitu
3094 2622 3149 2667 et
3186 2622 3370 2666 natura
3412 2607 3579 2676 posita

2008 2725 2113 2771 est.
2144 2714 2312 2770 Casus
2338 2726 2466 2767 vero
2493 2709 2728 2765 exterior
2755 2723 2935 2769 causa,
2968 2721 3064 2759 nec
3096 2706 3236 2757 inter
3263 2697 3583 2770 principales

2009 2813 2393 2861 annumeratur
2414 2802 2731 2870 ,secundum
2756 2798 3117 2854 Aristotelem.
3133 2792 3433 2850 Secundum
3455 2802 3587 2843 vero

2011 2901 2080 2955 Μ.
2111 2897 2340 2951 Tullium
2371 2909 2528 2948 casus
2554 2902 2637 2947 est
2667 2893 2838 2947 latens
2862 2888 3064 2944 ellectte
3102 2887 3179 2942 rei
3220 2899 3410 2947 cau-a;
3442 2878 3582 2951 quod

2013 2988 2171 3058 quale
2197 2986 2265 3041 sit
2293 2984 2449 3053 paulo
2479 2982 2745 3053 posterius
2771 2979 3151 3049 designabitur.

2093 3064 2335 3131 Omnium
2380 3087 2547 3129 autem
2590 3088 2859 3126 causarum
2895 3072 2947 3124 in
2986 3069 3101 3121 aliis
3130 3069 3259 3120 inest
3284 3062 3584 3126 constantia,

2014 3175 2069 3227 in
2098 3172 2214 3224 aliis
2254 3185 2355 3222 non
2392 3169 2540 3220 inest.
2587 3164 2654 3217 In
2683 3175 2865 3217 natura
2892 3171 2938 3215 et
2966 3172 3073 3214 arte
3099 3160 3385 3213 constantia
3413 3165 3506 3216 est,
3536 3156 3588 3207 in

2014 3267 2211 3320 ueteris
2254 3261 2415 3316 nulla.
2459 3259 2565 3313 Sed
2603 3269 2770 3312 tanten
2819 3270 2995 3309 earum
3032 3268 3301 3307 causarum
3346 3265 3456 3316 qua:
3491 3266 3591 3300 non

2016 3364 2135 3409 sunt
2164 3360 2472 3412 constantes,
2502 3348 2620 3401 alia:
2649 3356 2767 3401 sunt
2793 3347 3091 3416 perspicua,
3122 3345 3173 3395 al
3182 3347 3236 3396 ἰε
3253 3346 3432 3395 latent.
3468 3339 3593 3393 Per-

2015 3447 2208 3515 spicua:
2237 3451 2352 3495 sunt
2380 3457 2493 3511 qua:
2520 3440 2879 3506 appetitionem
2910 3437 3069 3489 animi
3091 3435 3445 3505 judiciumqne
3474 3442 3594 3483 tan-

2019 3548 2167 3605 gunt;
2217 3536 2373 3587 latent
2417 3548 2531 3598 qute
2572 3532 2811 3600 subjectte
2851 3538 2969 3582 sunt
3012 3531 3250 3592 fortuna’.
3303 3524 3431 3577 Cum
3461 3524 3593 3577 enim

2022 3626 2150 3679 nihil
2175 3626 2281 3677 sine
2306 3638 2462 3675 causa
2485 3622 2594 3687 ﬁat,
2620 3621 2713 3672 hoc
2737 3620 2903 3689 ipsum
2927 3621 3142 3686 fortuna:
3166 3624 3366 3667 eetntus
3385 3618 3597 3666 obscura

2022 3733 2178 3771 causa
2228 3724 2273 3767 et
2318 3715 2532 3766 latenter
2573 3712 2803 3780 efﬁcitur.
2847 3712 3009 3778 Atque
3045 3709 3195 3760 etiam
3236 3723 3293 3759 ea
3328 3722 3439 3774 quin
3468 3705 3598 3772 ﬁunt

2025 3809 2217 3879 partim
2241 3816 2359 3860 sunt
2388 3807 2643 3875 ignorata,
2670 3802 2854 3873 partim
2878 3802 3163 3854 uoluntaria
3191 3815 3209 3852 :
3235 3800 3468 3870 ignorata
3487 3811 3601 3865 qua:

2024 3894 2320 3957 necessitate
2348 3899 2496 3966 lium,
2522 3896 2808 3950 voluntaria
2848 3909 2962 3957 qua:
3000 3891 3245 3955 cons'lio;
3287 3905 3399 3958 qua!
3433 3897 3602 3940 autem

2026 3996 2252 4065 fortuna,
2277 3992 2352 4045 vel
2380 3991 2634 4062 ignorata,
2658 3986 2733 4041 vel
2756 3985 3066 4040 voluntaria.
3097 3983 3233 4037 Nam
3254 3983 3427 4051 jacere
3451 3981 3602 4032 telum

2026 4084 2301 4138 uoluntatis
2331 4070 2619 4144 est;‘{erire
2645 4093 2786 4144 quem
2817 4076 3057 4139 volueris,
3102 4075 3340 4141 fortunat
3388 4070 3465 4122 Ex
3505 4085 3605 4137 quo

2029 4176 2163 4227 aries
2193 4172 2280 4227 ille
2310 4172 2579 4241 subjicitur
2611 4170 2664 4222 in
2702 4169 2877 4223 vestris
2908 4150 3213 4228 actionibus,
3248 4166 3291 4218 si
3317 4164 3467 4216 telunt
3495 4181 3607 4216 nm-

2030 4282 2101 4318 nu
2145 4265 2294 4334 fugit,
2329 4263 2492 4331 magis
2529 4277 2680 4331 quam
2723 4261 2866 4330 jecit.
2902 4258 3101 4313 Cadunt
3131 4259 3279 4311 etiam
3313 4258 3363 4308 in
3394 4257 3603 4324 ignora-

2032 4358 2217 4409 tionem
2239 4365 2387 4425 atque
2406 4352 2800 4419 imprudentiam
2823 4351 3218 4421 perturbationes
3241 4349 3417 4409 animi,
3442 4363 3607 4414 quone

1956 4429 2008 4489 Ῑ)
2034 4465 2183 4515 quam
2202 4455 2318 4499 sunt
2340 4445 2662 4507 voluntariae,
2685 4442 3037 4510 objurgatione
3055 4442 3185 4493 enim
3206 4449 3252 4491 et
3269 4438 3610 4491 admonitione

2035 4538 2380 4608 dejiciuntur;
2422 4545 2588 4587 tamen
2634 4534 2817 4586 habent
2867 4541 3032 4584 tantos
3065 4540 3260 4596 motus,
3303 4540 3358 4582 ut
3403 4546 3461 4582 ea
3498 4543 3613 4598 qua!

2035 4628 2323 4681 uoluntaria
2364 4633 2510 4689 sunt,
2562 4634 2647 4678 aut
2695 4622 2976 4675 necessaria
3021 4620 3303 4684 interdum,
3351 4629 3439 4671 aut
3483 4627 3614 4670 certe

2037 4722 2269 4792 ignorata
2298 4719 2581 4771 videantur.

2111 4831 2315 4886 Rursus
2344 4842 2625 4885 causarum
2653 4824 2967 4879 divisionem
2995 4822 3152 4878 aliam
3181 4822 3376 4876 claram
3401 4833 3463 4872 ac
3494 4834 3611 4884 per.

2042 4925 2280 4993 spicuam
2332 4920 2529 4990 prodit.
2569 4919 2859 4973 Causarum
2894 4931 3124 4985 namque
3166 4914 3285 4967 alia:
3330 4920 3453 4966 sunt
3483 4924 3615 4962 con-

2044 5022 2281 5078 stantes,
2328 5012 2445 5065 alirc
2486 5025 2615 5064 vero
2663 5009 3046 5063 inconstantes.
3097 5006 3413 5061 Constantes
3461 5014 3617 5059 sunt,

2044 5117 2268 5173 quarum
2294 5117 2398 5156 non
2428 5100 2537 5155 fere
2559 5099 2791 5153 variatur
2811 5097 3057 5161 effectus;
3082 5096 3444 5148 inconstantes
3467 5104 3615 5149 vero,

2046 5209 2164 5263 qua
2195 5194 2299 5248 huc
2328 5201 2488 5261 atque
2516 5191 2640 5247 illuc
2668 5190 2992 5244 facilioribus
3023 5185 3403 5242 mutationibus
3436 5193 3618 5236 trans-

2045 5283 2543 5340 feruntur.'0otnia
2593 5283 2753 5350 igitur
2799 5295 2917 5349 qua:
2966 5294 3029 5333 ex
3079 5285 3262 5331 natura
3306 5284 3464 5343 atque
3503 5285 3620 5326 arte

2045 5372 2396 5438 descendunt,
2444 5373 2739 5428 constantia
2788 5379 2932 5426 sunt.
2980 5368 3173 5422 Natura
3224 5367 3420 5435 quippe
3459 5374 3620 5433 atque

2048 5480 2138 5518 ars
2167 5480 2321 5518 suum
2353 5478 2565 5533 semper
2594 5479 2726 5532 opus
2755 5460 3014 5521 efliciunt,
3047 5459 3147 5512 nisi
3178 5458 3431 5526 subjecta:
3453 5464 3616 5509 mate-

2048 5554 2142 5610 riae
2164 5553 2343 5610 obstet
2367 5554 2645 5610 incertum.
2677 5552 2806 5607 Nam
2832 5550 2970 5619 quod
3001 5564 3136 5604 unus
3158 5549 3402 5618 idemque
3429 5547 3615 5602 artifex

2051 5662 2113 5702 ex
2144 5646 2329 5704 eadem
2372 5662 2513 5717 saepe
2553 5644 2771 5702 materia
2819 5656 2935 5698 non.
2966 5641 3248 5698 admodum
3281 5642 3483 5698 similes
3512 5649 3621 5697 sta-
