4036 6336
484 182 629 249 ἰιδι

1720 180 1830 237 AN.
1874 177 2077 235 MANL.
2117 175 2271 233 SEV.
2309 174 2528 231 BOETll

3598 168 3738 222 Ηὕὲ

495 320 615 365 tuas
644 307 865 373 format,
898 318 1002 359 non
1032 312 1113 357 est
1153 301 1266 355 hzec
1305 301 1356 353 in
1394 312 1508 352 arte
1535 299 1782 360 varietas,
1826 297 1916 351 sed
1950 307 2057 350 tum
2088 296 2133 355 Α
2164 309 2386 363 quorum
2429 297 2679 347 cientum
2709 301 2867 344 causa
2897 287 2985 350 sit,
3018 294 3295 340 monstrat.
3330 284 3439 340 Nec
3470 298 3557 337 me
3582 298 3741 339 sava:

480 402 550 455 .in
582 400 796 453 artiﬁcis
825 410 999 455 manu,
1035 408 1152 459 qua:
1179 388 1532 459 integritatem
1562 390 1692 441 artis
1719 389 1925 455 assequi
1956 402 2062 440 non

498 497 701 556 potest,
737 497 843 537 tum
883 486 933 536 in
976 484 1086 550 ipsa
1128 482 1369 542 materia,
1410 494 1528 546 qum
1573 479 1867 532 elﬁcientiae
1908 488 2064 547 atque

508 580 692 630 forma:
723 589 825 627 non
845 574 1125 640 "arqualiter
1155 572 1317 624 cedit.
1345 570 1487 623 Idem
1516 578 1597 622 est
1628 571 1677 621 in
1706 578 1911 633 natura,
1946 585 2063 623 ser-

499 676 589 718 vat
612 679 837 731 namque
864 663 1214 715 constantiam
1248 674 1552 723 suam,cum
1584 660 1848 711 hominem
1876 658 2065 711 format

498 771 566 808 ex
617 737 851 806 homine.
894 751 1074 817 Itaque
1120 749 1310 802 similia
1351 749 1403 801 in
1442 750 1648 801 caeteris
1696 763 1761 800 ex
1805 746 2066 801 similibus

497 843 699 911 gignit:
731 851 783 893 at
814 856 934 893 cum
964 849 1320 893 mon-trosum
1344 839 1539 905 aliquid
1570 838 1810 902 eﬁ'ertur,
1840 854 1942 891 non
1974 853 2066 891 na-

501 945 635 987 tura:
663 931 813 992 vitio,
846 930 938 983 sed
978 932 1215 982 tuatcrize
1246 930 1419 996 potius
1446 929 1761 994 applicatur,
1790 942 1854 980 ex
1884 942 1985 995 qua
2016 926 2067 979 id

501 1021 641 1090 quod
673 1020 885 1073 efﬁcere
914 1018 1291 1080 contendebat,
1325 1032 1427 1070 non
1458 1017 1529 1069 ita
1561 1016 1730 1084 potuit
1757 1025 1944 1068 natura
1971 1031 2068 1069 ex-

503 1111 721 1179 plicare,
761 1108 853 1161 sed
894 1109 1031 1161 inter
1061 1116 1367 1160 constantes
1405 1118 1591 1157 causas
1625 1104 1831 1173 habitus
1859 1117 2069 1172 quoque

501 1200 683 1253 debuit
717 1198 959 1267 adjungi;
994 1212 1112 1249 nam
1142 1195 1280 1262 quod
1320 1210 1383 1247 ex
1417 1194 1593 1246 habitu
1630 1193 1883 1261 cujusque
1914 1193 1991 1255 ﬁt,
2019 1192 2068 1245 id

502 1298 774 1351 constans,
828 1302 924 1353 nec
970 1285 1218 1337 mutabile
1265 1299 1381 1337 esse
1430 1283 1595 1345 solet;
1643 1282 2069 1351 quandoquidem

502 1381 699 1434 idcirco
730 1380 939 1432 ltabitus
970 1378 1179 1440 dicitur,
1222 1376 1341 1444 quia
1384 1376 1727 1428 diuturnitate
1762 1374 1988 1427 habendi
2020 1375 2069 1427 in

503 1482 708 1526 natura:
758 1468 1159 1523 similitudinem
1203 1467 1448 1521 vertitur.
1499 1466 1605 1520 Sed
1649 1466 1824 1518 forsan
1870 1465 2072 1517 Tullius

503 1564 637 1616 vidit
673 1561 814 1630 quod
860 1570 1043 1613 natura
1088 1568 1244 1627 atque
1287 1572 1392 1623 ars,
1427 1567 1668 1610 nontam
1710 1557 1761 1610 in
1801 1555 2072 1610 eﬁectibus

2168 384 2439 437 hominum
2484 389 2692 434 mentes
2737 379 3052 447 arrogantite
3081 386 3286 441 notent,
3316 376 3456 445 quod
3488 376 3738 435 velutafo

2165 472 2358 527 fectata
2388 471 2703 525 auctoritate
2732 468 2987 521 Tullianis
3017 467 3295 521 sententiis
3344 480 3589 533 pugnem,
3616 480 3737 517 cum

2166 563 2421 616 adversus
2468 576 2558 614 eas
2586 559 2781 627 siquid
2830 558 3093 611 videbitur
3141 572 3246 609 non
3298 566 3502 619 nostra,
3534 556 3624 608 sed
3672 556 3737 607 ab

2168 653 2549 722 antiquissimis
2597 659 2819 705 tractata
2862 665 3227 718 compenseni.
3283 648 3435 713 Quod
3480 650 3523 700 si
3558 658 3740 700 nostra

2166 759 2377 814 quoque
2401 742 3007 810 dicerem‘us,f0porteret
3031 750 3206 793 tamen
3228 754 3320 792 eos
3348 753 3455 791 non
3488 752 3744 806 persona-

2169 850 2285 889 rum
2317 826 2656 897 vetustatem,
2688 833 2780 886 sed
2812 847 2999 886 eorum
3030 846 3147 899 quae
3194 818 3537 897 Opponuntur
3562 829 3744 880 consi-

2168 926 2362 980 derare
2403 924 2684 988 rationem,
2731 936 2829 976 nec
2872 921 3048 975 odisse
3093 920 3267 989 potius
3317 932 3436 984 quze
3485 918 3744 970 adversus

2170 1015 2347 1083 magni
2393 1013 2620 1067 nominis
2667 1012 2808 1065 viros
2861 1011 3128 1074 dicuntur,
3180 1024 3337 1077 quam
3364 1007 3657 1071 contraria,
3701 1006 3745 1058 si

2169 1115 2428 1175 possent,
2479 1104 2937 1173 argumentatione
3005 1102 3298 1156 revincere.
3370 1099 3502 1153 Nam
3569 1097 3617 1150 si
3671 1097 3747 1150 eis

2172 1200 2241 1253 Μ.
2265 1198 2469 1251 Tullius
2496 1200 2545 1249 in
2577 1195 2893 1250 difﬁnitione
2922 1208 3098 1247 rerum
3133 1191 3349 1245 nimium
3378 1191 3577 1259 placet,
3605 1204 3749 1257 qna:-

2173 1305 2293 1343 nam
2325 1298 2407 1345 est
2450 1288 2644 1341 invidia
2676 1302 2771 1340 nos
2801 1300 3011 1354 quoque
3059 1283 3451 1338 Aristotelicam
3485 1283 3745 1334 rationem

2172 1377 2432 1449 probare?
2464 1376 2616 1445 Quod
2659 1378 2702 1430 si
2747 1377 3164 1441 intemperanter
3211 1371 3577 1426 molestissimi
3630 1385 3748 1424 esse

2173 1478 2418 1539 pergunt,
2448 1468 2663 1521 audiant
2692 1466 2761 1520 Μ.
2788 1452 3019 1520 Tullium
3066 1460 3300 1517 secundo
3329 1462 3748 1515 Tusculanarum

2175 1562 2586 1629 diSputationum
2630 1557 2768 1611 libro
2810 1552 3179 1610 adhortantem
3230 1555 3427 1623 potius,
3482 1564 3643 1622 atque
3683 1554 3749 1605 ad

504 1661 811 1707 conslaules
847 1665 1003 1718 quam
1046 1650 1097 1702 in
1142 1649 1348 1716 Propria
1388 1650 1590 1711 ratione
1624 1663 1741 1701 esse
1772 1647 2072 1715 intelligun-
2100 1650 2146 1710 Β
2174 1663 2443 1708 certamen
2467 1659 2789 1717 vocantem,-
2819 1646 2919 1701 hoc
2966 1647 3124 1701 modo
3148 1663 3161 1699 :
3184 1646 3288 1700 Sed
3335 1655 3512 1699 tamen
3544 1654 3752 1698 tantum

507 1754 614 1805 tur,
647 1743 906 1796 iutantnm
932 1748 990 1793 ut
1015 1740 1153 1808 quod
1182 1754 1269 1792 ars
1299 1753 1361 1791 ac
1384 1747 1569 1791 natura
1598 1737 1874 1805 delinquit,
1901 1745 2071 1789 mate-

505 1835 602 1885 ria:
629 1833 823 1899 smpius
848 1832 1151 1901 imputetur,
1175 1829 1385 1883 habitus
1404 1836 1531 1881 vero
1560 1828 1671 1895 ipse
1692 1827 2073 1882 consuetudine

507 1923 734 1985 quadam
766 1922 1017 1975 collectus
1042 1928 1142 1979 est,
1177 1918 1265 1986 qui
1295 1934 1398 1971 non
1427 1921 1629 1971 ratione
1658 1918 1853 1984 aliquid
1875 1926 1928 1971 et
1953 1931 2075 1985 pro-

506 2014 619 2080 ptia
657 2014 973 2075 constantia,
1007 2011 1097 2065 sed
1127 2026 1223 2065 usu
1254 2010 1397 2071 facit,
1430 2018 1588 2078 atque
1631 2009 1827 2062 idcirco
1857 2009 2073 2063 forsitan

507 2103 765 2165 habitum,
795 2102 883 2171 qui
923 2102 1059 2155 inter
1102 2111 1293 2155 extera
1341 2110 1531 2169 praeter
1560 2108 1726 2154 artem
1753 2109 1806 2153 et
1835 2108 2074 2153 naturam

506 2196 783 2249 videbatur
830 2209 948 2249 esse
996 2193 1355 2256 constantior,
1406 2207 1434 2244 a
1488 2192 1660 2246 causis
1712 2192 2078 2245 constantibus

509 2286 829 2354 segregavit.
878 2285 951 2337 Ea
993 2299 1119 2338 vero
1147 2300 1263 2354 quae
1302 2298 1404 2336 non
1438 2296 1557 2336 sunt
1585 2283 1903 2345 constantia,
1936 2282 1986 2335 in
2016 2297 2077 2336 ea

508 2377 693 2430 dividit
722 2390 836 2442 qua!
857 2384 980 2428 sunt
1008 2376 1307 2444 perspicua,
1340 2382 1395 2427 et
1420 2373 1470 2426 in
1502 2389 1561 2427 ea
1588 2389 1704 2442 qua:
1735 2374 1919 2427 latent.
1950 2374 2080 2427 Per-

509 2468 838 2541 spicua‘sunt
866 2483 984 2535 qua:
1024 2468 1091 2520 ab
1135 2468 1293 2520 animi
1326 2467 1563 2534 quolibet
1588 2473 1733 2519 motu
1763 2466 1845 2519 vel
1874 2466 2079 2533 appeti-

510 2552 672 2624 tione',
706 2559 784 2611 vel
813 2557 997 2625 judicii
1029 2557 1233 2609 ratione
1264 2555 1500 2624 profecta
1533 2564 1689 2619 sunt;
1733 2557 1899 2608 latent
1952 2570 2082 2608 vero

508 2664 626 2715 quae.
673 2648 894 2701 fortuna:
943 2647 1239 2715 subjaceut.
1280 2646 1408 2698 Nam
1447 2645 1566 2713 quia
1604 2662 1707 2698 non
1738 2634 1943 2710 ignorat
1967 2646 2082 2698 ani-

509 2754 628 2792 mus
660 2740 711 2791 in
740 2754 894 2804 quam
929 2748 1133 2805 partem
1163 2738 1417 2801 declinet,
1459 2738 1547 2805 qui
1590 2738 1799 2791 tametsi
1835 2737 1959 2790 boni
1991 2736 2083 2789 ali-

509 2828 724 2897 quando
771 2829 927 2882 habet
972 2828 1250 2896 judicium,
1304 2844 1573 2896 nunquam
1624 2839 1799 2881 tamen
1847 2829 1960 2895 ejus
2008 2829 2083 2882 rei

508 2933 671 2987 quam
704 2918 867 2971 efﬁcit
895 2918 1162 2973 notionem
1192 2920 1464 2986 relinquit,
1492 2928 1688 2987 praeter
1716 2935 1810 2975 eos
1844 2921 1930 2987 qui
1964 2921 2083 2973 fun-

513 3007 654 3061 ditus
686 3018 861 3069 mente
896 3009 1200 3075 capiuntur,
1234 3018 1287 3061 et
1332 3010 1382 3062 in
1428 3011 1619 3077 quibus
1654 3010 1764 3079 jam
1803 3011 1948 3063 nulla
1985 3026 2084 3064 vo-
2112 3002 2153 3077 (ἶ

513 3099 694 3151 luntas
723 3108 825 3159 est,
860 3113 1081 3151 necesse
1119 3109 1199 3151 est
1244 3110 1365 3152 nota
1396 3114 1531 3161 e~se,
1566 3116 1682 3169 quae
1718 3118 1782 3155 ex
1814 3102 2086 3157 voluntate

516 3190 601 3241 vel
639 3189 802 3241 animi
847 3188 1047 3254 judicio
1099 3189 1248 3240 ﬁunt.
1295 3189 1526 3242 Fortuna
1566 3206 1691 3242 vero
1733 3198 1894 3258 atque
1934 3207 2088 3245 casus

520 3296 734 3348 semper
765 3281 975 3348 ignotus
1006 3288 1108 3332 est.
1136 3278 1298 3345 Cujus
1339 3282 1549 3347 quidem
1598 3291 1781 3334 natura
1825 3299 1974 3350 aeque
2007 3285 2088 3337 in-

516 3383 659 3427 certa
684 3383 783 3435 est,
803 3382 960 3440 atque
979 3386 1037 3447 ea
1061 3387 1178 3437 quae
1197 3373 1407 3425 casibus
1424 3372 1550 3440 ipsis
1573 3373 1724 3425 ﬁunt.
1752 3373 1856 3427 Sed
1878 3375 1943 3425 Μ.
1961 3374 2091 3427 Tul-

517 3463 622 3515 lius
645 3461 834 3515 difﬁnit
862 3476 981 3516 esse
1006 3476 1210 3524 casum,
1240 3471 1484 3515 eventum
1512 3464 1683 3515 causis
1712 3464 1995 3516 latentibus
2016 3465 2093 3518 ef-

516 3554 741 3619 fectum;
764 3568 879 3621 qua:
909 3568 1012 3627 non
1037 3554 1245 3627 videtur
1273 3554 1475 3621 integra
1497 3552 2089 3622 difﬁnitiozquidenim,

517 3644 562 3697 si
604 3644 777 3697 adhuc
814 3644 1004 3696 lateret
1030 3642 1222 3709 quibus
1259 3644 1430 3696 causis
1467 3642 1595 3696 solis
1624 3642 1861 3697 defectus
1889 3643 2094 3698 lunaeve

520 3735 875 3801 contingeret,
907 3748 1031 3785 num
1064 3733 1263 3787 idcirco
1291 3748 1418 3787 casu
1445 3742 1602 3801 atque
1633 3732 1855 3787 fortuna.
1883 3733 2093 3797 ﬁerent,

519 3841 640 3893 qua:
665 3825 1032 3878 constantibus
1052 3825 1173 3879 cteli
1198 3827 1428 3879 motibus
1448 3825 1883 3879 administratur?
1903 3827 1982 3879 An
2004 3824 2095 3879 ca-

520 3930 613 3969 sus
651 3915 865 3984 quidem
900 3924 1175 3985 putaretur
1214 3916 1281 3968 ab
1323 3917 1405 3969 bis
1445 3916 1535 3984 qui
1569 3916 1811 3973 defectus
1835 3918 2093 3971 rationem

526 4008 763 4073 reperire
785 4021 889 4059 non
912 4012 1146 4074 possent,
1168 4020 1259 4073 per
1279 4020 1336 4059 se
1357 4014 1530 4059 autem
1551 4006 1936 4071 consideratus,
1956 4008 2098 4061 nullo

522 4097 737 4162 quidem
768 4098 925 4150 modo
951 4106 1095 4151 esset
1124 4111 1300 4150 casus.
1350 4096 1453 4151 Sed
1485 4097 1553 4151 Μ.
1585 4098 1799 4152 Tullius
1821 4114 1927 4152 non
1957 4098 2099 4167 quod

523 4192 793 4245 videretur
824 4203 941 4243 esse
969 4202 1145 4254 casus,
1181 4190 1260 4242 his
1298 4190 1385 4257 qui
1428 4188 1544 4258 ejus
1590 4200 1849 4246 naturam
1882 4193 2100 4245 minime

528 4282 944 4350 perspexissent,
973 4280 1064 4333 sed
1089 4280 1211 4348 quid
1236 4281 1452 4335 omnino
1476 4284 1697 4336 fortuna:
1718 4291 1937 4336 eventus
1959 4293 2102 4337 esset

2174 1747 2324 1799 abest
2367 1752 2424 1797 ut
2462 1742 2621 1797 scribi
2671 1749 2857 1795 contra
2912 1753 3009 1792 nos
3063 1738 3325 1800 nolimus,
3375 1746 3434 1790 ut
3491 1736 3543 1790 id
3593 1736 3751 1788 etiam

2176 1835 2405 1889 maxime
2449 1842 2717 1901 optemus.
2772 1831 2885 1898 Ipsa
2937 1828 3077 1883 enim
3140 1826 3359 1880 Grteciaa
3415 1825 3756 1894 philosuphia

2177 1938 2447 1994 nunquam
2479 1923 2529 1976 in
2562 1921 2766 1974 honore
2798 1924 3000 1972 tantum
3048 1916 3254 1982 fuisset,
3287 1916 3389 1969 nisi
3419 1915 3759 1969 doctissimo-

2176 2034 2293 2073 rum
2344 2013 2816 2077 contentionibus,
2869 2010 3395 2078 dissensionibusque
3460 2008 3755 2067 crevisset;

2176 2107 2527 2177 quamobrem
2553 2105 2737 2158 hortor
2757 2118 2967 2165 omnes,
3012 2102 3100 2171 qui
3154 2101 3329 2155 facere
3357 2100 3407 2153 id
3434 2107 3681 2167 possunt,
3705 2107 3763 2151 ut

2179 2200 2296 2267 ejus
2334 2210 2544 2264 quoque
2573 2194 2785 2263 generis
2824 2192 3036 2246 laudem
3082 2192 3191 2259 jam
3232 2191 3509 2259 languenti
3539 2188 3763 2244 σηπίας

2181 2289 2427 2355 eripiant,
2457 2295 2511 2339 et
2539 2284 2864 2339 transferant
2892 2284 2943 2336 in
2973 2283 3107 2336 hanc
3134 2282 3342 2346 urbem,
3365 2282 3506 2334 sicut
3533 2280 3766 2345 reliquas

2181 2392 2388 2443 omnes,
2416 2394 2535 2447 qua:
2561 2376 2771 2446 quidem
2817 2387 2970 2429 erant
3016 2375 3330 2441 expetenda!
3376 2373 3558 2428 studio
3608 2383 3768 2440 atque

2182 2469 2441 2523 industria
2458 2483 2549 2521 sua
2566 2467 2796 2535 majores
2816 2466 2980 2520 nostri
3001 2468 3340 2520 transtulere.
3362 2465 3424 2519 Et
3439 2479 3651 2527 rursus,
3674 2479 3770 2517 nos

2181 2564 2268 2632 qui
2283 2564 2555 2630 sequimur
2569 2559 2987 2629 probabiliajnec
3002 2559 3136 2610 ultra
3151 2573 3304 2625 quam
3320 2557 3461 2626 quod
3475 2556 3774 2611 verisimile

2182 2656 2432 2719 occurrit,
2463 2652 2710 2722 progredi
2740 2662 3041 2717 possumus,
3064 2652 3311 2705 ret-refelli
3340 2650 3456 2704 sine
3480 2649 3773 2718 pertinacia

2182 2757 2237 2801 et
2258 2746 2501 2800 refellere
2522 2747 2635 2799 sine
2654 2744 2923 2798 iracundia
2950 2744 3116 2811 parati
3133 2759 3335 2796 sumus.
3352 2744 3618 2809 Quocirca
3645 2760 3764 2811 qua!

2185 2836 2378 2890 malum
2394 2839 2529 2891 ratio
2542 2845 2623 2889 est
2636 2835 2802 2903 ipsius
2819 2834 3050 2888 M.Tullii
3068 2833 3778 2901 voluntatemjudiciumque

2184 2926 2641 2991 convellere,cum
2679 2922 2918 2993 ejusdem
2949 2937 3135 2979 contra
3162 2941 3257 2979 nos
3278 2924 3571 2980 Sententiis
3602 2933 3769 2991 atque

2189 3018 2502 3071 auatoritate
2525 3012 2790 3067 nitantur?
2810 2996 2988 3069 Sedsi
3013 3017 3094 3070 cui
3117 3000 3777 3070 commentarios‘nostros

2190 3107 2455 3173 inspicere
2480 3120 2703 3158 vacuum
2735 3104 2914 3169 fuerit,
2935 3108 3066 3159 sciat
3096 3107 3207 3157 hrec
3235 3121 3332 3159 nos
3358 3122 3423 3158 ex
3456 3105 3778 3158 Aristotelis

2192 3198 2425 3250 secundo
2455 3195 2800 3265 Physicorum
2832 3195 3106 3248 volumine
3137 3195 3455 3257 advertisse,
3490 3209 3612 3262 quae
3646 3204 3781 3247 tam-

2193 3288 2293 3342 etsi
2336 3287 2540 3340 alticris
2572 3287 2925 3356 philosophiae
2952 3286 3342 3353 disputationes
3391 3295 3637 3355 tangunt,
3674 3300 3777 3340 nco

2184 3382 2276 3434 est
2306 3380 2477 3434 tamen
2519 3372 2711 3434 studiis
2754 3381 3124 3442 invidendum,
3158 3380 3199 3432 si
3232 3372 3517 3433 rhetoricis
3562 3394 3777 3446 quoque

2188 3489 2256 3525 ac
2295 3474 2586 3528 dialecticis
2650 3464 3101 3542 disputationibus
3167 3472 3604 3536 adtuisceamus,
3659 3485 3775 3537 qua:

2196 3568 2327 3633 sunt
2349 3563 2692 3629 profundiora
2728 3574 2952 3625 naturae,
2988 3552 3159 3629 neque
3187 3564 3490 3628 pigrescere
3520 3574 3581 3612 ac
3613 3559 3777 3612 ditas-

2196 3652 2298 3702 sari
2329 3652 2537 3704 animos
2577 3650 2794 3720 dignum
2823 3659 2930 3713 est,
2960 3665 3094 3718 quos
3126 3650 3441 3701 intentiores
3472 3663 3533 3699 ac
3560 3658 3778 3716 vegetos

2188 3745 2311 3811 ipsa
2341 3761 2517 3799 rerum
2546 3738 2866 3811 ambiguitas
2891 3753 2945 3797 et
2970 3736 3233 3796 variarum
3276 3742 3511 3809 cognitio
3539 3742 3777 3809 specula-

2192 3838 2401 3889 tionum
2430 3836 2652 3891 deberet
2693 3836 2931 3897 efﬁcere,
2958 3850 3077 3889 cum
3111 3835 3405 3901 praesertim
3436 3849 3498 3886 ea
3524 3832 3776 3888 libremus

2188 3941 2387 3983 natura
2418 3929 2511 3992 sit,
2542 3937 2598 3981 ut
2627 3929 2691 3983 ad
2726 3928 3004 3998 legendum
3047 3928 3312 3981 studiosos
3343 3935 3545 3990 teneat,
3574 3927 3775 3981 nullum

2194 4017 2659 4088 eogatiguavum.‘
2683 4018 2928 4071 Dicamus
2974 4016 3133 4086 igitur
3159 4016 3281 4084 quid
3312 4026 3536 4069 eventus
3560 4017 3637 4069 sit
3664 4016 3771 4069 foro

2203 4112 2363 4168 tunae.
2399 4108 2477 4162 vel
2508 4123 2729 4177 quarum
2754 4106 2755 4109 “
2784 4124 2960 4162 rerum
3010 4121 3129 4159 sors
3171 4121 3329 4159 causa
3379 4120 3500 4160 esse
3546 4106 3775 4160 dicatur.

2191 4202 2388 4255 .Omnia
2419 4201 2576 4269 igitur
2622 4202 2753 4254 ﬁunt
2798 4201 2878 4253 vel
2931 4186 3333 4253 itnmutabiliter
3362 4214 3424 4252 ac
3453 4214 3695 4268 semper.
3728 4209 3781 4253 ιιι

2203 4294 2341 4361 quod
2373 4294 2450 4346 sol
2481 4292 2681 4357 oritur;
2714 4293 2793 4345 vel
2837 4293 3057 4356 smpius,
3088 4301 3146 4344 ut
3178 4290 3320 4359 quod
3350 4306 3523 4359 equus
3554 4290 3785 4358 quadra-

523 4372 858 4425 di'iinitionis
914 4371 1171 4424 rationem
1232 4372 1578 4425 monstrabat.
1637 4374 1902 4427 Eventum
1963 4388 2089 4426 vero
2122 4396 2169 4453 ι)
2198 4404 2289 4459 pes
2316 4388 2581 4449 nascitur;
2615 4386 2695 4439 vel
2730 4400 2873 4450 τωο⁹
2903 4393 2961 4438 ut
3002 4385 3049 4437 Si
3085 4399 3253 4451 equus
3282 4398 3402 4437 cum
3436 4384 3683 4452 quinque
3708 4383 3785 4435 γει

527 4464 814 4521 latentibus
842 4465 1016 4516 causis
1045 4463 1230 4518 Cicero
1278 4480 1458 4519 casum
1507 4480 1625 4520 esse
1675 4467 1753 4519 ita.
1784 4466 2089 4521 concludit:

524 4557 656 4607 (lum
700 4554 877 4607 omnia
920 4555 1080 4607 certis
1128 4555 1195 4608 de
1241 4555 1418 4608 ctusis
1480 4556 1635 4621 ﬁant,
1690 4565 1913 4625 quorum
1960 4558 2095 4611 ratio

524 4647 890 4713 Cognoscitur,
937 4662 1120 4721 eorum
1170 4657 1391 4701 eventus
1436 4662 1563 4702 c.tsu
1620 4648 1736 4703 ﬁeri
1783 4664 1886 4702 non
1936 4665 2093 4718 posse

526 4747 909 4804 monstrantur,
935 4736 1028 4791 sed
1072 4746 1331 4805 putantur
1365 4740 1537 4807 aliqua
1588 4740 1703 4794 ﬁeri
1742 4755 1869 4797 casu
1909 4753 2094 4795 eorum

526 4846 747 4899 quorum
795 4845 953 4883 causa
1003 4830 1145 4883 nulla
1196 4830 1400 4884 ratione
1444 4833 1802 4901 cognoscitur.
1868 4834 1940 4885 Ex
1992 4848 2096 4901 quo

526 4924 703 4979 evenit
729 4932 784 4975 ιιι
813 4923 1036 4976 fortunae
1076 4923 1142 4977 sit
1186 4934 1431 4988 eventus,
1463 4926 1548 4991 qui
1598 4925 1881 4991 latentibus
1922 4927 2099 4979 causis

516 5006 775 5087 efﬁcitur.
812 5013 905 5067 llic
936 5000 1094 5083 igitur
1124 5014 1175 5066 in
1224 5013 1382 5066 rebus
1429 5015 1639 5083 quidem
1686 5016 1818 5083 ipsis
1846 5026 2099 5070 constan-

528 5105 654 5157 tiam
695 5102 871 5172 ponit,’
893 5119 1071 5158 casum
1117 5119 1243 5167 vero
1274 5120 1376 5158 non
1409 5120 1484 5171 re,
1518 5106 1609 5158 sed
1641 5106 1892 5173 Opinione
1938 5108 2095 5161 meti-

530 5209 630 5251 tur.
659 5199 775 5263 Quo
800 5199 853 5250 lit
878 5207 931 5257 ut
956 5198 1001 5251 si
1031 5198 1183 5266 aliter
1207 5196 1407 5251 eﬁecta:
1439 5199 1512 5252 rei
1540 5200 1748 5253 noverit
1775 5215 2014 5263 causam,
2046 5198 2096 5250 id

528 5292 669 5360 quod
700 5292 889 5345 accidit
918 5290 1140 5344 fortnam
1173 5306 1278 5361 non
1322 5291 1391 5343 sit
1435 5301 1689 5356 eventus;
1736 5293 1873 5355 idem
1919 5303 2092 5346 tamen

529 5382 598 5434 sit
623 5382 773 5435 alteri
810 5381 1033 5435 fortunte
1063 5392 1306 5445 eventus,
1339 5384 1381 5433 si
1415 5382 1669 5449 rationem
1697 5384 1835 5435 alter
1868 5386 2092 5450 ignoret.

531 5476 680 5551 Quod
728 5492 853 5530 vero
901 5478 1134 5530 onmium
1184 5492 1359 5531 rerum
1405 5492 1594 5537 musas
1636 5492 1753 5532 esse
1801 5478 1962 5541 dicit,
1994 5494 2098 5532 non

534 5565 859 5641 determinat
885 5571 1062 5634 quales
1084 5608 1099 5631 ,
1131 5580 1285 5637 atque
1319 5568 1436 5637 ideo
1466 5584 1564 5625 nec
1601 5569 1668 5624 de
1712 5569 1922 5625 fortuna
1968 5572 2098 5640 ipsa,

2202 4482 2369 4534 tribus
2401 4470 2620 4548 pedibus
2667 4486 3006 4546 procreetur;
3039 4476 3119 4529 vel
3169 4489 3337 4543 reque,
3376 4475 3542 4551 utin
3588 4474 3782 4541 quibus

2204 4570 2563 4624 faciendarum
2594 4583 2770 4622 rerum
2799 4568 2928 4621 nihil
2979 4567 3221 4629 interest,
3252 4580 3356 4633 quo
3390 4567 3572 4633 potius
3600 4565 3785 4618 volun.

2204 4668 2364 4712 tatem
2409 4671 2708 4726 vergamus.
2755 4658 2927 4725 Atque
2961 4654 3087 4708 illud
3134 4654 3347 4722 quidem
3381 4654 3531 4721 quod
3575 4668 3790 4720 semper

2206 4750 2280 4813 ﬁt,
2312 4750 2441 4802 nihil
2493 4749 2652 4802 habet
2696 4747 3029 4815 oppositum,
3076 4744 3374 4821 quodulio
3424 4743 3587 4797 modo
3641 4743 3791 4796 aliter

2206 4841 2325 4901 fiat;
2372 4839 2423 4891 id
2478 4854 2604 4893 vero
2632 4839 2770 4907 quod
2821 4851 2962 4905 saepe
2999 4836 3257 4903 contingit
3287 4834 3450 4911 habet
3479 4835 3790 4897 adversum,

2200 4932 2251 4983 iil
2279 4929 2420 4998 quod
2450 4930 2622 4982 rarius
2648 4930 2860 4991 evenit,
2903 4942 3082 4997 neque
3122 4926 3265 5003 enim
3296 4927 3492 4992 sepius
3523 4925 3706 4988 ﬁeret,
3736 4939 3793 4976 ac

2203 5036 2309 5074 non
2355 5035 2588 5088 semper,
2624 5020 2723 5073 nisi
2773 5018 3043 5072 diversum
3091 5032 3216 5071 raro
3261 5015 3511 5084 quidem,
3546 5015 3645 5069 sed
3699 5015 3795 5069 ali-

2200 5113 2414 5182 quando
2459 5112 2818 5179 contingeret.
2863 5111 3016 5177 Quod
3064 5108 3223 5178 igitur
3265 5124 3332 5162 ex
3382 5100 3599 5160 fortuna
3636 5107 3718 5168 ﬁt,
3742 5107 3793 5160 in

2200 5205 2541 5272 sempiternis
2597 5196 2701 5256 non
2734 5204 2851 5265 est;
2905 5202 3025 5270 quis
3071 5202 3212 5254 enim
3256 5214 3378 5252 casu
3429 5198 3597 5251 solem
3653 5198 3793 5251 dicat

2202 5296 2458 5350 oriri?Ne
2486 5296 2536 5350 in
2570 5296 2653 5348 his
2677 5292 2905 5364 quidem
2935 5280 3054 5360 qua:
3086 5291 3417 5359 frequentius
3462 5288 3628 5353 ﬁunt;
3667 5289 3786 5341 nul-

2205 5387 2286 5441 lus
2311 5388 2455 5442 enim
2479 5402 2603 5441 casu
2634 5402 2828 5455 equum
2853 5385 3051 5437 dixerit
3071 5396 3194 5437 esse
3224 5380 3654 5449 quadrupedem.
3689 5379 3793 5434 Nec

2202 5492 2336 5531 vero
2364 5479 2413 5530 in
2447 5478 2528 5530 bis
2558 5491 2672 5545 qua;
2704 5476 2819 5528 ﬁeri
2844 5471 3125 5543 mqualiter
3162 5469 3368 5534 solent;
3398 5484 3520 5523 nam
3550 5484 3675 5547 quae
3704 5483 3794 5521 vo-

2215 5569 2440 5622 luntaria
2474 5577 2594 5623 Sunt
2624 5581 2729 5621 non
2760 5566 3008 5621 videntur
3034 5578 3153 5620 esse
3184 5562 3417 5617 fertuita.
3471 5564 3661 5617 Restat
3696 5561 3790 5632 igi-
