4036 6336
297 319 438 373 H53

1145 315 1204 370 IN
1244 315 1482 372 TOPICA
1526 309 1879 370 CICERONIS
1917 302 2449 362 COMMENTARIAV
2475 302 2584 356 LIB
2633 300 2690 356 ν.

3400 297 3539 350 1154

295 440 383 486 tur
409 440 465 485 ut
489 429 540 484 in
569 429 651 483 his
698 427 922 483 fortunae
951 436 1171 483 eventus
1200 427 1291 493 sit,
1322 442 1440 496 qua:
1491 427 1661 480 rarius
1701 425 1856 479 ﬁunt.

1977 413 2207 483 ponitur,
2236 427 2355 480 quae
2397 410 2598 479 judicio
2645 422 2856 479 quoque
2905 405 3188 477 conjuncta
3236 415 3344 470 est,
3389 417 3448 460 ut
3496 408 3541 460 si

295 524 493 578 Eorum
525 534 653 575 vero
694 536 810 589 que
841 519 995 584 ﬁunt,
1029 519 1218 587 partim
1273 518 1432 572 ﬁnem
1476 518 1707 587 aliquem
1739 531 1862 579 spe-

295 621 461 676 ctant,
490 613 682 679 partim
712 609 949 663 minime.
976 611 1105 676 Quis
1134 609 1276 663 enim
1309 608 1430 662 ﬁnis
1459 623 1576 661 esse
1606 617 1796 675 potest,
1820 608 1868 660 si

297 717 514 756 manum
541 700 845 763 extendam,
870 700 915 753 si
937 712 1108 768 genua
1132 700 1466 775 complicem,
1490 708 1648 765 atque
1668 694 1869 765 aliquid

294 800 481 865 jacens
509 796 652 848 humi
684 794 886 858 tollam,
916 794 1056 862 quod
1085 774 1246 846 nullis
1268 774 1450 846 usibus
1476 790 1776 859 applicem?
1800 790 1870 843 At

297 901 430 940 vero
449 901 510 939 ea
539 900 657 953 quae
679 885 909 950 aliquem
940 885 1097 937 ﬁnem
1128 890 1370 950 spectant
1400 880 1588 949 partim
1620 882 1867 933 volunta—

302 976 369 1029 tis
397 985 539 1038 sunt,
569 976 759 1043 partim
786 983 1006 1041 naturae.
1030 973 1351 1036 Voluntatis,
1383 982 1442 1025 ιιι
1465 972 1510 1024 si
1530 972 1649 1041 quis
1672 971 1869 1024 idcirco

299 1065 461 1118 domo
480 1063 801 1134 egrediatur,
827 1072 885 1117 ut
908 1063 1088 1116 videat
1112 1061 1362 1115 amicum.
1384 1060 1617 1125 Naturae,
1647 1070 1703 1114 ut
1726 1060 1868 1128 quod

299 1154 463 1208 estin
492 1153 826 1206 animalibus.
874 1153 1062 1206 Omnia
1108 1168 1226 1220 quae
1266 1152 1333 1205 ab
1379 1167 1439 1205 ea
1493 1151 1622 1204 ﬁunt
1668 1160 1869 1204 certam

297 1241 547 1294 animalis
579 1241 867 1308 respiciunt
891 1239 1195 1304 utilitatem,
1214 1248 1375 1306 atque
1404 1239 1468 1291 ad
1497 1238 1611 1306 ejus
1641 1238 1867 1305 salutem

297 1332 871 1398 conservationemque
908 1331 1144 1383 omnium
1197 1330 1557 1383 membrorum
1602 1338 1869 1382 momenta

297 1431 426 1474 sunt
470 1423 775 1476 constituta.
807 1421 1002 1475 Casum
1046 1421 1205 1489 igitur
1251 1434 1331 1500 ac.
1360 1420 1613 1500 fortuitos.
1650 1429 1871 1473 eventus

299 1514 355 1567 in
401 1513 482 1566 his
527 1528 647 1566 esse
688 1513 955 1579 ponimus,
985 1527 1104 1579 qua:
1141 1526 1262 1564 cum
1304 1496 1474 1563 rarius
1521 1496 1667 1574 fiant,
1699 1511 1747 1563 in
1789 1511 1870 1564 lt'ls

298 1614 479 1658 tamen
532 1619 626 1672 per
662 1604 911 1658 acc'dens
954 1605 1225 1666 eveniunt,
1258 1619 1374 1670 qua:
1422 1612 1636 1671 prOpter
1676 1603 1871 1669 aliqttid

303 1695 469 1746 liunt:
503 1694 665 1746 veluti
702 1694 745 1746 si
775 1694 895 1761 quis
925 1706 1171 1761 egressus
1197 1692 1357 1745 domo
1388 1702 1443 1743 ut
1468 1692 1695 1744 amicum
1726 1693 1871 1745 vide-

299 1792 403 1846 ret,
440 1782 748 1849 praeteriens
773 1780 994 1835 cadente
1023 1780 1252 1848 desuper
1279 1781 1454 1847 lapide
1504 1782 1638 1834 ictus
1667 1789 1776 1845 est;
1818 1780 1868 1833 id
1900 1804 1948 1862 Β

300 1872 461 1938 igitur
489 1873 629 1939 quod
671 1873 865 1931 evenit.
899 1872 950 1924 in
995 1872 1198 1924 rariore
1227 1885 1382 1924 causa
1428 1872 1727 1936 ponendum
1760 1880 1868 1937 est;

297 1964 526 2013 accessit
577 1976 701 2013 vero
747 1962 793 2013 ei
836 1961 1116 2024 voluntati,
1146 1976 1262 2028 qute
1310 1971 1510 2014 certum
1554 1961 1872 2029 respiciebat

298 2052 483 2105 linem.
521 2052 590 2105 Ea
623 2070 750 2105 vero
780 2053 874 2104 fttit
905 2052 1064 2105 domo
1105 2053 1414 2121 egrediendi
1447 2067 1625 2115 causa,
1657 2062 1710 2104 ut
1740 2051 1872 2103 ami-

294 2159 422 2197 cum
456 2144 678 2197 videret.
711 2144 931 2208 ltursus,
962 2146 1211 2211 quoniam
1245 2145 1388 2212 lapis
1418 2143 1727 2195 naturaliter
1754 2157 1874 2209 gra-

301 2235 389 2287 vis
428 2243 531 2295 est,
566 2234 799 2302 gravitas
848 2250 972 2287 vero
1024 2246 1217 2287 terram
1276 2237 1427 2302 petit,
1470 2248 1626 2285 casus
1657 2232 1871 2301 quidem

300 2323 495 2393 lapidis
527 2336 740 2391 propter
772 2325 968 2393 aliquid
1018 2324 1330 2377 naturaliter
1374 2324 1540 2376 factus
1578 2330 1691 2385 est;
1728 2322 1791 2375 ad
1822 2322 1872 2375 id

299 2415 446 2469 enim
498 2415 687 2482 lapidis
739 2424 924 2468 natura
980 2416 1259 2477 tendebat,
1290 2424 1345 2466 ιιι
1396 2414 1448 2465 in
1498 2428 1650 2465 suum
1700 2414 1872 2465 locum

302 2505 509 2573 pondus
536 2507 756 2559 veniens
786 2507 1212 2574 conquiesceret.
1242 2504 1344 2558 Sed
1377 2503 1496 2556 huic
1528 2503 1754 2555 naturali
1789 2504 1871 2555 itt-

302 2597 531 2649 tentioni
572 2597 769 2649 accidit
815 2596 865 2649 id
913 2596 1051 2664 quod
1100 2596 1270 2648 rarius
1317 2597 1519 2657 evenit,
1568 2594 1769 2646 scilicet
1817 2600 1875 2646 ut

299 2697 607 2755 percuteret
634 2697 822 2756 caput;
872 2702 974 2754 quo
1007 2686 1061 2738 fit
1090 2694 1147 2738 ut
1175 2685 1243 2738 sit
1284 2686 1572 2739 secundum
1618 2684 1873 2738 Aristote-

300 2779 407 2830 letn
460 2777 665 2830 fortuna
714 2779 795 2831 vel
846 2791 1024 2839 casus,
1073 2791 1231 2831 causa
1273 2790 1367 2842 per
1414 2776 1659 2828 accidens
1702 2776 1874 2828 rarius

297 2869 661 2923 evenientium
698 2871 748 2923 in
782 2870 863 2922 his
893 2870 1052 2923 rebus
1081 2884 1198 2937 qua:
1241 2878 1455 2935 propter
1485 2866 1683 2934 aliquid
1719 2868 1869 2921 fiunt.

297 2956 431 3027 Qua:
472 2978 592 3016 cum
640 2963 711 3015 ita
755 2965 883 3025 sint,
915 2978 1141 3031 cumque
1186 2962 1435 3015 diffinitio
1479 2962 1809 3015 Arismtelica
1842 2978 1870 3016 a

301 3049 543 3103 Tulliana
567 3050 851 3118 plurimum
876 3051 1159 3118 diserepet,
1194 3051 1320 3103 illud
1354 3062 1526 3102 tamen
1560 3050 1611 3103 in
1639 3051 1873 3119 utrisque

1974 501 2287 556 nazuraliter
2314 515 2447 553 sano
2473 503 2697 569 quisque
2723 498 2922 568 judicio
2950 500 3408 567 compositus'est:
3443 512 3539 566 ap-

1975 589 2219 659 petitioni
2242 591 2426 651 etiam,
2454 597 2510 640 ut
2528 590 2569 641 si
2595 589 2906 641 naturaliter
2928 588 3124 657 aliquid
3149 590 3355 640 animus
3374 579 3548 655 petat;

1973 681 2069 734 llis
2106 679 2350 748 adjungit
2396 680 2556 731 aliam
2605 694 2884 732 causarum
2911 679 3260 741 divisionem;
3293 679 3366 730 ait
3395 678 3539 731 enini

1973 771 2102 823 alias
2133 784 2321 823 causis
2351 784 2469 822 esse
2492 771 2837 833 voluntarias,
2867 770 2995 823 altas
3025 770 3326 836 ignoratas:
3354 768 3542 820 volun-

1974 863 2158 927 tarias,
2180 876 2267 914 eas
2283 874 2613 927 quaecunque
2635 874 2696 912 ex
2720 860 2918 931 judicio
2941 860 3157 911 veniunt
3180 858 3372 921 animi;
3397 858 3541 925 igno-

1972 960 2115 1003 ratas
2161 950 2213 1001 in
2259 948 2453 1017 quibus
2498 948 2789 1001 necessitas
2838 948 3055 1000 domina
3104 957 3205 1011 est,
3259 947 3309 999 id
3356 958 3436 999 est
3486 952 3539 1000 ιιι

1972 1040 2165 1108 quibus
2191 1048 2281 1092 aut
2316 1037 2531 1091 omnino
2576 1052 2681 1089 non
2732 1039 2995 1101 volumus,
3022 1046 3114 1091 aut
3143 1053 3210 1089 ne
3240 1037 3284 1088 si
3317 1036 3539 1088 velimus

1973 1134 2187 1202 quidem
2234 1131 2390 1183 aliter
2438 1130 2614 1185 facere
2644 1144 2946 1197 possumus,
2979 1140 3033 1182 ιιι
3065 1131 3116 1181 itt
3148 1141 3350 1201 natura
3382 1136 3549 1194 atque

1973 1237 2123 1275 casu.
2153 1221 2479 1275 Necessitate
2507 1221 2649 1273 enim
2695 1220 2919 1287 quadam
2948 1228 3149 1273 natura:
3174 1222 3357 1288 gravia
3386 1221 3542 1273 deor-

1973 1327 2089 1366 sum
2134 1313 2394 1373 feruntur,
2430 1312 2745 1363 necessitate
2790 1311 2914 1363 item
2964 1310 3160 1363 factum
3205 1311 3451 1372 dicimus,
3486 1316 3543 1361 ut
3608 1366 3613 1371 η

1972 1404 2162 1470 aliquis
2189 1402 2441 1471 ignorans
2462 1404 2607 1466 λιιι-ιο
2638 1411 2783 1452 trans
2826 1404 3084 1466 parietem
3117 1402 3293 1465 lapide
3326 1409 3551 1467 praeter:

1974 1505 2187 1546 euntem
2221 1493 2491 1544 hominem
2528 1489 2834 1557 peretnerit.
2890 1490 3073 1555 anue
3105 1494 3394 1542 netcssitas
3423 1489 3549 1559 talis

1974 1590 2075 1643 est,
2100 1596 2202 1633 non
2229 1581 2368 1648 quod
2398 1584 2553 1630 aliter
2583 1580 2696 1630 lieri
2720 1593 2823 1629 non
2851 1578 3128 1645 potuisset,
3156 1579 3253 1630 nisi
3286 1590 3337 1630 ut
3366 1580 3544 1645 lapide

1968 1669 2111 1738 jacto
2160 1664 2476 1737 percuteret,
2509 1669 2602 1721 sed
2644 1670 2765 1734 quia
2818 1672 3061 1721 Voluntas
3108 1668 3379 1733 dchlI,-el
3434 1684 3540 1721 non

1974 1762 2192 1825 idcirco,
2220 1763 2343 1828 quia
2377 1760 2560 1822 voluit,
2592 1759 2733 1811 fecit.
2781 1758 2933 1810 Prior
2964 1773 3089 1810 vtro
3122 1773 3186 1810 ne
3221 1757 3409 1810 essitas
3434 1757 3545 1826 jam

1977 1855 2100 1907 talis
2130 1865 2231 1917 est,
2265 1853 2315 1905 in
2348 1868 2447 1919 qua
2498 1851 2641 1903 nulla
2683 1852 2927 1902 voluntas
2948 1861 3049 1912 est,
3085 1852 3165 1902 vel
3198 1866 3258 1901 ea
3289 1866 3404 1916 qua:
3439 1859 3542 1914 est,

1975 1959 2042 1997 ne
2075 1943 2124 1996 id
2153 1944 2292 2009 quod
2338 1940 2483 2008 cupit
2525 1941 2737 2004 efﬁciat,
2768 1941 3025 1993 validiore
3069 1942 3384 2007 necessitate
3414 1926 3546 1992 con?

1974 2036 2269 2102 stringitur.
2315 2033 2446 2085 Nam
2492 2048 2610 2085 cum
2655 2034 2787 2097 lapis
2833 2034 3082 2085 deorsum
3132 2034 3343 2100 protiria
3374 2035 3547 2100 gravi-

1975 2139 2083 2182 tate
2104 2128 2562 2196 deponitur,nnlla
2594 2128 2836 2178 voluntas
2866 2126 3073 2189 est,sed
3105 2136 3306 2177 tantum
3342 2138 3545 2179 naturae

1976 2218 2299 2281 necessitas;
2333 2228 2385 2269 at
2431 2218 2472 2269 si
2522 2217 2682 2269 homo
2714 2216 2965 2273 deorsum
3016 2216 3191 2279 cadat,
3221 2228 3300 2268 est
3331 2216 3544 2283 quidem

1976 2323 2079 2361 non
2109 2308 2331 2360 cadendi
2360 2308 2624 2369 voluntas,
2658 2307 2752 2359 sed
2804 2307 2928 2359 ferri
2979 2322 3083 2375 quo
3117 2324 3218 2359 non
3252 2310 3384 2375 \ult,
3418 2309 3547 2360 vali-

1974 2399 2092 2451 dior
2144 2408 2345 2451 naturae
2395 2414 2554 2451 causa
2605 2399 2896 2463 compellit.
2959 2399 3291 2451 \‘o'tmtatetn
3347 2415 3471 2452 vero
3519 2415 3553 2465 ar

1975 2489 2207 2542 fortuitis
2234 2491 2514 2542 eventibus
2544 2506 2647 2541 uno
2678 2491 2974 2557 eodemque
3004 2480 3279 2556 aplinSllllO
3323 2494 3549 2545 secrevit

1975 2581 2239 2647 exemplo,
2293 2582 2454 2633 veluti
2505 2582 2547 2633 si
2602 2591 2650 2632 te
2676 2597 2759 2632 um
2815 2597 2971 2633 manu
3015 2583 3207 2648 jaciat.
3257 2588 3549 2650 nolenslue

1977 2674 2129 2727 feriat
2156 2685 2590 2743 prietereunletn.
2623 2672 2965 2741 Natnjecisse
2995 2689 3059 2727 ex
3088 2674 3374 2727 voluntatis
3406 2677 3549 2741 prin-

1974 2764 2113 2832 cipio
2142 2765 2396 2817 nascitur.
2432 2763 2634 2816 ldcitco
2663 2764 2804 2816 enim
2830 2764 2990 2831 jeCtt,
3019 2765 3140 2831 quia
3174 2764 3356 2819 voluit.
3392 2767 3557 2833 Ιιςιιο-Δ

1977 2855 2111 2906 ravit
2134 2870 2261 2907 vero
2291 2854 2430 2923 quod
2458 2861 2979 2922 percuteretuteque
3008 2854 3145 2905 enitn
3166 2853 3401 2920 jecisset,
3421 2869 3461 2906 St
3490 2868 3551 2908 se

1977 2960 2351 3013 percussurntn
2387 2944 2680 3013 praevidere
2711 2945 2989 3012 potuisSet.
3036 2945 3215 3008 Neque
3241 2944 3393 3012 jecit,
3424 2945 3549 3011 quia

1976 3036 2142 3086 valuit
2161 3045 2457 3103 percute-8.
2484 3034 2537 3087 Si
2561 3043 2735 3087 autem
2760 3048 2863 3086 non
2891 3035 3204 3101 ignorasset,
3226 3050 3327 3084 nott
3357 3050 3547 3101 percu-

298 3154 540 3208 cnnsla,’
582 3146 634 3199 id
685 3146 826 3214 quad
875 3148 1100 3199 {omnm
1151 3148 1447 3213 summum,
1492 3154 1607 3208 est,
1654 3146 1939 3226 ίηρθηίεϐ
1978 3137 2087 3179 tere
2114 3125 2558 3226 potuisse-hlinde
2580 3127 2743 3226 etiam
2771 3125 3545 3226 tnacbinantentum-quoddam

297 3237 511 3291 casibus
552 3209 763 3304 semp,”
802 3253 923 3292 esse
956 3209 1310 3305 ειιρροείιυίη.
1362 3238 1494 3290 Νηη,
1530 3240 1648 3291 licet
1690 3238 1740 3291 in
1788 3237 1867 3291 his
1898 3209 1938 3227 “¹
1973 3230 2129 3285 atque
2153 3218 2393 3271 defensio
2416 3219 2913 3286 injurisiteritorum
2939 3220 3374 3287 respon'Stonibus
3402 3222 3549 3274 inve—

300 3326 461 3377 rebus
489 3341 631 3392 suspe
663 3326 868 3380 fortuna
914 3342 1040 3379 suos
1073 3328 1377 3394 experiatur
1405 3337 1575 3390 actus,
1611 3342 1727 3395 quae
1772 3342 1866 3380 vo-

300 3418 506 3468 luntate
552 3427 697 3482 sunt,
726 3427 780 3470 et
808 3419 872 3470 ad
904 3418 1133 3485 aliquem
1168 3418 1323 3472 linem
1368 3419 1687 3483 referuntur,
1720 3431 1871 3474 extra

297 3514 478 3557 tamen
510 3507 703 3558 accidit
730 3507 867 3574 quod
896 3508 1118 3559 fortunze
1148 3516 1249 3573 est,
1278 3523 1373 3560 nec
1397 3508 1463 3559 ab
1485 3523 1548 3560 eo
1573 3510 1673 3560 line
1701 3508 1867 3572 venit,

299 3609 456 3662 quem
487 3595 586 3647 sibi
612 3598 819 3649 animus
852 3607 974 3651 ante
1006 3606 1366 3664 perspexetat.
1402 3597 1504 3651 Sed
1536 3613 1653 3650 cum
1686 3598 1871 3651 Cicero

298 3684 576 3739 divisisset
604 3701 792 3738 causas
834 3687 884 3739 in
930 3702 1021 3740 eas
1065 3705 1181 3755 qua:
1232 3690 1522 3756 perstiicum
1553 3696 1694 3753 sunt,
1722 3698 1776 3743 et
1822 3707 1869 3742 In

296 3791 394 3829 eas
424 3793 541 3845 qua:
576 3779 828 3841 laterent,
858 3794 1084 3847 euntque
1128 3795 1218 3833 eas
1263 3796 1379 3848 qua:
1432 3781 1717 3847 perSpicutc
1766 3783 1871 3835 sint

294 3868 502 3923 diceret
546 3886 666 3924 esse
710 3887 827 3939 qua:
874 3872 1255 3938 apjetitionem
1303 3872 1462 3924 animi
1509 3872 1872 3941 judicitnnquc

296 3967 599 4027 tangerent,
632 3960 967 4015 manifestum
1015 3972 1103 4021 est
1142 3977 1261 4015 cum
1306 3963 1387 4015 vel
1432 3971 1624 4027 artem,
1656 3962 1738 4015 vel
1782 3946 1874 4016 vo-

262 4052 579 4127 rittntatem.
610 4052 695 4105 Vel
747 4052 1227 4120 perturbationem,
1262 4053 1346 4106 vel
1400 4053 1635 4106 habitum
1690 4054 1738 4105 in
1791 4053 1872 4107 bis

294 4143 472 4196 causis
502 4157 697 4210 ponere
726 4159 842 4211 quze
873 4145 1166 4212 perspicua:
1196 4154 1350 4206 sunt;
1402 4145 1650 4196 voluntas
1680 4145 1873 4212 quippe

294 4243 458 4302 atque
485 4234 645 4288 animi
671 4235 998 4302 perturbatio
1022 4235 1072 4288 in
1095 4235 1421 4303 ειιμιιιιιίοιιθ
1451 4238 1688 4304 ponitur,
1731 4250 1873 4302 saepe

296 4328 443 4378 enim
493 4341 556 4379 ex
609 4326 1006 4393 petturbatione
1070 4326 1265 4393 aliquid
1326 4328 1652 4393 appetimus,
1704 4337 1870 4382 artem

300 4428 430 4466 vero
456 4414 536 4467 vel
568 4413 799 4467 habitum
825 4415 874 4467 in
894 4414 1127 4481 judicio;
1159 4425 1280 4467 artc
1303 4431 1530 4483 namque
1548 4415 1869 4484 judicatnus,

299 4504 515 4557 habitus
542 4519 670 4559 vero
701 4505 763 4556 ad
796 4515 1079 4573 utrumque
1108 4505 1365 4572 pertinet:
1398 4521 1516 4557 natu
1546 4516 1599 4557 ct
1631 4507 1873 4559 voltum-

295 4606 384 4648 tes
425 4593 751 4647 consuetudo
799 4594 1082 4657 ministrat,
1114 4605 1165 4647 et
1212 4595 1381 4648 multo
1434 4610 1529 4646 usu
1582 4595 1879 4662 peritiaque

296 4684 361 4737 ﬁt
385 4684 626 4753 quadam
656 4687 948 4737 constantia
973 4684 1268 4751 jtttlicandi.
1303 4684 1495 4737 Casum
1529 4684 1579 4735 itt
1613 4700 1715 4735 non
1750 4698 1870 4751 per-

296 4775 501 4843 spicuis
534 4775 727 4843 posuit.
765 4775 837 4827 De
885 4786 1072 4827 natura
1119 4778 1377 4829 incertum
1419 4786 1500 4828 est
1533 4788 1707 4827 utrum
1741 4775 1882 4829 inter

300 4866 613 4935 perspicuas
654 4882 720 4920 an
774 4867 913 4920 inter
967 4867 1192 4920 latentes
1247 4867 1418 4934 ipsam
1448 4869 1672 4922 collocet
1714 4885 1725 4918 :
1760 4884 1879 4921 nam

301 4961 348 5013 si
405 4960 544 5012 inter
614 4959 839 5013 latentes
900 4974 1107 5028 causas,
1162 4960 1329 5026 ipsam
1389 4971 1628 5013 naturam
1699 4974 1878 5013 casum

308 5050 581 5102 videretur
627 5060 811 5117 putare
844 5051 1036 5118 :cnjus
1080 5050 1346 5117 opinionis
1395 5052 1533 5121 nulla
1586 5052 1725 5105 ratio
1772 5061 1873 5104 est.

302 5141 453 5205 Quod
482 5140 527 5193 si
560 5142 693 5194 inter
736 5142 1044 5210 perspicuas
1065 5184 1079 5204 ,
1110 5158 1353 5208 quanam
1408 5145 1659 5210 appetitio
1710 5142 1875 5196 animi

304 5232 385 5283 vt-I
410 5231 670 5300 judicium
713 5233 763 5285 in
796 5242 982 5286 natura
1030 5243 1110 5286 est
1135 5233 1158 5286 ‘P
1186 5233 1363 5303 Neque
1403 5235 1545 5286 enim
1578 5236 1876 5302 appetendo

302 5323 501 5390 aliquid
533 5324 612 5376 vel
632 5323 1033 5392 judicandofac
1058 5336 1074 5377 t
1102 5338 1311 5388 natura,
1338 5323 1436 5377 nisi
1463 5325 1597 5379 forte
1621 5327 1872 5393 quoniam

302 5431 369 5468 cx
411 5414 521 5483 ipsa
556 5430 697 5482 saepe
728 5417 975 5469 hahilitas
1022 5416 1261 5482 qtnedatn
1313 5427 1509 5470 tnentts
1548 5426 1602 5470 et
1630 5419 1876 5486 corporis

303 5505 480 5558 existit
505 5548 517 5568 ,
550 5523 668 5574 qua:
699 5507 946 5559 babilitas
975 5508 1038 5558 ad
1066 5522 1495 5574 unamquamque
1525 5524 1633 5561 rem
1662 5509 1878 5579 adjuvat

303 5591 669 5662 voluntatem;
703 5596 751 5650 id
783 5598 922 5649 enim
956 5599 1184 5650 maxime
1216 5598 1458 5652 volumus
1492 5598 1556 5650 ad
1593 5600 1732 5667 quod
1781 5600 1877 5653 ha-

303 5687 438 5743 biles
480 5705 682 5745 sumus.
736 5688 841 5744 Sed
888 5698 1072 5744 natura
1142 5690 1279 5743 inter
1338 5689 1645 5758 perspicuas
1691 5705 1878 5746 causas

1973 3311 2135 3375 nitur,
2170 3311 2267 3364 hoc
2297 3311 2455 3363 modo
2487 3328 2500 3364 :
2534 3311 2587 3363 Si
2621 3313 2780 3364 telum
2814 3327 2972 3363 manu
3023 3315 3149 3379 lugit
3194 3314 3359 3381 magis
3388 3306 3561 3382 quam

1967 3400 2126 3469 jetit;
2170 3416 2290 3453 nam
2317 3402 2361 3454 si
2386 3402 2504 3470 quis
2528 3402 2687 3454 caedis
2715 3412 3014 3465 accusetur,
3036 3406 3229 3470 Optima
3259 3410 3394 3458 Sulci.
3426 3421 3545 3458 esse

1972 3492 2231 3554 defensio,
2253 3492 2295 3543 si
2316 3493 2417 3543 alia
2443 3508 2547 3544 non
2570 3493 2824 3560 suppetit,
2843 3492 3035 3560 fugisse
3060 3509 3217 3546 manu
3239 3497 3417 3556 telum,
3440 3512 3549 3550 ma-

1980 3582 2059 3649 gis
2082 3598 2236 3648 quaut
2268 3583 2489 3635 voluerit
2513 3583 2728 3650 jtcisse,
2754 3595 2808 3636 ut
2834 3600 2937 3637 non
2966 3587 3239 3650 voluntati,
3270 3605 3384 3653 qtt.e
3408 3605 3541 3642 con-

1974 3672 2257 3724 demnatur
2279 3672 2329 3723 itt
2357 3673 2548 3738 culpis,
2569 3674 2658 3725 sed
2695 3674 3005 3741 ignorantia:
3037 3676 3232 3728 factum
3258 3674 3561 3734 tribuatur.

1977 3760 2051 3815 De
2078 3763 2561 3827 perturbationibus
2583 3776 2756 3819 autem
2784 3768 3079 3821 animorum
3100 3772 3255 3837 paulo
3270 3773 3544 3826 coitl'usius

1971 3856 2230 3924 judicium
2271 3868 2370 3911 est.
2408 3858 2640 3912 Dubitari
2678 3861 2819 3913 enim
2854 3869 3028 3928 potest
3068 3871 3239 3913 utrum
3272 3878 3335 3915 ex
3360 3852 3563 3915 volnn-A

1978 3960 2104 4016 tate,
2133 3967 2196 4003 an
2231 3952 2568 4020 necessitate,
2596 3969 2661 4006 an
2691 3969 2752 4006 ex
2785 3954 3118 4022 ignoratione
3149 3958 3372 4019 venerit,
3407 3959 3545 4024 quod

1980 4042 2375 4111 perturbatione
2428 4055 2718 4112 peccatur:
2776 4046 3024 4099 videntur
3077 4048 3218 4099 enim
3254 4032 3546 4103 voluntaria

1977 4148 2096 4187 esse
2142 4144 2356 4201 peccata
2381 4174 2395 4197 ,
2427 4136 2675 4203 quoniam
2709 4137 2795 4204 qui
2829 4137 3169 4204 perturbatus
3220 4128 3301 4191 est
3348 4142 3549 4208 appetit

1978 4225 2175 4291 aliquid
2199 4265 2214 4289 ,
2249 4237 2338 4276 aut
2371 4225 2522 4293 fugit.
2579 4225 2682 4279 Sed
2726 4227 2776 4279 in
2817 4227 2917 4279 hoc
2959 4228 3283 4295 pertutbatio
3313 4229 3427 4298 ejus
3458 4208 3567 4300 ap}

1981 4319 2310 4382 p.iret,quod
2330 4331 2432 4368 non
2461 4316 2705 4385 fugienda
2733 4318 2881 4384 vitat,
2916 4325 2970 4370 et
3005 4332 3109 4370 non
3141 4320 3435 4387 appetenda
3468 4314 3567 4387 iii-7

1979 4408 2079 4458 mis
2107 4417 2341 4476 exoptat.
2405 4408 2568 4462 Porro
2618 4419 2793 4462 autent
2834 4412 3083 4478 quoniam
3117 4413 3165 4463 iit
3193 4415 3550 4481 perturbatio-

1985 4497 2138 4549 nibus
2166 4512 2283 4549 Stlttt
2310 4497 2530 4551 confusa
2551 4498 2746 4566 judicia
2766 4498 2961 4570 (neque
2987 4502 3127 4554 enim
3157 4504 3311 4557 alizer
3335 4506 3385 4558 id
3412 4507 3551 4574 quod

1985 4587 2291 4654 fugiendum
2324 4598 2401 4641 est
2431 4604 2574 4655 saepe
2603 4599 2858 4656 appetunt
2898 4594 3210 4658 perturbati,
3240 4596 3340 4648 nisi
3373 4598 3552 4650 ulna:-

1984 4689 2103 4732 c.tto
2158 4679 2547 4748 obscuratoque
2593 4680 2852 4751 judicio),
2896 4685 3035 4752 quod
3080 4701 3206 4739 vero
3276 4689 3330 4741 ﬁt
3391 4705 3456 4743 an
3483 4692 3553 4744 mi

1982 4770 2311 4833 confusione,
2340 4786 2480 4841 swpe
2514 4773 2615 4826 tale
2656 4782 2739 4827 est
2776 4785 2831 4827 ut
2871 4778 3037 4831 titillet
3067 4781 3345 4835 admisisse
3369 4786 3453 4852 qui
3484 4786 3555 4837 fec

1983 4864 2073 4931 cit,
2107 4874 2159 4918 et
2188 4866 2364 4918 evenit
2390 4874 2446 4918 ut
2478 4881 2579 4918 non
2600 4866 2737 4921 inter
2766 4870 3111 4935 voluntarias,
3135 4875 3227 4926 sed
3247 4875 3384 4928 inter
3410 4878 3554 4945 iguo‘
3600 4870 3605 4875 ’

1986 4967 2125 5009 ratas
2158 4957 2237 5009 vel
2270 4957 2599 5010 necessarias
2640 4975 2826 5013 causas
2877 4964 3174 5017 animorum
3229 4969 3554 5032 perturbatio

1976 5047 2083 5109 sit;
2130 5047 2390 5100 intantum
2429 5063 2557 5102 vero
2584 5049 2672 5118 qui
2717 5053 3056 5119 perturbatus
3085 5065 3183 5121 est,
3220 5072 3247 5108 a
3277 5073 3401 5111 vera
3432 5059 3549 5114 dis-

1978 5126 2213 5193 cretione
2249 5140 2506 5209 discedit,
2558 5151 2612 5194 nt
2656 5143 2708 5195 in
2744 5160 2858 5197 eam
2892 5147 3055 5214 possit
3093 5158 3231 5201 recta
3264 5149 3396 5204 bene
3422 5167 3551 5205 con-

1980 5231 2264 5284 sulentium
2292 5231 2655 5288 admonitione
2684 5236 2886 5289 reduci.
2948 5238 3061 5302 Quo
3095 5239 3150 5291 tit
3174 5249 3229 5291 ιιι
3258 5242 3551 5296 animorum

1981 5324 2313 5392 perturbatio
2350 5324 2471 5392 jure
2515 5340 2543 5378 a
2587 5329 2762 5381 causis
2792 5328 3103 5381 voluntariis
3130 5343 3454 5401 segregetur,
3502 5344 3555 5388 et

1984 5423 2073 5466 aut
2096 5414 2145 5467 in
2185 5414 2514 5483 ignoratione
2538 5458 2552 5481 ,
2582 5426 2674 5470 aut
2699 5417 2751 5471 in
2781 5419 3098 5473 necessitate
3123 5437 3364 5489 ponatur.
3423 5426 3478 5477 Ν.
3504 5444 3553 5480 ιιι

1986 5507 2122 5572 quod
2146 5506 2222 5560 ait
2243 5524 2255 5559 :
2276 5508 2473 5563 Tamen
2506 5509 2699 5565 habent
2729 5520 2901 5565 tantos
2934 5524 3129 5581 motus,
3161 5528 3217 5569 ut
3243 5534 3301 5570 ea
3325 5536 3442 5587 quae
3472 5536 3553 5571 vo-

1993 5599 2222 5653 luntaria
2265 5612 2425 5666 sunt,
2458 5611 2546 5656 aut
2596 5604 2892 5658 necessaria
2956 5604 3251 5673 interdum,
3283 5592 3374 5664 aut
3410 5624 3563 5664 certe

1990 5693 2228 5763 ignorata
2260 5695 2569 5755 videantur,
2600 5695 2670 5748 ita
2702 5694 3103 5764 intelligendum
3154 5709 3234 5754 est
3263 5716 3275 5754 :
3301 5704 3548 5772 quoniam
