4036 6336
499 251 641 307 “55

1738 244 1845 297 ΑΝ.
1882 245 2082 299 MANL.
2127 245 2280 303 SEV.
2321 248 2543 303 ΒΟΕΤΙῙ

3618 250 3758 304 H55

496 370 669 425 omnis
713 366 872 421 animi
922 365 1095 434 passio
1134 360 1392 433 judicium
1436 360 1754 435 conturbat,
1797 360 2073 415 confundit
2100 372 2264 428 Aaut
2296 364 2347 417 in
2376 361 2690 418 necessariis
2737 354 2910 415 causis
2937 360 3093 429 poni,
3144 367 3236 413 aut
3262 359 3315 412 in
3347 356 3642 427 ignoratis,
3700 362 3753 415 id

493 475 628 523 ,vero
675 467 872 510 rectam
904 455 1302 517 discretionem,
1351 453 1393 506 si
1418 452 1595 506 acrior
1632 450 1790 505 fuerit
1818 468 1975 521 quam
2012 459 2071 505 ut

498 549 715 603 rationis
771 545 1078 599 retinaculis
1125 554 1485 611 temperetur,
1553 552 1608 596 et
1645 543 1700 595 fit
1729 543 1972 611 quedam
2004 554 2070 596 ex

498 637 987 709 perturbationibus
1011 636 1171 689 veluti
1197 635 1422 689 violenta
1448 634 1756 695 necessitas,
1776 642 1831 685 ut
1851 631 2069 685 dubium

495 732 565 780 sit
617 739 790 779 utrum
842 726 885 777 is
931 726 1018 793 qui
1062 722 1257 792 aliquid
1312 721 1650 790 perturbatus
1695 722 1874 774 animo
1923 719 2066 785 facit,

498 817 748 885 ignorans
775 818 963 878 faciat;
1009 815 1171 868 veluti
1204 830 1321 866 cmn
1354 804 1478 866 casu
1511 813 1759 880 ignorans
1789 811 2066 879 delinquit,

504 924 622 960 cum
661 912 891 960 futurum
924 921 1030 969 non
1064 905 1305 970 providet
1347 919 1560 967 casum,
1594 918 1657 953 an
1688 904 1862 955 sciens
1893 901 2066 966 faciat,

490 1001 573 1051 vel
604 996 921 1049 necessitate
960 998 1207 1048 ducatur.
1256 994 1406 1059 Quod
1436 994 1593 1061 igitur
1622 993 1756 1045 dixit
1798 1008 1811 1044 :
1844 995 1946 1045 Aut
1976 1008 2070 1045 nc-

489 1087 718 1140 cessaria
747 1098 866 1139 esse
886 1124 899 1148 ,
953 1094 1047 1138 aut
1079 1086 1346 1154 ignorata,
1394 1093 1445 1137 et
1476 1084 1653 1135 divisit
1682 1098 1708 1134 a
1751 1084 2069 1136 necessariis

489 1179 725 1246 ignorata
745 1221 759 1244 ,
797 1196 899 1231 non
932 1189 1130 1247 pugnat
1156 1190 1337 1230 eontra
1368 1178 1420 1230 id
1465 1177 1605 1244 quod
1636 1173 1878 1242 superius
1909 1174 2064 1236 dixit,

486 1285 548 1320 ea
577 1284 693 1336 quae
723 1271 962 1335 ignorata
1003 1280 1126 1320 sunt
1151 1283 1270 1321 esse
1303 1281 1626 1321 necessaria.
1685 1266 1814 1318 Nam
1847 1264 1898 1316 id
1928 1263 2069 1331 qunti

485 1369 567 1411 est
598 1359 899 1427 ignoratum
930 1360 1000 1409 ita
1028 1358 1419 1425 quodammodo
1448 1356 1636 1409 dividit
1664 1373 1677 1410 :
1707 1356 2067 1423 ignoratorum

487 1444 593 1498 alia
627 1444 852 1513 quadam
880 1448 1203 1498 necessitate
1237 1448 1398 1512 fiunt,
1431 1446 1555 1497 dum
1588 1454 1679 1497 aut
1712 1444 1854 1497 nulla
1884 1444 2071 1496 volun-

489 1544 573 1589 tas
600 1546 701 1602 est,
727 1546 817 1588 aut
842 1552 902 1589 ea
929 1552 1047 1603 qua:
1076 1545 1191 1599 est,
1217 1536 1521 1588 necessitati
1551 1536 1736 1604 nequit
1765 1535 2066 1601 obsistere;

486 1628 589 1682 alia
606 1644 754 1697 casu,
787 1644 906 1682 cum
932 1631 984 1682 in
1018 1630 1099 1682 his
1128 1616 1535 1697 faciendis,qua:
1566 1629 1893 1698 ignorantur,
1928 1630 2067 1683 nulla

488 1721 734 1774 voluntas
756 1733 857 1775 est.
877 1722 1029 1788 Quod
1050 1722 1207 1789 igitur
1235 1724 1391 1790 dixit,
1419 1724 1847 1789 perturbationes
1875 1726 2059 1789 animi,
2097 1742 2141 1800 Β

2172 452 2291 507 sine
2315 451 2476 506 dubio
2496 450 2730 506 sensiSse
2758 450 3091 519 intelligitur,
3119 449 3547 518 perturbationes
3566 452 3751 514 aniini,

2171 550 2264 593 aut
2296 541 2348 593 in
2379 541 2461 592 his
2490 554 2609 593 esse
2638 539 2895 608 ignoratis
2924 539 2976 591 in
3009 538 3202 606 quibus
3235 553 3295 590 ea
3327 539 3619 591 necessitas
3647 552 3752 601 est,

2172 643 2229 683 ut
2255 633 2499 684 voluntas
2523 631 2785 684 obsistere
2815 645 2919 683 non
2947 634 3133 698 possit,
3163 641 3255 683 aut
3283 631 3334 683 in
3360 628 3444 683 his
3476 630 3529 683 in
3560 631 3753 699 quibus

2171 723 2313 774 nulla
2338 722 2577 774 voluntas
2605 704 2723 785 est,
2778 722 2872 774 sed
2900 720 2971 774 sit
2992 720 3244 775 delictum
3268 724 3515 774 ea:citate
3538 722 3748 788 iudicii,

2172 811 2317 864 velut
2346 812 2397 865 in
2429 810 2511 863 his
2540 804 2629 880 qui
2665 811 3075 864 immoderatius
3116 812 3316 864 amoris
3345 811 3623 878 cupiditati
3652 812 3748 863 de-

2169 902 2442 956 serviunt:
2467 911 2559 954 aut
2588 902 2731 955 enim
2759 905 2982 955 contuso
3002 900 3202 971 judicio
3228 899 3295 953 ab
3326 902 3608 954 honestate
3639 899 3748 952 dus-

2169 993 2387 1056 eedunt,
2427 1000 2481 1044 et
2531 994 2656 1045 dum
2697 992 2849 1059 quasi
2887 992 3087 1044 bonum
3119 1002 3410 1059 appetunt,
3445 991 3499 1043 in
3550 989 3746 1043 malum

2169 1081 2420 1135 decidunt
2450 1081 2776 1150 ignorantes,
2803 1092 2959 1150 atque
2990 1082 3063 1135 ita
3092 1084 3141 1134 in
3168 1095 3294 1135 casu
3325 1076 3559 1149 quodam
3588 1092 3746 1150 atque

2169 1186 2353 1226 errore
2384 1173 2596 1240 ponitur
2632 1186 2784 1225 amor
2823 1172 3171 1236 immodicus;
3221 1180 3313 1224 aut
3359 1173 3507 1225 novit
3535 1173 3745 1239 quidem

2169 1264 2311 1333 quod
2340 1263 2540 1331 appetit
2575 1276 2699 1317 esse
2745 1263 3048 1325 vitandum,
3088 1262 3180 1315 sed
3208 1261 3428 1331 majoris
3453 1274 3574 1314 actu
3599 1262 3745 1329 cupi-

2169 1355 2351 1409 ditatis
2380 1354 2703 1423 impellitur,
2732 1362 2891 1423 atque
2920 1356 2991 1407 ita
3021 1357 3158 1407 inter
3177 1368 3239 1406 ea
3267 1353 3571 1407 necessaria
3596 1371 3744 1423 poni-

2172 1448 2275 1515 ttfr,
2308 1463 2425 1518 quae
2467 1457 2558 1501 aut
2610 1462 2715 1499 non
2757 1447 2953 1501 habent
2982 1446 3339 1506 Voluptatem,
3375 1454 3470 1497 aut
3497 1459 3615 1498 eam
3674 1446 3740 1497 ita

2171 1538 2436 1592 infirmam
2489 1551 2551 1590 ac
2579 1536 2849 1603 debilem,
2905 1544 2963 1589 ut
3009 1535 3154 1589 nullo
3194 1534 3353 1589 modo
3403 1534 3743 1588 \alidioribus

2171 1631 2510 1701 passionibus
2530 1629 2817 1683 obnitatur.

1737 1957 2028 2032 LIBER
2082 1953 2499 2033 SEXTUS.

1927 2102 2257 2118 ..Π-*-

555 2202 692 2258 Fore
713 2201 990 2272 quosdam,
1016 2200 1208 2255 Patrici
1241 2199 1516 2255 rhetorum
1547 2200 1869 2269 peritissime
1890 2241 1905 2265 ,
1956 2216 2062 2255 non

483 2291 854 2352 dubitaverim,
885 2294 969 2360 qui
1003 2291 1146 2344 hunc
1177 2293 1229 2343 in
1269 2290 1436 2358 Tepic
1460 2307 1486 2344 s
1516 2293 1762 2347 altiorem
1796 2309 1861 2349 ex
1893 2294 2069 2359 philo-

482 2382 667 2453 sophia
698 2391 978 2435 tractatum
1015 2382 1158 2433 varia
1203 2383 1592 2435 obtrectatione
1642 2382 2061 2450 reprehendant,

482 2474 602 2543 quia
630 2472 770 2525 inter
808 2471 1034 2540 logicam
1057 2469 1472 2537 disputationem
1502 2473 1777 2542 physicam
1821 2473 2062 2540 interpo-

481 2563 606 2618 suit.
655 2562 717 2615 ili
766 2577 892 2615 vero
918 2571 1064 2627 sunt,
1110 2561 1193 2613 vel
1231 2560 1423 2629 quibus
1456 2565 1555 2614 hoc
1602 2570 1773 2615 totum
1821 2563 2058 2631 philoso-

480 2654 631 2722 phari
660 2652 969 2720 displiceat,
1005 2653 1086 2706 vel
1126 2654 1216 2720 qui
1250 2653 1304 2706 in
1343 2665 1780 2722 argumentorum
1813 2657 1943 2711 loi-is
1972 2673 2064 2711 na-

481 2743 676 2799 turales
707 2743 993 2796 admisceri
1032 2755 1224 2796 causas
1253 2746 1562 2811 Oportuisse
1592 2762 1696 2797 non
1729 2747 2061 2801 existiment.

480 2833 586 2889 Sed
613 2844 795 2887 contra
829 2835 1031 2901 priores
1058 2833 1298 2901 quidem,
1320 2844 1373 2887 et
1395 2848 1423 2885 a
1450 2834 1524 2887 Μ.
1542 2833 1741 2898 Tullio,
1775 2848 1828 2889 et
1858 2838 1924 2891 ab
1950 2838 2062 2905 ipsa

480 2927 874 3006 quodammodo
916 2926 1145 2977 humana
1178 2931 1385 2979 ratione
1406 2966 1421 2989 ,
1475 2941 1593 2995 qua:
1634 2928 1687 2980 in
1718 2940 1862 2980 metu
1894 2932 2061 2997 posita

479 3019 676 3087 aliquid
706 3031 919 3084 semper
955 3017 1193 3083 inquirit,
1221 3026 1379 3084 atque
1410 3032 1595 3071 amore
1623 3020 1863 3072 scientia:
1890 3035 2063 3089 neque

2173 2200 2216 2254 si
2244 2198 2678 2253 demonstrentur
2699 2194 2800 2250 loci
2836 2194 2887 2248 in
2917 2193 3107 2264 quibus
3138 2199 3451 2262 argumenta
3479 2202 3603 2246 sunt
3627 2190 3740 2247 col-

2172 2290 2367 2345 locata.
2415 2288 2623 2343 Etenim
2654 2299 2707 2341 ut
2728 2289 2771 2342 si
2802 2290 2921 2356 quis
2950 2286 3146 2355 aliquid
3180 2291 3403 2356 quzerat,
3461 2282 3670 2339 facilius
3693 2284 3743 2338 id

2172 2380 2493 2449 inve-tigare
2516 2380 2681 2447 possit
2707 2388 2864 2446 atque
2896 2376 3135 2431 invenire
3160 2416 3175 2441 ,
3218 2377 3263 2431 si
3317 2377 3470 2431 locus
3510 2378 3559 2429 ei
3589 2389 3741 2430 ruon-

2170 2481 2373 2527 strctur
2400 2471 2487 2525 ubi
2519 2472 2591 2525 sit
2639 2469 2867 2540 positum
2898 2470 2949 2523 id
2996 2470 3138 2537 quod
3178 2469 3439 2538 inquirit;
3484 2468 3557 2521 ita
3586 2467 3743 2520 etiam

2170 2578 2289 2617 eum
2321 2562 2441 2631 quis
2470 2572 2841 2628 argumentum
2869 2559 3113 2613 invenire
3134 2568 3394 2621 conatur,
3444 2558 3488 2612 si
3521 2558 3569 2611 ei
3599 2558 3745 2611 locus

2168 2654 2257 2707 ubi
2279 2662 2651 2722 argumentum
2701 2652 2768 2702 sit
2800 2650 3052 2718 positum,
3085 2648 3404 2711 declaretur,
3434 2648 3643 2701 facilius
3663 2663 3747 2699 ar-

2166 2755 2477 2815 gumentum
2529 2743 2672 2812 quod
2728 2741 2918 2807 qumrit
2943 2741 3137 2795 valebit
3185 2741 3445 2795 invenire.
3498 2739 3575 2792 fta
3604 2741 3744 2792 enim

2166 2839 2506 2899 Aristoteles,
2536 2846 2589 2889 et
2610 2835 2680 2888 ita
2714 2833 2922 2886 Tullius
2947 2834 3179 2900 appellat
3214 2846 3307 2885 eas
3337 2831 3493 2884 sedes
3526 2828 3584 2883 in
3629 2831 3747 2895 qui-

2166 2931 2265 2986 bus
2307 2939 2621 2998 argumenta
2663 2937 2787 2980 sunt
2828 2926 3115 2987 collocata,
3143 2925 3195 2978 id
3236 2934 3321 2979 est
3339 2926 3509 2990 locus,
3566 2928 3655 2994 qui
3681 2926 3751 2977 ab
3802 2964 3823 2991 ,

2166 3022 2451 3074 Aristotele
2483 3021 2656 3087 topica
2684 3023 2853 3071 vocati
2881 3027 3027 3070 sunt.
3072 3016 3176 3071 Sed
3213 3017 3465 3085 quoniam
3509 3017 3579 3071 de
3603 3018 3745 3070 sedi-

480 3109 654 3177 decipi
690 3108 919 3175 patitur,
967 3122 1141 3175 neque
1172 3107 1279 3158 ullo
1318 3107 1479 3159 modo
1507 3124 1537 3159 a
1574 3110 1822 3163 veritatis
1854 3110 2059 3165 ratione
2090 3081 2133 3142 C
2164 3111 2263 3164 bus
2278 3117 2716 3177 argumentorum
2748 3107 3038 3176 loquimur,
3066 3105 3429 3175 hicujusmodi
3448 3108 3554 3160 sint
3588 3109 3745 3176 paulo

481 3200 723 3264 traduci,
770 3214 913 3266 saepe
944 3199 1280 3267 multumque
1315 3214 1628 3268 responsum
1666 3209 1769 3255 est.
1814 3202 1904 3256 His
1932 3218 2059 3256 vero

479 3289 571 3359 qui
601 3288 1016 3358 sequestrandus
1052 3288 1118 3342 ab
1149 3289 1382 3344 oratoria
1415 3290 1664 3344 facultate
1708 3292 2059 3360 philosoth

478 3380 792 3450 disciplinas
819 3390 1027 3450 putant,
1063 3381 1496 3449 respondendum
1521 3383 1755 3437 breviter
1785 3384 2055 3439 existimo.

478 3472 705 3526 Ratione
721 3470 934 3538 quidem
956 3470 1446 3540 reperirilqulddam
1473 3482 1663 3541 potest.
1680 3474 1774 3528 sed
1791 3475 1842 3527 id
1871 3476 2058 3530 melius

477 3571 639 3634 atque
667 3562 872 3615 facilius
903 3562 1092 3615 artifex
1122 3561 1317 3637 faciet,
1360 3563 1403 3616 si
1434 3562 1486 3616 in
1510 3578 1673 3632 Opere
1700 3568 2058 3620 construendo

476 3654 605 3709 artis
637 3654 938 3707 facultatem
960 3662 1120 3721 atque
1148 3654 1464 3721 elegantiam
1488 3666 1779 3725 comparet.
1818 3657 1873 3710 in
1902 3674 2059 3726 argu-

476 3745 666 3799 mentis
694 3758 905 3811 quoque
945 3743 1085 3795 idem
1120 3758 1241 3797 esse
1272 3746 1614 3799 manifestum
1662 3759 1774 3812 est,
1828 3748 1878 3800 vi
1909 3764 2058 3801 nam-

474 3852 578 3905 que
603 3834 855 3888 naturalis
880 3834 1077 3902 ingenii
1107 3845 1419 3904 argumenta
1452 3849 1785 3905 promuntur.
1834 3840 1938 3894 Sed
1969 3856 2055 3894 ais

476 3925 779 3978 [aeultatem
820 3923 1021 3975 imitata
1052 3934 1254 3976 naturae
1285 3927 1422 3976 viam
1451 3929 1734 3993 quamdam
1768 3928 2057 3983 rationem-

473 4030 577 4086 que
600 4016 815 4083 reperit,
844 4029 944 4081 qua
973 4014 1024 4067 id
1056 4013 1196 4067 efﬁci
1227 4013 1433 4067 facilius
1457 4033 1518 4067 ac
1548 4017 1738 4071 melius
1769 4018 1961 4085 possit.
1998 4014 2053 4071 lu

472 4122 573 4177 qua
598 4121 655 4159 re
681 4106 891 4159 illorum
920 4120 1142 4160 necesse
1165 4116 1251 4159 est
1282 4094 1710 4174 reprehendatur
1734 4126 1906 4178 error,
1964 4127 1995 4180 q
2021 4112 2054 4164 .i

473 4198 797 4253 rhetoricam
830 4197 1131 4252 facultatem
1158 4200 1456 4252 naturalem
1481 4214 1599 4254 esse
1623 4202 1893 4265 dixerunt,
1916 4218 2050 4271 quo-

474 4292 616 4345 niam
648 4291 871 4358 quilibet
914 4291 1075 4344 totius
1103 4292 1236 4344 artis
1260 4292 1467 4346 alienus
1490 4302 1544 4346 et
1571 4293 1848 4348 intendere
1882 4298 1931 4348 in
1971 4296 2051 4349 al-

472 4390 644 4434 terum
666 4370 971 4442 crim'e'n,'et
1023 4379 1145 4433 sese
1177 4396 1400 4448 purgare
1432 4382 1600 4444 solet,
1652 4391 1707 4437 et
1736 4394 2049 4452 argumento

2160 3203 2316 3255 altius
2346 3200 2720 3267 expediamus;
2763 3198 2911 3252 locus
2941 3198 3085 3251 enim
3126 3212 3229 3251 non
3262 3213 3369 3251 uno
3394 3198 3556 3252 modo
3581 3198 3740 3252 intel-

2159 3293 2358 3360 ligitur.
2411 3290 2486 3344 Ac
2532 3290 2898 3358 relinquamus
2925 3290 3136 3358 quidem
3168 3303 3261 3343 eos
3296 3290 3447 3344 locos
3477 3306 3610 3359 quos
3646 3289 3739 3343 Vi-

2158 3383 2397 3437 ctorinus
2426 3383 2618 3435 frustra
2641 3389 2800 3449 atque
2820 3380 3254 3435 inconvenienter
3281 3380 3577 3447 interserit,
3596 3382 3740 3435 velut

2158 3489 2252 3530 eos
2281 3475 2368 3542 qui
2391 3488 2614 3541 corpora
2646 3470 2991 3536 concludunt,
3023 3486 3086 3525 ac
3128 3471 3444 3539 simpliciter
3474 3472 3738 3539 intelliga-

2160 3582 2279 3621 mus
2310 3580 2403 3619 eos
2437 3565 2584 3618 locos
2615 3575 3049 3632 argumentorum
3077 3576 3196 3616 esse
3237 3563 3327 3631 qui
3362 3564 3499 3616 intra
3527 3577 3588 3617 se
3613 3577 3737 3616 con-

2160 3659 2328 3712 tinent
2345 3664 2655 3726 argumenta
2679 3657 2728 3707 in
2754 3655 2950 3723 quibus
2971 3653 3301 3723 exponendis
3322 3654 3589 3723 posterius
3612 3654 3733 3721 quid

2160 3751 2226 3803 sit
2256 3749 2394 3819 quod
2421 3749 2647 3805 dicimus
2679 3746 2875 3800 clarius
2904 3746 3205 3814 apparebit.
3261 3745 3410 3798 Nunc
3446 3744 3734 3797 communi-

2158 3851 2239 3895 ter
2266 3841 2333 3895 de
2367 3849 2474 3893 tota
2505 3840 2740 3892 locorum
2773 3839 3025 3904 ratione,
3052 3837 3225 3904 deque
3252 3835 3725 3905 argumentatione,

2157 3948 2221 3987 ac
2250 3934 2319 3987 de
2349 3931 2736 3999 quaestionibus
2760 3939 2811 3984 et
2831 3929 3287 3999 propositionibus
3308 3944 3602 3996 earumque
3629 3939 3731 3981 ter-

2158 4023 2316 4077 minis
2343 4022 2554 4075 videtur
2581 4036 2701 4075 esse
2732 4019 3084 4074 tractandum.
3124 4022 3202 4072 Ac
3225 4020 3451 4085 primum
3484 4021 3727 4087 quoniam

2159 4117 2304 4169 locus
2326 4115 2413 4179 qui
2442 4122 2700 4167 tractatur
2726 4115 2777 4165 in
2800 4112 3039 4183 Topicis,
3066 4126 3170 4165 non
3201 4112 3491 4181 cujuslibet
3520 4113 3616 4174 rei,
3640 4111 3728 4162 sed

2157 4216 2360 4260 tantum
2393 4206 2542 4259 locus
2573 4217 2652 4258 est
2693 4204 3022 4273 argumenti,
3094 4204 3339 4269 exposito
3381 4202 3529 4269 prius
3580 4217 3728 4270 argu-

2158 4297 2318 4350 menti
2351 4295 2622 4349 inteliectu
2647 4335 2661 4357 .
2704 4295 2958 4359 deinceps
2988 4293 3055 4347 de
3104 4293 3206 4346 loci
3238 4293 3445 4346 ratione
3478 4294 3729 4346 tractabi-

2156 4404 2293 4440 mus.
2321 4386 2526 4440 Diffinit
2566 4387 2727 4456 igitur
2757 4381 2960 4439 Tullius
2994 4395 3361 4453 argumentum
3390 4385 3492 4437 hoc
3524 4386 3683 4438 ntodo
3710 4402 3723 4435 :

470 4470 668 4540 aliquid
690 4473 914 4538 probare
944 4473 1237 4524 contendit.
1267 4472 1896 4540 iieprehendendietiam
1923 4489 2047 4530 sunt
2080 4456 2129 4515 Β
2153 4480 2538 4547 Argumentum
2567 4487 2648 4529 est
2690 4477 2827 4541 ratio
2848 4492 2967 4545 qua:
2994 4476 3070 4529 rei
3122 4476 3298 4529 dubia:
3340 4474 3499 4528 faciat
3548 4475 3725 4527 fidem.

468 4563 558 4631 qui
590 4562 828 4615 eamdem
864 4560 1169 4616 facultatem
1203 4563 1254 4616 in
1279 4566 1389 4616 sola
1420 4574 1537 4617 arte
1570 4566 1791 4633 positam
1822 4582 1942 4622 esse
1968 4567 2050 4621 di-

470 4644 701 4704 xerunt:
734 4652 969 4717 Oportuit
1004 4651 1145 4704 enim
1186 4668 1279 4706 eos
1316 4655 1740 4710 animadvertere
1762 4696 1777 4721 ,
1833 4674 2045 4713 onlnem

436 4802 443 4809 ε
470 4742 681 4812 quidem
702 4753 870 4797 artem
897 4744 976 4797 sui
1020 4747 1297 4801 materiam
1322 4726 1542 4801 effectus
1572 4764 1635 4801 ex
1665 4760 1851 4802 natura
1883 4751 2052 4804 susei-

475 4852 635 4904 pere,
687 4836 779 4890 sed
811 4837 861 4889 in
894 4851 955 4890 ea
988 4845 1163 4889 tamen
1196 4840 1402 4893 ratione
1443 4846 1708 4909 propriam
1743 4841 2049 4896 facultatem

472 4922 895 4996 elegantiamque
926 4927 1175 4994 experiri.
1225 4930 1347 4984 lla-c
1376 4932 1553 4999 itaque
1588 4948 1703 4999 quae
1744 4934 1937 4986 artium
1966 4948 2051 4987 ra~

472 5017 544 5071 tio
572 5019 808 5087 perlicit,
854 5017 921 5069 ab
952 5017 1212 5085 imperitis
1242 5022 1399 5074 etiam
1443 5022 1595 5087 fieri,
1627 5032 1894 5092 utcunque
1924 5040 2051 5078 con-

470 5110 683 5177 tigerit,
745 5120 983 5178 possunt.
1045 5110 1185 5164 Bene
1215 5123 1389 5165 autem
1429 5128 1490 5166 ac
1516 5113 1842 5168 facilenemo
1865 5116 2049 5182 efficit,

470 5201 572 5255 nisi
598 5203 727 5253 artis
753 5201 956 5253 ratione
985 5199 1144 5254 fuerit
1181 5202 1496 5255 instructus.
1536 5202 1666 5255 Cum
1694 5203 1851 5271 igitur
1883 5209 2044 5259 t0tius

472 5292 652 5363 operis
680 5292 791 5345 haec
839 5291 908 5345 sit
937 5291 1157 5345 intentio
1177 5331 1191 5355 ,
1238 5301 1295 5345 ut
1326 5302 1634 5361 argumenta
1663 5309 1782 5362 quae
1824 5297 2044 5349 confusa

471 5395 527 5436 et
560 5382 721 5436 veluti
750 5383 924 5436 clausa
957 5393 1143 5437 natura
1182 5384 1513 5453 suppeditat,
1578 5387 1926 5441 artificialiter
1961 5404 2046 5441 ve—

474 5475 750 5546 stigentur,
804 5475 927 5543 quid
958 5474 1029 5529 sit
1055 5490 1150 5545 per
1175 5461 1314 5545 quod
1339 5477 1553 5531 efficere
1581 5477 1630 5529 id
1653 5478 1790 5545 quod
1819 5479 2039 5545 promit-

477 5564 541 5618 tit
561 5581 646 5621 ars
674 5565 883 5631 valeat,
912 5566 1011 5619 sub
1035 5568 1265 5636 exempli
1295 5569 1567 5622 notatione
1593 5567 1959 5623 demonstrat:
1989 5579 2047 5624 ut

476 5655 619 5709 enim
650 5656 851 5711 facilius
879 5667 1186 5724 argumenta
1210 5661 1566 5732 reperiantur,
1594 5661 1681 5715 illa
1704 5676 1792 5717 res
1820 5663 2033 5731 efficiet,

2157 4568 2398 4636 Sumpsit
2430 4570 2586 4637 igitur
2616 4566 2875 4621 rationem
2908 4575 2965 4619 ut
2994 4581 3181 4636 genus.
3205 4566 3400 4619 Omnes
3422 4566 3567 4619 enim
3600 4565 3730 4633 inju-

2155 4662 2283 4713 riosi
2317 4659 2559 4728 suntqui
2594 4659 2855 4713 orationis
2890 4658 3139 4712 virtutem
3173 4673 3202 4709 a
3241 4658 3518 4724 sapientia:
3566 4658 3727 4710 ratio-

2155 4767 2223 4806 ne
2251 4752 2572 4820 seiungunt,
2622 4752 2889 4820 aliamque
2927 4765 3047 4805 esse
3089 4750 3300 4804 dicendi
3341 4761 3509 4804 artem
3541 4752 3726 4813 velint,

2158 4843 2316 4895 aliam
2356 4842 2709 4911 intelligendi.
2758 4841 2887 4896 Nam
2931 4844 2974 4895 si
3008 4841 3139 4896 nihil
3178 4842 3419 4896 oratione
3447 4844 3590 4895 aliud
3622 4842 3728 4912 agi-

2158 4949 2297 4999 mus,
2323 4934 2424 4987 nisi
2474 4935 2695 4989 interius
2736 4935 2966 5005 cogitata
3010 4936 3305 5003 vulgamus,
3362 4949 3483 5003 quae
3529 4936 3725 4989 malum

2154 5031 2289 5083 ratio
2320 5042 2419 5093 est,
2443 5030 2699 5083 orationis
2726 5029 3043 5097 elegantiam
3077 5045 3102 5079 a
3132 5030 3517 5088 sententiarum
3554 5031 3725 5098 gravi-

2155 5130 2262 5174 tate
2288 5120 2591 5189 seponere?
2613 5120 2742 5186 Quu:
2771 5134 2931 5188 porro
2958 5120 3337 5173 sententiarum
3357 5120 3591 5187 gravitas
3612 5136 3726 5174 esse

2157 5221 2359 5281 potest,
2398 5212 2512 5266 sine
2540 5226 2720 5265 earum
2770 5228 2947 5265 rerum
2992 5212 3059 5265 de
3094 5213 3287 5280 quibus
3333 5212 3617 5266 dicendum
3646 5226 3725 5266 est

2155 5302 2632 5370 comprehensione
2660 5301 2682 5353 ?
2709 5301 2838 5367 Quae
2866 5317 2991 5353 vero
3022 5302 3122 5353 alia
3152 5300 3431 5371 disciplina
3484 5318 3721 5356 naturain

2152 5395 2637 5462 proprietatemque
2668 5408 2846 5446 rerum
2873 5394 3107 5446 omnium
3136 5393 3320 5458 docet,
3355 5401 3433 5447 Vel
3464 5409 3585 5465 qua:
3613 5412 3723 5447 om-

2153 5485 2282 5539 nino
2303 5501 2490 5539 eorum
2524 5496 2641 5553 qua:
2665 5486 2883 5555 intelligi
2915 5490 3178 5555 possunt?
3199 5487 3476 5542 scientiam
3511 5505 3585 5558 pr»
3608 5490 3719 5542 lite-

2150 5588 2233 5630 tur
2257 5619 2272 5645 ,
2306 5579 2405 5632 nisi
2449 5578 2561 5631 haec
2586 5587 2791 5632 tantum
2831 5595 2894 5631 ex
2924 5594 3027 5648 qua
3059 5593 3157 5631 nos
3190 5595 3353 5646 pauca
3381 5582 3719 5648 prirsumpsi-

2151 5686 2269 5741 mus
2300 5669 2683 5741 philosophia?
2732 5685 2850 5740 quae
2903 5672 3059 5727 lonac
3079 5672 3235 5747 aliter
3269 5671 3335 5727 de
3383 5673 3464 5727 his
3496 5675 3633 5744 ipsis
3669 5674 3716 5730 in

3864 3356 3883 3383 ν
