4036 6336
273 338 408 393 “57

1148 336 1211 390 IN
1252 338 1493 393 TUPICA
1531 335 1889 393 CICERONIS
1926 335 2439 394 COMMENTARIA.
2480 338 2590 393 LIB
2614 337 2719 394 ‘Vl.

3384 344 3521 399 1158

270 452 489 520 pr0prio
526 422 844 517 sapientium
874 457 1037 502 tracta
1068 464 1099 501 u
1144 449 1417 519 disputare
1448 449 1602 504 solet.
1662 449 1844 517 Neque
1874 459 1919 515 Α
1951 457 2098 502 certe
2126 459 2285 519 atque
2321 451 2525 505 acutius
2549 466 2644 521 pro
2694 450 2859 520 ipsius
2887 453 3019 508 artis
3072 461 3259 509 natura
3306 459 3520 512 tractari

270 545 347 597 ita
377 542 573 596 cursim
604 550 659 595 ut
687 557 811 605 nos,
842 556 979 611 quat,
1008 542 1052 594 si
1094 543 1224 596 utin
1258 543 1467 597 illorum
1493 542 1642 597 libris
1683 544 1837 608 solet,

270 631 534 699 prolixius
564 631 875 685 disserenda
907 631 1252 699 sumpsissem
1280 671 1295 695 ,
1339 632 1457 699 quis
1486 631 1649 685 ferret
1698 632 1842 683 inso-

266 720 495 774 lentium
529 721 803 774 hominum
849 722 1205 775 temeritatem
1252 732 1539 788 provectus
1584 735 1708 773 suos
1734 720 1845 774 cul-

272 826 405 882 pare
453 812 741 866 volentium
791 812 982 881 quibus
1027 812 1366 881 provectibus
1397 814 1750 880 prolicerent,
1801 813 1844 865 si

268 900 503 955 studiosi
546 901 721 969 potius
750 917 908 971 quam
939 901 1146 971 queruli
1173 916 1294 956 esse
1341 902 1605 971 mallqu
1633 901 1737 957 Sed
1768 903 1846 954 his

271 996 705 1048 contentionibus
732 1009 902 1065 neque
929 995 1149 1064 antiqua
1180 994 1351 1048 caruit
1389 1006 1551 1059 aetas,
1603 1010 1702 1050 nec
1750 1009 1846 1049 nos

270 1089 346 1141 ita
378 1087 590 1141 delicati
621 1102 841 1152 sumus,
894 1095 952 1141 ut
985 1088 1180 1156 quibus
1204 1086 1455 1155 patientia
1498 1086 1842 1140 doctissimo-

268 1193 391 1231 rum
424 1176 697 1231 hominum
723 1178 919 1246 sazpius
940 1178 1165 1242 obsdtit,
1194 1177 1335 1232 ferre
1370 1177 1620 1235 nolimus.
1653 1177 1776 1229 dum
1796 1185 1849 1230 et

270 1270 516 1336 pluribus
552 1271 807 1338 prodesse
838 1285 1149 1339 possumus,
1207 1280 1262 1325 et
1290 1270 1610 1340 sapientium
1636 1269 1839 1339 judicia

268 1380 684 1434 consequamur.
740 1365 821 1419 Ad
851 1381 1008 1433 quem
1059 1365 1218 1419 linem
1256 1365 1341 1419 hic
1391 1373 1574 1418 noster
1620 1364 1769 1418 labor
1796 1370 1852 1417 et

216 1444 223 1447 ’
270 1460 433 1509 totius
462 1459 640 1525 operis
679 1471 885 1510 summa
928 1456 1221 1510 contendit.
1274 1455 1380 1512 Sed
1413 1454 1526 1509 haec
1570 1453 1846 1508 hactenus.

270 1545 425 1601 Nunc
455 1557 719 1616 suscepta:
749 1547 1095 1614 expositionis
1126 1547 1366 1600 ordinem
1401 1560 1803 1615 persequamur.

348 1634 475 1688 Toto
497 1637 653 1703 igitur
685 1635 794 1687 loco
824 1651 1092 1687 causarum
1119 1633 1410 1703 explicato,
1451 1650 1514 1686 ex
1550 1650 1723 1686 eorum
1746 1633 1851 1701 dif-

269 1728 484 1799 ferentia
514 1728 566 1779 iit
596 1728 794 1797 magnis
817 1727 1018 1796 quidem
1050 1728 1215 1779 causis
1238 1727 1312 1779 uel
1350 1734 1609 1778 oratorum
1633 1724 1709 1777 vel
1735 1724 1850 1795 plti-

1946 547 2155 606 potest,
2199 540 2403 595 scilicet
2450 543 2749 597 ubertatem
2798 560 2916 613 qua:
2956 546 3172 611 deerat,
3224 548 3522 604 subtilitate

1944 640 2063 693 qua:
2094 628 2491 695 poteratiuesse
2515 645 2894 699 conipeusaus.
2956 633 3165 689 llabeut
3192 637 3331 689 enim
3360 641 3519 691 etiam

1946 718 2045 785 ipsi
2089 721 2362 787 proprium
2390 736 2634 790 campum
2666 726 2715 777 iu
2762 740 2869 793 quo
2916 740 3101 780 eorum
3144 729 3313 781 virtus
3354 731 3523 798 possit

1946 810 2167 865 enitere.
2200 810 2298 865 Est
2328 812 2470 865 enim
2524 814 3025 881 jurisconsultortun
3083 821 3377 887 prudentia:
3412 823 3523 889 pri-

1950 908 2188 979 vatarum
2220 903 2445 970 quazs'tio
2480 918 2793 971 Causarum,
2841 913 3182 979 maximeque
3218 914 3269 964 in
3295 912 3400 967 iliis
3430 928 3523 969 ne-

1947 974 2133 1059 gotiis;
2164 992 2247 1046 hic
2278 1008 2560 1047 causarum
2592 997 2744 1050 locus
2774 1000 3195 1067 exaininatiitur,
3237 1006 3286 1056 in
3329 1006 3521 1068 quibus

1949 1081 2101 1135 bona:
2139 1079 2260 1136 ﬁdei
2289 1084 2487 1152 judicia
2520 1098 2824 1147 nectuntur.
2860 1093 2912 1141 ln
2947 1090 3027 1143 his
3056 1092 3195 1145 enim
3229 1093 3319 1162 qui
3365 1095 3523 1149 fuerit

1949 1171 2157 1226 animus
2188 1176 2614 1228 contraltentiutn
2646 1180 2810 1245 quarri
2858 1180 3026 1247 Solet,
3060 1182 3148 1251 qui
3190 1183 3520 1251 deprehendi

1950 1262 2036 1313 vix
2083 1264 2310 1330 poterit,
2354 1266 2452 1317 nisi
2498 1268 2921 1334 pra'cedeutibus
2972 1276 3146 1325 caUsis
3176 1273 3520 1342 intelligatur.

1951 1351 2001 1403 lu
2027 1352 2107 1406 Itis
2138 1355 2527 1422 igiturjudieiis
2555 1357 2606 1409 in
2630 1359 2822 1425 quibus
2852 1359 3061 1414 additur
3084 1372 3139 1415 ut
3167 1378 3227 1416 es
3255 1364 3388 1417 bona
3416 1365 3521 1420 lide

1944 1440 2224 1508 judicent,
2254 1445 2302 1496 id
2327 1458 2408 1497 est
2441 1446 2527 1499 ubi
2560 1448 2626 1499 ita
2656 1446 2867 1515 judices
2894 1450 3086 1504 dantur
3110 1493 3124 1516 ,
3178 1466 3233 1506 ut
3263 1471 3367 1508 non
3396 1456 3525 1509 stri-

1950 1543 2063 1583 cms
2096 1532 2233 1586 inter
2264 1532 2531 1602 litigantes
2560 1537 2930 1605 stipulationes
2954 1580 2969 1604 ,
3017 1543 3109 1595 sed
3144 1545 3333 1597 bOItaIII
3364 1544 3523 1601 ﬁdem

1950 1630 2210 1687 qumrant,
2259 1622 2520 1690 plurimus
2557 1640 2839 1681 causarum
2885 1644 3011 1683 usus
3048 1642 3127 1683 est
3169 1649 3181 1683 :
3228 1634 3436 1689 additur
3468 1644 3528 1690 ut

1953 1710 2090 1765 inter
2114 1713 2282 1767 bonos
2312 1715 2451 1771 bene
2480 1718 2562 1786 agi
2594 1731 2838 1788 Oportet,
2881 1724 3294 1780 considerantur
3322 1744 3522 1797 mores,

264 1819 599 1888 losophorunt
642 1836 829 1889 magna
866 1818 1288 1888 argumentorum
1322 1819 1545 1885 suppetit
1580 1819 1760 1887 copia,
1794 1818 1847 1869 in

1955 1804 2288 1873 inquiruntur
2325 1811 2583 1876 consilia;
2637 1816 2891 1869 statuitur
2915 1817 3109 1885 quibus
3131 1858 3147 1883 ,
3189 1822 3422 1889 quidque
3456 1825 3525 1879 de

267 1912 445 1964 vestris
474 1918 639 1962 autem
660 1911 704 1962 si
732 1926 831 1961 non
860 1910 1080 1972 uberior,
1104 1918 1154 1960 at
1205 1908 1421 1971 fortasse
1444 1906 1708 1969 subtilior;
1740 1908 1848 1972 pri-

265 2012 390 2055 tata
418 2001 551 2054 enim
566 2000 771 2070 judicia
804 1999 1147 2050 maximarum
1188 1997 1393 2064 quidem
1421 2011 1593 2049 rerum
1623 1996 1673 2047 in
1695 1996 1852 2062 juris-

268 2092 623 2146 corzsultorum
656 2090 777 2142 milii
798 2090 1029 2142 videntur
1051 2103 1159 2142 esse
1185 2087 1473 2154 prudentia.
1522 2084 1660 2139 Nam
1687 2094 1733 2136 et
1760 2084 1853 2137 ad-

266 2195 390 2236 sunt
413 2184 649 2250 multum,
681 2193 727 2235 et
748 2181 1053 2234 adhibentur
1080 2180 1132 2232 in
1162 2179 1374 2231 consilia
1394 2218 1408 2241 ,
1434 2188 1479 2231 et
1509 2179 1739 2248 patronis
1767 2176 1849 2228 di-

271 2272 543 2338 ligentibus
572 2272 639 2323 ad
659 2286 834 2324 eorum
879 2269 1209 2339 prudentiam
1247 2266 1656 2336 confugientibus
1680 2267 1852 2318 Itasfus

266 2363 582 2416 ministrant.
633 2362 695 2416 In
718 2362 950 2415 omnibus
974 2362 1129 2431 igitur
1139 2362 1355 2430 judiciis
1377 2361 1430 2412 in
1460 2359 1640 2430 quibus
1658 2374 1721 2411 ea:
1750 2358 1853 2424 ﬁde

270 2462 408 2509 bona
432 2466 504 2508 est
527 2456 779 2517 additum,
808 2455 1000 2522 primus
1022 2470 1292 2506 causarum
1320 2468 1439 2505 usus
1492 2460 1585 2516 est,
1625 2459 1680 2503 ut
1721 2450 1852 2501 inter

264 2546 433 2598 bonos
472 2546 591 2598 bene
619 2546 704 2614 agi
746 2553 964 2613 oportet.
1020 2542 1085 2597 In
1132 2546 1404 2614 primisque
1433 2542 1485 2594 in
1532 2542 1744 2594 arbitrio
1778 2539 1852 2593 rei

265 2637 489 2699 amorim,
514 2636 564 2687 in
594 2652 695 2704 quo
725 2644 797 2688 est
835 2635 958 2703 quid
976 2635 1178 2700 melius,
1207 2634 1398 2699 (aquius
1424 2634 1592 2704 parati
1619 2648 1725 2685 esse
1759 2632 1851 2683 de-

273 2734 386 2778 oent
449 2723 538 2776 Illi
565 2726 740 2778 dolum
762 2728 986 2787 malum,
1020 2723 1098 2778 illi
1125 2725 1279 2792 ﬁdem
1302 2724 1483 2776 bonam
1502 2764 1517 2789 ,
1544 2724 1623 2776 illi
1653 2737 1850 2790 a'quum

271 2816 492 2880 bonum;
541 2816 618 2868 illi
640 2816 763 2884 quid
797 2817 989 2869 socium
1024 2817 1182 2868 socio.
1238 2815 1374 2880 Quid
1400 2832 1514 2868 eum
1543 2814 1630 2885 qui
1653 2814 1853 2885 negotia

266 2906 441 2958 aliena
470 2915 717 2969 curasset,
744 2905 791 2957 ei
821 2906 971 2974 cujus
994 2921 1051 2956 ea
1078 2905 1277 2973 negotia
1311 2905 1545 2974 fuissent.
1575 2904 1709 2969 Quid
1734 2919 1852 2957 eum

265 2998 361 3051 aui
386 2996 699 3062 mandasset,
732 3012 903 3048 eumve
923 2996 1006 3048 cui
1028 2995 1329 3049 mandatum
1362 3006 1512 3061 esset,
1539 2998 1758 3049 alterum
1782 2995 1855 3046 al-

270 3087 371 3139 teri
395 3096 632 3155 prrestore
652 3094 920 3154 oporteret.
944 3085 1080 3149 Quid
1110 3086 1273 3138 cirum
1297 3088 1466 3147 uxori,
1486 3088 1609 3155 quid
1638 3101 1850 3138 acorem

1956 1899 2131 1952 causis
2171 1899 2602 1959 administratum
2634 1908 2724 1961 sit.
2772 1909 2829 1962 In
2885 1911 3177 1978 primisque
3228 1915 3282 1967 in
3327 1914 3531 1982 judicio

1957 1980 2165 2043 uxoria:
2205 1992 2284 2043 rei
2334 1993 2639 2049 uberrimus
2684 2011 2962 2053 causarum
2999 2011 3251 2058 tractatus
3281 2015 3382 2058 est.
3440 2007 3532 2060 Est

1954 2088 2131 2133 autem
2179 2080 2439 2149 judicium
2472 2086 2675 2140 uxoria:
2702 2089 2817 2154 rei,
2854 2091 3062 2158 qumies
3088 2103 3208 2160 post
3237 2082 3529 2150 divortium

1957 2167 2023 2222 de
2055 2168 2179 2223 d0te
2208 2177 2481 2227 contentio
2515 2186 2614 2227 est.
2674 2176 2780 2231 Dos
2824 2179 2968 2232 enim
3023 2180 3149 2235 licet
3193 2186 3532 2239 matrimonio

1955 2268 2235 2314 constante
2261 2261 2313 2314 in
2344 2264 2495 2317 bouis
2521 2265 2621 2318 viri
2648 2266 2750 2330 sit,
2791 2277 2874 2321 est
2897 2279 3069 2324 tamen
3105 2272 3157 2325 in
3189 2288 3307 2326 nxoi
3323 2274 3367 2326 is
3389 2275 3531 2342 jure,

1956 2359 2011 2401 et
2044 2360 2163 2416 post
2194 2350 2481 2406 divortium
2508 2358 2648 2408 velut
2672 2372 2758 2411 res
2786 2361 2969 2413 uxoria
3006 2360 3115 2428 peti
3143 2372 3335 2432 potest.
3403 2365 3533 2432 Quae

1954 2439 2174 2507 quidem
2204 2441 2302 2495 dos
2324 2443 2589 2498 interdum
2623 2447 2704 2500 his
2732 2452 3127 2508 conditionibus
3156 2455 3272 2508 dari
3302 2457 3539 2523 solebat,

1958 2539 2013 2582 ut
2059 2530 2103 2583 si
2155 2532 2294 2585 inter
2322 2533 2487 2587 virum
2520 2552 2846 2608 uxoremque
2874 2542 3155 2596 divortium
3202 2527 3532 2615 dontigisset.

1957 2621 2098 2686 quod
2124 2621 2318 2674 melius
2365 2624 2568 2691 :equius
2597 2639 2760 2692 esset,
2793 2630 2931 2697 apud
2989 2632 3161 2685 virum
3206 2646 3529 2703 remaneret,

1954 2712 2214 2778 reliquum
2243 2715 2385 2769 dotis
2408 2720 2782 2772 restitueretur
2804 2720 2955 2773 uxori
2978 2762 2993 2786 ,
3025 2722 3078 2775 id
3106 2733 3187 2777 est
3218 2735 3271 2777 ut
3301 2727 3441 2795 quod
3466 2743 3533 2782 ex

1954 2802 2393 2872 dotejudicatutn
2426 2809 2613 2862 luisset
2653 2812 2843 2864 melius
2888 2813 3092 2881 aequius
3136 2829 3254 2869 esse
3302 2828 3358 2870 ut
3386 2819 3527 2887 apud

1954 2895 2124 2949 virum
2158 2907 2396 2951 maneret
2418 2939 2433 2964 ,
2472 2900 2522 2953 id
2553 2899 2634 2954 vir
2661 2902 2757 2955 sibi
2782 2902 3077 2970 retineret;
3107 2908 3246 2976 quod
3277 2923 3403 2962 vero
3426 2924 3534 2963 non

1953 2996 2097 3041 esset
2126 2987 2314 3041 melius
2341 2991 2546 3067 sequius
2570 2992 2708 3059 apud
2724 2996 2893 3047 virum
2918 3009 3155 3063 manere,
3177 2999 3227 3049 id
3252 3014 3383 3053 uxor
3411 3009 3530 3066 post

1952 3076 2239 3131 divortium
2268 3080 2553 3148 reciperet.
2594 3082 2653 3136 In
2681 3098 2786 3152 quo
2806 3085 3009 3153 judicio
3039 3103 3143 3141 non
3170 3099 3371 3143 tantum
3403 3092 3535 3147 boni

266 3176 380 3227 uiro
409 3176 752 3229 tradidirunt.
787 3175 974 3228 Licebit
1004 3176 1182 3245 igitur,
1211 3176 1480 3245 diligenter
1522 3176 1737 3246 cognitis
1763 3192 1845 3227 ur-

1962 3178 2151 3223 natura
2182 3172 2409 3239 Spectari
2439 3173 2604 3238 solet,
2659 3189 2841 3229 verum
2872 3177 3032 3231 etiam
3065 3182 3395 3249 comparatio
3443 3184 3537 3236 bo-

266 3275 625 3333 gumentorum
655 3265 799 3328 locis,
832 3282 930 3318 non
952 3266 1101 3319 modo
1131 3269 1415 3319 oratoribus
1441 3277 1487 3320 et
1506 3267 1847 3338 pltilosOpliis,

269 3356 361 3406 sed
383 3356 520 3426 juris
549 3357 699 3409 etiam
734 3358 908 3425 peritis
939 3357 1140 3425 copiose
1168 3358 1229 3411 de
1264 3359 1724 3423 consultationibus
1744 3359 1851 3414 suis

270 3446 556 3516 disputare.
1212 3501 1214 3503 .

346 3538 525 3590 Diviso
553 3551 835 3593 causarum
879 3539 997 3594 loco
1040 3550 1198 3610 atque
1249 3541 1439 3597 ordine
1471 3542 1582 3597 suis
1612 3544 1852 3612 partibus

269 3628 578 3694 distributo,
602 3628 668 3683 de
694 3630 797 3683 loci
825 3632 1064 3698 ejusdem
1098 3632 1367 3697 facultate,
1401 3633 1699 3704 quibusque
1723 3634 1853 3689 ube-

270 3720 384 3773 rius
403 3763 418 3787 ,
446 3721 741 3790 quibusque
769 3723 1042 3790 angustius
1081 3724 1544 3790 accommodetur,
1603 3726 1675 3777 uti
1707 3740 1852 3794 saepe

268 3810 518 3865 Ciceroni
561 3826 676 3865 mos
707 3822 826 3878 est,
862 3814 1100 3868 disserit.
1155 3816 1387 3869 Primum
1436 3818 1613 3883 enim,
1655 3817 1849 3886 inquit,
1898 3840 1905 3845 ’

267 3902 666 3957 oratoribusac
717 3905 1071 3974 philosophis,
1117 3922 1345 3974 quorum
1394 3908 1448 3959 in
1477 3906 1854 3974 diSptttationi-

268 3993 374 4047 bus
405 3994 547 4062 larga
577 3997 797 4049 materia
823 4005 925 4063 est,
952 3999 1114 4051 multa
1147 4014 1211 4051 ex
1239 4013 1518 4053 causarum
1554 3999 1671 4053 loco
1694 4015 1855 4070 argu-

270 4096 576 4140 mentorum
614 4089 850 4157 suppetit
879 4089 1055 4155 copia.
1097 4086 1409 4144 Communis
1450 4090 1646 4160 quippe
1676 4104 1855 4145 orato-

271 4179 422 4233 ribus
465 4194 525 4231 ac
572 4180 899 4248 pliilosOpliis
939 4180 1023 4235 hic
1075 4182 1223 4235 locus
1262 4197 1382 4236 esse
1414 4184 1736 4251 prOSpicitur
1764 4185 1854 4252 qui

270 4277 357 4321 est
378 4284 406 4321 a
430 4268 602 4322 causis
624 4310 637 4331 ,
673 4271 753 4322 his
768 4280 985 4324 naturas
1010 4286 1186 4325 rerum
1219 4272 1359 4340 quod
1390 4283 1471 4327 est
1502 4275 1856 4341 pliil050pbite

270 4362 568 4430 proprium.
616 4362 721 4415 illis
747 4342 1187 4431 quod.oratori:n
1240 4365 1509 4420 facultatis
1552 4377 1667 4436 est,
1719 4369 1854 4421 facta

274 4453 639 4519 probantibus.
695 4453 827 4507 Nam
875 4465 1075 4509 etcum
1126 4471 1212 4510 res
1262 4458 1515 4526 quailibet
1552 4461 1834 4527 quaeritur,

272 4545 394 4612 ejus
441 4560 614 4599 causa:
656 4562 684 4598 a
723 4547 1055 4614 philosophis
1098 4550 1351 4619 vestigari
1408 4551 1603 4605 Solent.
1651 4552 1851 4618 Quibus
1880 4574 1932 4633 Β

270 4638 587 4704 prmmissis,
619 4647 675 4690 ut
699 4640 941 4705 superius
963 4639 1162 4692 dictum
1191 4649 1306 4704 est,
1340 4643 1631 4693 comitatur
1671 4644 1851 4694 statim

268 4726 415 4795 quod
444 4727 865 4781 coacludendum
890 4737 997 4796 cst,
1040 4741 1093 4783 et
1124 4741 1367 4783 oratores
1396 4732 1460 4783 ad
1494 4733 1850 4800 suspicionem

270 4817 593 4871 movendam
624 4820 1069 4888 dctergendauive
1119 4822 1375 4874 iactorqu
1434 4836 1627 4875 causas
1673 4825 1852 4893 requi-

271 4916 418 4959 runt.
478 4906 587 4961 iloc
617 4909 809 4977 quippe
835 4909 1025 4963 stabile
1047 4910 1100 4963 in
1134 4910 1408 4965 hominum
1445 4913 1709 4967 utentibus
1740 4929 1853 4966 ma-

270 5006 394 5059 net,
447 4999 584 5065 quod
619 5014 787 5068 neque
817 4999 1047 5065 factum,
1082 5017 1253 5071 neque
1286 5018 1373 5056 res
1413 5003 1516 5056 ulla
1565 5015 1759 5072 praeter
1791 5005 1854 5057 il-

270 5089 375 5141 lam
395 5091 630 5143 Omnium
661 5091 951 5159 principem
976 5100 1243 5153 naturam,
1276 5093 1389 5145 sine
1415 5095 1645 5161 propriis
1678 5095 1853 5148 eausis

272 5185 442 5247 possit
474 5182 723 5236 existere.
755 5183 870 5248 Quo
900 5183 955 5235 lit
988 5193 1045 5237 ut
1084 5184 1388 5237 uberrimus
1417 5200 1699 5238 causarum
1725 5201 1854 5239 usus

270 5273 347 5327 sit
374 5274 423 5324 in
453 5273 722 5326 rhetorum
754 5275 1086 5330 orationibus
1108 5316 1125 5342 ,
1172 5276 1723 5345 philosophorumque
1749 5287 1855 5331 tra-

269 5376 440 5416 etaui.
472 5365 576 5417 Sed
610 5375 662 5417 ut
687 5366 827 5419 hunc
850 5366 1085 5420 libellum
1118 5368 1184 5419 Μ.
1221 5367 1423 5421 Tullius
1455 5369 1717 5432 scribens,
1746 5368 1857 5433 ple-

270 5468 437 5519 raque
464 5455 645 5508 umuia
674 5454 924 5509 Trebatio
954 5458 1165 5511 dedisse
1193 5458 1440 5511 videatur
1459 5500 1473 5522 ,
1512 5457 1653 5512 hunc
1682 5460 1857 5513 locum

269 5543 409 5612 juris
437 5559 650 5613 quoque
692 5548 949 5600 consultis
988 5548 1301 5602 atn‘ibutum
1350 5563 1469 5603 esse
1500 5548 1858 5616 demonstrat,

272 5636 498 5692 dicens:
534 5639 644 5693 Etsi
674 5656 777 5693 non
809 5651 912 5694 tam
956 5643 1147 5697 uberes
1193 5645 1623 5712 Opportunitates
1668 5644 1861 5699 habeat

276 5730 367 5785 bic
395 5733 541 5789 locus
572 5731 623 5787 in
650 5732 1079 5803 jurisperitoruin
1106 5736 1544 5804 rcSpousionibus
1612 5736 1860 5805 subtilius

1957 3273 2145 3314 norum
2202 3262 2279 3326 lit,
2338 3274 2397 3316 ut
2450 3279 2556 3317 non
2605 3275 2710 3319 tant
2742 3266 2881 3335 quod
2912 3284 3162 3339 aequum,
3196 3272 3287 3326 sed
3334 3265 3525 3329 nielin's

1956 3351 2263 3420 tequiusque
2292 3353 2448 3407 estid
2478 3355 2808 3423 sequendum
2838 3361 2925 3410 sit.
2944 3359 3071 3425 Qure
3102 3364 3280 3415 omnia
3302 3378 3364 3417 ex
3395 3378 3536 3431 prat-

1955 3442 2269 3496 cedentibus
2314 3444 2492 3497 causis
2537 3445 2844 3514 investigari
2894 3451 3087 3502 solent.
3157 3450 3286 3504 Nam
3328 3454 3373 3505 si
3437 3454 3533 3507 viri

1956 3534 2112 3602 culpa
2144 3534 2427 3588 divortium
2458 3538 2652 3589 laetum
2685 3550 2795 3600 est,
2842 3541 3045 3607 sequius
3077 3543 3267 3595 melius
3294 3553 3377 3598 cst
3404 3546 3537 3600 nihil

1957 3624 2103 3693 apud
2128 3626 2295 3678 virum
2321 3641 2559 3681 manere.
2613 3627 2669 3681 Si
2702 3628 2941 3684 mulieris
2988 3639 3071 3683 est
3109 3633 3293 3701 cuipa,
3332 3637 3538 3704 :equius

1960 3714 2151 3767 melius
2174 3725 2257 3768 est
2287 3729 2504 3769 sextans
2531 3719 2775 3772 retineri.
2819 3720 2873 3772 In
2907 3721 3095 3788 hisque
3127 3725 3374 3780 omnibus
3398 3730 3539 3795 peri-

1958 3806 2148 3859 tissimi
2187 3805 2558 3875 jurisc0n5iilti
2591 3825 2713 3864 esse
2734 3811 2960 3879 debent;
3014 3830 3121 3883 quo
3159 3815 3215 3867 lit
3252 3826 3307 3870 ut
3339 3818 3538 3874 Treba-

1960 3897 2089 3951 tium
2123 3913 2335 3966 quoque
2381 3898 2623 3954 hortetur
2653 3902 2719 3954 ad
2752 3903 3009 3957 studium.
3060 3906 3219 3961 Multa
3244 3910 3387 3963 enim
3418 3925 3540 3967 esse

1956 3991 2103 4057 dicit,
2134 4008 2252 4061 qua:
2279 4007 2463 4046 eorum
2498 4009 2714 4061 cperam
2745 4008 3076 4064 exspectant.
3131 3999 3208 4052 Illi
3232 4002 3406 4066 enim,
3456 4006 3537 4056 in-

1956 4087 2088 4153 quit,
2121 4086 2301 4138 dolum
2333 4086 2557 4150 maluin,
2589 4087 2663 4139 illi
2690 4088 2881 4140 bonam
2913 4088 3091 4154 iidem,
3143 4090 3218 4143 illi
3246 4107 3454 4161 aequum
3486 4102 3542 4147 et

1958 4176 2177 4240 bonum,
2210 4177 2288 4229 illi
2313 4178 2474 4229 etiam
2505 4178 2631 4246 quid
2659 4182 2833 4232 socius
2864 4182 3011 4233 socio
3042 4162 3296 4247 praismre
3324 4183 3536 4251 debeat,

1957 4268 2080 4336 quid
2101 4267 2144 4322 is
2174 4269 2262 4337 qui
2294 4270 2525 4321 alienum
2559 4270 2608 4321 in
2642 4286 2699 4322 se
2729 4271 3017 4339 gerendum
3051 4282 3243 4339 sponte
3267 4276 3538 4341 negotium

1958 4350 2319 4425 suscepisset:
2354 4360 2401 4413 ei
2423 4359 2577 4428 Cujus
2606 4360 2655 4413 id
2689 4363 2957 4430 negotium
2984 4361 3182 4430 fuerat,
3217 4367 3341 4434 quid
3374 4367 3418 4420 is
3448 4369 3539 4436 qui

1957 4451 2287 4504 mandaverit
2334 4452 2381 4505 ei
2422 4456 2503 4503 cui
2552 4453 2883 4505 mandaverit
2934 4467 3152 4508 suorum
3198 4456 3532 4524 negotiorum

1958 4544 2227 4609 actiones,
2258 4543 2383 4612 quid
2415 4545 2496 4597 vir
2525 4545 2710 4609 uxori,
2754 4545 2878 4614 quid
2914 4560 3046 4599 uxor
3076 4548 3189 4600 viro
3220 4548 3536 4615 tradiderit;

1961 4651 2078 4703 qua:
2108 4636 2283 4687 omnia
2310 4635 2375 4689 ad
2412 4638 2703 4704 posteriora
2735 4650 2909 4689 causa:
2934 4645 3087 4702 sont,
3140 4647 3299 4706 atque
3346 4639 3540 4693 exinde

1957 4726 2156 4795 judicia
2190 4737 2489 4780 sumuntur.
2534 4727 2737 4781 Idcirco
2768 4727 2939 4791 enim,
2969 4728 3117 4783 verbi
3148 4742 3348 4798 gratia,
3373 4728 3543 4798 quod-

1962 4820 2088 4872 libet
2121 4819 2250 4872 illud
2277 4818 2439 4887 judex
2473 4820 2819 4889 pronuntiare
2844 4821 3002 4875 debet
3045 4822 3097 4874 in
3141 4822 3319 4877 usuris
3357 4837 3419 4877 ac
3443 4821 3539 4876 viri

1961 4925 2139 4977 causa,
2164 4910 2286 4978 quia
2309 4914 2476 4965 virum
2504 4911 2602 4966 hoc
2620 4922 2872 4980 prtestarc
2898 4924 3101 4982 oportet
3132 4914 3313 4977 uxori;
3338 4912 3539 4967 idcirco

1961 5002 2122 5055 etiam
2152 5001 2403 5057 mandato
2433 5006 2508 5056 rei
2534 5006 2617 5057 cui
2645 5004 2995 5068 mandaverit,
3021 5005 3283 5074 obligatus
3306 5019 3425 5058 esse
3449 5006 3536 5074 ju-

1960 5091 2219 5145 dicandus
2246 5102 2326 5145 cst
2351 5132 2366 5156 ,
2408 5096 2529 5159 quia
2564 5095 2702 5149 inter
2742 5098 3107 5150 mandatorein
3148 5108 3539 5164 susceptoretn-

1960 5197 2065 5251 que
2103 5184 2299 5252 nchtii
2331 5184 2460 5237 illud
2498 5196 2579 5239 est
2628 5187 3050 5252 observandum,
3112 5188 3289 5240 omnia
3331 5202 3539 5256 quoiue

1961 5289 2080 5343 qua)
2112 5277 2332 5343 quisque
2362 5277 2512 5330 alteri
2553 5288 2806 5343 priestare
2849 5279 3035 5343 debet,
3069 5292 3129 5331 ea
3158 5277 3209 5329 in
3250 5279 3539 5333 tractandis

1957 5364 2368 5434 judicandisqttc
2416 5369 2639 5436 negotiis
2677 5382 2853 5421 causae
2904 5376 3047 5421 sunt.
3089 5367 3342 5433 Quocirca
3394 5379 3541 5425 recte

1964 5457 2253 5517 conclusit.
2287 5456 2573 5526 diligenter
2601 5460 2826 5527 cognitis
2847 5470 3281 5529 argumentorum
3308 5462 3461 5531 locis,
3486 5472 3540 5516 et

1963 5548 2296 5614 oratoribus',
2353 5558 2406 5603 et
2438 5550 2805 5619 philosophis,
2864 5560 2915 5603 et
2941 5551 3339 5617 jurisconsultis
3385 5570 3542 5625 argu-

1965 5649 2268 5693 mentorum
2297 5642 2502 5710 copiam
2529 5657 2634 5695 non
2658 5642 2980 5697 defuturam.

2034 5733 2351 5804 Coujunctus
2381 5735 2499 5789 huic
2528 5752 2800 5817 causarum
2840 5735 2951 5788 loco
2986 5736 3070 5790 ille
3094 5738 3232 5792 locus
3265 5748 3335 5792 cst
3356 5740 3442 5809 qui
3463 5742 3543 5810 ef-
