4014 6336
531 286 670 344 1159

1731 278 1842 334 ΑΝ.
1885 278 2089 333 MANL.
2132 277 2281 335 επεν.
2326 278 2546 334 ΒΟΕΤΙΙ

3638 277 3778 331 Ηῦῧ

527 399 700 467 ﬁcitur
725 410 789 450 ea:
816 394 984 463 causis
1001 407 1022 446 :
1061 400 1114 444 ut
1139 391 1271 445 enim
1295 405 1452 443 causa
1478 389 1602 460 quid
1625 389 1689 443 sit
1710 389 1942 457 effectum
1967 390 2099 443 indi-
2127 402 2181 460 Α
2207 400 2300 457 est,
2341 392 2453 459 pari
2484 391 2649 461 gloria
2675 391 2855 445 debent
2884 408 2991 446 esse
3012 393 3065 447 lsi
3098 394 3190 463 qui
3220 395 3491 448 consulunt
3529 403 3578 445 et
3602 394 3656 445 lii
3687 394 3777 462 qui

527 499 633 555 cat,
662 488 734 539 sic
760 486 892 552 quod
912 482 1145 549 effectum
1169 492 1261 549 est,
1288 497 1401 549 qua:
1420 480 1570 550 fuerit
1592 496 1748 533 causa
1765 480 2091 533 demonstrat.

528 578 632 631 Hic
661 578 802 630 locus
843 574 1165 643 suppeditare
1204 573 1325 625 solet
1357 571 1640 624 oratoribus
1670 578 1715 621 et
1743 571 1934 639 poetis,
1966 585 2097 639 sirpe

526 668 680 719 etiam
718 666 1035 733 philosophis
1059 702 1073 724 ,
1108 663 1196 714 sed
1231 662 1309 715 Itis
1337 662 1423 730 qui
1456 671 1630 713 ornate
1658 670 1706 712 et
1733 662 1929 728 copiose
1958 659 2098 727 loqui

527 765 776 824 possunt,
817 754 1099 806 mirabilem
1143 754 1341 820 copiam
1395 752 1626 819 dicendi,
1657 767 1770 803 cum
1796 750 2096 801 denuntiant

528 847 647 915 quid
676 862 740 899 ex
764 861 961 913 quaque
992 861 1044 897 re
1071 845 1130 896 sit
1160 847 1412 913 futurum.
1459 841 1745 896 Causarum
1766 842 1896 894 enint
1924 842 2096 911 cogni-

528 940 598 989 tio
627 939 961 1007 cognitionem
986 945 1274 987 eventorum
1315 934 1459 1003 facit.

598 1029 784 1081 Umnia
812 1042 928 1095 quae
960 1024 1027 1079 ad
1052 1042 1110 1078 se
1147 1025 1452 1078 referuntur
1485 1032 1628 1077 recte
1675 1022 1922 1106 dicun‘tur
1972 1036 2095 1075 esse

523 1117 804 1185 conjuncta
831 1133 844 1179 ;
903 1115 1014 1183 ipsa
1044 1115 1185 1169 enim
1237 1113 1425 1166 relatio
1456 1128 1630 1164 rerum
1676 1111 1844 1164 eflicit
1874 1110 2093 1177 conjun-

524 1188 788 1269 ctionem;
822 1206 961 1272 quod
992 1205 1035 1257 si
1067 1219 1224 1257 causa
1246 1204 1467 1271 alicujus
1494 1218 1651 1255 causa
1682 1212 1763 1255 est
1783 1244 1797 1268 ,
1832 1218 1934 1254 non
1962 1203 2094 1255 alte-

521 1293 771 1358 rius,nisi
802 1276 883 1346 sui
915 1292 1134 1345 ellectus
1165 1299 1244 1343 est
1270 1306 1450 1353 causa,
1470 1290 1699 1357 itemque
1721 1288 1767 1340 si
1796 1298 1877 1341 est
1900 1286 2090 1354 aliquis

523 1386 743 1439 ellectus
767 1429 782 1452 ,
838 1400 904 1438 ex
934 1397 1235 1453 causarum
1258 1383 1531 1448 principiis
1561 1380 1701 1433 venit
1727 1396 1743 1443 ;
1786 1380 1905 1447 jure
1932 1380 2091 1446 igitur

522 1477 593 1529 ab
621 1473 826 1528 ell'ectis
864 1474 1011 1524 locus
1036 1512 1049 1534 ,
1082 1486 1358 1523 causarum
1385 1471 1501 1522 loco
1528 1469 1692 1537 debet
1721 1482 1838 1522 esse
1869 1472 2089 1535 conjun-

520 1576 660 1620 ctus.
706 1565 966 1631 Quoniam
1011 1578 1137 1614 vero
1183 1577 1393 1630 semper
1423 1578 1541 1629 qua:
1587 1560 1651 1613 ad
1693 1575 1753 1613 se
1791 1559 2090 1613 referuntur

519 1663 796 1722 aequantur
815 1692 830 1715 ,
885 1666 1103 1704 necesse
1130 1659 1209 1703 est
1234 1690 1247 1714 ,
1280 1665 1396 1717 qua:
1447 1651 1659 1703 ubertas
1689 1652 1758 1700 sit
1786 1663 2086 1715 causarum,

2199 481 2498 549 defendunt;
2529 494 2579 535 at
2606 486 2739 550 quod
2771 486 2991 550 printunt
3016 496 3107 552 est,
3139 490 3276 555 quod
3302 490 3531 556 sequitur
3561 487 3739 556 igitur.

2268 573 2450 627 Omnis
2493 575 2816 640 comparatio
2861 577 3054 645 duplex
3086 587 3167 631 est
3199 596 3211 630 :
3245 588 3335 631 aut
3372 578 3515 631 enim
3545 577 3774 645 azqualia

2198 662 2839 739 sibimet‘comparantur,
2871 677 2961 720 aut
2991 669 3298 736 inaequalia;
3332 668 3425 722 sed
3460 667 3512 719 in
3544 668 3625 718 his
3655 682 3776 733 quia

2197 761 2317 805 sunt
2345 753 2565 820 :equalia
2595 767 2805 822 semper
2832 755 3016 808 eadem
3053 772 3173 810 esse
3212 767 3434 809 notatur
3473 755 3772 823 aequalitas.

2197 840 2476 913 littequalia
2505 855 2680 897 autem
2728 844 2780 896 in
2805 847 3011 913 gemina
3043 846 3207 899 veluti
3246 848 3486 899 membra
3521 844 3774 898 dividunt

2198 942 2302 995 tur,
2336 932 2556 987 minoris
2585 934 2788 988 scilicet
2814 945 2972 1003 atque
3000 937 3235 1003 majoris.
3264 937 3396 990 Nam
3427 934 3570 1004 quod
3600 930 3783 987 niiims'

2195 1032 2297 1086 est,
2318 1036 2422 1073 non
2455 1037 2546 1089 per
2575 1037 2632 1076 se
2657 1023 2828 1077 ntinus
2855 1033 2956 1087 est,
2976 1026 3068 1078 sed
3094 1025 3495 1092 comparatione
3529 1024 3771 1089 ittajurts.

2194 1109 2429 1180 itemque
2465 1112 2604 1180 quod
2641 1114 2808 1182 majus
2842 1127 2944 1180 εει,
2983 1117 3205 1168 minoris
3241 1116 3649 1183 comparatione
3694 1116 3774 1164 di:

2193 1199 2328 1252 citur
2358 1200 2548 1269 majus.
2591 1201 2718 1269 Qua:
2754 1218 2873 1255 cum
2914 1204 2983 1257 ita
3033 1206 3162 1269 sint,
3208 1205 3403 1257 dividit
3447 1219 3611 1271 atque
3652 1218 3775 1256 ante

2193 1289 2373 1342 oculos
2423 1292 2571 1358 ponit
2618 1294 2853 1345 omnium
2922 1295 3379 1361 comparationum
3436 1295 3670 1354 modos,
3723 1304 3775 1346 et

2191 1384 2329 1449 quod
2360 1398 2479 1435 raro
2510 1387 2564 1437 in
2593 1385 2955 1453 superioribus
2994 1388 3123 1439 locis
3154 1386 3297 1449 fecit,
3336 1386 3480 1453 ipsas
3512 1388 3770 1436 maximas

2193 1473 2581 1540 pt'0positiones
2614 1477 2759 1543 ponit
2810 1477 2860 1528 in
2901 1478 3384 1544 comparationibus
3426 1477 3771 1536 constitutas,

2190 1561 2317 1614 utsi
2350 1563 2560 1631 quando
2597 1565 2714 1618 loco
2744 1566 2814 1619 sit
2847 1568 3000 1619 nobis
3042 1567 3455 1634 comparationis
3488 1568 3769 1629 utendum,

2193 1654 2479 1710 habeamus
2531 1659 2837 1726 quoddam,
2894 1660 3042 1713 velut
3092 1661 3413 1714 inventionis
3471 1661 3767 1727 exetnplar,

519 1745 705 1797 eadem
744 1756 953 1809 quoque
990 1741 1056 1794 sit
1081 1742 1411 1794 eli'cctorum.
1454 1741 1715 1805 Quoniam
1748 1741 1890 1793 enim
1924 1755 2079 1793 causa
2116 1759 2162 1816 Β
2188 1744 2252 1796 ad
2301 1747 2442 1812 quod
2486 1758 2813 1815 quierentem
2863 1749 3096 1802 animum
3147 1753 3411 1820 possimus
3461 1749 3765 1802 advertere.

519 1843 715 1903 praeter
742 1833 991 1884 ellectum
1020 1846 1142 1884 esse
1183 1847 1287 1883 non
1323 1839 1529 1897 potest,
1561 1847 1680 1883 cum
1707 1831 1777 1882 sit
1805 1845 1962 1884 causa
1990 1846 2084 1883 su-

519 1940 613 1992 per
642 1922 908 1984 etl‘eitum,
941 1934 1159 1973 necesse
1184 1930 1264 1973 est
1296 1933 1348 1972 ut
1372 1935 1434 1972 ex
1466 1921 1740 1973 eventibus
1770 1935 1979 1987 quoque
2009 1930 2084 1973 at-

517 2029 620 2083 que
646 2008 917 2066 effectibus
936 2051 951 2074 ,
982 2010 1208 2077 plurima
1239 2019 1520 2075 suppetant
1549 2019 1862 2075 argumenta
1881 2049 1895 2074 ,
1922 2009 2086 2078 siqui-

515 2104 635 2156 dem
686 2116 749 2154 ει
798 2100 971 2169 causis
1021 2097 1179 2149 etiam
1224 2098 1447 2163 plurima
1495 2099 1900 2149 contrahuntur.
1954 2096 2085 2151 Nam

513 2195 653 2249 sicut
680 2188 959 2259 cujuslibet
993 2189 1212 2257 ell'ectus
1246 2196 1418 2255 potest
1450 2202 1608 2239 eausa
1653 2187 1903 2251 tractari,
1952 2189 1995 2241 si
2018 2202 2082 2241 ex

515 2286 749 2355 qqalibet
772 2297 929 2335 causa
958 2290 1153 2349 potest,
1180 2279 1271 2347 qui
1298 2281 1367 2331 sit
1395 2287 1615 2331 eventus
1644 2280 1873 2342 ostendi,
1905 2290 2081 2331 recte-

513 2390 619 2445 que
641 2375 761 2442 ,ait,
785 2371 1303 2438 causarutncognitio
1325 2378 1608 2423 eventuum
1630 2368 1985 2436 cognitionem
2002 2367 2082 2420 l'a-

502 2452 620 2527 'cit;
654 2472 710 2516 ut
752 2463 890 2515 enim
924 2461 974 2513 itt
1009 2459 1435 2528 practlicamentis
1461 2460 1795 2524 ostenditur,
1828 2460 1951 2511 sciri
1982 2473 2083 2512 re-

510 2553 727 2607 lativum
752 2550 964 2619 aliquod
1002 2566 1104 2602 non
1137 2558 1333 2617 potest,
1365 2560 1557 2629 praster
1587 2548 1776 2618 reliqui
1803 2549 2081 2603 scientiam

472 2670 477 2673 η
510 2645 740 2699 relativi.

580 2755 823 2823 Reliquus
878 2764 949 2806 est
987 2753 1387 2817 comparationis
1429 2753 1592 2815 locus,
1642 2755 1790 2823 cujus
1833 2769 1990 2821 genus
2031 2762 2079 2807 et

505 2847 795 2915 exemplum
841 2861 997 2910 supra
1030 2850 1246 2912 positum
1277 2852 1370 2906 est,
1404 2852 1458 2896 ut
1486 2852 1804 2908 cwterorunt,
1834 2861 1965 2896 nunc
1986 2861 2075 2897 ex-

506 2930 1669 3005 plicandatractatioest.‘Comparanturigitur
1699 2950 1755 2984 ea
1773 2935 1941 2985 omnia
1964 2950 2078 3003 qua:

501 3036 591 3078 aut
632 3026 848 3091 majora,
876 3032 960 3074 aut
994 3025 1208 3086 minora,
1255 3033 1343 3073 aut
1376 3024 1521 3089 pariti
1547 3024 1785 3074 dicuntur
1816 3038 1835 3076 :
1889 3025 1939 3077 in
1966 3026 2077 3092 qui-

2190 1838 2373 1890 Umnis
2420 1839 2575 1907 igitur
2624 1841 2981 1908 comparatio,
3029 1852 3117 1894 aut
3164 1846 3213 1894 in
3262 1855 3486 1894 numero
3531 1850 3766 1905 constat,

2188 1936 2277 1979 aut
2304 1928 2354 1980 in
2390 1930 2586 1995 specie,
2615 1938 2705 1981 aut
2751 1931 2800 1980 iii
2829 1930 2900 1995 vi,
2932 1940 3021 1982 aut
3056 1931 3106 1983 in
3145 1931 3320 1999 aliqua
3352 1932 3523 1983 locata
3556 1930 3767 1982 estsin-

2186 2030 2339 2070 secus
2367 2019 2669 2079 all’ectione.
2719 2018 2850 2072 Nam
2889 2022 3241 2089 quodcunque
3265 2021 3513 2074 conferre
3542 2030 3768 2073 conten-

2186 2107 2382 2171 dimus,
2429 2116 2519 2160 aut
2565 2123 2790 2162 numero
2840 2123 3232 2178 comparamus,
3274 2118 3330 2163 et
3371 2110 3669 2163 secundum
3714 2109 3765 2160 id

2185 2196 2324 2248 aliud
2358 2199 2549 2264 majus,
2577 2197 2719 2250 aliud
2748 2198 2922 2251 minus
2949 2212 3066 2251 esse
3097 2197 3472 2262 decernimus;
3524 2206 3615 2249 aut
3642 2213 3766 2265 spe-

2183 2288 2317 2338 ciem
2359 2286 2525 2353 ipsam
2574 2287 2862 2351 iutuentes,
2892 2303 3115 2355 eamque
3157 2288 3247 2340 alii
3293 2298 3668 2355 comparantes
3699 2288 3764 2339 de

2183 2377 2488 2430 excellentia
2508 2376 2763 2447 judicium
2787 2379 3001 2443 damus;
3041 2389 3132 2433 aut
3164 2380 3305 2432 aliud
3328 2380 3760 2442 consideramus,

2183 2467 2308 2536 quid
2339 2484 2423 2523 res
2454 2486 2677 2538 quaeque
2708 2472 2871 2539 possit
2901 2471 3135 2539 ellicere,
3167 2478 3221 2524 et
3268 2471 3320 2523 in
3350 2481 3607 2539 quantum
3639 2469 3761 2539 ejus

2183 2563 2427 2630 progredi
2460 2564 2623 2631 possit
2656 2573 2860 2627 natura,
2891 2572 2979 2616 aut
3012 2580 3075 2618 ex
3107 2565 3334 2617 aliorum
3361 2564 3761 2633 quodammodo

2180 2653 2547 2716 continentia,
2591 2662 2645 2706 et
2684 2668 2748 2707 ex
2796 2653 3255 2707 circumstantium
3309 2654 3591 2708 all'ectione
3646 2671 3758 2707 rem

2180 2757 2335 2811 quam
2371 2743 2457 2795 alii
2498 2744 2815 2796 conferimus
2852 2745 3136 2797 intuemur.
3185 2744 3420 2798 Numero
3452 2747 3609 2813 igitur
3639 2760 3758 2813 quas

2180 2844 2577 2903 comparantur,
2602 2838 2645 2888 si
2676 2852 2742 2889 ex
2771 2835 2959 2891 eodem
2986 2836 3091 2890 sitit
3118 2853 3334 2907 genere,
3365 2838 3511 2904 plura
3543 2841 3732 2906 paucio

2180 2931 2326 2982 ribus
2366 2938 2778 2997 anteponuntur,
2810 2929 2953 2983 velut
2983 2932 3025 2983 si
3059 2930 3194 2984 bona
3238 2933 3413 2984 omnia
3443 2934 3551 2984 sint
3577 2946 3756 3001 cqua-

2180 3019 2269 3084 lia,
2290 3017 2410 3088 jure
2435 3024 2711 3088 quisquam
2745 3021 2895 3088 plura
2921 3022 3054 3073 bona
3082 3022 3420 3090 pauciOribus
3448 3024 3751 3092 anteponit.

500 3117 594 3167 bus
616 3123 903 3181 spectantur
946 3111 1073 3176 lure,
1119 3127 1380 3175 numerus,
1440 3114 1663 3180 species,
1698 3114 1793 3177 vis,
1836 3115 2071 3182 quaedam
2101 3109 2145 3172 C
2179 3111 2245 3164 Et
2273 3121 2357 3164 est
2387 3111 2498 3165 haec
2528 3114 2758 3165 maxima
2789 3110 3076 3181 prOpOsitio
3097 3131 3109 3163 :
3130 3113 3287 3166 Plura
3318 3114 3454 3190 bona
3484 3117 3752 3181 pauciori-

499 3207 656 3267 ctiam
676 3206 763 3274 Lad
786 3220 863 3256 res
907 3203 1103 3271 aliquas
1134 3204 1355 3266 a/[ectio.
1411 3205 1641 3258 Numero
1676 3209 1748 3259 sic
1798 3224 2068 3277 compara-

500 3297 706 3359 buntur,
733 3306 785 3346 ut
826 3296 976 3361 plura
1007 3296 1137 3347 bona
1168 3295 1489 3361 paucioribus
1517 3296 1656 3350 bonis
1676 3310 2069 3368 anteponantur,

499 3389 745 3458 pauciora
766 3386 917 3449 mala,
948 3388 1100 3460 malis
1131 3384 1397 3454 pluribus;
1429 3390 1753 3442 diuturniora
1798 3392 1931 3444 bona
1961 3394 2070 3446 bre-

498 3477 739 3542 vioribus,
771 3478 919 3543 longe
956 3487 1000 3527 et
1027 3476 1125 3527 late
1162 3487 1435 3544 pervagata
1475 3490 1732 3547 angusts,
1786 3497 1849 3533 ea:
1891 3486 2068 3551 quibus

494 3569 646 3636 plura
684 3565 811 3615 bona
841 3572 1217 3633 propagentur,
1256 3581 1465 3633 quicque
1508 3572 1677 3634 plures
1718 3570 1978 3624 imitentur
2019 3582 2068 3627 et

492 3659 709 3728 faciant.
764 3657 946 3724 Spcae
970 3669 1136 3709 autem
1171 3668 1555 3724 comparantur,
1584 3668 1633 3709 ut
1666 3670 2061 3732 anteponantur,

492 3764 606 3815 qua:
634 3759 841 3815 μωρίαν
865 3762 916 3798 se
939 3746 1216 3814 expetenda
1247 3756 1384 3809 sunt,
1408 3747 1484 3799 Itis
1514 3763 1630 3815 qua:
1661 3762 1867 3815 propter
1894 3752 2062 3817 aliud,

489 3852 535 3896 et
559 3850 611 3892 at
644 3844 819 3891 innata
849 3850 997 3907 atque
1024 3841 1173 3915 insita
1201 3843 1470 3910 assumptis
1495 3852 1540 3894 et
1571 3845 1887 3909 adventitiis,
1935 3849 2063 3901 inte-

490 3948 584 4000 gra
619 3932 1004 3991 contaminatis,
1027 3932 1259 3999 jocunda
1309 3933 1475 3985 minus
1520 3936 1794 4002 jocundis,
1849 3938 2061 3992 honesta

485 4025 609 4089 ipsis
641 4023 787 4074 ttiant
810 4024 1035 4085 utilibus,
1063 4022 1307 4087 proclt'ia
1331 4024 1620 4091 laboriosis,
1645 4031 1923 4082 necessaria
1959 4046 2083 4083 noni

484 4114 802 4179 necessariis,
834 4131 926 4166 sua
947 4114 1127 4166 alienis
1149 4155 1164 4178 ,
1194 4130 1311 4165 rara
1337 4114 1628 4186 vulgaribus
1649 4158 1664 4183 ,
1700 4120 2058 4174 desiderabilia

482 4205 562 4258 liis
583 4206 759 4271 quibus
791 4206 940 4274 facile
960 4221 1131 4258 carere
1154 4208 1316 4269 possis
1334 4247 1347 4271 ,
1377 4208 1598 4276 perfecta
1619 4210 1869 4263 inchoatis
1887 4252 1901 4275 ,
1948 4223 2056 4267 tota

482 4298 729 4365 partibus,
745 4299 937 4351 ratione
958 4298 1176 4368 uigentia
1201 4300 1413 4352 rationis
1436 4302 1740 4370 expertibus,
1766 4305 2054 4358 voluntaria

480 4389 801 4452 necessariis,
825 4389 1049 4439 animata
1082 4390 1396 4451 inanimatis.
1424 4392 1679 4444 naturalia
1706 4410 1805 4446 non
1835 4406 2052 4448 natura-

2177 3203 2275 3256 bus
2301 3213 2718 3272 anteponuntur,
2746 3213 2801 3258 et
2832 3211 2882 3257 in
2909 3211 3118 3259 caeteris
3158 3220 3367 3274 quoque
3395 3207 3587 3260 eadem
3616 3209 3753 3260 ratio

2176 3294 2491 3363 perspicitur
2523 3296 2871 3348 maximarum
2914 3297 3354 3365 propositionum.
3387 3299 3457 3350 At
3490 3300 3535 3351 si
3571 3301 3751 3351 omnia

2173 3381 2226 3434 in
2262 3384 2529 3437 contrario
2568 3385 2673 3436 sint
2700 3400 2921 3453 genere,
2958 3387 3246 3453 pluralitati
3280 3389 3522 3453 paucitas
3554 3388 3749 3455 ιιι-τεία-

2173 3472 2338 3525 renda
2370 3481 2472 3536 est,
2506 3481 2562 3525 ut
2597 3487 2758 3540 pauca
2790 3476 2926 3526 mala
2961 3476 3199 3542 pluribus
3231 3475 3413 3542 malis,
3446 3477 3588 3529 mala
3622 3492 3748 3531 vero

2173 3563 2285 3630 ipsa
2317 3563 2468 3617 bonis
2509 3564 2656 3617 nullo
2693 3564 2851 3629 modo
2890 3569 3256 3619 conteruntur.
3308 3567 3435 3633 Quae
3465 3568 3608 3620 enim
3642 3568 3749 3621 ullo

2171 3642 2329 3710 modo
2370 3671 2801 3727 compensantur,
2848 3660 2897 3712 in
2927 3663 3113 3714 eodem
3152 3675 3271 3714 esse
3300 3676 3497 3729 genere
3524 3661 3743 3725 debent,

2170 3761 2274 3799 non
2319 3745 2374 3799 iit
2414 3748 2699 3801 contrario.
2749 3748 2880 3802 Nam
2912 3766 3031 3802 cum
3073 3751 3354 3804 adversum
3385 3766 3445 3803 se
3471 3758 3745 3804 contraria

2170 3851 2201 3891 e
2230 3839 2446 3908 regione
2486 3839 2655 3893 locata
2704 3851 2849 3908 sunt,
2895 3840 3125 3895 conferri
3174 3842 3582 3910 compararique
3637 3860 3742 3897 non

2168 3937 2409 3996 possunt,
2461 3930 2600 3997 quod
2646 3930 2744 3983 sibi
2788 3931 3153 4000 intelliguntur
3190 3946 3309 3985 esse
3357 3932 3593 3984 inimica.
3649 3932 3743 3985 Est

2167 4019 2322 4074 etiam
2366 4020 2656 4073 secundum
2703 4014 2978 4074 numerum
3019 4021 3347 4089 comparatio
3385 4022 3436 4074 in
3478 4026 3739 4091 temporis

2164 4124 2373 4178 quoque
2404 4112 2630 4165 ratione.
2680 4110 2809 4163 Nam
2841 4127 2960 4163 cum
2993 4121 3200 4178 tempus
3229 4113 3392 4165 certis
3420 4114 3739 4182 quibusdam

2163 4202 2346 4268 spatiis
2394 4201 2675 4264 dividatur,
2727 4202 2871 4254 velut
2922 4202 3087 4265 liora},
3132 4203 3256 4268 diei,
3306 4206 3528 4267 mensis,
3575 4216 3742 4273 atque

2162 4294 2321 4359 anni,
2367 4309 2432 4346 ex
2465 4294 2757 4362 aequalibus
2798 4292 2949 4346 bonis
2987 4308 3048 4346 ea
3092 4298 3259 4362 magis
3300 4295 3543 4363 eligenda
3587 4308 3735 4359 sunt,

2160 4399 2277 4452 quae
2318 4385 2615 4436 diuturnius
2663 4395 3031 4449 perseverant,
3065 4385 3206 4453 quod
3253 4386 3302 4437 in
3334 4401 3561 4439 numero
3592 4388 3737 4455 pasi-

476 4478 628 4538 libus,
660 4478 939 4543 artiﬁciosa
969 4497 1068 4531 non
1089 4482 1399 4548 artiﬁciosis.
1443 4482 1530 4536 Vis
1566 4495 1729 4537 aulent
1763 4487 1814 4538 in
1846 4502 2050 4557 compa-

2179 4491 2265 4528 um
2305 4489 2421 4528 esse
2456 4476 2631 4527 nullus
2662 4476 2889 4541 ignorat.
2941 4476 3053 4543 Ipsa
3083 4479 3224 4529 enim
3256 4476 3576 4529 diuturnitas
3610 4482 3733 4545 plu-

476 4569 674 4620 ratione
698 4568 768 4620 sic
787 4571 1003 4621 cernitur
1023 4586 1040 4621 :
1057 4570 1287 4638 Efﬁciens
1304 4589 1458 4625 causa
1473 4578 1672 4643 gravior
1694 4594 1959 4645 quamnon
1980 4584 2050 4651 ef-

479 4656 691 4724 ﬁciens;
731 4674 841 4725 qutc
865 4675 917 4711 se
946 4660 1070 4725 ipsis
1095 4671 1328 4712 contenta
1358 4673 1496 4726 sunt,
1522 4665 1733 4718 meliora
1758 4685 1907 4733 quam
1935 4688 2047 4739 qu

473 4755 618 4817 egent
636 4747 771 4811 aliis;
786 4765 896 4816 qua:
914 4751 963 4800 in
988 4760 1185 4817 nostra,
1206 4753 1487 4821 quantiqua.’
1503 4755 1551 4806 in
1570 4756 1785 4810 aliorum
1801 4770 2047 4827 potestate

474 4847 624 4900 sunt;
654 4839 855 4890 stabilia
884 4841 1091 4893 incertis
1119 4858 1136 4905 ;
1167 4858 1280 4910 quae
1312 4844 1439 4911 eripi
1465 4862 1562 4898 non
1583 4860 1812 4914 possunt,
1834 4850 1912 4903 Itis
1935 4870 2049 4921 quin

472 4938 697 4993 possunt.
748 4928 959 4993 A/Iectio
990 4943 1157 4984 autem
1187 4933 1251 4984 ad
1276 4949 1355 4985 res
1386 4934 1582 5003 aliquas
1606 4947 1675 4990 est
1699 4940 1997 5009 ltujusntodi
2024 4958 2044 4996 :

472 5015 771 5094 Principum
790 5023 1050 5072 commoda
1070 5023 1263 5090 majora
1285 5040 1437 5091 quant
1464 5026 1797 5094 reliquorum,
1825 5032 2039 5100 itemque

469 5121 579 5174 qua
592 5107 921 5175 jocundiora,
945 5126 1059 5179 qua:
1084 5113 1312 5181 plribus
1358 5117 1571 5184 probata
1588 5160 1601 5180 ,
1629 5137 1742 5189 qua:
1766 5122 1824 5175 ab
1847 5125 2037 5188 optimo

463 5212 661 5266 quoque
690 5198 915 5252 laudata.
942 5198 1100 5268 Atque
1123 5212 1172 5253 nt
1202 5204 1307 5255 Ita'c
1339 5207 1389 5257 in
1423 5224 1602 5275 compa
1631 5213 1798 5265 atione
1827 5214 2038 5269 meliora

464 5299 612 5351 sunt,
636 5291 705 5341 sic
730 5291 976 5344 deteriora
998 5309 1108 5360 quia
1137 5295 1212 5347 Itis
1237 5305 1352 5348 sunt
1387 5303 1668 5355 contraria.
1722 5303 1914 5357 Parum
1937 5325 2033 5359 au-

462 5366 563 5432 tem
588 5384 898 5447 comparatio
926 5399 1013 5434 nec
1044 5385 1239 5438 elatiom
1257 5403 1303 5438 nt
1330 5388 1501 5454 liabet,
1522 5408 1609 5443 nec
1630 5394 2034 5463 subntissioaem;

460 5479 534 5520 est
572 5470 705 5520 enim
744 5474 969 5539 a‘qualis.
1023 5472 1192 5527 Multa
1240 5485 1407 5530 autem
1456 5490 1571 5531 sunt
1600 5498 1709 5549 qute
1747 5490 2034 5555 aequalitate

457 5562 573 5624 ipsa
602 5573 975 5629 comparentur,
1024 5581 1137 5632 qutc
1162 5566 1234 5619 ita
1254 5567 1357 5634 fere
1382 5572 1754 5626 concluluntur
1778 5592 1795 5629 :
1825 5578 1883 5633 Si
1912 5596 2034 5634 con-

456 5649 571 5701 silio
589 5649 771 5717 juvare
800 5649 929 5702 cires
972 5660 1014 5706 ct
1052 5653 1267 5719 auxilio,
1301 5671 1444 5724 trqua
1474 5658 1525 5710 in
1572 5661 1719 5716 laude
1742 5672 2033 5733 ponendum

2151 4567 2316 4620 rimos
2357 4576 2474 4619 esse
2506 4565 2587 4617 vel
2625 4565 2759 4628 dies,
2791 4567 2870 4618 vel
2912 4581 3146 4629 menses,
3177 4567 3261 4619 vel
3300 4582 3469 4619 annos
3510 4570 3729 4632 fatetur,

2150 4658 2341 4727 quibus
2385 4657 2541 4710 duret
2571 4656 2620 4709 id
2651 4656 2789 4725 quod
2837 4657 3068 4725 eligitur.
3128 4658 3309 4726 Longe
3337 4658 3501 4711 etiam
3536 4674 3731 4728 perva-

2149 4760 2266 4816 gata
2298 4750 2453 4814 bona,
2486 4751 2721 4818 angustis
2747 4760 2801 4803 et
2831 4750 2885 4803 in
2917 4766 3076 4803 unum
3115 4751 3390 4803 minimum
3427 4752 3605 4805 locum
3640 4768 3731 4806 eo-

2148 4844 2367 4896 arctatis
2396 4846 2598 4899 numeri
2628 4848 3027 4913 comparatione
3058 4846 3385 4915 praecedunt.
3442 4849 3577 4902 Nam
3608 4867 3725 4919 quae

2155 4934 2311 5001 longe
2341 4935 2546 5003 lateque
2579 4924 2857 5005 pervagata
2889 4948 3031 5001 sunt,
3064 4954 3124 4992 ea
3159 4938 3211 4992 in
3243 4940 3502 5007 plurimas
3533 4954 3722 5010 gentes

2151 5025 2497 5093 regionesilue
2541 5026 2728 5081 dill‘usa
2763 5038 2920 5091 sunt;
2952 5028 3219 5096 pluralitas
3266 5045 3395 5084 vero
3442 5035 3727 5100 cujuslibet

2150 5118 2226 5171 rei
2263 5133 2539 5172 numerum
2583 5129 2805 5189 spectat.
2861 5120 2973 5174 Jatn
3006 5136 3132 5175 vero
3167 5136 3232 5176 ex
3260 5138 3365 5191 quo
3402 5125 3556 5193 plura
3602 5142 3724 5193 pro—

2147 5217 2405 5277 pagantttr
2447 5210 2617 5275 bona,
2660 5212 2776 5278 quis
2806 5227 2909 5265 non
2953 5214 3153 5282 judicet
3213 5231 3331 5270 esse
3373 5218 3595 5272 meliora
3638 5221 3722 5273 bis

2147 5315 2370 5367 quorum
2399 5310 2479 5355 cst
2510 5302 2660 5369 in0ps
2700 5305 2956 5357 boaorum
2998 5309 3425 5377 contractiorque
3475 5312 3717 5366 fecundi-

2142 5393 2265 5447 tas?
2302 5394 2429 5460 Quis
2458 5397 2613 5448 etiam
2648 5396 2843 5450 bonum
2874 5399 3010 5464 quod
3044 5400 3216 5467 plures
3247 5403 3522 5457 imitentur
3550 5418 3607 5459 ut
3635 5406 3717 5457 la-

2139 5487 2300 5549 eiant,
2333 5490 2540 5542 eteteris
2577 5505 2694 5557 qua:
2726 5492 2793 5543 ila
2826 5506 2929 5545 non
2970 5495 3095 5558 sint,
3138 5496 3401 5551 excellere
3439 5513 3545 5553 non
3575 5501 3719 5554 mbi-

2141 5568 2325 5646 trelur,
2354 5597 2467 5650 qua:
2496 5583 2545 5635 iu
2579 5599 2803 5639 numero
2829 5596 3076 5640 constare
3104 5590 3223 5656 quis
3251 5591 3476 5657 nesciat,
3502 5592 3719 5661 quando

2141 5675 2189 5727 in
2223 5692 2445 5730 numero
2493 5678 2769 5747 pluralitas
2819 5691 3025 5735 constat
3052 5684 3075 5735 ?
3106 5684 3291 5751 Specie
3323 5702 3451 5746 vero
3497 5707 3720 5761 compa-
