4014 6336
198 319 330 373 1161

1051 314 1113 368 IN
1154 311 1392 368 TOPICA
1433 305 1796 364 CICERONIS
1834 303 2348 390 ΟΟΜΜιιΝΤΑἱζΙᾼ.
2392 303 2498 359 LIB
2538 297 2627 357 Vl.

3318 296 3453 350 “6'2

198 441 405 495 rantur,
457 442 575 497 qua:
624 442 718 498 per
761 428 935 496 seipsa
983 426 1318 481 considerata
1368 438 1478 477 sua:
1516 420 1775 489 quodam-
1799 420 1849 479 Α
1879 418 2057 471 nullus
2094 417 2295 470 dubitat
2336 432 2454 471 esse
2493 415 2735 470 meliora.
2772 411 3075 466 Voluntaria
3118 426 3326 479 quoque
3366 427 3461 467 ne-

199 522 357 574 modo
406 517 818 587 pulchritudinis
871 515 1063 569 merito
1118 512 1326 568 caneris
1383 509 1772 564 anteferuntur.

199 611 414 665 Meliora
454 607 595 661 enim
636 616 759 658 sunt
789 621 908 674 qua:
948 613 1163 673 pr0pter
1199 617 1279 666 se,
1316 615 1473 669 quam
1507 612 1626 667 qua:
1657 610 1778 664 pro-

199 716 316 773 pter
360 700 502 755 aliud
549 707 889 765 expetuntur,
933 696 1099 750 veluti
1144 696 1289 749 salus
1328 709 1445 762 qua:
1477 699 1692 760 propter
1720 702 1779 741 se

200 794 492 862 expetitur,
514 790 773 845 medicina
800 798 1015 858 propter
1037 788 1293 850 salutem;
1315 786 1564 855 quocirca
1593 782 1781 835 melior

200 895 283 940 est
309 884 455 937 salus
484 897 642 951 quam
670 881 933 935 medicina
957 888 1147 950 :atque
1178 879 1290 932 hzec
1320 890 1425 930 non
1454 874 1520 927 ad
1550 872 1782 940 aliquem

202 988 507 1043 numerum,
555 986 655 1026 nec
703 980 973 1040 postremo
1020 970 1086 1024 ad
1134 969 1363 1038 aliquam
1412 965 1782 1036 quantitatem,

202 1065 297 1120 sed
337 1064 402 1117 ad
446 1063 615 1131 ipsam
646 1062 890 1131 ‘speciem
923 1061 1110 1114 salutis
1140 1057 1509 1131 acOmedicinte
1537 1053 1785 1107 conside-

205 1154 467 1208 rationem
491 1150 806 1214 referentes,
821 1148 1081 1219 judicium
1113 1146 1425 1215 promimus.
1454 1143 1547 1197 llla
1574 1153 1788 1211 quoque

207 1257 325 1313 qua:
356 1242 534 1294 innata
562 1248 723 1309 atque
747 1240 901 1294 insita
923 1247 1066 1311 sunt.
1092 1238 1381 1307 assumptis
1406 1243 1461 1291 et
1483 1231 1789 1288 adventitiis

208 1332 433 1387 meliora
468 1329 805 1399 judicantur,
852 1329 995 1384 unde
1041 1328 1218 1382 innata
1273 1326 1514 1381 moribus
1558 1323 1790 1394 gravitas

210 1425 369 1494 longe
418 1422 646 1492 amplius
691 1420 906 1475 excellit
958 1433 1076 1472 eam
1124 1432 1242 1486 quae
1296 1431 1390 1485 per
1439 1412 1789 1469 imitationem

210 1517 511 1571 affectator.
565 1513 771 1580 Integra
816 1511 975 1564 etiam
1019 1508 1194 1577 potius
1232 1521 1390 1576 quam
1431 1501 1791 1571 contaminata

211 1609 448 1666 melioris
476 1607 550 1662 rei
579 1606 834 1675 judicium
866 1602 1063 1658 ferunt.
1106 1601 1236 1655 Nam
1264 1614 1383 1667 qua:
1412 1597 1617 1665 integra
1648 1601 1792 1657 sunt,

211 1714 362 1754 suam
389 1697 624 1766 speciem
651 1702 887 1760 servant,
918 1707 1037 1762 qua:
1065 1688 1425 1744 contaminata
1465 1695 1590 1740 sunt
1634 1693 1796 1752 atque

1880 509 2131 564 cesariis
2154 508 2274 576 jure
2313 516 2729 574 anteponuntur,
2780 519 3009 573 namque
3052 504 3348 557 voluntaria
3393 504 3459 556 li-

1882 599 2008 652 bera
2043 606 2195 663 sunt,
2225 613 2345 666 quae
2374 599 2672 652 necessaria
2701 590 2927 665 quodam
2959 609 3055 647 nos
3094 593 3256 648 veluti
3286 593 3462 647 domi-

1882 689 1974 743 nio
2003 689 2337 743 necessitatis
2364 690 2687 756 astringunt,
2727 698 2885 755 atque
2927 686 3046 740 ideo
3088 684 3303 739 meliora
3343 699 3464 738 esse

1884 779 2180 833 voluntaria
2233 778 2548 832 necessariis
2600 778 3007 840 existimamus;
3064 784 3364 845 quanquam
3411 776 3465 829 in
3516 813 3525 820 .

1888 872 1990 923 hoc
2015 868 2175 922 etiam
2208 867 2336 921 illud
2368 867 2592 936 intelligi
2624 868 2814 936 possit,
2859 866 2998 933 quod
3043 882 3072 919 a
3119 868 3273 933 nobis
3306 882 3468 935 supe-

1886 962 2000 1018 rius
2037 961 2235 1016 dictum
2283 969 2384 1022 est,
2441 974 2545 1013 non
2600 962 2901 1014 necessaria
2952 973 3097 1026 saepe
3151 960 3468 1013 necessariis

1887 1054 2163 1122 anteponi,
2191 1051 2621 1121 quandoquidem
2649 1065 2711 1105 ea
2738 1066 2857 1119 qua:
2881 1050 3177 1105 voluntaria
3204 1057 3331 1103 sunt
3360 1064 3466 1103 non

1890 1144 2090 1199 fuerint
2141 1141 2476 1205 necessaria;
2537 1141 2841 1209 voluntaria
2890 1156 3019 1195 vero
3072 1142 3294 1196 meliora
3346 1151 3470 1193 sunt

1890 1234 2227 1289 necessariis.
2277 1232 2392 1287 Non
2434 1232 2735 1286 necessaria
2778 1231 2940 1300 igitur
2965 1247 3111 1301 szepe
3147 1232 3470 1286 necessariis

1892 1325 2194 1389 excellunt;
2235 1324 2468 1378 animata
2491 1337 2700 1393 quoque
2724 1323 3050 1387 inanimatis,
3083 1324 3249 1392 ipsius
3278 1325 3471 1377 animm

1894 1416 2177 1484 negatione
2214 1413 2573 1477 considerata,
2608 1412 2976 1481 anteponenda
3020 1427 3138 1467 esse
3182 1400 3319 1467 ratio
3357 1429 3474 1481 per-

1894 1507 2103 1562 suadet.
2152 1506 2420 1562 Naturalia
2465 1507 2626 1562 etiam
2666 1521 2770 1559 non
2811 1506 3160 1569 naturalibus,
3207 1516 3262 1561 et
3307 1509 3477 1560 anili-

1895 1599 2040 1654 ciosa
2088 1599 2466 1653 inartificiosis.
2523 1598 2876 1667 Optimusque
2915 1596 3000 1651 hic
3041 1598 3236 1666 gradus
3274 1611 3375 1662 οδε,
3419 1608 3475 1651 ut

1898 1699 2143 1743 naturam
2192 1690 2314 1753 arti,
2365 1699 2533 1744 artem
2582 1689 2834 1756 prteferas
2884 1689 3114 1754 inertia},
3145 1704 3232 1744 ars
3279 1690 3475 1758 quippe

212 1806 278 1845 ex
318 1787 493 1855 aliqua
540 1792 691 1854 parte
719 1781 932 1848 vitiata,
965 1781 1011 1836 si
1041 1795 1144 1851 qua
1185 1780 1348 1834 etiam
1380 1776 1576 1841 inerat,
1599 1773 1793 1843 speciei

1905 1772 2157 1837 imitatur‘
2179 1791 2446 1836 naturam.
2487 1781 2605 1848 Quo
2644 1782 2699 1835 ﬁt
2741 1791 2800 1835 ut
2837 1781 2887 1835 id
2916 1780 3058 1850 quod
3099 1787 3148 1834 in
3191 1796 3248 1835 se
3289 1784 3476 1836 retinet

214 1874 664 1950 pulchritudinem
696 1872 1066 1943 perdiderunt.
1116 1868 1354 1925 iocunda
1395 1867 1570 1922 minus
1601 1867 1796 1936 jucun-

216 1969 298 2023 dis
347 1967 591 2029 meliora,
622 1966 925 2019 communis
976 1963 1214 2017 omnium
1253 1960 1567 2015 animalium
1611 1970 1797 2013 natura

216 2059 494 2126 diiudicat.
552 2058 785 2110 Honesta
850 2054 1069 2109 utilibus
1112 2054 1382 2122 sapientes
1428 2058 1797 2119 anteponunt;

215 2148 472 2219 proclivia
510 2146 787 2201 laboriosis
826 2145 1079 2200 anteferri
1116 2144 1207 2198 illa
1233 2158 1320 2198 res
1344 2152 1628 2208 monstrat,
1656 2142 1798 2211 Quod

216 2253 377 2295 nemo
407 2238 473 2291 ad
503 2237 749 2292 eumdem
782 2235 941 2290 fmem
974 2250 1070 2304 per
1101 2234 1420 2288 laboriosam
1453 2244 1613 2302 atque
1640 2246 1799 2301 aspe-

218 2346 334 2384 ram
366 2331 503 2383 viam
563 2327 782 2382 tendere
828 2328 1025 2395 cupiat,
1060 2326 1122 2378 ad
1168 2340 1325 2394 quem
1370 2324 1536 2393 possit
1577 2323 1799 2391 proclivi

217 2420 471 2489 facilique
501 2419 694 2473 itinere
732 2418 1031 2487 pervenire.
1064 2416 1239 2469 Labor
1267 2415 1462 2484 quippe
1503 2412 1676 2467 omnis
1721 2414 1802 2466 in-

217 2508 486 2579 jocundus
515 2519 616 2573 est,
646 2507 879 2575 jucunda
906 2516 989 2562 est
1020 2506 1264 2560 facilitas.
1301 2506 1610 2559 Necessaria
1636 2504 1799 2558 etiam

216 2613 327 2653 non
363 2596 679 2653 necessariis
721 2596 914 2665 partim
949 2595 1208 2662 praeferri,
1243 2596 1436 2662 partim
1467 2594 1627 2647 etiam
1658 2601 1802 2661 post-

217 2690 347 2758 poni
400 2688 627 2754 debent,
670 2687 809 2755 quod
871 2683 939 2737 II.
989 2684 1197 2738 Tullius
1247 2684 1453 2737 tacuit:
1498 2683 1801 2737 necessaria

220 2781 417 2849 quippe
458 2778 814 2849 prazferuntur
862 2777 945 2829 his
990 2791 1096 2829 non
1142 2774 1483 2839 necessariis,
1532 2789 1648 2843 qua:
1694 2787 1800 2827 non

216 2870 346 2928 boni
377 2871 617 2939 ratione,
636 2868 732 2923 sed
762 2867 1049 2937 voluptatis
1081 2866 1408 2935 appetitione
1444 2875 1579 2919 sunt.
1602 2864 1803 2919 consti-

220 2971 356 3028 tuta,
408 2961 573 3015 veluti
623 2961 749 3014 luxu
790 2960 940 3029 regio
985 2970 1168 3028 parata
1214 2957 1457 3013 convivia
1502 2957 1676 3012 nullus
1719 2972 1805 3011 sa-

218 3053 378 3123 piens
403 3052 606 3121 judicet
629 3066 749 3105 esse
789 3051 1012 3105 meliora
1054 3049 1138 3103 his
1167 3064 1284 3119 qua:
1325 3062 1527 3103 natura:
1556 3050 1803 3118 expleant

1900 1873 2145 1943 pulchri,
2187 1889 2252 1928 ex
2304 1884 2488 1927 natura
2536 1874 2747 1938 veniat,
2795 1874 2946 1942 cujus
2997 1872 3192 1926 imitari
3244 1873 3478 1940 speciem

1901 1966 2067 2032 cupit.
2108 1965 2289 2035 Longe
2314 1981 2441 2021 vero
2473 1974 2740 2034 postrema
2772 1975 2895 2018 sunt
2931 1979 3049 2033 qua:
3092 1979 3211 2024 cum
3254 1962 3478 2017 artificio

1902 2067 2109 2121 carent,
2154 2073 2258 2112 non
2308 2072 2338 2111 a
2381 2062 2560 2126 specie
2607 2057 2779 2111 solum
2830 2066 3054 2118 natura).
3100 2070 3285 2111 verum
3318 2056 3478 2109 etiam

1903 2149 1971 2203 ab
2002 2149 2294 2203 imitatione
2322 2148 2622 2213 discedunt,
2680 2157 2840 2216 atque
2864 2138 2987 2201 ha'c
3014 2146 3225 2215 quidem
3257 2147 3323 2200 de
3361 2162 3481 2215 spe.

1904 2238 1988 2292 cie
2027 2240 2081 2292 in
2108 2238 2598 2306 comparationibus
2628 2237 3060 2291 considerantur.
3094 2230 3188 2290 Vis
3218 2245 3393 2290 autem
3428 2237 3480 2289 in

1903 2341 1971 2380 eo
2017 2327 2262 2380 consistit
2307 2328 2359 2379 in
2405 2341 2511 2396 quo
2556 2328 2928 2381 consideratur
2973 2325 3096 2395 quid
3151 2341 3483 2394 unaquatque

1906 2431 1995 2471 res
2042 2417 2211 2485 possit
2255 2416 2489 2480 effiCere,
2535 2431 2655 2469 nam
2703 2417 2842 2485 quod
2885 2431 3109 2484 qua-que
3153 2430 3238 2468 res
3288 2424 3482 2482 potest,

1905 2524 1969 2564 ea
2032 2509 2111 2563 vis
2175 2508 2290 2576 ejus
2354 2509 2652 2563 rectissime
2715 2508 2929 2562 dicitur.
3011 2508 3263 2561 Efficiens
3329 2510 3483 2575 igitur

1906 2614 2063 2656 causa
2118 2600 2415 2669 graviorem
2471 2600 2578 2652 vim
2643 2598 2796 2653 habet
2857 2614 3017 2666 quam
3066 2614 3127 2652 ea
3179 2614 3296 2666 qua:
3353 2599 3483 2650 nihil

1905 2689 2110 2745 efficit:
2152 2692 2297 2743 ve'ut
2353 2689 2542 2744 artifex
2609 2691 2797 2743 me'ior
2853 2706 3011 2759 quam
3072 2692 3322 2754 materia,
3393 2692 3479 2742 illa

1908 2780 2105 2848 quippe
2134 2778 2325 2832 stolida
2371 2788 2455 2833 est
2495 2790 2655 2847 atque
2686 2778 2927 2831 immota.
2979 2778 3087 2832 Nec
3125 2780 3325 2847 aliquid
3373 2781 3487 2834 effi-

1908 2872 2079 2938 ciens,
2113 2873 2212 2925 nisi
2256 2870 2479 2924 formam
2523 2873 2590 2924 ab
2630 2869 2853 2933 artifice,
2904 2870 2955 2922 id
3001 2879 3083 2922 cst
3126 2870 3194 2923 ab
3223 2870 3487 2925 efficiente

1909 2976 2095 3026 causa,
2125 2961 2448 3029 susceperit.
2493 2959 2622 3014 Item
2663 2976 2782 3028 quae
2809 2975 2866 3013 Sc
2892 2960 3022 3027 ipsis
3046 2968 3297 3014 contenta
3329 2972 3488 3024 sunt,

1911 3042 2136 3111 meliora
2179 3070 2300 3109 esse
2348 3054 2431 3108 his
2472 3055 2721 3125 videntur
2768 3067 2888 3123 qua:
2929 3063 3090 3122 egent
3128 3053 3292 3107 aliis:
3329 3055 3490 3108 \‘Cfttli

220 3144 595 3209 indigentiam.
653 3142 905 3210 Quzedam
952 3158 1079 3197 vero
1123 3151 1248 3197 sunt
1294 3157 1416 3213 quae
1461 3144 1575 3212 ipsa
1624 3144 1801 3211 specie
1831 3155 1877 3217 ο
1913 3147 2149 3203 omnium
2196 3148 2335 3201 Deus
2380 3146 2613 3215 optimus
2656 3155 2769 3209 est,
2804 3146 2930 3214 quia
2977 3146 3124 3200 nullo
3169 3146 3399 3217 indiget,
3439 3158 3491 3200 et

219 3235 372 3305 Itoni,
400 3250 517 3291 cum
548 3251 652 3291 non
688 3237 994 3292 necessaria
1041 3238 1169 3302 sint,
1203 3238 1428 3292 meliora
1455 3246 1581 3292 sunt
1621 3251 1806 3292 ncces-

223 3329 403 3383 sariis.
450 3328 582 3384 Nam
612 3329 794 3384 vivere
825 3331 1185 3385 necessarium
1228 3338 1332 3397 est,
1364 3344 1417 3386 et
1444 3330 1562 3385 sine
1591 3346 1655 3385 eo
1683 3330 1808 3382 sub-

223 3419 417 3474 sistere
462 3420 661 3481 animal
710 3423 915 3490 nequit.
968 3422 1345 3492 PhiIOSOphari
1388 3438 1520 3477 vero
1571 3438 1678 3476 non
1726 3430 1810 3476 est

224 3510 616 3573 necessarium,
667 3513 860 3566 melius
911 3522 1086 3566 tamen
1145 3513 1409 3582 longeque
1458 3513 1808 3568 excellentius

226 3609 313 3656 est
352 3601 724 3669 philosophum
770 3601 950 3656 vivere
991 3616 1152 3671 quam
1201 3612 1403 3657 tantum
1437 3604 1615 3658 vivere
1643 3620 1656 3656 :
1681 3604 1807 3657 illud

228 3691 369 3745 enim
401 3704 522 3743 raro
550 3691 838 3759 paucisque
866 3691 1028 3746 etiam
1056 3692 1326 3747 utentibus
1354 3694 1560 3748 ratione
1585 3708 1811 3749 conces-

229 3795 379 3843 sum;
400 3779 527 3833 illud
550 3779 840 3848 pecudibus
861 3783 1459 3837 commuuenobiscum.
1480 3783 1580 3839 Sua
1599 3799 1809 3853 queque

229 3872 417 3926 alienis
443 3871 564 3941 jure
592 3871 812 3925 meliora
852 3887 972 3927 esse
998 3872 1272 3938 dicuntur,
1298 3875 1461 3928 veluti
1506 3874 1810 3930 hominibus

230 3963 365 4017 ratio
396 3963 572 4033 potius
614 3977 772 4031 quam
818 3964 1106 4032 voluptatis
1150 3965 1453 4035 appetitio:
1488 3966 1615 4021 illud
1663 3966 1806 4022 enim

230 4053 502 4122 pr0priunt
541 4061 623 4107 est
658 4052 912 4117 hominis,
944 4052 1074 4108 illud
1115 4055 1387 4121 alienum;
1433 4071 1555 4111 rara
1598 4072 1810 4127 quoque

230 4144 540 4214 vulgaribus
565 4145 787 4199 meliora
818 4154 962 4199 sunt.
986 4144 1161 4215 Atque
1186 4146 1272 4201 hic
1301 4148 1446 4202 locus
1468 4149 1732 4217 approbat
1757 4150 1810 4204 id

231 4237 373 4307 quod
396 4237 642 4306 superius
660 4236 859 4292 dictum
882 4248 985 4307 est,
1012 4238 1477 4308 pbilosoiihantem
1505 4242 1666 4295 vitam
1697 4242 1808 4309 ipsa

233 4328 342 4381 vita
371 4342 490 4381 esse
516 4327 792 4382 meliorem
828 4344 842 4381 :
881 4344 1002 4383 nam
1044 4344 1163 4399 quae
1209 4345 1329 4384 rara
1377 4342 1522 4396 sunt,
1556 4330 1712 4386 facile
1756 4333 1808 4387 id

231 4418 373 4486 quod
403 4418 621 4487 vulgare
645 4426 728 4474 est
759 4419 1103 4474 antecedunt.
1135 4420 1513 4476 Desiderabilia
1544 4426 1702 4475 et‘am
1728 4421 1809 4476 bis

230 4509 426 4578 quibus
463 4510 617 4565 facile
660 4525 848 4566 carere
890 4514 1082 4580 possis,
1122 4512 1209 4567 illa
1256 4528 1343 4568 res
1387 4516 1647 4584 approbat
1690 4530 1811 4571 eSSe

230 4603 490 4665 meliora,
549 4602 693 4670 quod
741 4604 974 4658 maxime
1020 4605 1413 4671 desiderantur,
1473 4614 1527 4661 et
1570 4607 1688 4661 sine
1728 4607 1813 4662 his

229 4692 388 4744 anxia
418 4692 524 4745 vita
552 4703 656 4760 est,
688 4693 849 4747 veluti
886 4695 930 4748 si
960 4695 1082 4765 quis
1109 4698 1316 4766 capillis
1345 4698 1516 4752 visum
1547 4699 1807 4754 conferat.

231 4781 453 4850 AEgrius
490 4781 632 4835 enim
680 4783 970 4838 toleramus
1009 4799 1195 4840 carere
1224 4788 1343 4841 visu
1371 4802 1532 4857 quam
1560 4790 1807 4858 capillis;

233 4872 308 4925 ita
334 4887 403 4925 ex
430 4871 531 4925 hoc
560 4872 836 4943 meliorem
881 4889 999 4929 esse
1027 4877 1197 4931 visum
1235 4878 1442 4946 capillis
1465 4880 1768 4949 judicamus
1793 4920 1809 4947 ,

233 4962 374 5031 quod
403 4963 483 5017 his
517 4964 690 5028 facile,
726 4965 816 5018 illo
844 4979 998 5034 aequo
1026 4967 1205 5021 animo
1249 4983 1433 5025 carere
1475 4987 1579 5025 non
1621 4988 1809 5041 possu-

232 5068 374 5108 mus.
417 5054 656 5111 Perfecta
699 5057 859 5111 etiam
909 5058 1233 5127 imperfectis
1279 5064 1593 5118 naturaliter
1632 5066 1812 5121 excel-

235 5148 371 5212 lunt,
414 5146 502 5201 illa
539 5150 679 5203 enim
716 5164 865 5203 suam
903 5149 1126 5205 formam
1174 5153 1362 5223 adepta
1406 5164 1550 5220 sunt,
1582 5155 1670 5209 illa
1715 5158 1814 5211 mi-

234 5240 401 5295 nime.
451 5240 583 5295 Tota
630 5241 790 5296 etiam
834 5243 1073 5312 partibus
1107 5246 1295 5301 eodem
1340 5250 1501 5304 modo
1544 5253 1814 5307 excellen-

236 5331 372 5385 tiora
401 5344 522 5385 esse
558 5331 877 5387 arbitrantur
906 5351 920 5388 :
952 5351 1073 5390 nam
1115 5338 1255 5407 quod
1299 5348 1469 5394 totum
1498 5351 1601 5408 est,
1651 5343 1813 5400 habet

160 5442 167 5449 ·
237 5430 441 5475 naturae
466 5421 733 5491 propriam
779 5422 1025 5480 formam.
1056 5426 1208 5493 Quod
1249 5444 1376 5484 vero
1404 5444 1526 5500 pars
1554 5442 1631 5487 est
1664 5447 1716 5489 et
1744 5436 1809 5488 ad

239 5510 400 5564 totius
432 5511 617 5566 nititur
651 5513 1054 5581 perfectionem,
1085 5518 1319 5573 nondum
1367 5537 1478 5576 sua:
1519 5524 1813 5592 pulchritu-

238 5598 377 5654 dinis
416 5602 650 5670 speciem
686 5603 851 5671 cepit,
899 5605 997 5659 nisi
1030 5607 1096 5661 ad
1130 5607 1290 5664 totius
1338 5611 1697 5682 integritatem
1729 5632 1813 5671 re-

242 5691 459 5747 feratur.
486 5692 602 5748 Jam
631 5707 760 5748 vero
790 5697 998 5751 ratione
1028 5699 1227 5756 utentia
1260 5703 1481 5760 rationis
1505 5706 1811 5775 expertibus

520 5814 791 5872 Ριιτιιοι..
840 5812 943 5871 IX
961 5813 1057 5873 fi".

1910 3238 2029 3306 ipso
2057 3247 2249 3293 cuncta
2286 3250 2413 3291 sunt
2458 3236 2656 3303 indiga.
2702 3236 2830 3289 Item
2880 3252 3001 3305 qua:
3043 3238 3094 3288 in
3142 3247 3321 3290 nostra
3367 3250 3493 3290 sunt

1910 3336 2170 3397 potestate
2199 3328 2368 3396 magis
2408 3326 2650 3395 eligenda
2698 3334 2825 3379 sunt
2864 3343 3022 3395 quam
3055 3343 3172 3396 quae
3220 3330 3271 3381 in
3316 3330 3492 3384 aliena

1909 3436 2069 3474 manu
2094 3419 2264 3489 posita
2293 3419 2446 3472 facile
2476 3420 2746 3472 labuntur.
2772 3419 2889 3483 Quo
2921 3419 2979 3483 fit
3006 3430 3063 3472 ut
3093 3422 3161 3473 sit
3184 3423 3355 3475 virtus
3380 3438 3493 3476 me-

1909 3512 2013 3566 lior
2039 3525 2197 3579 quam
2225 3510 2453 3574 divitiae;
2480 3525 2599 3562 nam
2628 3512 2798 3564 virtus
2820 3519 2899 3564 est
2923 3510 2975 3563 in
3000 3520 3177 3565 nostra
3208 3520 3488 3579 potestate,

1911 3602 2219 3655 divitiarum
2269 3599 2483 3654 fortuna
2528 3600 2743 3653 domina
2791 3610 2894 3653 est.
2936 3600 3051 3653 Jam
3102 3615 3229 3667 γει-9
3277 3602 3488 3656 stabilia

1913 3694 2155 3759 incertis,
2186 3708 2303 3762 qua:
2330 3692 2464 3762 eripi
2501 3708 2604 3746 non
2638 3700 2882 3761 possunt,
2911 3693 2993 3745 his
3020 3708 3139 3761 quae
3169 3702 3410 3762 possunt,
3447 3697 3493 3748 si

1914 3797 2091 3841 tamen
2123 3786 2261 3839 bona
2301 3794 2445 3852 sunt,
2474 3786 2595 3853 quis
2635 3802 2739 3839 non
2781 3786 3043 3858 intelligit
3082 3803 3204 3843 esse
3236 3789 3494 3843 meliora?

1913 3876 2151 3945 Quorum
2216 3887 2396 3930 tamen
2462 3876 2701 3930 locorum
2762 3890 2885 3945 pars
2954 3879 3218 3932 contraria
3276 3890 3497 3934 contra.

1916 3971 2055 4025 rium
2090 3979 2235 4024 tenet
2262 3986 2274 4021 :
2307 3967 2562 4037 inspectis
2599 3969 2796 4038 quippe
2828 3968 2911 4023 his
2944 3985 3061 4038 quae
3093 3971 3308 4023 meliora
3337 3982 3496 4036 sunt,

1914 4064 1957 4117 si
1981 4062 2171 4116 horum
2200 4061 2425 4115 adversa
2468 4059 2777 4124 videamus,
2821 4060 3090 4113 deteriora
3134 4070 3277 4113 sunt.
3313 4062 3498 4116 Restat

1914 4157 1966 4209 in
1992 4154 2273 4209 affemione
2300 4153 2469 4222 posita
2495 4154 2826 4220 comparatio
2858 4169 2976 4220 qua:
3004 4153 3075 4206 ita
3113 4161 3393 4217 tractatur,
3438 4165 3497 4208 ut

1915 4262 2021 4301 non
2051 4261 2147 4315 per
2176 4245 2520 4311 semetipsam
2554 4259 2643 4298 res
2667 4260 2787 4313 quae
2817 4244 2907 4297 alii
2950 4246 3245 4310 confertur,
3287 4248 3380 4301 sed
3423 4263 3496 4303 ex

1914 4338 2134 4393 alterius
2165 4337 2446 4405 cujuslibet
2492 4336 2923 4391 consideratione
2962 4346 3231 4405 peusetor,
3267 4340 3410 4394 velut
3441 4342 3493 4394 io

1919 4433 2086 4485 tribus
2122 4429 2437 4498 quibusdam
2465 4431 2625 4482 rebus
2666 4429 2709 4482 si
2741 4428 2857 4482 dure
2898 4428 2963 4481 ad
3006 4444 3065 4483 se
3095 4431 3321 4485 invicem
3350 4448 3497 4484 com-

1838 4513 1893 4571 D
1920 4534 2194 4591 parentur,
2225 4537 2292 4575 ei
2320 4521 2461 4589 quod
2492 4521 2556 4573 ad
2590 4522 2803 4575 tertiam
2844 4521 2961 4589 plus
3002 4523 3244 4577 minusve
3270 4526 3497 4592 jnngan-

1919 4623 2024 4668 tur.
2067 4613 2189 4668 Sint
2242 4612 2385 4666 enim
2438 4612 2545 4665 duo
2600 4611 2842 4679 qumdam
2898 4611 3143 4665 Immanis
3197 4615 3356 4687 rebus
3406 4630 3498 4670 ac~

1917 4705 2286 4767 commodata,
2338 4717 2561 4770 quarum
2610 4717 2711 4754 una
2762 4702 3091 4772 principibus
3130 4714 3291 4774 atque
3336 4709 3495 4761 etiam

1916 4798 2016 4866 ipsi
2067 4796 2371 4863 reipublicae
2435 4796 2932 4851 accommodatior:
2970 4797 3056 4852 hic
3097 4799 3255 4868 igitur
3291 4801 3499 4868 judica-

1917 4888 2091 4941 bimus
2115 4900 2231 4939 eam
2264 4899 2374 4937 rem
2405 4898 2525 4937 esse
2554 4884 2826 4938 meliorem
2864 4902 2982 4952 qua:
3025 4888 3335 4941 melioribus
3374 4906 3497 4958 pro-

1920 4981 2067 5041 dest,
2101 4977 2152 5030 id
2182 4988 2262 5031 est
2293 4984 2351 5028 ut
2381 4974 2687 5043 reipublicae
2730 4976 2813 5029 vel
2857 4976 3184 5045 principibus
3215 4993 3318 5031 non
3362 4995 3495 5033 con-

1920 5071 2221 5125 siderantes
2249 5076 2304 5120 ut
2346 5080 2465 5120 sese
2504 5079 2588 5129 res
2630 5066 2853 5135 habeat,
2897 5068 2991 5121 sed
3018 5077 3275 5136 quantum
3321 5072 3502 5137 reipu»

1920 5164 2072 5218 blicze
2120 5161 2202 5213 vel
2241 5158 2569 5227 principibus
2608 5158 2854 5226 adjuncta
2899 5160 2987 5213 sit.
3036 5161 3158 5213 llaec
3206 5161 3367 5228 igitur
3414 5180 3501 5217 res

1921 5270 1984 5309 ex
2017 5251 2295 5306 affectione
2322 5259 2405 5303 est
2428 5258 2755 5316 comparata,
2801 5250 3094 5318 meliusque
3128 5248 3401 5318 judicotur
3447 5257 3494 5306 id

1922 5343 2060 5413 quod
2113 5339 2441 5409 principibus
2488 5341 2826 5392 commodum
2873 5347 2991 5401 est,
3039 5354 3197 5408 quam
3250 5341 3302 5395 id
3353 5344 3496 5411 quod

1917 5437 2180 5506 aliquibus
2238 5433 2486 5501 privatis,
2537 5432 2787 5501 quoniam
2839 5428 3109 5499 principes
3167 5433 3492 5502 reliquorum

1918 5529 2079 5585 etiam
2117 5526 2394 5580 continent
2420 5534 2641 5578 statum.
2686 5523 2884 5576 Eodem
2917 5523 3073 5575 modo
3120 5535 3241 5578 sunt
3272 5542 3389 5595 quae
3414 5543 3497 5580 so-

1918 5631 2171 5690 quuntur,
2198 5627 2253 5670 ut
2283 5632 2400 5687 qua:
2423 5615 2737 5685 jucundiora
2784 5623 2908 5667 sunt
2940 5615 3056 5683 plur
3082 5618 3197 5678 bus,
3233 5634 3350 5687 quze
3388 5622 3499 5673 cla-

1921 5711 2062 5766 riora
2108 5711 2245 5764 inter
2276 5709 2492 5771 multis,
2535 5722 2655 5775 qlia:
2688 5706 2930 5775 pluribus
2963 5709 3305 5774 eomprohata
3342 5722 3495 5778 sunt,

3067 5823 3140 5883 37
