4036 6336
582 318 716 375 H63

1774 312 1881 366 ΑΝ.
1925 312 2129 367 MANL.
2171 312 2321 367 SEV.
2354 313 2576 368 BUETII

3682 315 3809 369 HM

577 436 796 489 meliora
840 429 1113 484 ducantur.
1157 427 1284 480 Nam
1337 427 1546 481 etiamsi
1594 440 1775 479 minus
1811 428 1921 494 ipsa
1976 427 2135 493 hujus
2167 434 2217 488 Α
2245 429 2437 483 sitione
2465 444 2581 497 quae
2620 426 2867 482 dicebat:
2898 427 2954 483 Si
2984 426 3209 481 consilio
3236 435 3290 481 et
3330 426 3529 480 auxilio
3558 428 3706 482 cives
3725 427 3810 496 ju-

577 535 779 579 natura:
808 522 937 597 sint,
967 519 1243 573 affectione
1271 527 1443 571 tamen
1462 559 1475 581 ,
1501 523 1556 570 u’t
1583 516 1783 571 diutum
1814 526 1923 581 est,
1953 532 2136 569 eorum

576 637 643 685 qu
670 620 764 671 bus
786 616 865 669 vel
890 614 1207 684 iucundiora
1228 653 1242 675 ,
1278 614 1354 666 vel
1385 613 1523 666 inter
1547 626 1680 680 quos
1719 612 1941 666 clariora
1982 622 2137 677 sunt,

576 718 662 759 aut
703 722 731 759 a
759 704 946 772 quibus
989 703 1306 770 probantur,
1341 701 1566 753 meliora
1599 699 1951 754 existimanda
1994 709 2136 751 sunt.

575 798 679 853 Sed
723 809 1022 865 quanquam
1054 792 1102 844 id
1143 789 1283 859 quod
1315 803 1343 841 a
1390 789 1628 855 pluribus
1666 789 1863 841 bonum
1905 787 2137 849 ducitur,

574 889 819 957 superius
858 889 913 940 in
945 902 1004 940 ca
1047 884 1455 952 comparationis
1494 892 1644 951 parte
1685 882 1920 950 posuerit
1952 882 2002 934 in
2033 896 2136 949 qua

573 981 732 1037 flebat
769 977 1057 1033 secundum
1100 990 1377 1030 numerum
1418 975 1769 1042 comparatio,
1799 972 1929 1025 nihil
1962 984 2136 1025 tamen

576 1073 794 1143 impedit
816 1071 1059 1125 eumdem
1087 1069 1258 1122 locum
1293 1066 1583 1121 secundum
1617 1066 1771 1118 aliam
1798 1075 1953 1133 atque
1979 1065 2136 1118 aliam

573 1164 1049 1222 considerationem
1080 1157 1308 1213 diversis
1342 1156 1628 1226 generibus
1668 1155 1820 1208 subdi
1850 1173 1860 1205 :
1892 1156 2033 1208 velut
2057 1154 2134 1206 ala

572 1258 683 1312 avis
728 1271 847 1311 cum
891 1250 1178 1308 subsmntia
1223 1250 1324 1311 sit,
1367 1247 1550 1301 eadem
1607 1255 1780 1299 tamen
1830 1244 1894 1297 ad
1940 1244 2135 1313 aliquid

573 1363 692 1403 esse
720 1345 1051 1412 intelligitur,
1080 1341 1121 1393 si
1150 1338 1214 1391 ad
1243 1339 1439 1391 alatum
1466 1335 1852 1389 consideretur.
1890 1334 1980 1387 llla
2009 1349 2137 1402 quo-

524 1451 532 1458 '
573 1456 673 1509 que
713 1454 777 1493 ex
827 1433 1106 1487 affectione
1137 1429 1383 1482 videntur
1412 1442 1470 1481 es
1499 1441 1529 1480 e
1562 1426 1780 1478 meliora
1824 1439 1939 1492 qua:
1976 1424 2043 1476 ab
2072 1438 2137 1476 co

572 1530 783 1585 laudata
823 1533 979 1588 sunt,
1022 1529 1206 1575 contra
1254 1533 1409 1587 quem
1453 1516 1729 1571 dialecﬁca
1766 1516 2005 1568 oratione
2054 1514 2135 1567 vel

573 1620 836 1676 rhetorica
879 1606 1127 1669 facultate
1158 1611 1469 1687 disseritur,
1490 1609 1618 1661 Nam
1647 1618 1702 1660 ιιι
1746 1606 2020 1661 revincere
2044 1605 2138 1657 ad-

573 1710 865 1765 versarium
905 1703 1105 1773 possis,
1148 1710 1228 1752 sat
1271 1710 1353 1752 est
1402 1700 1445 1750 si
1490 1712 1610 1751 eum
1663 1696 1757 1750 tibi
1800 1695 2136 1749 consensisse

2246 532 2369 571 vare
2393 532 2542 585 aequa
2587 518 2640 570 in
2674 517 2827 571 laude
2857 527 3164 585 poneretur,
3200 517 3311 585 pari
3351 516 3516 584 gloria
3542 531 3661 571 esse
3693 532 3810 571 ora-

2244 617 2388 663 tores
2413 610 2652 683 jurisque
2672 609 2963 663 consultos.
2987 610 3136 675 Quod
3162 613 3399 677 sequitur
3420 610 3600 677 igitur,
3628 610 3678 663 id
3707 622 3807 677 est,

2244 701 2358 768 pari
2387 701 2553 769 gloria
2594 701 2791 754 debent
2821 715 2941 753 esse
2964 700 3052 768 qui
3080 700 3365 761 consulunt
3392 715 3455 753 ac
3483 700 3807 766 defendunt;

2242 790 2293 843 id
2323 792 2462 843 enim
2487 799 2600 844 erat
2625 805 2958 859 consequens
2988 793 3039 843 in
3072 805 3133 845 ea
3166 793 3531 859 propositione
3557 808 3680 860 quae
3710 803 3807 847 sta—

2242 882 2458 937 tuebat:
2487 883 2540 937 Si
2568 883 2790 937 consilio
2813 892 2867 937 et
2893 882 3090 938 auxilio
3115 886 3258 937 cives
3288 886 3476 951 juvare
3505 901 3605 953 par
3631 901 3768 941 esset
3786 927 3802 955 ,

2241 988 2394 1041 pares
2424 989 2543 1027 esse
2569 976 2659 1044 qui
2686 976 2969 1028 consulunt
2996 989 3058 1027 ac
3084 974 3398 1030 defendunt.

2313 1065 2545 1132 Perfecta
2587 1074 2657 1118 est
2709 1067 2871 1118 omnis
2921 1076 3332 1135 argumentorum
3383 1068 3805 1123 inveniendorum

2236 1158 2525 1225 praeceptio,
2555 1166 2607 1209 ut
2647 1173 2762 1209 cum
2791 1162 3048 1225 profectus
3076 1158 3145 1209 sis
3172 1174 3203 1210 a
3231 1158 3551 1224 deﬁnitione,
3581 1177 3615 1213 a
3642 1164 3803 1231 parti-

2235 1250 2391 1310 tione,
2417 1266 2447 1301 a
2470 1251 2745 1312 notatione,
2786 1265 2819 1301 a
2847 1251 3155 1319 conjugatis,
3184 1267 3217 1304 α
3252 1266 3450 1319 genere,
3486 1268 3517 1305 a
3552 1252 3753 1319 forma,
3777 1269 3804 1304 a

2234 1341 2588 1406 similitudine,
2627 1357 2659 1392 a
2699 1339 3018 1405 tit/ferentia,
3048 1357 3079 1392 a
3108 1342 3397 1402 contrariis,
3427 1341 3490 1394 ab
3522 1344 3801 1412 adjunctis,

2235 1446 2268 1483 a
2295 1431 2735 1499 consequentibus,
2763 1431 2826 1483 ab
2863 1432 3286 1499 antecedentibus,
3318 1449 3351 1485 a
3380 1434 3800 1504 repugnantibus,

2235 1538 2267 1572 a
2298 1522 2491 1587 causis,
2518 1521 2578 1573 ab
2601 1522 2816 1588 a/fectis,
2854 1540 2885 1575 a
2916 1528 3291 1591 comparatione
3320 1528 3606 1591 maiorum,
3640 1530 3801 1580 mino-

2234 1628 2377 1677 rum,
2414 1614 2646 1681 parium,
2688 1614 2837 1666 nulla
2880 1626 3121 1683 prwterea
3150 1616 3297 1670 sedes
3338 1618 3629 1685 argumenti
3667 1634 3802 1687 qua.»

2235 1703 2393 1757 renda
2411 1704 2497 1757 sit.

574 1795 987 1858 Inonstraveris,
1040 1802 1199 1856 atquc
1248 1789 1298 1843 id
1348 1786 1628 1857 aliquando
1679 1787 1822 1840 velut
1875 1784 2133 1853 optimum
2169 1788 2213 1847 Β
2309 1794 2544 1848 Tametsi
2570 1809 2637 1847 οι
2670 1793 2752 1849 his
2780 1808 2898 1863 qua;
2925 1793 3064 1849 dicta
3088 1804 3211 1849 sum
3238 1795 3566 1866 ίηιειιίεεωι-
3598 1797 3799 1852 "unum

572 1882 909 1961 praediCasse,
951 1885 1089 1952 quod
1123 1893 1176 1936 ιιι
1221 1883 1409 1935 melius
1439 1895 1495 1933 re
1530 1878 1799 1945 pro,»osita
1841 1889 2140 1930 monstrare

574 1980 883 2037 contendas.
916 1974 1076 2028 Dictis
1114 1972 1269 2041 igitur
1295 1970 1541 2022 omnibus
1569 1968 1846 2021 meliorum
1877 1966 2028 2030 locis,
2059 1964 2139 2019 his

574 2070 800 2141 oppositi
842 2083 959 2136 qua:
1005 2064 1267 2118 deteriora
1321 2071 1447 2115 sunt
1498 2060 1871 2114 continebunt.
1932 2058 2138 2112 Parium

573 2176 700 2216 vero
744 2159 881 2212 nulla
924 2153 1173 2209 discretio
1214 2161 1315 2205 εει.
1351 2152 1531 2217 Neque
1563 2149 1706 2203 enim
1732 2147 1872 2215 quod
1907 2161 1999 2215 par
2027 2154 2137 2209 est,

574 2260 663 2305 aut
709 2247 1055 2303 intentionem
1101 2256 1348 2301 sumere,
1391 2247 1482 2292 aut
1522 2240 1889 2291 remissionem
1943 2244 2134 2304 potest.

574 2344 773 2411 Quibus
818 2349 992 2392 autem
1040 2335 1211 2389 modis
1266 2334 1402 2385 inter
1450 2345 1506 2383 sc
1564 2330 1767 2397 majora
1827 2329 2140 2395 minoraque

572 2435 892 2503 penduntur,
936 2427 1119 2481 iisdem
1158 2426 1295 2477 inter
1327 2439 1386 2476 se
1427 2421 1573 2491 paria
1617 2420 1977 2474 conferuntur.
2010 2418 2137 2471 Nam

572 2539 687 2592 que
719 2521 798 2574 vel
830 2530 1072 2578 numero,
1098 2514 1197 2567 vel
1233 2512 1433 2580 specie,
1482 2510 1563 2562 vel
1609 2509 1692 2570 vi,
1735 2508 1815 2561 vel
1864 2505 2140 2559 affectione

571 2612 797 2674 fuerint,
828 2622 978 2675 atque
1010 2606 1148 2673 paria
1174 2616 1291 2655 esse
1322 2601 1593 2654 dicuntur.
1632 2598 1924 2652 Commune
1963 2606 2137 2649 autem

571 2713 884 2756 cunctorum
925 2697 1222 2762 exemplum
1264 2702 1371 2755 cst,
1403 2692 1542 2759 quod
1572 2691 1767 2744 Cicero
1804 2688 1856 2741 in
1890 2688 2140 2755 qualitate

571 2790 876 2851 constituit,
920 2801 1039 2855 qua:
1093 2784 1323 2851 qualitas
1372 2782 1423 2832 in
1472 2780 1677 2832 cunctis
1728 2778 1942 2846 paribus
1990 2792 2138 2842 aequa

571 2896 682 2949 cst,
727 2881 819 2937 sed
861 2879 942 2931 vel
990 2890 1233 2937 numero,
1273 2872 1357 2925 vel
1401 2871 1599 2939 specie,
1645 2869 1726 2922 vel
1770 2870 1856 2932 vi,
1902 2866 1983 2920 vel
2014 2867 2140 2920 ειπε-

572 2978 744 3029 ctione
771 2971 916 3040 paria
946 2977 1087 3020 sunt.
1115 2964 1245 3018 Nam
1276 2963 1329 3015 in
1360 2976 1543 3014 eorum
1580 2959 1980 3027 comparatione
2023 2973 2141 3026 qua:

573 3065 770 3131 majora
802 3061 885 3113 vel
917 3060 1121 3110 minora
1150 3060 1308 3117 sunt,
1354 3066 1457 3104 una
1490 3050 1730 3119 quaedam
1771 3051 1997 3116 qualitas
2028 3056 2138 3111 cst,

2238 1885 2536 1953 argumenti
2579 1884 2753 1938 locum
2796 1899 2913 1939 esse
2955 1886 3313 1954 praateritum,
3354 1887 3591 1942 breviter
3633 1897 3804 1943 tamen

2239 1977 2513 2031 Ciceronis
2536 1977 2933 2032 conclusionem
2954 2015 2968 2041 ,
3002 1993 3103 2046 qua
3129 1992 3188 2032 se
3220 1976 3354 2032 nihil
3382 1979 3633 2033 omisisse
3663 1994 3808 2032 com-

2242 2070 2534 2132 memorat,
2564 2067 2630 2120 ad
2659 2068 2974 2135 ampliorem
3012 2068 3270 2122 doctrinae
3310 2068 3470 2122 ﬁdem
3507 2070 3811 2137 approbau-

2240 2160 2363 2213 dam
2393 2175 2535 2225 reor,
2568 2160 2621 2214 in
2654 2160 2738 2213 his
2765 2160 2909 2215 enim
2951 2160 3083 2214 nihil
3126 2161 3345 2216 omnino
3388 2163 3811 2229 praetermittitur

2240 2266 2356 2320 qua:
2380 2259 2527 2304 certa
2558 2250 2763 2304 ratione
2784 2259 3095 2305 traCtantur.
3119 2251 3273 2305 Nulla
3298 2266 3429 2306 vero
3451 2253 3653 2306 certior
3680 2253 3813 2307 ratio

2242 2340 2533 2404 divisione;
2582 2340 2722 2407 quod
2764 2341 2906 2393 enim
2952 2340 3177 2409 quisque
3208 2342 3433 2407 partitur
3457 2356 3486 2394 a
3516 2343 3814 2395 communi-

2241 2426 2340 2490 bus
2376 2434 2426 2487 in
2461 2433 2797 2502 particularta
2829 2432 3121 2497 deducens,
3165 2447 3285 2485 cum
3335 2441 3543 2485 rectum
3587 2431 3693 2486 iter
3738 2434 3815 2487 iu~

2241 2529 2429 2590 sistat,
2472 2525 2577 2578 labi
2609 2525 2849 2592 atquein
2886 2539 3126 2580 errorem
3166 2524 3285 2579 duci
3334 2540 3438 2579 non
3472 2535 3671 2593 potest.
3714 2526 3816 2580 ιο.

2243 2632 2425 2672 corum
2458 2616 2619 2684 igitur
2665 2615 2902 2669 omnium
2950 2617 3118 2684 prima
3165 2615 3353 2669 divisio
3385 2616 3480 2669 fuit
3510 2631 3565 2668 tn
3604 2631 3669 2670 ea
3694 2631 3817 2685 qua:

2244 2707 2295 2761 in
2332 2708 2460 2775 ipsis
2504 2706 2787 2771 haererent,
2829 2714 2882 2759 et
2917 2720 2978 2759 ea
3017 2720 3135 2774 qua:
3175 2714 3580 2760 assumerentur
3607 2709 3819 2761 extrin-

2243 2812 2418 2851 secus.
2444 2795 2608 2863 Cujus
2628 2796 2904 2850 divisionis
2930 2796 3058 2849 nihil
3083 2795 3313 2850 medium
3339 2798 3565 2864 reperiri
3596 2807 3776 2865 potest
3801 2816 3815 2850 :

2243 2897 2333 2941 aut
2359 2888 2498 2942 enim
2538 2886 2591 2940 in
2641 2888 2757 2955 ipso
2793 2895 2877 2941 est
2921 2887 3120 2957 aliquid
3165 2886 3231 2940 de
3268 2902 3375 2954 quo
3404 2889 3689 2955 quaeritur,
3730 2898 3819 2942 aut

2245 2977 2576 3031 extrinsecus
2603 2982 2824 3031 necesSe
2850 2985 2932 3030 est
2959 2984 3281 3030 assumatur.
3321 2975 3611 3031 Videamus
3648 2978 3819 3046 igitur

2246 3082 2384 3120 nunc
2410 3065 2855 3134 quemadmodum
2880 3065 3167 3133 disputatio
3196 3080 3293 3132 per
3322 3066 3451 3119 nihil
3477 3067 3817 3121 omittentem

574 3154 668 3208 sed
698 3156 882 3205 horum
923 3146 1229 3200 accessione
1269 3141 1559 3194 variantur.
1592 3139 1719 3192 Nam
1746 3139 1940 3207 quibus
1969 3138 2140 3191 inea-
2167 3138 2213 3200 C
2244 3159 2557 3213 divisionem
2603 3159 2824 3212 feram“
2873 3157 3070 3212 Eorum
3114 3158 3274 3225 igitur
3317 3157 3587 3220 locorum.
3631 3159 3724 3226 qui
3769 3159 3821 3212 in

574 3246 693 3297 dem
741 3240 994 3309 qualitate
1039 3235 1214 3303 major
1258 3246 1529 3294 numerus,
1582 3229 1851 3299 pulchrior
1897 3229 2134 3296 species,

575 3333 839 3387 efﬁcacior
863 3330 964 3393 vis,
992 3327 1058 3380 ad
1090 3325 1405 3393 pretiosiora
1446 3322 1779 3389 conjunctior
1816 3320 2045 3383 affectio,
2080 3334 2141 3373 ea

574 3422 795 3477 meliora
823 3410 941 3473 εεεε
974 3415 1447 3471 existimabuntur.
1480 3414 1611 3478 Qua:
1640 3413 1682 3465 si
1711 3426 1863 3480 :equa
1906 3410 2138 3477 fuerint,

573 3513 626 3565 in
656 3509 839 3565 eadem
872 3506 1122 3577 qualitate
1155 3505 1301 3573 paria
1325 3511 1473 3557 sunt.
1502 3502 1817 3570 Exemplum
1844 3515 1970 3555 vero
2002 3500 2143 3566 quod

574 3600 874 3671 pr0posuit,
906 3597 970 3650 ad
1005 3593 1387 3649 hlandiendum
1422 3591 1655 3646 Trebatii
1697 3593 1933 3644 animum
1968 3590 2140 3657 valet,

573 3707 693 3746 cum
723 3688 1016 3759 propriam,
1041 3685 1091 3738 id
1115 3693 1198 3763 est
1223 3683 1545 3747 oratoriam,
1581 3680 1884 3736 facultatem
1913 3694 2031 3733 cum
2057 3679 2146 3748 ju-

575 3781 938 3850 risperitorutn
971 3776 1123 3830 laude
1152 3774 1425 3843 coujungit
1464 3773 1567 3828 hoc
1592 3772 1787 3825 modo:
1822 3772 1878 3826 Si
1919 3771 2146 3825 consilio

574 3873 756 3940 iuvare
800 3868 963 3931 cives,
1009 3865 1147 3932 quod
1193 3864 1626 3932 jurisperitorutn
1677 3872 1797 3926 est,
1835 3869 1889 3914 et
1924 3860 2144 3925 auxilio,

575 3961 715 4030 quod
744 3968 1015 4014 oratorum
1056 3965 1167 4021 εει,
1207 3971 1357 4025 aequa
1403 3956 1453 4008 in
1504 3954 1658 4007 laude
1689 3952 1991 4022 ponendum
2029 3961 2143 4015 est,

575 4053 685 4121 pari
721 4051 886 4121 gloria
926 4048 1121 4102 debent
1155 4062 1276 4101 esse
1305 4046 1398 4113 qui
1429 4046 1747 4107 consulunt,
1786 4044 1836 4097 id
1868 4051 1950 4096 cst
1992 4040 2145 4111 periti

576 4146 731 4215 jur's,
772 4154 826 4197 et
871 4142 923 4195 hi
965 4140 1053 4210 qui
1096 4138 1420 4204 defendunt,
1460 4137 1512 4190 id
1556 4146 1639 4191 est
1681 4145 1945 4189 oratores.
1988 4134 2149 4203 Atqui

580 4240 807 4307 primum
831 4246 946 4301 cst,
988 4235 1039 4288 id
1068 4243 1152 4288 est
1179 4232 1403 4287 consilio
1426 4231 1614 4299 juvare
1642 4229 1809 4289 cives,
1844 4236 1897 4280 et
1928 4226 2149 4289 auxilio,

579 4344 730 4400 aequa
758 4330 809 4383 in
840 4329 992 4382 laude
1026 4326 1324 4398 ponendum
1352 4331 1458 4377 est.
1486 4321 1637 4389 Quod
1683 4320 1925 4387 sequitur
1962 4319 2146 4387 igitur,

542 4434 545 4437 '
578 4422 633 4476 id
663 4429 745 4475 est
772 4419 1009 4491 (Supple,
1041 4417 1153 4486 pari
1182 4416 1348 4485 gloria
1371 4415 1567 4467 debent
1588 4427 1705 4466 esse
1730 4410 1819 4480 qui
1842 4409 2145 4473 consulunt,

2244 3250 2371 3317 ipsis
2398 3256 2522 3301 sunt
2557 3247 2625 3301 dc
2656 3248 2852 3316 quibus
2881 3248 3072 3316 agitur,
3116 3261 3260 3301 nunc
3301 3261 3364 3301 ex
3398 3255 3534 3310 toto,
3573 3260 3719 3300 nunc
3756 3259 3823 3298 ex

2245 3339 2504 3406 partibus,
2537 3352 2679 3390 nunc
2718 3352 2785 3390 ex
2813 3337 3094 3399 vocabulo,
3123 3351 3261 3389 nunc
3300 3351 3364 3389 ex
3398 3335 3610 3389 affectis
3650 3336 3823 3387 sumi.

2245 3437 2330 3481 tur
2370 3435 2757 3495 argumentum.
2809 3426 2862 3479 In
2905 3426 2988 3479 his
3032 3426 3188 3495 igitur
3224 3426 3473 3493 quoniam
3520 3424 3655 3478 nihil
3699 3425 3825 3478 reli-

2245 3525 2385 3570 ctum
2424 3518 2497 3570 sit
2534 3517 2810 3584 perspicue
2839 3524 3086 3583 apparet;
3138 3515 3191 3567 in
3236 3530 3300 3568 eo
3329 3516 3468 3567 enim
3514 3513 3660 3581 quod
3697 3529 3825 3567 con-

2241 3606 2481 3675 junctum
2507 3614 2618 3669 est,
2652 3604 2847 3673 duplex
2889 3604 3147 3657 discretio
3185 3611 3305 3657 est:
3341 3618 3441 3655 una
3489 3617 3555 3656 ex
3594 3618 3666 3655 eo
3711 3603 3825 3669 ipso

2247 3696 2387 3763 quod
2419 3698 2702 3749 formatum
2754 3703 2835 3749 est
2871 3707 3030 3762 atque
3054 3693 3409 3762 compositum
3430 3735 3442 3756 ,
3472 3694 3619 3761 quod
3653 3705 3826 3747 totum

2247 3798 2358 3853 est,
2392 3789 2443 3841 in
2494 3803 2599 3855 quo
2637 3788 2797 3841 etiam
2843 3786 3182 3840 deﬁnitiones
3220 3787 3574 3849 adhibentur;
3621 3786 3729 3839 alia
3774 3788 3827 3840 in

2247 3881 2362 3947 ejus
2390 3880 2625 3948 partibus
2652 3877 3014 3946 inspiciendis,
3042 3893 3108 3931 ex
3131 3878 3321 3946 quibus
3343 3878 3630 3944 compositi
3660 3877 3827 3930 forma

2248 3971 2529 4038 conjuncta
2557 3980 2658 4024 est.
2682 3970 2785 4024 Sed
2814 3969 3067 4037 quoniam
3097 3980 3284 4021 natura
3308 3968 3583 4022 hominum
3614 3968 3670 4022 id
3691 3969 3829 4037 quod

2251 4059 2527 4128 intelligit,
2557 4076 2685 4113 voce
2712 4060 2906 4126 saepius
2941 4059 3143 4127 prodit,
3178 4073 3399 4113 necesse
3426 4067 3511 4113 est
3549 4069 3609 4113 ut
3638 4074 3830 4114 nomen

2250 4164 2460 4217 quoque
2482 4148 2623 4218 quod
2651 4147 2717 4201 ad
2745 4148 3047 4201 intellectus
3074 4146 3490 4201 declarationem
3521 4147 3830 4212 adhibetur,

2250 4240 2497 4295 ostendat
2527 4240 2756 4308 aliquam
2811 4238 2889 4291 rei
2924 4253 3078 4305 quam
3110 4237 3379 4308 signiﬁcat
3411 4236 3833 4307 proprietatem,

2249 4331 2545 4386 intellectus
2587 4332 2802 4397 quippe,
2851 4328 3157 4397 qualitatem
3205 4328 3280 4380 rei
3314 4342 3492 4395 quam
3547 4327 3837 4396 intelligit,

2252 4421 2534 4490 signiﬁcat.
2565 4418 2813 4485 Quocirca
2854 4432 3045 4471 nomen
3094 4430 3305 4484 quoque
3343 4415 3665 4471 intellectus
3707 4431 3837 4485 qua-

578 4512 631 4565 id
661 4520 746 4565 est
786 4490 937 4577 periti
965 4509 1133 4578 juris,
1174 4516 1228 4560 et
1256 4506 1307 4559 lti
1347 4505 1435 4572 qui
1477 4502 1797 4558 defendunt.
1832 4498 1882 4552 id
1911 4509 1990 4552 est
2025 4513 2148 4552 ora-
2177 4490 2227 4551 D
2256 4513 2455 4565 malem
2486 4508 2750 4577 designat,
2782 4508 2917 4561 ,ιω-ε,⁸
2967 4506 3128 4577 igitur
3171 4504 3367 4558 dictum
3412 4512 3501 4558 est
3539 4506 3841 4573 proprius.

581 4602 746 4671 tores)
774 4601 1015 4654 infertur.
1045 4599 1118 4652 Ea
1149 4611 1275 4651 vero
1291 4593 1579 4659 conclusio
1619 4600 1704 4645 est
1734 4606 1829 4659 per
1867 4605 2023 4659 quam
2067 4590 2146 4644 di-

580 4695 785 4749 cimus:
815 4693 867 4746 hi
896 4694 1056 4762 igitur
1094 4691 1181 4758 qui
1214 4689 1522 4763 consulunt,
1551 4697 1607 4741 et
1636 4686 1686 4739 hi
1713 4687 1802 4749 qui
1833 4685 2148 4751 defendunt,

583 4789 695 4855 pari
721 4785 884 4855 gloria
930 4797 1050 4837 esse
1089 4782 1303 4835 debent.
1342 4779 1453 4833 Hoc
1494 4786 1673 4831 autem
1704 4776 1957 4829 breviter
1986 4776 2152 4830 diale-

578 4880 838 4932 cticorum
882 4889 1028 4928 more
1068 4873 1311 4941 protulit,
1341 4871 1429 4939 qui
1469 4870 1547 4923 sic
1592 4868 1870 4923 enuntiant
1902 4883 1917 4922 :
1947 4867 1993 4921 si
2036 4867 2153 4921 dies

579 4980 689 5035 est,
731 4969 890 5023 lucet.
932 4969 998 5018 At
1025 4964 1164 5032 quod
1204 4964 1428 5031 primum
1464 4968 1574 5025 est,
1609 4959 1660 5012 id
1700 4968 1876 5012 autem
1922 4966 2155 5013 tantum-

580 5066 699 5117 dem
733 5071 815 5115 cst
839 5074 900 5112 ac
926 5058 967 5110 si
1000 5057 1224 5117 dicatur,
1258 5053 1401 5122 atqui
1427 5052 1540 5106 dies
1563 5059 1663 5105 est.
1690 5051 1745 5104 lo
1774 5050 2147 5118 propositione

581 5152 723 5207 cnim
748 5164 865 5217 quae
894 5156 1005 5209 est,
1034 5146 1077 5198 si
1106 5145 1219 5198 dies
1254 5152 1366 5207 est,
1395 5144 1481 5197 lux
1512 5149 1625 5208 est,
1662 5145 1810 5211 prior
1837 5152 1919 5196 est
1953 5157 2153 5211 propo-

587 5242 733 5304 sitio,
763 5239 879 5294 dies
904 5247 1001 5292 est.
1039 5235 1373 5291 Concludunt
1402 5235 1538 5304 quod
1582 5234 1842 5303 sequitur,
1888 5234 2070 5305 igitur,
2103 5235 2153 5289 id

584 5340 695 5397 est,
722 5343 842 5384 esse
870 5328 1057 5383 lucem.
1083 5327 1135 5381 ld
1177 5328 1317 5381 enim
1353 5326 1403 5380 in
1435 5326 1600 5393 prima
1646 5334 1796 5393 parte
1831 5326 2152 5393 propositio-

584 5421 691 5484 nis,
725 5434 840 5488 quas
878 5428 1026 5480 erat,
1070 5419 1111 5471 si
1144 5417 1256 5471 dies
1304 5427 1418 5480 est,
1468 5415 1809 5483 sequebatur.
1862 5414 2022 5482 Igitur
2065 5413 2153 5467 hic

585 5525 794 5580 quoque
822 5509 1006 5563 Cicero
1048 5508 1125 5561 sic
1167 5507 1421 5575 protulit:
1454 5505 1610 5573 Atqui
1655 5504 1883 5572 primunt
1930 5512 2046 5565 est,
2098 5502 2149 5556 id

589 5612 667 5655 est
690 5639 704 5663 ,
733 5599 955 5652 consilio
980 5608 1033 5652 et
1062 5598 1256 5651 auxilio
1284 5597 1472 5663 juvare
1516 5595 1660 5648 cives
1705 5607 1855 5661 aqua
1904 5593 1953 5644 in
2002 5592 2157 5646 laude

590 5703 710 5743 esse
747 5687 1079 5750 ponendum,
1111 5686 1159 5739 id
1186 5686 1331 5740 enim
1356 5693 1471 5740 erat
1509 5683 1738 5751 primum
1778 5682 1832 5735 iu
1861 5693 1927 5735 ea
1962 5692 2155 5749 propoc

2257 4611 2362 4655 tem
2393 4599 2674 4669 quamdam
2716 4598 2793 4651 rei
2824 4595 3083 4649 vocabtt’o
3109 4593 3426 4663 signiﬁcari,
3456 4603 3627 4662 atque
3677 4596 3752 4648 ita
3781 4610 3842 4650 ex

2259 4708 2325 4746 eo
2369 4690 2506 4745 trahi
2547 4698 2916 4758 argumentum
2962 4694 3164 4754 potest,
3196 4684 3336 4753 quod
3367 4694 3595 4738 vocatur
3638 4698 3672 4736 a
3699 4696 3844 4737 nota.

2260 4783 2458 4835 llorum
2502 4794 2629 4833 vero
2674 4778 2907 4831 locorum
2954 4778 3088 4829 alias
3131 4777 3446 4843 partitiones
3479 4775 3672 4839 dedit,
3713 4790 3846 4845 quas

2258 4872 2414 4939 paulo
2448 4877 2565 4939 post
2611 4869 2824 4923 brevius
2867 4867 3209 4935 colligemus.
3253 4866 3457 4920 Afiecta
3506 4881 3671 4931 vero,
3706 4883 3847 4936 qur,

2264 4969 2323 5013 ut
2351 4960 2595 5030 superius
2620 4959 2816 5013 dictum
2847 4968 2957 5023 est,
2992 4958 3043 5010 in
3074 4958 3333 5011 relatione
3363 4958 3705 5022 consistunt,
3738 4960 3850 5026 ipsa

2261 5049 2417 5103 etiam
2446 5050 2546 5103 rite
2589 5048 2755 5101 divisa
2795 5056 2938 5101 sunt.
2965 5046 3097 5100 Nam
3126 5060 3245 5114 qua:
3277 5048 3591 5101 referuntur
3640 5050 3710 5102 ad
3756 5050 3849 5101 ηιξ.

2261 5137 2422 5206 quid,
2455 5146 2545 5191 aut
2588 5136 2952 5192 substantialia
2995 5145 3151 5198 sunt,
3198 5144 3290 5189 aut
3331 5137 3666 5193 accidentia.
3711 5140 3851 5194 Sub-

2262 5228 2557 5291 stautialia,
2599 5236 2656 5281 ttt
2688 5227 3000 5297 conjugata,
3033 5212 3153 5281 nam
3180 5228 3349 5296 justo,
3378 5228 3431 5282 in
3479 5244 3550 5284 eo
3588 5232 3744 5300 quod
3770 5234 3853 5301 ju-

2262 5328 2377 5372 stus
2426 5328 2539 5384 est,
2578 5318 2786 5388 iustitia
2835 5319 3183 5372 substantiam
3236 5318 3380 5372 facit.
3428 5318 3543 5375 Nec
3596 5322 3651 5376 id
3704 5322 3855 5387 dico,

2260 5407 2401 5475 quod
2432 5407 2633 5462 homini
2665 5422 2781 5462 esse
2811 5423 2877 5461 ex
2906 5408 3107 5475 justitia
3139 5409 3517 5475 constituatur,
3549 5411 3651 5466 sed
3677 5410 3855 5481 justo,

2261 5501 2349 5570 qui
2372 5501 2575 5571 justitia
2606 5500 2918 5556 discedente
2951 5501 3333 5568 corrumpitur.
3359 5502 3563 5557 Similis
3593 5515 3653 5559 et
3682 5506 3755 5559 de
3792 5520 3856 5558 eo

2261 5592 2400 5659 quod
2442 5600 2524 5647 εει
2557 5592 2701 5661 juste
2742 5591 3021 5657 adverbio,
3052 5596 3186 5645 ratio
3231 5602 3333 5647 est.
3375 5593 3473 5648 Est
3522 5598 3692 5651 etiam
3724 5602 3855 5651 sui».

2262 5683 2529 5754 stantiale,
2553 5700 2742 5755 genus,
2772 5689 3004 5755 species,
3028 5686 3351 5757 differentia,
3383 5703 3566 5759 causa,
3600 5693 3836 5749 enectus
