4036 6336
274 285 409 341 1165

1120 279 1185 334 lN
1225 278 1465 335 runca
1502 274 1854 332 CICERONIS
1889 275 2401 334 COMMENTARIA.
2448 268 2672 336 Ltu'vt.

3378 284 3515 349 H06

270 399 608 462 Academia,
647 405 703 450 ιιι
744 364 1099 461 conti-atrium,
1129 394 1324 457 simile,
1372 392 1674 459 adjunctum
1693 427 1709 455 ,
1747 402 1839 457 pa-
1870 392 1919 448 Α
1949 403 2076 443 vero
2108 398 2227 458 post
2251 404 2386 443 rem.
2416 390 2587 445 Locus
2617 407 2748 447 vero
2776 394 3145 450 conditionalis
3174 396 3427 454 dividitur
3454 418 3509 457 tn

269 494 371 556 ria,
402 489 637 561 majora,
672 489 895 543 minora.
940 486 1333 556 Consequentia
1375 499 1502 539 vero
1545 494 1705 551 atque
1753 497 1841 535 re-

272 582 581 653 pugnantia,
613 581 883 649 quoniam,
917 588 974 632 ttt
1002 579 1245 647 superius
1274 578 1473 631 dictum
1501 585 1606 637 est,
1631 576 1681 627 in
1714 588 1843 627 con-

269 676 468 728 ditiune
500 672 669 740 posita
711 680 866 734 sunt,
898 685 1039 724 nunc
1066 668 1436 723 substantialia
1478 665 1840 734 reperiuntur,

271 777 410 819 nunc
440 778 567 818 vero
606 764 661 815 in
705 760 1070 818 accidentibus
1114 760 1539 814 considerantur.
1582 756 1844 812 Substan-

269 855 445 914 tialia,
473 865 529 905 ut
554 868 672 909 cum
700 865 867 922 genus
897 852 1164 906 antecedit
1193 850 1457 921 Speciem;
1503 847 1801 902 accidentia
1823 886 1838 910 ,

270 958 326 1002 ut
379 963 500 1003 cum
552 944 771 1014 nigredo
829 942 1219 1012 praecedentem
1276 939 1517 1007 sequitur
1575 951 1837 1001 corvum,

269 1052 566 1108 quanquam
607 1036 765 1091 etiam
817 1035 867 1087 in
913 1032 1091 1087 causis
1136 1031 1325 1099 aliquae
1373 1027 1678 1082 accidentes
1719 1039 1840 1080 esse

269 1128 492 1200 possint.
533 1128 605 1182 De
644 1139 868 1195 quarum
899 1125 1132 1178 omnium
1181 1119 1592 1191 pr0prietatibus
1634 1116 1840 1170 Tullius

269 1238 426 1293 supra
468 1221 737 1276 disseruit.
791 1221 961 1286 Atque
1004 1227 1061 1271 ut
1107 1215 1421 1271 brevissima
1472 1212 1839 1280 descriptione

270 1323 376 1369 tota
430 1313 667 1367 locorum
727 1309 918 1363 divisio
968 1309 1270 1379 colligatur,
1319 1309 1423 1361 erit
1475 1305 1577 1359 hoc
1631 1302 1839 1385 modoi

270 1405 438 1459 Omne
476 1409 842 1472 argumentum
880 1412 972 1454 aut
1013 1415 1075 1453 ex
1110 1400 1193 1453 his
1238 1398 1372 1452 lucis
1417 1396 1626 1449 ducitur
1654 1393 1743 1464 qui
1784 1392 1836 1446 in

269 1497 383 1566 ipso
413 1497 479 1550 de
508 1509 612 1563 quo
657 1493 914 1563 quaeritur
956 1492 1242 1554 inbmrent,
1272 1497 1365 1543 aut
1390 1503 1455 1542 ex
1490 1486 1575 1541 his
1602 1501 1720 1555 quae
1749 1499 1841 1539 ex-

269 1588 531 1643 trinsecus
559 1596 920 1639 assumuntur.
952 1581 1001 1636 ls
1042 1598 1166 1636 vero
1211 1582 1357 1635 locus
1387 1580 1476 1649 qui
1522 1579 1573 1631 in
1608 1577 1736 1646 ipsis
1772 1576 1838 1629 de

269 1680 457 1751 quibus
478 1678 731 1747 ambigitu
798 1678 1003 1745 positus
1026 1685 1126 1740 est,
1164 1674 1416 1728 dividitur
1439 1673 1489 1726 in
1513 1686 1633 1726 eum
1660 1664 1834 1723 locum

1948 480 2299 544 antecedens,
2351 494 2682 551 consequens
2734 491 2786 537 et
2847 500 3166 554 repugnans.
3219 487 3511 546 Causarum

1946 584 2157 639 quoque
2189 571 2463 639 multiplex
2504 572 2652 626 locus
2684 584 2764 627 est
2794 590 2807 627 :
2836 575 2953 628 alia:
2982 590 3211 644 namque
3243 590 3366 633 sunt
3392 598 3510 648 qua:

1944 660 1996 715 vi
2026 676 2122 715 sua
2161 660 2419 729 efliciunt,
2463 664 2579 717 alia:
2607 665 2721 719 sine
2765 666 2957 732 quibus
2978 668 3118 722 e!ﬁci
3163 685 3269 724 non
3316 683 3508 739 potest.

1947 753 2142 806 Earum
2172 768 2301 807 vero
2327 768 2445 821 qua:
2471 754 2521 807 vi
2545 768 2639 808 sua
2666 754 2925 820 efﬁciunt,
2955 758 3074 812 aliae
3114 768 3237 813 sunt
3265 776 3509 815 necessa-

1943 846 2038 899 ria:
2084 844 2252 899 nihilo
2300 845 2596 912 indigentes
2640 857 2696 900 ut
2727 848 2981 913 efﬁciant,
3027 851 3145 904 alia:
3202 869 3329 906 vero
3368 854 3512 908 indi!-

1942 944 2127 1003 gentes
2175 942 2236 987 ut
2284 934 2553 1000 efﬁciant,
2624 937 2741 989 alia:
2783 953 2908 991 vero
2958 939 3257 1008 indigentes
3296 951 3351 997 et
3405 958 3511 997 non

1942 1028 2283 1081 necessarie
2347 1027 2539 1080 Earum
2596 1042 2723 1081 vero
2798 1030 2914 1084 sine
2965 1032 3154 1099 quibus
3222 1050 3325 1088 non
3389 1038 3510 1089 elli-

1942 1118 2119 1182 citur,
2175 1118 2293 1171 alue
2343 1127 2467 1172 sunt
2522 1119 2777 1183 mobiles,
2829 1121 2946 1174 alia:
2996 1124 3324 1179 immobiles.
3378 1116 3509 1181 ltetn

1941 1222 2219 1279 causarum
2273 1211 2390 1261 aliae
2440 1218 2563 1263 sunt
2610 1223 2712 1262 non
2761 1222 3086 1278 spontanea‘,
3137 1213 3256 1267 alia:
3303 1228 3366 1268 ex
3414 1231 3511 1270 vo-

1941 1300 2164 1365 luntate,
2196 1302 2316 1355 alia:
2357 1316 2424 1355 ex
2457 1286 2871 1371 perturbatione,
2912 1303 3032 1356 alia:
3057 1319 3120 1358 ex
3155 1305 3357 1370 habitu,
3391 1307 3511 1361 alia:

1939 1404 2005 1444 ex
2053 1405 2278 1455 natura,
2321 1392 2440 1444 alite
2488 1407 2554 1445 ex
2609 1401 2762 1458 arte,
2820 1393 2937 1446 alia:
2992 1410 3056 1447 ex
3104 1410 3249 1449 casu.
3308 1396 3510 1451 Rursus

1939 1493 2220 1534 causarum
2261 1480 2379 1535 alia:
2410 1490 2535 1535 sunt
2586 1496 2917 1549 cons.antes,
2963 1484 3082 1537 alia:
3126 1486 3506 1541 inconstantes.

1941 1573 2204 1642 Amplius,
2236 1587 2520 1628 causarum
2549 1574 2669 1628 alia:
2695 1588 2819 1628 sunt
2850 1576 3182 1642 voluntaria},
3213 1579 3331 1632 alia:
3355 1580 3508 1648 igno-

1939 1674 2089 1721 rataz.
2130 1668 2491 1735 lgnoratarum
2528 1682 2653 1737 pars
2684 1668 2734 1721 in
2763 1683 2907 1733 casn,
2948 1683 3070 1736 pars
3098 1670 3151 1722 in
3196 1674 3509 1725 necessitate

269 1774 355 1844 qui
383 1782 553 1827 estex
597 1780 728 1836 toto,
760 1779 813 1824 et
843 1771 894 1823 in
933 1784 1050 1823 eum
1078 1768 1277 1837 quiest
1306 1781 1369 1819 ex
1403 1764 1662 1831 partibus,
1699 1770 1753 1816 et
1783 1761 1835 1814 in
1870 1768 1915 1826 Β
1941 1768 2022 1813 est
2042 1760 2348 1815 constituta.
2397 1759 2831 1814 Necessariarum
2879 1775 3001 1830 pars
3055 1762 3107 1815 itt
3161 1762 3234 1828 vi,
3280 1778 3401 1830 pars
3454 1764 3508 1817 in

268 1881 389 1920 eum
418 1862 506 1932 qui
530 1871 612 1916 est
640 1876 704 1916 ex
737 1871 879 1928 nota,
908 1869 961 1914 et
988 1859 1039 1913 in
1068 1874 1189 1913 eum
1218 1858 1302 1926 qui
1328 1846 1413 1912 est
1440 1856 1507 1909 ab
1535 1853 1755 1908 allectis.
1784 1851 1832 1905 ls

266 1965 442 2011 autem
472 1956 559 2025 qui
602 1956 631 2007 a
681 1963 790 2009 toto
834 1962 943 2017 est,
985 1969 1013 2006 a
1056 1952 1367 2006 delinitione
1409 1950 1555 2003 locus
1594 1956 1832 2001 vocatur.

268 2047 643 2103 Deﬁnitionum
692 2062 819 2101 vero
850 2044 967 2098 aliae
994 2054 1117 2097 sunt
1147 2043 1394 2111 propriae,
1423 2041 1540 2094 alim
1570 2056 1674 2093 non
1709 2054 1837 2107 pro-

267 2140 415 2207 prim.
446 2137 561 2191 Non
604 2135 955 2206 propriarum,
976 2149 1127 2200 vero,
1161 2133 1280 2187 alite
1311 2140 1435 2186 sunt
1463 2146 1581 2201 quae
1609 2129 1833 2199 singulis

266 2226 571 2282 nominibus
607 2226 949 2289 denotantur,
999 2223 1263 2292 alitisquae
1310 2221 1553 2273 oratione
1592 2221 1836 2287 pandun-

268 2326 373 2370 tur.
397 2316 592 2369 Earum
619 2329 745 2369 vero
776 2329 895 2383 quae
934 2311 1152 2383 singulis
1190 2310 1491 2364 nominibus
1531 2309 1681 2374 ﬁunt,
1717 2308 1838 2361 alia;

266 2416 390 2461 sunt
416 2406 469 2460 in
499 2406 690 2476 quibus
716 2420 812 2473 pro
837 2406 1053 2459 nomine
1086 2401 1326 2456 redditur
1358 2414 1574 2466 nomen,
1607 2414 1723 2467 qua:
1751 2397 1835 2452 di-

265 2504 460 2550 cuntur
486 2504 592 2549 κατ’
614 2496 853 2559 avrata.»
874 2510 888 2559 ;
911 2494 1031 2547 alia:
1057 2506 1176 2561 qua:
1200 2489 1429 2558 exempli
1451 2490 1615 2557 gratia
1642 2500 1836 2540 nomen

264 2586 576 2656 subjiciunt,
610 2601 728 2655 qua:
756 2584 1004 2639 dicuntur
1033 2587 1100 2643 ὡς
1136 2580 1317 2643 τύπος.
1350 2581 1543 2633 Earum
1570 2593 1696 2633 vero
1718 2593 1836 2646 qua:

265 2681 507 2733 oratione
536 2678 895 2742 declarantur,
925 2675 1046 2730 aliae
1081 2676 1215 2729 ﬁunt
1244 2690 1273 2727 a
1305 2672 1615 2742 partitione,
1660 2672 1777 2725 alia:
1808 2685 1835 2724 a

265 2770 564 2833 divisione,
619 2769 740 2823 alia:
790 2783 820 2821 a
880 2767 1203 2821 differentiis
1252 2774 1448 2833 pra'ter
1494 2779 1686 2833 genus,
1717 2779 1837 2832 quae

266 2865 593 2933 ἔννοηματικὴ
622 2861 841 2925 dicitur;
865 2860 983 2914 alite
1006 2875 1123 2928 qua:
1150 2873 1214 2912 ex
1240 2857 1474 2925 pluribus
1497 2856 1839 2925 qualitatibus

267 2953 422 3019 ﬁunt,
455 2954 614 3008 etiam
664 2952 884 3021 singulis
911 2959 1077 3004 totum
1127 2949 1179 3003 id
1225 2947 1665 3017 signiﬁcantibus,
1696 2945 1834 3013 quod

264 3045 439 3098 omnis
478 3043 788 3112 qualitatum
833 3042 1081 3097 collectio
1123 3040 1377 3105 declarat,
1412 3053 1532 3105 quae
1582 3048 1838 3090 vocantur

1941 1851 2161 1906 scientia
2194 1851 2364 1920 posita
2394 1860 2496 1906 est.
2530 1850 2727 1906 Eﬁ'ecta
2758 1867 2889 1907 vero
2916 1852 3178 1907 intentum
3202 1854 3363 1908 ἀινίἀὶ
3390 1871 3510 1924 ροε‹

1940 1949 2086 2007 sunt,
2117 1942 2427 2007 inquantum
2459 1941 2524 1995 ad
2556 1942 2801 2011 superius
2850 1943 3021 1997 dictas
3051 1958 3242 1999 causas
3271 1946 3511 2023 referun-

1941 2040 2048 2088 tttr.
2099 2033 2271 2088 Locus
2300 2049 2428 2087 vero
2452 2049 2483 2088 a
2534 2036 2935 2103 comparatione
2966 2040 3255 2103 minorum,
3301 2040 3508 2106 parium

1939 2134 2097 2192 atque
2117 2123 2401 2191 majorum,
2423 2123 2671 2179 dividitur
2695 2126 2744 2179 in
2775 2142 3076 2191 numerum,
3094 2127 3351 2196 speciem,
3370 2128 3504 2189 vim,

1939 2217 2006 2270 ad
2040 2231 2125 2271 res
2161 2217 2292 2270 alias
2318 2216 2675 2272 aﬁ‘ectionem.
2708 2218 2839 2285 Qua:
2869 2233 2992 2273 eum
3027 2219 3098 2272 ita
3130 2220 3254 2284 sint,
3285 2234 3509 2289 cumque

1941 2306 2069 2361 nihil
2101 2308 2171 2360 sit
2194 2307 2247 2360 in
2267 2306 2528 2361 divisione
2550 2309 2991 2376 pra-tenuissem,
3022 2318 3168 2366 recte
3193 2310 3264 2365 Μ.
3307 2310 3512 2365 Tullius

1942 2399 2279 2467 partitionem
2319 2398 2604 2463 conclusit,
2632 2398 2817 2454 dicens
2857 2400 3055 2455 nullam
3085 2403 3384 2473 argumenti
3427 2419 3511 2458 se‘

1940 2490 2060 2544 dem
2090 2505 2209 2544 esse
2246 2490 2592 2558 praeteritam.
2630 2491 2813 2546 Restat
2833 2492 2989 2561 igitur
3010 2479 3159 2548 locus
3194 2495 3287 2564 qui
3311 2497 3511 2550 extrin-

1940 2596 2096 2636 secus
2116 2582 2365 2645 sumitur,
2390 2584 2834 2651 quem,quoniam
2860 2584 2989 2638 nihil
3009 2585 3406 2653 jurisconsultis
3431 2601 3510 2643 εει

1940 2674 2108 2741 utilis,
2136 2689 2242 2729 non
2272 2674 2506 2728 Trebatii
2538 2689 2718 2743 causa,
2746 2676 2839 2731 sed
2870 2677 3077 2746 nequid
3101 2677 3338 2748 perfecto
3364 2681 3512 2750 operi

1940 2768 2128 2823 deesse
2149 2768 2411 2835 videatur,
2435 2768 2695 2839 adjungit.

2012 2861 2115 2917 Sed
2141 2863 2381 2928 quoniam
2406 2863 2478 2915 ita
2506 2879 2536 2915 a
2555 2861 2805 2932 principio
2827 2861 3112 2928 divisimus,
3138 2870 3193 2915 ut
3220 2864 3348 2916 alios
3374 2862 3514 2916 locos

1940 2954 2217 3008 diceremus
2259 2956 2311 3007 in
2364 2970 2423 3006 eo
2461 2956 2572 3017 ipso
2612 2956 2675 3007 de
2718 2971 2815 3023 quo
2853 2955 3149 3024 ambigitur,
3196 2956 3405 3023 limere,
3451 2957 3516 3008 de

1938 3045 2119 3113 quibus
2148 3045 2271 3097 satis
2300 3054 2372 3098 est
2405 3046 2634 3107 dictum;
2675 3044 2806 3097 alios
2855 3046 3045 3098 assumi
3086 3050 3418 3114 extrinsecus,
3452 3050 3514 3102 de

264 3131 516 3199 ποιώδηςς
544 3132 665 3186 alia:
684 3147 801 3201 quae
827 3147 893 3186 ex
928 3130 1307 3195 accidentibus,
1340 3144 1444 3183 non
1472 3127 1713 3197 singulis,
1741 3128 1833 3182 sed
1865 3141 1912 3205 ο
1942 3135 2003 3188 iis
2031 3150 2195 3203 pauca
2222 3135 2471 3202 dicamus,
2503 3136 2597 3189 etsi
2626 3151 2685 3186 ea
2713 3134 2842 3187 nihil
2873 3139 3078 3188 omnino
3107 3137 3174 3189 ad
3197 3146 3383 3192 vestras
3409 3138 3515 3191 dis-

266 3224 470 3276 cunctis
525 3238 689 3275 unum
718 3222 915 3288 aliquid
962 3220 1317 3275 efﬁcientibus
1370 3228 1658 3283 constant;
1707 3220 1827 3272 alia:

267 3329 386 3384 qum
410 3315 476 3367 ad
503 3312 854 3367 differentiam
882 3311 1107 3378 dantur;
1139 3312 1257 3366 alia:
1289 3327 1383 3381 per
1408 3311 1831 3377 translationem,

266 3406 383 3459 alia:
412 3419 530 3474 qua:
551 3419 617 3459 ex
662 3404 956 3472 privatione
979 3403 1259 3467 contrarii,
1303 3403 1422 3457 alia:
1451 3418 1571 3471 quae
1600 3402 1829 3471 propriis

266 3496 570 3552 nominibus
586 3505 856 3567 aptantur,
871 3510 991 3565 qua:
1008 3496 1167 3550 etiam
1182 3496 1540 3554 ὑποτύπωσεις
1555 3494 1832 3559 dicuntur;

264 3589 385 3642 alize
424 3602 517 3655 per
546 3588 887 3657 indigentiam
920 3586 1084 3653 pleni,
1116 3585 1237 3639 alite
1276 3599 1371 3653 per
1411 3585 1833 3653 proportionem,

265 3680 383 3732 alia:
411 3693 503 3747 per
540 3677 871 3740 relationem,
901 3675 1021 3730 alite
1052 3690 1144 3743 per
1174 3688 1410 3729 causam.
1443 3674 1572 3727 Item
1601 3673 1707 3728 alia
1737 3674 1836 3728 de-

266 3767 521 3822 ﬁnitionis
548 3767 738 3822 divisio
769 3766 1059 3822 secundum
1074 3766 1305 3820 Tullium
1339 3766 1666 3833 principalis,
1696 3765 1836 3833 quod

268 3858 389 3911 alim
413 3858 773 3927 corporalium
800 3873 979 3912 rerum
1008 3859 1134 3921 sint,
1172 3857 1291 3910 aliae
1320 3854 1752 3924 incorporalium,
1784 3864 1839 3910 et

266 3948 596 4003 deﬁnitionis
621 3948 833 4017 quidem
865 3948 1013 4002 locus
1042 3947 1114 4001 ita
1144 3946 1346 4001 divisus
1378 3955 1477 4000 est.
1524 3947 1568 3999 A
1600 3947 1838 4015 partibus

266 4044 444 4091 autem
496 4037 643 4092 locus
672 4036 923 4091 dividitur
952 4037 1004 4090 in
1047 4037 1383 4106 partitionem
1414 4048 1468 4091 et
1498 4036 1834 4092 divisionem.

268 4128 311 4180 Α
344 4134 468 4179 nota
497 4140 624 4181 vero
654 4126 801 4180 locus
846 4126 1070 4194 simplex
1119 4136 1225 4180 est.
1275 4128 1357 4181 Ab
1401 4127 1606 4181 allectis
1636 4136 1834 4192 autem,

266 4214 357 4268 alii
384 4225 508 4268 sunt
532 4230 559 4266 a
588 4214 909 4284 conjugatis,
942 4215 1026 4268 alii
1051 4230 1079 4268 a
1111 4230 1328 4279 genere,
1359 4215 1446 4268 alii
1473 4231 1501 4267 a
1532 4216 1722 4284 forma,
1747 4217 1838 4270 alii

265 4320 297 4359 a
323 4305 506 4370 simili,
537 4305 623 4359 alii
658 4322 689 4359 a
731 4305 1052 4372 diﬁ‘erentia,
1085 4306 1176 4358 alii
1216 4320 1246 4357 a
1288 4306 1588 4371 contrariis,
1637 4306 1728 4360 alii
1773 4308 1841 4361 ab

264 4394 551 4464 adjunctis,
586 4396 673 4449 alii
716 4411 745 4448 a
793 4397 1263 4463 consequentibus,
1311 4398 1745 4452 antecedentibus
1788 4408 1841 4453 et

264 4487 709 4557 repugnantibus,
760 4487 851 4542 alii
888 4504 918 4541 a
958 4502 1139 4553 causa,
1182 4489 1272 4543 alii
1315 4488 1382 4543 ab
1420 4488 1644 4555 effectis,
1690 4490 1778 4543 alii
1808 4505 1836 4543 a
1865 4523 1920 4582 Ι)

259 4580 663 4646 comparatione
689 4580 926 4647 parium,
955 4580 1215 4649 majorum
1261 4581 1348 4635 vel
1393 4581 1682 4636 minorum.
1726 4582 1836 4638 Ge-

259 4684 364 4723 nus
395 4685 520 4725 vero
545 4669 800 4724 dividitur
827 4671 879 4724 in
908 4685 1153 4739 suprema
1184 4687 1401 4741 genera,
1424 4684 1480 4726 et
1514 4672 1567 4725 in
1609 4688 1672 4727 ea
1718 4687 1838 4743 quas

256 4760 424 4814 etiam
449 4761 654 4827 species
682 4776 801 4816 esse
824 4773 1063 4831 possunt.
1094 4762 1313 4831 Species
1344 4780 1553 4831 quoque
1580 4764 1838 4819 dividitur

256 4850 314 4904 in
344 4850 557 4905 ultimas
591 4852 800 4921 species
838 4860 893 4906 et
934 4852 985 4905 in
1014 4866 1079 4906 ea
1123 4868 1241 4921 qua:
1269 4855 1430 4907 etiam
1474 4868 1671 4922 genera
1713 4869 1834 4909 esse

216 4956 505 5015 °possunt.
560 4944 822 5000 Similium
878 4960 1089 5015 quoque
1133 4946 1235 4997 alia
1276 4947 1325 4997 iu
1368 4944 1593 5011 singulis
1648 4943 1831 4998 consi-

250 5037 537 5102 derantur,
570 5046 623 5090 et
652 5045 909 5090 vocantur
948 5036 1190 5105 exempla
1214 5075 1229 5100 ,
1256 5036 1357 5088 alia
1397 5035 1450 5087 in
1488 5034 1748 5102 pluribus,
1776 5044 1832 5090 et

249 5129 556 5196 appelfatur
596 5128 856 5193 inductio;
904 5129 1007 5181 alia
1052 5129 1105 5181 in
1145 5126 1468 5196 conjunctis,
1510 5136 1566 5180 et
1611 5132 1833 5181 vocatur

245 5220 554 5289 propertio.
600 5219 729 5273 Item
773 5217 1193 5272 differentiarum
1250 5217 1366 5271 alia:
1421 5224 1545 5269 sunt
1581 5216 1831 5270 substan-

246 5313 437 5378 tiales,
466 5313 608 5374 alim,
642 5312 742 5365 etsi
773 5327 876 5364 non
908 5310 1305 5374 substantiales,
1339 5308 1723 5377 inseparabiles
1746 5318 1827 5361 ta-

243 5419 405 5466 men,
434 5405 554 5459 alite
581 5419 751 5474 neque
791 5404 1166 5458 substantiales
1205 5418 1378 5472 neque
1418 5402 1825 5471 inseparabiles.

242 5494 662 5550 Contrariorum
693 5498 794 5551 alia
824 5495 1072 5550 dicuntur
1109 5496 1355 5558 adversa,
1395 5494 1496 5547 alia
1536 5493 1823 5562 privantia,

242 5589 358 5642 alia
388 5588 652 5655 negantia,
697 5588 798 5641 alia
844 5587 1082 5642 relativa.
1137 5585 1523 5655 Adjunctorum
1553 5598 1680 5639 vero
1723 5584 1824 5638 alia

238 5687 386 5737 sunt
410 5694 527 5750 qua:
568 5689 694 5737 ante
723 5696 834 5736 rem
879 5684 1139 5747 existunt,
1171 5679 1276 5734 alia
1318 5693 1435 5749 quae
1466 5692 1582 5733 cum
1610 5691 1688 5744 re,
1721 5678 1824 5732 alia

1943 3226 2227 3294 putationes
2252 3226 2530 3293 pertinent;
2553 3225 2642 3278 sed
2663 3233 2827 3277 tamen
2851 3236 3009 3279 totam
3032 3243 3137 3279 rem
3169 3228 3514 3296 perﬁciamus,

1942 3315 2352 3383 quandoquidem
2406 3316 2665 3383 rwpimus.
2697 3298 2877 3382 Neque
2907 3316 3037 3368 enim
3082 3326 3135 3368 tu
3178 3319 3219 3369 is
3280 3334 3333 3370 es
3366 3334 3515 3388 quem

1941 3402 2072 3456 nihil
2100 3405 2197 3456 nisi
2210 3406 2300 3474 jus
2332 3402 2476 3456 civile
2504 3402 2735 3471 delectet,
2776 3413 2822 3457 et
2852 3406 3092 3473 quoniam
3121 3408 3189 3459 ad
3219 3417 3265 3459 te
3297 3408 3407 3460 Iure
3445 3410 3514 3462 ira

1941 3494 2246 3559 scribuntur,
2281 3502 2333 3545 ut
2364 3494 2513 3546 etiam
2542 3495 2592 3545 in
2613 3493 2831 3546 aliorum
2854 3511 3031 3547 manus
3051 3497 3151 3548 sint
3174 3508 3403 3561 ventura,
3427 3500 3515 3550 de-

1942 3592 2024 3635 tur
2054 3599 2225 3652 0pera,
2260 3593 2314 3636 ut
2339 3583 2771 3652 quamplurimum
2816 3586 2879 3637 iis
2904 3601 3028 3651 quos
3056 3595 3192 3638 recta
3222 3588 3396 3640 studia
3426 3591 3514 3642 de~

1943 3675 2148 3740 lectam,
2182 3677 2418 3742 prodesse
2446 3678 2713 3743 possimus.

2013 3766 2090 3820 Ne
2119 3765 2268 3820 locus
2297 3766 2424 3819 nihil
2450 3764 2762 3834 jurisperito
2790 3764 3096 3834 profuturus
3138 3768 3510 3836 negligentiam

1944 3857 2026 3911 sui
2051 3856 2276 3921 faceret,
2302 3857 2607 3911 Trebatium
2638 3865 2695 3910 ut
2722 3856 2773 3910 in
2798 3858 3056 3925 prummio
3084 3874 3303 3929 magnus
3333 3873 3512 3917 orator

1943 3946 2121 4001 reddit
2142 3956 2437 4012 attentum;
2474 3946 2547 3999 ait
2578 3947 2718 4002 enim
2751 3948 2820 4000 ita
2851 3962 2969 4002 sese
2988 3948 3241 4006 divisisse
3286 3952 3336 4005 in
3371 3953 3513 4020 prin-

1944 4036 2105 4106 cipio,
2126 4048 2179 4090 ut
2197 4037 2333 4091 alios
2361 4036 2508 4091 locos
2532 4037 2584 4091 in
2604 4037 2734 4104 ipsis
2754 4036 2959 4091 hmrere
2979 4037 3207 4105 diceret,
3231 4040 3299 4095 de
3321 4043 3513 4110 quibus

1944 4135 2209 4197 ageretur,
2243 4127 2376 4181 alios
2400 4128 2731 4181 extrinsecus
2768 4128 3000 4191 assumi,
3032 4138 3085 4181 et
3111 4142 3231 4183 cum
3260 4130 3327 4185 de
3355 4146 3515 4201 supe-

1944 4219 2172 4274 rioribus
2202 4219 2332 4273 locis
2364 4217 2553 4272 idonee
2584 4219 2909 4286 diSputatum
2941 4218 3028 4280 sit,
3063 4218 3397 4275 intractatum
3427 4238 3514 4278 re-

1946 4309 2143 4378 liquam
2188 4317 2390 4377 partem
2421 4323 2525 4361 non
2554 4317 2801 4377 oportere
2834 4307 3114 4376 prmteriri.
3147 4308 3328 4379 Neque
3366 4314 3512 4368 enim

1945 4401 2086 4455 hunc
2109 4415 2230 4454 esse
2256 4400 2584 4465 Trebatium,
2628 4403 2713 4467 qui
2750 4415 2843 4453 sua
2872 4410 2986 4454 arte
3016 4411 3316 4470 contentus,
3346 4390 3512 4460 casta-

1947 4507 2120 4545 rorum
2149 4492 2319 4546 studia
2360 4492 2609 4561 negligat,
2641 4507 2825 4545 verum
2855 4492 3127 4561 diligentia
3176 4503 3335 4564 atque
3367 4499 3510 4569 inge-

1944 4582 2034 4636 nio
2065 4582 2348 4651 plurimum
2372 4583 2571 4643 valens,
2601 4593 2790 4635 cuneta
2837 4584 2901 4635 ad
2949 4597 3007 4636 se
3035 4585 3297 4652 pertinere
3333 4589 3511 4656 ducat,

1943 4690 2062 4745 qua:
2091 4675 2397 4729 liberalibus
2418 4674 2607 4728 studiis
2627 4685 3072 4737 aunumorentur;
3098 4676 3253 4731 simul
3284 4678 3512 4735 dandam

1890 4798 1895 4801 -
1944 4782 2063 4822 esse
2093 4782 2305 4834 cperam
2330 4766 2479 4830 dicit,
2511 4765 2758 4834 quoniim
2804 4766 3065 4819 benevolo
3094 4768 3272 4822 animo
3297 4768 3512 4824 Cicero.

1945 4860 2026 4914 nis
2057 4875 2189 4927 opus
2212 4858 2487 4913 Trebatius
2512 4866 2655 4911 esset
2688 4858 2946 4923 editurus,
2978 4867 3035 4911 ut
3061 4874 3179 4913 eum
3223 4860 3274 4913 in
3321 4861 3513 4917 multo-

1945 4969 2062 5007 rum
2090 4969 2277 5007 manus
2305 4953 2558 5018 venisset,
2589 4950 2839 5019 prodesse
2890 4952 2956 5005 iis
3004 4953 3267 5023 integrum
3308 4966 3512 5023 posset,

1942 5046 2029 5113 qui
2062 5047 2220 5100 rectis
2262 5045 2451 5099 studiis
2480 5051 2807 5107 tenerentur,
2858 5044 2958 5097 hoc
3004 5059 3214 5112 quoque
3259 5045 3513 5102 Trebatio

1942 5136 2180 5190 bene‘Fcii
2215 5135 2428 5189 nomine
2452 5134 2772 5197 concedens,
2803 5133 2943 5201 quod
2975 5134 3038 5185 ad
3065 5149 3185 5187 enm
3215 5137 3434 5206 scripta,
3460 5151 3512 5195 et

1940 5241 2033 5295 per
2059 5242 2178 5279 cum
2207 5227 2344 5279 edita
2370 5224 2612 5292 plurimis
2641 5230 2907 5292 pro‘ntnra
2938 5226 3322 5283 conscriberet.

2015 5319 2138 5372 Hwe
2167 5335 2283 5389 ergo
2309 5318 2674 5389 argumentatio
2702 5332 2814 5387 qua:
2838 5317 2941 5368 dici
2963 5332 3023 5368 ur
3051 5319 3176 5370 artis
3206 5336 3407 5387 expers,
3458 5323 3513 5376 iu

1940 5413 2224 5472 testimonio
2264 5412 2424 5480 posita
2467 5420 2559 5463 est.
2594 5408 2959 5463 Testimonium
2996 5417 3165 5460 autem
3208 5427 3344 5465 nunc
3374 5415 3505 5467 diri-

1940 5517 2049 5553 mus
2076 5515 2219 5551 omne
2247 5500 2380 5568 quod
2410 5500 2470 5552 ab
2504 5499 2679 5568 aliqua
2715 5513 2766 5550 re
2804 5506 3010 5548 externa
3039 5502 3277 5561 sumitur,
3320 5503 3388 5556 ad
3430 5510 3504 5574 fa.

1937 5590 2166 5643 ciendam
2197 5590 2368 5656 ﬁdem.

2010 5672 2353 5736 Extrinsecus
2392 5681 2616 5749 positum
2657 5681 2948 5749 argumenti
2995 5681 3192 5751 locum,
3232 5697 3388 5755 quem
3424 5686 3504 5742 Μ.
