4014 6336
552 246 684 301 1167

1785 242 1891 296 ΑΝ.
1935 240 2137 295 MANL.
2179 240 2325 294 SEV.
2371 241 2594 299 BOETII

3672 245 3790 299 lilii

548 360 755 415 'l'ullius
782 366 934 413 vocat
970 355 1100 409 artis
1128 363 1425 423 expertem,
1460 353 1513 407 in
1557 352 1861 406 testimonio
1891 353 2118 420 positum
2152 358 2194 412 Α
2227 353 2398 418 Opinio
2430 357 2621 409 mutari
2644 357 2725 410 vis
2753 364 2938 426 potest,
2962 356 3029 409 ad
3055 338 3264 426 etimque
3285 360 3455 411 omnia
3483 358 3726 425 dirigunt,
3746 370 3791 412 et

550 466 670 506 esse
693 448 1013 523 pronuntiat.
1044 446 1278 500 Dubitari
1309 452 1485 499 autem
1514 444 1689 513 potest
1714 444 1835 511 quid
1864 444 1948 498 hic
1969 444 2117 498 locus

547 559 574 594 a
607 540 966 610 superioribus
988 538 1216 604 differat,
1247 553 1380 606 quos
1411 538 1464 591 in
1497 537 1701 591 affectis
1738 537 1948 591 locavit.
1989 538 2119 591 Nam

549 633 622 684 ttti
651 630 834 685 alfecta
865 618 1093 697 sempcr’
1130 630 1180 682 in
1233 628 1496 683 relatione
1528 637 1651 681 sunt
1682 630 1993 692 constituta,
2049 628 2119 681 ita

545 721 702 774 etiam
737 721 1039 775 testimonia
1071 718 1136 772 ad
1165 734 1226 773 ea
1267 735 1490 788 quorum
1518 727 1642 772 sunt
1690 721 1994 774 testimonia
2035 737 2121 775 re-

546 812 806 867 feruntur.
838 813 1009 867 Omne
1057 812 1199 867 enim
1235 812 1594 865 testimonium
1628 821 1831 865 teSIatzc
1862 811 1935 864 rei
1966 811 2117 865 testi.

544 906 781 958 monium
803 914 904 958 est.
928 903 1208 971 Quocirca,
1238 917 1333 956 cur
1365 912 1455 956 aut
1476 917 1535 957 ea
1562 916 1680 971 qua:
1709 901 1892 956 affecta
1922 902 2115 954 dudum

541 1005 725 1049 vocata
753 1006 895 1062 sunt,
933 1010 1035 1049 non
1064 994 1399 1049 extrinsecus
1422 994 1767 1058 collocentur,
1792 1003 1882 1047 aut
1910 1008 1971 1048 ea
1999 1009 2119 1063 quas

543 1104 682 1142 nunc
709 1098 964 1143 vocantur
989 1088 1344 1151 extrinsecus,
1386 1101 1490 1139 non
1524 1087 1662 1140 inter
1691 1087 1876 1140 affecta
1917 1102 2117 1155 ponan-

543 1194 647 1245 tur,
680 1179 846 1247 quaeri
888 1185 1084 1247 potest,
1117 1192 1237 1231 cum
1286 1178 1577 1245 praesertim
1605 1193 1669 1230 ea
1709 1192 1825 1246 qua:
1871 1177 2115 1248 adjuncta

538 1284 661 1325 esse
692 1270 909 1338 negatio
937 1269 1184 1339 superius
1208 1268 1463 1333 diximus,
1488 1268 1649 1322 veluti
1673 1269 1939 1336 quoddam
1969 1270 2116 1322 testi-

542 1364 775 1417 monium
821 1377 963 1433 saepe
994 1362 1151 1416 rebus
1195 1360 1441 1427 afferant,
1493 1376 1613 1414 cum
1661 1377 1724 1414 ex
1771 1376 1955 1414 eorum
1998 1376 2115 1428 qum

541 1462 948 1521 praecesserunt,
1000 1452 1081 1507 vel
1132 1461 1415 1506 consecuta
1444 1460 1570 1504 sunt
1605 1450 1796 1519 signis,
1845 1450 1984 1519 quod
2024 1466 2115 1519 ge-

535 1556 675 1599 stum
699 1546 765 1598 sit
792 1542 1124 1598 considerari
1148 1541 1304 1596 solet.
1336 1541 1570 1608 Quorum
1601 1542 1845 1595 omnium
1873 1555 2113 1599 comnm-

538 1640 620 1692 nis
645 1638 735 1691 illa
765 1636 958 1691 solutio
987 1644 1090 1699 est,
1131 1634 1273 1705 quod
1301 1649 1364 1687 ex
1411 1633 1614 1688 allectis
1644 1643 1953 1703 argumenta
1994 1647 2111 1701 qure

2227 446 2314 514 qui
2346 445 2602 514 judicant,
2648 455 2695 500 et
2740 448 2826 516 qui
2876 448 3183 501 existimant.
3222 448 3320 512 Qui
3360 448 3493 500 enim
3546 450 3621 499 Itis
3657 451 3789 501 rebus

2226 551 2352 602 quas
2382 536 2512 600 dixi,
2557 538 2831 601 excellunt,
2875 538 2987 605 ipsa
3029 540 3213 591 virtute
3261 539 3491 589 ridentur
3537 539 3786 593 excellere.

2229 625 2335 679 Sed
2360 628 2561 693 reliquis
2585 644 2781 696 quoque
2805 630 2952 681 rebus
2975 646 3104 698 quas
3132 629 3280 680 modo
3303 631 3610 689 enumeravi,
3640 646 3791 697 quan-

2224 734 2375 786 quam
2406 720 2457 770 in
2481 720 2544 771 iis
2572 721 2716 773 nulla
2755 722 2943 790 species
2982 721 3181 787 uirtutis
3220 731 3312 785 est,
3348 731 3512 773 tamen
3552 722 3789 773 interdum

2225 811 2559 878 confirmatur
2582 811 2729 878 ﬁdes,
2758 812 2803 864 si
2823 820 2911 863 aut
2934 828 3020 864 ars
3042 811 3276 880 quaedam
3302 812 3569 863 adhibetur
3592 813 3789 881 (magna

2223 905 2356 955 enim
2385 915 2454 957 est
2482 905 2553 955 vis
2581 904 2647 955 ad
2676 904 3085 973 persuadendum
3112 901 3382 967 scientitr),
3403 911 3491 955 aut
3516 919 3659 956 usus.
3682 900 3790 954 Pleo

2222 1010 2434 1062 rumque
2484 995 2614 1046 enim
2666 995 2891 1047 creditur
2933 995 2994 1046 iis
3055 994 3144 1063 qui
3201 994 3397 1064 experti
3450 1002 3591 1046 sunt.
3656 992 3789 1044 Facit

2220 1088 2374 1137 etiam
2400 1086 2670 1138 necessitas
2700 1086 2873 1151 fidem,
2903 1100 3017 1153 qua!
3041 1094 3145 1136 tum
3183 1102 3215 1137 a
3250 1085 3566 1153 corporibus,
3600 1094 3707 1136 tum
3732 1086 3788 1137 ab

2221 1179 2402 1231 animis
2431 1181 2678 1232 nascitur.
2714 1178 2853 1231 Nam
2877 1188 2923 1230 et
2961 1178 3247 1231 verberibus
3278 1178 3421 1241 torti,
3455 1188 3501 1231 et
3534 1178 3642 1247 igni
3676 1182 3782 1246 fati~

2219 1269 2327 1337 gati
2349 1284 2463 1337 qua:
2489 1270 2685 1333 dicunt,
2718 1285 2775 1322 ea
2803 1271 3003 1322 videtur
3030 1270 3216 1323 veritas
3247 1270 3357 1338 ipsa
3388 1269 3583 1334 dicere,
3611 1278 3657 1322 et
3686 1285 3789 1337 qm

2218 1344 2249 1410 a
2280 1359 2739 1426 perturbationibus
2777 1362 2935 1413 animi
2961 1369 3098 1425 sunt,
3132 1361 3327 1424 dolore,
3371 1360 3677 1425 cupiditate,
3698 1362 3790 1413 ira-

2214 1450 2425 1514 cundia,
2477 1462 2634 1514 ntetu,
2667 1453 2785 1518 quia
2817 1453 3125 1505 necessitatis
3164 1454 3264 1505 vim
3311 1453 3521 1515 habent,
3573 1453 3789 1519 afferunt

2215 1543 2565 1594 auctoritatem
2587 1552 2634 1593 et
2658 1544 2836 1607 ﬁdem.
2865 1541 3021 1612 Cujus
3051 1544 3251 1613 generis
3280 1545 3435 1596 etiam
3460 1544 3556 1596 illa
3584 1556 3705 1597 sunt
3731 1561 3790 1598 es

2214 1626 2390 1701 quibus
2418 1650 2784 1702 nonnunquam
2804 1650 2975 1687 vernn
2998 1636 3274 1697 invenitur,
3300 1637 3541 1703 pueritia,
3566 1651 3789 1697 somnus,

539 1728 692 1792 liunt,
724 1727 789 1781 ab
831 1734 1043 1779 oratore
1089 1725 1452 1790 inveniuntur,
1484 1723 1707 1794 ejusque
1746 1738 1909 1792 opera
1954 1732 2111 1792 atque
2146 1738 2186 1794 Β
2218 1723 2580 1791 imprudentia,
2613 1725 2910 1788 vinolentia,
2955 1725 3178 1778 insania.
3207 1724 3346 1777 Nam
3386 1735 3433 1778 et
3475 1728 3626 1793 pueri
3665 1743 3792 1793 saepe

534 1819 793 1874 industria
828 1825 1135 1872 nascuntur.
1179 1816 1254 1869 Ea
1275 1831 1403 1870 vero
1431 1831 1550 1885 qua:
1579 1816 1909 1870 extrinsecus
1942 1814 2109 1883 posita

536 1918 684 1971 sunt,
718 1908 794 1962 rei
818 1916 1019 1962 tantum
1044 1906 1405 1960 testimonium
1437 1906 1693 1975 praebent,
1720 1920 1825 1959 non
1854 1904 1995 1960 enim
2027 1904 2108 1958 in-

534 2005 822 2056 veniuntur
848 2001 915 2054 ab
943 2011 1177 2067 oratore,
1203 2000 1295 2054 sed
1326 2000 1407 2053 his
1426 2006 1609 2053 orator
1638 1998 1803 2052 utitur
1825 1994 2009 2066 positis
2031 2004 2109 2049 ato

532 2107 633 2162 que
656 2102 778 2146 ante
798 2090 1124 2145 constitutis.
1152 2090 1282 2144 Nam
1308 2106 1431 2159 quae
1454 2105 1481 2141 a
1505 2103 1722 2159 genere,
1748 2088 1880 2142 vela
1904 2087 2105 2156 specie,

532 2182 612 2237 vel
643 2198 670 2235 a
700 2183 908 2236 ctcteris
935 2181 1139 2235 affectis
1181 2190 1489 2251 argumenta
1520 2189 1663 2243 sunt,
1715 2180 1782 2233 ab
1815 2179 1929 2248 ipso
1976 2193 2106 2246 quo-

535 2274 657 2327 dam
710 2273 870 2327 modo
916 2284 1130 2328 oratore
1182 2274 1537 2342 reperiuntur.
1597 2271 1922 2325 Tcstimonia
1982 2286 2108 2325 vero

529 2366 629 2420 sibi
658 2366 771 2434 ipse
797 2383 898 2420 non
929 2366 1111 2431 efficit,
1147 2367 1238 2420 sed
1268 2365 1331 2419 ad
1370 2380 1582 2419 causam
1615 2365 1783 2419 utitur
1818 2374 1940 2419 ante
1973 2380 2109 2434 pra:-

529 2460 748 2527 paratis.
790 2459 909 2524 Quo
955 2458 1011 2511 ﬁt
1054 2467 1111 2512 ttt
1151 2468 1460 2527 argumenta
1510 2472 1574 2512 ex
1617 2456 1819 2511 allectis
1858 2458 1909 2510 in
1944 2472 2105 2511 causa

530 2551 709 2603 statim
739 2560 896 2618 atque
924 2566 989 2603 cx
1024 2560 1262 2618 tempore
1294 2559 1612 2614 nascantur;
1645 2565 1704 2603 ea
1738 2565 1866 2603 vero
1903 2565 2023 2619 quac
2052 2550 2105 2603 itt

530 2641 845 2695 testimoniis
872 2642 1041 2709 posita
1067 2648 1210 2708 sunt,
1244 2649 1367 2695 ante
1407 2656 1517 2695 rem
1562 2642 1945 2709 praecurrentia
1974 2656 2105 2693 con-

530 2732 789 2785 tirmantlo
821 2747 973 2785 usum
1004 2731 1215 2799 negotio
1240 2732 1504 2800 posterius
1535 2741 1811 2800 praestent,
1848 2742 1903 2785 et
1932 2732 1987 2785 in
2016 2732 2108 2785 ad-

522 2821 721 2886 iunctis
751 2823 816 2875 ab
850 2832 1058 2876 oratore
1080 2822 1388 2890 conjectura
1412 2823 1699 2890 colligitur,
1718 2832 1776 2876 et
1804 2823 2105 2877 austozum

523 2913 794 2966 mentibus
838 2913 1128 2967 intimatur.
1170 2912 1496 2966 Testimonia
1530 2927 1657 2966 vero
1703 2928 1808 2965 non
1845 2914 1895 2966 in
1926 2913 2107 2982 conje—

530 3006 715 3067 cturis,
743 3012 835 3056 aut
873 3004 921 3055 in
956 3002 1371 3071 suspicionibus,
1403 3003 1497 3057 sed
1528 3007 1579 3056 in
1619 3004 1695 3057 rei
1728 3013 1890 3072 gesta:
1919 3019 2105 3057 narra-

527 3100 671 3151 tione
700 3098 1018 3151 consistunt.
1075 3096 1323 3150 Ostendit
1365 3106 1541 3152 autem
1575 3098 1942 3152 vehementius
1977 3096 2101 3165 quid
2131 3117 2174 3178 ρ

525 3197 668 3242 esset
714 3190 1100 3255 testimonium,
1135 3204 1253 3242 cum
1283 3188 1431 3255 dicit,
1475 3190 1526 3243 id
1571 3204 1599 3242 a
1641 3204 1700 3243 se
1740 3191 2097 3244 testimonium

524 3278 701 3330 vocari
734 3277 874 3347 quod
924 3278 990 3331 ab
1028 3278 1200 3347 aliqua
1249 3288 1466 3333 externa
1514 3294 1574 3333 re
1615 3281 1862 3335 sumitur.
1909 3281 2096 3335 Omnia

522 3368 717 3437 quippe
761 3368 970 3431 affecta,
999 3368 1065 3422 ab
1088 3368 1167 3423 eis
1193 3367 1257 3422 ad
1288 3384 1403 3437 quze
1433 3368 1621 3422 affecta
1668 3378 1825 3435 sunt,
1870 3385 1975 3425 non
2018 3372 2095 3424 vi-

522 3460 715 3513 dentur
744 3466 989 3512 externa.
1022 3457 1195 3512 Testis
1225 3473 1351 3512 vero
1377 3474 1496 3512 ettm
1548 3475 1606 3513 re
1648 3460 1925 3514 testificata
1955 3461 2094 3515 nulla

520 3550 837 3619 cognatione
865 3547 1224 3617 conjungitur,
1270 3548 1369 3602 nisi
1421 3550 1534 3604 sola
1566 3549 1772 3613 notitia,
1804 3566 1923 3619 qua:
1964 3550 2095 3603 nihil

515 3641 584 3693 ad
615 3656 725 3693 rem
758 3654 875 3708 qua:
915 3648 1059 3709 gesta
1110 3649 1191 3694 est
1220 3640 1429 3707 attinet,
1462 3655 1580 3694 cum
1627 3641 1670 3694 si
1697 3652 1904 3709 gestum
1938 3656 2096 3710 nego-

523 3733 646 3782 tium
680 3729 855 3782 nttlltts
882 3740 1217 3797 agnosceret,
1257 3729 1602 3785 nihilominus
1636 3740 1812 3785 tamen
1835 3740 1981 3802 gesta
2008 3746 2096 3787 res

517 3829 692 3881 esset;
726 3818 818 3872 sed
866 3819 917 3871 id
972 3820 1167 3887 poterit
1203 3820 1362 3874 etiam
1396 3821 1463 3873 ad
1497 3821 1898 3875 similitudinem
1949 3823 2093 3888 duci,

518 3911 642 3979 quid
675 3912 814 3964 enim
857 3910 1031 3965 minus
1057 3917 1201 3965 esset
1225 3911 1445 3980 aliquid,
1484 3911 1529 3965 si
1560 3912 1608 3965 ei
1642 3913 1817 3966 simile
1849 3914 1982 3967 nihil
2014 3928 2096 3967 re-

518 4003 812 4069 periretur?
827 4001 931 4055 Sed
954 4002 1094 4068 quod
1117 4001 1292 4056 simile
1310 4012 1418 4065 est,
1441 4004 1488 4056 ei
1508 4002 1591 4056 cui
1615 4003 1786 4058 simile
1806 4013 1889 4058 est
1909 4004 2093 4059 eadem

516 4094 637 4162 qual
665 4103 769 4147 Hc
790 4092 1151 4162 conjungitur,
1177 4108 1293 4161 qua:
1318 4092 1546 4161 qualitas
1568 4101 1851 4163 utrumque
1881 4095 2093 4148 confor-

515 4192 642 4235 mat.
685 4183 915 4237 Scientia
969 4197 1096 4237 vero
1136 4182 1378 4252 quamvis
1425 4182 1621 4236 efliciat
1680 4193 1893 4249 testem,
1947 4186 2090 4239 nulla

515 4282 691 4325 tamen
719 4273 972 4340 qualitate
1000 4272 1338 4341 conjungitur
1366 4286 1485 4325 cum
1518 4288 1575 4325 re
1607 4271 1760 4340 Cujus
1788 4273 1870 4325 illa
1903 4276 2090 4329 notitia

514 4371 613 4415 est.
648 4361 829 4430 Neque
863 4362 1007 4416 enim
1035 4362 1252 4417 scientis
1295 4363 1504 4425 notLLia,
1550 4361 1625 4413 rei
1668 4372 1834 4428 gestae
1865 4364 2093 4430 qualitas

2212 1814 2562 1867 indicaverunt
2591 1815 2787 1884 aliquid
2827 1816 2895 1866 ad
2923 1816 3062 1884 quod
3098 1815 3369 1885 pertineret
3400 1815 3595 1885 ignari,
3625 1827 3673 1865 et
3708 1831 3794 1883 per

2220 1922 2472 1968 somnum,
2503 1906 2692 1970 vinum,
2716 1906 2991 1969 insaniam,
3022 1905 3186 1958 multa
3208 1921 3343 1973 stupe
3373 1909 3633 1973 patefacta
3656 1918 3793 1959 sunt.

2217 1997 2370 2050 Multi
2393 1998 2543 2051 etiam
2574 1998 2624 2049 in
2658 2015 2735 2050 res
2767 1998 2969 2049 odiosas
3010 1998 3354 2064 imprudentes
3380 1996 3695 2057 inciderunt,
3739 2006 3793 2046 ut

2216 2088 2438 2141 Staterio
2489 2102 2653 2152 nuper
2692 2088 2898 2148 accidit,
2929 2087 3015 2151 qui
3037 2102 3097 2137 ea
3146 2085 3344 2138 locutus
3386 2096 3462 2138 est
3506 2087 3651 2137 bonis
3678 2086 3794 2137 ciris

2212 2180 2710 2235 subauscultantibus
2734 2179 2923 2247 pariete
2952 2177 3470 2249 interpasito,quibus
3504 2180 3793 2245 patefactis,

2212 2274 2264 2326 in
2286 2274 2641 2345 judiciumque
2683 2272 2918 2341 prolatis,
2965 2273 3037 2325 rei
3080 2272 3319 2338 capitalis
3355 2272 3478 2339 jure
3520 2270 3793 2320 damnatus

2212 2377 2284 2421 est
2332 2366 2469 2419 Iluic
2488 2366 2654 2419 simile
2667 2366 2911 2434 quiddam
2935 2365 2996 2416 de
3019 2361 3406 2415 Lacedwmouia
3425 2358 3693 2412 Pausania
3708 2375 3793 2410 ac-

2211 2462 2455 2527 cepimus.
2493 2457 2770 2511 Concursio
2814 2467 2980 2509 autent
3011 2456 3339 2524 fortuitorum
3384 2453 3504 2505 talis
3536 2461 3632 2515 est,
3666 2460 3716 2503 ut
3752 2452 3795 2502 si

2212 2552 2547 2604 inm-ventum
2576 2558 2648 2603 est
2678 2566 2823 2607 casu.
2872 2564 2985 2600 cum
3026 2555 3114 2598 aut
3156 2554 3388 2615 ageretur
3420 2543 3625 2609 aliquid
3662 2543 3793 2608 quod

2212 2643 2576 2713 proferendum
2609 2656 2709 2693 non
2748 2648 2895 2702 esset,
2925 2646 3011 2689 aut
3052 2639 3321 2690 diceretur.
3368 2632 3434 2686 In
3472 2635 3572 2684 hoc
3617 2646 3794 2701 genere

2212 2735 2360 2786 etiam
2391 2734 2481 2786 illa
2511 2744 2583 2785 est
2612 2733 2667 2783 in
2696 2730 3023 2783 Palamedem
3046 2730 3274 2790 coniecta
3292 2726 3649 2794 suspicionum
3675 2737 3792 2791 pro-

2213 2824 2423 2876 ditionis
2451 2823 2748 2887 multitudo,
2781 2822 2915 2890 quod
2941 2834 3098 2889 genus
3128 2822 3353 2887 refutare
3382 2816 3647 2868 interdum
3665 2812 3793 2865 reri-

2212 2925 2288 2965 tas
2313 2916 2395 2966 via;
2426 2922 2602 2981 potest.

2281 3006 2542 3071 Quoniam
2575 3006 2744 3059 locum
2776 3006 2907 3059 artis
2931 3012 3204 3071 expertem
3236 3001 3286 3056 in
3335 3000 3648 3055 teStimonio
3696 3014 3791 3067 p0-

2212 3095 2372 3149 situm
2419 3111 2536 3150 esse
2581 3096 2737 3163 dixit,
2786 3095 2838 3148 in
2884 3094 3208 3149 testimoniis
3258 3108 3386 3147 vero
3439 3106 3792 3159 personarum

2210 3187 2367 3239 fidem
2402 3201 2552 3239 suam
2586 3187 3039 3254 interponentium
3068 3184 3359 3238 auctoritas
3389 3185 3672 3251 quaeritur,
3704 3196 3795 3234 nt.-

2209 3277 2500 3331 cessariutn
2534 3276 2652 3339 fttit,
2682 3276 2872 3347 quibus
2900 3277 3060 3330 rebus
3106 3274 3221 3329 fieri
3266 3274 3439 3328 soleat
3474 3274 3791 3334 auctoritas,

2205 3367 2473 3436 expedire.
2502 3370 2578 3421 Ac
2600 3377 2793 3421 castora
2817 3368 3029 3436 quidem
3053 3366 3351 3420 clarissime
3379 3372 3540 3431 atque
3567 3363 3795 3431 apertis-

2204 3459 2339 3513 sime
2383 3458 2525 3512 dicta
2556 3468 2697 3511 sunt.
2742 3458 2846 3513 Sed
2884 3458 3133 3527 quoniam
3176 3458 3548 3510 auctoritatem
3602 3455 3657 3507 in
3702 3467 3796 3505 na-

2206 3560 2377 3605 turam
2409 3560 2727 3619 tempusque
2753 3551 2963 3616 divisit,
2994 3564 3225 3618 cumque
3255 3548 3308 3601 itt
3340 3558 3581 3613 tempore
3603 3586 3621 3610 ,
3652 3548 3795 3612 inge-

2203 3640 2371 3706 nium,
2404 3654 2557 3709 opes,
2586 3649 2819 3703 aetatem,
2848 3640 3135 3705 fortunam,
3168 3654 3363 3700 amem,
3392 3652 3569 3699 usum,
3600 3650 3793 3689 neces-

2202 3734 2410 3787 sitatem
2438 3774 2453 3797 ,
2499 3732 2908 3787 concursionem
2957 3734 3117 3786 etiam
3172 3718 3577 3795 nonnunquam~
3611 3743 3791 3781 rerum

2200 3820 2539 3875 fortuitarum
2573 3822 2793 3887 locavit,
2818 3823 2985 3891 qttteri
3008 3830 3181 3890 potest
3214 3838 3226 3873 :
3262 3820 3395 3885 Quid
3427 3820 3571 3873 enim
3600 3819 3797 3871 attinet

2199 3912 2265 3966 ad
2299 3922 2507 3983 tempus
2535 3914 2839 3982 ingenium?
2865 3914 2989 3982 quid
3019 3915 3140 3967 ars?
3162 3914 3286 3980 quid
3316 3913 3474 3965 usus?
3499 3910 3637 3964 Nam
3667 3922 3797 3962 mtas

2198 4011 2359 4071 atque
2399 4019 2555 4071 apes,
2604 4004 2816 4059 fortuna
2850 4014 2904 4057 ct
2938 4003 3273 4059 fortuitarum
3298 4018 3478 4058 rerum
3502 4002 3798 4055 concursio

2198 4094 2437 4163 subjecta
2521 4102 2646 4148 sunt
2719 4096 2978 4164 tempori,
3057 4096 3306 4165 quoniam
3374 4093 3797 4161 unumquodque

2196 4199 2383 4239 eorum
2407 4187 2565 4239 variis
2583 4197 2881 4255 temporum
2905 4187 3106 4241 vicibus
3130 4194 3484 4255 permutatur.
3512 4185 3796 4253 Ingenium

2197 4289 2325 4330 vero
2344 4286 2546 4330 natura:
2567 4279 2743 4346 potius
2756 4279 2990 4347 oportuit
3013 4277 3252 4339 attribui,
3270 4287 3436 4330 artem
3455 4284 3621 4344 atque
3639 4289 3798 4328 usum

2198 4369 2413 4422 tertium
2442 4371 2714 4437 quiddatn,
2745 4374 2996 4441 quoniam
3030 4388 3202 4440 neque
3234 4370 3457 4439 tempori
3487 4383 3671 4438 neque
3702 4384 3804 4420 na-

514 4454 614 4505 dici
638 4461 963 4519 potest,cum
987 4453 1030 4504 si
1056 4450 1511 4520 notitia,qua|itas
1534 4449 1610 4504 rei
1638 4461 1820 4519 posset
1845 4453 2088 4523 intelligi,
2120 4487 2173 4548 D
2201 4470 2334 4515 tum
2376 4462 2751 4529 subjiciuntur.
2795 4465 3129 4533 Quanquam-
3162 4464 3331 4516 virtus
3383 4475 3601 4529 quoque
3659 4461 3799 4527 ipsa,

512 4542 858 4609 pereuntibus
886 4542 968 4596 ltis
990 4543 1077 4611 qui
1109 4559 1219 4596 rem
1246 4552 1465 4606 norunt,
1499 4556 1584 4596 res
1607 4544 1688 4597 vel
1718 4544 1984 4609 interiret,
2009 4547 2090 4601 vel

510 4643 827 4699 mutaretur,
856 4634 994 4703 quod
1021 4644 1264 4687 neutrum
1290 4636 1507 4689 evenire
1537 4650 1756 4689 necesse
1790 4644 1893 4699 est,
1925 4652 2094 4705 quan-

512 4724 820 4793 tloquitlem,
854 4726 1146 4794 absumptis
1178 4725 1489 4793 scientibus,
1519 4741 1606 4781 res
1634 4728 1871 4798 ignorata
1897 4730 2090 4795 poterit

510 4831 845 4882 permanere.

585 4906 805 4959 Persona
846 4917 1011 4960 autem
1043 4926 1143 4961 non
1169 4912 1533 4980 qualiscunque
1579 4912 1853 4965 testimonii
1886 4910 2088 4979 pondus

509 4998 655 5049 habet
680 5015 698 5063 ;
724 5000 789 5051 ad
831 5000 1114 5068 faciendam
1161 5002 1294 5052 enim
1326 5000 1477 5066 ﬁdem
1504 5002 1783 5054 auctoritas
1808 5002 2087 5068 quceritur;

508 5090 594 5143 sed
635 5093 981 5143 auctoritatem
1029 5101 1113 5142 aut
1161 5100 1372 5156 natura,
1419 5102 1507 5144 aut
1540 5103 1732 5164 tempus
1762 5092 1911 5159 affert
1947 5111 1964 5146 .'
1995 5111 2087 5146 na-

508 5194 635 5233 tura:
684 5183 955 5235 auctoritas
990 5182 1041 5233 in
1086 5182 1265 5234 virute
1305 5182 1433 5236 inest
1481 5185 1738 5247 maxime;
1779 5186 1830 5237 in
1863 5193 2084 5254 tempore

506 5281 675 5324 autem
704 5271 860 5323 multa
890 5280 1002 5325 sunt
1024 5286 1137 5340 qua:
1156 5270 1373 5336 afferant
1397 5274 1771 5339 auctoritatem,
1797 5273 2081 5345 ingenium,

508 5378 650 5430 epes,
688 5372 831 5427 artas,
875 5365 1102 5432 fortuna,
1150 5379 1256 5426 ars,
1301 5379 1442 5428 usus,
1477 5365 1773 5427 necessitas,
1817 5367 2087 5437 coqcursio

507 5454 658 5505 etiam
690 5469 1054 5521 nonnunquam
1092 5468 1260 5508 rerum
1306 5455 1656 5524 fortuitarum.
1693 5454 1831 5508 Nam
1860 5464 1904 5508 et
1942 5456 2085 5526 inge-

506 5546 695 5609 ηὶςιεοε,
732 5556 775 5597 et
804 5546 1086 5614 apulentos,
1123 5556 1168 5598 et
1213 5548 1377 5601 (etatis
1409 5549 1575 5617 spatio
1602 5549 1861 5615 probatos,
1905 5552 2087 5618 dignos

508 5636 686 5703 quibus
736 5638 969 5691 credatur
1016 5648 1219 5709 putant,
1257 5656 1354 5694 non
1401 5650 1531 5695 recte
1558 5644 1796 5711 fortasse,
1831 5642 1917 5695 sed
1951 5641 2087 5711 vulgi

2197 4566 2355 4619 quam
2378 4552 2444 4604 bl.
2469 4551 2671 4606 Tullius
2701 4554 2752 4606 in
2778 4563 2981 4606 natura:
3009 4554 3214 4607 ratione
3238 4552 3539 4612 constituit,
3568 4551 3805 4619 quibus-

2199 4642 2319 4696 dam
2369 4659 2474 4696 non
2523 4645 2816 4707 naturalis,
2871 4644 2967 4697 sed
3018 4655 3126 4697 tum
3168 4644 3409 4697 doctrina
3438 4682 3453 4704 ,
3486 4651 3603 4694 tum
3650 4649 3805 4695 recta

2197 4735 2580 4789 exercitatione
2632 4734 2841 4788 vivendi
2890 4733 3135 4788 videatur
3180 4734 3367 4788 ascita.
3402 4732 3508 4787 Sed
3557 4732 3687 4787 hac
3726 4732 3807 4785 ita

2196 4825 2538 4894 intelligenda
2564 4826 2752 4880 divisio
2782 4833 2885 4892 est,
2909 4826 3053 4895 quod
3082 4828 3255 4879 omnis
3284 4826 3580 4879 auctoritas
3609 4834 3706 4879 aut
3734 4839 3805 4878 ex

2196 4914 2401 4982 magnis
2430 4922 2588 4982 atqtte
2617 4916 3012 4971 excellentibus
3032 4919 3191 4971 rebus
3219 4928 3272 4971 et
3303 4932 3397 4986 per
3419 4926 3674 4971 naturam
3704 4932 3813 4979 op—

2200 5005 2347 5059 timis
2376 5007 2552 5066 venit.
2585 5016 2675 5060 aut
2704 5006 2771 5061 ab
2802 5006 2884 5061 itis
2911 5023 3036 5078 quae.
3062 5008 3312 5064 inferiore
3359 5008 3479 5062 loco
3508 5017 3645 5062 sunt
3670 5022 3808 5061 coa-

2196 5100 2403 5164 stituta,
2439 5098 2595 5153 [idem
2626 5114 2730 5153 non
2762 5115 2825 5154 ex
2854 5111 3066 5157 natura:
3094 5103 3367 5173 qualitate,
3401 5099 3499 5153 sed
3527 5115 3599 5154 ex
3634 5101 3805 5166 vulgo

2197 5189 2372 5242 insitis
2418 5189 2756 5258 Opinionibus
2783 5193 2943 5260 capit.
2982 5193 3047 5246 Et
3075 5191 3333 5246 maximas
3360 5189 3582 5257 quidem
3619 5187 3808 5242 excel-

2192 5280 2468 5347 lentcsque
2508 5293 2596 5333 res
2638 5279 2690 5333 in
2720 5290 2907 5335 natura
2937 5282 3254 5344 constituit,
3292 5295 3412 5349 qua:
3441 5294 3667 5345 semper
3688 5317 3705 5337 .
3742 5284 3808 5329 ut

2192 5369 2307 5437 ipse
2336 5369 2543 5423 Tullius
2594 5371 2773 5425 multis
2804 5372 2856 5425 in
2885 5372 3021 5427 locis
3048 5372 3318 5435 defendit,
3349 5369 3474 5424 boni
3506 5378 3592 5424 est
3629 5384 3806 5437 appe-

2194 5469 2332 5515 tens.
2361 5466 2428 5515 At
2456 5476 2583 5516 vero
2628 5478 2745 5531 quae
2794 5466 3094 5531 posteriora
3127 5460 3284 5530 sun’t,
3317 5463 3369 5515 in
3419 5472 3666 5529 tempore
3695 5473 3803 5525 po-

2192 5555 2321 5614 sn‘t.
2356 5553 2552 5625 idcirco
2581 5555 2721 5624 quod
2745 5556 2923 5610 omnia
2956 5558 3188 5625 tempori
3218 5555 3479 5623 subjecta,
3517 5550 3770 5621 princip:

2190 5641 2255 5698 lis
2281 5647 2404 5699 bont
2437 5660 2541 5701 non
2571 5646 2803 5702 retinent
2847 5655 3072 5708 statum.
3127 5648 3305 5701 \‘irtus
3348 5643 3562 5715 quidem
3597 5642 3649 5697 in
3693 5639 3795 5692 de-
