4014 6336
293 393 429 448 1169

1152 381 1212 435 IN
1250 380 1485 435 TOPlC.\
1527 378 1882 435 CICERONIS
1919 377 2428 435 COMMENTARIA.
2471 381 2576 435 LIB
2616 381 2701 436 Vl.

3398 379 3529 435 “70

287 507 457 563 terius
485 504 620 559 ﬂecti
653 514 755 554 non
786 507 979 568 potest.
1016 497 1285 566 Ingenium
1335 511 1459 550 vero
1511 503 1668 565 atque
1702 510 1849 563 opes,
1884 494 1933 552 A
1960 495 2129 547 monia
2160 510 2179 549 :
2211 496 2429 565 primum
2475 498 2749 562 orationis,
2799 498 3005 551 oracula
3053 497 3185 552 enim
3222 514 3283 550 ex
3329 514 3387 551 eo
3418 500 3530 563 ipsi

287 598 495 650 fortuna
539 603 592 646 et
632 607 719 645 ars
762 599 919 658 atque
950 603 1074 642 usus
1110 603 1252 655 saepe
1280 602 1383 641 non
1415 594 1556 640 recta
1600 585 1856 638 exercita-

293 688 437 740 tione
484 686 862 753 depravantur.
911 681 1043 734 Nam
1084 678 1336 747 quidquid
1383 678 1568 731 horum
1616 677 1772 730 fuerit
1826 692 1854 729 a

288 780 483 830 virtute
510 776 830 841 seiunctum,
879 770 1189 841 dignitatem
1237 785 1374 822 vera:
1420 768 1589 821 laudis
1631 768 1851 829 amittit;

286 880 341 924 et
392 869 459 922 de
504 868 699 920 virtute
742 863 952 932 quidem
1000 863 1204 916 distulit
1251 862 1446 916 dicere.
1500 860 1852 914 Posteriorem

286 976 414 1012 vero
445 966 667 1025 partem,
698 955 751 1008 id
777 964 857 1009 est
890 959 939 1007 itt
986 962 1224 1022 tempore
1272 952 1455 1021 positae
1499 952 1851 1013 auctoritatis,

285 1049 466 1101 divisit
507 1058 561 1115 et
610 1044 1021 1100 evidentiSsimis
1062 1041 1307 1112 pateleeit
1335 1043 1612 1110 exemplis.
1640 1040 1772 1095 Nam
1803 1049 1857 1095 et

286 1140 510 1208 ingeniis
537 1137 667 1191 ﬁdes
696 1138 878 1201 adest,
921 1145 1079 1204 atque
1107 1149 1172 1188 ex
1203 1149 1262 1188 ea
1297 1144 1489 1201 priesto
1516 1141 1598 1186 est
1626 1132 1852 1185 auctori-

286 1241 367 1284 tas
398 1220 643 1299 plurima.
686 1226 793 1280 Eos
840 1226 1035 1294 quippe
1082 1224 1372 1293 sapientius
1416 1223 1556 1288 loqui
1612 1222 1854 1275 homines

284 1321 502 1376 credunt
522 1361 539 1386 ,
570 1334 796 1389 quorum
828 1317 1094 1387 ingenium
1123 1317 1189 1369 ad
1221 1314 1549 1383 expedienda
1580 1329 1696 1382 qua:
1730 1328 1851 1381 pro-

283 1411 587 1481 posuerint,
615 1407 831 1463 sul‘licit.
862 1406 1062 1475 Opibus
1103 1420 1312 1475 quoque
1357 1404 1744 1473 praeponentes,
1776 1403 1855 1457 di-

284 1516 415 1572 gnos
447 1499 551 1553 ﬁde
574 1498 841 1568 judicant,
871 1496 1082 1550 fortuna
1110 1511 1321 1566 quoque
1356 1505 1408 1549 et
1432 1496 1687 1565 dignitate
1712 1510 1853 1563 prac-

281 1589 456 1647 claris.
490 1589 819 1656 majestatem
857 1587 1187 1640 auctoritatis
1218 1586 1548 1653 impertiunt,
1584 1600 1687 1638 non
1712 1594 1853 1638 recte

281 1681 539 1743 lortasse;
573 1678 668 1733 sed
695 1687 748 1732 et
774 1676 1032 1746 judicium
1078 1678 1130 1731 in
1164 1678 1410 1745 negotiis,
1434 1685 1493 1731 et
1532 1677 1853 1731 existimatio

280 1773 423 1837 vitae,
465 1772 717 1839 opinione
762 1770 1034 1824 hominum
1087 1770 1320 1824 maxime
1366 1771 1685 1835 continetur,
1734 1784 1851 1838 qua:

1960 586 2217 653 appellata
2246 594 2395 649 sunt,
2425 588 2559 654 quod
2585 588 2711 641 inest
2746 586 2823 641 Itis
2855 588 3063 640 deorum
3106 588 3303 645 oratio;
3350 589 3531 640 deinde

1958 692 2125 728 rerum
2154 676 2337 745 quibus
2361 677 2527 730 insunt
2550 678 2696 748 quasi
2721 679 2891 732 divina
2921 679 3157 747 quendam
3186 694 3337 747 Opera
3368 692 3385 728 :
3416 678 3527 746 pri-

1962 781 2095 817 murn
2140 766 2246 833 ipse
2290 767 2522 832 mundus,
2550 772 2757 839 ejusque
2798 769 2957 821 omnis
3006 768 3136 829 ordo
3183 777 3228 821 et
3279 778 3527 826 ornatus;

1959 856 2194 927 deinceps
2213 858 2346 909 aerei
2362 858 2558 910 rolatus
2584 860 2751 911 avium
2773 869 2919 928 atque
2943 868 3149 922 cantus;
3180 858 3362 912 deinde
3388 861 3529 928 ejus-

1959 948 2072 1000 dem
2109 949 2239 1001 ueris
2279 950 2475 1001 sonitus
2513 959 2558 1003 et
2596 950 2837 1016 ardores,
2881 952 3251 1017 multarumque
3280 936 3449 1001 rerum
3478 949 3531 999 in

1960 1049 2092 1091 terra
2114 1049 2364 1107 portenta,
2389 1049 2539 1110 atque
2561 1042 2712 1093 etiam
2735 1058 2822 1111 per
2848 1050 2965 1094 exta
3003 1042 3205 1096 inventa
3228 1042 3523 1110 prcesensio.

1961 1132 2000 1180 Α
2023 1131 2382 1183 dormientibus
2403 1147 2599 1200 quoque
2618 1134 2775 1185 multa
2796 1133 3081 1202 signiﬁcata
3102 1133 3240 1201 visis,
3255 1133 3435 1202 quibus
3462 1149 3524 1184 ea:

1960 1219 2084 1270 locis
2105 1220 2236 1271 sumi
2262 1220 2515 1272 interdum
2540 1220 2702 1273 solent
2724 1222 2791 1273 ad
2814 1222 2965 1286 ﬁdem
2991 1224 3278 1290 faciendam
3307 1223 3529 1276 testimo-

1959 1308 2043 1359 nia
2068 1309 2300 1359 deorum.
2330 1308 2391 1361 In
2421 1311 2622 1363 homine
2649 1311 2844 1364 virtutis
2876 1313 3047 1376 opinio
3074 1314 3202 1366 valet
3227 1312 3526 1379 plurimum.

1963 1398 2149 1467 Opinio
2163 1408 2327 1451 autem
2350 1408 2442 1463 est,
2468 1417 2569 1452 non
2592 1403 2741 1452 modo
2762 1417 2846 1453 eos
2868 1402 3098 1455 rirtutem
3126 1403 3306 1455 habere
3330 1402 3416 1471 qui
3438 1401 3528 1454 Ita-

1959 1489 2127 1554 beant,
2140 1489 2230 1542 sed
2250 1506 2329 1542 eos
2344 1491 2493 1546 etiam
2507 1492 2593 1559 qui
2614 1490 2797 1544 habere
2808 1491 3089 1546 videantur.
3111 1492 3289 1561 Itaque
3307 1510 3431 1561 quos
3450 1493 3526 1544 iu-

1956 1581 2125 1649 genio,
2150 1597 2275 1651 quos
2304 1583 2491 1645 studio,
2519 1599 2644 1653 quos
2670 1585 2905 1638 doctrina
2926 1586 3161 1655 praeditos
3182 1587 3369 1651 uident,
3397 1602 3527 1652 quo-

1957 1688 2168 1737 rumque
2189 1674 2325 1725 niam
2340 1684 2650 1729 constantem
2678 1686 2723 1729 et
2753 1678 3013 1744 probatam
3032 1720 3046 1743 ,
3072 1690 3123 1731 ut
3156 1678 3385 1745 Catonis,
3415 1676 3527 1733 Lce-

1957 1761 2036 1827 lii,
2072 1762 2328 1832 Scipionis
2365 1766 2679 1833 aliorumque
2731 1767 2987 1834 plurium,
3024 1770 3257 1822 viden'ur
3304 1771 3375 1824 eis
3422 1787 3527 1823 esse
3578 1781 3587 1792 '

278 1865 398 1932 quia
424 1863 615 1917 mutari
644 1864 736 1917 νὴ
766 1871 959 1930 potest,
989 1862 1055 1915 οδ
1108 1877 1225 1916 eam
1269 1873 1459 1917 ωηοιει
1496 1862 1713 1931 diriget,
1760 1878 1859 1917 ea-
1886 1859 1929 1917 Β
1957 1852 2129 1919 quales
2149 1853 2318 1921 seipsi
2342 1855 2511 1907 velint.
2539 1854 2647 1907 Nec
2667 1855 2827 1909 solum
2854 1873 2936 1911 eos
2958 1868 3155 1911 censent
3174 1859 3298 1913 tales
3319 1876 3423 1913 esse
3442 1862 3527 1927 qui

279 1966 383 2022 que
412 1952 516 2005 sibi
547 1951 816 2005 tractanda
844 1951 1181 2021 regendaque
1219 1961 1478 2020 proponet
1504 1961 1703 2006 orator.
1749 1958 1849 2006 Ars

280 2044 438 2097 etiam
465 2051 623 2110 atque
661 2056 790 2097 usus
827 2042 1108 2109 plurimam
1139 2041 1334 2097 valent.
1362 2042 1416 2095 In
1439 2042 1678 2111 utrisque
1706 2043 1849 2096 enim

279 2132 438 2187 ﬁdem
468 2133 655 2187 notitia
676 2132 820 2187 facit.
851 2132 1151 2189 Necessitas
1181 2148 1388 2203 quoque
1409 2173 1424 2197 ,
1455 2135 1604 2202 quasi
1631 2133 1683 2188 id
1710 2134 1847 2203 quod

278 2224 493 2288 latebat,
517 2232 858 2294 extorqueas,
883 2225 1197 2279 auctoritate
1217 2224 1444 2278 subnixa
1467 2235 1571 2287 est,
1597 2241 1715 2294 qua:
1739 2235 1847 2279 tum

280 2314 345 2369 ab
361 2315 563 2380 animo,
586 2324 696 2370 tum
718 2330 748 2368 a
769 2316 1081 2384 corporibus
1112 2316 1287 2369 venit:
1310 2332 1337 2369 a
1367 2317 1704 2385 corporibus,
1729 2332 1848 2370 cum

280 2408 410 2476 igni,
441 2406 582 2461 l'erro
608 2422 669 2461 ac
693 2408 1003 2461 verberibus
1032 2422 1213 2461 verum
1254 2408 1392 2475 quod
1425 2408 1554 2462 latet
1581 2409 1845 2477 aperitur;

278 2498 346 2551 ab
391 2500 604 2563 animo,
652 2513 772 2552 cum
822 2513 973 2553 mens
1022 2498 1249 2568 quadam
1301 2486 1714 2568 perturbationis
1767 2502 1848 2555 vel

208 2578 224 2593 ⁸
277 2588 589 2657 ignorantiae
618 2589 935 2644 necessitate
965 2589 1326 2643 contunditur.
1359 2591 1509 2645 Tunc
1540 2592 1679 2644 enim
1724 2590 1848 2660 quid

275 2678 406 2744 dici,
438 2680 561 2750 quid
596 2681 757 2734 taceri
785 2681 1007 2748 debeat,
1040 2681 1255 2736 minime
1284 2682 1634 2751 distinguens,
1666 2697 1846 2737 verum

276 2770 417 2839 quod
444 2772 708 2824 occultum
738 2780 871 2834 erat,
905 2772 1079 2840 prodit
1115 2781 1273 2841 atque
1310 2772 1533 2827 etIundit
1562 2773 1612 2826 in
1655 2776 1845 2828 lucem.

276 2860 408 2915 Nam
435 2861 707 2915 iracundia
726 2876 891 2929 saepe.
920 2870 972 2916 et
998 2862 1247 2930 qumlibet
1289 2862 1449 2917 animi
1495 2863 1847 2933 perturbatio,

276 2949 416 3020 quod
448 2950 819 3003 occultandum
849 2952 1009 3014 l'oret,
1043 2950 1180 3005 haud
1206 2952 1474 3019 continet,
1505 2968 1622 3021 qua:
1648 2952 1847 3007 idcirco

278 3040 437 3095 habet
463 3041 830 3095 auctoritatem
856 3042 920 3096 ad
950 3044 1129 3111 ﬁdem,
1161 3045 1282 3114 quia
1311 3045 1622 3113 simpliciter
1643 3046 1845 3115 prodita

277 3139 421 3195 sunt,
451 3130 675 3183 ueculla
717 3132 1023 3187 calliditatis
1064 3142 1179 3187 arte
1220 3134 1447 3202 prolata.
1495 3137 1633 3201 Quin
1686 3148 1843 3191 etiam

1955 1941 2007 1993 in
2034 1940 2308 1996 honoribus
2332 1945 2507 2012 pepuli
2530 1962 2677 2010 reque
2697 1946 2849 2015 pubfi.
2867 1964 2899 2000 a
2926 1959 3205 2013 rersantur,
3229 1951 3317 2003 sed
3340 1960 3383 2002 et
3412 1966 3527 2003 ora-

1954 2042 2104 2096 tores,
2135 2043 2182 2086 et
2213 2035 2560 2106 phit050pltos,
2594 2048 2641 2089 et
2686 2049 2877 2106 poetas,
2908 2050 2955 2092 et
2987 2041 3273 2104 historicos,
3306 2058 3367 2095 ea:
3396 2060 3524 2112 quo-

1966 2139 2080 2174 rum
2103 2132 2149 2175 et
2180 2124 2324 2176 dictis
2346 2135 2391 2177 et
2420 2127 2619 2196 scriptis
2649 2144 2781 2198 swpe
2810 2131 3092 2183 auctoritas
3122 2133 3310 2200 petitur
3340 2134 3408 2185 ad
3447 2136 3525 2203 fa-

1955 2211 2184 2263 ciendam
2210 2212 2384 2279 ﬁdem.
2412 2213 2673 2283 Expositis
2699 2218 2930 2271 omnibus
2967 2222 3358 2290 argumentandi
3379 2222 3527 2288 loc'is,

1954 2301 2083 2353 illud
2116 2290 2751 2374 primum.intelligrndum
2780 2315 2872 2374 est,
2906 2326 2995 2363 nec
3024 2310 3184 2364 ullum
3214 2328 3322 2365 esse
3351 2312 3528 2382 dispu—

1954 2397 2213 2461 tationem,
2245 2399 2299 2450 in
2324 2415 2422 2465 qua
2467 2416 2570 2453 non
2601 2403 2784 2471 aliquis
2815 2403 2955 2457 locus
3004 2405 3250 2471 incurrat,
3291 2424 3381 2460 nec
3424 2409 3531 2476 fere

1953 2500 2122 2538 omnes
2176 2487 2310 2538 locos
2360 2487 2587 2541 incidere
2633 2491 2685 2542 in
2737 2507 2931 2543 omnem
2961 2496 3309 2562 quaestionem,
3336 2506 3381 2549 et
3405 2499 3525 2566 qui-

1953 2575 2164 2628 busdam
2184 2578 2543 2644 quwstiouibus
2574 2580 2725 2643 alios,
2749 2581 3049 2646 quibusdam
3080 2598 3185 2636 esse
3211 2585 3338 2637 alios
3357 2586 3526 2655 aptio-

1949 2684 2029 2721 res
2058 2668 2213 2721 locos.
2264 2668 2615 2732 Quwstionum
2659 2672 2760 2723 duo
2786 2682 2901 2724 sunt
2927 2688 3131 2741 genera,
3161 2672 3371 2726 alterum
3399 2676 3523 2741 inﬁ-

1952 2759 2134 2825 nitum,
2162 2759 2423 2828 deﬁnitum
2453 2760 2690 2813 alterum.
2727 2759 3004 2829 Deﬁnitum
3034 2764 3259 2832 estquod
3282 2766 3521 2820 ὑπόθεσιν

1951 2851 2149 2917 Cruci,
2191 2867 2281 2906 nos
2330 2869 2575 2916 causam;
2617 2854 2907 2918 inﬁnitum,
2964 2858 3099 2921 quod
3146 2858 3276 2911 θέσιν
3313 2858 3389 2909 illi
3427 2876 3523 2926 ap-

1951 2945 2159 3013 pellant,
2212 2961 2301 2998 nos
2345 2946 2663 3015 prepositum
2710 2962 2978 3014 possumus
3031 2950 3313 3004 nominare.
3356 2948 3526 3003 Causa

1949 3036 2098 3087 certis
2121 3036 2369 3103 personis,
2404 3036 2549 3099 locis,
2582 3038 2909 3102 temporibus,
2961 3039 3263 3106 actionibus,
3310 3041 3525 3109 negotiis

1950 3126 2191 3189 cernitur,
2226 3135 2313 3179 aut
2344 3128 2394 3178 in
2429 3127 2776 3183 omnibusaut
2802 3128 2852 3181 in
2881 3130 3136 3199 plerisque
3160 3147 3357 3187 eorum.
3393 3133 3525 3186 Pro-

276 3220 571 3287 jgnommia
622 3235 933 3289 puerorum’
979 3223 1285 3283 vinolentia.
1332 3241 1550 3280 somnus
1602 3228 1844 3295 (μιεεάωη
1874 3226 1917 3287 C
1951 3217 2170 3285 positum
2195 3227 2361 3270 autem
2389 3219 2443 3268 in
2488 3218 2659 3286 aliquo
2707 3235 2883 3272 eorum
2935 3232 3021 3273 aut
3066 3223 3116 3273 in
3150 3223 3395 3291 pluribus.
3438 3241 3527 3279 nec

278 3324 422 3378 saepe
464 3311 714 3379 produxit
765 3314 817 3365 in
860 3313 1090 3367 medium
1117 3355 1134 3379 ,
1180 3315 1231 3369 in
1275 3317 1464 3385 quibus
1489 3318 1533 3371 si
1590 3318 1845 3386 judicium

277 3399 462 3455 luisset
492 3403 676 3464 ullum,
710 3404 911 3470 prolata
943 3421 1048 3458 non
1077 3415 1278 3460 essent.
1310 3408 1463 3477 Srepe
1490 3410 1647 3462 etiam
1678 3410 1848 3463 homi-

274 3506 375 3545 nes
403 3499 597 3559 prmter.
624 3494 780 3545 ullam
818 3494 982 3548 animi
1007 3498 1458 3564 perturbationem
1488 3501 1849 3567 imprudentes

279 3585 495 3651 pr0pria
520 3584 857 3639 confessione
877 3588 1089 3655 obligati
1113 3598 1257 3654 sunt,
1286 3590 1409 3643 dum
1433 3602 1620 3645 cuneta
1644 3593 1850 3662 simpli-

276 3674 411 3726 citer
437 3672 734 3738 ell‘undunt,
765 3688 885 3741 qua:
912 3675 1011 3729 sihi
1036 3678 1273 3731 nocitura
1304 3696 1406 3732 non
1437 3682 1765 3750 existimant,
1795 3694 1847 3737 ut

277 3764 511 3819 Staterio
524 3766 766 3821 evenisse
785 3769 1175 3838 proposuit,qui
1200 3772 1508 3840 interposito
1533 3775 1730 3843 pariile
1748 3786 1853 3830 tes-

280 3858 417 3911 tibus
444 3857 778 3912 audientibus
799 3874 860 3912 ea
882 3860 1156 3915 coniessus
1173 3871 1273 3927 est,
1292 3863 1539 3931 ignorans
1562 3881 1617 3920 se
1638 3867 1703 3921 ab
1727 3868 1853 3922 insi-

279 3942 743 4015 diantibuSaudiri,
762 3949 952 4018 quibus
978 3942 1201 4020 vulgatis
1224 3953 1272 4006 in
1291 3955 1652 4026 iudiciumque
1675 3960 1817 4026 prola
1834 3987 1850 3999 -

279 4037 365 4101 tis,
389 4036 601 4105 capitali
621 4040 877 4093 sententia
896 4040 1275 4096 condemnatus
1290 4055 1390 4099 est.
1410 4047 1579 4117 Atque
1603 4051 1713 4103 lucc
1734 4054 1850 4119 qui-

280 4128 399 4183 dem
450 4131 743 4199 ignorantia
790 4132 839 4186 in
886 4137 1200 4190 necessitate
1238 4141 1523 4194 constituta
1572 4153 1681 4207 est;
1729 4161 1848 4198 ttulit

280 4223 369 4291 qui
396 4225 561 4278 nescit
588 4224 637 4277 id
660 4224 800 4293 quod
832 4226 1058 4296 ignorat,
1092 4244 1160 4283 ne
1190 4231 1232 4283 si
1264 4231 1386 4285 velit
1413 4234 1625 4301 quidem
1660 4240 1849 4304 poterit

278 4316 509 4381 evitare;
542 4332 659 4386 quae
688 4327 861 4373 autem
905 4322 1192 4375 necessitas
1219 4333 1524 4393 extorquet,
1568 4328 1677 4395 ipsa
1718 4345 1847 4397 quo-

280 4406 562 4461 dammodo
588 4408 794 4463 videtur
815 4412 1007 4465 veritas
1024 4412 1409 4483 dicere,atqne
1438 4416 1559 4470 ideo
1582 4418 1659 4471 eis
1686 4420 1845 4474 veluti

280 4500 590 4554 auctoritate
612 4502 852 4556 subnixis
885 4502 1015 4558 ﬁdes
1042 4506 1343 4561 adhibetur.
1375 4508 1661 4562 Concursio
1684 4514 1845 4564 etiam

1951 3309 2212 3361 tamenin
2239 3310 2494 3362 maximis.
2518 3309 2542 3362 Ι
2551 3323 2700 3380 taque
2730 3314 3046 3381 propositum
3084 3332 3203 3385 pars
3231 3334 3400 3371 causa:
3430 3329 3525 3372 est.

1955 3396 2058 3451 Sed
2079 3400 2240 3450 omnis
2258 3400 2466 3466 quwstio
2490 3417 2670 3453 earum
2696 3402 2871 3471 aliqua
2900 3405 2963 3456 de
2989 3421 3043 3458 re
3069 3416 3143 3458 est
3166 3408 3341 3474 quibus
3361 3424 3527 3463 causa’

1953 3490 2291 3555 continentur,
2327 3499 2411 3542 aut
2444 3507 2565 3554 una,
2597 3501 2686 3544 aut
2734 3492 2984 3559 pluribus,
3029 3504 3116 3546 aut
3165 3513 3528 3567 nonnunquam

1952 3578 2199 3631 omnibus.
2238 3579 2581 3645 Quwstionum
2607 3592 2776 3647 autem
2804 3600 3100 3654 quacunque
3121 3589 3183 3640 de
3203 3603 3256 3639 re
3280 3593 3401 3653 sint,
3424 3592 3525 3643 duo

1953 3678 2070 3722 sunt
2099 3687 2303 3739 genera,
2336 3688 2495 3724 unum
2533 3674 2859 3741 cognitionis,
2910 3677 3127 3730 alterum
3158 3681 3388 3733 actionis.
3423 3681 3525 3736 Co-

1953 3765 2194 3832 gnitionis
2221 3775 2335 3817 sunt
2373 3765 2454 3818 Ita:
2482 3783 2694 3833 quorum
2724 3769 2840 3836 ﬁnis
2865 3780 2935 3822 est
2965 3772 3209 3838 scientia,
3229 3783 3282 3826 ut
3315 3775 3358 3827 si
3387 3791 3525 3842 qua:-

1954 3864 2137 3906 ratur:
2168 3856 2209 3906 Α
2241 3864 2422 3907 natura
2440 3857 2532 3925 jus
2558 3858 2835 3927 profectum
2862 3861 2954 3925 sit,
2977 3878 3041 3914 an
3072 3865 3132 3915 ab
3163 3865 3335 3934 aliqua
3381 3870 3527 3934 quasi

1953 3951 2240 4002 conditione
2269 3950 2531 4003 hominum
2575 3960 2623 4005 et
2676 3955 2945 4021 pactione?
2974 3956 3200 4011 Actionis
3238 3971 3405 4014 autem
3432 3962 3527 4013 Iut-

1945 4042 2173 4109 jusmodi
2197 4043 2425 4110 exempla
2446 4052 2563 4096 sunt
2595 4058 2612 4095 :
2639 4043 2782 4098 Sitne
2803 4047 3048 4116 sapientis
3079 4049 3146 4100 ad
3168 4052 3526 4120 rempublicam

1952 4146 2052 4182 acc.
2071 4130 2224 4183 dere?
2264 4129 2577 4200 Cagnitionis
2603 4134 2906 4201 quwstiones
2950 4137 3216 4204 tripartite:
3240 4152 3377 4203 suut,
3410 4159 3525 4194 cum

1951 4240 2017 4276 an
2039 4225 2121 4287 sit,
2153 4232 2253 4275 aut.
2284 4226 2405 4290 quid
2451 4226 2538 4291 εἰ,
2589 4235 2675 4277 aut
2716 4228 2866 4296 quale
2896 4228 2980 4292 sit,
3009 4231 3274 4297 quwritur.
3322 4232 3524 4288 [larum

1954 4314 2173 4379 primum
2221 4318 2538 4382 conjectura,
2565 4316 2838 4368 secundum
2869 4319 3183 4385 deﬁnitione,
3211 4324 3415 4376 tertium
3431 4328 3524 4395 ju-

1950 4404 2019 4455 ris
2048 4413 2091 4457 et
2118 4404 2325 4473 injuria:
2351 4405 2672 4458 distinctione
2696 4408 3002 4475 explicatur.
3034 4408 3348 4481 Conjectura:
3392 4420 3522 4470 ratio

1951 4495 2003 4547 in
2030 4504 2246 4562 quatuor
2278 4502 2444 4564 pa'rtes
2476 4498 2744 4552 distributa
2776 4509 2872 4565 est,
2903 4518 3120 4571 quarum
3151 4522 3253 4558 una
3291 4518 3385 4572 est,
3412 4526 3526 4564 cum

281 4600 456 4639 rerum
486 4588 815 4643 [οτιυίιεπυηι
847 4590 970 4644 [πει
1021 4594 1176 4647 ﬁdem
1199 4636 1212 4657 ,
1254 4611 1373 4664 qua,
1412 4612 1529 4650 cum
1566 4598 1851 4668 aliquoties
1876 4586 1928 4644 D
1950 4586 2208 4652 qtucritur,
2236 4587 2382 4641 Sitne
2407 4589 2636 4657 aliquid?
2660 4590 2839 4657 altera,
2870 4590 3017 4646 Unde
3036 4605 3200 4647 ortum
3228 4598 3523 4667 sit?tertia,

279 4675 412 4729 falsa
438 4677 698 4748 designet,
735 4692 909 4736 tamen
948 4683 1018 4736 ita
1049 4696 1129 4738 est
1159 4688 1475 4752 tehemcns,
1505 4698 1559 4742 ut
1598 4706 1655 4743 se
1684 4692 1749 4744 ah
1784 4708 1844 4745 ea

278 4766 471 4819 veritas
494 4768 759 4835 explicare
788 4771 870 4822 vix
905 4763 1290 4840 p05sit.'Quale
1318 4787 1399 4831 cst
1428 4780 1566 4847 quod
1598 4780 1664 4835 de
1697 4784 1847 4836 Pala-

279 4856 432 4909 mede
460 4869 726 4912 narratur.
754 4861 925 4930 Pltrys
952 4866 1259 4931 exstinctus,
1290 4869 1377 4936 qui
1408 4873 1554 4938 quasi
1581 4888 1607 4923 a
1634 4874 1844 4927 Priamo

278 4944 471 4998 missus
516 4946 820 5015 videretur,
867 4962 1090 5017 reperta:
1138 4954 1327 5009 Priami
1380 4959 1566 5014 littera:
1619 4964 1844 5033 Phrygia

279 5048 465 5087 manus
494 5036 718 5104 imitata,
742 5055 859 5105 quin
888 5045 1253 5096 concurrentia
1278 5046 1432 5098 iidem
1464 5049 1698 5107 facerent
1721 5072 1840 5122 [:ru-

277 5124 513 5181 ditionis.
542 5128 674 5182 Hinc
702 5129 829 5183 dicit
862 5130 1049 5185 Cicero
1088 5151 1100 5185 :
1136 5135 1277 5189 Talis
1318 5138 1475 5193 etiam
1509 5142 1838 5201 fortuitarum

277 5218 453 5271 rerum
483 5223 761 5274 concursio
787 5233 868 5276 est
898 5228 935 5276 ‘.

356 5308 525 5378 Hujus
557 5312 708 5364 etiam
739 5316 935 5380 generis
962 5328 1032 5369 est
1060 5317 1198 5384 fatua
1228 5319 1392 5388 vulgi,
1423 5325 1675 5389 quoddam
1708 5331 1841 5382 mul-

242 5472 245 5475 _
281 5404 507 5455 titudinis
531 5407 891 5459 testimonium.
920 5409 1047 5471 Qum
1070 5421 1236 5463 autem
1259 5412 1436 5466 virtute
1456 5415 1609 5480 ﬁdem
1629 5422 1843 5488 faciunt,

280 5511 337 5563 ea
369 5497 604 5564 bipartito
630 5506 763 5549 sunt.
801 5497 1087 5575 Exquibus
1117 5504 1329 5554 alterum
1357 5516 1539 5557 na'ura
1578 5509 1727 5573 vti/et,
1761 5512 1843 5563 al-

281 5600 440 5639 terum
466 5589 737 5641 industria.
778 5589 995 5643 Deorum
1032 5594 1161 5644 enim
1202 5595 1358 5647 rirtus
1388 5605 1572 5649 natura
1606 5602 1800 5653 excellit
1826 5648 1839 5669 ,

282 5682 538 5733 hominum
566 5691 735 5733 autem
766 5680 1038 5738 industria.
1080 5684 1257 5737 Divina
1284 5687 1392 5740 Iza'c
1419 5689 1523 5755 fere
1563 5702 1678 5744 sunt
1708 5696 1845 5746 testi-

1952 4679 2076 4744 Qute
2097 4680 2149 4731 id
2176 4697 2327 4734 causa
2354 4680 2613 4747 e/i'ecerit?
2640 4694 2841 4753 quarta,
2864 4687 2916 4739 in
2945 4704 3046 4755 qua
3067 4691 3129 4742 de
3153 4696 3427 4748 mutatione
3452 4702 3523 4750 rei

1947 4771 2191 4838 quieritur
2206 4788 2222 4824 :
2238 4772 2317 4827 Sit
2341 4790 2494 4827 necne
2511 4776 2575 4828 sit
2593 4774 2941 4845 ?Ecquidnam
2957 4779 3225 4836 honestum
3246 4788 3331 4853 sit,
3346 4792 3524 4854 ecquid

1947 4877 2147 4931 a’quum
2172 4879 2363 4927 revera,
2392 4882 2459 4917 an
2486 4867 2590 4919 [nec
2619 4876 2817 4922 tantum
2837 4872 3074 4939 opinione
3094 4876 3233 4929 sint?
3257 4876 3404 4932 Unde
3430 4898 3525 4935 au-

1947 4963 2043 5006 tem
2081 4957 2144 5008 sit
2188 4965 2375 5021 ortum,
2424 4967 2479 5011 ut
2522 4977 2636 5013 cum
2683 4964 2928 5029 quwritur
2976 4976 3162 5021 natura
3190 4986 3256 5021 an
3284 4970 3520 5026 doctrina

1949 5049 2105 5113 possit
2131 5049 2255 5117 efﬁci
2280 5051 2473 5103 virtus?
2500 5052 2666 5106 Causa
2691 5057 2901 5124 efficiens
2932 5059 3025 5123 sic,
3055 5069 3108 5111 ut
3140 5076 3251 5112 cum
3272 5065 3519 5131 qumrituu

1948 5141 2128 5207 quibus
2145 5143 2288 5195 rebus
2310 5143 2591 5211 eloquentia
2614 5149 2893 5215 efﬁciatur?
2918 5149 2992 5205 De
3018 5156 3405 5208 commutatione
3426 5160 3525 5221 sic;

1952 5231 2184 5287 Possilne
2228 5236 2509 5304 eloquentia
2551 5245 2936 5295 commutatione
2983 5245 3154 5313 aliqua
3201 5252 3424 5303 converti
3474 5254 3525 5306 in

1951 5333 2217 5401 infantiam
2242 5337 2264 5388 ?
2294 5334 2418 5389 Cum
2448 5349 2618 5391 autem
2656 5342 2779 5409 quid
2810 5343 2879 5394 sit
2900 5346 3165 5411 quierittu',
3192 5350 3332 5400 notio
3358 5354 3523 5415 expli-

1952 5427 2115 5478 canda
2162 5438 2255 5488 est,
2306 5438 2351 5479 et
2394 5432 2699 5497 proprietas,
2730 5443 2777 5483 et
2825 5432 3034 5497 divisio,
3064 5446 3111 5488 et
3141 5439 3386 5505 partitio;
3418 5443 3523 5495 lucc

1954 5516 2211 5569 enimsunt
2234 5519 2514 5582 deﬁnitioni
2531 5524 2793 5577 attributa.
2816 5525 3035 5577 Additur
3055 5528 3207 5581 etiam
3224 5529 3522 5600 descripfio,

1953 5622 2101 5672 quam
2151 5606 2313 5659 (ἰνωεὶ
2352 5600 2647 5685 {inor/potoria
2706 5623 2901 5666 vocant.
2952 5613 3108 5670 Notio
3152 5618 3224 5673 sic
3254 5622 3521 5689 qumritur.

1962 5704 2105 5758 Sitne
2138 5704 2192 5756 id
2230 5721 2428 5769 nequam
2475 5712 2611 5774 quod
2658 5712 2702 5763 ei
2747 5713 2831 5769 qui
2871 5713 2985 5785 plus
3031 5727 3189 5787 potest
3241 5722 3362 5774 utile
3413 5724 3524 5775 est!

346 5807 359 5825 '
396 5804 531 5853 Finis
556 5801 694 5862 hujus
717 5808 842 5853 sexti
867 5807 1172 5857 desideratur
1200 5817 1247 5859 et
1273 5818 1399 5859 totus
1422 5817 1678 5878 septimus,
1706 5833 1802 5881 quo
1826 5834 2039 5875 scuuens
2062 5825 2308 5876 Ciceronis
2332 5832 2496 5876 textus
2522 5842 2633 5886 etot
2651 5833 2870 5885 nebatur.
