4014 6336
577 411 701 469 tm
1806 401 1916 456 AN.
1948 395 2151 452 sum.
2192 392 2342 448 sev.
2387 358 2603 447 nat-2m
3669 390 3781 446 tm

578 525 871 598 Proprietas
898 525 989 589 sic,
1023 524 1084 577 In
1115 524 1432 576 hominemne
1458 521 1624 574 solunt
1661 519 1830 582 cadat,
1874 533 1939 568 an
1987 514 2136 567 etiam
2163 510 2216 567 Α
2241 517 2321 560 tur
2352 510 2607 579 bipartito,
2664 518 2709 562 et
2746 516 2949 573 natura,
2994 516 3039 561 et
3094 506 3343 560 instituto.
3389 505 3590 569 Natura
3642 519 3783 575 partes

578 622 627 670 in
648 618 839 671 belluas
861 615 1150 685 egritudo?
1172 612 1363 666 Divisio
1385 620 1431 666 et
1454 611 1626 664 eodem
1649 618 1795 680 pitcto
1820 606 2027 676 partitio
2047 606 2139 667 sic,

576 706 762 759 Triane
809 721 994 776 genera
1041 705 1285 757 bonorum
1330 703 1473 756 sint?
1514 699 1823 766 Descriptio,
1872 696 2039 767 qualis
2080 694 2143 746 sit

576 815 780 854 avarus.
812 799 975 866 qualis
1004 804 1306 861 assentator,
1352 804 1633 863 cw’eraque
1673 790 1899 861 ejusdem
1925 785 2142 858 generis,

576 890 628 941 in
658 888 840 963 quibus
855 897 900 939 et
929 896 1113 940 natura
1138 899 1181 939 et
1203 888 1304 939 vita
1325 886 1642 937 describitur.
1674 882 1800 935 Cum
1825 891 1988 932 autem
2011 893 2147 942 qua:-

578 980 710 1031 ritur
738 979 885 1046 quale
911 978 1035 1047 quid
1060 978 1147 1044 sit,
1179 986 1264 1029 aut
1288 976 1583 1043 simpliciter
1606 974 1871 1042 quteritur,
1894 979 1980 1022 aut
2009 984 2149 1021 com-

579 1078 756 1137 parate
785 1084 803 1120 .·
834 1069 1152 1134 simpliciter,
1191 1065 1551 1136 Expetendane
1579 1065 1642 1142 sit
1692 1062 1901 1133 gloria?
1938 1075 2145 1128 compa-

581 1171 709 1220 rate,
755 1158 1173 1224 Prteponendane
1220 1160 1283 1211 sit
1334 1158 1524 1211 divitiis
1573 1156 1782 1226 gloria?
1824 1152 2146 1221 Simplicium

582 1248 679 1300 tria
716 1264 899 1317 genera
930 1258 1066 1308 sunt.
1090 1247 1365 1316 expetendo
1405 1244 1763 1315 fugiendoque,
1815 1243 1877 1293 de
1917 1256 2057 1310 requa
2104 1249 2150 1291 et

584 1338 779 1406 iniquo,
806 1339 867 1391 de
892 1339 1099 1391 ltonesto
1115 1349 1160 1391 et
1177 1340 1336 1405 turpi.
1362 1337 1808 1406 Comparationum
1829 1343 1993 1385 autem
2024 1332 2145 1397 duo,

585 1443 739 1478 unum
768 1429 831 1481 de
858 1429 1032 1482 eodem
1054 1439 1098 1479 et
1121 1427 1245 1489 alio,
1278 1427 1494 1479 alterunt
1523 1427 1585 1477 de
1628 1425 1819 1483 maiore
1858 1434 1904 1476 et
1937 1424 2147 1474 minore.

592 1513 663 1567 De
684 1519 959 1585 expetendo
992 1528 1037 1570 et
1066 1518 1307 1587 fugiendo
1330 1516 1657 1581 huiusmodi:
1684 1514 1741 1568 Si
1764 1514 2051 1582 expstenda:
2074 1512 2152 1564 di-

588 1605 741 1670 vitire,
786 1608 827 1659 si
875 1607 1119 1678 fugienda
1159 1616 1455 1676 paupertas.
1514 1605 1587 1656 De
1634 1619 1776 1670 requa
1832 1612 1877 1656 et
1925 1604 2150 1671 iniquo:

589 1692 883 1764 cEquamue
904 1700 967 1750 sit
997 1697 1172 1750 ulcisci
1199 1716 1229 1748 a
1256 1714 1552 1766 quocunque
1577 1698 1822 1768 injuriam
1861 1694 2156 1763 acceperis?

592 1786 668 1839 De
707 1785 914 1842 honesto
939 1799 985 1843 et
1012 1792 1182 1859 turpi:
1208 1788 1559 1842 Honestumne
1587 1790 1651 1841 sit
1674 1805 1766 1858 pro
1790 1788 1957 1855 patria
1984 1787 2109 1838 mori
2133 1788 2156 1838 ?

2249 600 2394 653 habet
2426 600 2575 663 duas,
2602 599 2861 652 tuitionem
2889 598 2967 651 sui
3008 607 3055 651 et
3104 598 3380 652 ulciscendi
3402 598 3511 667 jus.
3560 596 3783 653 Institutio

2248 703 2415 746 autem
2442 694 2696 761 aequitatis
2721 695 2975 763 tripartita
3003 701 3076 745 est
3111 709 3128 746 :
3157 710 3260 745 una
3307 709 3428 758 pars
3457 694 3674 760 legitima
3704 704 3783 761 est,

2247 786 2409 837 altera
2448 785 2766 850 conveniens,
2800 785 2949 837 tertia
2995 784 3152 839 moris
3198 792 3442 837 vetustate
3489 785 3785 851 conﬁrmata.

2249 878 2413 946 Atque
2450 881 2599 931 etiam
2650 888 2825 931 rursus
2865 879 3075 945 wgaitas
3129 878 3383 947 tripartito
3433 879 3623 930 dicitur
3661 894 3787 933 esse:

2250 984 2352 1019 una
2382 969 2449 1020 ad
2495 984 2702 1038 superos
2731 968 2871 1030 deos,
2908 967 3070 1021 altera
3122 968 3189 1020 ad
3237 984 3434 1033 manes,
3463 970 3691 1021 tertiaad
3716 972 3789 1023 lto-

2250 1060 2406 1113 mines
2436 1061 2699 1128 pertinere.
2732 1060 2907 1113 Prima
2936 1062 3116 1131 pietas,
3139 1061 3365 1113 secunda
3386 1061 3645 1124 sanctitas,
3672 1065 3790 1117 tertia

2244 1151 2449 1216 justitia
2472 1163 2621 1222 atque
2644 1152 2857 1220 (equites
2902 1153 3254 1205 nominantur.
3313 1150 3387 1204 De
3406 1153 3666 1223 proposito
3691 1165 3789 1207 ssns

2252 1240 2448 1301 multa;
2482 1242 2714 1308 deinceps
2734 1240 2798 1293 de
2817 1255 2971 1292 causa
3000 1242 3245 1307 pauciora
3271 1241 3490 1293 dicenda
3537 1251 3673 1299 sunt.
3707 1243 3790 1305 ple-

2253 1351 2408 1401 raque
2426 1335 2556 1387 enim
2581 1342 2698 1387 sunt
2724 1335 2769 1387 ei
2794 1348 2907 1386 cum
2934 1334 3193 1409 proposito
3216 1334 3530 1388 communia.
3561 1333 3677 1386 Tria
3695 1348 3794 1389 sunt

2254 1441 2438 1493 genera
2467 1441 2758 1486 causarum,
2782 1424 3003 1496 judicti,
3036 1423 3443 1489 deliberationis,
3476 1423 3792 1490 laudationis;

2255 1534 2469 1585 quarum
2494 1519 2618 1583 ﬁnes
2647 1518 2745 1587 ipsi
2771 1516 3038 1569 declarant
3066 1517 3245 1584 quibus
3285 1517 3532 1569 utendum
3561 1517 3679 1570 locis
3707 1518 3795 1569 sit:

2258 1626 2374 1661 nam
2407 1609 2595 1679 judicii
2640 1610 2756 1676 ﬁnis
2786 1611 2876 1677 jus
2898 1618 2991 1671 est,
3018 1624 3082 1662 etc
3117 1625 3217 1676 quo
3254 1610 3407 1662 etiam
3437 1624 3639 1662 nomen.
3681 1607 3798 1663 luris

2260 1710 2427 1752 autem
2461 1709 2626 1763 partes
2650 1708 2755 1751 tum
2775 1700 3034 1767 exposita,
3064 1714 3177 1751 cunt
3200 1701 3477 1770 aequitatis.
3504 1699 3800 1753 Deliberandi

2261 1793 2377 1859 ﬁnis
2401 1792 2615 1854 utilitas,
2642 1793 2788 1861 cujus
2808 1791 2888 1843 ha:
2899 1801 3087 1859 partes,
3107 1804 3219 1859 qua:
3239 1792 3388 1845 modo
3402 1793 3647 1857 exposito:
3661 1807 3801 1844 reruni

591 1875 675 1929 E1:
698 1879 856 1931 altero
885 1887 1050 1932 autem
1072 1895 1250 1948 genere
1275 1880 1409 1948 quod
1435 1888 1539 1932 erat
1558 1879 1875 1945 bipartitum,
1900 1894 2056 1931 unum
2084 1885 2153 1930 est
2191 1861 2238 1918 Β
2264 1882 2679 1949 expetendarum,
2712 1880 3050 1933 Laudationis
3071 1882 3189 1949 fini;
3217 1883 3474 1946 honestas,
3501 1883 3570 1934 de
3588 1898 3681 1948 qua
3708 1882 3804 1934 item

592 1970 654 2022 de
694 1970 867 2023 eodem
906 1982 952 2025 et
998 1973 1119 2029 alio,
1165 1982 1218 2024 ut
1247 1975 1291 2025 si
1318 1982 1581 2042 quwratur
1627 1972 1750 2039 quid
1803 1972 2002 2024 intersit
2034 1972 2161 2023 iuttr

591 2062 810 2112 amicum
855 2071 900 2114 et
920 2073 1297 2126 assenfatorem,
1327 2080 1411 2132 reg
1443 2079 1492 2115 nt
1532 2072 1577 2116 et
1605 2072 1893 2131 tyrannum.
1933 2064 2162 2114 Alterum

593 2150 657 2201 de
678 2156 869 2218 majore
898 2162 943 2203 et
970 2153 1180 2216 minore,
1206 2166 1255 2205 ut
1280 2154 1323 2206 si
1342 2164 1630 2223 qumratur:
1655 2151 2027 2221 Eloquentiane
2048 2153 2161 2223 plu-

594 2246 664 2291 ris
702 2240 787 2307 sit,
837 2259 901 2294 an
940 2245 1077 2314 jur:s
1126 2245 1285 2297 civilis
1315 2246 1565 2298 scientia?
1597 2244 1669 2296 De
1695 2244 1997 2314 cognitionis
2024 2259 2162 2312 qua:-

594 2333 839 2395 stionibus
906 2337 1457 2391 ltactenus.'.-1ctionis
1508 2338 1716 2400 reliqua:
1768 2349 1905 2402 sunt,
1951 2352 2165 2406 quarunt

595 2423 697 2472 duo
726 2433 840 2475 sunt
866 2441 1071 2493 genera,
1100 2443 1256 2479 unum
1282 2429 1347 2478 ad
1372 2428 1609 2496 ofﬁcium,
1638 2426 1857 2480 alterum
1888 2427 1955 2479 ad
1976 2434 2165 2478 motum

594 2527 625 2561 a
646 2512 753 2563 :imi
777 2512 851 2565 rel
878 2516 1189 2584 gignendum
1213 2520 1287 2570 vel
1308 2518 1609 2581 sedandum,
1635 2518 1844 2587 planeve
1864 2517 2162 2569 tollendum.

595 2604 674 2654 Ad
694 2604 906 2673 officiunt
932 2608 1022 2674 sic,
1056 2625 1171 2660 cum
1212 2612 1455 2677 qutrritim
1495 2626 1513 2664 :
1553 2611 1941 2681 Suscipiendine
1977 2612 2077 2665 sint
2106 2611 2169 2663 li-

594 2696 735 2749 beri?
760 2697 839 2749 Ad
870 2705 1138 2756 movendos
1168 2704 1381 2768 animos,
1410 2721 1521 2756 cum
1547 2705 1676 2772 ﬁunt
1701 2706 2070 2759 cohortationes
2102 2708 2168 2759 ad

596 2788 691 2855 def.
710 2791 964 2844 ndendant
992 2796 1371 2864 rempublicam,
1403 2797 1471 2847 ad
1510 2797 1726 2865 gloriam
1751 2807 1796 2850 et
1843 2799 1911 2851 ad
1943 2799 2165 2851 laudent.

598 2878 712 2941 Quo
728 2896 789 2933 ex
803 2898 981 2949 genere
998 2896 1114 2937 sunt
1135 2888 1348 2953 querelae
1369 2887 1691 2941 incitationes
1723 2890 2170 2958 miserationesque

597 2970 803 3036 flebiles.
833 2972 1125 3043 Rursusque
1145 2978 1327 3042 oratio,
1348 2989 1451 3030 tum
1480 2980 1800 3033 iracundiam
1829 2982 2166 3049 restinguens,

597 3074 700 3114 tum
750 3075 936 3117 metum
984 3069 1220 3135 eripiens,
1255 3081 1357 3121 tum
1397 3074 1732 3124 exsultantem
1773 3074 2003 3125 ltetitiam
2032 3089 2169 3125 com-

597 3155 833 3219 primens,
869 3166 975 3209 tum
1021 3158 1370 3227 regritudinent
1419 3161 1725 3232 abstergens.
1773 3160 1900 3215 Htec
1947 3179 2060 3215 cum
2114 3163 2167 3215 in

2261 1981 2334 2026 est
2356 1982 2474 2024 ante
2495 1973 2706 2025 dictum.
2737 1970 2843 2027 Sed
2863 1971 3086 2038 definita:
3107 1973 3403 2038 quttstiones
3428 1987 3459 2023 a
3491 1973 3601 2024 suis
3630 1987 3805 2040 quaque

2264 2062 2389 2115 locis
2438 2062 2581 2131 quasi
2627 2062 2851 2132 propriis
2895 2061 3267 2126 instituuntur,
3319 2063 3373 2114 in
3426 2064 3805 2127 accusationem,

2264 2153 2702 2223 defensionemque
2724 2152 2943 2218 partitw.
2968 2150 3033 2204 1η
3054 2152 3232 2221 quibus
3252 2154 3474 2206 existunt
3493 2152 3606 2205 lucc
3627 2169 3807 2223 genera,

2265 2255 2317 2299 ut
2366 2253 2633 2298 accusator
2657 2260 2928 2315 personam
2965 2259 3150 2315 arguat
3192 2245 3344 2314 facti,
3373 2245 3616 2307 defensor
3645 2245 3810 2313 aliqud

2267 2348 2492 2407 opponat
2508 2337 2569 2390 de
2584 2336 2763 2401 tribus,
2786 2346 2873 2387 aut
2893 2351 2991 2389 non
3011 2351 3119 2388 esse
3135 2339 3349 2405 factum,
3369 2344 3457 2388 aut
3474 2336 3517 2389 si
3541 2338 3608 2389 sit
3629 2337 3811 2406 faenum,

2266 2431 2410 2483 aliud
2425 2431 2534 2500 ejus
2557 2430 2680 2498 facti
2703 2444 2881 2482 nomen
2904 2444 3028 2490 esse,
3056 2439 3145 2479 aut
3159 2430 3279 2498 jure
3300 2444 3403 2481 esse
3422 2429 3639 2496 factum.
3661 2426 3811 2495 Itaque

2267 2529 2353 2571 aut
2366 2517 2604 2587 inﬁcialis
2620 2526 2706 2572 aut
2719 2517 3077 2590 conjecturalis
3090 2518 3252 2582 prima
3263 2519 3572 2588 appelletur,
3590 2518 3813 2586 deﬁnitiva
3832 2574 3837 2581 _

2269 2610 2454 2675 altera;
2483 2610 2654 2677 tertia,
2675 2610 2905 2679 quamvis
2930 2608 3195 2662 molestum
3218 2625 3397 2661 nomen
3428 2610 3527 2661 hoc
3550 2610 3637 2670 sit,
3652 2610 3814 2679 juridi-

2270 2702 2411 2755 cialis
2433 2713 2654 2755 vocetur.
2683 2700 2886 2754 Harum
2912 2716 3180 2754 causarum
3209 2701 3419 2772 propria
3447 2711 3745 2770 argumenta
3768 2717 3816 2755 es

2270 2793 2347 2847 his
2377 2803 2580 2861 sumpta
2605 2793 2727 2846 locis
2748 2808 2874 2863 quos
2898 2795 3221 2864 exposuimus
3242 2794 3295 2847 in
3325 2796 3596 2863 praceptis
3616 2795 3817 2847 oratoriis

2269 2882 2520 2951 explicata
2540 2891 2676 2935 sunt.
2717 2880 2978 2952 Refutatio
3004 2891 3174 2935 autem
3200 2884 3542 2935 accusationis
3576 2884 3627 2936 in
3652 2892 3818 2951 quaest

2269 2974 2499 3036 depulsio
2519 2973 2766 3036 criminis,
2784 2974 3025 3043 quoniam
3054 2988 3215 3042 grtece
3234 2977 3418 3035 στάσις
3451 2976 3665 3037 dicitur,
3687 2975 3816 3027 latine

2270 3064 2553 3134 appelletur
2579 3072 2770 3129 status,
2802 3065 2856 3116 in
2885 3080 2983 3129 quo
3029 3064 3248 3128 primum
3277 3066 3465 3118 insistit
3494 3069 3650 3136 quasi
3675 3067 3736 3119 ad
3759 3082 3818 3119 rs-

2269 3155 2602 3225 pugnandum
2630 3170 2898 3225 congressa
2927 3154 3174 3221 defensio.
3210 3158 3375 3225 Atque
3398 3158 3557 3209 etiam
3586 3158 3639 3210 in
3664 3157 3819 3211 delibe-

598 3249 866 3314 proposi:is
904 3251 1265 3317 qurvstionibus
1307 3269 1489 3323 genera
1521 3256 1641 3316 sint,
1674 3256 1848 3308 eadem
1884 3257 1937 3308 in
1985 3273 2162 3311 causa;
2192 3235 2239 3299 C
2271 3247 2553 3301 rationibus
2582 3257 2627 3301 et
2649 3247 3029 3301 laudationibus
3056 3248 3207 3301 iident
3239 3249 3459 3302 existunt
3485 3259 3671 3303 status.
3704 3247 3820 3301 Nam

598 3338 992 3406 transferuntur.
1046 3341 1168 3395 Loci
1212 3354 1379 3397 autent
1422 3347 1508 3415 qui
1530 3347 1596 3398 ad
1619 3363 1839 3415 quasque
1868 3351 2168 3418 quaestiones

598 3433 965 3486 accommodati
991 3445 1127 3496 sunt,
1171 3436 1408 3504 deinceps
1450 3448 1521 3490 est
1552 3440 1841 3492 videndum.
1879 3438 2066 3493 Omnes
2092 3442 2170 3493 illi

598 3524 796 3581 quidem
839 3524 907 3577 ad
956 3526 1241 3596 plerasque,
1273 3530 1360 3581 sed
1390 3528 1483 3581 alii
1520 3530 1586 3582 ad
1629 3532 1779 3592 alias,
1832 3542 1885 3583 ut
1925 3532 2167 3596 diximus,

598 3616 835 3678 aptiores.
869 3616 946 3668 Ad
994 3624 1341 3686 conjecturam
1373 3620 1528 3689 igitur
1575 3622 1791 3674 maxime
1814 3632 1931 3692 apta
1958 3638 2072 3690 qua:
2108 3639 2171 3675 ex

598 3709 781 3772 causis,
814 3726 927 3778 quae
971 3727 1031 3763 ex
1057 3712 1262 3778 effectis,
1304 3731 1417 3782 qua:
1445 3730 1507 3766 ea:
1555 3717 1839 3785 conjunctis
1880 3720 2012 3769 sumi
2056 3734 2172 3785 pos-

598 3809 731 3849 sunt.
761 3799 838 3849 Ad
872 3800 1214 3869 diffinitionem
1244 3812 1411 3855 autem
1442 3813 1547 3869 pert
1570 3813 1651 3856 net
1691 3806 1820 3857 ratio
1867 3815 1914 3857 et
1964 3808 2172 3860 scientia

598 3889 910 3955 definiendi;
940 3901 1087 3958 atque
1112 3892 1228 3945 huic
1272 3898 1440 3961 generi
1470 3894 1746 3962 ﬁnitimum
1776 3905 1847 3948 est
1877 3896 2010 3948 illud
2035 3899 2170 3966 quod

600 3977 847 4046 appellari
870 3978 931 4032 de
954 3980 1127 4034 eodem
1143 3992 1187 4034 et
1216 3982 1378 4035 altero
1404 3983 1645 4047 diximus,
1666 3986 1797 4050 quod
1821 4001 1979 4055 genus
2008 3987 2174 4054 forma

602 4072 828 4138 qutedam
872 4071 1183 4138 deﬁnitionis
1213 4085 1304 4127 est.
1340 4076 1400 4129 Si
1428 4078 1559 4129 enim
1600 4089 1858 4142 qua’ratur
1887 4079 2084 4133 idemne
2111 4083 2173 4131 sit

601 4165 878 4233 pertinacia
907 4176 952 4218 ct
981 4171 1371 4235 perseverantia,
1421 4172 1801 4235 deﬁnitionibus
1829 4171 2174 4241 judicandum

602 4266 695 4307 est.
751 4255 872 4308 Loci
912 4268 1081 4311 autem
1123 4264 1416 4314 convenient
1442 4263 1492 4313 in
1524 4266 1632 4333 ejus
1685 4263 1879 4331 generis
1928 4263 2176 4330 qua'stio-

602 4363 734 4413 nent,
770 4361 1143 4417 consequentes,
1178 4353 1547 4417 antecedentes,
1578 4365 1938 4424 repugnantes,
1971 4355 2176 4421 adjun-

603 4442 697 4492 ctis
750 4442 901 4493 etiam
955 4445 1147 4496 duobus
1198 4445 1260 4496 iis
1317 4447 1404 4513 qui
1461 4456 1749 4511 sumuntur,
1796 4463 1858 4499 ex
1905 4447 2071 4498 causis
2131 4456 2177 4498 et

604 4527 819 4593 effectis.
878 4529 1015 4583 Nam
1053 4534 1097 4583 si
1141 4534 1269 4585 hanc
1312 4551 1416 4585 rem
1465 4535 1555 4585 illa
1600 4536 1842 4600 sequitur,
1888 4535 2022 4586 hanc
2077 4552 2176 4587 non

604 4623 865 4690 sequitur;
906 4634 992 4676 aut
1048 4625 1090 4676 si
1148 4625 1262 4677 huic
1310 4627 1382 4677 rei
1443 4626 1534 4679 illa
1577 4627 1850 4690 antecedit,
1909 4626 2027 4678 huic
2076 4644 2173 4678 non
2204 4618 2257 4678 Ῑ)

604 4713 894 4776 antecedat;
940 4723 1028 4765 aut
1077 4716 1121 4767 si
1166 4714 1282 4767 huic
1335 4718 1406 4768 rei
1458 4727 1725 4784 repugnat,
1762 4717 1841 4768 illi
1880 4734 1977 4769 non
2025 4733 2176 4786 repu-

604 4816 766 4876 gnat;
797 4815 883 4857 aut
913 4806 957 4856 si
984 4804 1101 4857 huic
1132 4806 1203 4857 rei
1232 4806 1358 4870 lttl'C,
1391 4808 1526 4859 illius
1557 4808 1659 4859 alia
1696 4824 1851 4859 caustt
1880 4817 1987 4870 cst;
2018 4817 2104 4859 aut
2132 4808 2178 4859 si

602 4914 667 4951 aut
694 4899 806 4949 alio
836 4899 945 4960 hoc,
978 4914 1040 4949 ea:
1066 4899 1167 4949 alio
1208 4899 1223 4949 i
1249 4900 1337 4949 Iud
1366 4898 1594 4962 effectam
1623 4907 1695 4950 est
1722 4913 1738 4950 :
1771 4915 1833 4951 ea:
1862 4900 2036 4965 quovis
2083 4900 2177 4950 lto-

603 5008 717 5045 runt
756 4994 809 5044 id
841 4995 902 5045 de
925 5007 1025 5061 quo
1053 4994 1313 5051 quatritar,
1345 4992 1543 5045 idemne
1570 5009 1633 5043 an
1662 4994 1806 5045 aliud
1845 4994 1929 5056 :it,
1962 4991 2175 5043 iureniri

606 5087 805 5152 potest?
834 5084 910 5135 Ad
956 5084 1159 5136 tertiunt
1202 5100 1362 5154 genus
1389 5085 1681 5151 quwstionis
1719 5086 1770 5137 in
1813 5100 1911 5152 quo
1940 5084 2090 5151 quale
2114 5084 2177 5134 sit

603 5176 869 5240 quaeritur,
892 5177 944 5227 in
968 5177 1396 5244 comparationem
1420 5192 1477 5228 ea
1507 5176 1717 5239 cadunt,
1744 5191 1854 5242 qua:
1889 5179 2040 5240 paulo
2066 5185 2181 5227 ante

603 5267 656 5317 in
698 5268 1093 5337 comparationis
1136 5268 1248 5321 loco
1281 5279 1576 5321 enumerata
1616 5278 1751 5318 sunt.
1807 5265 1865 5317 In
1912 5265 1965 5319 id
2009 5278 2179 5318 autem

605 5374 761 5425 genus
800 5361 851 5411 in
881 5376 981 5427 qto
1008 5361 1070 5411 de
1098 5360 1374 5429 expetendo
1398 5358 1737 5425 fugiendoque
1782 5358 2045 5426 qttwritur,
2086 5357 2180 5409 ad-

605 5452 836 5505 h’bentur
888 5468 945 5504 ea
992 5469 1102 5520 qua:
1147 5463 1261 5505 sunt
1300 5461 1387 5503 aut
1428 5451 1605 5514 animi,
1652 5460 1741 5503 aut
1798 5452 2042 5519 corporis,
2087 5461 2178 5503 aut

603 5556 829 5607 externa,
862 5548 936 5599 rel
958 5550 1237 5609 commoda,
1268 5546 1340 5597 rel
1395 5546 1731 5599 incommoda.
1799 5543 2026 5612 Itemque
2063 5561 2175 5595 cum

604 5648 667 5700 de
706 5647 914 5699 honesto
944 5648 1175 5715 turpique
1215 5646 1476 5713 quwritur,
1511 5646 1574 5695 ad
1604 5645 1762 5696 animi
1795 5644 1923 5694 bcna
1948 5645 2026 5695 vel
2045 5643 2176 5693 mala

604 5740 768 5789 omnis
801 5745 848 5790 ‘tt
872 5739 1081 5806 rigenda
1133 5738 1293 5790 oratio
1338 5747 1451 5801 est;
1483 5753 1597 5790 cum
1636 5744 1805 5788 autem
1855 5737 1917 5789 de
1961 5750 2102 5801 tt’quo
2133 5744 2178 5787 et

604 5830 778 5894 iniquo
800 5830 1076 5892 disseritur,
1105 5830 1357 5894 a’qnitatis
1384 5830 1478 5881 loci
1510 5829 1837 5897 colliguntur.
1869 5824 1938 5878 Ili
1963 5841 2178 5879 cernun-

2272 3348 2318 3390 et
2354 3346 2603 3407 negantur
2622 3352 2754 3406 strpe
2780 3354 2841 3391 ea
2870 3340 3044 3405 futura
3071 3355 3183 3407 qurv
3203 3339 3266 3391 ab
3312 3339 3486 3408 ali,uo
3524 3342 3580 3393 in
3608 3341 3822 3393 sententia

2274 3430 2409 3481 dicta
2453 3437 2570 3481 sunt
2601 3429 2730 3497 fore,
2758 3430 2802 3482 si
2832 3438 2917 3481 aut
2959 3431 3167 3482 omnino
3197 3431 3309 3497 ﬁeri
3340 3448 3441 3484 non
3469 3440 3714 3502 possunt,
3751 3440 3823 3483 aut

2274 3520 2384 3572 sine
2408 3535 2605 3572 summa
2634 3520 2931 3588 difficultate
2958 3537 3056 3573 non
3083 3534 3313 3590 possunt.
3345 3520 3408 3574 In
3436 3538 3540 3591 qua
3571 3537 3821 3594 argumen-

2278 3612 2467 3663 tatione
2496 3619 2659 3664 status
2696 3611 3052 3682 conjecturalis
3077 3613 3264 3665 existit.
3297 3612 3359 3664 At
3386 3630 3502 3665 cum
3555 3613 3747 3684 aliquid
3776 3614 3822 3665 de

2277 3713 2327 3754 ut
2354 3702 2512 3765 litate,
2544 3702 2817 3768 honestate,
2840 3703 3076 3772 a’quitate
3094 3704 3379 3769 disseritur,
3403 3705 3567 3774 deque
3596 3706 3674 3757 his
3694 3706 3817 3757 rebus

2274 3810 2389 3862 qua:
2418 3795 2493 3846 his
2520 3804 2635 3847 sunt
2659 3796 2942 3856 contraria’,
2967 3796 3235 3847 incurrunt
3259 3807 3421 3849 status
3443 3806 3530 3848 aut
3548 3798 3716 3867 juris,
3751 3804 3821 3848 aut

2277 3895 2493 3947 nominis
2509 3910 2526 3955 ;
2541 3892 2679 3963 quod
2699 3892 2832 3946 idem
2853 3894 3093 3963 contingit
3115 3896 3165 3946 in
3190 3894 3571 3947 laudationibus
3590 3911 3608 3947 :
3627 3911 3740 3948 nam
3753 3902 3825 3947 aut

2277 3994 2451 4063 negari
2481 4000 2641 4058 potest
2669 3993 2724 4045 id
2748 3996 2939 4062 factum
2965 4009 3071 4045 esse
3092 3995 3226 4060 quod
3254 3994 3516 4062 laudatur,
3546 4009 3643 4050 aut
3663 4012 3753 4049 non
3777 4012 3822 4049 eo

2278 4086 2480 4137 nomine
2508 4084 2825 4152 afficiendum
2855 4100 2954 4153 quo
2984 4083 3217 4137 laudator
3237 4085 3483 4153 effecerit,
3517 4098 3613 4140 aut
3644 4090 3827 4141 omnino

2279 4191 2377 4226 non
2418 4190 2524 4227 esse
2563 4173 2822 4227 laudabile
2861 4175 2998 4243 quod
3033 4192 3133 4227 non
3161 4185 3324 4243 recte,
3372 4194 3470 4230 non
3497 4181 3623 4249 jure
3663 4179 3829 4248 factast

2279 4267 2361 4317 sit.
2394 4265 2585 4329 Quibus
2610 4265 2843 4318 omnibus
2871 4266 3135 4335 generibus
3162 4283 3283 4318 usus
3312 4278 3383 4319 est
3408 4269 3558 4320 nimis
3588 4268 3830 4336 impuden-

2280 4366 2353 4409 tcr
2385 4356 2556 4409 (imm
2601 4366 2779 4409 contra
2811 4355 3052 4408 Catonem
3104 4372 3284 4408 meum.
3318 4357 3423 4409 Sed
3454 4374 3569 4425 qucc
3609 4374 3673 4410 ex
3718 4366 3831 4410 statu

2280 4449 2527 4501 contentio
2558 4448 2788 4516 efﬁcitur,
2821 4464 2930 4500 eant
2960 4446 3127 4499 (ἔτιεεί
3158 4448 3443 4521 κρινόμενον
3479 4458 3662 4500 vocant
3683 4490 3697 4511 ,
3727 4447 3831 4500 mihi

2280 4541 2441 4606 placet
2491 4540 2580 4603 id,
2613 4538 2855 4605 quoniam
2885 4538 3087 4606 quidem
3126 4539 3193 4588 ad
3221 4547 3268 4589 te
3309 4539 3504 4597 scribo,
3547 4524 3651 4605 qua
3695 4540 3756 4589 de
3792 4551 3833 4586 re

2283 4632 2469 4698 agitur,
2511 4628 2702 4681 rocari.
2752 4627 2943 4691 Quibus
2976 4637 3143 4679 autent
3174 4627 3268 4679 hoc
3316 4645 3417 4697 qua
3459 4630 3521 4680 de
3563 4646 3617 4681 re
3660 4630 3833 4699 agitur,

2283 4720 2589 4783 continetur,
2621 4718 2730 4772 ltatc
2758 4719 3067 4772 continentia
3098 4727 3330 4770 vocentur
3358 4719 3506 4783 quasi
3536 4719 3833 4784 ﬁrmamenta

2283 4811 2619 4881 defensionis,
2671 4810 2853 4879 quibus
2898 4807 3111 4861 sublatis
3153 4807 3379 4876 defensio
3422 4810 3568 4860 nulla
3615 4810 3705 4860 sit.
3750 4808 3837 4860 Sed

2282 4906 2522 4971 quoniant
2559 4901 2666 4973 lege
2696 4902 2891 4969 ﬁrmius
2922 4902 2972 4953 in
3003 4900 3354 4957 controversiis
3385 4900 3726 4969 disceptandis
3751 4912 3837 4951 esse

2282 4993 2409 5047 nihil
2440 4995 2603 5060 debet,
2638 4994 2807 5047 danda
2834 5001 2907 5045 est
2936 5008 3119 5062 opera,
3166 5001 3218 5044 ut
3256 4992 3411 5059 legem
3461 4992 3766 5059 adjutricem
3798 5000 3836 5041 et

2286 5098 2457 5141 testem
2482 5087 2831 5140 adhibeamus.
2865 5085 2929 5139 In
2952 5102 3050 5155 qua
3079 5101 3134 5137 re
3160 5085 3249 5138 alii
3276 5084 3422 5154 quasi
3448 5094 3609 5135 status
3632 5083 3837 5136 existunt

2286 5179 2442 5239 novi,
2475 5177 2563 5247 qui
2611 5176 2940 5244 appellantur
2985 5175 3223 5243 legitima-
3266 5173 3677 5239 disceptationes.
3726 5169 3840 5223 Tum

2288 5271 2422 5320 enim
2451 5269 2741 5336 defenditur
2770 5283 2866 5319 non
2889 5266 2944 5319 id
2967 5266 3075 5334 lege
3097 5265 3199 5317 dici
3220 5264 3354 5335 quod
3377 5264 3692 5317 adversarius
3717 5262 3837 5321 velit,

2285 5359 2372 5413 scd
2403 5358 2565 5411 aliud.
2600 5356 2666 5409 Id
2697 5367 2863 5408 autent
2884 5356 3129 5425 contingit
3151 5371 3263 5407 cum
3288 5355 3529 5422 scriptum
3562 5355 3843 5421 ambiguum

2286 5448 2380 5516 est,
2413 5462 2456 5505 et
2495 5452 2612 5504 dua:
2638 5449 2925 5515 differentes
2955 5450 3215 5502 sententia:
3242 5448 3405 5513 accipi
3446 5456 3675 5513 possunt.
3728 5441 3841 5495 Tuis

2289 5546 2568 5615 opponitur
2598 5544 2784 5613 scripto
2816 5542 3048 5594 voluntas
3073 5540 3351 5611 scriptoris,
3382 5549 3435 5591 ut
3461 5540 3722 5607 qua'ratitr
3748 5548 3843 5583 rer-

2288 5641 2412 5692 bane
2433 5638 2549 5707 plus
2577 5652 2640 5688 an
2665 5634 2911 5687 sententia
2942 5634 3104 5685 valere
3126 5632 3321 5684 debeat.
3351 5630 3477 5682 Tant
3502 5629 3599 5698 legi
3621 5626 3710 5678 lea:
3737 5640 3844 5675 con-

2288 5733 2442 5785 traria
2472 5728 2685 5795 affertur
2711 5743 2727 5779 :
2755 5727 2826 5777 ita
2857 5732 2972 5777 sunt
2996 5725 3092 5776 tria
3116 5738 3299 5791 genera
3326 5736 3440 5791 qua:
3466 5715 3845 5771 controversiam

2288 5827 2336 5878 in
2384 5823 2517 5877 omni
2561 5820 2747 5888 scripto
2805 5820 2969 5886 facere
3029 5823 3270 5882 possunt,
3315 5812 3624 5881 ambiguum,
3664 5810 3843 5861 disert.
