4036 6336
282 361 312 415 ,1
333 360 429 415 I75

1328 362 1413 415 DF.
1454 359 1919 415 DIFFERENTIIS
1956 359 2237 415 TOPI'LIS.
2280 360 2406 413 LIB.
2447 360 2481 415 l.

3388 365 3521 419 H71

288 471 463 539 pantia
492 470 672 537 scripti
696 448 742 523 et
769 472 1059 535 voluntat's,
1092 475 1341 542 scriptura
1367 473 1643 525 contraria.
1670 470 1735 522 In
1764 480 1856 524 ttoc
1884 475 1932 531 Α
1963 470 2355 542 pltﬁcationem,
2380 473 2528 540 cujus
2557 470 2763 537 effectus
2789 472 2868 524 hic
2899 473 3039 525 debet
3064 489 3188 535 esse,
3223 484 3272 526 ut
3297 486 3383 527 aut
3411 495 3524 542 per-

288 561 609 625 perspieuum
638 569 744 622 est,
793 576 893 612 non
922 561 1078 629 magis
1104 561 1156 613 in
1191 560 1383 631 legibus
1421 575 1574 629 quam
1615 560 1668 613 in
1704 569 1856 612 testa-

288 651 491 711 mentis,
514 650 566 702 in
609 650 1050 716 stipulationibus,
1094 651 1146 703 in
1177 651 1383 720 reliquis
1412 666 1526 718 quo:
1569 665 1632 703 ex
1670 650 1858 717 scripto

287 748 527 808 aguntur,
568 755 713 807 posse
742 741 1103 794 controversias
1132 742 1331 794 easdem
1371 742 1603 795 existere.
1657 738 1859 791 Horum

287 829 615 883 tractationes
643 831 693 883 in
729 830 845 884 aliis
873 831 1014 884 libris
1043 824 1391 899 explicantur.
1417 830 1526 884 Nec
1553 839 1715 883 satum
1743 844 1856 898 per-

287 930 454 989 petua
485 922 742 985 actiones,
771 924 861 975 sed
896 924 1047 976 etiam
1076 932 1242 992 partes
1268 924 1512 977 orationis
1530 922 1707 975 iisdem
1733 921 1855 975 locis

284 1010 617 1078 adjuvantur,
661 1012 849 1080 partim
878 1013 1100 1082 propriis
1122 1053 1137 1078 ,
1170 1014 1355 1080 partim
1395 1010 1771 1077 communibus,
1802 1018 1858 1063 ut

286 1102 340 1150 in
368 1102 665 1170 principiis,
706 1104 887 1169 quibus
912 1113 965 1156 ut
993 1104 1238 1169 benevoli,
1267 1113 1321 1157 ut
1361 1104 1573 1167 dociles,
1601 1113 1654 1156 ut
1679 1103 1856 1159 attenti

286 1192 388 1244 sint
414 1192 501 1260 qui
525 1193 758 1257 audiant,
787 1195 1095 1262 efﬁciendum
1118 1205 1190 1249 est
1212 1196 1430 1267 propriis
1452 1195 1598 1248 locis.
1634 1193 1857 1263 Itemque

287 1285 606 1337 narrationes
633 1298 690 1337 ut
720 1287 787 1338 ad
806 1302 924 1340 suos
945 1288 1070 1355 ﬁnes
1096 1297 1337 1357 spectent,
1369 1296 1422 1340 ut
1452 1286 1620 1354 plana:
1638 1286 1761 1349 sint,
1800 1293 1855 1337 ut

288 1375 476 1437 breves,
506 1384 558 1427 ut
580 1376 847 1441 evidentes,
882 1386 936 1430 ut
957 1377 1241 1442 credibiles,
1265 1386 1320 1430 ut
1341 1376 1635 1440 moderatio,
1667 1384 1721 1428 ut
1743 1391 1854 1427 cum

285 1464 552 1535 dignitate.
585 1468 709 1531 Quae
734 1485 1028 1538 quanquam
1058 1470 1109 1522 in
1141 1479 1246 1522 tota
1267 1469 1494 1522 oratione
1521 1483 1625 1522 esse
1647 1466 1853 1531 debent,

285 1557 449 1627 magis
471 1565 638 1611 tamen
656 1567 775 1611 sunt
791 1561 998 1629 propria
1014 1560 1279 1613 narrandi.
1304 1560 1431 1624 Qua:
1446 1569 1611 1612 autem
1628 1557 1856 1625 sequitur

284 1648 628 1700 narrationem
669 1649 831 1718 ﬁdes,
878 1666 936 1703 ea
964 1649 1315 1719 persuadendo
1357 1649 1594 1719 quoniam
1620 1647 1851 1717 eﬂicitnr,

283 1736 370 1801 qui
389 1736 457 1788 ad
484 1739 895 1805 persuadendum
926 1738 1025 1791 loci
1055 1742 1272 1793 maxime
1302 1740 1501 1792 valeant
1524 1778 1539 1802 ,
1561 1738 1751 1790 dictum
1781 1744 1854 1788 est

283 1825 334 1876 in
383 1826 461 1879 his
503 1827 555 1880 in
602 1830 782 1896 quibus
822 1829 887 1883 de
929 1832 1068 1883 omni
1117 1831 1314 1883 ratione
1364 1829 1562 1882 dicendi
1606 1828 1849 1880 diximus.

282 1914 554 1970 Peroratio
574 1931 746 1972 autem
771 1930 816 1973 et
840 1923 941 1972 alia
965 1923 1199 1989 qutedam
1225 1921 1394 1991 habet,
1421 1927 1467 1973 et
1496 1918 1717 1971 maxime
1745 1932 1855 1969 am-

1962 559 2225 611 turbentur
2262 560 2421 611 animi
2452 568 2540 611 aut
2564 560 2979 628 tranquillentur,
3002 571 3049 614 et
3070 562 3112 614 si
3134 564 3203 613 ita
3221 566 3331 632 jam
3353 564 3526 631 affecti

1960 657 2074 699 ante
2102 649 2203 700 sint
2224 688 2239 709 ,
2283 657 2375 700 aut
2417 659 2600 719 augeat
2627 666 2802 704 eorum
2828 664 3022 719 motus,
3055 662 3143 706 aut
3173 653 3310 706 sedet
3336 656 3524 709 oratio.

1918 786 1921 787 ,
1961 737 2101 790 Huic
2126 739 2296 807 generi
2332 739 2383 790 in
2412 756 2511 806 quo
2538 750 2585 792 et
2615 741 2962 795 misericordia
2983 782 3003 807 ,
3045 753 3091 795 et
3131 744 3398 796 iracundia
3418 787 3434 811 ,
3480 757 3526 798 et

1961 827 2165 890 odium,
2193 838 2237 879 et
2268 829 2477 888 invidia.
2521 840 2567 881 et
2591 842 2788 884 ca'terte
2815 833 2970 885 animi
3009 832 3307 898 alfectiones
3330 844 3531 904 pertur-

1959 918 2164 983 bantur,
2188 930 2440 989 prtccepta
2460 924 2852 990 suppeditantur
2873 924 2988 976 aliis
3011 925 3172 987 libris,
3197 942 3323 995 quos
3342 927 3529 994 poteris

1959 1024 2151 1060 mecum
2197 1009 2521 1076 legere,~cnm
2555 1012 2708 1063 voles.
2748 1011 2828 1064 Ad
2864 1014 2916 1064 id
2940 1023 3109 1066 autent
3149 1015 3286 1083 quod
3325 1026 3372 1066 te
3406 1017 3530 1067 velle

1958 1117 2237 1163 senseram,
2262 1104 2515 1155 cumulate
2528 1104 2844 1166 satisfactum
2862 1122 2967 1171 esse
2981 1108 3121 1161 debet
3147 1109 3392 1162 voluntati
3407 1121 3525 1162 tua'.

1962 1190 2098 1244 Nam
2137 1209 2198 1245 ne
2226 1194 2534 1261 prazterirem
2569 1193 2764 1262 aliquid
2790 1199 2927 1265 quod
2966 1200 3035 1252 ad
3081 1211 3434 1269 argumentum
3475 1203 3528 1253 in

1960 1282 2097 1335 omni
2136 1284 2332 1337 ratione
2356 1286 2709 1352 reperiendum
2743 1289 3033 1354 pertineret,
3067 1292 3215 1357 plura
3241 1308 3390 1359 quam
3424 1309 3455 1344 a
3480 1301 3529 1345 te

1958 1372 2245 1425 desiderata
2274 1383 2418 1425 erant
2444 1416 2458 1437 ,
2507 1391 2617 1427 sum
2647 1377 2938 1446 complexus
2957 1418 2974 1443 ,
3007 1380 3203 1449 fecique
3231 1381 3366 1448 quod
3396 1398 3531 1451 stupe

1958 1462 2188 1516 liberales
2240 1465 2519 1519 venditores
2570 1468 2770 1533 solent,
2814 1479 2867 1520 ut
2911 1485 3024 1521 cum
3060 1473 3223 1531 (edes,
3253 1474 3529 1535 fundumve

1957 1554 2310 1618 vendiderint,
2368 1555 2497 1606 rutis
2549 1559 2674 1609 resis
2717 1562 2965 1626 receptis,
3031 1560 3309 1613 concedunt
3359 1574 3528 1615 tamen

1958 1643 2155 1708 aliquid
2186 1645 2432 1710 emptori,
2463 1648 2599 1711 quod
2631 1650 2847 1701 ornandi
2873 1665 3026 1703 causa
3046 1661 3160 1719 apte
3186 1661 3231 1702 et
3262 1650 3371 1703 loco
3395 1654 3528 1718 posi-

1960 1742 2065 1785 tum
2087 1750 2192 1787 esse
2213 1735 2459 1787 videatur.
2489 1736 2577 1789 Sic
2602 1739 2683 1789 ubi
2706 1755 2797 1791 nos
2819 1740 2884 1790 ad
2907 1740 2961 1790 id
2986 1743 3121 1809 quod
3141 1742 3285 1806 quasi
3307 1738 3528 1803 mancipi

1957 1822 2080 1874 dare
2106 1822 2390 1889 debuimus,
2420 1837 2714 1879 ornamenta
2739 1828 2973 1896 quaedam
3005 1831 3251 1883 voluimus
3294 1847 3396 1884 non
3442 1834 3530 1885 de-

1957 1914 2058 1965 bita
2086 1912 2347 1965 accedere.

289 2026 3495 2063 Ἠ

291 2063 3497 2089 W

928 2175 1189 2280 ΑΝ.
1264 2172 1767 2277 MANL.’
1846 2165 2204 2269 SEV.
2289 2167 2823 2270 ΒΟΕΤΙΙ

580 2376 803 2498 DE
986 2360 2316 2501 DIFFEBENTIIS
2503 2367 3227 2495 TOPICIS

1493 2551 1759 2631 LIBRI
1808 2546 2319 2640 QUATUOR.

1403 2738 1741 2820 LIBER
1906 2680 2384 2816 PRIMUS.

1759 2875 2048 2892 ,ρ--

353 2948 534 3004 Omnis
555 2945 689 2999 ratio
729 2942 1055 3009 disserendi,
1086 2956 1243 3011 quam
1275 2939 1477 3008 logicen
1507 2939 1845 3006 Peripatetici
1873 2926 2071 3025 Bsiuis
2092 2977 2107 2999 ,
2159 2947 2450 2997 eorumque
2478 2932 2791 2986 ditiorentiis
2820 2934 2961 2989 inter
2990 2951 3048 3009 δε
3080 2947 3132 2992 et
3172 2945 3525 2997 communitao

277 3053 487 3095 veteres
545 3036 901 3106 appellavere.
956 3035 1007 3088 in
1060 3031 1191 3086 duas
1238 3031 1577 3085 distribuitur
1630 3039 1852 3097 partes,

275 3147 435 3187 unam
469 3128 807 3191 inveniendi,
850 3126 1071 3179 alteram
1116 3123 1403 3190 iudicandi.
1452 3123 1518 3175 Et
1550 3137 1608 3174 ea
1638 3121 1854 3189 quidem

276 3236 403 3293 pars
445 3236 563 3288 qum
606 3217 863 3288 judicium
918 3227 1103 3285 purgat
1144 3223 1305 3282 atque
1332 3212 1564 3285 instruit
1591 3252 1605 3274 ,
1659 3212 1725 3265 ab
1757 3212 1857 3265 illis

278 3312 544 3380 analytice
587 3316 796 3371 vocata,
829 3322 857 3360 a
889 3307 1043 3360 nobis
1085 3315 1260 3374 potest
1290 3305 1605 3358 resolutoria
1652 3319 1858 3357 nuncu-

277 3402 416 3471 pari.
451 3400 526 3454 Ea
566 3414 692 3454 vero
735 3414 853 3467 quae
909 3397 1213 3451 inveniendi
1258 3397 1563 3449 facultatem
1596 3395 1857 3449 submini-

277 3502 438 3556 strat,
465 3507 495 3545 a
515 3491 718 3547 Gracis
757 3490 956 3559 tepice,
992 3506 1018 3542 a
1050 3488 1202 3541 nobis
1232 3488 1419 3541 loculis
1447 3489 1664 3540 dicitur.
1694 3486 1769 3539 Ac
1791 3485 1858 3538 de

278 3585 367 3638 illa
399 3583 614 3653 quidem
646 3590 798 3650 parte
839 3596 957 3649 quae
981 3578 1251 3647 iudicandi
1284 3578 1536 3644 magistra
1568 3582 1688 3639 est,
1724 3575 1858 3628 alias

278 3676 657 3745 disputabitur.
691 3672 840 3727 Nunc
885 3686 1011 3724 vero
1060 3669 1341 3723 consilium
1394 3677 1475 3721 est
1527 3666 1737 3734 aperire
1767 3665 1855 3733 qui

278 3770 389 3822 sint
416 3769 540 3832 loci,
583 3780 702 3833 quae
731 3778 917 3818 eorum
946 3760 1260 3815 diﬂ‘ereutia:
1285 3800 1300 3817 .
1348 3759 1435 3827 qui
1467 3758 1628 3811 etiam
1669 3758 1859 3823 quibus

279 3860 389 3925 apti
421 3858 529 3912 sint
556 3853 908 3927 syllogismis.
949 3851 1057 3905 Nec
1092 3850 1140 3903 id
1186 3848 1503 3917 SlillleCllcl‘
1537 3858 1698 3914 atque
1743 3847 1859 3898 uui-

279 3950 526 4003 Iormiter
557 3945 766 3999 videtur
809 3956 929 3997 esse
959 3940 1261 3996 faciendum
1284 3979 1299 4003 ,
1343 3952 1523 3990 verum
1556 3936 1747 4003 duplex
1780 3944 1862 3988 est

284 4038 541 4094 tradenda
573 4036 823 4103 partitio,
869 4047 971 4087 una
1003 4032 1214 4100 quidem
1246 4044 1307 4082 ex
1351 4027 1552 4080 Grzccis
1580 4025 1861 4079 volumini-

289 4132 389 4185 lnzs
430 4137 604 4191 eruta,
634 4122 802 4181 altera
835 4139 960 4177 vero
984 4139 1048 4176 ex
1084 4122 1150 4174 ll.
1184 4119 1263 4172 Tu
1290 4120 1342 4172 lii
1372 4119 1586 4186 Topicis
1627 4127 1857 4182 sumpta.

290 4226 470 4291 Atque
500 4222 552 4274 in
591 4220 675 4272 bis
709 4214 835 4271 illud
862 4217 926 4270 ad
955 4212 1336 4283 perfectionem
1375 4208 1753 4277 speculationis
1782 4215 1863 4260 est

1960 3026 2104 3078 tibus
2128 3024 2439 3092 pernotatis,
2461 3033 2513 3077 et
2532 3037 2965 3092 argumentorum
2990 3030 3141 3096 capia
3167 3044 3528 3101 comparetur.

1958 3127 2011 3170 et
2050 3117 2287 3193 locorum
2337 3114 2481 3169 clara
2532 3117 2700 3183 possit
2740 3132 2860 3173 esse
2910 3120 3201 3176 distinctio.
3258 3123 3324 3177 Ut
3371 3126 3525 3194 igitur

1958 3219 2145 3264 cuncta
2194 3209 2489 3277 perSpicnis
2520 3210 2818 3263 rationibus
2858 3222 3139 3278 constent,
3189 3218 3345 3284 paulo
3374 3218 3539 3272 altius

1959 3299 2281 3354 ordiendum
2305 3306 2405 3353 est.
2438 3299 2737 3371 Proposuit)
2757 3311 2837 3367 est
2866 3306 3038 3357 oratio
3066 3320 3250 3360 verum
3274 3306 3535 3362 falsumvo

1959 3390 2294 3460 signiﬁcans;
2329 3390 2459 3443 utsi
2498 3393 2616 3459 quis
2662 3392 2806 3446 dicat
2849 3395 3041 3448 malum
3086 3413 3206 3451 esse
3255 3400 3537 3467 volubile,

1963 3482 2077 3535 lucc
2106 3490 2159 3533 et
2187 3480 2485 3534 enuntiatio
2516 3491 2570 3533 et
2599 3482 2938 3551 proloquium
2992 3500 3347 3554 nuncupatur.
3379 3498 3534 3565 Quac-

1962 3571 2066 3645 stio
2107 3580 2191 3625 est
2222 3571 2275 3623 in
2305 3570 2690 3623 dubitationem
2743 3572 3252 3645 ambiguitatemque
3305 3579 3532 3635 adducta

1963 3663 2273 3732 propositio,
2304 3672 2362 3715 ut
2388 3662 2433 3714 si
2464 3663 2584 3729 quis
2609 3677 2811 3729 quturat
2844 3680 2909 3716 au
2940 3668 3134 3720 cmlum
3166 3669 3235 3721 sit
3278 3672 3535 3727 volubile.

1961 3756 2245 3827 Conclusio
2276 3763 2354 3823 est
2386 3753 2720 3820 argumentis
2747 3757 3037 3823 approbata
3070 3760 3383 3826 propositio,
3410 3771 3467 3815 ut
3491 3767 3539 3819 si

1962 3848 2081 3916 quis
2095 3847 2292 3901 etelum
2307 3844 2374 3897 ab
2389 3843 2511 3896 aliis
2540 3843 2699 3897 rebus
2728 3846 3057 3919 probetesse
3084 3849 3332 3905 volubile.
3360 3852 3535 3925 Enna.

1964 3940 2123 4011 tiatio,
2143 3938 2360 4007 quippe,
2392 3937 2506 3990 sive
2536 3936 2617 3989 sui
2649 3946 2853 3990 tantum
2884 3954 3043 3992 causa
3071 3941 3301 4008 dicatur,
3331 3946 3444 3999 sive
3470 3948 3536 4001 ad

1963 4027 2102 4081 aliud
2121 4027 2278 4081 aﬂ‘era
2289 4035 2374 4079 tur
2394 4026 2819 4095 approbandum,
2839 4031 3129 4096 propositio
3144 4042 3220 4084 est
3241 4051 3255 4086 :
3274 4035 3316 4088 si
3338 4034 3405 4089 de
3428 4037 3536 4105 ipsa

1964 4118 2238 4186 quaeritur,
2269 4117 2523 4184 quaestio;
2558 4118 2600 4169 si
2637 4115 2748 4181 ipsa
2783 4127 2866 4170 est
2893 4121 3208 4187 approbata,
3241 4116 3533 4179 conclusio.

1970 4209 2108 4263 Idem
2136 4217 2217 4261 est
2244 4208 2403 4276 igitur
2431 4207 2746 4275 propositio,
2782 4210 3009 4276 qumstio
3037 4220 3090 4263 et
3115 4214 3420 4277 conclusio,
3444 4218 3545 4270 sed

285 4290 660 4375 astruendum,
694 4319 749 4362 ut
766 4309 957 4377 quibus
980 4313 1204 4372 utraque
1228 4302 1400 4357 modis
1416 4300 1606 4354 divisio
1626 4298 1856 4362 diﬂ'erat,
1886 4301 1932 4361 C
1964 4302 2218 4356 differunt
2265 4300 2424 4352 modo
2452 4314 2612 4367 supra
2643 4298 2809 4352 dicto.
2861 4290 3245 4371 Argnmetfl'um
3292 4314 3374 4358 est
3402 4309 3539 4361 ratio

281 4403 583 4472 quibusque
608 4399 897 4455 conveniat
927 4396 1246 4464 explicetur,
1278 4407 1493 4462 quoque
1516 4389 1675 4443 modo
1696 4389 1861 4443 altera

281 4497 506 4549 alteram
557 4492 790 4546 vicissim
841 4488 1006 4557 possit
1037 4484 1343 4547 includere;
1376 4492 1431 4537 et
1471 4496 1611 4534 stunc
1648 4478 1860 4546 quidem

285 4605 392 4641 non
425 4588 477 4640 in
501 4585 725 4653 singulis
766 4582 1196 4644 immorabimur,
1229 4578 1322 4633 sed
1352 4578 1416 4630 de
1449 4586 1555 4629 tota
1598 4573 1864 4627 divisione

283 4680 641 4735 communiter
668 4678 1001 4730 disseremus
1023 4715 1037 4737 ,
1070 4675 1313 4727 locorum
1347 4680 1550 4724 tantum
1575 4685 1636 4722 ex
1672 4666 1864 4736 quibus

284 4781 598 4840 argumenta
660 4780 951 4823 nascuntur
980 4767 1368 4828 dillinitioues,
1417 4764 1662 4830 exempla
1705 4759 1860 4813 dilic-

286 4866 599 4931 rentiasqne
637 4861 969 4929 colligentes.
1027 4858 1243 4927 Singula
1292 4872 1421 4909 vero
1469 4869 1567 4923 pro
1610 4854 1865 4921 qualitate

287 4954 469 5021 aperis
497 4953 823 5022 diligentius,
857 4950 941 5003 vel
974 4950 1054 5002 his
1084 4957 1207 5001 octo
1232 4946 1593 5000 voluminibus
1616 4945 1862 5012 expedita

284 5054 443 5109 sunt,
473 5045 664 5115 quibus
696 5042 998 5097 Aristotelis
1027 5042 1224 5110 Topica
1258 5043 1308 5093 in
1341 5039 1579 5093 Latinam
1607 5038 1866 5091 vertimus

284 5138 589 5190 orationem
610 5174 629 5201 ,
680 5135 761 5187 vel
804 5133 886 5186 his
915 5124 1121 5201 septem
1153 5131 1345 5200 quibus
1374 5130 1443 5182 Μ.
1473 5128 1631 5181 ΊύΙΙὶἰ
1652 5127 1873 5196 TOpicis

287 5230 462 5281 lucem
510 5226 678 5294 plena:
712 5222 1067 5291 expositionis
1114 5220 1498 5273 insudavimus.
1542 5217 1655 5270 lllic
1710 5217 1867 5284 igitur

285 5329 481 5373 cuncta
512 5325 636 5371 sunt
667 5315 898 5384 propriis
941 5322 1103 5379 atque
1130 5312 1375 5366 euodatis
1415 5308 1654 5377 partibus
1705 5322 1867 5374 expe-

285 5413 431 5475 dita;
465 5409 550 5462 hic
574 5423 702 5462 vero
726 5423 843 5475 qua:
870 5406 1003 5459 alias
1035 5420 1129 5471 per
1158 5403 1397 5456 membra
1428 5399 1688 5468 patefacta
1718 5409 1862 5462 sunt,

176 5509 191 5518 '
285 5500 559 5557 communi
583 5497 951 5570 speculatione
977 5505 1297 5549 tractantur.
1326 5493 1433 5547 Nec
1454 5492 1761 5546 dialecticos
1780 5506 1866 5543 so-

290 5594 398 5645 lum
441 5592 589 5645 locos
612 5630 627 5654 ,
658 5589 752 5643 sed
801 5589 963 5642 etiam
996 5586 1291 5640 rhetoricos
1316 5623 1329 5643 ,
1352 5597 1525 5650 quove
1554 5581 1605 5634 Ill
1638 5581 1776 5635 inter
1807 5594 1872 5635 se

288 5696 449 5753 atque
482 5680 775 5736 dialecticis
806 5678 1052 5732 dill‘erant
1078 5716 1093 5740 ,
1141 5688 1268 5729 cura
1296 5682 1379 5726 est
1405 5671 1765 5741 exsequendi,
1802 5681 1856 5725 ut

287 5775 539 5831 omnibus
569 5771 801 5841 undique
832 5771 959 5823 locis
987 5767 1138 5837 plena
1186 5762 1622 5818 cmisideratione
1669 5776 1863 5831 prono-

1966 4394 2039 4445 rei
2068 4391 2244 4444 dubia:
2261 4390 2462 4444 faciens
2493 4391 2671 4445 tidem.
2700 4391 2813 4445 Non
2838 4407 2965 4445 vero
2989 4393 3128 4447 idem
3152 4404 3233 4447 est
3258 4410 3539 4465 argumen-

1967 4495 2075 4537 tum
2111 4494 2163 4537 et
2193 4484 2619 4551 argumentatio:
2645 4498 2767 4536 nam
2801 4485 2878 4538 vis
2902 4485 3181 4538 sententia:
3209 4489 3448 4557 ratioque
3475 4504 3539 4543 ea

1964 4590 2082 4643 qutn
2112 4574 2379 4627 clauditur
2421 4574 2667 4626 oratione
2705 4588 2824 4627 cum
2859 4575 3057 4642 aliquid
3091 4577 3346 4643 probatur
3375 4581 3541 4634 ambi-

1965 4681 2153 4732 guum,
2199 4674 2573 4735 argumentum
2624 4675 2868 4730 vocatur;
2904 4666 3013 4734 ipsa
3069 4682 3196 4721 vero
3243 4675 3542 4738 argumenti

1966 4758 2222 4822 elocutio,
2243 4758 2634 4824 argumentatio
2655 4757 2866 4811 dicitur.
2888 4758 3002 4825 Quo
3014 4759 3068 4811 lit
3091 4768 3149 4812 ut
3170 4774 3541 4830 argumentum:

1965 4847 2176 4916 quidem
2209 4847 2405 4908 virtus,
2460 4853 2512 4899 et
2562 4860 2714 4901 mens
2754 4850 3230 4915 argumentationis
3278 4851 3346 4903 sit
3385 4859 3544 4919 atquo

1966 4937 2262 5000 sententia;
2295 4937 2689 5005 argumentatio
2718 4953 2873 5002 vero,
2899 4939 3197 5008 argumenti
3226 4954 3319 5007 per
3342 4941 3543 4993 oratio-

1969 5045 2087 5083 nem
2119 5028 2426 5095 extlicatio.
2463 5027 2635 5080 Locus
2681 5038 2856 5082 autem
2908 5030 3064 5084 sedes
3109 5038 3193 5082 est
3219 5031 3541 5098 argumenti,

1968 5121 2050 5174 vel
2091 5120 2140 5173 id
2189 5119 2328 5173 unde
2364 5119 2427 5172 ad
2461 5121 2785 5188 propositam
2818 5123 3168 5190 quu'stionettt
3213 5122 3541 5177 conveniens

1968 5212 2193 5265 trahitur
2221 5220 2614 5279 argumentum.
2649 5213 2778 5278 Quae
2802 5228 2922 5266 cum
2951 5213 3020 5265 ita
3052 5212 3177 5276 sint,
3210 5213 3538 5280 singulorum

1969 5300 2157 5357 natura
2189 5302 2494 5372 diligentius
2535 5305 2807 5377 tractanda
2834 5314 2935 5369 est,
2967 5321 3260 5375 eorumque
3293 5323 3384 5373 per
3410 5324 3538 5376 spc-

1967 5396 2075 5450 cies
2100 5409 2160 5449 ac
2188 5397 2444 5459 membra,
2484 5406 2543 5449 ut
2583 5397 2839 5460 diximus,
2874 5400 3178 5466 ﬁgurasque
3226 5398 3425 5453 divisio
3464 5402 3538 5451 ta.

1967 5486 2154 5541 cienda
2202 5496 2302 5542 est.
2348 5489 2425 5541 Ac
2458 5487 2603 5556 prius
2633 5488 2700 5541 de
2750 5488 3125 5556 propositione
3166 5489 3539 5544 disserendum

1968 5589 2071 5634 est.
2123 5578 2267 5633 Hanc
2319 5594 2438 5633 e~se
2487 5579 2716 5631 diximus
2770 5579 3102 5641 orationem,
3138 5580 3414 5633 veritatem
3458 5583 3541 5633 Vel

1966 5672 2298 5727 mendacium
2330 5673 2714 5725 continentem.
2774 5668 2939 5735 llujus
2980 5669 3096 5724 duze
3137 5682 3260 5725 sunt
3312 5671 3542 5737 species,

1976 5765 2259 5818 allirmalio
2289 5778 2413 5828 una,
2457 5762 2623 5815 altera
2656 5774 2782 5814 vero
2831 5764 3057 5831 negatio.
3114 5762 3450 5829 Allirmatio,
3499 5765 3547 5820 si
