4036 6336
584 313 606 365 -l
629 312 720 366 ιῖῦ

1809 314 1911 369 ΑΝ.
1954 313 2158 369 ιιιΜ.
2202 314 2351 369 επεν.
2397 313 2615 369 ΒΟΕΤΙΙ

3662 320 3763 374 “iii

582 428 701 492 quis
728 425 804 478 sic
833 423 1017 477 eil‘erat
1041 441 1053 474 :
1075 423 1270 479 coelum
1305 422 1536 479 volubile
1557 430 1659 478 est.
1683 423 1943 493 Negatio,
1963 428 2007 480 si
2038 426 2156 494 quis
2186 428 2235 487 Α
2266 425 2618 493 ριιὶιοεοιιιιίιε
2658 426 2864 482 ratione
2898 434 3202 495 pertractat,
3236 428 3577 496 praedicatum.
3616 432 3764 491 Evenit

584 515 655 567 ita
682 515 1020 583 pronuntiet:
1057 515 1250 567 cwlum
1282 514 1509 568 volubile
1539 525 1769 569 nonest.
1807 516 2002 569 Harum
2025 533 2151 569 vero

584 607 701 659 alia:
738 612 862 657 sunt
892 605 1239 667 universales,
1273 605 1391 658 alia:
1425 606 1809 674 particulares,
1856 607 1972 658 alito
1999 606 2153 660 inde-

587 695 766 757 liniue,
791 694 907 747 alia:
924 693 1240 763 singulares.
1264 694 1608 748 Universales
1630 695 1867 763 quidem,
1896 707 1947 748 ut
1972 696 2013 748 si
2040 698 2157 761 quis

584 785 657 837 ita
688 793 947 851 proponat
980 801 993 837 :
1026 784 1198 837 omnis
1232 784 1390 836 homo
1416 784 1594 852 justus
1639 793 1740 849 est,
1774 785 1947 838 nullus
1996 784 2155 838 homo

582 875 752 943 justus
780 885 881 928 cst.
934 875 1291 929 Particulares
1338 876 1483 940 vei-0,
1515 876 1557 929 si
1609 878 1733 942 quis
1755 878 1853 929 hoc
1885 876 2044 931 modo
2071 876 2156 929 di-

584 977 668 1018 cat
696 983 707 1016 :
743 966 954 1034 quidam
987 966 1147 1019 homo
1173 967 1349 1034 justus
1397 975 1506 1029 est,
1538 967 1748 1035 quidam
1778 967 1940 1021 homo
1984 968 2157 1035 justus

584 1068 811 1113 nonest.
842 1059 1139 1112 lndetinitre
1167 1060 1268 1113 hoc
1292 1060 1476 1112 modo:
1515 1061 1671 1111 homo
1691 1059 1861 1128 justus
1877 1070 1976 1123 est,
2000 1060 2157 1113 homo

583 1153 755 1214 justus
784 1159 1012 1203 nonest.
1042 1150 1357 1219 Singulares
1384 1165 1513 1204 vero
1539 1160 1662 1203 sunt
1685 1166 1803 1219 qua:
1825 1152 2154 1206 individuum

586 1255 675 1295 aut
701 1243 821 1309 qttid
874 1242 1145 1310 singulare
1202 1254 1533 1309 proponunt,
1570 1252 1629 1295 ut
1674 1244 1805 1296 Cato
1832 1244 2005 1310 justus
2037 1257 2112 1299 est
2142 1287 2156 1309 ,

584 1333 715 1385 Cato
741 1333 918 1400 jusms
949 1348 1053 1384 non
1101 1342 1210 1397 cst;
1257 1333 1452 1386 etenim
1499 1333 1630 1386 Cato
1661 1333 1959 1387 individuus
1986 1346 2066 1389 est
2097 1351 2159 1389 ac

584 1424 889 1492 sfngularis.
923 1423 1118 1475 llarum
1148 1438 1278 1477 vero
1308 1424 1375 1475 ali
1397 1439 1439 1475 is
1468 1426 1692 1489 praedico
1724 1426 1861 1491 ivas,
1885 1426 2013 1480 alias
2030 1442 2159 1481 con-

585 1514 871 1570 ditionales
900 1528 1169 1567 voramus.
1206 1514 1564 1587 lfrzcdicativa:
1596 1526 1719 1569 sunt
1743 1532 1861 1587 qua:
1905 1518 2158 1583 simplici-

589 1617 665 1656 ter
694 1614 1087 1673 proponuntur,
1122 1605 1171 1657 id
1203 1614 1284 1657 est
1321 1588 1513 1672 quibus
1542 1606 1682 1659 nulla
1723 1608 1804 1659 vis
1833 1608 2159 1661 conditionis

586 1696 893 1766 adjungitur
914 1736 927 1757 ,
964 1704 1020 1748 ut
1041 1697 1086 1748 si
1120 1695 1237 1761 quis
1268 1696 1460 1748 cmlum
1494 1711 1614 1749 esse
1646 1696 1875 1751 volubile
1907 1697 2159 1766 simplici-

2261 519 2420 572 etiam
2467 528 2522 572 ut
2570 529 2903 586 supponatur
2929 520 3119 582 oratio,
3153 526 3206 571 et
3236 519 3456 587 simplex
3503 524 3763 581 vocabulum

2263 608 2601 679 prmdicetur,
2634 608 2735 663 hoc
2765 608 2924 662 modo
2960 627 2971 659 :
3006 608 3244 662 Socratis
3263 609 3548 664 similitudo
3574 627 3675 666 cuin
3696 631 3763 669 su-

2262 700 2441 768 pernis
2487 701 2784 768 divinisque
2816 700 3133 755 substantiis
3178 701 3379 767 justitia
3418 712 3528 765 est;
3558 702 3631 757 hic
3656 709 3764 760 enim

2260 791 2429 843 oratio
2459 804 2552 858 per
2576 805 2733 859 quam
2776 789 3061 858 profertur,
3115 788 3348 845 Socratis
3388 792 3654 866 similitudo
3674 810 3765 848 cum

2259 879 2507 947 supernis
2545 878 2846 949 divinisque
2899 879 3209 933 substantiis
3233 920 3247 944 ,
3281 880 3581 949 subjicitur,
3603 881 3766 952 justiti:

2261 986 2391 1025 vero
2420 971 2762 1039 praedicatur.
2809 972 2915 1030 Sed
2943 973 3009 1027 de
3041 973 3343 1043 hujusmodi
3376 976 3767 1044 propositionibus

2262 1064 2314 1116 in
2344 1062 2425 1117 his
2451 1063 2868 1131 commentariis,
2898 1064 2986 1133 qui
3017 1063 3069 1117 in
3096 1067 3211 1140 Περὶ
3239 1064 3495 1141 ἑρμηνείας
3523 1064 3767 1121 Aristotelis

2264 1154 2397 1208 libro
2444 1154 2891 1222 conscripsimus,
2940 1153 3251 1223 diligentius
3289 1154 3634 1208 disseruimus.
3662 1155 3769 1210 Con~

2262 1242 2593 1298 ditionalium
2647 1258 2774 1297 vero
2804 1244 3263 1313 propositionum,
3303 1258 3433 1312 quas
3463 1242 3615 1297 Graeci
3644 1244 3770 1313 hypo.

2264 1336 2490 1390 theticas
2518 1344 2707 1389 vocant
2730 1344 2927 1404 partes,
2952 1343 3076 1389 sunt
3102 1335 3371 1403 simplices
3412 1332 3765 1402 propositimies,

2263 1429 2413 1499 cujus
2441 1428 2653 1497 quidem
2687 1443 2747 1481 ea
2789 1442 2910 1497 pars
2938 1443 3057 1496 qua:
3087 1428 3231 1497 prius
3260 1427 3453 1481 dicitur
3488 1426 3769 1494 antecedens,

2267 1536 2385 1590 qua:
2423 1520 2688 1588 posterius
2719 1533 3056 1587 consequens
3085 1518 3403 1587 appellatur,
3433 1528 3486 1570 ut
3508 1518 3553 1570 in
3577 1517 3660 1571 hac
3685 1532 3771 1585 pro-

2266 1610 2529 1679 positione
2574 1624 2707 1678 quze
2739 1608 2899 1662 dicit:
2932 1609 2977 1661 si
3007 1609 3295 1662 rotundum
3330 1616 3441 1671 est,
3471 1607 3673 1660 volubile
3696 1616 3770 1660 est.

2266 1700 2566 1755 Rotundum
2594 1713 2715 1755 esse
2742 1699 3033 1763 antecedit,
3064 1697 3297 1753 volubile
3322 1711 3442 1752 esse
3465 1698 3771 1764 consequitur.

588 1799 668 1840 ter
699 1788 858 1839 dicat.
914 1789 981 1841 At
1008 1788 1050 1840 si
1083 1788 1317 1840 conditio
1350 1787 1471 1841 huic
1518 1788 1818 1857 copuletur,
1851 1790 1910 1843 lit
1937 1806 1999 1844 ex
2029 1790 2159 1845 dua-
2192 1781 2239 1840 Β
2268 1792 2464 1845 llarum
2516 1804 2728 1859 quoque
2775 1790 2895 1842 alia:
2940 1796 3065 1843 sunt
3102 1788 3373 1857 simplices
3413 1786 3774 1849 conditionales,

588 1878 685 1929 bus
741 1876 1194 1946 propositionibus
1240 1894 1340 1931 una
1392 1878 1784 1949 conditionalis,
1827 1880 1928 1933 hoc
1957 1881 2153 1934 modo:

588 1967 778 2020 caelum
799 1969 841 2020 si
874 1966 1159 2028 rotundum
1199 1977 1313 2033 est,
1338 1967 1574 2021 volubile
1600 1979 1702 2022 εει.
1736 1968 1830 2022 llic
1859 1969 2000 2022 enim
2030 1985 2158 2022 con-

588 2062 719 2114 ditio
757 2060 806 2113 id
840 2060 1029 2125 ellicit.
1084 2069 1140 2114 ut
1181 2060 1249 2113 ita
1291 2060 1505 2114 demum
1536 2062 1729 2113 caelum
1775 2061 2010 2117 volubile
2040 2077 2158 2115 esse

593 2152 942 2220 intelligatur,
995 2151 1038 2205 si
1095 2153 1161 2203 sit
1193 2150 1505 2204 rotundum.
1560 2151 1821 2217 Quoniam
1857 2151 2013 2219 igitur
2043 2154 2159 2205 alia:

589 2244 980 2312 propositiones
1013 2242 1364 2312 pra‘dicativa:
1393 2252 1548 2305 sunt,
1583 2244 1703 2296 alite
1749 2244 2157 2310 conditionales,

590 2335 1049 2403 praedicativarum
1084 2343 1260 2402 partes
1291 2335 1548 2407 terminos
1578 2334 1906 2401 appellamus
1927 2353 1939 2387 ;
1963 2334 2013 2387 hi
2039 2345 2159 2387 sunt

589 2427 908 2495 praedicatus
933 2435 984 2477 et
1015 2423 1307 2492 subjectus.
1334 2424 1615 2477 Terminus
1644 2434 1820 2477 autem
1848 2425 2004 2507 γωδ
2032 2442 2161 2478 voco

559 2530 641 2575 .et
676 2520 884 2590 ιιρωωτι
914 2519 1105 2586 quibus
1150 2516 1440 2585 propositio
1470 2517 1730 2581 necuitnr,
1761 2528 1817 2569 ut
1846 2516 1897 2569 in
1939 2532 2000 2570 ea
2040 2532 2160 2585 pro-

589 2610 851 2677 positione
897 2624 998 2676 qua
1047 2608 1297 2672 dicimus,
1330 2607 1490 2659 homo
1530 2607 1705 2674 justus
1745 2615 1859 2667 est,
1897 2607 2011 2661 lucc
2057 2607 2163 2661 duo

590 2699 827 2763 nomina,
857 2697 906 2750 id
935 2707 1017 2751 est
1044 2698 1217 2763 justus
1243 2704 1296 2748 et
1340 2695 1531 2761 homo,
1569 2695 1953 2763 propositionis
1983 2705 2159 2764 partes

591 2801 877 2852 vocamus;
910 2784 1127 2840 eosdem
1157 2786 1316 2839 etiam
1362 2786 1619 2839 terminos
1647 2785 1908 2850 dicimus,
1935 2801 2161 2853 quorum

591 2882 723 2935 alter
753 2878 1024 2946 subjectus
1054 2885 1171 2961 est,
1223 2877 1355 2929 alter
1404 2875 2165 2963 praedicatuSASMEst
2190 2871 2236 2965 ῖς

593 2971 855 3042 terminus
879 2969 968 3039 qui
1000 2968 1313 3033 minuset,
1340 2968 1655 3035 praedicatus
1690 2982 1816 3025 vero
1845 2967 1934 3036 qui
1966 2968 2157 3037 major,

592 3075 647 3115 ιιι
676 3064 725 3115 in
758 3079 817 3115 ea
865 3062 1229 3130 propositione
1258 3073 1360 3128 qua
1389 3058 1607 3123 dicitur,
1643 3058 1802 3111 homo
1829 3057 2001 3125 justus
2037 3068 2160 3122 est,

2262 1882 2379 1937 alia:
2428 1883 2728 1952 conjunctae
2776 1882 3092 1950 :simpliccs
3133 1889 3257 1934 sunt
3307 1895 3427 1949 qua:
3474 1879 3776 1947 prmdicatirat

2264 1974 2460 2028 habent
2486 1972 2881 2043 prepositiones
2914 1974 2965 2025 in
3000 1970 3260 2041 partibus,
3294 1979 3353 2024 ut
3382 1970 3434 2024 in
3462 1984 3519 2022 ea
3547 1984 3680 2037 quam
3710 1982 3777 2020 su-

2266 2065 2444 2132 perius
2509 2064 2778 2129 diximus,
2809 2064 2854 2118 si
2884 2061 3170 2118 rotundum
3203 2070 3305 2125 εει,
3340 2060 3564 2114 volubile
3588 2068 3675 2113 est.
3704 2058 3778 2111 lio-

2264 2155 2487 2209 tundum
2529 2163 2611 2208 est
2639 2154 2780 2208 enim
2809 2162 2863 2208 et
2885 2153 3117 2208 volubile
3144 2160 3243 2216 est,
3273 2160 3512 2219 utrmque
3551 2150 3705 2202 divisa:
3735 2164 3779 2202 ac

2262 2246 2533 2315 sigillatim
2568 2255 2802 2314 accepta:
2832 2245 3193 2314 praedicativa:
3230 2252 3377 2298 sunt.
3426 2242 3780 2311 Conjunctarum

2265 2351 2391 2390 vero
2416 2335 2691 2405 multiplex
2718 2334 3019 2389 differentia
3040 2374 3055 2399 ,
3091 2333 3158 2388 de
3184 2333 3385 2403 quibus
3418 2332 3469 2385 in
3506 2331 3583 2385 his
3609 2330 3779 2382 volunti-

2265 2427 2419 2481 nibus
2445 2425 2850 2495 diligentissime
2881 2426 3309 2495 perstrinximus,
3348 2438 3464 2493 quae
3486 2421 3548 2476 de
3573 2422 3780 2492 liypothe-

2266 2523 2382 2577 ticis
2432 2521 2829 2592 composuimus
2893 2520 3240 2590 syliogismis.
3318 2515 3637 2597 Simplicium
3690 2528 3781 2567 vero

2265 2614 2732 2684 hypotheticarum
2786 2612 3211 2681 propositionum
3262 2615 3513 2684 quatuor
3523 2615 3635 2660 sunt
3671 2603 3782 2658 diffe-

2267 2682 2455 2760 rentia:
2482 2720 2498 2757 :
2530 2711 2623 2756 aut
2657 2702 2800 2756 enim
2830 2716 2894 2756 ex
2923 2701 3127 2756 duabus
3154 2682 3785 2764 alﬁrmam

2265 2804 2542 2859 constant,
2573 2802 2627 2847 ut
2655 2793 2701 2846 si
2750 2791 3038 2846 rotundum
3069 2798 3172 2853 est,
3198 2787 3440 2841 volubile
3478 2795 3574 2851 est,
3609 2794 3781 2851 utraque

2266 2887 2409 2942 enim
2456 2884 2770 2940 altirmativa
2816 2894 2929 2946 est;
2983 2892 3077 2936 aut
3129 2880 3395 2950 negativis
3431 2878 3645 2941 duabus,
3676 2882 3718 2927 ut
3751 2874 3783 2930 si

2266 2977 2457 3031 cmlum
2496 2975 2780 3030 rotundum
2821 2988 2925 3027 non
2956 2981 3040 3027 est
3066 3013 3081 3037 ,
3134 2971 3373 3025 volubile
3401 2985 3504 3023 non
3545 2975 3652 3029 est;
3694 2978 3782 3018 nail

2267 3070 2551 3124 rotundum
2600 3081 2703 3121 non
2735 3081 2881 3128 esse,
2925 3074 2980 3119 et
3010 3064 3241 3117 volubile
3288 3077 3402 3116 non
3427 3076 3560 3125 esse,
3591 3069 3777 3126 utraeque

593 3152 751 3206 ltumo
783 3152 995 3220 quidem
1043 3153 1217 3204 minus
1245 3158 1510 3219 estquam
1558 3150 1646 3217 jus
1673 3164 1751 3202 us.
1787 3149 1899 3203 Non
1927 3149 2070 3203 enim
2105 3150 2157 3203 in
2191 3135 2237 3198 C
2275 3161 2587 3229 negationes
2633 3166 2800 3221 sum»;
2847 3165 2937 3209 θυι
2989 3170 3054 3208 εχ
3104 3154 3427 3207 afﬁrmariva
3473 3162 3523 3205 et
3565 3150 3780 3218 negativa,

594 3244 706 3297 solo
739 3243 953 3295 homine
978 3256 1097 3295 esse
1124 3249 1295 3309 potest
1319 3241 1548 3308 justitia,
1579 3256 1760 3294 verum
1783 3240 1944 3293 etiam
1974 3240 2027 3293 in
2048 3254 2167 3294 cor-

590 3334 771 3402 poreis
801 3332 1105 3401 divinisque
1143 3331 1477 3386 substantiis.
1525 3332 1698 3400 Atque
1731 3330 1851 3385 ideo
1887 3338 2058 3400 major
2086 3340 2167 3385 est

596 3424 853 3479 terminus
877 3423 1077 3493 justus,
1111 3422 1271 3477 homo
1299 3437 1426 3476 vero
1460 3423 1654 3488 minor,
1690 3438 1792 3489 quo
1832 3425 1890 3476 tit
1920 3430 1977 3475 ut
2006 3425 2165 3476 homo

591 3517 807 3587 quidem
859 3517 1131 3585 subjectus
1181 3522 1440 3571 terminus
1471 3516 1566 3579 sit,
1598 3516 1777 3583 justus
1807 3531 1934 3570 vero
1977 3516 2166 3585 prazdi-

593 3620 762 3665 catus.
793 3607 1052 3674 Quoniam
1102 3622 1229 3661 vero
1258 3606 1560 3675 hujnsmodi
1606 3606 1876 3675 simplices
1928 3609 2167 3676 preposi-

592 3700 765 3753 tiones
793 3700 1020 3752 alterum
1066 3696 1263 3751 habent
1307 3697 1651 3762 praedicatum
1682 3699 1968 3751 terminum
1990 3740 2003 3763 ,
2036 3700 2167 3752 alte-

590 3805 708 3843 rum
740 3786 1038 3856 subjectum
1073 3787 1382 3850 terminum,
1415 3803 1441 3838 a
1470 3787 1689 3856 majoris
1724 3788 1999 3857 privilegio
2047 3804 2166 3856 pro-

595 3881 788 3948 positio
820 3880 1159 3951 prtcdicatiVa
1188 3889 1369 3935 vocata
1399 3889 1501 3933 est.
1545 3884 1697 3947 Saepe
1744 3890 1919 3934 autem
1951 3882 2164 3943 evenit,

597 3982 651 4025 ut
681 3972 734 4026 hi
766 3972 977 4027 termini
1013 3972 1113 4025 sibi
1148 3970 1374 4026 invicem
1418 3972 1761 4025 inveniantur
1803 3972 2037 4040 aequales
2069 3972 2168 4025 lioe

594 4064 793 4121 modo;
820 4065 979 4119 homo
1010 4064 1211 4119 risibile
1247 4075 1366 4130 est,
1409 4063 1569 4118 homo
1599 4079 1827 4133 namque
1868 4074 1922 4118 et
1968 4064 2168 4118 risibile

596 4165 819 4225 uterque
848 4158 948 4210 s‘bi
980 4156 1253 4226 subjectus
1282 4174 1462 4227 aequus
1492 4168 1572 4212 est
1605 4159 1891 4221 terminus;
1924 4174 2043 4211 nam
2079 4176 2170 4212 nc-

594 4249 928 4315 queri-inile
956 4249 1091 4301 ultra
1130 4250 1397 4303 hominem
1428 4291 1441 4315 ,
1474 4265 1570 4304 nec
1603 4251 1739 4303 ultra
1774 4249 1975 4303 risibile
2010 4249 2170 4302 homo

600 4340 908 4408 porrigitur.
942 4340 1051 4394 Sed
1083 4342 1133 4393 in
1161 4342 1243 4394 his
1276 4355 1498 4395 necesse
1525 4349 1610 4394 εει
1648 4342 1749 4394 ltoc
1781 4340 1984 4405 venire,
2022 4352 2076 4394 ut
2124 4341 2168 4393 si

564 4438 571 4475 ⁷η
598 4426 811 4493 quidem
848 4427 1136 4495 iuu‘quales
1188 4429 1399 4481 termini
1447 4429 1572 4489 sint,
1625 4426 1793 4494 major
1840 4442 2055 4494 semper
2104 4428 2170 4477 de.

2273 3258 2331 3304 ut
2359 3249 2404 3303 si
2436 3249 2753 3318 quadratum
2788 3256 2906 3309 est,
2959 3260 3003 3297 Vt
3025 3244 3188 3299 lubile
3219 3258 3325 3296 non
3362 3252 3482 3307 est;
3529 3240 3782 3311 quadratum

2272 3342 2415 3395 enim
2445 3354 2564 3393 esse
2589 3338 2872 3390 allirmatio
2897 3344 3013 3398 est,
3042 3333 3277 3387 volubile
3306 3347 3415 3387 non
3451 3345 3593 3397 esse,
3622 3334 3783 3397 negato

2271 3442 2392 3497 est;
2429 3438 2522 3483 aut
2549 3444 2612 3483 ex
2641 3428 2882 3497 negativa
2912 3434 2965 3481 et
2990 3425 3332 3494 afﬁrmativa,
3368 3434 3429 3479 ut
3463 3424 3505 3477 si
3548 3420 3778 3476 rotundum

2273 3538 2376 3576 non
2406 3529 2508 3586 est,
2541 3518 2732 3573 stabile
2761 3527 2863 3583 est,
2891 3516 3178 3571 rotundum
3217 3530 3322 3569 non
3355 3529 3478 3570 esse
3506 3511 3691 3583 negatio
3710 3518 3782 3571 est,

2271 3611 2465 3673 stabile
2496 3628 2622 3669 vero
2647 3626 2767 3666 esse
2803 3610 3114 3663 affirmatio.
3148 3608 3580 3677 Propositionum
3622 3613 3785 3671 quoque

2271 3710 2545 3775 alitesunt
2574 3720 2673 3774 per
2699 3718 2759 3759 se
2786 3711 2945 3766 noue,
2980 3710 3034 3755 et
3064 3714 3293 3769 quarum
3342 3696 3579 3767 probatio
3608 3700 3785 3761 nequeat

2272 3799 2521 3861 inveniri,
2549 3796 2669 3849 alia:
2697 3808 2850 3863 quas,
2887 3790 3099 3845 tametsi
3128 3790 3343 3843 animus
3370 3784 3627 3841 audientis
3648 3783 3786 3851 probet

2272 3889 2453 3957 eisque
2503 3882 2836 3949 consentiat,
2867 3886 3057 3936 tamen'
3090 3890 3310 3950 possunt
3341 3878 3459 3933 aliis
3488 3870 3785 3945 superioribus

2272 3978 2574 4048 approbari.
2605 3976 2670 4030 Et
2700 3975 2804 4029 ilhc
2828 3973 3038 4043 quidem
3062 3987 3285 4037 quarum
3311 3970 3459 4024 nulla
3482 3967 3697 4035 probatio
3711 3969 3785 4026 est,

2275 4070 2521 4124 maxima:
2552 4083 2615 4122 ac
2647 4063 2973 4136 principales
3004 4072 3282 4127 vocantur,
3323 4054 3469 4129 quod
3496 4059 3574 4111 Itis
3600 4056 3698 4110 illas
3718 4066 3787 4104 ne-

2273 4176 2425 4215 cesse
2466 4167 2552 4213 est
2602 4156 3062 4226 approbari,-qua:
3114 4163 3171 4206 ut
3222 4148 3578 4206 demonstrari
3607 4146 3787 4205 valeant,

2276 4268 2377 4305 non
2398 4258 2661 4305 recusant.
2692 4249 2781 4302 Est
2805 4256 2980 4301 autem
3006 4246 3235 4299 maxima
3262 4242 3574 4312 prepositio,
3602 4246 3651 4291 ut
3675 4236 3786 4289 hac:

2276 4342 2329 4397 Si
2363 4342 2429 4395 de
2459 4340 2751 4408 a-qualibus
2797 4338 3017 4407 :equalia
3049 4337 3253 4401 demas,
3306 4349 3428 4403 qum
3458 4330 3783 4397 derelinquuno

2277 4442 2360 4485 tur
2390 4430 2611 4498 aequalia
2637 4438 2778 4482 sunt.
2816 4428 2889 4480 lta
2921 4428 3063 4480 enim
3099 4426 3198 4480 hoc
3230 4440 3321 4493 per
3347 4439 3406 4477 se
3449 4431 3620 4476 notum
3647 4425 3731 4477 est,
3751 4423 3787 4465 ut

597 4517 837 4585 subjecto
868 4519 1214 4583 prtcdicctur;
1245 4519 1290 4571 si
1328 4533 1454 4585 vero
1496 4518 1760 4586 mquales,
1796 4526 2015 4585 uterque
2040 4532 2167 4570 con—
2201 4518 2246 4573 D
2276 4524 2416 4580 aliud
2451 4522 2624 4576 notius
2653 4535 2758 4589 quo
2790 4517 3080 4588 approbari
3131 4517 3322 4580 valeat,
3352 4528 3474 4568 esse
3519 4527 3617 4566 non
3646 4504 3786 4576 possit.

597 4624 748 4660 versa
778 4610 1151 4674 ιιι-ιυιιιεειιὶιιιιε
1177 4610 1243 4662 de
1271 4625 1328 4662 se
1367 4611 1608 4671 dicatur;
1650 4621 1705 4661 ut
1738 4623 1866 4662 vero
1894 4610 2065 4662 minor
2104 4611 2170 4662 de

595 4698 787 4765 majori
844 4700 1175 4765 pra-dicetur,
1213 4698 1263 4752 iu
1294 4699 1436 4752 nulla
1483 4700 1843 4767 propositone
1882 4699 2165 4767 contingit.

598 4792 736 4845 Fieri
768 4804 941 4845 autem
977 4802 1150 4859 potest
1178 4802 1232 4844 ut
1257 4791 1677 4860 propositionum
1711 4800 1887 4859 partes
1909 4806 2039 4859 quas
2063 4800 2170 4842 ter-

595 4884 771 4936 minos
802 4885 1029 4937 dieinrs
1053 4925 1067 4947 ,
1098 4898 1201 4937 non
1233 4884 1406 4937 solum
1450 4884 1499 4935 iit
1532 4884 1867 4947 nominibus,
1899 4899 2083 4937 verum
2118 4885 2167 4935 in

594 4977 929 5029 orationibus
974 4977 1331 5029 inveniantur.
1368 4976 1497 5029 Nam
1543 4992 1685 5043 smpc
1729 4976 2006 5030 oratio'de
2048 4991 2167 5029 ora-

597 5068 743 5121 tione
775 5069 1115 5135 pr.edicatur,
1147 5069 1246 5122 Itoc
1274 5068 1461 5138 modo:
1494 5068 1744 5124 Socrates
1790 5084 1908 5124 cum
1954 5069 2171 5122 Platone

594 5169 649 5213 et
676 5160 957 5228 discipulis
980 5160 1045 5214 de
1090 5160 1437 5230 philosophia-
1464 5165 1670 5216 ratione
1699 5170 2010 5231 pertractat.
2046 5161 2169 5215 llaec

597 5251 793 5320 quippe
824 5255 1015 5333 opido,
1040 5270 1157 5319 qua:
1186 5264 1265 5310 cst
1285 5295 1298 5318 ,
1333 5254 1582 5324 Socrates
1607 5272 1726 5309 cum
1760 5258 1980 5311 Platone
2006 5265 2059 5310 et
2085 5256 2167 5309 di-

594 5344 839 5411 seipulis,
874 5345 1114 5413 subjecta
1147 5354 1247 5399 εει.
1282 5346 1371 5399 llla
1404 5364 1553 5412 vero,
1584 5348 1649 5401 de
1683 5349 2032 5418 pltllOSttplti'J)
2084 5366 2167 5401 ra-

596 5434 742 5487 tione
789 5446 1101 5502 pertractat,
1139 5438 1476 5505 prtcdicatur.
1527 5440 1730 5492 Itursus
1758 5440 2041 5507 aliquando
2073 5456 2167 5492 no-

599 5540 722 5577 men
747 5525 1043 5593 subjectum
1077 5538 1180 5591 est,
1224 5530 1395 5581 oratio
1425 5529 1769 5596 prmdicaturii
1796 5568 1810 5591 ,
1842 5531 1940 5582 hoc
1966 5529 2127 5582 modo
2153 5548 2165 5581 :

596 5616 848 5668 Socrates
873 5617 937 5667 de
966 5618 1316 5686 philosophia:
1343 5620 1548 5673 ratione
1575 5628 1886 5685 pertractat;
1916 5620 2000 5672 hic
2025 5622 2163 5672 enim

596 5704 845 5763 Socrates
872 5708 1139 5775 subjectus
1171 5712 1314 5763 solus
1346 5719 1428 5763 cst
1452 5727 1465 5775 ;
1493 5712 1663 5763 oratio
1691 5726 1791 5779 qua
1827 5711 2073 5775 d‘ciuius,
2108 5713 2171 5767 de

2276 4620 2407 4686 Qum
2453 4614 2845 4685 propositiones
2875 4627 2994 4665 cum
3046 4610 3202 4664 Iidem
3249 4609 3332 4661 sui
3363 4617 3549 4660 natura
3576 4598 3788 4672 prapriam

2278 4717 2488 4779 gerant,
2510 4722 2615 4763 non
2661 4707 2836 4760 solum
2869 4705 3044 4757 alieno
3075 4702 3139 4756 ad
3172 4702 3325 4754 [idem
3357 4715 3461 4753 non
3488 4706 3636 4767 egent
3673 4704 3788 4759 argu-

2281 4812 2479 4863 mento,
2541 4800 2723 4853 verum
2780 4796 2993 4852 caeteris
3043 4809 3257 4863 quoque
3291 4791 3613 4861 probationis
3659 4785 3789 4840 solent

2279 4908 2399 4946 esse
2430 4890 2769 4959 principium.
2804 4887 2966 4957 Igitur
2996 4902 3091 4954 per
3139 4901 3199 4939 se
3250 4893 3389 4937 notae
3435 4879 3787 4951 propositiones.

2277 4983 2467 5053 quibus
2494 4974 2621 5035 nihil
2653 4991 2735 5035 est
2766 4980 2961 5041 notius,
2981 4974 3488 5031 indemonstrabiles
3513 4987 3572 5026 ac
3598 4966 3789 5024 maxim:

2250 5076 2332 5129 'et
2362 5073 2681 5143 principales
2714 5080 2986 5124 vocantur.
3013 5070 3141 5134 Qua:
3170 5084 3294 5123 vero
3321 5066 3560 5136 quamvis
3584 5056 3789 5115 auditoris

2274 5165 2475 5234 judicio
2505 5165 2938 5232 comprobentur,
2972 5161 3171 5215 habent
3220 5168 3398 5212 tamen
3444 5153 3631 5225 aliquid
3658 5148 3790 5204 notius

2286 5258 2603 5311 naturaliter
2633 5271 2697 5307 ex
2730 5270 2854 5323 quo,
2887 5253 2931 5306 si
2979 5254 3044 5306 de
3077 5253 3157 5304 his
3191 5252 3278 5303 liat
3310 5250 3550 5320 qua-stio,
3605 5244 3723 5298 velut
3743 5251 3787 5291 cl

2277 5351 2454 5404 alieno
2486 5348 2638 5402 [idem
2666 5348 2901 5415 capiant,
2938 5345 3018 5399 Inc
3048 5344 3495 5399 demonstrabiles
3523 5354 3581 5394 ac
3607 5336 3789 5392 minoris

2284 5443 2715 5512 posterioresque
2742 5440 3009 5512 dicuntur.
3048 5437 3111 5490 Et
3141 5436 3209 5490 de
3243 5432 3673 5503 propositionibus
3702 5424 3789 5490 qui-

2281 5501 2398 5589 dem
2433 5536 2532 5587 ista
2564 5501 3117 5599 sulticiant/{Qurestio
3148 5544 3275 5584 vero
3297 5525 3593 5581 dubitabilis
3611 5530 3681 5576 est
3704 5528 3788 5606 pro:

2282 5626 2498 5692 positio,
2530 5624 2580 5676 iu
2626 5638 2724 5689 qua
2758 5635 2976 5676 necesse
3002 5629 3085 5674 εει
3136 5621 3247 5673 ιἰτε
3295 5616 3479 5672 eadem
3518 5608 3787 5665 considerari

2282 5712 2396 5785 qum
2420 5714 2619 5768 dudum
2647 5714 2697 5767 in
2732 5713 3091 5783 propositione
3123 5710 3261 5765 dicta
3293 5717 3431 5762 sunt.
3464 5704 3587 5760 Atia:
3610 5704 3786 5764 namque
