4036 6336
252 372 393 436 H77

1296 367 1382 421 DE
1424 354 1895 421 DIFFERENTIIS
1934 356 2209 416 TOPICIS.
2251 359 2379 414 LIB.
2424 358 2463 411 Ι.

3361 358 3496 413 H78

250 486 545 559 simplices,
599 484 719 540 aliae
760 482 1073 551 compositae
1119 489 1263 535 sunt.
1295 478 1579 547 Simplices
1608 482 1730 529 sunt
1760 480 1814 524 ut
1842 473 1895 526 A
1919 472 2130 539 quidem
2148 488 2212 526 eo
2238 473 2359 539 erit,
2388 473 2481 526 sed
2511 485 2615 526 non
2643 470 2710 525 de
2733 470 3025 525 substantia
3052 469 3217 540 ipsius
3240 471 3494 539 praedicao

254 581 340 634 hae
365 595 485 648 quae
525 591 589 632 ex
638 574 868 644 simplici
924 571 1287 641 propositione
1341 567 1689 628 descendunt,
1726 564 1827 617 hoc

253 671 446 736 modo,
502 678 559 723 ut
608 669 654 722 si
681 673 951 736 quaeratur
979 679 1045 717 an
1095 663 1289 717 caelum
1322 662 1392 714 sit
1420 658 1670 713 volubile.
1704 656 1829 709 Haec

252 763 397 817 enim
430 759 497 813 ab
522 774 585 813 ea
622 758 769 811 venit
799 754 1164 824 propositione
1191 767 1309 819 quae
1335 750 1463 804 dicit
1491 749 1684 801 caelum
1709 759 1829 799 esse

254 850 514 908 volubile.
549 852 723 916 Atque
752 848 796 900 si
827 842 1231 909 aconditionafi
1273 840 1566 909 composita
1594 836 1831 904 preposi-

253 945 403 1002 tione
427 941 649 1009 suscipit
674 940 912 1002 initium,
942 952 1061 1007 quae
1093 945 1176 990 est
1205 951 1270 987 an
1302 934 1347 986 si
1379 932 1574 987 caelum
1607 938 1691 983 est
1738 941 1829 981 ro-

253 1034 501 1097 tundum,
550 1030 780 1085 volubile
808 1038 912 1097 est,
941 1028 1042 1082 erit
1077 1024 1447 1081 conditionalis
1492 1032 1650 1089 atque
1686 1032 1833 1073 com-

252 1127 431 1194 posita
461 1125 561 1178 hoc
605 1121 800 1185 modo;
828 1120 943 1174 haec
969 1120 1111 1173 enim
1141 1132 1183 1169 a.
1216 1112 1561 1170 conditionali
1593 1108 1832 1176 proposi-

254 1218 404 1271 tione
434 1214 746 1284 principium
777 1211 940 1266 sumit
964 1224 1083 1279 quae
1111 1216 1215 1284 est,
1240 1207 1285 1260 si
1312 1204 1509 1260 caelum
1542 1199 1829 1256 rotundum

256 1319 362 1372 est,
390 1280 621 1361 volubile
650 1314 731 1360 est
769 1320 781 1356 :
816 1302 1043 1372 quaestio
1066 1280 1195 1369 ergo
1225 1299 1355 1353 alias
1385 1296 1597 1366 quidem
1631 1292 1829 1361 praedi-

218 1401 436 1453 ‘ca'iva
481 1408 584 1462 est,
638 1397 772 1450 alias
828 1381 1371 1478 conditionalis/[iQuo
1426 1389 1483 1443 fit
1534 1396 1591 1440 ut
1626 1385 1833 1441 eaedem

256 1498 441 1558 partes
482 1488 793 1557 quaestionis
822 1486 928 1539 sint
960 1499 1079 1552 quae
1128 1477 1326 1536 dudum
1357 1493 1477 1534 esse
1505 1477 1660 1531 dictae
1709 1482 1834 1528 sunt

263 1578 687 1647 propositiones.
716 1574 1077 1629 Praedicativae
1102 1572 1262 1641 igitur
1288 1568 1610 1638 quaestiones
1638 1566 1833 1618 habent

264 1669 610 1737 praedicatum
636 1679 795 1736 atque
825 1664 1147 1734 subjectum,
1177 1672 1233 1716 ut
1261 1663 1311 1714 in
1338 1675 1402 1714 ea
1427 1673 1531 1728 qua
1561 1654 1833 1709 dubitatur

263 1776 332 1814 an
360 1761 554 1815 caelum
607 1759 675 1812 sit
705 1757 954 1811 volubile.
1000 1754 1129 1808 Nam
1173 1750 1409 1805 volubile
1465 1747 1830 1816 praedicatum,

1933 561 2099 626 bitur;
2130 573 2217 615 aut
2245 564 2292 617 ei
2324 564 2429 617 erit
2455 563 2678 632 aequale,
2711 571 2765 616 et
2786 563 2839 616 in
2867 562 3158 617 substantia
3184 562 3500 632 praedicabi-

1934 659 2048 716 tur;
2074 661 2166 704 aut
2186 653 2234 705 ei
2257 653 2360 721 erit
2387 654 2606 720 aequale,
2638 652 2733 705 sed
2761 653 2977 706 minime
2999 651 3116 721 ejus
3143 652 3494 707 substantiam

1932 718 2405 811 continebitaxam
2451 718 2514 793 ιιι
2558 740 2610 794 id
2648 742 2787 810 quod
2834 718 3124 797 minusest
3151 741 3218 796 de
3250 757 3314 796 eo
3354 743 3498 811 quod

1933 829 2102 897 tnajus
2133 840 2211 883 est
2236 830 2609 899 praedicemus,
2638 832 2689 885 in
2721 832 2861 884 nulla
2893 832 3254 899 propositione
3295 833 3494 889 evenit.

1932 920 2036 974 Sed
2065 921 2107 973 si
2140 920 2244 975 tale
2266 928 2347 975 est
2367 920 2508 989 quod
2534 921 2585 974 in
2613 921 2905 990 quaestione
2928 923 3259 992 pr0ponitur,
3292 932 3349 976 ut
3374 926 3502 978 sub-

1929 1015 2072 1079 jecto
2092 1013 2162 1065 sit
2190 1011 2384 1080 majus,
2409 1019 2464 1065 et
2487 1012 2552 1065 de
2574 1013 2800 1081 subjecti
2829 1013 3123 1067 substantia
3154 1013 3494 1081 praedicetur,
3568 1070 3577 1079 ,

1932 1100 2033 1155 erit
2059 1116 2274 1181 ma
2309 1116 2467 1155 omne
2498 1102 2642 1155 enim
2687 1116 2856 1170 genus
2902 1114 2982 1156 est
3010 1102 3180 1171 majus
3209 1118 3275 1158 eo
3295 1102 3362 1157 de
3391 1119 3497 1171 quo

1932 1192 2274 1260 praedicatur,
2308 1201 2363 1247 et
2390 1192 2457 1246 de
2501 1192 2791 1246 substantia
2821 1193 2936 1260 ejus
2975 1194 3186 1260 dicitur,
3220 1204 3278 1247 ut
3302 1194 3499 1247 animal

1934 1282 2188 1336 hominis.
2217 1284 2285 1336 At
2312 1283 2357 1337 si
2383 1282 2550 1350 majus
2574 1281 2787 1351 quidem
2820 1281 2997 1347 fuerit,
3028 1283 3123 1336 sed
3160 1281 3228 1336 de
3253 1283 3501 1337 substan-

1936 1376 2002 1427 tia
2029 1375 2145 1441 ejus
2171 1389 2278 1427 non
2307 1373 2644 1442 praedicetur,
2670 1374 2771 1426 erit
2802 1372 3072 1442 accidens,
3104 1380 3161 1425 ut
3198 1373 3383 1427 album.
3406 1371 3503 1425 ho-

1934 1467 2082 1519 mini.
2113 1464 2265 1530 Quod
2308 1438 2353 1517 εἰ
2382 1465 2588 1531 aequale
2615 1438 2829 1533 quidem
2860 1438 2950 1525 ἒῖῐ,
2993 1463 3087 1518 sed
3128 1443 3499 1527 substantiale,

1934 1552 2158 1621 subjecti
2203 1553 2306 1607 erit
2344 1552 2610 1637 “ligio,
2647 1563 2703 1605 ut
2749 1551 2944 1605 animal
2977 1551 3234 1604 rationale
3266 1552 3502 1615 mortale

1938 1644 2141 1697 homini
2170 1660 2184 1695 a
2219 1642 2322 1697 hoc
2356 1658 2587 1708 namque
2619 1643 2967 1707 convertitur,
2993 1650 3052 1695 et
3080 1640 3304 1709 subjecti
3337 1642 3501 1694 ratio-

1937 1749 2082 1799 nem,
2112 1734 2164 1788 id
2193 1742 2275 1788 est
2315 1733 2547 1788 hominis
2576 1731 2951 1798 substantiam,
2977 1726 3255 1785 monstrat.
3284 1731 3435 1796 Quod
3457 1730 3504 1784 si

260 1851 456 1905 caelum
480 1863 609 1902 vero
635 1847 931 1915 subjectum
962 1853 1064 1898 est.
1089 1841 1254 1910 Major
1286 1840 1428 1895 enim
1462 1811 1720 1891 terminus
1745 1844 1828 1889 est
1864 1811 1912 1870 Β
1938 1824 2141 1894 aequale
2172 1824 2385 1893 quidem
2433 1824 2525 1888 sit,
2558 1822 2651 1878 sed
2682 1838 2711 1875 τι
2740 1823 2948 1876 ratione
2975 1822 3283 1875 substantia:
3326 1820 3507 1889 sejun-

261 1940 500 1995 volubile
529 1953 686 2009 quam
742 1937 961 1991 caelum.
994 1932 1173 2002 Neque
1221 1931 1364 1984 enim
1414 1929 1607 1983 caelum
1663 1925 1834 1980 solum

260 2031 495 2086 volubile
518 2030 623 2084 dici
653 2037 845 2098 potest.
878 2026 1006 2093 Quae
1026 2039 1155 2079 vero
1180 2022 1462 2091 conjuncta
1489 2028 1572 2074 est
1590 2017 1833 2087 quaestio,

260 2122 483 2175 habebit
511 2130 687 2189 partes
716 2116 857 2187 quod
890 2114 1211 2186 praedicatur
1263 2122 1317 2166 et
1348 2110 1491 2179 quod
1535 2107 1835 2177 subjicitur,

260 2211 401 2279 quod
446 2209 711 2264 antecedit
756 2217 809 2262 et
848 2206 991 2275 quod
1019 2204 1386 2270 consequitur,
1422 2212 1480 2254 ut
1533 2198 1584 2252 in
1616 2214 1683 2253 ea
1711 2212 1834 2267 quae

261 2303 415 2365 dicit,
445 2315 511 2353 an
543 2301 586 2352 si
613 2299 809 2353 caelum
837 2295 1120 2351 rotundum
1151 2301 1254 2359 est,
1281 2291 1514 2346 volubile
1543 2298 1645 2344 est.
1677 2290 1842 2342 Ante-

261 2392 407 2446 cedit
451 2391 735 2446 rotundum
788 2378 929 2450 esse,
988 2386 1228 2455 sequitur
1278 2382 1514 2455 volubile
1542 2396 1682 2436 esse.
1714 2380 1843 2446 Quae

260 2498 385 2535 cum
416 2482 485 2535 ita
516 2482 642 2544 siut,
677 2480 730 2532 in
763 2476 1101 2548 praedicativa
1131 2473 1427 2544 quaestione
1474 2472 1746 2525 dubitatur
1776 2485 1841 2522 an

260 2574 508 2641 subjecto
526 2571 755 2625 termino
783 2567 1103 2638 praedicatus
1132 2566 1416 2620 inhaereat.
1449 2563 1503 2617 In
1535 2560 1847 2633 bypotbeti-

260 2668 342 2720 eis
363 2680 490 2719 vero
514 2663 919 2734 quaestionibus,
950 2660 1080 2715 illud
1109 2668 1309 2713 tantum
1335 2656 1589 2723 quaeritur
1614 2669 1681 2710 an
1700 2652 1845 2707 illam

263 2772 381 2811 rem
427 2771 547 2825 quae
577 2754 831 2823 praecedit
860 2751 1150 2806 comitetur
1201 2748 1252 2802 id
1283 2747 1423 2817 quod
1472 2758 1700 2813 sequens
1729 2755 1849 2797 esse

266 2849 608 2917 propertitur.
640 2847 827 2899 Omnia
857 2860 985 2898 vero
1017 2858 1135 2911 quae
1166 2842 1233 2897 de
1263 2839 1623 2910 praedicativis
1654 2850 1848 2907 propo-

265 2939 553 2995 sitionibus
584 2938 724 2992 dicta
751 2947 895 3002 sunt,
935 2936 987 2989 id
1017 2943 1120 2997 est,
1155 2933 1298 3003 quod
1326 2934 1445 2987 aliae
1495 2930 1846 2993 universales,

265 3032 388 3084 alia:
417 3030 789 3098 particulares,
846 3027 963 3081 aliae
1012 3024 1329 3089 indeﬁnitae,
1375 3022 1494 3075 aliae
1521 3020 1845 3089 singulares,

266 3122 457 3177 eadem
490 3120 711 3189 possunt
736 3119 840 3174 dici
893 3117 1005 3172 fere
1054 3120 1105 3170 in
1154 3114 1498 3185 praedicativa
1528 3111 1846 3182 quaestione.

1920 1925 2104 1980 actum,
2138 1915 2241 1968 erit
2273 1914 2544 2000 proﬂium
2573 1931 2587 1968 a
2621 1922 2679 1967 ut
2708 1913 2910 1967 risibile
2942 1913 3161 1965 homini.
3184 1913 3366 1981 Itaque
3390 1912 3501 1966 dia-

1940 2006 2145 2061 lectica
2174 2005 2445 2074 simplices
2466 2005 2809 2073 quaestiones,
2858 2014 2950 2057 aut
2977 2005 3045 2058 de
3075 2019 3291 2073 genere,
3325 2011 3417 2056 aut
3443 2002 3510 2057 de

1941 2099 2226 2163 accidenti,
2256 2105 2348 2151 aut
2393 2098 2460 2151 de
2488 2096 2828 2159 diffinitione,
2864 2104 2955 2149 aut
2996 2096 3062 2157 de
3095 2095 3309 2164 praprio
3353 2095 3507 2149 fiunt.

1943 2190 2175 2244 Possunt
2202 2203 2331 2241 vero
2376 2186 2491 2243 ﬁeri
2537 2188 2702 2240 etiam
2734 2186 2802 2240 de
2833 2186 3131 2240 differentia
3186 2185 3509 2254 quaestiones

1943 2295 2062 2335 cum
2092 2280 2349 2349 quaeritur
2373 2278 2611 2333 caelestia
2634 2291 2858 2345 corpora
2889 2276 3167 2330 rationalia
3192 2276 3298 2329 sint
3321 2289 3508 2338 necne,

1945 2371 2028 2425 vel
2055 2384 2175 2424 cum
2202 2368 2478 2423 dubitatur
2508 2382 2646 2422 eane
2675 2368 2743 2421 sit
2789 2368 3001 2437 tyranni
3030 2382 3093 2420 ac
3124 2366 3379 2435 principis
3410 2365 3511 2418 dif-

1949 2460 2196 2526 ferentia,
2245 2460 2387 2527 quod
2440 2458 2526 2511 hic
2574 2458 2777 2526 legibus
2821 2458 3049 2526 sumpsit
3076 2457 3382 2525 imperium,
3425 2455 3514 2509 ille

1948 2551 2185 2605 violenta
2213 2549 2576 2604 dominatione
2618 2550 2867 2617 p0pulum
2905 2548 3121 2617 premit.
3145 2547 3247 2601 Sed
3280 2556 3513 2600 tantum-

1949 2643 2068 2698 dem
2094 2651 2178 2695 est
2202 2641 2271 2695 de
2317 2639 2616 2695 difl‘ereutia
2647 2652 2911 2706 quaerere,
2953 2646 3208 2707 quantum
3249 2638 3294 2690 si
3322 2638 3390 2690 de
3417 2652 3510 2705 ge-

1948 2747 2078 2788 nere
2106 2732 2394 2786 dubitetur.
2426 2735 2530 2785 Aut
2557 2729 2699 2784 enim
2749 2728 3089 2782 constitutiva
3117 2728 3220 2781 erit
3266 2726 3515 2779 differen-

1950 2823 2043 2889 tia,
2068 2831 2159 2876 aut
2179 2820 2402 2876 divisiva
2429 2835 2445 2873 a
2468 2819 2561 2874 sed
2593 2820 2639 2873 si
2668 2818 3006 2873 constitutiva
3037 2816 3217 2880 fuerit,
3245 2815 3393 2884 quasi
3419 2830 3513 2883 ge-

1951 2916 2095 2969 neris
2124 2914 2327 2969 obtinet
2348 2913 2546 2974 locum,
2578 2919 2634 2964 ut
2663 2908 3050 2964 rationabilitas
3082 2907 3315 2971 homini;
3345 2908 3425 2961 vel
3471 2908 3518 2960 si

1951 3008 2159 3062 ratione
2189 3008 2387 3076 degunt
2417 3004 2660 3059 coelestia
2684 3016 2933 3071 corpora,
2978 2999 3286 3056 coelestibus
3308 3014 3519 3070 quoque

1952 3099 2287 3169 corporibus.
2315 3098 2383 3151 At
2406 3097 2451 3149 si
2480 3096 2706 3150 divisiva
2734 3093 2912 3156 fuerit,
2936 3092 3079 3147 velut
3105 3092 3311 3160 species
3333 3090 3518 3146 consi-

267 3214 383 3269 lloc
408 3182 603 3268 etenim
652 3222 853 3265 tantum
885 3209 1109 3279 quaestio
1140 3182 1169 3264 a
1221 3205 1586 3277 propositione
1629 3206 1836 3259 diversa
1864 3182 1916 3247 θ
1947 3191 2185 3256 ἀεΐδῑυΐι
2219 3189 2393 3259 omnis
2422 3188 2563 3242 enim
2594 3186 2815 3259 species
2842 3198 2961 3237 cum
2987 3182 3245 3265 ἀίῖίβίδίη
3266 3183 3521 3237 ἀίπθτεη·

267 3308 376 3364 εει,
412 3298 553 3368 quod
596 3297 887 3365 propositio
914 3295 1127 3365 quidem
1178 3294 1262 3348 vel
1292 3291 1562 3347 enuntiata
1592 3288 1845 3358 simplici-

270 3399 382 3450 ter,
414 3390 501 3443 vel
532 3388 671 3441 aliud
702 3388 955 3455 probans,
988 3384 1159 3438 oratio
1210 3393 1292 3437 est
1350 3395 1535 3435 verum
1585 3379 1849 3433 falsumve

268 3478 596 3549 significans.
629 3476 864 3544 Quaestio
907 3491 1033 3529 vero
1059 3488 1179 3528 cum
1219 3475 1287 3526 sit
1319 3473 1430 3541 ipsa
1463 3471 1683 3541 quidem
1723 3483 1846 3523 ora-

273 3571 373 3632 tio,
419 3567 725 3622 dubitabilis
759 3576 935 3620 tamen
990 3574 1075 3619 est
1122 3561 1432 3633 propositio.
1467 3559 1661 3614 Addita
1689 3557 1851 3628 igitur

271 3658 606 3713 dubitatione
626 3698 642 3722 ,
671 3671 790 3724 quae
821 3656 871 3708 in
904 3654 1272 3724 propositione
1298 3650 1725 3713 considerantur,
1755 3663 1849 3702 ea-

272 3751 397 3804 dem
438 3750 595 3803 etiam
628 3748 880 3803 convenit
907 3747 959 3799 in
987 3744 1283 3815 quaestione
1328 3741 1563 3796 tractari.
1591 3740 1854 3805 Quaestio-

275 3842 363 3895 nis
388 3849 565 3893 autem
594 3839 711 3893 duae
739 3849 862 3892 sunt
891 3837 1097 3907 species
1132 3852 1144 3889 :
1176 3842 1279 3888 una
1310 3848 1429 3902 quae
1456 3832 1647 3886 dicitur
1673 3846 1701 3882 a
1733 3828 1851 3883 dia-

275 3930 479 3984 lecticis
526 3929 719 3992 thesis;
761 3930 878 3982 haec
903 3926 1209 3995 bnjusmodi
1258 3932 1343 3979 est
1371 3939 1489 3993 quae
1519 3923 1585 3976 de
1610 3936 1669 3976 re
1692 3929 1853 3975 caetr-

274 4020 356 4074 ris
383 4018 797 4073 circumstantiis
828 4017 963 4070 nuda
992 4015 1184 4085 quaerit
1210 4030 1272 4069 ac
1315 4013 1563 4076 disserit,
1596 4011 1780 4081 quales
1820 4024 1851 4063 a

276 4108 574 4163 dalemicis
620 4107 849 4161 maxime
897 4106 963 4159 ad
1007 4105 1419 4172 disputationem
1450 4109 1749 4164 sumuntur,
1798 4106 1854 4151 ut

277 4200 593 4267 voluptasne
645 4212 910 4252 summum
941 4195 1137 4249 bonum
1187 4196 1287 4248 sit?
1316 4193 1636 4246 Ducendane
1686 4191 1856 4244 uxor?

278 4292 395 4345 haec
419 4305 450 4343 a
480 4289 633 4343 nobis
658 4287 951 4358 propositio
971 4286 1054 4340 vel
1085 4285 1413 4354 propositum
1437 4282 1650 4337 dicitur.
1673 4281 1852 4335 Altera

182 4371 211 4451 Η
275 4398 409 4449 vero
437 4398 554 4451 quae
584 4399 615 4434 a
646 4379 846 4434 Graecis
871 4387 1094 4431 vocatur
1130 4375 1461 4446 hypothesis,
1495 4389 1524 4426 a
1554 4372 1710 4427 nobis
1730 4371 1858 4425 dici-

277 4484 372 4528 tur
394 4486 586 4552 cggsa;
617 4472 733 4525 haec
760 4471 983 4539 quaestio
1010 4478 1092 4523 est
1119 4467 1380 4536 personis,
1401 4465 1753 4534 temporibus,
1780 4462 1856 4515 fa—

1954 3287 2023 3340 tia
2063 3293 2165 3340 est.
2197 3284 2347 3350 Quod
2390 3284 2435 3337 si
2462 3282 2763 3337 differentia
2802 3294 2941 3332 nunc
2970 3260 3185 3348 quidem
3218 3266 3521 3344 locogene-

1952 3366 2221 3445 risfnunc
2246 3393 2371 3431 vero
2400 3375 2601 3445 speciei
2650 3375 2766 3427 loco
2797 3373 3020 3434 utimur,
3068 3370 3262 3433 ambigi
3293 3381 3393 3420 non
3428 3381 3522 3435 po-

1952 3481 2076 3537 test,
2107 3485 2227 3525 cum
2268 3469 2333 3522 de
2374 3483 2435 3521 ea
2464 3466 2718 3536 quaeritur
2747 3465 2815 3517 de
2863 3476 3060 3531 genere
3099 3458 3362 3521 dubitari;
3402 3460 3515 3513 fieri

1953 3576 2079 3615 vero
2110 3569 2287 3629 potest
2319 3568 2373 3610 ut
2398 3556 2593 3625 aliquid
2625 3555 2677 3608 in
2706 3562 2980 3609 certamen
3003 3550 3401 3618 comparatione
3423 3548 3525 3600 du-

1953 3661 2123 3713 catur,
2158 3650 2305 3702 velut
2331 3662 2451 3701 cum
2494 3645 2786 3713 ambigitur
2816 3658 2885 3696 an
2933 3641 3124 3695 melior
3171 3640 3240 3693 sit
3268 3636 3525 3691 fortitudo

1953 3741 2171 3811 justitia.
2205 3738 2311 3793 Sed
2358 3738 2471 3791 haec
2520 3734 2742 3804 quaestio
2783 3734 2834 3787 in
2864 3732 3416 3787 accidentis'necesse
3444 3736 3525 3782 est

1954 3831 2283 3888 dubitatione
2310 3836 2560 3898 ponatur.
2588 3825 2827 3892 Namque
2854 3823 2920 3877 ad
2958 3821 3412 3890 comparationem
3445 3820 3527 3873 ni-

1954 3923 2029 3977 hil
2060 3922 2165 3985 nisi
2194 3919 2452 3975 accidens
2483 3918 2652 3982 venit,
2682 3917 2783 3970 hoc
2805 3915 2950 3969 enim
2983 3913 3153 3967 solum
3181 3911 3372 3979 recipit
3412 3924 3526 3961 ma-

1954 4014 2036 4085 gis
2058 4014 2334 4069 etminus.
2365 4013 2568 4066 llursus
2594 4010 2660 4064 de
2688 4024 2753 4064 eo
2776 4006 2917 4078 quod
2940 4014 3023 4061 est
3050 4004 3187 4057 idem
3213 4008 3387 4071 potest
3414 3998 3528 4053 fieri

1956 4115 2250 4169 certamen,
2280 4111 2339 4157 ut
2366 4117 2432 4155 an
2477 4101 2615 4155 idem
2648 4102 2716 4154 sit
2749 4098 2876 4151 utile
2921 4093 3058 4164 quod
3093 4095 3393 4147 honestum.
3421 4089 3527 4144 Sed

1958 4196 2043 4249 hic
2066 4195 2288 4264 quaestio
2310 4191 2613 4247 dif‘finitioni
2638 4187 2966 4259 aggregauda
2994 4194 3111 4240 est:
3136 4170 3359 4253 quarum
3387 4181 3528 4237 enim

1957 4301 2132 4339 rerum
2154 4285 2341 4338 eadem
2360 4292 2442 4337 est
2462 4282 2731 4346 diffinitio,
2758 4280 2884 4347 ipsae
2906 4290 3119 4346 quoque
3149 4284 3273 4328 sunt
3294 4272 3525 4335 eaedem;

1956 4391 2178 4447 quarum
2212 4389 2340 4430 vero
2371 4374 2587 4427 diversa
2618 4370 2929 4425 substantiae
2957 4368 3093 4421 ratio
3118 4375 3222 4433 est,
3252 4364 3381 4433 ipsae
3401 4376 3531 4431 quo-

1959 4483 2061 4537 que
2101 4476 2226 4521 sunt
2269 4467 2518 4520 diversae.
2547 4465 2707 4534 Igitur
2736 4461 2993 4530 simplicis
3032 4458 3338 4513 dialecticae
3380 4470 3529 4525 quae-

276 4565 404 4627 ctis,
427 4545 751 4630 amorisque
775 4558 1189 4613 circumstantiis
1219 4555 1504 4624 implicita;
1546 4569 1609 4608 ea
1651 4562 1734 4607 est
1757 4553 1846 4606 hu-

1961 4562 2162 4615 stiones
2191 4570 2336 4614 recte
2362 4567 2586 4627 quatuor
2630 4554 2838 4622 species
2863 4546 2983 4605 esse
3007 4550 3274 4612 dicuntur,
3316 4547 3384 4602 de
3408 4546 3531 4615 qui-

277 4652 511 4723 jusmodi
543 4670 555 4704 :
584 4651 781 4706 Jurene
809 4651 997 4705 Cicero
1050 4650 1100 4702 in
1146 4648 1399 4703 exsilium
1453 4646 1616 4727 dubio
1672 4643 1856 4713 reipu-

279 4743 435 4797 blicae
465 4750 704 4810 tempore
745 4740 1087 4799 detrudatur.
1120 4739 1242 4807 quia
1276 4737 1480 4805 iujus~u
1510 4735 1685 4804 populi
1713 4737 1858 4789 cives

280 4832 881 4887 llomanosnecaverit.
917 4831 1086 4897 Hujus
1134 4840 1309 4882 autem
1357 4828 1581 4895 duplicis
1608 4826 1897 4895 quaestio-'

279 4926 367 4980 nis
417 4924 820 4978 subdivisiones
876 4922 1009 4975 alias
1054 4935 1175 4975 esse
1202 4934 1426 4974 necesse
1454 4928 1555 4982 83‘,
1594 4927 1648 4971 et
1695 4916 1860 4970 thesis

280 5017 501 5086 quidem
536 5015 884 5085 philosophis,
938 5014 1250 5085 hypOthesis
1282 5027 1408 5067 vero
1454 5012 1757 5066 oratoribus
1784 5020 1864 5062 at-

284 5110 480 5163 tributa
511 5121 612 5163 est.
645 5109 748 5163 Sed
775 5107 891 5175 ejus
916 5109 1132 5176 quidem
1165 5104 1478 5173 quaestionis
1510 5118 1627 5172 quae
1654 5111 1737 5157 est
1771 5103 1866 5170 Ity-

1965 4652 2063 4704 bus
2091 4650 2419 4703 sufficienter
2450 4647 2651 4701 dictum
2679 4654 2777 4699 est.
2812 4642 2962 4695 Nunc
2993 4641 3152 4710 igitur
3177 4638 3242 4693 de
3254 4637 3543 4723 Mm.

1966 4732 3041 4819 ηηὶὠεξμηειιεεεξιὶριιιρμξ,,-ιιεειξιιιιιιεω
3088 4739 3223 4792 est,
3309 4740 3532 4796 quarum

1965 4835 2179 4903 quidem
2212 4834 2311 4885 alia
2344 4838 2553 4884 constat
2581 4843 2647 4881 ex
2691 4824 3027 4879 affirmativis
3060 4822 3286 4885 duabus,
3319 4819 3420 4872 alia
3466 4832 3531 4871 ex

1969 4925 2173 4980 duabus
2221 4921 2495 4989 negativis,
2528 4919 2641 4973 alia
2663 4934 2728 4973 ex
2759 4915 3116 4970 affirmatione
3150 4920 3204 4966 et
3230 4907 3535 4979 negatione,

1974 5018 2075 5070 alia
2122 5030 2187 5068 ex
2221 5012 2501 5081 negatione
2530 5018 2583 5064 et
2613 5007 2984 5062 affirmatione.
3018 5005 3075 5059 Si
3108 5002 3268 5071 igitur
3307 5015 3371 5053 ex
3404 4998 3537 5052 dua-

1976 5112 2074 5165 hus
2102 5104 2546 5161 affirmationibus
2576 5099 2951 5155 conditionalis
2974 5102 3184 5150 constat
3216 5090 3536 5161 propositio,

281 5202 524 5269 p0tltesis
555 5201 842 5269 posterius,
876 5199 1164 5253 divisiones
1190 5198 1363 5260 dabo;
1397 5210 1537 5248 nunc
1558 5197 1624 5250 dc
1653 5196 1846 5250 tltcseo:

1978 5203 2028 5256 id
2072 5200 2327 5270 quaeritur
2357 5212 2421 5249 an
2478 5192 2764 5246 affirmatio
2813 5187 3219 5242 affirmationem
3253 5190 3537 5251 sequatur;

282 5297 549 5351 divisione
582 5296 943 5363 pertractabo,
974 5310 1091 5373 quae
1120 5295 1170 5348 in
1196 5302 1423 5361 quatuor
1452 5290 1710 5357 dividtgr
1739 5305 1863 5362 ξρε-

280 5389 416 5443 cies.
454 5388 508 5441 ln
536 5387 679 5441 omni
711 5387 854 5442 enim
880 5386 1161 5440 dialectica
1195 5384 1488 5449 quaesnune
1519 5382 1859 5449 praedicativa

260 5455 556 5533 ἷῖδῖιίιηιιιι·
601 5494 669 5531 an
703 5478 752 5531 ci
780 5476 921 5545 quod
950 5475 1248 5544 subjectum
1279 5483 1362 5528 Cal
1404 5474 1454 5526 id
1495 5471 1637 5543 quod
1669 5471 1864 5539 praedi-

279 5585 437 5627 catur
466 5572 754 5634 inhaereat;
788 5585 905 5623 etim
950 5584 1077 5623 vero
1102 5566 1297 5637 aliquid
1343 5567 1502 5619 alicui
1536 5566 1710 5619 inesse
1741 5579 1863 5633 pro-

266 5668 525 5736 ponitur,
557 5665 606 5719 id
639 5674 727 5717 aut
761 5663 932 5732 majus
983 5663 1084 5717 erit
1122 5677 1186 5715 eo
1216 5661 1284 5715 de
1311 5675 1415 5728 quo
1447 5658 1766 5728 praedicatur
1792 5659 1867 5711 ei-

282 5773 391 5827 quc
439 5756 859 5813 substantialiter
899 5756 1074 5809 inesse
1118 5754 1488 5817 contenditur;
1543 5762 1630 5806 aut
1691 5751 1863 5816 majus

1975 5294 2115 5363 quod
2149 5293 2190 5345 si
2223 5307 2285 5344 ex
2338 5289 2543 5342 duabus
2595 5281 2968 5354 negationibus
3022 5275 3319 5347 propositio
3361 5274 3539 5343 juncta

1976 5389 2065 5449 sit,
2109 5386 2160 5437 id
2193 5385 2243 5437 iu
2299 5380 2659 5435 decertatione
2704 5384 2786 5430 est
2838 5390 2902 5427 an
2958 5372 3168 5440 negatio
3200 5368 3536 5438 negationem

1971 5478 2286 5537 COIIiilClllr;
2314 5472 2452 5543 quod
2481 5473 2523 5524 s'.
2560 5484 2625 5524 ex
2657 5466 3011 5522 affirmatione
3039 5471 3094 5515 et
3117 5461 3416 5526 negatione,
3455 5457 3539 5512 vel

1973 5569 2249 5637 negatiOue
2274 5574 2326 5618 et
2355 5560 2707 5616 affirmatione
2747 5556 3044 5625 copuletur,
3078 5552 3128 5605 id
3162 5552 3445 5620 atnb’gitur
3474 5562 3539 5601 an

1972 5660 2385 5714 affirmationetn
2436 5652 2685 5721 negatio,
2744 5664 2808 5701 an
2869 5644 3152 5699 affirmatio
3201 5643 3537 5711 negationem

1975 5752 2273 5807 comitetur.
2309 5750 2380 5803 Ac
2414 5747 2557 5817 prius
2581 5742 2789 5811 quidem
2813 5739 2928 5808 ejus
2953 5736 3263 5808 quaestionis
3295 5733 3535 5790 facienda
