4036 6336
537 350 670 405 “79

1758 346 1842 402 ΛΝ
1886 345 2088 401 ιιΑΝι.
2132 344 2285 400 ειῐν.
2324 344 2544 399 ΒΟΕΤΙΙ

3638 350 3780 403 nso

536 442 620 513 est
641 455 1053 522 divisio,‘in'qna
1079 452 1404 523 disceptatur
1431 469 1496 507 an
1526 453 1932 509 afﬁrmationem
1958 452 2097 521 afﬁro
2127 455 2174 512 Α
2207 460 2376 506 terum
2416 466 2521 506 non
2555 452 2645 506 sit.
2678 450 2751 506 ita
2783 458 2839 506 ut
2874 452 3197 522 propositam
3228 452 3639 510 afllrmationem
3677 442 3783 511 ne;

536 550 703 601 tuatio
720 554 1095 613 consequatur,
1118 558 1232 612 qum
1258 542 1715 611 praedicativarum
1740 544 2096 610 quaestionum

537 652 642 693 non
683 636 867 704 effugit
890 635 1225 688 divisionem.
1270 632 1399 686 Nam
1426 643 1484 687 ut
1517 632 1781 701 praecedat
1808 632 2003 701 aliquid
2045 640 2102 686 et

537 728 677 781 aliud
724 734 1099 795 consequatur,
1154 725 1206 777 in
1237 724 1318 777 his
1369 726 1477 778 fere
1507 725 1665 778 rebus
1703 724 1919 779 evenire
1964 724 2100 777 solet

535 834 664 886 quas
695 819 851 885 paulo
880 817 1121 886 superius
1150 816 1587 869 commemoravi.
1617 814 2099 885 Spgcjetuuippe

537 907 991 987 smmi-genus,
1018 905 1448 987 ξειιιὶιΐεῃῃιιει,
1477 904 1557 959 vel
1583 904 1963 987 difﬁnitio,‘ve_l
1985 918 2099 971 pro-

432 1062 443 1073 .
535 969 877 1069 git-WE?
877 976 1543 1071 inseparabile“accidens;
1552 978 2008 1063 1té'm”prbpriﬁm
2038 1007 2098 1046 ac

535 1072 907 1142 diffinitionem
936 1088 1175 1155 sequitur
1198 1086 1435 1155 species,
1460 1072 1734 1154 proprium
1765 1099 1893 1139 vero
1916 1083 2097 1151 sequi-

534 1190 621 1233 tur
647 1179 945 1234 differentia
974 1188 1030 1233 et
1055 1178 1337 1242 difﬁnitio,
1370 1188 1421 1230 et
1450 1175 1819 1230 difﬁnitionem
1860 1174 2101 1243 sequitur

536 1271 807 1337 proprium
845 1270 931 1323 vel
973 1268 1296 1330 differentia,
1328 1267 1429 1321 hoc
1455 1266 1614 1320 modo
1644 1282 1658 1318 :
1701 1281 1821 1318 nam
1860 1265 1906 1318 si
1938 1265 2098 1318 homo

535 1368 638 1425 est,
671 1361 867 1413 animal
900 1368 1015 1423 est;
1045 1370 1099 1411 et
1135 1361 1178 1412 si
1223 1359 1382 1411 homo
1411 1367 1512 1423 est,
1544 1356 1803 1410 rationale
1829 1365 1945 1419 est;
1976 1363 2029 1407 et
2053 1354 2098 1407 si

534 1448 698 1503 homo
723 1460 825 1513 est,
869 1450 1065 1502 animal
1095 1448 1353 1501 rationale
1380 1447 1603 1501 mortale
1631 1455 1751 1509 est;
1782 1453 1837 1499 et
1865 1447 1908 1500 si
1938 1446 2099 1499 homo

535 1550 639 1606 est,
674 1539 874 1593 risibile
903 1550 1014 1603 e51;
1047 1538 1092 1591 si
1116 1538 1367 1605 .IEtltiops
1392 1546 1495 1602 est,
1520 1539 1671 1606 niger
1690 1546 1791 1591 est.
1822 1535 1879 1590 Si
1900 1535 2099 1590 risibile

452 1640 455 1645 λ
536 1638 640 1694 εει,
664 1628 821 1681 homo
849 1638 960 1692 εει;
990 1628 1037 1680 si
1057 1628 1251 1680 animal
1280 1626 1537 1680 rationale
1567 1626 1792 1679 mortale
1812 1634 1913 1690 est,
1937 1624 2099 1679 homo

538 1729 643 1773 est.
673 1720 730 1775 Si
759 1719 982 1783 risibile,
1028 1718 1289 1772 rationale
1317 1726 1432 1782 est;
1460 1719 1503 1770 si
1530 1716 1733 1770 risibile
1761 1724 1864 1779 est,
1904 1715 2097 1769 animal

2188 550 2343 615 ‘gatio
2362 549 2662 611 comitetur,
2681 558 2771 603 aut
2791 550 3001 605 diversa
3025 561 3177 604 erunt
3199 565 3414 618 genera,
3437 562 3526 605 aut
3545 553 3781 606 diversa:

2198 638 2425 706 species,
2471 646 2561 691 aut
2602 637 2892 704 centraria,
2940 647 3030 691 aut
3074 638 3357 706 privantia,
3400 652 3491 693 aut
3532 642 3781 711 quolibet

2198 728 2305 780 alio
2355 727 2514 781 modo
2558 727 2657 783 sibi
2710 728 2941 782 invicem
2991 729 3442 784 inconvenientia.
3483 730 3549 785 Ut
3590 742 3777 784 autem

2200 817 2534 885 negationem
2562 817 2843 872 affirmatio
2872 830 3246 887 consequatur,
3279 835 3397 888 qua:
3431 832 3545 876 erat
3579 834 3779 891 quarta

2198 907 2568 962 conditionalis
2612 908 2987 976 propositionis
3020 909 3341 975 differentia,
3381 910 3494 965 ﬁeri
3527 928 3637 966 non
3669 927 3782 980 po-

2199 1004 2322 1062 test,
2347 996 2445 1051 nisi
2475 996 2527 1050 in
2560 996 2641 1050 his
2666 998 2947 1051 contrariis
2969 1012 3087 1067 quae
3116 998 3293 1053 medio
3316 1009 3518 1061 carent.
3548 1010 3604 1054 et
3631 1016 3780 1069 quo-

2199 1103 2315 1142 rum
2343 1087 2566 1142 altemm
2593 1098 2803 1156 semper
2832 1088 3006 1143 inesse
3048 1102 3267 1143 necesse
3290 1099 3392 1154 est,
3427 1090 3526 1143 hoc
3555 1091 3725 1145 modo
3758 1107 3774 1143 :

2198 1175 2245 1229 si
2271 1175 2387 1231 dies
2415 1191 2519 1230 non
2544 1184 2647 1240 est,
2689 1191 2793 1230 nox
2836 1185 2946 1241 est;
2996 1178 3040 1231 si
3081 1178 3310 1232 tenebras
3353 1194 3456 1232 non
3498 1188 3643 1239 sunt.
3675 1180 3778 1232 lux

2198 1280 2299 1325 est.
2330 1270 2486 1324 Facta
2512 1271 2671 1339 igitur
2695 1264 3153 1338 pradicativarum
3178 1270 3527 1340 quaestionum
3549 1285 3616 1324 ac
3641 1285 3753 1324 con
3771 1299 3784 1311 -

2178 1358 2529 1431 ;ditionalium
2570 1356 2852 1425 divisione,
2896 1358 3019 1413 illud
3067 1361 3283 1427 insuper
3327 1360 3528 1413 videtur
3566 1358 3788 1413 adden-

2184 1451 2349 1521 ldum,
2378 1451 2518 1521 quod
2545 1451 2720 1505 omnis
2745 1450 2970 1518 quinctio
2997 1450 3078 1504 vel
3107 1465 3173 1504 ex
3212 1450 3416 1503 ratione
3443 1449 3780 1511 disserendi,

2184 1518 2283 1606 Ξνει
2313 1556 2377 1596 ex
2396 1518 2658 1605 naturali,
2685 1541 2771 1595 ve‘l
2799 1555 2865 1594 ex
2894 1539 3082 1593 morali
3106 1538 3330 1593 trahitur
3356 1540 3735 1606 speculatione
3761 1555 3777 1589 :

2203 1647 2269 1686 ex
2298 1629 2598 1686 disserendi
2620 1632 2825 1685 ratione
2852 1631 2955 1683 hoc
2986 1630 3167 1694 modo,
3195 1645 3261 1683 an
3283 1630 3563 1685 afﬁrmatio
3595 1641 3650 1684 et
3680 1644 3786 1683 ne-

2201 1720 2346 1788 gatio
2384 1718 2596 1786 species
2633 1719 2740 1772 sint
2785 1717 3201 1780 enuntiationis;
3230 1731 3301 1771 ex
3330 1718 3548 1771 naturali
3578 1717 3674 1782 ita,
3707 1732 3787 1769 an

533 1808 796 1862 rationale
848 1807 1071 1861 mortale
1114 1815 1231 1869 est;
1263 1806 1305 1861 si
1346 1806 1542 1859 animal
1570 1805 1830 1859 rationale
1877 1805 2099 1860 mortale
2131 1800 2178 1859 B
2203 1810 2397 1864 caelum
2446 1807 2727 1880 rotundum
2764 1808 2867 1870 sit;
2916 1822 2985 1861 ex
3028 1806 3216 1860 morali
3250 1809 3348 1872 sic,
3390 1823 3456 1860 an
3495 1808 3667 1860 virtus
3712 1806 3788 1859 ad

535 1908 637 1961 εει,
670 1896 871 1952 risibile
899 1897 981 1952 vel
1019 1897 1167 1966 bipes
1197 1906 1299 1952 est.
1334 1896 1534 1950 Prasler
1574 1895 1689 1950 haec
1736 1904 1913 1951 autem
1966 1895 2099 1949 alias

538 1988 750 2056 quidem
767 1987 1244 2083 em
1276 1986 1408 2040 alias
1433 1987 1645 2055 quidem
1670 1985 1917 2041 eﬁ‘ectum
1939 1999 2097 2043 causa

532 2077 792 2146 sequitur.
824 2077 1052 2131 Effectus
1074 2077 1287 2130 causam
1320 2078 1390 2129 ita
1422 2093 1434 2127 :
1470 2078 1515 2130 si
1541 2077 1618 2131 sol
1652 2086 1844 2145 praesto
1871 2085 1977 2143 est,
2012 2078 2099 2130 lu-

530 2177 640 2223 eet.
668 2167 923 2221 Effectum
946 2180 1102 2221 causa
1136 2168 1235 2219 ltoc
1263 2166 1419 2219 modo
1453 2184 1465 2217 :
1499 2168 1540 2219 si
1563 2166 1689 2234 quid
1720 2175 1964 2220 exustum
1993 2175 2097 2231 est,

539 2258 676 2325 ignis
704 2257 897 2321 adfuit;
931 2259 1012 2311 vel
1065 2259 1141 2311 sic
1168 2274 1181 2309 :
1213 2257 1259 2309 si
1288 2258 1368 2309 sol
1402 2257 1628 2324 videtur,
1662 2257 1820 2312 lucet.
1854 2258 1983 2313 item
2016 2267 2099 2312 to-

537 2359 647 2402 tum
672 2358 847 2416 partes
868 2359 1179 2418 sequuntur,
1203 2358 1262 2401 ut
1287 2349 1332 2402 si
1364 2349 1564 2418 integra
1595 2349 1785 2402 domus
1810 2357 1911 2415 est,
1938 2358 1990 2404 et
2025 2361 2101 2405 te-

476 2456 481 2503 ;
536 2451 677 2493 ctum
709 2451 763 2494 et
791 2442 1019 2508 parietes
1058 2449 1112 2494 et
1159 2440 1501 2494 fundamenta
1556 2441 1877 2494 consistunt.
1914 2442 2100 2496 Modus

536 2530 695 2583 etiam
726 2530 964 2599 sequitur
993 2545 1183 2584 nomen
1228 2531 1545 2599 principale,
1580 2540 1635 2584 ut
1665 2532 1708 2584 si
1734 2515 2100 2599 justitiam

536 2629 647 2685 cst,
694 2630 751 2674 et
792 2620 933 2689 quod
965 2621 1107 2689 juste
1151 2630 1264 2685 est,
1314 2622 1512 2674 bonum
1560 2629 1659 2675 est.
1694 2620 1893 2674 Nomen
1941 2622 2099 2676 etiam

535 2712 828 2779 principale
875 2713 1115 2781 sequitur
1147 2711 1383 2773 modum,
1438 2721 1495 2763 ut
1539 2711 1583 2763 si
1631 2711 1771 2780 quod,
1812 2713 1954 2779 juste
1996 2720 2097 2777 εει,

534 2803 731 2858 bonum
775 2813 878 2867 est,
909 2813 963 2859 et
994 2804 1196 2874 justitia
1229 2806 1365 2858 bona
1397 2812 1498 2859 est.
1537 2805 1840 2859 Accidentia
1888 2819 2101 2872 quoque

533 2894 817 2948 comitatur
869 2895 922 2950 id
977 2896 1117 2964 quod
1185 2895 1481 2964 subjectum
1538 2907 1657 2960 εει,
1718 2904 1775 2950 ιιι
1818 2898 1859 2948 si
1924 2896 2099 2949 album

531 2993 637 3049 est,
690 3000 884 3052 corpus
929 2994 1031 3039 est.
1080 2986 1209 3049 Qua:
1259 3000 1379 3039 cum
1440 2986 1512 3038 ita
1566 2985 1711 3052 sint,
1770 2985 2103 3039 conditiona-

530 3074 596 3127 lis
644 3089 855 3143 quoque
904 3074 1124 3141 simplex
1171 3089 1237 3129 ex
1276 3074 1483 3128 duabus
1531 3074 1982 3127 al'ﬁrmatiouibns
2010 3087 2103 3127 co-

2202 1900 2587 1955 beatitudinem
2622 1899 2731 1951 sola
2762 1899 3012 1952 sufﬁciat.
3051 1898 3317 1952 Praeterea
3346 1898 3567 1966 qurestio
3594 1898 3790 1951 omnis

2198 1993 2280 2047 vel
2309 2001 2391 2046 est
2415 1990 2638 2054 simplex
2666 1988 2746 2043 vel
2773 1989 3068 2056 composita
3099 2004 3113 2041 :
3144 1989 3367 2056 simplex
3392 1989 3597 2055 quoties
3625 1987 3791 2041 afﬁr-

2200 2081 2433 2135 matione
2478 2088 2534 2134 et
2580 2078 2860 2148 negatione
2903 2078 3177 2143 dividitur,
3219 2081 3287 2131 ita
3325 2086 3381 2131 ut
3417 2086 3582 2131 totum
3615 2079 3791 2133 alteri

2200 2173 2488 2235 afﬁrmare,
2523 2170 2678 2223 alteri
2716 2184 2910 2237 negare
2952 2183 3171 2224 necesse
3197 2170 3290 2236 sit,
3336 2169 3437 2223 hoc
3465 2170 3625 2223 modo
3655 2188 3671 2221 :
3711 2185 3792 2222 an

2199 2263 2394 2317 caelum
2448 2258 2734 2314 rotundum
2785 2260 2856 2314 sit
2904 2274 3101 2325 necne,
3152 2260 3265 2314 haec
3312 2260 3452 2313 enim
3496 2274 3599 2312 una
3651 2275 3795 2325 pars

2199 2351 2513 2423 quteStionis
2557 2349 2971 2404 afﬁrmatloncm
3029 2357 3203 2413 tenet,
3256 2350 3359 2403 alia
3412 2349 3790 2418 negationem.

2201 2444 2333 2499 Nam
2379 2457 2499 2497 cum
2548 2443 2685 2496 alter
2727 2455 2849 2496 esse
2894 2442 3148 2506 defendit,
3194 2442 3440 2505 afﬁrmat,
3472 2442 3607 2496 alter
3646 2456 3795 2495 vero

2203 2543 2381 2603 negat,
2410 2548 2529 2587 cum
2560 2547 2667 2586 non
2697 2546 2819 2587 esse
2864 2533 3157 2613 contendit.
3198 2532 3500 2600 Composita
3541 2532 3793 2598 quaestio

2202 2630 2280 2676 est
2304 2637 2419 2692 quin
2437 2622 2489 2675 in
2508 2620 2683 2690 plures
2705 2620 3020 2675 distrahitur
3041 2621 3440 2685 alﬁrmationes,
3464 2620 3568 2673 hoc
3592 2620 3793 2683 modo,

2204 2723 2379 2767 utrum
2410 2713 2603 2767 coelum
2646 2712 2930 2766 rotundum
2971 2714 3061 2776 sit,
3091 2726 3156 2765 an
3186 2712 3522 2779 quadratum,
3552 2726 3621 2764 an
3652 2712 3795 2765 lon-

2202 2818 2351 2873 gum,
2381 2813 2469 2858 aut
2498 2804 2782 2874 cujuslibet
2807 2805 3028 2859 alterius
3055 2803 3240 2857 forma:
3266 2821 3279 2856 :
3309 2804 3393 2857 hic
3418 2804 3561 2856 enim
3596 2802 3794 2871 plures

2204 2894 2585 2949 alﬁrmationes
2631 2894 2855 2962 probare
2894 2908 3113 2949 necesse
3154 2901 3259 2959 est,
3290 2908 3408 2962 qua:
3438 2893 3653 2947 diversa
3686 2894 3795 2946 de.

2205 2983 2446 3039 tendunt.
2477 2984 2537 3038 Et
2570 2984 2639 3038 de
2668 2985 2966 3055 quaestione
2997 2983 3230 3053 quidem,
3254 2990 3508 3050 quantum
3540 2982 3608 3035 ad
3640 2997 3795 3051 pra:-

2205 3089 2329 3128 sens
2372 3076 2640 3144 negotium
2689 3074 3007 3143 pertinebat,
3055 3072 3387 3127 sufﬁcienter
3422 3072 3626 3126 dictum
3672 3081 3793 3128 est.

530 3164 729 3230 pulata,
757 3163 845 3216 illa
876 3163 986 3218 fere
1015 3162 1204 3216 divisio
1233 3163 1472 3216 facienda
1493 3172 1576 3215 est
1594 3162 1925 3230 (ιιιιεειίοιιίε,
1946 3161 2089 3230 quod
2129 3159 2174 3221 C
2207 3166 2489 3231 Conclusio
2516 3181 2643 3219 vero
2671 3174 2754 3219 est
2781 3164 3106 3234 argumentis
3134 3163 3420 3232 approbata
3449 3163 3793 3232 propositio,

530 3253 583 3305 in
606 3267 665 3304 ra
694 3253 777 3306 vel
806 3252 872 3307 de
901 3267 1117 3320 genere,
1141 3254 1221 3307 vel
1254 3252 1320 3305 de
1345 3252 1665 3317 differentia,
1695 3253 1779 3305 vel
1805 3251 1872 3305 de
1898 3253 2101 3319 specie,

530 3341 611 3394 vel
642 3342 708 3396 de
740 3343 973 3410 proprio,
1010 3342 1091 3395 vel
1125 3342 1193 3396 de
1223 3341 1560 3406 difﬁuitione,
1596 3342 1676 3395 vel
1710 3340 1776 3395 de
1811 3340 2092 3405 accidenti,

530 3433 615 3486 vel
642 3434 708 3487 de
743 3449 900 3489 causa
945 3443 1100 3504 atque
1130 3434 1343 3499 effectu,
1373 3436 1454 3488 vel
1500 3445 1609 3486 toto
1636 3449 1698 3487 ac
1727 3434 1983 3503 partibus,
2013 3434 2096 3487 vel

528 3523 594 3577 de
624 3523 781 3577 modo
808 3538 869 3576 ac
902 3524 1171 3593 principali
1215 3525 1429 3578 nomine
1458 3524 1750 3577 dubitetur.
1778 3526 1952 3591 Atque
1982 3524 2098 3579 lucc

525 3615 592 3670 de
628 3632 689 3671 ea
734 3617 1025 3685 quastione
1065 3616 1403 3686 intelligenda
1434 3625 1578 3683 sunt,
1610 3631 1727 3684 quae
1755 3631 1873 3669 cum
1905 3616 1973 3669 sit
1999 3616 2099 3686 hy-

526 3708 793 3775 putlielica
834 3708 1083 3777 simplex,
1116 3724 1181 3762 ex
1208 3708 1415 3761 duabus
1456 3716 1631 3761 tamen
1674 3708 1911 3776 jungitur
1947 3703 2095 3759 affir-

526 3797 757 3850 mativis.
802 3797 857 3850 In
906 3797 1112 3851 hisdem
1159 3798 1318 3851 etiam
1365 3797 1678 3851 differentiis
1727 3797 1842 3850 illas
1886 3809 2097 3865 quoque

525 3888 819 3942 consistere
859 3902 1076 3941 necesse
1117 3900 1199 3941 est
1246 3888 1592 3956 qumstiones,
1624 3902 1741 3956 quae
1782 3886 1850 3940 ab
1889 3886 1969 3940 his
2006 3902 2097 3941 ve-

526 3980 678 4032 niunt
708 3978 1159 4048 propositionibus
1196 3994 1314 4047 qua:
1357 3994 1421 4032 ex
1467 3988 1691 4046 utraque
1731 3984 1977 4033 constant
2006 3991 2100 4032 ne-

526 4068 756 4137 gatione.
785 4067 916 4122 Nam
940 4068 982 4122 si
1007 4083 1174 4137 genus
1202 4084 1305 4122 non
1338 4076 1437 4131 est,
1472 4068 1678 4137 species
1700 4082 1804 4120 non
1836 4074 1937 4119 est.
1967 4066 2096 4141 item

526 4161 570 4210 si
588 4156 909 4224 differentia,
936 4158 1018 4212 vel
1043 4158 1310 4222 dil'liuitio,
1336 4159 1417 4211 vel
1442 4157 1709 4227 proprium
1734 4171 1838 4211 non
1864 4156 1951 4221 sit,
1978 4171 2099 4224 spc-

526 4251 635 4306 cies
664 4266 769 4304 non
801 4253 924 4305 erit.
968 4252 1035 4304 Et
1072 4249 1138 4311 de
1185 4250 1394 4304 caneris
1442 4249 1654 4318 quidem
1694 4263 1811 4317 quae
1856 4247 2098 4314 superius

530 4344 673 4398 dicta
712 4352 855 4407 sunt,
900 4344 1087 4397 eodem
1129 4344 1288 4396 modo
1330 4341 1774 4395 considerandum
1803 4349 1903 4394 est.
1936 4336 2099 4405 Quid»

528 4435 654 4502 quid
679 4436 822 4488 enim
851 4435 1116 4488 antecedit
1145 4442 1205 4487 ut
1232 4434 1371 4486 aliud
1403 4442 1778 4501 consequatur,
1806 4434 1850 4485 si
1878 4432 1929 4485 id
1955 4430 2096 4499 quod

2200 3258 2269 3312 de
2296 3273 2398 3327 qua
2427 3257 2614 3312 eadem
2646 3256 2757 3311 fere
2778 3257 2881 3311 dici
2911 3266 3130 3325 possunt
3150 3270 3269 3324 quae
3292 3255 3360 3309 de
3382 3255 3796 3325 propositione.

2200 3348 2330 3414 Quae
2356 3346 2607 3415 quoniam
2638 3346 2923 3415 diligenter
2952 3346 3197 3413 superius
3230 3345 3489 3413 explicata
3528 3353 3687 3409 sunt,
3719 3345 3797 3400 de

2200 3447 2513 3508 argumento
2549 3438 2802 3507 deinceps
2841 3435 3173 3492 tractandum
3214 3434 3439 3489 videtur.
3473 3438 3795 3515 Argumen-

2203 3543 2310 3584 tum
2339 3538 2423 3585 est
2450 3529 2589 3582 ratio
2617 3529 2695 3583 rei
2724 3527 2898 3583 dubiae
2938 3527 3139 3582 faciens
3169 3527 3351 3581 ﬁdem.
3381 3526 3528 3580 lianc
3562 3541 3794 3595 semper

2201 3608 2460 3677 notiorem
2490 3621 2785 3690 quaestione
2818 3635 2937 3675 esse
2969 3634 3189 3674 necesse
3215 3629 3297 3673 est
3326 3634 3339 3671 :
3374 3633 3494 3671 nam
3522 3619 3571 3671 si
3601 3619 3793 3687 ignota

2202 3715 2342 3767 notis
2370 3714 2678 3781 probantur,
2709 3719 3082 3781 argumentum
3112 3724 3242 3763 vero
3268 3724 3378 3763 rem
3407 3706 3627 3760 dubiam
3657 3724 3795 3776 pro-

2201 3805 2324 3869 bat,
2360 3818 2579 3858 necesse
2606 3813 2691 3856 est
2732 3801 2870 3870 quod
2900 3801 3156 3854 ad‘ﬁdem
3185 3800 3496 3869 quaeStiouis
3523 3798 3789 3864 affertur,

2199 3894 2310 3963 ipsa
2352 3896 2421 3949 sit
2469 3896 2645 3947 notius
2674 3893 2989 3962 quaestione.
3022 3893 3471 3961 Argumentorutn
3499 3907 3637 3945 vero
3663 3908 3791 3946 om-

2201 3984 2343 4036 nium
2389 3983 2490 4036 alia
2532 3992 2655 4036 sunt
2684 3982 2976 4051 probabilia
3004 3990 3057 4035 et
3087 3982 3412 4046 necessaria,
3445 3980 3548 4034 alia
3584 3984 3791 4050 proba-

2200 4074 2324 4127 bilia
2353 4084 2404 4127 et
2439 4088 2543 4128 non
2573 4075 2896 4137 necessaria,
2921 4074 3024 4126 alia
3044 4084 3170 4127 sunt
3197 4074 3523 4139 necessaria,
3550 4074 3646 4128 sed
3674 4090 3788 4128 non

2201 4163 2517 4231 probabilia,
2550 4164 2655 4217 alia
2690 4178 2790 4217 nec
2828 4164 3123 4231 probabilia
3154 4178 3254 4218 nec
3285 4164 3612 4218 necessaria.
3646 4165 3790 4218 Pro—

2200 4253 2375 4307 babile
2404 4268 2531 4308 vero
2552 4263 2637 4308 est
2667 4254 2805 4322 quod
2838 4255 3046 4308 videtur
3069 4255 3151 4308 vel
3182 4255 3455 4319 omnibus,
3491 4256 3576 4308 vel
3611 4257 3788 4323 pluri-

2201 4345 2321 4409 bus,
2343 4346 2422 4398 vel
2446 4344 2797 4411 sapientibus,
2824 4355 2877 4398 et
2898 4346 2981 4398 his
3003 4348 3084 4399 vel
3107 4345 3374 4409 omnibus,
3403 4346 3484 4399 vel
3510 4347 3787 4413 pluribus,

2204 4440 2289 4493 vel
2326 4439 2557 4492 maxime
2585 4438 2722 4491 netis
2752 4447 2909 4506 atque
2942 4439 3242 4505 prmcipuis,
3275 4438 3357 4490 vel
3386 4437 3532 4505 quod
3568 4440 3789 4491 unicui-

520 4526 762 4595 sequitur
805 4541 907 4579 non
951 4526 1127 4589 fuerit,
1179 4539 1275 4577 nec
1316 4523 1441 4577 illud
1491 4532 1573 4575 cst
1619 4521 1757 4588 quod
1802 4519 2089 4576 antecedit.
2122 4519 2299 4599 une
2336 4529 2527 4582 artifici
2576 4528 2868 4582 secundum
2921 4529 3190 4597 propriam
3235 4527 3570 4591 facultatem,
3618 4539 3677 4581 ut.
3720 4530 3790 4581 de

489 4670 497 4676 .
522 4620 718 4672 Earum
745 4632 872 4671 vero
896 4617 1249 4685 quaestionum
1281 4630 1399 4681 quae
1432 4630 1493 4667 cx
1530 4612 1885 4666 afﬁrmatione
1913 4620 1968 4665 et
1998 4625 2094 4664 ne-

521 4710 735 4778 gatione
769 4708 1085 4772 consistunt,
1132 4707 1217 4758 illa
1262 4705 1372 4759 fere
1408 4705 1596 4758 divisio
1622 4710 1727 4766 est,
1754 4702 1893 4770 quod
1925 4700 2007 4752 νει
2040 4701 2089 4752 in

520 4797 745 4851 diversis
784 4797 1086 4865 generibus,
1114 4796 1193 4850 vel
1241 4794 1293 4847 in
1336 4795 1557 4847 diversis
1591 4792 1892 4861 speciebus,
1924 4790 2005 4842 vel
2042 4790 2096 4843 in

519 4888 820 4951 Contrariis,
858 4889 938 4941 vel
972 4891 1022 4940 in
1056 4886 1346 4953 privatione
1387 4896 1544 4955 atque
1590 4884 1771 4937 habitu
1814 4881 2093 4936 continen-

522 4988 638 5042 tur;
673 4988 730 5032 ut
754 4980 895 5031 enim
918 4978 1328 5032 afﬁrmationem
1362 4978 1573 5045 negatio
1600 4984 1971 5043 consequatur,
2002 4984 2095 5027 aut

521 5071 788 5123 diversum
818 5069 1030 5136 ponitur
1053 5084 1241 5137 genus,
1276 5078 1333 5122 ut
1362 5071 1499 5137 quod
1529 5070 1597 5123 ab
1623 5084 1687 5123 eo
1716 5069 1981 5121 diversum
2011 5077 2093 5121 est

520 5160 785 5212 abnuatnr
807 5159 905 5211 hoc
933 5158 1090 5211 modo
1116 5177 1127 5210 :
1154 5159 1194 5211 si
1223 5160 1382 5212 homo
1404 5169 1505 5221 est,
1530 5159 1722 5213 albedo
1748 5174 1851 5211 non
1876 5166 1985 5219 est;
2011 5158 2091 5211 vel

522 5252 564 5302 si
605 5250 897 5303 substantia
924 5259 1028 5313 est,
1060 5252 1286 5317 qualitas
1312 5265 1415 5304 non
1447 5259 1557 5313 est;
1590 5250 1671 5304 vel
1704 5249 1748 5303 si
1779 5249 1879 5302 sub
1902 5251 2091 5302 eodem

522 5358 715 5408 genere
755 5342 980 5397 diversa:
1015 5343 1221 5411 species
1263 5353 1624 5412 proponantur
1673 5343 1774 5396 hoc
1817 5344 1974 5394 motlo
2003 5358 2015 5392 :
2046 5342 2091 5395 si

525 5434 686 5491 homo
713 5444 815 5497 est,
851 5450 1017 5503 equus
1057 5451 1161 5489 non
1202 5445 1311 5501 cst;
1346 5439 1424 5491 vel
1463 5439 1506 5492 si
1537 5436 1822 5503 tontraria,
1856 5446 1913 5488 ut
1940 5434 1982 5487 si
2013 5434 2089 5487 al—

527 5526 650 5603 bum
697 5536 801 5591 est,
840 5529 1045 5597 nigrum
1087 5544 1190 5584 non
1235 5540 1344 5594 est;
1386 5531 1466 5584 vel
1503 5531 1546 5584 si
1590 5530 1932 5597 privationcs,
1966 5530 2089 5582 utsi

527 5631 703 5670 czecus
726 5626 832 5683 εει,
856 5634 960 5671 non
994 5620 1160 5684 videt;
1193 5628 1246 5674 et
1277 5629 1547 5689 postremo
1577 5619 1628 5673 in
1658 5621 1922 5686 omnibus,
1945 5638 2090 5692 quae-

526 5721 738 5772 cunque
768 5708 953 5762 eadem
984 5726 1087 5764 non
1119 5722 1260 5777 sunt,
1295 5711 1489 5779 evenit,
1519 5719 1595 5778 ut,
1626 5711 1668 5765 si
1698 5726 1858 5766 unum
1887 5723 1987 5779 est,
2017 5714 2089 5766 al-

2199 4620 2459 4674 medicina
2491 4619 2717 4682 medico,
2747 4619 3086 4687 gubernatori
3118 4618 3185 4672 de
3215 4618 3444 4671 navibus
3475 4619 3788 4687 gubernan-

2199 4710 2302 4774 dis,
2351 4710 2401 4762 id
2450 4719 2708 4776 praeterea
2751 4709 2891 4776 quod
2931 4709 3138 4762 videtur
3182 4709 3231 4762 ei
3280 4723 3398 4761 cum
3444 4725 3553 4777 quo
3602 4725 3788 4763 sermo

2198 4798 2520 4863 conseritur,
2555 4799 2636 4851 vel
2677 4799 2773 4867 ipsi
2804 4800 2889 4867 qui
2933 4798 3166 4867 jndicat,
3204 4800 3257 4852 in
3283 4814 3387 4868 quo
3424 4800 3558 4852 nihil
3591 4802 3789 4856 attinet

2200 4908 2380 4946 Verum
2412 4890 2672 4943 falsumve
2714 4890 2781 4944 sit
2829 4900 3223 4958 argumentum,
3259 4892 3302 4943 si
3344 4900 3553 4947 tantum
3588 4894 3789 4945 verisio

2199 4980 2550 5036 mi|i1udincm
2598 4988 2795 5034 teneat.
2842 4980 3211 5033 Necessarium
3254 4994 3381 5033 vero
3420 4988 3507 5035 est
3545 4982 3696 5050 quod
3730 4995 3788 5035 ut

2199 5073 2411 5135 dicitur,
2444 5072 2512 5124 ita
2536 5079 2642 5135 est,
2674 5080 2833 5138 atque
2863 5070 3017 5124 aliter
3042 5086 3163 5125 esse
3204 5086 3310 5124 non
3344 5080 3550 5139 potest;
3587 5075 3787 5141 proba-

2200 5165 2304 5220 l-ile
2333 5163 2544 5232 quidem
2571 5178 2634 5217 ac
2660 5164 3022 5218 necessarium
3054 5174 3157 5228 est,
3190 5174 3247 5217 ut
3279 5164 3409 5230 hoc,
3432 5166 3480 5219 si
3509 5167 3639 5235 quid
3662 5169 3786 5221 cui-

2196 5256 2326 5311 libet
2364 5255 2441 5310 rei
2486 5256 2553 5308 sit
2592 5254 2851 5320 :ldtlllum,
2897 5263 3063 5308 totum
3105 5255 3278 5323 majus
3307 5255 3563 5310 efﬁcitur.
3599 5257 3786 5328 Neque

2196 5350 2340 5403 enim
2360 5348 2641 5417 qui~quam
2670 5348 2738 5400 ab
2767 5347 2865 5401 hac
2898 5347 3260 5415 propositione
3286 5347 3594 5409 dissentiet.
3626 5361 3681 5404 et
3712 5352 3783 5404 ita

2194 5453 2313 5494 sese
2342 5440 2539 5494 habere
2577 5454 2796 5493 necesse
2822 5447 2926 5493 est.
2961 5439 3263 5494 Probabilia
3295 5455 3423 5495 vero
3452 5456 3517 5495 ac
3546 5458 3653 5497 non
3688 5459 3783 5498 ne-

2196 5530 2423 5585 cessaria
2462 5540 2603 5588 sunt.
2639 5531 2831 5599 quibus
2874 5531 3024 5586 facile
3066 5546 3221 5586 mens
3259 5534 3521 5587 auditoris
3563 5537 3785 5601 acquie-

2198 5622 2320 5687 scit,
2371 5621 2464 5676 sed
2511 5622 2753 5676 veritatis
2798 5637 2903 5676 non
2945 5632 3126 5678 tenent
3166 5624 3499 5689 ﬁrmitatem,
3530 5634 3591 5679 ut
3626 5626 3731 5679 hoc
3765 5642 3779 5677 :

2197 5714 2240 5767 si
2274 5722 2444 5768 mater
2474 5722 2574 5779 est,
2610 5713 2781 5783 diligit
2819 5714 3005 5772 ﬁlium.
3058 5714 3369 5771 Necessaria
3399 5731 3527 5770 vero
3571 5732 3634 5771 ac
3673 5734 3781 5770 non
