4036 6336
345 290 476 346 1181

1366 295 1450 351 DE
1493 287 1962 349 DIFFERENTIIS
2003 288 2285 345 TOPICIS.
2324 290 2452 347 LIB.
2497 294 2541 347 ll

3457 293 3587 351 H82

344 404 639 473 probabilia
672 412 796 460 sunt
832 412 951 475 qua:
993 406 1061 461 ita
1090 416 1147 461 ut
1174 407 1420 461 dicuntur
1447 423 1568 463 sese
1600 407 1798 461 habere
1824 420 1914 459 nc-
1943 402 1991 460 Α
2020 401 2244 467 sarium,
2280 403 2556 470 probabile
2588 417 2649 458 ac
2687 417 2790 458 non
2820 403 3196 457 necessarium.
3233 401 3591 487 PbLosophua

342 509 496 549 cesse
525 505 627 561 est,
652 496 744 551 sed
768 496 857 550 bis
885 496 1041 551 facile
1068 512 1172 550 non
1200 498 1463 552 consentit
1495 497 1722 559 auditor,
1755 503 1813 549 ut
1835 504 1917 549 est

346 574 472 649 hoc,
502 583 714 654 obiectu
745 585 945 639 lunaris
974 587 1216 655 corporis
1242 589 1368 640 solis
1386 587 1599 641 evenire
1628 587 1910 640 defectum.

344 675 527 745 Neque
571 668 871 731 neceSsaria
916 692 1045 731 vero
1096 693 1268 747 neque
1312 677 1599 745 probabilia
1639 689 1761 730 sunt
1798 688 1915 745 qurc

345 782 520 836 neque
549 768 600 821 in
630 766 883 834 Opinione
922 767 1198 822 hominum
1243 783 1414 837 neque
1456 770 1506 822 in
1535 768 1760 822 veritate
1788 782 1917 821 cone

345 860 561 924 sistunt,
600 868 658 912 ut
698 858 822 921 hoc,
856 858 1052 913 habere
1090 859 1376 927 Diogenem
1408 874 1637 923 cornua;
1667 857 1914 927 quoniam

345 949 712 1016 unusquisque
741 948 935 1005 habeat
969 948 1106 1017 quod
1150 965 1416 1019 nunquam
1448 947 1757 1018 perdiderit.
1788 947 1916 1012 Quae

344 1038 558 1107 quidem
587 1053 685 1091 nec
706 1038 1015 1104 argumenta
1035 1037 1136 1092 dici
1166 1047 1407 1107 possunt,
1441 1047 1749 1107 argumenta
1773 1038 1914 1091 enim

344 1128 520 1181 dubia:
548 1128 625 1181 rei
657 1128 854 1180 faciunt
886 1127 1064 1181 fidem.
1100 1128 1174 1181 Ex
1206 1127 1288 1181 his
1311 1138 1483 1182 autem
1511 1128 1651 1180 nulla
1680 1125 1810 1180 fides
1835 1135 1918 1181 est

344 1234 463 1287 quae
494 1219 564 1272 ‘in
609 1218 861 1287 Opinione
913 1218 1183 1271 hominum
1226 1232 1401 1286 neque
1442 1218 1492 1269 in
1534 1218 1755 1271 veri‘ate
1795 1224 1917 1270 sunt

344 1308 652 1362 constituta.
688 1306 797 1362 Dici
841 1316 1017 1361 tamen
1063 1316 1234 1376 potest
1278 1322 1376 1360 nec
1421 1307 1509 1360 i'la
1550 1306 1762 1375 quidem
1795 1321 1916 1361 esse

343 1406 657 1465 argumenta
689 1412 805 1465 quae
845 1411 963 1450 cum
996 1398 1101 1450 sint
1139 1398 1464 1460 necessaria,
1493 1396 1712 1449 minime
1740 1394 1913 1450 tamen

344 1485 685 1539 audientibus
715 1488 1099 1553 approbantur.
1129 1485 1257 1539 Nam
1290 1487 1331 1539 si
1361 1488 1433 1539 rei
1467 1485 1639 1539 dubia:
1667 1487 1735 1539 sit
1762 1487 1911 1551 fides,

344 1576 615 1644 cogendus
651 1586 732 1630 est
777 1568 985 1630 animus
1023 1577 1283 1631 auditoris
1323 1592 1421 1646 per
1468 1591 1528 1631 ea
1573 1577 1764 1643 quibus
1802 1579 1915 1645 ipse

342 1668 665 1735 acquiescit,
717 1677 773 1721 ut
823 1668 1153 1722 conclusioni
1204 1684 1417 1738 quoque
1467 1684 1624 1737 quam
1676 1674 1910 1724 nondum

2018 504 2148 544 vero
2185 493 2249 545 ac
2296 492 2694 568 demonstrator
2732 491 2798 547 de
2842 493 2954 546 sola
2987 501 3189 545 tantum
3218 490 3443 547 veritate
3473 505 3589 558 per-

2020 590 2231 646 tractat,
2280 589 2438 651 atque
2484 584 2589 636 sint
2642 582 2930 649 probabilia
2979 582 3094 636 sive
3138 596 3243 635 non
3285 582 3412 646 sint,
3459 581 3588 637 nihil

2018 670 2202 734 rt-fert,
2250 671 2543 725 dummodo
2593 672 2699 725 sint
2733 673 3051 725 necessaria.
3104 671 3197 723 llic
3248 684 3461 738 quoque
3509 669 3588 723 his

2017 761 2223 815 duabus
2250 756 2528 830 speciebus
2558 762 2727 815 utitur
2747 764 3066 831 argumenti,
3090 740 3217 830 qua:
3245 772 3367 814 sunt
3401 760 3587 827 proba-

2019 849 2123 903 bile
2150 865 2211 903 ac
2243 852 2621 914 necessarium,
2654 852 3013 904 necessarium
3058 864 3123 903 ac
3161 866 3264 903 non
3294 850 3586 918 probabile.

2020 939 2171 993 Patet
2196 940 2357 1009 igitur
2376 940 2440 993 ‘iu
2472 953 2577 1008 quo
2620 939 2966 1007 philosophus
2996 940 3065 991 ab
3094 947 3306 992 oratore
3336 952 3396 991 ac
3425 937 3589 992 diale-

2018 1032 2157 1085 ctico
2185 1031 2237 1083 in
2271 1031 2482 1098 propria
2513 1029 2944 1083 consideratione
2972 1028 3253 1087 dissideat,
3295 1027 3347 1080 in
3387 1041 3451 1079 eo
3479 1026 3589 1079 sci.-

2018 1121 2138 1175 licet
2162 1122 2300 1190 quod
2329 1122 2431 1175 illis
2454 1121 2903 1190 probabilitatem,
2935 1121 3055 1173 huic
3087 1119 3359 1173 veritatem
3379 1126 3589 1170 constat

2018 1228 2138 1268 esse
2180 1213 2532 1282 propositam.
2586 1213 2781 1277 Quarta
2829 1226 2960 1264 vero
3006 1211 3210 1278 species
3256 1209 3623 1276 argumenti,-

2016 1319 2173 1372 q‘tam
2210 1318 2383 1372 neque
2410 1311 2780 1373 argumentum
2825 1301 3038 1370 quidem
3089 1309 3233 1355 recte
3277 1299 3382 1353 dici
3426 1312 3613 1365 supra.

2017 1396 2314 1458 docuimus,
2344 1395 2652 1464 sophisticis
2699 1394 2843 1448 solet
2884 1407 3004 1447 esse
3048 1392 3317 1447 attributa.
3361 1390 3587 1459 Talea-

2017 1503 2134 1541 rum
2169 1489 2395 1542 intentio
2422 1474 2894 1541 est-verisimilium
2924 1494 3350 1551 argumentorum
3381 1480 3586 1547 copiam

2017 1564 2408 1637 ἀὲῖηᾞῖιξίτξιῑρ.
2446 1580 2910 1650 Designatts'earm
2946 1574 3201 1631 mersae
3218 1568 3431 1641 "quibus
3448 1564 3588 1640 “pia.

2062 1660 2295 1669 ﬁ-.A.........-.u

2018 1662 2564 1743 babiliamaurigumenta
2618 1673 2904 1734 ducuntur,
2957 1670 3233 1722 abundans
3280 1674 3338 1719 et
3377 1666 3586 1732 copiosa

2043 1557 2195 1571 Ἥ

342 1759 535 1826 probat
579 1758 751 1826 possit
791 1757 1067 1812 accedere.
1099 1757 1247 1823 Quod
1277 1758 1319 1810 si
1351 1773 1468 1826 qua:
1499 1769 1699 1813 tantum
1732 1774 1914 1814 neces~
1945 1760 1991 1819 B
2024 1781 2243 1821 necesse
2273 1775 2357 1820 est
2386 1768 2470 1819 fiat
2505 1766 2724 1819 materia
2751 1762 3068 1817 disserendi.
3102 1760 3204 1815 Sed
3233 1759 3479 1826 quoniam
3513 1758 3588 1816 (ut

340 1848 479 1901 saria
514 1860 645 1902 sunt
685 1862 747 1903 ac
786 1864 890 1902 non
941 1849 1255 1916 probabilia,
1305 1865 1408 1902 non
1460 1850 1647 1917 probat
1694 1851 1783 1904 ille
1826 1851 1914 1919 qui

341 1940 565 2007 iudicat,
599 1956 695 1994 nec
732 1955 818 1994 sse
848 1946 928 1995 85!
956 1947 1013 1993 ut
1040 1955 1108 1995 ne
1138 1941 1267 1994 illud
1300 1940 1513 2007 quidem
1560 1940 1745 2009 p'oltet
1774 1942 1913 2011 quod

342 2046 412 2083 ex
464 2029 768 2099 hujusmodi
815 2031 1018 2085 ratione
1056 2030 1353 2084 conficitur.
1407 2034 1583 2099 Itaque
1620 2034 1803 2085 evenit
1849 2028 1912 2086 ex

348 2119 658 2186 Itttjuswod‘t
700 2121 938 2185 ratione,
971 2135 1087 2188 qua:
1131 2130 1332 2174 tantum
1376 2124 1671 2176 necessaria
1703 2132 1823 2176 sunt
1852 2138 1914 2178 ac

341 2225 448 2263 non
494 2209 808 2278 probabilia,
853 2226 956 2263 non
997 2223 1117 2263 esse
1159 2219 1491 2276 argumenta.
1536 2211 1638 2266 Sed
1689 2199 1793 2264 non
1833 2222 1914 2265 est

342 2301 439 2361 ita,
474 2309 632 2366 atque
664 2299 777 2352 haec
806 2300 1170 2366 interpretatio
1202 2314 1305 2353 non
1346 2310 1489 2354 recte
1529 2300 1912 2367 probabilitatis

337 2389 749 2459 intelligentiam
775 2400 940 2443 tenet.
969 2390 1043 2443 Ea
1073 2398 1196 2443 sunt
1221 2391 1359 2443 enim
1389 2392 1699 2459 probabilia,
1723 2392 1912 2459 quibus

338 2496 531 2553 sponte
560 2494 718 2552 atque
747 2487 885 2537 ultro
924 2498 1218 2539 consensus
1258 2485 1578 2554 adjungitur,
1624 2486 1827 2541 scilicet
1856 2496 1914 2540 ιιι

339 2588 464 2626 mox
495 2588 557 2627 ac
580 2574 757 2627 audita
789 2579 915 2626 sunt
942 2573 1325 2641 approbentur.
1356 2576 1483 2641 Qua:
1509 2590 1636 2629 vero
1664 2591 1909 2630 necessa-

335 2663 420 2717 ria
459 2672 585 2716 sunt
619 2678 681 2717 ac
713 2677 817 2716 non
857 2663 1170 2732 probabilia,
1201 2664 1321 2719 aliis
1351 2664 1709 2733 probabilibus
1730 2681 1792 2721 ac
1820 2683 1913 2722 ne-

335 2753 589 2808 cessariis
625 2754 954 2822 argumentis
984 2763 1139 2808 antea
1169 2756 1602 2809 demonstrantur
1622 2797 1637 2821 ,
1665 2757 1910 2827 cognita-

336 2859 441 2912 que
469 2853 523 2897 et
553 2845 757 2897 credita
788 2843 853 2898 ad
883 2844 1102 2898 alterius
1128 2846 1204 2899 rei
1234 2845 1301 2900 de
1326 2862 1425 2915 qua
1456 2847 1725 2902 dubitatur
1754 2848 1909 2903 fidem
1956 2904 1971 2921 ,

335 2937 640 3001 trahuntur,
671 2944 730 2990 ut
778 2944 903 2990 sunt
947 2938 1363 3007 speculationes,
1396 2940 1446 2993 id
1475 2950 1556 2995 est
1586 2940 1908 2996 theoremata

333 3042 457 3095 quae
486 3027 539 3080 in
567 3030 857 3096 geometria
890 3030 1314 3085 considerantur.
1343 3032 1473 3085 Nam
1504 3047 1622 3100 qum
1653 3034 1760 3088 illic
1790 3048 1911 3102 pro-

2015 1869 2171 1923 sttpra
2218 1855 2418 1909 dictum
2470 1859 2575 1922 est)
2612 1853 2962 1921 probabilium
3009 1858 3441 1919 argumentorum
3487 1848 3588 1902 alia

2014 1954 2138 1998 sunt
2167 1945 2485 2009 necessaria,
2520 1945 2622 1996 alia
2666 1956 2768 1996 non
2811 1942 3137 2002 necessaria,
3166 1955 3284 1993 cum
3314 1940 3430 1992 loci
3465 1952 3588 2006 pro-

2014 2036 2265 2088 babilium
2298 2044 2728 2101 argumentorum
2766 2033 3052 2095 ducuntur,
3094 2032 3269 2084 evenit
3308 2039 3365 2082 ut
3406 2043 3588 2082 neces-

2014 2123 2276 2176 sariorum
2320 2122 2890 2191 quoqtte'doceantur.
2927 2122 3042 2186 Quo
3088 2120 3145 2171 fit
3191 2128 3248 2171 ut
3293 2118 3587 2171 oratoribus

2013 2215 2227 2284 quidem
2257 2231 2319 2268 ac
2346 2215 2641 2270 dialecticis
2673 2218 2785 2269 hmo
2826 2214 3190 2283 principaliter
3236 2212 3458 2267 facultas
3499 2227 3588 2280 pa-

2014 2312 2185 2368 retur,
2232 2308 2472 2361 secundo
2513 2322 2641 2361 vero
2692 2308 2809 2361 loco
2858 2306 3207 2374 philosophis.
3239 2306 3369 2359 Nam
3405 2304 3455 2358 in
3483 2318 3587 2373 quo

2013 2396 2309 2464 probabilia
2359 2397 2573 2466 quidem
2625 2400 2801 2451 omnia
2857 2398 3273 2462 conquiruntur,
3327 2395 3587 2449 dialectici

2013 2494 2172 2554 atque
2201 2494 2443 2540 oratores
2486 2487 2769 2553 juvantur;
2818 2486 2868 2538 in
2909 2486 3102 2554 quibus
3129 2499 3258 2538 vero
3299 2484 3587 2552 probabilia

2012 2587 2075 2625 ac
2104 2574 2403 2627 necessaria
2446 2573 2726 2639 docentur,
2761 2574 3110 2643 philosophiae
3150 2571 3587 2629 demonstrationi

2013 2660 2345 2716 miniSIralur
2375 2663 2612 2717 ubertas.
2647 2663 2759 2716 Non
2790 2664 2949 2717 modo
2988 2662 3147 2730 igitur
3175 2661 3483 2715 dialecticus
3511 2672 3586 2714 at-

2013 2766 2116 2821 que
2142 2762 2342 2819 orator,
2375 2769 2559 2808 verum
2591 2755 2751 2808 etiam
2789 2754 3185 2807 demonSIrator
3221 2765 3286 2805 ac
3325 2766 3468 2805 verte
3506 2767 3586 2805 aro

2012 2842 2428 2911 gumentationis
2476 2843 2696 2898 efl‘ector
2741 2840 2899 2897 habet
2945 2842 3086 2911 quod
3122 2856 3186 2894 ex
3242 2840 3430 2909 positis
3460 2841 3585 2895 locis

2013 2934 2185 3003 possit
2211 2936 2509 2999 assumere,
2535 2950 2657 2989 cum
2703 2936 3303 3001 intra-argumentorum
3345 2931 3586 3000 probabi-

2013 3025 2141 3078 lium
2175 3025 2342 3091 loccts,
2376 3026 2801 3081 necessariorum
2833 3039 3046 3095 quoque
3086 3024 3340 3092 principia
3380 3024 3585 3079 traditio

332 3127 604 3186 ponuntur
644 3118 769 3171 talia
808 3132 911 3171 non
955 3129 1099 3184 sunt,
1137 3128 1197 3173 ut,
1243 3121 1326 3175 his
1362 3131 1550 3189 sponte
1585 3124 1794 3178 animus
1828 3125 1902 3178 di.
1933 3114 1981 3177 C
2014 3114 2111 3168 ista
2145 3115 2436 3170 contineat.
2483 3117 2573 3172 llla
2617 3130 2746 3170 vero
2784 3124 3090 3184 argumenta
3132 3129 3250 3182 quze
3292 3115 3584 3173 necessaria

332 3208 532 3260 scentis
582 3208 832 3273 accedat,
876 3208 968 3262 sed
1018 3211 1267 3278 quoniam
1317 3212 1752 3267 demonstrantur
1792 3214 1909 3267 aliis

332 3300 684 3367 argumentis,
712 3300 799 3351 illa
833 3314 1043 3368 quoque
1084 3301 1215 3353 scita
1244 3312 1294 3354 et
1326 3303 1555 3366 cognita,
1588 3302 1652 3355 ad
1684 3304 1907 3357 aliarum

332 3389 757 3457 Speculationum
790 3391 950 3444 fidem
979 3391 1263 3445 ducuntur.
1294 3391 1471 3460 Itaque
1500 3409 1619 3462 quae
1659 3395 1909 3463 probabi-

332 3480 400 3533 lia
428 3495 524 3549 per
551 3496 609 3549 se
639 3497 741 3534 non
770 3492 915 3546 sunt,
954 3482 1049 3537 sed
1081 3483 1407 3547 necessaria,
1442 3483 1525 3536 his
1561 3485 1773 3551 quidem
1816 3500 1909 3536 au-

330 3570 592 3624 ditoribus
639 3572 832 3640 quibus
862 3573 1093 3625 nondum
1122 3572 1487 3625 demonstrata
1510 3582 1652 3636 sunt,
1676 3574 1739 3625 ad
1765 3573 1907 3627 aliud

329 3659 532 3727 aliquid
572 3661 976 3728 approbandum
1020 3670 1327 3729 argumenta
1361 3676 1478 3714 esse
1507 3675 1611 3714 non
1653 3672 1904 3729 possunt;

331 3750 416 3806 his
463 3761 641 3805 autem
695 3754 784 3821 qui
833 3753 1100 3822 prioribus
1144 3752 1440 3807 rationibus
1488 3767 1673 3807 eorum
1716 3755 1908 3823 quibus

330 3856 437 3893 non
483 3841 922 3910 acquiescebant,
975 3842 1131 3895 fidem
1175 3850 1455 3909 ceperunt,
1499 3852 1720 3910 possunt
1761 3858 1823 3897 ea
1861 3844 1906 3897 si

329 3931 454 4000 quid
487 3932 761 4000 ambigunt
788 3932 852 3984 ad
884 3942 1251 4001 argumentum
1274 3931 1475 3987 vocari.
1503 3931 1607 3986 Sed
1637 3937 1757 4001 quia
1779 3948 1907 4001 qua-

331 4032 451 4077 tuor
478 4022 1141 4099 facultatibus‘idisserendi
1172 4037 1331 4077 omne
1359 4023 1640 4077 artificium
1669 4026 1906 4079 contine-

270 4116 279 4127 ‘
336 4098 757 4180 turidicefnduin
788 4093 1257 4185 estmtibus
1289 4117 1364 4170 ttti
1392 4119 1597 4172 noverit
1624 4108 1907 4187 argttm'en-

329 4205 420 4269 lis,
464 4212 525 4258 ut
564 4206 650 4258 cui
695 4204 1030 4273 potissimum
1072 4206 1369 4274 disciplinae
1408 4208 1644 4261 locorum
1692 4222 1906 4277 paretur

329 4297 545 4351 ubertas
573 4296 849 4351 evidenter
869 4307 1144 4366 appareat.
1178 4296 1415 4362 Quatuor
1447 4299 1605 4364 igitur
1636 4300 1903 4355 facultati-

328 4386 447 4450 bus,
466 4402 761 4454 earutuque
785 4387 931 4440 velut
948 4386 1546 4457 opificibudeisscrendi
1572 4391 1745 4443 omnis
1769 4392 1902 4446 ratio

2013 3206 2226 3276 quidem
2250 3217 2394 3274 sunt,
2419 3208 2511 3262 sed
2542 3223 2646 3262 non
2676 3207 2993 3276 probabilia,
3011 3216 3171 3275 atque
3195 3205 3323 3258 illud
3347 3206 3585 3260 ultimum

2010 3311 2197 3367 genus,
2222 3297 2424 3352 scilicet
2457 3313 2553 3352 nec
2583 3299 2857 3366 probabile
2883 3312 2982 3352 nec
3010 3295 3392 3361 necessarium,
3416 3311 3444 3350 a
3469 3312 3585 3365 pro-

2010 3391 2167 3458 positi
2198 3390 2378 3460 operis
2406 3390 2834 3445 consideratione
2860 3392 3156 3460 sejunctum
3188 3402 3290 3458 est,
3321 3384 3419 3447 nisi
3445 3391 3584 3460 quod

2013 3479 2278 3534 interdum
2323 3480 2535 3548 quidam
2596 3476 2869 3548 sopbislici
2928 3482 3027 3534 loci
3083 3483 3367 3536 exercendi
3420 3482 3584 3550 gratia

2012 3569 2229 3623 le:toris
2256 3570 2598 3623 adhibentur.
2627 3570 2883 3634 Quocirca
2917 3572 3214 3638 tepicorum
3248 3574 3446 3639 pariter
3474 3571 3584 3625 titi-

2010 3661 2132 3730 litas
2174 3660 2506 3730 iutenticque
2554 3661 2810 3729 patefacta
2856 3670 2957 3716 est.
3001 3664 3094 3716 llis
3121 3664 3262 3718 enim
3291 3672 3347 3718 et
3373 3644 3589 3716 diem

2011 3729 2961 3819 WE
3006 3762 3247 3820 augetur.
3280 3752 3411 3806 Nam
3443 3752 3583 3819 quod

2009 3842 2318 3897 dialecticos
2363 3851 2523 3911 atque
2573 3852 2812 3897 oratores
2863 3844 3097 3897 locorum
3159 3845 3301 3908 iuvat
3351 3843 3579 3911 agnitio,

2008 3934 2235 3987 orationi
2268 3949 2363 4002 per
2391 3935 2747 3987 inventionem
2781 3935 2985 4003 copiam
3016 3944 3261 4000 prarstat;
3287 3935 3424 4003 quod
3455 3949 3582 3989 vero

1977 4029 2432 4082 'necessariorttm
2481 4026 2772 4081 doctrinam
2821 4027 3060 4079 locorum
3106 4026 3437 4094 phil050phis
3478 4036 3582 4080 tra~

2008 4117 2106 4180 dit,
2140 4118 2280 4169 viam
2307 4116 2700 4184 quodammodo
2726 4116 2964 4169 veritatis
2995 4116 3242 4171 illustrat.
3271 4117 3387 4180 Quo
3410 4118 3581 4185 magis

2011 4205 2410 4274 pervestiganda
2463 4217 2547 4259 est
2594 4206 2939 4273 ritnandaquc
2996 4207 3220 4259 ulterius
3268 4206 3581 4272 disciplina,

2007 4312 2174 4367 eaque
2196 4310 2314 4350 cum
2346 4296 2615 4362 agnitione
2646 4305 2893 4364 percepta
2937 4296 3024 4356 sit,
3058 4311 3155 4349 usu
3189 4305 3347 4364 atque
3380 4297 3583 4351 exerci-

2009 4390 2207 4441 tatione
2261 4387 2540 4440 firmanda.
2595 4387 2838 4455 Magnum
2897 4386 3037 4440 enim
3094 4387 3292 4454 aliquid
3345 4389 3582 4441 locorum

326 4478 563 4547 subjecta
594 4485 698 4543 est,
743 4478 795 4531 id
833 4488 916 4533 est
954 4478 1252 4545 dialectico,
1294 4480 1517 4565 oratori,
1561 4481 1896 4549 philosopho,
1924 4477 1975 4537 D
2003 4476 2358 4532 consideratio
2385 4477 2686 4546 pollicetur,
2714 4476 2921 4529 scilicet
2946 4477 3244 4529 inveniendi
3275 4478 3404 4529 vias.
3429 4478 3581 4542 Quod

1636 4558 1819 4573 m

326 4568 600 4638 sophistae.
639 4569 872 4635 Quorum
920 4569 1135 4637 quidem
1178 4569 1491 4635 dialec_t_i_cus
1528 4568 1684 4638 atque
1722 4568 1899 4637 uiator

325 4641 681 4713 inmttni
723 4670 1159 4726 argumentorum
1203 4670 1387 4714 natura
1438 4673 1701 4716 versatur.
1745 4663 1898 4717 Uter-

324 4763 427 4817 que
456 4750 597 4802 euiut
644 4748 756 4802 sive
800 4751 1120 4814 necessaria,
1163 4751 1277 4803 sive
1322 4750 1558 4814 minime,
1609 4752 1898 4820 probabilia

326 4848 500 4891 tamen
526 4848 834 4908 argumenta
857 4840 1117 4906 sequitur.
1145 4840 1234 4892 llis
1256 4840 1411 4910 igitur
1432 4842 1533 4894 illac
1553 4843 1669 4895 dure
1692 4842 1899 4912 species

323 4932 622 4999 argumenti
648 4931 993 4996 famulantur,
1020 4945 1137 4999 qua:
1164 4939 1288 4983 sunt
1322 4932 1598 4998 probabile
1627 4949 1689 4986 ac
1715 4950 1900 4989 ncces-

2007 4570 2217 4638 quidem
2249 4568 2301 4622 hi
2327 4569 2564 4636 qui-sunt
2593 4567 2751 4635 hujus
2779 4566 2999 4619 rationis
3024 4576 3274 4635 expertes
3304 4569 3401 4619 soli
3433 4584 3582 4634 [ποτε

2007 4676 2098 4714 sus
2124 4661 2382 4729 deputant
2411 4659 2645 4725 ingenio,
2671 4657 3164 4727 neque‘intelligunt
3194 4668 3451 4725 quantum
3486 4659 3581 4711 hac

2005 4749 2430 4804 consideratione
2458 4755 2728 4816 quaeratur
2756 4762 2873 4816 quae
2903 4749 2953 4801 in
2983 4758 3150 4803 artem
3182 4749 3371 4817 redigit
3400 4751 3501 4800 vim
3533 4762 3581 4806 et

2006 4849 2322 4909 potestatem
2376 4852 2595 4891 na'ttrm.
2646 4838 2751 4893 Sed
2797 4840 2864 4893 de
2908 4839 2987 4894 bis
3031 4840 3305 4893 hactenus.
3338 4839 3487 4892 Nunc
3519 4842 3582 4895 du

2007 4934 2226 5001 reliquis
2252 4932 2585 4999 explicemus

2886 5069 3155 5079 -———._

1411 5161 1753 5247 LIBER
1811 5160 2461 5247 SECUNDUS.

1868 5327 2144 5343 -η

393 5432 581 5487 Omnia
603 5432 815 5500 quidem
840 5448 957 5501 qua:
986 5432 1278 5499 superioris
1301 5432 1440 5485 serie
1480 5432 1763 5485 voluminis
1793 5448 1889 5486 ex-

320 5525 500 5593 pedita
524 5533 645 5578 sunt
669 5554 687 5589 ,η
731 5525 903 5577 minus
936 5523 1252 5591 quibusdam
1286 5521 1502 5576 forsitan
1546 5521 1772 5576 eruditis
1797 5536 1889 5576 su-

323 5630 658 5683 pervacanea
701 5614 1093 5682 quodaminodo
1123 5623 1175 5668 et
1218 5614 1366 5681 quasi
1415 5613 1766 5682 dependentia
1814 5614 1891 5667 vi-

320 5708 607 5761 dcbttntur.
661 5705 789 5759 Nam
831 5721 949 5773 cuut
982 5704 1603 5774 dediflisrcttliiSJOpicis
1634 5704 1893 5765 librorum

2002 5418 2210 5501 titulum
2242 5433 2501 5503 legerint,
2550 5436 2761 5489 omissis
2802 5434 3056 5489 doctrinae
3096 5436 3348 5510 gradibus
3394 5437 3575 5490 statim

2005 5524 2161 5578 finem
2208 5525 2386 5593 operis
2412 5526 2710 5579 attendunt.
2743 5524 2863 5578 Mihi
2892 5534 3067 5579 autem
3114 5528 3470 5580 necessarium
3504 5528 3575 5577 vi-

2002 5614 2155 5669 dctur
2185 5617 2345 5685 quod,
2379 5616 2477 5672 nisi
2528 5617 2595 5670 sit
2626 5615 3032 5686 prtccognitttut,
3082 5618 3145 5670 ad
3178 5618 3428 5672 ulteriora
3455 5619 3571 5671 dis-

2002 5705 2170 5759 centis
2220 5707 2426 5761 animus
2479 5708 2759 5776 pervenire
2789 5724 2890 5761 non
2924 5711 3109 5777 possit,
3166 5708 3215 5763 bi
3245 5712 3571 5779 qttoqucqui
