4036 6336
32 5364 33 5425 l

32 5748 37 5834 ι

562 323 698 379 H83
1790 328 1899 381 AN.
1943 327 2103 381 ΜΑΝΙ

2206 326 2336 381 ξεν.
2382 326 2595 380 ΒΟΙιΤὶΙ
3662 328 3789 381 1184

567 453 709 495 nunc
735 452 948 493 omnem
994 434 1450 502 primivomminis
1479 437 1890 506 disputationem
1933 452 2120 504 super-
2152 441 2198 499 Α
2226 439 2525 490 ‘universale
2570 445 2683 490 erat
2736 443 3001 490 COIICItlull
3052 435 3152 488 hoc
3200 434 3377 499 modo,
3430 435 3483 490 in
3537 438 3784 494 omnibus

559 526 719 580 ﬂuam
747 536 928 595 putant
951 566 965 590 ,
991 532 1034 579 sl
1077 535 1261 579 cuncta
1290 526 1589 596 perlegam,
1619 528 2117 597 contextinnemque

558 619 737 686 operis
794 628 969 672 mente
998 632 1058 670 ac
1089 617 1293 669 ratione
1330 618 1641 671 collustrent
1668 657 1681 681 ,
1722 618 1968 672 desinent
2000 634 2119 687 pro-

560 690 697 759 l'ecto
721 708 961 775 judicare
987 707 1330 773 superﬂuum,
1383 707 1521 775 quod
1562 709 1861 761 necessario
1890 708 2119 762 viderint

560 797 611 847 in
637 804 782 862 parte
806 796 981 861 operis
1007 780 1341 849 collocatum.
1373 798 1546 863 Atque
1574 796 1686 849 lucc
1716 796 1988 850 hactenus.
2013 796 2117 851 Sed

558 886 806 952 quoniam
837 885 903 938 de
933 884 1013 939 his
1053 898 1169 952 qua:
1196 894 1349 938 antea
1399 885 1689 952 posuimus,
1719 885 1771 938 id
1797 896 1876 939 est
1898 886 1966 939 de
1989 900 2113 953 pro-

560 973 818 1037 positione
838 1017 851 1040 ,
888 975 1200 1041 quaastione,
1230 974 1592 1040 conclusione,
1633 983 1942 1042 argumento
1970 974 2117 1028 sulti-

555 1062 755 1117 cienter
791 1064 987 1116 dictum
1011 1074 1112 1131 est,
1145 1080 1283 1118 nunc
1310 1064 1377 1129 de
1413 1066 2116 1143 3W-

553 1168 692 1208 mus.
721 1157 1123 1224 Argumentatio
1153 1166 1235 1211 est
1265 1171 1359 1224 per
1381 1158 1677 1211 orationem
1708 1159 2001 1227 argumenti
2022 1172 2117 1212 ex-

502 1256 505 1259 '
555 1246 787 1314 plicatio.
846 1247 1010 1315 Hujus
1059 1258 1236 1302 autem
1275 1248 1481 1317 species
1516 1248 1632 1302 dna:
1661 1258 1819 1315 sunt,
1864 1263 1965 1302 una
1997 1264 2116 1317 qua“:

557 1339 918 1408 syllogismus,
965 1340 1132 1394 altera
1169 1354 1288 1407 quae
1311 1348 1531 1393 vocatur
1571 1340 1826 1394 inductio.
1861 1339 2116 1408 Syllogis-

556 1404 780 1483 ιιιιῶ
801 1431 972 1483 oratio
1020 1431 1074 1483 in
1107 1445 1207 1498 qua
1237 1431 1551 1499 quibusdam
1599 1408 1785 1500 positis
1810 1440 2114 1487 et.conces-

552 1518 626 1570 sis
649 1558 662 1581 ,
713 1518 855 1571 aliud
883 1519 1129 1587 quiddam
1160 1534 1253 1587 per
1281 1534 1343 1573 ea
1387 1520 1500 1587 ipsa
1531 1536 1648 1590 qum
1672 1536 1922 1576 concessa
1950 1530 2071 1575 sunt
2093 1560 2111 1588 ,
2140 1566 2143 1569 ,

552 1608 766 1662 evenire
811 1623 1028 1663 necesse
1079 1619 1177 1674 est,
1222 1626 1379 1679 quam
1408 1611 1513 1664 sint
1542 1617 1650 1681 ipsa
1692 1627 1811 1680 qua:
1857 1610 2110 1667 Concessa

552 1708 695 1751 sunt.
724 1698 889 1766 Hujus
936 1699 1263 1754 diflinitionis
1304 1702 1564 1756 rationem
1611 1703 1873 1757 secundus
1900 1703 2110 1772 quidem

2222 543 2432 595 quoque
2460 528 2638 592 rebus,
2664 542 2766 579 non
2792 539 2935 580 sorte
2965 528 3202 590 tlttCttttII,
3222 528 3314 581 sed
3343 537 3457 583 arte
3486 529 3778 597 principem

2221 618 2415 671 debere
2445 620 2699 685 prmponi.
2720 617 2872 684 Saepe
2902 629 3076 671 autem
3109 618 3389 671 multorum
3411 620 3634 672 collecta
3665 635 3782 686 par-

2223 706 2508 759 ticularitas
2530 705 2669 758 aliud
2710 706 2962 774 quiddatn
2994 707 3308 774 particularc
3340 708 3697 770 demonStrat,
3733 723 3783 761 nt

2218 795 2262 848 si
2292 795 2408 863 quis
2438 796 2514 847 sic
2544 795 2684 848 dicat
2709 811 2721 847 :
2749 794 2802 848 Si
2836 811 3005 863 neque
3028 797 3279 858 navibus,
3312 810 3484 865 neque
3518 797 3781 859 curribus,

2218 896 2388 950 neque
2440 885 2579 951 agris
2627 892 2769 937 sorte
2800 894 3178 952 przeponuntur
3205 894 3441 939 rectores
3465 924 3479 948 ,
3509 886 3600 939 ’ne
3632 888 3788 938 rebus

2216 978 2433 1043 quidem
2476 976 2699 1043 publicis
2749 986 2986 1030 rectores
3025 985 3168 1030 sorte
3193 977 3418 1030 ducendi
3463 985 3608 1029 sunt.
3638 977 3785 1043 Quod

2216 1052 2691 1131 argumentationis
2717 1079 2886 1133 genus
2916 1065 3144 1119 maxime
3181 1067 3316 1119 solet
3345 1081 3463 1119 esse
3481 1066 3783 1134 probabile,

2215 1155 2318 1210 etsi
2346 1171 2449 1209 non
2482 1172 2686 1226 aequam
2712 1157 3021 1227 syllogismo
3046 1156 3237 1211 habeat
3261 1157 3585 1211 ﬁrmitatem.
3617 1157 3784 1227 Syllo-

2214 1243 2413 1311 gismus
2444 1260 2671 1313 namque
2696 1247 2763 1299 ab
2792 1247 3176 1300 universalibus
3206 1250 3258 1298 in
3301 1248 3645 1314 particularia
3694 1248 3782 1301 de.

2214 1336 2380 1387 currit
2407 1374 2425 1401 ,
2473 1343 2661 1402 estque
2710 1335 2762 1388 in
2791 1350 2857 1389 eo
2881 1376 2895 1399 ,
2919 1336 2961 1388 si
2994 1335 3130 1389 veris
3170 1337 3620 1403 proliositionibus
3654 1352 3781 1391 con-

2216 1433 2445 1501 texatur,
2472 1427 2619 1480 ﬁrma
2651 1437 2810 1496 atque
2837 1428 3286 1483 incommutabilis
3326 1433 3547 1486 veritas.
3580 1435 3653 1485 At
3697 1433 3777 1486 in-

2213 1514 2394 1569 ductio
2414 1516 2622 1583 quidem
2647 1516 2803 1570 habet
2820 1519 3101 1571 maximam
3118 1519 3563 1587 probabilitatem,
3586 1525 3681 1576 sed
3702 1523 3778 1576 in-

2212 1605 2417 1660 terdum
2441 1592 2663 1663 veritate
2677 1608 2879 1673 deﬁcit,
2906 1610 3035 1662 utin
3058 1608 3185 1663 bac:
3206 1609 3305 1675 Qui
3326 1612 3427 1663 scit
3445 1626 3641 1665 canere
3656 1626 3776 1666 can-

2215 1704 2298 1749 tor
2328 1708 2408 1751 est
2437 1737 2451 1761 ,
2494 1707 2549 1751 et
2572 1700 2660 1767 qui
2684 1697 2873 1752 luctari
2900 1698 3126 1752 luctator
3153 1709 3251 1762 est,
3282 1702 3478 1769 quique
3514 1702 3777 1756 aediﬁcare

550 1787 683 1841 liber
738 1804 920 1844 eorum
975 1792 1163 1860 quibus
1234 1792 1610 1847 institutionem
1664 1798 1714 1847 in
1774 1794 2103 1863 Categoricos

2213 1784 2501 1839 aediﬁcator
2530 1796 2631 1841 est.
2655 1786 2858 1852 Quibus
2889 1787 3067 1841 multis
3100 1788 3258 1841 simili
3286 1791 3496 1842 ratione
3535 1790 3775 1845 collectis

552 1879 869 1947 scripsimus
900 1882 1243 1951 Syllogismos
1273 1883 1429 1951 plene
1465 1884 1720 1939 continet.
1764 1884 1868 1939 Sed
1896 1895 2110 1953 propter

551 1964 848 2021 intellectus
872 1968 1169 2023 facilitatem
1194 1970 1333 2025 idem
1361 1971 1901 2041 breviteraperietnus
1929 1988 2109 2028 exetnc

553 2053 660 2125 pio.
689 2058 769 2112 Sit
789 2060 930 2113 enim
958 2061 1295 2130 syllogismus
1328 2062 1413 2118 hic
1439 2081 1450 2115 :
1506 2066 1679 2118 omnis
1710 2064 1870 2119 homo
1918 2066 2107 2119 animal

552 2154 653 2210 est,
682 2162 837 2203 omne
875 2150 1070 2204 animal
1096 2152 1391 2206 substantia
1421 2162 1523 2219 est,
1548 2155 1724 2208 omnis
1768 2155 1928 2223 igitur
1949 2155 2109 2210 homo

550 2237 838 2291 substantia
861 2248 959 2293 est.
985 2241 1173 2294 Totum
1198 2242 1353 2311 igitur
1377 2243 1477 2297 hoc
1499 2245 1668 2298 oratio
1689 2253 1792 2309 est,
1814 2244 1866 2297 in
1888 2258 1988 2313 qua
2016 2259 2111 2313 po-

550 2325 669 2379 sitis
694 2329 1003 2395 quibusdam
1034 2339 1089 2385 et
1115 2334 1403 2396 concessis,
1453 2333 1505 2387 id
1533 2342 1618 2388 est
1638 2334 1840 2389 duabus
1870 2337 2110 2403 proposi-

551 2416 781 2473 tionibus
809 2435 926 2488 qute
942 2429 1088 2489 sunt,
1117 2424 1291 2476 omnis
1322 2422 1480 2478 homo
1517 2424 1711 2478 animal
1740 2433 1840 2491 est,
1872 2434 1925 2479 et
1952 2440 2110 2479 omne

548 2508 749 2561 animal
801 2511 1092 2591 substaqtia
1144 2522 1259 2579 est,
1308 2529 1425 2581 per
1460 2529 1521 2568 ea
1553 2515 1664 2582 ipsa
1711 2532 1827 2585 qum
1853 2532 2107 2572 concessa

548 2607 689 2661 sunt,
715 2599 938 2654 elﬂcuur
967 2602 1108 2655 aliud
1136 2604 1371 2671 aliquod,
1398 2604 1449 2658 id
1481 2606 1689 2661 scilicet
1712 2607 1853 2675 quod
1875 2618 1956 2661 est
1983 2623 2110 2663 con-

547 2688 717 2743 clusio
745 2730 758 2754 ,
789 2692 962 2745 omnis
1010 2694 1171 2762 igitur
1192 2694 1351 2749 homo
1391 2697 1681 2752 substantia
1727 2708 1826 2752 est.
1858 2700 1958 2753 Per
1990 2716 2109 2770 pro-

549 2780 841 2846 positiones
870 2783 1010 2835 enim
1044 2800 1161 2851 qua:
1203 2799 1472 2841 concessa:
1515 2797 1655 2851 sunt,
1693 2790 1965 2857 sequentia
2017 2805 2110 2845 ne-

550 2874 781 2925 cessario
810 2874 1164 2929 COnclusiouis
1194 2876 1438 2931 infertur.
1488 2879 1623 2933 Sunt
1660 2891 1836 2934 antem
1870 2883 2107 2950 proposi-

549 2961 817 3029 tionest
844 2980 855 3013 :
890 2965 1064 3016 omnis
1087 2966 1243 3017 homo
1274 2966 1466 3020 animal
1492 2978 1590 3032 est,
1625 2980 1678 3023 et
1718 2986 1877 3025 omne
1907 2973 2106 3025 animal
2132 2950 2144 2969 ⁸

546 3034 837 3103 substantia
864 3063 941 3106 est
968 3093 983 3117 ,
1033 3067 1189 3122 atque
1219 3071 1285 3108 ex
1314 3058 1392 3109 bis
1422 3058 1651 3111 ellicitur
1676 3059 1820 3113 aliud
1847 3062 2100 3129 quidd;:m

2213 1875 2392 1930 inferri
2427 1887 2620 1944 potest,
2653 1879 2740 1947 qui
2769 1879 2870 1932 scit
2898 1880 3055 1947 igitur
3082 1879 3278 1933 malum
3308 1882 3477 1935 malus
3505 1891 3612 1947 est,
3641 1886 3775 1952 quod

2211 1983 2316 2021 non
2358 1969 2617 2037 procedit.
2661 1969 2779 2023 Mali
2825 1969 3019 2039 quippe
3050 1971 3231 2024 notitia
3254 1971 3443 2026 deesse
3492 1972 3636 2025 bono
3676 1988 3775 2027 non

2211 2067 2405 2126 potest,
2441 2059 2606 2113 virtus
2636 2060 2776 2114 enim
2797 2074 2917 2114 sese
2934 2060 3108 2129 diligit
3138 2073 3186 2115 et
3212 2072 3530 2129 aspernatur
3557 2072 3775 2116 contra-

2211 2156 2310 2223 ria,
2339 2170 2438 2211 nec
2460 2157 2622 2211 vitare
2648 2158 2832 2211 vitium
2861 2158 2961 2211 nisi
2989 2157 3259 2226 cognitum
3287 2166 3465 2225 queat.
3501 2156 3591 2209 llis
3623 2157 3777 2225 igitur

2210 2244 2416 2300 duobus
2448 2247 2592 2300 velut
2621 2247 2896 2316 principiis
2924 2256 2978 2301 et
3002 2246 3287 2316 generibus
3341 2248 3777 2315 argumentandi,

2209 2335 2314 2389 duo
2371 2336 2584 2404 quidem
2639 2336 2730 2389 alii
2779 2336 3255 2404 deprehenduntur
3304 2337 3779 2403 argumentationis

2208 2426 2372 2490 modi,
2399 2441 2530 2480 unus
2556 2428 2767 2493 quidem
2796 2427 3100 2497 syllogismo
3125 2466 3141 2492 ,
3170 2429 3303 2481 alter
3332 2441 3457 2480 vero
3488 2426 3779 2481 inductioni

2209 2514 2535 2581 suppositus;
2570 2514 2621 2567 in
2649 2515 2840 2583 quibus
2866 2515 3079 2583 quidem
3109 2525 3405 2583 promptum
3434 2517 3505 2567 sit
3532 2517 3781 2569 conside-

2209 2617 2330 2657 rare
2357 2602 2494 2670 quod
2529 2604 2616 2657 ille
2642 2604 2856 2673 quidem
2890 2617 2919 2655 a
2950 2605 3259 2674 syllogismo
3286 2645 3302 2670 ,
3342 2605 3428 2658 ille
3455 2620 3587 2659 vero
3608 2605 3677 2659 ab
3700 2607 3779 2659 in-

2208 2691 2457 2747 ductione
2501 2694 2657 2748 ducat
2680 2696 2953 2748 exordium
2985 2737 3000 2761 ,
3042 2710 3148 2748 non
3182 2702 3355 2748 tamen
3379 2706 3471 2749 aut
3501 2696 3590 2749 hic
3618 2698 3779 2765 syllo-

2206 2782 2432 2849 gismum
2461 2824 2474 2847 ,
2536 2794 2626 2836 aut
2672 2783 2759 2837 ille
2814 2784 3031 2852 impleat
3068 2784 3451 2838 inductionem.
3487 2785 3555 2838 iii
3598 2797 3778 2840 autem

2206 2881 2331 2926 sunt
2402 2880 2741 2943 enthymema
2810 2884 2967 2942 atque
3034 2876 3356 2943 exemplum.
3421 2876 3779 2943 Entbymema

2205 2964 2400 3032 quippe
2428 2974 2511 3018 est
2562 2963 2905 3033 imperfectus
2935 2966 3297 3035 syllogismus,
3330 2965 3379 3018 id
3413 2974 3496 3020 est
3521 2963 3778 3021 oratio‘in

2205 3067 2309 3120 qua
2334 3068 2437 3105 non
2469 3054 2720 3108 outnibus
2779 3064 2934 3108 antea
2978 3056 3422 3123 pr0p0sitionibus
3470 3057 3779 3110 constitutis

546 3157 701 3209 quam
724 3156 846 3196 sunt
868 3146 975 3212 ipsa
994 3161 1109 3213 quae
1130 3161 1381 3200 concessa
1400 3158 1540 3201 sum,
1566 3149 1910 3205 (ῖοηςιυάειυι-
1930 3153 2099 3207 enim;
2129 3139 2173 3198 C
2207 3140 2430 3195 infertur
2454 3143 2693 3196 lestiuata
2719 3144 3010 3207 conclusio,
3032 3155 3087 3197 ut
3114 3145 3155 3197 si
3178 3145 3298 3214 quis
3324 3146 3395 3197 ita
3415 3146 3591 3199 dicat:
3619 3147 3780 3199 homo

546 3232 703 3298 igitur
730 3236 903 3286 omnis
932 3236 1087 3287 homo
1123 3235 1416 3288 sub5tautia
1445 3248 1545 3301 est,
1577 3240 1715 3305 quod
1745 3240 1899 3308 longe
1928 3241 2103 3296 diver-

545 3335 664 3373 sum
686 3331 788 3384 est,
809 3331 861 3375 et
884 3322 951 3374 ab
977 3337 1036 3375 ea
1054 3324 1409 3395 propositione
1424 3341 1540 3394 qua:
1565 3328 1721 3379 dicit:
1751 3330 1921 3381 omnis
1948 3330 2105 3383 homo

543 3410 864 3477 animal'est,
898 3421 949 3465 et
972 3412 1038 3465 ab
1059 3427 1121 3468 ea
1150 3429 1268 3483 qua:
1300 3418 1565 3483 proponit,
1590 3432 1745 3472 omne
1769 3420 1959 3473 animal
1988 3435 2105 3475 esse

544 3499 911 3554 substantiam.
964 3502 1405 3571 Syllogismomm
1447 3520 1574 3560 vero
1618 3508 1703 3559 alii
1764 3510 2094 3575 praedicativi

540 3598 702 3655 sunt,
747 3593 832 3658 qui
878 3594 1159 3662 categorici
1203 3604 1475 3657 vocantur,
1543 3597 1632 3650 alii
1685 3599 2099 3668 conditionales,

538 3693 670 3745 quos
704 3679 1069 3753 hypqtheticos
1120 3683 1359 3742 dicimus.
1418 3687 1482 3738 Et
1530 3686 1851 3756 prmdicativi
1890 3692 2100 3760 quidem

538 3780 681 3836 sunt,
728 3775 814 3840 qui
858 3788 922 3827 ex
952 3775 1199 3830 omnibus
1248 3778 1603 3846 pradicativis
1654 3782 2102 3849 propositionibus

537 3872 941 3930 connectuntur,
966 3875 1023 3919 ut
1052 3868 1096 3919 is
1124 3871 1535 3937 quemexempli
1558 3873 1724 3939 gratia
1748 3874 1990 3940 superius
2008 3890 2100 3928 an-

537 3954 735 4016 notavi,
778 3956 1024 4009 0mnibus
1067 3959 1209 4011 enim
1259 3961 1609 4027 prtedicativis
1657 3965 2101 4033 pr0positionibus

536 4043 749 4096 texitur.
786 4045 1119 4114 llypothetici
1157 4064 1282 4103 vero
1329 4062 1476 4119 sunt,
1520 4068 1746 4121 quorum
1780 4057 2098 4124 propositio-

506 4176 509 4181 .
535 4147 629 4187 nes
657 4135 959 4190 conditione
983 4149 1286 4206 nectuntur,
1319 4142 1506 4196 uthic:
1540 4144 1584 4196 si
1611 4144 1724 4198 dies
1745 4156 1846 4212 est,
1876 4147 1965 4200 lux
1994 4157 2095 4212 est;

534 4232 616 4277 est
642 4233 816 4279 autem
837 4227 970 4290 dies,
1002 4229 1090 4282 lux
1114 4231 1270 4303 igitur
1301 4241 1412 4297 est;
1449 4236 1740 4303 propositio
1767 4238 1907 4290 enim
1931 4238 2097 4306 prima

533 4314 887 4369 conditionem
922 4326 1065 4377 tt-net
1085 4320 1240 4384 hanc,
1269 4323 1519 4387 quoniam
1546 4324 1614 4377 ita
1640 4325 1856 4379 demum
1882 4328 1967 4379 lux
1992 4336 2093 4391 est,

533 4405 574 4457 si
606 4404 719 4458 dies
743 4416 841 4459 est.
875 4408 1045 4476 Atque
1069 4410 1187 4465 ideo
1218 4412 1559 4481 syllogismus
1583 4416 1666 4468 hic
1699 4416 2088 4485 bypnthcticus,

2208 3234 2400 3287 animal
2447 3245 2550 3299 est,
2582 3236 2873 3289 substantia
2907 3235 3061 3305 igitur
3108 3245 3214 3291 est.
3246 3236 3593 3290 l’raztcrmisit
3635 3238 3778 3290 enim

2206 3325 2426 3377 alteram
2453 3326 2866 3393 propositionem
2892 3340 2992 3394 qua
3030 3325 3361 3393 proponitur,
3387 3341 3547 3380 omne
3577 3328 3777 3381 animal

2205 3426 2286 3470 est
2311 3418 2625 3470 subSIantia.
2654 3418 2791 3485 Ergo
2821 3419 3069 3485 quoniam
3095 3417 3434 3487 enthymema
3463 3417 3534 3471 ab
3564 3418 3779 3472 univer-

2205 3508 2405 3561 salibus
2436 3510 2500 3562 ad
2533 3494 2872 3577 particularia
2902 3510 3172 3577 probanda
3198 3510 3473 3563 contendit
3520 3512 3678 3578 quasi
3704 3512 3778 3564 si-

2206 3600 2329 3653 mile
2349 3601 2656 3669 syllogismo
2677 3611 2791 3665 est;
2815 3601 2954 3669 quod
2978 3616 3103 3654 vero
3125 3617 3228 3654 nun
3254 3602 3501 3655 omnibus
3517 3616 3779 3671 quascun-

2213 3690 2750 3760 vcniuntsyllogismo
2770 3692 2934 3744 utitur
2965 3692 3436 3759 propositionibus,
3470 3710 3499 3745 a
3528 3694 3778 3763 syllogis-

2204 3783 2274 3833 rui
2318 3781 2523 3836 ratione
2564 3782 2810 3847 discedit,
2838 3796 2995 3848 atque
3029 3782 3149 3836 ideo
3181 3782 3523 3850 imperfectus
3554 3793 3777 3837 vocatus

2205 3883 2288 3923 est
2314 3871 2679 3939 syllogismus.
2709 3871 3021 3943 Exgmmuttt
3049 3886 3258 3941 quoque
3286 3872 3578 3926 inductioni
3611 3876 3773 3926 simili

2204 3962 2412 4014 ratione
2439 3963 2717 4030 cepulatur
2746 3942 2801 4016 εἶ
2825 3942 2892 4016 ab
2932 3979 2991 4016 ea
3021 3963 3263 4017 dissidet.
3296 3964 3392 4016 Est
3418 3964 3562 4018 enim
3594 3979 3773 4018 ειεωο

2202 4052 2341 4119 plum
2393 4056 2529 4120 quod
2559 4070 2651 4118 per
2682 4036 3000 4123 pariicularc
3050 4057 3377 4124 pr0positum
3406 4096 3420 4117 ,
3453 4058 3774 4125 particularc

2199 4144 2461 4207 quoddam
2488 4146 2764 4198 contendit
2791 4147 3074 4201 ostendere
3108 4147 3208 4201 hoc
3251 4147 3698 4216 modozuportet
3741 4170 3771 4201 ει
3802 4186 3811 4197 .

2202 4234 2377 4288 Tullio
2422 4236 2637 4289 coasule
2684 4238 2861 4291 necari
2917 4238 3219 4303 Catilinam,
3271 4253 3388 4293 cum
3438 4256 3469 4292 a
3519 4240 3773 4309 Scipione

2197 4323 2470 4379 Gracchus
2517 4326 2675 4379 luerit
2721 4326 3090 4396 interemptus.
3126 4331 3491 4397 Approbatum
3520 4339 3609 4385 est
3629 4331 3769 4385 enim

2195 4417 2474 4468 Catilinam
2496 4431 2523 4468 a
2553 4416 2813 4470 Cicerone
2835 4418 3032 4472 debere
3056 4418 3264 4487 periuri,
3294 4420 3432 4487 quod
3456 4434 3485 4470 a
3516 4420 3769 4488 Scipione

532 4496 580 4548 id
605 4506 707 4562 est,
736 4499 1108 4555 conditionalis
1132 4514 1365 4556 vocatur.
1399 4505 1633 4585 lndggtio
1656 4522 1781 4560 vero
1811 4519 1890 4562 est
1916 4513 2087 4566 oratio
2118 4494 2169 4550 D
2194 4503 2461 4558 Gracchus
2503 4504 2664 4559 fuerit
2706 4507 2934 4560 OCCiSlls.
2983 4508 3111 4573 QIIIB
3174 4517 3395 4575 utraque
3422 4508 3771 4576 Parliculnria

530 4601 624 4653 per
647 4603 800 4655 quam
834 4590 937 4643 lita
971 4593 1375 4659 particularibus
1406 4596 1469 4647 ad
1502 4596 1817 4652 universalia
1849 4616 2090 4670 progres-

528 4678 628 4743 sio,
654 4678 754 4733 hoc
785 4680 940 4736 modo
970 4698 983 4734 :
1024 4682 1080 4737 Si
1110 4683 1160 4736 in
1218 4685 1463 4754 regendis
1506 4687 1729 4743 navibus
1763 4704 1866 4743 non
1907 4699 2086 4757 sorte,

526 4770 619 4823 sed
651 4782 802 4836 arte,
844 4774 1057 4842 eligitur
1080 4775 1436 4844 gubernator;
1485 4778 1529 4830 si
1570 4778 1621 4831 in
1668 4782 1913 4849 regendis
1940 4783 2090 4850 equis

525 4862 704 4931 auriga
733 4878 836 4916 nou
878 4865 1040 4918 sortis
1070 4878 1280 4929 eventu,
1312 4869 1403 4920 sed
1452 4869 1582 4921 artis
1633 4871 2089 4924 commendatione

525 4955 839 5018 assumitur;
891 4957 934 5008 si
978 4955 1031 5008 in
1082 4957 1501 5011 administranda
1546 4961 1812 5029 republica
1846 4979 1949 5015 non
1972 4978 2087 5016 sm-s

528 5044 820 5121 principem
848 5045 992 5107 facit,
1016 5048 1107 5099 sed
1141 5048 1323 5115 peritia
1354 5049 1682 5115 moderandi,
1709 5052 2008 5121 similiaque
2036 5072 2084 5107 ιη

526 5116 763 5201 pluribus
790 5137 1209 5204 conquiruntur,
1256 5137 1445 5204 quibus
1487 5140 1729 5205 infertur,
1764 5152 1816 5193 ct
1859 5146 1907 5195 in
1946 5145 2085 5196 utiuti

522 5240 603 5291 qu«
628 5228 729 5292 que
753 5241 809 5279 re
831 5242 985 5293 quam
1004 5225 1223 5295 quisque
1247 5228 1351 5294 regi
1377 5235 1532 5296 atque
1573 5231 1929 5285 administrari
1972 5250 2092 5302 gra-

522 5316 656 5367 viter
678 5317 838 5378 volet,
865 5331 966 5369 non
992 5330 1070 5369 sm
1086 5328 1134 5370 te
1151 5319 1537 5383 accommodat,
1556 5320 1650 5374 sed
1674 5332 1785 5375 arte
1803 5333 2084 5377 rectorem.

530 5406 683 5459 \‘ides
717 5407 868 5475 igitur
898 5408 1162 5477 quomodo
1203 5425 1295 5476 prr
1320 5409 1552 5479 singulas
1581 5427 1665 5467 res
1688 5424 1867 5466 currat
1897 5417 2084 5481 qratio,

523 5507 578 5547 ul
605 5497 668 5549 ad
696 5500 992 5554 universale
1018 5502 1311 5569 perveniat.
1339 5503 1467 5555 Nam
1492 5519 1609 5557 cum
1638 5520 1740 5558 non
1789 5516 1930 5559 sorte
1955 5509 2085 5575 regi,

474 5650 483 5659 θ
520 5592 611 5644 εεά
640 5602 772 5657 arte,
806 5596 999 5659 navim,
1040 5612 1252 5650 currunt
1277 5607 1328 5650 et
1360 5598 1736 5666 rempublicam
1770 5600 2085 5667 coilcgisset,

523 5686 668 5746 quasi
699 5686 746 5737 itt
779 5688 983 5740 caeteris
1034 5703 1242 5753 quoque
1274 5689 1341 5741 ita
1368 5705 1484 5742 sese
1529 5704 1613 5743 res
1669 5687 1887 5755 habeat,
1946 5693 2084 5757 quod

2195 4610 2313 4647 esse
2341 4610 2403 4649 ac
2429 4612 2530 4647 non
2564 4598 2883 4650 universalia
2915 4596 3261 4664 Singularium
3309 4596 3558 4665 designat
3600 4597 3767 4651 inter-

2195 4685 2387 4752 positio
2432 4700 2804 4752 personaruni.
2855 4687 3113 4752 QuOniam
3144 4687 3301 4753 igitur
3341 4701 3406 4739 ex
3437 4697 3593 4752 parte
3653 4703 3770 4754 pars

2195 4776 2540 4842 approbatur,
2572 4776 2722 4845 quasi
2748 4775 3074 4830 inductionis
3103 4775 3509 4829 similitudinem
3544 4788 3693 4831 tenet
3720 4778 3766 4830 id

2195 4866 2335 4932 quod
2385 4866 2685 4930 exemplum
2733 4880 3004 4920 vocamus.
3062 4868 3210 4932 Quod
3270 4881 3536 4953 veio.non
3588 4868 3769 4936 pluris

2192 4957 2381 5023 qtnbus
2413 4957 2463 5009 id
2498 4958 2712 5021 elliciat,
2743 4959 2941 5027 colligit
2984 4967 3179 5026 partes,
3213 4959 3280 5010 ab
3310 4957 3626 5011 inductione
3656 4958 3765 5010 dis-

2192 5046 2350 5097 cedit.
2381 5046 2451 5098 Iia
2485 5046 2644 5114 igitur
2673 5047 2791 5100 dua:
2821 5057 2943 5100 sunt
2977 5045 3374 5115 argumentandi
3398 5047 3608 5113 species
3629 5048 3767 5114 prin-

2192 5140 2413 5207 cipales,
2445 5156 2547 5193 una
2577 5158 2695 5208 quae
2722 5142 2917 5196 dicitur
2938 5143 3301 5213 syllogismus,
3328 5143 3493 5196 altera
3525 5159 3648 5211 qua:
3680 5160 3767 5194 vo-

2192 5243 2343 5284 catur
2374 5232 2626 5287 inductio.
2655 5233 2763 5287 Sub
2794 5235 2876 5287 his
2915 5245 3092 5286 autem
3127 5233 3267 5286 velut
3293 5248 3355 5285 ex
3384 5233 3466 5285 his
3499 5236 3765 5285 manantia

2197 5325 2537 5393 enthymema
2567 5334 2723 5394 atque
2750 5326 3071 5393 exemplum.
3096 5326 3225 5390 Qua:
3252 5324 3467 5389 quidem
3500 5324 3679 5376 omnia
3702 5338 3762 5376 ει

2196 5416 2511 5485 syLogismo
2564 5419 2851 5480 ducuntur,
2909 5427 2961 5468 et
3002 5430 3066 5468 ex
3116 5414 3423 5485 syllogismo
3456 5416 3599 5465 vires
3629 5413 3765 5465 acci-

2197 5508 2374 5573 piunt;
2407 5509 2518 5559 sive
2550 5507 2692 5560 enim
2730 5510 2800 5561 sit
2828 5508 3165 5575 enthymema
3188 5545 3203 5567 ,
3234 5504 3346 5557 sive
3371 5504 3633 5567 inductio,
3658 5505 3767 5556 site

2195 5596 2513 5665 exemplum,
2567 5613 2631 5651 ex
2660 5598 2971 5667 syllogismo
2999 5598 3138 5649 vires
3167 5610 3323 5663 quam
3353 5595 3586 5647 maxime
3609 5592 3763 5671 fidem

2196 5689 2365 5756 capit,
2399 5688 2537 5757 quod
2571 5691 2622 5742 in
2654 5689 2923 5744 Prioribus
2957 5687 3305 5742 licsolntnriis
3333 5727 3346 5749 ,
3377 5702 3497 5753 qua:
3522 5686 3590 5738 ab
3618 5684 3763 5738 Aris-
