4036 6336
266 259 403 315 1185

1354 253 1441 307 DE
1477 247 1944 307 DIFFERENTllS
1982 245 2259 302 TOPICIS.
2303 246 2429 300 LIB.
2474 243 2535 299 ll.

3397 239 3531 293 H86

264 371 429 426 totele
489 370 888 434 transtulimus,
942 367 1368 423 demonstratum
1423 374 1524 419 cst.
1575 363 1835 429 Quocirca
1871 359 2237 430 Aconclusio.
2287 360 2364 412 Ac
2410 358 2548 411 sicut
2600 355 2748 408 locus
2796 355 2850 407 in
2899 368 2958 409 se
3001 355 3244 422 corporis
3294 356 3533 409 continet

262 466 395 525 satis
421 474 504 519 est
541 468 607 518 de
636 463 946 544 syllogismo
985 461 1272 523 disserere,
1304 459 1455 526 quasi
1486 455 1763 525 principali
1796 466 1850 509 et

264 547 1022 624 czeterasf—arﬁnentationis
1077 551 1283 620 species
1328 550 1655 604 continente.
1712 547 1848 600 Res-

265 659 345 703 tat
396 664 537 702 nunc
584 647 709 715 quid
737 647 807 699 sit
844 646 992 699 locus
1021 643 1253 712 aperire.
1302 641 1475 705 Locus
1505 654 1736 706 namqpe
1768 645 1851 690 est

265 745 352 807 (υῐ
383 742 448 794 Μ-
470 740 642 793 Tullio
672 739 865 806 placet)
894 732 1400 817 sedesawgnti.
1459 728 1625 796 Cujus
1655 724 1853 780 diftiui-

268 833 433 883 tionis
458 844 576 897 qua:
602 828 669 880 sit
696 827 794 890 vis,
827 827 1009 895 paucis
1037 824 1330 878 absolvam.
1364 819 1677 889 Argumenti
1710 817 1849 869 enim

265 924 427 975 sedes
480 921 669 986 partim
723 916 1019 986 propositis;
1087 915 1316 981 piaxima
1373 910 1597 978 intelligi
1655 914 1850 976 potest,

1068 801 1241 815 M-

267 1014 462 1081 partim
494 1013 741 1064 iiiaxima:
779 1008 1161 1084 propositionis
1191 1003 1512 1060 dillerentia.
1568 1002 1698 1055 Nam
1730 1014 1867 1057 cum.

269 1106 378 1157 sint
419 1105 533 1157 alia:
577 1100 966 1170 propositiones
1005 1114 1123 1167 qua:
1166 1112 1285 1151 cum
1318 1112 1411 1164 per
1449 1110 1507 1148 se
1547 1101 1685 1146 nuta:
1725 1092 1849 1156 sint,

268 1205 380 1248 tum
414 1192 542 1247 nihil
572 1194 794 1245 ulterius
825 1190 1056 1245 habeant
1081 1204 1187 1258 quo
1214 1189 1668 1249 deui0nstrentur,
1694 1193 1859 1251 atque

269 1287 354 1338 hze
403 1285 649 1337 maxima:
704 1291 759 1336 et
804 1281 1123 1351 principales
1161 1288 1436 1340 vocentur,
1478 1275 1689 1343 sintque
1737 1273 1854 1325 alia;

268 1389 495 1443 quarum
530 1373 686 1426 Iidem
717 1374 903 1441 prima:
932 1386 994 1424 ac
1026 1370 1271 1425 maxim.»
1307 1367 1591 1435 suppleant
1617 1364 1855 1434 proposi-

272 1468 480 1531 tiones,
514 1479 733 1519 necesse
761 1474 843 1516 est
875 1474 930 1515 ut
966 1461 1205 1515 omnium
1236 1474 1352 1527 quae
1383 1457 1706 1519 dubitantnr,
1748 1454 1854 1507 illae

270 1555 693 1623 antiquissimam
746 1562 962 1607 teneant
1008 1552 1396 1620 probationem,
1447 1564 1567 1618 quae
1617 1548 1687 1601 ita
1737 1545 1857 1599 aliis

271 1650 452 1701 facere
478 1645 633 1709 tidem
668 1652 908 1713 possunt,
943 1652 1000 1695 ut
1036 1644 1164 1711 ipsis
1207 1642 1335 1695 nihil
1373 1642 1549 1695 notius
1578 1647 1739 1708 queat
1777 1638 1859 1691 iu-

270 1735 463 1789 veniri.
509 1735 638 1787 Nam
668 1734 712 1787 si
743 1742 1114 1802 argumentum
1142 1742 1222 1785 est
1247 1733 1389 1801 quod
1414 1733 1494 1801 rei
1524 1730 1701 1785 dubia:
1731 1729 1855 1783 facit
1889 1742 1932 1801 Β
1961 1747 2184 1787 necesse
2247 1742 2349 1785 εει.

272 1825 457 1887 Iidem,
482 1826 641 1893 idque
668 1824 845 1877 notius
874 1839 936 1876 ac
960 1822 1291 1892 probabilius
1316 1836 1438 1875 esse
1464 1828 1674 1890 oportet
1698 1835 1768 1889 qu
1785 1834 1856 1873 nm

272 1901 407 1968 illud
438 1923 521 1968 est.
554 1913 696 1983 quod
743 1915 1019 1981 probatur,
1060 1900 1280 1967 necesse
1318 1921 1399 1965 est
1435 1922 1491 1964 ut
1532 1911 1859 1980 argumentis

273 2007 523 2061 omnibus
555 2006 643 2059 illa
677 2006 905 2059 maxima
949 2004 1107 2058 Iidem
1140 2005 1398 2067 tribuant,
1434 2017 1554 2072 quae
1580 2002 1654 2055 ita
1683 2016 1775 2070 per
1801 2015 1859 2054 se

273 2110 402 2153 nota
451 2107 597 2163 sunt,
650 2106 707 2150 ut
754 2098 929 2151 aliena
980 2098 1295 2165 probatione
1340 2110 1445 2149 non
1492 2103 1702 2163 egeant.
1754 2092 1859 2147 Sed

274 2189 581 2260 hujusmodi
616 2188 906 2258 propositio
943 2189 1226 2255 aliquoties
1260 2187 1472 2255 quidem
1517 2188 1654 2240 intra
1683 2185 1858 2237 ambi-

275 2291 388 2334 tum
438 2280 737 2349 argumenti
793 2278 1120 2345 continetur,
1188 2279 1474 2347 aliquoties
1528 2292 1656 2332 vero
1712 2286 1861 2330 extra

276 2374 447 2442 posita
476 2371 777 2440 argumenti
803 2373 943 2425 vires
967 2372 1174 2439 supplet
1203 2384 1265 2423 ac
1291 2370 1514 2439 perﬁcit.
1547 2370 1861 2437 Exemplum

277 2462 493 2531 quidem
532 2473 613 2517 est
649 2463 767 2531 ejus
795 2462 1116 2531 argumenti,
1167 2463 1308 2529 quod
1341 2461 1630 2515 maximam
1674 2474 1867 2528 propo-

277 2556 525 2609 sitionem
559 2562 705 2608 tenet
736 2553 1062 2622 hujusmodi.
1112 2551 1193 2607 Sit
1219 2554 1361 2607 enim
1390 2553 1615 2621 quaestio
1655 2566 1722 2604 an
1754 2565 1867 2605 me-

279 2648 385 2703 lius
414 2648 482 2702 sit
510 2664 729 2717 regnum
760 2648 1038 2702 consulatu
1058 2689 1072 2714 ,
1114 2647 1184 2700 ita
1218 2646 1645 2715 igitur-dicemus
1677 2662 1691 2698 :
1726 2644 1866 2712 [teg-

280 2758 410 2795 nmn
441 2742 743 2795 diuturnius
768 2750 1029 2809 estquam
1056 2738 1399 2801 consulatus,
1431 2752 1552 2791 cum
1586 2746 1869 2803 utrumque

280 2836 355 2888 sit
386 2836 611 2899 bonum;
662 2842 717 2887 at
756 2847 885 2887 vero
925 2831 1068 2901 quod
1110 2829 1413 2884 diuturnius
1454 2836 1537 2882 est
1576 2828 1774 2881 bonum
1805 2840 1870 2879 eo

281 2928 427 2996 quod
466 2935 550 2981 est
594 2926 744 2995 parvi
787 2924 1045 2992 temporis
1086 2923 1276 2975 melius
1304 2930 1381 2974 est
1405 2935 1419 2982 ;
1461 2932 1679 2986 regnum
1713 2917 1871 2984 igitur

284 3019 481 3072 melius
511 3028 593 3072 est
631 3032 790 3086 quam
834 3014 1165 3069 consulatus.
1219 3012 1351 3064 lluic
1378 3010 1540 3079 igitur
1584 3022 1871 3077 argumen-

1953 450 2340 519 qnantitatem,
2396 447 2468 501 ita
2516 447 2599 500 ba:
2644 446 3033 514 propositiones
3084 460 3203 514 qua:
3250 458 3374 500 sunt
3418 462 3532 499 ma-

1953 544 2132 605 ximae,
2164 543 2300 595 intra
2329 555 2388 595 se
2417 555 2630 594 omnem
2664 540 2767 592 vim
2799 539 3151 606 posteriorum
3182 547 3340 606 atque
3365 538 3531 606 ipsius

1953 630 2310 686 conclusionis
2353 628 2788 699 consequentiam
2835 636 3037 690 tenent,
3083 638 3139 682 et
3178 643 3283 681 uno
3312 629 3527 697 quidem

1955 725 2113 778 modo
2145 724 2311 786 locus,
2345 722 2396 775 id
2425 731 2508 777 est
2533 722 2830 790 argumenti
2858 721 3016 776 sedes
3046 722 3239 775 dicitur
3267 725 3524 785 maxima,

1957 814 2263 883 principalis
2275 828 2378 882 que
2396 813 2684 880 propositio
2701 812 2858 865 ﬁdem
2875 812 3082 866 czctcris
3095 813 3527 866 subministrans.

1955 912 2241 993 ﬁlioqvero
2271 907 2430 961 modo
2460 906 2560 961 loci
2596 918 2853 961 vocantur
2897 908 3248 961 maximarum
3278 908 3637 1002 diil'eren-lrﬁ

1958 990 2040 1056 tite
2074 984 2543 1071 ripr’OpOSitionum,’
2584 999 2960 1068 'qti'zif'scnicet
3005 1000 3075 1053 ab
3130 999 3213 1052 his
3266 947 3557 1052 ιΙιιειιιιιιιι·ί

1958 1095 2197 1150 terminis
2229 1084 2411 1162 qui'in
2432 1093 2739 1161 ⁸(ιιιιιιειὶοιιε
2767 1102 2887 1145 ειιιιι
2919 1093 3219 1155 constituti,
3247 1091 3313 1144 de
3341 1090 3532 1159 quibus

1956 1187 2210 1256 deinceps
2237 1186 2603 1241 disserendum
2639 1194 2738 1238 est.
2780 1186 2913 1238 Cum
2954 1185 3097 1238 enim
3144 1184 3250 1239 sint
3289 1184 3532 1253 plin-ima:

1958 1280 2351 1349 propositiones
2399 1292 2519 1346 qua:
2572 1278 2818 1330 maxima:
2864 1285 3140 1339 vocantur,
3194 1276 3382 1344 hasque
3426 1276 3533 1328 sint

1960 1371 2099 1424 inter
2143 1383 2202 1423 se
2241 1368 2548 1431 dissimiles,
2590 1367 2994 1434 quibuscunque
3038 1367 3351 1421 dili‘eremiis
3394 1366 3534 1419 inter

1957 1474 2017 1515 se
2059 1458 2385 1527 discrepant,
2434 1472 2526 1510 eas
2568 1471 2754 1511 omnes
2800 1457 2946 1510 locos
2993 1469 3258 1510 vocamus.
3308 1457 3440 1509 Nam
3486 1457 3531 1510 si

1960 1552 2091 1620 ipsa:
2114 1566 2145 1619 p
2174 1550 2506 1616 apositiones
2537 1549 2782 1601 maxima:
2806 1556 3238 1617 argumentorum
3264 1548 3362 1600 loci
3391 1557 3533 1610 sunt,

1960 1652 2014 1697 et
2063 1642 2392 1697 differentias
2456 1655 2640 1695 earum
2705 1624 3139 1709 argumentorum
3208 1640 3353 1693 locos
3415 1653 3536 1693 esse

2425 1730 2555 1784 Nam
2625 1730 3037 1800 uniuscujusque
3101 1730 3397 1784 substantia
3464 1746 3533 1783 ex

1960 1825 2189 1895 propriis
2237 1823 2555 1878 differentiis
2596 1833 2839 1887 constat,
2891 1834 2949 1876 ut
2989 1823 3219 1875 hominis
3267 1838 3331 1876 ex
3379 1823 3540 1876 ratio-

1960 1918 2351 1985 nalitate,:qu:e
2380 1914 2497 1983 ejus
2526 1924 2607 1967 est
2637 1914 2955 1968 dillerentia.
2988 1914 3048 1967 Et
3084 1914 3134 1966 lii
3169 1912 3266 1967 loci
3295 1914 3382 1981 qui
3415 1922 3539 1964 sunt

1959 2006 2745 2074 dill‘erentiae-propositionum,
2779 2005 2904 2073 ipsis
2938 2004 3390 2072 propositionibus
3425 2004 3540 2056 uui-

1962 2099 2285 2153 versaliores
2336 2099 2596 2159 existunt,
2643 2098 2791 2151 velut
2847 2096 3203 2149 universalior
3249 2106 3334 2150 cst
3382 2096 3540 2149 ratio-

1964 2190 2153 2243 nalitas
2207 2188 2442 2249 homine.
2476 2189 2652 2256 Atque
2700 2189 2821 2241 ideo
2871 2188 3147 2256 pauciores
3186 2203 3307 2242 esse
3351 2188 3542 2256 depre.

1964 2284 2270 2338 ltenduntur
2321 2283 2373 2335 hi
2432 2282 2533 2336 loci
2585 2282 2675 2351 qui
2726 2281 2777 2334 in
2828 2280 3143 2335 diilercntiis
3188 2281 3345 2349 positi
3398 2292 3542 2345 sunt,

1964 2391 2119 2445 quam
2162 2374 2551 2443 propositiones
2599 2375 2726 2441 ipsa:
2767 2388 2992 2442 quarum
3042 2381 3165 2425 sunt
3209 2373 3542 2426 differentiae.

1966 2466 2157 2520 Omnia
2190 2467 2331 2520 enim
2361 2480 2478 2534 qua:
2517 2464 2903 2518 universaliora
2936 2474 3080 2530 sunt,
3126 2466 3371 2532 pauciora
3409 2479 3544 2516 sem-

1968 2572 2064 2626 per
2113 2569 2235 2610 esse
2283 2556 2564 2624 contingt.
2650 2555 2712 2606 Et
2762 2553 2883 2607 ideo
2928 2554 3084 2608 facile
3128 2559 3226 2606 sub
3273 2554 3545 2608 scientiam

1970 2648 2163 2702 cadere
2212 2654 2458 2716 possunt,
2508 2659 2731 2715 quorum
2770 2656 2876 2697 tam
2911 2645 3108 2697 multus
3152 2659 3403 2698 numerus
3447 2659 3546 2698 non

1970 2749 2080 2803 est,
2137 2748 2194 2793 ιιι
2241 2741 2350 2793 εἰιο
2402 2754 2431 2791 a
2483 2738 2740 2792 memoria
2781 2738 3035 2791 discentis
3073 2736 3373 2791 elabantur.
3423 2738 3549 2803 Qum

1974 2846 2106 2886 vero
2161 2840 2284 2885 sunt
2330 2830 2412 2883 huc
2450 2830 2767 2884 ditl'erentiaa
2808 2831 3000 2883 melius
3046 2829 3306 2883 divisione
3360 2831 3549 2898 produ-

1974 2930 2185 2978 cuntur.
2246 2923 2301 2976 In
2342 2920 2705 2991 prazdicativis
2760 2931 2936 2974 autem
2991 2921 3373 2990 quaestionibus
3420 2938 3549 2976 unus

1976 3015 2189 3083 quidem
2222 3014 2492 3081 subjectus
2524 3013 2782 3067 terminus
2814 3013 3028 3079 dicitur,
3053 3014 3189 3067 alius
3218 3014 3552 3081 prmdicatns.

287 3108 475 3162 talioni
507 3110 733 3160 maxima
767 3103 1088 3173 propositio,
1121 3102 1173 3155 id
1201 3110 1285 3156 est
1318 3103 1467 3154 locus
1500 3100 1730 3153 insertus
1769 3107 1871 3163 est,
1902 3096 1947 3155 C
1980 3106 2061 3159 Nil
2102 3104 2300 3174 quippe
2337 3106 2388 3157 in
2423 3103 2781 3172 priedicativis
2812 3104 3196 3172 qumstionibus
3242 3105 3383 3157 aliud
3415 3121 3552 3171 (ιιιιιι.

286 3201 379 3254 illa
421 3200 646 3261 scilicet,
693 3197 1028 3251 diuturniora
1059 3195 1198 3249 bona
1246 3202 1371 3247 sunt
1412 3190 1649 3246 melioris
1698 3190 1873 3245 meriti

288 3306 451 3360 quam
498 3305 563 3344 ea
604 3305 721 3359 qua:
768 3288 915 3357 parvi
956 3294 1082 3341 sunt
1129 3286 1404 3354 temporis.
1456 3284 1566 3337 Hoc
1611 3284 1755 3337 enim
1806 3284 1875 3335 ita

291 3390 477 3435 notum
521 3388 641 3445 est,
692 3387 747 3431 ut
793 3377 1128 3457 εξιιιρε-ες-ιιε
1176 3375 1491 3444 probatione
1541 3389 1649 3426 non
1701 3380 1876 3441 egeat,

292 3481 348 3523 et
380 3470 550 3538 ipsum
581 3471 700 3523 aliis
734 3470 898 3536 possit
939 3482 1059 3521 esse
1091 3466 1357 3535 probatio.
1397 3469 1570 3534 Atque
1615 3463 1735 3517 ideo
1762 3467 1878 3516 haec

294 3561 588 3629 propositio
629 3568 790 3613 tutam
820 3558 1061 3612 continet
1092 3557 1483 3624 probationem,
1522 3563 1577 3607 et
1603 3567 1725 3607 cum
1755 3553 1878 3607 inde

295 3654 536 3725 nascitur
585 3659 979 3721 argumentum,
1012 3659 1160 3705 recte
1190 3649 1358 3717 locus,
1391 3649 1440 3701 id
1468 3656 1551 3701 est
1579 3645 1880 3715 argumenti

297 3745 456 3798 sedes
482 3754 721 3796 vocatur.
756 3741 822 3795 Ut
846 3755 973 3794 vero
1001 3750 1152 3794 extra
1185 3739 1352 3808 posita
1386 3735 1680 3806 pr0positio
1712 3735 1883 3789 maxi-

298 3849 383 3887 ma
433 3834 577 3888 vires
623 3833 811 3887 allerat
871 3840 1223 3901 argumento,
1269 3832 1370 3883 tale
1426 3828 1498 3881 sit
1555 3829 1880 3895 exemplum.

299 3926 381 3979 Sit
430 3923 757 3991 propositum
804 3920 1179 3974 demonstrare
1229 3918 1477 3987 quoniam
1542 3917 1751 3969 invidus
1797 3930 1883 3969 sa-

300 4015 452 4084 piens
510 4029 615 4067 non
678 4024 779 4066 εει.
842 4012 1056 4065 invidus
1108 4019 1190 4064 est
1238 4009 1329 4078 qui
1384 4008 1576 4061 alienis
1633 4006 1885 4075 affligitur

304 4107 493 4171 bonis;
565 4106 780 4174 sapiens
836 4113 1014 4157 autem
1074 4103 1228 4155 bouis
1292 4115 1396 4155 non
1450 4100 1707 4167 afﬂigitur
1759 4099 1886 4152 alie-

303 4198 418 4262 nis;
466 4196 678 4249 invidus
715 4195 874 4263 igitur
913 4193 1129 4261 sapiens
1176 4207 1281 4246 non
1322 4200 1423 4245 est.
1492 4190 1548 4242 lu
1592 4196 1690 4243 hac
1731 4191 1888 4257 igitur

302 4287 764 4356 argumentatione
796 4285 1088 4353 propositio
1127 4283 1341 4353 quidem
1374 4282 1605 4335 maxima
1654 4296 1758 4335 non
1810 4283 1889 4334 vi-

304 4380 461 4434 detur
491 4380 715 4443 inclusa,
745 4379 837 4432 sed
866 4377 1312 4447 argumentationi
1344 4376 1487 4430 vires
1517 4377 1631 4444 ipsa
1657 4377 1889 4429 maxima

936 3444 1115 3457 ﬂ

1978 3196 2115 3250 ritur
2162 3196 2262 3250 nisi
2312 3209 2379 3248 an
2424 3195 2663 3263 subjecto
2709 3196 3026 3263 praedicatus
3072 3196 3348 3249 inhmreat.
3405 3196 3556 3261 Quod

1979 3290 2022 3344 si
2062 3290 2239 3344 inesse
2277 3288 2597 3352 constiterit,
2626 3291 2883 3356 qumritur
2922 3289 3064 3343 itane
3106 3289 3251 3352 insit,
3286 3301 3340 3342 ut
3369 3304 3556 3358 genus,

1981 3391 2071 3435 aut
2113 3380 2393 3444 accidens,
2443 3390 2534 3432 aut
2586 3388 2643 3432 ut
2697 3379 3004 3447 proprium,
3047 3388 3138 3431 aut
3177 3389 3234 3432 ut
3289 3380 3557 3433 dil’tinitio.

1981 3473 2111 3526 Nam
2154 3473 2198 3525 si
2239 3471 2540 3525 ostenditur
2580 3485 2681 3522 noo
2725 3470 2938 3532 inesse,
2979 3470 3047 3523 de
3085 3471 3384 3538 qumstione
3425 3473 3557 3525 nihil

1982 3558 2317 3631 relinquitur.
2397 3560 2525 3614 Nam
2566 3560 2705 3628 quod
2748 3576 2852 3613 non
2895 3562 3069 3623 inest,
3111 3561 3329 3614 omnino
3369 3577 3466 3614 nec
3507 3574 3559 3618 ut

1983 3652 2249 3717 accidens,
2292 3666 2392 3706 nec
2432 3660 2488 3704 ut
2533 3650 2814 3715 diflinitio,
2867 3666 2965 3705 nec
3015 3660 3070 3703 ut
3117 3666 3305 3720 genus,
3358 3668 3456 3706 nec
3505 3664 3560 3709 ut

1986 3744 2258 3813 proprium
2302 3744 2476 3796 inesse
2514 3750 2707 3809 pctest.
2749 3741 2900 3809 Quod
2941 3741 2986 3795 si
3028 3742 3202 3796 inesse
3242 3744 3563 3811 constiterit,

1987 3840 2150 3884 restat
2188 3831 2435 3898 quiestio,
2478 3829 2722 3905 quisnam
2764 3829 2955 3881 modus
2991 3827 3060 3881 sit
3097 3828 3162 3880 de
3200 3838 3426 3895 quatuor
3480 3829 3561 3881 in-

1987 3920 2249 3975 hzcrendi.
2325 3918 2512 3974 Solum
2554 3904 2682 3973 Véi-o
2731 3906 2907 3973 inesse
2946 3906 3011 3973 ad
3050 3920 3298 3974 accidens
3338 3923 3563 3975 maxime

1990 4013 2242 4080 pertinet,
2275 4025 2395 4064 nam
2436 4026 2556 4065 cum
2600 4025 2772 4079 neque
2810 4020 2868 4064 ut
2903 4026 3091 4080 genus,
3126 4026 3300 4079 neque
3336 4021 3392 4066 ut
3430 4012 3567 4064 dil’ti-

1989 4103 2140 4165 n.tio,
2173 4115 2346 4170 neque
2384 4111 2439 4154 ut
2465 4101 2736 4169 proprium
2779 4103 2936 4166 inest,
2961 4103 3053 4155 sed
3097 4103 3234 4155 inest
3272 4110 3471 4166 tamen,
3514 4111 3565 4161 ut

1988 4192 2234 4249 accidens
2261 4194 2437 4246 inesse
2462 4206 2682 4246 necesse
2712 4201 2813 4247 est.
2843 4195 2971 4258 Quae
2993 4209 3111 4248 cum
3138 4195 3206 4247 ita
3230 4196 3355 4260 sint,
3384 4198 3567 4251 eorn'nt

1990 4289 2226 4342 locorum
2267 4302 2400 4356 quos
2438 4288 2491 4340 in
2536 4288 2889 4341 maximarum
2946 4290 3365 4358 propositionum
3418 4291 3568 4345 (ιιιιως

1991 4382 2161 4435 rentia
2190 4379 2567 4434 constituimus
2595 4379 2835 4433 facienda
2870 4380 3060 4433 divisio
3088 4391 3190 4435 εει.
3237 4383 3336 4435 l’er
3364 4384 3569 4449 singula

305 4469 689 4524 subministrat.
740 4469 835 4522 Est
870 4470 1015 4522 enim
1046 4469 1167 4522 huic
1206 4468 1517 4539 syllogismo
1551 4469 1680 4519 lides
1721 4482 1785 4519 ex
1826 4482 1887 4520 ea
1919 4460 1966 4518 D
1995 4488 2121 4527 vero
2184 4487 2407 4541 quicque
2472 4471 2812 4525 currentibus
2892 4472 3226 4528 manifestius
3299 4474 3570 4542 apparebit

306 4560 671 4629 propositione
695 4574 789 4627 per
815 4574 970 4628 quam
998 4562 1402 4630 Cttgl’lOSCimUS,
1434 4572 1656 4627 quorum
1682 4558 1889 4611 diversa

306 4660 391 4706 est
417 4650 683 4713 dil‘tinitio,
711 4652 824 4719 ipsa
857 4636 1306 4720 quoque'divcrsa
1335 4665 1475 4705 esse.
1510 4652 1603 4704 Est
1631 4662 1805 4703 autem
1840 4649 1888 4701 in

306 4742 624 4796 diiiinitione
677 4741 876 4807 invidi,
929 4742 1116 4797 alienis
1173 4743 1327 4797 bonis
1380 4742 1686 4807 tabescere,
1752 4740 1891 4808 quod

308 4834 557 4901 quoniam
607 4847 711 4885 non
760 4832 904 4885 venit
954 4833 1006 4884 in
1054 4832 1380 4901 sapientem,
1434 4831 1631 4885 ideirco
1673 4838 1892 4899 sapiens

307 4926 376 4978 ab
415 4924 594 4978 invido
632 4925 949 4993 sejungitur.
998 4924 1091 4977 Est
1135 4925 1294 4993 igitur
1335 4939 1441 4977 uno
1482 4925 1694 4993 quidem
1728 4924 1887 4977 modo

310 5020 458 5073 locus
513 5021 593 5088 (ut
650 5018 851 5073 dictum
907 5016 1011 5085 cst)
1069 5018 1299 5069 maxima
1358 5027 1413 5071 et
1467 5018 1803 5082 universalis,
1838 5026 1891 5071 et

309 5109 641 5177 principalis,
674 5116 725 5163 et
777 5108 1290 5173 indemonstrabilis,
1324 5117 1481 5175 atque
1528 5124 1622 5176 per
1666 5125 1724 5163 se
1766 5122 1888 5163 nota

311 5199 646 5267 propositio,
698 5212 817 5266 qua:
864 5198 917 5251 in
966 5197 1555 5266 argumentationibus,
1613 5200 1693 5253 vel
1751 5200 1890 5252 inter

312 5291 453 5357 ipsas
473 5290 885 5359 propositiones,
910 5288 1343 5343 velextrinsecns
1369 5288 1556 5356 posita,
1580 5289 1688 5343 vim
1714 5302 1887 5344 tamen

292 5384 644 5453 argumentis
699 5393 753 5437 et
808 5382 1260 5451 prepositionibus
1313 5382 1704 5436 subministrat.
1768 5383 1892 5437 Ideo

310 5487 360 5529 et
405 5475 731 5529 universales
788 5483 843 5529 et
891 5476 1136 5527 maximae
1190 5473 1579 5542 propositiones
1628 5473 1727 5528 loci
1770 5482 1893 5528 sunt

311 5567 499 5631 dictze,
554 5566 801 5636 quoniam
852 5566 980 5633 ipsa:
1035 5575 1159 5619 sunt
1210 5581 1329 5633 quae
1366 5565 1892 5621 continentczeteras

319 5660 745 5725 propositiones,
801 5668 853 5714 et
902 5674 997 5725 per
1039 5671 1133 5712 eas
1181 5658 1237 5712 ﬁt
1281 5668 1616 5725 consequens
1672 5666 1727 5714 et
1776 5666 1888 5711 rata

1988 4565 2255 4631 exemplo,
2298 4562 2438 4633 qttod
2474 4565 2720 4616 maxima:
2763 4563 3159 4632 propositiones
3199 4580 3227 4617 a
3268 4566 3379 4619 suis
3417 4554 3572 4618 dill‘eé

1988 4654 2176 4709 rcntiis
2238 4654 2458 4707 distent.
2530 4654 2736 4706 Etenim
2806 4653 3167 4721 qumstiones,
3236 4668 3572 4726 argumenta,

1992 4744 2384 4814 propositiones
2415 4746 2675 4798 maximas
2705 4759 2767 4798 ac
2797 4746 3140 4815 principales,
3168 4749 3335 4812 locos,
3365 4765 3573 4802 carum-

1993 4852 2098 4905 que
2144 4834 2492 4897 dill‘ercntias,
2522 4850 2616 4904 per
2647 4836 3063 4906 unumquodque
3106 4838 3350 4892 dabimus
3392 4854 3574 4894 exem-

1998 4929 2166 4997 plum.
2208 4929 2409 4982 Omnes
2450 4928 2610 4997 igitur
2649 4928 2775 4993 loci,
2816 4930 2865 4982 id
2906 4940 2989 4984 est
3028 4933 3375 4985 maximarum
3419 4932 3572 4986 dilic-

1997 5022 2181 5074 rentia:
2220 5021 2666 5088 propositionum,
2698 5030 2786 5075 aut
2827 5023 2894 5076 ab
2933 5022 2964 5074 h
2990 5037 3016 5076 s
3054 5024 3316 5076 ducantur
3356 5038 3576 5078 necesse

1996 5119 2078 5164 est
2107 5111 2349 5165 terminis
2379 5113 2465 5181 qui
2516 5112 2568 5164 in
2599 5113 2891 5180 quiestione
2929 5121 3054 5166 sunt
3081 5113 3259 5181 positi,
3291 5114 3577 5182 praedicatio

1997 5206 2198 5257 scilicet
2236 5215 2395 5273 atque
2424 5204 2685 5273 subjecto,
2719 5214 2811 5258 aut
2838 5206 3170 5259 extrinsecus
3213 5217 3575 5273 assumantur,

1997 5301 2084 5346 aut
2145 5294 2333 5347 borum
2400 5296 2562 5349 medii
2626 5297 2715 5365 qui
2777 5298 2916 5349 inter
2976 5305 3232 5364 utrosque
3273 5310 3575 5354 versantur.

1998 5384 2196 5439 Eurum
2237 5401 2363 5441 vero
2404 5387 2640 5440 lucorum
2675 5387 2761 5453 qui
2819 5389 2886 5439 ab
2917 5387 2996 5439 his
3025 5385 3295 5441 ducuntur
3334 5391 3578 5443 terminis

1997 5477 2064 5531 de
2129 5478 2319 5546 quibus
2395 5479 2444 5531 in
2508 5480 2801 5548 quaestione
2867 5477 3173 5542 dubitatur,
3236 5477 3432 5548 duplex
3495 5487 3578 5532 est

1995 5568 2184 5622 modus
2226 5585 2239 5621 :
2290 5584 2425 5623 unus
2466 5569 2677 5638 quidem
2720 5568 2787 5621 ab
2827 5569 3013 5622 eorum
3069 5571 3395 5637 substantia,
3444 5573 3580 5627 alter

1995 5677 2122 5717 vero
2161 5661 2227 5717 ab
2267 5661 2345 5716 bis
2384 5677 2496 5729 qnzc
2537 5662 2883 5715 substantiam
2925 5675 3109 5715 eorum
3159 5668 3574 5733 consequuntur;
