4036 6336
467 193 593 249 1187

1686 185 1794 263 AN.
1836 184 2038 241 MANL.
2080 184 2227 241 SEV.
2263 181 2483 238 BOETII

3585 186 3720 239 ιεε

463 306 528 359 lli
576 316 703 358 vero
746 301 835 370 qui
885 315 915 354 a
957 292 1249 353 substantia
1294 306 1439 363 sunt,
1472 299 1522 353 in
1566 298 1677 353 sola
1719 297 2038 355 diffiuitione
2065 307 2115 364 Α
2141 301 2283 355 εηῑιη
2303 315 2406 353 ηοη
2427 300 2672 355 diffinitio
2697 302 2792 366 rei,
2815 302 2907 357 sed
2933 300 3543 370 nominisinterpretatio
3565 315 3717 369 argu-

462 397 783 450 eonsistunt.
855 390 1104 444 Diffluitio
1149 390 1291 444 enim
1346 391 1697 445 substantiam
1750 403 2029 458 monstrat,

466 496 522 540 ει
545 482 855 538 substantia:
878 483 1076 547 integra
1108 480 1493 533 demonstratio
1521 480 1769 534 diffinitio
1792 492 1892 535 est.
1929 483 2033 536 Sed

465 576 518 628 id
548 573 685 641 quod
731 571 954 624 dicimus
994 558 1373 637 patefaciamus
1411 569 1706 637 exemplis,
1754 579 1813 623 ut
1860 572 2036 625 omnis

467 664 956 733 quaestionum,vel
995 667 1537 731 argumentationum,
1570 665 1651 719 vel
1683 665 1919 718 locorum
1952 681 2039 718 ra-

465 758 542 809 tio
567 756 933 823 colliqttescat.
969 755 1078 823 Age
1106 757 1247 807 enim
1279 765 1548 822 quaeratur
1573 770 1639 807 an
1672 756 1892 808 arbores
1922 756 2039 807 atti-

470 844 626 898 tnalia
672 845 813 907 sint,
853 844 1048 912 fiatque
1092 845 1390 912 hujusmodi
1433 845 1808 919 syllogismus:
1842 845 2036 898 animal

466 945 547 989 est
585 935 876 988 substantia
925 936 1158 1007 animata
1206 935 1500 994 sensibilis;
1546 936 1708 988 arbor
1746 951 1871 989 vero
1912 936 2039 989 sub-

468 1025 659 1078 stantia
686 1029 913 1077 animata
947 1026 1215 1079 sensibilis
1257 1042 1359 1078 noti
1389 1036 1501 1087 est;
1533 1014 1695 1078 arbor
1725 1025 1885 1093 igitur
1926 1028 2040 1079 ani.

469 1116 570 1167 mal
600 1129 703 1168 non
728 1124 831 1168 est.
857 1115 981 1169 [lace
1006 1115 1072 1168 de
1099 1130 1293 1184 genere
1318 1118 1540 1183 quaestio
1566 1127 1666 1179 est,
1693 1125 1866 1168 utrum
1895 1122 2072 1172 enim.

468 1204 689 1256 arbores
718 1206 818 1257 sub
848 1206 1156 1258 animalium
1186 1220 1380 1273 genere
1412 1207 1670 1273 ponenda:
1713 1209 1819 1259 sint
1847 1210 2042 1275 quaeri-

471 1302 573 1345 tur.
622 1292 792 1346 Locus
821 1294 909 1361 qui
947 1295 1000 1347 in
1041 1295 1325 1348 universali
1370 1295 1734 1364 propositione
1772 1298 2038 1360 CODSialil,

472 1382 557 1434 hic
586 1391 666 1434 est
692 1384 774 1434 cui
821 1386 1032 1451 generis
1070 1384 1317 1438 dil'finitio
1357 1402 1463 1438 tton
1509 1387 1785 1448 convenit;
1833 1386 1882 1439 id
1924 1401 2041 1453 ejus

469 1476 620 1542 cujus
648 1491 707 1529 ea
737 1476 984 1530 diffinitio
1006 1491 1109 1542 est,
1139 1481 1346 1545 Species
1373 1494 1477 1532 non
1509 1489 1610 1533 est.
1643 1479 1770 1533 Loci
1800 1481 2042 1548 superior

469 1566 793 1630 differentia,
823 1570 911 1635 qui
942 1570 1088 1624 locus
1119 1571 1461 1624 nihilominus
1496 1582 1829 1639 nuncupatur
1856 1587 1885 1624 a
1908 1574 2045 1625 uilli-

2140 403 2376 445 mentum
2396 390 2563 455 dedit,
2586 406 2690 459 quo
2708 392 2912 447 'l‘ullius
2935 395 3093 448 etiam
3115 393 3168 446 in
3195 392 3478 447 Hortensio
3501 392 3556 446 in
3572 391 3687 460 ejus
3701 421 3722 431 ο

2137 482 2255 534 dem
2278 482 2628 550 plrilosttphim
2645 497 2769 537 usus
2786 494 2868 537 est
2891 483 3217 549 defensione,
3234 492 3287 538 et
3305 493 3523 538 vocatur
3540 503 3604 554 gr
3622 500 3719 534 rce

2138 573 2347 641 quidem
2381 574 2676 641 ὀνομαστικός·
2720 572 2855 648 ὄρος,
2890 573 3051 628 latine
3077 584 3253 628 autem
3286 572 3517 627 nominis
3551 585 3728 621 tuter—

2142 662 2389 727 pretatio.
2418 663 2493 714 Ac
2525 662 2590 714 de
2618 662 2699 716 ltis
2721 664 2934 731 quidem
2977 666 3302 733 argumentis
3338 679 3458 732 quas
3486 678 3551 717 ex
3586 663 3726 715 sub—

2139 756 2332 804 sutntia
2353 754 2699 806 tertninorum
2723 756 2776 805 in
2792 755 3401 822 qtnestione'positorum
3426 769 3727 807 assumun-

2141 841 2422 904 tur,claris
2445 844 2462 909 (
2488 852 2543 894 ut
2568 844 2835 912 arbitror)
2868 842 3214 911 patefecimus
3244 843 3525 912 exemplis.
3561 843 3723 896 Nunc

2139 931 2207 984 de
2233 931 2313 983 his
2328 933 2611 985 dicendum
2633 932 2820 1000 estqui
2846 934 3191 986 terminorum
3213 932 3565 986 substantiam
3591 947 3728 986 con-

2142 1033 2455 1089 sequuntur.
2484 1021 2681 1075 llorum
2710 1023 2993 1075 multifaria
3025 1032 3107 1075 est
3133 1022 3389 1091 diversio,
3417 1025 3569 1092 plura
3595 1033 3727 1075 sunt

2142 1114 2283 1165 enim
2325 1127 2445 1181 qum
2482 1113 2792 1166 substantiis
2833 1114 3053 1181 singulis
3097 1115 3493 1168 adhaerescunt.
3525 1116 3611 1168 Ab
3636 1114 3725 1166 his

2145 1206 2303 1273 igitur
2332 1220 2451 1273 qua:
2489 1205 2771 1274 cujuslibet
2817 1207 3163 1259 substantiam
3209 1208 3532 1260 comitantur
3561 1222 3726 1275 arguo

2163 1308 2322 1351 nenta
2345 1298 2466 1350 duri
2491 1299 2691 1363 solent,
2728 1306 2818 1350 aut
2858 1313 2920 1351 ex
2958 1306 3089 1363 toto,
3121 1306 3212 1350 aut
3239 1315 3302 1351 ex
3331 1300 3595 1369 partibus,
3630 1309 3724 1353 aut

2180 1403 2205 1439 κ
2233 1387 2410 1440 causis
2436 1388 2521 1440 vel
2563 1403 2592 1440 e
2616 1386 2933 1449 ficientibus,
2968 1391 3050 1441 vel
3084 1388 3326 1451 materia,
3373 1390 3455 1443 vel
3489 1390 3719 1442 naturali

2164 1481 2333 1538 'orma,
2368 1478 2451 1531 vel
2483 1479 2607 1542 fine,
2637 1488 2690 1531 et
2726 1490 2809 1531 est
2848 1478 3087 1532 efficiens
3126 1480 3366 1547 quaedam
3410 1494 3570 1533 causa
3597 1495 3722 1547 qua:

2145 1570 2321 1622 fumet
2354 1578 2513 1638 atque
2538 1581 2811 1638 operatur,
2846 1579 2902 1622 ut
2929 1570 3123 1638 aliquid
3154 1570 3469 1639 explicetur.
3504 1573 3721 1643 nam:

470 1658 692 1711 nitione.
766 1658 923 1712 Vides
976 1662 1133 1727 igitur
1177 1671 1231 1714 ut
1278 1672 1381 1714 tota
1430 1662 1689 1716 dubitatio
1737 1664 2047 1731 quaestionis
2076 1668 2123 1725 Β
2152 1676 2278 1714 vero
2307 1677 2369 1714 ex
2403 1677 2505 1729 qua
2536 1661 2593 1713 fit
2621 1662 2842 1729 aliquid,
2874 1664 2952 1714 vel
2977 1662 3028 1714 in
3059 1676 3163 1729 qua
3207 1662 3280 1714 fit.
3316 1661 3461 1715 Finis
3500 1674 3724 1730 propter

470 1748 762 1816 syllogismi
817 1754 1272 1817 argumentatione
1321 1762 1543 1806 tractata
1590 1756 1660 1807 sit
1701 1770 1794 1822 per
1843 1770 2043 1807 conve-

470 1840 675 1891 nientes
714 1850 767 1889 et
804 1853 1065 1907 congruas
1110 1843 1526 1909 propositiones,
1575 1859 1695 1912 qute
1738 1848 1842 1897 vim
1892 1860 2042 1898 suam

472 1942 536 1980 ex
566 1930 732 1996 prima
763 1940 816 1982 et
855 1930 1080 1983 tttaxima
1114 1932 1473 2000 propositione
1514 1934 1850 1998 custodiunt,
1882 1951 1949 1988 ex
1980 1951 2043 1989 ea

472 2019 676 2072 scilicet
720 2036 837 2087 qua:
880 2034 1033 2090 negat
1080 2038 1199 2077 esse
1244 2026 1498 2092 Speciem,
1532 2027 1754 2080 cni’non
1795 2029 2046 2083 convenit

473 2110 680 2176 generis
725 2110 991 2175 diflinitio,
1037 2120 1196 2181 atque
1244 2115 1355 2180 ipsa
1400 2116 1712 2169 universalis
1751 2120 2046 2186 propositio

472 2216 501 2254 a
536 2204 828 2258 substantia
881 2215 1046 2259 tracta
1086 2216 1168 2260 est
1208 2209 1362 2261 unius
1402 2224 1585 2261 eorum
1621 2213 1829 2263 termini
1859 2212 1947 2280 qui
1992 2213 2043 2264 itt

472 2295 764 2359 quaestione
809 2296 964 2349 locati
1006 2306 1159 2362 sunt,
1201 2310 1257 2350 ut
1300 2299 1566 2361 animalis,
1612 2299 1661 2352 id
1691 2309 1794 2365 est,
1835 2302 1903 2353 ab
1928 2300 2045 2369 ejus

473 2382 788 2437 diffinitione
839 2400 956 2453 quae
1002 2396 1084 2439 est
1131 2388 1425 2440 substantia
1477 2388 1708 2442 animata
1756 2390 2043 2446 sensibilis.

474 2472 547 2527 Ita
579 2474 735 2541 igitur
761 2477 812 2527 itt
836 2476 1041 2533 caeteris
1064 2478 1445 2545 quacsnonibus
1476 2479 1700 2533 strictim
1731 2496 1793 2534 ac
1815 2481 2048 2536 breviter

473 2565 707 2619 locorum
750 2567 1064 2623 differentiis
1108 2574 1556 2637 commemoratis,
1606 2584 1818 2642 oportet
1865 2576 2050 2631 unius-

474 2657 732 2728 cujusque
788 2661 1163 2729 proprietatem
1231 2665 1499 2731 vigilantis
1556 2667 1718 2720 anitni
1775 2669 2049 2724 alacritate

474 2752 766 2819 percipere.
805 2754 967 2823 llnjus
999 2767 1170 2810 autem
1205 2758 1304 2810 loci
1336 2758 1421 2825 qui
1472 2773 1501 2810 a
1554 2760 1849 2813 substantia
1900 2761 2049 2815 duci-

477 2852 563 2895 tur
589 2842 781 2912 duplex
812 2853 895 2903 est
924 2847 1115 2899 modus
1140 2863 1153 2898 :
1183 2848 1371 2910 partim
1403 2862 1630 2916 namque
1652 2865 1680 2900 a
1708 2849 2045 2917 diffinjtimte,

475 2932 662 3007 partim
714 2947 742 2984 a
784 2934 1138 3003 descriptione
1177 2946 1485 3003 argumenta
1531 2941 1814 2993 ducuntur.
1867 2941 2050 2996 Diﬂ'ert

2149 1755 2289 1821 quod
2333 1753 2408 1806 fit.
2440 1754 2576 1808 Sunt
2604 1754 2762 1807 etiam
2806 1758 2945 1808 inter
2968 1769 3062 1809 eos
3104 1755 3248 1809 locos
3275 1757 3365 1824 qui
3409 1771 3475 1810 ex
3507 1758 3587 1809 bis
3626 1771 3722 1809 5::-

2150 1852 2366 1896 muntur
2399 1858 2522 1912 qua:
2569 1845 2919 1897 substantiam
2967 1856 3387 1911 consequuntur,
3418 1853 3509 1897 aut
3550 1846 3617 1898 ab
3642 1845 3725 1899 ef.

2151 1931 2393 1995 fect‘tbus,
2443 1935 2532 1984 aut
2570 1946 2598 1984 a
2644 1933 3099 2002 corruptionibus,
3143 1942 3234 1986 aut
3278 1934 3348 1987 ab
3393 1936 3597 2000 usibus,
3632 1942 3725 1988 aut

2150 2029 2343 2089 prattcr
2373 2022 2469 2074 hos
2497 2035 2684 2074 omnes
2711 2035 2740 2074 a
2764 2024 3127 2075 communiter
3165 2023 3547 2077 accidentibus.
3591 2023 3726 2089 Quae

2147 2126 2267 2165 cum
2295 2111 2364 2165 ita
2389 2114 2518 2175 sint,
2546 2127 2666 2165 eum
2698 2112 2842 2179 prius
2872 2114 3045 2166 locum
3067 2113 3153 2181 qui
3188 2129 3214 2164 a
3246 2120 3360 2167 toto
3390 2112 3448 2165 fit
3471 2112 3727 2180 inspicia—

3112 2186 3525 2206 κώμη...-

2148 2218 2287 2258 mus.
2323 2204 2512 2257 Totum
2537 2190 2743 2267 duobus
2786 2193 2955 2257 modis
2986 2204 3090 2257 dICl
3132 2204 3288 2268 solet,
3320 2214 3411 2256 aut
3442 2213 3500 2257 ut
3528 2220 3725 2273 genus,

2148 2306 2239 2348 aut
2269 2304 2324 2347 ut
2368 2294 2418 2347 id
2444 2295 2585 2363 quod
2620 2296 2885 2363 integrum
2929 2310 2995 2349 ex
3041 2296 3283 2363 pluribus
3311 2295 3552 2362 partibus
3595 2310 3731 2348 con-

2149 2393 2272 2439 smt.
2308 2385 2373 2440 Et
2413 2385 2545 2439 illud
2576 2385 2785 2452 quidem
2814 2386 2955 2455 quod
2988 2394 3041 2439 ut
3080 2401 3249 2454 genus
3275 2394 3444 2439 totum
3476 2393 3584 2447 est,
3621 2387 3729 2437 hoc

2150 2475 2309 2529 modo
2344 2490 2489 2544 sarpe
2526 2476 2910 2543 quaestionibus
2952 2483 3260 2543 argumenta
3310 2476 3640 2544 suppeditat,
3670 2486 3732 2528 ut

2149 2566 2194 2619 si
2226 2565 2293 2619 sit
2331 2566 2557 2634 quastio
2592 2580 2660 2619 an
2704 2566 2907 2633 justitia
2938 2566 3082 2619 utilis
3124 2565 3216 2633 sit,
3250 2564 3309 2618 fit
3336 2566 3681 2634 syllogismus
3711 2580 3726 2617 :

2149 2658 2325 2713 omnis
2374 2659 2541 2710 virtus
2582 2658 2727 2709 utilis
2771 2667 2873 2720 est,
2913 2657 3119 2726 justitia
3151 2656 3318 2709 virtus
3364 2666 3465 2719 est,
3518 2656 3731 2722 justitia

2150 2750 2313 2820 igitur
2343 2748 2485 2802 utilis
2507 2757 2609 2802 est.
2655 2748 2749 2801 llic
2778 2757 2861 2801 est
2895 2748 3119 2815 quaastio
3144 2747 3211 2801 de
3233 2746 3519 2810 accidenti,
3551 2747 3605 2800 id
3646 2758 3732 2799 est

2150 2856 2218 2894 an
2264 2839 2471 2892 accidat
2518 2839 2737 2906 justitia:
2799 2838 3018 2891 utilitas.
3070 2838 3239 2891 Locus
3290 2845 3373 2890 est
3422 2836 3467 2890 is
3520 2836 3613 2903 qui
3665 2837 3722 2888 iu

2153 2932 2380 2985 maxima
2427 2928 2786 2997 propositione
2829 2928 3076 2981 consistit
3105 2946 3117 2980 :
3146 2926 3491 3007 (ungagenetj
3530 2926 3735 2980 adsunt

3296 2186 3525 2206 Ἢ

476 3004 651 3075 autem
678 3021 926 3076 diffinitio
963 3002 991 3077 a
1028 3002 1406 3093 descriptione,
1440 3029 1580 3096 quod
1611 3030 1859 3084 diffiuitio
1884 3046 2046 3100 genus

2155 3019 2353 3092 speciei.
2372 3017 2771 3093 adsunt.‘llttjus
2800 3020 3044 3086 superior
3073 3018 3220 3071 locus
3248 3028 3331 3071 est
3355 3002 3733 3083 ξίιοῖὁᾟῖει

476 3126 538 3165 ac
582 3112 910 3166 differentias
966 3118 1155 3179 sumit,
1221 3116 1515 3185 descriptio
1578 3121 1800 3188 subjecti
1855 3124 2049 3178 intelli-

477 3206 707 3271 gentiam
758 3207 977 3270 claudit,
1022 3209 1339 3276 quibusdam
1389 3213 1468 3264 vel
1518 3214 1883 3269 accidentibus
1928 3216 2047 3269 effi-

477 3296 742 3348 cientibus
796 3312 952 3349 unatn
1000 3302 1414 3367 proprietatem,
1471 3304 1552 3357 vel
1608 3306 2049 3364 substantialtbus

475 3386 791 3441 differentiis
858 3398 1051 3457 praeter
1112 3394 1435 3447 conveniens
1496 3410 1664 3463 genus
1724 3404 2046 3469 aggregatis.

475 3477 582 3533 Sed
638 3480 720 3532 hae
776 3479 1125 3536 diffinitiones
1178 3500 1295 3552 qua:
1348 3486 1416 3538 ab
1470 3490 1836 3545 accidentibus
1893 3493 2044 3558 fiunt,

476 3570 683 3645 tametsi
725 3570 977 3625 videntur
1023 3574 1169 3628 nullo
1214 3576 1375 3629 modo
1423 3578 1773 3634 substantiam
1827 3584 2049 3636 demon-

474 3672 665 3730 strare,
697 3672 873 3717 tamen
918 3666 1165 3734 quoniam
1204 3681 1347 3737 saepe
1390 3684 1531 3723 verte
1567 3672 1901 3729 diffinitiouis
1932 3676 2048 3729 vice

474 3762 762 3820 ponuntur,
790 3771 906 3823 quae
936 3756 1279 3811 substantiam
1312 3760 1707 3827 demonstrant,
1740 3765 1845 3819 illa:
1886 3767 2045 3820 etiam

473 3843 817 3912 probationes
845 3861 962 3914 qua:
1011 3862 1040 3899 a
1086 3847 1447 3915 descriptimte
1491 3865 1791 3921 sumuntur,
1839 3870 1868 3909 a
1917 3857 2047 3911 Stib-

474 3935 685 3993 stantite
734 3934 851 3988 loco
891 3935 1139 3990 videntur
1164 3941 1413 4009 Cassumi;
1464 3940 1619 4008 hujus
1667 3960 1795 3996 vero
1837 3947 1939 3998 tale
1980 3947 2047 4000 sit

475 4024 798 4092 exemplum.
828 4028 1107 4091 Quaeratur
1143 4028 1285 4080 enim
1318 4044 1385 4082 an
1416 4029 1606 4083 albedo
1638 4033 1933 4087 Substantia
1954 4036 2043 4100 sit,

475 4112 565 4167 hic
596 4115 848 4182 quaeritur
877 4130 943 4168 an
972 4116 1159 4170 albedo
1198 4118 1507 4171 substantite
1538 4122 1684 4174 velut
1712 4127 1890 4191 generi
1922 4139 2049 4193 sup-

476 4214 721 4268 ponatur.
754 4203 987 4257 Dieimus
1015 4204 1170 4272 igitur
1193 4222 1206 4260 :
1228 4208 1517 4262 substantia
1550 4222 1631 4263 est
1657 4227 1773 4279 quae
1803 4215 2049 4270 omnibus

477 4292 833 4348 accidentibus
883 4298 1047 4363 posit
1088 4313 1205 4351 esse
1250 4299 1583 4367 subjectum;
1635 4303 1825 4358 albedo
1870 4315 2047 4360 autem

2157 3128 2185 3165 a
2222 3125 2454 3182 genere,
2488 3111 2655 3163 virtus
2703 3109 2927 3174 scilicet,
2972 3125 3090 3178 qua:
3131 3109 3353 3177 justitia:
3394 3123 3568 3178 genus
3621 3118 3730 3162 est.

2154 3206 2355 3257 ltursus
2386 3203 2458 3255 sit
2499 3202 2728 3270 qumstio
2769 3217 2835 3253 an
2879 3201 3125 3254 humana:
3149 3217 3235 3253 res
3273 3200 3613 3253 Providentia
3643 3214 3734 3251 re-

2151 3304 2363 3362 gantur,
2418 3291 2658 3344 dicemus
2695 3307 2709 3344 :
2745 3290 2791 3344 si
2832 3290 3060 3343 mundus
3110 3286 3451 3342 Providentia
3500 3288 3729 3356 regitur,

2152 3383 2394 3437 homines
2435 3391 2611 3435 autem
2659 3391 2834 3451 partes
2862 3382 3046 3435 mundi
3088 3388 3234 3443 sont,
3271 3379 3517 3432 humana:
3568 3380 3731 3446 igitur

2151 3492 2237 3531 res
2269 3476 2608 3531 Providentia
2625 3485 2894 3545 reguntur.
2919 3476 3152 3540 Quaestio
3172 3475 3237 3529 de
3259 3475 3521 3529 accidenti
3542 3475 3729 3529 locus:

2151 3567 2291 3636 quod
2336 3568 2429 3619 toti
2460 3568 2733 3628 convenit,
2781 3568 2830 3619 id
2860 3570 3106 3635 congrua
3141 3575 3191 3619 et
3222 3565 3385 3634 parti.
3424 3565 3729 3633 Supremas

2152 3656 2301 3711 locus
2322 3671 2351 3708 a
2386 3666 2519 3721 toto,
2547 3657 2595 3709 id
2620 3665 2704 3710 est
2727 3657 2796 3710 ab
2822 3657 3031 3725 integro
3048 3656 3188 3725 quod
3215 3656 3453 3723 partibus
3469 3664 3724 3709 constat:

2153 3746 2206 3799 id
2231 3762 2354 3800 vero
2376 3750 2604 3799 mundus
2633 3756 2733 3809 est,
2764 3747 2855 3815 qui
2888 3746 3190 3799 hominibus
3222 3753 3390 3799 totum
3418 3743 3587 3799 est.A
3610 3759 3731 3811 par—

2153 3837 2296 3890 tibus
2323 3838 2486 3890 etiam
2516 3837 2724 3891 duobus
2761 3838 2933 3892 modis
2959 3847 3269 3907 argumenta
3297 3845 3606 3901 nascuntur,
3632 3847 3727 3888 aut

2149 3929 2293 3981 enim
2333 3927 2610 4003 {generis
2636 3929 2896 4003 partibus
2948 3944 3065 3994 qu;e
3111 3936 3237 3981 sunt
3279 3928 3511 3999 species,
3534 3935 3630 3979 aut
3656 3927 3727 3978 ab

2152 4020 2364 4087 integri,
2397 4019 2447 4072 id
2477 4028 2560 4072 est
2588 4002 2902 4088 totiuquuae
2931 4004 3106 4087 partes
3144 4004 3348 4072 tantum
3394 4018 3613 4087 proprio
3637 4032 3733 4068 vo-

2150 4110 2342 4166 cabulo
2366 4121 2769 4179 nuncupantur,
2799 4121 2852 4164 et
2878 4110 2945 4163 de
2973 4110 3054 4162 bis
3080 4110 3294 4178 quidem
3333 4109 3577 4176 partibus
3603 4121 3725 4173 quae

2151 4202 2359 4271 species
2386 4210 2514 4254 sunt
2538 4201 2638 4255 hoc
2662 4201 2920 4254 modotsit
2946 4202 3191 4269 quaestio,
3234 4215 3301 4254 an
3333 4200 3503 4252 virtus
3531 4199 3732 4251 tuentis

2152 4291 2289 4345 bene
2331 4292 2638 4343 constitutae
2667 4292 2738 4344 sit
2766 4291 3003 4344 habitus.
3032 4291 3267 4356 Quae-tio
3300 4298 3387 4342 est
3422 4289 3492 4343 de
3523 4288 3731 4342 diffini-

477 4384 635 4437 nullis
665 4385 1025 4440 accidentibus
1054 4389 1539 4455 subjacet;alhedo
1569 4394 1727 4459 igitur
1755 4397 2047 4449 substantia
2080 4401 2126 4459 Ι)
2156 4383 2337 4444 "me.
2390 4380 2442 4433 id
2497 4390 2580 4434 εει
2624 4396 2689 4434 an
2737 4380 2948 4434 ίιθδίῑυδ
2992 4382 3185 4434 melius
3240 4388 3376 4433 bene
3424 4381 3733 4432 consum-13

477 4488 582 4526 non
622 4486 721 4528 est.
767 4475 958 4543 Locus,
1011 4478 1061 4531 id
1106 4490 1205 4542 est,
1250 4483 1479 4533 maxima
1528 4485 1818 4550 propositio
1859 4488 2048 4543 eadem

477 4579 594 4630 qua:
647 4568 909 4633 superius.
972 4566 1132 4636 Cujus
1162 4571 1302 4624 enim
1357 4571 1605 4627 diffinitio
1636 4577 1715 4630 vel
1762 4579 2048 4648 descriptio

476 4657 523 4710 ei
559 4658 698 4726 quod
741 4658 934 4713 dicitur
975 4662 1178 4728 species
1219 4678 1337 4716 esse
1378 4679 1479 4718 non
1508 4669 1791 4732 conVenit,
1842 4669 1892 4722 id
1931 4670 2048 4738 ejus

475 4750 615 4816 quod
647 4751 851 4818 species
880 4765 999 4804 esse
1029 4752 1335 4818 perhibetur
1363 4768 1531 4821 genus
1567 4772 1671 4810 non
1704 4767 1807 4811 est.
1838 4760 2049 4814 Descri-

475 4842 584 4909 ptio
619 4856 746 4894 vcro
776 4842 1085 4896 substantia:
1127 4843 1358 4897 albedini
1399 4861 1504 4899 non
1546 4848 1813 4913 convenit,
1852 4852 2046 4906 albedo

476 4930 636 4998 igitur
663 4931 956 4983 substantia
987 4946 1089 4985 non
1132 4941 1233 4985 est.
1295 4933 1419 4988 Loci
1463 4934 1761 4992 differentia
1802 4918 2048 5008 superior

475 5039 505 5076 a
525 5023 898 5093 descriptione,
918 5041 1074 5095 quam
1095 5026 1296 5083 dudum
1321 5030 1610 5086 locat-imus
1634 5033 1683 5085 in
1708 5034 1910 5089 ratione
1928 5037 2051 5090 sub.

474 5117 703 5169 stantizc.
752 5116 886 5170 Sunt
911 5118 1067 5171 etiam
1095 5119 1437 5177 diffinitiones
1467 5139 1584 5190 quae
1627 5139 1730 5178 non
1757 5140 1785 5177 a
1820 5127 1893 5179 rei
1925 5129 2050 5182 sub.

476 5212 689 5273 stantia,
719 5210 810 5263 sed
839 5226 867 5262 a
899 5213 1128 5266 nominis
1155 5214 1541 5281 significatione
1576 5219 1861 5285 ducuntur,
1890 5233 2053 5287 atque

479 5298 549 5351 ita
574 5299 649 5353 rei
680 5301 745 5352 de
773 5316 871 5368 qua
898 5302 1157 5370 quaeritur
1187 5305 1523 5372 applicantur
1569 5325 1585 5361 ε
1630 5318 1687 5362 ιιι
1715 5312 1758 5361 si
1787 5322 2056 5377 quaeratur

482 5397 658 5442 utrum
685 5390 1034 5461 philosophia:
1066 5394 1387 5450 studendum
1418 5398 1506 5464 sit,
1539 5398 1643 5453 erit
1669 5406 2058 5469 argumentatio

481 5479 633 5533 talis:
655 5481 993 5553 Philosophia
1016 5501 1165 5540 amor
1187 5488 1459 5556 sapientia:
1475 5499 1576 5553 est,
1598 5490 1718 5547 huic
1738 5494 2058 5552 studendum

485 5586 646 5627 nemo
670 5572 872 5630 dubitat
926 5578 1239 5635 studendum
1272 5580 1428 5649 igitur
1449 5589 1530 5638 est
1564 5583 1914 5655 philosophia:
1937 5606 1949 5656 ;
1976 5589 2060 5643 hic

2154 4475 2222 4528 sit
2257 4474 2467 4528 virtutis
2519 4474 2789 4528 diffinitio.
2826 4474 3105 4527 Faciemus
3148 4473 3323 4538 itaque
3368 4486 3398 4523 a
3444 4472 3734 4541 specimus

2154 4565 2667 4633 argumentationem
2714 4565 2793 4618 sic
2824 4581 2837 4616 :
2882 4564 2937 4616 Si
2978 4564 3200 4629 justitia,
3233 4562 3512 4625 fortitudo,
3546 4564 3733 4615 mode-

2155 4658 2292 4709 ratio
2313 4665 2472 4722 atque
2501 4655 2778 4722 prudentia
2802 4654 3013 4708 habitus
3035 4654 3231 4708 mentis
3257 4655 3394 4707 bene
3423 4656 3737 4706 constitute

2156 4756 2300 4812 sunt,
2329 4748 2443 4801 haec
2472 4758 2645 4801 autem
2675 4758 2902 4816 quatuor
2925 4748 3108 4802 virtuti
3150 4749 3310 4802 veluti
3347 4750 3533 4817 generi
3567 4748 3741 4815 subji-

2154 4837 2382 4903 ciuntur,
2422 4837 2590 4890 virtus
2612 4842 2740 4905 ergo
2764 4839 2900 4891 bene
2940 4838 3246 4891 constituite
3287 4837 3483 4889 utentis
3520 4845 3610 4890 est
3642 4838 3741 4888 ha-

2150 4937 2312 5000 bitus,
2345 4937 2573 4990 maxima
2604 4940 2914 5004 propositio.
2947 4938 3098 5003 Quod
3138 4940 3280 4990 enim
3308 4936 3538 5004 singulis
3561 4936 3733 5003 parti-

2150 5036 2453 5100 businest,
2489 5036 2539 5089 id
2590 5038 2682 5089 toti
2732 5031 2907 5092 inesse
2950 5051 3175 5091 necesse
3204 5045 3307 5090 est.
3339 5036 3733 5104 Argumentum

2151 5140 2326 5181 veroa
2352 5127 2619 5195 partibus,
2652 5126 2705 5180 id
2732 5137 2814 5180 est
2844 5142 2873 5180 a
2904 5129 3117 5195 generis
3159 5126 3423 5195 partibus,
3452 5141 3577 5195 qua:
3616 5140 3739 5193 spe-

2154 5225 2265 5277 cies
2295 5232 2667 5292 nuncupantur
2698 5242 2709 5275 :
2738 5225 2939 5291 justitia
2971 5226 3112 5280 enim
3138 5266 3153 5289 ,
3203 5224 3483 5288 fortitudo,
3516 5225 3733 5277 modes-
3768 5230 3771 5255 π

2161 5313 2254 5379 tia,
2280 5324 2336 5369 et
2365 5316 2643 5383 prudentia
2682 5314 2894 5369 virtutis
2937 5318 3145 5384 species
3191 5326 3332 5369 sunt.
3372 5316 3503 5369 Item
3545 5315 3613 5367 ab
3653 5314 3734 5366 bis

2163 5412 2399 5478 partibus
2417 5429 2535 5478 qua:
2563 5414 2752 5483 integri
2784 5425 2960 5481 partes
2977 5431 3094 5469 esse
3114 5414 3398 5480 dicuntur;
3419 5417 3488 5468 sit
3511 5418 3731 5483 quaestio

2162 5519 2227 5556 an
2249 5507 2317 5557 sit
2345 5504 2489 5559 utilis
2527 5506 2820 5572 medicina,
2858 5507 2971 5561 bzcc
3000 5506 3050 5560 in
3082 5508 3372 5560 accidentis
3403 5504 3734 5559 dubitatione

2162 5595 2447 5649 constituta
2480 5606 2559 5650 est
2584 5640 2587 5643 .
2610 5597 2847 5652 dicemus
2878 5616 2889 5650 :
2926 5596 2971 5651 si
3006 5597 3197 5665 depelli
3236 5597 3450 5652 morbos
3477 5598 3731 5649 sa‘utetuv
