4036 6336
256 285 391 340 H89

1314 280 1401 334 DE
1442 275 1909 334 DIFFERENTIIS
1947 275 2224 333 TOPlClS°
2265 276 2391 333 LIB.
2433 278 2497 332 ll.

3361 280 3496 336 M90

253 412 355 466 que
400 392 601 450 servari
646 377 956 461 m'edertque
991 390 1301 446 vulneribus
1349 392 1480 445 utile
1528 399 1629 453 est,
1676 388 1822 443 utilis
1851 390 1902 448 A
1926 390 2068 444 niam
2097 392 2274 447 nullas
2296 391 2520 446 naturali
2544 391 2710 445 forma
2729 404 2932 461 pennas
2960 390 3496 449 babuissetJlaxima

253 486 519 542 medicina
562 492 677 547 est;
710 493 764 536 at
808 481 1003 550 depelli
1049 481 1287 545 morbos,
1335 481 1538 535 servari
1568 482 1819 542 salutem,

252 577 565 645 mederique
611 572 925 629 vulneribus
956 572 1083 627 utile
1112 580 1216 636 est,
1261 572 1405 626 utilis
1451 573 1614 641 igitur
1657 571 1827 625 medi-

254 668 372 721 cina
412 675 515 720 est.
542 665 697 732 Saepe
717 671 897 716 autem
929 670 980 715 et
1013 676 1118 715 una
1138 660 1388 729 quaelibet
1420 676 1543 729 pars
1575 661 1735 726 valet,
1770 669 1827 715 ut

254 756 728 830 argumentationis
759 757 982 810 firmitas
1008 763 1239 819 constet,
1269 757 1369 809 hoc
1394 754 1575 822 modo,
1608 764 1665 808 ut
1692 755 1735 807 si
1759 754 1827 808 de

254 854 430 920 aliquo
454 851 725 904 dubitetur
742 864 808 902 an
834 848 905 902 sit
925 848 1059 902 liber
1087 848 1348 912 factus;si
1378 862 1500 901 eum
1527 847 1612 901 vel
1636 860 1824 912 censu,

254 944 335 996 vel
368 949 709 1001 testamento,
739 940 819 993 vel
853 938 1083 993 vindicta
1115 936 1498 991 manumissum
1528 951 1649 992 esse
1674 952 1826 990 mon-

256 1042 513 1092 stremus,
547 1030 679 1082 liber
721 1030 890 1081 factus
916 1038 1166 1081 ostensus
1197 1034 1299 1091 est,
1328 1038 1489 1096 atque
1536 1026 1618 1079 ha:
1650 1034 1829 1094 partes

255 1135 406 1175 erant
436 1122 625 1175 danda:
658 1119 937 1173 libertatis.
963 1117 1032 1173 Ut
1070 1133 1254 1172 rursus
1283 1118 1328 1172 si
1357 1117 1632 1173 dubitetur
1658 1132 1726 1170 an
1758 1116 1829 1171 sit

255 1212 469 1277 damus,
516 1210 655 1277 quod
698 1210 904 1264 eminus
931 1208 1276 1276 prospicitur,
1302 1207 1546 1261 dicemus
1574 1209 1829 1277 quoniam

254 1315 359 1355 non
391 1310 475 1354 εει
503 1316 515 1351 :
549 1314 671 1353 nam
712 1299 796 1353 vel
843 1308 1061 1361 tectum,
1104 1298 1189 1353 vel
1242 1299 1498 1366 parietes,
1527 1298 1609 1352 vel
1643 1298 1833 1352 funda-

255 1398 433 1444 mcnta
475 1390 525 1443 ei
554 1389 780 1453 desunt;
812 1389 881 1442 ab
926 1403 1030 1442 una
1078 1403 1265 1443 rursus
1313 1400 1462 1456 parte
1511 1389 1704 1442 factum
1749 1397 1833 1443 est

256 1584 439 1623 verum
465 1571 625 1623 etiam
654 1568 708 1622 in
738 1569 917 1634 modo,
953 1569 1005 1621 in
1037 1568 1384 1637 temporibus,
1424 1570 1477 1621 in
1505 1570 1827 1638 quantitati-

256 1659 376 1724 bus,
407 1660 459 1713 in
510 1659 651 1724 loco,
702 1669 869 1713 totum
929 1667 1213 1728 partesque
1264 1663 1556 1728 respicere.
1591 1661 1644 1715 ld
1685 1662 1829 1715 enim

254 1486 647 1549 argumentum.
683 1478 829 1531 Licet
853 1487 1029 1531 autem
1068 1491 1173 1530 non
1203 1476 1377 1530 solum
1414 1477 1467 1529 in
1495 1478 1826 1544 substantiis,

256 1584 439 1623 verum
465 1571 625 1623 etiam
654 1568 708 1622 in
738 1569 917 1634 modo,
953 1569 1005 1621 in
1037 1568 1384 1637 temporibus,
1424 1570 1477 1621 in
1505 1474 1876 1691 quantitati“

256 1659 354 1691 Inus
408 1660 459 1691 ι..
512 1659 631 1691 Ιιυιη
702 1669 868 1691 lnlnm
929 1667 1213 1691 nnrlnnnaln
1264 1663 1536 1691 -ιιοιιιὲηοηι
1591 1661 1642 1691 LI
1686 1662 1829 1691 nn:m

1923 480 2263 547 propositio:
2296 489 2496 534 tantum
2544 496 2768 550 quaeque
2817 495 2975 549 posse
3016 493 3272 551 quantum
3321 484 3493 539 forma

1924 568 2183 621 naturalis
2206 582 2303 621 sua
2334 570 2596 637 permisit.
2622 570 2795 624 Locus
2823 586 2851 624 a
2882 572 3049 625 forma
3077 589 3091 625 :
3117 572 3185 629 ab
3216 573 3495 628 effectibus

1924 672 2052 712 vero
2072 667 2125 712 et
2160 660 2595 727 corruptionibus
2626 647 3035 715 ἕῖἷιεῖῧῇἹιοε
3082 663 3270 727 modo;
3306 680 3425 718 nam
3450 666 3495 717 si

1926 749 2065 803 bona
2098 758 2182 804 est
2210 750 2420 814 domus,
2452 760 2508 805 et
2535 753 2862 806 constructio
2905 753 3096 807 domus
3143 755 3277 807 bona
3309 765 3412 820 est,
3441 764 3498 809 et

1928 840 2249 904 econtrario,
2276 841 2320 893 si
2352 840 2489 893 bona
2531 851 2614 895 est
2646 843 2976 896 constructio
3008 843 3220 908 domus,
3250 845 3388 898 bona
3414 854 3500 897 est

1929 928 2135 1005 domus.
2171 930 2371 984 Rursus
2402 930 2448 984 si
2476 930 2769 985 destructio
2798 932 2986 985 domus
3027 934 3165 985 mala
3210 942 3315 997 est,
3357 934 3500 987 bona

1931 1027 2015 1073 est
2037 1019 2249 1084 domus,
2268 1031 2322 1075 et
2346 1020 2390 1073 si
2418 1020 2555 1074 bona
2584 1029 2666 1075 est
2691 1022 2903 1086 domus,
2928 1023 3065 1075 mala
3095 1031 3177 1076 est
3203 1022 3499 1077 destructio

1931 1111 2142 1166 domus.
2176 1112 2239 1164 Et
2280 1112 2325 1165 si
2372 1112 2569 1166 bonum
2597 1112 2837 1179 equitare
2867 1124 2969 1179 est,
2998 1114 3170 1168 bonus
3196 1124 3279 1168 est
3304 1130 3496 1183 equus,

1930 1213 1986 1259 et
2028 1204 2072 1256 si
2103 1203 2274 1258 bontts
2298 1211 2379 1257 est
2403 1217 2589 1271 equus,
2632 1203 2827 1257 bonum
2872 1214 2955 1257 est
2992 1205 3252 1272 equitare.
3285 1205 3378 1257 Est
3406 1220 3500 1257 au-

1936 1302 2043 1347 tem
2084 1294 2312 1363 pri_mu_m
2362 1294 2576 1363 quidem
2628 1294 2928 1361 exemplum
2975 1309 3005 1348 a
3045 1296 3499 1363 generationibus,

1934 1384 2074 1453 quod
2102 1385 2240 1439 idem
2282 1385 2349 1439 ab
2386 1386 2662 1440 effectibus
2692 1386 2869 1439 vocari
2895 1396 3101 1454 potest;
3144 1389 3437 1447 sacrandum
3466 1402 3497 1442 a

1934 1474 2396 1541 corruptionibus;
2428 1474 2638 1553 te_rti_um
2683 1474 2750 1528 ab
2782 1475 3005 1530 usibus:
3038 1479 3271 1532 omnium
3321 1488 3497 1533 autem

1935 1563 2168 1617 maxima
2212 1566 2503 1631 propositio
2535 1582 2547 1616 :
2580 1564 2734 1633 cujus
2774 1565 2984 1620 effectio
3023 1567 3161 1621 bona
3189 1579 3293 1633 εει,
3325 1569 3498 1635 ipsum

1932 1666 2146 1719 quoque
2190 1652 2385 1706 bonum
2424 1662 2524 1719 est,
2559 1663 2614 1707 et
2657 1670 2978 1721 econverso;
3031 1658 3182 1725 cujus
3230 1659 3502 1727 corruptio

2106 1356 2277 1368 c.—

256 1751 396 1819 quod
424 1749 674 1815 dicimus,
700 1766 911 1825 semper
938 1752 989 1804 in
1017 1762 1255 1820 tempore
1286 1760 1452 1806 totum
1480 1761 1581 1806 est.
1612 1753 1667 1807 Id
1687 1753 1829 1823 quod

1936 1743 2071 1796 mala
2112 1754 2213 1809 est,
2246 1745 2422 1813 ipsum
2470 1761 2680 1814 quoque
2715 1747 2910 1802 bonum
2958 1758 3059 1812 est,
3093 1760 3499 1821 eteconverso;

258 1840 505 1905 dicimus,
534 1841 816 1909 aliquandi
864 1842 918 1895 in
959 1851 1199 1910 tempore
1245 1858 1366 1909 pars
1409 1851 1511 1897 εει.
1553 1843 1757 1898 Rursus
1783 1845 1830 1899 si

259 1932 574 2000 simpliciter
603 1931 801 2000 aliquid
835 1947 1219 2009 proponamus,
1252 1934 1305 1986 in
1333 1934 1490 1988 modo
1519 1921 1684 1987 totum
1709 1943 1826 1999 est;

258 2026 298 2077 si
328 2039 449 2078 cunt
479 2023 779 2091 adjectione
799 2064 813 2089 ,
849 2024 1023 2093 aliqua
1057 2039 1180 2093 pars
1212 2027 1271 2078 lit
1299 2026 1351 2079 in
1395 2026 1573 2080 modo.
1624 2028 1752 2081 Item
1783 2028 1828 2081 si

259 2116 436 2169 omnia
461 2116 699 2169 dicamus
731 2118 783 2170 in
813 2118 1130 2185 quantitate,
1182 2128 1348 2171 totum
1377 2119 1622 2173 dicimus.
1648 2120 1703 2175 Si
1734 2120 1832 2173 ali-

261 2204 383 2274 quid
414 2220 443 2257 a
470 2207 766 2274 quantitate
803 2208 1191 2274 excerpsimus,
1228 2209 1541 2276 quantitatis
1584 2210 1832 2283 ponimus

261 2304 488 2362 partem.
530 2295 733 2350 Eodem
784 2300 942 2352 modo
979 2307 1032 2351 et
1069 2298 1120 2351 in
1154 2299 1271 2351 loco
1316 2299 1457 2368 quod
1503 2300 1697 2369 ubique
1727 2310 1829 2364 est,

262 2395 446 2440 notum
489 2396 571 2442 est
617 2389 758 2458 quod
808 2391 1023 2455 alicubi,
1066 2406 1209 2456 pars.
1244 2392 1442 2446 florum
1497 2403 1674 2447 autem
1717 2410 1835 2448 ont-

264 2478 410 2531 nium
441 2480 555 2535 hzec
583 2482 938 2535 communiter
962 2482 1228 2538 debentur
1259 2487 1524 2552 exempla,
1557 2501 1587 2539 a
1620 2496 1729 2540 toto
1763 2487 1830 2540 ad

263 2582 468 2638 partem
516 2572 806 2627 secundum
847 2584 1091 2643 tempus:
1119 2576 1167 2629 si
1209 2575 1347 2630 Deus
1393 2591 1606 2642 semper
1634 2586 1738 2643 est,
1781 2587 1836 2633 et

264 2677 405 2713 nunc
452 2671 555 2725 est,
585 2678 613 2715 a
648 2673 797 2731 parte
845 2665 911 2717 ad
955 2672 1122 2718 totum
1162 2667 1451 2720 secundum
1497 2668 1755 2732 modum;
1786 2666 1834 2723 si

264 2753 441 2805 anima
470 2752 646 2822 aliquo
669 2755 827 2808 modo
857 2765 1117 2821 movetur,
1141 2767 1192 2809 et
1222 2758 1536 2826 simpliciter
1557 2768 1832 2824 movetur,

265 2843 510 2896 movetur
548 2852 731 2898 autem
778 2861 899 2898 cum
952 2847 1215 2910 irascitur,
1251 2848 1627 2902 nnivcrsaliter
1675 2849 1836 2919 igitur

264 2941 322 2985 et
349 2933 661 3000 simpliciter
702 2943 966 2989 movetur.
1010 2934 1238 2989 Rursum
1268 2952 1296 2989 a
1327 2947 1437 2991 toto
1475 2938 1538 2991 ad
1572 2952 1747 3006 partes
1778 2940 1833 2993 in

265 3026 601 3092 quantitate:
642 3026 684 3078 si
727 3039 883 3079 verus
928 3033 1012 3079 est
1056 3025 1242 3094 Apollo
1284 3027 1334 3079 in
1374 3028 1623 3082 omnibus
1662 3038 1831 3092 vates,

1932 1841 1988 1888 et
2015 1833 2166 1897 cujus
2196 1851 2322 1890 usus
2353 1836 2526 1891 bonus
2564 1849 2665 1902 est,
2698 1839 2869 1905 ipsum
2913 1857 3125 1910 quoque
3169 1845 3367 1900 bonum
3395 1859 3498 1914 est,

1931 1934 1987 1978 et
2011 1940 2327 1982 econverso.
2353 1929 2398 1982 A
2428 1931 2785 1985 communiter
2810 1934 3174 1990 accidentibus
3192 1949 3500 2006 argumenta

1934 2015 2066 2070 fiunt
2112 2019 2320 2086 quoties
2371 2034 2434 2073 ea
2478 2030 2760 2075 sumuntur
2799 2024 3116 2089 accidentia,
3163 2044 3280 2095 qua:
3334 2032 3497 2084 relin-

1932 2120 2098 2174 quere
2142 2106 2438 2175 subjectum
2467 2110 2548 2162 vel
2577 2123 2681 2162 non
2714 2121 2934 2177 possunt
2960 2115 3040 2168 vel
3071 2131 3176 2168 non
3217 2118 3412 2182 solent,
3446 2131 3501 2175 ut

1934 2196 1979 2248 si
2003 2196 2122 2262 quis
2153 2194 2253 2250 hoc
2280 2196 2439 2250 modo
2485 2198 2660 2251 dicat:
2690 2200 2992 2267 Sapientem
3039 2220 3142 2257 non
3180 2208 3497 2275 pmnitebit,

1935 2285 2243 2352 ptenitentia
2296 2288 2438 2341 enim
2491 2288 2685 2342 malum
2741 2289 2937 2345 factum
2992 2294 3298 2349 comitatur.
3346 2298 3501 2363 Quod

1934 2374 2058 2449 quia
2082 2376 2133 2428 in
2157 2375 2395 2443 sapiente
2416 2393 2520 2432 non
2543 2380 2809 2447 convenit,
2830 2398 2899 2436 ne
2928 2385 3233 2452 ptenitentia
3262 2389 3500 2455 quident.

1934 2464 2170 2530 Qua‘stio
2197 2467 2268 2520 de
2316 2469 2610 2524 accidente.
2646 2469 2870 2525 Maxima
2902 2477 3193 2542 propositio
3222 2494 3237 2532 :
3265 2478 3361 2531 Cui
3394 2496 3499 2535 non

1936 2554 2073 2607 inest
2114 2554 2312 2624 aliquid
2349 2557 2419 2623 ei,
2455 2573 2552 2612 nec
2582 2560 2711 2614 illud
2743 2563 2883 2630 quod
2915 2564 3031 2632 ejus
3059 2576 3142 2621 est
3169 2582 3504 2639 consequens

1937 2643 2113 2698 inesse
2161 2656 2368 2713 potest;
2426 2644 2593 2702 locus
2630 2666 2659 2703 a
2714 2656 3072 2711 communiter
3104 2659 3503 2716 accidentibus.

1938 2733 2213 2802 Expeditis
2261 2736 2422 2805 igitur
2465 2739 2598 2793 locis
2646 2741 2729 2795 his
2773 2744 2862 2813 qui
2892 2746 3118 2814 abipsis
3162 2751 3403 2813 terminis
3448 2755 3504 2808 in

1936 2826 2230 2891 quaestione
2252 2828 2436 2894 positis
2464 2842 2827 2897 assumuntur,
2859 2849 2998 2890 nunc
3021 2836 3087 2891 de
3118 2838 3202 2891 his
3221 2840 3503 2896 dicendum

1937 2918 2165 2984 estqui,
2198 2916 2322 2971 licet
2368 2920 2701 2988 extrinsecus
2746 2924 2925 2989 positi,
2970 2938 3279 2995 argumenta
3329 2940 3506 2989 tamen

1938 3007 2321 3074 quaestionibus
2347 3010 2774 3067 subministrant.
2816 3016 2879 3069 lli
2908 3032 3037 3073 vero
3069 3031 3194 3074 sunt
3221 3022 3303 3075 vel
3334 3038 3398 3077 cx
3429 3025 3508 3080 rei

265 3131 449 3169 verum
492 3117 592 3170 erit
632 3117 889 3186 Pyrrhum
923 3117 1191 3172 Romanos
1228 3134 1503 3186 superare.
1529 3120 1732 3175 Rursus
1778 3121 1830 3174 in

1939 3095 2163 3164 judicio,
2197 3099 2281 3153 vel
2303 3114 2368 3153 ex
2390 3102 2670 3167 similibus,
2701 3108 2782 3160 vel
2810 3121 2839 3159 a
2868 3108 3087 3179 majore,
3116 3112 3196 3165 vel
3224 3128 3253 3165 a
3276 3114 3506 3181 minore,

263 3206 382 3259 loco
412 3222 426 3256 :
455 3207 497 3260 si
534 3207 669 3260 Deus
701 3209 895 3277 ub‘que
928 3218 1028 3271 est,
1060 3218 1116 3261 et
1137 3209 1224 3262 hic
1254 3210 1410 3278 igitur
1441 3211 1833 3291 cst/Sequitur

263 3293 413 3348 locus
455 3294 542 3362 qui
588 3304 924 3365 nuncupatur
968 3311 998 3350 a
1043 3297 1238 3352 causis.
1285 3298 1419 3352 Sunt
1469 3315 1598 3354 vero
1650 3301 1832 3369 plures

265 3399 441 3438 Causae
495 3400 614 3451 quae
660 3387 741 3439 vel
791 3387 1108 3454 principium
1156 3398 1332 3441 motus
1376 3398 1631 3456 przestant
1673 3399 1833 3459 atque

264 3474 521 3537 efficiunt,
555 3476 635 3528 vel
666 3476 961 3544 specierum
996 3476 1193 3530 formas
1219 3477 1473 3544 subjectae
1503 3481 1827 3547 suscipiunt,

263 3563 346 3618 vel
372 3573 589 3632 propter
629 3580 721 3617 eas
747 3566 944 3633 aliquid
977 3567 1052 3630 lit,
1085 3566 1164 3619 vel
1193 3582 1310 3634 qua:
1340 3568 1632 3635 cujuslibet
1664 3569 1832 3623 forma

262 3665 364 3711 est.
409 3660 791 3726 Argumentum
842 3659 999 3726 igitur
1042 3659 1108 3711 ab
1153 3659 1647 3737 efficjerﬂneﬁcaﬂuhsa,
1685 3670 1742 3714 ut
1786 3662 1831 3715 si

262 3748 383 3818 quis
405 3748 662 3815 justitiam
684 3750 980 3803 naturalem
1005 3749 1134 3803 velit
1155 3751 1461 3814 ostendere,
1486 3751 1630 3805 dicat
1657 3768 1670 3803 :
1704 3766 1836 3806 con-

263 3840 501 3906 gregatio
533 3839 803 3892 hominum
849 3839 1105 3893 naturalis
1146 3850 1252 3907 est,
1278 3840 1481 3908 justitia
1531 3857 1660 3896 vero
1703 3857 1837 3897 con-

262 3930 499 3996 gregatio
545 3928 815 3981 hominum
856 3930 997 3994 fecit,
1026 3929 1228 3995 justitia
1260 3930 1417 3997 igitur
1442 3931 1701 3985 naturalis
1727 3942 1829 3986 est.

262 4021 499 4086 Quaestio
535 4021 602 4075 de
632 4021 929 4087 accidente,
964 4023 1194 4075 maxima
1236 4023 1530 4089 propositio
1561 4041 1573 4076 :
1606 4017 1832 4091 quorum

264 4110 557 4166 allicientes
586 4125 761 4164 cansze
805 4120 929 4163 sunt
976 4112 1266 4174 naturales,
1302 4112 1413 4178 ipsa
1444 4128 1655 4181 quoque
1709 4123 1835 4168 sunt

262 4201 542 4255 naturalia.
576 4200 747 4261 Locus
772 4199 1452 4271 rabefﬁnient‘tbusﬁcay‘sis
1479 4220 1489 4254 :
1520 4204 1659 4271 quod
1691 4206 1832 4257 enim

264 4289 678 4358 uniuscujusque
699 4304 856 4343 causa
884 4298 985 4353 est,
1010 4290 1059 4344 id
1090 4305 1210 4344 eam
1242 4306 1351 4345 rem
1382 4293 1547 4345 efficit
1574 4294 1724 4361 cujus
1753 4304 1836 4349 εει

263 4394 442 4433 causa.
476 4379 679 4433 Rursus
698 4380 743 4433 si
773 4381 892 4447 quis
921 4380 1133 4434 Mauros
1163 4396 1308 4435 arma
1336 4397 1441 4436 non
1472 4383 1668 4440 habere
1705 4401 1836 4440 con-

1940 3188 2022 3242 vel
2058 3204 2085 3241 a
2120 3194 2484 3259 proportione,
2520 3196 2603 3250 vel
2629 3211 2695 3250 ex
2720 3200 3003 3267 oppositis,
3035 3205 3115 3257 vel
3144 3220 3210 3259 ex
3251 3215 3508 3263 transum~

1938 3281 2140 3349 ptione.
2170 3282 2231 3334 Et
2264 3283 2354 3337 ille
2380 3286 2593 3353 quidem
2618 3288 2765 3343 locus
2805 3292 2894 3360 qui
2936 3294 3011 3346 rei
3038 3293 3294 3361 judicium
3340 3308 3507 3365 tenet,

1936 3381 2018 3424 est
2056 3372 2356 3440 lmjusmodi
2386 3391 2400 3428 :
2432 3384 2486 3428 ut
2529 3376 2573 3429 si
2601 3377 2839 3433 dicamus
2867 3380 2918 3434 id
2945 3396 3064 3436 esse
3090 3385 3233 3452 quod
3265 3387 3347 3440 vel
3385 3400 3510 3442 om-

1936 3476 2035 3515 nes
2066 3461 2307 3529 judican’t
2335 3465 2419 3519 vel
2451 3466 2651 3533 plures.
2679 3467 2745 3522 Et
2786 3470 2836 3523 hi
2868 3472 2951 3525 vel
2992 3472 3284 3541 sapientes,
3315 3478 3397 3530 vel
3426 3494 3510 3533 se-

1936 3554 2168 3608 cundum
2200 3572 2629 3629 unamquamque
2676 3566 2872 3615 aruum
2907 3567 3118 3628 penitus
3149 3569 3364 3622 eruditi.
3399 3571 3511 3625 llu-

1934 3643 2021 3712 jus
2059 3648 2360 3715 exemplum
2392 3658 2495 3716 εει,
2532 3652 2728 3704 cretum
2772 3668 2895 3708 esse
2942 3655 3199 3720 volubile,
3244 3661 3385 3727 quod
3437 3661 3510 3716 ita

1939 3734 2209 3802 sapientes
2254 3748 2414 3804 atque
2466 3741 2719 3808 astrologi
2766 3741 3060 3795 doctissimi
3110 3744 3203 3811 jud
3227 3759 3503 3804 caverunt.

1941 3828 2175 3893 Quwstio
2220 3828 2288 3883 de
2333 3830 2628 3884 accidente.
2681 3832 2905 3886 Maxima
2960 3836 3253 3903 propositio
3301 3854 3316 3889 :
3370 3842 3511 3908 quod

1940 3920 2188 3973 omnibus
2218 3920 2302 3974 vel
2349 3920 2589 3987 pluribus
2620 3924 2702 3976 vel
2733 3926 3067 3991 sapientibus
3095 3927 3399 3983 hominibus
3429 3932 3513 3985 vi-

1940 4009 2119 4075 detur,
2149 4012 2199 4064 ei
2246 4014 2538 4066 contradici
2574 4029 2680 4068 non
2718 4026 2990 4083 oportere.
3023 4018 3194 4072 Locus
3226 4035 3255 4073 a
3296 4022 3375 4076 rei
3421 4022 3514 4091 ju-

1938 4098 2106 4155 dicio.
2134 4099 2181 4153 A
2210 4101 2473 4155 similibus
2513 4118 2641 4157 vero
2688 4103 2789 4157 hoc
2831 4106 3029 4161 modo:
3059 4108 3103 4160 si
3131 4108 3402 4166 dubitctur
3444 4130 3513 4168 an

1938 4194 2170 4248 hominis
2217 4197 2490 4263 proprium
2522 4197 2592 4249 sit
2635 4197 2879 4265 bipedem
2926 4212 3077 4264 esse,
3122 4200 3405 4257 dicemus:
3440 4205 3514 4258 si-

1939 4285 2139 4339 militer
2176 4286 2318 4339 inest
2345 4299 2482 4353 equo
2511 4285 2835 4355 quadrupes,
2867 4298 2923 4340 ut
2952 4288 3156 4344 homini
3189 4291 3366 4361 bipes;
3403 4280 3515 4349 non

1941 4387 2023 4431 εει
2049 4386 2224 4431 autem
2254 4392 2391 4445 equo
2429 4380 2731 4446 quadrupes
2775 4381 3076 4449 proprium;
3106 4398 3210 4437 non
3241 4396 3320 4439 est
3355 4387 3515 4454 igitur

264 4470 472 4536 tendat,
493 4471 634 4524 dicet
660 4471 858 4524 idcirco
882 4485 975 4524 eus
1005 4472 1170 4525 armis
1202 4471 1419 4526 minime
1446 4474 1544 4541 uti,
1577 4477 1722 4542 quod
1755 4476 1833 4533 his

1949 4468 2149 4523 homini
2179 4470 2328 4537 bipes
2359 4469 2904 4537 proiirium.Quarstlo
2925 4471 2992 4527 de
3020 4475 3252 4540 praprio.
3282 4476 3513 4532 Maxima

264 4560 467 4614 ferrum
497 4562 654 4613 desit.
685 4560 909 4614 Maxima
939 4561 1265 4629 propositio,
1298 4562 1386 4616 ubi
1408 4566 1627 4618 materia
1660 4565 1837 4632 deest,

263 4661 321 4707 et
339 4652 479 4721 quod
510 4666 573 4706 ex
600 4651 818 4705 materia
843 4651 1092 4715 efticitur,
1125 4653 1286 4709 desit.
1318 4653 1489 4725 Locus
1518 4670 1547 4707 a
1577 4659 1796 4711 materia
1822 4676 1833 4710 :

265 4751 551 4811 utrumque
579 4757 725 4809 vero,
754 4741 801 4794 id
827 4752 909 4794 εει
931 4742 997 4794 ab
1024 4743 1379 4799 efficientibus
1401 4755 1562 4816 atque
1589 4747 1835 4814 materia,

265 4848 373 4885 uno
429 4831 653 4886 nomine.
682 4847 710 4883 a
755 4846 913 4885 causa
962 4846 1322 4901 nuncupatur.
1369 4835 1539 4906 Eque
1585 4840 1727 4893 enim
1784 4841 1837 4893 id

265 4920 408 4990 quod
430 4921 615 4987 efﬁcit,
649 4931 810 4989 atque
841 4921 891 4973 id
918 4921 1060 4990 quod
1088 4924 1357 4990 operantis
1384 4936 1560 4980 actum
1592 4928 1837 4997 suscipit,

264 5017 382 5085 ejus
408 5016 481 5070 rei
525 5031 643 5084 qure
686 5015 909 5068 efficitur
936 5030 1111 5070 causae
1142 5028 1288 5069 Sunt.
1317 5017 1519 5073 Rursus
1553 5035 1582 5072 a
1616 5021 1740 5089 line,
1768 5026 1839 5077 sit

267 5107 598 5178 propositum
625 5110 721 5170 sic,
754 5123 819 5160 an
844 5108 1047 5176 justitia
1078 5107 1212 5161 bona
1244 5109 1336 5173 sit,
1374 5112 1464 5164 flat
1493 5096 1839 5180 argumenta-

264 5199 344 5253 tio
376 5199 526 5263 talis:
555 5199 598 5251 si
631 5198 841 5252 beatum
869 5212 989 5251 esse
1019 5199 1216 5251 bonum
1245 5207 1347 5261 est,
1380 5209 1433 5252 et
1459 5200 1665 5267 justitia
1699 5203 1834 5257 bona

263 5299 370 5355 est,
404 5289 487 5342 hic
513 5289 653 5342 enim
695 5297 778 5342 est
806 5289 1032 5355 justitia:
1059 5288 1198 5350 finis,
1233 5296 1292 5341 ut
1318 5288 1369 5369 si;
1394 5291 1511 5357 quis
1542 5293 1836 5347 secundum

262 5380 519 5449 justitiam
543 5378 709 5443 vivat,
733 5377 798 5431 ad
821 5378 1204 5432 beatitudinem
1236 5378 1575 5445 perducatur.
1610 5380 1839 5435 Maxima

265 5471 562 5542 propositio
592 5486 605 5522 :
644 5471 799 5537 cujus
829 5469 950 5523 linis
975 5470 1147 5523 bonus
1180 5477 1282 5532 est,
1321 5471 1491 5538 ipsum
1515 5488 1725 5542 quoque
1755 5476 1843 5527 ὺο·

263 5579 390 5618 num
412 5572 515 5617 cst.
549 5561 910 5631 wafme
936 5575 950 5612 :
974 5561 1042 5613 ab
1070 5576 1131 5615 ε.)
1153 5576 1363 5631 quoque
1385 5562 1521 5628 quod
1553 5566 1843 5631 cujuslibet

263 5657 436 5711 forma
474 5654 677 5717 cst,ita
724 5670 827 5706 non
870 5654 1103 5720 potuisse
1153 5653 1332 5709 volare
1386 5654 1669 5723 Dedalum,
1700 5672 1839 5725 quo-

1442 4716 1769 4729 ,σ-ν--ο-ι-η-υ

1946 4560 2266 4630 prOpositio:
2289 4560 2335 4615 si
2358 4559 2495 4628 quod
2527 4560 2772 4616 similiter
2793 4562 2955 4627 inest,
2982 4578 3086 4617 non
3108 4575 3192 4619 est
3217 4568 3509 4636 praprium,

1946 4668 2045 4706 nec
2067 4652 2117 4706 id
2142 4652 2208 4707 de
2233 4668 2340 4720 quo
2369 4654 2627 4721 quaeritur
2659 4668 2779 4709 esse
2809 4656 3079 4722 proprium
3110 4668 3305 4725 potest.
3342 4660 3515 4717 Locus

1944 4759 1973 4798 a
2002 4744 2283 4798 similibus.
2314 4743 2411 4797 Hic
2441 4757 2568 4797 vero
2597 4747 2647 4797 in
2670 4746 2885 4814 gemina
2914 4746 3185 4813 dividitur,
3219 4749 3333 4804 haec
3371 4755 3511 4806 enim

1946 4837 2044 4891 sim
2071 4836 2237 4889 lizudo
2284 4847 2374 4889 aut
2422 4837 2473 4889 in
2523 4837 2777 4905 qualitate
2818 4840 3086 4907 consistit,
3137 4846 3300 4898 autin
3331 4861 3515 4913 quan-

1948 4930 2128 4994 titate;
2178 4929 2270 4982 sed
2323 4927 2377 4981 in
2431 4930 2727 4997 quantitate
2773 4931 3012 4996 paritas,
3068 4933 3118 4986 id
3147 4943 3229 4987 est
3281 4937 3514 5003 aequali-

1947 5030 2027 5075 tas
2083 5028 2449 5088 nuncupatur,
2506 5021 2556 5073 in
2616 5020 2867 5089 qualitate
2921 5023 3234 5077 similitudo.

1942 5112 2009 5165 ab
2036 5126 2103 5165 eo
2143 5111 2285 5178 quod
2317 5119 2399 5164 est
2431 5110 2597 5178 magis
2633 5127 2645 5161 :
2681 5111 2725 5163 si
2755 5120 3029 5178 qureratur
3070 5129 3138 5166 an
3169 5115 3239 5167 sit
3268 5117 3514 5172 animalis

1942 5200 2210 5265 dillinitio,
2258 5200 2398 5268 quod
2431 5215 2494 5253 ex
2542 5215 2600 5254 se
2645 5203 2845 5254 moveri
2881 5202 3067 5270 possit,
3096 5204 3338 5261 dicemus
3385 5208 3464 5263 sic
3497 5225 3512 5262 :

1946 5294 2113 5361 magis
2142 5301 2352 5360 oportet
2374 5292 2620 5346 animalis
2649 5292 3025 5349 diffluitionem
3053 5312 3172 5353 esse
3192 5300 3332 5367 quod
3362 5312 3516 5355 natu-

1947 5384 2132 5437 raliter
2172 5383 2313 5437 vivat
2355 5400 2514 5455 quam
2546 5386 2686 5454 quod
2734 5402 2799 5440 ex
2850 5403 2907 5441 se
2938 5392 3139 5443 moveri
3169 5395 3366 5460 pos~it;
3410 5411 3516 5451 nun

1947 5484 2029 5527 est
2054 5482 2229 5527 autem
2261 5473 2373 5527 lucc
2420 5474 2666 5529 diffinitio
2717 5477 2971 5531 animalis
3016 5481 3157 5547 quod
3205 5485 3519 5539 naturaliter

1948 5565 2125 5627 vivat;
2157 5577 2258 5618 nec
2285 5578 2344 5617 ea
2374 5564 2589 5631 qu’dem
2618 5566 2778 5636 igitur
2798 5584 2917 5637 qua!
2944 5572 3118 5625 minus
3146 5574 3354 5628 videtur
3376 5591 3517 5642 esse,

1952 5654 2090 5724 quod
2118 5670 2177 5708 cx
2209 5670 2266 5707 su
2292 5656 2489 5708 moveri
2523 5657 2706 5725 pinsit,
2732 5660 2977 5716 animalis
3007 5662 3257 5720 dilfinitio
3287 5668 3515 5735 putanda

3310 5025 3538 5107 Rursus.

3534 3062 3561 3203 l

3566 5615 3635 5680 κ]
