  <div class='ocr_page' id='page_1' title='image "/cluster/home/n/w/nwhite01/storage/ocr_20150623/64/hvd.32044024222309/603.png"; bbox 0 0 4014 6336; ppageno 0'>
   <div class='ocr_carea' id='block_1_1' title="bbox 524 236 655 291">
    <p class='ocr_par' dir='ltr' id='par_1_1' title="bbox 524 236 655 291">
     <span class='ocr_line' id='line_1_1' title="bbox 524 236 655 291; baseline 0 -3"><span class='ocrx_word' id='word_1_1' title='bbox 524 236 655 291; x_wconf 77' lang='lat' dir='ltr'><strong>H91</strong></span> 
     </span>
    </p>
   </div>
   <div class='ocr_carea' id='block_1_2' title="bbox 1716 223 2530 284">
    <p class='ocr_par' dir='ltr' id='par_1_2' title="bbox 1716 223 2530 284">
     <span class='ocr_line' id='line_1_2' title="bbox 1716 223 2530 284; baseline 0.009 -7"><span class='ocrx_word' id='word_1_2' title='bbox 1716 224 1825 277; x_wconf 81' lang='lat' dir='ltr'><strong>AN.</strong></span> <span class='ocrx_word' id='word_1_3' title='bbox 1868 223 2072 280; x_wconf 84' lang='lat' dir='ltr'><strong>MANL.</strong></span> <span class='ocrx_word' id='word_1_4' title='bbox 2115 224 2263 282; x_wconf 83' lang='lat' dir='ltr'><strong>SEV.</strong></span> <span class='ocrx_word' id='word_1_5' title='bbox 2310 228 2530 284; x_wconf 85' lang='lat' dir='ltr'><strong>BOETII</strong></span> 
     </span>
    </p>
   </div>
   <div class='ocr_carea' id='block_1_3' title="bbox 3645 233 3773 287">
    <p class='ocr_par' dir='ltr' id='par_1_3' title="bbox 3645 233 3773 287">
     <span class='ocr_line' id='line_1_3' title="bbox 3645 233 3773 287; baseline 0.016 -2"><span class='ocrx_word' id='word_1_6' title='bbox 3645 233 3773 287; x_wconf 66' lang='grc' dir='ltr'><strong>ΗΕΒ</strong></span> 
     </span>
    </p>
   </div>
   <div class='ocr_carea' id='block_1_4' title="bbox 452 317 3769 418">
    <p class='ocr_par' dir='ltr' id='par_1_4' title="bbox 452 317 3769 418">
     <span class='ocr_line' id='line_1_4' title="bbox 452 317 3769 418; baseline -0 -13"><span class='ocrx_word' id='word_1_7' title='bbox 452 317 466 326; x_wconf 37' lang='grc'><strong>⁸</strong></span> <span class='ocrx_word' id='word_1_8' title='bbox 521 359 623 404; x_wconf 83' lang='lat' dir='ltr'><strong>cst.</strong></span> <span class='ocrx_word' id='word_1_9' title='bbox 651 345 883 415; x_wconf 73' lang='lat' dir='ltr'><strong>Qnmstio</strong></span> <span class='ocrx_word' id='word_1_10' title='bbox 912 342 980 397; x_wconf 90' lang='lat' dir='ltr'><strong>de</strong></span> <span class='ocrx_word' id='word_1_11' title='bbox 1009 338 1346 394; x_wconf 80' lang='lat' dir='ltr'><strong>dilﬂnitione.</strong></span> <span class='ocrx_word' id='word_1_12' title='bbox 1396 336 1623 390; x_wconf 79' lang='lat' dir='ltr'><strong>Maxima</strong></span> <span class='ocrx_word' id='word_1_13' title='bbox 1671 338 1974 404; x_wconf 71' lang='lat' dir='ltr'><strong>proliositio</strong></span> <span class='ocrx_word' id='word_1_14' title='bbox 2007 355 2019 390; x_wconf 90' lang='lat'><strong>:</strong></span> <span class='ocrx_word' id='word_1_15' title='bbox 2051 337 2096 392; x_wconf 87' lang='lat' dir='ltr'><strong>si</strong></span> <span class='ocrx_word' id='word_1_16' title='bbox 2121 344 2173 400; x_wconf 73' lang='grc' dir='ltr'>Α</span> <span class='ocrx_word' id='word_1_17' title='bbox 2201 349 2253 394; x_wconf 89' lang='lat' dir='ltr'><strong>ct</strong></span> <span class='ocrx_word' id='word_1_18' title='bbox 2281 356 2383 395; x_wconf 91' lang='lat' dir='ltr'><strong>non</strong></span> <span class='ocrx_word' id='word_1_19' title='bbox 2426 344 2629 397; x_wconf 84' lang='lat' dir='ltr'><strong>moveri</strong></span> <span class='ocrx_word' id='word_1_20' title='bbox 2673 345 2966 399; x_wconf 84' lang='lat' dir='ltr'><strong>secundum</strong></span> <span class='ocrx_word' id='word_1_21' title='bbox 2994 346 3406 403; x_wconf 83' lang='lat' dir='ltr'><strong>aliirmationem</strong></span> <span class='ocrx_word' id='word_1_22' title='bbox 3444 358 3500 402; x_wconf 89' lang='lat' dir='ltr'><strong>et</strong></span> <span class='ocrx_word' id='word_1_23' title='bbox 3530 351 3769 418; x_wconf 75' lang='lat' dir='ltr'><strong>negatio-</strong></span> 
     </span>
    </p>
   </div>
   <div class='ocr_carea' id='block_1_5' title="bbox 523 430 2093 509">
    <p class='ocr_par' dir='ltr' id='par_1_5' title="bbox 523 430 2093 509">
     <span class='ocr_line' id='line_1_5' title="bbox 523 430 2093 509; baseline -0.006 -15"><span class='ocrx_word' id='word_1_24' title='bbox 523 441 579 496; x_wconf 85' lang='lat' dir='ltr'><strong>id</strong></span> <span class='ocrx_word' id='word_1_25' title='bbox 602 439 747 509; x_wconf 84' lang='lat' dir='ltr'><strong>quod</strong></span> <span class='ocrx_word' id='word_1_26' title='bbox 779 435 943 503; x_wconf 85' lang='lat' dir='ltr'><strong>magis</strong></span> <span class='ocrx_word' id='word_1_27' title='bbox 971 432 1183 486; x_wconf 89' lang='lat' dir='ltr'><strong>videtur</strong></span> <span class='ocrx_word' id='word_1_28' title='bbox 1210 430 1387 484; x_wconf 84' lang='lat' dir='ltr'><strong>inesse</strong></span> <span class='ocrx_word' id='word_1_29' title='bbox 1421 444 1525 482; x_wconf 91' lang='lat' dir='ltr'><strong>non</strong></span> <span class='ocrx_word' id='word_1_30' title='bbox 1555 430 1716 492; x_wconf 89' lang='lat' dir='ltr'><strong>inest,</strong></span> <span class='ocrx_word' id='word_1_31' title='bbox 1745 445 1841 483; x_wconf 89' lang='lat' dir='ltr'><strong>nec</strong></span> <span class='ocrx_word' id='word_1_32' title='bbox 1866 430 1917 483; x_wconf 90' lang='lat' dir='ltr'><strong>id</strong></span> <span class='ocrx_word' id='word_1_33' title='bbox 1951 432 2093 499; x_wconf 86' lang='lat' dir='ltr'><strong>quod</strong></span> 
     </span>
    </p>
   </div>
   <div class='ocr_carea' id='block_1_6' title="bbox 524 518 2097 589">
    <p class='ocr_par' dir='ltr' id='par_1_6' title="bbox 524 518 2097 589">
     <span class='ocr_line' id='line_1_6' title="bbox 524 518 2097 589; baseline -0.008 -3"><span class='ocrx_word' id='word_1_34' title='bbox 524 533 701 585; x_wconf 90' lang='lat' dir='ltr'><strong>minus</strong></span> <span class='ocrx_word' id='word_1_35' title='bbox 730 526 994 581; x_wconf 74' lang='lat' dir='ltr'><strong>videbitur</strong></span> <span class='ocrx_word' id='word_1_36' title='bbox 1020 523 1196 577; x_wconf 88' lang='lat' dir='ltr'><strong>inesse</strong></span> <span class='ocrx_word' id='word_1_37' title='bbox 1219 519 1397 575; x_wconf 88' lang='lat' dir='ltr'><strong>inerit.</strong></span> <span class='ocrx_word' id='word_1_38' title='bbox 1432 519 1605 573; x_wconf 77' lang='lat' dir='ltr'><strong>LocUs</strong></span> <span class='ocrx_word' id='word_1_39' title='bbox 1634 518 1701 572; x_wconf 89' lang='lat' dir='ltr'><strong>ab</strong></span> <span class='ocrx_word' id='word_1_40' title='bbox 1731 534 1796 574; x_wconf 93' lang='lat' dir='ltr'><strong>eo</strong></span> <span class='ocrx_word' id='word_1_41' title='bbox 1817 521 1957 589; x_wconf 87' lang='lat' dir='ltr'><strong>quod</strong></span> <span class='ocrx_word' id='word_1_42' title='bbox 1986 536 2097 574; x_wconf 86' lang='lat' dir='ltr'><strong>ma-</strong></span> 
     </span>
    </p>
   </div>
   <div class='ocr_carea' id='block_1_7' title="bbox 522 612 2092 690">
    <p class='ocr_par' dir='ltr' id='par_1_7' title="bbox 522 612 2092 690">
     <span class='ocr_line' id='line_1_7' title="bbox 522 612 2092 690; baseline -0.007 -13"><span class='ocrx_word' id='word_1_43' title='bbox 522 624 605 690; x_wconf 89' lang='lat' dir='ltr'><strong>gis</strong></span> <span class='ocrx_word' id='word_1_44' title='bbox 641 629 740 675; x_wconf 90' lang='lat' dir='ltr'><strong>est.</strong></span> <span class='ocrx_word' id='word_1_45' title='bbox 774 619 817 672; x_wconf 79' lang='grc' dir='ltr'>Α</span> <span class='ocrx_word' id='word_1_46' title='bbox 849 614 1145 670; x_wconf 82' lang='lat' dir='ltr'><strong>minoribus</strong></span> <span class='ocrx_word' id='word_1_47' title='bbox 1189 628 1317 667; x_wconf 90' lang='lat' dir='ltr'><strong>vero</strong></span> <span class='ocrx_word' id='word_1_48' title='bbox 1360 625 1622 665; x_wconf 88' lang='lat' dir='ltr'><strong>converso</strong></span> <span class='ocrx_word' id='word_1_49' title='bbox 1669 612 1849 665; x_wconf 89' lang='lat' dir='ltr'><strong>modo.</strong></span> <span class='ocrx_word' id='word_1_50' title='bbox 1882 612 2017 665; x_wconf 80' lang='lat' dir='ltr'><strong>Nam</strong></span> <span class='ocrx_word' id='word_1_51' title='bbox 2047 612 2092 666; x_wconf 90' lang='lat' dir='ltr'><strong>si</strong></span> 
     </span>
    </p>
   </div>
   <div class='ocr_carea' id='block_1_8' title="bbox 521 703 2088 777">
    <p class='ocr_par' dir='ltr' id='par_1_8' title="bbox 521 703 2088 777">
     <span class='ocr_line' id='line_1_8' title="bbox 521 703 2088 777; baseline -0.008 -7"><span class='ocrx_word' id='word_1_52' title='bbox 521 722 604 769; x_wconf 88' lang='lat' dir='ltr'><strong>est</strong></span> <span class='ocrx_word' id='word_1_53' title='bbox 634 710 865 767; x_wconf 85' lang='lat' dir='ltr'><strong>hominis</strong></span> <span class='ocrx_word' id='word_1_54' title='bbox 893 706 1174 777; x_wconf 81' lang='lat' dir='ltr'><strong>_dil‘[initio,</strong></span> <span class='ocrx_word' id='word_1_55' title='bbox 1217 704 1413 758; x_wconf 78' lang='lat' dir='ltr'><strong>animal</strong></span> <span class='ocrx_word' id='word_1_56' title='bbox 1446 703 1725 773; x_wconf 84' lang='lat' dir='ltr'><strong>gressibilc</strong></span> <span class='ocrx_word' id='word_1_57' title='bbox 1758 704 1929 771; x_wconf 85' lang='lat' dir='ltr'><strong>bipes,</strong></span> <span class='ocrx_word' id='word_1_58' title='bbox 1965 719 2088 758; x_wconf 92' lang='lat' dir='ltr'><strong>cum</strong></span> 
     </span>
    </p>
   </div>
   <div class='ocr_carea' id='block_1_9' title="bbox 522 792 2095 861">
    <p class='ocr_par' dir='ltr' id='par_1_9' title="bbox 522 792 2095 861">
     <span class='ocr_line' id='line_1_9' title="bbox 522 792 2095 861; baseline -0.006 -4"><span class='ocrx_word' id='word_1_59' title='bbox 522 804 574 857; x_wconf 89' lang='lat' dir='ltr'><strong>id</strong></span> <span class='ocrx_word' id='word_1_60' title='bbox 601 804 778 856; x_wconf 88' lang='lat' dir='ltr'><strong>minus</strong></span> <span class='ocrx_word' id='word_1_61' title='bbox 806 798 1054 855; x_wconf 87' lang='lat' dir='ltr'><strong>videatur</strong></span> <span class='ocrx_word' id='word_1_62' title='bbox 1074 809 1195 849; x_wconf 81' lang='lat' dir='ltr'><strong>esse</strong></span> <span class='ocrx_word' id='word_1_63' title='bbox 1224 793 1473 848; x_wconf 80' lang='lat' dir='ltr'><strong>difﬁnitio</strong></span> <span class='ocrx_word' id='word_1_64' title='bbox 1508 792 1757 857; x_wconf 87' lang='lat' dir='ltr'><strong>hominis,</strong></span> <span class='ocrx_word' id='word_1_65' title='bbox 1792 809 1947 861; x_wconf 88' lang='lat' dir='ltr'><strong>quam</strong></span> <span class='ocrx_word' id='word_1_66' title='bbox 1978 795 2095 848; x_wconf 55' lang='lat' dir='ltr'><strong>snio</strong></span> 
     </span>
    </p>
   </div>
   <div class='ocr_carea' id='block_1_10' title="bbox 523 884 2092 953">
    <p class='ocr_par' dir='ltr' id='par_1_10' title="bbox 523 884 2092 953">
     <span class='ocr_line' id='line_1_10' title="bbox 523 884 2092 953; baseline -0.006 -5"><span class='ocrx_word' id='word_1_67' title='bbox 523 894 629 948; x_wconf 77' lang='lat' dir='ltr'><strong>mal</strong></span> <span class='ocrx_word' id='word_1_68' title='bbox 666 888 927 947; x_wconf 78' lang='lat' dir='ltr'><strong>rationale</strong></span> <span class='ocrx_word' id='word_1_69' title='bbox 965 887 1214 950; x_wconf 83' lang='lat' dir='ltr'><strong>mortale,</strong></span> <span class='ocrx_word' id='word_1_70' title='bbox 1272 885 1446 953; x_wconf 90' lang='lat' dir='ltr'><strong>sitque</strong></span> <span class='ocrx_word' id='word_1_71' title='bbox 1494 884 1743 937; x_wconf 86' lang='lat' dir='ltr'><strong>dillinitio</strong></span> <span class='ocrx_word' id='word_1_72' title='bbox 1772 884 2003 939; x_wconf 87' lang='lat' dir='ltr'><strong>hominis</strong></span> <span class='ocrx_word' id='word_1_73' title='bbox 2031 899 2092 939; x_wconf 92' lang='lat' dir='ltr'><strong>ea</strong></span> 
     </span>
    </p>
   </div>
   <div class='ocr_carea' id='block_1_11' title="bbox 522 975 2095 1059">
    <p class='ocr_par' dir='ltr' id='par_1_11' title="bbox 522 975 2095 1059">
     <span class='ocr_line' id='line_1_11' title="bbox 522 975 2095 1059; baseline -0.008 -18"><span class='ocrx_word' id='word_1_74' title='bbox 522 999 643 1054; x_wconf 67' lang='lat' dir='ltr'><strong>qua:</strong></span> <span class='ocrx_word' id='word_1_75' title='bbox 674 982 806 1038; x_wconf 91' lang='lat' dir='ltr'><strong>dicit</strong></span> <span class='ocrx_word' id='word_1_76' title='bbox 832 982 964 1035; x_wconf 87' lang='lat' dir='ltr'><strong>alias</strong></span> <span class='ocrx_word' id='word_1_77' title='bbox 997 976 1281 1048; x_wconf 89' lang='lat' dir='ltr'><strong>gressibile</strong></span> <span class='ocrx_word' id='word_1_78' title='bbox 1307 976 1480 1045; x_wconf 82' lang='lat' dir='ltr'><strong>bipes,</strong></span> <span class='ocrx_word' id='word_1_79' title='bbox 1512 976 1614 1059; x_wconf 86' lang='lat' dir='ltr'><strong>erit</strong></span> <span class='ocrx_word' id='word_1_80' title='bbox 1642 975 1894 1029; x_wconf 85' lang='lat' dir='ltr'><strong>dilﬁnitio</strong></span> <span class='ocrx_word' id='word_1_81' title='bbox 1922 975 2095 1030; x_wconf 86' lang='lat' dir='ltr'><strong>homi-</strong></span> 
     </span>
    </p>
   </div>
   <div class='ocr_carea' id='block_1_12' title="bbox 523 1061 2088 1131">
    <p class='ocr_par' dir='ltr' id='par_1_12' title="bbox 523 1061 2088 1131">
     <span class='ocr_line' id='line_1_12' title="bbox 523 1061 2088 1131; baseline -0.008 -4"><span class='ocrx_word' id='word_1_82' title='bbox 523 1076 606 1127; x_wconf 85' lang='lat' dir='ltr'><strong>nis</strong></span> <span class='ocrx_word' id='word_1_83' title='bbox 627 1071 824 1126; x_wconf 86' lang='lat' dir='ltr'><strong>animal</strong></span> <span class='ocrx_word' id='word_1_84' title='bbox 850 1068 1109 1123; x_wconf 86' lang='lat' dir='ltr'><strong>rationale</strong></span> <span class='ocrx_word' id='word_1_85' title='bbox 1131 1061 1377 1120; x_wconf 83' lang='lat' dir='ltr'><strong>mortale.</strong></span> <span class='ocrx_word' id='word_1_86' title='bbox 1405 1064 1641 1131; x_wconf 69' lang='lat' dir='ltr'><strong>Quaestio</strong></span> <span class='ocrx_word' id='word_1_87' title='bbox 1667 1063 1733 1118; x_wconf 92' lang='lat' dir='ltr'><strong>de</strong></span> <span class='ocrx_word' id='word_1_88' title='bbox 1753 1064 2088 1119; x_wconf 82' lang='lat' dir='ltr'><strong>dil‘linitione.</strong></span> 
     </span>
    </p>
   </div>
   <div class='ocr_carea' id='block_1_13' title="bbox 523 1152 2094 1237">
    <p class='ocr_par' dir='ltr' id='par_1_13' title="bbox 523 1152 2094 1237">
     <span class='ocr_line' id='line_1_13' title="bbox 523 1152 2094 1237; baseline -0.004 -21"><span class='ocrx_word' id='word_1_89' title='bbox 523 1162 750 1218; x_wconf 78' lang='lat' dir='ltr'><strong>Maxima</strong></span> <span class='ocrx_word' id='word_1_90' title='bbox 778 1157 1112 1227; x_wconf 86' lang='lat' dir='ltr'><strong>propositio:</strong></span> <span class='ocrx_word' id='word_1_91' title='bbox 1142 1155 1187 1209; x_wconf 91' lang='lat' dir='ltr'><strong>si</strong></span> <span class='ocrx_word' id='word_1_92' title='bbox 1218 1153 1268 1208; x_wconf 91' lang='lat' dir='ltr'><strong>id</strong></span> <span class='ocrx_word' id='word_1_93' title='bbox 1296 1153 1441 1222; x_wconf 91' lang='lat' dir='ltr'><strong>quod</strong></span> <span class='ocrx_word' id='word_1_94' title='bbox 1474 1155 1652 1207; x_wconf 92' lang='lat' dir='ltr'><strong>minus</strong></span> <span class='ocrx_word' id='word_1_95' title='bbox 1682 1152 2094 1237; x_wconf 23' lang='lat' dir='ltr'><strong>videturfinesse</strong></span> 
     </span>
    </p>
   </div>
   <div class='ocr_carea' id='block_1_14' title="bbox 522 1242 2093 1316">
    <p class='ocr_par' dir='ltr' id='par_1_14' title="bbox 522 1242 2093 1316">
     <span class='ocr_line' id='line_1_14' title="bbox 522 1242 2093 1316; baseline -0.003 -13"><span class='ocrx_word' id='word_1_96' title='bbox 522 1252 681 1314; x_wconf 90' lang='lat' dir='ltr'><strong>inest,</strong></span> <span class='ocrx_word' id='word_1_97' title='bbox 712 1247 765 1301; x_wconf 88' lang='lat' dir='ltr'><strong>id</strong></span> <span class='ocrx_word' id='word_1_98' title='bbox 794 1247 937 1316; x_wconf 90' lang='lat' dir='ltr'><strong>quod</strong></span> <span class='ocrx_word' id='word_1_99' title='bbox 976 1245 1147 1313; x_wconf 90' lang='lat' dir='ltr'><strong>magis</strong></span> <span class='ocrx_word' id='word_1_100' title='bbox 1170 1242 1442 1297; x_wconf 81' lang='lat' dir='ltr'><strong>videbitur</strong></span> <span class='ocrx_word' id='word_1_101' title='bbox 1468 1242 1669 1306; x_wconf 89' lang='lat' dir='ltr'><strong>inesse,</strong></span> <span class='ocrx_word' id='word_1_102' title='bbox 1702 1243 1883 1297; x_wconf 88' lang='lat' dir='ltr'><strong>inerit.</strong></span> <span class='ocrx_word' id='word_1_103' title='bbox 1916 1244 2093 1299; x_wconf 75' lang='lat' dir='ltr'><strong>Multa:</strong></span> 
     </span>
    </p>
   </div>
   <div class='ocr_carea' id='block_1_15' title="bbox 520 1333 2092 1401">
    <p class='ocr_par' dir='ltr' id='par_1_15' title="bbox 520 1333 2092 1401">
     <span class='ocr_line' id='line_1_15' title="bbox 520 1333 2092 1401; baseline -0.003 -9"><span class='ocrx_word' id='word_1_104' title='bbox 520 1349 693 1394; x_wconf 91' lang='lat' dir='ltr'><strong>autem</strong></span> <span class='ocrx_word' id='word_1_105' title='bbox 723 1347 848 1393; x_wconf 87' lang='lat' dir='ltr'><strong>sunt</strong></span> <span class='ocrx_word' id='word_1_106' title='bbox 870 1337 1210 1391; x_wconf 86' lang='lat' dir='ltr'><strong>diversitates</strong></span> <span class='ocrx_word' id='word_1_107' title='bbox 1242 1334 1482 1393; x_wconf 88' lang='lat' dir='ltr'><strong>locorum</strong></span> <span class='ocrx_word' id='word_1_108' title='bbox 1508 1333 1575 1386; x_wconf 91' lang='lat' dir='ltr'><strong>ab</strong></span> <span class='ocrx_word' id='word_1_109' title='bbox 1600 1347 1665 1387; x_wconf 88' lang='lat' dir='ltr'><strong>eo</strong></span> <span class='ocrx_word' id='word_1_110' title='bbox 1690 1334 1830 1401; x_wconf 89' lang='lat' dir='ltr'><strong>quod</strong></span> <span class='ocrx_word' id='word_1_111' title='bbox 1868 1342 1951 1388; x_wconf 90' lang='lat' dir='ltr'><strong>est</strong></span> <span class='ocrx_word' id='word_1_112' title='bbox 1981 1348 2092 1387; x_wconf 91' lang='lat' dir='ltr'><strong>ma-</strong></span> 
     </span>
    </p>
   </div>
   <div class='ocr_carea' id='block_1_16' title="bbox 519 1424 2094 1501">
    <p class='ocr_par' dir='ltr' id='par_1_16' title="bbox 519 1424 2094 1501">
     <span class='ocr_line' id='line_1_16' title="bbox 519 1424 2094 1501; baseline -0.004 -16"><span class='ocrx_word' id='word_1_113' title='bbox 519 1432 602 1501; x_wconf 90' lang='lat' dir='ltr'><strong>gis</strong></span> <span class='ocrx_word' id='word_1_114' title='bbox 630 1438 685 1485; x_wconf 88' lang='lat' dir='ltr'><strong>et</strong></span> <span class='ocrx_word' id='word_1_115' title='bbox 718 1430 892 1483; x_wconf 90' lang='lat' dir='ltr'><strong>minus</strong></span> <span class='ocrx_word' id='word_1_116' title='bbox 917 1435 1231 1496; x_wconf 89' lang='lat' dir='ltr'><strong>argumenta</strong></span> <span class='ocrx_word' id='word_1_117' title='bbox 1262 1424 1701 1489; x_wconf 90' lang='lat' dir='ltr'><strong>ministrantium,</strong></span> <span class='ocrx_word' id='word_1_118' title='bbox 1734 1438 1869 1493; x_wconf 87' lang='lat' dir='ltr'><strong>quos</strong></span> <span class='ocrx_word' id='word_1_119' title='bbox 1916 1426 1967 1479; x_wconf 92' lang='lat' dir='ltr'><strong>in</strong></span> <span class='ocrx_word' id='word_1_120' title='bbox 1998 1441 2094 1479; x_wconf 82' lang='lat' dir='ltr'><strong>ex-</strong></span> 
     </span>
    </p>
   </div>
   <div class='ocr_carea' id='block_1_17' title="bbox 522 1515 2098 1589">
    <p class='ocr_par' dir='ltr' id='par_1_17' title="bbox 522 1515 2098 1589">
     <span class='ocr_line' id='line_1_17' title="bbox 522 1515 2098 1589; baseline -0.004 -13"><span class='ocrx_word' id='word_1_121' title='bbox 522 1522 787 1589; x_wconf 85' lang='lat' dir='ltr'><strong>positione</strong></span> <span class='ocrx_word' id='word_1_122' title='bbox 818 1520 1138 1587; x_wconf 90' lang='lat' dir='ltr'><strong>Topicorum</strong></span> <span class='ocrx_word' id='word_1_123' title='bbox 1160 1516 1467 1571; x_wconf 85' lang='lat' dir='ltr'><strong>Aristotelis</strong></span> <span class='ocrx_word' id='word_1_124' title='bbox 1488 1515 1800 1585; x_wconf 90' lang='lat' dir='ltr'><strong>diligentius</strong></span> <span class='ocrx_word' id='word_1_125' title='bbox 1829 1515 2098 1584; x_wconf 84' lang='lat' dir='ltr'><strong>persecuti</strong></span> 
     </span>
    </p>
   </div>
   <div class='ocr_carea' id='block_1_18' title="bbox 520 1606 2093 1675">
    <p class='ocr_par' dir='ltr' id='par_1_18' title="bbox 520 1606 2093 1675">
     <span class='ocr_line' id='line_1_18' title="bbox 520 1606 2093 1675; baseline -0.004 -9"><span class='ocrx_word' id='word_1_126' title='bbox 520 1626 728 1666; x_wconf 84' lang='lat' dir='ltr'><strong>sumus.</strong></span> <span class='ocrx_word' id='word_1_127' title='bbox 761 1609 889 1662; x_wconf 92' lang='lat' dir='ltr'><strong>ltem</strong></span> <span class='ocrx_word' id='word_1_128' title='bbox 921 1624 950 1661; x_wconf 89' lang='lat' dir='ltr'><strong>a</strong></span> <span class='ocrx_word' id='word_1_129' title='bbox 980 1606 1343 1675; x_wconf 86' lang='lat' dir='ltr'><strong>proportione,</strong></span> <span class='ocrx_word' id='word_1_130' title='bbox 1371 1614 1429 1659; x_wconf 91' lang='lat' dir='ltr'><strong>ut</strong></span> <span class='ocrx_word' id='word_1_131' title='bbox 1458 1606 1501 1659; x_wconf 89' lang='lat' dir='ltr'><strong>si</strong></span> <span class='ocrx_word' id='word_1_132' title='bbox 1530 1614 1796 1673; x_wconf 66' lang='lat' dir='ltr'><strong>quaeratur</strong></span> <span class='ocrx_word' id='word_1_133' title='bbox 1838 1622 1906 1658; x_wconf 90' lang='lat' dir='ltr'><strong>an</strong></span> <span class='ocrx_word' id='word_1_134' title='bbox 1946 1615 2093 1660; x_wconf 85' lang='lat' dir='ltr'><strong>sorte</strong></span> 
     </span>
    </p>
   </div>
   <div class='ocr_carea' id='block_1_19' title="bbox 2201 432 3767 505">
    <p class='ocr_par' dir='ltr' id='par_1_19' title="bbox 2201 432 3767 505">
     <span class='ocr_line' id='line_1_19' title="bbox 2201 432 3767 505; baseline 0.006 -22"><span class='ocrx_word' id='word_1_135' title='bbox 2201 446 2321 485; x_wconf 81' lang='lat' dir='ltr'><strong>nem</strong></span> <span class='ocrx_word' id='word_1_136' title='bbox 2372 432 2586 486; x_wconf 89' lang='lat' dir='ltr'><strong>sibimet</strong></span> <span class='ocrx_word' id='word_1_137' title='bbox 2632 445 2997 503; x_wconf 88' lang='lat' dir='ltr'><strong>opponuntur.</strong></span> <span class='ocrx_word' id='word_1_138' title='bbox 3046 436 3125 489; x_wconf 82' lang='lat' dir='ltr'><strong>Ex</strong></span> <span class='ocrx_word' id='word_1_139' title='bbox 3186 439 3616 505; x_wconf 85' lang='lat' dir='ltr'><strong>transumptione</strong></span> <span class='ocrx_word' id='word_1_140' title='bbox 3666 440 3767 493; x_wconf 81' lang='lat' dir='ltr'><strong>hoc</strong></span> 
     </span>
    </p>
   </div>
   <div class='ocr_carea' id='block_1_20' title="bbox 2200 520 3769 595">
    <p class='ocr_par' dir='ltr' id='par_1_20' title="bbox 2200 520 3769 595">
     <span class='ocr_line' id='line_1_20' title="bbox 2200 520 3769 595; baseline 0.006 -23"><span class='ocrx_word' id='word_1_141' title='bbox 2200 520 2358 573; x_wconf 92' lang='lat' dir='ltr'><strong>modo</strong></span> <span class='ocrx_word' id='word_1_142' title='bbox 2400 522 2478 585; x_wconf 83' lang='lat' dir='ltr'><strong>tit,</strong></span> <span class='ocrx_word' id='word_1_143' title='bbox 2517 535 2639 575; x_wconf 92' lang='lat' dir='ltr'><strong>cum</strong></span> <span class='ocrx_word' id='word_1_144' title='bbox 2685 538 2756 577; x_wconf 81' lang='lat' dir='ltr'><strong>cx</strong></span> <span class='ocrx_word' id='word_1_145' title='bbox 2800 524 2883 577; x_wconf 87' lang='lat' dir='ltr'><strong>his</strong></span> <span class='ocrx_word' id='word_1_146' title='bbox 2932 526 3174 579; x_wconf 83' lang='lat' dir='ltr'><strong>terminis</strong></span> <span class='ocrx_word' id='word_1_147' title='bbox 3217 525 3270 579; x_wconf 90' lang='lat' dir='ltr'><strong>in</strong></span> <span class='ocrx_word' id='word_1_148' title='bbox 3317 528 3513 595; x_wconf 83' lang='lat' dir='ltr'><strong>quibus</strong></span> <span class='ocrx_word' id='word_1_149' title='bbox 3546 530 3769 595; x_wconf 67' lang='lat' dir='ltr'><strong>quaealia</strong></span> 
     </span>
    </p>
   </div>
   <div class='ocr_carea' id='block_1_21' title="bbox 2199 609 3771 682">
    <p class='ocr_par' dir='ltr' id='par_1_21' title="bbox 2199 609 3771 682">
     <span class='ocr_line' id='line_1_21' title="bbox 2199 609 3771 682; baseline 0.004 -19"><span class='ocrx_word' id='word_1_150' title='bbox 2199 609 2485 663; x_wconf 86' lang='lat' dir='ltr'><strong>constituta</strong></span> <span class='ocrx_word' id='word_1_151' title='bbox 2540 619 2645 676; x_wconf 87' lang='lat' dir='ltr'><strong>est,</strong></span> <span class='ocrx_word' id='word_1_152' title='bbox 2693 612 2760 665; x_wconf 91' lang='lat' dir='ltr'><strong>ad</strong></span> <span class='ocrx_word' id='word_1_153' title='bbox 2810 613 2952 666; x_wconf 88' lang='lat' dir='ltr'><strong>aliud</strong></span> <span class='ocrx_word' id='word_1_154' title='bbox 2993 614 3246 682; x_wconf 86' lang='lat' dir='ltr'><strong>quiddam</strong></span> <span class='ocrx_word' id='word_1_155' title='bbox 3295 618 3475 669; x_wconf 84' lang='lat' dir='ltr'><strong>notius</strong></span> <span class='ocrx_word' id='word_1_156' title='bbox 3513 616 3771 671; x_wconf 82' lang='lat' dir='ltr'><strong>dubitatio</strong></span> 
     </span>
    </p>
   </div>
   <div class='ocr_carea' id='block_1_22' title="bbox 2199 692 3770 773">
    <p class='ocr_par' dir='ltr' id='par_1_22' title="bbox 2199 692 3770 773">
     <span class='ocr_line' id='line_1_22' title="bbox 2199 692 3770 773; baseline 0.004 -21"><span class='ocrx_word' id='word_1_157' title='bbox 2199 699 2537 764; x_wconf 78' lang='lat' dir='ltr'><strong>transfertur,</strong></span> <span class='ocrx_word' id='word_1_158' title='bbox 2581 711 2637 755; x_wconf 89' lang='lat' dir='ltr'><strong>et</strong></span> <span class='ocrx_word' id='word_1_159' title='bbox 2681 717 2748 755; x_wconf 80' lang='lat' dir='ltr'><strong>ex</strong></span> <span class='ocrx_word' id='word_1_160' title='bbox 2786 702 2902 770; x_wconf 85' lang='lat' dir='ltr'><strong>ejus</strong></span> <span class='ocrx_word' id='word_1_161' title='bbox 2948 692 3267 772; x_wconf 85' lang='lat' dir='ltr'><strong>probatione</strong></span> <span class='ocrx_word' id='word_1_162' title='bbox 3294 718 3356 759; x_wconf 85' lang='lat' dir='ltr'><strong>ca</strong></span> <span class='ocrx_word' id='word_1_163' title='bbox 3402 720 3523 773; x_wconf 62' lang='lat' dir='ltr'><strong>qua</strong></span> <span class='ocrx_word' id='word_1_164' title='bbox 3552 707 3605 758; x_wconf 90' lang='lat' dir='ltr'><strong>iu</strong></span> <span class='ocrx_word' id='word_1_165' title='bbox 3630 721 3770 773; x_wconf 78' lang='lat' dir='ltr'><strong>qua:-</strong></span> 
     </span>
    </p>
   </div>
   <div class='ocr_carea' id='block_1_23' title="bbox 2197 788 3764 860">
    <p class='ocr_par' dir='ltr' id='par_1_23' title="bbox 2197 788 3764 860">
     <span class='ocr_line' id='line_1_23' title="bbox 2197 788 3764 860; baseline 0.004 -19"><span class='ocrx_word' id='word_1_166' title='bbox 2197 788 2372 844; x_wconf 90' lang='lat' dir='ltr'><strong>stione</strong></span> <span class='ocrx_word' id='word_1_167' title='bbox 2420 791 2593 858; x_wconf 85' lang='lat' dir='ltr'><strong>posita</strong></span> <span class='ocrx_word' id='word_1_168' title='bbox 2640 801 2768 845; x_wconf 90' lang='lat' dir='ltr'><strong>sunt</strong></span> <span class='ocrx_word' id='word_1_169' title='bbox 2805 794 3212 860; x_wconf 88' lang='lat' dir='ltr'><strong>conlirmantur,</strong></span> <span class='ocrx_word' id='word_1_170' title='bbox 3259 802 3318 847; x_wconf 92' lang='lat' dir='ltr'><strong>ut</strong></span> <span class='ocrx_word' id='word_1_171' title='bbox 3357 794 3608 848; x_wconf 83' lang='lat' dir='ltr'><strong>Socrates</strong></span> <span class='ocrx_word' id='word_1_172' title='bbox 3647 809 3764 849; x_wconf 87' lang='lat' dir='ltr'><strong>cum</strong></span> 
     </span>
    </p>
   </div>
   <div class='ocr_carea' id='block_1_24' title="bbox 2196 880 3766 952">
    <p class='ocr_par' dir='ltr' id='par_1_24' title="bbox 2196 880 3766 952">
     <span class='ocr_line' id='line_1_24' title="bbox 2196 880 3766 952; baseline 0.003 -19"><span class='ocrx_word' id='word_1_173' title='bbox 2196 880 2322 948; x_wconf 90' lang='lat' dir='ltr'><strong>quid</strong></span> <span class='ocrx_word' id='word_1_174' title='bbox 2350 890 2531 949; x_wconf 88' lang='lat' dir='ltr'><strong>posset</strong></span> <span class='ocrx_word' id='word_1_175' title='bbox 2562 881 2615 936; x_wconf 93' lang='lat' dir='ltr'><strong>in</strong></span> <span class='ocrx_word' id='word_1_176' title='bbox 2648 897 2753 936; x_wconf 89' lang='lat' dir='ltr'><strong>uno</strong></span> <span class='ocrx_word' id='word_1_177' title='bbox 2781 897 2996 952; x_wconf 90' lang='lat' dir='ltr'><strong>quoque</strong></span> <span class='ocrx_word' id='word_1_178' title='bbox 3010 882 3217 951; x_wconf 87' lang='lat' dir='ltr'><strong>justitia</strong></span> <span class='ocrx_word' id='word_1_179' title='bbox 3241 893 3530 952; x_wconf 62' lang='lat' dir='ltr'><strong>quaereret,</strong></span> <span class='ocrx_word' id='word_1_180' title='bbox 3559 899 3766 939; x_wconf 85' lang='lat' dir='ltr'><strong>omnem</strong></span> 
     </span>
    </p>
   </div>
   <div class='ocr_carea' id='block_1_25' title="bbox 2198 971 3765 1044">
    <p class='ocr_par' dir='ltr' id='par_1_25' title="bbox 2198 971 3765 1044">
     <span class='ocr_line' id='line_1_25' title="bbox 2198 971 3765 1044; baseline 0.004 -21"><span class='ocrx_word' id='word_1_181' title='bbox 2198 978 2478 1024; x_wconf 87' lang='lat' dir='ltr'><strong>tractatum</strong></span> <span class='ocrx_word' id='word_1_182' title='bbox 2525 971 2593 1025; x_wconf 92' lang='lat' dir='ltr'><strong>ad</strong></span> <span class='ocrx_word' id='word_1_183' title='bbox 2641 972 2954 1041; x_wconf 64' lang='lat' dir='ltr'><strong>reipublicae</strong></span> <span class='ocrx_word' id='word_1_184' title='bbox 3006 976 3276 1029; x_wconf 87' lang='lat' dir='ltr'><strong>transtulit</strong></span> <span class='ocrx_word' id='word_1_185' title='bbox 3326 976 3765 1044; x_wconf 82' lang='lat' dir='ltr'><strong>magnitudinem,</strong></span> 
     </span>
    </p>
   </div>
   <div class='ocr_carea' id='block_1_26' title="bbox 2195 1062 3768 1136">
    <p class='ocr_par' dir='ltr' id='par_1_26' title="bbox 2195 1062 3768 1136">
     <span class='ocr_line' id='line_1_26' title="bbox 2195 1062 3768 1136; baseline 0.003 -21"><span class='ocrx_word' id='word_1_186' title='bbox 2195 1070 2353 1132; x_wconf 87' lang='lat' dir='ltr'><strong>atque</strong></span> <span class='ocrx_word' id='word_1_187' title='bbox 2375 1077 2446 1116; x_wconf 80' lang='lat' dir='ltr'><strong>ex</strong></span> <span class='ocrx_word' id='word_1_188' title='bbox 2478 1077 2544 1117; x_wconf 93' lang='lat' dir='ltr'><strong>eo</strong></span> <span class='ocrx_word' id='word_1_189' title='bbox 2573 1062 2713 1132; x_wconf 81' lang='lat' dir='ltr'><strong>quod</strong></span> <span class='ocrx_word' id='word_1_190' title='bbox 2736 1063 2844 1118; x_wconf 93' lang='lat' dir='ltr'><strong>illic</strong></span> <span class='ocrx_word' id='word_1_191' title='bbox 2870 1062 3130 1132; x_wconf 75' lang='lat' dir='ltr'><strong>efﬁceret,-</strong></span> <span class='ocrx_word' id='word_1_192' title='bbox 3156 1065 3210 1118; x_wconf 91' lang='lat' dir='ltr'><strong>in</strong></span> <span class='ocrx_word' id='word_1_193' title='bbox 3235 1066 3464 1136; x_wconf 75' lang='lat' dir='ltr'><strong>singulis</strong></span> <span class='ocrx_word' id='word_1_194' title='bbox 3492 1068 3650 1121; x_wconf 83' lang='lat' dir='ltr'><strong>etiam</strong></span> <span class='ocrx_word' id='word_1_195' title='bbox 3679 1083 3768 1119; x_wconf 81' lang='lat' dir='ltr'><strong>va-</strong></span> 
     </span>
    </p>
   </div>
   <div class='ocr_carea' id='block_1_27' title="bbox 2196 1150 3767 1218">
    <p class='ocr_par' dir='ltr' id='par_1_27' title="bbox 2196 1150 3767 1218">
     <span class='ocr_line' id='line_1_27' title="bbox 2196 1150 3767 1218; baseline 0.004 -15"><span class='ocrx_word' id='word_1_196' title='bbox 2196 1150 2309 1205; x_wconf 88' lang='lat' dir='ltr'><strong>lere</strong></span> <span class='ocrx_word' id='word_1_197' title='bbox 2340 1151 2707 1206; x_wconf 82' lang='lat' dir='ltr'><strong>conﬁrmavit.</strong></span> <span class='ocrx_word' id='word_1_198' title='bbox 2738 1153 2838 1218; x_wconf 82' lang='lat' dir='ltr'><strong>Qui</strong></span> <span class='ocrx_word' id='word_1_199' title='bbox 2872 1153 3019 1209; x_wconf 92' lang='lat' dir='ltr'><strong>locus</strong></span> <span class='ocrx_word' id='word_1_200' title='bbox 3048 1168 3079 1206; x_wconf 86' lang='lat' dir='ltr'><strong>a</strong></span> <span class='ocrx_word' id='word_1_201' title='bbox 3110 1164 3223 1209; x_wconf 89' lang='lat' dir='ltr'><strong>toto</strong></span> <span class='ocrx_word' id='word_1_202' title='bbox 3258 1154 3486 1210; x_wconf 83' lang='lat' dir='ltr'><strong>forsitan</strong></span> <span class='ocrx_word' id='word_1_203' title='bbox 3528 1170 3649 1210; x_wconf 88' lang='lat' dir='ltr'><strong>esse</strong></span> <span class='ocrx_word' id='word_1_204' title='bbox 3690 1158 3767 1209; x_wconf 83' lang='lat' dir='ltr'><strong>vi-</strong></span> 
     </span>
    </p>
   </div>
   <div class='ocr_carea' id='block_1_28' title="bbox 2194 1241 3767 1315">
    <p class='ocr_par' dir='ltr' id='par_1_28' title="bbox 2194 1241 3767 1315">
     <span class='ocr_line' id='line_1_28' title="bbox 2194 1241 3767 1315; baseline 0.004 -20"><span class='ocrx_word' id='word_1_205' title='bbox 2194 1241 2429 1303; x_wconf 87' lang='lat' dir='ltr'><strong>debitur.</strong></span> <span class='ocrx_word' id='word_1_206' title='bbox 2483 1242 2588 1297; x_wconf 89' lang='lat' dir='ltr'><strong>Sed</strong></span> <span class='ocrx_word' id='word_1_207' title='bbox 2625 1246 2878 1311; x_wconf 82' lang='lat' dir='ltr'><strong>quoniam</strong></span> <span class='ocrx_word' id='word_1_208' title='bbox 2923 1260 3030 1300; x_wconf 90' lang='lat' dir='ltr'><strong>non</strong></span> <span class='ocrx_word' id='word_1_209' title='bbox 3077 1245 3303 1301; x_wconf 64' lang='lat' dir='ltr'><strong>inhaeret</strong></span> <span class='ocrx_word' id='word_1_210' title='bbox 3357 1246 3441 1301; x_wconf 85' lang='lat' dir='ltr'><strong>his</strong></span> <span class='ocrx_word' id='word_1_211' title='bbox 3488 1247 3555 1300; x_wconf 89' lang='lat' dir='ltr'><strong>de</strong></span> <span class='ocrx_word' id='word_1_212' title='bbox 3581 1247 3767 1315; x_wconf 86' lang='lat' dir='ltr'><strong>quibus</strong></span> 
     </span>
    </p>
   </div>
   <div class='ocr_carea' id='block_1_29' title="bbox 2198 1336 3763 1405">
    <p class='ocr_par' dir='ltr' id='par_1_29' title="bbox 2198 1336 3763 1405">
     <span class='ocr_line' id='line_1_29' title="bbox 2198 1336 3763 1405; baseline 0.001 -16"><span class='ocrx_word' id='word_1_213' title='bbox 2198 1337 2520 1404; x_wconf 88' lang='lat' dir='ltr'><strong>proponitur</strong></span> <span class='ocrx_word' id='word_1_214' title='bbox 2546 1336 2814 1403; x_wconf 88' lang='lat' dir='ltr'><strong>terminis,</strong></span> <span class='ocrx_word' id='word_1_215' title='bbox 2840 1337 2934 1392; x_wconf 88' lang='lat' dir='ltr'><strong>sed</strong></span> <span class='ocrx_word' id='word_1_216' title='bbox 2963 1348 3113 1391; x_wconf 81' lang='lat' dir='ltr'><strong>extra</strong></span> <span class='ocrx_word' id='word_1_217' title='bbox 3138 1338 3306 1405; x_wconf 86' lang='lat' dir='ltr'><strong>posita</strong></span> <span class='ocrx_word' id='word_1_218' title='bbox 3331 1352 3420 1392; x_wconf 81' lang='lat' dir='ltr'><strong>res</strong></span> <span class='ocrx_word' id='word_1_219' title='bbox 3441 1339 3542 1392; x_wconf 89' lang='lat' dir='ltr'><strong>hoc</strong></span> <span class='ocrx_word' id='word_1_220' title='bbox 3572 1347 3763 1392; x_wconf 82' lang='lat' dir='ltr'><strong>tantum</strong></span> 
     </span>
    </p>
   </div>
   <div class='ocr_carea' id='block_1_30' title="bbox 2194 1425 3763 1495">
    <p class='ocr_par' dir='ltr' id='par_1_30' title="bbox 2194 1425 3763 1495">
     <span class='ocr_line' id='line_1_30' title="bbox 2194 1425 3763 1495; baseline 0.003 -19"><span class='ocrx_word' id='word_1_221' title='bbox 2194 1426 2317 1494; x_wconf 84' lang='lat' dir='ltr'><strong>quia</strong></span> <span class='ocrx_word' id='word_1_222' title='bbox 2344 1426 2522 1479; x_wconf 90' lang='lat' dir='ltr'><strong>notior</strong></span> <span class='ocrx_word' id='word_1_223' title='bbox 2547 1425 2778 1491; x_wconf 88' lang='lat' dir='ltr'><strong>videtur,</strong></span> <span class='ocrx_word' id='word_1_224' title='bbox 2811 1427 3123 1489; x_wconf 87' lang='lat' dir='ltr'><strong>assumitur,</strong></span> <span class='ocrx_word' id='word_1_225' title='bbox 3146 1426 3349 1491; x_wconf 88' lang='lat' dir='ltr'><strong>idcirco</strong></span> <span class='ocrx_word' id='word_1_226' title='bbox 3373 1443 3438 1481; x_wconf 79' lang='lat' dir='ltr'><strong>ex</strong></span> <span class='ocrx_word' id='word_1_227' title='bbox 3466 1437 3763 1495; x_wconf 85' lang='lat' dir='ltr'><strong>transump-</strong></span> 
     </span>
    </p>
   </div>
   <div class='ocr_carea' id='block_1_31' title="bbox 2196 1515 3761 1586">
    <p class='ocr_par' dir='ltr' id='par_1_31' title="bbox 2196 1515 3761 1586">
     <span class='ocr_line' id='line_1_31' title="bbox 2196 1515 3761 1586; baseline 0.003 -19"><span class='ocrx_word' id='word_1_228' title='bbox 2196 1515 2339 1569; x_wconf 88' lang='lat' dir='ltr'><strong>tione</strong></span> <span class='ocrx_word' id='word_1_229' title='bbox 2366 1515 2511 1569; x_wconf 91' lang='lat' dir='ltr'><strong>locus</strong></span> <span class='ocrx_word' id='word_1_230' title='bbox 2534 1515 2621 1569; x_wconf 89' lang='lat' dir='ltr'><strong>hic</strong></span> <span class='ocrx_word' id='word_1_231' title='bbox 2647 1516 2989 1571; x_wconf 90' lang='lat' dir='ltr'><strong>convenienti</strong></span> <span class='ocrx_word' id='word_1_232' title='bbox 3011 1518 3269 1571; x_wconf 79' lang='lat' dir='ltr'><strong>voeabulo</strong></span> <span class='ocrx_word' id='word_1_233' title='bbox 3302 1528 3642 1586; x_wconf 83' lang='lat' dir='ltr'><strong>nuncupatus</strong></span> <span class='ocrx_word' id='word_1_234' title='bbox 3662 1518 3761 1573; x_wconf 63' lang='lat' dir='ltr'><strong>erit.</strong></span> 
     </span>
    </p>
   </div>
   <div class='ocr_carea' id='block_1_32' title="bbox 2198 1604 3763 1676">
    <p class='ocr_par' dir='ltr' id='par_1_32' title="bbox 2198 1604 3763 1676">
     <span class='ocr_line' id='line_1_32' title="bbox 2198 1604 3763 1676; baseline 0.002 -17"><span class='ocrx_word' id='word_1_235' title='bbox 2198 1605 2288 1659; x_wconf 88' lang='lat' dir='ltr'><strong>Fit</strong></span> <span class='ocrx_word' id='word_1_236' title='bbox 2312 1620 2441 1659; x_wconf 90' lang='lat' dir='ltr'><strong>vero</strong></span> <span class='ocrx_word' id='word_1_237' title='bbox 2484 1604 2599 1659; x_wconf 68' lang='lat'><strong>[1:20</strong></span> <span class='ocrx_word' id='word_1_238' title='bbox 2630 1608 2985 1674; x_wconf 87' lang='lat' dir='ltr'><strong>transumptio</strong></span> <span class='ocrx_word' id='word_1_239' title='bbox 3016 1614 3071 1661; x_wconf 91' lang='lat' dir='ltr'><strong>et</strong></span> <span class='ocrx_word' id='word_1_240' title='bbox 3114 1610 3166 1659; x_wconf 91' lang='lat' dir='ltr'><strong>in</strong></span> <span class='ocrx_word' id='word_1_241' title='bbox 3211 1608 3429 1661; x_wconf 88' lang='lat' dir='ltr'><strong>nomine</strong></span> <span class='ocrx_word' id='word_1_242' title='bbox 3455 1608 3664 1676; x_wconf 81' lang='lat' dir='ltr'><strong>quoties</strong></span> <span class='ocrx_word' id='word_1_243' title='bbox 3702 1610 3763 1662; x_wconf 83' lang='lat' dir='ltr'><strong>ab</strong></span> 
     </span>
    </p>
   </div>
   <div class='ocr_carea' id='block_1_33' title="bbox 523 1696 3761 1768">
    <p class='ocr_par' dir='ltr' id='par_1_33' title="bbox 523 1696 3761 1768">
     <span class='ocr_line' id='line_1_33' title="bbox 523 1696 3761 1768; baseline -0.001 -11"><span class='ocrx_word' id='word_1_244' title='bbox 523 1704 631 1757; x_wconf 89' lang='lat' dir='ltr'><strong>sint</strong></span> <span class='ocrx_word' id='word_1_245' title='bbox 658 1698 886 1768; x_wconf 89' lang='lat' dir='ltr'><strong>eligendi</strong></span> <span class='ocrx_word' id='word_1_246' title='bbox 917 1698 966 1751; x_wconf 91' lang='lat' dir='ltr'><strong>in</strong></span> <span class='ocrx_word' id='word_1_247' title='bbox 998 1696 1303 1751; x_wconf 84' lang='lat' dir='ltr'><strong>civitatibus</strong></span> <span class='ocrx_word' id='word_1_248' title='bbox 1328 1697 1692 1764; x_wconf 83' lang='lat' dir='ltr'><strong>magistratus,</strong></span> <span class='ocrx_word' id='word_1_249' title='bbox 1723 1696 1968 1750; x_wconf 80' lang='lat' dir='ltr'><strong>dicamus</strong></span> <span class='ocrx_word' id='word_1_250' title='bbox 1990 1698 2084 1749; x_wconf 88' lang='lat' dir='ltr'><strong>mi-</strong></span> <span class='ocrx_word' id='word_1_251' title='bbox 2119 1698 2167 1756; x_wconf 84' lang='grc' dir='ltr'><strong><em>Β</em></strong></span> <span class='ocrx_word' id='word_1_252' title='bbox 2194 1697 2425 1751; x_wconf 90' lang='lat' dir='ltr'><strong>obscuro</strong></span> <span class='ocrx_word' id='word_1_253' title='bbox 2448 1696 2711 1752; x_wconf 91' lang='lat' dir='ltr'><strong>vocabulo</strong></span> <span class='ocrx_word' id='word_1_254' title='bbox 2727 1697 2791 1750; x_wconf 88' lang='lat' dir='ltr'><strong>ad</strong></span> <span class='ocrx_word' id='word_1_255' title='bbox 2811 1698 2989 1751; x_wconf 82' lang='lat' dir='ltr'><strong>nctius</strong></span> <span class='ocrx_word' id='word_1_256' title='bbox 3012 1700 3403 1768; x_wconf 73' lang='lat' dir='ltr'><strong>argumentatio</strong></span> <span class='ocrx_word' id='word_1_257' title='bbox 3427 1701 3761 1765; x_wconf 74' lang='lat' dir='ltr'><strong>transfertur,</strong></span> 
     </span>
    </p>
   </div>
   <div class='ocr_carea' id='block_1_34' title="bbox 524 1785 2088 1855">
    <p class='ocr_par' dir='ltr' id='par_1_34' title="bbox 524 1785 2088 1855">
     <span class='ocr_line' id='line_1_34' title="bbox 524 1785 2088 1855; baseline -0.005 -8"><span class='ocrx_word' id='word_1_258' title='bbox 524 1794 690 1847; x_wconf 90' lang='lat' dir='ltr'><strong>nime.</strong></span> <span class='ocrx_word' id='word_1_259' title='bbox 718 1790 852 1855; x_wconf 78' lang='lat' dir='ltr'><strong>Quia</strong></span> <span class='ocrx_word' id='word_1_260' title='bbox 883 1802 949 1841; x_wconf 90' lang='lat' dir='ltr'><strong>ne</strong></span> <span class='ocrx_word' id='word_1_261' title='bbox 976 1788 1028 1839; x_wconf 92' lang='lat' dir='ltr'><strong>in</strong></span> <span class='ocrx_word' id='word_1_262' title='bbox 1061 1785 1283 1839; x_wconf 83' lang='lat' dir='ltr'><strong>navibus</strong></span> <span class='ocrx_word' id='word_1_263' title='bbox 1324 1786 1535 1853; x_wconf 89' lang='lat' dir='ltr'><strong>quidem</strong></span> <span class='ocrx_word' id='word_1_264' title='bbox 1575 1786 1904 1854; x_wconf 82' lang='lat' dir='ltr'><strong>gubernator</strong></span> <span class='ocrx_word' id='word_1_265' title='bbox 1940 1792 2088 1839; x_wconf 89' lang='lat' dir='ltr'><strong>sorte</strong></span> 
     </span>
    </p>
   </div>
   <div class='ocr_carea' id='block_1_35' title="bbox 524 1876 2091 1952">
    <p class='ocr_par' dir='ltr' id='par_1_35' title="bbox 524 1876 2091 1952">
     <span class='ocr_line' id='line_1_35' title="bbox 524 1876 2091 1952; baseline -0.006 -15"><span class='ocrx_word' id='word_1_266' title='bbox 524 1884 833 1952; x_wconf 66' lang='lat' dir='ltr'><strong>praeﬁcitur,</strong></span> <span class='ocrx_word' id='word_1_267' title='bbox 874 1887 954 1933; x_wconf 90' lang='lat' dir='ltr'><strong>est</strong></span> <span class='ocrx_word' id='word_1_268' title='bbox 982 1877 1123 1931; x_wconf 91' lang='lat' dir='ltr'><strong>enim</strong></span> <span class='ocrx_word' id='word_1_269' title='bbox 1154 1876 1449 1944; x_wconf 88' lang='lat' dir='ltr'><strong>proportio.</strong></span> <span class='ocrx_word' id='word_1_270' title='bbox 1478 1876 1609 1929; x_wconf 86' lang='lat' dir='ltr'><strong>Nam</strong></span> <span class='ocrx_word' id='word_1_271' title='bbox 1646 1886 1703 1930; x_wconf 93' lang='lat' dir='ltr'><strong>ut</strong></span> <span class='ocrx_word' id='word_1_272' title='bbox 1738 1890 1860 1930; x_wconf 89' lang='lat' dir='ltr'><strong>sese</strong></span> <span class='ocrx_word' id='word_1_273' title='bbox 1890 1876 2091 1944; x_wconf 85' lang='lat' dir='ltr'><strong>guber-</strong></span> 
     </span>
    </p>
   </div>
   <div class='ocr_carea' id='block_1_36' title="bbox 524 1966 2088 2035">
    <p class='ocr_par' dir='ltr' id='par_1_36' title="bbox 524 1966 2088 2035">
     <span class='ocr_line' id='line_1_36' title="bbox 524 1966 2088 2035; baseline -0.008 -5"><span class='ocrx_word' id='word_1_274' title='bbox 524 1984 678 2030; x_wconf 89' lang='lat' dir='ltr'><strong>nator</strong></span> <span class='ocrx_word' id='word_1_275' title='bbox 702 1972 861 2025; x_wconf 88' lang='lat' dir='ltr'><strong>habet</strong></span> <span class='ocrx_word' id='word_1_276' title='bbox 892 1967 955 2022; x_wconf 91' lang='lat' dir='ltr'><strong>ad</strong></span> <span class='ocrx_word' id='word_1_277' title='bbox 985 1966 1179 2028; x_wconf 90' lang='lat' dir='ltr'><strong>navim,</strong></span> <span class='ocrx_word' id='word_1_278' title='bbox 1212 1968 1284 2020; x_wconf 90' lang='lat' dir='ltr'><strong>ita</strong></span> <span class='ocrx_word' id='word_1_279' title='bbox 1329 1967 1671 2035; x_wconf 79' lang='lat' dir='ltr'><strong>magistratus</strong></span> <span class='ocrx_word' id='word_1_280' title='bbox 1700 1968 1764 2019; x_wconf 84' lang='lat' dir='ltr'><strong>ad</strong></span> <span class='ocrx_word' id='word_1_281' title='bbox 1796 1966 2088 2019; x_wconf 87' lang='lat' dir='ltr'><strong>civitatem.</strong></span> 
     </span>
    </p>
   </div>
   <div class='ocr_carea' id='block_1_37' title="bbox 523 2054 2087 2125">
    <p class='ocr_par' dir='ltr' id='par_1_37' title="bbox 523 2054 2087 2125">
     <span class='ocr_line' id='line_1_37' title="bbox 523 2054 2087 2125; baseline -0.01 -3"><span class='ocrx_word' id='word_1_282' title='bbox 523 2069 622 2123; x_wconf 84' lang='lat' dir='ltr'><strong>Hic</strong></span> <span class='ocrx_word' id='word_1_283' title='bbox 646 2073 823 2119; x_wconf 88' lang='lat' dir='ltr'><strong>autem</strong></span> <span class='ocrx_word' id='word_1_284' title='bbox 847 2063 997 2117; x_wconf 91' lang='lat' dir='ltr'><strong>locus</strong></span> <span class='ocrx_word' id='word_1_285' title='bbox 1024 2060 1188 2115; x_wconf 89' lang='lat' dir='ltr'><strong>distat</strong></span> <span class='ocrx_word' id='word_1_286' title='bbox 1206 2058 1273 2112; x_wconf 89' lang='lat' dir='ltr'><strong>ab</strong></span> <span class='ocrx_word' id='word_1_287' title='bbox 1302 2072 1367 2112; x_wconf 91' lang='lat' dir='ltr'><strong>eo</strong></span> <span class='ocrx_word' id='word_1_288' title='bbox 1392 2056 1479 2125; x_wconf 89' lang='lat' dir='ltr'><strong>qui</strong></span> <span class='ocrx_word' id='word_1_289' title='bbox 1511 2071 1540 2109; x_wconf 92' lang='lat' dir='ltr'><strong>a</strong></span> <span class='ocrx_word' id='word_1_290' title='bbox 1563 2055 1829 2109; x_wconf 88' lang='lat' dir='ltr'><strong>similibus</strong></span> <span class='ocrx_word' id='word_1_291' title='bbox 1858 2054 2087 2108; x_wconf 86' lang='lat' dir='ltr'><strong>ducitur.</strong></span> 
     </span>
    </p>
   </div>
   <div class='ocr_carea' id='block_1_38' title="bbox 524 2145 2090 2215">
    <p class='ocr_par' dir='ltr' id='par_1_38' title="bbox 524 2145 2090 2215">
     <span class='ocr_line' id='line_1_38' title="bbox 524 2145 2090 2215; baseline -0.01 -3"><span class='ocrx_word' id='word_1_292' title='bbox 524 2161 596 2215; x_wconf 88' lang='lat' dir='ltr'><strong>Ibi</strong></span> <span class='ocrx_word' id='word_1_293' title='bbox 626 2158 767 2213; x_wconf 89' lang='lat' dir='ltr'><strong>enim</strong></span> <span class='ocrx_word' id='word_1_294' title='bbox 799 2169 903 2209; x_wconf 88' lang='lat' dir='ltr'><strong>una</strong></span> <span class='ocrx_word' id='word_1_295' title='bbox 926 2166 1012 2208; x_wconf 88' lang='lat' dir='ltr'><strong>res</strong></span> <span class='ocrx_word' id='word_1_296' title='bbox 1035 2149 1351 2205; x_wconf 88' lang='lat' dir='ltr'><strong>unicuilibet</strong></span> <span class='ocrx_word' id='word_1_297' title='bbox 1373 2147 1459 2200; x_wconf 87' lang='lat' dir='ltr'><strong>alii</strong></span> <span class='ocrx_word' id='word_1_298' title='bbox 1490 2155 1850 2215; x_wconf 84' lang='lat' dir='ltr'><strong>comparatur.</strong></span> <span class='ocrx_word' id='word_1_299' title='bbox 1884 2145 1939 2197; x_wconf 87' lang='lat' dir='ltr'><strong>In</strong></span> <span class='ocrx_word' id='word_1_300' title='bbox 1965 2159 2090 2212; x_wconf 89' lang='lat' dir='ltr'><strong>pro-</strong></span> 
     </span>
    </p>
   </div>
   <div class='ocr_carea' id='block_1_39' title="bbox 521 2235 2094 2319">
    <p class='ocr_par' dir='ltr' id='par_1_39' title="bbox 521 2235 2094 2319">
     <span class='ocr_line' id='line_1_39' title="bbox 521 2235 2094 2319; baseline -0.011 -15"><span class='ocrx_word' id='word_1_301' title='bbox 521 2249 765 2319; x_wconf 83' lang='lat' dir='ltr'><strong>portione</strong></span> <span class='ocrx_word' id='word_1_302' title='bbox 793 2259 924 2299; x_wconf 89' lang='lat' dir='ltr'><strong>vero</strong></span> <span class='ocrx_word' id='word_1_303' title='bbox 966 2258 1071 2297; x_wconf 93' lang='lat' dir='ltr'><strong>non</strong></span> <span class='ocrx_word' id='word_1_304' title='bbox 1122 2250 1207 2295; x_wconf 92' lang='lat' dir='ltr'><strong>est</strong></span> <span class='ocrx_word' id='word_1_305' title='bbox 1254 2237 1550 2293; x_wconf 90' lang='lat' dir='ltr'><strong>similitudo</strong></span> <span class='ocrx_word' id='word_1_306' title='bbox 1591 2252 1791 2299; x_wconf 88' lang='lat' dir='ltr'><strong>rerum,</strong></span> <span class='ocrx_word' id='word_1_307' title='bbox 1824 2235 1917 2288; x_wconf 81' lang='lat' dir='ltr'><strong>sed</strong></span> <span class='ocrx_word' id='word_1_308' title='bbox 1947 2250 2094 2304; x_wconf 75' lang='lat' dir='ltr'><strong>quaa-</strong></span> 
     </span>
    </p>
   </div>
   <div class='ocr_carea' id='block_1_40' title="bbox 520 2327 2088 2401">
    <p class='ocr_par' dir='ltr' id='par_1_40' title="bbox 520 2327 2088 2401">
     <span class='ocr_line' id='line_1_40' title="bbox 520 2327 2088 2401; baseline -0.011 -5"><span class='ocrx_word' id='word_1_309' title='bbox 520 2342 643 2395; x_wconf 88' lang='lat' dir='ltr'><strong>dam</strong></span> <span class='ocrx_word' id='word_1_310' title='bbox 676 2336 1002 2392; x_wconf 89' lang='lat' dir='ltr'><strong>habitudinis</strong></span> <span class='ocrx_word' id='word_1_311' title='bbox 1042 2330 1395 2401; x_wconf 69' lang='lat' dir='ltr'><strong>comparatio.</strong></span> <span class='ocrx_word' id='word_1_312' title='bbox 1429 2328 1665 2394; x_wconf 73' lang='lat' dir='ltr'><strong>Qumstio</strong></span> <span class='ocrx_word' id='word_1_313' title='bbox 1691 2327 1758 2381; x_wconf 87' lang='lat' dir='ltr'><strong>de</strong></span> <span class='ocrx_word' id='word_1_314' title='bbox 1788 2327 2088 2381; x_wconf 89' lang='lat' dir='ltr'><strong>accidente.</strong></span> 
     </span>
    </p>
   </div>
   <div class='ocr_carea' id='block_1_41' title="bbox 519 2417 2089 2493">
    <p class='ocr_par' dir='ltr' id='par_1_41' title="bbox 519 2417 2089 2493">
     <span class='ocr_line' id='line_1_41' title="bbox 519 2417 2089 2493; baseline -0.01 -10"><span class='ocrx_word' id='word_1_315' title='bbox 519 2429 744 2483; x_wconf 68' lang='lat' dir='ltr'><strong>Haxima</strong></span> <span class='ocrx_word' id='word_1_316' title='bbox 794 2421 1128 2493; x_wconf 89' lang='lat' dir='ltr'><strong>propositio:</strong></span> <span class='ocrx_word' id='word_1_317' title='bbox 1168 2418 1310 2489; x_wconf 91' lang='lat' dir='ltr'><strong>quod</strong></span> <span class='ocrx_word' id='word_1_318' title='bbox 1347 2417 1403 2471; x_wconf 91' lang='lat' dir='ltr'><strong>in</strong></span> <span class='ocrx_word' id='word_1_319' title='bbox 1435 2430 1747 2484; x_wconf 83' lang='lat' dir='ltr'><strong>unaquaque</strong></span> <span class='ocrx_word' id='word_1_320' title='bbox 1786 2429 1845 2468; x_wconf 88' lang='lat' dir='ltr'><strong>re</strong></span> <span class='ocrx_word' id='word_1_321' title='bbox 1891 2417 2089 2478; x_wconf 90' lang='lat' dir='ltr'><strong>evenit,</strong></span> 
     </span>
    </p>
   </div>
   <div class='ocr_carea' id='block_1_42' title="bbox 522 2504 2091 2585">
    <p class='ocr_par' dir='ltr' id='par_1_42' title="bbox 522 2504 2091 2585">
     <span class='ocr_line' id='line_1_42' title="bbox 522 2504 2091 2585; baseline -0.011 -12"><span class='ocrx_word' id='word_1_322' title='bbox 522 2518 574 2573; x_wconf 92' lang='lat' dir='ltr'><strong>id</strong></span> <span class='ocrx_word' id='word_1_323' title='bbox 604 2518 658 2570; x_wconf 90' lang='lat' dir='ltr'><strong>in</strong></span> <span class='ocrx_word' id='word_1_324' title='bbox 681 2516 800 2585; x_wconf 80' lang='lat' dir='ltr'><strong>ejus</strong></span> <span class='ocrx_word' id='word_1_325' title='bbox 829 2509 1212 2582; x_wconf 87' lang='lat' dir='ltr'><strong>proportionali</strong></span> <span class='ocrx_word' id='word_1_326' title='bbox 1239 2506 1453 2562; x_wconf 89' lang='lat' dir='ltr'><strong>evenire</strong></span> <span class='ocrx_word' id='word_1_327' title='bbox 1480 2519 1700 2559; x_wconf 89' lang='lat' dir='ltr'><strong>necesse</strong></span> <span class='ocrx_word' id='word_1_328' title='bbox 1724 2512 1827 2558; x_wconf 89' lang='lat' dir='ltr'><strong>est.</strong></span> <span class='ocrx_word' id='word_1_329' title='bbox 1859 2504 2030 2558; x_wconf 86' lang='lat' dir='ltr'><strong>Locus</strong></span> <span class='ocrx_word' id='word_1_330' title='bbox 2061 2517 2091 2556; x_wconf 90' lang='lat' dir='ltr'><strong>a</strong></span> 
     </span>
    </p>
   </div>
   <div class='ocr_carea' id='block_1_43' title="bbox 521 2596 2087 2679">
    <p class='ocr_par' dir='ltr' id='par_1_43' title="bbox 521 2596 2087 2679">
     <span class='ocr_line' id='line_1_43' title="bbox 521 2596 2087 2679; baseline -0.011 -14"><span class='ocrx_word' id='word_1_331' title='bbox 521 2608 887 2679; x_wconf 88' lang='lat' dir='ltr'><strong>proportione.</strong></span> <span class='ocrx_word' id='word_1_332' title='bbox 930 2604 1006 2657; x_wconf 79' lang='lat' dir='ltr'><strong>Ex</strong></span> <span class='ocrx_word' id='word_1_333' title='bbox 1034 2600 1293 2672; x_wconf 82' lang='lat' dir='ltr'><strong>appositis</strong></span> <span class='ocrx_word' id='word_1_334' title='bbox 1318 2613 1446 2653; x_wconf 93' lang='lat' dir='ltr'><strong>vero</strong></span> <span class='ocrx_word' id='word_1_335' title='bbox 1486 2596 1759 2664; x_wconf 85' lang='lat' dir='ltr'><strong>multiplex</strong></span> <span class='ocrx_word' id='word_1_336' title='bbox 1807 2606 1889 2649; x_wconf 90' lang='lat' dir='ltr'><strong>est</strong></span> <span class='ocrx_word' id='word_1_337' title='bbox 1919 2596 2087 2649; x_wconf 91' lang='lat' dir='ltr'><strong>locus.</strong></span> 
     </span>
    </p>
   </div>
   <div class='ocr_carea' id='block_1_44' title="bbox 517 2686 2087 2769">
    <p class='ocr_par' dir='ltr' id='par_1_44' title="bbox 517 2686 2087 2769">
     <span class='ocr_line' id='line_1_44' title="bbox 517 2686 2087 2769; baseline -0.012 -13"><span class='ocrx_word' id='word_1_338' title='bbox 517 2704 753 2769; x_wconf 84' lang='lat' dir='ltr'><strong>Quatuor</strong></span> <span class='ocrx_word' id='word_1_339' title='bbox 781 2696 924 2751; x_wconf 89' lang='lat' dir='ltr'><strong>enim</strong></span> <span class='ocrx_word' id='word_1_340' title='bbox 955 2693 1170 2747; x_wconf 82' lang='lat' dir='ltr'><strong>sibimet</strong></span> <span class='ocrx_word' id='word_1_341' title='bbox 1215 2697 1563 2757; x_wconf 79' lang='lat' dir='ltr'><strong>apponuntur</strong></span> <span class='ocrx_word' id='word_1_342' title='bbox 1594 2686 1786 2752; x_wconf 90' lang='lat' dir='ltr'><strong>modis,</strong></span> <span class='ocrx_word' id='word_1_343' title='bbox 1818 2694 1910 2741; x_wconf 84' lang='lat' dir='ltr'><strong>aut</strong></span> <span class='ocrx_word' id='word_1_344' title='bbox 1947 2686 2087 2738; x_wconf 91' lang='lat' dir='ltr'><strong>enim</strong></span> 
     </span>
    </p>
   </div>
   <div class='ocr_carea' id='block_1_45' title="bbox 518 2775 2088 2846">
    <p class='ocr_par' dir='ltr' id='par_1_45' title="bbox 518 2775 2088 2846">
     <span class='ocr_line' id='line_1_45' title="bbox 518 2775 2088 2846; baseline -0.011 0"><span class='ocrx_word' id='word_1_345' title='bbox 518 2802 578 2846; x_wconf 91' lang='lat' dir='ltr'><strong>ut</strong></span> <span class='ocrx_word' id='word_1_346' title='bbox 602 2787 871 2845; x_wconf 87' lang='lat' dir='ltr'><strong>contraria</strong></span> <span class='ocrx_word' id='word_1_347' title='bbox 895 2784 1125 2838; x_wconf 89' lang='lat' dir='ltr'><strong>adverso</strong></span> <span class='ocrx_word' id='word_1_348' title='bbox 1154 2794 1274 2835; x_wconf 83' lang='lat' dir='ltr'><strong>sese</strong></span> <span class='ocrx_word' id='word_1_349' title='bbox 1305 2780 1422 2832; x_wconf 92' lang='lat' dir='ltr'><strong>loco</strong></span> <span class='ocrx_word' id='word_1_350' title='bbox 1448 2777 1743 2830; x_wconf 87' lang='lat' dir='ltr'><strong>constituta</strong></span> <span class='ocrx_word' id='word_1_351' title='bbox 1770 2775 2088 2843; x_wconf 78' lang='lat' dir='ltr'><strong>reapiciunt,</strong></span> 
     </span>
    </p>
   </div>
   <div class='ocr_carea' id='block_1_46' title="bbox 518 2868 2090 2950">
    <p class='ocr_par' dir='ltr' id='par_1_46' title="bbox 518 2868 2090 2950">
     <span class='ocr_line' id='line_1_46' title="bbox 518 2868 2090 2950; baseline -0.014 -11"><span class='ocrx_word' id='word_1_352' title='bbox 518 2893 607 2939; x_wconf 91' lang='lat' dir='ltr'><strong>aut</strong></span> <span class='ocrx_word' id='word_1_353' title='bbox 632 2892 690 2936; x_wconf 93' lang='lat' dir='ltr'><strong>ut</strong></span> <span class='ocrx_word' id='word_1_354' title='bbox 717 2879 938 2950; x_wconf 87' lang='lat' dir='ltr'><strong>privatio</strong></span> <span class='ocrx_word' id='word_1_355' title='bbox 972 2884 1027 2929; x_wconf 90' lang='lat' dir='ltr'><strong>et</strong></span> <span class='ocrx_word' id='word_1_356' title='bbox 1055 2874 1283 2937; x_wconf 88' lang='lat' dir='ltr'><strong>habitus,</strong></span> <span class='ocrx_word' id='word_1_357' title='bbox 1319 2878 1410 2924; x_wconf 90' lang='lat' dir='ltr'><strong>aut</strong></span> <span class='ocrx_word' id='word_1_358' title='bbox 1442 2878 1497 2922; x_wconf 87' lang='lat' dir='ltr'><strong>ut</strong></span> <span class='ocrx_word' id='word_1_359' title='bbox 1540 2868 1754 2933; x_wconf 82' lang='lat' dir='ltr'><strong>relatio,</strong></span> <span class='ocrx_word' id='word_1_360' title='bbox 1788 2877 1880 2920; x_wconf 91' lang='lat' dir='ltr'><strong>aut</strong></span> <span class='ocrx_word' id='word_1_361' title='bbox 1915 2875 1969 2920; x_wconf 91' lang='lat' dir='ltr'><strong>ut</strong></span> <span class='ocrx_word' id='word_1_362' title='bbox 2010 2868 2090 2919; x_wconf 71' lang='lat' dir='ltr'><strong>af-</strong></span> 
     </span>
    </p>
   </div>
   <div class='ocr_carea' id='block_1_47' title="bbox 488 2956 2090 3036">
    <p class='ocr_par' dir='ltr' id='par_1_47' title="bbox 488 2956 2090 3036">
     <span class='ocr_line' id='line_1_47' title="bbox 488 2956 2090 3036; baseline -0.011 -8"><span class='ocrx_word' id='word_1_363' title='bbox 488 2972 747 3036; x_wconf 61' lang='lat' dir='ltr'><strong>.lirmatio</strong></span> <span class='ocrx_word' id='word_1_364' title='bbox 774 2977 829 3023; x_wconf 91' lang='lat' dir='ltr'><strong>et</strong></span> <span class='ocrx_word' id='word_1_365' title='bbox 858 2964 1086 3035; x_wconf 88' lang='lat' dir='ltr'><strong>negatio.</strong></span> <span class='ocrx_word' id='word_1_366' title='bbox 1123 2964 1359 3029; x_wconf 80' lang='lat' dir='ltr'><strong>Quorum</strong></span> <span class='ocrx_word' id='word_1_367' title='bbox 1390 2959 1743 3013; x_wconf 82' lang='lat' dir='ltr'><strong>discretioncs</strong></span> <span class='ocrx_word' id='word_1_368' title='bbox 1775 2958 1826 3010; x_wconf 93' lang='lat' dir='ltr'><strong>in</strong></span> <span class='ocrx_word' id='word_1_369' title='bbox 1854 2970 1919 3011; x_wconf 88' lang='lat' dir='ltr'><strong>eo</strong></span> <span class='ocrx_word' id='word_1_370' title='bbox 1951 2956 2090 3011; x_wconf 89' lang='lat' dir='ltr'><strong>libro</strong></span> 
     </span>
    </p>
   </div>
   <div class='ocr_carea' id='block_1_48' title="bbox 2194 1786 3762 1859">
    <p class='ocr_par' dir='ltr' id='par_1_48' title="bbox 2194 1786 3762 1859">
     <span class='ocr_line' id='line_1_48' title="bbox 2194 1786 3762 1859; baseline 0.002 -18"><span class='ocrx_word' id='word_1_371' title='bbox 2194 1788 2299 1842; x_wconf 91' lang='lat' dir='ltr'><strong>hoc</strong></span> <span class='ocrx_word' id='word_1_372' title='bbox 2335 1786 2513 1853; x_wconf 87' lang='lat' dir='ltr'><strong>modo,</strong></span> <span class='ocrx_word' id='word_1_373' title='bbox 2558 1798 2614 1842; x_wconf 90' lang='lat' dir='ltr'><strong>ut</strong></span> <span class='ocrx_word' id='word_1_374' title='bbox 2640 1788 2684 1843; x_wconf 90' lang='lat' dir='ltr'><strong>si</strong></span> <span class='ocrx_word' id='word_1_375' title='bbox 2712 1798 2985 1857; x_wconf 69' lang='lat' dir='ltr'><strong>quaeratur</strong></span> <span class='ocrx_word' id='word_1_376' title='bbox 3015 1803 3082 1842; x_wconf 91' lang='lat' dir='ltr'><strong>an</strong></span> <span class='ocrx_word' id='word_1_377' title='bbox 3113 1790 3464 1859; x_wconf 88' lang='lat' dir='ltr'><strong>philosophus</strong></span> <span class='ocrx_word' id='word_1_378' title='bbox 3511 1792 3762 1856; x_wconf 81' lang='lat' dir='ltr'><strong>invideat,</strong></span> 
     </span>
    </p>
   </div>
   <div class='ocr_carea' id='block_1_49' title="bbox 2193 1876 3762 1956">
    <p class='ocr_par' dir='ltr' id='par_1_49' title="bbox 2193 1876 3762 1956">
     <span class='ocr_line' id='line_1_49' title="bbox 2193 1876 3762 1956; baseline 0.002 -22"><span class='ocrx_word' id='word_1_379' title='bbox 2193 1880 2371 1950; x_wconf 90' lang='lat' dir='ltr'><strong>sitque</strong></span> <span class='ocrx_word' id='word_1_380' title='bbox 2400 1876 2727 1948; x_wconf 83' lang='lat' dir='ltr'><strong>incognitum</strong></span> <span class='ocrx_word' id='word_1_381' title='bbox 2760 1882 2885 1949; x_wconf 85' lang='lat' dir='ltr'><strong>quid</strong></span> <span class='ocrx_word' id='word_1_382' title='bbox 2915 1881 3221 1956; x_wconf 72' lang='lat' dir='ltr'><strong>philosophi</strong></span> <span class='ocrx_word' id='word_1_383' title='bbox 3252 1882 3521 1950; x_wconf 81' lang='lat' dir='ltr'><strong>significet</strong></span> <span class='ocrx_word' id='word_1_384' title='bbox 3552 1898 3762 1956; x_wconf 69' lang='lat' dir='ltr'><strong>nomen.</strong></span> 
     </span>
    </p>
   </div>
   <div class='ocr_carea' id='block_1_50' title="bbox 2194 1949 3765 2033">
    <p class='ocr_par' dir='ltr' id='par_1_50' title="bbox 2194 1949 3765 2033">
     <span class='ocr_line' id='line_1_50' title="bbox 2194 1949 3765 2033; baseline 0.002 -12"><span class='ocrx_word' id='word_1_385' title='bbox 2194 1968 2442 2024; x_wconf 87' lang='lat' dir='ltr'><strong>Dicemus</strong></span> <span class='ocrx_word' id='word_1_386' title='bbox 2470 1970 2535 2022; x_wconf 90' lang='lat' dir='ltr'><strong>ad</strong></span> <span class='ocrx_word' id='word_1_387' title='bbox 2566 1968 2909 2033; x_wconf 87' lang='lat' dir='ltr'><strong>vocabulum,</strong></span> <span class='ocrx_word' id='word_1_388' title='bbox 2939 1949 3325 2024; x_wconf 64' lang='lat' dir='ltr'><strong>transferentes</strong></span> <span class='ocrx_word' id='word_1_389' title='bbox 3353 1973 3535 2026; x_wconf 81' lang='lat' dir='ltr'><strong>notius</strong></span> <span class='ocrx_word' id='word_1_390' title='bbox 3556 1988 3661 2025; x_wconf 89' lang='lat' dir='ltr'><strong>non</strong></span> <span class='ocrx_word' id='word_1_391' title='bbox 3686 1973 3765 2026; x_wconf 88' lang='lat' dir='ltr'><strong>in-</strong></span> 
     </span>
    </p>
   </div>
   <div class='ocr_carea' id='block_1_51' title="bbox 2193 2059 3764 2131">
    <p class='ocr_par' dir='ltr' id='par_1_51' title="bbox 2193 2059 3764 2131">
     <span class='ocr_line' id='line_1_51' title="bbox 2193 2059 3764 2131; baseline 0.002 -18"><span class='ocrx_word' id='word_1_392' title='bbox 2193 2059 2397 2124; x_wconf 83' lang='lat' dir='ltr'><strong>videre,</strong></span> <span class='ocrx_word' id='word_1_393' title='bbox 2441 2060 2564 2128; x_wconf 92' lang='lat' dir='ltr'><strong>quia</strong></span> <span class='ocrx_word' id='word_1_394' title='bbox 2595 2060 2810 2128; x_wconf 90' lang='lat' dir='ltr'><strong>sapiens</strong></span> <span class='ocrx_word' id='word_1_395' title='bbox 2854 2060 2946 2114; x_wconf 90' lang='lat' dir='ltr'><strong>sit.</strong></span> <span class='ocrx_word' id='word_1_396' title='bbox 2995 2060 3073 2115; x_wconf 85' lang='lat' dir='ltr'><strong>No</strong></span> <span class='ocrx_word' id='word_1_397' title='bbox 3100 2062 3182 2117; x_wconf 88' lang='lat' dir='ltr'><strong>ius</strong></span> <span class='ocrx_word' id='word_1_398' title='bbox 3224 2077 3351 2116; x_wconf 90' lang='lat' dir='ltr'><strong>vero</strong></span> <span class='ocrx_word' id='word_1_399' title='bbox 3391 2074 3475 2117; x_wconf 87' lang='lat' dir='ltr'><strong>est</strong></span> <span class='ocrx_word' id='word_1_400' title='bbox 3519 2062 3764 2131; x_wconf 85' lang='lat' dir='ltr'><strong>sapientis</strong></span> 
     </span>
    </p>
   </div>
   <div class='ocr_carea' id='block_1_52' title="bbox 2192 2150 3765 2223">
    <p class='ocr_par' dir='ltr' id='par_1_52' title="bbox 2192 2150 3765 2223">
     <span class='ocr_line' id='line_1_52' title="bbox 2192 2150 3765 2223; baseline 0.003 -21"><span class='ocrx_word' id='word_1_401' title='bbox 2192 2150 2508 2205; x_wconf 84' lang='lat' dir='ltr'><strong>vocabulum</strong></span> <span class='ocrx_word' id='word_1_402' title='bbox 2538 2166 2695 2219; x_wconf 90' lang='lat' dir='ltr'><strong>quam</strong></span> <span class='ocrx_word' id='word_1_403' title='bbox 2718 2152 3048 2221; x_wconf 86' lang='lat' dir='ltr'><strong>philosophi.</strong></span> <span class='ocrx_word' id='word_1_404' title='bbox 3090 2157 3162 2208; x_wconf 79' lang='lat' dir='ltr'><strong>Ac</strong></span> <span class='ocrx_word' id='word_1_405' title='bbox 3191 2154 3259 2208; x_wconf 91' lang='lat' dir='ltr'><strong>de</strong></span> <span class='ocrx_word' id='word_1_406' title='bbox 3289 2155 3373 2208; x_wconf 89' lang='lat' dir='ltr'><strong>his</strong></span> <span class='ocrx_word' id='word_1_407' title='bbox 3393 2154 3613 2223; x_wconf 88' lang='lat' dir='ltr'><strong>quidem</strong></span> <span class='ocrx_word' id='word_1_408' title='bbox 3645 2156 3765 2208; x_wconf 86' lang='lat' dir='ltr'><strong>locis</strong></span> 
     </span>
    </p>
   </div>
   <div class='ocr_carea' id='block_1_53' title="bbox 2193 2230 3767 2312">
    <p class='ocr_par' dir='ltr' id='par_1_53' title="bbox 2193 2230 3767 2312">
     <span class='ocr_line' id='line_1_53' title="bbox 2193 2230 3767 2312; baseline 0.003 -19"><span class='ocrx_word' id='word_1_409' title='bbox 2193 2240 2283 2309; x_wconf 88' lang='lat' dir='ltr'><strong>qui</strong></span> <span class='ocrx_word' id='word_1_410' title='bbox 2305 2230 2641 2295; x_wconf 76' lang='lat' dir='ltr'><strong>extrinsecus</strong></span> <span class='ocrx_word' id='word_1_411' title='bbox 2661 2250 3025 2305; x_wconf 87' lang='lat' dir='ltr'><strong>assumuntur,</strong></span> <span class='ocrx_word' id='word_1_412' title='bbox 3050 2242 3249 2312; x_wconf 89' lang='lat' dir='ltr'><strong>liquide</strong></span> <span class='ocrx_word' id='word_1_413' title='bbox 3268 2243 3471 2298; x_wconf 88' lang='lat' dir='ltr'><strong>dictum</strong></span> <span class='ocrx_word' id='word_1_414' title='bbox 3495 2255 3579 2298; x_wconf 90' lang='lat' dir='ltr'><strong>est</strong></span> <span class='ocrx_word' id='word_1_415' title='bbox 3595 2285 3610 2305; x_wconf 83' lang='lat'><strong>,</strong></span> <span class='ocrx_word' id='word_1_416' title='bbox 3635 2258 3767 2297; x_wconf 81' lang='lat' dir='ltr'><strong>nunc</strong></span> 
     </span>
    </p>
   </div>
   <div class='ocr_carea' id='block_1_54' title="bbox 2193 2330 3791 2409">
    <p class='ocr_par' dir='ltr' id='par_1_54' title="bbox 2193 2330 3791 2409">
     <span class='ocr_line' id='line_1_54' title="bbox 2193 2330 3791 2409; baseline 0.003 -25"><span class='ocrx_word' id='word_1_417' title='bbox 2193 2330 2261 2385; x_wconf 90' lang='lat' dir='ltr'><strong>de</strong></span> <span class='ocrx_word' id='word_1_418' title='bbox 2294 2333 2487 2387; x_wconf 90' lang='lat' dir='ltr'><strong>mediis</strong></span> <span class='ocrx_word' id='word_1_419' title='bbox 2517 2332 2898 2409; x_wconf 84' lang='lat' dir='ltr'><strong>disputabitur.</strong></span> <span class='ocrx_word' id='word_1_420' title='bbox 2948 2334 3103 2388; x_wconf 80' lang='lat' dir='ltr'><strong>Medii</strong></span> <span class='ocrx_word' id='word_1_421' title='bbox 3131 2344 3309 2389; x_wconf 89' lang='lat' dir='ltr'><strong>autem</strong></span> <span class='ocrx_word' id='word_1_422' title='bbox 3339 2335 3446 2391; x_wconf 91' lang='lat' dir='ltr'><strong>loci</strong></span> <span class='ocrx_word' id='word_1_423' title='bbox 3488 2345 3791 2389; x_wconf 76' lang='lat' dir='ltr'><strong>sumuntur</strong></span> 
     </span>
    </p>
   </div>
   <div class='ocr_carea' id='block_1_55' title="bbox 2193 2416 3795 2494">
    <p class='ocr_par' dir='ltr' id='par_1_55' title="bbox 2193 2416 3795 2494">
     <span class='ocr_line' id='line_1_55' title="bbox 2193 2416 3795 2494; baseline 0.002 -19"><span class='ocrx_word' id='word_1_424' title='bbox 2193 2416 2277 2477; x_wconf 87' lang='lat' dir='ltr'><strong>vel</strong></span> <span class='ocrx_word' id='word_1_425' title='bbox 2310 2440 2377 2478; x_wconf 77' lang='lat' dir='ltr'><strong>ex</strong></span> <span class='ocrx_word' id='word_1_426' title='bbox 2397 2439 2546 2489; x_wconf 82' lang='lat' dir='ltr'><strong>casu,</strong></span> <span class='ocrx_word' id='word_1_427' title='bbox 2578 2425 2662 2478; x_wconf 86' lang='lat' dir='ltr'><strong>vel</strong></span> <span class='ocrx_word' id='word_1_428' title='bbox 2691 2440 2756 2478; x_wconf 81' lang='lat' dir='ltr'><strong>ex</strong></span> <span class='ocrx_word' id='word_1_429' title='bbox 2791 2425 3114 2494; x_wconf 85' lang='lat' dir='ltr'><strong>conjugatis,</strong></span> <span class='ocrx_word' id='word_1_430' title='bbox 3144 2427 3229 2479; x_wconf 89' lang='lat' dir='ltr'><strong>vel</strong></span> <span class='ocrx_word' id='word_1_431' title='bbox 3258 2441 3326 2481; x_wconf 81' lang='lat' dir='ltr'><strong>ex</strong></span> <span class='ocrx_word' id='word_1_432' title='bbox 3357 2426 3635 2480; x_wconf 82' lang='lat' dir='ltr'><strong>divisione</strong></span> <span class='ocrx_word' id='word_1_433' title='bbox 3676 2424 3795 2494; x_wconf 36' lang='lat' dir='ltr'><strong>na-pj</strong></span> 
     </span>
    </p>
   </div>
   <div class='ocr_carea' id='block_1_56' title="bbox 2193 2511 3766 2584">
    <p class='ocr_par' dir='ltr' id='par_1_56' title="bbox 2193 2511 3766 2584">
     <span class='ocr_line' id='line_1_56' title="bbox 2193 2511 3766 2584; baseline 0.003 -21"><span class='ocrx_word' id='word_1_434' title='bbox 2193 2522 2425 2566; x_wconf 89' lang='lat' dir='ltr'><strong>scentcs.</strong></span> <span class='ocrx_word' id='word_1_435' title='bbox 2475 2511 2642 2566; x_wconf 83' lang='lat' dir='ltr'><strong>Casus</strong></span> <span class='ocrx_word' id='word_1_436' title='bbox 2682 2521 2767 2567; x_wconf 89' lang='lat' dir='ltr'><strong>est</strong></span> <span class='ocrx_word' id='word_1_437' title='bbox 2800 2512 3027 2583; x_wconf 89' lang='lat' dir='ltr'><strong>alicujus</strong></span> <span class='ocrx_word' id='word_1_438' title='bbox 3068 2515 3301 2569; x_wconf 87' lang='lat' dir='ltr'><strong>nominis</strong></span> <span class='ocrx_word' id='word_1_439' title='bbox 3344 2515 3660 2584; x_wconf 85' lang='lat' dir='ltr'><strong>principalis</strong></span> <span class='ocrx_word' id='word_1_440' title='bbox 3685 2518 3766 2567; x_wconf 84' lang='lat' dir='ltr'><strong>in-</strong></span> 
     </span>
    </p>
   </div>
   <div class='ocr_carea' id='block_1_57' title="bbox 2193 2601 3764 2673">
    <p class='ocr_par' dir='ltr' id='par_1_57' title="bbox 2193 2601 3764 2673">
     <span class='ocr_line' id='line_1_57' title="bbox 2193 2601 3764 2673; baseline 0.004 -20"><span class='ocrx_word' id='word_1_441' title='bbox 2193 2601 2357 2654; x_wconf 79' lang='lat' dir='ltr'><strong>llexio</strong></span> <span class='ocrx_word' id='word_1_442' title='bbox 2404 2602 2456 2655; x_wconf 93' lang='lat' dir='ltr'><strong>in</strong></span> <span class='ocrx_word' id='word_1_443' title='bbox 2499 2601 2828 2669; x_wconf 87' lang='lat' dir='ltr'><strong>adverbium,</strong></span> <span class='ocrx_word' id='word_1_444' title='bbox 2870 2614 2928 2657; x_wconf 90' lang='lat' dir='ltr'><strong>ut</strong></span> <span class='ocrx_word' id='word_1_445' title='bbox 2971 2619 3001 2658; x_wconf 89' lang='lat' dir='ltr'><strong>a</strong></span> <span class='ocrx_word' id='word_1_446' title='bbox 3042 2603 3246 2671; x_wconf 80' lang='lat' dir='ltr'><strong>justitia</strong></span> <span class='ocrx_word' id='word_1_447' title='bbox 3284 2606 3576 2659; x_wconf 84' lang='lat' dir='ltr'><strong>inﬂectitur</strong></span> <span class='ocrx_word' id='word_1_448' title='bbox 3609 2606 3764 2673; x_wconf 86' lang='lat' dir='ltr'><strong>juste.</strong></span> 
     </span>
    </p>
   </div>
   <div class='ocr_carea' id='block_1_58' title="bbox 2192 2690 3767 2761">
    <p class='ocr_par' dir='ltr' id='par_1_58' title="bbox 2192 2690 3767 2761">
     <span class='ocr_line' id='line_1_58' title="bbox 2192 2690 3767 2761; baseline 0.003 -19"><span class='ocrx_word' id='word_1_449' title='bbox 2192 2690 2357 2742; x_wconf 82' lang='lat' dir='ltr'><strong>Casus</strong></span> <span class='ocrx_word' id='word_1_450' title='bbox 2383 2690 2545 2758; x_wconf 90' lang='lat' dir='ltr'><strong>igitur</strong></span> <span class='ocrx_word' id='word_1_451' title='bbox 2566 2701 2647 2743; x_wconf 84' lang='lat' dir='ltr'><strong>est</strong></span> <span class='ocrx_word' id='word_1_452' title='bbox 2667 2707 2696 2743; x_wconf 87' lang='lat' dir='ltr'><strong>a</strong></span> <span class='ocrx_word' id='word_1_453' title='bbox 2718 2691 2931 2761; x_wconf 63' lang='lat' dir='ltr'><strong>justitii</strong></span> <span class='ocrx_word' id='word_1_454' title='bbox 2953 2692 3004 2746; x_wconf 90' lang='lat' dir='ltr'><strong>id</strong></span> <span class='ocrx_word' id='word_1_455' title='bbox 3030 2692 3171 2761; x_wconf 88' lang='lat' dir='ltr'><strong>quod</strong></span> <span class='ocrx_word' id='word_1_456' title='bbox 3197 2694 3422 2747; x_wconf 88' lang='lat' dir='ltr'><strong>dicimus</strong></span> <span class='ocrx_word' id='word_1_457' title='bbox 3440 2697 3611 2761; x_wconf 87' lang='lat' dir='ltr'><strong>juste.</strong></span> <span class='ocrx_word' id='word_1_458' title='bbox 3634 2695 3767 2748; x_wconf 67' lang='lat' dir='ltr'><strong>(Jon-</strong></span> 
     </span>
    </p>
   </div>
   <div class='ocr_carea' id='block_1_59' title="bbox 2187 2782 3766 2853">
    <p class='ocr_par' dir='ltr' id='par_1_59' title="bbox 2187 2782 3766 2853">
     <span class='ocr_line' id='line_1_59' title="bbox 2187 2782 3766 2853; baseline 0.004 -20"><span class='ocrx_word' id='word_1_459' title='bbox 2187 2782 2369 2852; x_wconf 88' lang='lat' dir='ltr'><strong>jugata</strong></span> <span class='ocrx_word' id='word_1_460' title='bbox 2410 2798 2540 2836; x_wconf 80' lang='lat' dir='ltr'><strong>vero</strong></span> <span class='ocrx_word' id='word_1_461' title='bbox 2577 2784 2825 2838; x_wconf 88' lang='lat' dir='ltr'><strong>dicuntur</strong></span> <span class='ocrx_word' id='word_1_462' title='bbox 2863 2801 2981 2853; x_wconf 79' lang='lat' dir='ltr'><strong>qua:</strong></span> <span class='ocrx_word' id='word_1_463' title='bbox 3025 2788 3091 2838; x_wconf 90' lang='lat' dir='ltr'><strong>ab</strong></span> <span class='ocrx_word' id='word_1_464' title='bbox 3130 2786 3318 2840; x_wconf 90' lang='lat' dir='ltr'><strong>codem</strong></span> <span class='ocrx_word' id='word_1_465' title='bbox 3364 2787 3583 2840; x_wconf 89' lang='lat' dir='ltr'><strong>diverso</strong></span> <span class='ocrx_word' id='word_1_466' title='bbox 3615 2786 3766 2839; x_wconf 83' lang='lat' dir='ltr'><strong>modo</strong></span> 
     </span>
    </p>
   </div>
   <div class='ocr_carea' id='block_1_60' title="bbox 2193 2871 3766 2943">
    <p class='ocr_par' dir='ltr' id='par_1_60' title="bbox 2193 2871 3766 2943">
     <span class='ocr_line' id='line_1_60' title="bbox 2193 2871 3766 2943; baseline 0.003 -19"><span class='ocrx_word' id='word_1_467' title='bbox 2193 2872 2420 2925; x_wconf 89' lang='lat' dir='ltr'><strong>deducta</strong></span> <span class='ocrx_word' id='word_1_468' title='bbox 2451 2871 2749 2935; x_wconf 76' lang='lat' dir='ltr'><strong>ﬂuxerunt,</strong></span> <span class='ocrx_word' id='word_1_469' title='bbox 2782 2883 2895 2926; x_wconf 88' lang='lat' dir='ltr'><strong>uta</strong></span> <span class='ocrx_word' id='word_1_470' title='bbox 2928 2874 3138 2942; x_wconf 85' lang='lat' dir='ltr'><strong>justitia</strong></span> <span class='ocrx_word' id='word_1_471' title='bbox 3158 2877 3362 2941; x_wconf 88' lang='lat' dir='ltr'><strong>justum</strong></span> <span class='ocrx_word' id='word_1_472' title='bbox 3382 2915 3395 2936; x_wconf 91' lang='lat'><strong>,</strong></span> <span class='ocrx_word' id='word_1_473' title='bbox 3416 2877 3619 2943; x_wconf 91' lang='lat' dir='ltr'><strong>justus.</strong></span> <span class='ocrx_word' id='word_1_474' title='bbox 3650 2876 3766 2929; x_wconf 70' lang='lat'><strong>“1‘6</strong></span> 
     </span>
    </p>
   </div>
   <div class='ocr_carea' id='block_1_61' title="bbox 2194 2962 3766 3037">
    <p class='ocr_par' dir='ltr' id='par_1_61' title="bbox 2194 2962 3766 3037">
     <span class='ocr_line' id='line_1_61' title="bbox 2194 2962 3766 3037; baseline 0.004 -21"><span class='ocrx_word' id='word_1_475' title='bbox 2194 2962 2355 3032; x_wconf 86' lang='lat' dir='ltr'><strong>igitur</strong></span> <span class='ocrx_word' id='word_1_476' title='bbox 2380 2963 2518 3018; x_wconf 91' lang='lat' dir='ltr'><strong>inter</strong></span> <span class='ocrx_word' id='word_1_477' title='bbox 2546 2978 2606 3017; x_wconf 89' lang='lat' dir='ltr'><strong>se</strong></span> <span class='ocrx_word' id='word_1_478' title='bbox 2640 2974 2694 3019; x_wconf 90' lang='lat' dir='ltr'><strong>et</strong></span> <span class='ocrx_word' id='word_1_479' title='bbox 2731 2979 2853 3018; x_wconf 91' lang='lat' dir='ltr'><strong>cum</strong></span> <span class='ocrx_word' id='word_1_480' title='bbox 2899 2967 3010 3033; x_wconf 81' lang='lat' dir='ltr'><strong>ipsa</strong></span> <span class='ocrx_word' id='word_1_481' title='bbox 3036 2966 3243 3035; x_wconf 85' lang='lat' dir='ltr'><strong>justitia</strong></span> <span class='ocrx_word' id='word_1_482' title='bbox 3269 2967 3559 3037; x_wconf 82' lang='lat' dir='ltr'><strong>conjugata</strong></span> <span class='ocrx_word' id='word_1_483' title='bbox 3586 2968 3766 3022; x_wconf 69' lang='lat' dir='ltr'><strong>dicun-</strong></span> 
     </span>
    </p>
   </div>
   <div class='ocr_carea' id='block_1_62' title="bbox 517 3048 2090 3135">
    <p class='ocr_par' dir='ltr' id='par_1_62' title="bbox 517 3048 2090 3135">
     <span class='ocr_line' id='line_1_62' title="bbox 517 3048 2090 3135; baseline -0.01 -20"><span class='ocrx_word' id='word_1_484' title='bbox 517 3061 605 3131; x_wconf 84' lang='lat' dir='ltr'><strong>qui</strong></span> <span class='ocrx_word' id='word_1_485' title='bbox 648 3060 717 3113; x_wconf 91' lang='lat' dir='ltr'><strong>de</strong></span> <span class='ocrx_word' id='word_1_486' title='bbox 749 3058 941 3111; x_wconf 89' lang='lat' dir='ltr'><strong>Decem</strong></span> <span class='ocrx_word' id='word_1_487' title='bbox 975 3050 1409 3135; x_wconf 58' lang='lat' dir='ltr'><strong>PWS</strong></span> <span class='ocrx_word' id='word_1_488' title='bbox 1453 3048 1683 3115; x_wconf 91' lang='lat' dir='ltr'><strong>scriptus</strong></span> <span class='ocrx_word' id='word_1_489' title='bbox 1723 3055 1826 3111; x_wconf 91' lang='lat' dir='ltr'><strong>est,</strong></span> <span class='ocrx_word' id='word_1_490' title='bbox 1866 3060 2090 3100; x_wconf 76' lang='lat' dir='ltr'><strong>Comme-</strong></span> 
     </span>
    </p>
   </div>
   <div class='ocr_carea' id='block_1_63' title="bbox 2195 3048 3763 3135">
    <p class='ocr_par' dir='ltr' id='par_1_63' title="bbox 2200 3054 3763 3127">
     <span class='ocr_line' id='line_1_63' title="bbox 2200 3054 3763 3127; baseline 0.004 -20"><span class='ocrx_word' id='word_1_491' title='bbox 2200 3063 2303 3120; x_wconf 92' lang='lat' dir='ltr'><strong>tur,</strong></span> <span class='ocrx_word' id='word_1_492' title='bbox 2333 3070 2398 3109; x_wconf 78' lang='lat' dir='ltr'><strong>ex</strong></span> <span class='ocrx_word' id='word_1_493' title='bbox 2420 3054 2612 3123; x_wconf 84' lang='lat' dir='ltr'><strong>quibus</strong></span> <span class='ocrx_word' id='word_1_494' title='bbox 2644 3055 2891 3108; x_wconf 82' lang='lat' dir='ltr'><strong>omnibus</strong></span> <span class='ocrx_word' id='word_1_495' title='bbox 2922 3058 2971 3110; x_wconf 90' lang='lat' dir='ltr'><strong>in</strong></span> <span class='ocrx_word' id='word_1_496' title='bbox 3004 3066 3261 3125; x_wconf 72' lang='lat' dir='ltr'><strong>promptu&quot;</strong></span> <span class='ocrx_word' id='word_1_497' title='bbox 3274 3069 3400 3110; x_wconf 87' lang='lat' dir='ltr'><strong>sunt</strong></span> <span class='ocrx_word' id='word_1_498' title='bbox 3426 3070 3763 3127; x_wconf 84' lang='lat' dir='ltr'><strong>argumenta.</strong></span> 
     </span>
    </p>
   </div>
   <div class='ocr_carea' id='block_1_64' title="bbox 518 3137 2091 3209">
    <p class='ocr_par' dir='ltr' id='par_1_64' title="bbox 518 3137 2091 3209">
     <span class='ocr_line' id='line_1_64' title="bbox 518 3137 2091 3209; baseline -0.01 -4"><span class='ocrx_word' id='word_1_499' title='bbox 518 3159 738 3205; x_wconf 65' lang='lat' dir='ltr'><strong>moratas</strong></span> <span class='ocrx_word' id='word_1_500' title='bbox 767 3153 913 3209; x_wconf 89' lang='lat' dir='ltr'><strong>sunt,</strong></span> <span class='ocrx_word' id='word_1_501' title='bbox 956 3143 1022 3197; x_wconf 88' lang='lat' dir='ltr'><strong>ab</strong></span> <span class='ocrx_word' id='word_1_502' title='bbox 1060 3141 1142 3194; x_wconf 91' lang='lat' dir='ltr'><strong>his</strong></span> <span class='ocrx_word' id='word_1_503' title='bbox 1174 3140 1274 3193; x_wconf 88' lang='lat' dir='ltr'><strong>hoc</strong></span> <span class='ocrx_word' id='word_1_504' title='bbox 1316 3137 1476 3192; x_wconf 90' lang='lat' dir='ltr'><strong>modo</strong></span> <span class='ocrx_word' id='word_1_505' title='bbox 1507 3147 1817 3205; x_wconf 83' lang='lat' dir='ltr'><strong>argumenta</strong></span> <span class='ocrx_word' id='word_1_506' title='bbox 1860 3152 2091 3190; x_wconf 85' lang='lat' dir='ltr'><strong>nascun-</strong></span> 
     </span>
    </p>
   </div>
   <div class='ocr_carea' id='block_1_65' title="bbox 519 3229 2091 3301">
    <p class='ocr_par' dir='ltr' id='par_1_65' title="bbox 519 3229 2091 3301">
     <span class='ocr_line' id='line_1_65' title="bbox 519 3229 2091 3301; baseline -0.009 -6"><span class='ocrx_word' id='word_1_507' title='bbox 519 3252 629 3295; x_wconf 90' lang='lat' dir='ltr'><strong>tur.</strong></span> <span class='ocrx_word' id='word_1_508' title='bbox 678 3242 725 3294; x_wconf 78' lang='grc' dir='ltr'><strong>Α</strong></span> <span class='ocrx_word' id='word_1_509' title='bbox 767 3234 1073 3298; x_wconf 90' lang='lat' dir='ltr'><strong>contrariis,</strong></span> <span class='ocrx_word' id='word_1_510' title='bbox 1124 3233 1168 3285; x_wconf 90' lang='lat' dir='ltr'><strong>si</strong></span> <span class='ocrx_word' id='word_1_511' title='bbox 1200 3240 1470 3301; x_wconf 68' lang='lat' dir='ltr'><strong>qumratur</strong></span> <span class='ocrx_word' id='word_1_512' title='bbox 1509 3246 1574 3283; x_wconf 91' lang='lat' dir='ltr'><strong>an</strong></span> <span class='ocrx_word' id='word_1_513' title='bbox 1630 3229 1701 3281; x_wconf 81' lang='lat' dir='ltr'><strong>sit</strong></span> <span class='ocrx_word' id='word_1_514' title='bbox 1726 3230 1934 3283; x_wconf 90' lang='lat' dir='ltr'><strong>virtutis</strong></span> <span class='ocrx_word' id='word_1_515' title='bbox 1964 3243 2091 3297; x_wconf 92' lang='lat' dir='ltr'><strong>pro-</strong></span> 
     </span>
    </p>
   </div>
   <div class='ocr_carea' id='block_1_66' title="bbox 523 3321 2092 3401">
    <p class='ocr_par' dir='ltr' id='par_1_66' title="bbox 523 3321 2092 3401">
     <span class='ocr_line' id='line_1_66' title="bbox 523 3321 2092 3401; baseline -0.006 -16"><span class='ocrx_word' id='word_1_516' title='bbox 523 3331 699 3401; x_wconf 90' lang='lat' dir='ltr'><strong>prium</strong></span> <span class='ocrx_word' id='word_1_517' title='bbox 725 3326 954 3392; x_wconf 88' lang='lat' dir='ltr'><strong>laudari,</strong></span> <span class='ocrx_word' id='word_1_518' title='bbox 990 3325 1163 3380; x_wconf 87' lang='lat' dir='ltr'><strong>dicam</strong></span> <span class='ocrx_word' id='word_1_519' title='bbox 1195 3323 1436 3385; x_wconf 85' lang='lat' dir='ltr'><strong>minime,</strong></span> <span class='ocrx_word' id='word_1_520' title='bbox 1461 3322 1584 3390; x_wconf 90' lang='lat' dir='ltr'><strong>quia</strong></span> <span class='ocrx_word' id='word_1_521' title='bbox 1617 3335 1717 3375; x_wconf 91' lang='lat' dir='ltr'><strong>nec</strong></span> <span class='ocrx_word' id='word_1_522' title='bbox 1742 3321 1852 3375; x_wconf 91' lang='lat' dir='ltr'><strong>vitii</strong></span> <span class='ocrx_word' id='word_1_523' title='bbox 1879 3321 2092 3391; x_wconf 89' lang='lat' dir='ltr'><strong>quidem</strong></span> 
     </span>
    </p>
   </div>
   <div class='ocr_carea' id='block_1_67' title="bbox 517 3413 2089 3492">
    <p class='ocr_par' dir='ltr' id='par_1_67' title="bbox 517 3413 2089 3492">
     <span class='ocr_line' id='line_1_67' title="bbox 517 3413 2089 3492; baseline -0.006 -14"><span class='ocrx_word' id='word_1_524' title='bbox 517 3421 830 3492; x_wconf 89' lang='lat' dir='ltr'><strong>vituperari.</strong></span> <span class='ocrx_word' id='word_1_525' title='bbox 872 3418 1109 3485; x_wconf 49' lang='lat' dir='ltr'><strong>Quaestio</strong></span> <span class='ocrx_word' id='word_1_526' title='bbox 1134 3416 1201 3470; x_wconf 90' lang='lat' dir='ltr'><strong>de</strong></span> <span class='ocrx_word' id='word_1_527' title='bbox 1223 3415 1459 3484; x_wconf 89' lang='lat' dir='ltr'><strong>proprio.</strong></span> <span class='ocrx_word' id='word_1_528' title='bbox 1494 3415 1723 3468; x_wconf 83' lang='lat' dir='ltr'><strong>Maxima</strong></span> <span class='ocrx_word' id='word_1_529' title='bbox 1753 3413 2089 3483; x_wconf 86' lang='lat' dir='ltr'><strong>propositio:</strong></span> 
     </span>
    </p>
   </div>
   <div class='ocr_carea' id='block_1_68' title="bbox 516 3508 2094 3578">
    <p class='ocr_par' dir='ltr' id='par_1_68' title="bbox 516 3508 2094 3578">
     <span class='ocr_line' id='line_1_68' title="bbox 516 3508 2094 3578; baseline -0.006 -6"><span class='ocrx_word' id='word_1_530' title='bbox 516 3514 783 3573; x_wconf 89' lang='lat' dir='ltr'><strong>contraria</strong></span> <span class='ocrx_word' id='word_1_531' title='bbox 831 3511 1116 3567; x_wconf 88' lang='lat' dir='ltr'><strong>contrariis</strong></span> <span class='ocrx_word' id='word_1_532' title='bbox 1156 3508 1505 3565; x_wconf 91' lang='lat' dir='ltr'><strong>conveniunt.</strong></span> <span class='ocrx_word' id='word_1_533' title='bbox 1556 3508 1731 3563; x_wconf 89' lang='lat' dir='ltr'><strong>Locus</strong></span> <span class='ocrx_word' id='word_1_534' title='bbox 1770 3510 1838 3563; x_wconf 88' lang='lat' dir='ltr'><strong>ab</strong></span> <span class='ocrx_word' id='word_1_535' title='bbox 1877 3508 2094 3578; x_wconf 82' lang='lat' dir='ltr'><strong>opposi—</strong></span> 
     </span>
    </p>
   </div>
   <div class='ocr_carea' id='block_1_69' title="bbox 516 3600 2094 3675">
    <p class='ocr_par' dir='ltr' id='par_1_69' title="bbox 516 3600 2094 3675">
     <span class='ocr_line' id='line_1_69' title="bbox 516 3600 2094 3675; baseline -0.007 -11"><span class='ocrx_word' id='word_1_536' title='bbox 516 3615 604 3675; x_wconf 90' lang='lat' dir='ltr'><strong>tis,</strong></span> <span class='ocrx_word' id='word_1_537' title='bbox 638 3606 689 3661; x_wconf 89' lang='lat' dir='ltr'><strong>id</strong></span> <span class='ocrx_word' id='word_1_538' title='bbox 718 3614 800 3659; x_wconf 87' lang='lat' dir='ltr'><strong>est</strong></span> <span class='ocrx_word' id='word_1_539' title='bbox 829 3602 1213 3658; x_wconf 65' lang='lat' dir='ltr'><strong>ert-contrario.</strong></span> <span class='ocrx_word' id='word_1_540' title='bbox 1234 3601 1452 3653; x_wconf 70' lang='lat' dir='ltr'><strong>Rursus</strong></span> <span class='ocrx_word' id='word_1_541' title='bbox 1488 3600 1545 3652; x_wconf 82' lang='lat' dir='ltr'><strong>in</strong></span> <span class='ocrx_word' id='word_1_542' title='bbox 1575 3600 1872 3668; x_wconf 60' lang='lat' dir='ltr'><strong>quaestione</strong></span> <span class='ocrx_word' id='word_1_543' title='bbox 1899 3600 1971 3653; x_wconf 89' lang='lat' dir='ltr'><strong>sit</strong></span> <span class='ocrx_word' id='word_1_544' title='bbox 2001 3614 2094 3668; x_wconf 89' lang='lat' dir='ltr'><strong>po-</strong></span> 
     </span>
    </p>
   </div>
   <div class='ocr_carea' id='block_1_70' title="bbox 518 3689 2094 3762">
    <p class='ocr_par' dir='ltr' id='par_1_70' title="bbox 518 3689 2094 3762">
     <span class='ocr_line' id='line_1_70' title="bbox 518 3689 2094 3762; baseline -0.005 -10"><span class='ocrx_word' id='word_1_545' title='bbox 518 3699 698 3760; x_wconf 90' lang='lat' dir='ltr'><strong>situm,</strong></span> <span class='ocrx_word' id='word_1_546' title='bbox 720 3710 787 3759; x_wconf 81' lang='lat' dir='ltr'><strong>an</strong></span> <span class='ocrx_word' id='word_1_547' title='bbox 821 3695 1096 3762; x_wconf 88' lang='lat' dir='ltr'><strong>proprium</strong></span> <span class='ocrx_word' id='word_1_548' title='bbox 1126 3690 1196 3744; x_wconf 90' lang='lat' dir='ltr'><strong>sit</strong></span> <span class='ocrx_word' id='word_1_549' title='bbox 1216 3690 1404 3744; x_wconf 89' lang='lat' dir='ltr'><strong>oculos</strong></span> <span class='ocrx_word' id='word_1_550' title='bbox 1436 3689 1745 3744; x_wconf 91' lang='lat' dir='ltr'><strong>habentium</strong></span> <span class='ocrx_word' id='word_1_551' title='bbox 1768 3690 1973 3745; x_wconf 90' lang='lat' dir='ltr'><strong>videre.</strong></span> <span class='ocrx_word' id='word_1_552' title='bbox 2003 3690 2094 3744; x_wconf 92' lang='lat' dir='ltr'><strong>Di-</strong></span> 
     </span>
    </p>
   </div>
   <div class='ocr_carea' id='block_1_71' title="bbox 516 3780 2093 3850">
    <p class='ocr_par' dir='ltr' id='par_1_71' title="bbox 516 3780 2093 3850">
     <span class='ocr_line' id='line_1_71' title="bbox 516 3780 2093 3850; baseline -0.002 -11"><span class='ocrx_word' id='word_1_553' title='bbox 516 3802 634 3844; x_wconf 87' lang='lat' dir='ltr'><strong>cam</strong></span> <span class='ocrx_word' id='word_1_554' title='bbox 667 3801 797 3848; x_wconf 90' lang='lat' dir='ltr'><strong>non,</strong></span> <span class='ocrx_word' id='word_1_555' title='bbox 827 3796 921 3836; x_wconf 90' lang='lat' dir='ltr'><strong>eos</strong></span> <span class='ocrx_word' id='word_1_556' title='bbox 957 3796 1187 3848; x_wconf 83' lang='lat' dir='ltr'><strong>namque</strong></span> <span class='ocrx_word' id='word_1_557' title='bbox 1214 3781 1304 3850; x_wconf 91' lang='lat' dir='ltr'><strong>qui</strong></span> <span class='ocrx_word' id='word_1_558' title='bbox 1330 3780 1530 3847; x_wconf 88' lang='lat' dir='ltr'><strong>vident,</strong></span> <span class='ocrx_word' id='word_1_559' title='bbox 1569 3782 1705 3836; x_wconf 91' lang='lat' dir='ltr'><strong>alios</strong></span> <span class='ocrx_word' id='word_1_560' title='bbox 1729 3783 1891 3836; x_wconf 90' lang='lat' dir='ltr'><strong>etiam</strong></span> <span class='ocrx_word' id='word_1_561' title='bbox 1921 3796 2093 3837; x_wconf 66' lang='lat' dir='ltr'><strong>caecos</strong></span> 
     </span>
    </p>
   </div>
   <div class='ocr_carea' id='block_1_72' title="bbox 518 3873 2090 3944">
    <p class='ocr_par' dir='ltr' id='par_1_72' title="bbox 518 3873 2090 3944">
     <span class='ocr_line' id='line_1_72' title="bbox 518 3873 2090 3944; baseline -0.002 -11"><span class='ocrx_word' id='word_1_562' title='bbox 518 3893 639 3933; x_wconf 87' lang='lat' dir='ltr'><strong>esse</strong></span> <span class='ocrx_word' id='word_1_563' title='bbox 670 3875 951 3944; x_wconf 84' lang='lat' dir='ltr'><strong>contingit.</strong></span> <span class='ocrx_word' id='word_1_564' title='bbox 972 3874 1104 3928; x_wconf 86' lang='lat' dir='ltr'><strong>Nam</strong></span> <span class='ocrx_word' id='word_1_565' title='bbox 1130 3874 1183 3927; x_wconf 91' lang='lat' dir='ltr'><strong>in</strong></span> <span class='ocrx_word' id='word_1_566' title='bbox 1212 3873 1405 3942; x_wconf 86' lang='lat' dir='ltr'><strong>quibus</strong></span> <span class='ocrx_word' id='word_1_567' title='bbox 1432 3882 1515 3928; x_wconf 90' lang='lat' dir='ltr'><strong>est</strong></span> <span class='ocrx_word' id='word_1_568' title='bbox 1537 3874 1768 3943; x_wconf 87' lang='lat' dir='ltr'><strong>habitus,</strong></span> <span class='ocrx_word' id='word_1_569' title='bbox 1802 3876 1853 3929; x_wconf 90' lang='lat' dir='ltr'><strong>in</strong></span> <span class='ocrx_word' id='word_1_570' title='bbox 1886 3876 2090 3931; x_wconf 90' lang='lat' dir='ltr'><strong>eisdem</strong></span> 
     </span>
    </p>
   </div>
   <div class='ocr_carea' id='block_1_73' title="bbox 520 3968 2089 4040">
    <p class='ocr_par' dir='ltr' id='par_1_73' title="bbox 520 3968 2089 4040">
     <span class='ocr_line' id='line_1_73' title="bbox 520 3968 2089 4040; baseline -0.001 -14"><span class='ocrx_word' id='word_1_571' title='bbox 520 3971 680 4027; x_wconf 89' lang='lat' dir='ltr'><strong>etiam</strong></span> <span class='ocrx_word' id='word_1_572' title='bbox 711 3973 918 4040; x_wconf 56' lang='lat' dir='ltr'><strong>gpoterit</strong></span> <span class='ocrx_word' id='word_1_573' title='bbox 958 3984 1080 4023; x_wconf 89' lang='lat' dir='ltr'><strong>esse</strong></span> <span class='ocrx_word' id='word_1_574' title='bbox 1125 3968 1373 4037; x_wconf 91' lang='lat' dir='ltr'><strong>privatio,</strong></span> <span class='ocrx_word' id='word_1_575' title='bbox 1422 3977 1478 4022; x_wconf 91' lang='lat' dir='ltr'><strong>et</strong></span> <span class='ocrx_word' id='word_1_576' title='bbox 1520 3968 1660 4036; x_wconf 89' lang='lat' dir='ltr'><strong>quod</strong></span> <span class='ocrx_word' id='word_1_577' title='bbox 1692 3978 1775 4023; x_wconf 45' lang='lat' dir='ltr'><strong>est</strong></span> <span class='ocrx_word' id='word_1_578' title='bbox 1815 3970 2089 4036; x_wconf 73' lang='lat' dir='ltr'><strong>prpprium</strong></span> 
     </span>
    </p>
   </div>
   <div class='ocr_carea' id='block_1_74' title="bbox 484 4057 2094 4129">
    <p class='ocr_par' dir='ltr' id='par_1_74' title="bbox 484 4057 2094 4129">
     <span class='ocr_line' id='line_1_74' title="bbox 484 4057 2094 4129; baseline -0.001 -13"><span class='ocrx_word' id='word_1_579' title='bbox 484 4074 624 4116; x_wconf 90' lang='lat' dir='ltr'><strong>&#39;non</strong></span> <span class='ocrx_word' id='word_1_580' title='bbox 678 4070 853 4129; x_wconf 91' lang='lat' dir='ltr'><strong>potest</strong></span> <span class='ocrx_word' id='word_1_581' title='bbox 887 4074 918 4112; x_wconf 89' lang='lat' dir='ltr'><strong>a</strong></span> <span class='ocrx_word' id='word_1_582' title='bbox 962 4059 1205 4128; x_wconf 88' lang='lat' dir='ltr'><strong>subjecto</strong></span> <span class='ocrx_word' id='word_1_583' title='bbox 1246 4057 1544 4113; x_wconf 89' lang='lat' dir='ltr'><strong>discedere.</strong></span> <span class='ocrx_word' id='word_1_584' title='bbox 1597 4058 1663 4111; x_wconf 90' lang='lat' dir='ltr'><strong>Et</strong></span> <span class='ocrx_word' id='word_1_585' title='bbox 1708 4060 1958 4127; x_wconf 89' lang='lat' dir='ltr'><strong>quoniam</strong></span> <span class='ocrx_word' id='word_1_586' title='bbox 2001 4075 2094 4115; x_wconf 88' lang='lat' dir='ltr'><strong>ve-</strong></span> 
     </span>
    </p>
   </div>
   <div class='ocr_carea' id='block_1_75' title="bbox 520 4147 2087 4218">
    <p class='ocr_par' dir='ltr' id='par_1_75' title="bbox 520 4147 2087 4218">
     <span class='ocr_line' id='line_1_75' title="bbox 520 4147 2087 4218; baseline -0.001 -13"><span class='ocrx_word' id='word_1_587' title='bbox 520 4152 699 4206; x_wconf 90' lang='lat' dir='ltr'><strong>niente</strong></span> <span class='ocrx_word' id='word_1_588' title='bbox 740 4151 981 4204; x_wconf 62' lang='lat' dir='ltr'><strong>caecitate</strong></span> <span class='ocrx_word' id='word_1_589' title='bbox 1029 4149 1173 4203; x_wconf 92' lang='lat' dir='ltr'><strong>visus</strong></span> <span class='ocrx_word' id='word_1_590' title='bbox 1212 4147 1474 4211; x_wconf 85' lang='lat' dir='ltr'><strong>abscedit,</strong></span> <span class='ocrx_word' id='word_1_591' title='bbox 1521 4163 1626 4201; x_wconf 90' lang='lat' dir='ltr'><strong>non</strong></span> <span class='ocrx_word' id='word_1_592' title='bbox 1657 4164 1780 4203; x_wconf 89' lang='lat' dir='ltr'><strong>esse</strong></span> <span class='ocrx_word' id='word_1_593' title='bbox 1812 4150 2087 4218; x_wconf 91' lang='lat' dir='ltr'><strong>proprium</strong></span> 
     </span>
    </p>
   </div>
   <div class='ocr_carea' id='block_1_76' title="bbox 520 4241 2088 4307">
    <p class='ocr_par' dir='ltr' id='par_1_76' title="bbox 520 4241 2088 4307">
     <span class='ocr_line' id='line_1_76' title="bbox 520 4241 2088 4307; baseline 0.001 -9"><span class='ocrx_word' id='word_1_594' title='bbox 520 4242 828 4298; x_wconf 89' lang='lat' dir='ltr'><strong>habentium</strong></span> <span class='ocrx_word' id='word_1_595' title='bbox 871 4242 1054 4296; x_wconf 89' lang='lat' dir='ltr'><strong>oculos</strong></span> <span class='ocrx_word' id='word_1_596' title='bbox 1098 4241 1280 4295; x_wconf 89' lang='lat' dir='ltr'><strong>videre</strong></span> <span class='ocrx_word' id='word_1_597' title='bbox 1326 4241 1682 4295; x_wconf 89' lang='lat' dir='ltr'><strong>convincitur.</strong></span> <span class='ocrx_word' id='word_1_598' title='bbox 1734 4242 1971 4307; x_wconf 76' lang='lat' dir='ltr'><strong>Quaestio</strong></span> <span class='ocrx_word' id='word_1_599' title='bbox 2022 4244 2088 4300; x_wconf 90' lang='lat' dir='ltr'><strong>de</strong></span> 
     </span>
    </p>
   </div>
   <div class='ocr_carea' id='block_1_77' title="bbox 521 4330 2087 4403">
    <p class='ocr_par' dir='ltr' id='par_1_77' title="bbox 521 4330 2087 4403">
     <span class='ocr_line' id='line_1_77' title="bbox 521 4330 2087 4403; baseline 0.002 -16"><span class='ocrx_word' id='word_1_600' title='bbox 521 4333 757 4403; x_wconf 88' lang='lat' dir='ltr'><strong>proprio.</strong></span> <span class='ocrx_word' id='word_1_601' title='bbox 807 4332 1032 4386; x_wconf 79' lang='lat' dir='ltr'><strong>Maxima</strong></span> <span class='ocrx_word' id='word_1_602' title='bbox 1086 4330 1381 4401; x_wconf 84' lang='lat' dir='ltr'><strong>propositio</strong></span> <span class='ocrx_word' id='word_1_603' title='bbox 1416 4348 1432 4385; x_wconf 88' lang='lat'><strong>:</strong></span> <span class='ocrx_word' id='word_1_604' title='bbox 1474 4331 1564 4385; x_wconf 92' lang='lat' dir='ltr'><strong>ubi</strong></span> <span class='ocrx_word' id='word_1_605' title='bbox 1608 4332 1839 4399; x_wconf 85' lang='lat' dir='ltr'><strong>privatio</strong></span> <span class='ocrx_word' id='word_1_606' title='bbox 1896 4334 2087 4390; x_wconf 85' lang='lat' dir='ltr'><strong>abesse</strong></span> 
     </span>
    </p>
   </div>
   <div class='ocr_carea' id='block_1_78' title="bbox 2195 3144 3765 3217">
    <p class='ocr_par' dir='ltr' id='par_1_78' title="bbox 2195 3144 3765 3217">
     <span class='ocr_line' id='line_1_78' title="bbox 2195 3144 3765 3217; baseline 0.003 -19"><span class='ocrx_word' id='word_1_607' title='bbox 2195 3144 2326 3198; x_wconf 83' lang='lat' dir='ltr'><strong>Nam</strong></span> <span class='ocrx_word' id='word_1_608' title='bbox 2352 3145 2398 3199; x_wconf 89' lang='lat' dir='ltr'><strong>si</strong></span> <span class='ocrx_word' id='word_1_609' title='bbox 2423 3145 2475 3198; x_wconf 89' lang='lat' dir='ltr'><strong>id</strong></span> <span class='ocrx_word' id='word_1_610' title='bbox 2502 3145 2645 3214; x_wconf 88' lang='lat' dir='ltr'><strong>quod</strong></span> <span class='ocrx_word' id='word_1_611' title='bbox 2668 3145 2813 3213; x_wconf 87' lang='lat' dir='ltr'><strong>juste</strong></span> <span class='ocrx_word' id='word_1_612' title='bbox 2839 3149 3148 3204; x_wconf 33' lang='lat' dir='ltr'><strong>estﬁbonum</strong></span> <span class='ocrx_word' id='word_1_613' title='bbox 3178 3156 3283 3211; x_wconf 88' lang='lat' dir='ltr'><strong>est,</strong></span> <span class='ocrx_word' id='word_1_614' title='bbox 3319 3157 3374 3201; x_wconf 87' lang='lat' dir='ltr'><strong>et</strong></span> <span class='ocrx_word' id='word_1_615' title='bbox 3401 3149 3544 3213; x_wconf 83' lang='lat' dir='ltr'><strong>quod</strong></span> <span class='ocrx_word' id='word_1_616' title='bbox 3569 3151 3765 3217; x_wconf 71' lang='lat' dir='ltr'><strong>justum</strong></span> 
     </span>
    </p>
   </div>
   <div class='ocr_carea' id='block_1_79' title="bbox 2196 3238 3766 3309">
    <p class='ocr_par' dir='ltr' id='par_1_79' title="bbox 2196 3238 3766 3309">
     <span class='ocr_line' id='line_1_79' title="bbox 2196 3238 3766 3309; baseline 0.003 -18"><span class='ocrx_word' id='word_1_617' title='bbox 2196 3246 2278 3291; x_wconf 87' lang='lat' dir='ltr'><strong>est</strong></span> <span class='ocrx_word' id='word_1_618' title='bbox 2306 3238 2503 3291; x_wconf 91' lang='lat' dir='ltr'><strong>bonum</strong></span> <span class='ocrx_word' id='word_1_619' title='bbox 2545 3248 2650 3302; x_wconf 90' lang='lat' dir='ltr'><strong>est,</strong></span> <span class='ocrx_word' id='word_1_620' title='bbox 2681 3246 2736 3291; x_wconf 91' lang='lat' dir='ltr'><strong>et</strong></span> <span class='ocrx_word' id='word_1_621' title='bbox 2766 3238 2809 3291; x_wconf 90' lang='lat' dir='ltr'><strong>si</strong></span> <span class='ocrx_word' id='word_1_622' title='bbox 2848 3240 2936 3306; x_wconf 90' lang='lat' dir='ltr'><strong>qui</strong></span> <span class='ocrx_word' id='word_1_623' title='bbox 2960 3239 3138 3308; x_wconf 89' lang='lat' dir='ltr'><strong>justus</strong></span> <span class='ocrx_word' id='word_1_624' title='bbox 3178 3252 3261 3295; x_wconf 90' lang='lat' dir='ltr'><strong>est</strong></span> <span class='ocrx_word' id='word_1_625' title='bbox 3286 3240 3460 3294; x_wconf 90' lang='lat' dir='ltr'><strong>bonus</strong></span> <span class='ocrx_word' id='word_1_626' title='bbox 3487 3249 3591 3304; x_wconf 82' lang='lat' dir='ltr'><strong>est,</strong></span> <span class='ocrx_word' id='word_1_627' title='bbox 3615 3252 3670 3295; x_wconf 87' lang='lat' dir='ltr'><strong>et</strong></span> <span class='ocrx_word' id='word_1_628' title='bbox 3688 3243 3766 3309; x_wconf 88' lang='lat' dir='ltr'><strong>ju-</strong></span> 
     </span>
    </p>
   </div>
   <div class='ocr_carea' id='block_1_80' title="bbox 2196 3327 3767 3399">
    <p class='ocr_par' dir='ltr' id='par_1_80' title="bbox 2196 3327 3767 3399">
     <span class='ocr_line' id='line_1_80' title="bbox 2196 3327 3767 3399; baseline 0.001 -17"><span class='ocrx_word' id='word_1_629' title='bbox 2196 3327 2503 3383; x_wconf 82' lang='lat' dir='ltr'><strong>stitiabona</strong></span> <span class='ocrx_word' id='word_1_630' title='bbox 2532 3340 2637 3382; x_wconf 88' lang='lat' dir='ltr'><strong>est.</strong></span> <span class='ocrx_word' id='word_1_631' title='bbox 2670 3328 2807 3393; x_wconf 37' lang='lat' dir='ltr'><strong>,llazc</strong></span> <span class='ocrx_word' id='word_1_632' title='bbox 2834 3329 2999 3398; x_wconf 88' lang='lat' dir='ltr'><strong>igitur</strong></span> <span class='ocrx_word' id='word_1_633' title='bbox 3026 3330 3320 3384; x_wconf 89' lang='lat' dir='ltr'><strong>secundum</strong></span> <span class='ocrx_word' id='word_1_634' title='bbox 3354 3332 3556 3399; x_wconf 89' lang='lat' dir='ltr'><strong>proprii</strong></span> <span class='ocrx_word' id='word_1_635' title='bbox 3588 3333 3767 3399; x_wconf 3' lang='lat' dir='ltr'><strong>gnomi-</strong></span> 
     </span>
    </p>
   </div>
   <div class='ocr_carea' id='block_1_81' title="bbox 2194 3421 3765 3496">
    <p class='ocr_par' dir='ltr' id='par_1_81' title="bbox 2194 3421 3765 3496">
     <span class='ocr_line' id='line_1_81' title="bbox 2194 3421 3765 3496; baseline 0.002 -21"><span class='ocrx_word' id='word_1_636' title='bbox 2194 3421 2278 3475; x_wconf 93' lang='lat' dir='ltr'><strong>nis</strong></span> <span class='ocrx_word' id='word_1_637' title='bbox 2305 3422 2707 3476; x_wconf 89' lang='lat' dir='ltr'><strong>similitudinem</strong></span> <span class='ocrx_word' id='word_1_638' title='bbox 2738 3432 3160 3491; x_wconf 85' lang='lat' dir='ltr'><strong>consequuntur.</strong></span> <span class='ocrx_word' id='word_1_639' title='bbox 3192 3424 3353 3479; x_wconf 84' lang='lat' dir='ltr'><strong>Medii</strong></span> <span class='ocrx_word' id='word_1_640' title='bbox 3386 3440 3516 3480; x_wconf 88' lang='lat' dir='ltr'><strong>vero</strong></span> <span class='ocrx_word' id='word_1_641' title='bbox 3548 3426 3653 3480; x_wconf 90' lang='lat' dir='ltr'><strong>loci</strong></span> <span class='ocrx_word' id='word_1_642' title='bbox 3678 3442 3765 3496; x_wconf 86' lang='lat' dir='ltr'><strong>ap-</strong></span> 
     </span>
    </p>
   </div>
   <div class='ocr_carea' id='block_1_82' title="bbox 2196 3513 3762 3583">
    <p class='ocr_par' dir='ltr' id='par_1_82' title="bbox 2196 3513 3762 3583">
     <span class='ocr_line' id='line_1_82' title="bbox 2196 3513 3762 3583; baseline 0.001 -15"><span class='ocrx_word' id='word_1_643' title='bbox 2196 3514 2483 3582; x_wconf 87' lang='lat' dir='ltr'><strong>pellantur,</strong></span> <span class='ocrx_word' id='word_1_644' title='bbox 2513 3516 2763 3583; x_wconf 86' lang='lat' dir='ltr'><strong>quoniam</strong></span> <span class='ocrx_word' id='word_1_645' title='bbox 2792 3513 2839 3567; x_wconf 88' lang='lat' dir='ltr'><strong>si</strong></span> <span class='ocrx_word' id='word_1_646' title='bbox 2867 3513 2935 3567; x_wconf 87' lang='lat' dir='ltr'><strong>de</strong></span> <span class='ocrx_word' id='word_1_647' title='bbox 2958 3513 3164 3582; x_wconf 88' lang='lat' dir='ltr'><strong>justitia</strong></span> <span class='ocrx_word' id='word_1_648' title='bbox 3188 3515 3463 3583; x_wconf 63' lang='lat' dir='ltr'><strong>quaeritur,</strong></span> <span class='ocrx_word' id='word_1_649' title='bbox 3498 3526 3553 3569; x_wconf 92' lang='lat' dir='ltr'><strong>et</strong></span> <span class='ocrx_word' id='word_1_650' title='bbox 3584 3530 3617 3567; x_wconf 86' lang='lat' dir='ltr'><strong>a</strong></span> <span class='ocrx_word' id='word_1_651' title='bbox 3638 3530 3762 3569; x_wconf 83' lang='lat' dir='ltr'><strong>casu</strong></span> 
     </span>
    </p>
   </div>
   <div class='ocr_carea' id='block_1_83' title="bbox 2195 3605 3771 3675">
    <p class='ocr_par' dir='ltr' id='par_1_83' title="bbox 2195 3605 3771 3675">
     <span class='ocr_line' id='line_1_83' title="bbox 2195 3605 3771 3675; baseline 0.002 -17"><span class='ocrx_word' id='word_1_652' title='bbox 2195 3607 2281 3660; x_wconf 87' lang='lat' dir='ltr'><strong>vel</strong></span> <span class='ocrx_word' id='word_1_653' title='bbox 2312 3622 2340 3658; x_wconf 90' lang='lat' dir='ltr'><strong>a</strong></span> <span class='ocrx_word' id='word_1_654' title='bbox 2368 3606 2664 3674; x_wconf 87' lang='lat' dir='ltr'><strong>conjugatis</strong></span> <span class='ocrx_word' id='word_1_655' title='bbox 2693 3614 3005 3673; x_wconf 88' lang='lat' dir='ltr'><strong>argumenta</strong></span> <span class='ocrx_word' id='word_1_656' title='bbox 3035 3605 3321 3668; x_wconf 87' lang='lat' dir='ltr'><strong>ducuntur,</strong></span> <span class='ocrx_word' id='word_1_657' title='bbox 3363 3622 3538 3673; x_wconf 85' lang='lat' dir='ltr'><strong>neque</strong></span> <span class='ocrx_word' id='word_1_658' title='bbox 3566 3608 3639 3660; x_wconf 89' lang='lat' dir='ltr'><strong>ab</strong></span> <span class='ocrx_word' id='word_1_659' title='bbox 3662 3608 3771 3675; x_wconf 82' lang='lat' dir='ltr'><strong>ipsa</strong></span> 
     </span>
    </p>
   </div>
   <div class='ocr_carea' id='block_1_84' title="bbox 2195 3695 3771 3765">
    <p class='ocr_par' dir='ltr' id='par_1_84' title="bbox 2195 3695 3771 3765">
     <span class='ocr_line' id='line_1_84' title="bbox 2195 3695 3771 3765; baseline 0 -15"><span class='ocrx_word' id='word_1_660' title='bbox 2195 3697 2488 3751; x_wconf 88' lang='lat' dir='ltr'><strong>substantia</strong></span> <span class='ocrx_word' id='word_1_661' title='bbox 2512 3697 2724 3763; x_wconf 86' lang='lat' dir='ltr'><strong>proprie</strong></span> <span class='ocrx_word' id='word_1_662' title='bbox 2744 3709 2919 3763; x_wconf 90' lang='lat' dir='ltr'><strong>neque</strong></span> <span class='ocrx_word' id='word_1_663' title='bbox 2938 3695 3246 3763; x_wconf 85' lang='lat' dir='ltr'><strong>conjuncte,</strong></span> <span class='ocrx_word' id='word_1_664' title='bbox 3274 3712 3448 3765; x_wconf 85' lang='lat' dir='ltr'><strong>neque</strong></span> <span class='ocrx_word' id='word_1_665' title='bbox 3467 3698 3536 3750; x_wconf 90' lang='lat' dir='ltr'><strong>ab</strong></span> <span class='ocrx_word' id='word_1_666' title='bbox 3565 3698 3633 3750; x_wconf 90' lang='lat' dir='ltr'><strong>iis</strong></span> <span class='ocrx_word' id='word_1_667' title='bbox 3653 3712 3771 3765; x_wconf 75' lang='lat' dir='ltr'><strong>qua:</strong></span> 
     </span>
    </p>
   </div>
   <div class='ocr_carea' id='block_1_85' title="bbox 2198 3784 3771 3855">
    <p class='ocr_par' dir='ltr' id='par_1_85' title="bbox 2198 3784 3771 3855">
     <span class='ocr_line' id='line_1_85' title="bbox 2198 3784 3771 3855; baseline 0.001 -16"><span class='ocrx_word' id='word_1_668' title='bbox 2198 3795 2322 3839; x_wconf 91' lang='lat' dir='ltr'><strong>sunt</strong></span> <span class='ocrx_word' id='word_1_669' title='bbox 2348 3785 2681 3839; x_wconf 78' lang='lat' dir='ltr'><strong>extrinsecus</strong></span> <span class='ocrx_word' id='word_1_670' title='bbox 2720 3786 2892 3853; x_wconf 90' lang='lat' dir='ltr'><strong>posita</strong></span> <span class='ocrx_word' id='word_1_671' title='bbox 2925 3784 3169 3838; x_wconf 87' lang='lat' dir='ltr'><strong>videntur</strong></span> <span class='ocrx_word' id='word_1_672' title='bbox 3218 3786 3374 3853; x_wconf 86' lang='lat' dir='ltr'><strong>trahi,</strong></span> <span class='ocrx_word' id='word_1_673' title='bbox 3406 3788 3502 3840; x_wconf 88' lang='lat' dir='ltr'><strong>sed</strong></span> <span class='ocrx_word' id='word_1_674' title='bbox 3531 3802 3604 3840; x_wconf 75' lang='lat' dir='ltr'><strong>ex</strong></span> <span class='ocrx_word' id='word_1_675' title='bbox 3634 3788 3771 3855; x_wconf 84' lang='lat' dir='ltr'><strong>ipso-</strong></span> 
     </span>
    </p>
   </div>
   <div class='ocr_carea' id='block_1_86' title="bbox 2196 3874 3770 3942">
    <p class='ocr_par' dir='ltr' id='par_1_86' title="bbox 2196 3874 3770 3942">
     <span class='ocr_line' id='line_1_86' title="bbox 2196 3874 3770 3942; baseline 0.001 -14"><span class='ocrx_word' id='word_1_676' title='bbox 2196 3890 2313 3928; x_wconf 91' lang='lat' dir='ltr'><strong>rum</strong></span> <span class='ocrx_word' id='word_1_677' title='bbox 2338 3874 2573 3941; x_wconf 86' lang='lat' dir='ltr'><strong>casibus,</strong></span> <span class='ocrx_word' id='word_1_678' title='bbox 2612 3874 2661 3928; x_wconf 90' lang='lat' dir='ltr'><strong>id</strong></span> <span class='ocrx_word' id='word_1_679' title='bbox 2704 3883 2786 3927; x_wconf 91' lang='lat' dir='ltr'><strong>est</strong></span> <span class='ocrx_word' id='word_1_680' title='bbox 2812 3874 3041 3941; x_wconf 83' lang='lat' dir='ltr'><strong>quadam</strong></span> <span class='ocrx_word' id='word_1_681' title='bbox 3075 3889 3138 3928; x_wconf 77' lang='lat' dir='ltr'><strong>ex</strong></span> <span class='ocrx_word' id='word_1_682' title='bbox 3170 3874 3301 3942; x_wconf 89' lang='lat' dir='ltr'><strong>ipsis</strong></span> <span class='ocrx_word' id='word_1_683' title='bbox 3341 3875 3445 3929; x_wconf 89' lang='lat' dir='ltr'><strong>levi</strong></span> <span class='ocrx_word' id='word_1_684' title='bbox 3473 3878 3770 3930; x_wconf 88' lang='lat' dir='ltr'><strong>mutatione</strong></span> 
     </span>
    </p>
   </div>
   <div class='ocr_carea' id='block_1_87' title="bbox 2194 3965 3771 4045">
    <p class='ocr_par' dir='ltr' id='par_1_87' title="bbox 2194 3965 3771 4045">
     <span class='ocr_line' id='line_1_87' title="bbox 2194 3965 3771 4045; baseline 0 -24"><span class='ocrx_word' id='word_1_685' title='bbox 2194 3966 2452 4045; x_wconf 68' lang='lat' dir='ltr'><strong>deductis.</strong></span> <span class='ocrx_word' id='word_1_686' title='bbox 2487 3965 2613 4020; x_wconf 73' lang='lat' dir='ltr'><strong>lure</strong></span> <span class='ocrx_word' id='word_1_687' title='bbox 2637 3966 2795 4034; x_wconf 89' lang='lat' dir='ltr'><strong>igitur</strong></span> <span class='ocrx_word' id='word_1_688' title='bbox 2843 3966 2894 4019; x_wconf 91' lang='lat' dir='ltr'><strong>hi</strong></span> <span class='ocrx_word' id='word_1_689' title='bbox 2947 3966 3049 4020; x_wconf 91' lang='lat' dir='ltr'><strong>loci</strong></span> <span class='ocrx_word' id='word_1_690' title='bbox 3078 3966 3242 4021; x_wconf 88' lang='lat' dir='ltr'><strong>medii</strong></span> <span class='ocrx_word' id='word_1_691' title='bbox 3292 3966 3433 4039; x_wconf 80' lang='lat' dir='ltr'><strong>inter</strong></span> <span class='ocrx_word' id='word_1_692' title='bbox 3464 3982 3559 4033; x_wconf 88' lang='lat' dir='ltr'><strong>eos</strong></span> <span class='ocrx_word' id='word_1_693' title='bbox 3587 3970 3687 4037; x_wconf 25' lang='lat' dir='ltr'><strong>qui,</strong></span> <span class='ocrx_word' id='word_1_694' title='bbox 3703 3970 3771 4021; x_wconf 87' lang='lat' dir='ltr'><strong>ab</strong></span> 
     </span>
    </p>
   </div>
   <div class='ocr_carea' id='block_1_88' title="bbox 2194 4055 3771 4126">
    <p class='ocr_par' dir='ltr' id='par_1_88' title="bbox 2194 4055 3771 4126">
     <span class='ocr_line' id='line_1_88' title="bbox 2194 4055 3771 4126; baseline 0.001 -16"><span class='ocrx_word' id='word_1_695' title='bbox 2194 4056 2325 4126; x_wconf 89' lang='lat' dir='ltr'><strong>ipsis</strong></span> <span class='ocrx_word' id='word_1_696' title='bbox 2367 4066 2420 4111; x_wconf 91' lang='lat' dir='ltr'><strong>et</strong></span> <span class='ocrx_word' id='word_1_697' title='bbox 2449 4070 2543 4111; x_wconf 88' lang='lat' dir='ltr'><strong>eos</strong></span> <span class='ocrx_word' id='word_1_698' title='bbox 2567 4056 2659 4125; x_wconf 90' lang='lat' dir='ltr'><strong>qui</strong></span> <span class='ocrx_word' id='word_1_699' title='bbox 2687 4064 2812 4110; x_wconf 84' lang='lat' dir='ltr'><strong>sunt</strong></span> <span class='ocrx_word' id='word_1_700' title='bbox 2840 4055 3176 4109; x_wconf 77' lang='lat' dir='ltr'><strong>extrinsecus</strong></span> <span class='ocrx_word' id='word_1_701' title='bbox 3205 4058 3558 4110; x_wconf 88' lang='lat' dir='ltr'><strong>collocantur.</strong></span> <span class='ocrx_word' id='word_1_702' title='bbox 3594 4058 3771 4112; x_wconf 76' lang='lat' dir='ltr'><strong>Restat</strong></span> 
     </span>
    </p>
   </div>
   <div class='ocr_carea' id='block_1_89' title="bbox 2195 4148 3771 4222">
    <p class='ocr_par' dir='ltr' id='par_1_89' title="bbox 2195 4148 3771 4222">
     <span class='ocr_line' id='line_1_89' title="bbox 2195 4148 3771 4222; baseline -0.001 -21"><span class='ocrx_word' id='word_1_703' title='bbox 2195 4148 2688 4222; x_wconf 50' lang='lat' dir='ltr'><strong>Inmane</strong></span> <span class='ocrx_word' id='word_1_704' title='bbox 2717 4148 2807 4216; x_wconf 92' lang='lat' dir='ltr'><strong>qui</strong></span> <span class='ocrx_word' id='word_1_705' title='bbox 2836 4155 3097 4201; x_wconf 65' lang='lat' dir='ltr'><strong>tractatur</strong></span> <span class='ocrx_word' id='word_1_706' title='bbox 3129 4148 3229 4201; x_wconf 92' lang='lat' dir='ltr'><strong>hoc</strong></span> <span class='ocrx_word' id='word_1_707' title='bbox 3256 4148 3449 4201; x_wconf 87' lang='lat' dir='ltr'><strong>modo:</strong></span> <span class='ocrx_word' id='word_1_708' title='bbox 3478 4149 3666 4202; x_wconf 86' lang='lat' dir='ltr'><strong>Omnis</strong></span> <span class='ocrx_word' id='word_1_709' title='bbox 3694 4149 3771 4200; x_wconf 83' lang='lat' dir='ltr'><strong>di-</strong></span> 
     </span>
    </p>
   </div>
   <div class='ocr_carea' id='block_1_90' title="bbox 2192 4236 3770 4307">
    <p class='ocr_par' dir='ltr' id='par_1_90' title="bbox 2192 4236 3770 4307">
     <span class='ocr_line' id='line_1_90' title="bbox 2192 4236 3770 4307; baseline -0.003 -14"><span class='ocrx_word' id='word_1_710' title='bbox 2192 4240 2326 4293; x_wconf 89' lang='lat' dir='ltr'><strong>visio</strong></span> <span class='ocrx_word' id='word_1_711' title='bbox 2349 4238 2428 4293; x_wconf 88' lang='lat' dir='ltr'><strong>vel</strong></span> <span class='ocrx_word' id='word_1_712' title='bbox 2458 4239 2740 4307; x_wconf 87' lang='lat' dir='ltr'><strong>negatione</strong></span> <span class='ocrx_word' id='word_1_713' title='bbox 2763 4241 2840 4301; x_wconf 90' lang='lat' dir='ltr'><strong>tit,</strong></span> <span class='ocrx_word' id='word_1_714' title='bbox 2860 4237 2947 4291; x_wconf 91' lang='lat' dir='ltr'><strong>vel</strong></span> <span class='ocrx_word' id='word_1_715' title='bbox 2972 4237 3276 4306; x_wconf 86' lang='lat' dir='ltr'><strong>partitione.</strong></span> <span class='ocrx_word' id='word_1_716' title='bbox 3303 4236 3610 4306; x_wconf 81' lang='lat' dir='ltr'><strong>Negatione</strong></span> <span class='ocrx_word' id='word_1_717' title='bbox 3638 4237 3697 4290; x_wconf 76' lang='lat' dir='ltr'><strong>fit</strong></span> <span class='ocrx_word' id='word_1_718' title='bbox 3716 4245 3770 4290; x_wconf 82' lang='lat' dir='ltr'><strong>ut</strong></span> 
     </span>
    </p>
   </div>
   <div class='ocr_carea' id='block_1_91' title="bbox 2191 4326 3769 4398">
    <p class='ocr_par' dir='ltr' id='par_1_91' title="bbox 2191 4326 3769 4398">
     <span class='ocr_line' id='line_1_91' title="bbox 2191 4326 3769 4398; baseline -0.003 -15"><span class='ocrx_word' id='word_1_719' title='bbox 2191 4330 2235 4383; x_wconf 90' lang='lat' dir='ltr'><strong>si</strong></span> <span class='ocrx_word' id='word_1_720' title='bbox 2264 4330 2383 4398; x_wconf 84' lang='lat' dir='ltr'><strong>quis</strong></span> <span class='ocrx_word' id='word_1_721' title='bbox 2412 4328 2479 4381; x_wconf 88' lang='lat' dir='ltr'><strong>ita</strong></span> <span class='ocrx_word' id='word_1_722' title='bbox 2513 4329 2817 4395; x_wconf 90' lang='lat' dir='ltr'><strong>pronuntiet</strong></span> <span class='ocrx_word' id='word_1_723' title='bbox 2846 4342 2859 4378; x_wconf 87' lang='lat'><strong>:</strong></span> <span class='ocrx_word' id='word_1_724' title='bbox 2887 4341 3046 4380; x_wconf 90' lang='lat' dir='ltr'><strong>omne</strong></span> <span class='ocrx_word' id='word_1_725' title='bbox 3071 4327 3268 4379; x_wconf 81' lang='lat' dir='ltr'><strong>animal</strong></span> <span class='ocrx_word' id='word_1_726' title='bbox 3302 4336 3395 4379; x_wconf 89' lang='lat' dir='ltr'><strong>aut</strong></span> <span class='ocrx_word' id='word_1_727' title='bbox 3421 4326 3583 4380; x_wconf 88' lang='lat' dir='ltr'><strong>habet</strong></span> <span class='ocrx_word' id='word_1_728' title='bbox 3612 4327 3769 4395; x_wconf 78' lang='lat' dir='ltr'><strong>pedes</strong></span> 
     </span>
    </p>
   </div>
   <div class='ocr_carea' id='block_1_92' title="bbox 521 4417 3767 4496">
    <p class='ocr_par' dir='ltr' id='par_1_92' title="bbox 521 4417 3767 4496">
     <span class='ocr_line' id='line_1_92' title="bbox 521 4417 3767 4496; baseline -0.003 -19"><span class='ocrx_word' id='word_1_729' title='bbox 521 4432 716 4494; x_wconf 89' lang='lat' dir='ltr'><strong>potest,</strong></span> <span class='ocrx_word' id='word_1_730' title='bbox 747 4422 960 4476; x_wconf 86' lang='lat' dir='ltr'><strong>habitus</strong></span> <span class='ocrx_word' id='word_1_731' title='bbox 992 4424 1268 4490; x_wconf 80' lang='lat' dir='ltr'><strong>proprium</strong></span> <span class='ocrx_word' id='word_1_732' title='bbox 1299 4438 1403 4475; x_wconf 91' lang='lat' dir='ltr'><strong>non</strong></span> <span class='ocrx_word' id='word_1_733' title='bbox 1442 4433 1543 4476; x_wconf 91' lang='lat' dir='ltr'><strong>est.</strong></span> <span class='ocrx_word' id='word_1_734' title='bbox 1581 4422 1756 4478; x_wconf 87' lang='lat' dir='ltr'><strong>Locus</strong></span> <span class='ocrx_word' id='word_1_735' title='bbox 1780 4426 1848 4477; x_wconf 91' lang='lat' dir='ltr'><strong>ab</strong></span> <span class='ocrx_word' id='word_1_736' title='bbox 1875 4429 2091 4496; x_wconf 83' lang='lat' dir='ltr'><strong>opposi-</strong></span> <span class='ocrx_word' id='word_1_737' title='bbox 2123 4417 2177 4478; x_wconf 88' lang='lat' dir='ltr'><strong>D</strong></span> <span class='ocrx_word' id='word_1_738' title='bbox 2201 4428 2291 4473; x_wconf 90' lang='lat' dir='ltr'><strong>aut</strong></span> <span class='ocrx_word' id='word_1_739' title='bbox 2320 4432 2422 4472; x_wconf 93' lang='lat' dir='ltr'><strong>non</strong></span> <span class='ocrx_word' id='word_1_740' title='bbox 2454 4418 2629 4471; x_wconf 88' lang='lat' dir='ltr'><strong>habet.</strong></span> <span class='ocrx_word' id='word_1_741' title='bbox 2662 4417 2954 4470; x_wconf 88' lang='lat' dir='ltr'><strong>Partitione</strong></span> <span class='ocrx_word' id='word_1_742' title='bbox 2983 4430 3108 4471; x_wconf 88' lang='lat' dir='ltr'><strong>vero</strong></span> <span class='ocrx_word' id='word_1_743' title='bbox 3138 4418 3281 4470; x_wconf 83' lang='lat' dir='ltr'><strong>velut</strong></span> <span class='ocrx_word' id='word_1_744' title='bbox 3303 4417 3346 4470; x_wconf 91' lang='lat' dir='ltr'><strong>si</strong></span> <span class='ocrx_word' id='word_1_745' title='bbox 3378 4417 3506 4485; x_wconf 88' lang='lat' dir='ltr'><strong>quis</strong></span> <span class='ocrx_word' id='word_1_746' title='bbox 3532 4417 3767 4471; x_wconf 84' lang='lat' dir='ltr'><strong>dividat:</strong></span> 
     </span>
    </p>
   </div>
   <div class='ocr_carea' id='block_1_93' title="bbox 520 4513 2091 4583">
    <p class='ocr_par' dir='ltr' id='par_1_93' title="bbox 520 4513 2091 4583">
     <span class='ocr_line' id='line_1_93' title="bbox 520 4513 2091 4583; baseline 0.004 -15"><span class='ocrx_word' id='word_1_747' title='bbox 520 4517 585 4568; x_wconf 89' lang='lat' dir='ltr'><strong>tis</strong></span> <span class='ocrx_word' id='word_1_748' title='bbox 615 4514 903 4568; x_wconf 90' lang='lat' dir='ltr'><strong>secundum</strong></span> <span class='ocrx_word' id='word_1_749' title='bbox 933 4513 1169 4567; x_wconf 90' lang='lat' dir='ltr'><strong>habitum</strong></span> <span class='ocrx_word' id='word_1_750' title='bbox 1204 4523 1259 4567; x_wconf 92' lang='lat' dir='ltr'><strong>et</strong></span> <span class='ocrx_word' id='word_1_751' title='bbox 1282 4516 1657 4583; x_wconf 90' lang='lat' dir='ltr'><strong>privationem.</strong></span> <span class='ocrx_word' id='word_1_752' title='bbox 1689 4515 1895 4571; x_wconf 82' lang='lat' dir='ltr'><strong>Rursus</strong></span> <span class='ocrx_word' id='word_1_753' title='bbox 1929 4521 2000 4573; x_wconf 90' lang='lat' dir='ltr'><strong>sit</strong></span> <span class='ocrx_word' id='word_1_754' title='bbox 2033 4521 2091 4575; x_wconf 92' lang='lat' dir='ltr'><strong>in</strong></span> 
     </span>
    </p>
   </div>
   <div class='ocr_carea' id='block_1_94' title="bbox 518 4604 2091 4680">
    <p class='ocr_par' dir='ltr' id='par_1_94' title="bbox 518 4604 2091 4680">
     <span class='ocr_line' id='line_1_94' title="bbox 518 4604 2091 4680; baseline 0.004 -21"><span class='ocrx_word' id='word_1_755' title='bbox 518 4604 814 4675; x_wconf 67' lang='lat' dir='ltr'><strong>quaestione</strong></span> <span class='ocrx_word' id='word_1_756' title='bbox 854 4604 1205 4672; x_wconf 86' lang='lat' dir='ltr'><strong>pr0positum,</strong></span> <span class='ocrx_word' id='word_1_757' title='bbox 1249 4619 1315 4658; x_wconf 93' lang='lat' dir='ltr'><strong>an</strong></span> <span class='ocrx_word' id='word_1_758' title='bbox 1362 4606 1527 4672; x_wconf 89' lang='lat' dir='ltr'><strong>patris</strong></span> <span class='ocrx_word' id='word_1_759' title='bbox 1558 4607 1630 4660; x_wconf 92' lang='lat' dir='ltr'><strong>sit</strong></span> <span class='ocrx_word' id='word_1_760' title='bbox 1662 4610 1933 4677; x_wconf 90' lang='lat' dir='ltr'><strong>proprium</strong></span> <span class='ocrx_word' id='word_1_761' title='bbox 1967 4627 2091 4680; x_wconf 83' lang='lat' dir='ltr'><strong>pro-</strong></span> 
     </span>
    </p>
   </div>
   <div class='ocr_carea' id='block_1_95' title="bbox 516 4694 2092 4770">
    <p class='ocr_par' dir='ltr' id='par_1_95' title="bbox 516 4694 2092 4770">
     <span class='ocr_line' id='line_1_95' title="bbox 516 4694 2092 4770; baseline 0.004 -20"><span class='ocrx_word' id='word_1_762' title='bbox 516 4703 812 4750; x_wconf 90' lang='lat' dir='ltr'><strong>creatorem</strong></span> <span class='ocrx_word' id='word_1_763' title='bbox 836 4708 974 4748; x_wconf 79' lang='lat' dir='ltr'><strong>esse.</strong></span> <span class='ocrx_word' id='word_1_764' title='bbox 1004 4694 1180 4749; x_wconf 91' lang='lat' dir='ltr'><strong>Dicam</strong></span> <span class='ocrx_word' id='word_1_765' title='bbox 1205 4706 1349 4751; x_wconf 89' lang='lat' dir='ltr'><strong>recte</strong></span> <span class='ocrx_word' id='word_1_766' title='bbox 1370 4697 1560 4763; x_wconf 89' lang='lat' dir='ltr'><strong>videri,</strong></span> <span class='ocrx_word' id='word_1_767' title='bbox 1586 4699 1707 4766; x_wconf 86' lang='lat' dir='ltr'><strong>quia</strong></span> <span class='ocrx_word' id='word_1_768' title='bbox 1736 4701 1830 4753; x_wconf 87' lang='lat' dir='ltr'><strong>lilii</strong></span> <span class='ocrx_word' id='word_1_769' title='bbox 1858 4715 1941 4755; x_wconf 79' lang='lat' dir='ltr'><strong>eSt</strong></span> <span class='ocrx_word' id='word_1_770' title='bbox 1965 4718 2092 4770; x_wconf 86' lang='lat' dir='ltr'><strong>pro-</strong></span> 
     </span>
    </p>
   </div>
   <div class='ocr_carea' id='block_1_96' title="bbox 516 4788 2093 4861">
    <p class='ocr_par' dir='ltr' id='par_1_96' title="bbox 516 4788 2093 4861">
     <span class='ocr_line' id='line_1_96' title="bbox 516 4788 2093 4861; baseline 0.005 -21"><span class='ocrx_word' id='word_1_771' title='bbox 516 4788 690 4856; x_wconf 91' lang='lat' dir='ltr'><strong>prium</strong></span> <span class='ocrx_word' id='word_1_772' title='bbox 725 4794 1059 4854; x_wconf 87' lang='lat' dir='ltr'><strong>procreatum</strong></span> <span class='ocrx_word' id='word_1_773' title='bbox 1088 4802 1206 4841; x_wconf 90' lang='lat' dir='ltr'><strong>esse</strong></span> <span class='ocrx_word' id='word_1_774' title='bbox 1235 4805 1247 4840; x_wconf 91' lang='lat'><strong>:</strong></span> <span class='ocrx_word' id='word_1_775' title='bbox 1274 4797 1334 4841; x_wconf 90' lang='lat' dir='ltr'><strong>ut</strong></span> <span class='ocrx_word' id='word_1_776' title='bbox 1357 4790 1499 4843; x_wconf 92' lang='lat' dir='ltr'><strong>enim</strong></span> <span class='ocrx_word' id='word_1_777' title='bbox 1521 4804 1642 4844; x_wconf 91' lang='lat' dir='ltr'><strong>sese</strong></span> <span class='ocrx_word' id='word_1_778' title='bbox 1673 4792 1830 4845; x_wconf 82' lang='lat' dir='ltr'><strong>habet</strong></span> <span class='ocrx_word' id='word_1_779' title='bbox 1858 4804 2007 4861; x_wconf 90' lang='lat' dir='ltr'><strong>pater</strong></span> <span class='ocrx_word' id='word_1_780' title='bbox 2027 4795 2093 4847; x_wconf 90' lang='lat' dir='ltr'><strong>ad</strong></span> 
     </span>
    </p>
   </div>
   <div class='ocr_carea' id='block_1_97' title="bbox 516 4878 2089 4949">
    <p class='ocr_par' dir='ltr' id='par_1_97' title="bbox 516 4878 2089 4949">
     <span class='ocr_line' id='line_1_97' title="bbox 516 4878 2089 4949; baseline 0.004 -18"><span class='ocrx_word' id='word_1_781' title='bbox 516 4880 704 4944; x_wconf 84' lang='lat' dir='ltr'><strong>tilium,</strong></span> <span class='ocrx_word' id='word_1_782' title='bbox 752 4878 823 4930; x_wconf 89' lang='lat' dir='ltr'><strong>ita</strong></span> <span class='ocrx_word' id='word_1_783' title='bbox 867 4889 1173 4945; x_wconf 79' lang='lat' dir='ltr'><strong>procreatur</strong></span> <span class='ocrx_word' id='word_1_784' title='bbox 1221 4879 1285 4932; x_wconf 88' lang='lat' dir='ltr'><strong>ad</strong></span> <span class='ocrx_word' id='word_1_785' title='bbox 1334 4889 1694 4947; x_wconf 87' lang='lat' dir='ltr'><strong>procreatum.</strong></span> <span class='ocrx_word' id='word_1_786' title='bbox 1736 4882 1974 4949; x_wconf 63' lang='lat' dir='ltr'><strong>Quaestio</strong></span> <span class='ocrx_word' id='word_1_787' title='bbox 2022 4885 2089 4938; x_wconf 88' lang='lat' dir='ltr'><strong>de</strong></span> 
     </span>
    </p>
   </div>
   <div class='ocr_carea' id='block_1_98' title="bbox 517 4968 2089 5040">
    <p class='ocr_par' dir='ltr' id='par_1_98' title="bbox 517 4968 2089 5040">
     <span class='ocr_line' id='line_1_98' title="bbox 517 4968 2089 5040; baseline 0.005 -17"><span class='ocrx_word' id='word_1_788' title='bbox 517 4971 751 5039; x_wconf 82' lang='lat' dir='ltr'><strong>proprio.</strong></span> <span class='ocrx_word' id='word_1_789' title='bbox 779 4968 1006 5022; x_wconf 81' lang='lat' dir='ltr'><strong>Maxima</strong></span> <span class='ocrx_word' id='word_1_790' title='bbox 1034 4972 1325 5038; x_wconf 88' lang='lat' dir='ltr'><strong>pr0positio</strong></span> <span class='ocrx_word' id='word_1_791' title='bbox 1358 4987 1372 5023; x_wconf 88' lang='lat'><strong>:</strong></span> <span class='ocrx_word' id='word_1_792' title='bbox 1413 4972 1782 5040; x_wconf 89' lang='lat' dir='ltr'><strong>oppositorum</strong></span> <span class='ocrx_word' id='word_1_793' title='bbox 1814 4974 1881 5028; x_wconf 92' lang='lat' dir='ltr'><strong>ad</strong></span> <span class='ocrx_word' id='word_1_794' title='bbox 1913 4990 1972 5029; x_wconf 89' lang='lat' dir='ltr'><strong>se</strong></span> <span class='ocrx_word' id='word_1_795' title='bbox 2004 4992 2089 5031; x_wconf 90' lang='lat' dir='ltr'><strong>rc-</strong></span> 
     </span>
    </p>
   </div>
   <div class='ocr_carea' id='block_1_99' title="bbox 506 5056 2087 5142">
    <p class='ocr_par' dir='ltr' id='par_1_99' title="bbox 506 5056 2087 5142">
     <span class='ocr_line' id='line_1_99' title="bbox 506 5056 2087 5142; baseline 0.004 -27"><span class='ocrx_word' id='word_1_796' title='bbox 506 5056 743 5115; x_wconf 68' lang='lat' dir='ltr'><strong>&#39;latorum</strong></span> <span class='ocrx_word' id='word_1_797' title='bbox 774 5061 1010 5130; x_wconf 89' lang='lat' dir='ltr'><strong>propria,</strong></span> <span class='ocrx_word' id='word_1_798' title='bbox 1055 5070 1108 5115; x_wconf 90' lang='lat' dir='ltr'><strong>et</strong></span> <span class='ocrx_word' id='word_1_799' title='bbox 1136 5062 1246 5129; x_wconf 85' lang='lat' dir='ltr'><strong>ipsa</strong></span> <span class='ocrx_word' id='word_1_800' title='bbox 1278 5061 1344 5115; x_wconf 90' lang='lat' dir='ltr'><strong>ad</strong></span> <span class='ocrx_word' id='word_1_801' title='bbox 1393 5076 1452 5117; x_wconf 92' lang='lat' dir='ltr'><strong>se</strong></span> <span class='ocrx_word' id='word_1_802' title='bbox 1482 5064 1809 5135; x_wconf 78' lang='lat' dir='ltr'><strong>referuntur.</strong></span> <span class='ocrx_word' id='word_1_803' title='bbox 1852 5066 2025 5142; x_wconf 46' lang='lat' dir='ltr'><strong>Lycus</strong></span> <span class='ocrx_word' id='word_1_804' title='bbox 2057 5082 2087 5121; x_wconf 90' lang='lat' dir='ltr'><strong>a</strong></span> 
     </span>
    </p>
   </div>
   <div class='ocr_carea' id='block_1_100' title="bbox 517 5142 2084 5231">
    <p class='ocr_par' dir='ltr' id='par_1_100' title="bbox 517 5142 2084 5231">
     <span class='ocr_line' id='line_1_100' title="bbox 517 5142 2084 5231; baseline 0.004 -24"><span class='ocrx_word' id='word_1_805' title='bbox 517 5154 1056 5231; x_wconf 49' lang='lat' dir='ltr'><strong>relatiﬂs_opp£sitis.</strong></span> <span class='ocrx_word' id='word_1_806' title='bbox 1092 5153 1220 5207; x_wconf 87' lang='lat' dir='ltr'><strong>Item</strong></span> <span class='ocrx_word' id='word_1_807' title='bbox 1251 5154 1318 5208; x_wconf 90' lang='lat' dir='ltr'><strong>sit</strong></span> <span class='ocrx_word' id='word_1_808' title='bbox 1360 5155 1411 5207; x_wconf 88' lang='lat' dir='ltr'><strong>in</strong></span> <span class='ocrx_word' id='word_1_809' title='bbox 1437 5159 1731 5225; x_wconf 58' lang='lat' dir='ltr'><strong>quastione</strong></span> <span class='ocrx_word' id='word_1_810' title='bbox 1755 5142 2084 5227; x_wconf 81' lang='lat' dir='ltr'><strong>propasitum</strong></span> 
     </span>
    </p>
   </div>
   <div class='ocr_carea' id='block_1_101' title="bbox 517 5244 2090 5319">
    <p class='ocr_par' dir='ltr' id='par_1_101' title="bbox 517 5244 2090 5319">
     <span class='ocr_line' id='line_1_101' title="bbox 517 5244 2090 5319; baseline 0.006 -22"><span class='ocrx_word' id='word_1_811' title='bbox 517 5258 582 5297; x_wconf 91' lang='lat' dir='ltr'><strong>an</strong></span> <span class='ocrx_word' id='word_1_812' title='bbox 609 5244 678 5299; x_wconf 93' lang='lat' dir='ltr'><strong>sit</strong></span> <span class='ocrx_word' id='word_1_813' title='bbox 707 5244 953 5299; x_wconf 88' lang='lat' dir='ltr'><strong>animalis</strong></span> <span class='ocrx_word' id='word_1_814' title='bbox 983 5246 1255 5313; x_wconf 78' lang='lat' dir='ltr'><strong>praprium</strong></span> <span class='ocrx_word' id='word_1_815' title='bbox 1286 5247 1509 5302; x_wconf 91' lang='lat' dir='ltr'><strong>moveri.</strong></span> <span class='ocrx_word' id='word_1_816' title='bbox 1545 5247 1802 5317; x_wconf 87' lang='lat' dir='ltr'><strong>Negetur,</strong></span> <span class='ocrx_word' id='word_1_817' title='bbox 1836 5251 1955 5319; x_wconf 83' lang='lat' dir='ltr'><strong>quia</strong></span> <span class='ocrx_word' id='word_1_818' title='bbox 1993 5266 2090 5306; x_wconf 84' lang='lat' dir='ltr'><strong>nec</strong></span> 
     </span>
    </p>
   </div>
   <div class='ocr_carea' id='block_1_102' title="bbox 516 5336 2091 5409">
    <p class='ocr_par' dir='ltr' id='par_1_102' title="bbox 516 5336 2091 5409">
     <span class='ocr_line' id='line_1_102' title="bbox 516 5336 2091 5409; baseline 0.004 -18"><span class='ocrx_word' id='word_1_819' title='bbox 516 5336 789 5391; x_wconf 81' lang='lat' dir='ltr'><strong>inanimali</strong></span> <span class='ocrx_word' id='word_1_820' title='bbox 830 5337 1041 5405; x_wconf 91' lang='lat' dir='ltr'><strong>quidem</strong></span> <span class='ocrx_word' id='word_1_821' title='bbox 1089 5345 1171 5390; x_wconf 91' lang='lat' dir='ltr'><strong>est</strong></span> <span class='ocrx_word' id='word_1_822' title='bbox 1215 5338 1488 5407; x_wconf 87' lang='lat' dir='ltr'><strong>proprium</strong></span> <span class='ocrx_word' id='word_1_823' title='bbox 1523 5354 1627 5393; x_wconf 94' lang='lat' dir='ltr'><strong>non</strong></span> <span class='ocrx_word' id='word_1_824' title='bbox 1674 5342 1901 5397; x_wconf 83' lang='lat' dir='ltr'><strong>moveri.</strong></span> <span class='ocrx_word' id='word_1_825' title='bbox 1932 5336 2091 5409; x_wconf 78' lang='lat' dir='ltr'><strong>Qua:-</strong></span> 
     </span>
    </p>
   </div>
   <div class='ocr_carea' id='block_1_103' title="bbox 516 5426 2088 5500">
    <p class='ocr_par' dir='ltr' id='par_1_103' title="bbox 516 5426 2088 5500">
     <span class='ocr_line' id='line_1_103' title="bbox 516 5426 2088 5500; baseline 0.005 -21"><span class='ocrx_word' id='word_1_826' title='bbox 516 5428 620 5480; x_wconf 87' lang='lat' dir='ltr'><strong>stio</strong></span> <span class='ocrx_word' id='word_1_827' title='bbox 672 5426 741 5481; x_wconf 90' lang='lat' dir='ltr'><strong>de</strong></span> <span class='ocrx_word' id='word_1_828' title='bbox 786 5427 1021 5496; x_wconf 89' lang='lat' dir='ltr'><strong>pr0prio.</strong></span> <span class='ocrx_word' id='word_1_829' title='bbox 1070 5426 1294 5480; x_wconf 79' lang='lat' dir='ltr'><strong>Maxima</strong></span> <span class='ocrx_word' id='word_1_830' title='bbox 1342 5428 1639 5497; x_wconf 91' lang='lat' dir='ltr'><strong>propositio</strong></span> <span class='ocrx_word' id='word_1_831' title='bbox 1672 5446 1688 5485; x_wconf 92' lang='lat'><strong>:</strong></span> <span class='ocrx_word' id='word_1_832' title='bbox 1721 5433 2088 5500; x_wconf 87' lang='lat' dir='ltr'><strong>oppositorum</strong></span> 
     </span>
    </p>
   </div>
   <div class='ocr_carea' id='block_1_104' title="bbox 518 5517 2091 5591">
    <p class='ocr_par' dir='ltr' id='par_1_104' title="bbox 518 5517 2091 5591">
     <span class='ocr_line' id='line_1_104' title="bbox 518 5517 2091 5591; baseline 0.004 -20"><span class='ocrx_word' id='word_1_833' title='bbox 518 5517 764 5586; x_wconf 71' lang='lat' dir='ltr'><strong>apposita</strong></span> <span class='ocrx_word' id='word_1_834' title='bbox 802 5520 1014 5587; x_wconf 85' lang='lat' dir='ltr'><strong>propria</strong></span> <span class='ocrx_word' id='word_1_835' title='bbox 1046 5532 1173 5572; x_wconf 90' lang='lat' dir='ltr'><strong>esse</strong></span> <span class='ocrx_word' id='word_1_836' title='bbox 1215 5527 1489 5588; x_wconf 90' lang='lat' dir='ltr'><strong>oportere.</strong></span> <span class='ocrx_word' id='word_1_837' title='bbox 1524 5518 1696 5574; x_wconf 54' lang='lat' dir='ltr'><strong>[rcus</strong></span> <span class='ocrx_word' id='word_1_838' title='bbox 1735 5522 1803 5576; x_wconf 90' lang='lat' dir='ltr'><strong>ab</strong></span> <span class='ocrx_word' id='word_1_839' title='bbox 1833 5524 2091 5591; x_wconf 86' lang='lat' dir='ltr'><strong>oppositis</strong></span> 
     </span>
    </p>
   </div>
   <div class='ocr_carea' id='block_1_105' title="bbox 518 5608 2085 5679">
    <p class='ocr_par' dir='ltr' id='par_1_105' title="bbox 518 5608 2085 5679">
     <span class='ocr_line' id='line_1_105' title="bbox 518 5608 2085 5679; baseline 0.002 -15"><span class='ocrx_word' id='word_1_840' title='bbox 518 5608 808 5670; x_wconf 63' lang='lat' dir='ltr'><strong>secundum</strong></span> <span class='ocrx_word' id='word_1_841' title='bbox 831 5608 1241 5665; x_wconf 84' lang='lat' dir='ltr'><strong>allirtnationem</strong></span> <span class='ocrx_word' id='word_1_842' title='bbox 1263 5618 1316 5664; x_wconf 90' lang='lat' dir='ltr'><strong>et</strong></span> <span class='ocrx_word' id='word_1_843' title='bbox 1339 5610 1696 5679; x_wconf 79' lang='lat' dir='ltr'><strong>negationem.</strong></span> <span class='ocrx_word' id='word_1_844' title='bbox 1725 5612 1920 5667; x_wconf 83' lang='lat' dir='ltr'><strong>Moveri</strong></span> <span class='ocrx_word' id='word_1_845' title='bbox 1946 5616 2085 5669; x_wconf 87' lang='lat' dir='ltr'><strong>enim</strong></span> 
     </span>
    </p>
   </div>
   <div class='ocr_carea' id='block_1_106' title="bbox 2197 4506 3799 4575">
    <p class='ocr_par' dir='ltr' id='par_1_106' title="bbox 2197 4506 3799 4575">
     <span class='ocr_line' id='line_1_106' title="bbox 2197 4506 3799 4575; baseline -0.002 -13"><span class='ocrx_word' id='word_1_846' title='bbox 2197 4509 2370 4562; x_wconf 89' lang='lat' dir='ltr'><strong>omnis</strong></span> <span class='ocrx_word' id='word_1_847' title='bbox 2402 4506 2559 4559; x_wconf 91' lang='lat' dir='ltr'><strong>homo</strong></span> <span class='ocrx_word' id='word_1_848' title='bbox 2586 4518 2674 4559; x_wconf 90' lang='lat' dir='ltr'><strong>aut</strong></span> <span class='ocrx_word' id='word_1_849' title='bbox 2702 4517 2783 4560; x_wconf 89' lang='lat' dir='ltr'><strong>est</strong></span> <span class='ocrx_word' id='word_1_850' title='bbox 2806 4521 2992 4573; x_wconf 91' lang='lat' dir='ltr'><strong>sanus,</strong></span> <span class='ocrx_word' id='word_1_851' title='bbox 3029 4516 3119 4559; x_wconf 92' lang='lat' dir='ltr'><strong>aut</strong></span> <span class='ocrx_word' id='word_1_852' title='bbox 3148 4521 3306 4575; x_wconf 77' lang='lat' dir='ltr'><strong>a-ger.</strong></span> <span class='ocrx_word' id='word_1_853' title='bbox 3340 4506 3426 4559; x_wconf 84' lang='lat' dir='ltr'><strong>Fit</strong></span> <span class='ocrx_word' id='word_1_854' title='bbox 3449 4517 3631 4561; x_wconf 87' lang='lat' dir='ltr'><strong>autem</strong></span> <span class='ocrx_word' id='word_1_855' title='bbox 3657 4508 3767 4560; x_wconf 73' lang='grc' dir='ltr'><strong>ωιίσ</strong></span> <span class='ocrx_word' id='word_1_856' title='bbox 3794 4546 3799 4553; x_wconf 83' lang='lat'><strong>.</strong></span> 
     </span>
    </p>
   </div>
   <div class='ocr_carea' id='block_1_107' title="bbox 2197 4595 3825 4664">
    <p class='ocr_par' dir='ltr' id='par_1_107' title="bbox 2197 4595 3825 4664">
     <span class='ocr_line' id='line_1_107' title="bbox 2197 4595 3825 4664; baseline -0.001 -15"><span class='ocrx_word' id='word_1_857' title='bbox 2197 4613 2346 4652; x_wconf 83' lang='lat' dir='ltr'><strong>versa</strong></span> <span class='ocrx_word' id='word_1_858' title='bbox 2375 4595 2568 4650; x_wconf 63' lang='lat' dir='ltr'><strong>divisio</strong></span> <span class='ocrx_word' id='word_1_859' title='bbox 2592 4597 2672 4648; x_wconf 90' lang='lat' dir='ltr'><strong>vel</strong></span> <span class='ocrx_word' id='word_1_860' title='bbox 2695 4595 2908 4663; x_wconf 87' lang='lat' dir='ltr'><strong>generis</strong></span> <span class='ocrx_word' id='word_1_861' title='bbox 2935 4595 2990 4648; x_wconf 91' lang='lat' dir='ltr'><strong>in</strong></span> <span class='ocrx_word' id='word_1_862' title='bbox 3015 4596 3245 4664; x_wconf 85' lang='lat' dir='ltr'><strong>species,</strong></span> <span class='ocrx_word' id='word_1_863' title='bbox 3271 4596 3353 4649; x_wconf 81' lang='lat' dir='ltr'><strong>vel</strong></span> <span class='ocrx_word' id='word_1_864' title='bbox 3380 4596 3545 4649; x_wconf 89' lang='lat' dir='ltr'><strong>totius</strong></span> <span class='ocrx_word' id='word_1_865' title='bbox 3574 4597 3627 4648; x_wconf 90' lang='lat' dir='ltr'><strong>in</strong></span> <span class='ocrx_word' id='word_1_866' title='bbox 3652 4611 3769 4663; x_wconf 80' lang='lat' dir='ltr'><strong>par-</strong></span> <span class='ocrx_word' id='word_1_867' title='bbox 3818 4595 3825 4633; x_wconf 80' lang='grc' dir='ltr'>ἰ</span> 
     </span>
    </p>
   </div>
   <div class='ocr_carea' id='block_1_108' title="bbox 2198 4688 3767 4757">
    <p class='ocr_par' dir='ltr' id='par_1_108' title="bbox 2198 4688 3767 4757">
     <span class='ocr_line' id='line_1_108' title="bbox 2198 4688 3767 4757; baseline -0.001 -14"><span class='ocrx_word' id='word_1_868' title='bbox 2198 4701 2298 4755; x_wconf 89' lang='lat' dir='ltr'><strong>tes,</strong></span> <span class='ocrx_word' id='word_1_869' title='bbox 2332 4692 2415 4744; x_wconf 86' lang='lat' dir='ltr'><strong>vel</strong></span> <span class='ocrx_word' id='word_1_870' title='bbox 2452 4690 2600 4743; x_wconf 83' lang='lat' dir='ltr'><strong>vocis</strong></span> <span class='ocrx_word' id='word_1_871' title='bbox 2638 4690 2696 4741; x_wconf 89' lang='lat' dir='ltr'><strong>in</strong></span> <span class='ocrx_word' id='word_1_872' title='bbox 2734 4689 2975 4757; x_wconf 85' lang='lat' dir='ltr'><strong>proprias</strong></span> <span class='ocrx_word' id='word_1_873' title='bbox 3019 4688 3457 4757; x_wconf 85' lang='lat' dir='ltr'><strong>signiﬁcationes,</strong></span> <span class='ocrx_word' id='word_1_874' title='bbox 3492 4690 3578 4743; x_wconf 87' lang='lat' dir='ltr'><strong>vel</strong></span> <span class='ocrx_word' id='word_1_875' title='bbox 3627 4691 3767 4743; x_wconf 54' lang='lat' dir='ltr'><strong>acci.</strong></span> 
     </span>
    </p>
   </div>
   <div class='ocr_carea' id='block_1_109' title="bbox 2197 4778 3769 4848">
    <p class='ocr_par' dir='ltr' id='par_1_109' title="bbox 2197 4778 3769 4848">
     <span class='ocr_line' id='line_1_109' title="bbox 2197 4778 3769 4848; baseline -0.003 -13"><span class='ocrx_word' id='word_1_876' title='bbox 2197 4781 2370 4835; x_wconf 77' lang='lat' dir='ltr'><strong>dentis</strong></span> <span class='ocrx_word' id='word_1_877' title='bbox 2403 4781 2454 4835; x_wconf 95' lang='lat' dir='ltr'><strong>in</strong></span> <span class='ocrx_word' id='word_1_878' title='bbox 2486 4779 2744 4848; x_wconf 87' lang='lat' dir='ltr'><strong>subjecta,</strong></span> <span class='ocrx_word' id='word_1_879' title='bbox 2775 4779 2860 4833; x_wconf 88' lang='lat' dir='ltr'><strong>vel</strong></span> <span class='ocrx_word' id='word_1_880' title='bbox 2885 4778 3110 4848; x_wconf 89' lang='lat' dir='ltr'><strong>subjecti</strong></span> <span class='ocrx_word' id='word_1_881' title='bbox 3136 4779 3187 4833; x_wconf 92' lang='lat' dir='ltr'><strong>in</strong></span> <span class='ocrx_word' id='word_1_882' title='bbox 3215 4779 3533 4841; x_wconf 87' lang='lat' dir='ltr'><strong>accidentia,</strong></span> <span class='ocrx_word' id='word_1_883' title='bbox 3567 4780 3650 4832; x_wconf 83' lang='lat' dir='ltr'><strong>vel</strong></span> <span class='ocrx_word' id='word_1_884' title='bbox 3680 4794 3769 4830; x_wconf 82' lang='lat' dir='ltr'><strong>ac—</strong></span> 
     </span>
    </p>
   </div>
   <div class='ocr_carea' id='block_1_110' title="bbox 2197 4870 3768 4935">
    <p class='ocr_par' dir='ltr' id='par_1_110' title="bbox 2197 4870 3768 4935">
     <span class='ocr_line' id='line_1_110' title="bbox 2197 4870 3768 4935; baseline -0.004 -9"><span class='ocrx_word' id='word_1_885' title='bbox 2197 4872 2425 4927; x_wconf 88' lang='lat' dir='ltr'><strong>cidentis</strong></span> <span class='ocrx_word' id='word_1_886' title='bbox 2471 4873 2520 4925; x_wconf 91' lang='lat' dir='ltr'><strong>in</strong></span> <span class='ocrx_word' id='word_1_887' title='bbox 2554 4871 2870 4926; x_wconf 89' lang='lat' dir='ltr'><strong>accidentia.</strong></span> <span class='ocrx_word' id='word_1_888' title='bbox 2899 4871 3136 4935; x_wconf 85' lang='lat' dir='ltr'><strong>Quorum</strong></span> <span class='ocrx_word' id='word_1_889' title='bbox 3166 4872 3405 4924; x_wconf 88' lang='lat' dir='ltr'><strong>omnium</strong></span> <span class='ocrx_word' id='word_1_890' title='bbox 3448 4870 3686 4923; x_wconf 85' lang='lat' dir='ltr'><strong>rationes</strong></span> <span class='ocrx_word' id='word_1_891' title='bbox 3720 4870 3768 4922; x_wconf 85' lang='lat' dir='ltr'><strong>in</strong></span> 
     </span>
    </p>
   </div>
   <div class='ocr_carea' id='block_1_111' title="bbox 2197 4961 3769 5032">
    <p class='ocr_par' dir='ltr' id='par_1_111' title="bbox 2197 4961 3769 5032">
     <span class='ocr_line' id='line_1_111' title="bbox 2197 4961 3769 5032; baseline -0.007 -13"><span class='ocrx_word' id='word_1_892' title='bbox 2197 4978 2262 5019; x_wconf 87' lang='lat' dir='ltr'><strong>eo</strong></span> <span class='ocrx_word' id='word_1_893' title='bbox 2288 4962 2424 5017; x_wconf 86' lang='lat' dir='ltr'><strong>libro</strong></span> <span class='ocrx_word' id='word_1_894' title='bbox 2465 4963 2770 5032; x_wconf 87' lang='lat' dir='ltr'><strong>diligentius</strong></span> <span class='ocrx_word' id='word_1_895' title='bbox 2791 4962 3024 5030; x_wconf 83' lang='lat' dir='ltr'><strong>explicui</strong></span> <span class='ocrx_word' id='word_1_896' title='bbox 3055 4977 3213 5031; x_wconf 89' lang='lat' dir='ltr'><strong>quem</strong></span> <span class='ocrx_word' id='word_1_897' title='bbox 3247 4964 3315 5016; x_wconf 71' lang='lat' dir='ltr'><strong>ale</strong></span> <span class='ocrx_word' id='word_1_898' title='bbox 3341 4961 3608 5015; x_wconf 69' lang='lat' dir='ltr'><strong>divisione</strong></span> <span class='ocrx_word' id='word_1_899' title='bbox 3628 4978 3769 5015; x_wconf 54' lang='lat' dir='ltr'><strong>conn</strong></span> 
     </span>
    </p>
   </div>
   <div class='ocr_carea' id='block_1_112' title="bbox 3390 5038 3611 5049">
    <p class='ocr_par' dir='ltr' id='par_1_112' title="bbox 3390 5038 3611 5049">
     <span class='ocr_line' id='line_1_112' title="bbox 3390 5038 3611 5049; baseline -0.009 -4"><span class='ocrx_word' id='word_1_900' title='bbox 3390 5044 3437 5049; x_wconf 37' lang='grc' dir='ltr'><strong>ἠγ</strong></span> <span class='ocrx_word' id='word_1_901' title='bbox 3450 5038 3529 5046; x_wconf 54' lang='grc' dir='ltr'><strong>..ν-τι</strong></span> <span class='ocrx_word' id='word_1_902' title='bbox 3548 5038 3611 5043; x_wconf 41' lang='lat'><strong>-—-——.,</strong></span> 
     </span>
    </p>
   </div>
   <div class='ocr_carea' id='block_1_113' title="bbox 2198 5044 3763 5132">
    <p class='ocr_par' dir='ltr' id='par_1_113' title="bbox 2198 5044 3763 5132">
     <span class='ocr_line' id='line_1_113' title="bbox 2198 5044 3763 5132; baseline -0.004 -15"><span class='ocrx_word' id='word_1_903' title='bbox 2198 5062 2370 5132; x_wconf 90' lang='lat' dir='ltr'><strong>posui.</strong></span> <span class='ocrx_word' id='word_1_904' title='bbox 2404 5064 2579 5132; x_wconf 88' lang='lat' dir='ltr'><strong>Atque</strong></span> <span class='ocrx_word' id='word_1_905' title='bbox 2602 5062 2805 5116; x_wconf 91' lang='lat' dir='ltr'><strong>idcirco</strong></span> <span class='ocrx_word' id='word_1_906' title='bbox 2836 5061 2960 5116; x_wconf 91' lang='lat' dir='ltr'><strong>inde</strong></span> <span class='ocrx_word' id='word_1_907' title='bbox 2989 5062 3054 5116; x_wconf 91' lang='lat' dir='ltr'><strong>ad</strong></span> <span class='ocrx_word' id='word_1_908' title='bbox 3087 5063 3277 5116; x_wconf 90' lang='lat' dir='ltr'><strong>horum</strong></span> <span class='ocrx_word' id='word_1_909' title='bbox 3314 5044 3549 5115; x_wconf 60' lang='lat' dir='ltr'><strong>omnium</strong></span> <span class='ocrx_word' id='word_1_910' title='bbox 3582 5044 3763 5130; x_wconf 66' lang='lat' dir='ltr'><strong>cogni-</strong></span> 
     </span>
    </p>
   </div>
   <div class='ocr_carea' id='block_1_114' title="bbox 2199 5153 3765 5224">
    <p class='ocr_par' dir='ltr' id='par_1_114' title="bbox 2199 5153 3765 5224">
     <span class='ocr_line' id='line_1_114' title="bbox 2199 5153 3765 5224; baseline -0.002 -17"><span class='ocrx_word' id='word_1_911' title='bbox 2199 5155 2397 5209; x_wconf 86' lang='lat' dir='ltr'><strong>tionem</strong></span> <span class='ocrx_word' id='word_1_912' title='bbox 2428 5169 2662 5223; x_wconf 89' lang='lat' dir='ltr'><strong>congrua</strong></span> <span class='ocrx_word' id='word_1_913' title='bbox 2694 5164 2946 5224; x_wconf 89' lang='lat' dir='ltr'><strong>petantur</strong></span> <span class='ocrx_word' id='word_1_914' title='bbox 2984 5156 3256 5223; x_wconf 78' lang='lat' dir='ltr'><strong>exempla.</strong></span> <span class='ocrx_word' id='word_1_915' title='bbox 3291 5153 3445 5208; x_wconf 88' lang='lat' dir='ltr'><strong>Fiunt</strong></span> <span class='ocrx_word' id='word_1_916' title='bbox 3474 5163 3654 5208; x_wconf 89' lang='lat' dir='ltr'><strong>autem</strong></span> <span class='ocrx_word' id='word_1_917' title='bbox 3683 5170 3765 5204; x_wconf 83' lang='lat' dir='ltr'><strong>ar-</strong></span> 
     </span>
    </p>
   </div>
   <div class='ocr_carea' id='block_1_115' title="bbox 2196 5244 3761 5319">
    <p class='ocr_par' dir='ltr' id='par_1_115' title="bbox 2196 5244 3761 5319">
     <span class='ocr_line' id='line_1_115' title="bbox 2196 5244 3761 5319; baseline -0.003 -20"><span class='ocrx_word' id='word_1_918' title='bbox 2196 5244 2621 5314; x_wconf 87' lang='lat' dir='ltr'><strong>gumentationes</strong></span> <span class='ocrx_word' id='word_1_919' title='bbox 2658 5262 2750 5319; x_wconf 75' lang='lat' dir='ltr'><strong>per</strong></span> <span class='ocrx_word' id='word_1_920' title='bbox 2782 5245 3117 5310; x_wconf 87' lang='lat' dir='ltr'><strong>divisionem,</strong></span> <span class='ocrx_word' id='word_1_921' title='bbox 3152 5257 3259 5299; x_wconf 91' lang='lat' dir='ltr'><strong>tum</strong></span> <span class='ocrx_word' id='word_1_922' title='bbox 3289 5260 3352 5299; x_wconf 90' lang='lat' dir='ltr'><strong>ea</strong></span> <span class='ocrx_word' id='word_1_923' title='bbox 3399 5244 3761 5313; x_wconf 82' lang='lat' dir='ltr'><strong>segregatione</strong></span> 
     </span>
    </p>
   </div>
   <div class='ocr_carea' id='block_1_116' title="bbox 2195 5341 3755 5413">
    <p class='ocr_par' dir='ltr' id='par_1_116' title="bbox 2195 5341 3755 5413">
     <span class='ocr_line' id='line_1_116' title="bbox 2195 5341 3755 5413; baseline -0.003 -19"><span class='ocrx_word' id='word_1_924' title='bbox 2195 5360 2311 5413; x_wconf 75' lang='lat' dir='ltr'><strong>quze</strong></span> <span class='ocrx_word' id='word_1_925' title='bbox 2355 5360 2450 5413; x_wconf 88' lang='lat' dir='ltr'><strong>per</strong></span> <span class='ocrx_word' id='word_1_926' title='bbox 2479 5344 2811 5413; x_wconf 88' lang='lat' dir='ltr'><strong>negationem</strong></span> <span class='ocrx_word' id='word_1_927' title='bbox 2860 5343 2939 5407; x_wconf 77' lang='lat' dir='ltr'><strong>fit,</strong></span> <span class='ocrx_word' id='word_1_928' title='bbox 2974 5350 3083 5395; x_wconf 90' lang='lat' dir='ltr'><strong>tum</strong></span> <span class='ocrx_word' id='word_1_929' title='bbox 3126 5358 3188 5398; x_wconf 87' lang='lat' dir='ltr'><strong>ea</strong></span> <span class='ocrx_word' id='word_1_930' title='bbox 3238 5356 3355 5411; x_wconf 65' lang='lat' dir='ltr'><strong>qua:</strong></span> <span class='ocrx_word' id='word_1_931' title='bbox 3393 5356 3488 5410; x_wconf 90' lang='lat' dir='ltr'><strong>per</strong></span> <span class='ocrx_word' id='word_1_932' title='bbox 3525 5341 3755 5408; x_wconf 81' lang='lat' dir='ltr'><strong>partitio-</strong></span> 
     </span>
    </p>
   </div>
   <div class='ocr_carea' id='block_1_117' title="bbox 2196 5432 3754 5504">
    <p class='ocr_par' dir='ltr' id='par_1_117' title="bbox 2196 5432 3754 5504">
     <span class='ocr_line' id='line_1_117' title="bbox 2196 5432 3754 5504; baseline -0.004 -16"><span class='ocrx_word' id='word_1_933' title='bbox 2196 5449 2340 5490; x_wconf 90' lang='lat' dir='ltr'><strong>nem.</strong></span> <span class='ocrx_word' id='word_1_934' title='bbox 2382 5435 2486 5491; x_wconf 89' lang='lat' dir='ltr'><strong>Sed</strong></span> <span class='ocrx_word' id='word_1_935' title='bbox 2515 5435 2603 5504; x_wconf 93' lang='lat' dir='ltr'><strong>qui</strong></span> <span class='ocrx_word' id='word_1_936' title='bbox 2647 5436 2729 5488; x_wconf 87' lang='lat' dir='ltr'><strong>his</strong></span> <span class='ocrx_word' id='word_1_937' title='bbox 2770 5433 3120 5489; x_wconf 77' lang='lat' dir='ltr'><strong>divisionibus</strong></span> <span class='ocrx_word' id='word_1_938' title='bbox 3151 5444 3388 5497; x_wconf 85' lang='lat' dir='ltr'><strong>utuntur,</strong></span> <span class='ocrx_word' id='word_1_939' title='bbox 3431 5443 3521 5487; x_wconf 90' lang='lat' dir='ltr'><strong>aut</strong></span> <span class='ocrx_word' id='word_1_940' title='bbox 3558 5432 3754 5486; x_wconf 80' lang='lat' dir='ltr'><strong>directa</strong></span> 
     </span>
    </p>
   </div>
   <div class='ocr_carea' id='block_1_118' title="bbox 2197 5525 3752 5596">
    <p class='ocr_par' dir='ltr' id='par_1_118' title="bbox 2197 5525 3752 5596">
     <span class='ocr_line' id='line_1_118' title="bbox 2197 5525 3752 5596; baseline -0.005 -16"><span class='ocrx_word' id='word_1_941' title='bbox 2197 5526 2609 5581; x_wconf 87' lang='lat' dir='ltr'><strong>ratiocinatione</strong></span> <span class='ocrx_word' id='word_1_942' title='bbox 2647 5526 2995 5592; x_wconf 88' lang='lat' dir='ltr'><strong>contendunt,</strong></span> <span class='ocrx_word' id='word_1_943' title='bbox 3039 5535 3127 5580; x_wconf 88' lang='lat' dir='ltr'><strong>aut</strong></span> <span class='ocrx_word' id='word_1_944' title='bbox 3171 5527 3222 5581; x_wconf 91' lang='lat' dir='ltr'><strong>in</strong></span> <span class='ocrx_word' id='word_1_945' title='bbox 3269 5527 3480 5596; x_wconf 89' lang='lat' dir='ltr'><strong>aliquod</strong></span> <span class='ocrx_word' id='word_1_946' title='bbox 3514 5525 3752 5593; x_wconf 73' lang='lat' dir='ltr'><strong>impossi-</strong></span> 
     </span>
    </p>
   </div>
   <div class='ocr_carea' id='block_1_119' title="bbox 2197 5615 3746 5688">
    <p class='ocr_par' dir='ltr' id='par_1_119' title="bbox 2197 5615 3746 5688">
     <span class='ocr_line' id='line_1_119' title="bbox 2197 5615 3746 5688; baseline -0.002 -18"><span class='ocrx_word' id='word_1_947' title='bbox 2197 5617 2301 5671; x_wconf 91' lang='lat' dir='ltr'><strong>bile</strong></span> <span class='ocrx_word' id='word_1_948' title='bbox 2327 5627 2483 5686; x_wconf 80' lang='lat' dir='ltr'><strong>atque</strong></span> <span class='ocrx_word' id='word_1_949' title='bbox 2524 5616 2901 5672; x_wconf 88' lang='lat' dir='ltr'><strong>inconveniens</strong></span> <span class='ocrx_word' id='word_1_950' title='bbox 2948 5617 3169 5684; x_wconf 90' lang='lat' dir='ltr'><strong>ducunt,</strong></span> <span class='ocrx_word' id='word_1_951' title='bbox 3199 5625 3357 5688; x_wconf 84' lang='lat' dir='ltr'><strong>atque</strong></span> <span class='ocrx_word' id='word_1_952' title='bbox 3408 5618 3480 5673; x_wconf 89' lang='lat' dir='ltr'><strong>ita</strong></span> <span class='ocrx_word' id='word_1_953' title='bbox 3524 5618 3573 5672; x_wconf 87' lang='lat' dir='ltr'><strong>id</strong></span> <span class='ocrx_word' id='word_1_954' title='bbox 3609 5615 3746 5685; x_wconf 87' lang='lat' dir='ltr'><strong>quod</strong></span> 
     </span>
    </p>
   </div>
   <div class='ocr_carea' id='block_1_120' title="bbox 3826 4640 3837 4675">
    <p class='ocr_par' dir='ltr' id='par_1_120' title="bbox 3826 4640 3837 4675">
     <span class='ocr_line' id='line_1_120' title="bbox 3826 4640 3837 4675; baseline 0 0"><span class='ocrx_word' id='word_1_955' title='bbox 3826 4640 3837 4675; x_wconf 55' lang='grc' dir='ltr'>κ</span> 
     </span>
    </p>
   </div>
  </div>
