4036 6336
267 284 403 336 11ξὸ

1310 278 1394 331 DE
1438 270 1907 331 DIFFERENTIIS
1946 270 2224 324 T0l’iC-IS.
2266 270 2389 323 LIB.
2435 270 2491 324 l'.

3362 267 3510 333 gttnt

262 392 610 461 reliquerant,
644 395 828 445 rurﬂts
871 397 1167 443 assumunt.
1200 388 1330 456 Qua:
1378 387 1588 443 facilius
1613 386 1838 456 quisque
1866 385 1921 445 Α
1943 398 2084 447 esse,
2120 384 2378 437 marinam
2427 398 2637 452 quoque
2667 384 2893 438 belluam
2936 395 2989 438 et
3030 384 3179 439 sidus
3202 382 3513 437 substantiae

260 494 574 554 cognoscet,
628 484 672 537 si
725 481 989 552 prioribus
1035 481 1314 551 analyticis
1356 494 1570 548 operam
1611 475 1837 530 dederit.

266 576 467 630 llorum
501 586 677 630 tamen
707 575 826 627 talia
871 576 920 625 in
952 586 1194 641 prresens
1225 572 1553 640 pra'stabtmt
1593 566 1838 634 exempla

264 669 530 722 notitiam.
581 667 661 722 Sit
712 666 762 718 iit
793 665 1087 731 quaestione
1139 666 1466 730 propositum
1513 677 1578 713 an
1629 659 1732 713 ulla
1772 659 1840 713 sit

264 773 418 826 origo
450 756 727 820 temporis.
774 755 922 821 Quod
949 756 1038 823 qtti
1068 768 1263 823 negare
1301 752 1464 820 volet,
1498 752 1549 805 id
1589 752 1841 804 nimirum

268 845 681 900 ratiocinatione
713 844 946 898 tirmabit
995 844 1141 896 nullo
1173 842 1329 896 modo
1377 857 1495 895 esst:
1532 849 1730 901 ortum,
1763 840 1843 893 id-

264 955 372 1006 que
410 939 617 992 directa
665 936 1074 990 ratiocinatimte
1123 935 1445 989 monstrabit
1488 933 1589 988 hoc
1636 933 1836 987 modo:

264 1031 501 1099 Tempus
527 1038 619 1082 aut
648 1029 907 1096 originem
953 1029 1134 1094 habet,
1162 1037 1257 1081 aut
1284 1042 1409 1079 non.
1439 1026 1546 1080 Sed
1587 1025 1840 1094 quoniam

266 1122 499 1175 mundus
538 1130 780 1175 aeternus
821 1130 902 1174 est
950 1120 1027 1189 (id
1066 1136 1207 1173 enim
1243 1120 1513 1189 paulisper
1542 1118 1841 1188 argumenti

264 1212 439 1280 gratia
467 1211 839 1277 concedatur),
878 1213 1107 1264 mundus
1144 1226 1269 1264 vero
1297 1209 1412 1264 sine
1459 1220 1698 1278 tempore
1724 1223 1846 1263 esse

268 1322 376 1358 nntt
410 1304 601 1370 potuit,
636 1312 843 1371 tempus
888 1318 1099 1371 quoque
1137 1311 1395 1357 aeternum
1427 1310 1527 1355 cst.
1569 1300 1672 1355 Sed
1702 1298 1843 1369 quod

267 1405 534 1447 a-ternum
566 1405 648 1448 est
687 1403 836 1451 t'aret
872 1394 1104 1464 origine,
1151 1404 1361 1460 tempus
1390 1380 1546 1461 igitur
1586 1392 1844 1461 originem

269 1498 377 1535 non
413 1482 596 1537 habet.
633 1486 700 1536 At
732 1483 776 1537 si
822 1498 913 1549 per
956 1483 1437 1553 itnpossihilitatctu
1469 1481 1614 1537 idem
1646 1481 1847 1536 deside-

270 1582 419 1627 retur
449 1575 680 1638 ostendi,
712 1575 920 1627 diretur
956 1576 1055 1628 Izoe
1083 1575 1239 1628 modo
1266 1590 1281 1628 :
1308 1574 1541 1641 Tempus
1567 1585 1658 1629 aut
1686 1575 1842 1643 origi-

271 1681 395 1719 nem
424 1666 607 1729 habet,
636 1676 726 1718 aut
754 1684 880 1718 tton.
922 1666 1024 1720 Sed
1058 1682 1100 1720 SI
1138 1677 1346 1733 tempus
1371 1666 1527 1719 habet
1563 1668 1846 1733 originem,

1950 491 2107 546 posse
2137 478 2386 545 supponi.
2420 479 2739 529 monstravit
2779 492 2967 531 canem
2995 491 3115 530 esse
3144 474 3513 528 subsmntiam.

1944 567 2117 634 Atque
2150 566 2234 619 hic
2278 567 2488 634 quidem
2516 582 2576 619 ex
2608 568 2738 634 ipsis
2770 569 2820 620 in
2869 570 3165 635 qtizcstione
3196 565 3515 634 propositis,

1950 656 2214 710 videbitur
2257 667 2567 725 argumenta
2608 663 2853 712 traxisse.
2897 660 2966 712 At
3008 659 3059 710 itt
3095 659 3284 710 talibus
3305 655 3517 726 syllogi-

1945 757 2075 805 smis
2103 770 2116 805 :
2143 763 2231 805 aut
2260 768 2422 805 sanus
2462 764 2542 807 est
2563 794 2577 816 ,
2619 767 2705 807 aut
2737 771 2917 823 aeger;
2950 755 3042 808 sed
3073 770 3236 808 sanus
3265 763 3377 814 est,
3410 769 3518 809 non

1948 845 2105 908 igitur
2135 853 2216 897 est
2241 859 2415 911 mger;
2451 844 2542 896 sed
2582 860 2743 897 sanus
2789 861 2891 898 non
2923 858 3023 912 est,
3053 860 3195 914 {eger
3229 845 3385 913 igitur
3414 855 3517 898 est.

1954 933 2047 987 Vel
2080 937 2173 993 ita,
2201 934 2293 985 sed
2322 948 2462 1001 aeger
2497 943 2611 996 est.
2643 950 2805 988 sanus
2834 937 2995 1003 igitur
3024 953 3127 989 non
3154 946 3267 998 est;
3301 936 3384 988 vel
3414 935 3519 998 ita,

1948 1025 2038 1076 sed
2066 1040 2207 1093 a-ger
2231 1041 2334 1077 non
2380 1034 2484 1089 est,
2517 1041 2677 1078 sanus
2711 1027 2868 1091 igitur
2903 1037 3004 1091 est,
3048 1028 3115 1082 ab
3146 1027 3226 1081 his
3252 1042 3373 1096 qua:
3396 1038 3522 1080 sunt

1948 1114 2282 1169 extrinsecus
2303 1127 2546 1180 sumptus
2574 1126 2652 1168 est
2680 1116 3045 1186 syllogismus,
3077 1117 3127 1169 id
3156 1128 3238 1171 est
3257 1116 3324 1169 ab
3349 1130 3522 1184 oppo-

1948 1207 2085 1258 sitis.
2116 1205 2318 1259 Idcirco
2345 1215 2485 1259 totus
2524 1205 2608 1259 hic
2632 1223 2658 1259 a
2690 1208 2961 1263 divisione
2993 1209 3139 1263 locus
3180 1210 3318 1262 inter
3349 1217 3523 1262 utros-

1948 1314 2051 1367 que
2080 1298 2287 1351 medius
2316 1313 2435 1352 esse
2479 1299 2802 1366 perhibetur,
2836 1301 2924 1367 qui
2962 1302 3004 1353 si
3054 1302 3106 1354 in
3134 1301 3418 1369 negatione
3451 1299 3524 1353 sit

1949 1391 2271 1445 conStitutus
2293 1433 2307 1455 ,
2339 1390 2516 1459 aliquo
2558 1393 2717 1444 modo
2747 1392 2961 1460 quidem
3003 1408 3065 1447 ex
3102 1393 3231 1459 ipsis
3261 1390 3498 1459 sumitur,

1952 1481 2131 1551 aliquo
2172 1482 2331 1533 modo
2384 1496 2510 1535 vero
2554 1483 2620 1536 ab
2652 1481 3006 1536 exterioribus
3037 1484 3203 1538 venit.
3236 1483 3290 1537 Si
3342 1496 3524 1545 veroa

1953 1572 2240 1640 partitione
2285 1573 2552 1626 ducantur
2602 1581 2908 1641 argumenta
2936 1616 2948 1635 ,
3006 1590 3146 1628 nunc
3192 1576 3405 1643 quidem
3455 1574 3527 1633 ab

1953 1665 2102 1732 ipsis,
2136 1679 2275 1718 nunc
2302 1679 2429 1717 vero
2456 1666 2520 1715 ab
2543 1665 2899 1718 exterioribus
2924 1667 3135 1733 copiam
3161 1676 3431 1734 prmstant.
3457 1662 3527 1720 Et

275 1770 381 1808 non
427 1758 522 1808 luit
566 1771 799 1822 semper.
847 1756 1081 1823 Tempus
1129 1768 1305 1811 autem
1357 1756 1517 1809 habet
1558 1755 1844 1826 originem,
1880 1759 1926 1818 B
1952 1754 2125 1812 Cra-ci
2154 1758 2369 1823 quidem
2398 1757 2677 1841 Titemiétii
2731 1757 3129 1826 diligentissimi
3158 1757 3434 1826 scriptoris
3462 1772 3525 1811 ac

272 1844 375 1898 fuit
410 1845 569 1913 igitur
597 1849 810 1914 quando
849 1862 953 1899 non
985 1845 1082 1899 fuit
1112 1858 1339 1915 tempus.
1382 1847 1487 1899 Sed
1518 1845 1681 1900 fuisse
1713 1856 1846 1901 teut-

273 1935 422 2002 poris
447 1947 529 1988 est
554 1936 895 2002 significatio,
936 1936 1030 1989 fuit
1065 1936 1221 2005 igitur
1253 1947 1462 2006 tempus
1496 1938 1708 2007 quando
1740 1954 1843 1993 non

271 2027 368 2079 fuit
395 2037 622 2095 tempus,
650 2028 789 2096 quod
816 2029 928 2081 fieri
958 2044 1061 2082 non
1096 2039 1290 2097 potest.
1330 2030 1440 2082 Non
1466 2044 1549 2089 ,εει
1579 2029 1743 2100 igitur
1768 2032 1851 2084 ιιι·-

272 2118 384 2171 Iunt
418 2120 735 2186 principium
767 2129 1044 2187 temporis.
1076 2118 1252 2173 Posito
1292 2136 1519 2189 namque
1560 2133 1617 2175 ut
1646 2123 1714 2175 ab
1744 2123 1851 2176 ullo

271 2209 601 2276 principium
640 2209 887 2274 cmperit,
939 2210 1321 2265 inconveniens
1375 2212 1636 2279 quoddam
1691 2222 1852 2281 atque

274 2301 606 2367 impossibile
630 2300 913 2369 contingit,
940 2304 1102 2356 luisse
1135 2316 1341 2370 tempus
1371 2305 1582 2372 quando
1607 2320 1710 2358 non
1741 2298 1852 2359 fne-

275 2396 349 2447 rit
380 2403 523 2461 temp
545 2410 608 2444 ts.
643 2394 863 2447 ltedttur
896 2396 1071 2462 itaque
1104 2394 1168 2448 ad
1196 2397 1418 2448 alteram
1459 2406 1688 2464 partem,
1711 2396 1852 2465 quod

226 2492 229 2499 ‘
275 2484 484 2553 origine
513 2493 715 2539 careat.
759 2485 863 2539 Sd
905 2484 1040 2550 haec,
1086 2503 1206 2555 que
1238 2504 1302 2541 ex
1341 2490 1623 2556 negatione
1665 2490 1855 2543 divisio

224 2596 229 2607 ·
276 2586 382 2639 est,
408 2590 524 2627 cum
552 2592 644 2644 per
673 2593 732 2630 ea
766 2580 1020 2644 quwiibet
1053 2591 1365 2647 argumenta
1406 2591 1707 2644 sumuntur,
1740 2582 1855 2636 [ieri

278 2668 466 2734 nequit
495 2678 551 2720 ut
580 2677 863 2736 utruntque
905 2672 996 2733 sit,
1038 2672 1177 2737 quod
1210 2672 1569 2727 affirmatione
1596 2685 1647 2727 et
1695 2690 1857 2743 nega-

279 2758 426 2811 tione
457 2758 730 2813 dividitur.
780 2762 959 2830 Itaque
996 2764 1205 2817 sublato
1237 2779 1341 2818 uno
1380 2765 1609 2819 alterum
1653 2777 1853 2833 manet,

279 2852 461 2920 posito
491 2854 662 2905 altero
689 2856 950 2922 reliquum
984 2856 1206 2919 tollitur,
1241 2869 1565 2929 vocaturqire
1597 2860 1681 2913 hic
1708 2879 1735 2913 a
1770 2861 1855 2913 di-

278 2941 486 2996 visione
515 2943 663 2995 locus
704 2945 912 2998 medius
951 2946 1091 2999 inter
1119 2962 1213 3000 eus
1241 2951 1329 3016 qui
1376 2949 1443 3002 ab
1472 2949 1587 3018 ipso
1616 2950 1738 3004 duci
1769 2967 1858 3006 so.

280 3031 414 3097 ient,
465 3042 625 3100 atque
669 3049 764 3087 eos
813 3035 902 3101 qui
952 3038 1288 3091 extrinsecus
1326 3051 1686 3095 assumuntur.
1721 3041 1852 3097 Cum

1950 1847 2131 1911 lucidi,
2165 1858 2221 1902 et
2250 1848 2427 1901 omnia
2457 1847 2519 1899 ad
2553 1847 2858 1901 facilitatem
2885 1847 3248 1916 intelligentia:
3267 1862 3529 1902 revocan-

1953 1943 2020 1995 tis
2049 1941 2167 1994 talis
2198 1941 2437 1995 locorum
2468 1940 2679 1993 videtur
2717 1954 2835 1995 esse
2865 1940 3102 2007 partitio.
3147 1942 3276 2007 Quae
3306 1955 3425 1994 cuin
3457 1941 3524 2017 ita

1952 2033 2085 2096 sint,
2120 2032 2352 2086 breviter
2382 2032 2508 2084 ntilti
2544 2032 2780 2085 locorum
2828 2031 3021 2085 divisio
3062 2032 3527 2086 commemoranda

1950 2133 2054 2188 est,
2084 2132 2142 2177 ttt
2170 2124 2297 2177 nihil
2338 2135 2536 2192 pra-ter.
2570 2139 2687 2176 eam
2737 2132 3063 2177 monstretur
3091 2138 3210 2176 esse
3248 2124 3526 2188 relictum,

1953 2214 2093 2283 quod
2124 2228 2227 2267 non
2255 2215 2393 2267 intra
2415 2229 2533 2267 eam
2561 2214 2813 2280 probetur
2842 2212 3127 2266 inclusum.
3161 2214 3231 2267 De
3254 2228 3359 2276 quo
3387 2213 3531 2266 enim

1955 2296 2006 2358 in
2050 2302 2287 2372 qualibet
2333 2303 2627 2371 quaestione
2679 2302 2981 2369 dubitatur,
3026 2302 3074 2355 td
3122 2304 3190 2354 ita
3237 2302 3533 2355 firmabitttr

1954 2393 2304 2461 argumentis,
2329 2405 2384 2445 ttt
2410 2407 2471 2445 ea
2502 2393 2586 2445 vel
2611 2408 2674 2445 ex
2709 2394 2835 2462 ipsis
2859 2401 3138 2445 sumantur
3159 2408 3274 2461 qua:
3306 2393 3357 2445 itt
3387 2408 3528 2460 qua:-

1956 2485 2128 2539 stione
2154 2497 2278 2539 sunt
2303 2485 2613 2548 constituta,
2648 2486 2730 2538 vel
2768 2485 3102 2537 extrinsecus
3132 2484 3415 2549 ducantur,
3447 2474 3532 2537 vel

1956 2577 2105 2645 quasi
2125 2575 2179 2629 in
2205 2576 2436 2629 confinio
2464 2576 2653 2629 horum
2681 2580 2847 2644 posita
2866 2573 3214 2643 veSIigcntur.
3240 2579 3317 2630 Ac
3340 2587 3535 2645 prmter

1959 2668 2096 2721 hanc
2142 2667 2355 2735 quidem
2403 2666 2775 2719 diflinitionettt
2818 2665 2951 2719 nihil
2982 2666 3401 2733 extrainveniri
3435 2680 3532 2734 po-

1964 2768 2087 2813 test.
2119 2758 2223 2813 Sed
2272 2760 2315 2811 si
2362 2760 2429 2811 ab
2477 2758 2605 2827 ipsis
2650 2763 2879 2811 sumitur
2908 2766 3310 2827 argumentum,
3342 2768 3433 2810 aut
3463 2756 3532 2810 ah

1961 2853 2196 2920 ipsorum
2230 2866 2456 2907 necesse
2500 2863 2582 2906 est
2609 2852 2905 2905 substantia
2939 2861 3207 2915 sumatur,
3241 2860 3330 2904 aut
3358 2851 3534 2905 abhis

1959 2956 2078 3010 quae
2115 2956 2233 2996 eam
2260 2955 2677 3011 consequuntur,
2714 2951 2803 2994 aut
2834 2941 2900 2994 ab
2932 2940 2997 2995 iis
3020 2956 3139 3010 quae
3169 2940 3536 3010 inseparabili-

1962 3045 2044 3087 ter
2064 3033 2334 3095 accidunt,
2366 3033 2447 3086 vel
2478 3033 2558 3085 his
2588 3032 2884 3098 adhazrent,
2917 3031 3062 3086 etab
3082 3047 3264 3087 eorum
3288 3028 3535 3087 substan-

283 3124 431 3176 enim
454 3132 729 3193 quaeratur
774 3141 840 3177 an
876 3127 980 3178 ulla
1015 3128 1087 3181 sit
1128 3129 1279 3198 origo
1316 3131 1591 3198 temporis,
1632 3133 1859 3187 sumitur
1885 3119 1929 3179 C
1971 3128 2041 3180 tia
2098 3128 2337 3196 separati
2382 3126 2695 3196 scjungique
2741 3126 2824 3179 vcl
2860 3142 2963 3179 non
3008 3135 3262 3195 possunt,
3301 3125 3383 3177 vel
3433 3140 3537 3176 non

284 3214 498 3282 quidem
533 3230 650 3268 esse
690 3217 975 3284 originem,
1023 3230 1075 3271 et
1115 3234 1178 3273 ex
1211 3236 1272 3273 ea
1304 3237 1396 3287 per
1425 3225 1695 3292 propriam
1733 3239 1861 3279 con-

283 3308 621 3373 sequentiam
645 3307 710 3360 de
753 3323 809 3361 re
852 3309 964 3376 ipsa
997 3325 1115 3378 qua:
1144 3313 1401 3379 quaeritur
1432 3315 1489 3366 fit
1518 3313 1863 3382 impossibili-

285 3397 413 3449 tatis
452 3407 502 3449 ct
540 3399 803 3451 mendacii
828 3399 1196 3469 syllogismus.
1220 3406 1336 3469 Quo
1361 3405 1620 3459 concluso
1660 3408 1864 3461 reditur

285 3487 354 3539 ad
386 3489 533 3556 prius
570 3491 710 3557 quod
747 3506 930 3545 verum
965 3508 1087 3547 esse
1108 3509 1329 3550 necesse
1359 3508 1461 3552 est.
1500 3500 1773 3565 Siquidem
1811 3501 1862 3554 id

288 3580 428 3645 quod
453 3582 503 3635 ei
527 3585 828 3651 oppositum
855 3593 937 3641 est
977 3586 1041 3637 ad
1071 3587 1401 3657 impossibile
1435 3592 1648 3660 aliquod
1679 3594 1864 3647 inclin-

289 3672 614 3742 veniensque
648 3678 977 3743 producitur.
1020 3681 1202 3750 Itaque
1237 3686 1487 3751 quoniam
1520 3700 1587 3737 cx
1637 3686 1751 3752 ipsa
1782 3701 1863 3750 re,

289 3760 359 3815 de
380 3777 482 3831 qua
506 3769 786 3834 quarritttr,
810 3770 923 3824 fieri
947 3774 1287 3841 syIIOgisutus
1305 3776 1465 3835 solet,
1482 3777 1632 3844 quasi
1652 3777 1719 3830 ab
1737 3777 1866 3845 ipsis

293 3852 443 3906 locus
463 3856 839 3927 estdeductus,
862 3865 1113 3930 quoniam
1128 3880 1256 3917 vero
1279 3880 1383 3917 nou
1413 3865 1464 3918 itt
1489 3883 1553 3919 eo
1570 3877 1866 3935 permanet,

288 3944 462 3996 sedad
486 3949 789 4015 oppositum
814 3951 971 4017 redit,
993 3954 1147 4022 quasi
1168 3958 1503 4009 extrinst’eus
1517 3958 1763 4011 sumitur.
1792 3959 1870 4012 ld-

291 4036 437 4093 circo
449 4037 535 4091 hic
548 4039 853 4096 adivisione
871 4042 1018 4097 locus
1033 4045 1171 4099 inter
1183 4058 1465 4116 utrumque
1482 4050 1687 4103 medius
1704 4050 1869 4104 collo-

290 4135 463 4180 catur.
482 4128 551 4182 At
568 4144 696 4184 vero
717 4133 805 4200 qui
828 4148 889 4186 ex
915 4136 1207 4201 partitione
1227 4150 1509 4191 sumuntur
1526 4141 1725 4206 duplici
1747 4152 1871 4196 sunt

294 4217 777 4289 ntodo:aliquoties
793 4226 934 4277 enim
953 4241 1071 4294 qua:
1089 4227 1397 4284 dividuntur
1426 4231 1579 4283 simul
1614 4246 1734 4285 esse
1756 4250 1872 4300 pos-

294 4318 438 4370 sunt,
472 4319 528 4364 ut
566 4313 611 4365 si
648 4328 834 4370 vorem
868 4315 920 4369 in
952 4317 1369 4386 significationes
1394 4320 1718 4387 dividamus,
1751 4340 1867 4375 om-

296 4415 393 4455 nes
420 4403 580 4457 simul
609 4419 729 4459 esse
759 4419 1000 4474 possunt.
1036 4409 1194 4463 veluti
1237 4425 1356 4464 cum
1399 4411 1626 4464 dicimus
1668 4413 1870 4479 amplc-

1970 3218 2165 3272 solent.
2196 3218 2537 3287 Quwcuuque
2569 3230 2696 3271 Vero
2724 3219 2790 3269 ab
2811 3233 2993 3270 eorum
3020 3217 3310 3270 substantia
3340 3216 3540 3269 ducun-

1968 3320 2083 3373 tur,
2114 3322 2177 3361 ea
2201 3317 2294 3363 aut
2333 3309 2383 3361 in
2410 3307 2801 3375 descriptione,
2827 3316 2917 3361 aut
2958 3308 3009 3360 itt
3040 3306 3355 3360 diflinitione
3384 3313 3539 3369 sunt,

1966 3412 2020 3454 et
2045 3412 2241 3469 praeter
2272 3400 2384 3453 hate
2414 3414 2442 3451 a
2474 3400 2705 3452 nominis
2750 3400 3205 3467 interpretatione.
3256 3399 3383 3465 Qua:
3410 3409 3539 3451 vero

1966 3508 2029 3546 ea
2059 3493 2206 3546 velut
2235 3493 2583 3545 substantiam
2607 3492 2931 3552 continentia
2975 3500 3387 3559 consequuntur,
3416 3476 3520 3542 tali:

1968 3597 2114 3651 sunt,
2153 3596 2209 3639 ut
2237 3588 2316 3640 vel
2346 3587 2579 3652 generis,
2614 3584 2695 3637 vel
2740 3583 3073 3649 tlill'eretttize,
3099 3583 3180 3635 vel
3210 3583 3420 3649 integri,
3455 3586 3517 3634 vei

1970 3508 2029 3546 ea
2059 3508 2206 3546 VCIUl
2235 3508 2583 3545 Slﬂhlallllillll
2607 3508 2931 3552 ςοηῑιιιειιιιίι
2975 3508 3387 3559 consequuntur,
3416 3508 3520 3542 (all.

1970 3597 2114 3651 sunt,
2153 3596 2209 3639 ut
2237 3588 2316 3640 vel
2346 3587 2579 3652 generis,
2614 3584 2695 3637 vel
2740 3583 3073 3649 tlill'eretttize,
3099 3583 3180 3635 vel
3210 3583 3420 3649 integri,
3455 3586 3517 3634 vei

1970 3680 2298 3746 specierum,
2332 3677 2411 3729 vel
2444 3676 2668 3742 partium
2700 3675 2812 3726 loco
2842 3674 2980 3727 circa
3010 3688 3071 3726 ea
3102 3686 3222 3740 qua:
3261 3671 3541 3738 inquirun-

1971 3780 2058 3822 tur
2079 3770 2353 3822 assistant.
2390 3766 2518 3819 ltem
2549 3765 2628 3819 vel
2652 3779 2846 3829 causm,
2875 3764 2956 3817 vel
2985 3763 3295 3826 efficientes,
3321 3760 3402 3815 vel
3428 3777 3539 3813 uta-

1973 3863 2141 3927 teria:,
2178 3861 2261 3915 vel
2292 3861 2510 3923 formae,
2537 3861 2617 3914 vel
2646 3860 2764 3913 linis
2788 3900 2802 3922 ,
2837 3858 2918 3913 vel
2948 3859 3195 3923 effectus,
3232 3857 3311 3911 vel
3358 3872 3546 3911 corru-

1976 3955 2214 4022 ptiones,
2266 3954 2347 4006 vel
2380 3967 2507 4005 usus
2530 3993 2544 4017 ,
2573 3954 2651 4005 vel
2686 3952 3045 4020 quantitates,
3078 3950 3157 4003 vel
3201 3959 3428 4017 tempus,
3460 3950 3545 4003 vel

1974 4044 2139 4101 modi.
2170 4046 2320 4114 Quod
2350 4060 2478 4100 vero
2508 4042 2718 4112 proprie
2766 4043 3121 4111 inseparabile
3149 4042 3230 4095 vel
3265 4042 3545 4094 atlltterens

1975 4139 2221 4193 accidens
2249 4148 2606 4204 nuncupatur,
2642 4136 2690 4188 id
2719 4135 2771 4189 in
2803 4134 3157 4188 communiter
3183 4133 3547 4187 accidentibus

1977 4232 2365 4285 numerabitur.
2400 4229 2464 4283 Et
2497 4238 2688 4295 pneter
2719 4227 2833 4279 ham
2855 4226 3068 4293 quidem
3102 4224 3241 4277 aliud
3267 4224 3405 4293 quod
3437 4225 3550 4278 cui-

1942 4338 1945 4339 '
1975 4341 2079 4391 que
2113 4325 2291 4377 inesse
2318 4323 2487 4390 possit
2514 4320 2738 4373 inveniri
2771 4336 2872 4371 tton
2904 4328 3093 4387 potest.
3124 4318 3327 4384 Quibus
3350 4318 3420 4370 ita
3453 4331 3548 4386 po-

1978 4419 2093 4471 sitis
2121 4416 2462 4484 inspiciamus
2491 4428 2629 4465 ttnnc
2671 4426 2763 4465 eos
2796 4410 2943 4464 locos
2963 4424 3095 4478 quos
3126 4409 3321 4461 dttdttttt
3351 4409 3553 4461 extrin-

294 4503 414 4545 ctor
440 4504 533 4548 aut
559 4496 822 4550 actionem
855 4499 1144 4567 significat,
1176 4510 1268 4555 aut
1306 4502 1631 4570 passionem,
1665 4513 1871 4556 utrum-
1902 4492 1950 4550 Ι)
1978 4521 2135 4561 secus
2167 4505 2641 4574 pronuntiabamus
2669 4501 2887 4554 assumi.
2923 4499 2995 4552 Ea
3026 4499 3167 4552 enim
3197 4514 3314 4562 qua:
3351 4499 3554 4551 extrin-

295 4599 401 4652 que
433 4586 591 4641 simul
615 4589 917 4673 signiﬁcare
943 4604 1137 4659 potest.
1173 4594 1471 4663 Aliqttoties
1502 4595 1666 4649 veluti
1709 4610 1869 4666 nega-

297 4679 457 4731 tionis
493 4679 649 4734 modo
674 4698 793 4750 qua:
820 4685 1126 4739 dividuntur
1156 4687 1312 4740 simul
1342 4703 1463 4742 eSse
1489 4704 1593 4741 noti
1626 4700 1869 4755 possunt,

304 4783 352 4818 nt
382 4784 474 4828 aut
498 4790 659 4830 sanus
680 4786 762 4831 est
790 4790 880 4833 aut
920 4797 1081 4849 aeger.
1126 4772 1211 4836 Fit
1240 4792 1416 4839 autem
1450 4784 1787 4840 ratiocinatio
1819 4785 1871 4837 itt

303 4861 481 4925 ιιτὶοτι
518 4869 732 4932 quidem
764 4872 921 4923 modo
968 4873 1286 4936 divisionis,
1323 4887 1428 4927 tttttt
1465 4878 1586 4945 qu'a
1630 4877 1876 4929 omnibus

304 4952 455 5003 adest
477 4953 613 5020 quod
640 4963 894 5023 qumrilur
914 4963 995 5016 vel
1035 4980 1138 5016 non
1164 4966 1333 5031 adest,
1368 4978 1478 5019 tttnt
1513 4983 1640 5020 vero
1671 4968 1873 5022 idcirco

303 5042 460 5095 alicui
486 5044 678 5099 adesse
707 5047 786 5100 vel
821 5065 922 5102 non
950 5052 1140 5109 adesse
1169 5059 1309 5124 quod
1341 5057 1456 5108 aliis
1487 5058 1626 5110 adsit
1656 5070 1746 5111 aut
1778 5059 1876 5111 mi—

304 5134 466 5188 nime.
499 5135 606 5191 Nec
647 5138 699 5192 in
752 5139 835 5194 his
867 5145 1204 5213 explicandis
1248 5148 1442 5201 diutius
1478 5149 1876 5214 laborabimus,

302 5227 346 5279 si
378 5227 584 5295 priores
604 5232 910 5289 resolutorii
943 5237 1025 5290 vel
1045 5237 1241 5308 Topica
1269 5241 1569 5293 Aristotelis
1602 5240 1877 5311 diligentis

302 5319 539 5373 animum
563 5321 779 5378 lectoris
800 5326 1168 5385 inStruxcrint.
1190 5331 1316 5385 Nam
1336 5335 1377 5386 si
1404 5343 1673 5400 quteratur
1699 5342 1876 5387 utrum

303 5412 452 5464 canis
499 5413 793 5470 subStantia
836 5421 940 5481 sit,
972 5431 1129 5489 atque
1171 5425 1304 5476 hanc
1348 5424 1669 5477 divisionem
1722 5425 1881 5478 faciat

304 5496 598 5563 collocutor
624 5528 639 5565 :
668 5509 827 5565 Canis
852 5516 933 5568 vel
959 5515 1218 5570 latrabitis
1242 5519 1513 5579 animalis,
1548 5518 1630 5571 vel
1664 5519 1883 5571 marina:

300 5597 519 5663 bellum,
552 5602 631 5656 vel
662 5604 894 5659 caelestis
923 5605 1113 5660 sideris
1145 5625 1337 5663 nomen
1383 5620 1483 5675 est,
1518 5610 1881 5664 demonstret-

302 5704 410 5758 que
459 5706 553 5761 per
586 5695 788 5763 singula
836 5706 889 5749 et
935 5711 1122 5752 canem
1175 5699 1476 5755 latrabilcm
1528 5701 1880 5755 substantiam

711 5811 979 5873 PATROL.
1028 5813 1247 5875 LXIV.

1979 4614 2134 4653 secus
2191 4610 2565 4657 assumuntur,
2622 4609 2725 4645 non
2780 4600 2904 4643 sunt
2957 4591 3028 4643 ita
3088 4598 3328 4657 separata
3393 4597 3555 4656 atque

1980 4693 2266 4758 disiuncta,
2283 4699 2338 4740 ut
2360 4704 2463 4739 non
2488 4685 2666 4753 ahqtto
2688 4682 2845 4735 modo
2867 4681 3016 4749 quasi
3039 4696 3069 4733 e
3093 4680 3305 4748 regione
3324 4679 3550 4747 quadam

1983 4799 2040 4833 ea
2066 4796 2184 4849 qua:
2210 4786 2520 4847 quaeruntur
2547 4773 2827 4841 aspiciant.
2861 4769 2991 4824 Ntm
3020 4781 3076 4823 et
3101 4767 3480 4822 similitudines
3503 4779 3557 4820 et

1984 4871 2225 4940 opposita
2253 4870 2317 4921 ad
2358 4884 2418 4921 ea
2445 4870 2561 4920 s‘tte
2601 4864 2763 4917 dubio
2803 4861 3104 4916 referuntur
3143 4859 3334 4928 quibus
3362 4857 3556 4909 similia

1987 4966 2068 5016 vel
2098 4962 2343 5031 opposita
2382 4968 2505 5011 sunt
2530 4999 2544 5019 ,
2574 4957 2700 5010 licet
2724 4954 2845 5025 jure
2877 4964 3033 5023 atque
3064 4953 3251 5005 ordine
3277 4951 3557 5003 videantur

1982 5055 2316 5108 extrinsecus
2364 5050 2643 5102 collocata.
2676 5048 2810 5101 Sunt
2837 5055 3014 5097 autem
3051 5044 3195 5101 lttrc,
3229 5037 3557 5100 similitudo,

1986 5146 2269 5216 oppositio,
2304 5143 2496 5212 majus,
2545 5141 2741 5201 minus,
2784 5138 2860 5193 rei
2896 5137 3176 5207 judicium.
3227 5134 3278 5185 lit
3310 5131 3558 5184 similitu-

1985 5241 2108 5293 dine
2132 5240 2271 5293 euitn
2298 5245 2407 5289 tttut
2434 5236 2506 5288 rei
2537 5231 2854 5297 similitudo,
2889 5243 2998 5283 tum
3033 5226 3392 5296 proportionis
3419 5225 3557 5277 ratio

1989 5318 2319 5385 continetur.
2359 5316 2546 5399 Omnia
2578 5326 2718 5379 enim
2770 5321 3166 5376 similitudincut
3206 5326 3409 5373 tenent.
3452 5317 3559 5385 Op-

1992 5424 2158 5491 posita
2199 5416 2405 5473 vero‘in
2436 5416 2752 5477 contrariis,
2780 5415 2831 5467 in
2878 5411 3287 5480 ptivationibus.
3336 5409 3387 5462 itt
3425 5408 3560 5461 rela-

1992 5517 2247 5581 tionibus,
2284 5516 2334 5566 in
2364 5496 2735 5581 negatiohibus
2759 5513 3026 5560 constant.
3056 5503 3400 5573 Comparatio
3436 5516 3559 5553 vero

1993 5608 2208 5675 majoris
2257 5606 2320 5658 ad
2368 5605 2541 5657 minus
2598 5594 2835 5669 quasdam
2884 5598 3132 5650 similium
3182 5593 3559 5649 dissimilitudo

1990 5710 2089 5756 est.
2123 5701 2318 5754 Rerum
2350 5698 2489 5752 enim
2533 5708 2625 5764 pcr
2656 5708 2709 5746 sc
2736 5690 2983 5745 similium
3014 5689 3264 5744 di~crctio
3301 5686 3469 5755 majus
3499 5682 3558 5743 ac

2975 5806 3049 5869 3S
