4036 6336
580 269 711 321 1195

1821 271 1927 326 AN.
1971 269 2175 325 ΝΛΜ».
2217 269 2370 324 SEV.
2414 271 2632 326 liOETil

3716 278 3834 335 M96

572 383 749 437 minus
779 382 923 436 tiu-it.
957 384 1104 450 Quod
1130 383 1271 438 enim
1326 385 1469 438 omni
1502 384 1755 451 qualitate
1786 387 2037 456 omnique
2065 400 2149 438 ra-
2180 389 2224 447 Λ
2258 386 2558 453 quaestione
2587 386 2882 455 dubitatur,
2915 390 2980 444 ad
3015 390 3387 460 prtedicativos
3433 408 3495 447 ac
3542 392 3833 461 simplices,

572 475 717 529 tione
760 476 1079 545 tlisjnnctum
1107 488 1213 540 est,
1247 477 1296 530 id
1331 477 1478 531 nullo
1521 475 1679 531 modo
1710 479 1906 546 poterit
1935 492 2154 546 compa-

571 567 698 619 rari.
728 566 804 620 Ex
838 567 915 620 rei
942 582 1069 622 vero
1105 569 1312 638 judicio
1343 585 1462 639 quzc
1494 579 1617 621 sunt
1656 579 1967 640 argumenta
1999 571 2151 638 quasi

571 656 937 714 testimonium
967 660 1208 730 praebent
1232 670 1287 715 et
1313 670 1436 714 sunt
1460 661 1827 715 inartificiales
1851 661 1973 724 loci,
1996 669 2154 728 atque

567 753 789 807 omnino
839 754 1133 825 disjuncti.
1175 770 1273 810 nec
1317 770 1429 809 rem
1474 757 1650 825 potius
1688 772 1847 824 quam
1896 755 2151 824 judicium

568 846 988 914 opinionemque
1011 855 1302 901 sectantes.
1333 846 1826 917 Transsumptionis
1852 861 1980 900 vero
2007 846 2153 900 locus

568 950 710 989 nunc
737 936 949 1004 quidem
991 937 1044 991 in
1091 938 1431 1005 mqualitate,
1472 955 1613 993 nunc
1660 952 1788 993 vero
1830 939 1883 992 in
1934 937 2154 1007 majoris

569 1028 863 1083 minorisve
906 1031 1313 1099 comparatione
1347 1032 1611 1086 consistit.
1658 1032 1768 1086 Aut
1812 1031 1956 1085 enim
1987 1031 2052 1082 ad
2101 1031 2150 1083 id

569 1119 710 1189 quod
737 1130 822 1175 εει
853 1121 1047 1185 simile,
1080 1134 1173 1175 aut
1195 1122 1261 1176 ad
1287 1123 1335 1175 id
1368 1124 1508 1192 quod
1536 1133 1619 1178 est
1650 1124 1821 1191 majus
1843 1131 1934 1176 aut
1956 1100 2149 1187 minus,

570 1215 627 1265 lit
653 1222 1091 1284 argumentorum
1119 1216 1496 1286 rationumque
1515 1216 1913 1285 transsumptio.
1937 1215 1999 1270 Hi
2026 1228 2153 1267 vero

571 1302 673 1359 loci
695 1318 831 1375 quos
861 1305 1048 1361 mistos
1070 1322 1190 1362 esse
1214 1308 1577 1375 praediximus,
1603 1318 1695 1361 aut
1716 1324 1781 1361 ex
1803 1307 2037 1373 casibus,
2062 1316 2153 1358 aut

562 1412 625 1450 ex
656 1394 976 1466 conjugatis,
1005 1407 1099 1451 aut
1124 1414 1190 1453 ex
1220 1398 1487 1453 divisione
1530 1408 1846 1452 nascuntur.
1879 1398 1934 1451 In
1960 1396 2153 1466 quibus

569 1486 823 1543 omnibus
843 1492 1225 1559 Consequentia
1250 1501 1304 1544 et
1334 1490 1683 1560 repugnantia
1706 1488 2024 1544 custoditur.
2047 1486 2151 1542 Sed

562 1596 621 1629 ra
666 1579 878 1648 quidem
909 1595 1028 1649 qna-
1052 1595 1117 1634 ex
1142 1579 1460 1634 dilﬁnitione
1479 1622 1492 1645 ,
1521 1579 1602 1634 vel
1631 1594 1857 1648 genere,
1888 1579 1971 1633 vel
2000 1576 2152 1632 dil‘fe—

564 1672 755 1734 rentia,
774 1673 854 1725 vel
880 1672 1056 1726 causis
1079 1684 1389 1743 argumenta
1407 1674 1695 1737 ducuntur,
1717 1670 2152 1726 demonstrativis

2262 479 2454 547 reliqui
2486 495 2615 533 vero
2641 480 2706 533 ad
2741 481 3112 552 bypotbeticos
3154 496 3206 539 et
3236 484 3633 540 conditionales
3665 485 3831 555 respi-

2266 569 2417 623 ciunt
2436 572 2800 641 syllogismos.
2834 573 3111 643 Expeditis
3138 575 3293 645 igitur
3316 576 3449 631 locis
3474 585 3531 629 et
3558 574 3833 646 diligenter

2269 669 2375 715 tam
2424 662 2744 719 difllniti-ooe
2774 681 2930 735 quam
2977 669 3342 737 exemplorum
3380 671 3501 723 luce
3535 669 3832 735 patefactis.

2257 752 2543 808 dicendum
2576 756 2790 810 videtur
2820 758 3090 826 quomodo
3126 760 3178 813 bi
3225 760 3325 815 loci
3354 762 3711 814 maximarum
3738 762 3834 814 sint

2256 843 2572 899 dill'erentize
2604 849 3027 916 propositionum
3070 850 3225 920 idque
3254 851 3438 911 brevi,
3485 864 3665 919 neque
3705 853 3833 903 enim

2260 937 2416 1004 longa
2443 938 2806 1007 disputatione
2849 956 2934 995 res
2980 952 3118 1013 eget.
3167 946 3365 999 Omnes
3399 944 3546 997 enim
3600 945 3834 995 maxima:

2224 1040 2225 1043 ‘
2261 1032 2655 1099 propositiones
2688 1035 2770 1088 vel
2794 1034 3170 1089 dillinitionem
3204 1038 3503 1097 continent,
3535 1036 3618 1089 vel
3650 1036 3835 1087 descri-

2261 1122 2494 1186 ptionem
2516 1164 2528 1183 ,
2564 1124 2645 1177 vel
2678 1124 2909 1178 nominis
2959 1127 3490 1196 interpretationem,
3524 1126 3610 1180 vel
3658 1135 3833 1188 ιοιιιηι,

2258 1214 2337 1268 vel
2370 1225 2571 1282 partes,
2605 1217 2684 1270 vel
2712 1232 2904 1286 genus,
2936 1219 3019 1273 vel
3048 1219 3275 1289 species,
3304 1221 3388 1272 vel
3424 1227 3621 1271 caetera
3654 1217 3832 1286 quibus

2222 1294 2233 1319 ’⁷
2258 1304 2508 1360 dtll‘erunt
2542 1307 2681 1362 inter
2721 1324 2781 1363 se
2808 1312 3057 1364 maximae
3091 1312 3503 1376 propositiones.
3541 1311 3675 1363 Nam
3709 1311 3757 1361 in
3780 1326 3835 1362 eo

2220 1380 2397 1465 {quod
2432 1409 2552 1452 sunt
2584 1401 2830 1454 maxima:
2884 1414 2989 1455 non
3029 1400 3316 1459 dilTerunt.
3350 1402 3443 1456 sed
3489 1399 3542 1454 in
3584 1415 3654 1455 eo
3703 1401 3832 1470 quod

2220 1478 2372 1565 illaec
2402 1504 2431 1541 a
2455 1488 2774 1545 diiiinitione
2815 1492 3026 1560 quidem
3058 1531 3072 1553 ,
3098 1492 3184 1553 illa
3237 1508 3364 1543 vero
3402 1508 3430 1541 a
3472 1505 3699 1559 genere,
3727 1489 3833 1541 alia!

2226 1574 2477 1635 Tveuiunt
2502 1583 2569 1636 ab
2595 1583 2713 1636 aliis
2736 1583 2887 1648 locis,
2914 1594 2967 1638 et
3009 1584 3092 1637 bis
3126 1585 3247 1653 jure
3283 1583 3537 1647 dill'erre,
3572 1582 3731 1650 hique
3757 1597 3834 1633 ea-

2258 1688 2377 1727 rum
2413 1673 2729 1729 differentia:
2762 1675 3029 1730 dicuntur.
3066 1678 3170 1731 Sed
3200 1678 3448 1746 quoniam
3481 1676 3682 1730 divisio
3709 1673 3835 1727 Tlte-

565 1760 2150 1835 maximesylloglsmisviresatqueordinemsubministrant,
2189 1772 2232 1831 Β
2262 1766 2421 1819 mistii
2475 1767 2736 1833 patefacta
2778 1775 2883 1834 est,
2935 1783 3076 1822 nunc
3104 1768 3168 1821 ad
3201 1768 3269 1821 Μ.
3302 1767 3480 1821 ΔΤειΊῆ
3531 1766 3834 1818 divisionem

563 1855 766 1924 reliqua
793 1854 1176 1911 verisimilibus
1197 1868 1259 1911 ac
1288 1856 1600 1911 dialecticis.
1643 1858 1817 1925 Atque
1839 1853 1892 1907 hi
1934 1851 2037 1906 loci
2061 1853 2149 1921 qui

562 1950 793 2003 maxime
846 1949 898 2002 in
952 1963 1140 2003 eorum
1202 1949 1501 2004 substantia
1552 1955 1677 2001 sunt
1734 1945 1801 2001 de
1853 1944 2049 2014 quibus
2097 1944 2147 1995 in

2261 1867 2617 1912 transeamus.

1711 2106 2061 2217 LIBER
2127 2128 2674 2215 TERTIUS.

2067 2272 2334 2286 ὴ

625 2342 777 2409 Quod
830 2342 1067 2396 locorum
1096 2339 1431 2396 differentias
1477 2339 1846 2410 multipliciter
1889 2340 2143 2409 varieque

557 2447 869 2501 tractamus,
914 2436 1044 2490 nibil
1077 2437 1270 2490 mirum
1303 2434 1651 2506 diligentibus
1695 2435 1923 2504 ingeniis
1972 2435 2141 2489 videri

556 2512 737 2596 debet,
765 2545 887 2584 eum
920 2528 1261 2583 titanlfestum
1295 2530 1389 2592 sit,
1418 2544 1851 2598 unamquamque
1873 2544 1984 2583 rem
2009 2527 2143 2582 mul-

554 2623 624 2676 tis
652 2637 793 2691 stupe
822 2619 1163 2684 dill'erentiis,
1198 2632 1359 2688 atque
1389 2619 1440 2673 in
1474 2619 1649 2673 varias
1678 2619 1957 2673 divisimtis
2002 2619 2139 2686 ligu-

554 2726 645 2767 ras
661 2727 818 2783 posse
847 2710 1054 2778 partiri.
1084 2709 1217 2764 Nam
1246 2709 1367 2779 quia
1394 2709 1629 2777 singulas
1652 2725 1738 2764 res
1760 2726 1865 2763 non
1895 2726 2020 2775 una,
2044 2708 2137 2761 sed

555 2803 737 2872 plures
765 2816 909 2871 stcpe
929 2799 1246 2855 differentia:
1272 2800 1757 2869 comprehendunt,
1793 2814 2014 2855 necesse
2035 2807 2136 2861 est,

556 2902 615 2947 ut
642 2894 936 2955 secundum
968 2890 1393 2945 dill‘erentiarum
1428 2890 1746 2945 varietatem
1786 2890 1879 2943 ﬁat
1906 2889 2139 2943 diversi-

554 2994 639 3037 tas
663 2983 824 3039 etiam
852 2982 1197 3044 divisionum,
1234 2990 1291 3034 ut
1317 2991 1371 3036 et
1402 2982 1610 3036 numeri
1642 2996 1781 3035 nunc
1813 2994 1914 3037 eas.
1934 2979 2137 3048 colligi-

560 3088 682 3128 mus
700 3073 1052 3139 diﬁ'erentias,
1075 3072 1217 3141 quod
1248 3072 1337 3126 alii
1380 3088 1557 3141 pares,
1592 3073 1677 3126 alii
1713 3074 1962 3141 impares,
1994 3085 2137 3125 nunc

2256 2347 2360 2392 tem
2383 2354 2443 2392 ea
2468 2338 2719 2392 dicuntur
2749 2355 2868 2407 quae
2902 2339 3099 2393 absunt
3125 2339 3386 2408 longeque
3409 2339 3685 2407 disjuncta
3704 2349 3841 2392 sunt.

2258 2431 2385 2485 Post
2419 2433 2531 2485 haec
2560 2448 2681 2484 eum
2715 2431 2890 2485 locum
2914 2433 3003 2497 qui
3035 2430 3103 2484 ab
3134 2431 3340 2486 elTeCtis
3370 2430 3610 2495 ducitur,
3640 2432 3694 2484 in
3722 2446 3857 2484 conv

2253 2524 2523 2576 venientia
2557 2524 2794 2576 membra
2822 2525 3050 2592 partitus
3080 2531 3183 2587 est,
3203 2523 3306 2578 hoc
3328 2523 3524 2576 modo:
3549 2523 3659 2575 alia
3682 2523 3841 2581 enim,

2250 2615 2452 2685 inquit,
2488 2624 2613 2668 Sunt
2641 2616 2955 2683 cvnjugata,
2993 2616 3092 2668 alia
3131 2631 3197 2670 ex
3228 2631 3458 2683 genere,
3492 2614 3597 2668 alia
3642 2630 3711 2669 ex
3744 2614 3869 2667 {or-

2250 2722 2334 2760 ma
2356 2746 2371 2771 ,
2402 2706 2498 2760 alia
2530 2723 2592 2760 ex
2633 2706 2998 2770 similitudine,
3032 2708 3132 2760 alia
3173 2723 3238 2760 ex
3271 2706 3611 2769 diil‘erentia,
3643 2705 3750 2758 alia
3778 2720 3841 2758 ex
3872 2692 3873 2703 “

2244 2798 2537 2865 contrario,
2588 2798 2690 2850 alia
2736 2813 2800 2851 ex
2833 2797 3154 2867 conjunctis,
3200 2798 3305 2851 alia
3351 2812 3416 2851 ex
3462 2796 3839 2851 antecedenti-
3876 2780 3877 2785 “

2244 2888 2365 2951 bus,
2399 2888 2502 2941 alia
2533 2904 2600 2941 ex
2641 2889 3118 2956 consequentibus,
3149 2889 3250 2941 alia
3294 2904 3358 2942 ex
3389 2888 3840 2957 repugnantibus.

2242 2980 2348 3035 ala
2378 2996 2443 3035 ex
2474 2980 2669 3042 causis,
2710 2979 2812 3033 alia
2842 2996 2911 3034 ex
2947 2980 3172 3048 eﬂ'ectis,
3201 2981 3302 3033 alia
3334 2995 3399 3033 ex
3429 2983 3840 3048 comparatione

2245 3073 2506 3141 majorum
2539 3085 2630 3127 aut
2662 3073 2927 3127 minorum
2964 3083 3056 3127 aut
3086 3075 3315 3142 parium.
3349 3074 3590 3140 Quorum
3622 3074 3838 3141 quidem

562 3179 691 3219 vero
717 3163 857 3233 quod
884 3164 973 3217 alii
1005 3163 1165 3232 primi
1189 3172 1348 3233 atque
1385 3163 1750 3232 incompositi,
1797 3164 1885 3216 alii
1918 3161 2138 3217 secundi
2171 3153 2215 3213 C
2246 3167 2481 3220 omnium
2514 3174 2569 3221 et
2599 3174 2782 3220 natura
2815 3166 3051 3221 breviter
3077 3167 3386 3238 attingenda
3427 3174 3539 3231 est,
3580 3176 3636 3219 et
3663 3181 3844 3220 exem-

552 3264 713 3326 atque
738 3253 1043 3324 compositi.
1085 3252 1499 3322 Triangulorum
1542 3255 1707 3307 etiam
1741 3254 1921 3307 multis
1964 3251 2140 3305 modis

554 3346 670 3402 ﬁeri
702 3346 1041 3415 partitionem
1070 3345 1413 3413 geometrica;
1452 3343 1751 3413 disciplinac
1775 3353 1932 3399 tenor
1958 3354 2140 3398 osten-

552 3436 651 3491 dit.
684 3435 738 3490 ld
770 3443 947 3489 tamen
973 3434 1026 3488 iu
1057 3434 1307 3487 omnibus
1346 3434 1735 3503 pervidendum
1783 3442 1885 3501 est,
1921 3442 1977 3487 ut
2007 3434 2139 3487 nihil

551 3537 710 3585 extra
743 3530 794 3583 in
824 3528 1059 3599 qualibet
1085 3526 1368 3581 divisionis
1410 3526 1582 3582 forma
1614 3505 1979 3597 relinquatur,
2008 3527 2140 3580 nihil

551 3623 691 3677 ultra
717 3622 1049 3692 superﬂuum
1079 3634 1142 3675 ac
1173 3630 1528 3690 prteterquam
1560 3635 1785 3675 necesse
1813 3629 1917 3684 est,
1949 3635 2141 3691 aggre-

548 3727 704 3785 gctur
727 3730 742 3783 ;
765 3730 931 3786 quare
951 3716 1077 3785 quid
1108 3716 1302 3769 mirum
1336 3715 1507 3770 videri
1539 3715 1722 3780 debet,
1757 3719 1801 3769 si
1824 3732 1947 3770 cum
1982 3727 2138 3771 antea

550 3807 845 3861 secundum
891 3806 1245 3860 Tltemistium
1288 3805 1529 3860 locorum
1559 3806 1895 3861 differentias
1923 3806 2140 3861 dederi-

551 3914 693 3961 mus.
717 3914 857 3954 nunc
878 3901 1120 3957 diversas
1150 3903 1448 3956 secundum
1482 3902 1551 3956 M.
1584 3901 1818 3957 Tullium
1852 3902 2139 3973 deproma-

554 3993 714 4045 mus?
761 3989 924 4064 Cujus
981 3998 1257 4063 preposita
1316 3995 1549 4050 breviter
1600 3996 1925 4065 partitione,
1979 4007 2139 4067 atque

482 4084 495 4161 ᾖ
550 4084 817 4153 exemplis
853 4086 1296 4141 convenientibus
1339 4085 1585 4155 expedita
1607 4129 1622 4151 ,
1656 4096 1765 4141 tum
1795 4086 2009 4141 dentom
2031 4102 2138 4157 quo

478 4174 485 4235 ξ
550 4173 783 4241 diﬂ'erat,
811 4176 893 4229 vel
918 4191 1024 4244 quo
1053 4187 1315 4246 congruat
1340 4178 1589 4243 superius
1608 4178 1830 4248 digesta:
1859 4178 2134 4244 divisioni,

550 4280 658 4334 quo
709 4269 871 4321 etiam
923 4269 1092 4321 altera
1140 4268 1354 4322 claudat
1405 4271 1626 4323 alteram
1676 4268 2134 4323 Commemorabo.

548 4355 681 4409 Nam
726 4372 847 4409 cum
895 4357 963 4412 Μ.
1007 4358 1212 4411 Tullius
1258 4375 1471 4413 omnem
1521 4360 1743 4429 logicztm
1793 4360 2133 4427 facultatem,

538 4462 706 4515 quam
732 4438 992 4501 rationem
1016 4450 1328 4518 diligentem
1353 4452 1652 4505 disserendi
1694 4451 1850 4517 dixit,
1880 4451 2017 4506 duas
2045 4453 2136 4506 Ita-

2243 3257 2330 3325 pla
2359 3257 2623 3325 ponenda.
2670 3258 2867 3310 liorttm
2913 3257 3071 3326 igitur
3102 3257 3343 3310 locorum
3385 3258 3476 3327 qui
3521 3258 3575 3311 in
3612 3259 3736 3326 ipso
3778 3259 3843 3309 de

2242 3361 2347 3415 quo
2376 3347 2549 3416 agitur
2580 3353 2811 3410 luerent,
2847 3348 3074 3415 primum
3106 3361 3227 3401 esse
3254 3347 3389 3401 dixit
3415 3361 3446 3399 a
3472 3355 3609 3400 toto.
3641 3346 3839 3399 Totum

2242 3445 2418 3489 autem
2478 3436 2898 3506 uniuscujusque
2948 3438 3027 3491 rei
3102 3439 3155 3492 iu
3218 3437 3543 3491 difﬁnitione
3597 3446 3836 3490 constat.

2243 3531 2429 3584 Omnis
2457 3530 2599 3584 cnim
2631 3530 2878 3585 dil‘ﬁnitio
2927 3533 3003 3585 rei
3056 3546 3215 3599 quam
3246 3530 3445 3585 diiﬁoit
3483 3529 3835 3598 aquuatnr;

2242 3621 2383 3689 quod
2424 3621 2470 3673 si
2500 3636 2601 3674 una
2642 3636 2869 3691 qumque
2908 3637 2994 3675 res
3043 3632 3151 3675 tota
3185 3633 3269 3675 est
3309 3623 3470 3691 (nihil
3500 3625 3647 3677 enim
3699 3623 3837 3675 inte-

2243 3727 2395 3781 grum
2422 3727 2544 3766 esse
2578 3712 2679 3767 nisi
2710 3721 2876 3767 totum
2909 3717 3130 3784 potest),
3157 3714 3478 3771 diflinitione
3498 3731 3717 3786 quoque
3758 3725 3837 3768 to-

2244 3811 2352 3854 tum
2391 3818 2510 3857 esse
2544 3818 2768 3858 neces~e
2797 3815 2908 3869 est,
2944 3805 2994 3859 id
3036 3814 3151 3869 est,
3183 3822 3301 3875 quas
3332 3816 3498 3860 totam
3552 3808 3628 3861 rei
3670 3822 3835 3877 quam

2242 3890 2437 3947 diliinit
2463 3892 2817 3947 substantiam
2848 3894 3079 3949 claudat.
3129 3895 3387 3950 Diftinitio
3419 3912 3551 3952 vero
3593 3906 3680 3952 est
3714 3913 3836 3951 ora-

2244 3985 2316 4037 tio
2366 4000 2483 4054 quze
2537 3985 2955 4055 uniuscujusque
3001 3986 3078 4041 rei
3125 3988 3341 4057 quidem
3392 4002 3516 4043 esse
3562 3988 3833 4058 designat.

2241 4078 2323 4130 Ab
2366 4079 2465 4131 bac
2504 4078 2574 4131 ita
2605 4078 2820 4132 ducitur
2854 4088 3233 4148 argumentum
3277 4088 3336 4134 ut
3373 4079 3447 4134 sit
3478 4082 3741 4150 questio,
3772 4095 3836 4135 an

2240 4166 2462 4220 arbores
2503 4182 2713 4237 quoque
2762 4168 2871 4221 sint
2915 4168 3185 4224 animalia.
3232 4170 3453 4223 Dicam:
3487 4170 3713 4224 Animal
3756 4179 3836 4224 est

2240 4269 2324 4313 est
2346 4259 2639 4313 substantia
2670 4261 2904 4314 animata
2933 4262 3243 4322 sensibilis;
3268 4262 3429 4316 arbor
3453 4276 3564 4315 non
3593 4272 3681 4316 est
3714 4261 3837 4316 sub-

2240 4352 2432 4404 stantia
2464 4351 2697 4404 animata
2726 4352 3028 4417 sensibilis;
3053 4354 3371 4408 concludam
3397 4353 3549 4407 :Non
3574 4363 3707 4407 sunt
3741 4353 3835 4421 igi-

2241 4452 2329 4495 tur
2358 4441 2581 4496 arbores
2624 4442 2892 4496 animalia.
2942 4443 3181 4510 Qumstio
3222 4446 3289 4499 de
3326 4460 3552 4515 genere.
3595 4446 3834 4500 Maxima

539 4536 678 4592 here
727 4547 906 4607 partes
937 4541 1271 4608 proposuerit
1295 4582 1311 4607 ο
1340 4557 1495 4595 "nam
1528 4542 1865 4607 inveniendi,
1910 4545 2131 4599 anet-am
2161 4525 2216 4586 D
2244 4533 2575 4602 propositio:
2608 4532 2759 4588 Unde
2787 4534 3041 4589 diflinitio
3068 4538 3252 4604 abest,
3288 4539 3412 4592 inde
3445 4537 3576 4590 illud
3619 4552 3836 4606 quoque

533 4630 850 4701 ,jtttlicattdi;
882 4646 1112 4700 Cumque
1157 4634 1304 4687 l0cos
1344 4634 1620 4689 dtflinierit
1666 4649 1786 4688 esse
1830 4638 2132 4706 argumenti

545 4724 702 4778 sedes
730 4737 760 4776 a
790 4723 985 4793 quibus
1021 4724 1226 4779 scilicet
1256 4735 1569 4794 argumenta
1610 4739 1952 4795 promuntur,
1979 4744 2134 4797 argu-

545 4826 786 4870 mentum
808 4815 971 4869 etiam
1002 4815 1266 4870 rationem
1297 4832 1416 4885 qum
1447 4816 1523 4870 rei
1555 4816 1731 4871 dubia:
1761 4819 1918 4872 faciat
1948 4819 2127 4885 tidem,

536 4907 873 4962 divisionem
899 4905 1137 4961 locorum
1167 4908 1405 4959 omnium
1440 4906 1539 4961 ltoc
1567 4909 1723 4961 modo
1751 4908 1894 4962 l'ecit.
1924 4910 1996 4963 Ex
2024 4910 2128 4974 bis,

546 5000 741 5063 inquit,
770 4999 923 5064 locis,
956 4998 1009 5053 in
1038 4998 1233 5068 quibus
1278 5010 1593 5068 argumenta
1643 5001 1847 5055 inclusa
1872 5010 2017 5066 sunt,
2042 5002 2130 5055 alii

543 5089 735 5159 iuipso
764 5091 968 5145 harent
988 5089 1058 5145 de
1085 5103 1192 5159 quo
1222 5091 1416 5160 agitur,
1445 5090 1534 5143 alii
1558 5102 1902 5146 assumuntur
1927 5094 2134 5146 extrin-

541 5199 723 5238 srcus.
755 5183 895 5238 Duas
935 5185 1096 5253 igitur
1126 5186 1366 5237 locorum
1399 5184 1608 5252 species
1639 5184 1784 5248 iecit,
1817 5185 1954 5239 alios
1985 5185 2128 5240 enim

540 5273 595 5326 in
626 5273 758 5342 ipsis
785 5274 1138 5343 quaestionum
1167 5274 1409 5328 terminis
1433 5274 1642 5329 haerere
1667 5276 1965 5345 proposuit,
1995 5276 2129 5329 alios

543 5365 882 5418 extrinsecus
910 5365 1136 5420 assumi.
1178 5367 1352 5433 Atque
1391 5380 1485 5420 eos
1522 5368 1736 5432 quidem
1779 5369 1867 5439 qui
1904 5371 1955 5422 in
1999 5369 2128 5436 ipsis

546 5456 902 5512 barrerentde
934 5458 1047 5527 quil
1068 5471 1130 5510 us
1154 5458 1441 5526 quaeritur,
1476 5458 1569 5511 tali
1594 5458 1857 5512 divisione
1881 5459 2124 5523 partitur.

542 5553 599 5605 In
626 5552 771 5621 ipso,
804 5551 1007 5622 inquit,
1043 5560 1151 5605 tum
1176 5567 1238 5605 ex
1276 5561 1384 5606 toto
1409 5591 1423 5615 ,
1456 5560 1568 5606 tum
1608 5568 1671 5605 ex
1702 5553 1945 5621 partibus
1976 5553 2125 5623 ejus,

474 5652 654 5737 \tu‘m
695 5655 759 5693 ex
800 5650 958 5706 nota,
1129 5657 1196 5737 ex
1240 5642 1321 5695 bis
1367 5643 1528 5696 rebus
1563 5656 1682 5712 qua:
1728 5643 2125 5712 quodammodo

520 5727 744 5783 ‘tttlccta:
775 5739 898 5784 sunt
934 5732 999 5783 ad
1031 5729 1084 5786 id
1110 5731 1178 5786 de
1200 5747 1303 5802 quo
1330 5733 1606 5803 qumritnr.
1642 5734 1987 5791 Extrinsecus
2030 5752 2124 5791 au—

2240 4625 2429 4679 abeSse
2484 4624 2624 4693 quod
2655 4612 3141 4682 dil‘linitur.Locus
3179 4632 3210 4682 a
3251 4628 3597 4683 dillinitione.
3648 4629 3834 4682 Partes

2240 4729 2367 4767 vero
2393 4724 2548 4778 sunt,
2579 4730 2801 4783 quarutn
2843 4726 3112 4771 conventu
3150 4716 3381 4771 efﬁcitur
3413 4726 3612 4773 totum.
3644 4717 3829 4771 Part6

2238 4806 2398 4860 etiam
2430 4819 2691 4860 vocantur
2720 4824 2838 4877 quae
2865 4808 3111 4862 dividunt
3139 4818 3340 4875 totum,
3371 4810 3455 4864 bac
3492 4820 3678 4863 autem
3713 4817 3831 4873 spc-

2237 4899 2347 4952 cies
2372 4899 2454 4952 vel
2479 4899 2662 4952 forma:
2696 4903 2988 4969 nuncupari
3017 4903 3213 4956 solent.
3242 4904 3286 4956 A
3312 4902 3503 4971 quibus
3532 4895 3640 4950 hoc
3668 4901 3831 4948 modo

2236 4993 2467 5045 sumitur
2495 5004 2889 5063 argumentum.
2917 4994 2999 5048 Ab
3029 4995 3111 5048 his
3141 4997 3353 5063 quidem
3393 4991 3665 5060 partibus,
3706 5004 3831 5059 qua-

2236 5100 2353 5138 rum
2385 5086 2764 5155 conjunctione
2803 5090 3146 5157 componitur
3189 5096 3357 5141 totum
3394 5085 3499 5138 hoc
3543 5084 3745 5149 modo,
3782 5093 3829 5132 ιιι

2235 5180 2279 5233 si
2311 5181 2380 5235 sit
2422 5180 2687 5234 dttbitatio
2732 5198 2796 5235 an
2844 5181 2914 5235 sit
2958 5184 3135 5235 anima
3182 5194 3473 5248 corporea,
3526 5177 3829 5246 partietnur

2236 5271 2466 5324 animam
2500 5271 2643 5324 velut
2671 5270 2754 5326 bis
2795 5272 2963 5325 tribus
3002 5272 3265 5339 partibus,
3292 5268 3434 5336 quod
3477 5271 3566 5321 vel
3610 5274 3828 5335 vegeta-

2237 5363 2428 5432 bilem,
2458 5364 2542 5418 vel
2571 5364 2881 5418 sensibilem
2902 5406 2916 5426 ,
2944 5364 3024 5418 vel
3059 5362 3451 5431 intelligibilem
3479 5368 3736 5428 praestet,
3776 5364 3827 5407 at

2233 5455 2406 5524 ipsum
2441 5472 2616 5527 neque
2657 5465 2926 5527 vegetare,
2958 5471 3131 5525 neque
3156 5457 3378 5518 sentire,
3416 5467 3596 5521 neque
3624 5449 3826 5504 intelli-

2231 5565 2355 5621 gerc
2410 5551 2689 5618 corporale
2716 5560 2821 5606 est.
2866 5550 3106 5620 Cumque
3156 5550 3295 5603 nulla
3343 5547 3414 5601 sit
3464 5561 3591 5616 pars
3630 5545 3827 5598 animm

2229 5647 2544 5714 corporalis,
2577 5645 2794 5698 omnino
2818 5644 2993 5697 anima
3034 5642 3330 5712 corporalis
3360 5656 3468 5694 non
3500 5652 3623 5693 esse
3664 5651 3827 5691 mou-

2232 5746 2398 5794 strata
2430 5747 2529 5793 est.
2566 5736 2801 5805 Quwstio
2830 5736 2898 5791 de
2926 5750 3144 5807 genere,
3172 5734 3223 5789 id
3250 5742 3362 5800 est,
3395 5747 3464 5787 an
3493 5731 3674 5787 anima
3704 5743 3823 5783 cur
