4036 6336
227 308 365 361 1197

1236 306 1325 361 DE
1378 296 1853 361 DI‘FFERENTIIS
1892 304 2171 395 TODICIS.
2216 308 2341 362 LIB.
2384 307 2467 361 Ill.

3355 314 3491 369 “98

227 422 344 489 puri
383 420 695 489 subjiciatur
725 428 783 474 ut
822 419 1039 489 generi,
1071 428 1441 489 argumentum
1473 435 1501 471 a
1542 418 1805 487 partibus.
1838 420 1886 475 Α
1915 432 2020 470 non
2054 418 2256 472 vivere.
2301 418 2382 473 Ab
2413 419 2495 473 bis
2541 421 2792 476 omnibus
2822 422 2894 477 ita
2932 432 3245 494 argumenta
3288 425 3492 479 ducun-

223 512 453 567 Maxima
495 512 825 581 propositio:
860 518 898 563 A
931 513 1122 579 quibus
1162 521 1339 579 partes
1374 510 1600 576 absunt,
1637 521 1805 562 totum

224 619 441 674 quoque
466 606 677 657 abesse.
724 604 895 658 Locus
922 619 951 655 a
1000 605 1237 667 partibus
1271 613 1436 656 totum
1472 601 1806 671 conjungen-

226 701 396 755 tibus.
425 699 555 752 item
586 701 653 752 ab
685 699 762 751 bis
795 697 1034 763 partibus
1075 713 1194 764 qua:
1223 706 1389 750 totum
1421 696 1665 749 dividunt
1706 695 1808 748 hoc

222 790 431 845 modo:
462 790 533 843 sit
562 790 616 842 in
643 789 940 858 quastione
980 805 1046 839 an
1093 788 1270 841 anima
1296 787 1588 841 secundum
1633 787 1805 840 locutu

218 894 524 938 moveatur.
554 883 736 936 Dicam
768 892 945 935 motus
985 882 1282 936 secundum
1328 881 1502 935 locum
1537 890 1647 934 tres
1686 894 1810 944 spe-

222 977 338 1029 cies
364 986 509 1037 sunt,
536 983 892 1036 elementum,
915 973 1221 1034 diminutio.
1247 972 1599 1041 permutatio;
1631 970 1806 1025 anima

225 1081 356 1121 vero
386 1081 559 1133 neque
596 1065 823 1129 crescit,
854 1080 1026 1134 neque
1058 1064 1341 1129 minuitur,
1388 1078 1562 1133 neque
1608 1063 1675 1117 ab
1702 1062 1808 1115 alio

224 1158 438 1212 locooad
482 1159 645 1211 alium
684 1159 905 1218 transit.
939 1173 1043 1210 non
1084 1156 1247 1225 igitur
1275 1165 1540 1209 movetur.
1571 1152 1808 1220 Quzrstio

223 1250 293 1305 de
333 1250 629 1305 accidente.
672 1249 903 1304 Maxima
941 1249 1237 1317 propositio
1261 1292 1274 1317 ,
1327 1247 1514 1302 eadem
1555 1262 1673 1315 quae
1713 1262 1807 1299 suo

224 1344 428 1412 peritis,
458 1343 606 1398 locus
631 1356 660 1393 a
704 1342 950 1410 partibus
988 1351 1160 1395 totum
1191 1340 1576 1396 dividentibus.
1605 1341 1652 1395 A
1682 1348 1807 1393 nota

220 1446 596 1506 argumentum
626 1446 743 1504 est,
784 1437 996 1504 quoties
1035 1436 1105 1489 ab
1146 1436 1588 1504 interpretatione
1634 1433 1806 1488 nomi-

220 1531 308 1583 nis
350 1532 427 1584 rei
457 1530 633 1584 dubiae
667 1528 799 1583 ﬁdes
835 1529 1113 1597 quaeritur,
1162 1531 1262 1582 boc
1305 1528 1495 1592 modo,
1524 1537 1584 1582 ut
1622 1527 1667 1583 si
1705 1526 1808 1581 du-

166 1621 427 1688 χΙιὶιιδιυι·
459 1636 526 1673 au
570 1620 907 1689 pbilosopbia
938 1620 1007 1674 sit
1048 1620 1267 1676 bonum.
1304 1620 1586 1685 Dicemus,
1637 1620 1812 1687 pbilo-

188 1712 413 1841 isopltia
442 1722 526 1766 est
558 1726 709 1766 amor
741 1712 1040 1778 sapientiae,
1076 1721 1130 1764 at
1171 1710 1223 1766 id
1263 1710 1459 1765 bonum
1488 1721 1599 1773 est,
1635 1708 1805 1777 pbilo-

188 1789 191 1792 ν
218 1804 410 1841 nnnhia
445 1804 607 1841 init-n-
635 1805 834 1841 hnnnm
870 1814 946 1841 uel
1008 1802 1103 1841 "in
1134 1802 1293 1841 initur
1330 1816 1443 1841 nam
1472 1817 1575 1841 nnn
1608 1800 1804 1841 ΑΠηηί-

1915 516 2020 560 tur.
2048 508 2129 562 Ab
2159 507 2401 564 adversis
2422 526 2436 562 :
2457 510 2500 563 si
2530 510 2664 565 bona
2697 523 2780 567 est
2809 514 3032 580 sanitas,
3066 515 3202 569 mala
3229 525 3313 571 est
3336 518 3492 587 aegri-

1912 600 2068 663 tudo;
2094 615 2124 653 a
2149 600 2483 669 privantibus
2505 620 2516 654 :
2541 604 2588 656 si
2619 604 2930 672 injustitiam
2957 606 3210 676 fugimus,
3228 608 3488 677 justitiam

1912 705 2231 758 sequamur;
2266 708 2293 745 a
2327 693 2565 748 relativis
2594 698 2877 766 :quisquis
2901 708 3050 768 pater
3078 714 3200 756 esse
3231 702 3364 766 vult,
3398 700 3492 755 lla-'-

1912 782 2037 839 beat
2075 782 2272 849 ﬁliunt;
2313 800 2342 838 a
2375 788 2690 855 negantibus
2721 807 2734 842 :
2770 806 2873 843 non
2919 805 3003 844 me
3033 806 3255 847 accusas
3302 793 3491 851 iecisse

1911 874 2052 941 quod
2086 892 2171 929 me
2201 892 2305 930 non
2347 877 2537 933 fecisse
2582 880 2847 937 defendis.
2891 883 3227 950 Quaestiones
3258 886 3323 938 de
3351 891 3494 941 acci-

1911 964 2181 1024 dentibus.
2212 968 2435 1022 Maxima
2469 972 2799 1040 propositio:
2832 973 2887 1027 In
2928 973 3196 1037 adversis,
3233 978 3495 1043 privanti-

1912 1057 2011 1115 bus
2033 1066 2087 1113 et
2108 1062 2425 1128 negantibus
2449 1065 2713 1118 contraria
2740 1066 2839 1119 sibi
2863 1068 3155 1123 convenire
3177 1085 3281 1123 non
3314 1085 3492 1137 ροηδε.

1913 1154 1966 1203 in
1997 1152 2234 1206 relativis
2254 1164 2433 1208 autem
2462 1155 2663 1222 absque
2693 1173 2753 1211 se
2780 1158 3000 1212 relativa
3029 1174 3149 1214 esse
3174 1176 3278 1215 non
3312 1176 3493 1230 posse.

1912 1239 2085 1296 L’ocus
2110 1256 2141 1294 a
2167 1246 2472 1312 contrariis,
2506 1262 2626 1315 qua:
2657 1249 2848 1303 melius
2873 1251 3119 1318 opposita
3152 1263 3493 1309 vocarentur.

1909 1334 2173 1400 Adjuncta
2215 1346 2341 1392 sunt
2385 1354 2505 1407 qua:
2535 1340 2823 1394 ﬁnitimum
2870 1349 3056 1396 tenent
3103 1343 3309 1410 locum,
3340 1346 3411 1401 ita
3441 1358 3498 1401 ut

1912 1426 2246 1489 temporibus
2295 1444 2527 1499 quoque,
2588 1440 2700 1485 tum
2748 1433 3098 1501 antecedant,
3149 1445 3203 1489 ut
3254 1452 3490 1493 amorem

1911 1521 2261 1589 congressio;
2292 1532 2403 1578 tum
2447 1526 2524 1580 rei
2559 1526 2642 1580 cui
2694 1529 2945 1596 a‘ijuncta
2978 1540 3102 1584 sunt
3135 1531 3405 1596 intereant,
3440 1545 3499 1585 ut

1910 1611 2260 1668 ambulationi
2287 1616 2481 1683 pedum
2512 1620 2809 1685 strepitus;
2843 1632 2953 1674 tum
2982 1634 3403 1693 consequantur,
3438 1634 3497 1679 ut

1911 1710 2063 1757 atrox
2096 1704 2302 1759 facinus
2342 1708 2538 1762 mentis
2572 1710 2876 1778 tiepidatio.
2920 1711 3107 1780 Neque
3156 1716 3269 1768 tunc
3311 1730 3498 1769 neces-

210 1794 411 1871 ‘sophia
445 1804 607 1875 igitur
633 1805 835 1858 bonum
870 1814 972 1858 est.
1008 1802 1105 1858 Hic
1132 1802 1293 1871 igitur
1330 1816 1443 1855 rem
1472 1817 1576 1854 non
1608 1800 1804 1855 dilﬁni-
1837 1794 1883 1855 Β
1908 1794 2050 1848 saria
2078 1806 2232 1861 sunt,
2275 1798 2370 1852 sed
2394 1797 2706 1869 frequenter
2735 1804 3007 1858 eveniunt.
3034 1804 3166 1858 Nam
3200 1820 3375 1874 neque
3403 1808 3492 1875 qui

221 1894 418 1958 vimus,
450 1894 541 1947 sed
587 1908 781 1948 nomen
820 1892 1139 1949 difﬁuitione
1179 1892 1531 1960 prodidimus.
1567 1892 1805 1960 Quaastio

220 1986 288 2040 de
315 2001 531 2058 genere.
569 1986 798 2040 Maxima
843 1985 1177 2054 prepositi-i:
1211 1984 1453 2041 Nominis
1483 1983 1807 2053 interpreta-

221 2078 368 2131 tione
408 2093 520 2132 rem
561 2076 845 2131 declarari.
896 2076 1067 2130 Locus
1095 2091 1124 2128 a
1175 2075 1473 2129 notatione.
1508 2073 1805 2143 Conjugata

220 2177 349 2222 sunt
380 2183 502 2236 qua:
541 2168 611 2221 ab
662 2165 851 2221 eodem
890 2166 1107 2220 nomine
1146 2165 1455 2229 ﬂectuntur,
1489 2175 1548 2219 ut
1586 2179 1617 2219 a
1650 2165 1808 2235 justi-

221 2262 318 2323 tia,
343 2260 577 2330 justum,
621 2260 788 2329 juste.
818 2260 898 2314 Ab
930 2261 1011 2313 bis
1045 2260 1115 2314 ita
1155 2260 1365 2329 capitur
1400 2271 1802 2330 argumentum,

222 2362 284 2405 ut
315 2353 359 2405 si
398 2361 672 2421 quaeratur
713 2366 780 2404 an
824 2349 999 2405 ridere
1037 2350 1275 2419 gaudere
1301 2353 1393 2405 sit.
1431 2351 1700 2417 Dicemus,
1750 2353 1807 2406 Si

222 2441 363 2496 risus
392 2441 638 2510 gaudium
682 2451 797 2507 est,
842 2450 895 2495 et
934 2440 1112 2495 ridere
1153 2441 1387 2509 gaudere
1432 2451 1536 2495 εει.
1571 2440 1808 2508 Quaestio

220 2534 294 2590 de
343 2534 638 2591 accidente.
695 2535 923 2590 Maxima
986 2535 1279 2603 propositio
1325 2552 1338 2586 :
1387 2534 1806 2605 Conjugatorum

218 2628 470 2682 eamdem
510 2642 633 2682 esse
682 2636 948 2681 naturam.
993 2627 1165 2681 Locus
1193 2643 1222 2680 a
1264 2626 1581 2697 coniugatis.
1627 2628 1808 2685 Genus

220 2728 307 2774 est
332 2719 472 2787 quod
499 2719 565 2774 de
595 2719 833 2787 pluribus
857 2719 1036 2783 specie
1075 2718 1446 2775 differentibus
1486 2722 1538 2774 in
1571 2736 1637 2775 eo
1665 2722 1805 2789 quod

216 2812 351 2882 quid
397 2812 737 2881 praedicatur.
767 2812 850 2865 Ab
878 2810 982 2866 hoc
1027 2812 1097 2866 ita
1140 2811 1354 2867 ducitur
1397 2820 1803 2882 argumentitm,

221 2913 282 2960 ut
320 2904 366 2959 si
405 2917 672 2973 quturatnr
719 2913 894 2957 utrum
939 2904 1118 2958 anitna
1162 2918 1420 2958 numerus
1457 2905 1528 2957 sit
1571 2905 1804 2973 seip~um

219 3011 467 3062 movens,
492 3005 549 3049 ut
580 2994 867 3049 Xenocrati
901 2995 1120 3064 placuit.
1157 2996 1428 3059 Dicemus,
1463 2995 1651 3048 Anima
1681 2997 1807 3048 sub~

217 3088 419 3142 stantia
446 3099 550 3150 est,
586 3102 842 3141 numerus
872 3103 1002 3142 vcro
1048 3087 1344 3143 substantia
1376 3103 1481 3141 nan
1512 3098 1614 3152 est,
1648 3088 1808 3158 igitur

1912 1901 2233 1954 congressus
2263 1899 2375 1958 est,
2408 1893 2582 1946 modis
2612 1894 2863 1948 omnibus
2895 1896 3124 1959 amavit,
3150 1907 3205 1951 et
3230 1898 3324 1966 qui
3364 1912 3496 1952 con-

1911 1994 2129 2044 gressus
2160 1996 2265 2035 non
2298 1992 2407 2050 est,
2442 1998 2548 2038 uno
2587 1986 2751 2040 semel
2784 1996 3000 2054 aspectu
3046 1986 3097 2041 in
3137 2002 3377 2043 amorem
3409 1988 3494 2044 in?

1911 2070 2069 2137 cidit;
2101 2082 2156 2127 et
2184 2075 2491 2130 ambulante
2518 2078 2700 2147 aliquo
2730 2088 2909 2148 potest
2938 2096 3044 2134 non
3075 2095 3195 2134 esse
3240 2084 3497 2152 strepitus

1913 2165 2135 2233 pedum,
2180 2176 2233 2222 et
2280 2183 2385 2222 non
2436 2170 2748 2227 ambulante
2789 2172 2955 2241 pedes
3001 2182 3262 2243 strepere,
3310 2178 3353 2233 si
3386 2192 3495 2232 uno

1912 2258 2212 2328 eodemque
2244 2260 2361 2315 loco
2404 2263 2707 2317 consistens
2755 2264 2918 2332 pedes
2957 2278 3202 2332 moveat;
3232 2276 3287 2322 et
3333 2270 3497 2338 trepi-

1912 2348 2040 2401 dare
2067 2351 2208 2418 quis.
2238 2365 2358 2405 cum
2388 2353 2524 2407 nihil
2554 2364 2707 2409 atrox
2740 2355 2957 2425 fecerit,
2989 2370 3043 2412 et
3073 2375 3179 2414 non
3227 2362 3496 2431 trepidare

1911 2437 2000 2505 qui
2041 2439 2224 2495 fecerit
2264 2459 2276 2494 :
2309 2442 2376 2496 ab
2412 2443 2494 2497 bis
2526 2446 2750 2499 ducetur
2798 2459 3202 2517 argumentum,
3250 2453 3333 2507 vel
3373 2469 3494 2508 cum

1910 2544 2093 2583 amare.
2125 2532 2358 2603 aliquem
2396 2537 2778 2604 suscipiamur,
2818 2542 2939 2608 quia
2986 2543 3149 2597 fuerit
3192 2555 3317 2599 ante
3360 2562 3494 2603 con..

1907 2634 2146 2690 gressus,
2182 2624 2265 2678 vel
2294 2626 2599 2682 ambulasse
2639 2631 2870 2697 aliquem
2904 2633 2957 2686 in
2991 2633 3165 2689 locum
3188 2676 3202 2698 ,
3242 2651 3366 2691 cum
3401 2654 3495 2707 pe-

1909 2711 2035 2766 dum
2067 2715 2320 2784 strepitus
2361 2716 2518 2773 fuerit
2541 2720 2777 2785 auditus,
2801 2723 2885 2777 vel
2916 2734 3073 2778 atrox
3111 2727 3313 2782 facinus
3340 2744 3491 2785 eom-

1909 2804 2151 2868 misisse,
2202 2822 2361 2874 quem
2414 2811 2687 2879 trepidare
2749 2814 3057 2881 videamus,
3101 2827 3263 2888 atque
3308 2822 3362 2875 in
3412 2822 3498 2878 bis

1908 2895 2232 2960 quaestiones
2287 2898 2354 2952 tle
2407 2901 2811 2971 accidentibus,
2863 2906 3013 2961 locus
3074 2909 3143 2963 ab
3205 2911 3494 2980 adiunctis.

1912 2981 2138 3040 Maxima
2175 2989 2502 3057 propositio:
2534 2991 2611 3046 Ex
2642 2993 2912 3063 adjunctis
2933 2997 3182 3064 adjuncta
3216 3007 3495 3070 perpendi.

1911 3076 2296 3133 Antecedentia
2337 3095 2467 3135 vero
2512 3092 2670 3152 sunt,
2705 3086 2899 3154 quibus
2944 3090 3135 3153 positis
3178 3093 3356 3147 statim
3403 3111 3498 3149 ne-

218 3178 402 3232 anitna
453 3192 710 3232 numerus
764 3192 870 3231 non
915 3189 1017 3232 est.
1072 3179 1309 3245 Quaestio
1358 3178 1426 3234 de
1464 3178 1800 3242 diffinilione.

1912 3183 2065 3223 cesse
2101 3180 2184 3225 est
2222 3172 2368 3227 aliud
2405 3187 2798 3245 consequatur,
2845 3179 2990 3235 velut
3032 3196 3154 3236 cum
3194 3183 3421 3241 dicimus
3452 3189 3499 3241 si

217 3268 372 3323 locus
397 3285 424 3320 a
453 3284 673 3337 genere.
703 3268 927 3322 Maxima
963 3270 1294 3338 prepositio:
1327 3270 1565 3337 Quorum
1593 3271 1806 3327 divetsa

217 3369 349 3417 sunt
386 3376 613 3429 genera,
650 3362 763 3430 ipsa
805 3376 1018 3431 quoque
1048 3376 1171 3417 esse
1214 3362 1449 3417 diversa.
1500 3362 1695 3418 Forma
1727 3375 1809 3418 est

217 3452 361 3522 quod
384 3453 450 3506 de
473 3453 714 3521 pluribus
730 3468 957 3507 numero
974 3453 1349 3508 diﬁerentibus
1372 3454 1424 3509 in
1443 3470 1509 3510 eo
1524 3456 1664 3525 quod
1680 3457 1806 3523 quid

217 3544 293 3600 sit
324 3543 659 3611 praedicatur.
703 3544 782 3595 Ab
813 3543 912 3596 hac
958 3544 1017 3597 iit
1055 3556 1432 3612 argumentum
1476 3546 1577 3601 hoc
1623 3546 1804 3607 modo,

220 3634 352 3688 utsi
380 3645 652 3699 quaeratur
682 3650 748 3687 an
775 3634 928 3687 color
957 3634 1008 3688 in
1056 3634 1300 3703 subjecto
1327 3635 1425 3699 sit,
1467 3637 1519 3690 id
1548 3638 1809 3704 approba-

221 3727 401 3781 bitnus
438 3742 525 3793 eo,
564 3728 819 3797 quoniam
864 3726 1041 3780 album
1093 3724 1174 3782 vel
1223 3729 1432 3798 nigrum
1472 3728 1525 3782 in
1567 3728 1809 3797 subjecto

221 3827 371 3882 sunt,
402 3833 430 3870 a
457 3820 635 3888 specie
670 3820 870 3873 scilicet
900 3818 964 3872 ad
994 3835 1165 3889 genus
1192 3820 1541 3876 deducentes.
1569 3821 1808 3889 Quaesﬁo

221 3907 291 3962 de
315 3924 533 3977 genere.
576 3909 706 3964 Nam
735 3912 786 3962 in
816 3910 1059 3979 subjecto
1082 3926 1202 3965 esse
1231 3912 1312 3966 vel
1346 3927 1451 3965 non
1493 3927 1633 3973 esse.
1666 3914 1809 3967 acci-

221 3999 360 4054 dens
407 4001 489 4054 vel
543 4003 901 4055 substantiam
951 4000 1257 4069 signiﬁcat,
1299 4018 1418 4071 qua:
1469 4014 1595 4057 sunt
1637 4002 1806 4072 prima

222 4107 403 4146 rerum
446 4107 666 4162 genera.
714 4093 941 4147 Maxima
991 4095 1325 4162 propositio:
1360 4093 1418 4149 In
1455 4094 1646 4150 formis
1685 4111 1810 4165 spe-

219 4183 355 4237 etari
381 4199 635 4252 generum
670 4186 1043 4254 proprietates.
1089 4186 1263 4241 Locus
1298 4203 1327 4242 a
1375 4187 1569 4243 forma.
1600 4189 1805 4243 Simili-

221 4274 353 4326 tudo
379 4284 463 4329 est
492 4275 678 4331 eadem
708 4292 888 4330 rerum
921 4276 1279 4331 differentium
1310 4280 1564 4345 qualitas.
1595 4282 1674 4333 Ab
1707 4284 1806 4335 hac

219 4364 297 4418 ita
328 4365 438 4419 ﬁeri
469 4376 843 4435 argumentum
883 4367 1174 4437 judicatur,
1205 4380 1263 4423 ttt
1292 4372 1335 4423 si
1364 4380 1637 4436 qua-ratur
1662 4385 1809 4427 sorte

218 4472 289 4509 an
327 4457 590 4513 electione
628 4469 865 4513 rectores
904 4460 1207 4513 civitatibus
1253 4461 1411 4515 dandi
1456 4472 1611 4525 sunt,
1650 4480 1809 4532 nege-

1914 3258 2075 3315 ltomo
2106 3272 2220 3328 est,
2252 3264 2449 3318 animal
2487 3276 2591 3323 est.
2624 3267 2809 3337 Neque
2838 3271 2893 3323 in
2927 3270 3011 3325 Itis
3043 3275 3374 3344 temporibus
3414 3294 3499 3333 ra-

1915 3351 2009 3414 tio,
2056 3367 2154 3407 nec
2201 3368 2380 3409 rerum
2412 3359 2708 3413 necessitas
2751 3362 2898 3417 varia
2930 3374 3041 3430 est,
3088 3367 3182 3422 sed
3229 3371 3410 3426 statim
3444 3383 3499 3427 ut

1910 3442 2110 3496 dictum
2151 3444 2315 3500 fuerit
2353 3447 2405 3501 id
2436 3450 2577 3519 quod
2610 3453 2911 3521 antecedit,
2955 3457 3006 3511 id
3037 3460 3323 3516 comitatur
3349 3468 3497 3532 quod

1909 3535 2243 3605 SUbSCQUt'nS
2271 3550 2375 3593 εει.
2421 3541 2520 3594 Hic
2561 3557 2689 3598 vero
2724 3544 2876 3600 locus
2921 3555 3063 3602 totus
3092 3550 3145 3604 in
3185 3554 3494 3609 conditione

1909 3634 1992 3678 est
2019 3630 2360 3682 constitutus.
2395 3629 2573 3685 Posita
2597 3633 2739 3690 enim
2769 3637 3078 3695 cenditione
3107 3643 3152 3698 si
3183 3645 3254 3698 sit
3276 3656 3497 3701 antece-

1911 3714 2069 3783 dens,
2102 3732 2223 3770 esse
2252 3733 2479 3773 necesse
2502 3730 2587 3776 est
2614 3728 2754 3793 quod
2779 3731 3145 3798 consequitur,
3169 3732 3271 3789 hoc
3297 3738 3495 3793 modo:

1911 3805 1966 3861 Si
1997 3810 2225 3876 peperit,
2248 3825 2369 3865 cum
2402 3814 2517 3865 viro
2546 3816 2852 3881 concubuit,
2879 3824 3205 3879 antecedens
3230 3837 3315 3883 est
3335 3844 3498 3899 pepe-

1913 3898 2070 3962 risse.
2094 3914 2213 3953 cum
2246 3917 2361 3956 νιΓο
2382 3904 2736 3962 concubuisse
2766 3922 3134 3980 consequens:
3164 3931 3287 3974 nam
3320 3898 3498 3989 neque

1912 3988 2040 4041 illud
2064 3996 2322 4060 quaeritur
2342 3994 2468 4063 quid
2494 3995 2639 4061 prius
2666 4008 2905 4068 tempore
2925 4005 3015 4068 sit,
3039 4004 3167 4073 quid
3192 3988 3496 4079 posterius;

1912 4088 1965 4134 et
1993 4096 2137 4149 sazpe
2169 4083 2269 4137 ista
2319 4086 2391 4138 ita
2424 4089 2716 4157 Variantur,
2767 4101 2823 4145 ut
2852 4092 2902 4147 id
2932 4098 3070 4161 quod
3118 4102 3386 4165 posterius
3412 4115 3497 4157 est

1913 4181 2173 4244 tempore,
2206 4179 2528 4234 antecedens
2564 4196 2686 4236 esse
2724 4184 2966 4239 videatur
3004 4188 3058 4241 itt
3102 4192 3491 4261 propositione,

1913 4273 1970 4317 ut
1993 4267 2263 4333 peperisse
2292 4271 2556 4335 posterius
2586 4285 2667 4326 est
2697 4290 2854 4343 quam
2883 4280 3260 4337 concubuisse.
3287 4283 3492 4341 Tamen

1912 4356 1957 4408 si
1984 4360 2227 4425 peperit,
2270 4361 2444 4415 modis
2488 4364 2740 4419 omnibus
2780 4381 2902 4420 cum
2942 4370 3057 4423 viro
3085 4375 3407 4442 concubuit,
3440 4390 3497 4434 et

1916 4450 2019 4504 boc
2065 4453 2405 4520 praecedente
2448 4464 2500 4509 et
2553 4458 2699 4522 prius
2745 4461 2940 4525 posito,
2972 4477 3194 4521 necesse
3233 4479 3317 4523 est
3362 4470 3496 4527 illud

221 4557 308 4600 tur
329 4549 580 4617 quoniam
615 4566 681 4603 ne
712 4549 762 4603 in
803 4552 923 4606 navi
963 4552 1177 4618 quidem
1206 4564 1374 4616 sorte,
1408 4556 1502 4608 sed
1542 4556 1805 4610 electione

1916 4541 2264 4613 intelligatur.
2303 4545 2602 4615 Aliqttoties
2650 4524 2779 4605 vero
2809 4551 2968 4607 simul
2998 4568 3151 4621 sunt,
3204 4569 3260 4614 ut
3290 4580 3304 4613 τ
3337 4566 3383 4616 si
3414 4567 3494 4617 sul

218 4642 425 4710 peritus
457 4652 633 4695 rector
664 4643 895 4712 eligitur.
937 4646 1139 4701 Similis
1167 4658 1250 4702 est
1280 4648 1429 4702 navis
1474 4648 1688 4718 quidem
1730 4651 1807 4704 ci-

222 4731 401 4795 vitati,
450 4733 777 4802 gubernator
821 4746 998 4790 autem
1046 4738 1399 4806 magistratui.
1449 4740 1686 4807 Quzcstio
1737 4743 1804 4798 de

219 4818 520 4886 accidente,
563 4824 711 4878 locus
752 4840 781 4878 a
830 4828 1015 4901 simili.
1069 4830 1295 4883 Maxima
1343 4833 1685 4901 propositio:
1729 4834 1804 4890 De

219 4910 486 4965 similibus
528 4912 668 4969 idem
700 4926 781 4971 est
805 4899 1087 4988 judicium.
1135 4920 1267 4974 lletn
1311 4899 1356 4976 a7
1389 4899 1719 4995 differentia,
1747 4936 1806 4980 ut

219 5003 268 5055 si
314 5012 585 5065 qttteratur
615 5019 680 5057 an
722 5006 859 5061 idem
890 5010 959 5062 sit
992 5025 1089 5063 rex
1133 5014 1272 5080 quod
1319 5024 1601 5083 tyrannus.
1652 5019 1804 5072 Dice-

217 5106 342 5144 mus
369 5093 607 5161 minime,
636 5110 755 5149 nam
784 5095 836 5149 in
879 5113 1024 5167 rege,
1063 5102 1254 5167 pietas,
1285 5102 1519 5170 justitia,
1553 5121 1802 5162 mansue-

218 5183 379 5245 tudo;
427 5183 479 5236 in
522 5196 745 5257 tyranno
787 5201 977 5243 cuncta
1024 5191 1237 5247 diversa
1280 5206 1424 5249 sunt.
1468 5199 1704 5264 Quaestio
1734 5200 1801 5255 de

216 5272 557 5337 difﬁnitione,
597 5276 744 5331 locus
772 5293 799 5329 a
837 5278 1162 5335 differentia.
1197 5284 1425 5338 Maxima
1459 5290 1755 5356 propositio
1784 5306 1798 5343 :

218 5368 590 5423 Dillerentium
631 5387 809 5426 rerum
854 5389 958 5426 non
1008 5375 1147 5430 idem
1186 5393 1305 5432 esse
1339 5378 1619 5448 judicium.
1660 5379 1800 5437 Con-

214 5458 381 5511 traria
432 5474 559 5513 vero
610 5478 727 5528 qua:
773 5461 965 5517 Cicero
1016 5468 1285 5535 appellat,
1337 5481 1566 5538 quatuor
1627 5474 1800 5529 modis

210 5549 565 5604 dividuntur:
598 5563 688 5605 aut
717 5556 858 5606 enitn
895 5555 1121 5611 adversa
1161 5570 1320 5623 sunt,
1366 5572 1420 5615 ttt
1457 5562 1668 5630 album,
1712 5567 1797 5629 ni:

207 5655 401 5709 grunt;
432 5649 521 5694 attt
567 5643 848 5711 privantia,
881 5657 937 5699 ut
981 5647 1216 5715 jUSllli‘l,
1265 5651 1556 5720 injustitia;
1592 5665 1685 5709 aut
1714 5672 1801 5711 re-

212 5729 398 5799 lativa,
430 5742 488 5786 ut
515 5732 782 5803 dominus,
817 5751 1035 5803 servus;
1068 5748 1158 5794 aut
1203 5743 1470 5813 negativa,
1504 5756 1559 5801 ut
1589 5747 1792 5816 vivere,

1913 4641 2065 4687 ortus
2098 4643 2208 4698 est,
2241 4634 2360 4689 dies
2387 4647 2496 4699 est;
2526 4639 2807 4709 aliquones
2837 4643 2984 4709 prius
3012 4658 3095 4701 est
3119 4651 3259 4718 quod
3290 4668 3497 4719 prince-

1914 4724 2012 4789 dit,
2043 4729 2308 4794 posterius
2334 4730 2473 4796 quod
2501 4735 2872 4801 consequitur,
2903 4749 2996 4789 ut:
3027 4742 3071 4793 si
3102 4754 3361 4812 arrogans
3386 4758 3488 4815 est,

1878 4858 1881 4859 ν
1913 4817 2132 4872 odiosus
2155 4826 2263 4883 est,
2310 4836 2376 4874 ex
2404 4823 2710 4893 arrogantia
2737 4833 2878 4881 enim
2910 4832 3136 4902 quisque
3160 4835 3222 4890 ﬁt
3246 4838 3489 4895 odiosus.

1916 4909 1993 4963 Ex
2024 4912 2365 4967 antecedenti
2404 4915 2566 4984 igitur
2601 4920 2832 4974 sumitur
2869 4909 3241 4991 argumentum
3272 4947 3288 4984 :
3319 4932 3365 4986 si
3399 4949 3491 5002 pe-

1913 5004 2082 5071 perit,
2112 5017 2232 5057 cum
2277 5005 2394 5059 viro
2439 5010 2757 5077 cottcubuit;
2805 5027 2961 5069 sumo
3007 5020 3148 5085 quod
3187 5026 3487 5088 antecedit,

1912 5103 1967 5147 at
1994 5096 2229 5165 peperit;
2261 5097 2524 5154 concludo
2548 5102 2691 5170 quod
2727 5106 2987 5175 Sequitur,
3015 5126 3136 5165 cum
3181 5115 3300 5169 viro
3330 5117 3494 5186 igitur

1911 5193 2218 5247 concubuit.
2249 5195 2295 5247 A
2322 5198 2776 5265 consequentibus
2820 5202 2891 5257 ita
2932 5219 3088 5259 sumo
3126 5209 3266 5274 quod
3310 5216 3494 5279 sequi-

1912 5292 2020 5350 tur,
2049 5296 2101 5340 at
2126 5300 2235 5340 non
2264 5288 2549 5343 concubuit
2578 5305 2697 5344 cutn
2729 5292 2865 5358 viro,
2906 5297 3169 5352 concludo
3204 5302 3344 5367 quod
3392 5319 3493 5358 an-

1910 5378 2106 5432 tecedit
2122 5418 2137 5443 ,
2161 5393 2267 5431 non
2298 5378 2457 5447 igitur
2486 5382 2709 5450 peperit.
2734 5383 2969 5449 Quaestio
2990 5400 3073 5443 est
3095 5389 3162 5443 de
3184 5394 3485 5462 accidente,

1905 5468 2055 5523 locus
2083 5468 2151 5522 ab
2178 5470 2617 5527 antecedentibus
2645 5486 2699 5529 et
2729 5479 3204 5544 consequentibus.
3237 5484 3482 5541 Maxima:

1906 5560 2351 5630 propositiones:
2401 5563 2584 5620 Posito
2640 5570 2975 5625 antecedenti
3030 5577 3277 5631 comitari
3332 5583 3479 5649 quod

1901 5654 2261 5723 subsequitur,
2301 5668 2579 5726 perempto
2608 5664 2958 5727 consequenti
2992 5667 3182 5733 perimi
3210 5672 3353 5739 quod
3383 5689 3482 5725 an-

1905 5749 2117 5806 teredit.
2148 5749 2519 5820 Repttgnantia
2562 5766 2699 5826 vero
2734 5762 2860 5808 sunt
2906 5760 3298 5818 contrariorum
3348 5779 3480 5820 con-
