4036 6336
553 290 688 352 H19

1711 288 1818 343 AN.
1862 285 2063 342 MANL.
2107 285 2257 340 sev.
2300 259 2521 338 socru

3682 262 3813 319 ηω

553 412 848 480 sequentia,
880 420 934 462 ut
963 409 1197 478 vigilare,
1233 405 1487 469 dormire,
1518 388 1783 457 contraria
1814 408 1961 463 sunt,
1992 410 2129 452 stcr-
2158 402 2203 458 Α
2235 397 2495 450 maximas
2527 390 2939 460 propositiones,
2967 399 3100 455 quas
3126 385 3274 438 locos
3296 395 3424 438 esse
3450 378 3710 437 diximus,
3730 392 3811 429 se-

554 516 668 556 tere
699 501 1086 554 dormientibus
1124 500 1428 565 adiunctum
1461 506 1561 549 est.
1596 494 1836 549 Stertere
1866 492 2027 563 igitur
2067 506 2131 545 ac

2238 490 2463 560 paravit,
2496 483 2868 553 pertractanda
2902 478 3135 533 breviter
3163 475 3292 531 mihi
3325 474 3539 527 videtur
3576 471 3814 539 superius

554 594 773 659 vigilare
802 590 1147 660 repugnanti:
1174 599 1318 655 Sunt,
1343 589 1408 641 ab
1433 589 1516 640 bis
1540 588 1609 639 ita
1642 587 1698 639 ﬁt
1724 593 2127 653 argumentum:
2186 588 2193 661 ξ
2237 584 2439 653 digesta
2468 576 2702 649 partitio,
2736 590 2792 627 nt
2816 590 2875 626 ea
2914 588 3032 640 quae
3062 572 3251 623 similia
3286 569 3541 622 videntur
3561 579 3593 617 a
3622 572 3814 617 semoto

556 686 705 738 Tune
746 698 870 737 eum
901 683 1048 737 dicas
1088 683 1329 748 vigilare,
1369 680 1460 749 qui
1510 676 1742 732 stertat?
1791 674 2027 742 Qumstio
2067 673 2135 726 de

2238 674 2369 741 ipsis
2400 671 2609 725 ratione
2648 680 2881 734 congrua
2922 671 3286 733 segregentur.
3316 658 3527 715 Similis
3569 656 3710 708 enim
3739 653 3814 705 vi-

556 778 860 839 accidente,
910 782 1281 845 argumentum
1331 789 1359 826 a
1410 772 1860 841 repugnantibus.
1911 768 2133 821 lllaxima
2191 747 2203 781 ζ’
2238 766 2397 819 detur
2444 763 2591 816 locus
2617 774 2646 812 a
2691 767 2805 811 toto
2834 756 2882 811 ei
2909 755 2999 824 qui
3043 762 3182 808 esta
3213 762 3380 814 nota,
3411 758 3642 815 uterque
3683 747 3813 799 enim

555 871 891 940 prepositio:
928 866 1297 936 ltepuguantia
1336 865 1435 917 sibi
1480 862 1771 917 convenire
1817 876 1922 913 non
1957 874 2137 927 posse.

558 963 727 1015 Causa
765 970 848 1015 est
876 961 1137 1020 efﬁciens,
1177 972 1292 1027 qum
1332 955 1624 1024 quamlibet
1672 968 1785 1007 rem
1832 950 2140 1019 praecedens

561 1053 756 1115 efﬁcit,
800 1066 904 1105 non
955 1061 1170 1112 semper
1219 1060 1476 1117 tempore,
1527 1047 1622 1100 sed
1673 1045 1998 1114 proprietate
2043 1058 2142 1096 na-

563 1156 715 1205 tnrtc,
747 1151 803 1195 ut
831 1141 909 1195 sol
940 1140 1102 1194 diem.
1136 1139 1217 1193 Ab
1251 1140 1347 1191 Itac
1369 1139 1440 1192 ita
1473 1137 1701 1192 sumitur
1728 1143 2098 1203 argumentum
2126 1149 2139 1184 :

563 1234 669 1288 Cur
705 1246 827 1287 esse
864 1230 1077 1284 dubites
1122 1231 1295 1292 diem,
1337 1243 1458 1281 cum
1507 1228 1678 1281 solem
1735 1226 1786 1278 in
1839 1224 1977 1279 ctelo
2024 1238 2144 1277 esse

561 1324 893 1391 conspicias?
922 1321 1161 1389 Quzestio
1202 1321 1270 1375 de
1313 1320 1628 1374 accidente:
1667 1334 1788 1373 nam
1832 1317 1975 1373 diem
2024 1330 2145 1371 esse

565 1418 760 1471 accidit
785 1415 894 1469 aeri
913 1457 925 1476 ,
960 1416 1015 1468 id
1052 1424 1134 1467 est
1162 1429 1281 1467 esse
1308 1422 1526 1482 propter
1555 1412 1724 1465 solem
1753 1411 2022 1473 lucidum;
2056 1426 2144 1461 ar-

564 1518 872 1581 gumentum
913 1508 981 1561 ab
1022 1506 1378 1560 efficientibus
1421 1504 1618 1558 causis.
1670 1503 1895 1556 Maxima
1947 1516 2141 1569 propo-

566 1602 734 1657 sitio:
776 1601 870 1656 Ubi
920 1615 1078 1653 cansa
1136 1608 1257 1662 est,
1311 1597 1433 1651 inde
1486 1597 1734 1650 eﬂ'ectum
1792 1596 1983 1649 abesse
2040 1608 2146 1646 nun

569 1709 747 1763 posse.
793 1692 1047 1747 Effectum
1078 1701 1160 1746 est
1205 1692 1344 1761 quod
1377 1692 1543 1747 efﬁcit
1586 1707 1771 1745 eausa.
1803 1690 1884 1745 Ab
1931 1690 2032 1743 hoc
2078 1691 2147 1742 ita

566 1786 799 1839 sumitur
827 1794 1195 1852 argumentum
1224 1800 1238 1839 :
1276 1788 1356 1838 An
1397 1794 1449 1836 tn
1480 1783 1690 1837 dubites
1722 1798 1953 1842 amasse,
1988 1796 2147 1849 quam

570 1880 779 1948 rapuit?
818 1877 1052 1945 Quirstio
1079 1876 1144 1931 de
1175 1876 1476 1941 accidente,
1522 1886 1895 1945 argumentum
1927 1877 1994 1929 ab
2025 1875 2154 1929 effe-

571 1972 691 2027 ctis.
734 1971 962 2025 Maxima
995 1971 1288 2039 prepositiu
1316 1986 1331 2024 :
1363 1970 1460 2024 Ubi
1508 1969 1730 2024 effectus
1776 1978 1887 2036 est,
1935 1982 2151 2021 causam

572 2066 761 2124 abesse
824 2080 927 2118 non
982 2078 1174 2133 posse,
1223 2064 1386 2118 veluti
1437 2078 1545 2117 non
1612 2061 1782 2115 abfuit
1850 2077 2002 2115 amor
2066 2062 2155 2131 qui

574 2156 675 2210 fuit
718 2170 906 2219 causa,
945 2171 1041 2208 cur
1089 2156 1356 2223 rapuerit,
1399 2152 1544 2223 quod
1587 2162 1669 2206 est
1718 2151 1960 2207 effectus.
1994 2151 2157 2205 Com-

574 2250 779 2317 paratio
823 2264 952 2303 vero
997 2248 1217 2317 majoris
1267 2257 1383 2309 est,
1433 2248 1646 2315 quoties
1703 2246 1753 2299 id
1798 2244 1937 2313 quod
1980 2247 2159 2299 minus

575 2351 659 2396 est
717 2341 902 2407 majori
958 2349 1319 2410 comparatur.
1391 2340 1473 2392 Ab
1529 2338 1631 2393 boc
1685 2338 1802 2391 loco
1862 2338 1930 2389 ita
1988 2339 2160 2391 sumi-

577 2446 665 2488 tur
704 2443 1120 2503 argumentum:
1165 2433 1217 2485 Si
1276 2432 1320 2485 is
1364 2430 1456 2500 qui
1507 2430 1731 2499 patriam
1780 2428 1921 2485 bello
1973 2444 2158 2496 perse-

578 2534 732 2580 cutus
758 2532 843 2578 est
880 2524 1091 2578 tandem
1119 2523 1328 2576 veniam
1358 2523 1553 2576 meruit
1584 2536 1613 2575 a
1658 2521 1899 2583 civibus,
1931 2534 2028 2573 cur
2055 2533 2160 2571 non

579 2620 626 2672 is
645 2632 857 2686 quoque
898 2626 1168 2669 mereatur
1201 2616 1289 2684 qui
1326 2615 1397 2668 ob
1422 2613 1742 2668 seditionem
1782 2620 1981 2665 motam
2014 2620 2165 2664 actus

576 2719 662 2765 est
688 2710 739 2763 in
769 2709 1021 2763 exsilium
1043 2709 1068 2761 τ
1101 2708 1341 2773 Quaestio
1370 2705 1438 2761 de
1462 2705 1757 2771 accidente,
1792 2714 2163 2773 argumentum

504 2852 508 2859 ,
580 2818 612 2857 a
639 2803 1038 2870 comparatione
1069 2801 1308 2868 majoris.
1360 2800 1589 2854 Maxima
1640 2800 1934 2868 propositio
1965 2814 1980 2853 :
2012 2798 2165 2865 Quod

582 2895 637 2950 in
680 2908 741 2947 re
781 2891 986 2960 majore
1016 2891 1194 2955 valet,
1228 2889 1406 2943 valeat
1447 2888 1502 2943 in
1544 2890 1773 2943 minore.
1823 2888 2041 2942 Minoris
2088 2896 2170 2941 est

583 2986 935 3054 comparatio,
960 2985 1169 3051 quoties
1203 2982 1372 3049 major
1404 2997 1493 3034 res
1516 2980 1799 3035 confertur
1824 2978 2015 3032 minori
2042 2995 2055 3041 ;
2084 2988 2167 3033 at-

584 3092 686 3143 que
708 3090 783 3129 ex
811 3090 873 3128 ea
898 3076 1105 3142 capitur
1134 3083 1506 3139 argumentum
1537 3072 1638 3125 hoc
1669 3069 1828 3124 modo
1857 3085 1871 3122 :
1900 3069 1956 3122 Si
1980 3066 2167 3122 Caium

2242 856 2294 909 iu
2324 852 2645 907 diffinitione
2672 857 2756 901 est
2780 852 3123 898 constitutus.
3156 842 3289 896 Nam
3322 837 3705 907 interpretatio
3737 850 3816 887 no-

2242 948 2400 1001 minis
2430 942 2671 1012 quzcdam
2702 939 2872 1008 ipsius
2899 935 3132 989 nominis
3163 932 3419 987 difﬁnitio
3448 940 3554 983 est.
3585 926 3693 982 Sed
3738 926 3816 979 illa

2243 1052 2427 1091 eorum
2459 1032 2685 1087 maxima
2718 1042 2799 1083 est
2828 1025 3152 1086 differentia,
3182 1027 3306 1092 quia
3335 1024 3487 1077 locus
3516 1036 3549 1073 a
3576 1029 3689 1073 toto
3714 1033 3817 1071 rent

2244 1129 2477 1191 difﬁnit;
2510 1144 2540 1179 tt
2571 1134 2696 1179 nota
2725 1135 2855 1174 vero
2880 1134 2991 1174 rem
3018 1133 3124 1171 non
3146 1116 3364 1181 difﬁnit,
3397 1114 3492 1169 sed
3527 1126 3723 1165 nomen
3748 1111 3821 1162 io-

2246 1229 2590 1291 terpretatur.
2641 1215 2858 1268 Diversa
2898 1224 3031 1263 vero
3066 1217 3195 1262 sunt
3242 1222 3331 1259 res
3375 1220 3438 1259 ac
3470 1217 3690 1256 nomen.
3725 1201 3827 1253 lloc

2246 1317 2390 1369 enim
2418 1310 2724 1381 signiﬁcat,
2772 1306 2866 1359 illa
2915 1300 3266 1372 significatur.
3297 1298 3428 1353 Item
3462 1299 3616 1349 lous
3654 1309 3685 1346 a
3714 1306 3831 1362 par-

2248 1408 2380 1459 tium
2406 1397 2817 1459 enumeratione
2840 1393 3138 1449 consimilis
3165 1393 3379 1446 videtur
3403 1404 3528 1444 esse
3555 1388 3609 1440 ei
3635 1386 3832 1463 quiest

2249 1489 2499 1553 a'forma.
2530 1495 2660 1549 Nam
2686 1502 2741 1545 et
2764 1488 2933 1543 forma
2961 1501 3086 1556 pars
3109 1494 3213 1547 est.
3237 1493 3292 1537 et
3327 1481 3416 1553 qui
3446 1493 3623 1549 genus
3653 1477 3834 1531 dividit

2248 1601 2529 1649 enumerat
2560 1598 2757 1659 partes,
2789 1596 2964 1652 neque
3008 1581 3163 1635 aliter
3196 1578 3309 1633 ﬁeri
3359 1591 3426 1631 ea
3458 1575 3636 1628 forma
3685 1585 3837 1638 argu-

2254 1698 2494 1741 mentum
2527 1690 2705 1753 potest
2730 1680 2833 1733 nisi
2865 1676 3134 1732 dividatur
3175 1687 3206 1726 a
3254 1682 3496 1741 genere;
3528 1664 3669 1721 sumi
3700 1662 3837 1716 enim

2180 1770 2230 1830 Β
2256 1781 2476 1835 cumino
2505 1779 2675 1832 forma
2709 1790 2815 1830 non
2841 1783 3051 1846 potest.
3082 1769 3183 1824 nisi
3222 1781 3318 1835 per
3342 1762 3690 1817 divisionem.
3738 1754 3839 1811 Sed

2260 1874 2347 1928 hic
2378 1887 2593 1941 quoque
2621 1870 2785 1922 multa
2815 1882 2896 1923 eat
2919 1861 3217 1921 differentia
3247 1876 3262 1912 :
3295 1871 3419 1912 nam
3448 1854 3687 1924 partium
3714 1865 3842 1904 enu-

2258 1966 2483 2021 meratio
2511 1972 2649 2017 totas
2673 1974 2897 2016 necesse
2923 1965 3009 2013 est
3051 1963 3109 2008 ut
3151 1950 3352 2006 dividat
3380 1956 3600 2016 partes,
3649 1956 3845 2008 easque

2259 2059 2535 2113 universas
2576 2056 2640 2110 ad
2694 2054 2848 2109 fidem
2901 2042 3389 2121 argumentationis
3426 2044 3696 2099 assumat,
3736 2038 3846 2088 sive

2258 2152 2365 2206 illa:
2396 2159 2597 2217 partes,
2628 2148 2743 2200 sive
2789 2145 2893 2199 illa:
2924 2145 3031 2196 sint
3072 2141 3281 2207 species
3301 2176 3315 2200 ,
3347 2143 3405 2187 ut
3433 2146 3611 2200 genus
3634 2127 3847 2195 quidem

2258 2240 2564 2310 speciebus,
2587 2247 2759 2292 totum
2788 2234 2913 2289 vero
2938 2231 3177 2301 partibus
3210 2228 3559 2296 approbetur.
3588 2219 3652 2274 lu
3681 2218 3848 2272 forma

2261 2350 2390 2388 vero
2420 2332 2616 2387 sufﬁcit
2647 2330 2711 2383 ad
2755 2322 3233 2383 demonstrandum
3266 2317 3404 2389 quod
3430 2317 3502 2369 de
3527 2327 3737 2384 genere
3777 2311 3851 2363 di-

2263 2428 2401 2480 citur
2425 2440 2530 2478 una
2570 2421 2843 2492 qumlibet.
2883 2420 3011 2472 Item
3055 2416 3204 2469 locus
3244 2427 3274 2465 a
3301 2409 3579 2463 contrario
3611 2415 3670 2458 et
3708 2418 3852 2469 repu-

2262 2518 2547 2585 gnantibus
2597 2514 2804 2567 videtur
2844 2525 2966 2565 cs~e
3009 2505 3327 2569 consimilis,
3368 2501 3464 2556 sed
3510 2498 3683 2553 habet
3710 2496 3851 2551 diue

2266 2611 2519 2671 tentiam,
2549 2606 2673 2675 quia
2704 2603 2972 2659 contraria
3008 2600 3191 2670 primis
3218 2596 3434 2650 sibimet
3454 2592 3740 2646 frontibus
3768 2603 3853 2653 0p-

2271 2711 2561 2769 pnnuutur.
2595 2696 2965 2765 lit-pugnantia
2993 2707 3121 2747 vero
3149 2705 3245 2760 per
3264 2686 3710 2755 conjunctionem
3739 2696 3855 2734 cou-

2271 2796 2551 2848 trariorum
2593 2788 2695 2844 sibi
2748 2789 3044 2857 probantur
3088 2783 3347 2842 adversa,
3400 2790 3459 2831 ut
3506 2775 3758 2829 dormire
3806 2786 3857 2827 κ

2271 2885 2491 2953 vigilare
2529 2882 2708 2935 Statim
2739 2878 2839 2932 sibi
2868 2876 3138 2931 contraria
3164 2884 3310 2928 sunt.
3339 2872 3586 2925 Stertere
3624 2880 3761 2920 vero
3782 2879 3861 2919 re-

2273 2988 2473 3048 pugnat
2509 2974 2808 3044 vigilationi
2859 2971 3061 3025 idcirco
3106 2969 3227 3035 quia
3278 2980 3468 3018 somno
3496 2960 3861 3029 conjungitur.

2277 3073 2537 3141 Adjuncta
2563 3084 2689 3121 vero
2718 3076 2768 3118 et
2807 3062 3178 3118 antecedentia
3213 3068 3267 3111 t-t
3292 3055 3693 3123 Consequentia
3723 3050 3863 3119 quasi

585 3166 885 3221 Gracchum
942 3165 1285 3219 mediocriter
1344 3162 1756 3218 labefactantem
1813 3171 2011 3216 statum
2064 3145 2243 3213 rei-C
2277 3167 2498 3219 [summa
2528 3171 2673 3216 sum.
2707 3159 2814 3217 Sed
2858 3158 3089 3220 distant,
3132 3155 3271 3222 quod
3314 3153 3366 3206 in
3410 3149 3688 3219 adjunctis
3728 3144 3865 3199 nulla

589 3257 815 3324 publica:
838 3257 1018 3323 Scipio
1060 3256 1297 3324 privatus
1328 3256 1608 3321 interfecit,
1636 3270 1734 3309 cur
1759 3268 1865 3309 non
1890 3254 2169 3309 Catilinam

590 3350 771 3403 orbem
800 3358 958 3402 terrm
985 3347 1133 3402 caede
1160 3356 1318 3416 atque
1351 3346 1599 3401 incendio
1622 3356 1840 3400 vastare
1867 3345 2171 3414 cupientem

590 3439 842 3494 consules
869 3438 1296 3507 persequantur?
1324 3438 1561 3506 Quaestio
1588 3440 1654 3491 de
1682 3438 1981 3499 accidente,
2014 3454 2171 3506 argu-

591 3540 827 3586 mentum
844 3546 874 3585 a
891 3532 1291 3596 comparatione
1313 3531 1558 3585 minoris.
1588 3532 1811 3585 Maxima
1840 3532 2132 3602 propositio
2157 3550 2170 3584 :

590 3626 745 3692 Quod
759 3626 819 3679 .in
836 3641 895 3679 re
920 3624 1129 3679 minore
1151 3625 1311 3688 valet,
1337 3626 1513 3679 valeat
1540 3625 1592 3679 in
1620 3627 1847 3696 majore.
1872 3628 2025 3681 Paria
2051 3635 2178 3680 sunt

593 3733 714 3789 qua)
738 3719 978 3788 ejusdem
1001 3719 1490 3791 quantitatis'sunt,
1522 3728 1576 3773 et
1606 3735 1825 3787 semper
1856 3723 2053 3788 paritas
2097 3721 2176 3775 si-

582 3810 838 3863 militudo
868 3818 952 3862 eat
974 3809 1310 3876 quantitatis.
1337 3810 1419 3862 Ab
1442 3810 1543 3863 hac
1570 3812 1639 3863 ita
1675 3811 1732 3864 ﬁt
1765 3822 2134 3881 argumentum
2161 3827 2176 3865 :

583 3901 653 3954 ‘Si
684 3899 1089 3953 Demosthenem
1117 3899 1235 3968 quis
1268 3899 1488 3952 laudare
1512 3899 1807 3959 desiderat,
1842 3916 1938 3953 cur
1967 3906 2178 3969 vitupe-

598 3999 682 4042 ret
707 3988 975 4043 Tullium?
1005 3988 1240 4055 Quaestio
1282 3989 1350 4042 de
1397 3979 1698 4054 accidente,
1741 4001 2116 4060 argumentum
2149 4009 2177 4047 a

594 4079 995 4146 comparatione
1042 4077 1267 4145 parium.
1315 4078 1543 4131 Maxima
1595 4079 1930 4147 propositio:
1967 4082 2179 4134 Parium

602 4170 741 4224 idetn
768 4184 886 4224 esse
903 4169 1182 4238 judicium.
1210 4169 1396 4224 Restat
1420 4170 1464 4224 is
1483 4170 1635 4225 iocus
1658 4187 1817 4241 quem
1842 4174 2181 4229 extrinsecus

602 4262 737 4316 dixit
757 4262 979 4326 assumi,
1005 4262 1299 4329 hicjudicio
1322 4264 1509 4317 nititur
1531 4273 1585 4317 et
1604 4266 1940 4330 auctoritate,
1967 4279 2015 4319 et
2042 4276 2184 4320 totus

573 4354 896 4425 probabilis
921 4364 1021 4417 est,
1057 4354 1184 4407 nihil
1218 4357 1503 4408 continens
1535 4357 1919 4410 necessarium.
1976 4357 2182 4412 Proba-

575 4448 713 4501 ~bile
749 4453 925 4499 autem
953 4453 1037 4498 est
1066 4445 1206 4512 quod
1241 4446 1448 4501 videtur
1479 4449 1558 4500 vel
1594 4448 1868 4510 omnibus,
1905 4449 1993 4503 vei
2022 4450 2185 4519 pluri-

2276 3268 2358 3313 est
2390 3256 2706 3318 necessitas,
2735 3253 2787 3305 in
2823 3248 3266 3304 antecedentibus
3294 3259 3423 3298 vero
3447 3254 3501 3298 et
3528 3253 3867 3309 consequen-

2280 3350 2419 3404 tibus
2465 3346 2727 3407 maxima;
2775 3345 2827 3397 in
2875 3341 3141 3411 adjunctis
3185 3353 3313 3392 vero
3358 3348 3603 3402 tempora
3644 3333 3869 3386 nimium

2274 3444 2477 3496 valent.
2494 3440 2624 3494 Nam
2640 3437 2778 3507 quod
2792 3435 3099 3503 adjunctum
3126 3442 3227 3495 est,
3256 3431 3305 3484 id
3323 3430 3405 3483 vel
3430 3426 3743 3499 praecedere
3769 3439 3872 3478 rem

2288 3536 2442 3597 solet,
2474 3532 2559 3585 vel
2591 3547 2710 3587 cum
2757 3543 2817 3581 ea
2866 3542 2972 3581 uno
2997 3525 3295 3593 eodemque
3341 3530 3586 3588 tempore
3615 3532 3762 3579 esse,
3792 3518 3875 3569 re!

2280 3626 2537 3692 subsequi
2563 3626 2851 3693 posto-rius.
2881 3623 2949 3675 At
2979 3620 3032 3674 in
3059 3611 3659 3671 autecedentibnsnibil
3683 3613 3874 3663 horum

2280 3731 2385 3784 cst,
2415 3718 2507 3773 sed
2541 3733 2645 3771 non
2677 3714 2854 3769 habita
2894 3710 3156 3779 temporis
3203 3710 3412 3763 ratione
3444 3720 3569 3759 mox
3612 3714 3670 3755 ut
3718 3701 3877 3755 fuerit

2283 3812 2630 3875 antecedens,
2662 3821 2998 3877 consequens
3025 3819 3146 3859 esse
3177 3815 3398 3857 necesse
3426 3808 3540 3861 est,
3578 3807 3634 3851 et
3669 3799 3717 3849 si
3748 3810 3879 3849 con-

2283 3915 2517 3973 sequens
2544 3915 2650 3955 non
2682 3898 2865 3962 fuerit,
2899 3896 3228 3951 antecedens
3264 3906 3486 3947 necesse
3514 3899 3601 3944 est
3627 3889 3871 3943 interire.

2284 3997 2362 4051 Ac
2382 3996 2449 4051 de
2480 3993 2549 4048 Μ.
2580 3992 2740 4046 Tullii
2772 3990 2902 4044 locis
2933 3988 3264 4044 sufficienter
3286 3985 3486 4039 dictum
3513 3993 3619 4045 est,
3643 3996 3791 4036 nunc
3814 3979 3880 4031 ad

2285 4083 2568 4141 Themistii
2599 4081 2917 4137 divisionem
2950 4077 3262 4142 redeamus,
3293 4085 3350 4129 ut
3376 4073 3649 4145 quomodo
3673 4072 3778 4125 sibi
3802 4087 3883 4123 su-

2286 4179 2468 4247 perius
2496 4175 2717 4245 digesta:
2747 4172 3060 4243 partitiones
3091 4169 3396 4224 consentire
3445 4167 3655 4234 possint
3702 4164 3881 4219 brevi-

2284 4281 2370 4328 ter
2399 4270 2725 4340 explicemus
2747 4312 2761 4333 ,
2794 4281 2857 4320 ac
2889 4265 3119 4334 primum
3142 4264 3355 4333 quidem
3386 4261 3551 4315 totius
3582 4259 3884 4329 partitionis

2288 4364 2646 4418 communiter
2674 4356 3003 4412 differentias
3032 4355 3366 4424 colligamus;
3394 4340 3679 4420 Βορεὲίοἵ
3696 4350 3886 4404 divisio

2291 4455 2473 4509 docuit
2507 4454 2641 4506 alios
2670 4448 2953 4505 Themistii
2984 4461 3104 4527 esse
3131 4448 3278 4500 lucos
3324 4444 3410 4515 qui
3441 4445 3493 4497 iu
3531 4443 3671 4509 ipsis
3706 4444 3886 4495 terrui-

607 4540 738 4604 bus,
768 4537 852 4592 vel
879 4536 1049 4592 doctis
1077 4549 1131 4592 et
1163 4538 1511 4605 sapientibus,
1540 4549 1593 4591 et
1621 4539 1759 4593 inter
1790 4539 1888 4592 hos
1917 4518 2076 4595 claris
2109 4550 2189 4595 at-
2217 4518 2269 4577 Β
2300 4547 2383 4600 nis
2408 4546 2477 4600 de
2520 4545 2713 4611 quibus
2740 4519 2995 4611 qurerilur
3023 4542 3223 4601 insunt,
3257 4537 3391 4590 alios
3420 4536 3511 4605 qui
3546 4537 3887 4590 extrinsecus

574 4648 711 4703 vque
738 4630 1136 4701 prtestantibus,
1168 4634 1247 4684 vel
1284 4630 1367 4684 bis
1398 4633 1486 4699 qui
1517 4633 1811 4685 secundum
1837 4648 2189 4702 unamquam-

607 4738 714 4793 que
729 4732 899 4777 artem
921 4720 1165 4790 peritiam
1186 4722 1457 4775 consecuti
1480 4732 1623 4787 sunt,
1646 4731 1701 4774 ut
1719 4722 1925 4777 medico
1946 4725 1996 4776 in
2026 4725 2194 4777 medi-

584 4816 752 4883 «cina,
778 4822 1072 4889 geometra;
1093 4814 1145 4866 in
1183 4816 1499 4883 geometria.
1543 4816 1625 4869 Ab
1670 4820 1769 4869 lioc
1814 4821 1932 4873 loco
1980 4819 2083 4873 tale
2109 4820 2196 4873 est

590 4914 1009 4975 argumentum,
1039 4905 1201 4959 veluti
1232 4906 1276 4959 si
1302 4905 1474 4961 dicam
1512 4925 1524 4958 :
1559 4907 1784 4963 Difﬁcile
1812 4919 1895 4965 est
1921 4925 2041 4965 cum
2065 4911 2196 4966 Car-

596 4998 1018 5069 thaginensibus
1049 4998 1242 5052 bellum
1272 5014 1488 5066 gerere,
1523 5001 1771 5068 quoniam
1825 5002 1876 5055 id
1926 5003 1984 5056 P.
2016 5002 2199 5073 Scipio

616 5090 897 5145 Cornelius
927 5089 1208 5143 Africanus
1237 5090 1393 5156 dixit,
1423 5093 1509 5161 qui
1534 5107 1677 5160 szepe
1707 5094 1882 5147 fuerat
1926 5108 2199 5163 expertus.

623 5184 719 5237 lbc
747 5196 881 5236 vero
920 5181 1067 5235 locus
1090 5182 1429 5236 extrinsecus
1454 5183 1650 5237 dicitur
1683 5187 2038 5249 constitutus,
2067 5201 2203 5255 quo-

616 5277 764 5328 niam
793 5288 901 5327 non
927 5273 997 5327 de
1036 5274 1119 5326 bis
1149 5274 1239 5341 qui
1270 5274 1541 5341 praedicati
1571 5275 1654 5329 vel
1679 5277 1906 5343 subjecti
1938 5288 2062 5329 sunt
2093 5286 2205 5331 ter-

627 5365 753 5418 mini
794 5367 1048 5430 sumitur,
1084 5365 1178 5419 sed
1218 5365 1286 5419 ab
1313 5366 1647 5421 extrinsecus
1680 5372 1851 5436 posito
1882 5367 2089 5437 judicio
2117 5385 2207 5424 ve-

620 5462 736 5523 nit;
779 5458 867 5512 bic
908 5460 1068 5512 etiam
1111 5458 1464 5514 inartificialis
1493 5466 1547 5512 et
1572 5462 1929 5529 artisexpers
1958 5470 2203 5529 vocatur,

628 5552 881 5619 quoniam
910 5566 1014 5604 non
1037 5550 1137 5604 sibi
1169 5551 1294 5605 binc
1316 5553 1429 5620 ipse
1449 5551 1665 5605 conﬁcit
1687 5548 2062 5622 argumentum
2089 5569 2211 5607 ora-

632 5656 740 5705 tor,
782 5644 874 5697 sed
917 5644 1147 5710 peractis
1192 5645 1485 5713 positisque
1516 5644 1681 5698 utitur
1729 5645 2065 5698 testimoniis.
2103 5647 2211 5701 Ex-

632 5734 831 5800 peditis
869 5736 1029 5805 igitur
1058 5734 1130 5791 tl.
1177 5735 1333 5791 Tullii
1379 5734 1696 5792 differentiis
1732 5735 1923 5806 quibus
1956 5737 2069 5807 ipse
2097 5751 2123 5791 a
2150 5753 2213 5793 se

2301 4642 2666 4696 assumuntur,
2699 4634 2831 4686 alios
2876 4633 2963 4700 qui
2988 4632 3137 4684 inter
3171 4640 3432 4697 utrosque
3476 4636 3797 4689 versantur,
3838 4631 3885 4672 δι

2292 4731 2555 4785 bictrina
2599 4728 2925 4796 intelligatur
2954 4724 3168 4777 divisio.
3221 4724 3291 4776 At
3348 4721 3420 4775 M.
3475 4718 3642 4773 Tullii
3702 4716 3886 4769 divisio

2304 4822 2453 4876 locus
2482 4821 2723 4875 bifariam
2765 4817 3017 4872 ostendit.
3076 4817 3222 4869 Alios
3265 4813 3408 4881 enim
3458 4811 3510 4864 iu
3560 4823 3629 4861 co
3682 4808 3800 4876 ipso
3828 4804 3887 4856 de

2306 4928 2411 4981 quo
2440 4912 2614 4981 agitur
2656 4910 2864 4963 lucrere
2911 4907 3195 4978 proponit,
3241 4906 3376 4959 alios
3421 4901 3772 4954 extrinsecus
3815 4913 3889 4950 εει

2295 5006 2467 5059 sumi.
2500 5004 2600 5057 llic
2630 5004 2790 5072 igitur
2816 5016 3004 5056 omnes
3032 5015 3126 5055 eos
3156 5000 3324 5061 locos,
3355 5011 3491 5066 quos
3516 4996 3739 5048 medios
3757 4994 3886 5047 The.

2305 5099 2515 5152 mistius
2540 5096 2839 5166 proposuit,
2874 5095 2958 5148 bis
2986 5094 3245 5164 applicuit
3278 5101 3438 5158 atque
3485 5089 3779 5158 conjunxit
3810 5086 3883 5155 qui

2308 5188 2512 5263 suntin
2543 5189 2672 5258 ipsis
2701 5188 2768 5241 de
2813 5185 3007 5257 quibus
3062 5187 3235 5255 agitur
3284 5182 3531 5237 terminis
3584 5181 3885 5235 constituti.

2298 5270 2364 5336 l'ct
2384 5280 2737 5335 communiter
2758 5279 2971 5348 quidem
3006 5278 3126 5330 talis
3161 5276 3484 5329 divisionum
3528 5284 3616 5327 est
3647 5273 3891 5326 differen-

2317 5374 2385 5426 tia
2410 5414 2425 5437 ,
2458 5388 2574 5440 qua:
2601 5369 2797 5424 clarius
2823 5368 3121 5437 apparebit,
3161 5368 3205 5421 si
3246 5365 3451 5435 singula
3488 5376 3889 5433 persequamur.

2320 5464 2424 5517 Eos
2452 5463 2611 5532 igitur
2638 5462 2785 5515 locos
2804 5502 2817 5525 ,
2850 5460 2939 5529 qui
2969 5459 3130 5528 positi
3158 5466 3282 5511 sunt
3302 5459 3355 5510 in
3391 5457 3660 5517 terminis,
3689 5455 3758 5509 de
3780 5460 3893 5521 qui-

2313 5558 2419 5613 bus
2459 5557 2511 5610 in
2557 5556 2852 5624 qurcstione
2896 5552 3188 5617 dubitatur,
3223 5551 3399 5620 priore
3431 5549 3727 5618 partitione
3755 5547 3892 5601 Theo

2320 5650 2550 5713 mistius,
2585 5658 2694 5701 tum
2736 5648 2787 5700 in
2814 5644 3106 5700 substantia
3131 5645 3331 5715 posuit,
3360 5654 3472 5696 tum
3505 5644 3558 5695 in
3588 5640 3891 5696 substanti:

2322 5740 2722 5808 consequentia.
2771 5741 2829 5791 tu
2878 5737 3172 5793 substantia
3217 5744 3341 5791 sunt
3384 5732 3669 5798 difﬁnitio,
3704 5730 3893 5786 deseri-
