4036 6336
275 238 409 321 teet
444 248 451 251 ’

1285 269 1372 323 DE
1418 269 1891 326 DIFFERENTIIS
1929 270 2210 327 TOl‘lClS.
2253 270 2379 325 LIB.
2423 269 2510 323 Ill.

3405 267 3543 325 ηοξ

272 380 417 448 ptio,
450 378 683 433 nominis
711 378 1100 447 interpretatio.
1142 379 1467 444 substantia:
1499 397 1625 435 vero
1655 396 1847 437 conse-
1886 382 2220 444 A-ltabeutes
2264 383 2539 453 angulum,
2582 396 2703 451 qua:
2747 379 3085 450 orthogoniae
3141 391 3538 450 nuncupantur,

270 468 491 539 quentia
521 481 647 524 sunt
674 483 865 538 genus,
897 479 1090 535 totum,
1120 469 1349 541 species,
1382 486 1524 541 pars,
1548 487 1709 527 causa
1739 472 1857 531 eme

271 514 491 539 .,..-..-.,.
521 514 647 524 η..-
674 514 865 538 υ-..--,
899 514 1090 535 .ν.η...,
1120 514 1349 541 Ἵππων,
1383 514 1524 541 ,,.....,
1549 514 1709 527 νην..
1740 514 1823 528 ν...

270 563 442 626 cicius,
467 562 713 625 materia,
736 561 929 630 forma,
952 563 1196 629 effectus,
1220 566 1513 633 eorruptiu,
1540 564 1681 632 linis,
1702 514 1865 643 usus.)

269 653 635 708 communiter
655 653 973 708 accidentia.
1000 656 1103 709 Eos
1127 670 1258 710 vero
1283 657 1377 726 qui
1405 656 1739 711 extrinsecus
1768 654 1861 711 as-i

269 752 578 809 sumuntur,
614 756 724 797 tum
753 746 806 798 in
834 744 1057 813 judicio,
1093 753 1202 799 tum
1233 746 1293 800 in
1330 747 1705 816 similitudine,
1740 757 1855 805 tum

270 834 325 886 in
354 833 671 903 quantitatis
699 835 1119 904 comparatione,
1150 847 1259 890 tum
1284 837 1337 891 in
1359 839 1717 906 oppositione,
1742 850 1853 894 tum

269 922 324 976 in
388 924 770 993 proportione,
824 934 933 979 tum
985 926 1036 979 in
1086 927 1516 996 transumptione
1565 931 1854 1000 separavit.

268 1017 418 1080 Quos
448 1028 575 1069 vero
618 1014 757 1068 inter
788 1027 1041 1085 utrosque
1087 1019 1262 1084 posuit
1288 1056 1307 1084 ,
1335 1018 1434 1072 hos
1463 1019 1517 1072 in
1561 1020 1774 1076 casibus
1804 1029 1858 1075 et

268 1107 572 1177 coniugatis
620 1117 675 1162 et
723 1107 992 1164 divisione
1039 1112 1336 1166 constituit.
1380 1111 1487 1168 Sed
1535 1113 1605 1168 M.
1649 1113 1858 1168 Tullius

267 1213 366 1253 eos
389 1199 479 1268 qui
508 1199 560 1252 in
590 1197 706 1266 ipso
743 1210 867 1253 sunt
908 1200 974 1254 de
1002 1216 1108 1271 quo
1150 1202 1406 1272 quaeritur
1433 1243 1451 1268 ,
1481 1213 1591 1259 tum
1627 1219 1692 1259 ex
1723 1212 1855 1268 toto,

270 1296 386 1341 tum
417 1302 482 1341 ex
513 1288 752 1356 partibus
782 1288 920 1358 ejus,
948 1298 1059 1343 tum
1091 1305 1158 1345 ex
1195 1301 1339 1357 nota,
1364 1301 1475 1346 tum
1498 1307 1564 1347 ex
1590 1293 1673 1348 bis
1699 1296 1860 1349 rebus

268 1393 389 1430 uuae
429 1377 827 1444 quodammodo
854 1378 1063 1435 aﬂ‘ecta:
1106 1392 1233 1435 sunt
1261 1382 1326 1437 ad
1359 1383 1413 1437 id
1461 1384 1529 1439 de
1567 1401 1672 1454 quo
1714 1402 1862 1457 qua:-

270 1481 407 1523 rttnr
435 1472 630 1537 posuit.
654 1471 771 1539 ipsa
795 1487 923 1526 vero
949 1488 1069 1543 quat
1094 1473 1282 1528 affecta
1311 1485 1435 1530 sunt
1464 1477 1752 1531 multifaria
1777 1478 1860 1532 di-

269 1562 483 1617 visione
532 1565 756 1632 partitus
797 1575 898 1628 cst,
935 1566 1110 1618 solum
1146 1581 1274 1619 vero
1310 1568 1568 1637 judicium
1599 1570 1864 1625 extrinse-

269 1671 368 1710 cus
395 1656 715 1724 segregavit,
748 1656 1034 1724 pluresque
1066 1667 1243 1726 partes
1270 1674 1456 1713 eorum
1482 1674 1601 1730 quae
1634 1660 1686 1715 in
1720 1661 1861 1715 divi-

1959 477 2092 530 alias
2124 476 2266 529 dicat
2311 476 2482 529 tribus
2510 475 2679 529 acutis
2710 473 2921 544 angulis
2947 473 3235 539 contineri,
3268 489 3387 541 qua:
3415 485 3534 528 sunt

1958 567 2262 637 oxygooim,
2296 565 2426 620 alias
2452 566 2505 619 in
2529 565 2777 619 obtusum
2809 564 3061 634 angulum
3089 562 3254 628 tendi,
3278 578 3396 632 quae
3418 573 3538 616 sunt

1958 656 2319 725 ambligoniae.
2361 656 2591 710 Necesse
2629 661 2713 709 est
2753 655 2914 724 igitur
2954 662 3015 708 ut
3059 661 3303 723 utraeque
3331 653 3431 705 sibi
3461 652 3538 706 di-

1957 763 2113 803 versa
2167 747 2394 815 partium
2444 746 2651 801 ratione
2697 746 3039 801 conveniant.
3087 744 3219 799 Nam
3270 744 3410 814 quod
3461 755 3545 799 est

1959 837 2335 908 orthogonium
2356 877 2371 900 ,
2408 837 2457 890 id
2489 851 2702 905 semper
2722 838 2809 890 vel
2836 836 3043 892 duobus
3078 834 3335 891 lateribus
3365 851 3545 905 mqua-

1959 930 2099 986 libus
2126 927 2467 990 continetur,
2518 927 2602 981 vel
2653 926 2824 981 tribus
2856 925 3227 996 inaequalibus.
3261 925 3364 979 Sed
3395 926 3538 993 qnod

1958 1031 2042 1078 est
2068 1019 2473 1089 ambligooium,
2497 1017 2549 1072 id
2580 1018 2663 1072 vel
2695 1018 2903 1072 duobus
2944 1018 3203 1073 lateribus
3234 1017 3561 1072 continetur"

1959 1113 2274 1184 mqualibus,
2326 1110 2410 1165 vel
2459 1109 2631 1164 tribus
2677 1108 3051 1175 inaequalibus.
3089 1106 3195 1163 Sed
3251 1107 3392 1177 quod
3453 1119 3540 1158 est

1961 1205 2304 1277 oxygonium,
2354 1203 2407 1256 id
2446 1201 2534 1257 vel
2580 1201 2751 1256 tribus
2790 1200 3047 1255 lateribus
3092 1200 3411 1269 aequalibus,
3457 1200 3545 1251 vel

1961 1298 2171 1353 duobus
2198 1293 2550 1365 inmqualibus
2576 1290 2903 1347 continetur.
2956 1290 3160 1345 Rursus
3196 1289 3248 1344 id
3284 1288 3427 1361 quod
3462 1301 3546 1341 est

1964 1389 2333 1460 :rquilaterum
2382 1399 2597 1453 semper
2625 1393 2709 1438 est
2735 1382 3096 1453 oxygonium,
3126 1381 3181 1435 id
3226 1397 3357 1435 vero
3401 1380 3551 1451 quod

1962 1479 2173 1534 duobus
2198 1476 2491 1546 aequalibus
2521 1474 2779 1529 lateribus
2807 1472 3113 1528 continetur
3132 1512 3148 1537 ,
3178 1472 3261 1527 vel
3294 1473 3545 1541 orthogo-

1964 1572 2134 1639 nium,
2168 1570 2250 1623 vel
2272 1568 2681 1638 ambligonium,
2715 1566 2797 1621 vel
2828 1564 3157 1636 oxygonium
3187 1580 3307 1618 esse
3342 1572 3541 1633 potest.

1964 1661 2117 1728 Quod
2147 1676 2275 1714 vero
2321 1658 2494 1712 tribus
2533 1655 2883 1725 inaequalibus
2923 1655 3233 1709 continetur
3266 1654 3543 1715 lateribus,

269 1749 422 1802 sione
451 1748 729 1803 Tltentistii
766 1750 937 1818 posita
962 1760 1084 1803 sunt
1110 1750 1424 1806 substantiae
1451 1755 1857 1823 consequentia.
1892 1760 1937 1819 Β
1964 1753 2050 1808 vel
2075 1749 2476 1817 orthogonium,
2502 1747 2587 1802 vel
2619 1747 3001 1815 ambligonium
3031 1760 3152 1800 esse
3181 1760 3407 1799 necesse
3440 1756 3546 1799 est.

272 1842 512 1909 Itemque
534 1840 684 1893 locos
704 1841 908 1894 medios
934 1841 1077 1896 inter
1097 1841 1286 1897 aliecta
1310 1844 1631 1900 numeravit.
1662 1843 1719 1899 in
1746 1854 1853 1899 tam

269 1947 403 1987 vero
432 1930 579 1986 varia
602 1931 865 1987 divisione
894 1948 1119 1988 necesse
1144 1944 1227 1989 est
1257 1943 1315 1988 ut
1344 1944 1586 2005 utrmque
1618 1936 1721 1992 sibi
1752 1952 1857 1992 non

270 2027 458 2083 eadem
495 2034 645 2095 parte
668 2027 1010 2082 conveniant.
1060 2027 1113 2082 Id
1159 2045 1287 2083 vero
1336 2029 1388 2083 in
1437 2032 1642 2085 cunctis
1673 2032 1859 2087 multi-

268 2118 483 2187 pliciter
529 2116 716 2171 divisis
764 2118 876 2171 ﬁeri
922 2128 1135 2187 potest,
1196 2120 1347 2173 velut
1388 2120 1433 2174 si
1492 2122 1612 2191 quis
1657 2121 1861 2177 dividat

266 2205 660 2277 triangulorutn
708 2205 907 2260 formas
947 2207 1026 2262 sic
1067 2223 1081 2264 :
1128 2208 1515 2277 triangulorum
1566 2209 1685 2264 alia:
1735 2220 1861 2266 sunt

266 2295 598 2364 tequilaterte
634 2294 819 2350 formae
840 2336 855 2359 ,
888 2297 1007 2351 alite
1033 2297 1140 2351 duo
1168 2308 1372 2352 tantum
1404 2299 1573 2355 latera
1598 2302 1857 2359 habentes

266 2386 518 2455 aequalia.
537 2387 655 2439 aliae
678 2401 804 2441 vero
821 2387 947 2442 telis
973 2388 1330 2458 inaequalibus
1355 2390 1613 2447 lateribus
1634 2394 1859 2462 juncta).

270 2473 478 2533 Rursus
507 2476 577 2533 sit
606 2477 703 2531 ista
740 2478 933 2534 divisio
963 2495 977 2534 :
1012 2490 1070 2534 ut
1098 2480 1231 2538 alias
1259 2481 1403 2537 dicat
1431 2482 1626 2553 aliquis
1656 2494 1860 2539 rectum

1968 1844 2287 1901 Secundum.
2323 1840 2482 1911 igitur
2533 1840 2675 1893 hunc
2719 1837 2937 1893 modum
2980 1848 3226 1891 rnnctam
3271 1837 3340 1891 Μ.
3387 1836 3547 1893 Tullii

1969 1946 2130 2005 atque
2172 1929 2804 1989 Tltemistiiadivisionem
2847 1945 2879 1983 a
2927 1929 3190 1997 principio
3220 1930 3417 1997 pariter
3460 1943 3547 1981 or.

1968 2028 2208 2090 dientes,
2242 2023 2472 2079 invicem
2500 2022 2718 2076 sibimet
2748 2022 2983 2075 clausam
3015 2035 3135 2075 esse
3166 2028 3546 2083 monstremus,

1968 2118 2023 2174 in
2067 2118 2261 2187 quibus
2298 2117 2548 2170 omnibus
2595 2124 2650 2169 ct
2691 2113 3062 2182 exemplorum
3092 2122 3145 2167 et
3184 2113 3547 2182 intelligentia:

1969 2212 2216 2281 superius
2238 2208 2499 2278 expeditae
2526 2220 2763 2277 prmsens
2788 2204 2947 2259 debet
2966 2220 3085 2258 esse
3117 2203 3396 2257 memoria.
3430 2204 3548 2259 Dis.

1971 2317 2233 2372 ponamus
2283 2301 2442 2368 igitur
2483 2312 2699 2351 omnem
2744 2295 3024 2350 Themistii
3082 2293 3450 2362 divisionem,
3492 2305 3548 2350 et

1971 2404 2092 2464 post
2140 2394 2277 2446 lianc
2322 2390 2641 2460 subjiciatur
2687 2388 2925 2443 Tulliana
2968 2387 3216 2456 partitio,
3251 2396 3307 2441 ut
3334 2402 3397 2441 ea
3429 2404 3547 2456 qu:e

1970 2486 2195 2540 dicenda
2228 2496 2351 2539 sunt
2381 2485 2613 2554 apertius
2645 2482 2815 2536 oculis
2842 2480 3082 2550 subjecta
3115 2481 3438 2536 clarescant.

1641 2594 1924 2650 Tltemistii
1963 2597 2176 2652 divisio.

1658 2923 1907 3305 ﬂ

1172 3434 1224 3483 in
1252 3438 1368 3498 ipso.

1747 3441 2081 3491 Extrinsecus.

2457 3434 2623 3484 Medii.

856 3512 884 3586 ε
917 3513 959 3586 ᾼ
980 3515 1263 3586 subdolam.
1703 3527 1720 3572 t
1762 3526 1802 3573 Α
1826 3527 1902 3574 rei
1924 3525 2116 3586 judicio.
2390 3520 2427 3586 ᾼ
2450 3520 2696 3586 casibusa.

855 3576 885 3650 ἓ
982 3578 1284 3650 deﬁnitione.
1702 3589 1732 3633 '2
1766 3588 1806 3635 Α
1830 3576 2094 3650 similibus.
2457 3577 2743 3650 coniugatis.

857 3636 885 3706 ξ
983 3638 1329 3706 descriptione.
1704 3651 1732 3693 3
1767 3652 1807 3696 A
1827 3648 2028 3706 majore.
2084 3636 2087 3637 ν
2392 3644 2431 3691 Δ
2457 3636 2711 3690 divisione.

856 3698 889 3767 ᾗ
919 3697 963 3767 ᾼ
988 3697 1636 3767 nominisjnter'relatione.
1703 3710 1734 3757 4
1768 3713 1807 3757 Α
1831 3697 2035 3758 minore.

860 3758 890 3833 εξ
986 3758 1423 3833 consequentibus.
1707 3775 1736 3823 5
1770 3770 1841 3819 Ex
1876 3771 2113 3833 oppositis
2137 3766 2217 3833 "il
2256 3780 2370 3833 c0,"-

858 3820 889 3891 §
990 3820 1190 3891 ίοίοῖέι
1215 3842 1424 3889 Βεηθΐθσ
1716 3820 1729 3823 ⁷
1804 3820 1985 3891 trariis,
2012 3832 2090 3881 vel
2131 3830 2367 3886 relativis,

861 3880 890 3955 Ζ
923 3880 1301 3955 ἂρπὲἓίξυθῖθι
1329 3894 1514 3955 εβυοὶυ.
1640 3950 1641 3955 η
1803 3880 1881 3943 vel
1906 3880 2172 3943 secundum
2210 3880 2371 3952 Πίναξ

860 3942 1000 4008 δᾼῠ
1025 3942 1365 4003 εΠίοἰριηίιηιεῘ
1430 3942 1463 3943 Π
1505 3942 1513 3944 ⁷
1640 3950 1641 3959 “
1805 3942 1989 4005 tienem
2039 3942 2089 4004 et
2136 3942 2369 4008 habitum.

859 4006 894 4081 ᾖ
992 4012 1215 4081 materia.
1808 4019 1883 4067 vel
1903 4031 1993 4081 per
2006 4006 2373 4067 amrmatiooem

838 4065 895 4113 ίθ
928 4066 971 4114 Α
995 4067 1161 4121 “mmo
1807 4065 1861 4129 et
1885 4065 2213 4138 licitationem.

837 4125 890 4173 11
931 4129 971 4174 Δ
996 4129 1110 4174 ﬁne.
1716 4144 1746 4174 Α
1787 4142 1811 4174 Δ
1854 4144 2163 4174 ιιι-ηιιιηιοςηηη

1011 4141 1110 4179 tne.

837 4187 896 4235 12
928 4188 1003 4237 Δὶ)
1037 4191 1314 4245 eiiectibus.

840 4250 898 4299 15
929 4251 1394 4317 ᾼρθιϊυινιιοιιιὺυε.

930 4312 1007 4361 Ab
1033 4312 1215 4368 usilius.

840 4373 897 4423 li
932 4374 970 4422 Δ
988 4382 1315 4433 communiter
1333 4387 1682 4436 accidentibus.

1716 4144 1746 4188 6
1778 4142 1820 4189 Α
1854 4144 2183 4202 praportione.

1718 4205 1746 4251 7
1782 4205 1819 4250 Α
1848 4210 2253 4265 transuntpltone.

1672 4450 1713 4472 “”
1783 4449 1939 4504 Tullii
1992 4450 2201 4503 divisio.

1431 5144 1507 5195 Ab
1530 5147 1649 5210 ipso.

1402 5312 1634 5472 /\

1271 5666 1308 5715 Α
1335 5670 1452 5714 toto.
1495 5654 1503 5658 ’

1904 4644 1995 4693 loci

2178 5145 2513 5198 Extrinsecus.

2313 5276 2325 5445 ἕ

2314 5494 2322 5528 l

1614 5663 1687 5713 Ab
1707 5663 2121 5713 antecedentibus.

1269 5728 1311 5779 Δ
1335 5727 1566 5791 partibus.
1614 5726 1659 5779 Α
1678 5727 2114 5789 (commeatibus.
2177 5725 2253 5777 Ab
2282 5724 2589 5778 auctoritate.
