4036 6336
1785 261 1892 316 ΛΝ.
1934 259 2140 316 MANL.
2181 259 2333 315 SEV.
2376 260 2594 316 BOETII

3684 257 3800 315 ηῡι

562 265 700 323 £305
1162 292 1178 319 ι

1266 373 1305 421 Α
1329 379 1453 422 nota.
1861 372 1900 420 Α
1923 372 2321 433 repugnantibus.

1268 438 1308 482 Α
1332 436 1550 495 conjugat
1563 448 1617 484 ts.
1858 436 1895 481 Α
1919 438 2093 482 causis.

1266 501 1306 544 Α
1332 509 1537 555 genere.
1857 496 1932 543 Ab
1956 495 2162 542 eﬂeclis.

1267 560 1303 605 Α
1328 558 1492 607 forma.
1859 561 1897 603 Α
1922 556 2283 616 cuuiparatioue

1267 620 1302 665 Α
1321 618 1659 666 similitudine.
1862 618 1950 663 Vel
1972 620 2220 675 majorum.

1268 686 1305 727 A
1328 680 1619 728 dill'et‘eutia.
1860 678 1950 724 Vel
1978 681 2237 724 minorum.

1265 745 1305 788 Α
1331 744 1585 789 contrario.
1859 739 1950 788 Vel
1976 742 2177 801 pariunt.

1263 803 1338 851 Ab
1359 804 1608 865 adjunctis.

633 886 838 952 Quibus
877 886 946 939 ita
973 885 1256 954 descriptis
1277 924 1291 949 ,
1326 900 1464 937 nunc
1492 882 1938 953 quemadmodum
1969 882 2129 935 Marci
2160 887 2207 943 Α
2240 880 2379 934 bilis.
2411 880 2454 934 A
2506 882 2774 935 contrario
2805 881 2943 936 idem
2991 881 3138 936 locus
3166 890 3268 947 est,
3297 882 3389 950 qui
3430 882 3573 950 apud
3602 881 3803 937 Themi-

562 976 722 1031 Tullii
748 977 938 1031 divisio
965 975 1245 1031 Tltemistii
1279 976 1547 1043 partitioni
1572 975 1855 1029 conveniat
1896 976 2134 1044 explice-

563 1083 700 1123 mus.
731 1068 924 1124 Locum
958 1069 1118 1138 igitur
1142 1084 1301 1139 quem
1331 1068 1522 1124 Cicero
1550 1070 1685 1122 dixit
1715 1085 1743 1121 a
1772 1077 1915 1135 toto,
1945 1085 1973 1121 a
2003 1069 2132 1123 sub-

561 1162 753 1214 Stantia
786 1160 1113 1215 Tliemistius
1152 1175 1274 1215 esse
1319 1160 1611 1227 proposuit.
1644 1160 1879 1228 Uterque
1908 1165 2049 1214 enim
2082 1160 2137 1214 in

563 1251 884 1307 difiinitione
928 1252 1209 1317 consistit,
1240 1252 1353 1307 sive
1387 1251 1473 1305 illa
1504 1251 1873 1306 substantialis
1903 1253 1992 1315 sit,
2021 1251 2136 1306 sive

561 1344 875 1415 descriptio.
908 1345 953 1400 A
982 1346 1211 1413 partium
1238 1344 1644 1400 enumeratione
1690 1345 1839 1397 locus
1880 1360 1944 1397 ex
1979 1346 2135 1399 Cice-

561 1440 707 1495 ronis
747 1441 961 1508 Topicis
988 1440 1194 1509 positus
1224 1441 1364 1495 idem
1395 1450 1480 1495 est
1517 1441 1603 1509 qui
1652 1441 1705 1493 in
1744 1438 2024 1493 Themistii
2055 1437 2137 1492 dl-

560 1530 768 1584 visione
797 1532 935 1583 inter
961 1530 1165 1583 medios
1186 1545 1216 1584 a
1242 1530 1505 1585 divisione
1533 1531 1838 1584 nominatus
1865 1538 1965 1584 est.
1992 1531 2137 1595 Quo-

562 1622 662 1674 ties
690 1621 832 1675 enim
862 1621 1063 1687 aliquid
1111 1637 1229 1676 esse
1275 1623 1361 1676 vel
1392 1638 1499 1676 non
1530 1638 1649 1675 esse
1677 1632 1980 1676 monstrare
2009 1637 2140 1677 cou-

562 1713 851 1777 teudimus,
876 1714 920 1766 si
947 1713 1103 1767 fidem
1120 1728 1148 1765 a
1171 1715 1397 1779 partium
1416 1714 1820 1768 enumeratione
1842 1716 2137 1781 capiamus,

560 1804 614 1859 ld
655 1820 719 1860 ex
770 1806 1031 1861 divisione
1078 1808 1386 1861 necessario
1434 1806 1734 1861 faciendum
1783 1817 1885 1861 est.
1942 1806 2138 1861 Divisio

560 1908 692 1950 vero
733 1905 824 1949 aut
872 1896 1162 1951 formarum
1214 1898 1522 1966 prmcessit,
1551 1908 1644 1951 aut
1690 1898 1938 1963 partium,
1968 1913 2140 1967 quan-

559 2002 719 2055 quam
752 1989 898 2042 locus
925 1991 1012 2056 qui
1053 2004 1117 2043 ex
1149 1988 1415 2043 divisione
1453 2005 1482 2041 a
1524 1989 1820 2044 Tltemistio
1861 1990 1997 2044 inter
2026 2005 2138 2042 me-

561 2080 680 2133 dios
704 2078 994 2133 collocatus
1021 2089 1133 2146 est,
1161 2095 1190 2133 a
1212 2080 1473 2135 Cicerone
1502 2081 1555 2135 in
1582 2082 1795 2148 generis
1820 2082 2137 2137 tractatione

560 2168 797 2237 ponitur.
828 2170 917 2223 Ait
943 2168 1086 2224 enim
1120 2170 1326 2223 Tullius
1353 2186 1473 2224 cum
1503 2170 1570 2224 de
1590 2186 1786 2240 genere
1822 2170 2136 2240 loqueretur

2237 973 2398 1026 stium
2427 973 2494 1028 ab
2524 974 2784 1044 oppositis
2818 975 2990 1029 dictus
3016 986 3099 1030 est
3118 1017 3132 1039 ,
3167 985 3221 1031 et
3246 978 3585 1032 extrinsecus
3615 980 3802 1031 consti-

2238 1070 2405 1119 tutns.
2436 1064 2518 1119 Ab
2548 1067 2814 1134 adjunctis
2836 1067 2924 1121 ille
2942 1078 3025 1121 est
3048 1069 3135 1138 qui
3159 1070 3210 1123 in
3227 1069 3505 1124 Tltemistii
3528 1071 3804 1137 partitione

2237 1168 2266 1206 a
2289 1156 2640 1209 communiter
2656 1155 3019 1212 accidentibus
3034 1158 3249 1224 dicitur,
3271 1160 3410 1213 inter
3424 1167 3801 1228 consequentia

2236 1246 2544 1301 substantia:
2558 1248 2967 1303 nominatus.Ab
2980 1250 3415 1306 antecedentibus
3430 1263 3805 1321 etconseqticw

2238 1335 2380 1389 tibus
2411 1335 2556 1390 locus
2584 1335 2923 1392 multifariam
2946 1340 3232 1409 spargitur.
3265 1341 3395 1394 Nam
3414 1341 3739 1395 etdifliuitio
3762 1353 3805 1396 et

2239 1424 2524 1494 descriptio
2540 1437 2592 1481 et
2605 1428 2921 1483 antecedere
2936 1444 3048 1483 rem
3068 1439 3120 1482 et
3132 1432 3381 1499 consequi
3400 1441 3647 1500 possunt.
3666 1432 3806 1486 Item-

2239 1533 2341 1587 que
2364 1519 2594 1573 nominis
2616 1519 3016 1588 interpretatio:
3035 1524 3158 1575 item
3175 1524 3379 1590 species
3400 1527 3700 1590 antecedit,
3729 1542 3807 1594 ge-

2241 1625 2338 1663 nus
2356 1611 2718 1680 consequitur.
2735 1610 2903 1667 Causa
2919 1615 3078 1667 etiam
3096 1614 3337 1669 efﬁciens
3362 1617 3633 1671 antecedit
3648 1628 3709 1673 et
3735 1636 3807 1674 se-

2242 1701 2421 1770 quitur
2437 1701 2659 1757 effectus
2676 1720 2690 1767 ;
2712 1705 2990 1758 materiam
3005 1720 3130 1759 vero
3147 1707 3387 1775 sequitur
3398 1706 3643 1762 effectus.
3668 1708 3809 1764 Com-

2240 1792 2470 1846 muniter
2482 1792 2772 1847 accidentia
2788 1810 2998 1863 quoque
3010 1797 3051 1848 si
3073 1795 3442 1863 inseparabilia
3457 1800 3810 1861 sint,necesse

2240 1891 2322 1935 est
2352 1894 2407 1936 ut
2428 1894 2836 1953 consequantur.
2870 1884 3163 1956 Conjugata
3190 1891 3347 1941 etiam
3369 1904 3496 1944 sese
3512 1891 3813 1946 velantecc-

2240 1973 2475 2037 dunt,vel
2490 1978 3092 2046 consequuntur,itaque
3107 1978 3188 2031 hic
3207 1979 3356 2033 locus
3374 1981 3617 2048 pluribus
3632 1986 3811 2037 misms

2241 2075 2399 2127 est,et
2423 2080 2526 2119 non
2545 2076 2649 2119 tam
2671 2067 2827 2121 rebus
2840 2068 2905 2121 ab
2919 2068 3035 2122 aliis
3056 2070 3306 2123 omnibus
3319 2086 3478 2139 quam
3500 2074 3813 2130 tractatione

2241 2154 2502 2211 diversus.
2558 2155 2677 2226 Ipsa
2725 2159 2868 2212 enim
2912 2160 3150 2214 conditio
3192 2165 3596 2230 consequentia:
3642 2165 3813 2218 locum

561 2258 665 2314 lioo
693 2260 890 2317 modo:
915 2260 1207 2315 Commode
1226 2263 1388 2315 etiam
1417 2271 1671 2316 tractatur
1703 2263 1817 2317 haec
1848 2278 2134 2341 argumen-

2240 2246 2404 2299 alium
2432 2247 2575 2314 facit,
2606 2264 2727 2302 cum
2766 2248 2880 2318 ipsa
2911 2251 3147 2305 conditio
3171 2255 3576 2322 consequentia:
3605 2298 3620 2320 ,
3654 2259 3737 2308 vel
3765 2256 3814 2309 in

558 2350 710 2416 tatio,
753 2367 874 2422 qua:
920 2367 987 2407 ex
1030 2368 1227 2422 genere
1271 2353 1519 2415 sumitur,
1551 2367 1672 2406 cum
1718 2370 1782 2407 ex
1820 2363 1929 2407 toto
1962 2366 2137 2423 partes

560 2458 918 2514 persequare,
964 2445 1066 2499 hoc
1115 2446 1273 2500 modo
1301 2462 1318 2499 :
1346 2446 1392 2501 si
1431 2446 1587 2501 dolus
1629 2448 1803 2501 malus
1847 2459 1965 2508 est.
2014 2463 2134 2502 cum

556 2537 700 2591 aliud
741 2538 950 2608 agitur,
982 2541 1123 2594 aliud
1160 2542 1442 2596 simulatur
1464 2583 1481 2608 ,
1512 2558 1828 2597 enumerare
1869 2543 1992 2596 licet
2022 2545 2137 2612 qui-

556 2632 657 2687 bus
679 2634 851 2687 modis
882 2634 932 2688 id
965 2637 1081 2699 fiat,
1116 2636 1308 2690 deinde
1337 2637 1391 2691 in
1422 2651 1608 2691 eorum
1640 2637 1875 2707 aliquem
1906 2637 1957 2690 id
1983 2636 2126 2707 quod

554 2740 747 2795 arguas
795 2726 919 2780 dolo
965 2729 1106 2782 malo
1155 2730 1372 2792 factum,
1422 2730 1718 2785 includere.
1770 2731 1922 2798 Quod
1969 2747 2136 2800 genus

554 2819 849 2884 argumenti
884 2818 1139 2885 imprimis
1171 2821 1377 2871 firmum
1412 2821 1578 2873 videri
1607 2822 1763 2874 solet.
1792 2821 1832 2876 Α
1859 2821 2136 2877 notatione

556 2906 715 2960 Tullii
750 2908 897 2960 locus
932 2910 978 2962 is
1019 2918 1103 2962 est
1130 2910 1218 2979 qui
1249 2910 1529 2965 Tltemistii
1559 2927 1587 2965 a
1620 2912 1852 2966 nominis
1880 2916 2136 2980 interpre-

555 3002 777 3054 tatione.
812 3001 856 3053 A
885 3001 1182 3070 conjugatis
1211 3005 1510 3056 cummttnis
1537 3013 1620 3057 est
1644 3004 1815 3066 locus,
1845 3020 1968 3058 eum
1992 3005 2134 3058 Tlte-

555 3092 765 3147 mistius
791 3094 928 3147 inter
959 3095 1162 3148 medios
1194 3096 1501 3150 collocavit.
1534 3100 1577 3151 A
1602 3113 1797 3167 genere
1827 3098 1897 3152 Μ.
1929 3098 2135 3152 Tullius

555 3186 757 3253 posuit.
806 3203 833 3238 a
887 3196 1000 3241 toto
1052 3188 1397 3242 Tliemistius.
1450 3193 1494 3244 A
1546 3192 1712 3244 forma
1756 3192 2065 3258 Ciceronis,
2102 3205 2134 3246 a

555 3289 729 3348 parte,
764 3279 814 3333 id
845 3289 963 3345 est,
990 3283 1171 3350 specie
1199 3281 1500 3337 Tliemistii.
1529 3286 1570 3336 Α
1595 3284 1952 3338 similitudine
1981 3300 2132 3337 com-

554 3371 732 3427 munis
770 3374 982 3442 quidem
1014 3384 1128 3441 est,
1158 3376 1258 3429 nisi
1288 3376 1427 3445 quod
1461 3376 1527 3429 M.
1561 3376 1767 3430 Tullius
1796 3377 1895 3430 sub
1916 3392 1976 3431 ea
2008 3393 2136 3446 pro-

554 3465 855 3531 portionem
896 3467 1323 3535 comprelteudit.
1352 3470 1395 3521 Α
1439 3468 1737 3522 tliﬂ‘ercntia
1770 3469 1839 3523 Μ.
1874 3469 2030 3522 Tullii
2053 3509 2070 3532 ,
2101 3486 2132 3524 a

552 3561 667 3608 toto
696 3556 748 3609 in
774 3555 1056 3610 Tltemistii
1091 3556 1385 3621 divisione,
1414 3557 1499 3612 vel
1530 3573 1557 3608 a
1591 3568 1742 3627 parte
1784 3558 2006 3628 intelligi
2036 3575 2131 3628 po-

551 3654 655 3700 test
684 3664 697 3699 :
726 3661 753 3699 a
783 3656 895 3701 toto
922 3648 1158 3715 quidem.
1194 3649 1239 3701 si
1269 3650 1339 3701 sit
1366 3649 1704 3702 constitutiva
1733 3648 2034 3703 differentia
2064 3651 2132 3704 de

551 3753 650 3809 qua
680 3741 908 3795 sumitur
946 3752 1339 3811 argumentum,
1368 3756 1396 3795 a
1429 3750 1577 3809 parte
1604 3757 1733 3795 vero
1765 3744 1810 3795 si
1840 3742 1912 3796 sit
1939 3741 2131 3796 divisi-

1113 3832 1355 3886 Tulliana
1382 3830 1597 3886 divisio.

729 3943 771 3991 A
797 3948 916 3992 toto.

733 4005 772 4055 A
798 4006 1004 4065 partium
1032 4004 1425 4052 enumeratione.

734 4067 774 4114 A
800 4068 1068 4115 notatione.

731 4131 774 4176 Α
798 4129 1084 4189 conjugalis.

732 4195 772 4238 A
799 4201 1005 4238 neuere.

729 4256 773 4299 A
797 4252 967 4297 forma.

728 4314 774 4360 Α
799 4311 1140 4360 similitudine.

728 4374 773 4421 Α
794 4373 1080 4421 diﬂerentia.

731 4436 773 4482 A
797 4436 1059 4482 contrario.

732 4496 807 4543 Ab
830 4496 1085 4555 adjunctis.

730 4558 807 4607 Ab
829 4558 1257 4607 antecedentibus.

732 4619 773 4667 Α
792 4620 1226 4681 consequentibus.

729 4804 772 4853 Α
796 4804 1200 4863 repugnantibus.

727 4865 805 4914 Ab
824 4865 1167 4914 efﬁcientibus.

728 4928 805 4975 Ab
829 4927 1037 4975 ell‘ectis.

730 4988 771 5037 Α
788 4990 1148 5050 comparatione
1173 4987 1425 5058 maiorum.

1168 5061 1427 5097 minorum.

832 5136 835 5137 ν
1171 5111 1375 5171 parium.

728 5171 1136 5222 Ali-auctoritate.

2240 2337 2579 2404 ditiiuitione,
2614 2340 2693 2393 vel
2726 2340 2777 2394 in
2804 2341 3184 2412 descriptione,
3215 2346 3301 2399 vel
3333 2347 3386 2398 in
3420 2346 3624 2411 forma,
3657 2352 3740 2403 vel
3767 2350 3816 2402 in

2237 2444 2418 2495 causa,
2470 2430 2552 2484 vel
2599 2447 2649 2485 tn
2690 2433 2901 2487 czt-teris
2951 2434 3123 2503 posita
3168 2435 3258 2489 sit.
3291 2436 3661 2509 Repugnautia
3698 2456 3818 2493 vero

2236 2524 2496 2591 oppositis
2525 2536 2906 2594 aggregantur,
2940 2527 3226 2582 efficientia
3255 2531 3431 2584 causis
3458 2528 3818 2586 efficientilini

2235 2618 2319 2670 vel
2372 2618 2612 2672 materia:
2651 2619 2838 2673 elfecta
2870 2620 2946 2673 illi
2993 2631 3119 2675 sunt
3157 2624 3454 2675 consimilia
3498 2623 3621 2677 loco
3660 2642 3818 2693 quem

2238 2708 2564 2763 Themistius
2589 2710 2761 2777 posuit
2779 2725 2807 2763 a
2834 2711 2966 2773 ﬁne;
2994 2728 3114 2766 nam
3137 2728 3414 2767 causarum
3438 2714 3668 2769 effectus
3699 2720 3814 2770 tinis

2234 2812 2336 2852 eSt.
2367 2801 2411 2852 A
2438 2803 2836 2868 comparatione
2867 2802 3086 2871 majoris
3106 2804 3191 2857 vel
3229 2805 3453 2859 minoris
3498 2807 3641 2861 idem
3673 2810 3818 2864 locus

2236 2898 2318 2944 est
2344 2892 2430 2959 qui
2460 2892 2598 2960 apud
2627 2894 2653 2943 Ἰ
2675 2892 2977 2946 ltemistium
3002 2895 3141 2949 inter
3168 2898 3501 2952 extrinsecus
3540 2900 3696 2952 locos
3730 2917 3819 2967 po-

2236 2983 2381 3037 nitur
2416 2999 2444 3036 a
2487 2984 2687 3052 majore
2716 2997 2768 3038 γι
2799 2987 3027 3041 minore.
3068 2988 3115 3042 Α
3144 2993 3545 3058 comparatione
3586 2995 3819 3060 partium

2236 3076 2375 3130 inter
2402 3091 2495 3130 eos
2524 3078 2612 3145 qui
2658 3092 2684 3127 a
2729 3077 2888 3132 simili
2929 3078 3200 3134 ducuntur
3239 3097 3362 3136 esse
3400 3086 3670 3151 putandus
3717 3098 3820 3141 est.

2237 3166 2443 3221 Dictum
2471 3176 2554 3221 est
2582 3167 2724 3222 enim
2754 3169 2804 3221 in
2828 3172 3122 3238 quantitate
3146 3173 3557 3227 similitudinem
3584 3190 3709 3230 esse
3739 3191 3821 3244 pa-

2235 3261 2466 3315 ritatem.
2523 3261 2705 3316 Restat
2756 3263 2903 3317 locus
2960 3275 3200 3334 utrisque
3248 3269 3585 3334 communis,
3620 3272 3712 3337 qui
3745 3281 3820 3324 est

2235 3354 2569 3407 extrinsecus
2609 3354 2903 3409 collocatus
2927 3396 2941 3420 ,
2973 3372 3131 3425 quem
3179 3356 3401 3422 Cicero,
3435 3360 3573 3413 sicut
3603 3360 3819 3415 Themi-

2235 3447 2390 3511 stius,
2423 3462 2451 3499 a
2482 3446 2780 3517 reijudicio
2809 3462 2931 3501 esse
2964 3449 3264 3517 pr0posuit.
3304 3450 3368 3503 Et
3409 3451 3474 3504 M.
3509 3450 3672 3504 Tullii
3700 3455 3817 3520 qui-

2235 3537 2359 3593 dem
2401 3539 2590 3593 divisio
2634 3542 2966 3605 superiorem
3002 3539 3286 3595 Tltemistii
3333 3543 3679 3611 partitiOuem
3731 3545 3821 3598 tali

2161 3612 2207 3676 C
2240 3630 2399 3683 modo
2440 3632 2669 3697 potuerit
2699 3631 2999 3696 includere,
3025 3630 3168 3700 quod
3199 3629 3325 3687 licet
3354 3633 3405 3686 in
3447 3633 3693 3702 subjecta
3725 3635 3821 3687 de-

2233 3721 2520 3790 scriptione
2550 3723 2858 3794 prospicere
2888 3738 2903 3776 :

2718 3834 2996 3888 Themistii
3028 3834 3242 3891 divisio.

2417 3942 2459 3991 Α
2482 3942 2770 3992 substantia.

2417 4005 2457 4053 A
2478 4004 2736 4055 ditisione.

2418 4067 2459 4113 A
2485 4069 2691 4114 nominis
2721 4068 3152 4128 interpretatione.

2413 4130 2455 4175 Δ
2479 4127 2765 4186 conjugatis.

2414 4188 2457 4237 Α
2478 4202 2670 4246 genere
2688 4188 2767 4238 vel
2791 4202 2815 4236 α
2843 4196 2964 4239 toto.

2418 4252 2460 4312 Α
2490 4258 2625 4312 parte
2644 4251 2721 4299 vel
2743 4254 2928 4312 specie.

2416 4311 2458 4359 A
2482 4311 2643 4360 simili.

2412 4373 2453 4421 Α
2475 4380 2577 4421 toto
2596 4372 2672 4420 vel
2698 4386 2722 4420 a
2745 4379 2903 4434 parte.

2412 4434 2489 4483 Ab
2509 4437 2758 4495 oppositis.

2415 4497 2458 4543 A
2482 4498 2801 4544 communiter
2818 4497 3168 4549 accidentibus.

2412 4557 2456 4604 Α
2479 4556 2862 4624 diuinitionevel
2886 4558 3235 4624 descriptiOne,
3264 4561 3341 4611 vel
3378 4564 3633 4624 interpres

2477 4620 2682 4681 talione,
2710 4618 2789 4667 vel
2810 4622 3002 4681 specie,
3034 4618 3111 4669 vel
3156 4634 3319 4681 causa,
3355 4623 3435 4672 vel
3473 4618 3631 4673 mate-

2476 4692 2569 4750 ria,
2595 4679 2676 4752 vel
2701 4679 3026 4731 communiter
3041 4679 3391 4747 accidentibus,
3416 4687 3493 4735 vel
3515 4700 3634 4735 cou-

2470 4751 2673 4801 Jugatts.

2415 4802 2491 4850 Ab
2514 4804 2759 4863 oppositis.

2417 4865 2457 4911 Α
2480 4867 2655 4914 causis.

2342 4946 2359 4972 ο
2410 4926 2450 4972 Α
2471 4926 2585 4972 line.

2409 4985 2449 5033 Α
2472 4987 2671 5045 majore.

2411 5048 2451 5093 Α
2476 5050 2682 5095 minore.

2411 5112 2452 5155 A
2478 5110 2731 5156 similibus.

2410 5168 2453 5217 Α
2476 5171 2549 5217 rei
2567 5169 2751 5231 judicio

615 5256 800 5313 Omnis
828 5254 1044 5326 quidem
1070 5256 1142 5308 M.
1180 5252 1340 5308 Tullii
1370 5255 1587 5323 partitio
1615 5256 1853 5311 locorum
1888 5256 1939 5309 iu
1972 5255 2121 5310 Tlte-
2154 5260 2207 5318 D
2231 5250 2488 5307 Tulliana:
2502 5253 2802 5320 partitionis
2819 5254 3061 5309 ordinem
3075 5254 3354 5320 referatur,
3383 5257 3525 5312 facili
3553 5275 3831 5326 compen-

545 5349 711 5406 mistii
743 5346 1007 5403 divisione
1042 5346 1337 5414 superioris
1381 5346 1756 5413 descriptionis
1787 5347 2013 5401 formula
2040 5347 2117 5400 vi-
2223 5344 2313 5398 dio
2327 5343 2775 5411 quemadmodum
2791 5345 2855 5397 ad
2870 5360 2928 5399 se
2957 5348 3180 5401 invicem
3207 5349 3526 5417 partitiones
3551 5354 3833 5407 reducam

544 5444 701 5497 detur
725 5442 1000 5497 conclusa.
1046 5438 1196 5492 Nunc
1239 5438 1516 5494 Tbemistii
1548 5439 1741 5493 divisio
1766 5439 1831 5492 ad
1856 5439 1923 5492 Μ.
1954 5439 2116 5493 Tullii
2229 5444 2315 5488 tur
2342 5435 2662 5487 ostenditur.
2694 5436 2822 5488 Nam
2850 5439 3116 5492 continua:
3148 5440 3220 5493 Μ.
3265 5439 3427 5494 Tullii
3457 5441 3728 5496 divisioni
3764 5458 3835 5495 ex

544 5532 866 5587 divisionem
898 5530 1201 5587 reducenda
1231 5537 1332 5583 est.
1357 5529 1523 5598 Cujus
1549 5530 1766 5597 quidem
1795 5530 1957 5583 multa
1989 5543 2113 5597 pars
2226 5526 2506 5580 Tliemistii
2533 5525 2662 5579 locis
2687 5527 2738 5581 in
2761 5530 3041 5597 superiore
3058 5531 3421 5597 descriptione
3444 5546 3837 5589 convenerant

544 5624 817 5678 Ciceronis
835 5621 1107 5685 convenit,
1130 5622 1269 5675 sicut
1290 5621 1434 5690 prior
1450 5621 1614 5675 etiam
1628 5622 1918 5690 descriptio
1933 5622 2114 5675 docet.
2226 5619 2279 5673 lii
2317 5636 2329 5672 :
2355 5618 2629 5673 Ciceronis
2658 5620 2870 5687 quidem
2896 5636 2926 5674 a
2955 5629 3088 5685 toto,
3124 5621 3401 5677 Tliemistii
3432 5639 3461 5676 a
3487 5627 3837 5679 substantia.

544 5713 695 5777 Quod
724 5728 851 5767 vero
885 5727 953 5767 ex
988 5711 1267 5767 Themistii
1312 5720 1555 5781 superest
1584 5713 1863 5779 divisione,
1897 5714 1949 5768 id
1972 5713 2016 5768 si
2046 5714 2113 5769 ad
2226 5713 2267 5767 Α
2292 5711 2521 5781 partium
2548 5713 2952 5775 enumeratione
2980 5711 3288 5782 Ciceronis,
3319 5730 3348 5769 a
3379 5715 3645 5771 divisione
3682 5718 3841 5771 Thu-
