4036 6336
255 340 394 395 12οὂ

1281 335 1364 389 DE
1404 328 1881 386 DIFFERENTIIS
1921 324 2203 381 TOPICIS.
2246 322 2374 377 LIB.
2414 320 2502 375 IV.

3371 318 3502 372 1206

255 451 439 523 inistii.
482 451 526 503 A
552 450 819 502 notatione
845 446 1123 502 Ciceronis
1143 486 1157 511 ,
1187 461 1215 497 a
1247 442 1478 498 nominis
1507 445 1827 510 interpreta-

1946 436 2153 488 ltestant
2174 445 2348 488 autem
2380 448 2444 488 ex
2489 432 2767 487 Themistii
2794 432 2927 486 locis
2952 430 3005 485 bi
3022 470 3037 496 ,
3064 431 3149 487 'ab
3177 430 3360 487 usibus
3380 472 3396 498 ,
3422 445 3509 497 ,at-

256 539 660 596 tione'l‘hemist
676 540 721 590 οἱ.
748 543 789 590 Α
815 536 1110 607 conjugatis
1131 545 1477 603 utrorumque
1506 530 1828 586 communis.

256 636 300 688 Α
338 647 536 702 genere
564 630 873 694 Ciceronis,
902 645 931 682 a
966 636 1076 682 toto
1119 626 1421 681 'Ibemistii.
1455 625 1500 678 A
1530 623 1698 677 forma
1736 620 1829 675 Ci-

255 724 499 785 ceronis,
536 736 567 774 a
603 734 751 790 parte
772 761 787 785 ,
819 720 871 773 id
901 729 985 773 est
1012 718 1191 787 specie
1227 715 1526 771 Themistii.
1560 718 1601 768 A
1643 712 1834 767 simili-

260 814 445 867 tudine
468 813 790 866 communis.
816 813 857 865 Α
882 808 1182 865 differentia
1216 805 1521 870 Ciceronis,
1545 819 1575 859 a
1608 814 1719 858 toto
1748 804 1832 856 vel

256 920 285 956 a
317 913 466 971 parte
494 902 799 957 Themistii.
830 904 874 956 Δ
904 901 1174 956 contrario
1195 898 1494 961 Ciceronis,
1525 897 1663 951 idem
1694 894 1832 963 apud

259 996 634 1051 Themistium'
668 997 736 1049 ab
762 996 1040 1064 oppositis.
1075 994 1156 1047 Ab
1210 991 1476 1062 adjunctis
1521 989 1793 1043 Ciceronis
1816 1027 1833 1050 ,

257 1087 507 1141 eumdem
551 1102 582 1140 ει
610 1088 968 1140 communiter
989 1081 1355 1137 accidentibus
1379 1078 1707 1135 Tliemistius
1736 1091 1833 1144 po-

259 1177 387 1228 suit.
432 1178 514 1230 Ab
562 1174 1001 1229 antecedentibus
1047 1181 1103 1224 et
1148 1169 1637 1238 consequentibus,
1684 1165 1834 1220 mixti

259 1279 382 1318 cum
424 1266 687 1333 pluribus.
720 1267 765 1320 Α
805 1263 1227 1333 repugnantibus
1274 1259 1588 1322 Ciceronis,
1629 1258 1767 1313 idem
1804 1272 1833 1309 a

258 1354 556 1409 Themistio
610 1356 677 1409 ab
730 1355 991 1422 oppositis
1048 1353 1264 1407 dicitur.
1334 1351 1418 1405 Ab
1480 1349 1836 1404 efﬁcientibus

259 1444 572 1509 Ciceronis,
613 1459 640 1497 a
666 1448 845 1498 causis
877 1442 1182 1499 Themistii.
1230 1440 1311 1496 Ab
1333 1440 1538 1496 effectis
1562 1438 1756 1501 Tullii,
1805 1451 1836 1489 a

262 1540 367 1591 line
398 1536 697 1591 Themistii.
736 1538 781 1590 A
810 1536 1211 1605 comparatione
1250 1532 1466 1602 majoris
1509 1546 1572 1585 ac
1612 1528 1837 1583 minoris

260 1628 332 1681 Μ.
362 1626 557 1692 Tullii,
585 1628 727 1681 idem
750 1635 875 1680 sunt
902 1642 931 1679 a
962 1625 1163 1694 majore
1187 1640 1249 1677 ac
1293 1622 1498 1677 minore
1530 1619 1833 1674 Themistii.

260 1720 304 1772 A
357 1718 757 1785 comparatione
790 1718 1017 1784 partium
1043 1715 1333 1779 Ciceronis,
1359 1729 1388 1766 a
1408 1711 1673 1768 similibus
1694 1709 1837 1763 The-

260 1809 444 1865 mistii.
473 1809 603 1865 Cum
656 1812 815 1880 igitur
843 1811 914 1864 M.
960 1809 1118 1863 Tullii
1150 1811 1303 1877 plena
1341 1809 1532 1861 divisio
1568 1807 1834 1874 aliquibus
1869 1836 1910 1895 Β

262 1901 516 1954 membris
560 1899 936 1955 Tliemistiana:
977 1902 1255 1954 divisionis
1286 1909 1527 1969 aptetur,
1575 1899 1689 1954 ﬁeri
1730 1913 1837 1951 non

263 2004 441 2063 potest
471 2005 527 2048 ut
556 2012 659 2050 non
681 1998 920 2053 membra
947 1996 1323 2052 Themistiana:
1349 1993 1627 2048 divisionis
1656 1992 1833 2047 statim

261 2084 329 2137 ad
374 2084 629 2139 Tulliana:
669 2086 1036 2140 convenientia
1083 2084 1423 2139 reducantur.
1474 2082 1733 2148 Quocirca
1776 2082 1822 2135 si

261 2174 388 2245 quid
436 2174 696 2242 reliquum
730 2186 812 2230 est
859 2177 911 2250 in
945 2175 1221 2230 Tlieinistii
1252 2174 1513 2227 divisione
1556 2172 1697 2243 quod
1736 2189 1828 2225 su-

263 2266 459 2333 periori
511 2267 752 2320 formulae
812 2286 912 2322 non
971 2268 1212 2321 videatur
1268 2266 1605 2334 ascriptum,
1662 2266 1831 2334 plena:

260 2355 334 2408 Al.
366 2355 524 2408 Tullii
575 2358 821 2412 divisioni
853 2359 1144 2427 poterimus
1179 2365 1383 2426 aptare.
1425 2356 1649 2409 lnviceni
1693 2356 1836 2430 enim

256 2447 549 2501 divisiones
604 2451 811 2502 alterna
868 2450 1293 2518 reciprocatione
1337 2448 1635 2515 conjuncta:
1683 2457 1832 2503 sunt.

1934 525 2249 589 effectibus,
2299 533 2354 577 et
2406 521 2870 592 corruptionibus,
2919 530 2975 576 et
3024 523 3404 592 proportione,
3456 534 3491 576 e‘

1935 617 2380 685 transumptione.
2412 617 2648 684 Quorum
2700 617 2913 686 quidem
2953 616 3020 671 ab
3067 614 3273 683 usibus,
3305 616 3349 670 si
3383 629 3499 669 usus

1935 708 2160 775 alicujus
2208 706 2286 761 rei
2335 720 2548 774 semper
2578 706 2799 761 effector
2824 715 2937 773 est,
2985 706 3036 759 ei
3073 706 3191 760 loco
3231 704 3507 760 Ciceronis

1942 797 2203 866 aptandus
2241 805 2323 852 est
2361 797 2450 865 qui
2474 796 2541 850 ab
2568 795 2925 851 efﬁcientibus
2959 803 3313 864 nuncupatur.
3356 794 3508 863 Quod

1935 891 1980 944 si
2008 891 2119 960 ipse
2144 904 2269 943 usus
2292 887 2544 952 efﬁcitur,
2568 889 2617 942 ei
2643 889 2760 941 loco
2786 888 3059 943 Ciceronis
3078 886 3413 942 adhibendus
3428 896 3513 941 est

1935 980 2027 1050 qui
2053 981 2121 1036 ab
2147 980 2349 1037 effectis
2380 988 2618 1033 vocatur.
2650 979 2733 1033 Ab
2761 978 3039 1032 effectibus
3058 993 3210 1042 vero,
3242 975 3507 1046 siquidem

1936 1073 2101 1128 efficit
2126 1072 2321 1139 aliquid
2353 1070 2597 1137 effectus,
2626 1071 2693 1125 ab
2722 1068 3078 1125 efﬁcientibus
3099 1070 3277 1124 causis
3306 1078 3422 1135 est;
3465 1071 3515 1124 si

1936 1178 2067 1218 vero
2124 1163 2239 1230 ipse
2288 1160 2511 1217 effectus
2570 1160 2783 1229 plenum
2843 1159 3039 1229 aliquid
3095 1160 3509 1229 confectumque

1937 1252 2310 1319 demonstrat,
2355 1252 2402 1306 is
2451 1252 2598 1305 locus
2643 1259 2726 1304 est
2767 1264 2923 1319 quem
2965 1250 3032 1303 ab
3060 1251 3263 1304 effectis
3304 1250 3521 1304 Tullius

1938 1343 2090 1397 dixit.
2149 1345 2195 1399 Α
2243 1341 2677 1410 corruptionibus
2722 1355 2849 1405 vero
2896 1340 2964 1393 ab
3006 1340 3363 1395 efﬁcientibus
3404 1342 3509 1395 dici

1939 1440 2136 1501 pOtest.
2163 1430 2292 1486 Nam
2316 1447 2436 1486 cuin
2461 1429 2634 1484 omnis
2660 1431 2936 1499 generatio
2964 1432 3158 1484 efficiat
3185 1432 3379 1501 aliquid
3401 1473 3416 1497 ,
3460 1434 3527 1485 id-

1938 1530 2023 1577 est
2042 1523 2394 1579 substantiam
2417 1522 2631 1586 foimet,
2659 1522 2932 1589 corruptio
2955 1536 3138 1575 rursus
3164 1524 3271 1590 ipsa
3297 1539 3512 1592 quoque

1941 1614 2106 1669 efﬁcit
2142 1615 2430 1681 quiddam,
2478 1614 2529 1667 id
2555 1626 2637 1668 est
2658 1613 2994 1667 substantiali
3023 1612 3189 1666 forma
3219 1615 3416 1682 spoliat
3449 1631 3513 1667 ac

1942 1708 2147 1775 privat,
2193 1706 2337 1760 velut
2369 1720 2511 1760 mors
2556 1704 2684 1759 facit
2725 1704 2966 1773 corporis
3004 1706 3434 1759 dissolutionem.
3467 1710 3527 1759 Α,

1947 1796 2291 1864 proportione
2314 1810 2441 1850 vero
2465 1795 2605 1848 idem
2635 1802 2717 1848 est
2734 1838 2748 1860 ,
2773 1809 2929 1863 quem
2958 1793 3159 1847 Tullius
3184 1809 3214 1847 a
3241 1794 3525 1848 similibus.

1943 1888 2099 1951 dixit,
2131 1902 2252 1940 nam
2278 1888 2567 1940 multorum
2594 1888 2644 1939 in
2676 1888 2859 1939 multis
2908 1884 3202 1939 similitudo
3240 1887 3529 1956 proportio.

1943 1988 2047 2033 est.
2081 1976 2460 2047 Transumptio
2488 1992 2616 2030 vero
2651 1976 2916 2047 siquidem
2941 1976 3004 2030 ad
3031 1976 3227 2045 majora
3247 1979 3336 2040 sit,
3365 1977 3515 2031 locus

1941 2085 1972 2122 a
2004 2069 2263 2138 majorum
2306 2068 2705 2138 comparatione
2741 2078 2852 2132 est;
2891 2068 2970 2121 sin
3010 2082 3135 2121 vero
3174 2067 3239 2120 ad
3273 2068 3476 2122 minora
3499 2108 3513 2132 ,

1942 2161 2091 2212 locus
2120 2168 2201 2212 est
2222 2174 2250 2211 a
2275 2160 2543 2211 minorum
2567 2158 2996 2226 comparatione;
3022 2158 3162 2226 quod
3189 2158 3231 2210 si
3255 2161 3319 2210 ad
3348 2158 3514 2226 paria,

1942 2252 2089 2305 locus
2116 2262 2200 2306 est
2244 2266 2273 2304 a
2307 2251 2511 2320 pariunt
2538 2253 2957 2317 comparatione.
2998 2249 3171 2319 Atque
3213 2250 3264 2303 in
3290 2249 3372 2304 his
3400 2266 3515 2304 om-

1942 2344 2097 2395 nibus
2145 2343 2492 2409 reducendis,
2525 2342 2629 2396 tale
2663 2346 2794 2397 satis
2821 2352 2905 2397 est
2930 2344 3302 2412 descriptionis
3329 2360 3516 2400 exeni-

1941 2433 2106 2501 plum.

545 2538 845 2593 Tlieniistii.
2482 2543 2768 2599 Ciceronis.

384 2660 460 2707 Ab
484 2661 667 2707 “smus.
1394 2640 1404 2677 t
1500 2630 1601 2699 ipse
1628 2641 1742 2676 usus
1765 2630 1941 2702 aliquid
1968 2631 2130 2680 efIicit.
2492 2634 2567 2680 Ab
2591 2632 2930 2703 efficientibus.

1392 2680 1408 2741 i
1431 2700 1478 2737 bi
1505 2703 1610 2741 ipse
1638 2704 1754 2737 usus
1778 2692 1998 2741 efficitur.
2494 2696 2569 2741 Ab
2588 2692 2791 2741 effectis.

384 2692 460 2707 “"
485 2692 667 2707 “’“’“¹“¹”·
1394 2692 1408 2741 l
1431 2692 1478 2737 Si
1505 2692 1610 2749 ipse
1638 2704 1754 2737 usus
1778 2692 1841 2737 eff

384 2781 459 2829 Ab
483 2781 751 2831 effectibus.
1394 2771 1406 2831 i
1500 2750 1707 2831 θίιῑξῗψῖ
1727 2751 1842 2831 {'19}

1946 2706 1998 2741 Ir.
2494 2696 2569 2742 Ab
2588 2692 2791 2742 effectis.

1946 2755 2090 2804 allicit.
2595 2756 2935 2831 efficientibus.

740 2818 751 2831 '
1394 2811 1408 2865 δ
1432 2815 1480 2862 Si
1502 2811 1709 2861 effecms
1733 2811 1956 2863 efficitur.
2496 2818 2571 2864 Ab
2596 2816 2803 2865 effectis.

385 2877 423 2949 ρ
448 2876 758 2949 eorrnpti‘onit
779 2891 835 2924 us
2497 2882 2573 2949 ᾼί)
2586 2879 2934 2949 efficientibus.

387 2938 427 2982 Α
453 2941 785 2998 μιύμοτιίδιιυ.

403 3056 414 3064 _
1393 3004 1410 3064 ι
1433 2998 1481 3064 Si
1508 2997 1568 3064 sit
1593 2996 1652 3064 ad
1675 2999 1842 3064 majus.

2498 2942 2539 2987 Δ
2556 2938 2809 2987 similibus.

2497 3003 2538 3064 ᾼ
2559 3005 2915 3062 comparatione
2940 3003 3185 3064 majorum.

387 3056 429 3104 Α
453 3064 851 3121 transumptrone.
1250 3072 1253 3075 ‘
1394 3056 1412 3121 ζ
1434 3062 1482 3107 Si
1505 3061 1572 3107 sit
1594 3061 1651 3106 ad
1676 3056 1851 3109 minus.
2502 3056 2762 3111 Minorem.

1433 3004 1481 3045 Si
1508 3004 1568 3045 sit
1593 3004 1652 3045 ad
1675 3004 1843 3059 majus.
2497 3004 2538 3048 Α
2559 3013 2721 3062 compa

1393 3004 1483 3185 {Si
1505 3061 1572 3130 sit
1594 3061 1651 3106 ad
1676 3063 1851 3109 minus.
2502 3062 2721 3111 Miuorun

1436 3127 1486 3170 δι
1510 3133 1573 3170 sit
1594 3123 1653 3168 ad
1679 3135 1780 3181 par.
2504 3124 2721 3173 Pariunt.

260 3201 343 3254 Ac
388 3199 457 3257 de
504 3200 797 3257 dialecticis
824 3205 1037 3273 quidem
1091 3204 1257 3271 locis,
1295 3214 1551 3273 quantum
1581 3206 1840 3273 propesiti

260 3292 445 3358 operis
498 3293 635 3346 ratio
689 3294 921 3361 postulat
972 3295 1344 3362 explicuimus.
1400 3294 1551 3348 Nunc
1595 3309 1721 3348 vero
1774 3296 1840 3349 de

262 3384 546 3436 rhetoricis
595 3384 882 3438 dicendum
935 3387 1145 3439 videtur
1182 3387 1313 3455 quid
1358 3386 1465 3440 sint
1488 3425 1505 3449 ,
1539 3387 1621 3438 νει
1650 3387 1775 3454 quid
1805 3402 1835 3439 a

1933 3206 2252 3269 dialecticis
2300 3208 2607 3276 discrepare
2658 3207 2971 3273 videantur,
3010 3209 3078 3263 ad
3119 3210 3270 3280 cujus
3312 3214 3531 3282 plenam
3576 3236 3579 3239 ·

1947 3297 2362 3367 disputationem
2422 3302 2685 3370 integrum
2730 3301 2907 3371 quarti
2955 3303 3239 3358 voluminis
3295 3310 3525 3374 spatium

1946 3403 2305 3445 τθεετνεωυε.

258 3519 3522 3548 Mm

1389 3620 1736 3703 LIBER
1790 3622 2390 3727 QUARTUS.

1766 3763 2030 3779 ῤ-

339 3837 396 3893 Si
439 3839 560 3908 quis
601 3838 779 3907 operis
809 3838 1016 3892 titulum
1047 3836 1273 3906 diligens
1312 3838 1643 3892 examinator
1672 3840 1840 3907 inspi-
1868 3850 1914 3911 ο
1949 3841 2218 3911 pmhesim
2247 3842 2441 3909 trahit,
2470 3850 2527 3897 et
2559 3852 2786 3913 utraque
2824 3859 2973 3899 suam
3006 3844 3220 3915 quidem
3254 3846 3527 3899 materiam

266 3929 397 3994 ciat,
427 3944 548 3983 cum
578 3930 890 4006 dejopicis
916 3929 1233 4006 differentiis
1259 3930 1669 3986 conscribamus
1689 3971 1704 3996 ,
1734 3947 1843 3989 non

264 4020 317 4074 id
345 4036 374 4073 a
405 4023 561 4076 nobis
611 4002 815 4076 tantum
850 4002 1181 4090 EEEécTJFe
1221 4023 1473 4088 debebit,
1506 4034 1561 4077 ut.
1605 4025 1845 4079 locorum

262 4111 404 4165 inter
427 4126 487 4167 se
508 4112 941 4175 dialecticorum,
970 4113 1053 4166 vel
1080 4114 1241 4169 etiam
1276 4116 1663 4170 rhetoricorum
1691 4116 1845 4171 diffe-

263 4206 468 4260 rentias
508 4207 732 4273 demus,
766 4222 951 4262 verum
983 4208 1035 4261 id
1061 4208 1229 4262 multo
1250 4211 1419 4277 magis
1450 4220 1505 4266 ut
1534 4211 1848 4268 dialecticos

263 4297 414 4353 locos
444 4313 474 4351 a
507 4300 789 4354 rhetoricis
843 4315 1219 4369 segregetnus,
1263 4303 1403 4369 quod
1451 4316 1548 4355 nos
1577 4302 1848 4357 efficacius

265 4392 486 4458 aggredi
514 4407 672 4459 posse
696 4392 1115 4461 arbitramur,si
1146 4393 1214 4446 ab
1243 4392 1354 4461 ipsa
1403 4392 1709 4449 facultatum
1748 4409 1847 4447 na,-

270 4490 387 4533 tnra
409 4522 425 4545 ,
459 4482 764 4549 disputandi
796 4496 1072 4537 sumamus
1102 4483 1394 4538 exordium.
1445 4486 1676 4538 Ostensa
1704 4484 1846 4538 enim

266 4572 567 4627 dialectice
581 4588 646 4628 ac
658 4575 939 4629 rhetorica:
952 4576 1371 4631 similitudineac
1393 4575 1847 4643 dissimilitudine,

265 4662 337 4716 ab
363 4662 598 4730 ipsarum
622 4663 932 4720 facultatum
960 4681 1183 4723 necesse
1211 4678 1295 4721 est
1340 4665 1529 4721 formis
1570 4667 1729 4720 etiam
1774 4669 1852 4721 lo-

264 4766 453 4806 corum
485 4753 575 4823 qui
619 4755 822 4810 eisdem
849 4757 1188 4812 facultatibus
1213 4756 1522 4813 deserviunt
1552 4758 1852 4813 communi.-

266 4853 402 4900 tates
438 4846 935 4917 discrepantiasque
980 4850 1256 4904 ducamus.
1300 4850 1584 4905 Dialectica
1627 4849 1849 4906 facultas

270 4936 436 5002 igitur
458 4938 649 4992 thesim
676 4949 879 4993 tantum
906 4941 1231 4995 considerat.
1253 4941 1444 4997 Thesis
1465 4958 1593 4996 vero
1618 4954 1701 4997 est
1731 4944 1852 4998 sine

264 5026 688 5084 circumstantiis
718 5031 967 5099 quazstio.
1008 5026 1294 5085 ltbetorica
1327 5026 1457 5086 {Ero
1491 5032 1559 5087 de
1590 5033 1854 5109 hvpotlie-

264 5117 525 5181 sibtts,_id
553 5130 637 5173 est
662 5119 730 5174 de
760 5120 1676 5187 quaestionibuscircumstantiarum
1708 5122 1852 5176 mul-

1950 3942 2167 3998 tractat,
2192 3932 2286 3988 sed
2318 3934 2540 3989 alterius
2565 3934 2814 4002 assumit,
2847 3947 2905 3991 ut
2935 3937 3186 4006 proniore
3211 3937 3263 3990 in
3295 3951 3389 3990 sna
3417 3953 3547 3990 ina-.

1953 4025 2084 4076 teria
2137 4023 2389 4079 facultate
2420 4025 2641 4078 nitatur.
2677 4024 2881 4082 Rursus
2907 4025 3183 4083 dialectica
3237 4027 3532 4095 interroga.

1953 4035 2084 4076 terna
2137 4035 2389 4079 facultate
2420 4035 2641 4078 nitatur.
2677 4035 2881 4082 ltursus
2907 4035 3183 4083 dialectica
3237 4035 3532 4095 interroga?

1952 4114 2097 4168 tione
2141 4130 2204 4169 ac
2234 4117 2585 4182 responsione
2615 4119 2902 4172 conSiricta
2936 4128 3039 4174 est.
3071 4116 3355 4172 Rhetorica
3403 4035 3573 4255 veio.\

1952 4222 2065 4255 rem
2118 4206 2443 4255 nronositam
2498 4218 2755 4255 nernetua
2803 4209 3048 4255 oratione
3092 4208 3347 4255 decurrit.
3402 4209 3530 4255 Item

1949 4222 2065 4261 rem
2118 4206 2443 4276 propositam
2498 4218 2756 4278 perpetua
2803 4209 3048 4263 oratione
3092 4208 3347 4263 decurrit.
3401 4209 3530 4262 lteiu

1949 4297 2231 4351 dialectica
2261 4298 2512 4364 perfectis
2544 4299 2706 4352 utitur
2732 4299 3078 4370 syllogismis.
3118 4299 3407 4353 Rhetorica
3436 4313 3533 4351 en-

1951 4389 2340 4458 thymematum
2371 4388 2634 4444 brevitate
2654 4398 2903 4444 contenta
2943 4400 3044 4444 est.
3072 4388 3203 4445 lllud
3237 4390 3398 4443 etiam
3430 4389 3531 4443 dif.

1952 4480 2232 4536 ferentiam
2281 4479 2445 4546 facit,
2497 4481 2639 4549 quod
2690 4483 2877 4535 rhetor
2928 4482 3088 4535 habet
3126 4481 3289 4536 alium
3339 4491 3531 4550 praeter

1953 4572 2319 4628 adversarium
2364 4572 2602 4643 judicem
2622 4614 2638 4639 ,
2673 4574 2767 4643 qui
2798 4574 2937 4629 inter
2966 4585 3221 4645 utrosque
3248 4575 3533 4643 disceptet.

1953 4663 2246 4719 Dialectico
2278 4679 2408 4718 vero
2438 4665 2528 4720 ille
2561 4666 2665 4721 fert
2692 4666 3035 4732 sententiam,
3068 4667 3155 4736 qui
3188 4666 3535 4723 adversarius

1954 4763 2059 4809 est.
2106 4756 2189 4809 Ab
2217 4754 2529 4810 adversario
2571 4756 2711 4810 enim
2750 4758 3029 4825 responsio
3079 4752 3240 4811 veluti
3284 4758 3530 4826 quaedam

1956 4846 2222 4901 sententia
2272 4846 2566 4900 subtilitate
2624 4846 3057 4915 interrogationis
3110 4849 3343 4901 elicitur.
3402 4848 3535 4913 Qua:

1955 4952 2076 4991 cum
2096 4936 2163 4990 ita
2191 4937 2321 5001 sint,
2345 4936 2522 4991 omnis
2542 4951 2727 4992 earum
2754 4938 3075 5001 differentia,
3097 4938 3182 4992 vel
3209 4938 3261 4991 in
3284 4937 3555 5013 finierim;

1954 5028 2037 5081 vel
2063 5029 2113 5080 in
2139 5042 2255 5091 usu,
2287 5028 2371 5082 vel
2397 5030 2449 5100 in
2477 5032 2577 5082 line
2598 5038 2680 5083 est
2699 5032 2986 5083 constituta
3014 5046 3027 5083 :
3055 5031 3105 5083 in
3119 5032 3373 5100 materia,
3406 5024 3557 5097 quini

1955 5117 2123 5173 thesis
2176 5130 2335 5188 atque
2390 5094 2701 5189 hvpothesis
2764 5122 2987 5177 materia
3034 5094 3563 5191 quimrisque

267 5207 497 5260 titudine
526 5208 782 5274 inclusis,
818 5218 1009 5263 tractat
1059 5219 1114 5264 et
1142 5208 1376 5264 disserit.
1416 5210 1843 5265 Circutnstantia:
1880 5234 1935 5296 Β
1961 5210 2198 5279 snbjecta
2254 5221 2371 5275 est;
2418 5211 2469 5264 in
2769 5213 2908 5281 quod
2940 5213 3054 5266 ha-c
3084 5212 3535 5283 interrogatione.

1446 5271 1841 5285 W

267 5309 398 5371 vero
422 5305 545 5349 sunt
574 5313 588 5350 :
612 5297 753 5365 quis,
785 5297 945 5366 quid.
974 5297 1087 5365 ubi,
1115 5298 1327 5366 quando
1347 5341 1362 5365 ,
1394 5312 1510 5365 cur,
1554 5300 1846 5367 quomodo,

267 5310 398 5371 vero
422 5310 545 5349 sunt
574 5313 588 5350 :
612 5313 753 5365 quis,
785 5310 945 5366 quid.
974 5310 1087 5365 ubi,
1115 5310 1327 5366 quando
1347 5341 1362 5365 ,
1394 5312 1510 5365 cur,
1554 5310 1891 5423 quomOdo,\

262 5386 461 5453 quibus
526 5388 885 5442 adminiculis.
939 5389 1145 5444 Rursus
1198 5389 1472 5443 dialectica
1526 5391 1745 5459 quidem
1801 5392 1865 5446 si.

262 5478 482 5543 quando
499 5476 954 5543 circumstantias,
981 5478 1142 5531 veluti
1171 5492 1450 5546 personam
1471 5479 1735 5535 factumve
1753 5482 1853 5535 ali-

267 5567 415 5634 quod
445 5569 509 5622 ad
535 5570 951 5637 disputationem
986 5572 1182 5635 sumit,
1212 5586 1317 5624 non
1345 5571 1723 5639 principaliter,
1755 5572 1849 5629 sed

267 5676 486 5715 munem
518 5662 632 5729 ejus
663 5663 766 5714 vim
796 5662 873 5715 ad.
901 5661 1113 5726 thesim,
1162 5662 1230 5716 de
1257 5678 1357 5732 qua
1386 5663 1603 5718 disserit
1677 5674 1852 5721 trans.‘

267 5752 393 5808 fert.
447 5753 732 5810 lthetorica
778 5770 911 5811 vero.
946 5755 997 5811 si
1025 5755 1214 5812 thesim
1245 5756 1623 5826 assumpscril,
1656 5757 1720 5826 ad
1751 5757 1846 5827 hy-

1962 5302 2047 5354 illa
2088 5310 2342 5369 perpetua
2373 5303 2616 5356 oratione
2645 5302 2929 5372 disceptat,
2955 5303 3039 5356 vel
3069 5301 3207 5371 quod
3241 5303 3358 5357 haec
3402 5302 3514 5357 inte

1959 5392 2067 5458 gris
2095 5391 2441 5462 syllogismis,
2466 5392 2555 5447 illa
2579 5408 2704 5449 vero
2725 5393 3214 5463 enthymematibus
3235 5395 3460 5465 gaudet;
3487 5412 3537 5449 in

1956 5482 2095 5559 figi
2113 5496 2239 5536 vero
2263 5522 2279 5546 ,
2328 5482 2468 5550 quod
2499 5482 2617 5538 haec
2669 5485 2992 5553 persuadere
3032 5486 3233 5552 judici,
3269 5477 3353 5539 illd
3393 5486 3535 5555 quod

1956 5574 2071 5628 vult
2118 5573 2188 5628 ab
2215 5575 2528 5630 adversario
2558 5585 2878 5644 extorquere
2930 5587 3175 5632 conatur.
3224 5577 3424 5644 Quibus
3465 5577 3541 5631 ita

1955 5667 2293 5736 praecognitis
2321 5668 2478 5736 paulo
2504 5667 2771 5737 posterius
2799 5675 2851 5719 et
2873 5668 3196 5734 quiestiones
3239 5668 3549 5724 rhetoricas

1955 5776 2071 5828 qua:
2099 5761 2149 5816 in
2182 5759 2658 5815 constitutionibus
2684 5759 2869 5828 posita:
2895 5768 3041 5827 sunt,
3063 5771 3115 5818 et
3144 5762 3347 5834 proprii
3376 5776 3541 5832 gcnc~

3624 2192 3657 2229 Ὅ
