4014 6336
577 286 711 372 fin?

573 420 649 487 ris
677 430 1106 487 enumerabitmis
1146 428 1310 482 locos.
1342 426 1487 481 Nunc
1520 425 1792 494 paulisper
1827 425 1955 477 mihi
2002 422 2152 475 vide-

574 534 662 577 tur
694 524 762 577 de
803 531 908 576 tota
942 521 1227 575 admodum
1256 519 1495 571 breviter
1525 516 1779 570 facultate
1806 511 2145 569 tractandum

574 631 822 685 magnum
846 630 978 681 Opus
1002 624 1158 683 alque
1181 613 1419 666 difﬁcile.
1444 612 1649 679 Quanta
1668 610 1810 664 enim
1827 608 2041 662 sibimet
2064 622 2156 660 ars

574 702 838 761 rhetorica
862 706 1177 776 cnguatioue
1205 704 1480 774 jungatur,
1507 716 1613 755 non
1641 702 1794 756 facile
1818 699 2151 755 considerari

576 800 1037 868 potest,‘vixque
1102 809 1183 850 est
1246 798 1405 850 etiam
1460 807 1514 849 ut
1564 795 1742 848 auditu
1801 790 2152 847 animadverti

563 878 752 956 queat,
779 889 976 944 nedum
1000 889 1068 941 sit
1093 888 1247 943 facile
1276 898 1510 956 repertu.
1543 886 1617 941 De
1639 886 1794 953 cujus
1827 884 2041 953 quidem
2070 882 2151 936 rei

571 982 858 1033 traditione
881 980 1008 1034 nihil
1036 980 1104 1033 ab
1124 979 1362 1048 antiquis
1386 978 1803 1047 prmccptoribus
1821 974 2147 1043 accepimus.

572 1074 645 1127 lle
678 1088 1003 1141 unoquoque
1041 1072 1183 1125 enim
1217 1071 1565 1140 prmcipiunt,
1601 1068 1731 1123 nihil
1778 1067 1843 1120 de
1879 1063 2149 1120 communi

568 1166 899 1221 laborantes.
929 1165 1097 1233 Quam
1128 1174 1330 1234 partem
1359 1163 1618 1219 doctrinm
1649 1176 1889 1226 vacuam,
1929 1171 1988 1213 ut
2017 1170 2146 1225 pos.

565 1274 774 1325 sumus,
799 1259 1188 1328 aggrediamur.
1212 1258 1468 1325 Dicemus
1484 1257 1660 1327 itaque
1678 1253 1745 1309 de
1762 1254 1973 1321 generis
1994 1253 2147 1329 artis,

566 1362 620 1413 et
643 1353 944 1423 speciebus,
971 1362 1025 1405 et
1049 1350 1296 1417 materia,
1326 1358 1381 1403 et
1412 1349 1671 1418 partibus,
1696 1356 1749 1401 et
1770 1348 2145 1409 instrumento,

568 1442 1014 1519 iustrumentique
1043 1443 1303 1511 partibus,
1342 1428 1508 1511 opere
1539 1439 1697 1492 etiam
1731 1438 2016 1505 officioque
2056 1451 2148 1491 ac-

569 1533 704 1605 toris
734 1545 786 1588 et
813 1535 937 1598 fine,
965 1544 1083 1603 post
1116 1534 1231 1587 lucc
1261 1533 1329 1588 de
1359 1530 1749 1603 quaestionibus
1794 1546 1855 1582 ac
1884 1530 1951 1583 de
1993 1529 2145 1583 locis.

566 1624 829 1691 Quocirca
862 1625 1002 1693 quod
1036 1625 1086 1677 iu
1136 1624 1406 1678 communi
1451 1621 1831 1692 speculandum
1862 1631 1944 1674 est
1976 1662 1991 1686 ,
2026 1620 2151 1674 hinc

567 1715 865 1770 disserendi
904 1730 1180 1769 sumamus
1218 1715 1519 1768 exordium.
1548 1713 1850 1767 Rhetorica:
1875 1714 2147 1795 igiturge:

1809 311 1914 365 AN.
1960 308 2163 364 ιιικιμ
2207 306 2358 361 δεῖν.
2403 308 2620 362 ΠΟΕΤΣΙ

2185 424 2235 479 Α
2263 420 2551 475 rhetorica:
2601 421 2985 490 providendum
3014 430 3118 475 est.
3167 420 3352 501 [δάιε-ιε
3380 423 3516 477 enim
3546 424 3780 487 rhetorica

3675 317 3776 373 ιὲθι

2260 523 2386 566 sum
2412 513 2672 583 quinque.
2704 512 3576 585 uirentiaiiisaasﬂic.gestuin.
3613 532 3779 574 ηιεωεμ

3458 576 3617 597 HA

2261 607 2439 672 ratio,
2464 605 2850 675 pronuntiatio,
2898 603 3084 658 Partes
3106 611 3289 657 autem
3322 592 3779 674 νοωιιιυῧιῖᾶῧεθ,

2258 700 2379 765 quia
2407 700 2450 751 si
2480 698 2681 768 aliquid
2707 698 2892 750 harum
2924 696 3156 752 defuerit
3180 698 3403 762 oratori,
3427 698 3701 769 imperfecta
3725 704 3783 756 fa-

2257 792 2426 843 tuluis
2454 801 2568 849 est:
2599 801 2759 860 atque
2788 791 2907 845 ideo
2932 806 3050 860 quae
3078 791 3379 845 universam
3404 791 3618 847 formant
3638 807 3785 850 orato-
3843 848 3853 865 ,

2257 885 2389 937 riam
2434 883 2761 947 facultatem,
2794 899 2856 939 ea
2899 896 3078 952 partes
3106 882 3375 938 facultatis
3401 883 3514 953 ejus
3535 884 3695 941 dicere
3718 888 3784 955 ius

2254 984 2357 1029 est.
2385 974 2490 1030 Sed
2515 975 2597 1030 ha:
2619 986 2798 1043 partes
2819 976 3069 1044 queuiam
3092 976 3378 1029 rhetorica:
3400 976 3646 1031 facultatis
3667 990 3785 1045 sunt,

2257 1077 2528 1129 totamque
2557 1068 2880 1122 rhetoricam
2910 1068 3217 1126 facultatem
3245 1083 3584 1139 componunt,
3606 1089 3785 1128 uenisse

2254 1168 2337 1211 (ιιι
2361 1170 2418 1212 ιιι
2445 1160 2531 1212 ubi
2561 1158 2717 1212 fuerit
2743 1159 3012 1214 rhetorica
3047 1163 3278 1231 integra,
3315 1164 3447 1227 ipsa:
3473 1180 3666 1233 quoque
3692 1180 3785 1232 par-

2256 1259 2336 1300 tes
2361 1259 2758 1316 consequantur
2782 1254 2835 1302 in
2861 1252 3091 1318 propriis
3117 1253 3437 1319 speciebus;
3459 1269 3637 1327 omnes
3661 1255 3785 1321 igitur

2255 1339 2540 1394 rhetorica;
2572 1352 2749 1410 partes
2781 1342 2996 1395 inerunt
3039 1343 3324 1399 rhetorica:
3361 1345 3646 1413 speciebus.
3672 1346 3788 1412 Quo-

2254 1434 2395 1486 circa
2427 1441 2480 1485 et
2510 1432 2593 1485 bis
2630 1433 2880 1486 civilibus
2910 1437 3138 1501 negotiis
3169 1437 3466 1491 tractandis
3492 1438 3783 1501 adhibentur,

2253 1538 2373 1591 qua:
2414 1538 2442 1574 a
2494 1525 2765 1592 prardictis
2818 1527 3102 1591 speciebus
3148 1531 3433 1582 rhetorica}
3476 1528 3783 1593 informatur;

2253 1630 2407 1685 atque
2438 1617 2602 1685 igitur
2625 1617 2676 1671 in
2697 1618 2941 1687 judiciali
2994 1622 3210 1687 negotio
3241 1631 3293 1673 et
3323 1624 3374 1674 in
3402 1622 3721 1677 deliberativo
3745 1639 3787 1678 et

2253 1709 2700 1778 demonstrativo,
2760 1712 3018 1777 inventio,
3068 1715 3373 1782 dispositio,
3424 1719 3668 1780 elocutio,
3702 1735 3789 1773 me-

563 1817 773 1894 west
797 1806 1041 1860 facultas.
1070 1807 1289 1877 ms
1313 1824 1440 1862 vero
1469 1817 1597 1871 tres,
1620 1806 1897 1875 judiciale,
1924 1791 2145 1859 demit.
2180 1791 2225 1852 Β
2256 1803 2445 1867 moria,
2500 1805 2973 1874 pronuntiatioque
3005 1809 3353 1861 conveniunt.
3393 1810 3649 1874 Quoniam
3690 1826 3789 1865 vero

567 1901 845 1955 strativnm
871 1945 886 1969 ,
923 1901 1351 1963 deliberativum,
1390 1910 1444 1954 et
1474 1917 1642 1970 genus
1686 1900 1899 1969 quidem
1931 1898 1982 1952 id
2024 1913 2144 1954 esse

567 1982 707 2056 quod
731 1992 965 2045 diximus
988 2004 1152 2061 patet.
1177 1993 1395 2061 Species
1427 2004 1603 2046 autem
1637 1992 1839 2046 idcirco
1864 2002 1986 2045 sunt
2013 2008 2145 2061 quis

571 2083 819 2150 superius
874 2084 1417 2136 commemoravimus
1449 2123 1463 2146 ,
1522 2081 1770 2150 quoniam
1827 2081 1877 2134 itt
1930 2082 2010 2133 his
2065 2092 2146 2134 est

566 2183 677 2225 tota
723 2172 944 2227 facultas
970 2174 1271 2227 rhetoricae.
1307 2175 1359 2226 lu
1381 2173 1621 2241 judiciali
1646 2188 1843 2240 genere
1864 2188 2143 2225 causarum

564 2264 769 2332 integra
822 2275 938 2327 est;
989 2266 1113 2319 item
1171 2266 1223 2318 in
1272 2265 1730 2328 demonstrativo,
1765 2267 1847 2319 vel
1881 2265 2146 2319 delibera-

565 2356 697 2408 tivo.
723 2356 831 2411 Sed
877 2357 989 2410 lucc
1024 2372 1217 2424 genera
1263 2368 1389 2411 sunt
1433 2372 1741 2410 causarum.
1781 2358 1978 2412 Omnes
2002 2359 2143 2411 enim

562 2448 1609 2528 catisgeyvelspecialesvelindividua},
1639 2450 1739 2502 sub
1768 2448 1957 2503 horum
1985 2452 2143 2503 trium

562 2552 817 2603 generum
836 2555 942 2592 uno
963 2542 1183 2603 cadunt,
1206 2550 1264 2593 ut
1285 2540 1638 2609 subjudiciali
1655 2541 1867 2611 quidem
1886 2541 2145 2610 speciales

565 2638 623 2678 ut
669 2626 963 2697 majestatis
1011 2630 1093 2684 vel
1137 2632 1579 2699 repetundarum.
1631 2633 1744 2686 Sub
1792 2632 2144 2687 deliberativo

564 2734 694 2772 vero
724 2736 1053 2789 quaecunque
1077 2736 1255 2777 causae
1276 2725 1725 2778 consultationem
1749 2722 1947 2778 habent
1974 2742 1986 2777 :
2018 2734 2075 2778 ut
2100 2726 2145 2778 si

566 2812 873 2879 specialiter
899 2814 1131 2882 accipias
1153 2815 1221 2870 de
1244 2815 1386 2869 bello
1409 2817 1490 2870 vel
1519 2817 1585 2870 de
1617 2833 1770 2885 pace,
1801 2818 1844 2873 si
1870 2835 1996 2873 vero
2019 2819 2148 2873 iudi-

562 2904 721 2956 vidue
752 2904 817 2959 de
846 2905 987 2959 bello
1022 2905 1207 2976 Pyrrhi
1236 2907 1323 2960 vel
1368 2923 1518 2975 pace.
1552 2908 1753 2962 Eodem
1786 2909 1946 2964 modo
1976 2911 2137 2963 etiam

563 2996 615 3048 in
644 2996 1098 3061 demonstrativis,
1129 3013 1465 3066 qumcunquc
1486 3000 1707 3053 veniunt
1734 3000 1787 3054 iu
1815 3001 2026 3054 laudem
2051 3013 2146 3054 aut

563 3088 616 3140 in
656 3087 1122 3154 vituperationem,
1183 3089 1753 3159 specialiterquidem,
1810 3104 1865 3144 ut
1898 3094 2015 3147 laus
2045 3095 2141 3147 viri

2250 1897 2427 1949 omnis
2458 1897 2568 1951 fere
2592 1897 2818 1951 facultas
2849 1899 3204 1977 Law
3245 1902 3415 1954 utitur
3444 1901 3508 1955 ad
3538 1901 3787 1957 faciendum

2249 1988 2389 2055 quod
2422 1997 2618 2056 potest.
2651 1992 2753 2043 erit
2790 1992 2952 2045 etiam
3002 1993 3287 2047 rhetorica!
3319 1994 3582 2049 facultatis
3617 1998 3787 2063 aliquod

2251 2082 2697 2142 instrumentum;
2750 2081 2852 2135 hoc
2884 2098 3010 2137 vero
3062 2094 3143 2137 cst
3172 2085 3366 2146 oratio,
3401 2102 3523 2154 qua:
3550 2087 3721 2154 partim
3748 2087 3789 2141 in

2249 2172 2391 2225 civili
2424 2188 2623 2241 genere
2654 2188 2920 2240 versatur,
2958 2181 3151 2244 partim
3185 2177 3430 2231 minime.
3465 2178 3540 2231 De
3561 2194 3617 2232 ea
3649 2188 3787 2232 autem

2249 2265 2489 2345 nratioite
2520 2279 2662 2317 nunc
2685 2264 2955 2332 loquimur
2984 2283 3106 2335 qua:
3128 2269 3360 2335 aliquam
3392 2270 3554 2322 habet
3582 2270 3789 2337 quastio-

2251 2371 2394 2419 nem,
2425 2358 2505 2408 vel
2537 2372 2659 2424 quas
2708 2358 2774 2411 ad
2828 2359 2986 2413 finem
3023 2361 3372 2427 expedienda:
3405 2364 3700 2431 qumstionis
3720 2380 3788 2416 ac-

2248 2448 2652 2512 commodatur;
2700 2465 2761 2505 ea
2793 2468 2920 2504 veru
2962 2454 3135 2506 oratio
3175 2471 3296 2522 qum
3347 2458 3400 2509 in
3446 2456 3592 2509 civili
3634 2471 3792 2525 genere

2251 2547 2513 2601 versatur,
2538 2541 2790 2594 continue
2813 2541 3082 2607 decurrit;
3114 2558 3174 2597 ea
3208 2561 3336 2597 vero
3383 2562 3461 2615 qu
3481 2564 3510 2596 e
3542 2562 3640 2599 non
3667 2548 3791 2600 estin

2247 2626 2493 2681 civilibus
2515 2630 2714 2695 causis,
2754 2632 3169 2700 interrogatiooe
3193 2644 3250 2688 et
3283 2638 3633 2705 responsione
3652 2636 3791 2702 expli.

2247 2727 2417 2772 catur.
2449 2720 2555 2773 Sed
2588 2723 3053 2791 primigetnrica,
3087 2728 3646 2800 seetiMalectia
3689 2744 3793 2781 nua-

2248 2820 2496 2877 cupatur,
2543 2827 2661 2879 qua:
2702 2812 2801 2866 huc
2852 2816 3133 2881 superiore
3161 2815 3339 2870 differt
3379 2834 3393 2868 :
3432 2817 3790 2886 primumquod

2248 2900 2336 2952 illa
2394 2901 2603 2955 civilem
2658 2902 3019 2971 hyputhesmi,
3072 2908 3185 2959 btet:
3239 2908 3436 2962 thesim
3487 2909 3792 2971 considerat;

2248 2993 2443 3047 dehinc
2488 2995 2630 3063 quod
2677 2996 2760 3047 illa
2811 2997 3085 3059 continua,
3133 2999 3247 3051 haec
3304 3001 3557 3053 intercisa
3586 3002 3791 3053 oratione

2252 3087 2546 3154 peragitur,
2576 3098 2623 3140 et
2659 3087 2800 3154 quod
2836 3088 3103 3141 rhetorica
3130 3091 3304 3143 oratio
3330 3091 3498 3145 habet
3520 3101 3698 3161 prmter
3718 3091 3793 3144 ad-

566 3178 742 3241 fertis,
771 3179 1040 3232 individuo
1070 3196 1219 3241 vero,
1255 3191 1312 3233 ut
1336 3180 1451 3234 laus
1474 3162 1757 3251 Scipionis,
1787 3184 1886 3237 sub
1915 3185 2138 3238 demon-
2172 3163 2219 3227 (ἶ
2255 3180 2553 3232 versarium
2596 3180 2862 3246 iudicem.
2905 3182 3184 3235 dialectica
3229 3197 3361 3236 vero
3418 3184 3610 3237 eodem
3651 3182 3798 3250 judice

564 3270 821 3322 stratiuue
846 3279 1137 3337 ponuntur.
1165 3270 1532 3343 Migginem
1562 3275 1718 3343 hujus
1742 3274 2013 3329 facultatis
2039 3286 2142 3341 est,

562 3362 736 3413 niunis
762 3361 973 3430 quidem
1009 3379 1095 3417 res
1125 3367 1394 3433 proposita
1426 3368 1490 3419 ad
1521 3368 1630 3421 dict
1653 3383 1832 3422 onem.
1881 3368 2014 3424 Fere
2044 3385 2142 3423 au-

562 3463 666 3506 tem
699 3460 781 3505 est
818 3453 990 3506 civilis
1025 3456 1271 3523 qua-stic.
1309 3456 1367 3510 In
1399 3456 1536 3511 banc
1572 3459 1780 3527 species
1805 3475 1834 3512 a
1872 3460 2142 3515 rhetorica

561 3546 841 3599 venientes
892 3548 1041 3614 quasi
1096 3548 1341 3615 qumdam
1375 3549 1561 3605 forma:
1598 3554 1812 3620 capiunt
1843 3555 1943 3606 sibi
1976 3565 2141 3606 mate-

555 3654 714 3702 riam,
768 3650 822 3692 et
878 3640 1071 3708 triplici
1118 3641 1459 3697 infurmatam
1492 3652 1676 3698 tenent
1724 3645 1964 3709 figuram.
1998 3648 2138 3716 quod

556 3730 822 3796 posterius
853 3731 1098 3799 liquiehit,
1130 3744 1187 3785 ut
1210 3734 1383 3787 civilis
1414 3738 1658 3803 quaestio,
1699 3752 1820 3805 qum
1855 3738 2031 3791 adhuc
2061 3740 2140 3790 in-

556 3821 744 3873 formis
774 3823 1065 3874 secundnui
1100 3826 1305 3892 species
1333 3836 1469 3893 erat,
1508 3827 1598 3879 ftat
1628 3838 1849 3896 accepto
1891 3831 1994 3881 fine
2024 3832 2139 3881 uni-

557 3912 750 3980 c~nique
797 3917 1098 3980 specii-rum
1151 3916 1431 3987 rhetorica;
1482 3920 1742 3985 subjecta.
1797 3918 1864 3973 Ut
1896 3919 2137 3973 informis

551 4004 729 4056 adhuc
773 4004 945 4057 civilis
982 4006 1205 4072 quzestio
1242 4021 1365 4060 cum
1403 4010 1672 4077 acceperit
1712 4025 1776 4063 ex
1806 4009 2045 4077 judiciali
2076 4012 2137 4063 ii-

556 4110 676 4145 nem
700 4093 854 4162 justi,
889 4086 979 4148 fiat
1008 4098 1118 4165 ipsa
1140 4098 1319 4152 civilis
1341 4100 1568 4169 quaestio
1594 4100 1644 4151 in
1668 4101 1906 4169 judiciali
1938 4118 2135 4170 genere

550 4188 860 4240 cuustituta.
895 4188 1027 4241 Cum
1058 4206 1182 4244 vero
1208 4206 1275 4245 ex
1300 4191 1653 4246 deliberativo
1684 4197 1974 4261 sumpserit
2004 4197 2133 4250 utile

549 4279 632 4333 vel
666 4280 968 4342 honestum,
1011 4292 1134 4336 tunc
1165 4285 1252 4337 fiet
1303 4278 1414 4353 ipsa
1448 4287 1625 4339 civilis
1655 4287 1882 4353 quzestio
1911 4287 1962 4340 in
1995 4288 2134 4340 deli-

549 4370 791 4425 berativo
824 4387 1102 4427 causarum
1132 4391 1328 4443 genere
1356 4379 1666 4430 constituta.
1697 4379 1751 4431 Si
1780 4396 1909 4431 vero
1932 4395 1998 4432 ex
2039 4380 2131 4431 de-

550 4464 939 4517 moustratione
970 4456 1271 4531 sutupserit'
1308 4469 1529 4531 bonum,
1564 4480 1673 4521 tum
1707 4470 1760 4522 fit
1794 4470 2131 4522 detuonstra-

2250 3284 2357 3336 quo
2408 3271 2718 3325 adversario
2777 3273 2965 3325 utitur.
3003 3272 3128 3326 llaec
3160 3274 3322 3341 igitur
3367 3275 3636 3328 rhetorica
3660 3274 3799 3328 oratio

2250 3360 2411 3416 habet
2442 3375 2751 3433 plng
2787 3381 2799 3416 :
2835 3364 3188 3432 promittunt,
3221 3366 3362 3433 quod
3408 3366 3680 3419 evordium
3714 3373 3793 3425 est,

2248 3454 2631 3529 narrationem,
2657 3455 3018 3520 partitionem,
3037 3456 3535 3529 confirmationem,
3553 3454 3795 3524 reprehen-

2246 3528 2485 3610 sionem,
2509 3548 2925 3612 perorationem,
2958 3561 3076 3614 qua:
3123 3528 3251 3599 sunt
3281 3558 3465 3635 lges
3494 3544 3794 3637 imitamenti

2246 3638 2536 3692 rhetoricae
2566 3638 2859 3701 facultatis;
2904 3646 2960 3692 et
2986 3643 3237 3709 quoniam
3267 3634 3539 3695 τΙιειῖὶῖὶῖΞι
3575 3642 3625 3695 in
3652 3640 3794 3695 omni-

2245 3730 2345 3783 bus
2367 3730 2479 3784 suis
2510 3730 2796 3797 Specicbus
2822 3732 2980 3794 inest,
3009 3733 3055 3785 ei
3090 3731 3212 3785 dem
3240 3735 3477 3786 inerunt.
3524 3733 3627 3787 Nec
3655 3732 3795 3801 potius

2244 3823 2460 3877 inerunt
2488 3838 2648 3892 quam
2678 3823 2881 3878 eisdem
2911 3839 2974 3877 ea
3023 3840 3142 3893 qua:
3193 3836 3459 3893 peragunt
3497 3824 3796 3877 administra-

2243 3915 2398 3970 bunt.
2432 3915 2616 3984 Itaque
2662 3926 2712 3967 ιι
2744 3915 2795 3968 iu
2833 3915 3071 3983 judiciali
3102 3931 3303 3981 genere
3328 3931 3616 3969 causarum
3647 3927 3796 3968 neces-

2240 4008 2413 4061 sarius
2439 4017 2521 4060 cst
2560 4007 2694 4060 ordo
2726 4006 2992 4075 promoui,
3027 4007 3351 4062 narrationis
3397 4018 3564 4077 atque
3605 4015 3797 4059 cateru-

2241 4116 2384 4163 rum,
2416 4110 2471 4154 et
2504 4102 2555 4153 in
2584 4100 3006 4154 demonstrativo
3038 4100 3507 4169 deliberativoque
3529 4095 3797 4153 necessaria

2240 4204 2384 4247 sunt.
2406 4193 2558 4269 Opus
2584 4203 2761 4247 autem
2791 4192 3694 4269 rltetorpiem‘facul‘taus‘fstqdocere
3712 4199 3797 4241 mo-

2240 4302 2494 4357 vereque,
2546 4286 2688 4354 quod
2737 4286 3084 4337 nihilominus
3126 4264 3457 4337 isdem—fere
3500 4298 3599 4336 sex
3634 4284 3799 4333 instru-

2240 4362 2457 4441 meniis,
2489 4380 2539 4433 id
2565 4390 2646 4433 est
2666 4380 2926 4431 orationis
2952 4377 3215 4443 partibus,
3240 4375 3668 4428 administratur.
3694 4372 3794 4424 Par-

2241 4482 2320 4523 tes
2344 4481 2521 4525 autem
2550 4472 2851 4536 rhetoricze,
2880 4469 3129 4539 quoniam
3154 4479 3332 4537 partes
3360 4476 3492 4521 sunt
3540 4464 3793 4521 facultatis,

3522 4258 3735 4271 υ-ηνι-η--ο

3184 4260 3343 4273 -ήννᾴ-

547 4556 652 4608 tiva
697 4555 870 4610 civilis
912 4558 1159 4625 quaestio.
1206 4558 1439 4612 Veniunt
1468 4569 1644 4612 autem
1677 4569 1732 4612 ut
1756 4562 1804 4612 in
1849 4562 2125 4613 materiam
2158 4542 2211 4601 D
2239 4569 2368 4631 ipsae
2415 4578 2631 4631 quoque
2660 4574 2785 4615 sunt
2830 4562 3129 4615 facultates.
3160 4560 3422 4626 Quocirca
3456 4560 3590 4628 ipsa:
3618 4565 3796 4624 quoque

546 4646 756 4714 species
778 4662 843 4699 ex
886 4648 1175 4713 rhetorica,
1231 4649 1431 4704 idcirco
1461 4651 1603 4720 quod
1634 4651 1791 4705 aliter
1815 4653 1868 4705 in
1908 4656 2127 4706 materia

546 4756 640 4794 sua
693 4740 943 4808 quaalibet
996 4740 1221 4815 facultas
1251 4758 1356 4795 non
1404 4752 1583 4811 potest
1609 4744 1844 4811 operari.
1880 4760 2037 4813 quam
2084 4747 2127 4798 si

544 4849 670 4887 suas
700 4833 949 4886 adhibeat
979 4824 1177 4913 partes.
1230 4834 1556 4888 Absentihus
1587 4835 1728 4888 enim
1768 4837 1978 4888 eunetis
2007 4850 2130 4904 par-

545 4925 688 4977 tibus
710 4926 821 4977 suis
849 4922 1119 4977 rhetorica
1142 4938 1351 4992 quoque
1379 4925 1489 4994 ipsa
1518 4936 1600 4978 est
1622 4927 1835 4978 absens.
1862 4927 1965 4981 Sed
1998 4943 2134 4995 quo-

544 5019 687 5069 niam
734 5015 804 5070 de
833 5015 1118 5083 speciebus
1150 5015 1353 5067 dictum
1402 5025 1487 5069 est
1543 5017 1845 5081 rhctouicm,
1877 5019 2127 5086 quoniam

543 5119 667 5160 sunt
691 5121 885 5177 genera
913 5120 1215 5168 causarum,
1253 5105 1323 5159 ita
1361 5116 1506 5171 sunt,
1538 5115 1595 5159 ut
1624 5108 1858 5160 ninnium
1893 5108 2132 5176 negotio-

544 5216 662 5253 rum
696 5215 813 5269 qua‘:
836 5200 891 5253 in
923 5200 1066 5255 civili
1097 5202 1396 5269 quaestione
1423 5201 1710 5253 constituta
1734 5211 1877 5265 sunt,
1908 5211 2132 5270 accepto

547 5297 654 5346 fine
702 5293 1136 5362 justi,‘judiciale
1189 5291 1253 5345 sit
1285 5307 1501 5361 genus;
1553 5294 1790 5346 omnium
1847 5309 1975 5347 vero
2004 5309 2126 5363 qua:

544 5386 831 5438 constituta
864 5395 985 5438 sunt
1018 5384 1069 5437 in
1102 5384 1241 5437 civili
1266 5384 1582 5452 qumstioue,
1606 5384 1885 5438 honestum
1918 5385 2000 5438 vel
2029 5386 2130 5438 uti-

546 5478 649 5530 Ictu
696 5477 853 5532 fine'in
901 5490 1178 5545 ceperunt,
1230 5477 1641 5530 deliberativum
1666 5471 1963 5545 sitgenus;
2012 5495 2128 5533 0m-

549 5569 694 5623 ninm
739 5586 949 5639 quoque
991 5586 1108 5638 qua!
1143 5571 1193 5623 in
1240 5568 1382 5623 civili
1423 5569 1719 5637 quaestione
1750 5570 1920 5637 posita
1965 5571 2124 5625 finem

549 5661 757 5713 honesti
790 5671 991 5714 tantutn
1027 5661 1218 5715 bonive
1252 5670 1615 5731 smnpserunt,
1646 5661 1715 5714 sit
1748 5661 2125 5715 demonstrati-

549 5773 671 5809 vum
708 5773 899 5827 genus.
943 5757 1045 5813 Sed
1077 5759 1140 5811 de
1171 5758 1251 5814 his
1284 5758 1558 5814 hactenus.
1597 5758 1743 5813 Nunc
1779 5758 1845 5813 de
1882 5757 2123 5825 partibus

2236 4655 2497 4709 orationis
2528 4653 2769 4721 partibus
2809 4652 2960 4720 quasi
2990 4651 3360 4705 instrumentis
3389 4659 3610 4701 utentur
3634 4649 3682 4699 in
3704 4658 3792 4711 par-

2238 4758 2368 4811 tem,
2402 4760 2561 4815 atque
2604 4756 2660 4797 ut
2687 4745 2770 4797 his
2809 4756 3116 4813 operentur,
3152 4759 3182 4797 e
3207 4744 3357 4796 sdcm
3389 4743 3573 4795 inerit.
3615 4740 3730 4792 Nam
3756 4736 3795 4786 in

2235 4838 2474 4890 exordiis
2509 4836 2609 4888 nisi
2634 4838 2867 4903 quinque
2891 4835 3000 4887 sint
3023 4832 3292 4901 praedicue
3314 4832 3604 4884 rhetoricae
3627 4836 3793 4895 partes,

2240 4940 2292 4980 ut
2318 4929 2574 4992 inveniat,
2608 4926 2880 4995 disponat,
2912 4926 3217 4992 eloquatur,
3234 4921 3568 4983 meminerit,
3596 4912 3823 4987 pronun-l

2239 5022 2354 5084 tiet,
2397 5021 2529 5074 nihil
2553 5023 2660 5088 agit
2687 5028 2892 5073 orator.
2928 5017 3128 5071 Eodem
3162 5030 3378 5084 quoque
3420 5014 3586 5067 modo
3613 5019 3665 5065 et
3693 5008 3797 5060 reli-

2234 5129 2356 5181 quae
2387 5115 2499 5167 fere
2529 5121 2707 5180 partes
2738 5109 3079 5165 instrumenti
3105 5108 3203 5161 nisi
3237 5107 3469 5160 habeant
3495 5117 3679 5158 omnes
3700 5101 3793 5150 rite

2236 5206 2421 5259 lorica:
2454 5215 2655 5273 partes,
2704 5204 2899 5256 frustra
2931 5211 3075 5255 sunt.
3131 5198 3298 5267 llujns
3325 5208 3509 5250 autem
3562 5190 3796 5248 facultatis

2234 5296 2459 5351 effector
2487 5305 2673 5349 orator
2695 5302 2801 5359 est,
2828 5293 2980 5360 cujus
3007 5281 3794 5369 estgjﬂﬂumﬁﬂiswsm

2235 5389 2300 5442 ad
2333 5387 2756 5456 persuasionem.
2816 5384 2963 5461 [finis
3016 5391 3190 5436 autem
3227 5392 3334 5434 tum
3380 5381 3430 5432 io
3462 5380 3603 5445 ipso,
3635 5373 3795 5426 tumin

2236 5480 2433 5534 altero.
2481 5481 2535 5533 lu
2582 5478 2703 5547 ipso
2734 5466 2948 5545 quidem
2984 5474 3119 5529 bene
3162 5473 3383 5528 dixisse.
3418 5473 3466 5521 id
3516 5466 3793 5524 estdixiSse

2234 5570 2475 5639 apposite
2497 5570 2563 5622 ad
2596 5568 2996 5636 persuasionem
3023 5581 3038 5629 ;
3073 5568 3125 5618 in
3158 5566 3331 5617 altera
3361 5578 3489 5615 vero
3518 5558 3792 5629 persuasisv

2234 5676 2311 5716 se.
2346 5661 2525 5730 Neque
2550 5662 2700 5715 enim
2732 5660 2776 5713 si
2808 5675 2916 5728 qua
2963 5658 3255 5727 impediunt
3291 5666 3558 5708 oratorem
3588 5665 3687 5720 quo
3711 5648 3789 5698 ruiv

2234 5772 2333 5811 nus
2365 5756 2699 5822 persuadeat,
2727 5753 2901 5806 officio
2922 5752 3079 5817 facto,
3110 5750 3229 5805 finis
3251 5764 3351 5803 non
3370 5756 3449 5802 est
3466 5750 3788 5801 consecutus.
