4036 6336
271 319 409 375 1209

1310 328 1395 382 ne
1440 306 1912 383 titi‘rttnsmns
1952 324 2234 380 TOPICIS.
2279 313 2405 379 LIB.
2452 325 2533 382 tv.

3396 326 3530 380 1210

268 441 364 496 sed
394 440 439 493 is
460 439 671 509 quidem
708 442 793 510 qui
826 443 1007 496 officio
1036 443 1133 497 ftiit
1171 446 1454 512 contiguus
1477 459 1531 498 et
1563 457 1837 511 cognatus,

1952 445 2205 505 gregatttr
2230 455 2244 492 :
2269 447 2359 491 aut
2380 439 2521 490 enim
2548 436 2600 490 in
2624 438 2741 504 ipso
2764 439 2902 490 facto
2919 437 2997 491 vis
3018 434 3347 491 defensionis
3368 438 3529 503 inest,

268 536 630 603 consequitur,
658 535 797 589 facto
824 526 1005 590 officio
1030 554 1045 600 ;
1078 537 1125 590 is
1149 552 1275 591 vero
1302 539 1389 605 qui
1421 550 1578 591 extra
1607 538 1848 592 contine-

270 638 377 692 tur,
404 641 544 695 srepe
583 642 686 681 non
716 631 1082 696 consequitur,
1111 646 1283 698 neque
1317 640 1493 683 tamen
1522 630 1846 697 rhetoricam

268 734 368 772 suo
393 719 497 773 line
519 730 831 779 contentam
867 722 1071 777 honore
1100 726 1376 777 vacuavit:
1413 725 1525 777 hmc
1546 726 1757 792 quidem
1780 726 1847 779 ita

269 820 395 863 sunt
426 812 603 875 mista,
633 820 692 864 ut
713 813 979 868 rhetorica
1007 816 1132 868 insit
1160 816 1461 883 speciebus,
1489 819 1695 884 species
1722 832 1850 870 vero

269 900 449 955 insint
479 903 676 957 causis.
729 902 1021 958 Causarum
1052 921 1180 959 vero
1208 916 1384 975 partes
1414 915 1584 961 status
1624 921 1746 961 esse
1767 906 1851 959 di-

266 1002 482 1057 cuntur,
509 1010 643 1062 quos
676 997 835 1049 etiam
858 997 978 1051 aliis
1009 999 1334 1063 nominibus,
1379 1009 1488 1053 tum
1516 999 1850 1053 constitutio-

267 1098 388 1148 nes,
414 1094 523 1139 tum
555 1088 876 1155 quarstioues
907 1090 1184 1145 nominare
1223 1091 1376 1156 licet;
1410 1091 1744 1167 quit‘quidem
1768 1090 1851 1143 di-

264 1175 524 1230 viduntur
552 1179 623 1231 ita
650 1190 704 1232 nt
733 1196 911 1235 rerum
947 1197 1159 1252 quoque
1203 1193 1386 1237 natura
1419 1168 1589 1237 divisa
1612 1194 1715 1239 est.
1743 1183 1848 1238 Sed

264 1282 295 1320 a
312 1270 601 1338 principio,
623 1272 1654 1350 qttgstionumjjllercntiasprdjtiamm
1678 1290 1693 1328 :
1717 1290 1850 1344 quo-

266 1360 411 1414 niam
461 1362 744 1419 rhetoricae
797 1368 1122 1435 quaestiones
1152 1368 1565 1432 circumstantiis
1596 1370 1848 1423 involuta:

265 1462 389 1507 sunt
430 1469 638 1520 omnes,
668 1466 759 1509 aut
785 1458 835 1511 in
864 1459 1046 1527 scripti
1077 1458 1303 1528 alicujus
1332 1462 1695 1515 controversia
1728 1476 1850 1515 ver-

265 1555 473 1608 santur,
515 1555 606 1599 aut
637 1557 831 1615 printer
855 1538 1110 1618 scriptum
1143 1566 1211 1603 ex
1248 1566 1306 1605 re
1335 1553 1693 1619 ipsa'sutnunt
1721 1568 1848 1604 con-

266 1638 520 1690 tentionis
570 1639 870 1694 exordium.
906 1641 970 1694 Et
1015 1642 1121 1695 illa:
1166 1643 1380 1712 quidem
1417 1660 1535 1714 qua:
1565 1645 1617 1696 in
1647 1646 1847 1713 scripto

264 1736 413 1790 sunt,
446 1728 679 1797 quinque
705 1729 878 1783 modis
901 1730 1018 1784 fieri
1044 1742 1289 1799 possunt.
1314 1733 1431 1787 Uno
1456 1726 1693 1803 quidem,
1718 1750 1838 1789 cum

1050 1336 1281 1349 Μ...

804 1344 1023 1357 Ψ

1954 536 2007 581 et
2048 527 2287 581 absoluta
2318 527 2546 598 qualitas
2576 536 2930 595 nuncupatur,
2962 538 3051 580 aut
3082 528 3418 582 extrinsecus
3446 542 3532 582 as-

1953 620 2205 685 sumitur,
2234 630 2291 675 et
2318 621 2649 687 assumptiva
2675 620 2870 683 dicitur
2897 620 3230 674 constitutio.
3266 620 3371 675 Sed
3418 620 3535 675 lucc

1955 712 2005 763 in
2062 722 2243 779 partes
2279 723 2506 779 quatuor
2549 711 2820 765 derivatur
2854 730 2867 763 τ
2899 720 2991 765 aut
3033 710 3173 765 enim
3221 711 3536 765 conceditur

1952 807 2177 868 crimen,
2212 814 2305 857 aut
2354 815 2680 867 removetur,
2712 813 2803 857 aut
2832 803 3078 865 refertur,
3130 812 3243 869 aut,
3276 803 3415 871 quod
3450 812 3533 855 est

1956 895 2224 962 ultimum,
2248 904 2612 965 comparatur.
2636 894 2965 949 Conceditur
2994 896 3221 961 crimen,
3247 911 3366 949 cum
3387 894 3531 948 nulla

1955 986 2310 1042 introducitur
2340 986 2464 1040 facti
2491 986 2752 1051 defensio,
2800 986 2893 1040 sed
2922 987 3077 1041 venia
3120 985 3438 1056 postulatur.
3474 984 3531 1038 ld

1956 1082 2071 1136 fieri
2104 1080 2311 1135 duobus
2343 1080 2513 1135 modis
2538 1087 2733 1146 potest,
2763 1080 2805 1131 si
2836 1077 3163 1147 depreceris,
3195 1089 3285 1131 aut
3314 1090 3526 1146 purges.

1956 1172 2295 1240 Deprecaris,
2325 1187 2445 1224 cum
2474 1170 2604 1225 nihil
2625 1170 2987 1224 excusationis
3018 1171 3287 1236 attuleris;
3313 1184 3529 1238 purgas,

1950 1280 2072 1317 cum
2100 1264 2220 1318 facti
2248 1264 2402 1330 culpa
2427 1264 2510 1317 his
2540 1263 2830 1317 ascribitnr
2856 1265 3047 1332 quibus
3071 1264 3257 1317 obsisti
3297 1262 3530 1317 obviari-

1951 1372 2054 1424 que
2082 1372 2184 1410 non
2215 1357 2406 1425 possit,
2440 1370 2611 1424 neque
2643 1367 3096 1423 tamenpersonaa
3125 1357 3232 1408 sint
3256 1397 3270 1419 ,
3303 1353 3354 1408 id
3384 1353 3526 1406 enim

1952 1450 2003 1501 in
2036 1450 2191 1501 aliam
2252 1446 2687 1501 constitutionem
2741 1445 2915 1498 cadet.
2969 1446 3105 1499 Sunt
3132 1460 3258 1498 vero
3288 1444 3401 1497 lucc
3428 1444 3529 1495 im-

1951 1539 2250 1610 prudentia,
2284 1553 2459 1601 casus,
2493 1547 2649 1607 atque
2683 1538 2994 1590 necessitas.
3041 1536 3365 1590 Removetur
3397 1549 3527 1587 vero

1948 1632 2175 1695 crimen,
2224 1646 2347 1684 cum
2400 1630 2467 1685 ab
2512 1645 2577 1684 eo
2621 1629 2708 1698 qui
2760 1628 3046 1682 incessitur
3101 1628 3422 1680 transfertur
3471 1624 3524 1677 in

1947 1722 2130 1775 alium.
2161 1720 2267 1776 Sed
2308 1720 2538 1775 remotio
2564 1720 2804 1774 criminis
2832 1718 3042 1773 duobus
3072 1718 3183 1773 fieri
3226 1718 3397 1771 modis
3425 1731 3525 1785 po-

265 1822 353 1876 hic
379 1810 845 1890 scriplma
876 1826 1148 1891 defendar,
1182 1828 1270 1882 me
1300 1832 1618 1882 sententiam
1645 1847 1658 1881 ε
1685 1838 1843 1898 Mque
1874 1816 1922 1873 B
1951 1821 2071 1875 test,
2104 1811 2148 1865 si
2170 1823 2263 1865 aut
2287 1826 2447 1866 causa
2478 1821 2836 1874 removeatur,
2866 1820 2957 1863 aut
2992 1811 3204 1862 factum.
3238 1808 3409 1862 Causa
3430 1824 3523 1863 re-

261 1910 367 1965 lioc
410 1913 709 1981 appellatur
739 1916 996 1985 scriptum
1023 1927 1077 1972 et
1103 1918 1373 1973 voluntas.
1406 1920 1528 1973 Alio
1566 1922 1749 1985 modo,
1796 1923 1841 1977 si

259 2003 404 2058 inter
432 2020 492 2059 se
519 2005 661 2074 leges
685 2008 913 2077 quadam
936 2011 1317 2065 contrarietate
1343 2013 1685 2078 dissentiant,
1710 2029 1841 2081 quas

257 2109 383 2148 cum
415 2111 479 2150 ex
512 2098 732 2151 adversa
766 2110 915 2167 parte
950 2101 1269 2167 defendunt,
1307 2104 1506 2158 faciunt
1532 2116 1841 2162 controver-

256 2185 395 2239 siam
425 2204 438 2239 :
471 2198 629 2258 atque
659 2190 743 2244 hic
772 2200 992 2246 vocatur
1014 2203 1183 2249 status
1210 2195 1342 2265 legis
1371 2199 1676 2253 contrariae.
1705 2199 1841 2254 Ter-

258 2276 357 2340 tio,
386 2293 506 2331 cum
539 2282 821 2349 scriptum,
862 2284 929 2337 de
964 2300 1069 2354 quo
1108 2287 1472 2351 contenditur,
1518 2291 1837 2345 sententiam

255 2368 455 2423 claudit
482 2371 786 2440 ambiguam
823 2392 836 2426 :
869 2374 982 2429 lucc
1000 2390 1097 2430 suo
1120 2378 1335 2433 nomine
1364 2380 1681 2450 ambiguitas
1703 2398 1841 2436 nun-

255 2471 500 2529 cupatur.
532 2464 735 2530 Quarto
763 2482 1048 2533 vero,cum
1079 2483 1147 2523 ex
1181 2484 1246 2523 eo
1283 2471 1423 2539 quod
1448 2481 1530 2526 est
1556 2479 1838 2543 scriptum,

255 2553 399 2605 aliud
431 2569 537 2607 non
566 2557 824 2625 scriptum
855 2558 1205 2629 intelligitur:
1235 2562 1374 2628 quod
1406 2566 1527 2631 quia
1554 2580 1647 2632 per
1676 2569 1841 2619 ratio-

251 2644 576 2699 cinationem
624 2657 677 2700 rt
730 2650 1013 2718 quamdam
1064 2653 1357 2721 syllogismi
1399 2660 1833 2724 consequentiam

254 2734 650 2806 investigatur,
699 2739 1037 2796 ratiocinatio
1080 2745 1164 2797 vel
1218 2745 1564 2815 syllogismus
1621 2750 1834 2805 dicitur.

250 2826 473 2894 Quinto,
505 2844 625 2882 cum
659 2845 838 2885 sermo
861 2843 939 2886 est
964 2835 1215 2902 scriptus,
1248 2836 1399 2906 cujus
1436 2854 1539 2892 non
1579 2838 1733 2895 facile
1759 2842 1837 2897 vis

250 2929 308 2972 et
339 2931 523 2974 natura
551 2922 833 2988 clarescat,
867 2926 967 2980 nisi
1010 2928 1331 2984 diffinitione
1370 2933 1577 2987 detecta
1605 2935 1711 2987 sit:
1752 2934 1838 2990 hic

251 3021 475 3065 vocatur
504 3013 625 3068 finis
657 3017 736 3069 vel
770 3018 1066 3087 inscriptio.
1098 3022 1244 3086 Quos
1266 3037 1452 3077 omnes
1478 3039 1507 3076 a
1541 3041 1602 3080 se
1620 3027 1837 3083 dill'erre

252 3114 365 3153 non
401 3112 481 3155 est
509 3107 675 3158 nostri
700 3108 900 3175 operis,
934 3124 1119 3165 verum
1144 3111 1395 3168 rhetorici
1421 3116 1830 3186 demonstrare;

253 3191 373 3247 huic
402 3195 545 3248 enim
591 3200 914 3267 speculanda
969 3201 1142 3258 doctis
1188 3219 1291 3259 μου
1331 3208 1548 3262 rudibus
1578 3209 1829 3266 discenda
1859 3190 1906 3250 (ἶ

252 3291 625 3356 proponimus,
669 3294 912 3360 quamvis
942 3298 1009 3350 de
1046 3311 1231 3353 eorum
1264 3299 1561 3356 ditferentia
1594 3304 1645 3357 in
1673 3304 1834 3374 Topi-

252 3390 435 3430 corum
457 3385 777 3437 commentis
802 3399 897 3453 per
928 3388 1205 3442 transitum
1230 3389 1604 3447 disseruimus.
1635 3394 1832 3449 Earum

252 3482 431 3524 autem
467 3476 909 3555 constitutionum
936 3493 1056 3547 qua:
1083 3492 1277 3549 praeter
1316 3486 1576 3553 scriptum
1607 3486 1661 3540 in
1693 3488 1836 3556 ipsa-

251 3574 369 3614 rum
397 3550 576 3617 rerum
605 3569 948 3624 contentione
995 3581 1122 3626 sunt
1149 3574 1356 3641 positzc,
1406 3577 1477 3632 ita
1517 3577 1834 3635 differentia

251 3663 620 3721 segregantur,
653 3667 709 3709 ut
740 3673 918 3713 rerum
948 3675 1164 3730 quoque
1189 3664 1423 3732 ipsarum
1446 3679 1636 3723 natura
1656 3668 1836 3725 diver-

251 3755 309 3794 sa
335 3754 435 3796 est.
470 3743 525 3798 lu
557 3750 700 3800 omni
732 3751 875 3804 enim
924 3752 1191 3808 rhetorica
1220 3759 1518 3825 quaestione
1556 3762 1835 3821 dubitatur

250 3847 316 3886 an
359 3834 448 3899 sit,
494 3839 617 3906 quid
652 3840 741 3904 sit,
772 3843 931 3910 quale
969 3845 1065 3910 sit,
1095 3856 1149 3900 et
1188 3858 1384 3915 praeter
1427 3850 1564 3922 haec,
1603 3870 1672 3911 an
1707 3858 1870 3989 jure‘

250 3926 336 3980 vél
366 3943 512 3982 more
537 3932 706 3989 possit
732 3937 972 3989 eXCrceri
1004 3937 1279 3989 iudicium.
1314 3941 1421 3989 Sed
1448 3944 1491 3989 si
1522 3945 1716 3989 ΐειηιιιπη
1746 3950 1829 3989 val

250 3926 336 3980 vel
366 3943 512 3982 more
537 3932 706 3996 possit
732 3937 972 3990 exerceri
996 3937 1279 4006 judicium.
1314 3941 1421 3997 Sed
1448 3944 1493 3999 si
1522 3945 1716 4002 factum
1746 3950 1831 4006 vel

251 4034 339 4072 res
366 4035 484 4089 qute
532 4021 846 4092 intenditur,
876 4029 945 4080 ab
970 4032 1283 4087 adversario
1312 4048 1555 4106 negetur,
1602 4043 1831 4108 qumstio

251 4120 332 4163 est
364 4120 538 4166 utrum
564 4116 657 4176 sit,
684 4132 748 4170 ea
765 4121 1141 4187 conjecturalis
1162 4129 1474 4182 Constitutio
1500 4135 1827 4192 nominatur.

249 4204 401 4268 Quod
432 4205 478 4258 si
509 4207 705 4261 factum
752 4213 970 4277 quidem
1015 4232 1136 4271 esse
1162 4220 1483 4288 constiterit,
1531 4227 1659 4292 quid
1703 4244 1831 4284 vero

249 4292 317 4346 sit
350 4294 400 4347 id
443 4297 817 4365 quod'factum
849 4312 932 4355 est
973 4305 1267 4373 ignoretur,
1312 4314 1564 4379 quoidam
1598 4317 1679 4371 vis
1712 4318 1831 4387 ejus

248 4384 567 4441 diffiuitioue
589 4395 934 4448 monstranda
963 4405 1067 4463 est,
1097 4398 1375 4456 diflinitiva
1406 4403 1602 4460 dicitur
1628 4384 1828 4465 consti-

246 4479 400 4531 tutio.
441 4484 509 4532 At
548 4481 593 4534 si
629 4492 684 4536 et
721 4500 843 4540 esse
872 4492 1193 4560 constiterit,
1226 4503 1282 4549 et
1306 4496 1375 4552 de
1401 4500 1475 4553 rei
1505 4500 1828 4561 diffinitione

246 4571 549 4636 conveniat,
582 4577 674 4627 sed
702 4578 860 4645 quale
883 4579 953 4633 sit
984 4582 1303 4653 inquiratur,
1338 4599 1462 4645 tunc
1483 4594 1608 4659 quia
1626 4599 1711 4651 cui
1735 4613 1830 4665 ge-

246 4664 360 4716 neri
396 4665 582 4733 subjici
607 4668 802 4725 debeat
829 4674 1138 4743 ambigitur,
1162 4684 1428 4748 generalis
1443 4686 1669 4755 qualitas
1693 4664 1829 4745 nun-

245 4765 493 4822 cupatur.
522 4757 577 4810 ln
610 4759 708 4814 hac
735 4777 864 4817 vero
886 4770 1184 4834 qumstione
1212 4781 1268 4826 et
1296 4775 1564 4842 qualitatis
1583 4787 1639 4833 et
1659 4796 1829 4849 quan-

246 4847 414 4899 titatis
441 4857 498 4901 et
520 4855 937 4917 comparationis
968 4861 1105 4912 ratio
1132 4848 1395 4919 versatur.
1440 4868 1544 4923 Sed
1573 4847 1826 4941 quoniam

246 4934 316 4989 de
342 4952 537 5005 genere
558 4945 784 5011 quaestio
810 4956 915 5013 est,
945 4951 1238 5006 secundum
1265 4960 1479 5024 generis
1506 4934 1728 5020 for-inani
1776 4970 1829 5021 in

248 5028 401 5095 plura
448 5047 671 5088 neceSse
697 5047 779 5089 est
819 5039 956 5093 hanc
984 5045 1419 5102 constitutionem
1448 5057 1686 5112 membra
1716 5058 1827 5115 dis~

248 5122 431 5176 tribui.
464 5125 650 5180 Omnis
673 5131 813 5182 enim
838 5136 1063 5199 quaestio
1089 5143 1377 5206 generalis,
1411 5144 1459 5195 id
1494 5156 1577 5199 est
1608 5166 1727 5203 cum
1759 5153 1827 5208 de

247 5228 447 5281 genere
474 5228 527 5269 et
570 5221 825 5285 qualitate
857 5233 910 5277 et
948 5230 1247 5293 quantitate
1294 5239 1551 5301 qumritur
1583 5239 1729 5306 facti,
1773 5243 1827 5298 in

248 5303 383 5359 duas
406 5306 743 5364 distribuitur
761 5323 960 5381 partes.
987 5316 1117 5371 Nam
1143 5335 1229 5373 aut
1249 5323 1299 5375 iu
1328 5328 1651 5391 praeteritum
1681 5303 1828 5401 qua:-

248 5394 387 5451 ritur
415 5402 480 5453 de
512 5404 764 5471 qualitate
813 5410 1089 5475 propositi,
1121 5424 1211 5467 aut
1259 5414 1310 5467 in
1343 5432 1595 5485 praesens,
1636 5394 1731 5477 aut
1773 5428 1824 5481 in

248 5490 505 5544 futurum.
539 5494 595 5548 Si
628 5496 681 5548 in
741 5503 1091 5567 prieteritum,
1140 5505 1459 5572 juridicialis
1514 5517 1827 5573 constitutio

248 5593 604 5651 nuncupatur.
645 5587 700 5641 Si
743 5591 1021 5656 praesentis
1053 5594 1137 5647 vel
1169 5594 1329 5649 futuri
1364 5602 1620 5669 temporis
1648 5615 1826 5664 teneat

247 5677 621 5743 qua-stionem,
658 5682 936 5750 negotialis
951 5683 1170 5741 dicitur.
1188 5687 1511 5747 Juridiczalis
1528 5711 1654 5750 vero
1672 5703 1824 5769 cujus

250 5765 522 5835 inquisitio
579 5774 903 5839 praeteritum
937 5778 1174 5847 respicit,
1226 5782 1428 5840 duabus
1460 5790 1701 5855 partibus
1734 5765 1817 5849 se-

1949 1915 2216 1972 movetur,
2266 1920 2386 1958 cum
2426 1903 2596 1957 aliena
2630 1913 2894 1973 potestate
2924 1903 3122 1971 aliquid
3180 1902 3374 1955 factum
3404 1915 3526 1955 esse

1944 1996 2308 2050 contenditur.
2355 1993 2575 2048 Factum
2604 2010 2735 2048 vero
2774 2009 2893 2048 cum
2937 1992 3094 2059 alius’,
3148 2004 3235 2048 aut
3267 1991 3523 2061 potuisse.

1943 2098 2032 2140 aut
2059 2087 2312 2141 debuisse
2343 2086 2519 2141 facere
2549 2086 2969 2141 demonstratur.
3017 2087 3189 2154 Atque
3222 2086 3334 2138 Im-c
3368 2085 3417 2138 in
3442 2084 3525 2137 his

1945 2180 2176 2232 maxime
2224 2180 2441 2244 valent,
2489 2182 2531 2231 si
2583 2176 2700 2247 ejus
2743 2176 2973 2231 nominis
3005 2180 3056 2231 in
3090 2192 3186 2231 nos
3217 2178 3527 2231 intendatur

1943 2275 2107 2335 actio,
2142 2270 2281 2339 quod
2313 2284 2419 2322 non
2453 2268 2735 2323 fecerimus
2762 2269 2812 2323 id
2836 2269 2976 2338 quod
2999 2268 3233 2337 oportuit
3256 2269 3391 2321 fieri.
3424 2268 3526 2321 Re-

1944 2360 2111 2413 fertur
2139 2360 2341 2414 crimen
2371 2375 2491 2413 cum
2532 2359 2671 2427 juste
2700 2361 2749 2412 in
2776 2360 3007 2429 aliquem
3040 2359 3243 2414 facinus
3270 2359 3525 2413 commis-

1942 2448 2059 2501 sum
2092 2464 2212 2503 esse
2239 2448 2599 2515 cantenditur,
2633 2449 2884 2519 quoniam
2914 2451 2957 2503 is
2987 2450 3038 2502 in
3069 2463 3226 2518 quem
3271 2449 3525 2502 commis-

1943 2556 2059 2592 sum
2115 2540 2185 2593 sit
2235 2539 2461 2607 injurias
2508 2555 2652 2607 sarpe
2703 2539 2897 2603 fuerit,
2946 2550 3105 2610 atque
3150 2542 3199 2593 id
3253 2541 3394 2609 quod
3443 2541 3525 2593 in-

1946 2628 2183 2682 tenditur
2228 2631 2419 2682 tueruit
2466 2631 2593 2697 pati.
2625 2630 2967 2697 Comparatio
2997 2640 3109 2696 est,
3142 2646 3262 2685 cum
3306 2640 3523 2699 prepter

1945 2718 2223 2773 meliorem
2258 2720 2627 2784 utilioremve,
2662 2722 2856 2774 factum
2886 2708 3026 2790 quod
3069 2721 3402 2775 adversarius
3441 2736 3528 2775 are

1941 2811 2054 2881 guit
2079 2811 2424 2864 commissum
2470 2826 2621 2876 esse,
2650 2813 2976 2867 defenditur.
3009 2814 3206 2867 llorum
3247 2828 3375 2867 vero
3404 2828 3521 2866 om-

1941 2900 2087 2953 nium
2136 2910 2259 2954 sunt
2308 2903 2541 2969 propria:
2594 2900 2943 2971 differentia},
2990 2912 3151 2970 atque
3199 2902 3320 2957 ideo
3350 2903 3524 2957 minu-

1940 2990 2160 3044 tissima:
2204 2991 2498 3046 divisiones
2539 3008 2675 3061 quas
2720 2995 2995 3048 rhetorum
3040 2997 3091 3049 in
3144 2994 3228 3049 liis
3272 2996 3525 3050 docendis

1939 3080 2376 3149 explicandisque
2408 3082 2698 3152 conscripti
2731 3084 2849 3139 libri
2893 3086 3195 3154 diligentius
3227 3088 3520 3140 continent.

1938 3171 2041 3224 Sed
2081 3186 2182 3225 nos
2229 3173 2343 3226 haec
2385 3188 2417 3226 a
2467 3174 2535 3227 Μ.
2584 3174 2757 3230 Tullio
2805 3179 3103 3242 sumpsisse
3143 3178 3393 3232 sufticiat.
3445 3180 3529 3234 Ad

1938 3261 2084 3316 aliud
2133 3263 2275 3318 enim
2327 3272 2437 3318 tota
2488 3267 2668 3336 operis
2702 3267 2918 3322 festinat
2958 3270 3202 3325 intentio.
3236 3271 3309 3325 De
3336 3271 3526 3342 quibus

1944 3354 2195 3409 omnibus
2225 3360 2324 3411 hoc
2351 3356 2744 3425 inspiciendum
2770 3369 2852 3413 est
2879 3362 3059 3415 modo.
3104 3362 3175 3415 Μ.
3219 3362 3360 3416 enim
3402 3361 3527 3416 Tul-

1939 3446 2042 3500 lius
2084 3462 2365 3501 causarum
2399 3459 2576 3516 partes
2606 3453 3018 3507 constitutiones
3047 3467 3166 3507 esse
3193 3453 3528 3507 demonstrat

1937 3552 2003 3593 eo
2048 3538 2167 3592 loco
2213 3555 2319 3607 quo
2366 3551 2555 3595 contra
2604 3543 2985 3615 llermagoram
3044 3546 3255 3611 nititur,
3308 3546 3524 3611 dicens,

1938 3629 2077 3698 quod
2106 3631 2149 3683 si
2181 3632 2391 3699 generis
2438 3647 2613 3686 causae
2655 3645 2836 3702 partes
2867 3651 2973 3689 non
3007 3646 3229 3704 possunt
3260 3646 3405 3691 recte
3431 3654 3525 3702 pu-

1939 3719 2063 3784 tari,
2081 3720 2249 3773 multo
2272 3721 2446 3775 minus
2471 3732 2631 3776 rectm
2656 3722 2741 3796 [F.
2767 3722 2930 3794 recte]
2958 3726 3123 3792 partis
3145 3739 3319 3780 causa:
3344 3736 3526 3796 partes

1936 3810 2281 3882 putabuntur.
2311 3809 2439 3866 Pars
2471 3823 2649 3867 autem
2681 3829 2856 3879 causzie
2877 3817 3187 3870 constitutio
3216 3818 3390 3872 omnis
3421 3827 3523 3882 est,

1938 3911 2115 3969 partes
2160 3917 2335 3957 causa:
2382 3906 2793 3961 constitutiones
2841 3922 2961 3961 esse
3008 3908 3314 3979 designans.
3348 3910 3524 3977 Quare

1935 3991 2002 4047 de
2028 4008 2087 4047 re
2117 3995 2282 4048 multa
2306 3997 2535 4064 qumstio
2564 4008 2646 4052 est
2668 4039 2683 4063 ,
2708 3999 2977 4068 quomodo
3023 4003 3166 4055 enim
3198 4012 3377 4071 partes
3407 4017 3524 4056 esse

1935 4085 2257 4154 putabantur
2302 4101 2497 4140 causzc.
2542 4088 2595 4141 Si
2647 4093 2791 4143 enim
2841 4095 2909 4146 ita
2960 4103 3175 4159 partes,
3212 4105 3269 4148 ut
3308 4097 3520 4165 species

1934 4180 2205 4243 quonme
2246 4175 2359 4231 fieri
2393 4189 2565 4247 potest
2607 4191 2662 4233 ut
2718 4182 2770 4234 in
2802 4186 2908 4236 una
2930 4199 3088 4238 causa
3120 4186 3298 4254 plures
3322 4189 3523 4243 consti-

1936 4272 2169 4320 tutiones
2200 4268 2344 4320 sint?
2386 4272 2516 4323 Nam
2558 4273 2764 4335 species
2790 4274 2887 4327 sibi
2918 4276 3143 4329 invicem
3177 4277 3522 4345 impermistzc

1933 4367 2076 4409 sunt.
2110 4360 2180 4411 At
2210 4358 2426 4412 veniunt
2460 4359 2509 4413 in
2533 4376 2749 4415 causam
2796 4364 3039 4431 plurima:
3069 4370 3477 4424 constitutiones
3501 4413 3518 4437 ,

1934 4462 2038 4499 non
2068 4458 2192 4501 sunt
2223 4448 2384 4515 igitur
2414 4462 2597 4519 partes
2658 4468 2943 4508 causarum
2991 4458 3134 4511 velut
3174 4461 3381 4527 Species
3411 4472 3520 4515 sta-

2474 2963 2688 2976 —_.__.....

1855 4566 1911 4626 Β
1936 4547 2038 4591 tus.
2070 4538 2200 4592 Illud
2230 4555 2441 4608 quoque
2462 4544 2603 4611 quod
2636 4546 2775 4598 nulla
2805 4548 3011 4614 species
3040 4550 3195 4603 aliam
3225 4552 3325 4605 sibi
3355 4568 3523 4622 oppo-

1931 4629 2089 4683 sitam
2141 4634 2372 4698 speciem
2431 4635 2497 4685 ad
2555 4635 2909 4690 substantiam
2963 4638 3149 4707 juvat,
3206 4643 3521 4696 constitutio

1933 4730 2062 4774 vero
2108 4722 2545 4778 constitutionem
2596 4726 2883 4781 confirmat
2927 4732 2991 4783 ad
3026 4730 3206 4785 fidem.
3241 4732 3350 4787 Nec
3394 4750 3522 4788 vero

1936 4810 2047 4863 fieri
2078 4820 2250 4879 potest
2299 4823 2354 4866 tit
2400 4814 2470 4868 ita
2498 4817 2605 4871 sint
2637 4832 2916 4873 causarum
2938 4824 3094 4891 quasi
3128 4824 3289 4878 totius
3318 4834 3518 4895 partes,

1935 4901 2137 4954 nullum
2180 4904 2323 4957 enim
2368 4909 2720 4975 compositum
2750 4927 2816 4965 ex
2853 4930 2952 4967 una
2985 4926 3134 4984 parte
3166 4927 3331 4971 totum
3360 4927 3522 4989 atque

1845 5024 1851 5031 ι
1936 4990 2199 5060 integrum
2248 5010 2370 5049 esse
2412 5006 2609 5064 potest.
2657 5000 2735 5056 Ac
2778 5002 2830 5057 in
2882 5019 3038 5057 causa
3069 5007 3375 5062 constitutio
3416 5026 3517 5063 una

1935 5079 2127 5135 idonea
2152 5092 2234 5137 est
2261 5087 2591 5143 constituere
2611 5105 2851 5147 cansam.
2886 5095 3022 5162 Quid
3052 5097 3212 5164 igitur
3236 5108 3319 5152 est
3339 5099 3520 5155 dicen-

1935 5172 2092 5237 dum,
2122 5184 2268 5243 patet
2295 5176 2381 5230 via
2412 5179 2626 5235 rationi.
2659 5182 2841 5254 Neque
2870 5186 3013 5240 enim
3044 5200 3219 5243 causa;
3249 5190 3367 5257 ejus
3397 5208 3521 5259 pars

1935 5262 2130 5317 dicitur
2168 5280 2289 5321 esse
2334 5273 2670 5338 constitutio,
2697 5291 2815 5343 qua:
2843 5293 2895 5330 tn
2926 5283 3343 5335 controversiam
3376 5285 3521 5338 venit

1934 5360 1988 5405 et
2010 5370 2165 5422 quam
2189 5366 2356 5411 status
2384 5363 2687 5431 constituit,
2717 5379 2837 5419 cum
2868 5370 3163 5435 prmsertim
3191 5372 3277 5441 qui
3305 5373 3520 5429 additur

1935 5443 1999 5495 ad
2046 5459 2261 5499 causam
2303 5458 2509 5517 status,
2542 5470 2645 5508 una
2693 5457 2801 5522 jam
2850 5460 3230 5517 constitutione
3273 5463 3515 5531 firmata,

1934 5548 2038 5586 non
2068 5536 2141 5588 sit
2172 5538 2504 5609 principalis,
2536 5546 2628 5600 sed
2652 5548 2918 5616 accidens,
2951 5556 3183 5623 atquein
3216 5573 3321 5611 uno
3356 5576 3517 5630 nego-

1933 5623 2007 5674 tio
2048 5631 2125 5677 tot
2169 5629 2418 5685 eveniant
2456 5639 2839 5692 coiitrovcrsias
2871 5650 2998 5708 quot
3025 5656 3144 5698 sunt
3174 5623 3514 5703 consolatio-

1931 5727 2052 5777 nes,
2088 5715 2180 5771 sed
2226 5729 2776 5793 ψιεωυιεωωεδίω
2802 5739 3146 5791 -ιοιφωυετα
3179 5738 3243 5793 Et
3272 5739 3393 5795 licet
3423 5757 3514 5798 eas

1929 5818 2090 5859 unttm
2120 5810 2383 5868 contineat
2416 5817 2716 5888 negotium,
2758 5835 2932 5880 causrc
2961 5835 3132 5885 tamen
3164 5830 3512 5904 impcrrnista:
