4014 6336
126 2596 203 2671 ί»

540 267 663 322 1211

1772 273 1875 327 AN.
1918 272 2123 330 MANL.
2164 268 2313 325 εει.
2355 266 2573 321 ΒΟΕΤΙΙ

3630 279 3732 334 121⁸2

534 386 752 442 sibimet
786 389 1101 442 variantur:
1134 397 1190 441 ut
1216 388 1304 454 qni
1333 386 1580 455 juvenem
1626 384 1691 439 de
1738 387 1976 454 lupanari
2017 405 2111 441 ει·
2139 391 2186 447 Α
2214 398 2327 436 sam
2371 383 2689 447 accesserit,
2735 381 2889 437 faciet
2928 384 3162 437 officium
3206 399 3389 450 suum;
3437 386 3562 442 bene
3604 391 3732 459 igitur

533 487 747 531 euntem
787 478 952 539 vidit,
1002 478 1160 545 paulo
1203 487 1322 545 post
1361 478 1429 529 de
1479 476 1666 529 eodem
1718 474 1835 530 loco
1885 492 2106 531 uxorem

533 585 684 623 suam
711 570 841 623 vidit
870 582 1162 637 egressam,
1191 575 1408 623 accusat
1427 567 1680 636 juvenem
1712 566 1990 622 adulterii:
2024 567 2109 622 hic

535 676 698 714 unum
727 662 1015 728 negotium,
1048 662 1149 714 hoc
1174 660 1314 727 quod
1355 660 1580 714 vertitur
1602 667 1705 725 est,
1735 674 1907 714 causa:
1928 669 2106 713 autem

533 755 653 807 duae
696 770 711 806 :
745 767 845 805 una
874 751 1250 820 conjecturalis
1271 791 1288 817 ,
1317 752 1360 805 si
1404 762 1560 820 neget
1602 767 1662 804 se
1691 750 1914 813 fecisse;
1943 752 2107 805 altera

535 843 812 896 diffinitiva
835 886 850 909 ,
876 843 923 897 si
947 844 998 897 in
1024 842 1263 911 lupanari
1291 843 1629 898 concubitum
1651 843 1795 897 dicat
1825 858 1929 896 non
1954 859 2111 912 posse

535 931 854 985 adulterium
888 932 1082 1000 putari.
1114 931 1219 986 Sed
1257 946 1428 1000 neque
1455 930 1668 999 neganti
1701 944 1821 999 pars
1863 941 1945 985 est
1971 931 2113 999 ejus-

535 1023 658 1075 dein
699 1023 1081 1075 controversia:
1122 1020 1498 1089 conjecturalis
1524 1028 1726 1083 status,
1760 1034 1931 1088 neque
1964 1018 2111 1073 diffi-

535 1113 704 1167 nienti
721 1113 999 1177 diflinitio;
1025 1122 1189 1165 totam
1213 1112 1353 1166 enim
1371 1111 1608 1166 continet
1629 1126 1860 1164 causam.
1887 1110 2109 1165 Causam

538 1120 704 1167 nienti
721 1120 999 1177 dil‘linitio;
1025 1122 1189 1165 totam
1213 1120 1353 1166 enim
1371 1120 1608 1166 continet
1629 1126 1860 1164 causam.
1887 1120 2109 1165 Causam

538 1215 714 1258 autem
739 1220 869 1257 voco
892 1219 995 1258 non
1018 1204 1359 1272 generaliter,
1380 1202 1473 1256 sed
1495 1202 1913 1256 controversiam
1935 1120 2141 1348 aliqui/

538 1297 915 1348 constitutione
959 1297 1255 1348 formatam.
1313 1296 1449 1348 Sunt
1495 1305 1671 1348 autem
1714 1294 2080 1348 constitutioni

536 1297 915 1350 constitutione
959 1297 1255 1350 formatam.
1313 1296 1449 1351 Sunt
1495 1305 1671 1349 autem
1714 1294 2080 1349 constitutioni

533 1398 713 1455 partes
758 1402 932 1441 causa:
974 1387 1235 1456 generalis
1278 1389 1377 1440 hoc
1421 1387 1625 1439 modo:
1667 1387 1710 1439 si
1757 1385 1899 1439 enim
1939 1387 2114 1439 omnis

536 1490 697 1530 causa
727 1475 1104 1545 conjecturalis
1131 1485 1304 1539 esset,
1339 1491 1434 1529 nec
1464 1478 1598 1528 alius
1640 1486 1808 1528 Status
1850 1475 2113 1529 invenire-

535 1575 647 1631 tur,
684 1582 788 1620 non
833 1576 980 1620 esset
1018 1576 1187 1620 status
1226 1566 1596 1634 conjecturalis
1634 1582 1806 1620 causae
1834 1582 1987 1635 pars,
2020 1565 2113 1620 sed

542 1657 655 1725 ipsa
697 1671 855 1710 causa
879 1666 1023 1710 esset
1047 1657 1161 1710 sine
1187 1657 1349 1710 dubio
1376 1660 1712 1724 conjectura;
1744 1659 1838 1711 sed
1865 1658 2113 1725 quoniam

2208 473 2352 527 dicet
2375 474 2425 524 in
2453 473 2596 525 omni
2627 486 2822 540 genere
2842 487 3125 528 causarum
3145 515 3160 538 ,
3184 484 3239 529 et
3272 476 3321 527 in
3353 477 3490 529 omni
3519 484 3734 535 constitu-

2212 566 2385 624 tione,
2435 562 2592 616 faciet
2634 561 2794 616 etiam
2830 563 3024 625 finem,
3061 572 3168 617 tum
3219 575 3274 617 ut
3308 564 3440 619 bene
3483 566 3658 622 dixerit
3693 572 3734 624 in

2210 655 2354 708 omni
2384 654 2799 718 constitutione,
2835 665 2942 707 tum
2976 665 3033 707 ut
3064 657 3407 728 persuaserit.
3454 658 3522 711 De
3558 660 3738 728 singulis

2211 746 2368 814 igitur
2396 762 2535 800 nunc
2556 745 2773 814 quidem
2800 746 2851 799 in
2877 760 3161 800 commune
3184 726 3541 801 tractavimus.
3571 750 3637 803 De
3657 768 3740 804 uno

2212 852 2422 907 quoque
2445 852 2571 891 vero
2593 836 2878 905 separatim
2907 846 3027 905 post
3044 878 3058 901 ,
3085 837 3130 890 si
3153 837 3253 890 erit
3277 842 3601 893 commodum
3621 880 3634 903 ,
3656 841 3740 895 dis-

2212 943 2475 984 seremus.
2510 931 2680 996 Atque
2711 928 2825 980 htec
2857 927 3136 980 hactenus.
3173 927 3325 983 Nunc
3365 929 3432 981 de
3464 931 3743 996 ingentium

2214 1019 2543 1073 tractandum
2573 1027 2675 1071 est.
2710 1017 2917 1071 Etenim
2949 1017 3092 1086 prius
3118 1017 3331 1103 quidem
3359 1018 3647 1075 dialecticos
3670 1023 3743 1077 de-

2212 1108 2416 1173 dimus,
2446 1122 2584 1161 nunc
2614 1108 2910 1160 rhetoricos
2940 1108 3232 1175 promimus
3257 1108 3427 1170 locos.
3456 1126 3580 1176 quos
3605 1128 3659 1165 ex
3682 1124 3744 1165 at-

2215 1199 2425 1252 tributis
2454 1213 2697 1266 persona‘.
2727 1213 2791 1252 ac
2820 1200 3036 1266 negotio
3065 1201 3247 1252 venire
3277 1215 3495 1254 necesse
3520 1213 3614 1256 εει.
3642 1204 3745 1259 Per-

2214 1305 2345 1343 sona
2373 1300 2487 1355 est,
2534 1305 2654 1360 qua:
2700 1289 2751 1343 iii
2796 1290 3054 1360 judicium
3102 1300 3343 1354 vocatur,
3385 1293 3536 1361 cujus
3580 1293 3745 1348 dictum

2216 1381 2431 1446 aliquod
2481 1382 2744 1433 factumve
2790 1379 3224 1448 reprehenditur.
3268 1381 3543 1450 Negotium
3585 1386 3744 1437 factum

2215 1472 2481 1525 dictumve
2527 1485 2767 1541 persona:
2788 1512 2804 1537 ,
2837 1483 3054 1540 propter
3080 1473 3220 1540 quod
3261 1472 3314 1526 iit
3340 1472 3590 1541 judicium
3619 1490 3746 1529 voca-

2216 1572 2322 1617 tur.
2376 1566 2555 1632 Itaque
2602 1564 2653 1616 itt
2704 1563 2784 1616 his
2830 1564 3038 1618 duobus
3081 1564 3253 1618 omnis
3297 1564 3534 1619 locorqu
3570 1567 3747 1635 partitis

2215 1655 2500 1707 constituta
2536 1663 2617 1707 est
2646 1671 2659 1706 :
2694 1669 2812 1720 qua:
2839 1653 2983 1706 enim
3017 1654 3214 1707 habent
3242 1634 3748 1722 reprehensioms-oc-

541 1749 733 1814 partim
775 1747 1109 1815 conjectura,
1158 1748 1347 1816 partim
1396 1748 1510 1801 sine
1530 1786 1545 1810 ,
1596 1750 1784 1815 partim
1825 1749 2109 1816 qualitate,
2143 1747 2189 1805 Β
2214 1743 2481 1796 casionem
2501 1784 2514 1806 ,
2540 1741 2727 1796 eadem
2753 1744 2853 1795 nisi
2884 1744 3103 1795 omnino
3124 1744 3191 1797 atl
3221 1745 3628 1799 inexcusabilem
3654 1761 3750 1815 par-

538 1838 732 1906 partim
772 1838 1116 1891 translatione
1142 1853 1317 1892 causae
1346 1854 1532 1892 omnes
1573 1849 1838 1902 tenentur,
1870 1855 1992 1907 pars
2032 1849 2114 1894 est

538 1927 854 1981 constitutio
902 1943 1076 1981 causa:
1108 1944 1210 1981 non
1241 1928 1355 1995 ejus
1385 1943 1543 1997 quam
1574 1928 1803 1981 tenendo
1833 1928 2112 1992 informat,

536 2017 630 2072 sed
659 2017 777 2086 ejus
818 2004 972 2086 quam
1004 2018 1190 2072 dividit
1220 2019 1484 2089 generalis
1510 2058 1524 2083 ,
1555 2020 1707 2086 cujus
1734 2018 1938 2073 scilicet
1963 2017 2114 2087 quasi

538 2113 836 2162 membrum
867 2110 1077 2178 aliquod
1114 2110 1433 2162 abscindens
1455 2151 1469 2173 ,
1511 2126 1664 2163 suum
1708 2110 1835 2164 facit
1860 2126 2113 2179 unaquae-

537 2214 643 2267 que
670 2199 1000 2254 conStitutio.
1038 2201 1170 2255 Sunt
1201 2201 1356 2268 igitur
1384 2210 1562 2269 partes
1595 2212 1651 2252 ut
1677 2201 1887 2270 species
1918 2201 2114 2254 consti-

538 2291 774 2345 tutiones
802 2305 976 2345 causa:
1002 2293 1289 2360 generalis,
1324 2307 1425 2343 non
1456 2292 1572 2360 ejus
1599 2308 1755 2361 quam
1785 2306 2115 2361 unaqumque

541 2390 729 2434 tenens
773 2382 1160 2435 inforntaverit.
1191 2386 1363 2448 Quare
1402 2399 1567 2452 genus
1608 2398 1688 2437 est
1728 2385 2009 2438 rhetorica:
2039 2384 2116 2436 fa-

536 2472 729 2525 cultas.
763 2472 1228 2547 Ιῃωθήωιωτο
1270 2473 1476 2541 species
1522 2484 1664 2538 tres,
1702 2474 1981 2544 judiciale,
2022 2474 2116 2528 de-

210 2572 514 2658 μῡ-κχ
537 2564 942 2617 monstrativum
962 2603 979 2631 ,
1010 2564 1440 2619 deliberativum.
1472 2566 1688 2619 Materia
1718 2575 1917 2630 autem,
1947 2565 2116 2618 civilis

276 2630 417 2701 7

536 2655 783 2723 quaestio,
825 2670 945 2724 qute
971 2654 1163 2707 dicitur
1204 2671 1401 2719 causa;
1448 2666 1627 2715 partes
1657 2653 1815 2722 iinjus
1854 2655 2112 2718 materiae,

492 2776 497 2779 »
537 2746 968 2800 constitutiOnes.
1002 2747 1302 2800 Rhetorica:
1352 2756 1559 2814 partes,
1607 2744 1859 2809 inventio,
1890 2745 2115 2812 diSpOSl'

539 2839 637 2902 tio,
667 2840 921 2899 elocutio,
951 2842 1228 2902 memoria,
1261 2836 1646 2904 pronuntiatio.
1677 2836 2115 2901 lnstrumentum,

536 2942 742 2995 oratio;
775 2931 1114 2984 instrumenti
1142 2941 1339 2999 partes.
1373 2930 1679 2993 exordium,
1708 2929 1964 2993 narratio,
1996 2945 2119 2998 par-

539 3024 680 3085 titio,
711 3021 1072 3087 centirinatio,
1121 3020 1489 3088 reprehensio,
1533 3021 1827 3088 peroratio.
1859 3018 2006 3087 Opus
2034 3026 2116 3071 est

2217 1842 2320 1884 tem
2355 1841 2602 1900 vergunt,
2634 1831 2964 1885 defensionis
2999 1834 3207 1901 copiam
3239 1835 3634 1888 subministrant
3662 1853 3672 1886 :
3696 1850 3747 1888 ex

2215 1923 2416 1977 eisdem
2486 1922 2630 1976 enim
2704 1923 2836 1976 locis
2896 1926 3072 1979 omnis
3121 1928 3389 1978 accusatio
3445 1925 3749 1994 defensioque

2214 2014 2476 2067 consistit.
2500 2014 2555 2066 Si
2578 2015 2735 2081 igitur
2761 2030 2983 2081 persona
3009 2015 3058 2068 in
3075 2016 3334 2084 judicium
3354 2027 3590 2079 vocatur,
3612 2032 3751 2085 neque

2216 2104 2411 2156 factum
2463 2103 2736 2157 dictumve
2779 2104 2943 2157 ullum
2992 2107 3425 2173 reprehenditur,
3476 2120 3624 2160 causa
3661 2122 3754 2160 esse

2217 2209 2321 2249 non
2354 2196 2567 2263 poterit.
2600 2195 2708 2249 Nec
2753 2211 2883 2249 vero
2926 2196 3123 2251 factum
3166 2198 3440 2252 dictumve
3487 2199 3680 2266 aliquod
3714 2200 3754 2251 in

2210 2286 2468 2354 judicium
2504 2286 2727 2354 proferri
2760 2296 2962 2353 potest,
2991 2288 3035 2341 si
3076 2303 3302 2356 persona
3334 2305 3441 2343 non
3471 2299 3658 2353 exstet;
3681 2292 3756 2342 ita-

2216 2393 2320 2444 que
2359 2377 2411 2430 in
2446 2376 2527 2430 liis
2567 2377 2775 2430 duobus
2805 2382 2979 2433 omnis
3001 2379 3327 2447 judiciorum
3365 2382 3504 2434 ratio
3533 2394 3756 2447 versatur,

2215 2470 2269 2525 in
2314 2484 2544 2537 persona
2590 2471 2795 2537 scilicet
2839 2472 3272 2545 atqueinegoﬂtio.
3321 2474 3428 2528 Sed
3460 2477 3557 2542 (ut
3593 2475 3757 2526 dictum

2216 2561 2587 2629 estlpersona
2643 2570 2725 2614 est
2767 2577 2885 2628 quae
2938 2565 2989 2615 in
3043 2563 3299 2630 judicium
3344 2575 3583 2629 vocatur,
3632 2582 3760 2632 negt»

2217 2652 2344 2703 tium
2380 2654 2573 2703 factum
2606 2655 2871 2705 dictumve
2920 2668 3180 2720 personae,
3227 2666 3448 2723 propter
3489 2659 3621 2723 quod
3664 2670 3761 2708 reus

2215 2749 2500 2809 statuitur;
2552 2759 2777 2813 persona
2849 2746 3011 2815 igitur
3072 2756 3126 2799 et
3190 2750 3465 2817 negotium
3516 2761 3762 2814 suggerere

2216 2850 2525 2910 argumenta
2569 2855 2673 2892 non
2698 2850 2937 2909 possunt.
2974 2841 3047 2894 De
3078 2842 3205 2910 ipsis
3248 2842 3392 2894 enim
3426 2841 3643 2909 qua'stio
3680 2852 3761 2894 est.

2222 2926 2294 2982 De
2343 2931 2531 2997 quibus
2584 2939 2760 2984 autem
2808 2932 3100 2998 dubitatur,
3150 2949 3210 2986 ea
3251 2932 3571 2987 dubitatioiii
3623 2932 3763 2985 facere

2220 3018 2375 3073 fidem
2428 3036 2713 3089 nequeunt.
2770 3023 3153 3090 Argumentum
3202 3039 3331 3079 vero
3372 3037 3491 3078 erat
3544 3025 3666 3078 ratio
3704 3025 3763 3076 rei

538 3114 732 3166 docere
773 3123 829 3166 et
869 3127 1113 3176 movere;
1157 3122 1307 3165 actor
1359 3120 1442 3166 est
1471 3120 1684 3175 orator;
1719 3110 1949 3164 officium
1981 3111 2115 3164 bene
2142 3112 2186 3172 C
2219 3108 2392 3163 dubia:
2440 3111 2637 3165 faciens
2703 3112 2890 3176 fidem;
2951 3114 3145 3168 faciunt
3202 3128 3379 3169 autem
3441 3118 3647 3184 negotio
3703 3118 3758 3166 li-

538 3206 752 3269 dicere;
782 3204 902 3257 linis
935 3217 1043 3257 tum
1090 3206 1225 3258 bene
1253 3203 1475 3266 dixisse,
1510 3212 1619 3257 tum
1648 3203 1969 3273 persuadere
1996 3220 2007 3252 :
2034 3213 2116 3256 est

541 3308 671 3349 vero
719 3303 829 3349 tota
877 3295 1145 3347 rhetorica
1188 3297 1237 3348 ιιι
1278 3294 1579 3363 speciebus.
1624 3294 1841 3362 Species
1877 3308 2002 3346 vero
2043 3292 2115 3345 ita

542 3393 705 3440 t0tam
734 3385 1010 3439 materiam
1039 3385 1365 3452 informant,
1393 3395 1449 3439 ut
1476 3394 1655 3439 tamen
1693 3384 1927 3439 vicissim
1955 3392 2117 3437 totam

541 3476 640 3531 sibi
672 3476 974 3543 vindicent,
1004 3477 1143 3545 quod
1170 3492 1237 3531 ex
1270 3478 1370 3531 hoc
1391 3476 1612 3545 intelligi
1635 3484 1841 3544 potest,
1870 3476 2118 3543 quoniam

543 3580 729 3620 omnes
772 3566 1008 3620 materia:
1052 3575 1229 3634 partes
1268 3567 1493 3635 singula:
1520 3567 1725 3635 species
1754 3575 1954 3620 tenent.
1985 3565 2117 3619 Nam

543 3657 597 3711 in
632 3657 873 3729 judiciali
920 3668 1147 3728 quatuor
1194 3658 1604 3712 constitutiones
1648 3658 1921 3721 invenies,
1965 3667 2017 3712 et
2064 3656 2117 3711 iit

543 3751 893 3804 deliberativo
916 3750 1440 3817 deinonstrativoqne
1470 3749 1689 3803 easdem
1717 3759 1944 3818 quatuor
1971 3749 2120 3802 iuve-

545 3840 661 3892 nire
689 3852 877 3905 queas.
908 3837 1060 3892 Unde
1098 3839 1415 3904 ostenditur,
1456 3840 1500 3893 si
1532 3854 1717 3894 omnes
1744 3849 1922 3908 partes
1944 3853 2121 3892 causa:

546 3932 841 4000 generalis,
885 3946 1002 3999 quae
1040 3943 1122 3983 est
1160 3932 1333 3985 civilis
1374 3932 1630 3999 quastio,
1665 3933 1886 4001 singula:
1916 3932 2123 4000 species

547 4023 777 4085 habent,
807 4035 994 4073 omnes
1022 4037 1148 4074 vero
1179 4031 1355 4088 partes
1383 4036 1542 4076 causa
1584 4022 1697 4090 ipsa
1721 4034 1803 4077 est
1822 4062 1838 4087 ,
1867 4035 2081 4075 causam
2104 4060 2120 4083 ,

546 4113 602 4167 id
625 4124 705 4166 est
722 4113 932 4167 civilem
950 4115 1319 4181 quaestionem,
1342 4128 1372 4167 a
1392 4114 1670 4182 Speciebus
1695 4114 1927 4169 vicissim
1952 4114 2123 4168 vindi-

548 4206 659 4259 cari
690 4215 856 4258 totam
886 4219 952 4259 eo
977 4208 1156 4269 modo,
1189 4220 1293 4275 quo
1321 4220 1425 4260 vox
1457 4220 1561 4260 uno
1590 4219 1829 4274 tempore
1855 4206 1921 4258 ad
1952 4204 2122 4273 pluri-

548 4314 758 4353 morum
794 4313 950 4352 aures
980 4298 1218 4366 pervenit
1243 4313 1363 4351 cum
1394 4299 1504 4352 suis
1527 4299 1734 4366 integra
1771 4297 2006 4366 partibus
2028 4338 2043 4363 ,
2073 4296 2126 4349 id

550 4401 634 4445 est
660 4389 968 4453 elementis,
1002 4404 1120 4442 nant
1146 4389 1334 4442 eodem
1361 4400 1599 4458 tempore
1629 4398 1739 4443 tota
1765 4404 1924 4444 causa
1948 4389 2016 4442 ad
2045 4388 2126 4442 di-

2218 3203 2373 3268 dem,
2427 3218 2487 3256 ea
2528 3219 2645 3273 qua:
2686 3216 2810 3257 sunt
2855 3207 3093 3274 personis
3149 3223 3212 3261 ac
3252 3209 3488 3277 negotiis
3526 3202 3761 3262 attributa.

2219 3294 2297 3347 Ac
2345 3294 2389 3348 si
2436 3295 2647 3360 quando
2697 3310 2923 3363 persona
2969 3299 3182 3366 negotio
3224 3297 3382 3354 faciat
3415 3300 3602 3363 fidem,
3633 3298 3763 3352 veluti

2220 3386 2262 3437 si
2305 3383 2552 3438 credatur
2589 3397 2773 3439 contra
2807 3389 3187 3453 rempublicam
3218 3394 3457 3446 sensisse
3487 3392 3764 3454 Catilinam,

2223 3478 2476 3543 quoniam
2512 3492 2735 3543 persona
2766 3488 2848 3532 est
2879 3480 3125 3534 vitiorum
3158 3484 3491 3550 turpitudine
3520 3484 3764 3546 denotata,

2223 3575 2350 3619 tunc
2375 3582 2481 3619 non
2508 3567 2560 3619 in
2590 3582 2655 3620 eo
2683 3570 2822 3636 quod
2856 3584 3079 3637 persona
3111 3584 3185 3624 εει
3237 3583 3290 3624 et
3346 3575 3396 3625 iri
3425 3575 3670 3642 judicium
3697 3589 3769 3625 vo-

2223 3667 2374 3712 catur
2419 3657 2576 3712 lidem
2609 3660 2822 3727 negotio
2868 3662 3025 3725 facit,
3064 3662 3158 3714 sed
3190 3664 3243 3715 in
3295 3679 3361 3717 eo
3387 3665 3533 3731 quod
3560 3681 3620 3718 ex
3648 3664 3769 3717 attri-

2223 3749 2367 3802 butis
2400 3763 2640 3817 personae
2680 3750 2964 3818 quamdam
3000 3753 3218 3820 suscipit
3249 3755 3581 3820 qualitatem.
3613 3754 3704 3809 Sed
3727 3762 3771 3805 ul

2224 3852 2403 3892 rerum
2445 3838 2579 3892 ordo
2619 3839 2816 3894 clarius
2860 3839 3234 3911 colliquescat,
3276 3845 3345 3897 de
3384 3846 3776 3899 circumstantiis

2226 3930 2458 3983 arbitror
2479 3944 2596 3983 esse
2619 3931 2924 3986 dicendum.
2950 3931 3521 4007 Cinitme
3543 3953 3653 4006 qua:
3671 3926 3795 4017 con-1

2231 4021 2507 4076 venientes
2530 4023 2879 4076 substantiam
2908 4024 3214 4092 quaestionis
3235 4025 3497 4080 efficiunt.
3524 4027 3630 4081 Nisi
3656 4028 3797 4092 enim}

2229 4113 2298 4165 sit
2321 4114 2410 4182 qui
2441 4112 2664 4179 fecerit,
2693 4122 2748 4167 et
2776 4115 2899 4182 quid
2926 4090 3149 4181 fecerit,
3177 4125 3446 4184 Causaque
3467 4134 3563 4172 cur
3588 4090 3798 4176 fecerit,l

2230 4201 2379 4255 locus
2399 4242 2414 4265 ,
2447 4210 2763 4272 tempusque
2792 4219 2898 4272 quo
2930 4208 3149 4271 fecerit,
3182 4206 3371 4260 modus
3394 4209 3559 4262 etiam
3592 4207 3777 4261 faculta-

2230 4300 2419 4362 tesque
2458 4295 2505 4348 si
2550 4294 2776 4359 desunt,
2824 4311 2981 4349 eausa
3026 4312 3135 4349 non
3172 4294 3354 4351 stabit.
3387 4299 3498 4354 Has
3528 4300 3675 4368 igitur
3696 4300 3776 4351 cir-

2230 4391 2578 4445 cumstantias
2605 4393 2655 4445 in
2680 4393 2890 4461 gemina
2919 4393 3107 4448 Cicero
3141 4396 3388 4463 partitur,
3423 4407 3480 4450 ut
3519 4413 3655 4464 eam,
3684 4409 3779 4464 qua:

550 4495 733 4534 versas
759 4478 969 4546 species
997 4492 1115 4531 cunt
1162 4482 1272 4531 suis
1316 4481 1551 4547 partibus
1599 4484 1808 4533 transit.
1854 4480 1959 4533 Sed
2003 4495 2123 4533 cum
2152 4481 2205 4541 D
2232 4491 2316 4537 est
2339 4484 2478 4552 quis,
2506 4484 2959 4538 circumstantiam
2988 4486 3039 4539 in
3064 4488 3334 4543 attnbutis
3361 4503 3601 4558 persona.-
3626 4497 3775 4557 ponat.

552 4572 763 4637 species
786 4570 840 4623 in
868 4572 1143 4624 materiam
1172 4572 1446 4634 venerint,
1477 4572 1526 4624 id
1551 4579 1635 4625 est
1664 4572 1715 4623 in
1747 4570 1958 4624 civilem
1986 4586 2129 4640 quaa-

551 4663 782 4715 stionem
802 4700 818 4724 ,
839 4671 889 4713 et
912 4675 1028 4713 eam
1060 4676 1178 4713 cum
1203 4662 1315 4715 suis
1346 4663 1673 4718 obtinuerint
1697 4662 1931 4731 partibus
1951 4700 1966 4724 ,
1991 4662 2131 4716 infe-

553 4764 677 4806 runt
701 4766 882 4806 secum
905 4752 1063 4805 etiam
1088 4766 1259 4820 ipsam
1286 4756 1566 4809 rhetoricae
1589 4754 1919 4810 facultatem.
1952 4756 2130 4821 Quare

551 4841 712 4895 etiam
758 4842 1041 4895 rhetorica:
1089 4854 1264 4909 partes
1296 4844 1349 4897 in
1392 4846 1616 4916 singulis
1657 4844 2129 4900 c0nstitutionibus

553 4932 787 4985 inerunt.
833 4931 938 4986 Sed
976 4932 1124 4985 illata
1154 4935 1375 4987 materia
1409 4936 1570 4989 infert
1596 4950 1780 4991 secum
1809 4936 2131 4990 instrumen-

553 5034 663 5076 tum
707 5040 893 5089 suum,
934 5026 1091 5079 infert
1132 5027 1287 5094 igitur
1327 5043 1509 5084 secum
1549 5029 1881 5094 orationem,
1923 5038 1981 5085 et
2018 5032 2134 5085 hinc

554 5116 794 5182 proprias
821 5124 1000 5183 partes
1019 5159 1035 5183 ,
1067 5104 1273 5186 eritque
1316 5122 1368 5172 iit
1407 5120 1876 5175 constitutionibus
1903 5130 2134 5176 tractan-

553 5204 638 5255 dis
673 5206 979 5271 exordium,
1025 5210 1282 5273 narratio,
1313 5222 1368 5264 et
1397 5222 1612 5265 czetera.
1645 5211 1751 5267 Sed
1783 5228 1903 5267 cum
1938 5216 2133 5267 instru-

556 5303 790 5346 mentum
819 5296 1024 5348 venerit
1053 5298 1104 5349 in
1130 5299 1336 5354 civilem
1363 5302 1734 5369 quaestionem,
1761 5319 1978 5371 operam
2002 5320 2133 5371 quo-

556 5396 659 5447 que
680 5397 826 5435 suam
846 5383 1003 5436 simul
1028 5384 1213 5452 infert;
1239 5389 1448 5442 docebit
1468 5389 1625 5458 igitur
1648 5403 1707 5442 ac
1727 5393 2064 5459 persuadebit
2085 5396 2134 5448 in

557 5472 700 5526 omni
726 5475 1127 5531 constitutione.
1156 5478 1261 5533 Sed
1290 5480 1405 5534 hinc
1435 5497 1527 5549 per
1554 5496 1611 5534 se
1642 5483 1823 5537 venire
1848 5499 1953 5536 non
1986 5497 2137 5553 pote-

563 5576 721 5631 runt,
764 5566 866 5622 nisi
914 5570 984 5623 sit
1024 5571 1112 5639 qui
1162 5572 1276 5628 hate
1323 5584 1534 5630 moveat
1571 5578 1718 5630 velut
1754 5578 1946 5631 artifex
1976 5588 2135 5648 atque

563 5658 900 5714 architectus.
946 5659 1040 5714 llic
1080 5672 1254 5718 autem
1297 5675 1375 5721 est
1408 5677 1609 5735 orator,
1638 5667 1872 5738 quicum
1907 5669 1972 5726 ad
2006 5686 2133 5725 cau-

2234 4574 2488 4641 Reliquas
2539 4591 2665 4628 vero
2714 4577 3143 4632 circumSIantias
3185 4579 3237 4632 in
3283 4582 3554 4635 attributis
3601 4581 3785 4651 negotio

2234 4669 2541 4722 constituat.
2569 4667 2636 4721 Et
2659 4668 2881 4737 primam
2906 4672 3123 4738 quidem
3143 4687 3207 4725 ex
3233 4673 3643 4727 circumstantiis
3662 4685 3777 4731 eam,

2233 4772 2353 4826 qua:
2381 4760 2636 4827 estquis,
2670 4762 2922 4828 quoniam
2967 4776 3208 4828 personae
3248 4764 3519 4827 attribuit,
3564 4773 3699 4818 secat
3740 4761 3781 4811 in

2235 4849 2480 4903 undecim
2507 4863 2682 4918 partes
2714 4866 2733 4904 ί
2763 4866 2956 4905 uolneri
2986 4860 3042 4904 ut
3072 4851 3297 4917 Verres,
3335 4864 3577 4907 naturam
3606 4863 3657 4905 ut
3686 4859 3780 4903 bar-

2235 4944 2430 5006 barus,
2463 4944 2657 5018 Vm]
2688 4954 2744 4998 ut
2773 4945 2975 4998 amicus
3007 4945 3303 5010 nobilium,
3344 4947 3607 5018 fortunam
3649 4956 3699 4997 ut
3720 4945 3782 4995 di-

3380 5016 3578 5032 h—

2194 5092 2202 5105 I
2237 5050 2331 5090 ves
2353 5075 2367 5101 ,
2398 5037 2628 5105 studium
2653 5047 2709 5090 ut
2729 5048 3022 5105 geometer,
3053 5052 3239 5091 casum
3273 5050 3329 5090 ut
3354 5039 3505 5091 exsul
3530 5078 3545 5103 ,
3574 5037 3783 5105 am

2237 5142 2359 5202 nem
2385 5094 2674 5194 ulmus,
2699 5128 2934 5209 habitum
2961 5139 3015 5183 ut
3042 5108 3286 5198 mitias,
3310 5132 3619 5205 consilium,
3649 5130 3782 5209 ξιξ-εξ,

2236 5226 2291 5272 et
2332 5220 2633 5289 owiones,
2666 5202 3060 5289 ea‘qﬁ'éxtra
3095 5223 3222 5276 illud
3275 5202 3467 5277 factum
3508 5202 3782 5287 dictumun

2236 5233 2291 5272 et
2370 5233 2633 5284 rationes,
2666 5236 2728 5273 ea
2756 5235 2876 5289 qua:
2905 5233 3060 5275 extra
3095 5233 3222 5276 illud
3275 5233 3467 5277 tactum
3508 5233 3782 5287 dictumun

2236 5233 2550 5379 suum
2614 5327 2752 5366 nunc
2813 5313 2865 5367 iit
2910 5312 3172 5382 judicium
3212 5314 3516 5369 devocatur.
3564 5312 3783 5377 Reliquas

2238 5416 2369 5455 vero
2395 5403 2848 5466 circumstantias,
2882 5421 3001 5471 qua:
3049 5416 3175 5459 sunt
3212 5407 3358 5474 quid,
3382 5421 3493 5471 cur,
3519 5404 3777 5476 quomodo.
3796 5396 3829 5479 λ

2240 5495 2350 5560 ubi,
2382 5495 2612 5563 quando,
2642 5498 2831 5565 quibus
2854 5498 3084 5562 auxiliis,
3114 5500 3164 5551 in
3195 5501 3457 5553 attributis
3479 5500 3779 5568 ncgotiopo-
3830 5484 3843 5539 Si

2240 5584 2349 5647 nit;
2381 5586 2505 5653 quid
2553 5595 2609 5640 et
2653 5602 2769 5651 cur,
2820 5587 3003 5643 dicens
3051 5590 3374 5644 continentia
3404 5606 3520 5645 cum
3563 5594 3672 5658 ip-o
3706 5599 3779 5639 nc-

2238 5677 2409 5746 gotio;
2462 5695 2556 5734 cur
2602 5680 2653 5732 in
2700 5696 2855 5735 causa
2902 5681 3229 5737 cvttstitucns
3278 5699 3292 5737 :
3342 5699 3404 5739 ca
3454 5684 3593 5739 enim
3645 5693 3777 5736 causa

3846 5544 3855 5571 Ν
