4036 6336
265 299 404 354 fil?)

1286 296 1372 349 DE
1415 292 1887 349 DIFFERENTIIS
1925 292 2210 350 TOPICIS.
2252 296 2382 353 LIB.
2425 296 2508 353 Ν.

3390 304 3529 361 1‘2”

261 428 348 473 est
385 414 800 484 uniuscujusque
853 412 1011 476 facti,
1043 422 1256 480 propter
1294 427 1456 481 quam
1504 410 1696 465 factum
1738 420 1840 464 est.
1872 414 1924 469 Α
1955 409 2109 462 cticis
2141 410 2274 465 locis
2301 426 2363 466 ea
2391 427 2510 481 qua:
2536 413 2588 468 in
2638 413 2765 483 ipsis
2798 414 3024 477 luerent,
3065 417 3134 473 de
3159 416 3352 486 quibus
3379 434 3529 488 qna-.-

261 510 401 577 Quid
429 525 556 564 vero
579 517 727 563 secat
754 508 807 560 in
836 514 1267 587 quawtes
1292 521 1303 554 :
1327 504 1379 556 in
1407 517 1668 557 summam
1693 499 1840 564 facti,

264 610 337 655 ιιι·
366 603 600 668 parentis
643 600 862 662 occisia,
918 613 984 651 ex
1032 597 1130 650 hac
1161 597 1394 651 maxime
1438 596 1587 648 locus
1617 595 1847 646 sumitur

261 693 724 765 ampliﬁcationis;
774 700 899 744 ante
949 691 1180 753 factum,
1231 699 1284 740 ιιι
1331 687 1578 741 certcitus
1608 684 1843 755 gladium

263 792 471 855 rapuit;
520 786 644 839 dum
706 783 793 844 fit,
852 782 1197 835 vehementer
1254 778 1545 845 percussit;
1601 784 1721 846 post
1771 773 1850 826 fa-

263 888 445 945 ctum,
504 878 554 930 in
603 873 784 926 abdito
843 870 1107 939 sepelivit.
1164 870 1292 936 Qua:
1343 885 1463 921 cum
1517 867 1699 921 omnia"
1741 866 1849 921 sint

264 974 440 1035 facta,
504 980 681 1021 tamen
751 966 999 1033 quoniam
1057 965 1121 1017 ad
1180 972 1387 1031 gestum
1448 962 1720 1029 negotium
1780 960 1848 1013 de

264 1078 371 1132 quo
411 1062 668 1129 quaeritur
712 1056 1005 1125 pertinent,
1050 1070 1158 1107 non
1198 1064 1323 1106 suttt
1361 1068 1422 1106 ea
1467 1052 1602 1105 facta
1641 1065 1761 1119 qua:
1793 1050 1844 1103 in

264 1153 535 1207 attributis
582 1164 819 1220 persona:
864 1158 1135 1200 numerata
1185 1155 1342 1207 sunt;
1393 1144 1480 1198 illa
1518 1145 1660 1198 enim
1693 1153 1845 1197 extra

265 1249 575 1314 negotium,
626 1246 694 1298 de
737 1258 842 1312 quo
893 1242 1067 1309 agitur
1094 1240 1311 1308 posita,
1346 1254 1631 1307 personam
1678 1239 1846 1291 infor-

266 1343 503 1407 mantia,
564 1340 722 1394 iidem
779 1338 829 1391 ei
882 1337 1096 1405 negotio
1148 1345 1403 1403 prwstant
1452 1333 1520 1387 de
1571 1348 1676 1402 quo
1724 1347 1847 1384 ver-

264 1446 417 1488 satur
481 1433 733 1495 intentio;
790 1430 905 1482 haec
960 1443 1089 1482 vero
1144 1428 1278 1481 facta
1336 1441 1455 1494 quae
1520 1423 1847 1479 continentia

264 1536 538 1579 suntcum
594 1525 712 1591 ipso
760 1520 990 1589 negotio,
1020 1520 1085 1571 ad
1117 1519 1287 1585 ipsum
1333 1518 1599 1584 negotium
1646 1514 1714 1569 de
1739 1530 1847 1583 quo

265 1618 527 1687 quaeritur
554 1616 846 1682 pertinent.
881 1614 1184 1666 Postremus
1208 1625 1336 1664 vero
1361 1619 1589 1679 quatuor
1616 1608 1849 1681 circum-

266 1710 493 1765 stantias
538 1709 727 1761 Cicero
773 1706 922 1774 ponit
962 1704 1014 1758 in
1046 1705 1290 1773 gestione
1333 1702 1551 1769 negotii,
1604 1716 1724 1769 quae
1768 1709 1852 1753 est

1954 512 2109 557 ritur.
2135 504 2355 575 Reliqua
2380 521 2528 573 vero,
2549 522 2669 576 quas
2696 508 2777 562 vel
2791 520 2920 562 sunt
2938 510 3183 585 adjuncta
3213 513 3425 579 negotio
3444 514 3529 566 vel

1954 605 2160 661 gestum
2194 598 2462 665 negotium
2491 609 2910 668 consequuntur.
2946 602 3070 655 talia
3099 611 3243 668 sunt,
3278 603 3450 671 qualia
3474 604 3527 656 in

1956 685 2253 739 dialecticis
2280 689 2409 740 locis
2430 702 2490 741 ea
2514 704 2634 757 quae
2654 692 2947 744 secundum
2964 691 3313 747 Tltetnistium
3336 699 3527 762 partim

1957 778 2035 831 rei
2081 779 2432 835 substantiam
2481 796 2902 851 consequuntur,
2936 788 3124 854 partim
3176 801 3295 841 sunt
3326 790 3533 844 extrin-

1954 884 2134 935 secus,
2165 876 2353 939 partim
2380 885 2664 929 versantur
2695 875 2746 929 in
2777 879 3001 941 mediis;
3033 880 3323 932 secundum
3374 881 3530 932 (lice-

1956 978 2140 1017 ronetu
2167 978 2293 1016 vero
2322 963 2461 1018 inter
2485 964 2670 1019 streets
2719 979 2993 1022 nnrnerata
3035 979 3180 1033 sunt,
3205 972 3286 1022 vel
3319 971 3527 1024 extrin-

1956 1069 2111 1108 secus
2140 1054 2329 1119 posita.
2358 1056 2493 1110 Sunt
2522 1057 2663 1111 enim
2696 1058 2938 1127 adjuncta
2965 1063 3198 1129 negotio,
3233 1061 3335 1127 ipsi
3367 1061 3530 1116 etiam

1956 1146 2286 1213 :equetidem
2317 1146 2518 1201 faciunt
2566 1150 2871 1215 quaestioni,
2916 1150 3101 1205 affecta
3137 1154 3533 1219 quodammodo

1955 1236 2019 1288 ad
2049 1236 2103 1290 id
2132 1239 2200 1291 de
2228 1253 2334 1306 quo
2359 1239 2640 1307 quaeritur,
2676 1250 2730 1293 et
2761 1242 3100 1308 respicientis
3144 1245 3413 1312 negotium
3465 1244 3533 1298 de

1956 1345 2061 1401 quo
2083 1330 2281 1396 agitur.
2314 1331 2442 1386 Nam
2474 1333 2895 1388 circumstantim
2943 1346 3144 1404 septem
3177 1339 3227 1390 in
3261 1339 3531 1392 attributis

1957 1438 2199 1490 persona:
2222 1425 2303 1477 vel
2333 1426 2547 1492 negotio
2576 1437 2871 1480 numerata:
2896 1436 3039 1481 sunt.
3069 1429 3164 1482 {lat
3188 1444 3308 1483 cum
3348 1444 3531 1499 caepe-

1957 1517 2063 1567 rint
2088 1516 2409 1583 comparari,
2433 1527 2487 1570 et
2513 1520 2661 1586 quasi
2688 1519 2739 1570 in
2773 1519 3089 1573 relationem
3112 1523 3316 1583 venire,
3364 1524 3533 1590 siqui-

1957 1607 2078 1660 dem
2105 1607 2169 1659 ad
2206 1623 2265 1661 se
2296 1609 2576 1663 continens
2603 1609 2882 1674 referatur,
2911 1612 2990 1665 vel
3023 1613 3089 1663 ad
3122 1612 3173 1665 id
3218 1613 3356 1679 qund
3401 1626 3531 1667 con:

1959 1700 2177 1765 tinetur,
2213 1701 2271 1754 fit
2299 1711 2391 1755 aut
2419 1704 2647 1770 species.
2682 1713 2773 1756 aut
2801 1719 2988 1773 genus.
3041 1707 3112 1759 At
3135 1708 3180 1759 si
3221 1707 3285 1759 ad
3311 1707 3360 1759 id
3396 1707 3533 1761 refe’-

268 1802 505 1859 secunda
538 1818 569 1869 p
588 1816 663 1855 trs
684 1800 1063 1853 attributorum
1091 1797 1318 1866 negotiis
1343 1812 1358 1859 ;
1391 1803 1446 1849 et
1486 1810 1603 1847 eam
1632 1792 1845 1861 quidem
1876 1780 1927 1838 B
1953 1803 2099 1845 ratur
2151 1794 2290 1862 quod
2312 1795 2383 1848 ab
2412 1810 2478 1849 eo
2505 1796 2812 1863 longissime
2841 1798 3026 1863 distet,
3073 1800 3400 1852 contrarium
3424 1817 3439 1863 ;
3465 1813 3529 1852 ac

266 1893 746 1950 circumstantiam,
779 1906 896 1955 qua!
918 1898 1004 1943 est
1031 1889 1264 1957 quando,
1297 1886 1487 1939 dividit
1530 1887 1581 1938 in
1616 1894 1846 1950 tempus,

267 1998 325 2041 ut
350 1994 503 2039 nocte
526 1984 668 2045 fecit,
694 1993 749 2037 et
775 1983 825 2036 in
852 1982 1210 2043 occasionem,
1246 1990 1304 2033 ut
1331 1981 1540 2033 cunetis
1581 1978 1849 2031 dnrmien-
1888 1990 1893 2043 χ

267 2078 445 2139 tibus;
499 2091 617 2131 eam
674 2090 803 2128 vero
857 2072 1350 2135 circumstantiam,
1414 2085 1534 2137 qua:
1591 2077 1674 2122 est
1730 2069 1845 2129 ubi,
1892 2058 1895 2097 ι

267 2169 446 2224 locum
471 2167 620 2229 dicit,
650 2174 705 2217 ut
733 2166 785 2217 in
830 2162 1079 2217 cubicqu
1121 2161 1267 2221 fecit,
1297 2158 1569 2227 quomodo
1613 2171 1742 2209 vero
1782 2170 1848 2209 ex

267 2258 686 2315 circumstantii~
713 2256 952 2317 modum,
982 2262 1040 2307 ut
1069 2254 1207 2307 clam
1232 2252 1377 2305 fecit.
1408 2250 1609 2316 Quibus
1639 2247 1850 2301 auxiliis

267 2350 751 2413 circumstantiam,
792 2346 1097 2399 tacnltatem
1140 2342 1394 2412 appellat,
1430 2352 1481 2391 ut
1515 2355 1633 2393 cum
1685 2338 1850 2391 multo

267 2443 531 2496 exercitu.
560 2442 796 2506 Qum-um
823 2437 1035 2506 quidem
1070 2436 1328 2496 locorum,
1378 2434 1476 2486 etsi
1527 2447 1591 2484 ex
1622 2431 1852 2484 circnm-

271 2533 591 2586 stantiarum
647 2540 835 2582 natura
886 2520 1157 2581 discretio’
1197 2527 1342 2578 clara
1387 2534 1487 2587 est,
1546 2538 1643 2576 nos
1674 2533 1852 2576 tamen

274 2623 679 2677 benevolentins
706 2620 984 2679 faciemus,
1014 2618 1060 2672 si
1083 2617 1298 2671 uberius
1325 2632 1508 2671 eorum
1542 2630 1569 2668 a
1598 2630 1673 2687 se
1690 2615 1850 2693 diffe-

268 2700 471 2769 rentias
519 2713 885 2767 ostendamus.
948 2710 1078 2764 Nam
1138 2725 1257 2763 cum
1309 2725 1373 2763 ex
1416 2709 1849 2767 circumdandis,

268 2808 406 2859 alias
436 2807 517 2858 M.‘
520 2806 738 2858 1mm;
784 2805 1023 2872 posuerit
1053 2816 1175 2855 esse
1218 2802 1549 2854 continentia
1583 2814 1703 2852 cum
1737 2800 1853 2866 ipso

270 2900 507 2968 negotio,
550 2900 684 2953 alias
736 2899 786 2949 itt
839 2896 1084 2964 gestione
1140 2895 1359 2964 negotii.
1391 2898 1568 2962 Atque
1609 2893 1660 2945 in
1682 2892 1855 2945 conti-

267 2991 520 3046 nentibus
557 3005 680 3042 cum
725 2990 841 3057 ipso
883 2989 1097 3057 negotio
1144 2987 1293 3039 illum
1344 2984 1716 3038 annumeravit
1773 2984 1855 3036 Io-

268 3097 389 3136 cum
422 3096 576 3148 quem
637 3080 926 3147 appellavit
975 3078 1097 3130 dum
1140 3078 1215 3140 lit,
1266 3092 1331 3129 ex
1382 3077 1494 3144 ipsa
1540 3075 1854 3145 prolatiOnis

268 3170 660 3241 significatione
688 3171 827 3223 idem
865 3170 1075 3223 videtur
1103 3182 1223 3222 esse
1256 3168 1402 3221 locus
1451 3167 1557 3230 ltic,
1608 3166 1735 3219 dum
1770 3165 1846 3230 fit,
1879 3143 1926 3206 (ἶ

269 3264 319 3317 ei
336 3262 423 3332 qtti
444 3261 591 3316 estin
613 3263 855 3331 gestione
877 3261 1096 3330 negotii.
1120 3262 1221 3313 Sed
1242 3274 1346 3313 non
1368 3268 1450 3313 est
1468 3260 1559 3321 ita,
1578 3260 1701 3325 quia
1725 3258 1850 3311 dttm

271 3357 329 3408 iit
360 3353 490 3407 illud
542 3364 623 3407 est
667 3352 809 3420 quod
846 3368 910 3404 eo
969 3360 1209 3420 tempore
1255 3351 1549 3403 admissum
1596 3358 1678 3401 est
1725 3349 1850 3401 dttm

272 3445 477 3498 facinus
510 3452 868 3508 perpetrantur,
897 3451 951 3494 ut
984 3442 1261 3509 percussit.
1320 3442 1373 3494 ln
1429 3442 1670 3509 gestione
1726 3453 1854 3492 vero

275 3538 474 3605 negotii
505 3551 565 3589 ea
597 3544 719 3588 sunt
746 3550 862 3602 qua:
891 3543 1015 3587 ante
1039 3536 1256 3595 factum,
1289 3543 1343 3585 et
1373 3534 1497 3583 dum
1529 3534 1605 3597 lit,
1654 3541 1705 3583 et
1738 3540 1855 3598 post

272 3629 469 3684 factum
499 3630 639 3697 quod
669 3638 877 3698 gestent
908 3635 1009 3688 est,
1036 3627 1330 3679 continent.
1358 3625 1413 3677 ln
1443 3624 1691 3677 omnibus
1714 3626 1852 3676 enim

272 3731 507 3789 tempus,
540 3721 712 3782 locus,
744 3718 981 3779 occasio,
1026 3716 1242 3779 modus,
1272 3715 1506 3779 facultas
1551 3714 1851 3781 inquiritur.

272 3812 479 3867 Rursus
517 3813 644 3866 dum
694 3814 751 3864 lit
781 3810 978 3865 factum
1031 3819 1116 3863 est
1171 3823 1279 3876 quo
1318 3808 1745 3859 administratum
1775 3816 1857 3859 est

275 3907 581 3974 negotium;
613 3920 733 3972 quas
764 3904 926 3973 igitur
955 3915 1079 3956 sunt
1127 3903 1178 3955 in
1225 3903 1466 3970 gestione
1499 3901 1715 3968 negotii,
1751 3914 1855 3952 non

274 4005 401 4050 sunt
422 3997 575 4059 facta,
612 3996 705 4049 sed
736 3994 878 4049 facto
922 3994 1271 4047 adltterentia.
1314 3993 1501 4045 Nullus
1542 3991 1683 4045 enim
1727 4000 1859 4043 tum-

275 4101 398 4155 pus,
429 4087 789 4150 occasionem,
836 4086 1036 4148 locum,
1066 4087 1306 4145 modum,
1361 4083 1665 4137 facultatem
1722 4083 1858 4135 facta

274 4194 395 4233 esse
424 4188 781 4237 consensent,
817 4177 909 4231 sed
943 4186 1022 4243 (ut
1053 4177 1252 4229 dictum
1299 4179 1401 4243 est)
1444 4189 1595 4243 teque
1644 4175 1859 4227 cuilibet

275 4273 419 4325 facto
444 4271 777 4325 adlrmrentia
803 4277 949 4331 sunt,
984 4276 1141 4335 atque
1170 4267 1220 4320 id
1255 4266 1404 4318 nullo
1445 4266 1603 4318 modo
1632 4265 1860 4318 derelin-

275 4374 463 4433 quant,
486 4379 606 4433 qtna
632 4362 859 4430 quadam
889 4361 1149 4414 relatione
1172 4360 1409 4426 subjecta
1439 4368 1561 4411 sunt
1590 4357 1691 4425 ipsi
1717 4358 1857 4425 quod

275 4465 484 4525 gestum
527 4463 632 4517 est,
666 4453 899 4520 negotio.
936 4452 1065 4505 ltem
1105 4466 1167 4504 ea
1198 4465 1316 4519 qua:
1345 4457 1471 4502 sunt
1520 4449 1571 4502 in
1619 4449 1859 4515 gestiens

1953 1886 1995 1935 si
2027 1884 2095 1938 ad
2128 1886 2289 1940 linem
2327 1901 2480 1940 suum
2530 1902 2689 1953 atque
2718 1889 2919 1943 exitum
2969 1890 3261 1957 referatur,
3305 1901 3535 1945 eventura

1953 1985 2053 2028 est.
2101 1977 2300 2030 Eodem
2346 1994 2557 2044 quoque
2611 1980 2771 2034 modo
2814 1982 2879 2034 ad
2934 1982 3157 2051 majora,
3216 1983 3421 2036 minera
3479 1994 3534 2036 et

1955 2069 2099 2133 paria
2121 2080 2518 2137 comparantur.
2571 2073 2747 2140 Atque
2789 2074 3010 2127 omnino
3061 2075 3193 2128 tales
3236 2076 3336 2129 loci
3365 2074 3417 2128 in
3451 2074 3534 2129 his

1954 2173 2073 2225 qua:
2102 2169 2225 2212 sunt
2265 2160 2331 2213 ad
2365 2161 2563 2229 aliqttid
2620 2164 3049 2226 considerantur,
3099 2181 3219 2218 nam
3259 2167 3430 2235 majus
3469 2176 3532 2220 et

1957 2252 2152 2314 minus,
2184 2260 2277 2305 aut
2304 2253 2502 2317 simile,
2551 2263 2641 2307 aut
2684 2269 2834 2322 aeque
2884 2272 3153 2325 magnum,
3208 2266 3296 2310 aut
3349 2258 3531 2328 dispe-

1955 2351 2125 2395 ratum
2172 2344 2364 2398 accidit
2405 2345 2821 2401 circumstantiis
2854 2364 2971 2408 quae
3012 2348 3066 2402 in
3112 2349 3382 2403 attributis
3435 2364 3533 2402 ne-

1954 2433 2099 2500 gotio
2121 2443 2279 2501 atque
2331 2449 2574 2502 personae
2608 2447 2898 2490 numeratae
2929 2446 3056 2491 sunt
3092 2454 3104 2489 :
3136 2449 3193 2491 ut
3230 2439 3356 2491 dum
3406 2438 3537 2507 ipsa:

1955 2525 2371 2577 circumstantias
2401 2526 2521 2578 aliis
2573 2538 2975 2596 comparantur,
3026 2530 3115 2583 flat
3154 2546 3221 2584 ex
3271 2531 3353 2583 bis
3378 2545 3537 2600 argu-

1956 2624 2193 2668 mentum
2238 2615 2366 2670 dicti
2424 2616 2620 2670 factive
2668 2619 2807 2685 quod
2873 2620 2924 2673 in
2979 2620 3233 2686 judicium
3284 2621 3531 2675 trahitur.

1960 2707 2165 2760 Distant
2194 2717 2370 2761 autem
2401 2724 2430 2761 a
2460 2709 2846 2777 superioribus,
2878 2712 3019 2780 quod
3063 2713 3370 2774 superiores
3402 2713 3531 2775 loci,

1959 2799 2039 2851 vel
2065 2798 2199 2852 facta
2241 2800 2608 2865 continebant,
2655 2802 2737 2855 vel
2773 2802 2923 2856 factis
2956 2803 3027 2856 ita
3071 2804 3433 2870 adltzcrebant,
3479 2817 3539 2857 ut

1957 2890 2192 2958 separari
2254 2905 2358 2943 non
2405 2892 2655 2959 possint,
2707 2903 2762 2946 ιιι
2803 2893 2974 2957 locus,
3029 2904 3282 2963 tempus,
3330 2905 3385 2949 et
3431 2910 3537 2949 creo

1959 2989 2069 3033 tera
2120 2996 2241 3048 qute
2288 2992 2498 3051 gestum
2548 2986 2816 3053 negotium
2863 3002 2967 3040 non
3015 2990 3361 3056 relinquunt;
3422 2988 3537 3041 haec

1958 3087 2087 3126 vero
2111 3089 2231 3141 quae
2261 3083 2387 3127 sunt
2431 3075 2682 3143 adjuncta
2714 3078 2933 3146 negotio
2961 3093 3067 3131 non
3116 3080 3394 3133 adhaerent
3436 3080 3539 3146 ipsi

1960 3166 2197 3232 negotio,
2246 3165 2338 3219 sed
2387 3165 2641 3219 accidunt
2683 3167 3137 3236 circumstantiis,
3184 3180 3238 3223 ct
3272 3180 3395 3224 tunc
3442 3170 3543 3224 de-

1961 3270 2103 3308 mum
2154 3242 2524 3323 argumentum
2595 3267 2898 3325 praestant,
2952 3246 3191 3315 cumlad
3248 3275 3536 3331 compara-

1961 3345 2157 3399 tionem
2211 3346 2451 3399 veniunt.
2522 3349 2816 3402 Sumuntur
2881 3365 3008 3403 vero
3064 3363 3372 3419 argumenta
3432 3366 3545 3405 non

1959 3452 2026 3489 ex
2086 3438 2509 3501 eunti-arietate,
2572 3441 2665 3493 sed
2722 3456 2786 3493 ex
2835 3443 3148 3506 contrario,
3200 3455 3252 3496 et
3320 3460 3425 3497 non
3470 3459 3541 3497 ex

1958 3526 2340 3593 similitudine,
2392 3530 2486 3582 sed
2535 3545 2602 3583 ex
2653 3531 2855 3594 simili,
2914 3543 2964 3584 ut
3016 3543 3271 3601 appareat
3318 3550 3423 3587 non
3470 3550 3539 3587 ett

1961 3619 2223 3673 relatione
2285 3621 2424 3673 sumi
2484 3633 2909 3687 argumentum,
2982 3625 3074 3677 sed
3142 3641 3207 3677 ex
3274 3625 3548 3693 adjunctis

1961 3711 2174 3777 negotio
2197 3715 2235 3774 °,
2287 3720 2343 3764 et
2390 3728 2450 3763 ea
2501 3726 2621 3765 eSse
2664 3712 2912 3780 adjuncta
2957 3717 3199 3783 negotio,
3245 3732 3364 3784 quze
3413 3726 3540 3770 sunt

1961 3804 2025 3854 ad
2065 3801 2238 3870 ipsum
2280 3802 2347 3857 de
2382 3818 2488 3871 quo
2539 3806 2717 3874 agitur
2755 3808 3024 3874 negotium
3074 3807 3286 3874 affecta.
3340 3808 3541 3863 Conse-

1960 3898 2105 3947 cittio
2134 3910 2285 3959 vero,
2317 3911 2436 3965 qua:
2470 3912 2594 3964 pars
2640 3911 2828 3965 quarta
2859 3909 2940 3953 est
2978 3915 3163 3953 eorum
3208 3917 3328 3970 quae
3379 3917 3543 3962 neeo-

1963 3987 2049 4038 tiis
2074 3990 2325 4040 attributa
2374 3999 2519 4053 sunt,
2563 4006 2738 4057 neque
2771 3992 2821 4043 in
2866 3992 2994 4059 ipsis
3049 3993 3185 4046 inest
3227 3994 3386 4047 rebus
3421 4009 3554 4062 quas

1963 4092 2139 4130 rerum
2167 4078 2522 4133 substantiam
2552 4096 2657 4133 non
2683 4082 2936 4149 relinquit
2960 4084 3020 4146 ",
3047 4098 3219 4149 neque
3235 4099 3301 4136 ex
3327 4098 3542 4151 compa-

1964 4171 2170 4225 ratione
2203 4173 2488 4239 repetitur,
2514 4172 2606 4226 sed
2642 4162 2755 4226 rem
2787 4185 2992 4240 gestam
3026 4175 3110 4226 vel
3145 4174 3432 4239 antecedit,
3458 4175 3542 4227 vel

1962 4260 2120 4314 etiam
2150 4262 2516 4329 consequitur.
2550 4263 2723 4330 Atque
2754 4263 2841 4318 ltic
2867 4274 3009 4319 totus
3034 4264 3182 4318 locus
3207 4266 3545 4319 extrinsecus

1962 4361 2046 4404 est
2078 4368 2091 4404 :
2134 4354 2365 4420 priurum
2415 4370 2481 4408 en
2508 4371 2558 4409 ru
2600 4356 2650 4408 in
2703 4371 2767 4409 eo
2796 4359 3054 4423 quaeritur
3094 4358 3146 4411 id
3175 4361 3313 4428 quod
3349 4359 3542 4415 factum

1965 4454 2067 4506 est,
2100 4460 2207 4512 quo
2248 4446 2466 4500 nomine
2492 4447 2749 4515 appellari
2799 4451 3101 4513 conveniat,
3127 4466 3178 4503 Ill
3209 4466 3316 4517 quo
3346 4465 3449 4504 non
3478 4450 3545 4504 de

277 4513 475 4613 negotii
505 4546 622 4597 sine
668 4544 750 4597 bis
781 4557 900 4612 qua!
927 4551 1053 4595 sunt
1082 4541 1410 4595 continentia
1459 4555 1581 4592 cum
1619 4538 1734 4606 ipso
1765 4556 1859 4593 ne-
1892 4513 1947 4572 D
1969 4547 2046 4597 re.
2078 4535 2174 4589 sed
2205 4535 2274 4589 de
2298 4536 2557 4590 vocabulo
2602 4538 2920 4605 laboratur;
2951 4542 3040 4607 qui
3067 4541 3262 4595 deinde
3300 4544 3409 4594 sint
3448 4556 3547 4594 aus

274 4638 423 4706 gotio
447 4650 569 4689 esse
599 4644 842 4702 possunt.
874 4632 1058 4685 Potest
1086 4633 1227 4685 enim
1260 4641 1314 4684 et
1344 4632 1515 4693 locus,
1539 4640 1594 4683 et
1625 4640 1861 4696 tempus,

276 4742 331 4783 et
359 4730 593 4791 occasio,
618 4735 672 4779 et
702 4725 917 4791 modus,
948 4732 1001 4777 et
1028 4724 1255 4779 facultas
1301 4722 1424 4776 facti
1463 4722 1750 4790 cujuslibet
1782 4722 1865 4775 in-

278 4823 468 4890 telligi,
493 4820 703 4874 etiamsi
754 4834 913 4872 nemo
942 4818 1120 4880 faciat,
1168 4816 1310 4885 quod
1361 4816 1456 4869 illo
1487 4816 1537 4868 in
1596 4816 1733 4879 loco,
1779 4813 1862 4866 vel

278 4924 542 4981 tempore,
569 4912 651 4965 vel
684 4911 991 4969 occasione,
1025 4910 1107 4962 vel
1140 4908 1321 4969 modo,
1351 4908 1437 4960 vel
1467 4906 1719 4961 facultate
1748 4906 1862 4959 fieri

278 5013 483 5073 posset.
516 5001 699 5070 Itaque
727 5017 811 5061 ea,
842 5017 961 5068 qua:
992 5009 1113 5051 sunt
1146 5001 1196 5050 in
1229 4999 1470 5067 gestione
1502 4998 1700 5066 negotii
1745 4999 1865 5051 sine

278 5098 365 5151 his
399 5112 521 5166 quin
551 5095 880 5150 continentia
928 5108 1050 5146 cum
1079 5094 1194 5159 ipso
1225 5092 1438 5159 negotio
1468 5106 1589 5145 esse
1619 5100 1858 5158 possunt,

278 5190 366 5243 illa
401 5203 528 5242 vero
556 5189 672 5241 sine
706 5189 786 5239 Itis
833 5200 955 5238 esse
1007 5202 1110 5236 non
1158 5191 1399 5245 possunt.
1458 5182 1677 5235 Factum
1720 5184 1862 5235 enim

280 5289 477 5350 praeter
508 5280 710 5339 locum,
747 5287 983 5346 tempus,
1009 5278 1374 5339 occasionem,
1415 5278 1651 5338 modum,
1701 5275 1865 5326 facul-

280 5379 553 5437 tatemque
581 5384 701 5422 esse
733 5385 835 5419 non
862 5368 1089 5435 poterit,
1120 5378 1280 5435 atque
1318 5365 1431 5419 haec
1462 5380 1580 5432 qua!
1621 5367 1672 5417 itt
1704 5364 1854 5417 attri-

279 5460 425 5517 butis
458 5477 696 5531 persona:
725 5476 787 5513 ac
821 5462 1031 5529 negotio
1075 5469 1338 5525 constant,
1394 5458 1554 5512 veluti
1611 5458 1661 5511 in
1692 5456 1860 5512 diale-

345 5618 364 5639 ⁶
390 5617 479 5665 Hic
504 5617 638 5665 locus
676 5614 814 5671 infra,
840 5614 932 5663 col.
960 5613 1101 5672 122i,
1130 5625 1221 5659 non
1251 5611 1421 5659 iisdem
1447 5613 1610 5661 verbis
1648 5614 1861 5661 resumi-

281 5691 380 5738 tur,
406 5682 499 5728 sic:
518 5688 568 5727 ut
589 5684 819 5741 (intrarent
842 5690 901 5725 sx
925 5692 952 5724 ιι
985 5688 1240 5725 ιἐιηιτιοκε
1260 5678 1381 5723 sumi
1406 5687 1592 5738 argum.
1617 5688 1662 5722 IN
1689 5678 1858 5737 adjun-

282 5748 372 5793 cth
397 5743 611 5801 negotio.

1968 4636 2147 4682 ctores
2172 4629 2291 4697 ejus
2316 4630 2459 4695 facti,
2479 4639 2534 4684 et
2564 4632 2881 4686 inventionis
2897 4636 3355 4702 comprobatores,
3379 4645 3551 4706 atque

1968 4720 2146 4774 aemuli
2169 4738 2180 4773 :
2207 4720 2258 4775 id
2286 4731 2452 4776 tutum
2482 4739 2546 4776 ex
2571 4723 2795 4793 judicio,
2816 4736 2869 4779 et
2888 4727 3279 4794 quodammodo
3305 4728 3549 4782 testimo.

1971 4818 2058 4871 nio
2086 4819 2422 4872 extrinsecus
2464 4821 2642 4887 posito
2670 4820 2734 4872 ad
2789 4821 3106 4875 subsidium-
3136 4824 3358 4877 confluit
3387 4837 3547 4890 argu-

1971 4910 2174 4973 menti;
2216 4909 2409 4962 deinde
2437 4921 2489 4963 et
2521 4926 2641 4979 qua:
2671 4912 2787 4978 ejus
2817 4912 2892 4966 rei
2932 4913 3004 4967 sit
3035 4914 3143 4978 lex,
3189 4914 3553 4980 consuetudo,

1971 5004 2164 5069 pactio,
2190 5002 2474 5070 judicium,
2503 5004 2787 5064 sententia,
2813 5004 3121 5057 artificium.
3167 5002 3371 5056 Deinde
3401 5018 3546 5072 qum-

1968 5095 2103 5147 ritur
2141 5094 2184 5145 si
2242 5102 2426 5146 natura
2458 5093 2578 5161 cjrts
2609 5097 2824 5149 evenire
2858 5097 3016 5164 vu'go
3066 5096 3256 5157 soleat,
3291 5110 3357 5146 an
3400 5096 3545 5147 inso-

1969 5185 2137 5240 lenter
2183 5194 2238 5239 et
2287 5201 2438 5247 raro;
2491 5195 2667 5240 utrum
2716 5187 2963 5241 homines
3010 5185 3065 5239 id
3094 5201 3185 5239 sua
3228 5186 3552 5239 auctoritate

1967 5278 2318 5344 comprobare
2340 5290 2401 5328 ac
2428 5275 2717 5331 defendere
2743 5276 2797 5329 in
2824 5278 2905 5329 bis
2930 5275 3335 5340 consueverint,
3356 5286 3408 5329 et
3436 5290 3547 5328 ca:-

1970 5375 2079 5421 tera
2132 5381 2250 5435 qua;
2278 5366 2470 5419 factum
2513 5365 2707 5436 aliquid
2763 5367 3005 5420 similiter
3033 5364 3429 5419 confestimant
3463 5366 3544 5417 iu-

1969 5459 2188 5514 tervallo
2210 5459 2384 5514 solent
2409 5460 2684 5527 consequi,
2709 5473 2829 5528 qua:
2857 5470 3075 5512 necesse
3105 5467 3186 5510 ρει
3207 5457 3545 5511 extrinsecus

2029 5611 2072 5682 'f
2095 5611 2281 5682 $ensus
2304 5627 2412 5680 esse
2436 5612 2632 5661 videtur
2655 5624 2667 5659 :
2692 5624 2837 5682 nunc
2863 5609 2895 5660 ὅ.
2924 5611 2989 5674 ip.
3018 5608 3081 5662 in.
3109 5609 3232 5672 reb,
3263 5610 3390 5673 quod
3413 5606 3540 5660 erum

1966 5674 2161 5737 ipsisin.
2190 5676 2287 5724 reb.
2315 5674 2429 5724 in...
2454 5686 2619 5749 renuit
2641 5674 2788 5731 subs,
2816 5684 2909 5725 ιρις.
