4036 6336
535 270 670 327 1215

1757 268 1861 323 AN.
1906 268 2109 322 SMN!“
2150 264 2298 323 SI'ZV.
2346 266 2565 322 BOETll

3598 138 3611 165 I

3606 284 3706 336 lilii

533 388 707 458 posita
751 387 815 440 ad
863 387 1168 455 Opinionem
1200 385 1368 452 magis
1396 383 1614 439 tendere
1644 397 1803 451 quam
1833 381 1899 436 ad
1932 383 2098 451 ipsam
2134 387 2177 443 Α
2208 379 2573 434 contractione
2602 380 2815 435 discreti
2839 390 2982 436 sunt.
3015 382 3144 436 Nam
3179 384 3555 464 dialecticorum
3576 400 3710 465 major

538 494 720 532 rerum
762 488 1028 532 naturam.
1058 478 1237 549 Itaque
1267 478 1317 529 in
1365 475 1445 528 his
1465 482 1691 543 quatuor
1727 473 1852 527 licet
1880 473 2103 542 negotiis

538 571 792 624 attributa
850 569 1108 633 dividere,
1142 581 1199 621 ut
1248 568 1355 620 sint
1387 568 1576 634 partim
1626 565 1956 619 continentia
1981 578 2101 616 cum

536 663 651 729 ipso
675 660 909 729 negatio,
938 675 1057 727 qua:
1075 660 1208 711 facta
1232 672 1350 711 esse
1368 656 1612 723 superius
1629 653 1827 707 dictum
1850 663 1962 715 est;
1987 666 2106 718 para

536 752 628 804 tim
655 752 705 803 in
735 750 973 818 gestione
1003 749 1354 816 negotii,qu:e
1377 762 1481 801 non
1501 761 1621 800 esse
1641 744 1799 805 facta,
1831 743 1923 798 sed
1954 742 2107 795 factis

533 846 860 899 adluerentia
908 845 1107 897 dudum
1160 841 1602 903 monstravimus;
1633 838 1824 908 partim
1859 837 2103 903 adjuncta

534 937 770 1005 negotio.
810 936 933 989 Ιιῖιιο
966 938 1050 1003 (ut
1080 934 1276 987 dictum
1308 934 1411 996 est)
1432 931 1622 1001 partim
1647 929 1700 983 in
1730 927 1986 983 relatione
2012 941 2107 994 po-

535 1036 751 1090 nuntur,
779 1028 969 1094 partim
1016 1034 1221 1094 gestum
1253 1023 1522 1092 negotium
1553 1030 1974 1087 consequuntur,
2003 1017 2101 1069 lto-

534 1132 651 1170 rum
685 1118 814 1171 ﬁdes
837 1119 1174 1170 extrinsecus
1206 1117 1450 1167 sumitur.
1496 1116 1569 1165 Ac
1593 1114 1658 1165 de
1681 1112 1964 1163 rhetoriCts
1990 1124 2108 1177 qut-

532 1210 657 1263 dem
691 1208 824 1262 locis
855 1210 986 1263 satis
1012 1208 1211 1261 dictum
1243 1216 1324 1261 est
1352 1223 1364 1259 :
1393 1220 1534 1260 nunc
1575 1205 1703 1258 illud
1729 1213 1810 1257 est
1837 1202 2109 1271 explican-

533 1305 681 1367 dum,
715 1318 833 1379 quae
871 1301 938 1355 sit
970 1301 1054 1354 his
1082 1296 2104 1379 sitnilit_t_id_oic~uhmAdialeethjsbqnmve

531 1374 843 1465 diiersitas;
856 1374 1415 1459 uou"éam’*"ia‘6ﬁéa
1432 1374 1924 1453 convenienterque
1954 1398 2106 1437 nion-

533 1476 797 1548 stravere,
828 1482 1089 1549 propositi
1121 1481 1302 1547 operis
1323 1480 1622 1546 explebitur
1650 1477 1895 1531 intentio.
1925 1476 2105 1563 Primo

532 1575 668 1629 adeo
697 1583 755 1627 ut
798 1575 848 1627 in
898 1572 1192 1626 dialecticis
1220 1573 1349 1627 locis
1399 1573 1560 1638 (sicut
1587 1569 1882 1624 Themistio
1910 1567 2101 1636 placet)

531 1667 619 1722 alii
647 1677 768 1721 sunt
796 1664 885 1734 qui
916 1667 967 1719 itt
996 1660 1125 1733 ipsis
1157 1664 1363 1718 luerent
1399 1664 1465 1717 de
1489 1664 1678 1731 quibus
1704 1662 1983 1731 quaeritur,
2013 1660 2101 1712 alii

2208 479 2291 524 est
2314 470 2563 535 ambitus,
2596 472 2919 540 etquoniam
2954 482 3148 542 prmter
3175 476 3570 537 circumstantias
3593 498 3707 552 sunt,

2207 577 2325 629 qua:
2352 562 2652 632 singulares
2676 562 2876 617 faciunt
2896 579 3108 631 causas,
3144 582 3249 621 non
3281 570 3430 624 modo
3466 572 3525 626 ad
3567 577 3711 632 theses

2209 654 2375 708 utiles
2405 664 2551 721 sunt,
2587 671 2769 710 verum
2792 657 2953 712 etiam
2981 659 3045 712 ad
3069 672 3374 727 argumenta
3399 679 3506 732 quae
3525 667 3570 718 in
3589 670 3714 738 [typo

2211 746 2448 799 thesibus
2484 748 2655 816 posita
2686 756 2831 812 sunt,
2861 763 3154 819 eorumque
3182 754 3324 807 locos
3344 758 3428 822 qui
3448 771 3509 810 ex
3527 761 3717 815 circium

2209 841 2421 893 srantiis
2449 848 2699 894 constant
2727 841 2985 896 claudunt
3027 852 3190 911 atque
3211 846 3462 901 ambiunt.
3493 848 3647 919 Itaque
3672 853 3720 908 lit

2211 940 2268 983 ut
2291 945 2503 998 semper
2528 941 2683 985 exeat
2709 931 2896 986 rhetor
2941 933 3237 989 dialecticis
3286 937 3432 1003 locis,
3460 914 3721 997 dialecticus
3747 914 3809 1043 ΝΞ

2208 1021 2317 1073 suis
2366 1022 2534 1088 possit
2577 1036 2700 1076 esse
2737 1033 3043 1076 contentus.
3087 1024 3291 1079 Rhetor
3333 1028 3467 1081 enim
3513 1034 3721 1099 quoniam

2208 1125 2398 1163 causas
2426 1127 2497 1165 ex
2519 1113 2934 1167 circumstantiis
2962 1122 3175 1178 tractat,
3206 1131 3268 1170 est
3302 1117 3494 1172 eisdem
3530 1123 3723 1176 circum-

2207 1202 2417 1255 stantiis
2462 1214 2773 1272 argumenta
2826 1203 3115 1272 persumei,
3171 1222 3291 1274 quae
3337 1225 3544 1265 necesse
3579 1223 3651 1267 est
3672 1218 3726 1267 ab

2209 1290 2596 1346 universalibus
2660 1303 2715 1346 et
2759 1293 3097 1362 simplicibus
3139 1296 3465 1363 conﬁrmari,
3509 1302 3589 1369 qui
3626 1313 3727 1357 sunt

2208 1381 2491 1436 dialectici.
2524 1382 2847 1438 Dialecticus
2879 1400 3007 1439 vero
3030 1387 3120 1454 qui
3149 1390 3297 1457 prior
3326 1397 3428 1453 est,
3472 1392 3726 1459 posteriore

2211 1489 2315 1527 non
2349 1484 2488 1542 eget,
2523 1475 2622 1527 nisi
2652 1474 2938 1543 aliquando
2969 1478 3218 1533 inviderit
3245 1480 3467 1550 quatstio
3506 1497 3727 1550 personat,

2209 1576 2265 1618 ut
2290 1581 2410 1618 cum
2441 1566 2510 1619 sit
2554 1567 2794 1621 incidens
2836 1567 3116 1623 dialectico
3159 1570 3224 1623 ad
3255 1571 3572 1639 probandam
3605 1588 3726 1629 suam

2208 1656 2400 1712 thesim
2441 1672 2601 1712 causa
2653 1658 3067 1714 circumstantiis
3112 1660 3345 1725 inclusa,
3406 1671 3509 1716 tum
3554 1664 3728 1718 demum

530 1765 873 1811 assumuntur
900 1757 1255 1817 extrinsecus,
1282 1754 1370 1807 alii
1412 1769 1538 1808 vero
1572 1754 1732 1806 medii
1764 1752 1902 1806 inter
1926 1761 2101 1804 utros-
2133 1756 2180 1814 Β
2207 1748 2493 1802 rhetoricis
2522 1759 2699 1802 utatur
2730 1748 2885 1802 locis.
2922 1752 3110 1819 Itaque
3138 1752 3192 1805 in
3222 1752 3511 1807 dialecticis
3540 1753 3667 1820 locis,
3695 1758 3732 1809 si

530 1862 633 1916 que
661 1847 817 1901 locati
838 1855 1001 1901 sunt:
1038 1846 1191 1899 sicin
1216 1846 1502 1899 rhetoricis
1524 1860 1735 1913 quoque
1758 1845 1908 1908 locis,
1933 1842 2020 1895 alii
2049 1841 2102 1895 in
2128 1884 2139 1927 ν

530 1937 772 2006 personis
800 1947 960 2005 atque
995 1936 1205 2007 negotio
1232 1934 1552 1997 consistunt,
1581 1933 1650 1989 de
1682 1934 1874 2003 quibus
1918 1948 1981 1985 ex
2008 1931 2103 1985 ad-

530 2040 683 2081 versa
712 2038 859 2095 parte
892 2034 1148 2090 certatur,
1171 2024 1259 2078 alii
1291 2041 1416 2079 vero
1443 2026 1798 2087 extrinsecus,
1833 2032 1888 2076 ut
1927 2022 1979 2077 hi
2010 2022 2101 2089 qui

529 2126 736 2187 gestum
756 2118 1021 2186 negotium
1048 2125 1468 2184 consequuntur,
1498 2114 1585 2168 alii
1613 2129 1741 2168 vero
1764 2112 1944 2168 medii.
1961 2113 2106 2179 Quo-

529 2223 650 2261 rum
680 2209 904 2278 proximi
932 2207 1145 2276 quidem
1177 2208 1391 2277 negotio
1418 2219 1543 2259 sunt
1579 2204 1631 2258 hi
1663 2206 1750 2273 qui
1779 2221 1842 2258 ex
1871 2204 2106 2258 circum-

530 2301 739 2355 stantiis
760 2301 946 2369 reliqui
974 2301 1025 2353 in
1058 2301 1300 2367 gestione
1330 2298 1529 2367 negetii
1554 2298 1984 2353 considerantur.
2025 2297 2102 2351 illi

531 2405 664 2444 vero
683 2392 838 2461 quiin
864 2390 1132 2459 adjunctis
1155 2392 1367 2460 negotio
1391 2391 1741 2452 collocantur,
1769 2389 1867 2456 ipsi
1892 2403 2106 2459 quoque

530 2482 671 2537 inter
722 2482 927 2536 medios
959 2482 1104 2536 locos
1152 2480 1304 2549 positi
1336 2491 1484 2545 sunt,
1540 2479 1792 2548 quoniam
1837 2480 2105 2549 negotium

528 2574 600 2628 de
623 2590 729 2644 quo
771 2574 946 2643 agitur
981 2575 1209 2643 quadam
1242 2572 1523 2627 allectione
1558 2571 1883 2641 respiciunt;
1917 2573 2005 2627 vel
2060 2574 2108 2628 si

530 2665 651 2734 quis
679 2681 739 2718 ea
760 2666 970 2734 quidem
1003 2680 1122 2733 qua:
1155 2664 1400 2733 personis
1425 2664 1678 2717 attributa
1699 2672 1847 2730 sunt,
1880 2663 1965 2717 vel
1991 2677 2110 2731 quae

530 2762 856 2814 continentia
885 2769 1013 2813 sunt
1042 2774 1161 2813 cunt
1193 2760 1312 2828 ipso
1359 2760 1596 2829 negotio,
1630 2758 1714 2813 Vel
1752 2774 1873 2828 qua:
1931 2762 1979 2812 itt
2018 2773 2109 2829 ge-

530 2851 705 2904 stione
743 2850 937 2921 negotii
978 2851 1408 2916 considerantur,
1454 2850 1537 2904 bis
1568 2849 1762 2903 similia
1798 2850 1932 2903 locis
1966 2850 2111 2903 dicat

533 2944 622 3012 qui
658 2942 725 2996 ab
772 2942 900 3008 ipsis
942 2944 993 2996 in
1043 2942 1323 2997 dialectica
1370 2943 1654 2996 trahuntur
1704 2942 1771 2996 de
1817 2943 2012 3011 quibus
2054 2943 2105 2995 in

533 3033 827 3101 quaestione
874 3034 1170 3101 dubitatur,
1216 3035 1598 3103 consequentia
1653 3051 1783 3087 vero
1838 3035 2106 3103 negotium

2208 1841 2281 1893 ita
2312 1839 2601 1909 contingat,
2650 1856 2678 1893 a
2710 1856 2905 1909 genere
2956 1852 3267 1910 argumenta
3293 1853 3585 1909 sumuntur,
3609 1847 3651 1899 id
3670 1856 3734 1901 est

2206 1931 2318 1994 ipsa
2345 1932 2797 1999 generisnhatura.
2829 1932 2935 1986 Sed
2967 1933 3019 1985 in
3050 1933 3343 1989 rhetoricis
3366 1934 3432 1988 ab
3457 1949 3520 2011 e9
3545 1951 3728 2004 genere,

2207 2019 2349 2087 quod
2375 2019 2485 2073 illic
2514 2035 2682 2090 genus
2709 2028 2789 2073 est
2837 2021 2906 2075 de
2932 2036 3037 2087 quo
3063 2023 3257 2089 agitur,
3295 2038 3398 2078 nec
3421 2039 3448 2074 a
3472 2012 3642 2078 natura
3663 2041 3735 2093 ge-

2208 2112 2378 2174 neris,
2409 2112 2502 2165 sed
2525 2127 2554 2164 a
2586 2126 2645 2165 re
2673 2112 2908 2184 generis,
2929 2114 3133 2168 scilicet
3160 2113 3274 2182 ipsa
3306 2131 3429 2184 qua:
3466 2131 3621 2187 genus
3652 2127 3733 2172 est.

2208 2201 2315 2256 Sed
2343 2212 2400 2255 ut
2423 2203 2816 2271 progrediatur,
2842 2204 2976 2258 ratio
3000 2220 3063 2259 ex
3089 2220 3150 2257 ea
3181 2206 3397 2282 pendet,
3427 2208 3559 2277 quod
3583 2218 3737 2262 natura

2207 2297 2415 2362 generis
2447 2305 2572 2350 ante
2590 2297 2911 2366 praecognita
2937 2308 3019 2353 est
3043 2314 3057 2349 :
3089 2309 3148 2352 ut
3171 2299 3217 2352 si
3239 2300 3510 2355 dubitetur
3535 2316 3594 2354 an
3610 2300 3740 2355 fuerit

2208 2383 2402 2452 aliquis
2440 2386 2650 2451 ebrius,
2703 2387 2933 2455 dicetur,
2979 2389 3025 2443 si
3070 2391 3318 2446 refellere
3376 2393 3623 2457 velimus,
3657 2409 3742 2447 non

2209 2471 2393 2539 fuisse,
2424 2475 2676 2543 quoniam
2726 2477 2866 2531 nulla
2927 2477 2981 2532 in
3030 2495 3096 2533 eo
3122 2479 3368 2537 luxuries
3409 2484 3741 2539 antecesserit.

2209 2564 2411 2620 Idcirco
2445 2568 2720 2633 nimirum,
2755 2572 2876 2640 quia
2916 2587 3036 2627 cum
3062 2572 3305 2630 luxuries
3335 2578 3602 2633 ebrietatis
3620 2582 3742 2647 quasi

2210 2658 2475 2726 quoddam
2506 2675 2675 2729 genus
2702 2663 2794 2725 sit,
2840 2678 2962 2719 cum
2987 2663 3229 2720 luxuries
3268 2668 3417 2722 nulla
3460 2669 3626 2735 fuerit,
3667 2686 3743 2725 nec

2210 2748 2442 2803 ebrietas
2464 2750 2678 2819 quidem
2709 2751 2827 2805 fuit.
2859 2754 2964 2809 Sed
2997 2755 3096 2811 hoc
3127 2758 3322 2825 pendet
3348 2774 3415 2813 ex
3441 2760 3618 2813 altero.
3638 2759 3745 2815 Cum

2209 2842 2601 2896 enimluxuries
2631 2843 2881 2909 nonfuit,
2928 2832 3162 2902 ebrietas
3187 2863 3311 2902 esse
3338 2866 3443 2903 non
3477 2853 3653 2920 potuit.
3684 2852 3745 2906 Et

2212 2940 2395 2986 natura
2427 2934 2641 3002 generis
2677 2934 3098 3001 demonstratur,
3133 2939 3276 3008 quod
3321 2940 3595 2996 dialectica
3639 2945 3748 2996 ratio

2210 3024 2597 3078 subministrat.
2651 3025 2800 3080 Unde
2830 3027 2972 3080 enim
3020 3044 3189 3097 genus
3236 3029 3413 3095 abest,
3461 3032 3578 3087 inde
3616 3036 3747 3087 etiam

535 3136 698 3193 ponat
740 3128 1095 3189 extrinsecus,
1146 3127 1397 3196 adjuncta
1455 3143 1583 3181 vero
1640 3129 1781 3182 inter
1824 3138 2108 3195 utrumque

2212 3115 2419 3181 species
2445 3116 2637 3170 abesse
2667 3131 2891 3172 neceSse
2940 3129 3044 3182 est,
3075 3123 3329 3189 quoniam
3381 3139 3547 3194 genus
3579 3126 3750 3193 species

534 3217 846 3271 cuttSIituat.
893 3208 1173 3279 Ciceronis
1221 3235 1350 3272 vero
1414 3219 1659 3273 divisioni
1714 3220 1815 3272 hoc
1862 3221 2019 3272 modo
2051 3220 2110 3272 ﬁt

537 3308 747 3361 similis.
776 3306 906 3361 Nam
934 3324 996 3362 ea
1027 3325 1146 3377 qua:
1170 3312 1497 3364 continentia
1530 3321 1657 3364 sunt
1698 3326 1818 3364 cum
1862 3310 1979 3378 ipso
2020 3326 2114 3365 ne-

538 3402 702 3472 gotio,
726 3401 808 3454 vel
833 3416 897 3454 ea
927 3416 1044 3469 quae
1075 3402 1128 3455 in
1164 3402 1407 3471 gestione
1434 3403 1631 3473 negotii
1670 3403 2104 3467 considerantur,

536 3492 589 3546 in
613 3490 745 3561 ipsis
786 3494 989 3547 haerent
1041 3493 1109 3547 de
1151 3496 1344 3563 quibus
1393 3496 1675 3563 quatritur;
1723 3510 1783 3548 ea
1824 3509 1951 3547 vero
1995 3508 2112 3563 qum

536 3584 787 3654 adjuncta
832 3597 976 3651 sunt,
1007 3587 1147 3641 inter
1175 3588 1365 3641 alfecta
1395 3599 1703 3657 ponuntur;
1751 3589 1845 3643 sed
1883 3602 1945 3641 ea
1992 3602 2111 3657 qua:

537 3689 742 3749 gestum
775 3680 1045 3749 negotium
1100 3694 1521 3750 consequuntur,
1563 3682 1899 3735 extrinsecus
1947 3680 2114 3734 collo-

538 3781 653 3825 cata
682 3781 826 3825 sunt.
876 3770 972 3825 Vel
1024 3772 1068 3824 si
1112 3773 1232 3840 quis
1279 3788 1339 3826 ea
1376 3773 1588 3842 quidem
1617 3788 1738 3843 qua:
1781 3771 2111 3826 continentia

536 3868 664 3915 "unt
687 3876 808 3915 cum
854 3861 969 3929 ipso
1011 3867 1226 3933 negot‘o
1275 3863 1330 3917 in
1361 3862 1489 3930 ipsis
1539 3864 1744 3916 bmrere
1787 3862 2109 3923 arbitretur,

538 3952 728 4007 aﬂecta
753 3967 879 4007 vero
906 3968 1026 4009 esse
1051 3972 1111 4008 ea
1137 3971 1257 4024 quae
1285 3963 1410 4009 sunt
1430 3954 1483 4008 in
1514 3955 1754 4025 gestione
1789 3955 1984 4023 negotii
2024 3955 2112 4009 vel

536 4044 785 4115 adjuncta
810 4047 1042 4115 negotio.
1069 4049 1406 4101 extrinsecus
1434 4058 1618 4100 autem
1649 4062 1710 4100 ea
1744 4061 1862 4116 quae
1889 4054 2101 4113 gestum

539 4140 811 4206 negotium
856 4149 1274 4207 consequuntur.
1333 4138 1451 4192 Jatu
1499 4139 1603 4192 illa:
1650 4139 1949 4206 perspicuae
1991 4145 2116 4192 sunt

537 4230 969 4293 communitates,
1026 4230 1165 4298 quod
1198 4231 1414 4300 quidem
1444 4230 1543 4299 ipsi
1574 4246 1712 4299 pene
1759 4231 1813 4285 in
1872 4230 2110 4300 utrisque

538 4321 880 4375 lacultatibus
908 4333 1185 4375 versantur
1206 4324 1331 4389 loci,
1359 4335 1613 4392 utgenus,
1638 4334 1696 4375 ut
1719 4338 1862 4391 pars,
1887 4333 1943 4377 ut
1962 4324 2117 4375 siml-

540 4412 731 4478 litudo,
764 4421 822 4466 ut
844 4417 1195 4479 contrarium,
1222 4426 1279 4469 ut
1306 4416 1479 4485 majus
1500 4431 1563 4470 ac
1600 4415 1796 4469 minus.
1858 4416 2115 4482 Damm-

2214 3221 2321 3260 non
2349 3207 2630 3276 relinquit;
2661 3218 2717 3262 et
2742 3210 2811 3263 de
2831 3210 3095 3265 similibus
3127 3213 3367 3281 quidem,
3392 3226 3445 3268 et
3466 3216 3534 3270 de
3568 3226 3749 3270 contra-

2214 3300 2304 3354 riis
2318 3300 2503 3355 eodetn
2529 3302 2704 3357 modo.
2737 3304 2787 3356 in
2819 3303 3014 3371 quibus
3046 3307 3278 3360 maxima
3301 3319 3389 3362 est
3412 3310 3755 3364 dissimilitudo

2215 3393 2353 3445 inter
2380 3393 2678 3447 rltetoriros
2704 3410 2765 3447 ac
2790 3394 3103 3451 dialecticos
3130 3397 3298 3453 locos.
3331 3399 3613 3455 Dialectica
3636 3402 3753 3454 enim

2212 3496 2280 3536 ex
2308 3483 2438 3550 ipsis
2486 3484 2849 3551 qualitatibus,
2891 3484 3153 3540 rhetorica
3207 3503 3273 3541 ex
3323 3491 3577 3558 qualitate
3616 3491 3757 3545 suscio

2216 3575 2481 3643 pictilibus
2510 3576 2671 3630 rebus
2708 3589 3023 3646 argumenta
3078 3581 3327 3650 vestigat.
3382 3581 3451 3639 Ut
3484 3585 3755 3639 dialecticus

2216 3681 2280 3718 ex
2304 3680 2520 3735 genere,
2562 3667 2613 3719 id
2645 3678 2727 3721 est
2769 3684 2832 3747 es
2876 3670 2988 3737 ipsa
3017 3671 3228 3738 generis
3258 3683 3477 3738 natura,
3518 3676 3687 3731 rhetor
3704 3692 3757 3730 ex

2214 3771 2277 3810 ea
2326 3772 2385 3809 re
2416 3772 2536 3827 quae
2589 3772 2759 3826 genus
2801 3769 2917 3825 est;
2945 3760 3256 3816 dialecticus
3301 3779 3370 3818 ex
3419 3765 3755 3830 similitudine,

2216 3848 2401 3902 rhetor
2430 3863 2497 3902 ex
2527 3848 2709 3914 simili,
2760 3851 2809 3903 id
2854 3861 2935 3904 est
2957 3867 3021 3905 ex
3061 3867 3123 3907 ea
3148 3868 3209 3907 re
3237 3870 3360 3922 quae
3388 3857 3759 3912 similitudinem

2213 3939 2379 4009 cepit.
2407 3938 2612 3994 Eodem
2641 3944 2800 3994 modo
2830 3941 2921 3996 ille
2942 3956 3010 3996 ex
3032 3946 3441 4010 contrarietate,
3471 3948 3558 4001 hic
3579 3957 3761 4000 contra-

2217 4032 2317 4086 rio.
2342 4031 2598 4086 Omnibus
2622 4032 2781 4102 igitur
2807 4048 2924 4101 qua:
2951 4035 3197 4101 superius
3227 4038 3604 4104 proposuimus
3625 4052 3763 4100 expe-

2216 4120 2361 4187 ditis,
2400 4121 2529 4176 illud
2582 4122 2816 4176 arbitror
2862 4126 3239 4192 opponendum
3285 4128 3433 4195 quod
3473 4129 3542 4182 M.
3591 4128 3765 4182 Tullius

2218 4214 2413 4283 Topica
2434 4231 2555 4284 qua:
2582 4215 2651 4269 ad
2677 4213 2740 4269 C.
2774 4214 3084 4270 Trebatium
3142 4219 3373 4287 peritum
3420 4222 3573 4290 juris
3602 4220 3765 4282 edidit.

2218 4323 2324 4362 non
2352 4324 2418 4363 eo
2468 4309 2628 4363 modo
2656 4324 2761 4377 quo
2789 4309 2859 4364 de
2879 4310 3009 4377 ipsis
3034 4311 3297 4380 diSputari
3324 4316 3503 4382 possit
3524 4314 3764 4369 disseruit.

2216 4400 2310 4454 sed
2336 4399 2791 4468 quemadmodum
2838 4401 3121 4454 rhetorieee
3169 4403 3441 4458 facultatis
3486 4417 3766 4474 argumenta

539 4507 1060 4571 munmﬂmLsajis
1089 4509 1311 4569 φίλωωί
1332 4519 1433 4562 εει,
1484 4506 1805 4577 DEI-entia
1838 4505 1945 4561 ium
1984 4515 2109 4560 sum
2142 4495 2194 4554 D
2218 4491 2565 4552 ducerentur,
2595 4491 2735 4559 quod
2756 4490 2807 4543 in
2823 4490 2903 4545 bis
2934 4494 3333 4548 commentariis
3367 4495 3671 4565 diligentius
3687 4511 3765 4549 ex-

539 4600 681 4666 quod
710 4598 973 4652 dialectici
1001 4599 1239 4653 thesibus
1287 4600 1449 4652 etiam
1480 4598 1589 4665 apti
1633 4607 1799 4662 sunt;
1850 4596 2104 4650 rhetorici

540 4698 748 4742 tantum
776 4690 840 4741 ad
866 4688 1209 4759 hypotlteses,
1257 4690 1306 4742 id
1347 4702 1452 4751 est,
1485 4688 1553 4742 ad
1581 4689 1907 4759 qumstiones
1937 4686 2106 4740 infor-

542 4791 713 4833 matas
751 4780 1167 4834 circumstantiis
1212 4791 1586 4843 assumuntur;
1637 4795 1761 4832 nam
1790 4778 1931 4833 sicut
1982 4779 2111 4846 ipsa:

544 4873 823 4925 facultates
869 4887 899 4924 a
945 4872 1247 4939 semetipsis
1288 4872 1692 4925 univet-salitate
1720 4880 1777 4923 et
1831 4868 2114 4935 particula-

544 4962 699 5017 ritate
728 4964 990 5016 distincta:
1015 4972 1158 5027 sunt,
1186 4963 1258 5014 ita
1277 4964 1437 5014 etiam
1471 4978 1656 5015 eorum
1689 4961 1787 5013 loci
1815 4959 2016 5012 ambitu
2057 4967 2112 5011 et

2222 4582 2519 4651 pedivitnus
2544 4582 2637 4649 qui
2688 4596 2719 4634 a
2750 4582 2905 4635 nobis
2931 4582 2983 4634 in
3020 4582 3261 4651 ejusdem
3291 4584 3572 4641 Ciceronis
3597 4586 3769 4655 Tapica

2219 4676 2509 4746 conscripti
2529 4685 2673 4730 sunt.
2715 4676 2830 4741 Quo
2870 4684 3049 4729 autem
3093 4677 3254 4731 modo
3279 4680 3347 4732 de
3389 4680 3476 4733 his
3503 4678 3767 4734 dialecticis

2220 4768 2518 4824 rationibus
2559 4767 2881 4836 disputetur,
2928 4767 2982 4819 in
3015 4766 3096 4821 his
3141 4772 3547 4823 commentariis
3582 4783 3705 4837 quos
3727 4768 3766 4817 iu

2223 4861 2525 4918 Aristotelis
2549 4858 2747 4927 Topica
2776 4876 2804 4911 a
2840 4858 2998 4912 nobis
3054 4858 3310 4912 translata
3372 4860 3766 4927 conscripsimus

2216 4953 2523 5023 expeditum
2545 4961 2647 5006 est.

568 5074 3761 5125 Μ

1116 5185 1246 5261 DE
1297 5184 1637 5261 BOETII
1691 5176 2246 5259 OPUSCULIS
2306 5173 2713 5251 DUOBUS
2770 5171 3221 5249 INEDITIS

945 5324 1043 5383 ET
1105 5323 1211 5381 DE
1269 5321 1353 5402 (α)
1416 5317 2006 5384 COMMENTARIO
2066 5315 2169 5374 AD
2220 5312 2648 5373 NONNULLA
2705 5309 2971 5370 BOETII
3010 5309 3401 5370 CARMlNA.

616 5467 792 5523 Manlii
824 5468 1063 5524 Severini
1102 5466 1303 5530 Boetii,
1341 5466 1494 5535 cujus
1528 5478 1648 5532 erga
1680 5462 1887 5516 litteras
1916 5458 2103 5513 merita

546 5561 658 5615 sole
714 5559 1010 5615 meridiano
1070 5557 1359 5613 illustriora
1403 5564 1561 5619 sunt,
1593 5554 1871 5621 complura
1910 5550 2113 5619 scripta

2225 5454 2460 5508 nondum
2504 5469 2622 5508 cum
2654 5452 2863 5507 cmteris
2913 5451 3171 5519 impressa
3201 5453 3338 5522 typis
3390 5451 3634 5509 fuerunt,
3663 5445 3769 5514 qui:

2228 5547 2310 5601 vel
2340 5547 2594 5617 temporis
2623 5545 2885 5603 edacitate
2939 5544 3185 5601 videntur
3210 5554 3553 5613 consumpta,
3580 5539 3656 5594 vel
3699 5538 3762 5591 itt-

624 5694 697 5761 (α)
740 5695 888 5749 lluoc
910 5692 1350 5751 commentarium
1377 5692 1509 5749 intra
1532 5692 1583 5749 in
1626 5689 1915 5761 appendice
1941 5689 2203 5746 dabimus.
2258 5687 2406 5743 Eorr.
