4036 6336
288 309 429 363 1217

1441 311 1516 366 ΠΕ
1560 309 1967 366 ηιιιῖτοηιοίε
2006 296 2459 365 caesariem.

3415 308 3545 366 1212

288 422 475 489 gratiis
504 422 557 477 in
602 422 1048 477 bibliothecarum
1088 420 1269 475 forulis
1298 438 1454 475 manu
1499 423 1695 492 scripta
1726 423 1868 476 deli-
1896 423 1946 481 Α
1973 437 2092 490 qum
2116 431 2197 475 est
2222 431 2439 490 propter
2464 424 2667 479 codic's
2701 412 2967 481 defectum
3002 427 3255 494 acephala
3281 445 3290 479 :
3328 420 3552 483 ibidem,-

290 523 519 569 tescunt.
558 514 632 569 De
678 514 762 569 his
794 524 971 568 tamen
1026 515 1352 568 mentimem
1395 516 1636 571 fecerunt
1666 516 1862 569 biblio-

288 608 480 676 graphi
504 646 519 672 ,
551 622 777 674 quormn
821 607 1150 677 diligentiam
1205 609 1391 662 Petrus
1420 610 1628 663 Bertius
1658 611 1708 661 in
1738 623 1867 678 pro-

288 696 584 767 legomenis
600 699 665 753 ad
694 699 1005 755 Boetianum
1026 698 1093 752 de
1121 699 1473 768 Philosophiae
1504 700 1872 753 consolatione

288 804 423 859 opus
455 791 592 845 haud
640 792 752 844 scio
796 805 862 843 an
906 791 1273 859 superaverit,
1316 792 1415 844 etsi
1461 806 1529 845 ne
1567 791 1613 845 is
1656 791 1869 859 quidem

285 890 483 937 cuncta
511 884 805 935 annotavit.
842 881 954 949 Ego
980 897 1104 935 vero
1130 884 1378 951 antiquos
1400 883 1613 937 codices
1636 883 1871 935 lustrans

289 975 418 1028 nihil
450 974 541 1027 ditt
567 974 873 1027 Boetiannm
907 974 1164 1028 ineditum
1200 974 1711 1034 deprehendebam:
1742 989 1869 1027 nam

291 1066 534 1120 Vaticani
561 1064 807 1127 codices,
858 1067 945 1135 qui
979 1066 1228 1135 permulti
1268 1066 1512 1120 Boetium
1556 1067 1872 1131 continent,

291 1174 358 1212 ne
388 1159 533 1211 illam
564 1158 781 1227 quidem
827 1158 1070 1211 lacunam
1104 1158 1352 1226 explent,
1386 1173 1487 1226 qua
1522 1157 1730 1211 laborat
1754 1156 1872 1211 edi-

291 1264 378 1306 tus
399 1252 564 1306 Boetii
584 1251 649 1305 ad
671 1252 943 1306 Ciceronis
967 1250 1164 1321 Topica
1182 1250 1617 1304 commentarius.
1638 1248 1875 1303 Tandem

292 1358 424 1399 vero
444 1345 727 1414 aliquando
758 1352 1092 1413 perveterem
1122 1344 1362 1399 codicem
1395 1355 1580 1398 nactus
1613 1359 1752 1411 sum,
1784 1345 1875 1413 qui

292 1434 399 1488 duo
450 1434 649 1489 inedita
702 1443 808 1488 tam
852 1436 1097 1504 praeclari
1125 1436 1405 1503 scriptoris
1436 1435 1692 1505 opuscula
1745 1435 1875 1490 mihi

294 1525 520 1594 largitus
560 1534 663 1581 est.

363 1619 533 1673 Porro
565 1620 632 1673 de
652 1618 847 1673 horum
878 1620 1191 1676 sinceritate
1224 1636 1289 1676 ne
1327 1620 1636 1676 dubitarem
1661 1661 1676 1685 ,
1728 1621 1878 1674 testis

294 1708 462 1763 adfuit
491 1710 1107 1778 ntriquejlucubrationi
1159 1713 1475 1782 Sigebertus
1522 1711 1879 1767 Gemblacen-

295 1805 399 1869 sis,
425 1801 577 1874 cujus
596 1819 713 1873 cap.
737 1805 826 1870 5'7,
856 1805 969 1859 haec
993 1807 1151 1859 verba
1177 1806 1449 1873 legebam:
1482 1804 1691 1858 Boetius
1718 1809 1877 1873 (prir-

296 1906 376 1950 ter
416 1896 631 1967 caetera)
670 1898 733 1951 de
756 1898 1060 1967 cognatione
1101 1897 1383 1950 dialectica:
1412 1906 1458 1951 et
1489 1899 1781 1959 rhetoricw,
1827 1907 1875 1950 et

296 1985 620 2040 distinctione
640 1985 1011 2040 rhetoricorum
1039 1986 1267 2039 locorum
1298 1987 1526 2053 scripsit.
1555 1986 1620 2040 Et
1642 1987 1877 2040 voeabu-

298 2076 405 2130 lum
453 2077 669 2147 quidem
712 2077 997 2131 dialectij
1037 2093 1064 2130 a
1108 2078 1388 2147 Sigeberto
1429 2078 1513 2133 vel
1552 2079 1739 2147 quovis
1774 2080 1881 2132 alio

298 2168 576 2223 obtrusum
604 2177 688 2223 est
721 2185 734 2222 :
766 2170 961 2224 etenim
996 2169 1181 2222 titulus
1205 2171 1306 2222 mei
1337 2171 1537 2224 codicis
1563 2183 1617 2225 et
1645 2185 1730 2225 res
1758 2171 1874 2240 ipsa

300 2260 349 2313 id
376 2271 667 2329 respuunt;
718 2262 785 2317 de
832 2275 1030 2316 ctctero
1078 2261 1343 2329 Sigeberti
1391 2262 1677 2317 affirmatio
1706 2265 1877 2317 veris-

301 2351 433 2406 sima
477 2360 578 2407 est.
614 2352 731 2407 .lam
775 2367 895 2407 cum
946 2353 1206 2421 Sigeberti
1240 2354 1603 2407 testimonium
1642 2355 1777 2408 adeo
1808 2355 1880 2409 sit

300 2443 518 2499 evidens
540 2486 555 2510 ,
606 2444 772 2498 miror
798 2459 929 2499 sane
955 2444 1309 2499 'l'rithemium
1341 2459 1461 2512 cap.
1493 2445 1622 2509 201,
1654 2445 1876 2516 ejusque

301 2533 559 2587 asseclam
590 2534 827 2589 Bertium
876 2535 1028 2604 prrcf.
1057 2536 1175 2599 cit.,
1203 2552 1230 2589 a
1257 2536 1449 2604 quibus
1490 2536 1625 2590 liber
1651 2548 1887 2592 tantum-

304 2626 463 2681 modo
480 2627 546 2680 de
566 2626 719 2680 Locis
749 2628 1016 2682 rhetoricis
1039 2636 1508 2683 commemoratur.
1542 2628 1609 2681 Et
1633 2630 1883 2697 quoniam

304 2719 539 2773 Bertium
573 2735 865 2790 coarguere
891 2722 1049 2788 ccepi,
1077 2723 1250 2776 dicam
1282 2722 1523 2789 insuper,
1558 2722 1692 2778 falso
1718 2724 1784 2779 ab
1822 2740 1887 2780 eo

308 2810 359 2863 in
387 2810 684 2879 deperditis
727 2812 898 2866 Boetii
939 2814 1153 2882 scriptis
1178 2813 1424 2868 collocari
1465 2814 1655 2868 librum
1682 2816 1745 2868 de
1774 2813 1889 2868 Cir-

304 2902 409 2954 culi
430 2902 762 2967 Quadratum
788 2919 807 2958 :
837 2913 919 2958 est
944 2906 1088 2959 enim
1112 2905 1197 2959 hic
1224 2906 1536 2970 Franconis,
1568 2907 1658 2976 qni
1690 2909 1889 2962 saeculo

309 3010 360 3048 xt
388 2995 540 3063 vixit,
578 2998 751 3061 fetus,
779 2998 870 3068 qui
900 3001 1152 3067 quoniam
1187 3001 1238 3053 in
1259 3000 1541 3054 codicibus
1565 3011 1684 3069 post
1716 3001 1886 3055 Boetii

308 3082 665 3141 Genmetriatn
719 3089 844 3156 poni
896 3090 1070 3154 solet,
1122 3098 1178 3144 ut
1224 3105 1287 3144 ex
1328 3088 1598 3152 ,Vaticano
1651 3092 1881 3161 quodam

1974 528 2084 596 que.
2100 514 2361 581 incipiunt
2384 517 2687 572 Aristotelis
2711 520 2996 588 categorize
3020 519 3201 574 ltoetio
3225 522 3540 589 interprete.

1976 603 2035 657 P.
2069 606 2158 667 59,
2194 608 2508 661 Aristoteles
2555 614 2672 686 περὶ
2719 612 2983 684 ἑρμηνείας
3012 611 3198 664 Ποοῑίο
3229 612 3350 665 item
3383 612 3546 663 inter-

1974 708 2145 768 prete.
2173 700 2230 753 Ρ.
2260 701 2352 766 88,
2373 700 2649 756 Ciceronis
2678 703 2897 773 Topica.
2928 703 2988 756 Ρ.
3026 704 3150 766 itit,
3188 703 3357 756 tinetii
3388 703 3552 771 Topi-

1975 805 2160 844 earum
2214 789 2645 846 Diffcrentiarnm
2694 794 2812 847 lihri
2837 802 3085 863 quatuor.
3123 796 3180 847 l‘.
3216 795 3343 851 2’25.
3379 796 3554 847 Intro-

1974 882 2244 935 ductionis
2292 883 2342 934 in
2373 883 2711 950 Categoricns
2761 884 3113 956 Syllogismus
3148 886 3266 940 libri
3312 886 3436 938 duo.
3492 886 3550 938 P.

1974 974 2111 1040 300,
2146 972 2221 1028 De
2252 974 2619 1045 llypntheticis
2652 977 2989 1047 Fyllogismis
3019 978 3136 1030 lihri
3174 992 3302 1031 tres.
3334 979 3391 1030 P.
3431 979 3552 1042 401,

1978 1066 2141 1121 Liber
2171 1067 2524 1123 Divisionum.
2557 1068 2619 1122 P.
2656 1068 2792 1133 431,
2827 1071 2987 1124 Liber
3018 1070 3398 1124 Definitionum
3434 1070 3561 1125 Vie-

1980 1160 2161 1212 tnrini.
2184 1158 2245 1212 P.
2268 1158 2392 1223 50f,
2413 1176 2477 1213 DE
2501 1174 2820 1217 humentes
2850 1176 3200 1215 COGNATIONl-Z.
3228 1163 3286 1214 P.
3311 1161 3437 1224 509,
3471 1175 3562 1213 ιο-

1978 1267 2152 1306 concu
2184 1266 2597 1306 RIIETORICORUM
2631 1267 2941 1306 DISTINCTIO.
2980 1253 3038 1305 P.
3082 1251 3215 1317 512,
3251 1251 3409 1306 [.iher
3435 1257 3583 1308 anto'

1981 1344 2416 1412 praedicamenta.

2052 1433 2274 1503 Insuper
2301 1436 2562 1489 scrutanti
2591 1436 2718 1488 mihi
2752 1435 3059 1499 Boetianos,
3087 1444 3143 1487 ut
3175 1433 3308 1498 dixi,
3341 1432 3558 1488 codices

1978 1535 2212 1580 mentem
2262 1539 2372 1594 pra:
2420 1525 2632 1580 caeteris
2685 1535 3030 1595 pervetustus
3076 1525 3291 1595 quidam
3332 1525 3557 1587 defixit,

1980 1615 2179 1669 sarculo
2204 1615 2371 1691 ferme
2394 1632 2424 1669 x
2459 1617 2711 1684 scriptus,
2742 1618 2907 1671 codex
2935 1616 3001 1670 de
3031 1616 3393 1685 Philosophiae
3418 1617 3557 1670 Con-

1978 1708 2265 1772 solatione,
2303 1706 2407 1781 non
2440 1720 2547 1763 tam
2590 1709 2660 1762 ob
2688 1712 2899 1778 egrrgia
2930 1718 2983 1763 ct
3011 1718 3189 1762 vetera
3235 1708 3299 1762 ad
3344 1707 3396 1761 id
3425 1722 3560 1776 onus

1976 1800 2183 1854 scholia
2214 1800 2465 1855 notabilis
2496 1802 2640 1871 (nam
2672 1801 2787 1854 tunc
2817 1815 3189 1868 saepenumero
3226 1800 3276 1851 in
3307 1815 3439 1851 mss.
3466 1814 3557 1851 oc-

1978 1898 2224 1960 currunt)
2246 1898 2404 1960 qutun
2435 1894 2506 1947 ob
2539 1893 2806 1962 prolixum
2848 1892 3133 1961 quemdam
3170 1904 3223 1944 et
3245 1890 3459 1943 doctum
3493 1887 3560 1944 ad

1980 1984 2182 2053 aliquot
2216 1984 2453 2038 Boetiani
2481 1985 2661 2053 operis
2686 1986 2923 2038 carmina
2949 1984 3393 2038 commentarium
3412 2022 3425 2045 ,
3456 1982 3560 2035 Bo-

1979 2076 2106 2130 voni
2134 2076 2356 2131 antistiti
2386 2078 2636 2144 missum,
2668 2088 3021 2148 typorumque
3049 2077 3187 2143 luce,
3225 2084 3282 2128 tit
3308 2090 3425 2129 mea
3460 2074 3563 2128 fert

1982 2168 2186 2238 Opinio,
2237 2169 2394 2237 plane
2420 2170 2662 2237 dignum.
2709 2169 2844 2223 Tres
2889 2177 3067 2223 autem
3100 2166 3316 2221 fuerunt
3364 2167 3563 2219 seculo

1982 2261 2193 2317 decimo
2224 2263 2467 2316 liovones
2490 2261 2713 2317 abbates
2758 2261 3079 2316 monasterii
3124 2265 3279 2315 novai
3326 2260 3565 2314 Corbeia:

1982 2355 2050 2408 ad
2097 2354 2372 2426 Visurgim
2404 2356 2601 2411 ﬂumen
2651 2357 2706 2411 in
2759 2357 3019 2422 Saxioiia,
3057 2366 3113 2409 ut
3148 2354 3485 2409 Mabillonins
3513 2356 3564 2409 in

1984 2449 2131 2504 Actis
2160 2459 2466 2503 sanctorum
2492 2449 2962 2504 Benedictinorum
2987 2457 3029 2504 t.
3055 2448 3164 2511 νη,
3197 2464 3251 2517 p.
3280 2448 3412 2513 706,
3438 2438 3565 2500 dili4

1982 2548 2171 2609 genter
2200 2550 2404 2594 narrat.
2438 2539 2553 2594 .lam
2585 2539 2809 2595 secundi
2841 2540 3074 2593 Bovonis
3109 2549 3348 2609 tempore
3388 2538 3567 2592 ﬂoruit

1993 2631 2200 2685 Brunus
2229 2630 2282 2684 in
2313 2644 2452 2684 nova
2490 2615 2717 2685 Corbeia
2746 2632 3063 2685 monachus.
3095 2631 3226 2697 Quia
3263 2644 3391 2685 vero
3419 2645 3567 2684 com-

1988 2723 2306 2788 mentarius,
2340 2721 2410 2777 de
2433 2737 2540 2792 quo
2567 2721 2835 2791 loquimur
2860 2761 2877 2786 ,
2929 2721 3130 2775 Bovoni
3161 2720 3229 2774 ab
3258 2727 3478 2775 auctore
3503 2720 3564 2773 Β.

1986 2813 2332 2880 inscribitur,
2360 2814 2517 2869 valde
2547 2813 2793 2881 suspicor
2827 2813 3061 2867 Brnnum
3090 2827 3212 2868 esse
3238 2822 3568 2867 commenta-

1988 2906 2054 2960 rii
2083 2914 2358 2976 parentem
2381 2946 2396 2967 ,
2429 2904 2701 2958 Bovonem
2734 2912 2915 2960 autem
2962 2903 3200 2958 evasisse
3229 2903 3428 2958 deinde
3457 2902 3570 2972 epi-

1990 3012 2235 3065 scopum.
2272 2997 2563 3062 Praeterea,
2593 2997 2735 3065 quod
2779 2997 2830 3050 in
2865 2997 3252 3051 commentario
3283 2998 3485 3053 mentio
3513 2997 3572 3054 fit

1992 3088 2388 3143 barbaricarum
2434 3090 2837 3151 incursionmn,
2889 3086 2941 3141 id
2992 3091 3235 3158 apprime
3291 3092 3432 3142 artati
3484 3090 3563 3143 illi

307 3180 598 3245 exemplari
622 3195 922 3251 cognosco,
958 3183 1159 3238 idcirco
1189 3198 1471 3252 perperam
1499 3200 1527 3236 a
1559 3185 1741 3239 nescio
1772 3201 1879 3252 quo
1912 3224 1959 3287 Ο
1990 3187 2257 3239 ccnvenit.
2319 3184 2555 3254 Namque
2614 3183 2753 3252 apud
2833 3182 3141 3249 lzrmdictum
3204 3183 3569 3240 Mabillouium

306 3275 643 3341 properantis
672 3276 807 3329 oeuli
845 3276 1044 3330 lectore
1070 3277 1134 3329 ad
1167 3277 1407 3331 Boetium
1430 3288 1512 3331 est
1540 3279 1826 3333 translatus
1846 3296 1859 3308 ·

306 3366 461 3433 isque
483 3381 639 3421 error
661 3366 713 3420 in
741 3368 969 3421 aliorum
1000 3370 1336 3423 narrationes
1361 3410 1377 3433 ,
1410 3378 1467 3423 ut
1497 3368 1573 3429 fit.
1609 3368 1879 3440 migravit.

376 3456 490 3528 Age
513 3473 640 3513 vero
669 3460 879 3526 nobilis,
910 3471 965 3515 et
994 3459 1229 3515 fortasse
1259 3463 1471 3525 unicus,
1505 3463 1596 3527 qui
1626 3463 1739 3517 haec
1778 3463 1885 3518 duo

305 3551 564 3615 opuscula
587 3561 873 3603 conservat
896 3552 1089 3615 codex,
1120 3552 1429 3620 paginarum
1461 3552 1567 3607 562
1593 3562 1694 3612 est.
1722 3569 1888 3607 mem-

304 3641 561 3705 braneus,
589 3643 793 3696 saeculo
820 3643 1039 3697 circiter
1068 3659 1121 3697 ιι
1151 3645 1404 3712 scriptus,
1435 3646 1587 3714 cujus
1622 3647 1735 3700 haec
1758 3662 1889 3700 con-

308 3732 533 3787 tinentia
560 3745 660 3789 est.
692 3735 817 3804 Pag.
842 3734 894 3801 8,
920 3736 1149 3807 explicit
1178 3737 1229 3791 in
1264 3736 1622 3809 Porphyrium
1653 3741 1887 3809 isagoge,

2010 3285 2050 3334 t.
2084 3280 2168 3344 Vl,
2198 3294 2251 3348 p.
2282 3278 2404 3342 489,
2437 3277 2674 3331 Adamus
2710 3276 3010 3329 Bremensis
3037 3286 3260 3331 tractum
3288 3276 3573 3347 quemdam

1998 3373 2237 3428 historia:
2266 3372 2408 3441 (qua:
2433 3371 2542 3441 jam
2575 3369 2865 3436 intercidit)
2896 3368 3088 3423 recitat
3114 3382 3331 3423 auctore
3356 3370 3573 3425 Bovouo

1993 3465 2301 3521 Corbciensi
2346 3464 2570 3526 abbate,
2608 3462 2698 3529 qui
2726 3461 2790 3515 de
2823 3460 2985 3514 rebus
3029 3462 3110 3514 sui
3166 3463 3421 3530 temporis
3444 3463 3574 3515 scri-

1994 3554 2151 3617 bens,
2192 3555 2270 3606 sic
2317 3553 2525 3606 aiebat:
2578 3550 2705 3604 Cum
2743 3550 3001 3604 modernis
3055 3553 3359 3621 temporibus
3405 3554 3573 3621 gravis

1999 3647 2327 3699 barbarorum
2354 3645 2571 3712 irruptio
2614 3645 2667 3697 in
2694 3645 2833 3696 omni
2875 3661 3002 3712 pene
3047 3641 3370 3698 Francorum
3419 3663 3573 3715 regno

2000 3736 2412 3788 debaccharetur.

3040 3878 3565 3896 _-———~

1024 3987 1281 4092 ΑΝ.
1346 3988 1827 4093 MANL.
1913 3985 2267 4091 SEV.
2351 3984 2878 4089 BOETII

598 4188 1323 4278 SPECULATIO
1394 4194 1555 4277 DE
1627 4189 2437 4277 RHETHORIC/E
2513 4190 3308 4278 COGNATIONE.

381 4354 431 4408 1.
472 4353 675 4421 Quanta
705 4355 921 4408 sibimet
947 4370 1034 4408 ars
1065 4355 1328 4409 rhetorica
1355 4353 1672 4423 cognatione
1694 4353 1884 4424 junga-

1984 4352 2200 4420 Species
2223 4361 2399 4405 autem
2448 4350 2645 4404 ideirco
2675 4361 2800 4405 sunt
2826 4367 2958 4420 quas
3002 4354 3252 4422 superius
3284 4369 3570 4413 enumera-

308 4455 415 4508 tur,
460 4460 564 4497 non
609 4445 760 4499 facile
789 4446 1112 4501 considerari
1145 4456 1353 4514 potest;
1395 4445 1589 4511 vixque
1618 4455 1700 4499 est
1722 4447 1882 4498 etiam
1920 4447 2201 4519 Dvimus,
2244 4442 2495 4511 quoniam
2526 4442 2577 4495 in
2613 4443 2711 4522 .his
2762 4452 2870 4495 tota
2904 4446 3169 4499 rhetorica
3215 4457 3315 4502 est.
3360 4449 3567 4517 Integra

307 4547 365 4587 ut
396 4536 581 4589 auditu
631 4536 982 4590 animadverti
1009 4543 1199 4605 queat,
1251 4536 1444 4590 nedum
1483 4537 1553 4590 sit
1593 4534 1750 4589 facile
1795 4551 1886 4589 re-

307 4637 481 4693 pertu.
528 4625 693 4695 Cujus
721 4628 938 4697 quidem
968 4629 1046 4681 rei
1076 4642 1313 4682 errorem
1344 4627 1510 4681 divisa
1552 4627 1620 4680 de
1664 4626 1890 4697 singulis

307 4718 599 4785 disputatio
630 4706 1016 4787 prtecepwrum
1038 4728 1184 4774 creat
1221 4736 1234 4771 :
1284 4719 1350 4772 de
1381 4733 1701 4787 unoquoque
1741 4718 1885 4773 enim

305 4808 665 4875 praecipiunt,
716 4810 846 4863 nihil
902 4809 968 4863 de
1016 4810 1285 4864 communi
1337 4809 1667 4865 laborantes.
1716 4812 1886 4875 Quam

308 4900 801 4965 partem-doctrina:
840 4915 1094 4966 vacuam,
1135 4912 1191 4954 ut
1237 4916 1547 4969 possumus,
1609 4901 1888 4971 aggredia-

308 5009 446 5047 innr.
483 4994 727 5049 Dicemus
770 4994 933 5063 igitur
961 4994 1029 5049 de
1053 5009 1250 5062 genere
1276 4995 1436 5057 artis,
1494 5004 1548 5048 et
1587 4993 1655 5049 de
1680 4994 1889 5063 specie-

308 5082 429 5146 bus,
463 5084 721 5153 partibus,
750 5087 1125 5146 instrumento,
1150 5084 1594 5152 instrutnentique
1621 5084 1885 5153 partibus,

305 5190 471 5242 apere
494 5177 677 5240 etiam,
724 5174 1010 5245 officioque
1047 5176 1302 5241 auctoris,
1356 5186 1409 5230 et
1443 5175 1567 5231 fine.
1620 5178 1881 5241 Quocirca

305 5267 434 5335 quid
466 5270 516 5321 in
559 5283 844 5325 commune
873 5268 1253 5337 speculandum
1287 5277 1391 5332 est,
1426 5269 1551 5322 hinc
1581 5268 1880 5325 disserendi

302 5371 575 5413 sumamus
602 5360 903 5414 exordium.

375 5451 431 5506 2.
484 5451 783 5507 Rhetorica:
814 5454 971 5520 igitur
1013 5467 1181 5522 genus
1228 5461 1310 5506 est
1358 5452 1619 5518 facultas;
1675 5455 1884 5522 species

303 5556 434 5597 vero
482 5544 893 5613 trcs,judiciale
926 5552 982 5609 α,
1033 5544 1533 5607 demonstrativum,
1577 5544 1882 5599 deliberati-

301 5646 450 5687 vum.
486 5634 550 5687 Et
570 5649 734 5703 genus
760 5633 972 5703 quidem
1003 5634 1054 5687 id
1082 5648 1201 5687 esse
1242 5634 1381 5703 quod
1409 5634 1663 5700 diximus,
1715 5644 1883 5705 patet.

377 5752 405 5778 ⁸
442 5742 518 5798 ita
551 5744 781 5813 loquitur
806 5753 993 5798 auctor
1022 5744 1181 5797 etiam
1210 5741 1266 5795 σ.
1302 5745 1390 5798 11.

1991 4535 2135 4590 enim
2166 4534 2248 4587 vis
2276 4542 2359 4587 est
2388 4533 2667 4587 rhetorica:
2694 4532 2999 4602 injudiciali
3030 4551 3226 4605 genere
3254 4552 3534 4593 causarum
3561 4556 3576 4602 ;

1993 4628 2196 4695 integra
2225 4626 2280 4680 in
2319 4625 2741 4679 demonstrativo
2772 4626 2856 4679 vel
2901 4626 3269 4683 deliberativo.
3311 4630 3416 4683 Sed
3455 4632 3569 4687 hare

1990 4734 2184 4788 genera
2225 4726 2349 4772 sunt
2375 4730 2655 4771 causarum
2684 4732 2701 4781 ;
2736 4731 2923 4771 omnes
2942 4719 3089 4773 enim
3136 4735 3309 4774 causa;
3337 4723 3417 4776 vel
3445 4736 3569 4791 Spe-

1990 4810 2156 4865 ciales
2181 4811 2264 4863 vel
2314 4808 2601 4862 individua:
2647 4809 2746 4862 sub
2793 4811 2979 4861 borum
3032 4825 3194 4863 unum
3229 4812 3383 4865 trium
3413 4829 3576 4881 gene-

1990 4914 2108 4953 rum
2140 4900 2378 4953 cadunt:
2424 4908 2479 4951 ut
2507 4898 2606 4952 sub
2630 4898 2882 4966 judiciale
2920 4901 3139 4968 quidem
3184 4902 3464 4968 speciales,
3518 4915 3575 4958 ut

1993 4991 2288 5060 majestatis
2344 4992 2429 5045 vel
2480 4992 2924 5060 repetundarum,
2982 4992 3268 5046 individua:
3317 5009 3466 5058 vero,
3520 5007 3578 5049 ut

1990 5083 2227 5137 Cornelii
2275 5082 2587 5151 majestatis,
2629 5082 2714 5137 vel
2765 5082 2947 5137 Verris
2996 5085 3427 5151 repetundarum.
3473 5085 3576 5140 Ca-

1992 5173 2125 5227 dunt
2153 5173 2253 5227 sub
2280 5172 2680 5227 dcliberativum
2711 5188 2841 5229 vero
2882 5190 3212 5243 quaecunque
3240 5190 3414 5230 causa:
3443 5194 3575 5233 eon-

1992 5266 2332 5319 sultationcm
2394 5264 2629 5328 habent,
2677 5274 2735 5318 ut
2776 5267 2818 5319 si
2874 5265 3179 5333 specialiter
3227 5269 3458 5337 accipias
3508 5274 3576 5325 de

1993 5356 2135 5410 bello
2191 5357 2269 5410 vel
2328 5370 2503 5425 pace;
2564 5357 2611 5410 si
2662 5372 2790 5410 vero
2845 5358 3151 5426 individnae,
3203 5368 3259 5413 ut
3310 5362 3377 5417 de
3432 5364 3573 5419 bello

1995 5445 2183 5515 Pyrrhi
2214 5447 2294 5501 vel
2321 5463 2467 5516 pace.
2503 5447 2703 5502 Eodem
2729 5448 2889 5501 modo
2917 5450 3075 5502 etiam
3108 5451 3158 5503 in
3196 5451 3578 5508 demonstrati-

1994 5538 2072 5593 vis
2091 5554 2422 5609 quzecunque
2440 5541 2660 5594 veniunt
2682 5541 2736 5593 in
2761 5540 2972 5594 laudem
2999 5549 3054 5595 et
3078 5540 3524 5613 vituperationem
3557 5563 3574 5601 :

1996 5639 2056 5685 ttt
2105 5631 2149 5686 si
2208 5632 2530 5702 Specialiter,
2589 5641 2646 5685 ut
2698 5632 2812 5687 laus
2870 5632 2967 5686 viri
3021 5632 3215 5699 fortis;
3282 5635 3569 5692 individua:
