4036 6336
556 282 692 336 1219

1787 281 1894 333 ΑΝ.
1939 279 2141 334 .‘IANL.
2184 278 2331 333 SEV.
2375 280 2592 336 BOETII

3634 294 3734 349 129.0

555 412 720 463 vero,
772 399 884 451 laus
929 396 1212 463 Scipionis,
1273 397 1373 450 sub
1408 397 1886 451 demonstrativum
1914 394 2131 448 cadunt.
2165 396 2214 455 Α
2244 394 2408 461 prior,
2458 396 2750 459 rhetorica;
2804 398 3056 460 secunda,
3107 399 3379 454 dialectica
3423 418 3734 473 nuncupatur;

624 490 677 541 5.
723 489 940 543 Materia
972 504 1095 541 vero
1152 489 1306 555 hujus
1356 488 1621 542 facultatis
1668 496 1751 541 est
1797 487 1971 540 omnis
2017 487 2135 557 qui-

552 580 671 632 dem
702 593 787 633 res
828 579 1093 647 pr0p0sita
1127 578 1189 630 ad
1221 578 1547 643 dictionem;
1583 578 1692 632 fere
1734 588 1911 632 autem
1956 574 2132 632 ci'vilis

551 671 791 738 quatstio.
823 670 879 722 In
908 669 1044 723 hanc
1086 672 1292 737 species
1321 686 1347 722 ει
1375 670 1646 723 rhetorica
1677 670 1949 723 venientes
1978 671 2131 736 quasi

550 763 791 830 quasdam
821 762 1007 814 formae
1035 763 1252 830 capiunt
1279 763 1380 814 sihi
1430 763 1727 823 materiam,
1773 770 1829 815 et
1855 760 2134 828 triplicitet‘

550 852 890 904 informatum
925 862 1105 905 tenent
1138 857 1324 919 figura,
1377 852 1516 919 quod
1562 851 1824 918 posterius
1870 851 2130 921 liquebit:

548 953 605 994 ut
644 942 823 995 civilis
878 944 1101 1008 quatstio
1149 958 1269 1009 qua:
1328 943 1501 996 adhuc
1547 944 1789 996 informis
1835 945 2129 997 secundum

547 1036 755 1100 species
786 1043 920 1095 erat,
965 1035 1056 1085 fiat
1086 1044 1319 1101 accepto
1349 1035 1453 1087 fine
1500 1036 1783 1104 unicuique
1828 1038 2128 1102 specierum

548 1127 829 1180 rhetoricae
867 1125 1128 1194 subjecta.
1166 1125 1232 1180 Ut
1286 1127 1526 1178 in'orrnis
1567 1128 1740 1180 adhuc
1778 1127 1954 1180 civilis
1983 1144 2130 1196 qua:-

548 1217 669 1279 t-tio,
699 1232 820 1270 cum
859 1220 1125 1285 acceperit
1150 1233 1211 1271 ex
1242 1216 1480 1287 judiciali
1512 1218 1670 1272 finem
1714 1219 1863 1287 justi,
1895 1220 1986 1272 fiat
2015 1220 2132 1288 ipsa

547 1309 719 1361 civilis
755 1310 980 1377 quaestio
1029 1310 1079 1362 itt
1123 1309 1361 1377 judiciali
1402 1326 1598 1377 genere
1636 1311 1943 1365 constititta.
1996 1311 2127 1365 Cum

548 1382 769 1455 veroex
794 1401 1141 1455 deliberativo
1178 1406 1467 1470 sumpserit
1517 1404 1645 1457 util:
1694 1404 1781 1457 vel
1824 1406 2129 1469 honestum,

549 1506 674 1547 tunc
705 1495 793 1545 fiat
839 1495 951 1562 ipsa
1001 1495 1172 1547 civilis
1218 1496 1444 1561 qu:cstio
1476 1495 1527 1548 in
1568 1494 1919 1550 deliberativo
1945 1511 2132 1550 causa-

552 1601 670 1636 rum
699 1600 897 1654 genere
948 1588 1255 1640 constituta.
1297 1588 1351 1642 Si
1398 1603 1525 1641 vero
1568 1603 1634 1642 ex
1673 1587 2130 1643 demonstratiOne

549 1680 834 1748 sumpserit
857 1680 1076 1742 bonum,
1110 1693 1231 1735 tunc
1261 1682 1672 1735 demonstrativa
1712 1681 1770 1736 fit
1791 1683 1962 1737 civilis
1981 1698 2129 1751 quat.

2235 500 2353 552 quae
2385 486 2483 540 hoc
2536 487 2811 550 sureiiore
2836 487 3030 553 differt,
3066 490 3294 557 primum
3323 494 3453 561 quod
3494 496 3570 549 illa
3594 501 3739 557 civiles

2234 577 2518 639 ὑποθέσεις,
2559 577 2669 629 hare
2703 586 2727 614 °
2757 580 2916 640 θέσεις
2946 580 3289 645 considerat;
3331 583 3510 637 dehinc
3534 590 3650 653 quod
3672 592 3740 644 illa

2233 666 2485 718 continua
2509 666 2771 730 oratione,
2801 668 2914 721 haec
2935 667 2959 705 ιι
2991 669 3237 741 intercisa
3260 674 3547 739 peragitur;
3566 685 3612 729 et
3632 681 3741 744 quod

2235 757 2503 810 rhetorica
2532 760 2700 810 oratiu
2728 759 2886 813 habet
2918 772 3112 826 praeter
3154 762 3507 817 adversarium
3531 765 3744 834 judicent,

2232 847 2508 901 dialectica
2530 865 2658 925 vero
2683 852 2870 904 eodem
2888 852 3067 917 judice
3089 868 3195 921 quo
3214 852 3513 909 adversario
3529 860 3688 914 nititur
3707 873 3743 917 ε.

2306 940 2358 991 7.
2391 940 2513 993 Haec
2545 941 2701 1010 igitur
2728 944 2996 997 rhetorica
3027 945 3202 998 oratio
3247 946 3407 1000 habet
3447 958 3606 1015 partes
3642 966 3749 1007 sex:

2232 1037 2552 1106 prommium
2579 1077 2594 1101 ,
2625 1036 2764 1105 quod
2794 1039 3074 1093 exordium
3106 1051 3227 1104 est;
3263 1044 3631 1107 narrationem,
3656 1061 3750 1114 ρπ-
3794 1056 3821 1065 ‘

2234 1127 2512 1190 titionem,
2557 1129 3055 1192 confirmationem,
3098 1131 3591 1199 reprehensionem,
3625 1150 3752 1203 pero-

2236 1218 2497 1270 rationem
2527 1236 2540 1271 :
2573 1233 2693 1287 qua:
2724 1227 2902 1286 partes
2937 1221 3277 1274 instrumenti
3321 1222 3588 1277 rhetoricae
3623 1223 3753 1279 facul-

2233 1309 2385 1373 tatis,
2420 1308 2674 1378 quouiam
2710 1308 2978 1364 rhetorica
3011 1310 3063 1364 in
3094 1311 3342 1365 omnibus
3382 1313 3489 1366 suis
3525 1316 3755 1381 speciebus

2231 1402 2407 1466 inest,
2437 1404 2644 1457 eisdem
2674 1401 2699 1439 ἀ
2731 1403 2976 1470 inerunt;
3009 1418 3107 1457 nec
3150 1406 3328 1470 ponus
3368 1406 3592 1469 inerunt,
3628 1422 3752 1474 quam

2236 1497 2443 1549 hisdem
2474 1512 2592 1564 qua:
2624 1508 2879 1565 peragunt
2917 1498 3393 1552 administrabunt.
3440 1498 3607 1567 Itaque
3641 1509 3687 1554 et
3716 1500 3756 1553 in

2230 1588 2471 1658 iudiciali
2492 1603 2695 1658 genere
2722 1604 3005 1643 causarum
3026 1591 3365 1643 necessarius
3378 1601 3459 1644 cst
3479 1591 3602 1644 ordo
3617 1605 3757 1658 prote-

2234 1680 2326 1733 tttii
2353 1691 2410 1733 et
2458 1682 2781 1734 narrationis
2822 1690 2985 1749 atque
3027 1690 3385 1746 ceterorum,
3426 1696 3538 1749 qua:
3564 1691 3585 1719 ι
3612 1682 3655 1735 in
3688 1685 3758 1737 de-

546 1771 668 1823 stio.
694 1770 921 1824 Veniunt
941 1783 1115 1825 autem
1139 1773 1191 1825 in
1215 1774 1707 1843 materiamspecies
1736 1789 1801 1829 ex
1835 1774 2016 1829 rhetor
2036 1789 2128 1829 ca:
2160 1754 2206 1813 Β
2235 1771 2587 1825 tnonStrativo
2627 1770 3083 1840 deliberativuque
3126 1773 3435 1827 necessaria
3481 1786 3612 1828 sunt.
3645 1776 3802 1843 Opus.

546 1862 688 1929 quod
720 1863 873 1917 aliter
914 1868 966 1917 in
1000 1866 1218 1919 materia
1248 1881 1343 1918 sua
1372 1864 1622 1935 quaelibet
1653 1867 1878 1921 facultas
1903 1883 2007 1921 non
2038 1885 2130 1937 po—

549 1964 654 2008 test
677 1957 905 2025 operari,
941 1972 1097 2026 quam
1129 1958 1171 2010 si
1202 1974 1326 2014 suas
1362 1960 1614 2014 adhibeat
1642 1971 1821 2029 partes
1852 1980 1865 2014 :
1897 1963 2132 2017 absenti-

550 2046 651 2100 hus
677 2048 818 2101 enim
842 2052 1047 2103 cunctis
1065 2053 1173 2103 suis
1204 2052 1463 2120 partibus,
1494 2055 1759 2109 rhetorica
1788 2055 1899 2124 ipsa
1920 2070 2131 2125 quoque

544 2150 633 2193 est
656 2142 868 2194 absens.

622 2235 674 2286 Δ.
716 2232 820 2288 Sed
851 2237 1099 2302 quoniam
1133 2236 1200 2291 de
1228 2239 1506 2304 sueciehus
1549 2239 1748 2294 dictum
1777 2250 1860 2295 est
1904 2240 2131 2295 rhetori-

547 2337 662 2388 (κε,
696 2327 963 2393 quomodo
1002 2337 1129 2380 sunt
1176 2344 1368 2399 genera
1422 2345 1726 2393 causarum,
1782 2331 1854 2386 ita
1904 2341 2029 2390 sunt
2076 2343 2132 2387 ut

541 2414 784 2467 omnium
813 2418 1144 2481 negotiorum
1192 2435 1311 2485 qua:
1366 2421 1417 2474 in
1467 2422 1609 2474 civili
1659 2422 1873 2490 negotio
1926 2424 2129 2477 consri-

546 2512 662 2557 tuta
691 2515 818 2559 sunt
846 2504 1152 2573 informata.
1193 2509 1239 2563 Α
1270 2509 1376 2564 fine
1400 2510 1548 2578 justo
1568 2510 1821 2579 judiciale
1845 2514 1910 2566 sit
1938 2528 2128 2583 genus.

549 2596 795 2650 Omnium
817 2614 947 2652 vero
970 2614 1089 2668 qua:
1116 2605 1403 2656 constituta
1442 2604 1494 2656 in
1538 2603 1680 2658 civili
1712 2606 2005 2673 quaestione
2035 2605 2131 2658 hos

550 2698 763 2743 nestum
790 2690 874 2746 vel
899 2692 1083 2747 utilem
1117 2692 1276 2748 finem
1307 2705 1582 2763 ceperunt,
1617 2696 2025 2751 deliberativum
2061 2697 2132 2751 sit

541 2793 715 2847 genus
748 2797 760 2833 :
793 2783 1139 2853 omniumque
1182 2801 1301 2853 qua:
1350 2788 1403 2840 iu
1448 2787 1591 2843 civili
1637 2778 1805 2857 posita
1834 2791 2131 2858 quastione

551 2869 708 2925 finem
740 2870 965 2935 honesti,
995 2875 1144 2942 justi,
1170 2877 1363 2932 honive
1408 2890 1772 2949 sumpserunt,
1803 2883 1873 2937 sit
1906 2884 2131 2937 demon-

548 2959 825 3013 strativum
857 2978 1042 3030 genus.
1080 2964 1181 3019 Sed
1205 2968 1271 3020 de
1302 2968 1383 3019 his
1415 2960 1692 3038 hactenus.

625 3051 678 3104 5.
718 3049 868 3105 Nunc
902 3052 969 3107 de
1018 3057 1254 3122 partibus
1296 3057 1576 3111 rhetoricae
1606 3059 1987 3126 providendum
2024 3069 2126 3114 est.

548 3140 735 3194 Partes
762 3144 901 3195 enim
936 3144 1214 3198 rhetoricie
1244 3159 1368 3198 sunt
1407 3148 1674 3216 quinque;
1728 3150 1983 3213 inventio,
2015 3150 2124 3204 dis-

552 3232 767 3297 positio,
800 3233 1055 3296 elocutio,
1090 3237 1369 3303 memoria,
1413 3240 1791 3305 pronuntiatio.
1824 3241 2009 3296 Partes
2033 3257 2126 3295 au-

550 3331 656 3374 tem
689 3333 943 3375 vocantur
987 3324 1205 3393 idcirco,
1258 3329 1378 3393 quia
1410 3329 1451 3380 si
1499 3330 1627 3398 quid
1669 3328 1855 3382 harum
1898 3330 2129 3384 defuerit

546 3414 771 3477 matori,
803 3414 1110 3482 imperfecta
1143 3416 1362 3471 facultas
1391 3429 1490 3471 est.
1521 3421 1695 3489 Atque
1722 3421 1844 3475 ideo
1872 3438 1990 3490 qua:
2016 3423 2127 3474 uni-

549 3519 702 3557 versa
726 3503 957 3558 formant
984 3507 1269 3561 oratoriam
1300 3508 1628 3572 facultatem,
1658 3526 1718 3563 ea
1752 3523 1929 3580 partes
1965 3510 2130 3564 facul-

552 3597 675 3649 tatis
716 3596 830 3665 ejus
857 3596 1057 3661 dicere,
1086 3598 1216 3650 nihil
1248 3598 1534 3653 absurdum
1566 3610 1669 3654 est.
1704 3602 1806 3654 Sed
1839 3602 1919 3654 Ine
1953 3610 2130 3666 partes

548 3688 799 3753 quoniam
841 3686 1119 3741 rhetorica:
1149 3687 1420 3744 facultatis
1450 3701 1593 3755 sunt,
1628 3702 1899 3760 totamque
1944 3693 2129 3746 rheto-

544 3776 714 3830 ricam
746 3776 1047 3831 facultatem
1078 3791 1423 3847 componunt,
1463 3797 1683 3838 necesse
1717 3795 1800 3840 est
1840 3788 1925 3840 ubi
1972 3790 2130 3843 fuerit

550 3868 835 3931 rhetorica,
872 3869 1000 3936 ipsae
1037 3886 1247 3939 quoque
1276 3875 1692 3942 subsequantur.
1716 3878 1781 3931 At
1822 3889 1904 3933 est
1936 3880 2128 3935 rheto-

552 3959 659 4011 rica
694 3956 753 4010 in‘
792 3962 1018 4028 propriis
1093 3964 1374 4030 speciebus
1434 3966 1676 4036 integra:
1721 3985 1912 4025 omnes
1969 3974 2131 4042 igitur

549 4049 831 4104 rhetoricae
860 4064 1033 4118 partes
1065 4052 1277 4107 inerunt
1316 4057 1600 4112 rhetorica:
1644 4062 1949 4126 speciebus.
1980 4064 2127 4129 Quo-

544 4145 689 4196 circa
720 4146 876 4198 etiam
928 4146 1008 4200 his
1035 4148 1279 4202 civilibus
1322 4152 1548 4218 negotiis
1588 4156 1876 4210 tractandis
1903 4157 2127 4211 adhibe-

550 4236 768 4300 buntur,
794 4252 910 4303 quae
933 4253 963 4290 a
992 4240 1310 4305 supradictis
1336 4240 1617 4298 rhetoricas
1652 4247 1932 4314 speciebus
1963 4251 2132 4304 inror-

551 4335 785 4380 mantur.
810 4326 985 4394 JEque
1011 4328 1168 4396 igitur
1194 4330 1503 4399 iujudiciali
1525 4337 1739 4404 negotio
1767 4348 1820 4391 et
1847 4339 1897 4392 in
1922 4339 2130 4394 delibe—

548 4418 722 4470 rativo
742 4428 797 4471 et
826 4419 876 4471 in
908 4419 1348 4482 demonstrativo.
1394 4424 1651 4493 inventio,
1680 4426 1986 4495 dispositio,
2019 4433 2133 4486 elo-

546 4510 713 4571 cutio.
745 4509 1021 4574 memoria,
1055 4513 1539 4583 pronuntiatioque,
1570 4518 1917 4574 conveniunt.

625 4601 677 4654 (ἱ.
720 4600 978 4665 Quoniam
1009 4617 1134 4656 vero
1158 4605 1332 4657 omnis
1362 4603 1473 4659 fere
1503 4604 1728 4661 facultas
1767 4607 2126 4666 instrumento

547 4691 716 4746 utitur
739 4692 805 4745 ad
837 4691 1137 4747 faciendum
1170 4695 1311 4763 quod
1355 4707 1550 4764 poteSt,
1579 4700 1684 4753 erit
1722 4700 1883 4769 igitur
1930 4702 2128 4770 aliquid

552 4784 981 4859 instrumentum.
1030 4784 1141 4839 Hoc
1175 4803 1304 4840 vero
1348 4798 1428 4842 est
1456 4789 1649 4853 oratio,
1691 4806 1810 4856 qua:
1844 4794 2033 4859 partim
2070 4794 2129 4847 in

543 4878 688 4931 civili
713 4893 909 4946 genere
936 4890 1197 4947 versatur,
1232 4882 1425 4948 partim
1452 4883 1693 4937 minime.
1740 4884 1813 4938 De
1847 4900 1907 4937 ca
1950 4899 2129 4941 autem

547 4970 792 5023 oratione
828 4971 1111 5037 loquimur,
1142 4986 1261 5040 quae
1299 4972 1455 5026 habet
1483 4974 1715 5042 aliquam
1747 4977 2123 5043 quaestionem,

546 5059 636 5111 vel
680 5074 801 5126 quae
842 5062 1093 5113 adfinem
1144 5061 1488 5128 expediendae
1532 5066 1845 5132 quaestionis
1909 5082 2127 5121 accom-

550 5149 818 5204 modatur.
850 5152 918 5205 Ea
950 5166 1079 5221 ergo
1103 5152 1296 5217 oratio,
1322 5169 1441 5222 qua:
1462 5156 1517 5207 in
1546 5155 1690 5211 civili
1718 5173 1920 5225 genere
1951 5175 2129 5213 versa-

551 5250 654 5303 tur,
677 5242 927 5295 continue
956 5243 1230 5308 decurrit;
1278 5258 1341 5297 ea
1371 5260 1488 5313 qua:
1520 5262 1623 5300 non
1654 5249 1754 5302 ἐει
1804 5250 1853 5303 in
1880 5250 2131 5305 civilibus

546 5332 746 5395 causis,
777 5334 1189 5403 interrogatione
1212 5345 1265 5389 et
1285 5339 1633 5405 responsione
1662 5341 1980 5404 explicatur.
2017 5346 2123 5401 Sed

624 5456 647 5480 "
688 5444 855 5509 Cod.,
886 5444 1001 5497 illa.

621 5514 646 5551 δ
687 5516 845 5577 Cod.,
876 5516 987 5568 illa.

622 5594 647 5622 ε
688 5583 823 5636 Νιιιιι
858 5600 952 5649 pro
983 5588 1180 5640 utitur?

621 5654 647 5688 «³
694 5657 761 5723 ita
784 5655 913 5723 cod.
949 5660 1017 5708 At
1045 5656 1210 5723 infra,
1244 5660 1461 5716 hisdem.

624 5730 652 5759 ο
689 5722 844 5786 Cod.,
877 5732 921 5775 et
951 5740 1045 5793 pro
1071 5722 1203 5793 quia.

2231 1871 2410 1916 autem
2443 1862 2725 1917 rhetorica:
2755 1863 3024 1916 facultatis
3059 1868 3250 1918 docere
3288 1873 3348 1917 et
3386 1879 3621 1919 movere:
3648 1866 3757 1934 quod

2234 1956 2580 2009 nihilominus
2627 1955 2843 2009 hisdem
2888 1956 3001 2008 fere
3044 1970 3140 2009 sex
3185 1955 3587 2019 instrumentis,
3624 1957 3668 2011 id
3700 1968 3761 2011 est

2232 2048 2494 2103 orationis
2524 2048 2786 2117 Partibus,
2815 2046 3241 2102 administratur.
3268 2049 3457 2103 Partes
3479 2061 3640 2104 autem
3664 2051 3761 2104 rite.

2234 2141 2456 2205 loricae,
2485 2140 2738 2208 quoniam
2770 2147 2954 2208 partes
2993 2149 3116 2192 sunt
3159 2140 3463 2203 facultatis,
3506 2142 3623 2209 ipsre
3656 2156 3762 2210 quo-

2230 2249 2334 2302 que
2365 2242 2488 2285 sunt
2518 2232 2819 2284 facultates.
2862 2230 3121 2297 Quocirca
3154 2232 3284 2299 ipsae
3310 2246 3524 2300 quoque
3549 2231 3763 2285 orationis

2234 2326 2477 2393 partibus
2532 2324 2684 2391 quasi
2740 2324 3116 2378 instrumentis
3172 2333 3394 2379 utentur
3450 2324 3502 2379 in
3555 2336 3762 2393 partem,

2233 2427 2395 2483 atque
2424 2425 2483 2468 ut
2514 2416 2596 2469 his
2627 2427 2942 2482 operentur,
2986 2416 3190 2471 eisdem
3238 2416 3326 2469 ine
3361 2424 3475 2470 unt.
3525 2415 3643 2469 Nam
3685 2415 3764 2469 nisi

2231 2510 2410 2563 adsint
2458 2506 2478 2546 ί
2530 2509 2797 2577 praedictae
2845 2509 3129 2562 rhetoricae
3173 2522 3388 2575 partes,
3436 2517 3493 2561 ut
3532 2508 3762 2569 inveniat,

2227 2601 2541 2669 eloquatur,
2593 2600 2875 2667 diSponat,
2929 2601 3273 2662 meminerit,
3330 2601 3661 2667 pronuntiet,
3708 2599 3764 2649 nil

2230 2705 2355 2762 agat
2382 2703 2584 2748 orator.
2623 2694 2933 2760 Eodemth
2964 2693 3123 2745 modo
3153 2707 3233 2746 ea:
3263 2701 3288 2740 8
3320 2708 3444 2760 qua:
3489 2692 3593 2746 fere
3627 2705 3767 2759 partes

2238 2786 2580 2841 instrumenti
2604 2827 2618 2847 ,
2663 2786 2765 2838 nisi
2805 2785 3037 2839 habeant
3074 2799 3263 2838 omnes
3301 2784 3563 2837 orationis
3589 2789 3764 2846 tartes,

2235 2879 2429 2932 frustra
2448 2889 2588 2932 sunt.
2608 2877 2774 2946 Hujus
2793 2888 2970 2931 autem
2991 2876 3256 2930 facultatis
3271 2876 3495 2930 effector
3514 2883 3767 2933 oratorest,

2232 2974 2385 3040 cujus
2426 2983 2510 3026 est
2551 2972 2781 3025 officium
2822 2972 3001 3025 dicere
3020 2972 3259 3039 apposite
3278 2970 3347 3023 ad
3391 2971 3768 3037 persuasionem

2311 3066 2363 3119 8.
2392 3065 2541 3119 Finis
2565 3076 2672 3116 tum
2697 3064 2747 3117 in
2777 3067 2908 3130 ipso,
2939 3076 3047 3117 tum
3072 3064 3122 3116 in
3144 3064 3335 3116 altero.
3360 3062 3417 3114 In
3441 3062 3552 3129 ipso
3570 3058 3770 3131 quidem.

2236 3168 2295 3211 ut
2326 3157 2463 3210 bene
2493 3155 2691 3209 dixisse
2713 3196 2727 3219 ,
2760 3153 2812 3207 id
2842 3165 2923 3207 est
2952 3153 3153 3207 dixisse
3196 3152 3446 3219 apposite
3490 3151 3553 3202 ad
3592 3162 3773 3216 persua—

2230 3249 2438 3302 sionem
2464 3263 2480 3311 ;
2513 3246 2564 3299 in
2596 3247 2770 3299 altero
2800 3259 2929 3298 vero
2949 3285 2963 3307 ,
2999 3243 3353 3312 persuasisse.
3384 3243 3565 3311 Neque
3590 3241 3715 3296 enim
3737 3240 3773 3292 si

2229 3355 2329 3408 qua
2363 3338 2651 3408 impediant
2674 3348 2943 3391 oratorem
2973 3336 3258 3405 quominus
3290 3336 3638 3404 persuadeat,
3664 3333 3775 3385 tacto

2231 3431 2441 3496 officio,
2473 3430 2594 3483 finis
2636 3444 2741 3483 non
2782 3438 2864 3482 est
2903 3437 3245 3482 consecutus.
3290 3426 3400 3480 Sed
3428 3428 3473 3479 is
3510 3424 3595 3493 qui
3630 3422 3775 3485 officio

2231 3525 2445 3592 quidem
2470 3522 2568 3576 fuit
2591 3524 2873 3591 contiguus
2898 3528 2953 3573 ct
2978 3529 3256 3587 cognatus,
3284 3517 3645 3587 consequitur,
3668 3514 3779 3566 facta

2234 3614 2417 3670 officio
2446 3632 2459 3674 ;
2492 3615 2536 3667 is
2567 3629 2695 3668 vero
2724 3614 2813 3681 qui
2840 3621 2990 3667 extra
3034 3621 3154 3677 cst,
3196 3626 3341 3678 saepe
3386 3626 3493 3663 nou
3536 3604 3777 3670 consequi-

2234 3715 2340 3759 tur.
2383 3706 2565 3773 Neque
2615 3714 2792 3757 tamen
2850 3702 3176 3756 rhetoricam
3217 3717 3315 3755 suo
3358 3702 3467 3754 fine
3510 3707 3776 3753 contentam

2235 3797 2440 3850 honore
2482 3795 2751 3849 vacuabit.
2802 3794 2925 3847 Haec
2970 3793 3185 3862 quidem
3232 3794 3301 3845 ita
3351 3803 3478 3845 sunt
3517 3793 3698 3851 mixta,
3736 3797 3777 3838 ut

2234 3885 2501 3942 rhetorica
2534 3884 2663 3939 insit
2700 3883 3015 3952 speciebus.
3064 3882 3269 3950 species
3312 3897 3445 3934 vero
3486 3881 3645 3934 insint
3684 3876 3782 3930 rhe-

2236 3981 2417 4033 toricae
2448 3975 2498 4032 δ.
2532 3975 2825 4032 Causarum
2854 3985 3029 4028 autem
3064 3984 3240 4042 partes
3268 3983 3442 4026 status
3482 3986 3600 4025 esse
3626 3970 3781 4023 dicun-

2235 4081 2345 4136 tur,
2394 4068 2463 4124 de
2509 4070 2699 4137 quibus
2746 4065 2850 4120 hoc
2894 4066 3053 4119 modo
3092 4064 3487 4131 districiendum
3529 4074 3625 4117 est.
3665 4062 3784 4126 Quo-

2234 4160 2395 4214 modo
2436 4158 2589 4214 enim
2637 4166 2815 4225 partes
2860 4170 2981 4210 esse
3024 4156 3356 4225 putabuntur
3399 4169 3610 4211 causa}.
3651 4152 3693 4204 si
3729 4151 3783 4201 ita

2233 4263 2413 4321 partes
2444 4262 2499 4305 ut
2528 4250 2774 4319 species?
2807 4249 3075 4317 quomodo
3109 4245 3222 4300 fieri
3256 4256 3465 4314 potest,
3512 4255 3569 4299 ut
3613 4245 3659 4297 in
3699 4258 3779 4293 una

2235 4358 2394 4399 causa
2427 4344 2610 4412 plures
2638 4341 3051 4394 constitutiones
3076 4339 3226 4391 sint?
3267 4354 3390 4391 nam
3435 4338 3640 4407 species
3680 4335 3784 4386 sibi.

2239 4445 2351 4487 met
2380 4431 2737 4501 impermixtze
2766 4439 2910 4484 sunt.
2944 4434 3015 4482 At
3040 4429 3260 4482 veniunt
3300 4431 3352 4481 in
3393 4443 3611 4482 causam
3648 4423 3786 4496 pluri-

2239 4543 2342 4581 mzc
2386 4526 2837 4580 constitutiones:
2887 4539 2992 4577 non
3035 4533 3158 4577 sunt
3202 4525 3361 4592 igitur
3410 4533 3590 4592 partes
3629 4533 3786 4575 causa-

2236 4634 2354 4673 rum
2381 4660 2397 4684 ,
2430 4617 2575 4671 velut
2601 4616 2809 4686 species
2839 4624 3028 4669 status.
3063 4614 3196 4668 Illud
3237 4630 3453 4683 quoque
3492 4613 3632 4682 quod
3667 4610 3785 4662 nulla

2237 4712 2440 4779 species
2480 4710 2647 4770 aliam
2683 4709 2785 4765 sibi
2825 4709 3127 4778 Oppositam
3170 4712 3408 4776 speciem
3456 4706 3524 4760 ad
3566 4706 3786 4759 substan—

2236 4806 2363 4861 tiam
2398 4805 2569 4874 juvat.
2608 4802 2930 4856 Constitutio
2970 4815 3102 4854 vero
3139 4800 3579 4855 constitutionem
3621 4795 3787 4850 confir-

2236 4908 2348 4952 mat
2376 4897 2439 4950 ad
2473 4896 2653 4950 fidem.
2689 4894 2797 4948 Nec
2823 4907 2953 4947 vero
2980 4892 3097 4946 fieri
3130 4901 3305 4959 potest
3334 4902 3392 4945 ut
3436 4890 3509 4944 ita
3552 4890 3653 4942 sint
3684 4898 3786 4937 catt-

2238 5001 2413 5041 sarum
2440 4985 2589 5055 quasi
2620 4983 2781 5038 totius
2812 4993 3008 5050 partes.
3035 4983 3249 5038 Nullum
3279 4983 3423 5037 enim
3456 4976 3782 5047 compositum

2233 5093 2299 5134 ex
2332 5091 2437 5131 una
2478 5086 2627 5144 parte
2665 5085 2833 5129 totum
2871 5085 3031 5145 atque
3061 5076 3326 5144 integrum
3354 5086 3481 5127 esse
3508 5076 3694 5140 potest.
3730 5063 3785 5115 At

2236 5170 2290 5223 in
2332 5183 2491 5223 causa
2544 5166 2562 5207 ί
2613 5167 2924 5221 constitutio
2967 5180 3072 5221 una
3118 5166 3312 5221 idonea
3354 5173 3446 5219 est
3489 5159 3783 5217 constituere

2237 5275 2477 5314 causam.

2309 5354 2361 5406 9.
2402 5352 2539 5419 Quid
2579 5350 2740 5420 igitur
2776 5360 2859 5405 est
2894 5348 3231 5404 dicendum?
3271 5348 3424 5403 Patet
3464 5346 3552 5402 via
3592 5336 3779 5397 rationi.

2311 5466 2333 5505 τ
2370 5466 2529 5531 Cod.,
2562 5481 2680 5518 nam
2704 5464 2757 5516 in
2786 5462 3009 5516 exordiis
3039 5462 3162 5516 sint.

2306 5547 2331 5584 ε
2371 5537 2526 5600 Cod.,
2558 5552 2752 5588 eorum.

2304 5604 2332 5643 ιι
2371 5608 2529 5662 Deest
2557 5606 2607 5659 in
2634 5606 2759 5661 cod.
2786 5604 3075 5658 rhetorica.

2311 5678 2328 5715 ί
2373 5678 2530 5745 Cod.,
2559 5692 2787 5730 causam.

3550 5592 3569 5617 ,
