4014 6336
240 302 369 356 4221

1076 303 1162 357 DE
1204 304 1524 359 LOCURUM
1563 298 2096 357 RIIETORICORUM
2140 298 2635 355 DlSTlNCTI‘eNE.

3360 296 3498 350 129.2

245 415 427 484 Neque
471 415 613 469 enim
661 410 835 469 cat‘ism
884 415 998 483 ejus
1044 431 1165 486 pars
1207 432 1328 472 esse
1370 418 1565 471 dicitur
1610 419 1810 471 consti-
1840 422 1881 475 Α
1912 422 2112 468 orator.
2146 414 2387 469 Officium
2420 406 2759 483 liujusﬂienc
2784 414 2981 468 dicere.
3012 412 3183 479 Fin's,
3213 420 3323 468 tum
3360 414 3496 468 bene

242 506 408 569 tutio,
442 521 560 572 qua:
594 506 644 558 iu
676 510 1097 561 controversiam
1134 510 1316 572 venit,
1360 518 1413 561 rt
1450 524 1607 578 quam
1649 518 1820 562 status

238 601 512 652 constituit
553 615 567 653 :
601 615 720 653 cum
765 603 1063 668 praesertim
1108 604 1195 671 qui
1242 602 1457 655 additur
1495 601 1559 653 ad
1596 614 1817 655 camam

240 697 443 750 Status,
473 689 580 756 jam
614 705 715 743 una
744 692 1126 745 constitutione
1157 694 1360 745 ﬁrmata
1382 732 1399 756 ,
1435 707 1537 743 non
1573 694 1643 745 sit
1674 692 1819 759 prin-

238 782 428 848 cipalis
455 780 549 835 sed
582 782 872 845 accidens;
904 792 1064 851 atque
1096 784 1149 835 in
1198 797 1303 834 uno
1346 782 1559 850 negotio
1606 790 1677 835 tot
1723 796 1811 835 ve-

239 873 391 925 niant
444 874 827 926 controversia:
878 885 1004 940 quot
1055 882 1179 927 sunt
1223 873 1653 927 conStitntiones.
1709 871 1815 926 Sed

236 972 365 1029 quot
407 963 823 1031 controversiae,
871 971 947 1016 tot
997 978 1213 1017 causae:
1247 972 1301 1017 et
1344 964 1469 1017 licet
1511 978 1605 1016 eas
1651 979 1814 1015 unum

236 1053 508 1106 contineat
537 1054 807 1121 negotium
830 1094 845 1117 ,
877 1068 1051 1106 causa:
1094 1064 1270 1106 tamen
1316 1054 1671 1123 impermixta:
1714 1054 1815 1107 sibi

237 1143 529 1197 variantur.
584 1143 652 1198 Ut
697 1145 785 1213 qui
832 1145 1081 1210 juvenem
1132 1146 1200 1200 de
1243 1147 1481 1212 lupanari
1530 1158 1814 1200 exeuntem

239 1235 406 1299 vidit,
438 1235 596 1303 paulo
624 1247 743 1305 post
768 1236 835 1290 de
864 1237 1052 1291 eodem
1095 1238 1214 1290 loco
1245 1254 1465 1292 uxorem
1495 1253 1647 1291 suam
1680 1239 1816 1292 vidit

237 1342 510 1395 egressam
533 1370 548 1391 ,
578 1338 794 1383 accusat
817 1328 1068 1397 juvenem
1097 1329 1367 1384 adulterii.
1402 1331 1497 1385 llic
1528 1347 1689 1384 unutn
1724 1348 1819 1385 ne-

237 1416 441 1485 gotium
473 1417 614 1484 quod
645 1420 869 1471 vertitur
897 1428 1018 1482 est;
1053 1432 1230 1471 causa:
1271 1429 1448 1473 autem
1492 1420 1611 1473 duae
1643 1439 1655 1473 :
1709 1436 1813 1474 una

234 1508 652 1576 conjecturalis,
684 1510 729 1562 si
761 1520 919 1577 neget
947 1524 1007 1564 se
1038 1510 1228 1564 fecisse
1254 1528 1269 1575 ;
1304 1515 1470 1565 altera
1506 1512 1705 1565 finitiva
1727 1552 1743 1575 ,
1770 1511 1843 1583 si_

236 1598 293 1652 in
325 1600 567 1666 lupanari
598 1602 936 1655 concubitum
975 1618 1081 1656 non
1119 1603 1263 1657 dicat
1304 1617 1458 1671 posse
1496 1604 1813 1658 adulterium

233 1690 433 1760 putari.
463 1690 568 1745 Sed
612 1706 783 1759 neque
812 1694 1025 1761 neganti
1065 1708 1187 1763 pars
1222 1703 1300 1749 est
1329 1693 1569 1762 ejusdem
1595 1705 1814 1749 contro-
1850 1728 1854 1733 »

1922 506 2126 560 dixisse
2153 516 2260 559 tum
2294 506 2620 575 persuadere
2647 515 2748 559 est.

1994 597 2081 652 12.
2113 597 2246 651 Tota
2289 599 2552 653 rhetorica
2589 600 2641 653 in
2684 599 2962 667 speciebus
2986 614 2999 661 ;
3025 598 3232 666 species
3257 612 3385 652 vero
3421 598 3493 651 ita

1923 699 2083 744 totam
2118 691 2393 744 materiam
2444 690 2751 753 informant,
2779 698 2836 743 ut
2866 699 3042 742 tamen
3074 689 3301 741 vicissim
3334 697 3498 740 totam

1921 782 2020 835 sibi
2068 783 2387 835 vindicent:
2422 782 2560 850 quod
2603 796 2667 836 ex
2716 783 2816 835 hoc
2858 779 3077 847 intelligi
3130 789 3327 846 potest,
3364 795 3500 848 quo-

1922 874 2058 928 niam
2105 888 2291 926 omnes
2348 874 2447 925 sibi
2498 874 2733 926 tuaterizr
2795 885 2972 941 partes
3018 870 3240 939 singulte
3291 872 3500 938 species

1922 976 2121 1021 tenent.
2150 966 2281 1019 Nam
2325 965 2376 1019 in
2422 965 2651 1032 iudiciali
2692 977 2922 1035 quatuor
2965 966 3374 1021 constitutiones
3414 966 3500 1018 in-

1918 1059 2119 1122 venies,
2146 1068 2200 1111 et
2247 1056 2298 1110 in
2340 1057 2687 1111 deliberativa
2719 1058 3244 1128 demonstrativaqoe
3281 1062 3496 1112 easdem

1917 1158 2144 1209 quatuor
2174 1149 2414 1203 invenire
2451 1163 2634 1217 queas.
2688 1150 2842 1206 Unde
2872 1152 3193 1215 ostenditur,
3226 1151 3270 1205 si
3312 1166 3500 1205 omnes

1920 1248 2097 1307 partes
2124 1254 2302 1293 causae
2330 1241 2617 1309 generalis,
2644 1257 2762 1309 quae
2801 1251 2881 1295 est
2908 1243 3082 1296 civilis
3117 1242 3361 1311 quaestio,
3390 1244 3501 1295 sin-

1917 1330 2056 1398 gula:
2105 1331 2313 1398 species
2357 1330 2587 1394 habent,
2628 1346 2815 1384 omnes
2875 1348 3000 1385 vero
3050 1343 3225 1400 partes
3281 1348 3497 1387 causam

1917 1434 2072 1485 esse;
2101 1420 2271 1490 ipsam
2313 1435 2549 1487 causam,
2582 1422 2632 1474 id
2675 1431 2755 1475 est
2796 1424 3004 1476 civilem
3038 1424 3408 1491 qumstiooem,
3433 1423 3515 1477 ab.

1917 1513 2195 1581 speciebus
2242 1513 2477 1567 vicissim
2519 1513 2777 1567 vindicari
2837 1522 3044 1567 totam:
3080 1529 3145 1567 eo
3192 1514 3353 1568 modo
3391 1530 3500 1583 quo

1919 1618 2027 1659 vox
2072 1619 2178 1657 uno
2233 1614 2473 1672 tempore
2522 1605 2587 1657 ad
2646 1605 2997 1671 plurimorum
3050 1620 3207 1659 aures
3256 1605 3500 1673 pervenit

1920 1710 2040 1749 cum
2084 1696 2194 1749 suis
2244 1696 2447 1761 integra
2496 1697 2753 1762 partibus,
2788 1695 2838 1748 id
2889 1706 2971 1749 est
3014 1696 3316 1749 elementis.
3361 1695 3493 1749 Nam

234 1780 425 1836 versis:
448 1782 828 1849 conjecturalis
853 1794 1058 1849 status;
1107 1800 1279 1855 neque
1314 1786 1589 1840 definienti
1627 1786 1817 1840 delini-
1848 1790 1896 1847 B
1922 1785 2112 1839 eodem
2145 1794 2388 1853 tempore
2415 1792 2522 1837 tota
2563 1799 2722 1838 causa
2759 1784 2826 1838 ad
2857 1784 3094 1838 diversas
3133 1785 3340 1853 species
3378 1799 3499 1839 cum

237 1873 356 1926 tio:
406 1882 570 1927 totam
612 1877 754 1929 enim
800 1878 1039 1931 continet
1082 1893 1322 1933 causam.
1366 1879 1593 1933 Causam
1640 1890 1816 1933 autem

234 1978 369 2018 voco
419 1981 520 2018 non
569 1967 911 2034 generaliter,
958 1968 1051 2023 sed
1095 1970 1512 2024 Controversiam
1556 1972 1820 2025 constitu-

235 2060 381 2113 tione
409 2060 585 2126 aliqua
617 2061 906 2116 firmatam.

316 2150 396 2202 ιο.
431 2149 568 2204 Sunt
596 2163 771 2206 autem
802 2164 979 2221 partes
1006 2156 1417 2210 constitutiones
1448 2172 1625 2212 causa:
1651 2173 1817 2227 gene-

235 2242 367 2296 ralis
400 2244 498 2296 lioc
527 2245 706 2298 modo.
739 2246 794 2301 Si
838 2247 980 2302 enim
1027 2252 1200 2304 omnis
1239 2266 1400 2305 causa
1439 2252 1819 2321 conjecturalis

232 2346 417 2401 esset,
453 2353 551 2390 nec
591 2340 728 2392 alius
759 2350 929 2394 status
958 2342 1309 2408 inveniretur,
1342 2358 1446 2397 non
1480 2356 1622 2399 esset
1650 2353 1819 2413 status

237 2426 617 2496 conjecturalis
644 2444 822 2484 causae
849 2447 973 2500 pars
996 2472 1011 2500 ,
1045 2434 1137 2487 sed
1167 2434 1279 2501 ipsa
1317 2448 1476 2488 causa
1515 2444 1661 2489 esset
1702 2438 1818 2490 sine

234 2518 402 2572 dubio
430 2523 764 2589 conjectura.
803 2523 907 2578 Sed
945 2526 1195 2593 quoniam
1239 2526 1429 2595 partim
1468 2526 1774 2595 conjectura
1798 2567 1815 2592 ,

239 2608 438 2676 partim
470 2609 616 2675 sine,
651 2613 844 2680 partim
876 2616 1162 2682 qualitate,
1197 2616 1390 2683 partim
1435 2616 1813 2684 translatione,

237 2712 420 2753 causae
447 2714 635 2757 omnes
675 2712 947 2769 tenentur,
992 2722 1113 2774 pars
1151 2717 1233 2759 est
1269 2708 1576 2760 constitutio
1609 2722 1814 2771 causae,

235 2801 349 2842 non
401 2789 518 2859 ejus
568 2807 726 2860 quam
781 2795 1011 2849 tenendo
1063 2796 1343 2860 informat,
1384 2798 1473 2852 sed
1512 2800 1629 2867 ejus
1658 2815 1815 2867 quam

235 2879 430 2935 dividit
477 2884 787 2953 generalis;
842 2889 995 2954 cujus
1047 2890 1250 2942 scilicet
1305 2893 1456 2957 quasi
1512 2890 1810 2943 membrum

235 2972 453 3040 aliquod
494 2975 779 3031 abscidens
822 2992 975 3030 suum
1020 2978 1147 3032 facit
1187 2994 1517 3047 unaquzeque
1561 2981 1818 3034 constitu-

238 3065 338 3118 tio.
389 3070 524 3121 Sunt
575 3070 738 3139 igitur
789 3082 966 3141 partes
1006 3085 1063 3126 ut
1099 3075 1305 3142 species
1348 3090 1526 3128 causa
1562 3075 1816 3129 constitu-

1922 1876 2034 1929 suis
2063 1875 2302 1943 partibus
2335 1876 2552 1929 transit.

1995 1966 2083 2019 13.
2118 1966 2223 2020 Sed
2254 1980 2373 2019 cum
2415 1966 2626 2032 species
2655 1966 2710 2020 in
2741 1965 3017 2019 materiam
3050 1966 3316 2033 venerint,
3345 1966 3395 2021 id
3422 1976 3505 2022 est

1920 2060 1974 2113 in
2014 2058 2220 2113 civilem
2263 2058 2632 2127 quaestionem,
2680 2069 2733 2112 et
2774 2073 2890 2113 eam
2933 2072 3052 2112 cum
3093 2060 3208 2113 suis
3252 2060 3503 2113 obtinue—

1918 2148 2027 2201 rint
2057 2147 2317 2214 partibus,
2343 2148 2577 2202 inferunt
2604 2163 2785 2201 secum
2812 2151 2971 2201 etiam
3015 2150 3182 2218 ipsam
3222 2149 3503 2204 rhetoricae

1921 2238 2455 2308 facultatemzquare
2496 2239 2658 2293 etiam
2713 2239 2997 2293 rhetorice
3043 2248 3243 2307 partes.
3294 2239 3348 2293 In
3394 2242 3505 2293 sin-

1918 2329 2055 2396 gulis
2091 2344 2221 2397 ergo
2261 2330 2730 2383 constitutionibus
2771 2341 2928 2384 erunt
2970 2331 3252 2384 rhetoricae
3296 2340 3499 2398 partes.

1919 2418 2025 2473 Sed
2061 2419 2204 2473 illata
2231 2420 2452 2473 materia
2484 2418 2747 2474 rhetorica
2787 2422 2945 2474 infert
2969 2435 3154 2474 secum
3179 2422 3503 2475 inStrurnen-

1920 2516 2033 2562 tum
2083 2520 2260 2561 suum.
2290 2507 2453 2561 Infert
2496 2509 2653 2576 igitur
2702 2523 2883 2561 secum
2929 2510 3261 2571 orationem,
3291 2519 3346 2562 et
3386 2511 3501 2563 lucc

1923 2600 2172 2667 proprias
2227 2611 2446 2667 partes:
2478 2601 2688 2667 eritque
2734 2601 2786 2651 in
2828 2601 3297 2654 constitutionibus
3346 2617 3503 2654 exor-

1920 2688 2064 2743 dium
2096 2698 2149 2743 et
2179 2691 2415 2743 narratio
2442 2700 2495 2743 et
2523 2698 2742 2744 cretera.
2779 2690 2884 2745 Sed
2931 2704 3051 2743 cum
3087 2691 3499 2745 instrumentum

1920 2778 2131 2833 venerit
2152 2779 2204 2830 in
2228 2778 2439 2833 civilem
2469 2778 2844 2845 quaestionem,
2867 2794 3086 2847 operam
3116 2794 3325 2848 quoque
3350 2794 3502 2833 suam

1921 2871 2079 2925 simul
2122 2870 2305 2924 infert.
2361 2870 2430 2925 Et
2472 2870 2689 2925 docebit
2728 2871 2890 2940 igitur
2940 2885 3003 2924 ac
3058 2870 3403 2939 persuadebit
3450 2872 3504 2925 in

1920 2962 2067 3016 omni
2111 2963 2516 3018 constitutione.
2578 2963 2684 3018 Sed
2737 2964 2851 3017 bace
2903 2978 2999 3032 per
3047 2976 3107 3019 se
3163 2965 3351 3020 venire
3398 2981 3505 3020 non

1924 3064 2195 3123 poterunt,
2236 3055 2337 3109 nisi
2381 3054 2451 3109 sit
2491 3056 2535 3109 is
2572 3057 2663 3124 qui
2696 3056 2810 3109 lucc
2856 3064 3093 3119 moveat,
3128 3055 3273 3109 velut
3310 3056 3500 3112 artifex

237 3157 416 3211 ιεοηεε
465 3159 775 3230 generalis,
827 3178 931 3216 που
989 3164 1107 3234 eius
1151 3168 1308 3234 quam
1357 3181 1688 3236 unaquaque
1740 3161 1890 3225 mc
1922 3155 2082 3214 atque
2132 3144 2479 3199 architectus.
2526 3145 2622 3199 llic
2663 3157 2839 3199 autem
2880 3154 2965 3198 est
3010 3153 3213 3205 orator,
3244 3147 3332 3213 qui
3380 3160 3502 3200 cum

236 3268 377 3308 nens
406 3256 720 3312 informavei
737 3258 797 3312 it.

314 3347 400 3400 Η.
430 3348 604 3414 Quare
633 3361 716 3404 eSt
739 3366 906 3419 genus
937 3352 1218 3406 rhetorica!
1249 3352 1490 3407 facultas.
1519 3351 1815 3408 Rhetorica:

236 3449 371 3488 vero
400 3440 606 3505 species
635 3448 743 3493 tres
775 3450 799 3476 ⁸
821 3482 835 3504 ,
864 3441 1164 3509 judicialis,
1200 3443 1613 3497 demonstrativa
1632 3484 1648 3507 ,
1678 3444 1817 3498 deli-

237 3528 501 3581 berativa.
530 3529 746 3584 Materia
782 3544 957 3586 autem
984 3534 1157 3587 civilis
1182 3533 1406 3602 quaestio
1427 3574 1442 3598 ,
1474 3549 1593 3601 qua:
1619 3535 1815 3587 dicitur

238 3633 424 3673 causa.
457 3620 642 3674 Partes
682 3622 841 3689 bujus
869 3624 1105 3677 materiae
1146 3624 1576 3678 constitutiones.
1620 3623 1818 3678 Rheto-

238 3709 371 3765 rica:
402 3725 601 3778 partes,
634 3712 892 3778 inventio,
922 3714 1222 3783 dispositio,
1252 3716 1503 3781 elocutio,
1534 3717 1816 3783 memoria,

238 3804 406 3856 actio.
459 3802 912 3872 lnstrumentum,
959 3807 1152 3860 oratio.
1207 3808 1549 3862 lnstrumenti
1606 3818 1818 3877 partes,

236 3894 556 3959 exordium,
610 3899 877 3961 narratio,
933 3900 1179 3967 partitio,
1227 3899 1594 3965 confirmatio,
1644 3916 1825 3969 repre-

240 3986 433 4042 hensio
453 4032 468 4056 ,
503 3993 790 4054 peroratio.
822 3992 995 4061 Opera
1014 4037 1028 4059 ,
1061 3992 1259 4049 docere
1285 4003 1341 4048 et
1369 4008 1604 4049 movere.
1632 3995 1817 4069 Actor,

318 4127 345 4155 ι
386 4119 471 4173 Fit
499 4121 759 4190 epilogos.
794 4123 991 4176 Recole
1018 4132 1195 4176 autem
1226 4123 1283 4176 1T.
1312 4124 1366 4177 2.

1921 3240 1988 3292 ad
2034 3254 2249 3293 causam
2296 3239 2606 3302 accesserit,
2648 3236 2806 3292 faciet
2850 3238 3085 3292 officium
3140 3253 3317 3292 suum.
3363 3239 3506 3292 Bene

1920 3330 2081 3400 igitur
2117 3331 2260 3385 dicet
2306 3331 2358 3383 in
2393 3331 2538 3383 omni
2583 3345 2781 3399 genere
2826 3343 3145 3396 causarum,
3174 3339 3227 3383 et
3267 3331 3316 3383 in
3359 3330 3506 3383 omni

1920 3423 2321 3477 Constitutione.
2347 3423 2539 3476 Orator
2561 3421 2720 3476 faciet
2749 3424 2910 3476 etiam
2938 3421 3097 3475 finem
3118 3462 3132 3484 ,
3160 3433 3268 3474 tum
3289 3430 3345 3473 ut
3366 3421 3505 3474 bene

1920 3515 2115 3568 dixerit
2164 3516 2218 3567 in
2260 3515 2406 3567 omni
2451 3514 2855 3575 constitutione,
2895 3522 3004 3567 tum
3045 3524 3101 3566 ut
3148 3513 3499 3582 persuaserit.

1996 3627 2069 3681 De
2098 3626 2323 3694 singulis
2364 3627 2523 3695 igitur
2564 3640 2706 3680 nunc
2743 3625 2957 3694 quidem
3007 3627 3058 3678 in
3083 3639 3368 3678 commune
3396 3632 3506 3677 tra-

1924 3721 2187 3775 Ctavimus
2214 3737 2225 3771 :
2251 3718 2319 3773 de
2346 3732 2664 3787 unoquoque
2691 3702 3130 3787 vero-separatim
3164 3725 3301 3787 post,
3332 3717 3375 3771 si
3399 3720 3506 3770 erit

1924 3812 2285 3875 commodum,
2318 3811 2668 3865 disseremus.

1928 3921 2167 3960 EXPLICI'I'
2224 3919 2549 3958 SPl-ZCUI.AT|0
2603 3920 2866 3959 COIISIUMS
2916 3922 2982 3959 DE
3029 3920 3346 3959 RHETORICE
3404 3919 3504 3959 εο-

2575 4011 2857 4050 GNATIONE.

252 4248 3486 4276 _——-————————_——————————————n—————————"

934 4385 1190 4489 ΑΝ.
1257 4384 1737 4487 MANL.
1798 4384 1839 4489 Ε

1925 4384 2155 4487 EV.
2224 4381 2762 4489 BOETII
2816 4395 2848 4433 ³

1686 4611 2069 4689 INCIPIT
2534 4659 2553 4666 ι

481 4770 1145 4885 LOCORUM
1202 4768 2317 4885 RHETORICORUM
2386 4765 3249 4879 DISTINGTIO.

319 4952 370 5004 l.
393 4951 624 5005 Persona
649 4961 731 5005 est
751 4967 867 5021 qua:
893 4953 945 5005 in
965 4951 1223 5020 judicium
1246 4962 1498 5017 vocatur;
1524 4952 1821 5020 negotium,
1851 4970 1907 5029 D
1930 4948 2199 5002 attributis
2258 4961 2502 5017 persona:
2556 4948 2838 5012 quamdam
2902 4944 3124 5012 suscipit
3170 4944 3503 5012 qualitatem.

247 5042 440 5098 factum
472 5044 738 5099 dictumve
770 5059 1036 5113 personae,
1070 5054 1284 5112 propter
1305 5045 1447 5113 quod
1481 5046 1532 5097 in
1560 5044 1817 5111 judicium

245 5145 465 5188 vocatur
493 5150 716 5204 persona
748 5145 839 5189 :et
870 5139 1137 5205 negotium
1181 5149 1471 5205 suggerere
1507 5145 1817 5203 argumenta

247 5241 352 5280 non
400 5235 653 5293 possunt;
694 5226 761 5279 de
802 5227 931 5294 ipsis
972 5227 1115 5279 enim
1164 5225 1388 5296 quaestio
1439 5234 1541 5277 est.
1596 5224 1821 5279 Faciunt

244 5326 420 5370 autem
454 5315 608 5369 fidem
635 5317 847 5384 negotio
870 5330 930 5369 ea
958 5330 1077 5384 qua:
1123 5325 1246 5369 sunt
1286 5314 1534 5383 personis
1560 5329 1622 5367 ac
1652 5329 1818 5383 nego-

248 5407 335 5461 tiis
362 5406 633 5461 attributa.
673 5407 905 5461 Persona
944 5422 1158 5477 quoque
1205 5406 1332 5461 faeit
1361 5408 1575 5477 negotio
1623 5407 1814 5469 fidem;

248 5497 341 5551 sed
378 5513 481 5553 non
510 5500 564 5551 in
591 5514 655 5552 «ευ
681 5496 822 5567 quod
862 5512 1090 5566 persona
1132 5507 1232 5563 est,
1260 5497 1355 5551 sed
1401 5498 1452 5551 in
1483 5511 1549 5551 eo
1582 5498 1723 5567 quod
1753 5483 1825 5551 ei

324 5664 349 5692 ⁸
378 5654 432 5708 In
480 5657 600 5710 cod.
653 5656 851 5717 Mallii,
883 5665 938 5709 et
981 5638 1109 5708 mox
1159 5653 1347 5708 Boecii.
1410 5654 1517 5710 Sed
1564 5656 1849 5709 rectiorem

254 5723 444 5780 borum
508 5728 780 5783 nominum
808 5727 1131 5797 scripturam
1185 5740 1326 5796 pono
1366 5740 1429 5781 ex
1475 5724 1852 5798 antiquissimo

1927 5038 2356 5094 Circumstantite
2390 5046 2536 5104 sunt,
2571 5051 2692 5106 qute
2722 5036 3107 5090 convenientes
3152 5035 3505 5087 substantiam

1927 5108 2239 5202 quastionis
2289 5131 2547 5185 efficiunt.
2599 5129 2709 5183 Nisi
2760 5130 2902 5181 enim
2957 5128 3026 5180 sit
3072 5127 3161 5195 qui
3215 5125 3425 5191 fecerit,
3455 5136 3508 5181 et

1929 5224 2071 5293 quod
2122 5223 2330 5290 fecerit,
2356 5235 2620 5290 causaque
2666 5235 2763 5274 cur
2809 5218 3014 5284 fecerit,
3047 5217 3131 5274 vel
3181 5216 3329 5271 locus
3376 5228 3511 5271 tem-

1929 5330 2133 5384 pusque
2195 5330 2302 5385 quo
2358 5314 2562 5379 fecerit,
2611 5312 2802 5366 modus
2862 5310 3022 5364 etiam
3089 5309 3417 5379 facultasque
3465 5314 3505 5363 si

1929 5406 2128 5468 desint,
2148 5420 2306 5460 causa
2358 5404 2739 5471 negotiumque
2778 5417 2881 5455 non
2923 5399 3108 5454 stabit.
3147 5399 3255 5455 Has
3280 5401 3510 5456 circum-

1930 5498 2152 5551 stantias
2201 5498 2253 5550 in
2292 5499 2501 5566 gemina
2547 5495 2735 5548 Cicero
2761 5490 2787 5529 δ
2816 5491 3079 5561 partitur,
3109 5500 3167 5546 ut
3214 5507 3356 5559 eam,
3389 5509 3509 5562 quae

1928 5656 2092 5712 Boetii
2115 5655 2182 5710 de
2208 5655 2587 5709 Consolatione
2614 5651 2799 5706 codice
2829 5651 2951 5706 Vat.
2982 5651 3125 5709 5365

1996 5725 2021 5765 δ
2050 5726 2248 5782 Confer
2285 5726 2397 5781 Cic.
2433 5724 2587 5791 libet,
2625 5738 2682 5789 ιι,
2711 5725 2745 5779 9
2773 5738 2891 5793 sqq.
