4036 6336
606 287 632 340 «ί
642 284 746 339 9.25

1844 272 1953 325 AN.
1990 271 2191 325 MANL.
2225 270 2377 324 SEV’.
2417 271 2635 326 ΒΟΕΤΙΙ

3690 278 3788 344 ra.

611 409 693 453 est
736 398 855 469 quis
885 395 1339 452 circumstantiam
1392 392 1444 446 in
1486 386 1757 443 attributis
1805 401 2049 455 persona:
2097 400 2192 455 po—
2218 390 2272 446 Α
2297 393 2424 439 ante
2454 383 2672 448 factum,
2702 393 2756 438 et
2781 385 2904 438 dum
2929 387 3007 448 lit.
3031 397 3085 439 et
3113 397 3229 455 post
3250 387 3459 457 factum,
3484 395 3606 460 quod
3631 410 3789 466 gestum

612 505 731 557 nat;
759 508 852 546 sex
887 504 1016 545 vero
1047 504 1165 557 quae
1194 487 1412 553 re'iquze
1453 489 1599 545 sunt,
1634 481 1685 532 in
1716 476 1984 532 attt‘ibntis
2028 492 2192 547 nego-

611 589 686 649 tio
713 582 1020 636 constituat.
1062 579 1128 631 Et
1162 578 1388 643 primam
1420 572 1632 650 (uitium
1661 585 1726 624 ex
1755 566 2192 631 circumstantiis,

612 690 730 744 qua:
778 681 860 727 est
906 672 1057 742 quis,
1105 684 1264 737 quam
1314 680 1559 735 personze
1610 661 1886 727 attribuit,
1940 667 2089 711 secat
2143 658 2195 710 in

614 764 857 818 undecim
893 771 1102 828 partes:
1137 772 1357 821 nomen,
1389 765 1445 808 ut
1474 753 1701 813 Verres;
1735 760 1946 813 natura,
1976 758 2033 800 ut
2076 747 2199 798 bar-

613 857 804 911 barus:
832 853 1026 915 victus,
1053 860 1109 902 ut
1132 849 1337 901 amicus
1361 844 1651 904 nobilium;
1682 845 1913 904 lortuna,
1934 848 1989 890 ut
2012 836 2196 900 dives;

611 946 869 1004 studium,
900 954 954 997 ut
1003 940 1385 1012 geometricus;
1418 950 1596 999 casus,
1628 942 1685 985 ut
1731 932 1918 995 exsitl;
1948 928 2193 990 aifectio,

612 1048 668 1090 ιιι
714 1049 929 1101 amans;
963 1034 1198 1097 habitus,
1245 1038 1300 1083 ut
1353 1028 1597 1095 sapiens;
1640 1024 1953 1085 consilium;
1987 1030 2044 1075 ut
2093 1021 2201 1073 imo

613 1143 733 1197 age,
765 1142 890 1180 care
938 1134 1112 1194 pater,
1141 1120 1338 1177 cervici
1378 1120 1657 1187 imponere
1701 1123 1929 1177 nostrae;
1962 1111 2118 1174 facta,
2145 1119 2204 1164 ut

612 1220 881 1274 orationes
907 1218 989 1271 lite
1014 1232 1135 1286 qua:
1157 1223 1306 1268 extra
1351 1210 1480 1265 illud
1512 1210 1709 1263 factum
1738 1207 2049 1275 dictumque
2074 1213 2204 1261 sunt

614 1313 755 1381 quod
788 1326 925 1364 nunc
961 1312 1012 1363 in
1039 1306 1299 1377 judicium
1343 1314 1590 1357 vocatur.

684 1408 741 1459 9..
774 1405 1022 1471 Reliquas
1059 1416 1190 1456 vero
1232 1394 1688 1461 circumstantias,
1713 1408 1832 1463 qua:
1878 1401 2004 1445 sunt
2051 1389 2202 1460 quid,

612 1513 732 1561 cur,
760 1494 995 1564 quando,
1026 1492 1137 1556 ubi,
1174 1488 1465 1559 quomodo,
1502 1484 1698 1554 quibus
1746 1483 1981 1548 auxiliis,
2015 1480 2065 1533 in
2120 1488 2204 1532 at-

615 1595 828 1649 tributis
851 1590 1063 1658 negotio
1086 1586 1256 1656 ponit.
1281 1584 1418 1651 Quid
1442 1591 1496 1636 et
1512 1596 1617 1634 cur
1640 1578 1844 1640 dicens,
1875 1576 2205 1631 continentia
2240 1562 2245 1571 ’

611 1699 737 1739 cum
786 1683 901 1749 ipso
949 1680 1163 1748 negotio
1192 1678 1242 1729 in
1271 1690 1433 1729 causa
1476 1671 1830 1726 constituens.
1894 1668 2030 1733 Quid
2076 1681 2207 1720 vero

2296 487 2381 529 est
2409 477 2739 529 contineant.
2794 477 2848 529 ιιι
2883 478 3131 531 omnibus
3177 477 3320 532 enim
3368 490 3580 547 tempus.
3606 491 3787 552 occasio.

2299 568 2465 629 locus,
2502 568 2715 631 modus,
2749 567 2973 620 facultas
3034 568 3336 636 inquiritur.
3384 570 3574 625 Rursus
3612 578 3710 630 dum
3733 587 3791 644 lit,

2301 659 2494 713 factum
2543 668 2626 712 est
2665 675 2770 728 quo
2813 660 3243 713 administratum
3292 670 3372 715 est
3422 669 3795 737 ucgotiutn.Qme

2300 767 2429 805 vero
2472 760 2597 804 sunt
2643 750 2695 804 in
2746 752 2986 820 gestione
3038 752 3258 821 negotii,
3289 768 3391 805 non
3433 768 3541 808 sunt
3584 759 3796 817 iactasti

2300 841 2442 894 facto
2470 841 2820 903 adluerentia,
2842 850 2900 893 et
2920 841 3312 909 quodammodo
3338 844 3562 912 subjecta
3586 848 3671 913 ipsi
3696 855 3797 918 quod

2302 940 2509 1001 gestum
2539 943 2621 985 est
2649 932 2884 1000 negotio.
2911 933 3152 1002 Amplius
3177 947 3237 984 ea
3265 949 3382 1000 quae
3412 945 3526 988 sunt
3553 937 3597 988 in
3622 943 3801 1005 gestiam

2304 1022 2499 1089 negotii
2562 1022 2679 1075 sine
2732 1022 2816 1074 Itis
2868 1036 2988 1089 qua:
3044 1031 3169 1075 sunt
3218 1024 3531 1086 co_ntineutia
3585 1041 3689 1079 cutn
3722 1030 3802 1095 ipso

2305 1115 2523 1183 negotio
2570 1129 2694 1168 esse
2737 1125 2982 1183 possunt.
3036 1115 3129 1168 Illa
3159 1132 3286 1170 vero
3316 1117 3432 1171 sine
3461 1127 3486 1154 ι
3516 1119 3590 1171 his
3610 1137 3708 1176 esse
3731 1141 3805 1179 non

2307 1219 2531 1275 possunt
2560 1223 2573 1258 :
2598 1206 2849 1271 adjuncta
2884 1222 3012 1259 vero
3042 1209 3277 1274 negotio,
3324 1208 3441 1275 ipsa
3470 1226 3659 1279 quoque
3692 1216 3806 1269 fidenti

2307 1298 2506 1351 faciunt
2562 1300 2866 1364 qutest'oni.
2949 1299 3088 1353 Sunt
3137 1311 3316 1355 autem
3364 1317 3424 1356 ea
3488 1306 3811 1369 quodammodo

2307 1386 2494 1440 eﬂetta
2543 1396 2597 1441 et
2640 1387 2818 1454 respic
2841 1389 2982 1441 entia
3039 1390 3312 1457 negotium
3373 1392 3509 1459 quod
3552 1394 3698 1459 agitur
3740 1392 3811 1450 line

2306 1478 2489 1532 modo.

2380 1572 2434 1625 4.
2479 1572 2610 1627 Nam
2646 1573 3069 1629 circumstantia:
3114 1586 3319 1645 septem
3366 1578 3419 1631 in
3452 1581 3689 1637 attributis
3723 1600 3811 1652 per-

2309 1679 2457 1718 sonae
2500 1665 2584 1719 vel
2630 1667 2844 1734 negotio
2890 1678 3186 1721 numerata:
3225 1677 3380 1723 sunt.
3436 1670 3552 1722 llaec
3594 1687 3693 1725 cum
3731 1675 3814 1730 aiis

613 1788 804 1828 secans
835 1772 889 1825 in
926 1781 1151 1840 quatuor
1203 1776 1416 1835 partes:
1455 1764 1506 1816 in
1554 1775 1818 1815 summam
1849 1757 1996 1821 facti,
2026 1766 2081 1810 ttt
2110 1771 2204 1825 pa-
2234 1780 2282 1840 Β
2307 1759 2572 1826 coeperint
2598 1761 2898 1824 comparari
2921 1771 2975 1814 et
2999 1764 3152 1830 quasi
3183 1763 3235 1815 in
3266 1764 3637 1819 revelationem
3661 1771 3812 1833 venire,

619 1866 785 1920 rentis
826 1864 1054 1925 occisio;
1090 1871 1215 1915 ante
1260 1860 1476 1922 factum,
1504 1865 1563 1910 ut
1601 1856 1845 1910 concitus
1885 1852 2060 1919 rapuit
2087 1853 2203 1921 gla-

615 1960 796 2024 dium;
823 1959 947 2011 dum
995 1958 1072 2022 fit,
1105 1956 1456 2009 vehementer
1506 1949 1804 2019 percussit;
1835 1957 1949 2013 post
1982 1944 2203 2007 fucum,

616 2053 670 2105 in
716 2051 897 2105 abdito
941 2047 1208 2116 sepelivit.
1272 2045 1403 2111 Qu:e
1457 2040 1634 2095 omnia
1681 2054 1803 2093 cum
1846 2038 1973 2100 sint,
2026 2045 2203 2089 tamen

608 2145 865 2213 quoniam
896 2143 961 2196 ad
991 2136 1505 2213 gestumnegotium
1555 2133 1624 2186 de
1663 2146 1771 2201 quo
1798 2129 2056 2199 quaeritur
2083 2141 2207 2194 per-

612 2211 805 2298 tinent,
832 2250 939 2286 non
972 2240 1102 2285 sunt
1127 2211 1356 2283 eai’acta
1388 2241 1507 2295 qua:
1555 2224 1606 2277 in
1651 2221 1920 2276 attributis
1961 2232 2206 2287 personae

618 2324 907 2391 pertinent,
939 2321 1023 2375 vel
1056 2327 1338 2374 numerata
1382 2322 1529 2368 sunt.
1561 2312 1651 2365 illa
1682 2310 1825 2365 enim
1860 2316 2011 2362 extra
2043 2320 2207 2375 nego-

610 2420 746 2474 tium
795 2417 861 2471 tle
911 2430 1016 2483 quo
1062 2413 1236 2481 agitur
1268 2410 1463 2479 posita.
1496 2418 1779 2475 personam
1835 2397 2202 2463 informantia,

612 2511 773 2565 tidem
799 2510 851 2562 ei
882 2504 1093 2577 negotio
1119 2510 1377 2574 praestant
1401 2501 1469 2553 de
1513 2511 1622 2566 quo
1648 2502 1895 2549 versatur
1936 2491 2163 2546 intentio
2187 2506 2203 2543 :

612 2604 733 2656 inec
778 2614 904 2655 vero
938 2599 1074 2652 facta
1107 2610 1227 2665 qua:
1272 2590 1601 2649 continentia
1636 2594 1763 2641 sunt
1796 2600 1922 2640 cum
1966 2583 2084 2653 ipso
2115 2594 2206 2635 ne-

618 2696 783 2764 gotio,
806 2692 871 2745 ad
897 2691 1072 2758 ipsum
1103 2688 1374 2756 negotium
1404 2684 1471 2737 de
1492 2698 1600 2751 quo
1622 2678 1882 2749 qumritur
1914 2676 2205 2745 pertinent.

620 2789 927 2840 Postremus
958 2796 1088 2835 vero
1118 2788 1352 2847 quatuor
1377 2772 1811 2830 circumstantias
1835 2769 2025 2823 Cicero
2056 2766 2205 2834 ponit

616 2878 669 2930 in
701 2876 941 2947 gestione
985 2870 1209 2941 negetii,
1238 2883 1358 2937 qua:
1406 2876 1491 2921 est
1530 2863 1767 2919 secunda
1821 2875 1942 2929 pars
1984 2857 2209 2912 attribu-

619 2977 793 3019 torum
819 2963 1063 3034 negotiis.
1094 2960 1158 3013 Et
1180 2974 1300 3012 eam
1322 2957 1536 3026 quidem
1566 2950 2053 3013 circumstantiam,
2084 2962 2207 3016 qua:

619 3066 702 3112 est
748 3055 983 3125 quando,
1015 3052 1201 3107 dividit
1231 3052 1285 3105 in
1319 3059 1549 3117 tempus,
1587 3058 1644 3100 ut
1678 3055 1837 3100 nocte
1886 3042 2040 3104 fecit;
2068 3051 2122 3096 et
2154 3042 2204 3093 in

2283 2895 2286 2898 .
2308 2855 2443 2906 dunt
2494 2852 2911 2906 etrcumstanti‘s

2309 1849 2443 1903 fiunt
2472 1857 2561 1903 aut
2591 1864 2784 1917 genus,
2813 1860 2903 1903 aut
2933 1866 3077 1918 pars,
3105 1861 3197 1904 aut
3226 1854 3575 1916 contrarium.
3601 1866 3676 1908 aut
3695 1874 3813 1912 eten-

2309 1951 2415 2002 tus.
2466 1949 2557 1995 aut
2610 1940 2806 2010 majus,
2847 1950 2940 1995 aut
2980 1944 3189 2004 minus,
3240 1954 3335 1995 aut
3382 1944 3573 2010 simile,
3609 1957 3816 2016 autzeque

2310 2049 2582 2104 magnum,
2611 2047 2700 2089 aut
2741 2036 3091 2103 disparatum.
3129 2038 3252 2091 litec
3281 2039 3463 2107 itaque
3500 2041 3714 2093 accidunt
3743 2043 3816 2094 cir-

2306 2128 2662 2191 eumstantiis,
2693 2144 2812 2197 quae
2843 2129 2896 2181 in
2941 2129 3212 2183 attributis
3242 2130 3573 2198 negotiorum
3603 2142 3814 2184 numerata

2309 2228 2467 2283 sunt;
2499 2227 2555 2271 ιιι
2595 2222 2720 2272 dum
2771 2220 2895 2273 aliis
2932 2230 3337 2287 comparantur,
3390 2233 3654 2275 sumantur
3679 2238 3731 2276 ex
3755 2223 3813 2273 his

2308 2316 2623 2375 argumenta
2670 2308 2791 2361 facti
2823 2308 3040 2366 dictive.
3072 2308 3216 2377 quod
3261 2309 3314 2362 in
3343 2309 3601 2375 judicium
3639 2321 3814 2365 vocatur.

2311 2391 2519 2452 Distant
2539 2407 2716 2452 autem
2760 2400 3151 2466 superioribus,
3174 2400 3316 2467 quod
3350 2400 3615 2469 superiora
3639 2402 3707 2455 vel
3726 2403 3813 2454 facta

2308 2489 2678 2552 continebant,
2708 2489 2790 2543 vel
2836 2490 2990 2543 lactis
3036 2491 3107 2544 ita
3154 2493 3529 2555 adltmrebant,
3558 2504 3609 2545 ιιι
3645 2494 3813 2561 separari

2310 2593 2416 2632 non
2448 2589 2701 2648 possent;
2749 2592 2803 2632 ut
2859 2580 3026 2645 locus,
3061 2592 3292 2647 tempus,
3329 2591 3386 2636 et
3425 2592 3610 2636 caetera
3645 2596 3741 2651 qua
3760 2597 3817 2650 ge-

2308 2676 2447 2721 stum
2496 2670 2763 2738 negotium
2815 2685 2918 2722 non
2965 2673 3239 2723 omittunt.
3290 2670 3419 2725 Haec
3448 2685 3573 2725 vero
3615 2685 3713 2739 qua
3733 2678 3818 2722 Sunt

2308 2758 2556 2829 adjuncta
2602 2758 2841 2828 negotio,
2876 2775 2981 2813 non
3029 2761 3297 2814 induerent
3342 2762 3575 2830 negotio,
3606 2762 3688 2814 sed
3721 2757 3817 2812 aeri-

2958 2870 2971 2903 :
3017 2862 3073 2906 ct
3134 2862 3243 2905 tum
3300 2853 3517 2907 demum
3580 2858 3818 2921 argumetm

2311 2952 2595 3011 praestant,
2629 2959 2750 2997 cum
2783 2944 2832 2995 in
2863 2942 3324 3007 comparationem
3379 2943 3618 2996 venerint
3654 2954 3704 2993 ea
3737 2952 3820 3007 qua

2310 3033 2559 3103 adjuncta
2589 3044 2714 3087 sunt
2752 3034 2987 3101 negotio.

614 3147 978 3212 occasionem,
1005 3153 1064 3197 ut
1112 3140 1321 3195 eunetis
1365 3136 1779 3192 dormientibus.
1838 3132 1937 3188 Ubi
1967 3146 2095 3185 vero
2136 3145 2201 3182 ex
2237 3149 2281 3206 ρ
2384 3127 2439 3180 5.
2465 3125 2759 3179 Sumuntur
2787 3140 2912 3179 iero
2936 3134 3249 3195 argumenta
3270 3141 3384 3179 non
3408 3140 3471 3179 ex
3494 3122 3823 3181 contrarietate,

620 3239 1034 3296 circumstantiis
1052 3237 1234 3289 locum
1259 3232 1405 3294 dicit,
1440 3240 1496 3285 ιιι
1526 3229 1578 3284 in
1619 3226 1867 3282 cubiculo
1895 3224 2038 3279 fecit.
2064 3222 2208 3288 Quo-

617 3330 785 3385 modo
812 3344 964 3393 vero,
994 3344 1059 3383 ex
1087 3323 1508 3382 circumstantiis
1537 3320 1779 3381 modum,
1811 3328 1868 3370 ut
1892 3318 2029 3370 clam
2062 3315 2206 3368 fecit.

616 3424 825 3491 Quibus
847 3420 1161 3485 auxiliis,ex
1184 3414 1600 3472 circumstantiis
1623 3411 1930 3466 facultatem
1951 3407 2205 3477 appellat,

625 3526 681 3568 ut
707 3529 825 3569 cutn
859 3512 1025 3566 multo
1049 3511 1310 3566 exercitu.

696 3611 748 3663 5.
784 3606 887 3662 Sed
930 3622 995 3659 ne
1024 3605 1074 3658 id
1099 3602 1239 3672 quod
1268 3602 1468 3656 dictum
1499 3608 1580 3654 est
1608 3598 1733 3653 dum
1766 3598 1845 3660 fit,
1879 3594 2020 3650 idem
2055 3608 2207 3662 pue-

620 3708 705 3755 tnr
748 3711 869 3752 esse
915 3703 969 3750 et
1015 3695 1068 3750 id
1114 3693 1255 3764 quod
1299 3702 1383 3747 est
1432 3692 1482 3744 in
1530 3690 1774 3759 gestione
1821 3686 2042 3757 negotii,
2092 3684 2207 3737 lucc

530 3779 541 3789 ’
618 3788 877 3843 discretio
907 3796 1012 3850 est,
1045 3785 1185 3852 quod
1235 3785 1360 3837 dum
1408 3783 1466 3835 lit
1516 3780 1646 3834 illud
1690 3790 1775 3833 est
1804 3778 1946 3847 quod
1978 3791 2043 3829 co
2074 3784 2209 3828 tetu-

622 3895 752 3950 pore
797 3877 1089 3932 admissum
1138 3885 1222 3931 est
1264 3876 1389 3928 dum
1457 3871 1664 3926 facinus
1732 3877 2106 3937 perpeti-ator.
2151 3873 2208 3916 ut

624 3967 915 4038 percussio.
955 3965 1012 4019 ln
1058 3965 1301 4036 gestione
1346 3977 1475 4018 vero
1502 3960 1706 4031 negotii
1737 3974 1799 4014 ea
1844 3966 1975 4012 Sunt
2012 3972 2129 4027 qua:
2155 3964 2210 4009 et

706 4106 733 4133 ⁸
762 4096 922 4151 Deest
940 4096 1048 4149 sine
1077 4095 1129 4147 itt
1156 4090 1280 4147 cod.

2313 3215 2407 3269 sed
2455 3231 2518 3268 ex
2568 3216 2875 3278 contraio;
2907 3225 2959 3269 et
3015 3230 3119 3268 non
3164 3232 3232 3270 ex
3277 3216 3642 3280 similitudine,
3681 3212 3753 3265 scil
3781 3225 3825 3263 ex

2313 3305 2503 3367 simili;
2537 3313 2594 3358 ut
2625 3312 2877 3373 appareat
2908 3320 2977 3358 ex
3011 3308 3347 3361 revelatione
3388 3308 3526 3359 sumi
3556 3311 3825 3375 argumenta.

2315 3397 2366 3449 in
2389 3395 2655 3463 adjunctis
2708 3397 2950 3465 negotio;
2979 3406 3034 3451 et
3082 3412 3147 3449 ea
3199 3412 3324 3451 esse
3373 3397 3614 3465 adjuncta
3641 3394 3824 3465 negotio,

2314 3506 2431 3559 qua:
2468 3498 2599 3542 sunt
2628 3487 2693 3541 ad
2733 3488 2909 3557 ipsum
2942 3490 3009 3541 de
3034 3504 3140 3556 quo
3168 3490 3351 3557 ag'tur
3379 3488 3639 3557 negotium
3668 3484 3826 3537 εσθαι.

2313 3580 2633 3635 Consecutio
2682 3594 2811 3633 vero
2858 3595 3031 3649 neque
3080 3580 3132 3632 itt
3182 3580 3313 3648 ipsis
3347 3581 3487 3632 inest
3515 3578 3682 3638 rebus.
3703 3585 3827 3639 unum

2312 3690 2378 3727 cx
2407 3672 2806 3742 comparatione
2838 3670 3132 3740 reperitur;
3162 3670 3256 3723 Sed
3286 3686 3401 3724 rem
3435 3683 3628 3740 geStam
3671 3666 3738 3720 vel
3763 3679 3830 3715 an.

2316 3764 2611 3818 teccdenlia
2641 3772 3042 3832 consequuntur
3070 3764 3152 3815 vel
3183 3765 3522 3817 comitantia.
3553 3762 3615 3815 Et
3638 3757 3829 3828 quoniam

2315 3857 2486 3912 facilis
2515 3872 2701 3910 eorum
2744 3857 2983 3910 locorum
3031 3864 3113 3909 cst
3153 3855 3437 3922 discretio,
3471 3865 3721 3911 tractatum
3756 3848 3828 3901 littc

2316 3965 2483 4019 usque
2512 3948 2784 4003 constitui.
2818 3940 3070 4017 Explicit.

688 4207 3817 4277 =___———__——_____———___——__-——=

1769 4349 2738 4467 APPENDIX

1022 4552 1207 4665 AD
1296 4544 1750 4663 OPERA
1845 4537 2886 4735 PHWHICA
2989 4540 3513 4653 BOETII.

1589 4825 1765 4898 AN.
1850 4823 2194 4895 MANL.
2273 4797 2504 4893 smn
2579 4820 2945 4891 BOETII

1348 4994 1509 5075 DE
1609 4988 2264 5127 DISCIPLINA
2346 4984 3161 5068 SCHOLARIUM.

1012 4253 2650 4277 __________—_—_————————

2665 4245 3815 4268 \——-_'_—__—____———

2105 5128 2442 5138 ——_——-

1206 5212 1618 5271 ΡΒῡΟΕΜιυΜ.

612 5362 616 5366 θ
703 5299 886 5366 t'estra
937 5291 1082 5345 novit
1132 5287 1356 5366 intentio
1408 5286 1476 5339 de
1522 5279 1861 5360 Scholarium
1916 5276 2206 5358 Disciplina

619 5363 1055 5431 cmnpendiosum
1083 5360 1351 5431 postulare
1369 5362 1656 5431 tractatum
1668 5350 1902 5431 ,_uti'nam
1922 5348 2202 5431 aspiriuts

621 5418 723 5491 tinei
749 5418 1036 5503 parvitate,
1066 5418 1223 5497 prout
1248 5428 1466 5479 facultas
1487 5424 1745 5503 suppetit,
1775 5419 2081 5500 ingeniique
2110 5418 2205 5470 de-

619 5490 858 5566 clmt'as,
886 5490 1350 5566 mrtttnnarutnque
1378 5490 1664 5553 tenacitas,
1688 5490 1875 5566 amicis
1924 5499 2139 5566 vestris,
2171 5503 2204 5538 o

623 5558 902 5633 lllnrtiaite,
935 5558 1280 5639 petitionibus
1318 5564 1926 5639 tentabaaequiescere.
1978 5558 2044 5611 Et
2074 5558 2199 5610 licet

622 5646 815 5710 duplici
849 5628 1043 5707 genere
1063 5651 1495 5710 commentemur
1513 5636 1612 5687 sim
1644 5628 2089 5710 impeditus-non
2118 5638 2198 5710 ta-

622 5698 748 5764 men
805 5698 1023 5763 omnino
1073 5708 1440 5774 diversorum,
1486 5706 1536 5758 iu
1578 5698 1835 5771 quasdam
1891 5698 2193 5751 Aristotelis

2243 5208 2296 5264 υ
2324 5220 2530 5257 necnon
2577 5200 2803 5255 aliorum
2844 5202 3281 5272 pltiloSOpliorum
3321 5203 3597 5260 editiones.
3640 5195 3822 5272 pmhW

2321 5289 2424 5341 que
2476 5280 2780 5323 attenuatus
2821 5273 3018 5335 studio,
3054 5270 3108 5327 et
3137 5275 3405 5328 inhumani
3440 5270 3821 5343 regsGotlmrum

2317 5334 2558 5398 cruciatu
2582 5356 2661 5393 cet
2680 5357 2853 5405 rosus,
2881 5334 3249 5411 pltilosopbico
3274 5360 3356 5397 me
3381 5334 3713 5410 prazv'enictite
3732 5351 3823 5387 ευιι·

2318 5414 2887 5491 solatiuextremaque
2912 5416 3186 5491 profunda:
3210 5415 3483 5469 Trinitatis
3502 5416 3820 5491 perunt-auctio

2315 5483 2674 5564 Ρβνῐηοηίῐιιδε
2706 5472 2852 5563 Quid.
2867 5472 3016 5564 filim
3049 5488 3449 5554 gymnasiorum
3487 5472 3697 5537 exercitu
3728 5472 3819 5564 Iunci-

2312 5545 2432 5632 ilius
2475 5550 2714 5632 quamlin
2735 5545 3102 5632 artificiali‘ci
3131 5558 3352 5632 naturali
3383 5554 3721 5632 progressione
3751 5545 3819 5632 ιΙξξ⁸

2315 5626 2423 5677 lnta
2451 5622 2706 5689 cognitio.
2735 5633 2790 5675 et
2814 5639 2974 5690 quant
3000 5626 3187 5679 virium
3221 5612 3577 5693 itttclligetiiiae
3611 5612 3818 5693 gntlttqlb

2309 5682 2602 5750 exbibitio!
2651 5682 2981 5763 Eloquentia:
3008 5700 3151 5752 enim
3182 5707 3360 5766 partes
3387 5682 3591 5751 decenti
3614 5682 3820 5745 artiﬁcia-
