4014 6336
254 298 383 353 1‘2“

250 485 400 552 cujus
426 484 659 552 speciem
704 483 951 536 universa
987 480 1009 533 Γ
1029 492 1239 535 τηιπει
1265 499 1276 533 :
1303 482 1602 546 materiam,
1634 494 1697 533 ex
1727 495 1826 552 qua

251 550 719 608 cttncta‘crearet.
768 553 839 606 De
883 552 1104 605 materia
1135 554 1380 621 superius
1408 551 1562 616 dixit,
1606 550 1832 604 materia:

252 622 828 693 ﬂuitantiuexemplar
854 621 939 676 hic
967 622 1220 693 exprimit
1240 638 1359 676 cum
1391 623 1538 681 dicit,
1567 630 1620 674 tu
1647 630 1831 693 cum-ta

253 692 475 763 superno
520 694 666 745 ducis
711 692 772 746 ab
818 694 1068 762 exemplo.
1124 692 1234 746 lloc
1286 702 1370 747 est
1421 694 1545 747 illud
1580 692 1833 763 Platonis

252 762 465 834 dogma,
498 764 565 817 de
609 779 714 830 quo
762 764 947 816 beatus
994 764 1349 834 Hieronymus
1382 766 1431 816 in
1475 762 1697 830 prologo
1729 762 1834 815 Ge-

255 832 399 893 nesis
446 836 869 903 loquitur;nam
921 848 1042 886 cum
1089 832 1229 886 LXX
1276 836 1592 897 interpretes
1635 847 1834 903 prmcaf

253 908 396 959 visse
439 901 641 958 diceret
672 902 739 957 ne
772 904 1090 956 l’lolemmns
1139 905 1292 958 unius
1344 904 1434 959 Dei
1467 905 1651 968 cultor,
1693 901 1831 969 apud

253 975 467 1030 Iudaeos
489 990 700 1044 quoque
723 974 987 1041 duplicem
1012 973 1343 1044 divinitatem
1367 974 1830 1044 deprehenderet;

258 1053 379 1109 hoc,
408 1043 514 1109 ait,
549 1046 668 1097 ideo
717 1048 953 1097 maxime
1004 1043 1288 1113 faciebant,
1320 1043 1441 1113 quia
1493 1044 1544 1100 in
1599 1043 1833 1097 Platonis

254 1121 446 1185 dogma
475 1116 668 1170 cadere
694 1115 992 1185 videbatur.
1020 1112 1037 1165 l
1065 1130 1199 1185 aque
1230 1115 1318 1185 ubi
1342 1112 1610 1168 sacratum
1635 1114 1832 1182 aliquid

255 1177 531 1253 Sciiptnra
564 1186 792 1253 loquitur
821 1177 1066 1238 del‘atre
1086 1177 1141 1239 et
1166 1184 1299 1237 Filio
1322 1185 1590 1252 ctSpiritu
1622 1177 1830 1247 Sancto,

256 1266 347 1309 aut
377 1255 529 1310 aliter
576 1254 910 1322 interpretati
953 1268 1095 1318 sunt,
1125 1265 1218 1309 aut
1260 1257 1479 1308 omnino
1511 1264 1789 1319 tacut-runt
1818 1272 1831 1306 :

257 1326 360 1379 hoc
387 1326 567 1393 utique
597 1336 916 1391 metuentes,
951 1340 1018 1378 ne
1045 1327 1088 1377 si
1122 1328 1174 1377 in
1210 1324 1404 1379 divinis
1434 1325 1608 1379 Libris
1638 1334 1836 1396 myste-

260 1398 396 1450 rium
452 1396 725 1449 Trinitatis
782 1397 920 1449 ident
983 1396 1299 1449 Ptolemaeus
1351 1399 1645 1459 inveniret,
1701 1403 1836 1448 hanc

257 1468 503 1523 eaindem
536 1483 653 1520 esse
684 1481 841 1535 quam
877 1465 1026 1519 Plato
1053 1466 1233 1519 docuit
1271 1467 1605 1532 existimans,
1638 1467 1688 1519 in
1720 1467 1836 1533 ejus

256 1537 893 1591 errorem-vehentemins
935 1537 1256 1589 traheretur.
1303 1535 1534 1590 Proinde
1574 1536 1835 1604 quemad-

257 1608 475 1661 modum
518 1606 740 1675 quilibet
769 1605 954 1659 artifev
1005 1608 1363 1673 quodcunque
1404 1623 1540 1675 opus
1574 1606 1837 1659 fabricare

257 1681 521 1741 disponit,
552 1678 700 1744 prius
744 1676 862 1744 ejus
905 1675 1132 1729 formam
1161 1686 1215 1730 et
1243 1677 1570 1745 singularum
1607 1678 1835 1743 partium

258 1748 664 1839 similitudinem
692 1747 945 1839 in'aitimo
974 1762 1051 1839 ge.
1074 1748 1133 1810 it,
1155 1759 1202 1801 et
1237 1747 1464 1839 quodam
1486 1748 1835 1839 cogitationis
1872 1781 1917 1839 Β

259 1818 455 1871 intuitu
486 1818 912 1885 contemplatur;
938 1817 1126 1871 eodem
1156 1819 1315 1870 modo
1339 1818 1451 1884 ipse
1486 1818 1646 1872 Deum
1678 1816 1838 1871 futuri

260 1888 443 1941 mundi
487 1888 718 1957 speciem
761 1898 815 1941 et
850 1886 1132 1949 imaginem
1193 1888 1520 1942 a'ternaliter
1569 1890 1621 1942 in
1660 1894 1845 1957 mente

262 1958 500 2026 gessisse
542 1957 835 2019 asserebat.
870 1957 929 2010 Et
961 1958 1060 2011 hoc
1085 1967 1168 2012 est
1200 1958 1339 2027 quod
1381 1958 1505 2012 dicit
1533 1976 1545 2011 :
1575 1956 1846 2023 pulchrum

260 2029 507 2080 mundum
531 2027 922 2097 pulcherrimus.
952 2039 1056 2097 etc.
1090 2027 1157 2082 Ut
1185 2041 1239 2081 et
1258 2031 1305 2083 iu
1333 2038 1442 2081 toto
1463 2029 1583 2082 etin
1609 2030 1846 2096 partibus

262 2100 374 2152 suis
405 2096 585 2166 mundi
615 2098 914 2152 machinam
946 2096 1162 2166 juberet
1188 2114 1307 2151 esse
1341 2101 1651 2166 perfectam.

334 2168 383 2223 8.
424 2163 499 2220 Tu
543 2169 767 2222 numeris
801 2163 1047 2221 elementa
1086 2169 1237 2239 ligas,
1264 2163 1368 2239 etc.
1416 2169 1620 2235 Quanta
1649 2168 1715 2223 de
1743 2185 1844 2222 nti-

262 2253 536 2293 mererum
575 2239 831 2306 potentia,
863 2248 915 2291 et
957 2254 1050 2307 per
1086 2238 1230 2305 ipsos
1265 2238 1293 2290 l't
1318 2251 1402 2292 cta
1448 2240 1705 2293 divinitus
1733 2240 1847 2293 ele-

263 2321 568 2371 mentorum
618 2308 980 2373 coaptati-tne,
1022 2309 1126 2360 into
1176 2310 1340 2362 totius
1388 2311 1572 2363 mundi
1623 2309 1843 2373 fabrica,

265 2378 575 2431 Graecorum
626 2379 923 2447 philosoplt.
952 2422 966 2443 ,
1021 2389 1075 2431 et
1122 2395 1306 2432 cortttn
1355 2379 1847 2434 excellentissimus

269 2448 421 2503 Plato
452 2447 502 2500 in
535 2449 740 2502 Timteo
768 2448 1137 2516 disputaverit,
1164 2448 1216 2502 iti
1249 2449 1449 2503 Latins
1491 2466 1639 2516 smpe
1664 2460 1844 2503 aucto~

266 2518 415 2571 ribus
443 2518 768 2581 invenimus,
797 2518 885 2584 qui
912 2533 973 2571 ea
1000 2517 1121 2573 inde
1153 2520 1407 2572 translata
1441 2529 1754 2585 tractantes,
1778 2520 1845 2574 ad

270 2602 517 2652 nagnnm
564 2588 1009 2653 hoceruditionis
1058 2590 1353 2655 perlectum
1396 2596 1664 2659 pertinere
1698 2591 1846 2643 arbi-

226 2688 233 2695 -
271 2659 393 2723 irati
416 2668 559 2713 sunt.
595 2659 667 2711 Ex
705 2659 896 2727 quibus
929 2659 1030 2712 huc
1065 2668 1268 2714 tantum
1313 2660 1454 2728 quod
1484 2664 1553 2715 hu
1577 2675 1609 2715 c
1632 2661 1848 2728 exposi-

270 2728 520 2781 tiuncula:
549 2728 764 2793 suLﬁcit,
796 2728 883 2782 hic
925 2731 1267 2784 inserendum
1301 2732 1497 2798 putavi.
1532 2730 1847 2786 Ambrosius

269 2799 592 2862 Macrobius,
625 2798 713 2867 qui
762 2800 1030 2853 somnium
1073 2799 1340 2867 Scipionis
1382 2815 1410 2853 a
1451 2802 1709 2855 Cicerone
1754 2801 1847 2855 de-

270 2870 524 2937 scriptum
573 2869 625 2922 in
674 2870 882 2923 duobus
929 2869 1076 2923 libris
1129 2870 1406 2938 insigniter
1456 2871 1740 2938 exposuit,
1794 2872 1844 2924 in

270 2941 430 3007 priori
460 2940 596 2993 libro
628 2940 696 2993 ita
727 2940 852 2993 dicit
882 2955 898 2991 :
927 2938 1128 2993 Scimus
1158 2942 1436 2993 secundum
1466 2939 1759 3007 Platonem,
1792 2941 1847 2995 id

268 3021 341 3063 est
373 3010 659 3063 secundum
696 3010 854 3081 ipsius
899 3012 1121 3063 veritatis
1150 3027 1412 3072 arcanum,
1441 3012 1534 3064 illa
1561 3013 1680 3081 [orti
1713 3012 1848 3066 inter

268 3096 321 3152 ie
361 3082 563 3152 vinculo
594 3080 1048 3152 col.’igari,_quibus
1078 3081 1338 3147 interjecta
1370 3080 1611 3136 medietas
1638 3093 1846 3152 prwstat

784 297 848 353 IN
892 297 1017 353 LIB.
1063 297 1126 354 ΙΙΙ
1197 299 1283 354 DE
1322 296 1704 356 CONSOLAT.
1751 291 2276 361 PlllI.OS.,.\lETB.
2318 294 2410 365 IX,
2451 296 3016 356 COMMENTARIUS.

252 412 528 471 materiam
558 430 569 465 :
593 410 788 475 Deum,
812 411 1050 473 omnium
1079 421 1374 464 creatorem
1403 428 1415 464 :
1440 408 1736 479 exemplar,
1760 407 1822 458 ad
1862 410 1906 465 Α

3389 302 3529 357 42η

2013 411 2101 466 10.
2137 411 2254 466 Hoc
2306 426 2434 467 sane
2479 410 2735 464 attentius
2778 409 3088 464 intuendum
3134 416 3235 473 est,
3262 410 3405 480 quod
3438 425 3526 464 se-

1936 482 2139 546 quitur,
2173 500 2235 536 ne
2258 488 2429 547 purior
2460 482 2605 549 ὅςμιὶεΔ
2629 483 2807 542 euolel,
2836 489 2942 534 etc.
2972 480 3100 533 Nam
3136 481 3271 533 sicut
3303 490 3443 534 tt-rta
3471 488 3526 533 et

1940 545 2077 622 ignis
2131 545 2501 620 prte'czeteris
2561 545 2842 605 elementis
2909 552 3020 619 ipsa
3090 550 3192 622 loci
3259 550 3527 622 positione

1938 620 2171 676 maxime
2224 622 2463 691 sejnnt-ta
2516 633 2659 687 sunt,
2686 637 2807 674 cum
2842 631 2979 691 terra
3028 620 3231 683 infima,
3264 622 3398 680 ignis
3432 620 3530 681 lio-

1936 708 2054 747 rum
2089 690 2377 747 altissimus
2408 693 2499 758 sit,
2532 704 2587 745 ut
2633 701 2750 752 pote
2794 690 2948 761 cujus
2977 701 3059 745 est
3087 692 3344 745 naturalis
3376 691 3528 744 locus

1939 764 1991 816 in
2023 762 2245 829 tethere,
2279 780 2435 831 quem
2471 765 2638 830 ignea:
2675 772 2885 815 constat
2931 776 3051 815 esse
3103 773 3328 831 naturae,
3362 777 3522 828 quem

1938 835 2098 887 etiam
2131 830 2307 888 omnis
2344 833 2554 887 ﬂamma
2604 849 2811 886 sursum
2857 831 3081 886 tendens
3114 830 3321 885 videtur
3352 848 3521 897 appe—

1940 912 2087 964 tere;
2135 905 2204 957 ita
2255 899 2416 957 etiain
2465 903 2584 956 aliis
2633 902 2983 968 quihu~dam,
3017 913 3207 966 prceter
3241 903 3355 955 illa~~
3388 916 3522 969 quas

1939 989 2099 1043 supra
2128 973 2378 1033 diximus,
2403 972 2720 1028 dill'erenttis
2751 974 2982 1028 maxime
3001 972 3397 1043 dissttciantnr;
3420 973 3522 1026 hoc

1940 1042 2025 1098 est
2069 1043 2285 1099 levitate
2332 1053 2386 1099 et
2430 1044 2711 1111 gravitate,
2760 1044 2990 1113 puritate
3040 1053 3094 1097 et
3140 1042 3523 1102 crassitudine,

1939 1113 2071 1185 Nam
2122 1115 2311 1168 horum
2362 1112 2935 1185 elementorum’ignis
2985 1112 3307 1185 puris-imus
3337 1124 3419 1185 est
3466 1121 3522 1165 et

1942 1184 2279 1252 levissimus;
2329 1195 2469 1240 terra
2521 1185 2641 1254 plus
2680 1182 2839 1251 quam
2896 1197 3090 1238 ranera
3139 1182 3424 1237 densitatis
3472 1194 3526 1236 et

1942 1255 2200 1323 ponderis
2229 1256 2431 1309 habere
2461 1256 2822 1325 cognoscitur.
2860 1256 3017 1325 Igitur
3063 1270 3127 1307 ne
3173 1254 3361 1325 horum
3392 1269 3526 1325 uno.

1941 1340 2045 1395 que
2076 1335 2217 1379 tanta
2251 1323 2732 1393 diversius—ignem
2762 1323 2972 1392 peniius
3004 1336 3313 1390 terramque
3344 1323 3523 1391 impli-

1941 1396 2096 1450 cabili
2129 1406 2423 1465 repugnant
2446 1412 2474 1449 a
2494 1405 2790 1461 separaret,
2819 1396 3086 1463 geminata
3117 1404 3200 1448 est
3241 1402 3525 1465 procurata

1944 1463 2223 1531 medietas,
2247 1463 2385 1535 qum,
2405 1478 2460 1520 ιιι
2489 1482 2648 1534 supra
2678 1476 2953 1520 ostensum
2982 1476 3084 1530 εει,
3110 1463 3379 1518 insolubili
3411 1466 3528 1515 vin-

1942 1536 2064 1590 culo
2092 1538 2225 1591 solet
2268 1534 2511 1593 extrema
2542 1547 2882 1601 connectere,
2911 1550 3044 1602 aqua
3078 1534 3284 1590 scilicet
3315 1544 3368 1586 et
3398 1548 3523 1595 aer;

1943 1622 2061 1674 qua:
2114 1608 2402 1676 utriusque
2461 1607 2603 1675 illius
2656 1607 3049 1661 contrarietatis
3106 1614 3255 1672 apto.
3288 1604 3520 1676 quodam

1945 1677 2229 1745 participio
2257 1675 2571 1740 temperata.
2598 1679 2868 1732 levitatem
2898 1679 3034 1745 ignis
3057 1684 3269 1729 terreno
3298 1675 3523 1745 ponderi

1944 1744 2311 1803 conciliarent.
2340 1749 2548 1803 Habent
2570 1752 2710 1801 enim
2742 1744 2965 1815 utraque
2991 1757 3043 1801 et
3067 1745 3261 1813 aliquid
3288 1744 3529 1815 levitatis

1946 1832 2067 1872 cum
2117 1817 2257 1887 igne,
2287 1828 2487 1873 etcum
2536 1813 2902 1887 terraaliqnid
2953 1817 3247 1887 gravitatis.
3283 1813 3388 1870 Sed
3427 1829 3525 1887 aer

1947 1884 2165 1942 levitate
2191 1903 2287 1943 sua
2316 1891 2422 1957 igni
2466 1889 2692 1943 vicinior
2720 1884 2827 1953 est,
2855 1884 2990 1959 aqua
3039 1899 3253 1941 terreno
3302 1884 3524 1953 ponderi

1947 1960 2115 2020 magis
2149 1960 2559 2028 appmpinquat.

1934 2088 1937 2091 _
2006 2030 2106 2083 .ll.
2151 2028 2254 2085 Sed
2289 2040 2465 2084 tamen
2508 2038 2765 2096 quantum
2796 2028 3019 2083 interest
3063 2030 3202 2084 inter
3237 2041 3427 2095 aquam
3470 2032 3527 2080 et

1946 2115 2127 2155 aerem
2161 2115 2319 2155 causa
2358 2100 2640 2155 densitatis
2669 2108 2723 2153 et
2752 2099 3025 2169 ponderis,
3071 2100 3401 2169 tantumdem
3446 2096 3530 2149 itt-

1949 2178 2030 2225 ter
2051 2186 2232 2226 aerem
2261 2180 2313 2226 et
2336 2172 2510 2241 ignem
2540 2182 2644 2226 est.
2675 2167 2950 2223 Et'rursus
2972 2170 3111 2236 qttod
3142 2173 3364 2241 interest
3388 2167 3529 2241 inter

1946 2254 2127 2294 aerem
2156 2252 2225 2295 et-
2248 2238 2440 2310 aquam
2467 2256 2626 2295 causa
2658 2240 2893 2294 raritatis
2935 2251 2989 2293 et
3033 2241 3284 2304 levitatis,
3319 2239 3418 2310 hoc
3446 2238 3529 2290 in-

1950 2319 2185 2365 terestet
2217 2308 2354 2366 inter
2385 2324 2579 2365 terram
2608 2320 2662 2365 et
2685 2326 2900 2379 aquam.
2925 2311 3161 2378 Itemque
3195 2309 3335 2376 quod
3359 2308 3527 2361 inter-

1950 2390 2035 2435 est
2082 2382 2220 2435 inter
2265 2393 2462 2436 terram
2504 2393 2557 2435 et
2589 2397 2780 2450 aquam
2811 2396 2969 2434 causa
3000 2380 3278 2435 densitatis
3309 2388 3362 2433 et
3390 2393 3523 2450 ροητ

1951 2450 2119 2516 deris,
2168 2451 2268 2513 hoc
2301 2453 2525 2507 interest
2555 2447 2693 2505 inter
2732 2467 2923 2520 aquam
2949 2461 3003 2505 et
3043 2467 3222 2505 aerem
3247 2464 3261 2503 :
3287 2459 3340 2503 et
3384 2447 3526 2516 quod

1951 2520 2093 2583 inter
2133 2538 2323 2590 aquam
2355 2536 2402 2585 et
2453 2537 2656 2584 aerem,
2698 2521 2799 2577 hoc
2832 2524 2971 2576 inter
3012 2536 3191 2576 aerem
3231 2530 3283 2573 et
3325 2521 3523 2587 ignem.

1950 2591 2061 2657 Nec
2095 2595 2273 2645 solum
2301 2592 2402 2646 sibi
2445 2593 2614 2645 vicina
2662 2601 2719 2647 et
2755 2592 3077 2645 roltmrentia
3120 2598 3529 2657 comparantur,

1950 2662 2044 2714 sed
2097 2662 2283 2717 eadem
2339 2666 2559 2716 alternis
2611 2662 2835 2716 saltibus
2880 2670 3010 2715 cnst'
3032 2660 3178 2715 ditur
3224 2659 3525 2728 inqualitas.

1950 2730 2083 2785 Nam
2135 2734 2274 2800 quod
2332 2742 2414 2787 est
2459 2743 2598 2787 terra
2648 2736 2713 2785 ad
2745 2747 2945 2795 aerem,
3004 2732 3104 2785 hoc
3149 2740 3232 2784 est
3276 2745 3413 2795 aqua
3460 2730 3527 2782 ad

1951 2801 2149 2870 ignem.
2180 2803 2244 2856 Et
2273 2802 2481 2870 quoties
2503 2803 2748 2867 verteris,
2783 2805 3029 2857 canitiem
3060 2801 3295 2869 reperies
3316 2800 3529 2867 jngahi-

1953 2871 2057 2924 lem
2084 2875 2523 2942 competcn‘iam.
2564 2888 2667 2940 qua
2698 2873 2836 2927 inter
2872 2887 2932 2927 se
2960 2871 3525 2942 aequabiliterdiverse

1951 2939 2246 2997 sociantur.
2280 2944 2344 2996 Et
2380 2945 2427 2997 hu
2451 2959 2480 2996 c
2510 2939 2591 2996 est
2621 2944 2759 3010 quod
2790 2945 2888 3003 ait,
2919 2958 2982 2994 nc
3016 2943 3216 3012 purior,
3255 2940 3304 2993 id
3332 2949 3415 2994 est
3450 2939 3529 2993 le—

1955 3013 2069 3065 vior
2101 3014 2235 3080 ignis
2266 3014 2461 3078 evolet,
2494 3029 2558 3067 ac
2584 3013 3141 3081 penitusdtssocietur
3173 3028 3202 3066 a
3235 3021 3375 3065 terra
3404 3018 3528 3063 :aut

1957 3091 2097 3137 terra
2128 3084 2365 3151 pondere
2401 3098 2499 3135 suo
2529 3099 2726 3143 mersa.
2771 3093 2826 3138 et
2862 3084 3079 3150 reliquis
3110 3097 3214 3136 non
3247 3081 3531 3135 conterens

268 3148 461 3223 vinculi
482 3141 793 3223 ﬁrmitate'm.
827 3141 953 3203 (Ῑιίηι
985 3166 1099 3203 vero
1132 3141 1373 3211 medietas
1402 3152 1514 3220 ipsa
1543 3141 1847 3220 geminatur,
1877 3141 1922 3203 C
1954 3141 2260 3223 clementis,
2292 3170 2318 3204 a
2351 3157 2563 3222 propria
2596 3141 2806 3205 det-idat
2845 3141 3154 3207 stabilitate.

267 3220 329 3273 ea
368 3236 481 3288 qua:
508 3221 698 3274 extima
726 3230 843 3274 sunt
886 3238 986 3274 non
1017 3223 1260 3277 tenaciter
1306 3231 1509 3274 tantum
1530 3264 1543 3284 ,
1570 3224 1659 3276 sed
1700 3224 1851 3277 etiam

267 3290 602 3345 insolabiliter
644 3292 953 3343 vinciuntur.
1008 3291 1184 3343 l’timo
1212 3309 1333 3362 ergo
1366 3293 1590 3346 trrnario
1636 3294 1850 3361 contigit
1884 3330 1891 3335 ι

269 3376 479 3415 numero
524 3371 580 3415 ut
639 3371 712 3415 ter
761 3363 862 3414 duo
912 3378 1111 3413 summa
1160 3366 1383 3415 medium
1435 3378 1534 3429 quo
1578 3364 1851 3418 vinciretur

267 3432 535 3501 acciperet.
570 3432 939 3496 Quattrnarius
985 3448 1100 3484 vero
1146 3432 1275 3486 duas
1324 3434 1559 3485 medietat
1591 3451 1614 3486 ε
1652 3436 1850 3500 primus

262 3503 492 3554 omnium
532 3513 710 3554 nactus
756 3518 781 3554 ε
810 3511 847 3561 t,
874 3518 999 3569 quus
1048 3502 1110 3553 ab
1150 3504 1243 3554 hoc
1282 3518 1492 3554 numero
1530 3503 1662 3556 Deus
1703 3520 1852 3555 mun-

268 3570 419 3623 dana:
463 3571 612 3623 molis
653 3572 838 3639 artifex
884 3571 1214 3639 conditorque
1260 3583 1555 3637 mutuatus,
1592 3574 1850 3626 insolubili

268 3640 401 3692 inter
448 3657 499 3693 se
545 3640 745 3693 vinculo
787 3638 1031 3692 elrmentn
1082 3638 1503 3695 devinxituicut
1554 3644 1627 3694 in.
1659 3642 1858 3705 Timere

268 3707 508 3762 Platonis
538 3719 785 3762 assertum
821 3721 917 3773 est,
947 3727 1045 3761 non
1077 3711 1225 3763 aliter
1255 3723 1358 3763 tam
1397 3726 1720 3765 conlrorersa
1751 3715 1859 3779 sibi.

265 3795 329 3831 ac
372 3782 711 3852 repugnantia
756 3790 804 3833 et
850 3792 1045 3852 natura:
1075 3783 1518 3841 communionem
1571 3783 1849 3838 abnuentia

266 3851 575 3917 permisceri,
610 3861 795 3904 terram
820 3851 932 3903 dico
960 3862 1006 3903 et
1036 3852 1223 3917 ignrm,
1246 3853 1415 3921 po'uis
1444 3868 1488 3915 e,
1524 3853 1620 3905 nisi
1650 3853 1850 3909 duobus

265 3923 445 3992 mediis
480 3924 611 3992 aeris
642 3930 690 3974 et
719 3937 866 3991 aqum
894 3922 1105 3974 nexibus
1126 3923 1486 3992 jungrrenmr.
1534 3923 1586 3975 In
1623 3924 1702 3978 his
1732 3925 1844 3978 Ma-

266 3991 431 4049 rrobii
474 3988 650 4046 verbis
697 3988 861 4061 patet,
896 3992 993 4045 nisi
1028 3988 1203 4059 fallor,
1234 3988 1360 4063 quid
1391 3994 1457 4047 sit
1488 3996 1711 4049 numeris
1741 3992 1844 4049 ele-

267 4070 433 4114 menta
446 4063 609 4133 ligas.
962 4132 967 4133 γ
1480 4130 1483 4133 γ

337 4132 390 4204 9,.
430 4132 581 4198 Quod
612 4140 791 4185 autem
822 4132 1082 4204 sequitur,
1118 4144 1173 4187 ut
1217 4136 1412 4204 frigora
1441 4136 1685 4203 ﬂammis,
1711 4148 1844 4204 etc.,

263 4200 418 4276 facile
447 4204 669 4276 intelligi
700 4211 872 4276 potest
901 4200 915 4257 Ξ
940 4203 1145 4276 eodem
1174 4200 1318 4259 enim
1347 4200 1575 4259 numero
1600 4200 1708 4275 quo
1733 4200 1846 4276 ipsa

262 4272 551 4339 elementa,
578 4288 608 4328 e
632 4274 738 4326 iam
779 4272 1013 4341 ipsorum
1046 4274 1361 4329 differentiae
1407 4272 1681 4331 constant.
1713 4272 1844 4335 Nam

262 4351 318 4413 et
368 4344 498 4413 ipsa!
542 4352 669 4398 sunt
712 4354 960 4413 quatuor,
1007 4344 1173 4413 frigus
1225 4356 1280 4399 et
1319 4346 1488 4409 calor,
1531 4347 1748 4403 sict-itas
1791 4358 1848 4404 et

265 4411 458 4467 humor
482 4432 494 4469 :
514 4431 630 4484 qua:
652 4411 776 4468 dum
803 4415 940 4469 binae
966 4430 1057 4483 per
1079 4411 1287 4483 singula
1319 4416 1584 4471 elementa
1613 4418 1841 4475 iniicem

264 4496 495 4554 coeunt,
542 4496 721 4554 aptam
773 4486 1058 4554 quamdam
1121 4487 1617 4542 runcatettationem
1681 4490 1842 4545 etiam

262 4553 500 4618 ipsorum
556 4553 674 4625 qua:
723 4553 990 4610 contraria
1054 4557 1302 4611 videntur
1360 4557 1623 4613 el'liciunt.
1686 4560 1840 4616 \‘eibt

260 4630 450 4692 gratia,
482 4637 590 4679 uta
639 4634 777 4679 tetra
818 4642 938 4694 qua:
984 4628 1163 4680 intima
1193 4642 1275 4683 est
1308 4629 1578 4696 incipiant,
1611 4635 1725 4685 haec
1750 4650 1843 4685 na-

263 4704 378 4748 tura
409 4705 490 4766 est
519 4697 657 4751 sicca
688 4706 742 4750 et
780 4696 964 4766 frigida
993 4715 1005 4749 :
1030 4700 1114 4752 cui
1158 4700 1422 4763 quoniam,
1453 4716 1547 4753 aer
1591 4701 1842 4758 humidus

260 4775 313 4817 ct
349 4765 579 4840 calidus
599 4765 1033 4840 contrarinsest.
1067 4770 1239 4822 media
1275 4771 1414 4824 inter
1442 4785 1535 4826 eos
1566 4770 1733 4840 posita
1760 4784 1844 4829 est

260 4849 395 4903 aqua
428 4836 617 4905 frigida
649 4848 703 4891 et
738 4837 977 4899 humida,
1009 4855 1125 4904 qua:
1173 4849 1329 4894 terra:
1372 4836 1576 4907 trigore
1601 4846 1711 4897 aeri
1746 4846 1844 4897 hu-

260 4920 411 4958 more
457 4908 827 4978 connectitur,
870 4907 998 4960 Item
1044 4911 1166 4977 quia
1214 4910 1322 4978 igni
1375 4913 1548 4965 calido
1596 4924 1650 4968 et
1696 4916 1841 4969 sicco

258 4990 516 5052 aquarum
564 4986 753 5031 natura
807 4977 994 5052 frigida
1045 4990 1098 5032 et
1147 4980 1363 5033 humida
1418 4994 1711 5052 repugnat,
1757 4987 1841 5041 bis

260 5045 574 5123 ittterjeCtns
600 5063 715 5114 aer,
730 5045 898 5123 aquis
923 5049 1180 5123 humore,
1201 5052 1304 5121 igni
1332 5045 1512 5123 calore
1536 5045 1840 5123 copulatur.

259 5115 400 5191 Ignis
444 5134 658 5187 quoque
698 5118 838 5191 sicut
869 5133 897 5170 a
932 5129 1072 5173 terra
1105 5115 1282 5175 calore
1319 5115 1654 5191 diSparatur,
1683 5126 1761 5180 sic
1790 5131 1857 5182 ei

258 5188 500 5259 siccitate
528 5189 839 5243 concordat.
886 5191 1073 5242 Umnia
1107 5191 1267 5259 igitur
1294 5188 1560 5247 elementa
1591 5188 1713 5250 cum
1740 5198 1844 5251 dil-

260 5257 501 5337 terentiis
546 5260 658 5337 suis
702 5269 849 5313 certa
894 5257 1253 5337 numerorum
1287 5262 1402 5332 lege
1444 5266 1647 5320 variata
1680 5278 1839 5337 atque

258 5328 540 5406 disposita,
568 5330 693 5406 dum
724 5328 1370 5406 contraria_eot_t_cordanf,
1404 5344 1457 5387 et
1490 5328 1841 5406 repugnantia

257 5399 615 5476 ltedcrantttr,
662 5401 1015 5476 indisSolubili
1065 5402 1282 5457 sibimet
1330 5419 1475 5458 nexu
1524 5399 1675 5476 tigaia
1718 5409 1841 5475 jun-

254 5481 470 5546 guntur.
503 5469 657 5546 Unde
681 5471 880 5523 nullum
915 5473 1025 5546 fere
1056 5483 1326 5546 terre..um
1354 5469 1857 5546 corpus:quandiu'

257 5544 554 5617 naturalem
565 5542 659 5617 _su_i
682 5550 877 5617 statum
903 5544 1127 5617 obtinet,
1145 5544 1349 5612 absque
1371 5542 1592 5617 istarum
1610 5542 1804 5617 coapta
1820 5582 1840 5593 -

258 5611 400 5688 tione
428 5612 695 5688 consistit.
723 5612 874 5677 Quod
918 5613 1040 5680 quia
1077 5630 1210 5688 pene
1236 5611 1487 5670 amnibus
1518 5630 1683 5688 patet,
1718 5611 1859 5678 huic

255 5682 697 5737 demonstrationi
728 5687 1187 5752 supersedendum
1217 5688 1471 5741 arbitror.

335 5796 404 5866 ἀ)
447 5796 526 5852 Sit
554 5798 701 5853 venia
732 5799 1068 5868 letttporibtts.

1960 3264 1971 3273 .
2030 3224 2119 3277 Η.
2160 3222 2291 3278 Nam
2340 3234 2537 3277 terram
2582 3238 2707 3278 esse
2756 3225 2806 3277 in
2863 3223 3042 3277 medio
3084 3224 3249 3276 totius
3292 3222 3532 3276 caelestis

1957 3294 2205 3360 spltmra),
2245 3295 2385 3348 velut
2418 3304 2660 3347 centrum
2694 3294 2744 3346 itt
2786 3294 2964 3348 medio
3005 3292 3215 3356 circuli,
3249 3293 3532 3361 ipsumque

1956 3365 2151 3417 ctelnm
2186 3380 2306 3418 cum
2336 3365 2600 3429 sideribus
2626 3364 2795 3433 aequis
2824 3380 2886 3418 ex
2918 3365 3062 3418 omni
3105 3374 3253 3430 parte
3286 3364 3475 3432 spatiis
3498 3378 3530 3416 a

1958 3443 2097 3486 terra
2142 3434 2360 3497 distare,
2396 3449 2583 3489 omnes
2620 3435 2922 3502 astrologia:
2953 3442 3216 3487 testantur
3253 3443 3525 3487 auctores.

1955 3503 2108 3568 Quod
2138 3507 2181 3559 si
2211 3508 2281 3559 ita
2303 3516 2405 3569 est,
2430 3518 2649 3558 necesse
2672 3514 2751 3558 est
2776 3514 2970 3558 terram
2997 3506 3227 3571 undique
3255 3514 3348 3557 aut
3377 3505 3529 3571 aquis

1955 3584 2045 3626 aut
2074 3590 2201 3628 aere
2238 3575 2570 3642 circum'cgi.
2619 3574 2677 3628 Ut
2700 3574 2768 3628 de
2809 3575 2910 3626 nisi
2942 3589 3036 3642 per
3078 3575 3311 3626 tliVlllalll
3344 3582 3531 3639 putt-n-

1958 3644 2083 3695 tiam
2123 3644 2379 3713 disposita
2420 3646 2810 3697 elementorum
2854 3644 3191 3697 connexione
3235 3653 3529 3706 trnerctur,

1958 3718 2261 3769 necessario
2292 3723 2351 3767 ut
2380 3714 2452 3767 illi
2496 3714 2753 3782 putabant
2799 3729 2829 3767 a
2860 3728 2960 3769 suo
2988 3724 3127 3768 statu
3168 3713 3397 3781 quadam
3424 3715 3522 3764 de~

1952 3784 2222 3839 mersione
2276 3785 2565 3838 laberetur.
2607 3784 2757 3850 Quod
2811 3785 2906 3854 per
2952 3786 3054 3837 hoc
3101 3784 3318 3853 intelligi
3366 3784 3531 3854 voluit

1953 3856 2092 3922 quod
2138 3858 2231 3920 ait,
2262 3865 2353 3908 aut
2397 3870 2587 3908 mersas
2633 3852 2884 3908 deducant
2929 3855 3154 3923 pondera
3194 3852 3376 3907 terras.
3422 3852 3529 3907 Sed

1952 3938 2073 3979 cum
2106 3941 2203 3980 nos
2228 3926 2519 3982 secundum
2549 3926 2891 3980 astronomiae
2933 3937 3292 3993 praeceptores
3320 3924 3388 3977 de
3414 3938 3530 3977 am-

1952 3995 2064 4050 bitu
2093 3997 2239 4060 eteli,
2270 4012 2378 4065 quo
2425 4007 2643 4060 terram,
2677 3996 2800 4050 licet
2838 4011 2933 4063 ,pcr
2971 3998 3301 4062 amplissima
3346 4005 3400 4048 et
3431 3996 3532 4046 im.

1953 4068 2331 4121 niensurabilia
2353 4069 2543 4136 spatia,
2571 4076 2757 4133 putant
2781 4068 3017 4134 undique
3038 4066 3403 4133 circumcingi,
3431 4066 3529 4118 ali-

1950 4136 2076 4205 quid
2104 4138 2463 4205 disputamus,
2491 4137 2632 4191 absit
2657 4146 2715 4190 ut
2736 4151 2835 4190 nos
2859 4138 3142 4205 quisquam
3171 4136 3253 4190 vel
3277 4137 3376 4190 hoc
3399 4150 3533 4189 cou~
3566 4183 3578 4193 .

1954 4209 2184 4261 tentiose
2227 4219 2492 4273 astruere,
2529 4208 2615 4261 vel
2647 4207 3021 4277 antipodarum
3057 4208 3260 4262 tabulas
3287 4207 3529 4275 recipere

1951 4280 2263 4341 arbitretur,
2286 4294 2404 4347 quae
2429 4288 2554 4331 sunt
2578 4278 2699 4331 ﬁdei
2729 4278 3047 4331 Lhristianu-
3069 4279 3288 4333 omnino
3309 4285 3532 4330 contra-

1952 4348 2028 4401 ria
2062 4349 2165 4419 (a).
2214 4349 2755 4418 Quapropteretiam
2814 4350 3091 4419 sequentia
3145 4349 3368 4419 istorum
3420 4361 3533 4401 ver-

1951 4418 2131 4485 suum,
2183 4420 2377 4489 quibus
2413 4418 2748 4487 pliilosotthia
2796 4418 2937 4473 velut
2977 4420 3145 4489 ipsam
3178 4418 3528 4472 'Divinitatem

1955 4491 2252 4545 invocando
2281 4490 2589 4559 alloquitur,
2629 4504 2749 4544 cum
2778 4489 2976 4559 ingenti
3019 4490 3269 4559 scrupulo
3298 4498 3529 4543 tractare

1953 4562 2294 4630 aggredimur
2322 4578 2336 4614 :
2363 4562 2596 4614 maxime
2623 4561 2742 4629 quia
2777 4562 2891 4614 haec
2913 4560 2977 4614 ad
3009 4561 3414 4614 instrui-timidam
3443 4573 3529 4630 res

1953 4629 2156 4701 ligioscc
2209 4631 2918 4701 conversationislideiqne
2974 4647 3078 4685 ntn
3127 4633 3413 4700 pertinrnt.
3464 4629 3531 4683 Et

1926 4700 2202 4775 quoniam
2234 4715 2261 4753 a
2299 4716 2329 4775 s
2364 4700 2825 4775 rntandisdivina:
2854 4702 2999 4775 legis
3038 4702 3271 4768 arcanis,
3301 4714 3526 4771 quorum

1950 4773 2235 4827 dulcedine
2262 4774 2361 4841 βίω
2384 4781 2592 4826 mentes
2621 4773 2673 4826 in
2699 4773 2795 4825 hac
2818 4773 2924 4826 vita
2949 4775 3127 4826 satiari
3155 4789 3259 4827 non
3284 4779 3529 4841 possunt,

1955 4845 2034 4897 his
2063 4845 2339 4898 inutilibus
2370 4842 2455 4896 vel
2495 4842 2560 4895 ad
2591 4844 2855 4897 modicum
2898 4846 3087 4898 intenti
3138 4843 3529 4912 przepedimur;

1953 4925 2128 4968 tamen
2150 4916 2196 4967 si
2216 4913 2543 4967 dulcissimae
2562 4914 2862 4968 dilectionis
2877 4924 3073 4969 vestrm
3095 4914 3351 4968 voluntati
3375 4915 3534 4965 satis—

1954 4985 2157 5051 fecero,
2183 4999 2523 5054 nequaquam
2544 4984 2799 5039 inutiliter
2827 4986 3104 5039 laborasse
3133 4985 3491 5054 mis-existimo
3516 4998 3531 5037 :

1953 5053 2414 5124 praisertim’cmn
2464 5055 2602 5109 sicut
2645 5071 2789 5125 saqe
2839 5056 3063 5111 dicenda
3110 5064 3236 5108 sunt
3277 5053 3533 5107 salutaria

1952 5142 2072 5195 qua:
2092 5136 2394 5190 teneantur,
2419 5126 2498 5179 sic
2516 5127 2782 5181 interdum
2805 5126 3031 5181 dicenda
3055 5135 3177 5178 sunt
3196 5126 3354 5179 etiam
3374 5125 3533 5177 noxia

1952 5214 2071 5266 qua:
2103 5198 2359 5251 vitentur.
2408 5196 2500 5251 Sic
2548 5198 2709 5266 igitur
2757 5206 3046 5267 sequentes
3090 5198 3386 5249 versiculos
3412 5211 3533 5267 cum

1951 5265 2149 5336 quanta
2203 5278 2394 5337 potero
2435 5265 2695 5323 brevitate
2727 5265 3114 5329 transennam,
3147 5275 3206 5319 ut
3248 5281 3475 5337 nonquc
3500 5265 3535 5317 d

1954 5335 2110 5391 nobis
2142 5335 2546 5407 approbantium
2584 5340 2966 5393 sectandumve
3005 5339 3095 5400 sit,
3120 5338 3213 5391 sed
3242 5335 3383 5405 quod
3417 5337 3539 5404 phi-

1955 5408 2194 5475 losophia
2223 5409 2385 5465 Boetii
2412 5412 2665 5473 senserit,
2701 5410 2925 5477 intelligi
2959 5408 3183 5475 faciam.

1983 5516 1988 5520 .
2029 5479 2113 5533 15.
2156 5479 2480 5547 Tutriplicis
2513 5480 2754 5541 mediam,
2787 5491 2892 5533 etc.
2924 5478 3231 5545 Philosophi
3263 5491 3421 5529 unam
3456 5485 3510 5529 to

1954 5551 2058 5604 tius
2083 5550 2269 5621 mundi
2288 5564 2534 5621 magnam
2555 5550 2805 5605 videlicet
2827 5550 3059 5603 animam
3076 5549 3343 5609 dicentes.
3368 5548 3537 5602 multa

1952 5622 2021 5675 de
2041 5621 2156 5690 ejus
2177 5620 2355 5675 divina
2385 5622 2613 5689 quadam
2649 5633 2837 5674 natura
2867 5630 3025 5688 atque
3056 5621 3289 5687 potentia
3315 5633 3419 5673 no.t
3450 5634 3538 5670 se-

1953 5694 2189 5748 cundum
2236 5692 2534 5760 veritatem,
2579 5693 2671 5745 sed
2716 5690 3010 5745 secundum
3058 5691 3368 5760 opinionum
3412 5690 3542 5745 sua-
