3978 6352
338 302 346 315 ι
374 273 501 333 ιθιςι
1594 261 1679 320 AN
1746 259 1946 318 .\l.\Nl..

2089 259 2141 316 ι’.
2182 255 2401 316 BUE'l'll

372 392 418 444 ιιὶ
445 407 529 455 as,
560 388 698 444 nulla
746 401 810 440 ex
838 382 1153 439 diversitate
1181 380 1478 451 pluralitas,
1525 379 1666 431 nulla
1704 391 1765 430 rx
1800 378 1942 430 acci—
1978 382 2028 439 Α

373 479 625 534 dentibus
653 473 958 537 multitudo,
994 482 1154 541 atque
1184 471 1392 525 ideirco
1419 482 1518 523 nec
1552 483 1825 520 numerus.

978 561 1201 617 CAPUT
1241 560 1327 615 ΙΙΙ.

622 657 687 712 1η
718 658 890 712 dirimi
912 655 1195 711 substantia
1223 669 1323 706 non
1354 663 1426 706 est
1456 665 1717 705 numerus.

450 752 588 807 Dens
632 764 761 805 vero
810 763 839 802 a
878 747 987 802 Deo
1017 746 1164 801 nullo
1215 744 1425 807 differt,
1478 757 1546 797 ne
1585 740 1667 796 vel
1719 737 1957 793 acciden-

379 847 541 907 tibus,
573 842 655 896 vel
689 838 1110 894 aceidentalibus
1147 834 1467 890 differentiis
1493 833 1544 887 in
1588 828 1834 901 subjecto
1866 844 1959 898 po-

375 936 494 988 sitis
527 932 707 986 distat.
734 929 835 985 Ubi
867 943 993 983 vero
1024 927 1161 980 nulla
1194 933 1277 981 est
1316 922 1639 987 differentia,
1689 919 1833 974 nulla
1877 926 1961 972 est

378 1025 600 1080 omnino
624 1022 921 1091 pluralitas,
948 1034 1112 1089 quare
1140 1033 1236 1072 nec
1268 1030 1560 1079 numerus;
1593 1015 1751 1083 igitur
1783 1011 1959 1063 unitas

381 1125 607 1169 tantum.
636 1111 766 1167 Nam
799 1110 939 1180 quod
968 1108 1124 1163 tertio
1155 1106 1413 1175 repetitur
1442 1104 1604 1165 Dens,
1653 1117 1772 1156 cum
1804 1100 1989 1154 Pater

370 1220 433 1263 et
457 1206 622 1261 Filius
648 1215 703 1260 et
728 1205 955 1273 Spiritus
1001 1212 1216 1255 sanctus
1249 1186 1605 1266 nuncupatur,
1638 1205 1745 1248 tres
1782 1194 1960 1246 unita-

381 1308 466 1354 tes
486 1312 590 1351 non
627 1296 827 1350 faciunt
868 1292 1225 1363 pluralitatem
1260 1288 1466 1343 numeri
1502 1287 1552 1339 in
1577 1300 1641 1339 c0
1673 1283 1962 1353 quodipsze

380 1399 546 1457 sunt,
578 1389 623 1444 si
655 1389 994 1442 advertan‘nts
1032 1385 1095 1437 ad
1128 1398 1212 1437 res
1240 1379 1622 1441 numerabiles,
1655 1392 1715 1428 ae
1762 1392 1863 1427 non
1897 1374 1961 1427 ad

378 1487 553 1557 ipsum
572 1494 850 1537 numerum
880 1496 891 1531 :
917 1476 1025 1531 illic
1050 1477 1189 1530 enim
1217 1474 1479 1527 uuitatum
1511 1468 1755 1539 repetitio
1783 1481 1965 1520 unme—

381 1591 502 1632 rttm
535 1574 674 1627 facit.
703 1573 758 1624 In
789 1584 851 1624 eo
879 1566 1056 1621 autem
1101 1579 1322 1618 numero
1369 1562 1457 1631 qtti
1497 1561 1547 1613 in
1581 1550 1738 1613 rebus
1772 1571 1961 1610 nume-
2060 1588 2187 1635 “em
2222 1580 2454 1650 quam“
2484 1588 2537 1633 et
2563 1588 2758 1635 omen,
2786 1594 2905 1648 qua,
2951 1579 3171 1634 evenire
3220 1587 3422 1647 quem"
3452 1596 3464 1628 ε
3516 1592 3649 1647 quo-

382 1666 643 1721 rabitibus
685 1669 914 1726 constat,
939 1657 1182 1727 repetitio
1206 1656 1463 1710 unitatem
1497 1661 1656 1720 atque
1696 1647 1972 1742 pluralitas
2061 1688 2199 1739 mm,
2234 1647 2543 1742 ,‘namplior
2572 1673 2663 1726 rm
2700 1673 3023 1740 inmuccws’
3081 1672 3322 1739 “ampla
3372 1670 3647 1724 sumenda

385 1756 606 1811 minime
658 1753 782 1807 facit
826 1748 1233 1805 numerabilium
1264 1760 1441 1799 rerum
1494 1754 1834 1797 numerosam
1890 1736 1966 1792 di-
1997 1748 2040 1808 Β
2063 1736 2205 1820 sum;
2239 1766 2369 1820 Nam
2390 1736 2512 1820 c'um
2542 1766 2769 1820 dicimus
2818 1766 2975 1827 Deus,
3011 1736 3374 1820 subﬂauum]
3430 1763 3649 1830 quidem

384 1846 721 1901 versitatem.
772 1841 1037 1897 Nmnerus
1078 1838 1219 1893 enim
1266 1836 1459 1903 duplex
1512 1843 1594 1887 est
1637 1848 1650 1883 :
1687 1844 1822 1883 unus
1853 1827 1970 1895 qui-

2667 366 2895 424 CAPUT
2935 363 3024 422 IV.

2302 464 2575 529 Quomodo
2609 460 2746 516 Deus
2784 462 2849 515 sit
2891 462 2945 514 in
2978 458 3407 527 pra'dicameutis.

2129 576 2324 630 Decem
2367 572 2589 627 omnino
2633 570 3051 640 prmdicamenta
3094 567 3381 623 traduntur
3418 582 3544 638 qua:
3585 567 3649 623 de

2060 668 2216 723 rebus
2262 665 2513 721 omnibus
2563 662 2939 719 universaliter
2992 661 3391 731 praedicantur,
3440 660 3498 716 id
3571 677 3645 715 (δ’

2059 759 2399 822 sobstantia,
2448 757 2712 828 qualitas,
2764 755 3071 824 quantitas,
3117 753 3182 807 ad
3234 752 3471 821 aliquid,
3527 751 3646 815 ubi,

2038 853 2307 929 quando;
2362 852 2593 913 habere,
2645 860 2805 904 situm
2867 861 3022 913 esse,
3074 848 3283 911 facere,
3339 846 3473 914 pati.
3531 844 3651 898 11η

2066 936 2222 1013 igitur
2255 943 2377 996 talia
2411 951 2565 1006 sunt,
2609 940 2783 1009 qualia
2828 938 3067 1009 subjecta
3102 938 3445 1008 permiserint
3483 954 3496 988 :
3531 952 3651 989 nam

2063 1049 2187 1104 pars
2212 1049 2399 1110 eorum
2424 1033 2476 1087 in
2511 1032 2836 1102 reliquarum
2867 1045 3049 1085 rerum
3085 1029 3474 1099 prtedicatione
3523 1028 3651 1082 sob-

2063 1124 2253 1176 stant'a
2283 1133 2399 1187 est,
2444 1137 2566 1189 pars
2595 1122 2645 1175 in
2688 1119 3303 1194 accidentiumpnumero
3328 1130 3433 1175 est.
3485 1122 3654 1189 Atque

2066 1217 2180 1271 lucc
2223 1232 2340 1271 cum
2386 1215 2505 1285 quis
2536 1217 2589 1270 in
2642 1207 2880 1270 divinam
2918 1231 3000 1271 vet
3019 1217 3142 1271 terit
3186 1216 3651 1284 prmdicatiooem,

2064 1318 2253 1361 cuncta
2289 1315 2563 1361 mutantur
2587 1296 2707 1377 qum
2740 1306 3024 1377 prtcdicari
3063 1318 3308 1375 possunt.
3341 1307 3419 1361 Ad
3453 1307 3652 1377 aliquid

2066 1413 2197 1453 vero
2226 1398 2447 1452 omnino
2472 1413 2579 1452 non
2609 1406 2784 1467 potest
2817 1396 3130 1467 prmdicari;
3182 1413 3304 1451 nam
3354 1399 3651 1453 substantia

2060 1502 2109 1541 in
2133 1485 2225 1541 illo
2256 1502 2360 1541 non
2383 1496 2468 1541 est
2490 1486 2949 1550 veresubstantia,
2974 1486 3067 1540 sed
3099 1487 3233 1539 ultra
3264 1485 3641 1540 substantiam.

2065 1856 2365 1926 significare
2395 1855 2657 1921 videmur,
2688 1855 2780 1910 sed
2812 1871 2956 1919 eam,
2990 1870 3110 1924 qute
3134 1854 3203 1907 sit
3235 1854 3368 1907 ultra
3403 1855 3653 1905 substan-

382 1937 510 1992 ‘dem
561 1949 665 2005 quo
712 1943 1080 1993 uoluerimus,
1130 1927 1265 1982 alter
1295 1939 1421 1978 vero
1454 1926 1539 1993 qui
1592 1924 1642 1974 in
1684 1920 1844 1974 rebus
1883 1932 1967 1969 ιιιι-

386 2028 735 2085 merabilibus
765 2032 995 2079 constat.
1042 2020 1249 2075 Etenim
1312 2031 1475 2070 unutn
1526 2029 1614 2067 res
1644 2022 1727 2065 est
1773 2010 1968 2071 unitas,

385 2137 488 2191 qua
532 2133 693 2174 unum
735 2115 982 2170 dicimus.
1036 2112 1149 2165 Duo
1192 2114 1379 2163 rursus
1418 2107 1468 2159 in
1524 2106 1682 2158 rebus
1741 2112 1865 2154 sunt
1915 2106 1973 2150 ιιι

389 2215 634 2269 homines
682 2210 765 2265 vel
814 2207 1062 2278 lapides;
1108 2204 1338 2257 dualitas
1388 2200 1556 2264 nihil,
1618 2196 1709 2250 sed
1766 2203 1970 2248 tantum

387 2306 639 2369 dualitas,
664 2316 767 2372 qua
817 2299 922 2353 duo
974 2296 1223 2351 homines
1274 2293 1358 2347 vel
1412 2290 1614 2360 lapides
1661 2287 1766 2340 duo
1799 2285 1970 2338 fiunt:

387 2406 442 2451 et
488 2396 542 2449 in
588 2392 796 2448 caeteris
827 2390 1015 2445 eodem
1065 2385 1244 2441 modo.
1307 2384 1448 2452 Ergo
1490 2381 1545 2435 in
1596 2393 1817 2433 munero
1869 2391 1974 2445 quo

390 2498 732 2541 numeramus
771 2480 1018 2550 repetitio
1074 2475 1333 2531 unitatnm
1384 2472 1510 2527 facit
1567 2470 1972 2540 pluralitatctn;

388 2578 443 2632 in
485 2591 663 2631 rerum
706 2586 839 2627 vero
868 2584 1089 2624 numero
1131 2585 1234 2621 non
1270 2566 1405 2619 facit.
1444 2562 1805 2634 pluralitatrm
1860 2558 1976 2612 uni-

392 2677 560 2721 tatum
592 2661 843 2735 repetitio
877 2679 889 2714 :
936 2661 1077 2715 velut
1101 2662 1142 2714 si
1176 2661 1242 2713 de
1276 2658 1466 2712 eodem
1516 2656 1716 2717 dicam,
1768 2651 1977 2721 gladius

388 2774 548 2824 unus,
577 2773 761 2812 mucro
803 2770 961 2818 unus,
991 2751 1139 2809 ensis
1168 2754 1336 2809 'nnus.
1374 2758 1546 2819 potest
1578 2747 1721 2801 enim
1774 2754 1850 2797 tot
1885 2758 1977 2795 vo-

392 2855 595 2910 cabulis
638 2851 843 2922 gladius
874 2847 1110 2918 agnosci.
1171 2846 1291 2898 lltee
1329 2844 1473 2899 enim
1520 2840 1779 2895 unitatuni
1827 2850 1979 2906 repe-

390 2943 513 3000 titio
543 2942 758 2999 iteratio
787 2940 963 3010 potius
1002 2946 1105 3002 est,
1131 2953 1235 2990 non
1263 2933 1563 3003 numeratio
1602 2946 1617 2998 ;
1657 2931 1803 2985 velut
1830 2928 1873 2982 si
1909 2928 1980 2980 ita
2048 2952 2049 2955 η

395 3021 659 3101 dicamus,
699 3033 863 3097 ensis,
901 3043 1105 3085 mucro.
1149 3024 1379 3095 gladius,
1434 3024 1682 3092 repetitio
1738 3021 1980 3090 quaedam

2066 1950 2223 2012 tiam;
2248 1965 2366 2003 cum
2394 1965 2518 2005 vero
2545 1948 2743 2019 justus,
2794 1949 3103 2017 qualilafem
3153 1948 3389 2015 quidem,
3427 1947 3522 1999 sed
3546 1960 3650 1997 non

2075 2032 2443 2093 accidentem,
2495 2030 2588 2084 sed
2629 2044 2747 2083 eam
2796 2044 2915 2098 qua:
2940 2027 3011 2081 sit
3055 2026 3388 2091 substantia,
3429 2034 3486 2080 et
3526 2028 3663 2082 u'tra

2076 2127 2463 2190 substantiam;
2521 2140 2694 2194 neque
2722 2125 2864 2178 enim
2897 2121 3041 2177 aliud
3073 2131 3156 2177 est
3198 2120 3337 2176 Deus
3367 2119 3511 2189 quod
3550 2130 3663 2184 est,

2078 2218 2221 2273 aliud
2267 2216 2408 2288 quod
2437 2216 2610 2286 justus
2641 2225 2754 2280 est,
2796 2214 2891 2269 sed
2920 2214 3061 2268 idem
3101 2223 3182 2267 est
3219 2227 3338 2267 esse
3374 2211 3485 2265 Deo
3524 2215 3665 2278 qutd

2075 2310 2239 2378 justo.
2279 2310 2406 2362 Item
2439 2323 2560 2361 cum
2594 2306 2789 2360 dicitur
2818 2318 3041 2374 magnus
3064 2304 3147 2358 vel
3180 2303 3465 2369 maximus,
3499 2318 3667 2372 quan-

2084 2404 2286 2454 titatem
2316 2400 2530 2469 quidem
2561 2398 2861 2465 significare
2886 2397 3150 2455 videmur.
3184 2395 3278 2449 sed
3305 2410 3422 2449 eam
3452 2410 3572 2464 qut?
3601 2394 3671 2448 sit

2084 2493 2197 2560 ipsa
2222 2491 2526 2544 substantia
2569 2489 2690 2547 talis
2720 2492 2931 2555 qua‘em
2962 2501 3080 2541 esse
3102 2485 3339 2539 diximus
3382 2485 3522 2538 ultra
3547 2485 3671 2538 sub-

2081 2585 2329 2635 stantiam
2367 2600 2377 2632 :
2413 2579 2556 2633 idem
2593 2589 2675 2634 est
2707 2579 2849 2633 enim
2881 2591 3000 2632 esse
3040 2577 3149 2631 Deo
3171 2576 3310 2645 quod
3343 2591 3560 2644 magno.
3596 2575 3673 2630 De

2085 2670 2251 2723 forma
2304 2670 2447 2724 enim
2478 2669 2596 2737 ejus
2646 2667 2891 2735 superius
2923 2668 3349 2720 demonstratum
3384 2673 3511 2729 est,
3541 2679 3675 2733 quo-

2086 2761 2227 2815 niam
2257 2760 2300 2811 is
2342 2760 2410 2813 sit
2434 2757 2601 2811 forma
2633 2767 2688 2811 et
2719 2772 2879 2809 unum
2910 2771 3055 2820 vere,
3092 2770 3192 2810 nec
3219 2753 3320 2808 ulli
3370 2755 3672 2822 pluralitas.

2087 2854 2193 2907 Sed
2227 2857 2335 2905 Iac
2370 2850 2777 2920 praedicamenta
2811 2848 2932 2902 talia
2966 2857 3109 2913 sunt,
3144 2857 3230 2914 ut,
3279 2847 3329 2901 in
3374 2862 3484 2916 quo
3514 2855 3670 2911 sunt,

2090 2944 2262 3013 ipsum
2313 2957 2433 2999 esse
2467 2942 2663 2994 faciant
2698 2939 2838 3009 quod
2872 2939 3096 3004 dicitur;
3128 2938 3301 2994 divise
3349 2940 3570 3007 quidem
3626 2939 3677 2993 in

2088 3034 2321 3098 ceteris,
2368 3033 2420 3086 in
2451 3032 2562 3086 Deo
2592 3046 2719 3084 vero
2748 3030 3034 3100 conjuncta
3059 3042 3219 3099 atque
3270 3030 3547 3098 capulate,
3578 3030 3679 3084 hoc

397 3112 479 3182 est
507 3124 768 3194 ejusdem,
819 3136 925 3175 non
986 3133 1205 3171 numera
1236 3112 1293 3169 io
1330 3116 1707 3177 diversorum:
1743 3110 1888 3164 velut
1936 3110 1977 3163 si
2010 3124 2247 3187 (ζημιοαο
2284 3139 2449 3180 :nam
2480 3140 2611 3183 cum
2642 3119 3237 3183 dicimus‘subsmmid.
3284 3132 3340 3175 ιη
3391 3122 3554 3177 homo
3596 3122 3677 3175 τά

397 3219 469 3277 ita
501 3202 693 3275 dicam,
729 3202 959 3277 Sul,‘sol,
990 3210 1091 3273 sol,
1126 3206 1229 3279 non
1263 3215 1373 3259 tres
1398 3205 1541 3258 soles
1564 3201 1861 3271 effecerim,
1889 3200 1981 3254 sed

401 3305 467 3362 :le
497 3310 603 3361 uno
650 3301 807 3357 toties
839 3284 1261 3370 prtedicavcrim.
1306 3295 1421 3349 Non
1473 3295 1629 3364 igitur
1662 3293 1706 3347 si
1738 3282 1801 3347 de
1827 3292 1984 3345 Patre

399 3404 461 3452 ac
490 3395 627 3453 Filio
675 3404 727 3449 et
756 3392 958 3463 Spiritu
1001 3373 1185 3444 sancto
1245 3386 1405 3443 tertio
1465 3385 1786 3455 prwdicatur
1820 3384 1983 3442 Deus.

401 3487 604 3546 idcirco
654 3485 791 3539 trina
836 3480 1149 3553 prmdieatio
1190 3493 1469 3547 numerum
1510 3477 1633 3530 facit
1672 3493 1685 3530 :
1718 3476 1818 3528 hoc
1844 3474 1984 3527 enim

402 3581 531 3643 illis,
556 3589 613 3633 ut.
641 3576 841 3631 dictum
887 3579 988 3639 est,
1022 3570 1286 3634 imminet,
1338 3568 1428 3637 qui
1475 3568 1619 3622 inter
1646 3582 1740 3621 eus
1786 3568 1985 3620 tlislali-

404 3674 529 3727 tiam
555 3670 750 3724 faciunt
781 3667 1113 3721 meritorum.
1143 3660 1437 3716 Catliolicis
1460 3675 1587 3717 vero
1615 3658 1667 3713 in
1688 3658 1936 3713 ditTerent
1961 3672 1987 3710 a

405 3761 881 3825 constituentibus,
913 3759 1191 3829 ipsamque
1216 3755 1468 3817 formam,
1500 3764 1555 3806 ut
1582 3761 1686 3817 est,
1737 3767 1858 3806 esse
1890 3766 1984 3819 po-

406 3856 681 3920 nentibus,
708 3867 878 3921 neque
899 3851 1041 3905 aliud
1065 3862 1185 3903 esse
1221 3864 1379 3917 quam
1412 3856 1493 3901 est
1531 3848 1703 3915 ipsum
1737 3845 1879 3913 quod
1913 3851 1995 3897 est

405 3944 767 4018 opinantibus,
800 3939 945 3996 recte
974 3938 1219 4008 repetitio
1243 3938 1310 3991 de
1332 3936 1542 4001 eodem,
1578 3950 1738 4004 quam
1771 3948 1994 3988 cnumc-

407 4044 540 4098 ratio
567 4039 760 4092 diversi
794 4036 1000 4091 videtur
1030 4048 1148 4088 esse
1191 4048 1312 4086 cum
1358 4032 1574 4097 dicitur,
1624 4031 1762 4086 Deus
1813 4030 1992 4094 Pater,

411 4134 548 4187 Deus
575 4129 764 4195 Filius,
792 4127 931 4181 Deus
956 4126 1187 4193 Spiritus
1210 4137 1453 4189 sanctus,
1482 4133 1643 4195 atque
1675 4123 1789 4179 haec
1813 4124 1987 4178 Trini-

410 4232 492 4278 tas
523 4238 656 4275 unns
683 4220 843 4284 Deus,
874 4218 1040 4273 veluti
1072 4218 1217 4272 ensis
1267 4226 1425 4286 atque
1460 4231 1673 4280 mucro,
1706 4230 1843 4269 unus
1873 4216 1987 4285 gla-

413 4316 565 4371 dius:
590 4312 853 4378 velitsol,
886 4312 987 4377 sol,
1022 4309 1124 4376 sol,
1161 4324 1298 4362 unus
1328 4308 1430 4361 sol.
1477 4308 1589 4362 Sed
1623 4306 1727 4361 hoc
1780 4308 1995 4361 interim

412 4408 479 4465 ad
501 4421 617 4462 eam
644 4404 839 4458 dictum
871 4403 939 4455 sit
966 4401 1409 4470 significationem
1446 4397 1997 4453 demonstrationem-

2074 3222 2248 3287 Deus=
2293 3220 2395 3273 hoc
2427 3218 2495 3271 ita
2528 3217 2723 3271 dicitur
2752 3214 2903 3284 quasi
2947 3214 3075 3281 iiind
3108 3217 3175 3268 de
3216 3228 3323 3281 quo
3358 3213 3682 3279 pra-dicatur

2092 3314 2267 3381 ipsum
2317 3313 2395 3363 sit
2428 3308 2747 3373 substantia,
2786 3317 2841 3361 ut
2868 3307 3167 3361 substantia
3210 3304 3375 3359 homo
3402 3305 3489 3359 vel
3520 3305 3679 3359 Deos.

2091 3406 2195 3460 Sed
2213 3404 2395 3469 distat,
2414 3403 2662 3472 quoniam
2683 3402 2844 3455 homo
2864 3415 2966 3453 non
2988 3398 3194 3469 integre
3211 3401 3389 3467 ipsum
3403 3397 3567 3451 homo
3577 3405 3680 3463 est,

2092 3514 2152 3551 ae
2174 3514 2266 3567 per
2300 3498 2399 3550 boc
2423 3511 2519 3550 nec
2544 3495 2867 3549 substantia.
2889 3493 3040 3559 Quod
3062 3503 3144 3547 est
3167 3492 3336 3557 enim,
3354 3492 3477 3546 aliis
3500 3491 3682 3556 debet,

2056 3604 2211 3658 'qnae
2239 3604 2345 3641 non
2372 3597 2495 3640 sunt
2527 3587 2687 3640 homo
2717 3601 2732 3640 :
2763 3586 2903 3639 Deus
2921 3600 3070 3650 vero,
3091 3584 3195 3638 boe
3225 3583 3401 3651 ipsum
3428 3582 3573 3650 quod
3606 3590 3687 3637 est

2098 3682 2237 3734 Deus
2252 3690 2354 3743 est;
2383 3677 2507 3731 nihil
2534 3677 2674 3730 inim
2699 3676 2838 3729 aliud
2863 3687 2943 3729 est
2961 3675 3060 3729 ιιίΒί
3098 3674 3240 3743 quod
3259 3681 3365 3736 est,
3390 3687 3451 3726 ac
3476 3689 3569 3741 per
3587 3671 3687 3726 hoc

2105 3774 2279 3840 ipsum
2306 3770 2445 3824 Deus
2467 3779 2567 3823 est.
2591 3768 2821 3834 Rursus,
2843 3769 3035 3836 justus,
3060 3767 3201 3836 quod
3225 3782 3307 3820 est
3328 3767 3579 3836 qualitas,
3615 3767 3685 3819 ita

2095 3860 2293 3916 dicitur
2316 3860 2466 3929 quasi
2496 3860 2612 3927 ipse
2644 3861 2743 3913 lioe
2764 3859 2832 3912 sit
2858 3858 2924 3911 de
2955 3874 3059 3926 quo
3091 3856 3430 3926 praedicatur,
3454 3856 3506 3909 id
3530 3866 3612 3908 cst
3642 3856 3687 3910 si

2088 3953 2359 4013 dicamus,
2395 3949 2770 4019 bomojustus,
2803 3949 2887 4001 vel
2917 3949 3273 4015 Deusjustus,
3306 3946 3481 4015 ipsum
3512 3945 3687 3998 hemi-

2106 4059 2224 4099 nem
2261 4043 2343 4096 vel
2379 4042 2546 4096 Deum
2572 4040 2748 4109 justus
2771 4052 2891 4093 esse
2921 4037 3307 4107 proponimus;
3356 4039 3450 4090 sed
3482 4035 3685 4101 differt,

2088 4134 2349 4202 quoniam
2370 4135 2528 4187 nemo
2552 4131 2711 4195 alter,
2734 4132 2868 4185 alter
2888 4140 2970 4184 est
2987 4131 3194 4199 justus;
3218 4129 3356 4182 Deus
3374 4144 3527 4190 vero,
3547 4128 3687 4180 idem

2103 4234 2275 4295 ipsum
2303 4237 2382 4279 est
2405 4224 2543 4293 quod
2593 4235 2675 4277 est
2700 4226 2925 4291 justum.
2958 4222 3181 4291 Magnus
3210 4220 3370 4273 etiam
3417 4219 3579 4272 homo
3609 4218 3691 4272 Vel

2104 4317 2147 4370 D
2185 4332 2245 4369 ns
2287 4315 2506 4377 dicitur,
2541 4323 2701 4382 atque
2744 4312 2813 4365 ita
2845 4311 2995 4381 quasi
3030 4313 3143 4378 ipse
3173 4312 3241 4363 sit
3273 4311 3437 4363 homo
3469 4324 3693 4377 magnus

2110 4409 2192 4462 vel
2227 4407 2366 4461 Deus
2399 4419 2649 4474 magmts;
2683 4405 2775 4458 sed
2815 4405 2974 4457 homo
3004 4410 3214 4456 tantum
3245 4417 3504 4470 magnus.
3554 4402 3696 4456 Deus

413 4513 537 4570 que,
562 4513 663 4566 qua
698 4492 997 4549 OStcnditur
1034 4507 1136 4546 nun
1166 4506 1381 4545 Omnem
1412 4489 1674 4543 unitatqu
1720 4487 2001 4557 repetitio-
2034 4477 2079 4535 Ι)
2113 4515 2236 4553 ωτι,
2269 4499 2441 4567 ipsum
2481 4513 2705 4566 magnus
2750 4496 2952 4551 existit.
2988 4496 3210 4564 Rel'qua
3239 4509 3369 4550 veto
3411 4512 3587 4565 neque
3633 4496 3697 4546 de
3744 4478 3747 4483 I

417 4607 538 4645 ιιι-ιιι
577 4601 853 4643 numerum
898 4586 1361 4652 plura'itatemqne
1402 4580 1686 4649 perﬁcere.
1726 4580 1841 4633 Non
1871 4595 2001 4634 vero
2050 4620 2063 4631 .

416 4684 487 4738 ita
517 4680 731 4746 dicitur,
762 4677 918 4733 Pater
943 4690 1007 4729 ac
1036 4673 1201 4727 Filius
1227 4684 1280 4728 et
1310 4672 1546 4741 Spiritus
1572 4681 1791 4727 sanctus
1838 4670 2001 4740 quasi

419 4773 763 4829 multivocum
800 4766 1090 4836 quiddam:
1122 4780 1241 4819 nam
1272 4780 1458 4820 umero
1485 4772 1541 4819 et
1578 4763 1729 4818 ensis
1779 4770 1834 4816 et
1889 4762 2004 4831 ipse

418 4872 501 4918 est
529 4873 582 4917 et
604 4860 779 4923 idem;
814 4858 968 4912 Pater
994 4870 1123 4910 vero
1152 4871 1213 4908 ac
1243 4854 1406 4910 Filius
1431 4864 1484 4910 et
1505 4854 1734 4925 Spiritus
1760 4848 2003 4911 sanctus.

421 4958 562 5013 idem
586 4954 829 5024 equidem
844 4959 951 5033 est,
977 4966 1081 5004 non
1108 4965 1235 5004 vero
1265 4950 1400 5017 ipso.
1430 4949 1483 5003 ln
1516 4964 1620 5020 qua
1646 4964 1702 5002 re
1733 4949 2006 5018 paulisper

420 5047 866 5104 considerandum
911 5056 1014 5100 est.
1061 5044 1473 5113 ltequirentibus
1519 5043 1685 5107 enim,
1747 5041 1867 5110 Ipse
1926 5049 2009 5094 est

425 5141 582 5194 Pater
608 5137 699 5209 qui
739 5136 949 5191 Filius?
995 5135 1235 5199 Minime,
1269 5134 1538 5203 inquiunt.
1586 5134 1821 5197 Rursus,
1868 5133 2008 5207 Idm

424 5230 562 5285 alter
588 5230 677 5299 qui
706 5228 879 5284 alter?
907 5238 1148 5297 negatur.
1178 5226 1292 5281 Non
1322 5234 1407 5281 est
1437 5226 1596 5294 igitur
1630 5228 1767 5281 inter
1823 5240 1918 5280 eos
1955 5228 2005 5279 in

424 5320 572 5376 omni
619 5336 679 5376 re
731 5319 1104 5374 indifferentia.
1175 5319 1352 5383 Quare
1404 5317 1669 5371 subintrat
1725 5334 2007 5379 immerns,

424 5430 584 5485 quem
615 5428 678 5469 ex
730 5412 1096 5482 subiectorum
1138 5411 1448 5465 diversitate
1489 5425 1571 5463 eo.
1597 5410 1708 5479 ﬁci,
1765 5410 2011 5478 superius

426 5509 764 5574 explanatum
788 5515 886 5558 est.
921 5504 995 5557 De
1019 5518 1120 5572 qua
1154 5518 1211 5557 re
1252 5503 1487 5558 breviter
1512 5503 2006 5565 cmsiderabimus,

429 5597 644 5662 siprius
673 5596 824 5657 illud,
871 5593 1264 5661 quemadmodn
1290 5611 1319 5648 ιι
1349 5593 1416 5649 de
1449 5593 1558 5647 Deo
1591 5609 1867 5663 unumqno
1891 5596 2012 5661 tque

436 5687 775 5755 phrdit‘ﬂlllr,
814 5686 1253 5754 |I't[‘tltl$"l‘ltlllls.

2113 4595 2238 4655 Deo,
2269 4606 2440 4660 neque
2474 4590 2542 4645 de
2572 4590 2786 4644 caeteris
2815 4589 3176 4657 prmdcantnr
3219 4607 3231 4640 :
3269 4604 3422 4644 nam.
3458 4588 3546 4639 ubi
3573 4629 3586 4646 ,
3622 4588 3699 4637 vel

2050 4671 2071 4690 ⁸
2110 4686 2176 4739 de
2211 4685 2339 4749 Deo,
2364 4685 2446 4738 vel
2475 4684 2542 4737 de
2574 4684 2790 4737 homine
2816 4683 2956 4751 prtcd
2982 4683 3091 4736 cari
3124 4689 3328 4752 potest;
3352 4682 3419 4735 de
3450 4680 3698 4741 homine,

2114 4788 2167 4829 ut
2190 4779 2241 4829 in
2277 4777 2420 4839 foro;
2451 4776 2518 4830 de
2552 4776 2684 4838 Deo,
2716 4786 2774 4828 nt
2800 4774 2995 4841 ubique
3031 4770 3049 4827 ἱ
3077 4773 3169 4827 sed
3201 4774 3293 4839 ita,
3329 4782 3386 4824 ut
3413 4789 3519 4823 non
3550 4773 3703 4837 quasi

2114 4870 2227 4937 ipsa
2257 4870 2326 4921 sit
2352 4883 2439 4921 res
2467 4868 2515 4920 id
2545 4867 2683 4935 quod
2714 4866 3057 4934 pt‘atdimtut‘.
3092 4864 3159 4917 de
3196 4879 3297 4931 qua
3323 4863 3540 4914 dit-itur.
3589 4860 3703 4913 Non

2114 4963 2255 5016 enim
2300 4963 2369 5014 ita
2419 4961 2581 5013 homo
2610 4960 2803 5013 dici'nr
2836 4960 2885 5010 in
2919 4960 3035 5010 foro
3065 4971 3217 5017 esse,
3250 4955 3701 5025 quemadmodum

2114 5068 2235 5108 esse
2262 5053 2413 5107 albos
2444 5052 2524 5105 vel
2570 5051 2758 5119 longus
2779 5092 2792 5113 ,
2831 5067 2925 5101 nee
2955 5049 3107 5117 quasi
3140 5046 3499 5102 circumfusus
3528 5054 3577 5098 et
3612 5043 3705 5097 de-

2118 5144 2435 5197 terminatus
2465 5141 2792 5210 proprietate
2821 5140 3021 5204 aliqua,
3056 5153 3158 5207 qua
3191 5136 3461 5204 designari
3508 5147 3706 5187 secun-

2117 5235 2243 5286 dum
2270 5249 2328 5287 se
2376 5234 2574 5301 possit,
2610 5232 2703 5285 sed
2738 5241 2942 5282 tantum
2972 5228 3114 5296 quod
3146 5228 3216 5280 sit
3239 5226 3367 5279 illud
3396 5223 3518 5278 aliis
3542 5221 3706 5277 infor-

2123 5335 2323 5379 matum
2372 5326 2533 5379 rebus
2557 5365 2569 5386 .
2614 5338 2707 5392 per
2739 5322 2769 5375 Ιι
2809 5338 2875 5375 tte
2913 5318 3349 5389 prmdicationcm
3387 5315 3704 5371 ostenditur.

2124 5418 2198 5473 De
2230 5418 2337 5471 Deo
2364 5432 2492 5472 vero
2522 5432 2625 5470 non
2659 5419 2728 5469 ita
2761 5433 2773 5469 :
2809 5431 2929 5468 nam
2962 5412 3102 5483 quod
3135 5413 3332 5481 ubique
3360 5422 3469 5477 est,
3502 5411 3577 5464 ita
3604 5406 3707 5463 dici

2125 5512 2487 5574 videtur,’non
2520 5510 2659 5579 quod
2689 5510 2739 5561 in
2774 5509 2918 5562 muni
2953 5506 3019 5561 sit
3054 5508 3171 5561 loco
3203 5505 3445 5573 (omnino
3485 5501 3627 5557 enim
3654 5500 3706 5552 in

2126 5604 2245 5657 loco
2273 5617 2391 5656 esse
2426 5619 2528 5654 non
2562 5600 2780 5669 potest),
2813 5600 2904 5654 sed
2936 5598 3080 5669 quod
3111 5597 3160 5650 ι·ἰ
3189 5595 3364 5649 omnis
3394 5595 3547 5648 locus
3574 5589 3709 5645 adsit

2131 5686 2192 5745 ad
2220 5710 2337 5746 eum
2357 5710 2453 5760 cap
2479 5711 2544 5746 cn
2569 5695 2697 5753 lum,
2725 5709 2846 5744 cuin
2880 5693 2990 5759 ipsc
3021 5705 3124 5743 non
3158 5687 3483 5757 suscip’atur
3502 5685 3556 5739 in
3579 5683 3707 5746 loco;
