4014 6336
341 309 476 367 1253

1514 354 1521 361 .
1581 308 1667 368 DE
1707 307 2065 367 TRlNiTATF.
2107 310 2325 368 LIBER.

3446 319 3583 375 1254

336 435 495 493 atque
534 422 653 478 ideo
701 437 958 493 nusquam
990 425 1040 478 in
1084 425 1200 480 loro
1230 438 1348 480 esse
1380 421 1607 490 dicitur,
1650 404 1897 494 quoniam
1933 427 1976 482 Α
2012 433 2067 475 ιιι
2098 426 2388 479 εειιιιιιίιιηι
2420 440 2477 479 se
2509 425 2573 480 sit
2606 427 2912 495 prmdicatio
2934 468 2947 492 ,
2983 443 3049 482 an
3080 428 3322 485 minime.
3355 430 3512 505 Atqui
3535 434 3581 488 si

332 517 532 584 ubique
554 527 656 571 .cst
679 557 696 583 ,
742 518 832 571 sed
865 534 968 571 non
1012 518 1063 570 iu
1098 518 1234 571 loco.
1284 516 1508 583 Quando
1545 534 1673 570 vero
1713 518 1827 569 eod.
1852 534 1901 571 ιιι

335 607 653 672 praedicmur
683 608 862 673 modo,
896 616 953 659 ιιι
973 608 1038 661 de
1062 608 1296 674 homine,
1330 607 1445 661 beri
1468 609 1646 674 venit;
1676 610 1744 664 de
1775 611 1902 671 Deo,

334 710 548 763 semper
578 705 681 750 est.
718 696 810 750 llic
835 711 1047 767 quoque
1077 713 1182 750 non
1206 698 1353 767 quasi
1382 713 1501 753 esse
1530 700 1728 768 aliquid
1773 700 1906 753 dici-

334 796 420 840 tur
452 786 580 840 illud
627 789 798 857 ipsum
849 788 917 843 de
946 804 1051 858 quo
1084 788 1364 843 hesternus
1394 790 1589 844 dii-itur
1617 791 1902 856 adventus,

328 877 429 932 sed
459 878 584 947 quid
607 880 657 933 ei
690 880 981 934 secundum
1010 888 1220 951 tempus
1251 883 1540 936 accesserit
1563 883 1901 949 praedicatur.

328 967 483 1034 Quod
505 984 633 1023 vero
659 969 723 1023 de
749 969 857 1023 Deo
883 970 1096 1037 dicitur,
1122 986 1333 1037 semper
1360 981 1465 1036 est;
1496 988 1656 1025 unum
1688 973 1901 1041 quidem

334 1059 617 1127 significat,
650 1061 801 1129 quasi
833 1063 977 1115 omni
1011 1063 1279 1130 p-mterito
1314 1062 1491 1130 fuerit,
1521 1065 1664 1118 omni
1695 1081 1903 1134 quoque

330 1148 492 1200 modo
517 1148 585 1201 sit
617 1153 894 1215 pri-senti,
929 1152 1070 1204 omni
1115 1152 1289 1204 futuro
1330 1153 1452 1207 erit.
1484 1154 1635 1220 Quod
1667 1155 1734 1208 de
1763 1157 1902 1210 coelo

331 1247 387 1293 et
433 1240 500 1294 de
550 1240 757 1294 caeteris
807 1242 1192 1296 immortalibus
1240 1243 1554 1310 corporibus
1606 1245 1897 1299 secundum

334 1330 677 1399 philosophos
704 1331 806 1385 dici
836 1341 1029 1400 potest.
1081 1333 1147 1386 At
1172 1334 1238 1387 de
1268 1333 1376 1387 Deo
1407 1350 1512 1387 non
1546 1334 1645 1401 ita,
1687 1351 1901 1407 semper

328 1421 472 1475 enim
498 1432 601 1483 est,
631 1437 772 1489 quon
795 1437 881 1475 am
908 1437 1121 1492 semper
1157 1426 1434 1493 prtesentis
1462 1435 1543 1480 est
1575 1428 1624 1480 in
1673 1443 1737 1481 eo
1769 1441 1902 1483 tem-

329 1512 503 1580 poris,
539 1520 849 1581 tantumque
879 1512 1017 1566 inter
1064 1525 1361 1568 nostrarum
1406 1531 1582 1569 rerum
1630 1532 1895 1585 prmseus,

328 1608 468 1677 quod
498 1617 598 1670 est,
648 1623 810 1672 nunc,
845 1607 910 1661 ad
942 1609 1239 1662 dixinarum
1263 1648 1278 1670 ,
1309 1611 1448 1678 quod
1492 1621 1728 1663 ιιοειιιιιιι
1759 1626 1896 1691 nunc

327 1697 475 1765 quasi
506 1710 730 1752 currens
752 1706 961 1766 tempus
993 1697 1115 1751 facit
1138 1706 1192 1751 et
1215 1701 1627 1766 sempiternmn;
1660 1702 1893 1755 divinum

2008 512 2217 567 auferas
2262 529 2510 578 servum,
2564 519 2845 572 abstuleris
2895 528 2945 572 et
3004 520 3316 584 dominum;
3373 531 3428 577 at
3476 536 3584 578 non

2006 604 2214 656 etiamsi
2258 603 2537 660 abstuleris
2579 607 2911 673 albedinem,
2944 609 3226 664 abstuleris
3267 626 3476 681 quoqtte
3505 613 3583 665 al-

2008 690 2153 744 bum.
2187 693 2293 747 Sed.
2339 695 2588 754 interest,
2622 699 2757 766 quod
2791 699 2981 754 albedo
3026 701 3223 754 accidit
3269 701 3427 766 albo,
3476 719 3579 771 qua

2006 782 2210 835 sublata
2258 786 2393 851 perit
2422 787 2670 840 nimirum
2701 790 2899 842 album.
2928 791 2996 844 At
3026 790 3079 843 in
3107 792 3325 844 domino
3348 834 3362 856 ,
3392 794 3435 846 si
3462 809 3579 847 scr-

2007 886 2127 924 vum
2157 873 2365 926 auferas
2384 915 2398 936 ,
2433 877 2567 944 perit
2597 878 2917 932 vocabulmn
2944 896 3050 949 quo
3088 881 3332 936 dominus
3355 880 3579 937 vocaba-

2006 969 2107 1012 tur.
2145 959 2249 1014 Sed
2284 976 2387 1015 non
2417 964 2610 1015 accidit
2635 979 2821 1019 servus
2850 968 3095 1034 domino,
3129 978 3186 1022 ut
3210 970 3401 1024 albedo
3431 972 3576 1029 albo.

2004 1050 2098 1103 sed
2152 1059 2386 1118 potestas
2434 1054 2675 1120 quadam
2721 1070 2821 1125 qua
2874 1072 3063 1112 servus
3116 1071 3411 1124 coercetur,
3459 1077 3578 1129 qua:

2007 1141 2255 1207 quoniam
2282 1141 2489 1195 sublato
2516 1143 2727 1212 deperit
2752 1159 2908 1200 Servo
2928 1188 2944 1210 ,
2972 1158 3181 1202 constat
3205 1164 3311 1205 non
3333 1165 3450 1205 eam
3484 1166 3579 1218 per

2003 1244 2062 1283 se
2093 1231 2310 1285 domino
2336 1234 2610 1300 accidere,
2634 1235 2727 1289 sed
2759 1254 2850 1303 per
2878 1252 3154 1293 servorum
3181 1240 3576 1309 quodammodo

2001 1323 2339 1378 extrinsecus
2368 1340 2659 1380 accessum.
2696 1330 2807 1381 Non
2840 1331 2999 1398 igitur
3027 1332 3130 1385 dici
3164 1341 3338 1401 potest
3376 1334 3575 1403 piacdi-

2000 1409 2265 1464 cntionem
2297 1411 2575 1466 relativam
2615 1418 2900 1483 quidquam
2941 1418 3015 1471 rei
3044 1418 3111 1473 de
3136 1435 3237 1488 qua
3268 1421 3463 1475 dicitur
3488 1436 3575 1474 se-

2002 1500 2234 1555 cundum
2262 1516 2321 1556 se
2347 1547 2361 1569 ,
2396 1505 2479 1558 vel
2524 1506 2758 1570 addere,
2807 1514 2885 1562 vel
2932 1510 3173 1566 minuere
3215 1512 3296 1565 vel
3345 1522 3573 1566 mutare.

1999 1589 2127 1658 Quae
2155 1601 2262 1645 tota
2292 1607 2396 1647 non
2424 1594 2477 1673 in
2507 1599 2741 1662 eoqund
2771 1614 2811 1650 ει
2832 1608 2849 1649 ι
2872 1614 2991 1652 εεεε
3012 1601 3276 1669 consistit,
3306 1601 3399 1657 sed
3430 1602 3482 1656 iu
3508 1619 3575 1656 eo

2000 1685 2141 1753 quod
2192 1696 2273 1739 est
2320 1688 2372 1740 in
2419 1692 2710 1754 comparati
2752 1706 2817 1743 ne
2848 1691 3026 1760 aliquo
3054 1693 3213 1746 modo
3244 1709 3303 1747 se
3344 1693 3571 1759 habere;

327 1800 456 1840 vero
500 1800 639 1840 nunc
691 1800 1045 1854 permanens,
1110 1802 1280 1855 neque
1315 1802 1531 1841 movens
1568 1804 1689 1844 sese
1738 1800 1897 1860 atque
1930 1788 1970 1847 Β
2002 1790 2101 1832 nec
2138 1792 2352 1846 semper
2401 1780 2465 1832 3d
2514 1780 2685 1845 δῖίυάν
2712 1782 2804 1834 εθά
2848 1783 3126 1851 alill"Olies
3166 1784 3231 1838 ad
3276 1785 3434 1839 ίιίθηιο
3464 1788 3574 1854 Age

323 1873 645 1939 consistens,
690 1876 1046 1929 mternitatem
1081 1875 1224 1930 facit.
1255 1876 1346 1930 Cui
1383 1877 1585 1931 nomini
1606 1878 1649 1932 si
1678 1878 1898 1948 adjicias

321 1979 559 2035 semper,
590 1966 752 2021 facies
780 1968 896 2037 ejus
920 1968 1060 2038 quod
1084 1981 1164 2023 est
1194 1970 1529 2040 nuncjugem
1557 1964 1897 2027 indefesSumL

317 2069 429 2124 que
456 2069 517 2108 ac
547 2071 639 2125 per
666 2054 768 2109 hoc
796 2065 1108 2127 perpetuum
1140 2074 1378 2124 cursum,
1416 2063 1555 2132 quod
1589 2073 1670 2117 est
1698 2068 1894 2133 sempi-

323 2144 565 2198 ternitas.
602 2144 838 2211 Rursus,
885 2148 1080 2204 habere
1119 2149 1198 2204 vel
1231 2150 1437 2219 facere,
1470 2155 1656 2207 eodem
1689 2157 1847 2210 modo
1876 2174 1891 2209 :

322 2231 743 2298 dicimus-enim,
772 2238 960 2289 currit
990 2240 1213 2294 vestitus
1237 2280 1254 2304 ,
1292 2242 1358 2295 de
1383 2242 1628 2309 hom'ue;
1669 2246 1737 2301 de
1760 2246 1888 2308 Deo.

320 2335 510 2378 cuncta
534 2326 817 2394 possidens
843 2330 998 2398 regit.
1042 2331 1245 2386 Rursus
1277 2334 1410 2387 nihil
1443 2337 1507 2387 de
1553 2351 1619 2390 eo
1648 2339 1787 2406 quod
1812 2348 1889 2393 est

318 2427 442 2467 esse
465 2412 533 2467 de
564 2414 801 2484 utrisque
830 2416 1029 2472 dictum
1058 2428 1157 2475 est.
1194 2420 1300 2476 Sed
1336 2415 1447 2476 hze'c
1483 2426 1655 2477 oumis
1702 2428 1893 2494 pracdi—

314 2502 461 2557 catio
476 2505 833 2561 exterioribus
850 2507 1027 2573 datur,
1050 2512 1331 2582 omniaque
1353 2505 1467 2568 lucc
1489 2516 1712 2582 quodam
1734 2519 1891 2587 modo

316 2591 627 2648 referuntur
644 2594 710 2649 ad
729 2597 905 2667 aliud;
931 2600 1085 2668 cujus
1109 2603 1502 2670 praedicationis
1531 2606 1886 2663 differentiam

314 2685 399 2738 sic
436 2685 641 2742 facilius
668 2690 1075 2745 internoscimus
1107 2710 1122 2745 :
1155 2695 1241 2764 qui
1275 2698 1435 2750 homo
1460 2707 1562 2761 est,
1600 2702 1681 2752 vel
1716 2700 1886 2769 Deus,

316 2774 547 2829 refertur
572 2777 636 2830 ad
665 2780 1018 2835 substantiam
1047 2798 1148 2851 qua
1176 2795 1257 2839 εει
1286 2785 1507 2855 aliquid,
1535 2788 1584 2841 id
1616 2799 1698 2844 est
1731 2793 1888 2845 homo

317 2866 403 2919 vel
434 2866 605 2933 Deus;
634 2884 665 2938 q
692 2871 720 2922 ‘i
739 2870 916 2936 justus
942 2883 1045 2937 est,
1080 2874 1310 2929 refertur
1339 2878 1402 2930 ad
1430 2881 1763 2948 qualitatem,
1786 2897 1887 2951 qua

315 2952 519 3007 scilicet
566 2964 649 3009 est
696 2956 916 3026 aliquid,
957 2959 1007 3014 id
1039 2972 1118 3015 est
1144 2962 1353 3031 justus;
1397 2968 1485 3035 qui
1530 2984 1786 3038 magnus,
1820 2972 1886 3026 ad

288 3048 687 3117 quantitatem,
717 3064 821 3118 qua
846 3050 1173 3123 estaliquid,
1206 3055 1259 3109 id
1292 3071 1371 3113 est
1400 3076 1642 3129 magnus.
1673 3061 1801 3116 Nam
1833 3066 1885 3119 iu

2000 1869 2141 1920 enim
2170 1877 2272 1920 stet
2296 1868 2574 1937 quisquam
2598 1908 2610 1931 ,
2634 1871 2685 1939 ei
2718 1871 2874 1939 igitur
2896 1872 2939 1925 si
2965 1874 3211 1927 accedam
3236 1874 3443 1937 dexter,
3471 1874 3575 1929 e.it

1999 1956 2089 2010 ille
2120 1957 2338 2011 sinister
2379 1958 2444 2011 ad
2496 1974 2579 2013 me
2619 1971 2988 2028 comparatus,
3032 1978 3135 2017 non
3167 1964 3307 2030 quod
3340 1964 3429 2018 ille
3460 1964 3574 2033 ipse

1997 2046 2215 2101 sinister
2238 2050 2340 2114 sit,
2372 2050 2464 2102 ειοά
2491 2051 2629 2118 quod
2661 2067 2758 2118 ego
2786 2052 2975 2105 dexter
3000 2054 3337 2109 atcesserim.
3370 2054 3574 2109 Rursus

1994 2151 2095 2204 ego
2136 2138 2352 2193 sinister
2397 2141 2624 2205 accedo,
2656 2143 2780 2195 item
2828 2145 2884 2194 lit
2916 2144 3005 2197 ille
3051 2146 3262 2210 dexter,
3294 2162 3396 2199 non
3429 2146 3571 2213 quod

1998 2227 2069 2279 ita
2099 2226 2170 2280 sit
2190 2242 2285 2295 per
2305 2242 2361 2281 se
2384 2229 2593 2292 dexter,
2627 2231 2763 2283 velut
2796 2232 2944 2284 albus
2975 2249 3036 2285 ac
3067 2235 3283 2302 longus,
3307 2235 3399 2288 sed
3430 2235 3570 2305 quod

1996 2332 2080 2370 me
2125 2318 2408 2372 accedente
2458 2319 2513 2372 fit
2556 2322 2760 2383 dexter,
2803 2320 2960 2390 atque
2994 2323 3040 2376 id
3073 2327 3210 2392 quod
3252 2334 3367 2390 est,
3408 2341 3436 2379 a
3485 2343 3571 2380 me

1992 2416 2047 2460 et
2074 2423 2138 2461 ex
2170 2424 2254 2462 me
2283 2421 2359 2464 est
2384 2450 2399 2474 ,
2434 2412 2651 2465 minime
2684 2430 2809 2467 \‘CIO
2848 2431 2910 2469 ex
2957 2434 3096 2471 sese.
3133 2422 3308 2484 Quare
3338 2435 3458 2489 qua:
3486 2436 3570 2473 se.

1992 2497 2223 2551 cundum
2270 2502 2342 2553 rei
2389 2501 2647 2569 alicujus.
2686 2505 2745 2556 in
2775 2520 2841 2558 eo
2869 2508 3009 2571 quud
3044 2509 3151 2576 ipsa
3184 2521 3298 2573 est,
3333 2512 3569 2579 preprie-

1992 2595 2187 2650 tatem,
2221 2603 2325 2642 non
2380 2589 2577 2645 faciunt
2622 2592 2764 2660 ρι’ωά
2790 2595 3085 2660 cationem,
3132 2599 3258 2651 nihil
3301 2600 3569 2655 alternare

1992 2674 2072 2729 vel
2115 2686 2321 2733 mutare
2369 2689 2602 2747 queunt.
2638 2682 2941 2751 nullamque
2983 2687 3197 2739 ιιιιιιιὶιιο
3242 2690 3449 2742 variare
3478 2708 3568 2744 es—

1988 2766 2235 2821 sentiam.
2277 2768 2535 2832 Quocirca
2578 2771 2622 2824 si
2674 2772 2826 2826 Pater
2864 2789 2926 2827 ac
2957 2776 3118 2831 l-‘ilms
3147 2779 3212 2831 ad
3243 2781 3439 2848 aliquid
3479 2783 3569 2835 di-

1989 2866 2204 2920 cuntur,
2235 2857 2467 2926 nihilque
2497 2861 2670 2924 aliud,
2701 2875 2750 2915 ut
2783 2864 2978 2917 dictum
3003 2877 3112 2931 εει,
3146 2868 3399 2929 differunt
3422 2911 3435 2933 ,
3468 2873 3567 2925 nisi

1988 2946 2102 3000 sola
2147 2947 2427 3013 relatione,
2460 2951 2650 3003 relatio
2682 2969 2808 3007 vero
2838 2971 2941 3007 nou
2972 2956 3289 3024 przedicatur
3316 2962 3380 3013 ad
3410 2960 3460 3013 id
3500 2963 3568 3016 de

1952 3078 1955 3083 .
1987 3052 2093 3104 quo
2140 3038 2395 3107 prmdtctit
2418 3058 2460 3094 ιι·
2504 3043 2653 3110 quasi
2686 3044 2797 3111 ipsa
2829 3047 2899 3099 sit
2941 3059 2993 3100 et
3021 3050 3312 3103 secundum
3350 3066 3463 3115 rem
3501 3055 3568 3107 de

314 3137 526 3191 ceteris
553 3138 1023 3205 prmdii'ationibus
1046 3144 1307 3211 nihiltale
1331 3160 1430 3202 est.
1458 3151 1552 3215 Qui
1584 3153 1725 3217 enim
1757 3153 1885 3208 dicit

1992 3139 2091 3194 qua
2139 3126 2356 3194 dicitur,
2405 3144 2509 3182 non
2566 3133 3071 3190 meietalteritaem
3118 3153 3328 3205 rerum,
3357 3140 3425 3195 de
3458 3140 3566 3210 qua

311 3240 434 3281 esse
463 3230 695 3299 aliquem
730 3234 780 3285 in
820 3233 958 3296 foro,
994 3235 1076 3289 vel
1108 3237 1330 3307 ubique,
1366 3240 1530 3295 refert
1559 3244 1771 3311 quidem
1817 3245 1883 3299 ad

313 3319 790 3405 pradicamentum
820 3325 958 3409 quod
991 3337 1071 3381 est
1103 3329 1226 3394 ubi,
1269 3332 1361 3385 sed
1409 3349 1509 3385 non
1546 3353 1650 3405 quo
1685 3338 1883 3409 aliquid

313 3420 419 3475 est,
466 3402 607 3465 velut
655 3406 861 3481 justitia
891 3417 1089 3485 justus.
1139 3420 1411 3476 ltemcum
1456 3402 1576 3479 dico
1608 3402 1787 3482 currit"
1805 3430 1882 3483 vel

313 3500 467 3567 regit,
497 3503 579 3553 Vel
616 3518 756 3557 nunc
785 3515 891 3571 est,
919 3510 1001 3560 vel
1032 3522 1246 3576 semper
1272 3525 1375 3574 εει.
1408 3515 1634 3570 tefertur
1668 3519 1880 3587 quidem

313 3590 396 3642 vel
428 3591 492 3642 ad
527 3590 731 3658 facere,
758 3597 841 3648 vel
872 3597 935 3648 ad
964 3607 1201 3667 tempus:
1234 3602 1274 3653 si
1306 3611 1480 3657 tamen
1506 3607 1581 3660 int
1620 3611 1717 3659 rim
1740 3649 1755 3672 ,
1804 3611 1885 3664 di-

314 3675 492 3731 vinum
523 3679 649 3733 illud
672 3695 908 3751 semper,
934 3694 1141 3754 tempus
1162 3687 1263 3743 dici
1288 3703 1482 3758 potest,
1504 3695 1596 3748 scd
1627 3712 1728 3750 non
1755 3715 1879 3768 quo,

315 3778 372 3822 ut
398 3769 577 3838 aliquo
596 3811 612 3837 ,
638 3772 835 3842 aliquid
862 3785 973 3841 est,
1003 3778 1144 3834 velut
1186 3778 1552 3851 magnitudine
1577 3803 1827 3859 magnum
1864 3807 1878 3845 :

311 3873 434 3914 nam
460 3864 617 3917 situm
641 3868 1057 3938 passionemq‘ie
1086 3873 1285 3942 requiri
1311 3876 1360 3927 in
1388 3877 1494 3930 Deo
1518 3892 1621 3933 non
1646 3891 1880 3949 oportet;

310 3970 482 4025 neque
512 3959 653 4013 enim
705 3972 848 4015 sunt.
900 3963 1090 4020 1Ιςιιιιιιε
1122 3977 1266 4035 patet
1306 3985 1422 4036 qme
1470 3971 1767 4027 differentia
1812 3976 1883 4031 sit

311 4048 791 4113 praedicationum?
821 4056 960 4122 quod
985 4055 1102 4110 alia:
1129 4058 1342 4127 quidem
1376 4065 1529 4129 quasi
1575 4080 1687 4117 rem
1725 4084 1879 4122 ruon-

309 4146 502 4202 strant,
533 4140 650 4192 alia:
681 4155 805 4196 vero
844 4145 995 4211 quasi
1025 4149 1455 4207 circumstantias
1480 4156 1587 4218 rei;
1630 4160 1879 4225 quodque

310 4223 403 4279 ilia
427 4229 640 4297 quidem
671 4230 737 4283 ita
770 4234 1147 4302 przedicanttr‘,
1175 4248 1231 4297 ut
1261 4253 1381 4295 esse
1408 4242 1608 4310 aliquid
1645 4223 1756 4300 rem
1793 4223 1881 4302 os-

313 4322 531 4375 tendant
558 4340 571 4376 :
597 4323 685 4381 illa
707 4342 858 4391 vero,
878 4336 936 4383 ut
960 4344 1062 4383 non
1088 4346 1229 4396 esse,
1248 4335 1341 4387 sed
1360 4337 1535 4404 potius
1547 4340 1880 4396 extrinsecus

310 4412 506 4478 aliquid
538 4420 766 4485 quodam
792 4420 950 4474 modo
978 4422 1214 4492 alligant.
1250 4427 1337 4479 Illa
1359 4428 1515 4497 igitur
1533 4447 1650 4499 qua:
1678 4434 1746 4487 ali
1772 4433 1876 4500 ,ιιἱά

1990 3215 2226 3287 dicitur,’
2255 3219 2379 3283 sed,
2430 3221 2475 3274 si
2516 3214 2635 3275 dici
2677 3234 2879 3292 potest,
2926 3229 3292 3296 quodquidem
3320 3232 3477 3285 tundo
3514 3232 3564 3286 id

1989 3294 2132 3377 quod
2166 3308 2250 3362 vix
2281 3300 2736 3387 intelligipnlttil,
2769 3315 3171 3383 iuzerpretatnm
3203 3329 3281 3372 est
3315 3320 3567 3391 persona-

1987 3414 2127 3453 rum.
2160 3400 2390 3455 Omnino
2415 3405 2556 3457 enim
2585 3420 2771 3469 magia
2803 3409 2999 3475 regulae
3029 3419 3112 3463 est
3138 3416 3356 3476 veritas,
3391 3413 3441 3465 in
3481 3430 3565 3468 rc—

1988 3490 2086 3543 bus
2118 3492 2541 3559 incorporalibus
2562 3535 2577 3556 ,
2609 3498 2886 3549 dist..ntias
2923 3499 3061 3552 elfiei
3087 3503 3397 3556 differentiis
3417 3548 3431 3569 ,
3460 3522 3564 3558 nou

1988 3580 2140 3636 locis.
2160 3582 2339 3648 [\‘eque
2361 3586 2646 3638 accessisse
2675 3586 2775 3638 diri
2801 3596 2973 3655 ptiiCal
2997 3590 3195 3658 aliquid
3228 3593 3355 3656 Deo,
3387 3605 3439 3645 ut
3470 3595 3567 3648 Pa-

1987 3680 2068 3724 ter
2110 3672 2290 3736 fieret;
2337 3690 2440 3726 non
2485 3677 2626 3729 enim
2666 3679 2824 3744 εωιιίι
2869 3695 2987 3733 esse
3030 3696 3259 3748 Unquam
3291 3683 3467 3747 Pater,
3500 3674 3565 3739 eo

1986 3763 2125 3824 quod
2158 3765 2521 3818 substantials
2552 3767 2765 3834 quidem
2796 3768 2844 3822 ei
2875 3779 2957 3823 est
2989 3771 3267 3837 productio
3295 3771 3448 3837 Filii,
3481 3790 3564 3829 re-

1990 3852 2144 3905 lativa
2176 3842 2301 3907 vero
2328 3854 2635 3921 prmdicatio
2664 3857 2854 3913 i’atris.
2897 3861 2973 3914 Ac
3003 3862 3045 3913 si
3080 3862 3418 3917 meminimus
3444 3880 3561 3919 om-

1988 3941 2132 3993 nium
2165 3942 2215 3995 iu
2259 3943 2439 4012 priori”
2466 3962 2525 3997 us
2567 3946 2632 3999 de
2676 3947 2782 4001 Deo
2822 3951 3236 4017 Sententiarum,
3268 3956 3335 4007 ita
3366 3957 3563 4026 cogite-

1988 4046 2104 4084 mus
2125 4072 2139 4095 ,
2169 4035 2494 4098 processisse
2515 4038 2730 4105 quidem
2752 4055 2814 4093 ex
2842 4040 2949 4094 Deo
2973 4040 3128 4096 Patre
3153 4042 3340 4098 Filium
3374 4046 3557 4113 Deum,

1986 4128 2039 4173 et
2067 4137 2130 4174 ex
2165 4125 2404 4192 utriSque
2435 4126 2689 4194 Spiritum
2721 4143 2817 4183 san
2854 4139 2987 4186 tum.
3021 4133 3158 4196 llos,
3188 4138 3437 4204 quoniam
3476 4141 3560 4194 iu-

1984 4212 2287 4279 corporale‘s
2314 4214 2451 4277 sint,
2494 4217 2708 4272 minime
2741 4219 2868 4273 locis
2898 4218 3121 4287 distare,
3149 4227 3397 4292 quoniam
3429 4244 3559 4285 vero

1989 4302 2140 4357 Pater
2168 4304 2305 4358 Deus
2330 4315 2382 4358 et
2413 4306 2576 4362 Filius
2609 4310 2746 4363 Deus
2788 4323 2841 4365 et
2882 4314 3114 4380 Spiritus
3142 4328 3356 4371 sanctus
3384 4321 3521 4377 Deus
3540 4363 3555 4385 ,

1988 4390 2124 4444 Deus
2152 4406 2277 4445 vero
2309 4394 2479 4447 nullas
2505 4396 2660 4450 habet
2692 4398 3018 4455 differentias
3061 4405 3251 4472 quibus
3291 4410 3500 4464 differat
3528 4428 3556 4465 a

304 4516 426 4556 esse
452 4481 733 4574 designant
764 4512 1053 4565 secundum
1085 4529 1216 4578 rem,
1258 4481 1661 4583 prmdicatidnes
1686 4482 1879 4578 νηέεη-
1907 4508 1960 4568 Ῑ)
1988 4481 2121 4583 D.eo’
2164 4497 2199 4583 ,a
2251 4486 2395 4583 ".uno
2443 4503 2627 4583 efﬁgi”
2679 4490 2872 4565 durem
2926 4494 3247 4552 D'ﬂercm'm
3292 4516 3419 4555 Nm
3470 4508 3555 4558 "bl

310 4602 414 4655 tur,
443 4609 561 4661 qu:e
590 4611 716 4651 cum
732 4599 798 4654 de
836 4602 995 4657 rebus
1036 4604 1292 4675 subjectis
1319 4610 1587 4675 dicuntur,
1617 4624 1878 4677 vocantur

307 4684 633 4753 accidentia,
660 4694 954 4748 secundum
988 4712 1097 4751 rem
1118 4706 1153 4765 ;‘,
1183 4714 1300 4752 cum
1345 4716 1471 4756 vero
1512 4702 1578 4757 de
1610 4704 1740 4773 Deo,
1783 4705 1876 4775 qui

306 4775 574 4843 subjectus
604 4794 708 4833 non
740 4793 843 4849 est,
876 4788 1166 4841 secundum
1193 4789 1543 4848 substantiam
1568 4797 1643 4850 rei
1685 4798 1876 4865 ιιι-ωιιέ-

302 4867 447 4921 ratio
472 4881 827 4939 nuncupatur.

922 5026 1147 5084 CAPUT
1189 5030 1249 5084 V.

684 5115 951 5180 Quomodo
984 5116 1121 5172 Deus
1150 5122 1201 5173 in
1233 5123 1494 5179 relatione.

376 5222 483 5291 Age
538 5239 673 5277 nunc
721 5226 787 5280 de
832 5228 1070 5284 relativis
1119 5234 1474 5300 speculemur,
1530 5254 1625 5305 pr.)
1678 5243 1871 5309 quibus

300 5325 459 5365 omne
483 5314 620 5380 quod
652 5314 847 5369 dictum
877 5331 956 5372 est
985 5324 1308 5390 sumpsimus
1336 5326 1399 5378 ad
1433 5328 1865 5396 diSputatioucm.

301 5399 525 5456 Maxime
552 5404 692 5457 enim
738 5408 851 5460 hrec
882 5424 989 5463 non
1017 5412 1261 5467 videntur
1287 5418 1576 5472 secundum
1608 5434 1668 5475 se
1700 5423 1763 5474 fat
1780 5440 1872 5477 ere

303 5491 763 5557 praedicationem,
814 5512 934 5565 qu:e
979 5504 1257 5568 perSpicue
1303 5522 1365 5559 ex
1414 5508 1588 5565 alieno
1637 5513 1866 5569 adventu

299 5595 545 5641 constare
578 5590 985 5657 perspiciuntur.
1025 5596 1133 5663 Age
1174 5600 1313 5651 enim
1346 5603 1590 5669 quoniam
1621 5606 1866 5662 dominus

301 5688 360 5726 ac
387 5691 570 5731 servus
616 5680 834 5735 relativa
876 5695 994 5737 sunt
1020 5726 1033 5749 ,
1067 5688 1334 5742 videamus
1375 5702 1617 5749 utrumne
1663 5699 1729 5752 ita
1762 5704 1860 5765 sit,

1986 4574 2211 4636 absunt,
2243 4574 2394 4629 abest
2426 4560 2613 4643 plurali
2642 4594 2729 4644 as;
2775 4562 2861 4635 ubi
2891 4585 3039 4639 abest
3081 4589 3228 4655 plma
3256 4591 3381 4656 itas,
3408 4596 3558 4651 adest

1986 4663 2160 4716 unitas
2192 4680 2206 4717 :
2239 4663 2367 4718 nihil
2407 4678 2582 4721 autem
2613 4671 2755 4723 aliud
2798 4673 2940 4742 gigni
2976 4681 3144 4744 potuit
3185 4698 3247 4735 ex
3286 4683 3424 4750 Deo,
3458 4689 3555 4739 nisi

1986 4750 2152 4812 Deus.
2201 4763 2254 4806 ct
2298 4755 2349 4807 in
2388 4758 2548 4811 rebus
2586 4764 3000 4820 numerabilibus
3026 4772 3272 4837 repetitio
3295 4777 3554 4830 unitatum

1982 4862 2087 4901 non
2129 4846 2263 4902 facit'
2296 4852 2467 4903 modis
2499 4854 2743 4908 omnibus
2771 4858 3149 4936 pluralitatept.
3182 4864 3360 4919 Trium
3399 4869 3555 4936 igitur

1982 4938 2173 4992 idonee
2199 4941 2485 4994 Conditum
2516 4954 2598 4997 est
2627 4944 2715 4998 uni
2741 4960 2820 5000 as.

2587 5053 2812 5110 CAPUT
2844 5057 2926 5112 Vl.

2252 5141 2516 5205 Quomodo
2544 5147 2714 5200 uuiias
2748 5158 2794 5201 et
2826 5151 3023 5204 trinitas
3054 5152 3106 5203 in
3149 5151 3275 5208 Deo.

2046 5247 2152 5304 Sed
2177 5255 2423 5321 quoniam
2458 5259 2606 5327 [nulla
2650 5261 2836 5316 relatio
2876 5264 2940 5316 ad
2983 5267 3213 5333 seipsum
3244 5270 3431 5325 referti
3461 5287 3552 5342 po-

1982 5350 2114 5406 test,
2148 5343 2279 5399 idcir
2314 5362 2346 5399 ο
2376 5349 2513 5416 quod
2545 5367 2603 5402 ea
2638 5353 2925 5406 secundum
2958 5357 3188 5424 :eipsum
3235 5370 3317 5415 est
3361 5365 3551 5431 prtuli-

1979 5435 2117 5486 catio
2139 5450 2257 5501 qua:
2283 5438 2537 5493 relatione
2565 5454 2743 5508 caret,
2784 5445 2916 5498 facta
2947 5449 3158 5515 quidem
3189 5464 3268 5506 est
3303 5454 3551 5509 trinitatis

1979 5528 2327 5583 numerositas
2371 5530 2420 5584 in
2463 5547 2528 5586 co
2572 5535 2712 5601 quod
2758 5550 2838 5589 est
2888 5539 3199 5605 prsedicatio
3243 5545 3549 5604 relationis;

1976 5625 2180 5670 scrvata
2217 5635 2341 5673 vero
2372 5626 2546 5675 unitas
2578 5624 2738 5677 in'eo
2775 5628 2913 5695 quod
2960 5637 3042 5683 est
3084 5630 3435 5688 indifferentia
3468 5638 3549 5691 vel

1974 5711 2313 5775 Substautim,
2360 5713 2438 5764 vel
2472 5698 2830 5785 Operationis,
2881 5720 2959 5773 vel
3005 5723 3222 5778 omnino
3269 5725 3385 5793 ejus
3431 5741 3548 5797 qua:
