3978 6352
219 280 355 338 19.57

1214 277 1527 333 CILBERTI
1572 274 1917 334 PORRETE
1952 276 2443 333 COMMENTARIA

3324 276 3457 331 1:253

214 397 447 464 spiritui,
478 397 567 476 nni
600 393 825 476 homini,
858 393 1131 476 qui‘SilE‘ilii
1162 403 1320 447 estet
1357 408 1554 462 corpus
1582 400 1635 447 et
1673 393 1780 457 spi-
1817 395 1858 444 Α
1890 391 2243 445 nevolentiam
2294 404 2418 440 vero
2446 396 2740 458 comparat,
2767 398 2818 471 et
2846 389 2912 442 ab
2958 389 3119 453 'pslus
3147 390 3226 473 rei
3259 391 3453 476 digni-

216 471 375 531 riius,
400 467 556 519 simul
582 467 925 518 conveniunt.
951 466 1053 517 Sed
1077 466 1405 516 diversarum
1432 478 1779 531 personarum

216 541 430 593 diversa
461 538 673 602 propria
718 537 871 587 unius
911 549 1031 587 es'se
1077 551 1183 586 nott
1230 545 1446 593 pinsunt
1486 551 1497 585 :
1531 533 1782 600 quoniam

217 625 382 662 unum
414 607 658 670 aliquod,
692 605 794 658 etsi
839 620 902 656 cx
951 603 1284 658 diversarum
1338 605 1577 673 partibus
1628 617 1791 669 geni--

222 694 378 743 rum,
428 688 480 729 et
535 677 865 727 diversarum
900 674 1318 741 proprietatum,
1354 688 1456 724 non
1502 683 1677 725 tamen
1724 688 1786 725 ex

220 748 448 801 diversis
472 746 714 812 personis
736 746 996 807 integrum
1024 754 1257 799 constat.
1289 744 1475 795 Omnis
1505 742 1645 795 enim
1679 756 1791 806 per-

222 832 355 871 sona
413 827 557 869 recte
605 814 924 881 intelligitur
952 829 1048 875 per
1077 828 1134 866 se
1181 828 1312 866 una:
1364 824 1411 864 et
1469 813 1522 864 bi
1572 812 1786 877 quidem

221 900 413 941 omnes
440 886 505 940 de
541 886 833 938 divinitatis
872 884 1241 953 singularitate
1290 894 1432 936 recte
1461 883 1751 935 sentientes
1774 920 1787 941 .

219 958 371 1023 juxta
407 955 726 1009 naturalium
778 953 1038 1005 rationein
1070 954 1270 1018 opinati
1300 962 1457 1012 sunt,
1495 968 1607 1023 non?
1631 956 1790 1023 modo

224 1020 368 1094 quod
415 1040 550 1078 unus
581 1027 649 1077 sit
683 1025 823 1076 Deus
846 1024 1008 1085 solus,
1040 1037 1219 1094 verum
1270 1024 1437 1094 etiam»
1472 1022 1611 1094 quod
1642 1020 1789 1071 soliis

226 1092 365 1149 unus
392 1096 461 1148 sit
491 1096 647 1147 Dens.
697 1093 920 1158 Quidam
950 1108 1082 1145 vero
1124 1092 1215 1145 alii
1250 1103 1396 1145 recte
1427 1092 1789 1159 intelligentrs

230 1167 439 1220 Patrem
469 1174 522 1218 et
552 1163 741 1217 Filium
769 1174 821 1216 et
847 1162 1104 1230 Spiritum
1137 1172 1381 1215 sanctum
1408 1162 1632 1214 diversis
1671 1176 1766 1227 pro

227 1234 792 1304 prietatibtisdiversas
817 1248 1040 1304 numero
1057 1248 1176 1304 esse
1193 1247 1469 1300 personas.
1497 1247 1591 1304 nec
1616 1230 1787 1282 siiluni

227 1302 442 1362 Patrem
496 1320 552 1355 es
583 1319 612 1356 e
650 1304 814 1355 Di-um
837 1344 851 1363 ,
884 1302 976 1355 scd
1008 1312 1061 1355 et
1096 1302 1289 1355 Filium
1342 1315 1461 1355 esse
1496 1303 1656 1354 lteiiin
1682 1340 1696 1362 ,
1738 1312 1787 1350 et

231 1375 490 1444 Spiritum
524 1384 765 1426 sanctum
797 1388 917 1425 es~e
971 1376 1161 1433 lteiim;
1215 1383 1393 1444 tamen
1442 1372 1526 1423 illa
1577 1380 1788 1444 natura-

233 1441 360 1500 lium
394 1445 607 1511 propria
634 1446 837 1495 ratione
867 1445 1093 1506 decepti.
1120 1458 1220 1506 qua
1249 1442 1462 1504 dicitur,
1488 1441 1625 1507 quod
1652 1441 1788 1493 sicut

234 1510 459 1569 numero
499 1518 831 1566 diversorum
866 1518 1224 1578 proprietates
1269 1510 1493 1563 diversa:
1525 1521 1686 1573 sunt,
1716 1511 1785 1562 ita

234 1586 391 1638 etiam
418 1583 723 1637 emumdem
748 1582 1103 1634 subsis'teniize
1128 1597 1347 1633 numero
1374 1594 1496 1633 sunt
1537 1581 1785 1635 diversam

231 1656 501 1714 dixerunt,
535 1669 641 1706 non
667 1651 927 1719 ejusdem,
960 1653 1053 1705 sed
1084 1651 1272 1703 similis
1304 1651 1550 1705 essentia:
1581 1650 1784 1701 Patrem

232 1740 282 1779 et
310 1724 497 1777 Filium
522 1731 576 1775 et
594 1722 848 1790 Spiritum
894 1733 1134 1774 sanctum
1159 1736 1297 1775 esse.
1332 1722 1783 1790 Maiedoniiis_au-

234 1806 339 1848 tein
381 1803 525 1847 recte
561 1788 802 1845 sentiens
838 1792 1045 1844 I’atiem
1093 1802 1145 1841 et
1194 1790 1383 1843 Filium
1439 1790 1593 1844 unius
1638 1788 1783 1855 ejus-

231 1865 460 1932 demque
488 1878 607 1916 esse
628 1862 936 1915 subsmntia:
969 1862 1045 1914 vel
1076 1863 1321 1915 essentie
1340 1870 1441 1932 ,et
1461 1860 1645 1911 ambos
1672 1873 1790 1912 i-sse

238 1950 399 1988 unum
423 1934 586 1985 Deum
611 1972 626 1995 ,
654 1932 907 1999 Spiritum
931 1944 1059 1985 vero
1081 1942 1322 1984 sanctum
1346 1931 1414 1983 dii
1435 1939 1645 1984 nntnon
1670 1943 1789 1982 essi-

236 2003 437 2066 Deum;
465 2003 557 2055 sed
588 2003 838 2070 quoniam
879 2001 1113 2070 Spiritus
1149 2011 1368 2053 sanctus
1393 2011 1476 2054 est
1517 2000 1789 2067 uti-iusque

230 2074 622 2133 communior.
669 2073 823 2135 opina
853 2088 914 2124 ur
965 2073 1051 2123 div
1077 2074 1293 2123 uitali-iii
1345 2074 1621 2136 utriusque
1670 2087 1789 2121 esse

231 2145 486 2211 Spiritum
538 2157 777 2195 sanctum
807 2181 821 2202 ,
852 2153 903 2193 i-t
935 2144 1132 2193 niillain
1185 2142 1374 2195 ιιι-ιυρι-
1415 2139 1785 2193 siibstintiam.

232 2210 405 2283 Aliqui
435 2229 562 2265 vero
592 2215 669 2264 sic
699 2214 1138 2283 Deuuiasserunt
1174 2226 1301 2283 esse
1328 2210 1653 2283 conioriiiem
1673 2247 1701 2283 ,
1735 2223 1784 2260 iit

233 2279 385 2335 unius
422 2283 649 2335 diversis
692 2282 939 2335 essentiis
974 2289 1219 2343 tanquam
1272 2281 1501 2333 diversis
1551 2279 1789 2348 partibus

232 2356 498 2421 aSsignettt
522 2392 537 2417 ,
569 2354 656 2403 alii
680 2353 892 2420 quidem
920 2354 1058 2421 quod
1091 2351 1245 2403 Pati-r
1264 2361 1365 2412 est,
1396 2350 1484 2403 aiii
1503 2365 1627 2403 vero
1648 2352 1788 2421 quod

237 2423 275 2475 F
281 2419 398 2476 ilius
424 2432 527 2485 est,
559 2422 647 2475 alii
676 2419 802 2475 vero
832 2422 971 2488 quod
1003 2420 1231 2487 Spiritus
1261 2430 1473 2473 sanctus
1503 2433 1581 2472 est
1600 2458 1613 2481 ,
1647 2419 1787 2471 idem

236 2495 351 2560 ipse
379 2509 514 2545 unus
542 2503 596 2546 et
638 2494 812 2545 soliis:
848 2502 903 2542 iit
930 2492 1329 2558 omnipotentiae
1368 2491 1603 2554 dedunt,
1647 2491 1787 2558 quod

234 2566 342 2629 ipsa
373 2578 449 2614 est
487 2563 672 2626 Pater;
706 2563 1001 2629 sapientiai,
1030 2562 1170 2629 quod
1198 2571 1279 2613 est
1308 2560 1504 2623 Filios;
1538 2560 1784 2621 bonitati,

230 2633 373 2700 quod
398 2643 479 2685 est
501 2631 734 2698 Spiritus
762 2642 1007 2684 sanctis:
1035 2640 1089 2683 et
1119 2633 1219 2684 lioc
1243 2644 1455 2698 quoque
1480 2645 1543 2683 ex
1561 2631 1667 2683 s'la
1695 2645 1788 2683 na-

233 2699 484 2755 tuialiuin
529 2702 765 2765 ratione,
795 2703 932 2769 quod
981 2702 1137 2753 unius
1180 2702 1518 2755 StibaiSIellliS
1562 2699 1788 2754 diversis

230 2773 591 2824 subsistentiis
636 2773 848 2825 diversa
892 2772 1098 2824 addicta
1132 2781 1256 2823 sunt
1283 2810 1298 2833 ,
1329 2781 1387 2823 tit
1417 2785 1571 2823 unius
1617 2771 1787 2824 homi-

232 2844 319 2909 nis
354 2843 745 2908 rorporaliiati,
798 2842 982 2905 color;
1037 2841 1372 2893 sensibilitati
1403 2883 1417 2904 ,
1453 2840 1665 2908 passio;
1702 2855 1787 2892 ra-

234 2914 540 2973 tioiialituti,
572 2914 855 2966 disi-retin:
891 2916 967 2964 sic
999 2911 1153 2979 igitur
1187 2924 1447 2963 rationum
1479 2921 1629 2964 extra
1660 2927 1783 2978 pro-

234 2983 406 3049 prium
440 2998 605 3050 genus
637 2983 983 3035 abusionibus
1019 2999 1068 3033 iii
1093 2981 1299 3033 diversa
1325 2984 1593 3046 dogmata,
1624 2980 1673 3033 id
1704 2992 1783 3034 est

232 3051 516 3119 opiniones
546 3053 809 3110 ltilsitatis,
838 3053 909 3104 illi
935 3068 1068 3117 quos
1090 3052 1319 3117 exetnpli
1352 3052 1517 3117 gratia
1551 3066 1784 3105 comme-

1897 472 2024 526 tate,
2058 471 2111 514 et
2138 477 2164 510 τι
2196 475 2289 512 sua
2321 474 2567 528 persona.
2598 474 2718 511 cum
2751 460 2863 512 sine
2895 462 3194 525 arrogantia
3240 460 3371 517 dicit
3398 481 3456 515 se

1894 547 1955 585 ea
2001 534 2050 584 in
2095 532 2289 598 quibus
2316 533 2403 582 diu
2447 530 2696 597 cogitavit
2720 531 3029 596 scripsisse.
3061 539 3113 582 et
3144 532 3452 587 abilloruin

1895 602 2087 670 quibus
2112 601 2295 653 sciiliit
2325 615 2569 670 persona,
2603 613 2722 670 cum
2751 602 3069 670 contemptis
3102 604 3331 665 caeteris,
3370 610 3453 658 sui

1894 668 2205 736 s'tuiliiopus
2236 670 2359 722 dicit
2380 685 2440 722 se
2466 668 2956 722 desiderantissime
2987 670 3224 733 ipsorum
3255 673 3455 728 oll‘erre

1895 742 2232 802 auctoritati,
2280 752 2435 807 atque
2461 739 2528 793 ab
2556 742 2632 792 eis
2663 743 2979 791 sententiam
3014 740 3375 808 vellejodicii.
3414 748 3454 798 Α

1895 812 1979 864 sui
2032 825 2163 877 ergo
2205 810 2399 883 negotii
2453 810 2606 861 laude
2664 809 2916 883 incipiens
2937 849 2965 883 ,_
3004 810 3105 862 ait:
3158 812 3454 883 inveStiga.

1893 890 2022 939 tam.
2050 890 2156 934 etc.
2207 879 2301 932 llic
2348 879 2872 932 commemorandum
2902 878 2986 932 es’t
3030 881 3169 945 quod
3218 897 3282 934 ex
3312 878 3457 935 aliir-

1897 953 2131 1004 matione
2180 961 2232 1002 et
2284 948 2400 1017 ejus
2429 948 2840 1019 contradictoria
2895 952 3179 1017 negatione
3225 956 3454 1019 quaestio

1893 1028 2123 1076 constat.
2153 1019 2267 1073 Non
2298 1032 2471 1070 tamen
2511 1017 2685 1069 omnis
2715 1020 3067 1072 contradictio
3096 1017 3324 1088 qumstio
3352 1037 3452 1077 est.

1894 1089 2026 1143 Cum
2077 1089 2220 1143 enim
2269 1088 2434 1142 altera
2477 1088 2912 1158 coiitradictionis
2946 1104 3067 1155 pars
3121 1105 3240 1146 esse
3293 1108 3452 1158 vera,

1894 1163 2058 1213 altera
2087 1173 2214 1212 vero
2238 1159 2382 1211 nulla
2407 1172 2626 1224 prorsus
2654 1156 2851 1211 habere
2878 1171 3185 1226 argumenta
3218 1156 3455 1218 veritatis

1894 1231 2130 1293 videtur,
2170 1241 2248 1293 ut,
2281 1230 2455 1281 omnis
2488 1227 2648 1280 homo
2673 1239 2754 1280 est
2781 1243 3095 1293 corporeus,
3144 1247 3249 1285 non
3279 1237 3452 1290 omnis

1896 1300 2053 1353 ltomo
2075 1309 2169 1371 est,
2182 1313 2505 1367 corporeus;
2533 1299 2780 1371 itemque,
2809 1298 2986 1351 nullus
3012 1300 3171 1354 homo
3192 1314 3272 1355 est
3296 1304 3449 1371 lapis,

1893 1371 2106 1438 quidam
2161 1370 2319 1422 lioino
2347 1379 2429 1421 est
2460 1369 2622 1434 lapis;
2656 1378 2746 1419 aut
2775 1381 2895 1420 cum
2930 1379 3113 1423 neutra
3163 1387 3283 1438 pars
3317 1369 3451 1429 veri-

1898 1440 2023 1493 tatis
2049 1450 2101 1494 et
2136 1439 2379 1493 falsitatis
2402 1446 2713 1502 argumenta
2748 1448 2921 1504 potest
2953 1438 3169 1506 habere,
3212 1453 3285 1504 ut,
3309 1456 3448 1499 nstra

1894 1512 2037 1575 paria
2071 1520 2223 1573 stitit,
2258 1522 2399 1561 astra
2437 1508 2581 1574 paria
2615 1522 2717 1559 non
2752 1520 2911 1560 sunt:
2947 1519 3068 1562 tunc
3097 1515 3448 1569 contradictio

1893 1596 1997 1633 noti
2029 1592 2110 1633 εει
2135 1578 2390 1648 quaestio;
2424 1576 2577 1651 cujus
2599 1592 2725 1631 vero
2744 1588 2965 1651 utraque
2989 1595 3109 1646 pars
3137 1597 3447 1651 argumenta

1894 1646 2376 1703 veritatis‘liabere
2425 1648 2631 1700 videtur
2658 1689 2671 1707 ,
2721 1646 2945 1714 qu:esiio
2976 1659 3076 1703 cst.
3122 1646 3229 1704 1Ιοῦ
3269 1666 3445 1710 autem

1895 1723 2061 1792 tribuis
2090 1721 2260 1773 modis
2285 1721 2604 1792 contingere
2639 1727 2833 1785 potest,
2868 1719 3114 1792 videlicet
3138 1732 3228 1775 aut
3268 1727 3449 1792 sophi-

1892 1790 2023 1843 stica
2056 1792 2400 1843 iiiiivocorum
2424 1827 2440 1853 ,
2470 1789 2863 1863 :equivocoriiiii
2884 1828 2897 1847 .
2959 1790 3238 1844 modorum
3264 1834 3279 1856 ,
3331 1789 3449 1863 par-

1895 1863 2020 1912 tiuut
2047 1900 2062 1922 ,
2097 1872 2427 1928 tempernm,
2473 1869 2631 1925 atque
2663 1857 2979 1928 relationum
3014 1857 3405 1927 mtiltiplicitate
3430 1910 3444 1928 ,

1892 1940 1981 1982 aut
2009 1927 2477 1997 oraiidi’qualitaie
2496 1968 2511 1992 ,
2543 1938 2632 1981 aut
2663 1927 2929 1980 rationum
2957 1946 3019 1981 ex
3045 1931 3239 1997 quibus
3269 1950 3447 1989 seruio

1894 2001 1952 2052 iit
1997 2015 2212 2057 genere.
2262 2000 2326 2051 Et
2354 1998 2569 2066 quidem
2601 2012 2695 2050 sex
2733 2013 2987 2061 generum
3030 2001 3216 2067 multip
3242 2004 3448 2061 icitates

1892 2070 2197 2133 soiiltisticaa
2221 2110 2234 2130 ,
2275 2077 2391 2122 arte
2424 2077 2479 2121 et
2522 2083 2617 2122 usu
2655 2067 3013 2135 sophistarum
3043 2071 3279 2136 pluribus
3307 2088 3445 2130 uotae

1891 2150 2036 2192 sunt.
2069 2141 2304 2205 Qualitas
2333 2147 2510 2191 autem
2540 2138 2727 2192 orandi
2754 2139 2834 2190 vel
2869 2140 2918 2191 in
2951 2154 3127 2193 rerum
3154 2151 3311 2209 atque
3338 2150 3446 2201 dic-

1893 2211 2092 2262 tioniiiii
2122 2209 2522 2281 consequentia,
2547 2209 2639 2281 vel
2661 2210 2710 2260 in
2742 2209 3048 2281 earumdem
3079 2214 3248 2281 tropis
3272 2226 3448 2269 :itten-

1892 2281 2067 2333 ditur:
2100 2294 2322 2347 quorum
2351 2278 2397 2332 si
2429 2293 2591 2332 unutn
2630 2280 2681 2331 in
2720 2277 3073 2333 aﬂirinaboiie
3094 2277 3196 2347 esi,
3223 2286 3446 2342 alterum

1892 2350 1942 2401 iii
1972 2360 2270 2417 negatione,
2304 2356 2527 2416 utraque
2549 2363 2672 2402 vera
2697 2358 2869 2414 pote-t
2908 2365 3064 2403 esse:
3107 2362 3191 2414 ut,
3222 2356 3336 2409 dies
3364 2373 3448 2412 est

1895 2422 2065 2479 lietiis,
2089 2434 2210 2474 vera
2231 2429 2315 2471 est
2345 2428 2498 2483 tropo
2524 2423 2870 2490 μετωνυμίαις,
2916 2419 2963 2472 id
2993 2430 3075 2476 est
3095 2429 3446 2485 conversione

1893 2490 2123 2543 nominis
2160 2490 2274 2553 ejus
2327 2490 2465 2555 quod
2498 2490 2552 2540 iit
2580 2491 2643 2540 ad
2689 2490 2737 2540 id
2770 2491 2907 2555 quod
2946 2491 3085 2544 facit.
3124 2495 3248 2547 ltein
3273 2537 3287 2559 ,
3330 2501 3444 2554 dies

1893 2575 1995 2612 non
2025 2571 2104 2612 est
2135 2562 2307 2621 laetus,
2333 2574 2456 2612 vera
2484 2567 2587 2622 est,
2620 2559 2664 2612 si
2692 2560 2810 2628 quis
2840 2574 3020 2614 rerum
3051 2562 3265 2617 istarum
3292 2580 3448 2623 natii-

1891 2628 2722 2703 raleinconvenientiamuneget.
2756 2630 3088 2703 Diversoruni
3125 2648 3251 2688 vero
3284 2654 3447 2703 gena-

1892 2716 2007 2753 ruin
2053 2699 2280 2753 diversis
2326 2698 2622 2752 rationibus
2651 2710 2874 2767 utraque
2900 2701 3145 2755 similiter
3178 2698 3303 2758 verti
3326 2721 3439 2765 est:

1896 2778 1972 2836 ut,
2009 2774 2147 2839 quod
2173 2785 2331 2836 supra
2354 2770 2604 2843 diximus,
2640 2770 2782 2821 nulla
2809 2771 3014 2837 species
3037 2772 3103 2825 de
3126 2787 3224 2826 suo
3245 2791 3444 2843 genere

1890 2843 2226 2908 przedicatur,
2256 2844 2304 2892 in
2333 2840 2710 2894 difliniiionum
2742 2854 2936 2908 genere
2964 2855 3150 2895 verum
3179 2840 3289 2906 est;
3319 2852 3440 2902 item

1888 2913 2063 2965 omnis
2100 2916 2307 2979 species
2330 2913 2396 2963 de
2424 2926 2520 2963 suo
2546 2924 2742 2976 genere
2772 2912 3106 2976 praedicatur,
3143 2915 3192 2967 in
3221 2916 3440 2972 divisio-

1890 2997 2014 3035 num
2063 2996 2259 3047 genere
2310 2995 2491 3034 verum
2520 2987 2619 3035 est.
2657 2980 2732 3033 Ex
2782 2979 2969 3034 horum
3022 2983 3197 3051 itaque
3241 2994 3444 3043 occulta

1890 3053 2274 3120 multiplicitate
2307 3052 2577 3109 locorum,
2628 3066 2694 3102 ait
2749 3061 2861 3103 arte
2891 3052 3151 3113 (ibdlﬂ'lls,
3203 3069 3293 3110 aut
3317 3076 3441 3116 casu

231 3123 591 3194 moraviinns,
633 3132 687 3174 et
717 3123 805 3175 alii
832 3122 981 3194 iniilti
1013 3122 1214 3175 detrusi
1248 3133 1397 3183 sunt;
1430 3131 1483 3174 ist
1514 3125 1650 3187 quod
1686 3137 1780 3187 pe-
1809 3120 1854 3180 Ο
1889 3122 2238 3194 venientibus
2264 3122 2621 3194 atgnmentis,
2668 3120 2895 3194 quaestio
2942 3123 2992 3175 in
3041 3125 3440 3194 Mllbiguilntem

224 3191 317 3263 jus
338 3203 431 3263 est
450 3234 464 3253 ,
491 3201 677 3244 contra
707 3193 1019 3243 i-ailiol.cani
1053 3194 1120 3245 de
1152 3207 1777 3261 numeropersonarum,

230 3262 287 3315 et
316 3262 385 3315 de
431 3278 664 3329 ipsarum
711 3264 933 3328 simplici
968 3278 1125 3329 inque
1163 3265 1416 3331 singulari
1451 3265 1683 3315 essentia
1719 3264 1749 3312 li

229 3335 353 3383 dein
381 3374 393 3391 ,
439 3334 664 3398 quodam
700 3334 1125 3400 prtesuiniitionis
1158 3345 1402 3385 instinctu
1454 3332 1784 3386 confidenter

233 3403 395 3455 locuti
417 3442 429 3461 ,
463 3417 674 3455 errOi-es
713 3417 837 3453 suos
868 3403 1143 3455 veritatem
1175 3417 1295 3456 esse
1342 3405 1606 3455 dixerunt.
1649 3403 1779 3467 Qui-

230 3473 356 3525 dam
389 3487 512 3525 vero
541 3488 743 3540 neqiiziq
770 3489 868 3523 .aiu
892 3489 918 3523 a
951 3472 1208 3525 i-atltolica
1233 3474 1545 3527 recedentes
1570 3518 1583 3534 ,
1633 3482 1687 3525 et
1717 3477 1782 3524 de

234 3552 458 3594 numero
483 3557 827 3608 personarum
858 3544 1106 3595 esseiitize
1128 3543 1492 3609 singularitate
1515 3558 1642 3596 sine
1667 3559 1781 3595 cre-

233 3612 455 3675 dentes,
478 3627 540 3664 ex
572 3613 711 3664 veris
754 3614 1187 3665 antecedentibus
1218 3613 1513 3665 rationibus
1543 3612 1782 3665 verita.is

233 3682 363 3734 falsa
404 3696 558 3747 posse
580 3683 794 3742 deduci.
827 3684 1000 3734 mirati
1031 3693 1188 3742 sunt;
1223 3696 1276 3735 et
1306 3684 1590 3751 quomodo,
1622 3684 1783 3735 salvis

234 3752 504 3819 prmdictis
552 3752 843 3805 rationibus
872 3754 1145 3815 veritatis,
1189 3755 1292 3805 sint
1342 3755 1497 3806 unius
1528 3753 1782 3820 simplicis

231 3825 479 3874 essentia‘
511 3837 573 3874 ac
604 3823 883 3891 singularis
932 3824 1158 3875 diversa:
1208 3837 1448 3888 personae
1469 3864 1483 3884 ,
1526 3832 1579 3875 et
1608 3825 1783 3875 diver-

233 3906 414 3943 sarum
445 3908 787 3957 persmtaruut
821 3909 921 3945 una
944 3894 1233 3959 singularis
1255 3904 1307 3945 et
1340 3908 1365 3945 s
1389 3894 1564 3957 nti-lett
1596 3907 1779 3945 esseu-

235 3971 327 4025 tia,
364 3962 630 4034 liuiniliter
658 3963 999 4030 quaesierunt.
1035 3964 1246 4014 Illorum
1275 3978 1405 4034 ergo
1439 3962 1781 4017 detestabiles

233 4048 444 4085 errores
487 4032 697 4085 Boetius
728 4034 908 4085 volens
955 4034 1266 4096 deStruere,
1302 4032 1359 4087 ei
1388 4036 1661 4087 litiitiiliiiiit
1703 4035 1782 4087 iit-

234 4104 538 4157 tirmitatem
558 4104 764 4168 juvare,
790 4105 1110 4170 Symmacho
1131 4114 1186 4156 et
1212 4106 1524 4166 quibusdam
1555 4106 1672 4156 aliis
1693 4120 1780 4157 sa-

235 4171 496 4241 pientibus
523 4176 702 4225 SClibll
737 4175 805 4226 de
836 4173 991 4225 trinin
1026 4189 1244 4226 numero
1278 4189 1620 4241 personarum
1653 4174 1779 4226 sini~

236 4240 358 4309 plici
386 4258 448 4295 ac
471 4245 721 4309 singular.
754 4244 1011 4305 essentia,
1040 4254 1091 4295 et
1118 4245 1186 4295 de
1216 4247 1385 4297 tritius
1413 4247 1566 4297 unius
1600 4260 1781 4298 essen-

237 4323 322 4363 tite
348 4328 569 4365 numero
590 4312 819 4365 ὤνιοι-διες
852 4313 1121 4379 persiiuis,
1155 4323 1208 4366 et
1238 4325 1522 4383 utrumque
1562 4316 1781 4367 rationi-

235 4388 334 4432 bus
374 4392 469 4435 osto
492 4382 626 4442 itd-it,
662 4391 752 4435 sed
784 4388 1074 4436 seeiuidiiin
1120 4382 1449 4437 diversarum
1480 4400 1675 4453 genera
1706 4388 1778 4437 lii-

1883 3192 2194 3269 aAddm'itlll',
2228 3191 2451 3269 ideoque
2479 3192 2725 3269 nonuttisi
2751 3206 3083 3269 coriimtqttte
3109 3195 3176 3269 ad
3189 3191 3295 3254 veos
3324 3216 3444 3269 per.

1887 3266 2059 3318 tinent
2087 3265 2230 3314 locos
2273 3261 2536 3314 divisione
2566 3260 2894 3332 tlissolvdur.
2939 3260 3069 3317 Cum
3112 3266 3269 3332 igitur
3299 3260 3444 3325 u'tra—

1882 3351 1985 3403 quo
2026 3330 2615 3406 parscontradictionis
2643 3331 2842 3406 habere
2866 3335 3103 3387 veritatis
3130 3330 3441 3406 argumenta

1886 3402 2116 3485 videtur,
2136 3402 2549 3485 diligentissiiine
2572 3402 2939 3482 vestigandttm
2964 3415 3049 3485 est
3092 3402 3217 3485 qua?
3254 3410 3441 3467 horum

1886 3474 2255 3528 uoiversalitas
2285 3472 2519 3525 loceriim
2558 3472 2862 3543 prepositas
2900 3472 3302 3543 multiplicitatis
3330 3482 3443 3538 dico

1885 3546 2060 3599 tiones
2090 3551 2392 3603 contineat,
2428 3551 2503 3605 ut,
2553 3542 2654 3612 ltoc
2680 3542 2915 3609 cognito,
2947 3542 3066 3611 quze
3096 3561 3189 3612 per
3226 3551 3445 3605 divisio.

1887 3630 2029 3679 nent,
2055 3623 2111 3667 et
2136 3627 2226 3684 per
2251 3627 2405 3677 quam
2437 3610 2753 3684 divisionem
2782 3612 2924 3665 exeri
2948 3610 3163 3678 debent,
3196 3629 3249 3671 et
3278 3627 3443 3684 parti-

1887 3688 1983 3737 bus
2004 3683 2313 3751 qiizestionis
2334 3684 2524 3747 aptari,
2551 3683 2715 3747 possit
2737 3685 3008 3751 cognosci.
3039 3686 3187 3749 Quod
3212 3683 3285 3741 ad
3307 3692 3444 3748 hanc

1883 3762 1951 3809 de
1981 3752 2346 3821 Sillgulzlrilale
2387 3768 2448 3803 ac
2493 3751 2839 3819 simplicitate
2881 3765 3130 3808 essentne
3176 3758 3344 3814 Patris
3388 3776 3443 3819 ei

1889 3827 2002 3878 Filii
2041 3836 2097 3877 et
2148 3822 2379 3888 Spiritus
2409 3821 2620 3878 sancti.
2663 3831 2718 3875 et
2756 3823 2824 3876 de
2862 3821 3097 3891 ipsorum
3148 3834 3440 3891 secundum

1884 3897 2125 3948 diversas
2152 3896 2506 3961 proprietates
2553 3893 2810 3946 numerali
2848 3895 3153 3950 diversitate
3194 3906 3443 3963 qumstio-

1887 3981 2030 4025 item,
2052 3966 2207 4038 cujus
2229 3973 2451 4038 utraque
2483 3979 2603 4038 pars
2636 3965 2873 4038 veritatis
2904 3966 3100 4021 habere
3128 3984 3437 4038 argumenta

1887 4037 2119 4111 videtur,
2152 4033 3107 4111 Boetiusinvestigassedubiumgcsse
3130 4033 3232 4111 iioii
3258 4042 3436 4111 debet,

1883 4105 2310 4176 qiianiloquideiii
2356 4114 2457 4176 ait:
2517 4104 2906 4176 lnveﬁstigatain.
2960 4107 3067 4161 Nec
3113 4110 3230 4165 siue
3278 4104 3439 4171 studii

1884 4174 2181 4239 diligentia,
2214 4174 2462 4238 quoniam
2495 4178 2594 4227 ait:
2630 4175 2954 4229 Diutissinie.
2989 4177 3086 4231 Tot
3127 4182 3267 4236 cuitu
3300 4189 3437 4239 mul-

1887 4248 2144 4315 tiplicium
2171 4247 2315 4297 locos
2343 4244 2451 4297 cito
2483 4249 2805 4312 pertraiisire
2836 4261 2938 4299 non
2975 4251 3162 4313 potuit,
3186 4265 3240 4307 et
3268 4270 3332 4307 an
3365 4258 3440 4311 si-

1885 4315 2175 4380 giiiiiCatio,
2207 4332 2272 4366 ait
2305 4315 2512 4390 modus,
2541 4329 2606 4390 {tu
2638 4318 2775 4390 quod
2822 4318 3047 4390 aliorum
3091 4321 3269 4377 fi'ceiit
3292 4342 3438 4390 qua}.

1884 4390 2131 4442 stioueitt.
2168 4385 2514 4458 perpendere.
2547 4386 2647 4439 Sed
2677 4396 2731 4439 et
2757 4402 2877 4440 cum
2906 4388 2955 4440 iii
2986 4392 3104 4444 aliis
3133 4385 3434 4458 intelligo"-

232 4453 487 4535 culiatiim
536 4455 779 4506 diversis.
828 4458 951 4534 baut
994 4468 1165 4534 primo
1197 4455 1505 4535 ilieolitgicis
1537 4458 1779 4508 essentid!
1814 4481 1857 4535 υ
1886 4460 2254 4535 iiaii_i_excitet
2286 4457 2534 4535 reicerta
2583 4458 2907 4535 pi'Opriettts,
2965 4469 3054 4513 aut
3099 4478 3243 4519 certa
3291 4453 3437 4522 {meis

231 4525 653 4589 etiigularitatein
695 4536 853 4591 atque
881 4525 1312 4589 siinpicitatern;
1344 4525 1536 4578 deinde
1569 4537 1782 4578 natura-

233 4592 875 4659 libusuiiiueraltileniquc
889 4610 1233 4660 personarum
1249 4597 1611 4650 diversitatem
1636 4612 1777 4649 moti-

230 4672 389 4715 Strat.
420 4662 567 4716 Unde
592 4676 736 4717 recte
768 4667 984 4732 tuteltigi
1014 4672 1205 4731 poterit
1234 4668 1648 4732 prattiotninatos
1682 4669 1790 4719 ha:-

234 4738 457 4804 ieiii-os,
512 4748 575 4785 ex
630 4752 693 4785 eo
722 4738 861 4799 quod
896 4739 1214 4788 natiii-aliniii
1268 4738 1510 4804 pr0prias
1556 4738 1790 4792 rationes

232 4803 546 4869 tlieologicis
576 4816 1128 4869 communicaverunt,
1153 4803 1276 4861 esse
1295 4810 1571 4877 deceptos.

303 4936 687 5014 liieestigalaiii.
706 4940 724 5014 ]_
754 4940 1032 4995 Prtemittit
1060 4943 1355 5011 prologum,
1379 4944 1430 4998 iii
1456 4961 1563 5014 quo
1589 4964 1775 5013 qnam-

230 5010 313 5085 vis
335 5010 550 5085 illudne
581 5027 686 5076 quo
715 5012 986 5065 locuturus
1011 5010 1412 5085 eStAobs’cui'iun
1437 5010 1507 5069 sit
1528 5059 1543 5082 ,
1576 5010 1629 5070 ei
1660 5024 1774 5085 plu-

232 5079 383 5132 rimis
421 5082 484 5157 ad
528 5089 960 5157 iegnoscenduin
988 5083 1335 5157 Adill'tcilliiuis
1370 5079 1538 5140 rebus
1558 5079 1777 5157 implici-

230 5160 343 5202 tum
366 5193 378 5214 ,
414 5150 629 5201 minime
663 5163 838 5204 tamen
888 5154 1063 5206 verbis
1093 5163 1292 5218 apertis
1331 5169 1450 5208 sese
1481 5150 1774 5212 locuturum

232 5229 537 5287 promittit:
590 5223 727 5274 sicut
775 5224 843 5275 ab
871 5226 1190 5285 oratoribus,
1224 5240 1342 5276 cuiu
1386 5242 1554 5291 genus
1603 5246 1776 5283 causai

226 5291 514 5367 obscurum
547 5304 655 5367 est,
682 5294 792 5367 tiert
816 5296 987 5367 solet;
1022 5296 1127 5345 imo
1149 5306 1204 5346 ιιι
1234 5298 1306 5347 rei
1330 5297 1395 5348 de
1416 5313 1514 5363 qua
1549 5300 1781 5367 loquitor

227 5365 538 5426 dignitatem
569 5366 706 5417 celet
736 5365 965 5430 indignis
985 5403 999 5424 ,
1033 5381 1127 5417 nec
1155 5380 1271 5417 eam
1313 5369 1462 5432 plena
1495 5365 1773 5423 verborum

226 5443 400 5484 exerit
420 5436 769 5499 eaposuiotte,
804 5445 855 5485 et
876 5436 920 5487 si
946 5437 1070 5503 quid
1096 5451 1273 5488 sciuio
1320 5438 1586 5503 loquentis
1622 5445 1744 5494 audi

229 5514 363 5578 tiaris
402 5505 765 5578 intelligentia:
809 5508 1010 5578 prodit,
1046 5521 1163 5558 mox
1200 5507 1391 5572 iiijectu
1427 5524 1576 5561 nova:
1615 5516 1776 5578 Signi-

228 5572 492 5627 licatiouis
522 5575 754 5645 obducit.
801 5576 908 5629 Sed
939 5580 1284 5631 attentionem
1318 5579 1547 5630 maxime
1578 5572 1774 5645 movet,

230 5653 338 5721 tum
365 5647 439 5721 rei
474 5644 648 5721 ipsius
677 5648 1036 5721 magnitudine
1056 5688 1069 5707 ,
1104 5660 1209 5699 tiiiti
1243 5652 1524 5701 verborum
1552 5694 1565 5714 ,
1596 5669 1731 5721 queii
1756 5683 1778 5695 -

226 5715 514 5768 admodum
546 5717 794 5779 uixinun,
834 5718 1091 5772 brevitate
1119 5733 1276 5787 alque
1306 5715 1652 5775 οιιεοιιιί·ειιὶ-.
1683 5727 1779 5778 iic-

470 5812 738 5869 Ρηκυι..
795 5810 1013 5873 LXIV.

1889 4528 2103 4596 positio,
2131 4537 2182 4577 ut
2207 4541 2325 4578 eum
2350 4526 2562 4585 dicitur.
2582 4527 2741 4579 homo
2764 4527 2915 4581 albus
2935 4546 2947 4581 :
2966 4532 3210 4597 quoniam
3233 4548 3434 4594 certum

1888 4609 1972 4652 est
2002 4597 2297 4672 alliedinem
2326 4598 2717 4672 corporalitatis
2768 4600 3031 4665 proiiriain
3077 4619 3195 4659 esse
3216 4646 3231 4671 ,
3263 4618 3436 4672 potest

1894 4669 2062 4737 putari
2094 4669 2291 4720 dictum
2330 4683 2447 4718 esse
2487 4667 2777 4738 secundum
2807 4671 3032 4738 aliquam
3078 4667 3290 4732 humani
3318 4696 3435 4733 eor-

1895 4736 2052 4815 poris
2071 4747 2294 4805 partem.
2320 4738 2425 4789 Aut
2452 4752 2571 4789 cuiu
2600 4736 2814 4815 dicitur,
2844 4736 2990 4815 canis
3019 4752 3101 4797 est
3125 4750 3427 4815 sensibilis,

1893 4806 2147 4882 quoniam
2181 4818 2395 4882 certum
2424 4816 2515 4882 est
2535 4806 2686 4873 cujus
2716 4809 2908 4873 speciei
2948 4812 3012 4864 sit
3042 4853 3056 4875 ,
3106 4806 3433 4882 qua'cutique

1896 4879 2120 4949 qualitas
2149 4878 2475 4949 signiﬁcatur
2504 4877 2603 4930 liae
2647 4893 2812 4943 voce;
2846 4885 3085 4947 quamvis
3116 4877 3312 4940 nesciat
3339 4877 3433 4942 an-

1896 4946 2037 5003 ditor
2077 4964 2141 5003 ex
2190 4963 2254 4999 cu
2280 4963 2341 4999 us
2373 4946 2579 5017 illarttut
2619 4950 2778 5003 sensu
2827 4946 2927 5004 lioc
2956 4954 3151 5007 dictum
3202 4961 3304 5017 sit.
3335 4975 3431 5014 scit

1881 5033 2060 5095 tamen
2080 5017 2347 5095 quodnon
2380 5015 2478 5069 nisi
2497 5020 2561 5070 de
2587 5032 2652 5095 eo
2682 5022 2768 5086 qui
2794 5022 2999 5075 illarum
3022 5026 3247 5095 aliquam
3276 5015 3433 5088 liabet

1881 5092 1931 5146 in
1960 5089 2537 5156 multipliciiate,quain
2568 5088 2899 5143 diversorum
2919 5088 3171 5157 generum
3202 5102 3428 5155 divi-ise

1880 5163 2075 5216 faciunt
2109 5160 2362 5221 rationes,
2401 5173 2521 5226 qua:
2552 5160 2684 5213 adeo
2715 5170 2840 5237 situt
2870 5165 3112 5225 occidite,
3143 5177 3433 5237 utseniper

1876 5247 2061 5308 earum
2089 5245 2306 5299 geneia,
2329 5244 2469 5308 step»
2501 5244 2628 5308 vero
2669 5241 2721 5283 et
2750 5231 2887 5308 ipsa:
2929 5245 2977 5287 et
3007 5251 3188 5291 earum
3233 5231 3429 5308 genera

1880 5304 2091 5372 penitus
2123 5299 2722 5372 taceaiitiir,longiorem
2748 5302 3169 5372 investigationis
3193 5299 3428 5365 laborem

1880 5371 2321 5449 esseucoiitingit:
2354 5371 2497 5449 ιιι-,ιιι
2543 5379 2639 5424 bac
2674 5371 2987 5449 quaestione,
3034 5392 3136 5429 non
3165 5396 3190 5432 s
3213 5384 3431 5449 guilica-

1882 5444 2133 5516 tionibus,
2168 5441 2491 5516 non-modis,
2525 5456 2636 5516 non
2659 5442 2912 5516 partibus,
2945 5461 3048 5497 non
3080 5441 3429 5516 teiitpiiribus.

1880 5511 2405 5586 nonarelationibus,
2456 5527 2558 5563 no.i
2607 5510 2839 5577 denique
2868 5516 3052 5569 orandi
3085 5510 3431 5586 quiiiimiibu;

1882 5583 2164 5651 implicita,
2217 5583 2308 5635 sed
2340 5585 2668 5633 diversorum
2722 5599 2976 5648 generum
3011 5583 3304 5644 rationibus
3352 5596 3429 5645 di-

1882 5657 2078 5714 versis,
2110 5668 2226 5727 qua:
2268 5653 2319 5727 in
2352 5652 2589 5727 utrisque
2647 5653 2881 5716 partibus
2929 5661 3240 5721 qtt.estioitis
3274 5664 3427 5727 illiilli

1880 5729 2016 5781 adeo
2062 5726 2392 5778 taciturnitas
2440 5722 2776 5781 occulueral,
2827 5736 2881 5774 Ill
2926 5744 2975 5777 ei
3028 5744 3241 5797 propter
3294 5722 3427 5787 litin"

2876 5818 2953 5879 1ιο
