4176 6454
752 319 819 375 I7
2094 315 2336 372 SNIRIA
2376 314 2703 385 QUEDAM.

1624 437 1809 446 ..Ψ

1513 438 1997 446 -ρ--ο-υροὰ,

1174 438 1505 447 ..ρ’-..κ

764 440 1047 451 ...__.-.-——————

3936 325 4025 383 I8

1478 500 1589 561 III.
1637 516 1924 559 usususus
1967 516 2176 561 senato
2219 516 2658 564 BORTATOMUS
2703 521 2786 563 nn
2827 522 3273 568 TEIIPEBANTH
3322 506 3433 586 (α).

821 643 920 710 Qui
937 641 1232 712 disciplinis
1254 642 1514 712 aliquibus
1537 640 1926 705 incumbentes,
1952 649 2174 710 urgente
2196 641 2326 696 dot-—

752 716 880 768 toris
918 715 1265 778 auctoritate,
1311 713 1635 782 diligentiam
1679 712 1966 775 adhibent,
2014 727 2043 763 a
2086 713 2325 780 magistri

750 793 892 838 metu
945 797 1230 851 puerorum
1279 781 1535 836 sedulitas
1580 783 1864 852 provenire
1916 782 2253 836 existimatu:
2308 798 2323 834 :

748 852 959 921 quando
988 853 1412 917 autem,ahseute
1441 853 1899 921 magistro,rerum
1928 852 2184 905 boiiarutn
2210 859 2323 905 stu-

693 978 697 984 ,
746 924 890 978 dium
924 923 1182 983 retinent,
1214 921 1505 975 voluntatis
1533 936 1677 989 pura:
1704 922 1788 975 hic
1816 922 2010 975 laboris
2035 935 2184 974 amor
2211 935 2317 975 est.

744 992 938 1063 Jejunii
981 990 1423 1063 documentorum
1452 1006 1553 1063 nos
1578 1005 1792 1063 quoque
1820 989 2272 1063 sumusdiscipuli
2302 1009 2316 1044 :

745 1059 929 1116 verum
959 1059 1628 1141 quando,instautejcjuttii
1657 1059 2316 1141 tempore,pbilosophiam

747 1148 855 1199 prae
895 1131 1046 1184 nobis
1096 1129 1315 1185 ferimus
1337 1172 1351 1193 ,
1386 1129 1634 1199 tanquam
1661 1145 1727 1184 ex
1763 1129 2093 1183 institutione
2138 1130 2318 1199 paeda-

742 1198 948 1270 gogica,
967 1200 1163 1255 laboris
1194 1209 1435 1255 amantes
1457 1215 1637 1253 sumus
1667 1218 1681 1254 :
1729 1214 1869 1253 nunc
1896 1211 2074 1270 autem
2115 1198 2321 1267 jejunio

748 1268 964 1338 paulum
990 1273 1391 1332 intermittente,
1411 1270 1498 1337 qui
1521 1285 1550 1322 a
1573 1270 1816 1323 satietate
1847 1269 2004 1322 nimia
2027 1268 2316 1336 abstinent,

744 1342 1006 1395 sinceram
1034 1341 1227 1395 habent
1253 1339 1505 1408 propositi
1528 1339 1757 1403 laudem,
1786 1349 1965 1406 utpote
1998 1339 2199 1407 absque
2220 1354 2317 1391 ue-

741 1409 994 1464 eessitate
1026 1409 1345 1478 philosophi,
1385 1419 1543 1478 atque
1565 1424 1631 1462 ex
1680 1412 1893 1477 ιιι-ομιῆο
1925 1408 2145 1478 arbitrio
2184 1417 2317 1460 tem-

813 1479 932 1544 rati,
951 1488 1005 1533 ut
1027 1475 1113 1548 qui
1140 1475 1311 1533 sciant
1340 1475 1475 1533 bona
1497 1478 1579 1531 illa
1608 1475 1838 1532 retinere
1858 1518 1874 1541 ,
1901 1492 2018 1548 quae
2041 1475 2111 1531 ex'
2130 1478 2317 1548 priscis

762 1549 1011 1603 aboribus
1039 1546 1175 1601 nacti
1220 1559 1361 1603 sunt.
1395 1547 1495 1613 Qui
1524 1548 1666 1602 enim
1695 1547 1760 1600 ad
1792 1546 2196 1600 immoderatum
2238 1546 2311 1599 ci-

744 1618 931 1673 borum
955 1632 1103 1670 usum
1126 1619 1654 1686 progreditur,nescit
1672 1633 1789 1685 qua-
1805 1617 2057 1685 jejunans
2080 1616 2309 1683 collegit,

743 1690 911 1741 nescit
942 1703 1073 1756 quos
1104 1687 1303 1742 fructus
1333 1689 1634 1756 congessit;
1668 1686 1760 1741 scd
1784 1687 1934 1755 quasi
1966 1686 2096 1739 nihil
2124 1686 2311 1739 habeat

740 1757 878 1810 intus
904 1757 1223 1825 depositura,
1257 1766 1311 1811 et
1333 1760 1479 1827 quasi
1514 1759 1711 1811 nullum
1741 1756 1839 1809 sibi
1866 1757 2171 1827 thesaurum
2198 1757 2303 1809 col-

740 1827 969 1895 legisset,
1004 1827 1299 1881 immodica:
1332 1826 1584 1893 voluptati
1617 1842 1675 1881 se
1700 1828 1864 1887 dedit,
1898 1826 2176 1880 allectihus
2202 1828 2309 1878 suis

736 1897 963 1965 claustra
1011 1907 1063 1951 et
1095 1897 1472 1952 moderationis
1511 1898 1644 1949 ostia
1674 1911 1778 1950 non
1820 1897 2021 1965 objicit.
2066 1895 2309 1964 Nihilque

736 1969 950 2019 mirum.
998 1966 1142 2021 Talis
1177 1970 1319 2019 enim
1354 1978 1436 2021 est
1483 1969 1634 2035 inops
1672 1968 1843 2020 omnis
1887 1983 1901 2019 :
1936 1968 2213 2031 januarum
2258 1974 2311 2019 et

734 2036 1286 2089 claustrorummtram
1312 2038 1507 2090 nullam
1534 2039 1712 2101 habet,
1737 2035 1951 2089 insidias
1973 2050 2076 2088 non
2101 2037 2305 2096 metuit,

733 2108 849 2159 sine
867 2105 1225 2159 soliicitudtne
1245 2106 1459 2168 dormit,
1482 2115 1663 2174 utpote
1683 2106 1769 2172 qni
1798 2105 1939 2174 nihil
1956 2105 2145 2174 habent
2165 2105 2303 2172 quod

734 2178 875 2227 l‘ures
897 2185 1170 2245 provocet,
1195 2191 1312 2228 eum
1335 2175 1465 2229 nihil
1486 2172 1628 2245 inopi
1659 2174 1821 2242 possit
1851 2172 2067 2245 auferri.
2091 2173 2159 2228 Iis
2179 2189 2307 2227 vero

732 2246 815 2312 qui
848 2244 1149 2313 opoientam
1182 2245 1395 2298 domum
1431 2244 1652 2309 habent,
1696 2244 1933 2298 custodia
1965 2254 2050 2299 est
2092 2258 2186 2312 pro
2218 2260 2303 2296 re-

729 2314 956 2383 conditis
983 2316 1265 2378 thesauris,
1296 2325 1346 2369 et
1369 2315 1571 2369 ostiarii
1596 2315 1683 2382 qui
1710 2315 1777 2368 ab
1800 2316 2034 2383 ingressu
2065 2326 2304 2367 arceant.

728 2382 835 2439 Nos
874 2385 1031 2438 etiam
1067 2384 1270 2454 jejunio
1300 2383 1421 2439 facti
1451 2398 1635 2439 sumus
1660 2382 1881 2447 divites;
1915 2392 1968 2437 et
2004 2382 2305 2437 divitiarum

728 2454 920 2506 iudicia
952 2454 1230 2508 mauilesta
1264 2464 1435 2510 sunt:
1468 2454 1766 2522 voluptates
1796 2454 1847 2506 in
1877 2455 2185 2506 servitutem
2216 2467 2305 2506 re-

725 2523 896 2577 dacta:
922 2536 1070 2587 sunt;
1112 2528 1283 2578 ventri
1328 2526 1686 2582 dominamur.
1718 2524 1802 2577 cui
1850 2523 1998 2593 prius
2040 2524 2308 2577 servieba-

726 2608 883 2658 tuus;
916 2593 1283 2661 incorpoream
1315 2599 1473 2648 vitain
1517 2594 1930 2663 aequisivimus;
1966 2607 2097 2646 nova
2138 2593 2302 2663 absti-

721 2663 1120 2733 nentizudomo
1160 2666 1407 2733 tegimur,
1444 2662 1607 2733 cujus
1629 2664 1967 2718 fundamenta
2010 2662 2299 2733 posuimus.

722 2732 870 2802 Opus
900 2732 1028 2804 illud
1062 2731 1311 2789 ﬁrmitate
1341 2731 1558 2804 indiget,
1589 2749 1829 2803 opusque
1856 2733 2013 2786 habet
2042 2731 2226 2804 labore
2251 2742 2306 2804 ut

725 2801 1127 2858 constabiliatur
1159 2821 1171 2858 :
1205 2820 1309 2859 non
1354 2801 1779 2859 conﬁrmantium
1811 2817 1959 2866 vero,
1992 2801 2082 2856 sed
2109 2801 2302 2857 dissol-

722 2873 957 2929 ventium
983 2885 1063 2928 est
1093 2876 1356 2938 ebrietas;
1387 2876 1758 2929 enervantiuui
1789 2877 1978 2937 bases,
2008 2887 2112 2926 non
2143 2872 2303 2925 robo-

720 2945 975 2998 rantium.
1004 2943 1173 2998 Nemo
1211 2944 1614 2999 fundamentum
1666 2943 1944 2997 labefactat
1982 2940 2131 3012 'quod
2183 2940 2304 3063 ριν

722 3014 979 3063 aanimi“
1020 3016 1469 3063 lirmavitz'nemo
1506 3014 1685 3063 divitis
1729 3014 2145 3063 nromutuarium
2204 3028 2296 3063 ur-

722 3014 979 3085 sapieus)
1020 3016 1469 3085 lirmavit;'netno
1506 3014 1685 3068 divitis
1729 3014 2296 3085 promptum-iumlur-

719 3083 812 3137 tiut
853 3081 1064 3148 aperire
1093 3084 1612 3153 potestdejunautis
1652 3098 1779 3137 vero
1804 3084 1977 3136 anima
2006 3090 2088 3136 est
2118 3081 2298 3153 divitis

717 3154 987 3221 ροιιειιίειιὶ
1011 3156 1287 3222 apotheca,
1306 3152 1424 3224 qua:
1439 3154 1677 3223 diligenti
1699 3153 1941 3207 custodia
1960 3167 2092 3224 opus
2115 3152 2291 3215 habet,

718 3238 786 3278 ne
815 3224 956 3278 lurto
983 3225 1296 3295 subjiciatur
1327 3241 1341 3278 :
1371 3228 1544 3278 anima
1586 3224 1781 3294 quippe
1807 3224 1946 3278 velut
1976 3224 2167 3276 domus
2205 3235 2298 3275 ex-

777 3357 1031 3427 (a)_,Alias,
1050 3357 1394 3427 C__Itrysos_lom_i_
1413 3358 1619 3427 (sermo)
1643 3355 1928 3427 dejejunio;
1962 3351 2013 3427 in
2041 3368 2133 3427 quo
2172 3355 2298 3416 (ser-

714 3417 879 3484 mdu'c.)
904 3420 1133 3472 nomttdla
1148 3417 1213 3472 de
1236 3417 1427 3471 Davide‘
1445 3417 1676 3484 praplteta
1696 3417 2152 3469 attinmdvertwuur.

2434 647 2644 715 pilatur.
2668 646 2934 703 licfertam
2967 649 3121 704 bonis
3144 651 3333 705 anima
3353 649 3569 704 domum
3602 650 3779 705 habuit
3807 649 4028 717 David;

2433 731 2612 771 verum
2654 718 2740 771 illa
2768 734 2794 770 a
2829 718 3176 775 latrocinante
3205 721 3472 789 voluptate
3510 721 3713 788 direpta
3756 720 3892 775 fuit:
3923 723 4029 777 in-

2426 801 2666 855 gressum
2687 790 2827 842 enim
2853 798 3093 855 apertum
3117 789 3349 858 reliquit,
3377 806 3475 844 nec
3496 791 3799 846 sobrietatis
3828 792 4026 845 claus-

2430 868 2510 909 tro
2536 858 2856 911 oblirmavit.
2892 858 3117 925 Quinam
3145 875 3273 915 vero
3309 871 3423 914 erat
3462 860 3548 914 ille
3576 860 3884 916 sobrietatis
3915 876 4028 917 ne-

2426 926 2665 995 glectus?
2698 930 2863 999 Nimia
2911 930 3147 996 corporis
3179 931 3388 999 requies
3429 947 3442 982 :
3480 930 3554 983 ait
3579 932 3722 985 enim
3753 950 3766 986 :
3807 931 4026 985 Accidit

2426 1007 2478 1048 ut
2505 1009 2726 1065 surgeret
2752 997 2918 1051 Dat'id
2932 1000 2999 1050 He
3025 1010 3181 1053 strato
3210 997 3302 1052 suo
3320 1010 3429 1064 post
3452 1002 3727 1061 meridirm,
3757 1010 3808 1053 et
3827 1001 4024 1054 datm-

2425 1066 2618 1120 bularct
2646 1068 2701 1140 in
2724 1068 2909 1122 salario
2937 1068 3279 1140 domusregitz
3304 1069 3375 1140 (ll
3391 1071 3514 1139 Reg.
3538 1069 3622 1131 XI.
3648 1068 3704 1140 2)
3724 1089 3735 1121 :
3757 1084 4023 1139 vespere,

2422 1146 2476 1190 et
2503 1137 2732 1191 surrexit
2756 1152 2788 1193 e
2812 1154 2999 1191 somno
3024 1149 3077 1191 et
3102 1137 3492 1193 dcatnuulavit‘:
3524 1137 3775 1200 somnus.
3802 1137 3865 1193 eti
3888 1152 4028 1208 post

2421 1220 2667 1277 somnum
2682 1208 3043 1277 deambulatio
3070 1209 3341 1262 moiiitiem
3370 1212 3689 1277 appetentis.
3714 1210 3850 1277 Quid
3877 1211 4018 1265 inde

2423 1276 2638 1330 damni?
2679 1276 2907 1346 Viditque
2934 1278 3190 1330 mulierem
3224 1295 3276 1331 se
3303 1276 3553 1331 latrantem
3581 1296 3643 1332 ea:
3668 1281 3879 1333 adverso
3915 1296 4019 1334 su-

2423 1363 2513 1416 per
2535 1348 2778 1401 solarium
2803 1365 2951 1400 suum
2980 1363 2998 1400 .'
3020 1359 3125 1400 erat
3150 1360 3315 1401 autem
3342 1349 3552 1416 pttlrltrtt
3578 1349 3737 1401 valde.
3772 1349 3840 1403 Et
3870 1350 4013 1403 mit-

2422 1426 2537 1471 tens
2557 1418 2838 1470 concubuit
2863 1432 2980 1471 cum
3007 1418 3114 1470 illa.
3137 1419 3287 1484 Quod
3314 1419 3855 1488 viderit,inuilpatuut
3883 1429 3972 1474 est
3996 1430 4017 1480 ;

2423 1503 2578 1541 nemo
2599 1490 2740 1558 enim
2770 1488 3296 1558 oculosincusaverit
3320 1489 3457 1558 quod
3487 1504 3548 1543 ea
3578 1506 3696 1557 qua:
3724 1503 3844 1542 sese
3869 1488 4022 1543 υσε-

2422 1568 2545 1612 runt
2585 1557 2791 1610 videant
2828 1575 2842 1610 :
2871 1557 2965 1610 sed
2998 1558 3184 1611 modus
3223 1558 3310 1612 ille
3341 1557 3546 1611 videndi
3581 1558 4015 1626 reprehensione

2421 1629 2608 1696 dignus
2644 1628 2758 1687 fuit,
2792 1627 2931 1696 quod
2957 1626 3023 1681 ad
3057 1637 3328 1696 peccatum
3364 1628 3654 1682 induceret.
3700 1627 3813 1681 Non
3845 1629 4006 1682 enim

2420 1699 2549 1751 vidit
2586 1698 2806 1751 formam
2852 1707 2905 1751 et
2952 1705 3225 1751 aversatus
3252 1709 3355 1761 εει,
3388 1698 3480 1751 sed
3507 1713 3572 1751 ex
3606 1698 4016 1766 pulchritudine

2420 1769 2662 1831 allectus,
2713 1766 3014 1834 spectaculo
3063 1766 3231 1835 iuliin
3267 1767 3453 1822 oculos
3493 1786 3505 1822 :
3547 1784 3719 1835 neque
3764 1769 3900 1821 ultra
3949 1770 4010 1822 in

2419 1839 2584 1893 oculis
2626 1840 2851 1906 pupillas
2881 1841 2897 1902 (
2917 1834 3095 1907 κόρας)
3128 1836 3338 1902 habuit,
3371 1839 3461 1891 sed
3494 1834 3819 1891 meretrices.
3854 1837 4013 1892 Tan-

2420 1918 2527 1962 tum
2557 1921 2638 1963 e5t
2674 1909 2869 1962 malum
2911 1911 3183 1961 oculorum
3214 1908 3482 1978 appetitio,
3516 1908 3615 1961 nisi
3650 1908 3791 1961 illam
3822 1910 4009 1977 repri-

2420 1994 2551 2033 mas.
2603 1978 2799 2031 Eadem
2829 1986 2911 2031 est
2943 1977 3096 2033 nobis
3136 1977 3369 2045 potestas
3402 1978 3539 2033 circa
3568 1980 3745 2038 cibum
3769 2017 3785 2043 ,
3817 1978 4005 2046 qualis

2417 2059 2532 2103 erat
2562 2049 2741 2102 Davidi
2771 2062 2910 2101 Circa
2942 2048 3218 2102 oculorum
3250 2063 3402 2101 usum
3425 2065 3438 2100 :
3461 2047 3552 2101 sed
3585 2048 3789 2115 peccati
3820 2057 4010 2103 trans-

2417 2120 2620 2187 gressio
2668 2118 2716 2171 id
2759 2117 3173 2187 reprehensione
3214 2119 3431 2185 digunm
3481 2117 3645 2187 efﬁcit
3692 2116 3832 2187 quod
3887 2120 4007 2172 cri-

2420 2185 2559 2244 iuzue
2588 2185 2831 2243 carebat.
2854 2187 2990 2252 Quid
3016 2188 3176 2256 ergo?
3204 2188 3468 2240 Alimento
3497 2185 3721 2256 quidem
3752 2185 4005 2242 foveatur

2417 2276 2610 2328 corpus
2634 2276 2649 2321 ;
2672 2259 2863 2327 Dignus
2878 2266 2948 2311 est
2967 2255 3097 2329 enini
3115 2260 3376 2329 operarius
3400 2255 3633 2329 cibosuo
3645 2255 3795 2325 (Luc.
3823 2257 3888 2321 Χ,
3910 2258 4001 2329 7):

2418 2326 2687 2384 nobiscum
2726 2326 2852 2381 vero
2891 2328 3269 2393 prandentibus
3297 2342 3398 2381 uua
3432 2328 3569 2381 adsit
3608 2326 3833 2391 Paulus,
3867 2339 3920 2381 et
3949 2326 4002 2382 si

2417 2400 2601 2453 viderit
2635 2414 2728 2452 nos
2759 2398 2812 2451 in
2834 2396 2953 2451 cibo
2981 2398 3330 2463 incomposite
3357 2411 3454 2450 nos
3475 2412 3678 2465 gerere,
3713 2396 3855 2450 velut
3879 2413 4003 2452 me-

2414 2470 2584 2533 dicus,
2618 2468 2932 2522 iuordiuatis
2957 2467 3204 2521 clamabit
3244 2486 3257 2520 :
3295 2466 3545 2520 Habentes
3560 2477 3727 2528 autem
3751 2466 4004 2521 alimenta

2414 2551 2459 2594 et
2490 2540 2667 2608 quibus
2705 2550 2950 2609 tegantur.
2984 2538 3060 2609 Ιιὶε
3084 2539 3303 2609 conten“
3329 2538 3488 2589 “mm
3518 2536 3572 2603 (ι
3597 2535 3728 2589 Tim'
3762 2535 3865 2609 Ἢ)
3889 2536 3948 2606 3)
3974 2578 3991 2591 ’

2415 2607 2707 2668 Alimenta.
2748 2607 2853 2662 non
2889 2608 3134 2671 delicias;
3180 2608 3450 2671 alimenta,
3494 2623 3597 2660 non
3643 2623 3708 2661 ex
3736 2607 4005 2662 ebrietate

2414 2678 2837 2735 subversionem.
2863 2678 3073 2731 Deliciae
3094 2677 3219 2731 olim
3248 2677 3489 2731 lsraelem
3511 2677 3575 2730 ad
3605 2676 4001 2731 idololatricam

2413 2751 2747 2805 saltationem
2778 2749 3075 2802 excitarunt
3110 2766 3124 2802 :
3157 2748 3390 2801 ebrietas
3425 2748 3567 2801 enim
3604 2748 3833 2800 animam
3863 2761 4002 2815 cap-

2413 2821 2575 2874 tivam
2602 2820 2851 2874 effecerat
2880 2836 2892 2872 :
2927 2833 3069 2884 nam,
3100 2816 3264 2879 Sedit,
3306 2817 3493 2887 inquit,
3528 2819 4000 2887 populiusmqndu-

2417 2907 2531 2969 iure
2562 2901 2606 2944 et
2630 2889 3227 2969 bibere,.etsurrrxer_uut
3250 2885 3637 2969 lu.dere_d(_E.:cod.
3668 2885 3885 2969 XXXII,

2412 2962 2772 3016 Observcmus
2815 2960 2972 3028 igitur
3010 2957 3149 3028 quod
3176 2959 3310 3028 usui
3352 2959 3606 3021 sulliciat;
3641 2968 3861 3011 curetur
3888 2957 3998 3028 ali~

2414 3043 2593 3085 mento
2617 3027 2853 3098 corpus,
2878 3027 3215 3083 relaxationis
3243 3029 3481 3081 solamen
3511 3043 3842 3096 quaeramus,
3877 3027 4002 3095 ple-

2412 3101 2667 3156 nitudinis
2688 3114 2853 3153 onere
2876 3114 2943 3153 ne
2965 3099 3287 3168 frangamur,
3313 3098 3588 3151 moderato
3609 3098 3732 3152 cibo
3758 3107 3998 3159 utamur,

2410 3169 3086 3261 ebrietatis‘tumiifudiuem
3110 3169 3478 3261 etapericulLum
3507 3170 3764 3250 evitemus
3789 3186 3801 3220 :
3830 3169 4001 3257 obses

2409 3256 2633 3309 quamur
2662 3236 2823 3294 l‘aulo
2848 3238 3076 3293 hortanti
3106 3256 3117 3290 :
3149 3236 3273 3291 Non
3294 3238 3528 3309 inebriari
3550 3238 3767 3309 viuotin
3793 3253 3893 3309 quo
3922 3250 3999 3291 est

2411 3305 2634 3374 hixuria,
2657 3312 2746 3364 sed
2771 3311 2967 3379 impleri
2998 3308 3199 3377 Spiritu
3217 3318 3390 3363 sancto
3419 3305 3635 3378 (Epltes.
3664 3307 3724 3374 ιτ,
3750 3306 3839 3377 18)
3862 3322 3877 3372 ς
3902 3310 3996 3361 cui

2405 3385 2573 3452 gloria
2607 3384 2657 3436 in
2685 3383 2883 3437 seCula.
2918 3384 3106 3433 Amen.

713 3517 3986 3554 Μ

712 3604 819 3666 ιν.
866 3620 1179 3674 EIUSDEM,
1242 3618 1412 3672 quon
1455 3618 1665 3661 unave
1709 3616 1807 3659 SIT
1850 3617 1955 3659 DEI
2008 3612 2420 3659 CLEMENTIAM
2468 3606 2916 3653 consumens.
2966 3603 3153 3647 DICTA
3189 3602 3408 3645 AUTEM
3452 3602 3605 3644 FUIT
3648 3599 3985 3652 POSTQUAM

792 3722 1006 3765 DECEM
1054 3720 1326 3763 MILLIUM
1368 3718 1794 3762 TALENTORUM
1863 3716 2188 3761 PAIIABOLA
2235 3714 2428 3758 LECTA
2476 3710 2769 3764 FUERAT;
2817 3708 2898 3751 ET
2950 3705 3197 3749 CONTRA
3242 3703 3541 3760 JUDE’OS,
3588 3703 3720 3763 QUM
3763 3701 3996 3751 τΕιιιιιι

794 3811 1005 3866 simus
1049 3822 1291 3865 merus
1340 3821 1553 3865 essm.

781 3948 1091 4002 Clementiae
1111 3947 1316 4001 Domini
1344 3948 1509 4001 nostri
1539 3946 1947 4015 magniﬁcentia,
1969 3959 2129 4015 quam
2151 3956 2291 3997 nunc

710 4019 1005 4083 audivistis,
1040 4019 1405 4085 peccatoribus
1436 4014 1694 4080 exhibita,
1728 4014 2075 4085 ingenteiuel
2100 4014 2286 4069 decem

710 4090 935 4142 millium
970 4084 1167 4156 peccati
1190 4089 1503 4142 talentorum
1537 4084 1904 4141 remissionem
1940 4084 2131 4140 elI‘ccit.
2159 4085 2287 4138 Plu-

711 4160 830 4213 rimi
871 4173 999 4212 vero
1028 4171 1170 4226 saepe
1196 4168 1381 4212 contra
1415 4157 1623 4212 Domini
1665 4158 2003 4211 clementiam
2046 4166 2283 4226 agentes,

707 4239 762 4295 et
793 4230 929 4283 male
957 4224 1243 4294 douis'ejus
1269 4239 1497 4289 utentes,
1522 4226 1818 4280 clementiae
1846 4226 2061 4279 divitias
2090 4227 2138 4277 in
2169 4224 2287 4277 tho-

707 4314 922 4353 saurum
966 4299 1210 4367 supplicii
1242 4299 1339 4350 sibi
1369 4307 1682 4351 convertunt
1717 4315 1730 4348 :
1763 4296 2024 4365 siquidem
2057 4310 2159 4348 non
2206 4305 2285 4367 te-

708 4384 853 4423 mere
885 4363 1113 4437 largiens
1145 4368 1563 4421 misericordiam
1586 4407 1603 4430 ,
1650 4363 2015 4434 nequenimio
2045 4363 2287 4437 magniﬁ-

707 4439 897 4492 ceutim
914 4435 1089 4493 Studio
1110 4439 1347 4501 allectus,
1368 4437 1666 4491 clementia:
1687 4452 1795 4489 sua:
1816 4437 2029 4490 divitias
2048 4435 2282 4497 exhibet,

706 4508 799 4563 sed
824 4524 1098 4562 munerum
1121 4508 1440 4561 abundantia
1464 4507 1764 4576 persuadet.
1788 4506 1921 4561 Cum
1950 4515 2124 4560 autem
2155 4505 2289 4556 l‘rus-

709 4590 786 4633 tra
813 4580 1040 4648 projecta
1072 4578 1211 4633 videt
1237 4580 1534 4633 clementiae
1561 4592 1672 4631 sua:
1700 4577 1863 4641 dona,
1892 4576 2089 4630 claudit
2120 4576 2287 4629 bono-

2398 3960 2513 3997 rum
2548 3942 2738 4003 l‘outes,
2781 3939 2971 3993 rrtiuet
3010 3938 3307 3992 clementia:
3350 3937 3573 4001 imbres,
3615 3935 3861 3991 defessus
3904 3945 3988 3992 est

2395 4013 2761 4084 gratilicandu.
2789 4011 2927 4075 Qum
2948 4008 3362 4084 olimbonorum
3394 4009 3649 4084 imbribus
3672 4006 3985 4084 {udmorunt

2398 4076 2642 4152 populum
2685 4084 2883 4152 rigans,
2915 4088 2973 4133 ut
3012 4079 3140 4131 vidit
3170 4080 3287 4152 illos
3312 4077 3648 4152 gratitudiuis
3679 4076 3984 4152 fructusa-

2395 4146 2544 4210 i-uos.
2569 4146 2828 4213 ingratum
2858 4151 3067 4203 illorum
3098 4146 3331 4218 animum
3355 4163 3459 4201 non
3491 4148 3666 4202 ferens
3689 4146 3979 4218 clamabat,

2400 4224 2545 4276 Facti
2570 4226 2685 4276 estis
2713 4222 2908 4274 molesti
2931 4220 3051 4271 milii
3081 4217 3229 4289 (lsoi.
3259 4218 3301 4282 I,
3333 4218 3454 4287 M)!
3486 4218 3561 4271 Ex
3586 4234 3701 4272 mea
3726 4232 3849 4289 erga
3878 4232 3975 4269 vos

2394 4294 2675 4348 cletttetitia
2726 4291 2893 4361 magis
2943 4287 3688 4361 cuittetttiosimapparttistis,:
3732 4287 3980 4361 defessus

2394 4380 2511 4418 sum
2540 4365 2687 4417 vobis
2717 4355 3067 4430 graitlicaudo
3098 4377 3119 4430 :7
3144 4357 3290 4411 Facti
3318 4359 3435 4413 estis
3460 4358 3652 4417 molesti
3684 4359 3827 4410 mihi.
3870 4355 3981 4430 Ba-

2396 4435 2525 4488 tioni
2557 4427 2809 4501 competit
2841 4432 2922 4483 illa
2954 4446 3074 4498 erga
3110 4429 3251 4497 ipsos
3275 4430 3545 4501 patientiae
3581 4439 3721 4483 meta
3755 4445 3768 4482 :
3803 4427 3977 4482 nullus

2394 4506 2535 4559 enim
2565 4498 2807 4574 superest
2840 4502 2981 4571 ipsos
3010 4499 3309 4568 corrigendi
3342 4498 3633 4553 modus“"

783 4679 3972 4713 ___________________________________________—_..—__—__...

705 4759 781 4819 V.
820 4780 1131 4834 esusneu,
1162 4779 1225 4821 IN
1254 4776 1583 4821 saneemrs
1607 4776 1814 4819 ηυχο
1839 4772 2288 4827 LABORANTEM,
2317 4771 2399 4812 ex
2430 4766 2784 4813 evneum
2816 4762 3151 4826 secuxpum
3197 4760 3407 4804 LUCAM
3438 4745 3615 4823 (Luc.
3650 4744 3817 4816 VIII,
3848 4743 3952 4825 £3)

776 4908 911 4963 Aliis
939 4906 1151 4975 quidem
1196 4904 1327 4958 alias
1355 4904 1740 4970 negotiationes
1781 4903 1917 4975 νὶιεις
1947 4914 2141 4969 scopas
2169 4898 2280 4953 dis-

702 4980 936 5048 pertivit,
959 4973 1157 5046 cuique
1179 4976 1321 5048 illam
1345 4975 1639 5048 attribuens
1662 4989 1784 5048 qua:
1810 4973 1951 5048 utilis
1974 4981 2026 5026 et
2046 4985 2280 5048 congrua

701 5042 821 5105 esse
849 5042 1087 5110 videturi
1132 5046 1339 5100 unicam
1380 5059 1507 5098 vero
1554 5044 1704 5097 nobis
1752 5043 1971 5112 largitus
2014 5042 2282 5112 estDeus

703 5120 1121 5191 negotiationem
1157 5116 1406 5191 Spiritus,
1437 5130 1553 5182 quae
1576 5129 1678 5191 per
1695 5111 1850 5191 ﬁdem
1893 5114 1948 5166 lit
1980 5111 2280 5191 multiplex,

701 5179 1020 5245 acvtnaxitna
1042 5187 1149 5241 edit
1177 5179 1314 5245 bona
1337 5179 1521 5252 Opera,
1546 5179 1681 5239 sicut
1702 5184 1957 5248 scriptum
1976 5192 2069 5252 rest
2095 5200 2106 5234 :
2139 5179 2284 5252 Idem

700 5276 815 5313 vero
848 5256 1093 5325 Spiritus,
1125 5257 1352 5309 dividens
1378 5251 1591 5325 singulis
1622 5264 1769 5322 prout
1799 5255 1900 5306 uult
1934 5251 1991 5321 (Ι
2027 5251 2140 5304 Cor.
2168 5251 2279 5315 XII,

702 5331 826 5399 ll).
860 5329 985 5383 Sola
1027 5329 1169 5399 enim
1203 5326 1332 5380 lides
1362 5341 1479 5379 cum
1513 5325 2121 5399 possessoribusmanet
2148 5342 2167 5399 Ξ
2193 5339 2283 5375 ac-

702 5391 985 5469 cipientem
1016 5413 1120 5451 non
1142 5397 1358 5464 decipit,
1388 5411 1446 5449 se
1470 5405 1734 5469 tenentem
1767 5391 2286 5469 IlOIl_dcsel‘li,.i-llt'tis

704 5462 810 5526 non
843 5471 1049 5531 metuit,
1077 5462 1347 5536 raptorum
1377 5482 1480 5525 non
1512 5465 1668 5536 habet
1694 5465 2075 5536 suspicionem,
2104 5462 2286 5530 sigillis

701 5557 806 5598 non
839 5540 1073 5608 indiget,
1106 5534 1354 5591 custodes
1391 5552 1491 5608 non
1526 5552 1582 5589 re
1604 5534 1765 5608 utirit.
1802 5539 1963 5608 Deum
1988 5534 2128 5586 enim
2160 5547 2285 5585 cus-

706 5610 883 5666 todem
917 5605 1092 5671 habet,
1126 5609 1213 5678 qui
1255 5623 1349 5676 per
1389 5607 1522 5660 hanc
1552 5605 1728 5678 omnia
1757 5605 2003 5658 omnibus
2042 5610 2289 5678 prompte

707 5679 1061 5736 administrat.
1095 5672 1479 5732 llanc'habere
1509 5676 1729 5744 cupittnt
1755 5690 1906 5743 reges
1932 5691 1946 5735 ;
1978 5676 2071 5728 sed
2103 5672 2287 5739 privati

705 5751 1016 5818 possident,
1050 5751 1299 5819 primates
1341 5743 1587 5817 qiuerunt
1626 5762 1640 5798 :
1676 5746 1762 5799 illa
1796 5760 1919 5799 vero
1948 5744 2011 5798 ad
2061 5743 2285 5797 humiles

2385 4896 2590 4962 currit,
2622 4903 2676 4949 et
2712 4904 2896 4947 tenues
2930 4891 3297 4960 amplectitur;
3340 4890 3405 4944 ad
3441 4890 3684 4946 infirmos
3714 4894 3855 4945 venit
3881 4934 3895 4955 ,
3924 4907 3977 4947 el

2388 4966 2751 5035 apprehensus
2797 4979 2953 5017 manu
3000 4962 3183 5035 ducit,
3225 4963 3341 5016 sine
3385 4964 3631 5035 mercede
3655 4963 3976 5035 curationes

2390 5031 2641 5105 largiens.
2694 5034 2833 5105 Cum
2876 5036 3029 5103 igitur
3075 5033 3259 5105 vides,
3305 5046 3338 5083 ο
3384 5031 3615 5105 dilcme,
3644 5032 3917 5086 Christum
3948 5052 3981 5090 e

2391 5102 2569 5160 monte
2609 5102 3051 5163 descendentem,
3087 5102 3384 5170 iterumque
3422 5102 3474 5154 in
3521 5112 3753 5157 montem
3786 5117 3977 5159 ascen-

2389 5178 2629 5237 dentem,
2656 5173 2897 5240 paludem
2924 5180 3307 5238 transeuntem,
3330 5188 3423 5240 per
3445 5188 3590 5227 mare
3619 5173 3975 5242 navigantem,

2394 5256 2691 5302 versantem
2727 5246 2777 5297 in
2808 5244 2967 5312 agris,
2990 5244 3315 5311 urbibusque
3344 5252 3397 5295 ct
3425 5243 3589 5306 vicis;
3621 5259 3741 5298 cum
3772 5244 3980 5298 itincri-

2392 5320 2489 5373 bus
2523 5318 2608 5371 hic
2635 5314 2769 5369 infra
2800 5316 3023 5381 peractis
3067 5328 3271 5366 memor
3298 5315 3457 5367 etiam
3501 5325 3616 5367 esto
3648 5329 3830 5368 eorum
3862 5330 3978 5383 qum

2391 5404 2550 5458 supra
2584 5388 2735 5450 fecit;
2768 5398 2835 5439 ne
2863 5384 3195 5458 obliviscaris
3223 5383 3491 5458 cathedra:
3521 5384 3973 5458 Che_ruhinorum,

2391 5454 2471 5512 ne'
2491 5462 2842 5520 humanorum
2871 5468 3026 5507 causa
3062 5455 3296 5524 negligas
3319 5454 3518 5519 diiina,
3546 5456 3740 5509 caelum
3772 5470 3837 5508 ne
3872 5463 3978 5524 tra—

2391 5530 2485 5582 das
2514 5528 2785 5589 oblivioni,
2821 5540 2886 5578 ue
2913 5525 3118 5577 excidat
3142 5523 3177 5577 ’e
3206 5526 3459 5578 memoria
3491 5534 3574 5578 tua
3602 5525 3836 5579 Verbum
3861 5523 3966 5577 fac-

2395 5610 2502 5651 tum
2537 5598 2700 5653 l‘uiSsc
2724 5611 2961 5655 Carnem,
2994 5598 3131 5649 sicut
3162 5596 3258 5663 ipsi
3284 5595 3675 5664 hcneplacitum
3704 5594 3822 5648 fuit.
3850 5594 3977 5649 Ver-

2396 5671 2517 5721 bum
2564 5670 2709 5722 e‘uim
2749 5680 2874 5720 caro
2913 5664 3105 5720 factum
3140 5676 3221 5720 est
3265 5684 3278 5719 :
3325 5677 3376 5717 ut
3434 5681 3557 5719 caro
3600 5665 3874 5727 ambulat,
3920 5675 3977 5719 ut

2396 5739 2626 5794 Verbum
2672 5737 2907 5801 recedit;
2948 5746 3001 5791 ut
3043 5752 3165 5793 caro
3218 5736 3268 5790 in
3317 5748 3550 5792 montem
3596 5735 3874 5795 ascendit.
3919 5746 3972 5789 ut
