4176 6480
229 435 299 490 23

234 545 818 613 dicit,concordiroee
848 543 1191 611 utens.Quid
1220 544 1365 600 enim
1397 542 1514 613 ait?
1543 540 1832 613 Labor-urit

232 611 494 690 [Κρῆτα
529 629 580 690 et
614 618 1003 690 negotiationes
1035 614 1441 690 Ait/tiOpum,“
1471 612 1688 690 Sabaim
1729 611 1832 664 riri

235 684 482 744 suliliines
501 687 571 741 ad
591 701 646 742 te
659 684 1055 742 transibunt.”
1074 685 1170 739 tibi
1203 697 1358 737 erunt
1384 684 1544 744 servi,
1562 692 1610 736 et
1632 691 1749 746 post
1784 693 1834 736 te

236 757 566 812 ambulabunt
603 753 759 806 uincti
805 751 1018 805 manicis
1044 759 1090 804 et
1118 758 1165 803 te
1200 749 1487 801 adorabunt
1519 747 1681 818 :_quia
1703 762 1770 818 in
1802 760 1850 800 te

238 827 484 882 Densius
513 823 653 878 Deus
677 864 692 886 ,
725 831 770 876 et
797 838 899 876 non
925 830 998 876 est
1049 820 1183 874 Deus
1214 828 1398 886 praeter
1424 827 1489 872 te.
1526 815 1603 870 ru
1629 817 1763 871 enim
1795 830 1847 870 ec

239 897 394 958 Deus.
453 906 501 950 et
550 895 934 960 nesciebamus,
968 890 1102 946 Deus
1155 889 1326 944 Israel
1369 888 1614 944 Saluator
1669 888 1688 950 (
1709 887 1841 960 litui.

237 969 394 1029 XLV.
429 969 519 1033 lt,
549 966 667 1034 15).
717 965 915 1019 Beatus
959 964 1122 1034 etiam
1167 961 1365 1034 Petrus
1411 973 1598 1016 vocem
1645 959 1842 1034 emittit

231 1027 474 1093 eamdem
505 1027 968 1096 rim'babentem;
995 1033 1067 1087 ait
1091 1032 1236 1086 enim
1266 1046 1280 1082 :
1315 1027 1546 1092 Fratres,
1577 1046 1669 1084 nec
1693 1029 1841 1082 aliud

232 1127 409 1165 nomen
434 1118 508 1162 est
540 1107 632 1162 sub
657 1105 784 1160 caelo
812 1104 990 1157 datum
1034 1101 1319 1157 hominibus
1343 1145 1353 1160 .
1381 1101 1436 1155 in
1469 1117 1569 1172 quo
1607 1110 1839 1168 oporteat

231 1197 319 1234 nos
362 1181 536 1235 salvos
567 1177 680 1245 ﬁeri
709 1178 725 1244 (
752 1176 862 1229 Act.
893 1174 983 1236 IV,
1016 1173 1135 1243 12).
1164 1172 1303 1245 Quid
1332 1182 1509 1245 autem
1541 1173 1717 1225 minus
1755 1181 1838 1245 est

228 1251 446 1307 Christo
471 1241 769 1304 secundum
800 1241 1184 1301 incarnationis
1212 1241 1696 1312 dispensationem,
1740 1243 1831 1312 qui

229 1321 394 1377 factus
423 1329 508 1375 εει
549 1317 760 1388 angelis
784 1327 836 1371 et
869 1316 1179 1388 hominibus
1204 1311 1428 1388 inferior
1449 1312 1641 1388 ῗ-ᾼιιάί
1669 1311 1835 1388 pavi.

226 1392 344 1446 dem
390 1383 666 1445 dicentem
705 1386 976 1456 quomodo
1022 1386 1193 1440 fartus
1237 1385 1307 1456 sit
1347 1383 1554 1456 angelis
1611 1383 1830 1456 minor:

229 1461 367 1528 Quid
389 1471 463 1516 est
499 1461 656 1514 homo
678 1453 815 1526 quod
841 1473 1032 1510 memor
1052 1473 1105 1510 es
1140 1457 1249 1526 ejus
1271 1455 1296 1509 2’
1316 1464 1404 1506 aut
1430 1453 1582 1528 ﬁlius
1612 1453 1834 1528 hominis

224 1523 459 1598 inanium
489 1531 666 1585 uisitas
691 1523 812 1584 eum
828 1529 854 1583 2
885 1523 1244 1598 minuistieum
1270 1528 1428 1598 paulo
1452 1525 1621 1598 minus
1649 1523 1712 1578 alt
1737 1540 1832 1598 an.

223 1593 342 1670 ἀοιεε
372 1602 556 1672 (ρεαι.
584 1598 722 1665 vui,
755 1600 811 1672 5,
857 1597 935 1672 δ).
981 1597 1131 1672 Quod
1166 1593 1354 1672 autem
1400 1593 1562 1650 David
1605 1598 1720 1672 lucc
1763 1596 1833 1652 de

225 1665 432 1742 Christo
472 1673 747 1742 loquatur,
789 1665 983 1742 Paulus
1026 1668 1118 1722 tibi
1166 1668 1432 1742 interpres
1475 1674 1557 1720 est
1597 1665 1827 1742 dicens:

231 1741 353 1796 Eunt
379 1737 579 1806 autem,
601 1743 690 1810 qui
719 1741 919 1794 modico
945 1755 1096 1809 quam
1121 1737 1292 1808 angeli
1317 1738 1602 1810 minor-atus
1627 1747 1720 1810 est,
1741 1739 1828 1810 Avi-

223 1813 392 1868 demus
431 1805 625 1868 Jesum'
643 1821 851 1882 prapter
889 1805 1174 1882 passionem
1194 1805 1387 1882 'mortis
1415 1805 1434 1878 (
1461 1805 1588 1861 lleb.
1639 1807 1821 1882 1129)ἶ

225 1883 479 1940 Similiter
530 1877 692 1939 etiain
741 1877 1048 1936 hominibus
1087 1880 1266 1934 minor
1314 1877 1488 1933 factus
1533 1887 1638 1934 est.
1685 1878 1824 1946 Quid

220 1955 342 2010 dicit
369 1956 538 2009 Isaias
565 1955 589 2007 ?
629 1953 859 2007 Vidimus
881 1968 993 2006 eum
1017 1993 1032 2014 ,
1064 1965 1224 2020 neque
1248 1958 1357 2002 erat
1385 1957 1639 2018 aspectus,
1667 1966 1828 2018 neque

222 2025 383 2090 decor,
415 2038 464 2080 et
497 2035 733 2094 aspectus
774 2025 886 2094 ejus
920 2023 1029 2094 sine
1071 2020 1296 2094 liquore)
1327 2029 1374 2094 e_t
1396 2020 1643 2094 dejiciens
1669 2037 1825 2094 supra

221 2089 382 2151 omnes
409 2089 843 2164 ﬁlios'ltomittuin
883 2096 899 2160 (
925 2090 1048 2164 Isai.
1078 2090 1188 2164 Llll
1211 2133 1226 2155 ,
1250 2090 1309 2164 2,
1337 2091 1372 2145 '5
1467 2091 1691 2164 Propter
1717 2089 1824 2164 ltoc

222 2159 450 2222 ret-mem
483 2181 550 2223 se
573 2180 790 2236 quoque
819 2159 1128 2236 appellavit.
1161 2160 1298 2236 Quid
1331 2161 1474 2236 enim
1504 2159 1631 2236 dicit
1651 2160 1821 2236 {Ego

221 2247 374 2290 autent
394 2253 515 2291 sum
538 2230 719 2290 rei-atii
746 2244 791 2288 et
816 2230 917 2287 non
941 2235 1090 2286 homo
1122 2237 1139 2302 (_
1165 2230 1311 2285 Psal.
1342 2230 1466 2284 ΧΧΙ
1486 2273 1501 2302 ,
1533 2231 1627 2300 7).
1658 2231 1726 2302 Et
1760 2230 1817 2286 in

223 2304 360 2364 Isaia.
386 2309 553 2362 Pater
580 2306 655 2360 illi
684 2307 814 2359 dicit
845 2322 858 2358 :
893 2302 1020 2366 Noli
1046 2304 1240 2367 timere,
1269 2303 1451 2356 vermis
1467 2301 1631 2356 Iacob
1657 2301 1813 2368 (lsai.

221 2375 341 2440 XLI,
377 2379 494 2447 η).
529 2378 605 2432 De
637 2375 840 2432 celebri
881 2377 997 2443 ejus
1035 2383 1210 2435 morte
1249 2373 1818 2447 urentit~netn_l_':_tc_ietts

220 2438 362 2502 dicit:
380 2438 461 2503 Et,
475 2449 855 2516 operimentum
872 2438 1018 2516 tuum
1037 2447 1130 2497 erit
1156 2443 1336 2496 vermis
1370 2438 1713 2516 (Isai.XlV,l
1724 2444 1748 2516 _l
1762 2445 1801 2516 ).

218 2516 449 2586 Oportuit
505 2511 649 2574 enim
685 2525 922 2581 eum,.nt
971 2515 1293 2586 piscatorem
1334 2511 1674 2581 prudentem,
1709 2514 1809 2586 l'ul-

218 2583 347 2657 genti
377 2589 547 2644 hamo
573 2587 870 2643 divinitatis
900 2583 1312 2657 circutnponere
1343 2598 1579 2657 vermem
1610 2583 1811 2657 Carnis,

215 2653 264 2715 et
311 2661 588 2715 dimittere
640 2660 694 2714 in
742 2657 1064 2726 profundum
1110 2653 1277 2726 hujus
1331 2655 1496 2717 vice,
1528 2661 1689 2726 atque
1720 2656 1811 2726 _ita

216 2731 496 2786 draconem
530 2724 812 2795 inescare,
845 2739 903 2782 ut
930 2742 1056 2782 vere
1081 2725 1395 2793 impleretur
1420 2725 1563 2794 quod
1614 2726 1664 2778 in
1711 2724 1814 2781 Job

217 2801 450 2857 scribitur
480 2819 495 2856 :
527 2803 610 2854 An
636 2801 909 2854 extrahere
947 2799 1134 2866 poteris
1160 2797 1435 2849 draconem
1453 2795 1682 2863 Itamoll
1713 2795 1744 2846 ,Ι
1754 2803 1814 2848 ob

223 2871 321 2932 ΧΙ..
350 2872 440 2926 20.
476 2872 496 2942 )
538 2873 726 2928 Simile
769 2880 842 2924 est
870 2870 1030 2942 igitur
1059 2884 1272 2942 regnum
1299 2867 1811 2942 emtoruntgranosi-

217 2945 370 3011 napis.
404 2938 559 2998 Dicet
594 2943 776 3012 itaque
795 2955 862 2995 ex
889 2938 1232 2994 audientibus
1272 2938 1466 3006 aliquis
1493 2957 1504 2990 :
1530 2940 1812 3012 Quomodo

218 3009 343 3067 idétn
370 3013 544 3069 factus
571 3024 656 3068 est
687 3009 908 3082 regnum
931 3011 1190 3065 caelorum
1213 3017 1522 3082 ctgranum
1540 3009 1564 3061 Ἰ
1583 3024 1810 3078 magnus

216 3092 265 3138 et
305 3099 495 3152 parvus
539 3079 820 3154 quomodo
863 3083 1003 3154 idem
1061 3080 1231 3135 sunt?
1274 3079 1540 3145 Quoniam
1590 3090 1812 3148 propter

216 3153 629 3223 magnitudinem
682 3153 1067 3209 misericordia}
1112 3166 1238 3223 erga
1298 3153 1608 3220 ltgmentnm
1652 3167 1810 3223 suum

215 3222 448 3280 omnibus
477 3226 665 3280 omnia
705 3224 879 3279 factus
907 3235 989 3279 est
1011 3265 1027 3288 ,
1057 3231 1116 3277 ut
1151 3222 1391 3277 lucretur
1421 3237 1629 3276 omnes.
1667 3222 1811 3277 Deus

214 3307 338 3359 erat,
364 3298 500 3351 sicut
531 3306 592 3351 et
635 3304 720 3350 est
757 3305 812 3350 et
853 3295 957 3350 erit
996 3309 1093 3363 per
1135 3305 1382 3347 naturam
1430 3294 1725 3363 propriam,
1755 3302 1810 3347 et

220 3364 366 3419 homo
394 3367 572 3422 factus
596 3377 681 3421 est
708 3374 926 3435 promer
963 3361 1210 3435 nostram
1232 3364 1484 3417 salutem.
1520 3361 1564 3416 0
1590 3364 1809 3418 altitudo

217 3437 491 3491 divitiarum
537 3433 821 3501 sapiat—tite
843 3447 888 3490 et
925 3438 1148 3490 mentite
1181 3433 1273 3490 Dei
1298 3476 1313 3500 ,
1341 3451 1492 3503 quant
1522 3435 1808 3504 incompre-

217 3509 468 3576 lteusiltilia
510 3519 633 3562 sunt
657 3509 856 3573 judicia
893 3509 1038 3576 ejus,
1082 3517 1129 3560 et
1170 3505 1540 3576 inuestigabiles
1565 3509 1659 3558 via:
1697 3507 1808 3574 ejus

218 3575 374 3642 (Rom.
406 3578 497 3643 XI,
523 3581 626 3647 53)
651 3581 665 3632 Ξ
696 3577 741 3632 0
769 3575 1016 3647 granum,
1046 3592 1142 3646 per
1169 3575 1309 3645 quod
1342 3575 1512 3628 laetus
1533 3587 1618 3630 est
1645 3593 1805 3629 mun-

216 3649 325 3710 dus,
345 3666 435 3714 per
455 3651 603 3718 quod
628 3650 864 3704 tenebrat
884 3648 1178 3717 dissipatze,
1195 3656 1251 3701 et
1279 3648 1518 3700 Ecclesia
1548 3657 1804 3702 renovata

216 3721 322 3790 est!
357 3720 465 3773 lluc
510 3735 744 3790 granum
777 3722 829 3773 in
867 3735 1029 3773 cruce
1076 3733 1396 3790 suspensum
1439 3728 1640 3790 tantam
1696 3720 1804 3774 vim

222 3787 404 3849 habuit.
426 3800 483 3844 ut
504 3787 815 3859 quanquam
847 3791 1021 3859 ipsum
1043 3787 1186 3844 esset
1214 3787 1470 3850 vinctum,
1493 3787 1656 3842 verbo
1682 3799 1802 3843 lan-

220 3868 316 3913 tum
346 3861 610 3916 latrantem
643 3877 672 3913 a
703 3863 844 3931 ligno
881 3871 1117 3929 raperet,
1147 3870 1204 3914 et
1232 3859 1295 3931 in
1319 3860 1538 3913 delicias
1570 3859 1801 3931 paradisi

221 3931 570 4001 circumferret
596 3949 608 3983 :
640 3929 988 4000 hoc'granum
1016 3933 1068 3984 in
1099 3932 1263 3984 latere
1287 3929 1469 3984 lancea
1501 3930 1801 4001 perfossum.

222 3999 620 4056 immortalitatis
654 3999 836 4070 pomin
863 4003 1168 4056 sitientibus
1197 4001 1477 4072 distillavit
1504 3999 1518 4052 Ξ
1552 4001 1654 4055 hoc
1680 4017 1804 4072 gra-

220 4085 331 4124 num
358 4072 562 4141 sinapis
582 4088 614 4128 a
644 4076 786 4142 ligno
815 4073 1048 4126 delatum
1075 4083 1127 4125 et
1161 4074 1212 4125 in
1245 4071 1400 4125 ltorto
1431 4072 1664 4141 positum
1692 4071 1804 4127 ter-

221 4156 318 4196 rant
347 4159 561 4198 omnem
589 4147 755 4197 ramis
785 4144 1158 4197 obumbravit:
1181 4144 1281 4198 hoc
1306 4157 1531 4212 granum
1563 4143 1614 4196 in
1645 4143 1804 4198 l~orto

222 4215 452 4277 μιεξιυηι,
482 4214 695 4268 radices
725 4230 850 4268 suas
883 4215 936 4268 in
962 4213 1234 4268 infernum
1264 4214 1576 4278 dentittens,
1607 4223 1659 4268 et
1685 4217 1798 4268 ’ιηί-

221 4296 319 4361 tms
361 4300 477 4361 quae
523 4286 598 4361 ibi
644 4295 1018 4361 eraut__secum
1044 4285 1532 4361 .abripiens,_iutr_a
1567 4285 1801 4361 triduum

222 4355 265 4402 in
300 4357 487 4410 caelum
528 4356 654 4426 illas
685 4357 903 4411 retulit:
935 4355 1038 4409 hoc
1082 4372 1305 4425 granum
1335 4355 1541 4424 sinapis
1570 4355 1620 4408 in
1655 4357 1802 4426 ligno

221 4427 488 4494 contritum
512 4425 890 4482 adversarium
922 4427 1076 4481 nobis
1104 4437 1408 4494 serpentem
1446 4427 1668 4480 humore
1691 4425 1801 4482 acri

221 4492 436 4572 alliciens
462 4498 772 4553 obscuravit
792 4507 892 4572 ,_et
933 4492 1256 4572 infernutna
1295 4512 1488 4572 somno
1517 4501 1758 4572 excitam
1781 4542 1796 4565 ,

221 4568 527 4638 incumdetu
557 4584 724 4638 quem
753 4569 1043 4634 reliquerat
1069 4569 1245 4622 locum
1275 4569 1452 4622 redire
1477 4569 1672 4637 coegit.
1709 4571 1800 4624 Si-

220 4636 323 4710 nti'e
358 4640 519 4710 igitur
566 4636 645 4693 est
689 4656 900 4710 regnum
940 4639 1185 4694 cwlorum
1229 4656 1392 4710 grano
1417 4636 1634 4707 sinapis,
1663 4642 1801 4710 quod

224 4707 449 4781 “sipiens
469 4710 629 4764 homo
643 4707 902 4771 sentinauit
925 4712 979 4763 in
1006 4710 1154 4762 horto
1176 4726 1290 4763 suo.
1319 4709 1534 4764 Semina
1559 4712 1659 4766 huc
1677 4707 1801 4781 gra-

222 4789 331 4850 tutm
354 4780 550 4849 sinapis
580 4781 636 4834 in
659 4782 812 4835 horto
837 4782 1031 4834 anima:
1050 4791 1173 4843 tute,
1203 4790 1262 4833 ut
1287 4791 1342 4834 tu
1373 4797 1586 4850 quoque
1609 4780 1759 4838 dicas
1785 4803 1798 4838 :

222 4845 387 4921 ξανθά,
413 4845 625 4921 Aquilo,
648 4863 695 4906 et
719 4851 853 4917 veni,
881 4852 1086 4912 Auster,
1120 4852 1284 4921 perﬂa
1309 4845 1513 4904 hortatu
1544 4869 1731 4913 meum.
1755 4867 1802 4909 et

223 4869 387 4915 urge,
413 4869 625 4921 nquito,
648 4869 695 4906 et
719 4869 853 4917 vent,
881 4869 1086 4912 auster,
1155 4869 1284 4919 erpa
1309 4869 1512 4904 uortum
1544 4869 1731 4913 meum.
1755 4869 1800 4909 et

223 4916 364 4981 ﬂuant
403 4933 637 4994 aromata
685 4940 794 4976 mea
845 4922 1031 4991 (Cant.
1063 4869 1166 4984 ΝΡ,
1215 4921 1344 4992 16).
1376 4922 1432 4976 Si
1467 4925 1569 4977 hoc
1598 4926 1800 4994 sinapis

223 5002 419 5066 granum
449 4992 649 5066 habeas
675 4997 726 5046 in
748 4996 902 5047 horto
923 4995 1118 5066 anima:
1149 5004 1274 5054 tum,
1294 4993 1435 5047 dicet
1465 4993 1556 5047 tibi
1587 4992 1802 5066 quoque

225 5062 455 5136 propheta
485 5081 496 5115 :
523 5064 594 5136 Et
625 5067 727 5118 eris
759 5065 902 5133 quasi
934 5065 1111 5136 hortus
1140 5065 1366 5136 irrigans
1386 5107 1399 5125 ,
1432 5075 1476 5118 et
1506 5062 1631 5118 sicut
1663 5062 1797 5136 fons,

225 5131 350 5205 filius
375 5150 474 5187 non
498 5135 734 5201 deﬁcient
761 5131 905 5205 aqua
929 5137 948 5205 (
978 5135 1106 5189 lsai.
1133 5131 1314 5198 LVlll,
1351 5137 1410 5190 11
1445 5141 1477 5201 ).
1513 5139 1568 5190 Si
1600 5131 1802 5193 Ita-beas

227 5195 574 5282 hucgranuni
605 5208 671 5282 in
697 5195 862 5282 horto
901 5195 1094 5282 animm
1141 5195 1354 5282 turget
1393 5195 1511 5282 ejus
1542 5213 1798 5277 unguenti

228 5277 465 5343 particeps
490 5278 585 5340 sis,
617 5278 708 5331 tibi
735 5279 896 5332 etiam
931 5279 1129 5332 dicitur
1161 5296 1174 5330 :
1209 5277 1354 5330 Odor
1388 5280 1801 5334 vestimentoruttt

226 5349 404 5423 tuorum
427 5348 556 5400 sicut
573 5350 700 5402 odor
715 5349 878 5423 thuris
897 5350 1070 5423 (Cant.
1087 5346 1232 5423 _lV.rl
1249 5351 1268 5403 1
1283 5392 1297 5414 ,
1321 5350 1409 5411 1'2,
1438 5351 1550 5418 15);
1578 5350 1677 5404 hoc
1694 5361 1797 5417 est,

225 5419 438 5490 carnium
453 5429 662 5473 tuarum
679 5420 814 5474 odor
833 5430 892 5474 ut
910 5419 1045 5474 ador
1063 5421 1234 5475 thuris
1265 5439 1275 5471 :
1301 5423 1475 5474 hortus
1500 5423 1798 5490 conclusus,

230 5490 330 5601 [om
351 5487 594 5554 signatus,
637 5493 928 5546 emissiones
958 5502 1079 5545 tute.
1115 5491 1227 5546 lloc
1251 5507 1478 5561 granum
1511 5493 1714 5561 sinapis
1746 5487 1799 5548 in

245 5567 352 5601 lano
378 5560 658 5601 cnltlrilnm
687 5568 743 5601 ρι
763 5557 1086 5601 [nl-montum
1127 5562 1322 5601 fm-Inm
1357 5564 1422 5601 uls
1449 5565 1643 5601 artium
1685 5581 1799 5601 nm,

245 5557 352 5621 igne
378 5560 658 5612 contritum
687 5568 744 5614 et
763 5557 1086 5616 fermentum
1127 5557 1323 5616 factum
1356 5564 1422 5616 ab
1447 5557 1646 5617 artium
1685 5581 1802 5618 om-

232 5635 356 5701 ntutn
386 5631 548 5694 perita
580 5640 633 5683 et
659 5631 948 5686 immortali
977 5635 1264 5701 sapientia,
1298 5636 1525 5689 mixtum
1556 5650 1675 5689 cum
1709 5639 1801 5690 tri-

230 5694 304 5776 ltus
326 5702 500 5762 fatim:
527 5702 670 5776 satis,
705 5703 808 5754 hoc
832 5711 953 5764 est,
987 5694 1187 5767 anima,
1221 5694 1450 5774 carpere
1480 5717 1534 5763 et
1563 5709 1756 5776 spiritu
1782 5751 1797 5775 ,

231 5771 378 5840 fftltzm
413 5784 580 5835 genus
611 5772 900 5826 ltutnanutn
935 5777 986 5826 in
1021 5790 1180 5828 uuam
1226 5771 1384 5830 fidem
1433 5771 1798 5834 ferme-mariti

229 5829 370 5897 “ullis
411 5829 647 5907 mysterii
692 5845 979 5913 imaginem
1024 5829 1404 5904 Abrahamict
1435 5829 1802 5919 Ettigius)";

1539 447 1791 505 SPURIA
1828 441 2147 514 QU/EDAM

3478 441 3553 498 ει

1947 555 2084 610 Sara
2097 554 2416 610 habitantes
2437 553 2491 607 in
2515 553 2759 608 tentorio
2779 551 2887 608 sub
2907 565 3118 620 quercu
3139 551 3389 608 Mamhre
3418 569 3552 623 pro-

1945 629 2082 697 priis
2102 625 2363 697 manibus
2387 625 2703 697 pinxerunt.
2719 623 2983 697 Cogimur
3004 623 3172 697 enim,
3198 638 3231 677 ο
3254 623 3464 697 dilecti,
3493 627 3549 681 in

1945 692 2200 753 sermone
2219 695 2619 766 digressionem
2645 692 2845 766 facere.
2861 693 2998 766 Quis
3019 693 3093 746 sit
3113 692 3413 766 Abraham,
3430 710 3553 764 quae

1945 768 2104 826 Sara,
2137 763 2720 837 qtmgquercus,rquid
2759 763 3090 837 tentorium,
3121 764 3205 837 vel
3238 763 3552 837 quipanes

1942 833 2341 892 subcinéricii’:
2367 850 2540 904 quare
2571 835 2642 888 ibi
2678 843 2790 888 tres
2813 833 3096 904 mensuras
3128 833 3475 904 similaginis,
3497 845 3553 890 et

1945 907 2032 959 hic
2055 906 2267 968 farinae,
2284 903 2513 961 necesse
2527 913 2611 960 est
2633 915 2890 958 accurate
2911 903 3242 972 disquirere.
3259 903 3402 970 Quid
3425 914 3550 959 tan-

1941 973 2064 1029 dem
2101 983 2187 1032 est
2218 973 2531 1030 Abraham?
2560 975 2867 1042 explicatur
2888 983 3039 1041 pater
3061 973 3272 1028 electus
3298 975 3551 1027 multitu-

1942 1045 2110 1100 dinis.
2145 1044 2284 1111 Quis
2311 1059 2440 1100 vero
2474 1043 2638 1098 fuerit
2677 1053 2830 1112 pater
2854 1046 3086 1105 electus,
3121 1043 3226 1097 nisi
3263 1043 3405 1098 Dens
3430 1045 3454 1095 ?
3483 1045 3549 1098 de

1940 1130 2052 1183 quo
2073 1115 2284 1170 dictum
2309 1122 2429 1170 est:
2459 1112 2524 1168 In
2561 1130 2768 1166 onmem
2798 1123 3002 1183 terram
3028 1112 3196 1183 exivit
3217 1130 3378 1166 sonus
3409 1114 3549 1182 ejus,

1939 1181 1988 1237 et
2013 1185 2068 1237 in
2094 1185 2228 1254 ﬁnes
2259 1185 2404 1238 orbis
2432 1195 2588 1254 terra:
2617 1185 2772 1237 verba
2799 1183 2914 1253 ejus
2942 1181 3224 1254 (Rom._X,
3264 1183 3376 1252 18).
3406 1181 3548 1254 Quid

1940 1251 2136 1307 autem
2159 1254 2328 1324 Sara?
2349 1251 2659 1324 explicatur
2687 1251 3007 1324 imperatrir
3041 1260 3097 1306 et
3119 1251 3360 1307 ductrix.
3390 1252 3550 1320 Qum-

1937 1339 2066 1378 nam
2089 1339 2222 1380 vero
2241 1323 3030 1393 fueritnostrumintperatrix
3067 1331 3123 1393 et
3161 1324 3406 1386 ductrix,
3442 1325 3549 1378 nisi

1939 1406 2168 1462 prorsus
2194 1394 2462 1464 sapientia
2484 1392 2664 1448 Patris
2681 1391 2704 1444 ἲ
2723 1391 2865 1458 Quid
2888 1392 3186 1447 tentorium
3209 1394 3316 1446 sub
3339 1408 3548 1460 quercu

1940 1464 2216 1518 Matnbre‘l
2235 1463 2382 1519 certe
2403 1464 2650 1518 Ecclesia
2671 1476 2700 1516 a
2724 1478 2890 1518 cruce
2909 1471 3076 1517 tecta.
3096 1463 3245 1516 Crux
3270 1465 3550 1518 assimila-

1937 1535 2310 1656 turguercui,
2345 1549 2410 1589 eo
2439 1532 2586 1602 quod
2614 1533 2822 1601 lignum
2855 1533 3094 1586 validum
3127 1532 3273 1587 sitet
3307 1533 3547 1586 ﬁrmum.

1937 1603 2039 1656 Oui
2095 1613 2491 1656 tresmensurre
2511 1603 2876 1656 similaginis?
2898 1603 3124 1656 omnino
3144 1617 3305 1656 sane.
3333 1611 3394 1656 ut
3420 1611 3547 1656 ante

1937 1603 2491 1668 Quidtresmensura:
2511 1603 2876 1674 similaginis?
2898 1603 3124 1674 omnino
3144 1617 3305 1665 sane,
3333 1611 3394 1656 ut
3420 1611 3550 1656 ante

1935 1674 2068 1737 dixi,
2093 1683 2287 1726 natura
2320 1675 2581 1735 humana,
2614 1673 2892 1734 exanima
2915 1681 2967 1725 et
2993 1673 3189 1740 spiritu
3212 1681 3268 1726 et
3315 1689 3551 1742 corpore

1936 1752 2218 1797 constans.
2235 1743 2467 1798 ltaenim
2486 1743 3118 1813 nosdocuitApostolus,
3139 1742 3332 1798 dicens
3358 1762 3371 1796 :
3408 1745 3548 1796 Deus

1938 1829 2057 1866 vero
2074 1813 2341 1866 custodiat
2362 1828 2554 1881 corpus
2574 1813 2839 1878 nostr’um,
2859 1823 2908 1866 et
2944 1813 3202 1874 animam,
3220 1822 3268 1867 et
3300 1814 3550 1879 spiritum

1939 1883 1981 1952 (l
2013 1882 2192 1936 Thess.
2225 1881 2290 1944 V,
2330 1884 2446 1948 23).
2490 1884 2703 1952 Accipit
2733 1885 2902 1953 igitur
2931 1884 3204 1951 sapientia
3243 1883 3338 1938 Dei
3385 1882 3549 1946 Sara,

1935 1953 2150 2024 ductrix
2189 1954 2306 2008 sive
2347 1953 3265 2024 itnpcratrix;accipit,inquam,
3317 1968 3545 2024 corpus,

1935 2023 2173 2076 animam
2204 2033 2257 2076 et
2281 2023 2560 2091 spiritum,
2591 2031 2647 2077 et
2677 2023 2968 2076 abscondit
2997 2023 3052 2076 in
3091 2025 3247 2092 igne;
3294 2024 3400 2078 hoc
3424 2023 3546 2088 est,

1935 2092 2283 2146 inexstinctre
2318 2093 2593 2147 divinitati
2629 2094 2776 2146 faces
2807 2093 3136 2163 przeferens:
3165 2101 3218 2146 et
3255 2092 3386 2147 facit
3436 2103 3550 2148 tres

1974 2176 2106 2216 aues
2128 2173 2396 2227 secretos,
2423 2163 2525 2215 hoc
2555 2172 2639 2216 est
2671 2165 2725 2215 in
2762 2171 2976 2217 secreto
2999 2163 3184 2218 carnis
3206 2173 3443 2228 nostrae,
3492 2163 3547 2217 in

1961 2234 2214 2285 ’atremet
2241 2230 2439 2284 Filium
2464 2242 2517 2286 et
2542 2230 2811 2300 Spiritum
2835 2241 3087 2286 sanctum
3109 2233 3546 2288 confessionem.

1932 2300 2253 2373 Qpportune
2283 2303 2462 2373 vobis,
2489 2317 2522 2355 ο
2552 2302 2762 2364 dilecti,
2795 2302 2995 2356 lectum
3041 2311 3126 2357 est
3163 2302 3544 2373 Evangelium.

1931 2368 2281 2425 Fermentum
2345 2371 2402 2424 in
2477 2386 2648 2438 panes
2705 2380 3137 2436 transmutatur,
3191 2368 3422 2440 granum
3491 2375 3546 2426 in

1922 2442 2069 2497 olera
2102 2459 2130 2496 -:
2177 2457 2344 2512 panes
2400 2457 2532 2498 vero
2579 2450 2634 2496 et
2679 2442 2824 2496 olera
2883 2442 3216 2512 jejuniorum
3266 2455 3391 2500 sunt
3431 2448 3550 2501 via-

1925 2513 2025 2567 tica
2055 2531 2068 2568 :
2091 2511 2321 2588 adqua‘.
2375 2529 2473 2567 nos
2519 2513 2741 2588 dirigat-
2767 2511 3207 2588 Dominuslesus
3227 2516 3344 2570 sine
3364 2519 3545 2588 culpa,

1921 2598 2043 2660 cum
2091 2584 2282 2654 jt-juuii
2328 2600 2558 2660 cursum
2603 2582 2943 2660 cpplicimus.
2979 2583 3168 2660 Simile
3211 2582 3548 2660 est_regnunt

1921 2653 2166 2726 ctelorum
2195 2671 2356 2726 grano
2387 2655 2603 2725 sinapis.
2636 2653 2756 2710 Vim
2792 2653 2954 2722 ltujus
2980 2656 3350 2712 similitudinis
3389 2653 3548 2715 nullo

1920 2725 2028 2780 alio
2066 2725 2229 2779 modo
2262 2727 2560 2795 poterimus
2597 2726 2922 2790 concipere,
2965 2726 3068 2779 nisi
3110 2729 3258 2795 prius
3287 2730 3544 2785 substan-

1922 2797 2070 2864 tiam,
2102 2797 2375 2863 colorem,
2432 2807 2488 2852 et
2515 2795 2938 2866 magnitudinem
2987 2798 3192 2866 sinapis
3237 2803 3545 2868 perpenda-

1921 2881 2060 2920 mus.
2083 2868 2176 2922 Est
2196 2869 2341 2922 enim
2359 2869 2530 2938 sinapi
2555 2867 2698 2922 mole
2719 2868 2938 2941 quidem
2963 2882 3184 2936 parvum
3208 2867 3542 2941 {postquam

1920 2953 2048 2992 vero
2089 2947 2264 2993 satum
2311 2948 2366 2993 ct
2405 2949 2588 2993 natum
2631 2948 2747 3005 est,
2790 2938 2940 2992 olera
2979 2941 3160 2993 Omnia
3206 2938 3543 2998 incremento

1920 3019 2162 3080 superat,
2197 3021 2364 3080 atque
2391 3009 2676 3064 altitudine
2702 3025 3088 3078 ramorumque
3108 3011 3260 3080 copia
3285 3022 3340 3066 et
3364 3016 3543 3068 multi-

1920 3079 2104 3135 tudine
2147 3080 2397 3134 fuliorum
2429 3091 2623 3134 caetera
2646 3080 2810 3135 vincit
2843 3098 2855 3133 :
2889 3082 3134 3134 umbram
3166 3079 3311 3136 enim
3339 3085 3529 3141 efficit.

1917 3149 2054 3226 adeo
2084 3158 2142 3226 tit
2171 3166 2300 3205 aves
2321 3151 2635 3226 advolantes
2660 3150 2869 3220 possint
2899 3151 3136 3226 insidere
3163 3163 3217 3207 et
3242 3154 3329 3207 illa
3357 3159 3542 3226 quiete

1920 3220 2043 3293 frui.
2078 3219 2248 3275 Gustu
2276 3237 2493 3291 quoque
2518 3219 2720 3276 bonum
2765 3232 2846 3275 est
2872 3221 3050 3288 valde,
3083 3233 3136 3277 et
3159 3219 3418 3293 qualitate
3448 3243 3541 3282 ca-

1918 3291 2127 3359 lidum,
2161 3302 2323 3362 atque
2365 3293 2432 3347 ad
2473 3293 2729 3346 interiora
2775 3293 3014 3346 sanauda
3055 3291 3261 3362 aptum.
3293 3296 3541 3353 Hominis

1919 3371 2165 3437 tantum,
2196 3364 2506 3437 pulliusque
2550 3363 2777 3437 alterius
2826 3364 3075 3437 animalis
3127 3367 3280 3420 etbus
3329 3379 3431 3424 est.
3481 3370 3537 3426 In

1915 3433 2213 3504 superficie
2233 3434 2410 3489 rufum
2439 3442 2523 3488 est
2543 3475 2558 3499 ,
2596 3435 2738 3487 intus
2768 3448 2901 3488 vero
2926 3435 3106 3488 album
3135 3452 3378 3503 apparet.
3409 3439 3539 3495 Hzcc

1915 3515 1998 3558 cst
2029 3505 2190 3559 oleris
2222 3517 2434 3566 natura,
2463 3515 2518 3559 et
2547 3504 2770 3558 seminis
2796 3505 3125 3559 cncomitnn.
3167 3507 3223 3562 Si
3259 3525 3388 3563 vero
3420 3527 3534 3566 rem

1915 3588 2163 3647 accurate
2187 3577 2492 3645 disquirere
2519 3575 2768 3647 velimus,
2799 3577 3198 3644 comperio-mus
3223 3581 3533 3647 parabolatn

1916 3646 2016 3714 ipsi
2038 3648 2312 3722 Servatori
2337 3656 2668 3722 competere.
2690 3645 2786 3700 Est
2811 3647 2955 3722 enim
2981 3647 3068 3722 ille
3092 3645 3288 3717 parvus
3306 3667 3536 3722 conspa-

1915 3727 2025 3789 gtu,
2055 3718 2234 3772 brevis
2263 3720 2314 3772 in
2349 3719 2452 3772 hoc
2480 3717 2702 3782 mundo,
2734 3727 2788 3770 et
2817 3720 2868 3771 itt
2897 3721 3297 3789 cmlntnagnns.
3333 3717 3537 3779 llic'est

1914 3788 2084 3843 Filius
2116 3789 2350 3844 hominis
2385 3798 2442 3843 et
2492 3789 2634 3843 lleus
2661 3829 2675 3851 ,
2708 3804 2829 3843 cum
2860 3790 2929 3842 sit
2961 3789 3128 3843 Filius
3151 3788 3249 3845 Dei
3278 3810 3289 3842 :
3321 3793 3405 3848 hic
3437 3811 3537 3848 nu-

1915 3875 2094 3914 tneros
2119 3876 2308 3914 omnes
2336 3868 2548 3929 superat
2574 3902 2587 3922 ,
2619 3870 2856 3914 internus
2883 3871 2986 3921 cst,
3023 3861 3328 3929 ittrisiltili<,
3359 3868 3532 3920 cwle-

1913 3931 2032 4000 stis,
2063 3932 2152 4000 qui
2181 3933 2248 3986 ab
2276 3931 2585 3985 hominibus
2618 3940 2825 3986 tantum
2856 3931 3104 3984 fidelibus
3133 3932 3527 3991 mandttcatnr:

1913 3999 2000 4054 hic
2028 3999 2292 4057 contritus
2333 4003 2434 4056 fuit
2453 4044 2467 4063 ,
2496 4012 2548 4055 ct
2575 4013 2698 4070 post
2727 4003 3033 4071 passionem
3063 4002 3235 4058 factus
3264 4015 3347 4059 cst
3375 4009 3533 4062 albus

1911 4073 2050 4126 sicut
2093 4073 2174 4128 lac
2209 4093 2220 4128 :
2250 4073 2335 4128 hic
2366 4073 2539 4141 major
2568 4083 2651 4126 est
2681 4074 2800 4127 aliis
2826 4075 3079 4127 omnibus
3125 4077 3361 4132 oleribus
3394 4095 3406 4128 :
3444 4079 3530 4133 hic

1911 4154 1992 4216 est
2026 4143 2348 4198 indivisibile
2379 4145 2552 4198 Patris
2579 4145 2817 4198 Verbum
2852 4163 2862 4196 :
2895 4145 2982 4198 hic
3010 4155 3093 4198 est
3119 4146 3170 4199 in
3199 4162 3306 4216 quo
3335 4150 3530 4204 volati—

1913 4214 1980 4268 lia
2012 4216 2131 4268 coeli
2174 4216 2514 4276 inhabitant;
2547 4216 2824 4284 prOpheta:
2852 4217 3106 4270 nimirum
3130 4259 3144 4280 ,
3201 4214 3432 4287 apostoli
3478 4231 3532 4275 ct

1911 4300 2100 4340 omnes
2139 4288 2228 4356 qui
2274 4288 2446 4340 vocati
2489 4295 2655 4340 sunt:
2694 4287 2780 4340 hic
2827 4298 2911 4340 est
2958 4288 3047 4356 qui
3089 4289 3284 4342 anima:
3331 4300 3532 4345 nostra:

1912 4357 2130 4411 morbos
2174 4358 2354 4413 calore
2397 4357 2497 4412 sibi
2534 4358 2750 4426 proprio
2795 4366 3079 4427 repurgat,
3111 4361 3212 4413 sub
3254 4376 3363 4426 quo
3408 4378 3532 4416 rore

1911 4431 2267 4502 aspergimur,
2297 4428 2398 4482 sub
2416 4446 2525 4502 quo
2551 4430 2618 4481 ab
2648 4431 2808 4493 ltujns
2835 4433 3016 4502 mundi
3047 4429 3263 4486 fervore
3286 4433 3530 4502 Contegi—

1912 4512 2034 4569 mttr
2070 4517 2081 4551 :
2110 4501 2196 4554 hic
2223 4510 2305 4554 est
2336 4501 2424 4566 qui
2459 4517 2552 4568 per
2594 4510 2822 4553 mortem
2857 4501 2908 4552 in
2938 4511 3078 4554 terra
3116 4511 3266 4555 salus
3310 4513 3426 4569 est,
3458 4501 3531 4559 iet

1911 4567 1982 4621 ibi
2019 4569 2248 4624 fructum
2280 4573 2416 4634 tulit,
2447 4567 2565 4640 post
2597 4571 2831 4624 triduum
2855 4579 3072 4625 sanctus
3099 4587 3163 4626 ex
3192 4567 3529 4629 mortuorum

1911 4641 2176 4707 sepulcris
2205 4644 2482 4696 suscitavit
2513 4659 2525 4694 :
2557 4642 2643 4695 hic
2682 4653 2764 4696 est
2805 4643 2898 4711 qui
2932 4658 3027 4711 per
3071 4647 3528 4701 resurrectionem

1911 4713 2165 4787 omnibus
2211 4715 2489 4787 pmpltetis
2520 4714 2693 4787 major
2737 4716 2986 4787 apparuit
3018 4733 3030 4767 :
3068 4715 3153 4768 hic
3194 4726 3278 4770 est
3315 4718 3402 4785 qni
3435 4733 3530 4787 per

1911 4782 2186 4838 ellluvium
2217 4785 2400 4838 Patris
2422 4785 2601 4837 omnia
2634 4782 2820 4839 servat
2845 4803 2856 4838 :
2894 4785 2980 4839 ltie
3006 4797 3088 4840 εει
3116 4788 3204 4855 qui
3230 4802 3260 4840 a
3290 4782 3529 4842 terra-ad

1910 4858 2080 4910 C(BIuS
2105 4855 2363 4918 efﬂoruit,
2396 4856 2486 4925 qui
2517 4858 2568 4908 in
2601 4859 2825 4926 proprio
2852 4872 2983 4925 agro
3014 4867 3311 4912 semntatus
3342 4869 3443 4922 est,
3475 4860 3529 4914 itt

1913 4927 2115 4980 mundo
2143 4929 2372 4989 scilicet,
2397 4938 2451 4981 et
2476 4942 2570 4980 eos
2597 4931 2685 4996 qui
2712 4931 2764 4981 in
2792 4943 2850 4982 se
2877 4928 3173 4982 credebant
3205 4929 3346 4982 Patri
3373 4931 3533 4983 obtu-

1912 4998 1990 5051 lit.
2023 4999 2067 5052 0
2097 5015 2284 5053 semen
2310 4999 2431 5052 vita:
2455 5014 2484 5050 a
2520 4999 2628 5051 Deo
2658 5000 2814 5053 Patre
2843 5001 2892 5051 in
2927 5010 3066 5054 terra
3097 5000 3425 5054 scminatum
3450 5002 3462 5055 l
3497 5017 3532 5055 0

1913 5071 2334 5124 immortalitatis
2362 5085 2582 5138 germen
2612 5087 2641 5123 a
2671 5080 2721 5124 te
2754 5073 2983 5123 nutritos
3013 5088 3135 5124 cum
3186 5073 3294 5124 Deo
3333 5087 3530 5125 recon-

1911 5142 2135 5194 cilians!
2170 5161 2202 5195 υ
2231 5143 2390 5195 arbor
2417 5142 2627 5196 excelsa
2653 5183 2668 5207 ,
2699 5160 2820 5211 qum
2862 5158 2890 5192 a
2923 5143 3043 5196 solo
3090 5144 3249 5197 Patre
3292 5143 3529 5198 colitur!

1913 5212 2040 5264 “:80
2078 5215 2240 5265 arbor
2268 5229 2332 5265 ex
2364 5213 2529 5266 corde
2577 5213 2751 5266 Patris
2797 5221 2915 5266 orta
2943 5224 3022 5268 est
3047 5261 3060 5277 ,
3095 5216 3210 5267 lucc
3254 5215 3416 5267 arbor
3462 5231 3529 5270 ex

1914 5285 2182 5336 thesauris
2213 5285 2613 5353 Otnnipotcntis
2654 5285 2894 5338 el'llnrn'tt
2925 5304 2939 5337 :
2971 5285 3086 5338 Ita-c
3118 5285 3281 5338 arbor
3310 5287 3361 5338 iu
3389 5287 3535 5341 caelo

1913 5354 2120 5407 radtces
2149 5355 2331 5418 habet,
2366 5357 2418 5408 iu
2449 5356 2650 5408 mundo
2678 5367 2855 5409 antctn
2885 5371 3176 5424 apparens,
3202 5357 3269 5409 ab
3298 5357 3530 5411 homini~

1914 5425 2012 5478 bus
2039 5426 2365 5492 decerpitur.
2399 5429 2442 5480 Ο
2474 5428 2652 5494 planta
2699 5443 2821 5496 qua:
2852 5428 2904 5479 in
2933 5437 3075 5481 terra
3118 5429 3229 5482 visa
3256 5438 3363 5491 est,
3395 5441 3448 5483 et
3479 5431 3532 5484 in

1911 5498 2066 5570 caelis
2104 5497 2376 5570 efﬂoruit!
2420 5515 2452 5549 ο
2479 5514 2667 5552 seutcn
2710 5515 2931 5566 parvum
2979 5499 3197 5568 quidem
3228 5514 3532 5570 apparens,

1911 5567 2052 5634 apud
2099 5569 2310 5640 Patrem
2360 5580 2540 5622 autem
2587 5571 2761 5638 majus
2814 5567 3102 5625 omnibus!
3157 5567 3275 5624 lloc'
3302 5567 3532 5640 germen

1914 5641 2076 5692 etiam
2111 5640 2163 5690 in
2195 5637 2406 5692 inferno
2433 5637 2942 5694 mortttis’exortnm
2969 5651 3050 5694 est
3086 5659 3099 5693 :
3137 5637 3533 5709 bttjus'fructns

1913 5711 2011 5763 l'uit
2057 5712 2331 5763 hominum
2377 5713 2750 5766 resurrectio:
2783 5714 2886 5767 hoc
2935 5714 3094 5766 morti
3141 5714 3325 5780 injecit
3369 5715 3534 5768 telum

1916 5781 2249 5855 mortiferum
2289 5800 2300 5855 ς
2334 5783 2436 5836 huc
2466 5783 2759 5838 adorarunt
2785 5784 2969 5838 tartari
2997 5787 3250 5855 parietes,
3278 5801 3416 5855 genu
3447 5802 3529 5838 ws

1914 5850 2238 5908 ﬂectendum
2289 5853 2606 5911 inclinantes
2640 5874 2650 5910 :
2683 5856 2841 5927 hujus
2874 5850 3010 5911 rami
3053 5866 3224 5913 totum
3271 5850 3530 5912 mundun-
