4176 6454
665 411 741 468 ιδ
2013 398 2252 459 SPURIA
2295 401 2630 470 QUEDAM.
3863 405 3939 459 26

663 519 1047 576 adumbraruut
1073 535 1084 567 :
1111 491 1209 568 hoc
1229 528 1258 573 a,
1281 512 1478 583 Spiritu
1504 520 1696 583 sancto
1715 519 1986 583 movetur:
2012 510 2120 583 hoc,
2135 528 2242 568 non

665 590 831 659 tangit
874 597 1033 660 aestus
1078 585 1270 638 nimius
1317 581 1335 637 ξ
1379 583 1480 660 sub
1523 581 2235 660 hac.‘plaiitaﬁobleeterisnet

661 649 886 714 clio'reas
910 658 1071 710 ducas
1097 670 1216 710 cum
1243 653 1467 722 angelis,
1498 649 1798 722 glorificans
1829 649 2039 704 Patrem
2061 649 2114 704 et
2151 650 2240 706 Fi-

662 868 828 930 Vlll.
878 883 1160 926 nauseam
1205 881 1269 924 IN
1315 881 1537 933 iLLUD,
1584 880 1638 923 St
1685 881 1808 932 oua
1854 881 1916 923 IN
1962 881 2256 934 CBRISTO,
2304 880 2469 925 nova
2513 881 2848 924 caurum
2896 882 2911 922 :

2350 515 2475 570 lium
2504 529 2551 570 et
2603 515 2855 580 Spiritum
2884 523 3148 578 sanctum,
3178 529 3315 570 nunc
3343 523 3660 586 etsemper,
3694 526 3742 570 et
3770 514 3820 570 in
3847 529 3938 572 se-

2342 586 2459 639 Cula
2485 589 2809 642 seculorum.
2841 591 3032 640 Amen.

2863 781 2991 792 ———

2962 881 3206 925 ὟΕΤΕΠΔ
3236 883 3720 939 τκλκειιειιυῐςτς
3767 888 3932 934 εσσε

1519 987 1683 1030 nova
1729 987 1927 1031 nam
1967 986 2126 1029 sim
2169 986 2366 1030 0mm
2414 967 2498 1048 (II
2527 967 2678 1030 Cor.
2717 968 2791 1035 V,
2829 965 2926 1046 17)
2948 968 3058 1045 (α).

729 1121 912 1190 Magna
937 1118 1151 1185 quidem
1181 1113 1446 1183 diligentia
1497 1111 1724 1190 agricola
1743 1112 1962 1190 _semina
2009 1114 2230 1190 spargit,

658 1181 1164 1260 postquam'arvum
1195 1181 1550 1254 expurgatum
1590 1181 1824 1260 viderit_;
1854 1190 1907 1234 et
1937 1196 2035 1260 nec
2060 1181 2234 1260 spina-

657 1251 773 1315 i-um
797 1251 1010 1327 'c0piam
1041 1258 1248 1327 adesse,
1266 1251 1395 1324 qua}
1427 1255 1757 1327 nascentium
1785 1251 2038 1327 impediat
2065 1253 2236 1327 incre-

657 1319 915 1390 mentum,
937 1342 1106 1396 neque
1135 1319 1386 1394 lapidem,
1409 1325 1496 1396 qui
1526 1335 1757 1375 aratrum
1781 1319 2043 1396 offendat:
2068 1321 2236 1390 major

652 1409 826 1452 autem
856 1391 1079 1452 facilitas
1123 1391 1205 1450 est
1243 1396 1289 1449 ei
1337 1391 1437 1461 qui
1475 1407 1772 1446 sermonem
1807 1391 2103 1458 prolaturus
2130 1401 2230 1455 est,

651 1483 770 1522 cum
803 1477 1038 1536 paratum
1078 1466 1372 1541 auditorem
1407 1463 1613 1541 viderit:
1645 1461 1814 1515 Video
1857 1461 1998 1541 enim
2047 1476 2231 1541 arvum

652 1532 952 1607 purgatum,
998 1551 1168 1604 neque
1195 1536 1396 1607 uSpiam
1419 1532 1678 1607 _est_spina
1709 1532 2013 1607 germinans
2043 1547 2056 1583 :
2083 1532 2232 1607 spina

649 1599 825 1662 autEm
846 1616 928 1661 est
948 1599 1248 1660 divitiarum
1263 1599 1584 1666 sollicitudo,
1602 1616 1720 1669 qua;
1741 1599 1966 1653 sufferat
1989 1602 2230 1654 verbum.

653 1676 775 1731 llazc
802 1689 978 1730 autem
1009 1676 1147 1736 dico,
1195 1688 1299 1727 non
1327 1673 1447 1741 quia
1500 1687 1604 1741 non
1655 1670 1849 1741 adsunt
1895 1669 2105 1741 divites,
2138 1669 2232 1741 sed

655 1761 944 1815 pauperum
977 1739 1363 1815 philosophiam
1397 1743 1458 1794 inv
1479 1739 1743 1815 audiendo
1787 1739 2234 1815 sermonedecla-

648 1809 790 1870 rans.
815 1815 928 1870 Non
953 1809 1091 1868 enim
1119 1809 1465 1868 conciooante
1486 1810 1657 1864 solum
1681 1823 1814 1878 opus
1829 1809 2048 1878 esttsed
2070 1810 2230 1864 etiam

647 1884 907 1952 prudente
927 1885 1164 1937 auditore
1187 1890 1511 1946 :utruinque
1531 1876 1912 1952 eniinrcquirit
1930 1876 2226 1952 Sc_riptura,

646 1946 938 2023 sapientem
965 1953 1462 2023 nempedoctorem
1487 1957 1542 2002 et
1569 1946 1878 2023 prudentem
1909 1946 2228 2023 auditorem,

648 2017 721 2078 ne'
741 2039 808 2078 ex
832 2017 1129 2077 auditorum
1158 2022 1364 2090 ignavia
1399 2019 1548 2072 labor
1582 2030 1764 2071 noster
1786 2018 1994 2090 inutilis
2017 2017 2228 2090 evadat.

647 2092 960 2168 Sollicitudo
987 2093 1128 2148 enim
1158 2087 1465 2168 divitiarum
1493 2089 1884 2168 non_perr_nittit
1913 2096 1970 2142 ut
1998 2087 2231 2168 qu:e_di-

646 2175 840 2217 cuntur
885 2165 935 2216 in
980 2172 1210 2215 mentem
1241 2159 1492 2221 incidant,
1525 2160 1618 2212 sed
1647 2157 1974 2211 audientium
2015 2157 2227 2211 intelle-

645 2242 786 2286 ctum
815 2232 1024 2298 abripit.
1071 2230 1203 2297 Quia
1233 2231 1389 2298 igitur
1437 2241 1627 2298 omnes
1671 2227 1942 2298 conspicio
1974 2241 2223 2292 paratos;

646 2317 767 2354 nam
794 2296 999 2356 secreta
1026 2296 1185 2353 animi
1214 2296 1318 2352 nan
1349 2311 1512 2350 nosco
1546 2313 1558 2349 :
1589 2296 1915 2364 singulorum
1947 2311 2072 2348 vero
2101 2311 2230 2348 ocu-

646 2369 727 2424 los
767 2371 974 2424 curiose
1022 2371 1252 2428 intueor,
1275 2377 1329 2421 et
1382 2366 1661 2434 palpebras
1713 2374 1962 2432 tanquam
2025 2380 2227 2420 cornua

645 2451 853 2495 erectas
883 2440 1054 2503 video,
1087 2439 1376 2504 oculosque
1398 2451 1504 2489 non
1532 2443 1780 2488 nutantes
1806 2435 2226 2488 immobilitatem

643 2511 804 2564 animi
833 2511 1145 2574 indicantes,
1175 2503 1334 2576 atque
1351 2519 1564 2560 omnem
1594 2513 1824 2576 mentem
1843 2505 1908 2576 ab
1929 2503 2082 2570 hujus
2107 2506 2226 2559 vita:

643 2580 786 2633 curis
810 2585 1096 2633 immunem
1126 2573 1141 2638 ,
1176 2573 1603 2644 unumquemque
1650 2573 1752 2626 hoc
1776 2574 1946 2644 solum
1976 2586 2224 2642 speetan-

645 2657 773 2710 tem,
799 2649 896 2702 hoc
920 2649 1259 2716 cogitantem,
1287 2642 1557 2716 quomodo
1575 2658 1635 2716 ea
1663 2658 1778 2710 quin
1808 2642 2054 2716 dicuntur
2078 2645 2220 2716 acci-

646 2719 784 2786 piat:
809 2713 1062 2786 ampliore
1086 2731 1209 2770 cura
1239 2713 1470 2786 mentem
1496 2714 1746 2786 adhibete
1770 2729 1782 2764 :
1806 2714 2019 2786 pa_udite
2046 2713 2220 2769 sinum

642 2783 852 2850 animae,
879 2783 933 2841 ut
986 2787 1192 2840 facilius
1236 2785 1554 2853 dejiciautur
1578 2784 1801 2838 semina.
1855 2783 1962 2853 Per
2002 2783 2221 2853 longum

640 2859 782 2911 enim
810 2868 1017 2925 tempus
1043 2857 1094 2925 in
1118 2855 1262 2909 Pauli
1283 2851 1523 2925 mensam
1546 2852 1777 2925 linguam
1790 2851 2218 2925 Avolodimittere:

645 2943 817 2996 neque
846 2921 1004 2981 finem
1057 2924 1247 2996 faciam
1291 2926 1370 2996 sic
1401 2924 1546 2977 illum
1577 2921 1822 2996 vocandi.
1854 2923 2092 2996 idiotam,
2120 2924 2222 2996 ob-

637 2992 876 3063 scurum,
936 2994 1240 3064 ignobilem,
1291 2992 1751 3064 tabernaculorum
1806 2993 2071 3064 opificem.
2129 2993 2221 3064 llie

639 3076 764 3119 sunt
787 3061 916 3121 meai
939 3061 1321 3134 praerogativie,
1353 3063 1466 3134 haec
1488 3077 1603 3134 mea
1626 3061 1887 3134 eucomia,
1916 3063 2222 3134 quodtales

641 3135 861 3189 habeam
893 3131 1193 3204 magistros,
1230 3149 1334 3204 non
1360 3132 1520 3204 hujus
1551 3131 1672 3204 vita
1717 3133 1918 3204 divitiis
1937 3131 1956 3192 ,
1989 3132 2082 3186 sed
2113 3139 2222 3204 spi-

641 3205 916 3260 ritualibus
947 3199 1091 3258 recte
1115 3203 1269 3257 factis
1297 3199 1578 3272 fulgentes.
1601 3199 1655 3255 Si
1685 3201 2047 3272 tnihiGriecus
2071 3199 2218 3271 quis-

643 3275 779 3338 piam
831 3276 1045 3339 dixerit,
1073 3275 1241 3339 Quem
1303 3271 1468 3326 habes
1519 3271 1840 3326 doctorem?
1894 3272 2216 3340 respondeo,

641 3341 1128 3400 Tabernaculorum
1154 3342 1399 3410 epiﬁccm
1436 3357 1450 3392 :
1483 3350 1537 3395 et
1563 3355 1719 3410 quem
1749 3341 1909 3393 alium
1932 3339 1958 3392 3
1985 3339 2216 3396 Piscium

643 3414 969 3468 venditorem
1001 3431 1013 3466 :
1043 3429 1198 3482 quem
1221 3428 1347 3466 vero
1367 3410 1571 3482 alium?
1599 3410 1944 3482 Publicannm
1969 3427 1983 3463 :
2012 3422 2065 3482 et
2086 3426 2220 3480 quos

638 3483 772 3553 alios
796 3485 818 3537 ?
845 3485 1022 3553 Magos
1063 3480 1129 3536 'et
1183 3480 1515 3553 meretricem
1549 3497 1562 3533 :
1596 3495 1754 3549 quem
1795 3480 1973 3553 adhuc
2009 3481 2219 3553 alium?

638 3549 951 3609 Latronem:
981 3552 1164 3621 Neque
1195 3552 1262 3606 de
1295 3551 1375 3602 his
1401 3551 1685 3621 erubesco,
1715 3550 1807 3621 sed
1837 3549 2057 3619 glorior.
2087 3549 2216 3605 Glo-

638 3625 792 3694 riaris
808 3623 948 3694 quod
980 3619 1289 3694 magistrum
1304 3621 1509 3694 habeas
1539 3619 2058 3694 circumforaneum?
2078 3621 2216 3676 Sane

637 3689 870 3760 quidem.
903 3689 1115 3758 Quare?
1145 3693 1402 3758 Quoniam
1449 3689 1496 3742 si
1534 3690 1707 3760 vilitas
1732 3690 1972 3757 discipuli
1999 3691 2102 3743 vim
2124 3707 2214 3745 os-

639 3759 808 3817 tendit
833 3762 1088 3830 magistri,
1115 3763 1288 3814 vilitas
1317 3759 1552 3830 magistri
1576 3761 1809 3830 ostendit
1835 3760 2065 3813 divinam
2094 3775 2216 3816 esse

640 3829 1086 3900 prxdicatiouem.
1119 3832 1228 3886 Etsi
1267 3831 1408 3884 enim
1440 3829 1681 3884 homines
1715 3829 1858 3881 illam
1889 3830 2212 3898 priedicave-

588 3939 590 3941 ›
638 3916 717 3965 re,
751 3919 855 3956 non
883 3911 1057 3956 tamen
1086 3902 1328 3954 homines
1353 3900 1494 3952 illam
1523 3900 1803 3961 invenere;
1832 3903 1875 3954 si
1900 3902 2138 3954 homines
2164 3901 2214 3955 id

658 3973 1032 4032 iraedicavcre.
1067 3986 1169 4024 non
1198 3979 1374 4024 tamen
1425 3970 1666 4023 homines
1718 3969 1768 4021 id
1828 3969 2210 4037 produxerunt.

689 4043 894 4095 omines
923 4042 1271 4094 instrumenta
1299 4048 1444 4102 sunt,
1472 4041 1607 4093 Deus
1629 4037 1818 4093 artifex
1848 4057 1861 4093 :
1895 4040 1965 4092 illi
1997 4050 2118 4092 sunt
2142 4042 2217 4095 ci-

639 4111 786 4164 thara
815 4153 828 4176 ,
863 4111 977 4165 hinc
1007 4125 1192 4163 manus
1218 4119 1514 4179 praepotens
1563 4109 1816 4163 cliordam
1868 4110 2048 4163 movit.
2093 4110 2217 4165 Ideo

637 4180 1044 4250 proplieta,-etsi
1077 4196 1170 4234 rex
1196 4188 1333 4243 erat,
1362 4192 1415 4232 et
1445 4193 1671 4248 purpura
1702 4179 1925 4250 amictus
1946 4188 2002 4250 et
2027 4180 2212 4234 diade-

634 4262 776 4304 mate
802 4260 1038 4316 ornatus,
1068 4251 1358 4318 orbemque
1386 4249 1679 4318 alloquens,
1713 4249 1891 4303 relicta
1926 4249 2011 4302 illa
2057 4265 2213 4305 secu-

637 4321 735 4373 lari
763 4337 972 4389 pompa,
989 4335 1054 4375 ne
1074 4321 1191 4389 quis
1208 4319 1412 4388 putaret
1431 4320 1600 4386 ipsum
1621 4320 1766 4389 regia
1779 4320 1938 4372 verba
1955 4319 2209 4388 proferre,

632 4389 844 4444 dicebat
875 4388 900 4444 :7
921 4388 1181 4443 Eructovt't
1220 4405 1306 4442 cor
1345 4405 1506 4441 meum
1531 4389 1730 4441 verbum
1752 4388 1960 4452 bonum,
1989 4390 2102 4442 dico
2123 4406 2213 4455 ego

632 4475 788 4531 opera
809 4476 917 4513 mea
942 4459 1086 4531 Regi.
1111 4458 1310 4529 Lingua
1333 4475 1450 4531 meo!
1462 4458 1687 4531 calamus
1706 4459 1883 4522 scriba
1903 4458 2210 4529 (ἥλων,

633 4476 664 4511 ο
703 4477 788 4514 era
809 4476 917 4513 mea
942 4476 1086 4531 negt.
1111 4476 1310 4529 Lingua
1333 4476 1441 4512 mea
1462 4476 1687 4512 catamut
1706 4476 1883 4522 senate
1903 4476 2208 4529 μἐἀιων,

633 4476 712 4600 εἴ.
742 4532 847 4584 Cur
867 4531 1124 4600 calamum
1154 4544 1312 4582 vocas
1339 4531 1361 4583 ‘l
1412 4529 1475 4584 Ut
1507 4539 1558 4600 tu
1585 4529 1760 4582 discas
1789 4544 1892 4600 non
1940 4545 2059 4584 esse
2091 4546 2208 4585 mea

635 4598 754 4667 quze
781 4599 1102 4665 scribuntur,
1131 4600 1224 4654 sed
1255 4600 1484 4653 tenentis
1513 4599 1767 4654 dexterae.
1788 4598 2036 4653 Calamus
2067 4601 2209 4655 enim

642 4685 746 4741 non
774 4684 868 4738 per
883 4672 1114 4741 seipsum
1137 4670 1340 4732 scribit,
1370 4671 1462 4724 sed
1483 4669 1738 4738 quidquid
1769 4670 1995 4724 voluerit
2021 4686 2211 4726 manus

638 4739 783 4792 illum
813 4739 1016 4810 tenens.
1054 4741 1118 4810 Et
1147 4741 1319 4810 lingua
1348 4755 1464 4794 mea
1510 4741 1746 4810 calamus
1776 4741 1965 4794 scriba:
1986 4751 2105 4804 est;
2137 4753 2213 4795 te-

636 4811 890 4880 netienim
920 4809 1062 4880 illam
1093 4808 1324 4880 Spiritus
1348 4820 1581 4864 sanctus.
1628 4808 1760 4880 Cum
1789 4825 1917 4879 ergo
1944 4811 2033 4865 tibi
2063 4811 2211 4866 dixe-

633 4878 936 4935 ritGraccus
962 4897 977 4933 :
1000 4878 1147 4946 Quis
1170 4890 1252 4934 est
1303 4882 1554 4950 magister
1585 4879 1745 4950 tutis?
1789 4878 1872 4934 ne’
1898 4889 1951 4935 te
1983 4881 2206 4950 pudeat,

633 4963 803 5018 neque
825 4949 1130 5014 erubescas,
1159 4952 1251 5004 sed
1283 4951 1369 5004 dic
1395 4948 1410 5000 ἑ
1438 4948 1926 5013 Circumforaneus,
1957 4948 2212 5007 tentorio-

633 5034 747 5090 rum
797 5018 996 5088 opifex,
1024 5021 1112 5089 qui
1141 5020 1192 5073 in
1223 5018 1340 5075 foro
1365 5021 1557 5086 stabat,
1579 5022 1667 5090 qui
1699 5021 1862 5084 pelles
1888 5023 2205 5077 consuebat.

633 5088 880 5161 Magister
905 5088 1181 5143 vero’luus
1205 5091 1322 5160 quis
1348 5100 1430 5161 est
1455 5089 1477 5142 'l
1526 5088 1694 5155 Plato,
1723 5090 2072 5161 Pythagoras,
2103 5107 2205 5149 non

629 5157 1104 5222 circumforaneus,
1153 5157 1244 5213 sed
1297 5160 1660 5228 philosonlius.
1712 5157 1926 5216 Si'vero
1977 5161 2205 5218 dixerim

628 5242 727 5298 ego
761 5245 774 5282 :
803 5228 1048 5304 Magister
1078 5238 1217 5304 tuus,
1240 5232 1358 5300 quis
1385 5231 1509 5304 est?
1532 5230 1883 5304 Philosophus
1910 5248 1924 5298 ;
1957 5233 2209 5304 magister

630 5307 751 5352 tuus
783 5301 965 5374 patria
1008 5300 1246 5374 nobilis;
1278 5301 1530 5371 magister
1565 5308 1686 5374 tuus
1733 5303 1880 5374 dives
1908 5319 1922 5367 ;
1957 5300 2208 5374 magister

631 5370 1014 5442 tuus_ling"uam
1066 5369 1268 5426 habens
1314 5369 1543 5442 acutam,
1576 5373 1703 5442 ipsis
1751 5371 1927 5427 ﬂuviis
1955 5369 2207 5429 lluéitzior

625 5446 726 5513 est,
763 5438 964 5513 honere
990 5440 1189 5505 fruens,
1217 5438 1614 5510 progenitoruui
1640 5442 1919 5511 splendore
1943 5443 2203 5513 gaudens,

629 5508 818 5578 ubique
848 5507 1138 5563 honoratus
1166 5528 1179 5564 :
1209 5507 1363 5565 meus
1415 5527 1542 5566 vero
1585 5507 1771 5566 contra
1813 5528 1871 5567 se
1898 5507 2055 5569 habet
2083 5531 2098 5566 :
2133 5507 2206 5570 ita

689 5682 761 5749 (it)
795 5681 912 5733 Haec
934 5685 1086 5749 oratio
1107 5684 1166 5733 ad
1188 5687 1406 5748 ineptum
1429 5686 1702 5739 Grteculum
1726 5689 1986 5740 referenda
2011 5699 2103 5749 est,
2131 5689 2202 5741 la-

623 5743 773 5815 cinias
804 5743 1351 5815 genuinighrysostomi
1383 5754 1653 5813 sermonis,
1685 5752 1810 5802 sicut
1826 5752 2052 5815 graculus
2095 5743 2202 5815 plu-

624 5814 724 5853 Ims
751 5807 962 5866 pavonis,
987 5807 1186 5857 ridicule
1209 5808 1512 5860 induentem.

2341 1112 2494 1166 nobis
2518 1112 2792 1166 manifesta
2815 1117 2897 1164 est
2919 1111 3160 1165 victoria.
3189 1110 3505 1177 Quomodo?
3532 1112 3664 1177 Quia
3695 1114 3932 1169 circum-

2340 1182 2735 1256 foraneus_vici_t
2763 1179 3133 1256 philosophum
3164 1196 3442 1256 :gpauper,
3473 1183 3712 1245 divitem;
3742 1184 3925 1256 lingua

2339 1252 2757 1324 ca‘rens,_lluviis
2787 1250 3118 1324 lluentiqrem
3144 1268 3157 1314 ;
3188 1250 3410 1324 flagellis
3448 1266 3640 1316 caesus,
3670 1267 3792 1308 eum
3822 1250 3929 1324 qui

2341 1321 2471 1377 nihil
2504 1322 2606 1375 tale
2637 1336 2820 1388 passus
2851 1330 2950 1375 est.
2985 1320 3260 1389 lumqualis
3289 1332 3372 1375 est
3399 1323 3559 1380 acies.
3603 1320 3928 1391 utsplendi-

2339 1392 2457 1448 dius
2485 1393 2554 1446 sit
2583 1401 2854 1460 tropaeum.
2881 1391 3164 1463 Solmcizat
3204 1406 3373 1463 meus,
3404 1391 3728 1463 utatticizet,
3761 1404 3882 1450 tuus
3911 1412 3929 1463 ;

2339 1463 2430 1533 scd
2457 1463 2775 1533 soltecizans
2799 1462 3154 1533 atticizantent
3204 1462 3329 1514 vicit
3362 1478 3374 1512 :
3409 1461 3682 1515 solmcizat
3721 1461 3926 1533 lingua,

2338 1531 2429 1603 sed
2463 1541 2642 1587 mente
2672 1531 3077 1603 philosophatur
3107 1548 3121 1583 :
3151 1545 3256 1603 non
3299 1545 3434 1597 opus
3458 1540 3541 1603 est
3566 1533 3694 1603 mihi
3723 1531 3926 1603 verbis,

2337 1601 2430 1655 sed
2457 1601 2754 1655 sententiis.
2769 1600 2922 1654 Meus
2947 1611 3090 1654 tuum
3118 1600 3242 1654 vicit
3267 1616 3279 1652 :
3313 1601 3622 1669 quomodo?
3653 1604 3812 1658 idiota
3838 1601 3930 1660 sa-

2339 1673 2599 1738 pientem,
2632 1674 2860 1740 rusticus
2891 1681 3180 1724 oratorem.
3237 1670 3301 1724 Et
3346 1670 3487 1725 unde
3511 1713 3526 1737 ,
3561 1673 3746 1740 inquit,
3799 1691 3928 1729 cum

2337 1742 2526 1813 vicisse
2554 1741 2718 1813 iiquet
2743 1740 2766 1792 τ
2788 1739 3498 1813 impudens,nonnegvides
3533 1756 3618 1813 res
3638 1739 3782 1809 ipsas
3805 1744 3929 1798 cla-

2336 1811 2522 1865 mare?
2551 1811 2654 1866 Ub'r
2676 1819 2757 1864 est
2785 1811 2933 1866 Plato
2960 1812 2982 1862 ?
3034 1810 3216 1864 n'ullibi
3249 1827 3262 1861 :
3295 1811 3383 1863 tibi
3436 1810 3667 1866 Paulus?
3717 1813 3770 1866 in
3801 1829 3927 1869 om-

2335 1881 2480 1935 nium
2509 1896 2621 1936 ore.
2657 1879 2756 1935 Ubi
2787 1880 2984 1934 Plato?
3010 1880 3078 1934 de
3105 1881 3196 1933 illo
3217 1880 3422 1940 siletur,
3456 1880 3708 1936 oblivioni
3757 1884 3930 1938 tradi-

2337 1959 2422 2004 tur
2451 1969 2462 2003 :
2495 1951 2580 2006 ubi
2626 1966 2754 2004 vero
2780 1951 3010 2005 Paulus?
3064 1951 3268 2020 regiam
3313 1951 3454 2017 cepit
3484 1950 3726 2012 Romam.
3761 1969 3926 2020 quam

2334 2036 2440 2074 non
2469 2021 2629 2076 modo
2650 2021 2834 2074 vivens
2858 2021 3112 2089 possedit,
3136 2019 3234 2075 'sed
3261 2030 3315 2074 et
3345 2029 3588 2076 mortuus
3612 2023 3752 2076 vicit.
3779 2019 3926 2078 Mor-

2335 2100 2454 2144 tuus
2500 2102 2581 2145 est
2632 2104 2882 2158 corpore,
2935 2100 2990 2144 ut
3037 2091 3179 2144 vivat
3235 2091 3423 2157 spiritu
3466 2108 3480 2141 :
3525 2091 3790 2160 discerpta
3838 2103 3926 2150 est

2332 2161 2536 2225 charta,
2583 2171 2638 2215 et
2691 2171 2906 2214 manent
2957 2161 3190 2224 litterae;
3246 2173 3350 2212 non
3408 2169 3524 2214 erat
3569 2163 3710 2215 enim
3767 2174 3920 2217 atra-

2331 2240 2511 2284 mento
2537 2232 2756 2295 scripta,
2779 2229 2872 2284 sed
2899 2231 3086 2295 spiritu
3116 2229 3340 2284 firmata.
3377 2228 3606 2285 Facilius
3635 2240 3719 2287 est
3745 2233 3919 2289 solem

2331 2247 2511 2284 mento
2537 2247 2638 2284 seri
2665 2247 2756 2295 ita,
2779 2247 2872 2284 seu
2899 2247 3086 2295 spiritu
3116 2247 3340 2284 nrmata.
3378 2247 3606 2285 racutus
3635 2247 3719 2287 εει
3745 2247 3919 2289 Solem

2331 2247 2700 2371 printergeetii,
2733 2315 2889 2368 quam
2919 2300 3066 2371 Panii
3097 2300 3278 2353 verba.
3308 2299 3445 2364 Quid
3477 2303 3618 2355 enim
3658 2303 3784 2356 dicit
3824 2306 3920 2371 qui

2331 2368 2403 2422 illi
2432 2368 2589 2425 verba
2617 2371 2837 2440 largitus
2864 2369 2983 2424 est?
3005 2368 3199 2440 Citium
3220 2379 3266 2422 et
3283 2372 3739 2440 terrolransibimt.
3766 2368 3920 2429 verba

2329 2448 2494 2514 putem
2517 2457 2626 2494 mea
2651 2439 2751 2494 non
2780 2440 3062 2514 trangibunt
3092 2439 3301 2514 Matth.
3347 2439 3536 2514 XXIV,
3565 2441 3686 2514 55)ἑ
3713 2442 3764 2497 Si
3791 2458 3884 2498 ver

2329 2508 2394 2562 ba
2429 2519 2630 2564 tantum
2659 2517 2802 2572 sunt,
2827 2509 3030 2574 rcfuia;
3062 2508 3109 2564 si
3139 2526 3224 2564 res
3252 2520 3396 2574 sunt,
3439 2508 3837 2566 adora.'C¢lum
3867 2527 3920 2568 et

2329 2588 2462 2633 terra
2492 2580 2795 2645 transibunt,
2828 2582 2975 2633 verba
2994 2592 3161 2634 autem
3187 2597 3297 2632 mea
3327 2597 3427 2633 non
3451 2584 3754 2635 transibunt.
3810 2582 3882 2637 Fa
3902 2614 3920 2624 ο

2327 2649 2482 2705 cilius
2509 2660 2591 2706 est
2615 2650 2781 2704 solem
2797 2651 3090 2719 exstingui.
3119 2660 3172 2704 et
3199 2650 3394 2704 malum
3422 2665 3453 2704 e
3478 2664 3765 2717 conspectu
3796 2655 3912 2708 tolli

2326 2734 2482 2792 quam
2509 2721 2667 2792 verba
2693 2720 2896 2792 Domini
2930 2721 3037 2792 mei
3059 2719 3298 2774 dissolvi.
3323 2724 3496 2789 Atque
3528 2737 3704 2776 rerum
3744 2738 3916 2792 expe-

2325 2791 2511 2843 rientia
2541 2789 2624 2844 his
2653 2790 2895 2858 perhibet
2921 2788 3304 2852 testimonium,
3339 2788 3762 2857 temporisetiani
3797 2788 3918 2846 lon-

2323 2860 2505 2927 gitudo
2535 2869 2589 2915 et
2619 2861 2848 2914 hostium
2899 2862 3261 2925 incursiones;
3291 2860 3342 2914 id
3395 2861 3537 2915 enim
3561 2862 3920 2919 admiratione

2326 2929 2540 2998 dignum
2568 2941 2671 2991 est,
2705 2945 2810 2982 non
2838 2931 2995 2984 modo
3023 2931 3162 2999 quod
3218 2944 3320 2984 non
3364 2930 3622 2985 dissoluta
3654 2937 3780 2996 sint,
3813 2935 3912 2989 sed

2323 3003 2481 3068 etiam
2511 3001 2651 3067 quod
2683 2999 2822 3054 bello
2857 3002 3092 3067 impetita
3124 3002 3447 3068 superarint.
3475 3001 3672 3056 Sedulo
3696 3005 3919 3057 attende
3957 3013 3960 3018 ‘

2323 3067 2478 3140 dictis
2508 3071 2662 3124 meis.
2689 3069 3025 3130 Vociferatus
3077 3079 3157 3124 est
3195 3067 3428 3138 Paulus,
3443 3071 3777 3126 Vociferatus
3825 3085 3915 3128 est

2322 3137 2556 3212 Joannes
2585 3141 2814 3209 piscator
2841 3150 2896 3194 et
2925 3140 3385 3212 evangelista,qui
3417 3137 3558 3196 rete
3598 3143 3820 3212 proiecit
3859 3157 3918 3199 et

2322 3207 2667 3280 Evangelium
2688 3212 2846 3278 cepit,
2871 3211 2956 3280 qui
2981 3207 3194 3264 demisit
3214 3207 3478 3280 calamum
3496 3207 3834 3279 piscatorium
3856 3226 3912 3268 et

2321 3282 2461 3352 cepit
2478 3281 2696 3352 verbum
2711 3279 2963 3352 Magistri.
2979 3281 3115 3348 Quid
3130 3279 3447 3334 vociferatus
3463 3291 3625 3347 est,et
3641 3284 3764 3352 quid
3779 3283 3829 3337 di
3840 3301 3863 3336 ς
3874 3285 3918 3339 it

2325 3349 2602 3416 piscator?
2645 3349 2933 3405 Videamus
2972 3367 3042 3421 an,
3089 3352 3333 3418 expiscer
3360 3353 3522 3406 verba
3552 3349 3830 3421 piscatoris
3855 3366 3916 3410 et

2321 3433 2427 3490 non
2459 3423 2767 3487 piscatoris:
2801 3420 3076 3488 piscatoris
3101 3420 3600 3490 quidem,quoniam
3629 3423 3728 3475 hoc
3755 3425 3909 3478 voci-

2323 3487 2520 3573 feratus
2539 3500 2659 3573 esi;
2685 3487 2809 3573 non
2825 3491 3102 3573 piscatoris
3122 3487 3272 3573 vero,
3300 3487 3553 3573 quoniam
3577 3494 3735 3573 verba
3754 3507 3913 3550 erant

2319 3558 2569 3630 Spiritus.
2595 3559 2733 3627 Quid
2763 3563 2904 3630 enim
2933 3560 3046 3614 ait?
3073 3558 3140 3613 In
3166 3558 3420 3630 principio
3449 3573 3556 3614 erat
3587 3561 3824 3628 Verbum,
3853 3577 3906 3619 et

2373 3630 2542 3682 erbum
2571 3640 2677 3682 erat
2690 3631 2840 3698 ‘apud
2873 3629 3052 3691 Deum,
3076 3640 3122 3684 et
3157 3629 3290 3684 Deus
3311 3629 3416 3684 erat
3453 3631 3667 3685 Verbum

2322 3697 2357 3762 Ι,
2391 3700 2465 3767 1).
2497 3699 2633 3765 Quid
2686 3697 2812 3770 dicit
2833 3699 3100 3756 .Judmus?
3129 3699 3371 3770 Magnum
3421 3703 3562 3770 sapit
3601 3704 3668 3756 de

2318 3769 2437 3835 quia
2466 3785 2612 3823 mare
2636 3769 2849 3824 discidit
2873 3780 2926 3824 et
2957 3771 3200 3840 pelagum
3229 3771 3409 3824 divisit
3437 3769 3500 3826 ac
3545 3769 3801 3835 reSiituit,
3827 3769 3911 3827 at-

2317 3854 2420 3909 que
2447 3854 2626 3894 aerem
2655 3842 2895 3905 mutavit,
2914 3848 3114 3908 petram
3133 3840 3384 3895 dissecuit
3409 3852 3461 3895 et
3478 3859 3667 3896 manna
3690 3843 3905 3909 detulit,

2319 3908 2476 3963 urbes
2507 3924 2628 3963 cum
2679 3910 2867 3964 incolis
2897 3910 3112 3973 excidit,
3146 3919 3305 3976 atque
3333 3913 3383 3966 in
3426 3912 3573 3966 bellis
3599 3914 3713 3964 sine
3739 3908 3910 3970 armis

2317 3977 2487 4053 victor
2513 3979 2632 4053 _ft_iit.
2656 3979 2855 4053 ideone
2883 3981 3045 4053 altum
3071 3981 3251 4053 sapis?
3278 3982 3412 4035 Audi
3437 3983 3562 4051 quid
3591 3982 3799 4053 Moyses
3827 3985 3909 4038 di-

2320 4049 2414 4120 _xit,_
2440 4050 2562 4118 Quid
2620 4051 2867 4118 piscator,
2893 4059 2949 4103 ut
3001 4050 3179 4104 videas
3227 4066 3347 4120 quin
3378 4049 3906 4120 sit'iuopia'veteris

2318 4117 2467 4190 iugis,
2499 4128 2552 4173 et
2597 4117 2715 4190 qua:
2742 4120 3064 4174 abundantia
3093 4117 3294 4190 gratiae.
3350 4121 3484 4188 Quid
3537 4117 3714 4177 autem
3770 4124 3908 4181 dixit

2317 4187 2559 4260 bloyses?
2586 4187 2650 4243 In
2681 4191 2928 4260 principio
2952 4192 3066 4260 fecit
3091 4187 3225 4260 Deus
3253 4187 3433 4244 caelum
3458 4202 3504 4246 et
3526 4203 3708 4246 terram
3737 4192 3902 4260 (Gen.

2318 4256 2356 4322 1,
2388 4256 2460 4328 ἱ).
2494 4260 2629 4325 Quid
2645 4256 2787 4330 ivero
2815 4256 3070 4330 piscator?
3097 4259 3366 4330 Nusquam
3389 4263 3535 4329 ponit
3556 4263 3704 4328 illud,
3734 4256 3902 4325 Fecit;
3970 4260 3976 4267 ’

2315 4329 2408 4382 sed
2438 4331 2604 4397 qttid?
2633 4329 2698 4384 In
2743 4329 2992 4399 principio
3043 4340 3150 4384 erat
3198 4329 3436 4396 Verbum,
3467 4343 3515 4385 et
3551 4331 3768 4387 Verbum
3793 4345 3904 4388 erat

2315 4402 2452 4466 apud
2480 4399 2659 4472 Qeum.
2694 4401 2790 4455 Ille
2816 4416 2844 4454 a
2873 4403 3032 4454 rebus
3061 4401 3253 4472 creatis
3299 4403 3504 4472 incipit,
3535 4403 3621 4456 hic
3670 4419 3698 4456 a
3731 4407 3900 4457 Crea-

2317 4477 2448 4544 iore.
2479 4470 2639 4544 Vides
2663 4482 2720 4525 ut
2761 4472 2920 4525 altius
2959 4471 3199 4544 ascendit
3224 4487 3380 4544 quam
3409 4470 3657 4544 Moyses?
3685 4475 3904 4531 Audivit

2315 4538 2530 4612 Moysen
2576 4542 2844 4598 dicentem
2874 4542 3013 4612 quod
3043 4538 3446 4597 caelum—fecerit
3469 4538 3642 4602 [ieusz
3674 4546 3893 4599 missum

2315 4611 2438 4664 fecit
2463 4612 2680 4686 (malum,
2698 4623 2763 4686 et
2790 4611 2948 4686 altius
2967 4612 3225 4686 ascendit.
3255 4613 3694 4686 Occurreruntei
3722 4615 3899 4686 angeli

2314 4689 2368 4733 et
2398 4683 2767 4752 praetermisit;
2799 4682 3121 4751 archangeli,
3151 4690 3206 4736 et
3231 4684 3554 4752 praeterivit;
3583 4682 3899 4752 Cherubim,

2313 4759 2367 4824 et
2396 4751 2463 4824 ibi
2489 4766 2592 4806 non
2621 4753 2785 4807 stetit.
2815 4752 2932 4820 Quo
2961 4752 3174 4806 curris?
3204 4751 3598 4824 Aliudquazro:
3626 4757 3670 4809 si
3695 4751 3900 4810 Cheru-

2314 4819 2418 4873 bim
2449 4821 2648 4887 lucent,
2681 4819 2857 4877 tamen
2885 4837 3049 4892 opera
3079 4835 3203 4876 sunt
3229 4840 3244 4889 ;
3279 4824 3322 4877 si
3352 4819 3634 4893 seraphin:
3675 4835 3896 4890 canunt,

2311 4901 2434 4966 sunt
2465 4895 2914 4966 tamenconservi
2943 4903 2998 4946 ut
3026 4907 3144 4966 ego.
3184 4894 3323 4962 Quid
3361 4911 3498 4963 quau
3515 4898 3557 4950 is
3583 4898 3607 4947 ?
3655 4895 3710 4951 Si
3741 4898 3896 4966 priu-

2311 4963 2515 5031 cipatus
2543 4973 2599 5018 et
2634 4963 3046 5027 dominationes,
3078 4965 3192 5019 btec
3241 4981 3455 5034 quoque
3480 4980 3630 5021 serva
3658 4975 3714 5022 et
3740 4963 3897 5022 crea-

2311 5039 2443 5103 turie
2472 5043 2634 5099 sunt;
2666 5035 2710 5087 si
2737 5043 3046 5102 potestates,
3062 5044 3164 5088 tute
3183 5051 3395 5103 quoque
3421 5047 3506 5090 res
3530 5048 3726 5092 creata:
3746 5046 3894 5091 sunt.

2310 5101 2609 5176 Quoabis?
2661 5101 2840 5172 Ipsum
2876 5119 3058 5176 quer
3104 5101 3436 5176 Creatorem,
3488 5110 3659 5176 ipsum
3712 5123 3898 5175 quaero

2311 5173 2454 5227 Patri
2500 5175 3006 5229 consubstantialem
3042 5192 3054 5226 :
3089 5189 3188 5230 nec
3237 5173 3714 5231 desistam‘donec
3732 5173 3894 5234 illum

2311 5242 2670 5318 invenero,_ut
2716 5243 3090 5318 homoupotest
3120 5246 3379 5301 invenire.
3427 5245 3637 5318 Moyses
3688 5249 3898 5302 locutus

2309 5324 2391 5368 est
2416 5316 2483 5370 de
2507 5315 2669 5388 ctelo,
2696 5325 2748 5388 et
2788 5315 2945 5388 desiit
2976 5331 2991 5368 :
3023 5331 3126 5388 non
3148 5319 3316 5388 _eniiu
3367 5315 3613 5386 spiritum
3664 5320 3891 5388 accepit,

2308 5399 2466 5460 quem
2507 5400 2614 5456 ego
2647 5385 2816 5460 habeo
2848 5385 3023 5460 (Rom.
3045 5385 3190 5460 VIII.
3222 5386 3312 5455 t5)
3337 5405 3353 5460 :_
3383 5385 3487 5441 non
3516 5389 3660 5443 enim
3689 5385 3897 5460 accepit

2305 5455 2575 5528 spiritqu
2599 5456 2872 5528 servitutis
2924 5457 2976 5528 in
3021 5456 3232 5528 timore,
3263 5458 3605 5528 sed‘accepit
3648 5455 3892 5526 spiritum

2306 5524 2609 5597 adoptionis
2639 5525 2865 5597 filiorum
2887 5527 2958 5597 ad
2983 5527 3336 5582 obedientiam
3367 5525 3509 5582 ﬁdei.
3528 5524 3736 5597 'Majora
3765 5530 3895 5586 mihi

2307 5606 2430 5649 sunt
2459 5596 2681 5668 credita.
2705 5595 2830 5651 Ideo
2875 5596 3130 5668 Dominus
3177 5613 3326 5652 meus
3355 5614 3420 5651 ex
3469 5595 3712 5668 supernis
3739 5600 3896 5654 deor-

2305 5680 2422 5736 sum
2452 5665 2744 5731 descendit,
2779 5676 2835 5720 ut
2854 5667 3100 5736 egoinfra
3131 5669 3328 5736 positus
3349 5665 3560 5723 sursum
3586 5672 3891 5726 ascendam.

2307 5735 2442 5801 Quid
2470 5738 2704 5806 quaeris?
2745 5735 2920 5806 Ipsum
2949 5735 3288 5801 Creatorem;
3317 5753 3438 5793 cum
3468 5740 3740 5804 invenero,
3765 5751 3894 5796 tunc

2306 5807 2478 5862 stabo.
2505 5806 2731 5874 invenit,
2754 5817 2806 5863 et
2833 5808 2957 5880 quid
2979 5807 3144 5864 dicit?
3171 5809 3232 5862 In
3249 5810 3508 5876 principio
3530 5825 3632 5863 erat
3651 5807 3861 5864 Verbum
3881 5826 3899 5862 :

3746 3632 3907 3688 Joan.

3752 3719 3905 3773 oyse,
