4176 6508
730 323 800 376 33
2030 335 2271 393 SPURH
2313 335 2640 405 QUEDMI.

729 460 908 523 Mque
938 455 1077 510 enim
1109 464 1378 522 peccatum
1407 464 1483 506 est
1513 463 1712 506 natura:
1738 493 1751 514 ,
1786 451 1875 505 sed
1904 451 2196 505 electionis.
2231 451 2307 503 En

727 530 993 580 hominum
1019 525 1243 578 exhibeo
1273 541 1481 583 sanum,
1515 540 1604 576 vas
1629 534 1924 592 purgatum,
1953 531 2007 575 ct
2030 526 2141 573 sine
2167 526 2302 572 labe.

729 599 792 650 Ι-Σι
819 610 964 649 stans
993 597 1040 648 in
1087 596 1262 648 medio
1289 597 1462 663 populi
1504 594 1712 646 dicebat
1739 611 1751 646 :
1789 593 1911 657 Quis
1958 609 2019 645 ea;
2059 597 2189 663 vobis
2218 610 2304 641 ur-

725 679 838 735 guet
881 684 958 718 me
986 668 1048 718 de
1074 660 1317 734 peccato?
1344 660 1396 716 et
1426 679 1581 716 netno
1607 663 1893 730 quidquatn
1943 663 2082 735 quod
2128 660 2308 714 dicere

727 730 905 806 posset
943 730 1161 789 invenit.
1193 735 1326 802 Quid
1368 750 1492 794 ergo
1537 734 1713 806 nunc?
1745 735 1898 786 intrat
1940 730 2004 783 ad
2025 740 2302 806 _:rgroto_s.

727 801 942 859 hortans
974 808 1093 860 illos
1136 801 1308 857 verbis
1333 846 1348 868 ,
1385 814 1436 856 ut
1488 803 1724 856 medicus
1768 802 2067 871 pharntacis
2103 819 2113 852 :
2167 801 2302 854 [Nihil

725 877 888 930 habes
920 878 1061 938 mali,
1091 877 1133 928 si
1165 876 1338 940 sapias
1368 892 1378 925 :
1410 877 1585 942 gravis
1611 884 1693 927 est
1723 874 1940 924 morbus
1962 912 1974 932 ,
2007 871 2098 923 sed
2127 873 2302 923 sanari

727 959 918 1016 ιιοιιδςι.
950 949 1196 999 llortatur
1223 943 1341 997 illos
1377 961 1390 997 :
1435 943 1608 996 Venite
1637 945 1706 1016 oti
1733 959 1809 993 me
1838 958 2031 1016 omnes,
2055 942 2140 1016 qui
2165 942 2301 1016 litho-

723 1010 849 1071 rtttis
876 1027 918 1068 et
947 1018 1141 1068 onerati
1170 1017 1288 1068 estis
1315 1054 1330 1076 ,
1377 1023 1423 1065 rt
1452 1031 1541 1083 ego
1568 1013 1810 1083 reﬁciam,
1831 1027 1916 1064 vos
1954 1010 2165 1079 (Matth.
2200 1011 2264 1063 ΧΙ
2287 1052 2300 1073 ,

723 1087 835 1154 28).
867 1086 1082 1139 Onerati
1111 1096 1265 1138 erant
1291 1082 1514 1152 a-groti’:
1543 1098 1703 1154 onera
1730 1082 1871 1133 enim
1901 1091 2024 1154 sunt
2047 1083 2300 1154 morbus,

723 1150 1008 1213 inordinati
1039 1170 1234 1217 mores,
1269 1150 1535 1215 scut-talio,
1570 1152 1788 1215 furtum,
1819 1151 2172 1213 mendacium,
2208 1150 2302 1201 l'al-

721 1244 838 1281 snm
872 1229 1278 1279 lcsllIIIOItluul:
1323 1224 1525 1276 nullum
1565 1225 1760 1291 quippe
1809 1237 1943 1273 unus
1991 1231 2096 1273 tam
2142 1236 2300 1287 grave

721 1309 820 1361 est,
851 1313 1009 1364 quam
1036 1298 1171 1348 mala
1199 1295 1542 1348 conscientia.
1577 1294 1683 1347 Sed
1714 1293 1834 1360 quia
1869 1307 2009 1359 aeger
2039 1292 2299 1364 medicum

723 1359 911 1430 timet,
959 1366 1184 1419 maxime
1210 1380 1327 1416 cum
1375 1366 1592 1416 morbus
1637 1359 1960 1428 est’gravis,
2009 1377 2074 1413 ne
2103 1359 2298 1414 ferrum

722 1445 874 1490 acuat
902 1479 916 1501 ,
966 1452 1031 1489 ne
1076 1438 1244 1502 ignem
1276 1436 1564 1492 accendat;
1593 1443 1645 1485 et
1685 1433 1810 1499 aegri
1846 1431 1993 1483 multi
2024 1433 2072 1481 ιιι
2103 1433 2298 1482 morbis

722 1510 855 1562 mori
890 1508 1222 1567 maluerunt,
1274 1520 1428 1571 quam
1481 1506 1989 1556 medicamentorum
2035 1503 2135 1551 vim
2181 1517 2299 1568 pcr-

723 1578 824 1638 pcti
845 1616 860 1636 .
889 1585 941 1627 et
970 1575 1248 1628 sanitatem
1277 1591 1304 1624 a
1335 1575 1518 1626 dolore
1549 1575 1822 1640 percipere
1853 1591 1865 1623 :
1903 1587 1968 1624 ne
1994 1573 2132 1636 quis,
2162 1589 2296 1636 quo-

720 1649 859 1700 niam
894 1648 979 1697 ille
1011 1647 1190 1706 venit,
1224 1641 1323 1696 hoc
1354 1653 1552 1695 mctnat
1579 1644 1803 1697 et-dieat
1833 1661 1844 1694 :
1881 1641 2056 1694 Poscit
2084 1656 2111 1691 a
2146 1641 2298 1693 "ubis

721 1726 1056 1782 peccatorum
1087 1718 1343 1766 rationem
1363 1755 1376 1776 ,
1406 1714 1569 1781 exigit
1594 1731 1621 1765 a
1657 1713 1808 1765 nobis
1838 1712 2150 1782 delictorum
2181 1726 2295 1779 pm-

719 1781 837 1839 nant
860 1828 874 1852 ,
906 1787 1088 1854 punire
1117 1800 1214 1836 nos
1239 1786 1382 1847 vult,
1410 1795 1462 1854 et
1500 1795 1620 1836 tunc
1639 1781 2014 1854 ‘t'iosetuendat
2041 1799 2052 1831 :
2086 1784 2296 1854 nequis

719 1861 818 1910 hoc
847 1851 1028 1910 Secum
1055 1864 1305 1922 reputans
1333 1853 1601 1921 aufugiat,
1639 1851 1829 1913 Venite,
1861 1852 2058 1918 inquit,
2092 1853 2159 1902 ad
2199 1869 2292 1904 me.

720 1926 841 1979 Non
871 1927 980 1979 veni
1010 1937 1061 1977 ut
1080 1925 1306 1991 judicent
1332 1931 1577 1974 mundum
1599 1965 1611 1985 ,
1643 1924 1729 1974 sed
1756 1933 1808 1973 ut
1838 1923 2111 1989 salviﬁcem
2148 1937 2298 1973 mun-

717 1999 837 2048 dnm
864 1996 1040 2061 (John.
1070 1995 1181 2056 ΧΙΙ,
1215 1995 1308 2059 47)
1359 1993 1496 2046 Nihil
1526 2008 1683 2060 grave
1710 2002 1792 2044 est
1819 2010 1830 2046 :
1864 2006 1966 2044 non
1999 1993 2168 2044 habeo
2195 1993 2297 2044 fcr-

720 2084 860 2129 rnm,
895 2083 999 2118 non
1029 2065 1198 2117 habeo
1226 2066 1399 2132 ignem
1431 2064 1832 2116 comburentem
1859 2102 1874 2125 ,
1909 2077 2011 2113 non
2039 2077 2156 2121 uro.
2191 2078 2294 2113 nou

717 2153 839 2187 scen
874 2153 884 2186 :
919 2136 1032 2188 sine
1062 2137 1244 2186 dolore
1267 2145 1346 2187 cst
1376 2133 1670 2192 medicina,
1703 2133 1818 2185 sine
1850 2133 2028 2182 labore
2073 2135 2290 2185 curatio.

715 2208 771 2258 Si
806 2221 910 2258 non
938 2205 1172 2268 creditis,
1208 2204 1384 2256 videte
1416 2203 1770 2262 meretricem,
1808 2204 1979 2254 videte
2012 2204 2292 2266 latronem,

720 2277 894 2328 videte
921 2289 1100 2342 magos
1123 2314 1137 2336 ,
1193 2274 1573 2340 publicanum,
1616 2271 1969 2342 Chananteam
2002 2289 2013 2322 :
2047 2272 2295 2323 iudicium

717 2346 868 2398 vobis
895 2341 1107 2398 duliah
1134 2344 1388 2398 exordiis.
1415 2343 1546 2396 Num
1577 2341 1725 2394 ussi?
1754 2356 1876 2393 num
1907 2343 2092 2393 secui‘.’
2122 2356 2296 2394 nonne

718 2416 969 2469 meretrix
998 2415 1144 2468 ﬂevit
1185 2414 1358 2467 solum
1379 2455 1392 2475 ,
1436 2425 1488 2465 et
1517 2410 1652 2465 facta
1681 2422 1766 2465 est
1794 2411 2079 2477 virginibus
2122 2413 2295 2462 conti-

719 2486 964 2537 nentior?
992 2499 1168 2537 nonne
1193 2485 1330 2552 magi
1357 2484 1666 2545 adorarunt,
1700 2493 1754 2534 et
1777 2482 1894 2532 lacti
1922 2490 2045 2533 sunt
2070 2494 2297 2548 cvange-

718 2555 890 2608 listre?
922 2570 1097 2607 nonne
1125 2555 1422 2608 Chanamca
1455 2553 1632 2614 venit,
1663 2563 1716 2604 et
1742 2553 1863 2603 lilia:
1892 2552 2172 2602 sanitatem
2201 2566 2294 2602 ac-

717 2627 897 2694 cepit?
925 2623 1051 2694 Non,
1071 2626 1182 2676 veni
1212 2634 1264 2674 ut
1297 2623 1514 2688 indicem
1542 2623 1804 2694 "tundunt,
1838 2621 1924 2671 sed
1946 2630 1998 2694 nt
2025 2620 2295 2694 salvi/iceni

719 2691 980 2747 mundum.
1015 2693 1185 2748 Venite
1221 2695 1290 2746 ad
1319 2709 1396 2746 me
1420 2708 1590 2745 omnes
1623 2693 1708 2760 qui
1751 2693 1991 2744 laboratis
2033 2699 2078 2743 et
2103 2691 2295 2743 onerati

717 2767 857 2818 estis.
887 2765 1010 2818 llzec
1039 2766 1198 2818 verba
1227 2763 1428 2818 ell'ero:
1462 2763 1715 2816 Dominus
1740 2777 1890 2821 sum,
1925 2779 2028 2812 non
2059 2761 2290 2829 indigeo,

719 2853 823 2888 non
850 2850 966 2888 sum
996 2849 1180 2889 servus
1220 2836 1318 2903 legi
1360 2835 1601 2886 subditus
1632 2851 1644 2883 :
1679 2841 1893 2884 accusat
1935 2844 1987 2884 te
2036 2832 2114 2884 lex
2141 2872 2154 2892 ,
2202 2832 2293 2883 sed

717 2907 1109 2958 accusationem
1152 2906 1327 2966 solvo,
1363 2905 1530 2972 ipsum
1575 2912 1939 2956 ειεριιεειιυιευιιι
1989 2916 2292 2968 compesco.

717 2977 1032 3042 Quomodo?
1061 2975 1233 3043 Ipsum
1264 2975 1402 3026 cuitu
1429 2972 1598 3043 gratia
1624 2975 1947 3038 compe-cuit
1982 2991 1994 3025 :
2025 2973 2295 3040 propheta:

717 3059 998 3111 accusant,
1045 3047 1135 3098 sed
1184 3045 1438 3112 majorem
1481 3043 1691 3110 praebeo
1722 3044 2037 3095 libertatem.
2072 3043 2296 3094 Veniens

719 3117 876 3185 igitur
903 3126 957 3170 et
988 3116 1258 3184 reperiens
1282 3126 1521 3166 naturam
1551 3115 1689 3166 male
1713 3129 1777 3185 se,
1794 3112 2097 3185 habentem,
2120 3124 2172 3164 et
2201 3115 2296 3166 hos

717 3184 931 3254 quidem
961 3187 1011 3238 in
1039 3186 1389 3248 scortatione,
1419 3185 1551 3237 alios
1581 3185 1630 3235 in
1661 3184 1945 3245 adulterio,
1981 3185 2217 3235 nidorem
2243 3194 2294 3235 et

719 3260 918 3309 bunum
936 3272 1056 3308 acra
1077 3256 1418 3322 polluentem,
1444 3265 1740 3321 ceteraque
1761 3255 1967 3315 omnia;
1993 3255 2115 3320 quid
2141 3255 2296 3305 facit?

727 3326 918 3380 Videtis
946 3340 1112 3392 genus
1141 3336 1380 3378 nostrum
1409 3325 1556 3378 febre
1584 3325 1850 3384 laborans,
1878 3325 2015 3375 lavat
2047 3327 2294 3391 prinunn,

716 3397 918 3458 dicens,
954 3395 1112 3464 Lava,
1146 3406 1199 3449 et
1227 3396 1360 3448 liber
1378 3406 1494 3447 esto
1521 3411 1547 3445 ιι
1577 3396 1764 3447 morbo
1794 3412 1806 3446 :
1842 3395 1983 3445 lavat
2014 3409 2294 3460 regenera-

719 3467 876 3519 tionis
905 3468 1134 3527 lavacro,
1165 3477 1216 3519 et
1247 3467 1391 3533 ungit
1421 3482 1433 3516 :
1468 3466 1532 3517 Et
1562 3465 1813 3533 unguenti
1845 3464 2131 3517 chrismate
2158 3480 2298 3530 tlngu

719 3549 770 3587 te
795 3547 847 3589 et
878 3538 1015 3598 lavo,
1047 3547 1102 3591 et
1133 3547 1426 3588 transmuto
1458 3546 1524 3588 Ie.
1557 3535 1792 3588 Tantane
1832 3544 1914 3587 est
1958 3534 2148 3586 lavacri
2185 3535 2298 3586 vis?

717 3608 904 3659 Tanta.
951 3609 1222 3660 Descende
1266 3607 1538 3658 deorsum.
1593 3606 1870 3659 Descendit
1915 3605 2163 3656 deorsum
2191 3646 2204 3667 ,
2247 3615 2300 3656 et

719 3688 869 3731 \etus
899 3678 1058 3729 homo
1101 3693 1203 3729 non
1254 3688 1450 3730 tuanet.
1501 3675 1615 3728 Non
1662 3691 1797 3741 opus
1835 3683 1917 3727 est
1964 3673 2140 3738 ferro,
2193 3690 2297 3727 non

715 3749 954 3799 sectione
980 3758 1032 3799 et
1073 3747 1260 3800 dolore
1293 3764 1306 3798 :
1348 3761 1470 3798 cum
1503 3747 1771 3811 voluptate
1801 3754 1882 3798 est
1923 3745 2124 3796 utilitas
2145 3784 2158 3805 ,
2195 3761 2296 3797 non

720 3818 983 3868 laboriosa
1014 3828 1095 3870 est
1125 3817 1352 3869 medela.
1389 3815 1454 3868 Et
1488 3816 1613 3883 qttid
1648 3814 1898 3867 faciemus
1948 3825 2006 3867 ut
2053 3815 2180 3867 s..lvi
2221 3816 2297 3866 si-

719 3888 872 3940 mus?
905 3888 1106 3939 inlinita
1139 3888 1275 3939 mala
1305 3888 1659 3953 patravinms,
1712 3885 2090 3937 conscientiam
2137 3885 2297 3938 liabe-

1943 4016 3068 4026 "ww.

939 4097 1052 4158 1X.
1101 4112 1384 4157 EJUSDEM
1435 4111 1500 4152 IN
1547 4110 1783 4152 tLLUD:

3946 339 4031 394 3-!

2417 470 2532 506 nuis
2563 453 2752 505 malam
2777 496 2791 514 ,
2839 454 3107 521 pt'riituns.
3145 454 3276 506 Dicit
3307 463 3358 505 ιιι
3406 453 3734 521 baptizemnr
3766 463 3815 508 et
3855 455 3985 508 salu

2415 537 2516 575 lout
2545 538 2954 590 consequamur.
2993 525 3196 577 Etenim
3228 525 3592 590 apprehenSos
3621 528 3798 594 ungit,
3832 526 4024 582 lavat.

2410 594 2600 644 deinde
2620 597 2782 647 nutrit
2803 595 2971 647 solido
2989 597 3260 647 alimento.
3289 595 3573 662 l’oslquatn
3596 599 3736 649 enim
3761 609 4029 663 aegrotus

2414 664 2657 715 innoxius
2682 664 2850 717 factus
2873 677 2972 723 est,
3010 666 3168 717 nutrit
3198 681 3317 716 cum
3348 674 3401 717 ct
3430 681 3654 731 corpore
3680 681 3778 718 suo
3804 668 4025 722 nutrit.

2411 746 2458 804 cl
2491 735 2798 800 sanguinem
2836 750 2988 788 sumn
3023 737 3072 786 in
3103 745 3281 801 potum
3327 734 3450 799 dat;
3495 751 3647 788 suum
3673 776 3689 801 ,
3738 735 3976 804 inquam
4002 775 4026 798 .

2413 802 2575 867 ipsius
2597 846 2608 864 ,
2643 805 2730 871 qui
2759 815 2838 857 est
2883 806 2996 858 sine
3025 815 3262 872 peccato.
3294 805 3424 858 Cum
3455 806 3596 858 enim
3643 815 3697 858 tu
3725 802 3823 872 per
3848 808 4026 858 lava-

2408 887 2555 924 crum
2584 874 2750 925 fartus
2792 876 2864 927 sis
2892 876 3004 927 sine
3037 887 3273 942 peccato,
3303 874 3514 939 quando
3547 876 3649 929 tale
3675 889 3878 943 corpus
3913 891 4026 928 ac-

2408 943 2563 1009 cipis,
2596 956 2644 996 te
2671 946 2850 1010 ungit,
2879 944 3015 997 lavat
3043 986 3054 1007 ,
3090 948 3271 996 nutrit.
3307 944 3428 997 llzuc
3452 955 3533 998 est
3559 960 3695 999 nova
3723 956 4026 999 creatura.

2407 1011 2536 1065 Cum
2587 1016 2745 1065 intrat
2773 1016 3044 1078 cimedus,
3092 1023 3143 1067 et
3192 1015 3248 1068 lit
3285 1015 3488 1083 justus,
3522 1030 3696 1068 nonne
3740 1026 3824 1067 est
3856 1032 4026 1068 nova

2407 1085 2690 1135 creatura?
2719 1100 2838 1138 cunt
2869 1085 3030 1137 intrat
3073 1100 3236 1153 rapax
3258 1126 3270 1145 ,
3303 1095 3357 1136 et
3395 1100 3422 1136 a
3452 1087 3683 1153 peccatis
3710 1085 4027 1148 liberatur,

2408 1168 2585 1206 nonne
2613 1165 2691 1227 est
2737 1169 2870 1227 nova
2916 1165 3160 1207 creatura
3183 1157 3212 1227 ‘t
3237 1155 3420 1227 Vidisti
3466 1157 3516 1208 in
3561 1157 3728 1227 gratia
3779 1166 4029 1209 creatu—

2407 1230 2557 1275 ram?
2604 1225 2720 1276 vide
2749 1226 2907 1276 etiam
2958 1227 3007 1278 in
3039 1227 3159 1276 vitm
3205 1226 3446 1277 instituto
3487 1223 3811 1278 creaturam.
3859 1227 4029 1292 Qum

2407 1297 2716 1346 meretrices
2740 1297 3084 1347 deseruerunt
3117 1294 3344 1351 theatra.
3376 1305 3549 1348 veSIes
3576 1295 3774 1349 sericas
3804 1297 4029 1350 missas

2407 1362 2676 1426 fecerunt,
2713 1366 2892 1418 cinere
2921 1382 2978 1417 se
3010 1359 3405 1433 inspers'eruut,
3459 1379 3644 1418 saccos
3675 1367 3979 1419 induerunt
4007 1410 4024 1427 ,

2406 1442 2458 1485 et
2490 1449 2627 1486 nunc
2659 1437 2708 1485 in
2741 1434 2951 1488 Christo
2987 1437 3147 1487 vitam
3195 1435 3513 1488 instituunt?
3540 1450 3717 1488 annon
3749 1446 3831 1489 est
3861 1451 4027 1490 nova

2405 1504 2686 1555 creatura?
2716 1504 2845 1556 Cmn
2873 1520 3002 1571 ergo
3029 1505 3225 1558 videris
3258 1506 3592 1558 meretricem
3629 1522 3733 1557 non
3764 1508 4026 1573 amplius

2406 1576 2760 1635 meretricem,
2790 1576 2882 1627 sed
2910 1576 3110 1642 virgini:
3131 1576 3576 1628 continentiorem
3596 1616 3609 1637 ,
3640 1575 3745 1640 dic,
3771 1578 4024 1630 (Zreatus

2405 1655 2483 1694 est
2516 1645 2611 1709 ipsi
2642 1647 2851 1699 aniums
2871 1688 2886 1709 ,
2923 1655 3178 1697 mutatum
3205 1653 3287 1698 est
3313 1659 3406 1698 cor
3434 1646 3550 1712 ejus
3569 1685 3584 1708 ,
3619 1661 3883 1700 conversa
3921 1661 4022 1700 ρει

2405 1716 2575 1765 anima
2627 1714 2742 1781 ejus
2784 1730 2812 1766 a
2859 1731 3007 1768 more
3036 1715 3292 1783 pristino;
3343 1731 3446 1768 non
3490 1715 3626 1768 ultra
3678 1717 3730 1768 in
3781 1717 4022 1770 theatro

2404 1796 2670 1851 ('otuparcl
2699 1826 2714 1849 ,
2763 1800 2868 1838 non
2897 1788 3031 1837 alios
3065 1785 3223 1837 trahit
3271 1787 3320 1837 in
3353 1785 3630 1854 laqueum,
3673 1787 3768 1839 sed
3799 1799 3850 1839 et
3885 1789 4022 1854 ipsa

2404 1865 2675 1916 servatur;
2710 1869 2814 1907 non
2841 1858 3067 1919 amplius
3092 1855 3213 1907 aliis
3237 1854 3514 1907 ol'l‘ensioni
3540 1868 3642 1918 est,
3675 1859 3767 1909 sed
3793 1860 3959 1911 saluti
3996 1876 4013 1912 :

2403 1924 2581 1975 vident
2608 1925 2747 1976 cnim
2771 1927 2981 1988 cimedi,
3009 1936 3062 1978 et
3085 1925 3213 1977 lium
3237 1928 3387 1977 casti.
3418 1924 3602 1979 Vidcn’
3625 1942 3814 1979 novam
3838 1943 4013 1983 crea—

2405 1995 2616 2046 turam?
2659 1995 2791 2046 Cutn
2827 1997 3023 2048 videris
3068 2010 3347 2061 rapacem,
3380 1995 3622 2049 Caecum
3649 2039 3662 2060 ,
3715 2012 3838 2051 aras
3888 2000 4016 2052 lin-

2401 2075 2645 2130 gcntem,
2676 2074 2859 2117 contra
2897 2065 3225 2118 Christianos
3271 2067 3653 2131 insanientem,
3685 2067 4019 2123 innumeros

2401 2134 2674 2203 orphanos
2714 2135 3027 2199 Spoliantem
3059 2176 3072 2196 ,
3109 2138 3411 2188 innumeras
3441 2137 3728 2191 undantem
3762 2139 3953 2192 viduas
3987 2180 4010 2203 ,

2389 2200 2762 2275 Christianum
2782 2204 3005 2265 factum,
3056 2221 3148 2257 sna
3196 2207 3516 2275 pauperibus
3546 2208 3892 2275 largientem.
3945 2200 4016 2263 ei

2401 2273 2467 2326 ad
2505 2275 2780 2342 pervigilia
2812 2277 3148 2338 venientem;
3182 2273 3264 2328 dic
3286 2273 3318 2339 ,⁷
3349 2277 3572 2330 Creatus
3617 2273 3698 2331 est
3749 2278 3857 2331 ille.
3895 2279 4016 2332 Ita-

2402 2359 2538 2409 que,
2573 2344 2758 2412 Siqua
2799 2345 2851 2396 in
2892 2345 3123 2409 Christo,
3165 2361 3292 2398 nova
3335 2357 3584 2400 enatura.
3624 2348 3759 2402 Vide
3798 2350 4013 2416 ubique

2404 2423 2664 2465 terrarum
2713 2430 2901 2467 novam
2943 2427 3265 2470 creaturam.
3313 2416 3443 2470 Cum
3475 2419 3671 2471 videris
3702 2419 4016 2472 monachos

2403 2488 2660 2535 montium
2684 2484 2810 2552 juga
2838 2497 3158 2552 occupantes
3182 2527 3195 2546 ,
3243 2483 3526 2540 cr'itcilixos
3548 2528 3562 2550 ,
3608 2491 4010 2544 conculcantcs

2403 2563 2606 2629 natura;
2635 2555 2998 2629 necessitates,
3034 2556 3365 2629 itmnunitate
3387 2559 3783 2629 apaSsiouibus
3823 2575 4006 2629 ange-

2403 2623 2484 2674 los
2517 2624 2785 2677 imitantes
2814 2643 2826 2677 :
2858 2627 3032 2692 itaque
3053 2668 3067 2690 ,
3099 2627 3158 2680 Si
3198 2643 3295 2692 qua
3321 2628 3371 2678 in
3409 2628 3608 2680 Christo
3629 2671 3642 2688 ,
3678 2646 3804 2682 nova
3844 2623 4006 2682 cr'ea-

2402 2704 2537 2744 tnra.
2572 2695 2668 2746 Abi
2696 2695 2745 2746 in
2778 2695 3072 2756 Persidem,
3099 2696 3143 2749 si
3169 2713 3272 2748 non
3296 2712 3538 2763 corpore,
3565 2700 3750 2754 saltem
3779 2712 4003 2764 mente;

2403 2774 2602 2840 matres
2634 2766 2685 2840 in
2717 2766 3224 2840 nitoresduceliant.
3258 2781 3396 2840 nunc
3423 2780 3599 2822 autem
3628 2771 4001 2840 virginitatem

2400 2835 2580 2887 colunt
2606 2853 2618 2886 :
2647 2836 2842 2904 itaque,
2870 2837 2931 2889 Si
2959 2853 3058 2902 qua
3087 2838 3136 2889 in
3163 2836 3383 2901 Christo,
3408 2855 3537 2891 nova
3557 2835 3805 2894 creatura.
3831 2841 3970 2894 Crea
3987 2869 4008 2881 -

2404 2915 2575 2957 turam
2620 2907 2872 2972 conspice
2917 2922 3081 2975 usque
3119 2909 3184 2958 ad
3235 2923 3418 2975 reges,
3449 2910 3536 2977 qtti
3579 2911 3877 2965 diademate
3904 2928 4006 2966 or-

2405 2987 2616 3050 nantur.
2647 2978 2887 3050 Antehac
2935 2991 3088 3050 reges
3127 2978 3304 3050 omnia
3355 2979 3626 3046 impietate
3672 2981 4002 3050 replebant;

2396 3046 2508 3114 jam
2535 3062 2666 3121 vero
2691 3062 2841 3115 reges
2867 3048 2916 3100 in
2949 3047 3228 3121 ecclesiam
3255 3063 3313 3100 se
3340 3050 3620 3103 conferunt
3646 3066 3659 3101 :
3691 3046 3813 3104 tunc
3837 3046 4003 3121 reges

2403 3116 2653 3190 omnibus
2677 3127 2836 3190 erant
2871 3118 3164 3190 terribiles;
3202 3133 3344 3190 nunc
3374 3129 3552 3172 autem
3599 3121 3830 3175 Ecclesia
3862 3116 4004 3190 ipsis

2405 3186 2655 3258 terribilis
2681 3197 2782 3240 est.
2805 3188 2934 3252 Quis
2962 3189 3101 3258 ausit
3128 3189 3237 3256 regi
3267 3189 3465 3252 dicere,
3501 3190 3714 3258 Depone
3735 3186 3987 3246 diadema

2406 3259 2588 3309 tuum?
2620 3257 2856 3312 Ecclesia
2884 3274 3012 3312 vero
3044 3257 3096 3311 id
3125 3259 3272 3323 dicu,
3306 3268 3361 3311 et
3391 3260 3478 3312 ille
3507 3257 3859 3329 obtemperat,
3891 3278 3996 3317 ve-

2405 3329 2584 3394 nitque
2617 3330 2759 3379 titulo
2797 3330 2970 3396 capite
2994 3369 3009 3392 ,
3061 3329 3273 3381 nemine
3297 3329 3515 3395 jubente
3541 3371 3556 3392 ,
3603 3333 3695 3386 sed
3748 3334 4002 3388 hortante

2407 3400 2608 3450 ratione
2634 3415 2647 3449 :
2679 3398 2820 3449 nudo
2842 3399 3013 3471 capite
3043 3413 3141 3452 nec
3179 3413 3368 3471 ornato
3400 3418 3412 3452 :
3457 3401 3700 3455 diadema
3751 3405 4005 3471 projicit.

2405 3479 2457 3519 et
2481 3483 2693 3520 erucem
2719 3470 2927 3542 accipit.
2950 3468 3228 3520 lntrantad
3262 3485 3496 3522 mensam
3520 3468 3766 3526 similiter
3796 3468 4000 3542 pauper

2405 3549 2455 3611 et
2490 3553 2748 3611 rex;_nou
2780 3539 2932 3611 aliter
2973 3555 3173 3611 pauper
3201 3550 3253 3592 et
3299 3542 3452 3593 aliter
3493 3558 3583 3594 rex
3617 3561 3629 3594 :
3677 3539 3846 3611 neque.
3893 3539 3997 3598 rex

2407 3607 2528 3659 dicit
2556 3649 2568 3669 ,
2619 3608 2738 3659 Mihi
2768 3609 2996 3680 amplius
3024 3609 3181 3672 dato,
3215 3611 3431 3678 pauperi
3465 3627 3589 3663 Vero
3635 3607 3868 3680 parcius;
3899 3618 3998 3669 sed

2406 3694 2526 3750 cunt
2556 3680 2740 3730 eadem
2767 3679 3079 3750 humilitate,
3112 3693 3230 3731 cunt
3263 3682 3446 3750 eadem
3474 3679 3686 3748 pietate,
3719 3693 3774 3735 ιιι
3799 3702 3999 3750 pauper

2405 3748 2483 3798 sic
2509 3757 2562 3800 et
2587 3763 2684 3815 ego
2715 3766 2726 3798 :
2764 3749 2971 3816 itaque,
3003 3749 3061 3801 Si
3090 3765 3189 3815 qua
3219 3751 3269 3801 in
3301 3749 3499 3802 Christo
3520 3791 3534 3813 ,
3578 3769 3705 3804 nova
3743 3748 3996 3810 creatura.

2409 3817 2510 3892 ltro
2540 3817 2818 3892 hisautem
2849 3820 3095 3892 onmibus
3128 3819 3232 3872 Deo
3251 3822 3447 3889 gratias
3468 3837 3706 3890 agamus,
3737 3826 3991 3892 quaniani

2411 3888 2482 3938 illi
2511 3889 2676 3954 gloria
2703 3893 2754 3940 in
2789 3892 2988 3942 secula.
3013 3891 3204 3944 Amen.

3763 4026 3962 4039 -—_—

1825 4110 1928 4151 ntc
1951 4111 2092 4166 ’,μετ
2137 4111 2296 4152 ιτιιιι

2406 4111 2554 4152 llEL‘S
2600 4111 2927 4164 υιιιςετιῑδ,
2975 4113 3032 4154 [Ν
3083 4114 3207 4166 QUO
3254 4115 3398 4156 MIHI
3443 4116 3800 4161 COMPLACUI

2068 4217 2325 4297 (Matth.
2356 4219 2550 4286 xvn,
2598 4217 2687 4297 5).

788 4375 883 4428 llic
908 4377 1072 4444 prolis
1095 4386 1280 4426 amans
1310 4370 1556 4444 pater_ob
1583 4385 1736 4444 suum
1764 4386 1889 4444 erga
1920 4384 2019 4444 nos
2054 4369 2301 4423 allectum

717 4441 984 4500 sermonis
1010 4452 1376 4512 argumentum
1407 4441 1550 4494 misit
1577 4441 1728 4512 mihi,
1758 4452 1811 4495 et
1843 4441 2049 4512 laudem
2071 4457 2189 4508 qua,
2219 4457 2303 4495 me

715 4525 954 4581 curante,
987 4511 1086 4568 vos
1105 4515 1247 4566 illum
1274 4513 1581 4565 celebrastis
1600 4553 1616 4575 ,
1650 4511 1747 4564 hac
1775 4511 2020 4579 praisenti
2054 4526 2299 4566 remane.

717 4587 848 4638 ravit
895 4586 1260 4644 institutione,
1311 4583 1598 4636 liberorum
1643 4597 1861 4634 suorum
1915 4582 2116 4635 lucrum
2146 4596 2297 4635 suum

717 4671 836 4709 esse
869 4666 1076 4724 putans.
1127 4652 1240 4722 Ego
1272 4668 1397 4706 vero
1436 4653 1589 4705 lactus
1626 4651 2297 4724 adhortationemgarCepi,

715 4741 778 4779 ac
825 4722 943 4780 cum
996 4726 1185 4780 fiducia
1243 4739 1428 4776 rursus
1472 4737 1565 4792 vos
1611 4723 1873 4790 alloquor,
1927 4722 2297 4790 pristinorum-

715 4812 820 4864 que
848 4798 1126 4850 verborum
1168 4793 1361 4847 seriem
1410 4791 1760 4864 libentissime
1806 4791 2294 4864 persequicurabo.

714 4861 936 4920 Ostendi
961 4869 1102 4921 enim
1131 4865 1298 4926 vobis,
1315 4864 1367 4916 in
1395 4862 2005 4930 prarcedentidominica,
2033 4861 2299 4915 Christum

714 4953 835 4990 cum
883 4939 1051 4990 servis
1094 4936 1206 4989 suis
1243 4934 1307 4986 ad
1356 4932 1673 5001 baptismum
1711 4934 2008 4988 venientem
2048 4949 2060 4984 :
2106 4933 2299 4987 deinde

720 5007 1005 5074 Baptistam
1023 5008 1110 5076 qui
1130 5005 1466 5058 accedentem
1491 5005 1764 5076 Dominum
1782 5004 2016 5070 agnovit,
2041 5002 2298 5076 baptisma

713 5073 1088 5130 administrare
1113 5084 1445 5135 renuentem,
1479 5089 1539 5125 ac
1556 5074 1788 5131 demum.
1817 5083 2031 5141 propter
2059 5073 2294 5126 Salvato-

717 5148 789 5200 ris
819 5149 1144 5210 mandatum,
1172 5146 1479 5214 mysterium
1532 5145 2248 5214 meononiiar'complentem
2287 5163 2296 5194 :

715 5218 916 5284 scripto
943 5227 1121 5285 postea
1150 5213 1520 5282 rept‘msentavi
1566 5215 1728 5267 Deum
1756 5223 1809 5267 et
1849 5213 2058 5285 Patrem
2093 5215 2298 5285 llotniui

717 5282 882 5339 nostri
913 5282 1036 5340 Jesn
1064 5287 1255 5340 Christi
1283 5285 1349 5338 de
1373 5286 1508 5338 cmlo
1538 5287 1853 5337 clamantem
1879 5302 1892 5338 :
1923 5284 2019 5336 llic
2039 5295 2110 5335 est
2137 5282 2299 5335 Filius

718 5374 854 5410 metu
883 5358 1111 5420 dilectus,
1143 5357 1195 5408 in
1221 5372 1316 5424 quo
1343 5357 1463 5406 mihi
1495 5356 1797 5424 romplacui.
1822 5354 1886 5406 Et
1905 5356 1970 5406 ad
2000 5354 2099 5406 hoc
2129 5370 2297 5420 llSlllle

720 5429 1075 5480 testiinonium
1111 5439 1453 5495 pregressus,
1484 5425 1736 5478 descendi
1777 5437 2127 5495 egsuggestu,
2164 5435 2297 5477 teni-

719 5512 848 5566 pore
876 5513 1085 5550 cursum
1113 5493 1369 5548 orationis
1394 5496 1780 5563 interpellante.
1816 5493 1983 5566 Ilodte
2023 5495 2178 5566 igitur
2207 5507 2293 5548 re-

717 5565 929 5621 butnerc
967 5570 1084 5620 volo
1114 5581 1233 5635 qua:
1279 5575 1400 5618 tunc.
1444 5578 1689 5617 omittere
1720 5577 1936 5618 coactus
1964 5565 2034 5616 l'ui
2083 5577 2295 5631 propter

718 5638 967 5705 temporis
997 5638 1288 5706 angustiam
1313 5677 1325 5697 ,
1368 5647 1421 5688 et
1451 5636 1736 5702 adjnogere
1765 5639 2027 5688 sermonis
2070 5638 2292 5688 solutio-

715 5725 858 5769 m’nt,
895 5718 950 5760 ιιι
981 5724 1073 5772 per
1102 5724 1213 5760 cant
1237 5707 1534 5759 ascetidalts
1559 5713 1618 5755 ad
1643 5717 1910 5758 auctorem
1935 5710 2069 5772 ejus,
2103 5722 2293 5772 nempe

716 5780 930 5836 Ytltunt.
969 5776 1065 5830 Ilo:
1092 5789 1158 5830 rat
1189 5776 1353 5829 “(ius
1387 5792 1519 5829 mrns
1544 5777 1774 5843 dilectus,
1805 5777 1853 5828 in
1881 5793 1978 5844 otto
2008 5778 2127 5828 mihi
2155 5793 2286 5829 cem-

2408 4369 2600 4436 placni.
2635 4367 2731 4441 llic
2759 4378 2874 4431 est,
2907 4368 2993 4436 qui
3042 4382 3248 4421 meeum
3280 4370 3423 4423 misit
3454 4386 3617 4438 super
3645 4386 3704 4426 se
3741 4371 3995 4441 Spiritum

2413 4451 2674 4502 sanctum,
2711 4439 3005 4505 iterumque
3034 4454 3190 4506 quem
3219 4453 3493 4507 receperat
3518 4439 3943 4510 Spiritnmimisit
3977 4468 3989 4504 :

2411 4511 2496 4562 hic
2521 4520 2635 4573 est,
2669 4510 2756 4577 qui
2797 4518 2922 4584 ante
2958 4510 3133 4562 omnia
3177 4514 3356 4563 secula
3397 4527 3465 4565 ex
3503 4529 3586 4565 me
3631 4515 3839 4581 genitus
3873 4529 3990 4584 est,

2413 4596 2516 4634 non
2546 4591 2788 4645 creatus;
2820 4581 2969 4653 Deus
2999 4590 3300 4653 genitusex
3329 4598 3412 4635 me
3440 4585 3554 4634 solo
3582 4585 3898 4653 unigenitus,
3932 4581 3984 4641 ιιι

2409 4653 2553 4703 solus
2583 4665 2682 4718 ego
2710 4651 2852 4723 novi,
2885 4658 2937 4703 ct
2969 4660 3025 4703 ut
3050 4650 3255 4723 illeseit
3280 4653 3464 4704 solus:
3496 4653 3578 4705 hic
3601 4650 3988 4723 est‘perfectio-

2411 4723 2490 4774 nis
2535 4736 2667 4774 meae
2707 4721 2983 4773 character
3029 4729 3082 4773 et
3127 4721 3338 4775 deitatis
3369 4726 3500 4775 m'ete
3545 4721 3861 4780 character:
3903 4727 3987 4782 hic

2408 4801 2490 4844 est
2534 4792 2623 4859 qui
2664 4792 2974 4844 substantia:
3020 4806 3150 4845 mea:
3178 4793 3322 4846 clare
3353 4792 3458 4846 l'ert.
3487 4795 3790 4860 imaginem.
3825 4796 3981 4850 Filius

2408 4873 2486 4914 est
2519 4876 2666 4934 meus
2687 4875 2751 4934 es
2781 4877 2896 4914 mea
2923 4863 3149 4934 essentia
3190 4863 3545 4934 incorporee,
3574 4865 3987 4934 incorruptibili-

2410 4941 2508 4994 ter,
2539 4933 2654 4984 sine
2684 4932 2789 4984 ulla
2822 4933 3075 5000 temporis
3103 4933 3306 4987 ratione
3331 4934 3566 4997 elucens,
3597 4950 3702 4988 non
3734 4932 3802 4990 ei
3819 4938 3978 4991 altera

2407 5003 2700 5055 substantia
2735 5019 2791 5055 se
2824 5005 3072 5070 prodens.
3106 5003 3269 5057 Filius
3315 5014 3396 5058 est
3440 5020 3590 5058 meus
3631 5015 3815 5060 natura
3837 5049 3850 5072 ,
3879 5025 3982 5064 non

2405 5073 2568 5140 gratia
2589 5115 2604 5136 ,
2637 5082 2935 5126 coteternus
2955 5114 2970 5134 ,
3019 5089 3122 5125 non
3151 5074 3332 5138 junior
3362 5075 3441 5129 vel
3469 5079 3735 5129 secundus
3766 5095 3780 5130 :
3827 5078 3983 5133 Filius

2405 5152 2484 5195 es:
2513 5159 2662 5195 meus
2687 5143 3050 5197 coessentialis
3079 5144 3204 5196 mihi
3227 5185 3242 5209 ,
3287 5156 3342 5197 ut
3370 5145 3546 5199 lumen
3577 5161 3638 5199 ex
3671 5146 3893 5212 lumine,
3929 5160 3980 5202 ut

2410 5213 2510 5264 vita
2542 5228 2608 5267 ex
2640 5214 2743 5267 vita
2771 5253 2786 5274 ,
2837 5225 2890 5266 ut
2930 5217 3128 5267 veritas
3156 5230 3218 5268 ex
3250 5217 3473 5268 veritate
3501 5255 3514 5277 ,
3561 5227 3616 5269 ut
3664 5220 3889 5285 potentia
3915 5236 3980 5274 ex

2406 5288 2682 5349 potentia,
2733 5294 2790 5338 ιιι
2836 5285 2973 5337 Deus
3002 5300 3064 5338 ex
3117 5285 3244 5338 Deo.
3301 5285 3413 5355 Ego
3457 5288 3649 5356 genui,
3703 5289 3791 5340 ille
3835 5293 3977 5356 geni-

2407 5362 2488 5405 tus
2531 5363 2612 5406 est
2645 5371 2657 5407 :
2691 5356 2827 5408 inter
2854 5371 2939 5408 tne
2979 5370 3103 5409 vero
3145 5365 3197 5408 et
3226 5356 3373 5409 illum
3417 5357 3543 5409 uilnl
3591 5369 3674 5410 est
3713 5359 3976 5414 medium:

2404 5438 2502 5491 ego
2560 5428 2713 5494 genui
2777 5436 2832 5478 ut
2893 5441 2976 5477 me
3033 5425 3186 5478 decet
3245 5428 3463 5494 gignere
3514 5438 3702 5481 natura
3767 5431 3918 5483 lieum
3964 5451 3975 5486 :

2408 5493 2744 5569 illogcuitns
2799 5505 2882 5569 est
2928 5500 3065 5548 sicut
3104 5493 3268 5549 decet
3305 5497 3452 5549 illum
3495 5499 3668 5567 gigni,
3717 5502 3802 5569 qui
3849 5501 3977 5556 Dens

2406 5563 2632 5616 Verbum
2684 5575 2785 5619 est.
2841 5567 3135 5618 Humanum
3189 5563 3572 5634 generatiOnis'
3599 5563 3831 5634 nomen,
3887 5573 3974 5627 sed

2403 5636 2623 5702 mystica
2676 5648 2755 5689 est
2814 5646 3065 5708 tempore
3104 5640 3347 5702 snperior
3404 5640 3692 5705 generatio.
3755 5641 3972 5708 'l‘empus

2402 5720 2506 5757 non
2545 5708 2689 5759 novit
2741 5706 3100 5775 generationis
3149 5723 3282 5762 meae
3332 5712 3641 5774 mysterimu
3684 5726 3695 5760 :
3746 5711 3841 5764 hoc
3886 5706 3972 5764 ne.

2401 5786 2571 5831 St'ltttll
2614 5776 2832 5847 (postea
2877 5778 3016 5832 cnim
3059 5777 3178 5832 facti
3235 5784 3393 5846 sunt)
3441 5781 3713 5834 cherubim
3756 5796 3801 5836 et
3837 5797 3962 5835 sua
