4176 6472
730 415 794 468 51
1437 484 1440 487 ι
2067 405 2317 463 srsors

2423 406 2656 464 EORUM
3936 409 4020 468 58

724 542 866 597 enim
912 540 997 594 illc
1047 536 1381 606 reliquiarum
1427 533 1559 588 adeo
1601 529 1898 600 frequenter
1937 528 2199 594 celebrat,
2248 538 2304 581 ιιι

729 634 858 687 nihil
890 649 950 685 ca
976 631 1041 683 de
1072 645 1129 682 re
1155 629 1298 681 dubii
1330 627 1575 696 supersit.

799 722 908 775 Nec
936 721 1110 772 minus
1150 720 1293 771 clare
1334 716 1563 783 loquitur
1599 711 1665 765 de
1704 710 2035 764 invocatione
2064 719 2112 762 et
2148 709 2308 761 inter-

729 811 971 862 cessione
1013 816 1314 859 sanctorum
1357 812 1411 856 et
1456 809 1768 870 martyrum.
1815 801 1945 853 Cum
1993 797 2305 851 Antmcbcni

729 900 951 951 adversa
984 895 1282 949 valetudine
1314 893 1613 960 laborantes
1633 891 1698 944 ad
1716 890 1955 954 Judtcos,
1989 890 2074 956 qui
2105 888 2309 956 pr:csti-

726 989 827 1055 giis
855 988 920 1040 ad
949 985 1162 1039 morbos
1189 983 1535 1051 dep‘ellendos
1576 982 1862 1034 utebantur
1880 1022 1894 1043 ,
1922 978 2272 1046 confugerent
2290 1018 2305 1041 ,

730 1086 787 1129 ut
825 1092 852 1128 a
886 1075 1070 1128 talibus
1112 1074 1230 1125 illos
1274 1081 1513 1134 avertat,
1565 1071 1647 1124 his
1689 1077 1874 1122 avocat
1920 1068 2100 1122 verbis
2128 1066 2310 1137 (Tomo

731 1169 960 1234 primo):
1011 1164 1236 1216 Proinde
1271 1173 1326 1215 tu
1381 1178 1599 1232 quoque,
1649 1162 1693 1213 si
1732 1161 1912 1212 videris
1962 1170 2007 1212 te
2065 1158 2234 1228 puniri
2280 1176 2311 1209 a

736 1256 840 1308 Deo
861 1296 873 1315 ,
917 1271 976 1306 ne
1015 1254 1275 1322 profugias
1301 1255 1368 1305 ad
1390 1254 1497 1320 ejus
1524 1250 1751 1303 inimicos
1775 1250 1985 1303 Judteos
2004 1291 2017 1313 ,
2064 1267 2127 1303 ne
2154 1250 2312 1318 magis

730 1346 880 1398 etiam
901 1346 1044 1398 illum
1066 1346 1117 1396 in
1139 1355 1186 1397 te
1207 1357 1473 1411 provoces;
1499 1343 1586 1395 sed
1605 1342 1671 1393 ad
1687 1342 1876 1393 amicos
1893 1342 2028 1393 illius
2045 1349 2308 1409 martyres,

731 1446 878 1505 atque
903 1446 1121 1498 sanctos,
1161 1437 1245 1500 qui
1274 1437 1347 1486 illi
1374 1435 1691 1498 placuerunt,
1723 1434 1903 1501 quique
1929 1431 2142 1483 multum
2173 1431 2311 1498 apud

733 1528 880 1580 illunt
918 1526 1097 1578 habent
1137 1525 1471 1577 auctoritatis.
1529 1524 1751 1576 Homilia
1800 1537 1932 1576 vero
1976 1522 2025 1574 in
2072 1528 2310 1574 sanctum

733 1615 995 1669 Meleti'um
1016 1613 1195 1683 (Tomo
1238 1615 1479 1681 secundo)
1504 1632 1513 1664 :
1540 1613 1749 1666 Oremus
1779 1613 1942 1676 itaque
1973 1627 2142 1664 onmes
2163 1611 2314 1663 simul

736 1715 838 1756 tant
867 1706 1208 1772 magistratus,
1237 1721 1385 1768 quam
1423 1704 1639 1772 privati,
1673 1713 1774 1754 tant
1799 1703 1925 1754 servi
1949 1719 2101 1770 quam
2137 1702 2310 1764 liberi,

736 1799 928 1848 beatum
976 1797 1141 1864 ipsum
1186 1795 1440 1848 Meletiunt
1480 1797 1660 1846 harant
1707 1811 1908 1862 precum
1946 1797 2136 1846 socium
2179 1795 2314 1845 acci-

738 1892 946 1955 pientes.
981 1888 1047 1940 Et
1075 1890 1197 1940 alibi
1228 1888 1522 1941 clarissime
1552 1886 1732 1955 (Tomo
1772 1887 1976 1955 quarto)
2005 1905 2016 1939 :
2044 1885 2108 1937 Id
2153 1888 2313 1938 scicn-

736 1989 809 2030 tes
831 2019 845 2042 ,
892 1979 1094 2040 dilecti,
1128 1979 1477 2046 confugiamus
1503 1980 1570 2029 ad
1593 1988 1879 2030 sanctorum
1906 1994 2100 2044 preces,
2135 1988 2179 2028 et
2211 1992 2321 2028 ore-

737 2083 848 2117 mus
868 2076 918 2116 ut
948 2083 1038 2133 pro
1066 2067 1205 2118 nobis
1226 2067 1554 2119 intercedant.
1588 2066 1692 2121 Sed
1730 2083 1828 2120 non
1868 2067 2072 2118 illorum
2095 2067 2319 2133 precibus

741 2165 930 2207 tantum
984 2158 1328 2222 conﬁdamus,
1361 2159 1448 2209 sed
1499 2167 1545 2210 et
1602 2159 1700 2225 ipsi
1741 2168 1947 2220 nostra,
1980 2167 2033 2210 ut
2089 2167 2310 2225 Oportet,

737 2246 1078 2310 dispensemus
1115 2257 1269 2307 recte,
1315 2256 1358 2298 et
1384 2247 1451 2298 ad
1479 2249 1688 2299 meliora
1715 2250 1930 2299 converti
1975 2248 2230 2308 nitamur,
2266 2256 2320 2297 ut

738 2335 900 2386 locum
928 2335 1101 2387 demus
1125 2338 1359 2398 orationi,
1389 2355 1498 2406 qua:
1528 2356 1616 2405 pro
1642 2340 1783 2391 nobis
1806 2340 2055 2407 funditur.
2079 2340 2190 2391 Alia
2217 2356 2319 2392 non

740 2437 904 2490 pauca
946 2425 1256 2490 proferenda
1303 2435 1675 2495 Sttppelet‘etll;
1720 2428 1811 2480 sed
1863 2429 1913 2481 in
1944 2444 2002 2482 re
2027 2429 2321 2482 certissima

742 2527 846 2564 non
869 2523 947 2565 est
969 2513 1163 2567 diutius
1188 2516 1597 2568 immorandum.

816 2602 1067 2656 Ecclesia:
1107 2606 1285 2658 multa:
1331 2607 1418 2658 illo
1457 2621 1569 2659 ξιξγο
1609 2608 1858 2676 martyria
1900 2607 2319 2674 appellabantur.

742 2691 1046 2760 Martyrium
1071 2709 1191 2746 vero
1215 2696 1364 2748 initio
1384 2697 1660 2749 ecclesiam
1685 2707 1972 2767 martyrum
1997 2697 2323 2765 significasse

744 2780 979 2844 videtur;
1002 2796 1064 2834 ac
1085 2797 1300 2850 semper
1323 2782 1650 2853 frequentius
1668 2801 1762 2854 pro
1779 2788 2003 2840 ecclesia
2027 2796 2320 2856 martyrum

741 2871 1034 2937 accipitur,
1085 2873 1178 2926 sed
1229 2889 1324 2938 pro
1377 2875 1495 2929 aliis
1545 2877 1703 2930 etiam
1761 2878 1999 2930 ecclesiis
2056 2893 2320 2930 nonnum-

742 2976 898 3029 quam
927 2962 1204 3017 adhibetur
1225 2963 1408 3033 (Tomo
1426 2967 1663 3019 secundo.
1705 2965 1828 3020 Vide
1851 2978 2021 3019 notam
2045 2979 2089 3020 et
2112 2968 2324 3021 Glossa-

743 3054 872 3105 rium
918 3053 1095 3125 Cangii
1144 3055 1636 3127 Greco-Latinum).
1689 3060 1783 3113 lllo
1827 3068 2001 3112 autem
2049 3077 2164 3112 a:vo
2214 3071 2321 3112 tum

743 3144 987 3198 ecclesiis
1008 3185 1022 3209 ,
1058 3154 1166 3198 tum
1209 3148 1477 3218 martyriis
1525 3163 1747 3217 magnus
1776 3149 2126 3204 exhibebatur
2157 3150 2324 3202 honor

743 3243 798 3286 et
836 3236 1150 3288 reverentia.
1193 3235 1323 3290 Cum
1374 3239 1424 3290 in
1459 3240 1742 3292 ecclesiam
1791 3239 2086 3302 intrarent,
2137 3254 2325 3292 manus

743 3323 1065 3389 abluebant,
1119 3326 1350 3393 itemque
1398 3337 1681 3395 antequam
1733 3339 2075 3396 precarentur
2126 3328 2324 3398 (Tomo

745 3413 940 3481 octavo)
971 3431 982 3464 :
1012 3414 1440 3478 Quemadmodum
1475 3419 1627 3482 enim,
1679 3419 1878 3488 inquit,
1909 3421 2112 3473 solenne
2148 3432 2218 3473 est
2272 3431 2326 3473 ut

744 3507 908 3571 {vrttes
954 3516 1137 3572 prtesto
1171 3507 1270 3559 sint
1307 3519 1421 3560 ante
1467 3510 1720 3574 oratoria,
1756 3519 1807 3560 ut
1862 3512 2125 3564 adoraturi
2164 3513 2324 3566 Deum

746 3609 924 3644 manus
964 3595 1102 3660 prius
1131 3594 1259 3649 latas
1289 3597 1418 3650 inter
1433 3600 1748 3663 precandum
1773 3601 2008 3653 attollant
2035 3617 2053 3654 :
2078 3603 2148 3653 ita
2197 3619 2327 3670 pau-

744 3698 884 3748 peres
939 3684 1154 3750 fontium
1192 3684 1293 3737 vice
1341 3696 1456 3740 ante
1505 3690 1637 3756 fores
1693 3689 2060 3742 collocaverunt
2110 3693 2326 3759 majores

742 3774 900 3823 nostri
912 3789 931 3835 ;
968 3782 1019 3824 ut
1059 3774 1478 3842 quemadmodum
1528 3794 1704 3831 manus
1761 3778 2015 3833 abluimus
2055 3798 2220 3852 aqua,
2252 3783 2326 3835 sic

753 3862 893 3927 prius
935 3878 1023 3930 per
1067 3865 1439 3931 beneﬁcentiam
1478 3869 1700 3920 abstersa
1733 3871 1922 3934 anima,
1977 3881 2082 3922 tum
2124 3871 2323 3923 dentunt

745 3967 915 4018 preces
983 3962 1179 4004 nostras
1231 3952 1526 4018 offeramus.
1579 3956 1633 4009 In
1679 3949 1826 4010 more
1864 3969 1975 4012 crat
2029 3959 2226 4024 etiam,
2270 3969 2326 4013 ut

743 4040 832 4107 qui
864 4043 914 4093 in
961 4044 1238 4096 ecclesiam
1287 4046 1544 4099 intrarent
1587 4048 1701 4114 ejus
1727 4050 1982 4102 vestibula
2015 4051 2324 4104 oscularen-

745 4141 845 4182 tur.
894 4131 1032 4184 lntra
1075 4135 1353 4187 ecclesiam
1399 4151 1525 4190 vero
1565 4138 1816 4191 mulieres
1845 4140 2034 4192 tabulis
2066 4141 2253 4209 ligneis
2296 4158 2324 4193 a

746 4221 874 4278 viris
914 4223 1600 4294 sequestrabanturzquam
1643 4243 1754 4280 rem
1803 4243 1830 4278 a
1883 4231 2171 4297 majoribus
2197 4247 2326 4284 eon-

743 4311 979 4364 stitutam
1030 4313 1097 4364 ita
1144 4313 1344 4380 profert
1373 4315 1988 4385 Chrysostomus(Tomo
2033 4316 2318 4390 ’septimo):

746 4401 1010 4472 Oporteret
1035 4406 1201 4473 utique
1233 4407 1368 4470 intus
1393 4425 1498 4461 esse
1538 4426 1737 4460 murum
1775 4411 1859 4476 qui
1902 4427 1985 4463 vos
2014 4428 2044 4462 α
2099 4411 2325 4464 ιηιιιὶιτὶ-

741 4493 835 4545 bus
862 4498 1360 4564 sequestraret:quia
1402 4513 1514 4548 vero
1559 4499 1612 4548 id
1644 4515 1757 4577 ,τιοη
1803 4500 1970 4564 vultis,
1992 4502 2324 4553 necessarium

741 4599 846 4637 esse
890 4595 1131 4654 putarunt
1182 4597 1345 4654 patres
1395 4590 1572 4653 nostri,
1593 4600 1644 4641 ut
1693 4590 1869 4642 saltem
1915 4592 2093 4660 ligneis
2140 4593 2324 4645 tabulis

741 4690 824 4728 vos
844 4693 1208 4745 separaremus.
1245 4677 1310 4731 Ut
1338 4697 1369 4731 a
1413 4683 1687 4734 senioribus
1729 4698 1818 4750 ego
1855 4684 2050 4746 audivi,
2095 4688 2234 4737 initio
2272 4686 2324 4737 hi

742 4770 953 4834 parietes
979 4785 1078 4820 non
1107 4771 1261 4838 fuere.

813 4858 943 4912 Item
980 4860 1298 4928 singularem
1345 4863 1498 4915 docet
1525 4864 1934 4933 Chrysostomus
1962 4867 2099 4935 quod
2130 4884 2321 4935 nempe

741 4952 791 5002 in
822 4952 1086 5020 mysteriis
1107 4951 1390 5006 Christiani
1407 4955 1722 5009 Antiocheni
1745 4971 1802 5009 se
1824 4967 2004 5009 mutuo
2028 4959 2319 5027 amplecte-

741 5054 923 5096 rentur
955 5045 1132 5112 (Tomo
1188 5051 1413 5117 octavo);
1446 5059 1500 5102 ut
1553 5051 1702 5103 multi
1750 5067 1911 5103 uttunt
1958 5051 2314 5117 efficerentur,

737 5144 897 5202 atque
936 5151 1245 5192 communes
1276 5154 1460 5208 preces
1491 5141 1771 5196 funderent
1804 5157 1898 5210 pro
1926 5160 2030 5196 non
2061 5145 2277 5198 initiatis
2301 5188 2315 5211 ,

739 5239 834 5290 pro
860 5224 1100 5290 infirmis,
1126 5243 1220 5295 pro
1246 5230 1389 5283 orbis
1410 5229 1691 5297 fructibus,
1724 5249 1818 5301 pro
1844 5245 2003 5299 terra,
2035 5250 2130 5304 pro
2163 5237 2314 5289 mari.

737 5313 935 5371 Morem
974 5326 1147 5370 autem
1197 5328 1464 5382 Vclt‘rettt,
1515 5336 1668 5389 quem
1716 5324 2014 5377 mirabilem
2065 5324 2212 5387 dicit,
2268 5326 2317 5378 in

736 5405 1049 5460 memoriam
1090 5420 1302 5462 revocat
1349 5410 1534 5479 (Tomo
1565 5415 1730 5479 tertio)
1765 5415 1968 5468 :Coacti
2005 5426 2202 5475 autem,
2242 5416 2318 5467 in-

734 5511 864 5564 quit,
897 5507 1015 5550 tunc
1043 5500 1215 5566 ﬁdeles
1243 5518 1412 5556 onmes
1456 5513 1566 5569 post
1605 5506 1829 5556 auditant
1869 5507 2170 5572 doctrinam,
2211 5517 2318 5574 post

735 5589 1020 5654 orationes,
1077 5603 1186 5659 post
1233 5596 1579 5661 mysteriorum
1629 5597 2100 5664 participationem,
2151 5598 2316 5650 soluta

740 5683 947 5749 synaxi,
983 5699 1086 5737 non
1119 5685 1288 5736 statim
1315 5687 1515 5737 domum
1546 5688 1912 5751 concedebant;
1951 5690 2036 5741 sed
2067 5689 2242 5742 divites
2272 5701 2316 5740 et

733 5773 1100 5838 opulentiores,
1144 5776 1378 5828 alimenta
1414 5787 1459 5830 et
1494 5778 1686 5846 fercula
1727 5795 1752 5832 e
1789 5781 2014 5833 donabas
2053 5783 2155 5834 suis
2184 5781 2311 5847 ale-

2411 539 2573 582 rentes
2596 570 2608 588 ,
2644 543 2886 598 pauperes
2916 524 3244 588 advocabant,
3275 523 3621 593 communique
3644 523 3796 577 simul
3823 539 4026 579 mensa

2413 621 2736 687 fruebantur,
2773 618 3114 670 communibus
3153 615 3316 683 epulis
3354 624 3499 684 atque
3535 616 3769 668 conviviis
3799 615 3850 668 in
3885 631 4022 676 ipsa

2412 712 2639 763 ecclesia.
2671 713 2752 764 Ait
2790 727 2944 778 porr»
2975 709 3315 763 celebritates
3360 707 3475 760 illas
3517 706 3572 760 in
3623 706 3849 762 meridie
3877 705 4017 776 ple—

2415 817 2640 870 rumque
2666 802 2817 854 solvi.

2490 893 2561 944 De
2594 892 2872 960 principuis
2901 906 2994 960 per
3024 906 3217 943 annum
3267 890 3455 944 diebus
3495 887 3640 944 festis
3682 904 3787 942 non
3830 891 4021 941 semel

2415 984 2524 1048 agit
2562 985 2748 1036 doctor
2795 994 2993 1035 noster.
3046 983 3118 1034 De
3162 982 3319 1035 natali
3364 997 3489 1035 vero
3532 981 3619 1033 die
3656 978 3851 1032 Christi
3887 976 4025 1031 hinc

2418 1084 2596 1127 narrat
2646 1074 2696 1126 in
2752 1074 3006 1125 concione
3056 1088 3210 1141 quant
3264 1071 3446 1124 habuit
3498 1085 3638 1123 anno
3688 1068 4018 1122 38tizillam

2419 1179 2608 1231 nempe
2635 1164 3005 1217 solemnitatem
3052 1179 3219 1231 nuper
3247 1177 3309 1214 ac
3337 1160 3567 1213 nondum
3594 1160 3790 1227 elapsis
3813 1157 4022 1211 decem

2418 1253 2572 1304 annis
2601 1254 2667 1305 ab
2694 1253 2999 1314 Occidente,
3035 1253 3120 1304 ubi
3149 1252 3216 1303 ab
3245 1251 3467 1304 exordio
3495 1250 3762 1303 celebrata
3796 1249 3982 1300 fuerat
4002 1288 4019 1307 ,

2419 1343 2752 1396 Antiochiam
2808 1344 3018 1396 allatam
3077 1343 3238 1396 fuisse
3288 1341 3486 1405 (Tomo
3539 1340 3819 1408 secundo).
3865 1337 4021 1404 Quia

2417 1449 2546 1487 vero
2593 1434 2802 1502 plurimi
2831 1435 2970 1487 diem
3012 1433 3202 1487 festum
3252 1431 3551 1501 hujusmodi
3596 1432 3744 1499 quasi
3801 1444 4022 1484 novum

2419 1539 2480 1577 ac
2534 1541 2701 1593 nuper
2747 1525 3018 1578 inductum
3048 1524 3431 1584 detrectabant,
3453 1524 3632 1575 multis
3677 1521 4029 1589 argumentis

2420 1615 2606 1682 probat
2651 1616 2737 1668 ille
2787 1615 3015 1667 natalem
3046 1614 3241 1667 Christi
3297 1614 3348 1666 in
3399 1613 3704 1681 vigesimam
3762 1610 4021 1680 quintam

2423 1703 2725 1757 Decembris
2753 1705 3004 1756 incidere.
3030 1703 3248 1756 Veteres
3278 1714 3451 1754 tamen
3476 1701 3709 1770 Egyptii
3736 1711 3789 1754 et
3812 1701 4028 1754 Orien-

2423 1795 2556 1848 tales
2587 1811 2802 1856 omues,
2838 1806 2893 1848 ut
2923 1810 3147 1848 concors
3191 1796 3426 1849 onmium
3483 1793 3744 1848 sententia
3789 1801 3910 1858 est,
3944 1793 4029 1846 si-

2422 1885 2530 1937 tnul
2564 1886 2871 1952 Epiphania:
2903 1884 3205 1952 Natalisque
3234 1884 3440 1938 Domini
3473 1882 3662 1936 festum
3708 1882 3794 1936 die
3845 1893 4020 1935 sexta

2422 1972 2655 2027 Januarii
2685 1974 3054 2027 celebrabant:
3080 1983 3133 2025 at
3161 1974 3300 2026 circa
3345 1972 3575 2026 medium
3622 1972 3800 2026 sseculi
3826 1974 4022 2038 quarti

2426 2065 2626 2117 invecta
2645 2064 2857 2117 easdem
2882 2064 2934 2116 in
2957 2066 3198 2131 regiones
3215 2062 3543 2117 consuetudo
3565 2062 3660 2115 fuit
3682 2073 3735 2114 ιιι
3756 2062 4027 2130 vigesima

2423 2157 2601 2223 quinta
2632 2154 2936 2207 Decembris
2967 2154 3193 2206 natalem
3242 2152 3382 2206 diem
3427 2151 3779 2206 celebrarent.
3816 2151 4028 2204 Verum

2426 2247 2649 2315 priscam
2680 2247 2822 2299 illam
2857 2245 3296 2298 consuetudinem
3323 2243 3388 2296 ad
3420 2253 3630 2296 aetatem
3664 2258 3829 2311 usque
3858 2256 4028 2295 suam

2427 2337 2478 2389 in
2510 2336 2744 2389 Ecclesia
2775 2335 3216 2404 Jerosolymitana
3240 2335 3478 2387 obtinere
3509 2335 3657 2385 testis
3683 2343 3764 2385 est
3791 2330 4032 2385 Cosmas

2427 2428 2740 2496 Algyptius,
2793 2441 2948 2494 quem
2992 2426 3252 2478 edidimus
3291 2439 3431 2476 anno
3481 2424 3618 2476 I706
3644 2442 3655 2475 :
3682 2422 4032 2490 idipsumque

2426 2520 2703 2573 confirmat
2738 2517 2968 2570 Joannes
2999 2515 3276 2576 Nicccnus,
3311 2515 3439 2566 dum
3483 2515 3551 2566 ait
3584 2529 3893 2566 asseverare
3924 2513 4029 2566 Je-

2427 2610 2872 2676 rosolymitanos,
2920 2607 3176 2660 Jacobmn
3226 2607 3441 2659 fratrem
3495 2605 3730 2666 Domini,
3784 2605 4028 2673 primum

2426 2697 2880 2768 Jerosolymorum
2909 2699 3213 2764 episcopum
3240 2736 3254 2758 ,
3294 2695 3360 2749 ad
3393 2696 3620 2748 natalem
3649 2695 3845 2748 Christi
3875 2695 4031 2750 cele-

2431 2789 2686 2841 brandam
2714 2789 2950 2841 Januarii
2983 2797 3187 2841 sextum
3221 2787 3362 2840 diem
3394 2787 3764 2855 assignaviSse.
3809 2821 3815 2826 -

2505 2878 2697 2933 Verum
2741 2878 2830 2932 diu
2875 2888 2997 2932 ante
3041 2879 3090 2930 in
3137 2879 3523 2931 Antiochenam
3584 2877 3876 2929 Ecclesiam
3933 2878 4026 2931 in-

2428 2977 2609 3021 vectus
2641 2968 2810 3021 fuerat
2837 2968 2968 3020 ritus
2998 2967 3301 3021 celebrandi
3349 2967 3577 3019 natalem
3607 2965 3801 3019 Christi
3833 2967 3922 3020 die
3952 2969 4029 3021 25

2432 3059 2756 3112 Decembris.
2786 3059 2871 3111 Ait
2898 3059 3040 3111 enim
3073 3058 3159 3111 ille
3186 3057 3409 3110 Homilia
3440 3059 3490 3110 in
3522 3058 3577 3110 S.
3608 3058 3983 3126 Philogonium
4009 3075 4025 3113 :

2429 3148 2612 3220 (Tomo
2643 3148 3062 3218 primo):1nstat
3099 3150 3228 3201 enim
3265 3154 3466 3216 festum,
3505 3150 3728 3200 omnium
3775 3150 4026 3215 festorum

2428 3241 2647 3318 maxime
2687 3240 3026 3291 venerandum
3073 3248 3219 3306 atque
3265 3239 3573 3291 tremendum
3602 3255 3618 3291 :
3643 3239 3778 3308 quod
3822 3240 3864 3290 si
3903 3240 4028 3305 quis

2429 3331 2647 3400 appellet
2681 3332 2906 3383 omnium
2958 3335 3197 3400 festorum
3246 3331 3580 3398 metrOpolin,
3626 3330 4028 3398 haudquaquam

2427 3421 2638 3475 aberret.
2668 3421 2936 3484 Quodnam
2967 3431 3131 3472 autem
3163 3420 3256 3472 hoc
3284 3421 3392 3474 est?
3417 3420 3602 3473 Christi
3633 3421 3685 3471 in
3715 3436 3866 3472 carne
3902 3419 4025 3471 Na-

2431 3514 2563 3564 talis.
2587 3513 2656 3564 Ab
2681 3512 2772 3564 hoc
2793 3522 2961 3564 autem
2992 3513 3170 3580 festum
3207 3509 3609 3580 Epiphaniorum
3638 3509 3711 3561 vel
3733 3507 4022 3576 Theopha-

2431 3605 2653 3664 niorum,
2686 3618 2888 3654 sacrum
2919 3600 3121 3654 Pascha
3142 3641 3155 3661 ,
3187 3601 3423 3654 Ascensio
3473 3609 3517 3652 et
3547 3599 3836 3652 Pentecoste
3860 3599 4029 3668 origi-

2429 3710 2541 3746 nem
2586 3709 2647 3745 ac
2695 3693 3078 3762 fundamentum
3125 3694 3334 3744 ducunt.
3388 3690 3509 3744 Nisi
3555 3692 3686 3744 enim
3737 3690 4026 3744 secundum

2427 3799 2628 3835 carnem
2651 3792 2799 3834 natus
2826 3792 2949 3834 esset
2972 3779 3222 3845 Christus,
3247 3798 3346 3834 non
3367 3781 3647 3849 baptizatus
3668 3781 3874 3850 fuisset;
3897 3795 4025 3832 nam

2427 3876 2480 3927 id
2505 3879 2687 3944 festum
2714 3871 3162 3942 Theophaniorum
3189 3883 3256 3925 est
3277 3889 3295 3924 :
3318 3889 3632 3941 nequaquam
3658 3873 3830 3941 [uisset
3853 3873 4028 3924 cruci-

2429 3965 2593 4030 ﬁxas,
2633 3964 2767 4031 quod
2807 3974 2876 4015 est
2905 3964 3086 4027 festum
3112 3961 3324 4016 Paschw
3351 3978 3368 4015 :
3393 3979 3492 4015 non
3521 3962 3732 4014 misisset
3763 3960 4024 4028 Spiritum

2428 4063 2677 4117 sanctum,
2709 4053 2845 4120 quod
2866 4064 2936 4105 est
2959 4053 3140 4120 festum
3163 4052 3499 4105 Pentecostes.
3523 4056 3527 4064 '

2502 4143 2626 4196 Post
2665 4142 2902 4196 Natalem
2966 4157 3092 4210 ergo
3143 4143 3338 4194 Christi
3382 4143 3497 4194 dies
3542 4140 3878 4210 Epiphaniae,
3921 4157 4021 4197 seu

2428 4233 2892 4302 Theotihaniorum
2943 4231 3102 4301 (nam
3153 4243 3376 4298 utroque
3424 4232 3637 4284 nomine
3689 4230 4021 4300 appellatur)

2429 4342 2620 4395 magno
2667 4325 2807 4378 cultu
2855 4323 3116 4376 celebrari
3162 4324 3385 4375 solebat.
3419 4323 3511 4375 Illo
3555 4322 3640 4375 die
3687 4322 4019 4390 baptismatis

2426 4419 2622 4471 Christi
2653 4432 2864 4484 quoque
2894 4416 3085 4467 festum
3120 4415 3401 4481 agebatur,
3449 4424 3501 4466 et
3530 4414 3594 4466 ad
3637 4415 4015 4483 mysteriorum

2429 4509 2882 4577 participationem
2901 4506 3292 4559 advocabuntur
3320 4505 3502 4558 fideles
3524 4519 3710 4558 omnes
3735 4504 3821 4574 (T.
3855 4508 4018 4558 unde-

2426 4600 2556 4651 cimo
2586 4600 2624 4667 ).
2657 4596 2732 4660 De
2763 4597 3032 4650 Paschalis
3064 4595 3197 4648 festo
3223 4597 3464 4665 quantam
3497 4610 3655 4663 supra
3683 4595 3811 4648 dicit
3836 4594 4011 4665 Chry-

2428 4698 2695 4742 sostomus
2725 4703 2840 4756 qua:
2873 4687 3226 4754 explicatione
3255 4700 3389 4754 opus
3416 4685 3611 4739 habent
3634 4685 3718 4739 :Si
3745 4684 4010 4747 Christus,

2426 4782 2614 4850 inquit,
2645 4782 2935 4834 secundum
2962 4796 3176 4832 carnem
3208 4788 3360 4832 natus
3387 4793 3491 4831 non
3512 4787 3672 4844 esset,
3699 4794 3801 4831 non
3827 4776 4015 4832 fuisset

2424 4874 2726 4937 crucifixus,
2757 4873 2896 4942 quod
2920 4882 3002 4924 est
3023 4871 3240 4925 Pascha.
3265 4871 3428 4936 Queis
3450 4869 3749 4937 significare
3777 4868 4009 4930 videtur,

2423 4964 2693 5018 Christum
2749 4966 2798 5016 in
2849 4965 2935 5015 die
2990 4962 3261 5016 Paschalis
3310 4961 3619 5013 crucifixum
3676 4959 3856 5012 fuisse.
3911 4957 4011 5012 Ubi

2423 5057 2814 5111 observandum
2850 5055 2973 5107 illud
3006 5065 3087 5108 est
3113 5097 3126 5115 ,
3159 5053 3299 5123 quod
3332 5055 3382 5105 in
3411 5051 3639 5104 secunda
3665 5060 3813 5118 parte
3839 5049 4009 5101 octavi

2425 5151 2549 5201 tomi
2582 5148 2813 5200 diximus
2841 5147 2889 5197 in
2920 5147 3113 5197 Monito
3159 5144 3225 5197 ad
3266 5158 3568 5196 sermonem
3601 5141 3666 5194 de
3711 5141 4009 5204 Paschate.

2421 5253 2577 5307 quem
2602 5237 2739 5290 inter
2758 5237 2932 5308 spuria
2954 5237 3242 5313 locavimubs
3270 5233 3450 5304 (Tomo
3472 5232 3732 5294 octavo,in
3758 5231 4005 5300 Spuriis).

2421 5331 2663 5398 Scriptor
2687 5331 2828 5384 enin:
2861 5329 2949 5381 ille
2979 5330 3186 5382 videtur
3211 5328 3430 5380 omnino
3456 5326 3784 5394 distinguere
3808 5324 4008 5377 Pascha

2422 5436 2450 5472 a
2485 5422 2751 5473 Dominica
2780 5419 3225 5472 Rcsurrectionis.
3269 5418 3452 5486 Neque
3481 5416 3639 5468 modo
3666 5417 3718 5468 in
3746 5414 3966 5469 Oriente
3991 5453 4006 5477 ,

2422 5513 2511 5566 sed
2568 5512 2825 5565 etiamin
2892 5511 3178 5564 Occidente
3248 5511 3401 5561 talem
3473 5507 3636 5561 fuisse
3706 5507 4006 5560 distinctio-

2423 5619 2542 5655 nem
2593 5604 2967 5672 comperimus.
2998 5601 3283 5670 Gregorius
3335 5600 3477 5653 euim
3523 5597 3884 5661 Turonensis,
3914 5610 4004 5648 or-

2421 5694 2597 5745 dinem
2646 5710 2673 5745 a
2716 5695 2977 5762 Perpetuo
3016 5704 3354 5746 antecessore
3411 5705 3510 5743 suo
3559 5699 3814 5743 statutum
3865 5687 4003 5740 refe-

2423 5799 2567 5851 rt-ns,
2612 5785 3072 5840 llcsttrrcctionem
3128 5783 3337 5838 Domini
3393 5781 3542 5853 prius
3589 5796 3746 5851 quam
3805 5778 4002 5833 Pascha
