4176 6462
180 399 236 449 δυ
925 409 1094 479 eum
1134 409 1201 466 IN
1237 409 1576 468 ornamus
1613 407 2096 467 cnuvsosront
2135 410 2666 470 onstattVANTun.
3396 410 3464 463 oo

181 520 474 574 celebratam
503 521 725 576 exhibet
754 520 856 575 hoc
885 531 1043 591 pacto
1067 521 1087 593 (
1103 520 1250 592 Greg.
1281 519 1474 574 Turon.
1505 540 1557 589 p.
1589 520 1748 585 551):

235 611 382 664 Sexto
417 611 680 674 Calendas
716 611 911 681 Aprilis
945 613 1325 665 Resurrectione
1360 612 1566 664 Domini
1595 612 1754 664 nostri

181 704 281 754 issu
307 704 517 769 Christi,
551 705 622 755 ad
645 703 921 758 Basilicam
950 703 1137 756 Domni
1165 701 1399 756 Martini.

241 793 452 854 Pascha,
486 798 540 847 in
576 795 823 849 Ecclesia.

238 887 325 937 Die
351 886 682 939 Ascensienis
709 887 759 938 in
790 885 1015 938 Basilica
1044 883 1227 937 Domni
1255 883 1483 936 Martini.

239 978 326 1033 [‘bi
366 987 522 1031 notat
567 977 880 1031 Rninartius
925 987 1143 1030 noster:
1171 974 1376 1030 Festum
1425 973 1690 1027 Paschalis
1728 991 1759 1026 a

176 1072 289 1136 {este
314 1067 721 1122 Resurrectienis
747 1067 1078 1137 distinguitur
1106 1067 1158 1118 in
1188 1066 1543 1118 vetustioribus
1567 1063 1761 1119 Kalen-

179 1161 334 1221 aariis,
354 1159 441 1210 ubi
463 1158 875 1211 Resurrectienis
892 1158 1074 1226 festum
1101 1157 1182 1210 die
1199 1157 1268 1209 27
1299 1155 1470 1218 Μαι-ιἱὶ
1487 1155 1761 1217 recolitur;

183 1247 364 1300 l’asclsa
399 1258 594 1312 autem,
640 1256 694 1299 ut
731 1263 906 1300 omnes
935 1255 1152 1310 norunt,
1200 1261 1292 1314 pro
1340 1246 1583 1299 varietate
1627 1246 1765 1298 luna:

180 1353 355 1406 u’tttptr
395 1339 714 1390 celebratum
754 1338 807 1389 in
851 1335 1082 1391 Ecclesia
1126 1337 1240 1408 fuit.
1289 1338 1371 1390 An
1417 1336 1544 1405 quid
1587 1336 1764 1390 simile

182 1436 402 1497 trtupore
451 1429 832 1499 Chrysostomi
873 1431 1215 1482 observatum
1264 1429 1562 1482 Antiochia:
1608 1427 1765 1481 fuerit

183 1520 376 1572 \ideant
419 1521 642 1571 eruditi.
697 1519 846 1572 Diem
900 1534 1029 1571 vero
1082 1519 1310 1571 natalem
1361 1518 1560 1572 Christi
1610 1527 1763 1571 vocat

181 1626 322 1679 supra
369 1611 796 1681 Cbrysostomus
843 1611 1158 1679 metropolin
1206 1610 1460 1665 festorum
1496 1629 1508 1664 :
1542 1612 1594 1665 in
1649 1612 1765 1664 loco

181 1703 324 1751 cnsui
377 1716 544 1768 supra
596 1711 894 1755 memorato
943 1701 1296 1755 Pentecosten
1351 1717 1562 1770 quoque
1611 1711 1767 1756 vocat

183 1793 490 1859 metropolin
544 1792 805 1846 festorum
839 1809 852 1843 :
885 1792 979 1845 sed
1036 1793 1154 1846 talis
1210 1793 1497 1863 appellatio
1555 1794 1767 1868 utrique

181 1895 475 1950 competere
497 1894 696 1952 potest,
721 1886 843 1953 quia
869 1884 989 1938 dies
1019 1885 1207 1938 natalis
1231 1895 1313 1938 est
1339 1867 1765 1951 fundamentum,

184 1975 486 2031 Pentecoste
516 1993 646 2030 vero
671 1978 1120 2047 complementum
1151 1978 1427 2034 festorum.

246 2069 589 2122 Detliaconis
636 2071 776 2139 loqui
827 2069 1076 2133 videtur,
1128 2071 1339 2140 quando
1379 2071 1509 2126 dicit
1554 2071 1768 2126 illorum

184 2159 403 2212 cilicium
429 2175 572 2222 esse,
604 2169 661 2213 ut
690 2160 960 2229 improbos
987 2170 1041 2214 et
1067 2163 1238 2229 palam
1268 2162 1529 2217 scelestos
1553 2172 1771 2217 arceant

185 2265 211 2302 ι
236 2253 638 2321 participatione
681 2254 924 2321 corporis
968 2263 1021 2307 et
1057 2255 1330 2324 sanguinis
1363 2255 1559 2309 Christi
1589 2255 1771 2326 (Temo

187 2344 428 2412 quinm).
459 2345 729 2412 Additque
776 2346 897 2399 illos
940 2347 1116 2399 tunica
1185 2347 1304 2400 alba
1353 2357 1408 2401 et
1458 2348 1772 2417 splendente

188 2437 394 2488 sanctos
423 2436 475 2487 in
506 2436 737 2488 ecclesia
764 2437 1010 2490 circuire.
1042 2436 1244 2491 Caitera
1272 2453 1392 2506 quae
1421 2438 1486 2491 ad
1516 2439 1772 2494 diaconos

188 2527 486 2592 ιριιςυιιιιιηι
512 2541 636 2578 mox
666 2525 994 2592 adferemus,
1027 2529 1115 2581 ubi
1145 2529 1214 2582 de
1238 2529 1498 2598 Liturgia.

251 2618 630 2672 Caterhumeni
699 2619 789 2688 qui
867 2619 1129 2689 Mysteriis
1187 2621 1774 2693 initiabatttur(Tomo

190 2717 355 2772 neue),
375 2709 427 2760 in
457 2710 682 2778 mystica
713 2710 1018 2777 precatione
1051 2711 1163 2764 [nec
1187 2727 1360 2779 pruno
1387 2713 1545 2767 verba
1593 2714 1774 2783 profe—

191 2800 363 2853 rebant
387 2821 398 2852 :
433 2800 457 2853 1
467 2819 498 2853 n
527 2817 628 2868 que
648 2802 925 2855 clamamus
945 2843 961 2866 ,
1001 2804 1137 2856 Abba
1171 2813 1314 2875 pater
1342 2803 1524 2872 (Temo
1555 2805 1772 2874 octauo).

189 2891 310 2945 Cum
341 2895 354 2944 i
380 2894 689 2946 :itialnntur
706 2903 909 2957 autem,
938 2895 1052 2949 lucc
1083 2908 1232 2963 pacta
1258 2913 1379 2949 eum
1409 2898 1776 2953 sacerdotibus

191 2982 382 3035 inibant
407 3001 418 3033 :
450 2983 665 3036 Satana:
689 2993 744 3038 et
771 2985 973 3054 angelis
1007 2986 1120 3052 ejus
1148 2978 1619 3053 abrenuntiabant,‘
1649 3004 1778 3057 pro-

192 3071 569 3141 mittebanth
594 3088 655 3127 se
692 3073 757 3124 ad
802 3074 923 3127 illos
965 3090 1252 3143 numquam
1282 3091 1402 3130 esse
1441 3077 1772 3132 deﬂexuros.

193 3163 518 3232 Quapropter
545 3165 795 3218 mulieres
823 3175 877 3220 et
909 3168 1130 3234 parvuli,
1166 3177 1432 3222 utcontra
1464 3169 1664 3223 diaboli
1697 3171 1778 3224 in-

193 3254 344 3308 sidias
376 3257 427 3307 in
456 3265 568 3308 tuto
591 3266 804 3320 essent,
843 3257 1112 3324 evangelia
1140 3273 1170 3310 e
1195 3258 1334 3311 collo
1357 3260 1772 3328 suspendebant,

195 3353 340 3413 atque
370 3346 435 3397 ad
468 3346 726 3415 majorem
756 3346 1055 3401 custodiam
1083 3349 1280 3418 ubique
1306 3350 1776 3408 circumferebant.

195 3435 368 3502 (Temo
395 3440 640 3506 secundo)
652 3480 666 3493 .

260 3531 465 3586 Recens
497 3535 634 3586 natis
663 3536 841 3603 pueris
880 3537 946 3590 ad
985 3537 1191 3592 libitum
1237 3549 1514 3610 parentum
1565 3540 1780 3594 nomina

197 3623 644 3691 intponebantur:
696 3629 909 3696 quidam
941 3640 1284 3699 sanctorum,
1330 3633 1418 3686 alii
1459 3649 1680 3690 avorum
1727 3643 1781 3688 et

198 3728 511 3778 proavorum
555 3717 767 3771 nomina
803 3720 1088 3786 indebant,
1121 3724 1204 3778 vel
1248 3739 1434 3777 eorum
1464 3726 1554 3795 qui
1583 3741 1781 3795 genere

198 3804 315 3857 clari
364 3804 575 3860 fuerant
619 3807 814 3879 (Temo
863 3809 1090 3883 quarto).
1141 3813 1340 3868 Verum
1390 3814 1634 3870 hortatur
1663 3819 1780 3870 An-

199 3896 466 3953 tiochenos
532 3899 979 3971 Chrysostomus,
1030 3915 1083 3958 ut
1143 3914 1448 3961 sanctorum
1516 3908 1606 3977 qui
1669 3910 1779 3964 vir-

202 3990 394 4043 tutibus
439 3991 704 4047 fulserunt
743 3994 864 4048 ﬁliis
911 3997 1122 4052 nomina
1167 3999 1420 4054 tribuant.
1463 3999 1597 4056 lllttd
1649 4017 1780 4056 vero

201 4081 387 4134 [aetum
429 4081 851 4152 deprehenditur
889 4086 940 4139 in
981 4079 1233 4143 Encomio
1271 4090 1327 4146 S.
1361 4091 1585 4157 Meletii,
1630 4103 1780 4148 antc-

199 4183 348 4237 quam
391 4171 493 4224 hoc
532 4175 811 4229 consilium
862 4177 1078 4233 daretur
1118 4180 1318 4252 (Temo
1347 4184 1608 4256 secunde).
1642 4184 1781 4238 Nam

196 4277 305 4314 cum
353 4266 509 4332 ειιηι(
542 4266 837 4338 Μειειὶιιιιι)
871 4286 902 4321 a
953 4271 1198 4340 principio
1220 4314 1233 4337 ,
1265 4273 1468 4342 inquit,
1506 4274 1558 4326 in
1611 4275 1785 4329 civita-

199 4367 290 4408 tein
345 4357 626 4426 ingressum
675 4363 1009 4429 accepissetis,
1051 4365 1389 4435 unusquisque
1431 4367 1598 4433 [ilium
1636 4384 1780 4420 suum

197 4447 303 4514 ejus
343 4450 545 4502 nomine
571 4452 892 4521 appellabat,
936 4473 1027 4525 per
1061 4458 1450 4525 appellationem
1490 4459 1783 4514 existimans

198 4552 248 4588 se
264 4538 316 4592 in
337 4539 542 4592 domum
562 4558 706 4595 suam
723 4552 948 4597 sanctum
973 4547 1308 4608 introducere.
1334 4549 1594 4619 missisque
1617 4553 1781 4620 patri-

199 4629 302 4690 ιω,
325 4633 431 4685 aris
452 4642 498 4684 et
524 4636 745 4701 proavis,
773 4649 955 4692 matres
980 4640 1108 4694 beati
1135 4641 1329 4696 Meletii
1355 4660 1534 4700 nomen
1556 4647 1785 4716 impene-

198 4721 309 4772 bent
338 4723 538 4788 liberis,
568 4742 693 4794 quas
718 4741 1032 4797 pepererant.

265 4814 377 4868 llos
407 4826 525 4869 erat
556 4821 870 4886 Antiochim,
897 4831 951 4876 ut
975 4823 1345 4880 adolescentes
1369 4827 1434 4882 ad
1458 4829 1780 4884 monasteria

201 4906 552 4970 mitterentur,
589 4922 643 4963 ιιι
670 4911 738 4965 ibi
769 4929 860 4981 per
888 4917 1151 4984 quoddam
1185 4929 1394 4988 tempus
1415 4923 1481 4976 ad
1510 4938 1688 4977 mores
1711 4925 1784 4978 in-

202 4995 502 5054 formandos
530 5002 785 5071 degerent
807 5005 987 5075 (Temo
1016 5011 1223 5079 primo).
1247 5013 1360 5080 Qua
1409 5013 1478 5068 de
1523 5032 1579 5070 re
1611 5015 1784 5088 Chry-

202 5099 499 5144 wstomus:
535 5090 674 5162 Ergo
699 5112 788 5147 nec
817 5097 948 5164 ﬁlios
977 5113 1174 5154 nostros
1211 5120 1241 5154 ιι
1275 5106 1455 5159 deserti
1493 5123 1778 5162 commora-

201 5187 328 5233 tione
353 5191 473 5236 ante
495 5191 691 5252 tempus
727 5186 1070 5270 abducamus;
1095 5193 1184 5245 sed
1211 5195 1438 5270 sinamus
1485 5197 1782 5267 disciplinas

202 5272 348 5328 altius
377 5277 618 5344 imprimi,
645 5267 920 5344 eMlantas
938 5282 1191 5338 radicibus
1218 5267 1434 5352 ﬁrmari.
1458 5287 1677 5344 Etiamsi
1695 5291 1783 5344 de-

202 5379 319 5424 cent.
344 5368 543 5421 etiamsi
561 5369 737 5440 viginti
757 5387 918 5425 annos
934 5373 985 5425 in
1005 5378 1309 5430 monasterio
1329 5380 1398 5433 ali
1428 5391 1655 5450 oporteat
1676 5425 1690 5443 ,
1723 5401 1785 5438 ne

205 5459 466 5525 turbentur,
486 5479 574 5515 nec
596 5480 808 5518 interere
825 5465 1101 5535 aﬁciamur
1112 5485 1132 5532 ;
1157 5481 1344 5540 quanto
1365 5476 1498 5526 enim
1521 5475 1711 5530 diutius
1731 5479 1784 5530 in

205 5555 454 5619 gymnasio
473 5555 851 5619 exercitabitur,
884 5567 1022 5612 tanto
1049 5563 1264 5631 majores
1293 5566 1602 5633 adipiscetur
1631 5570 1779 5622 vires.

270 5640 425 5697 Erant
461 5644 558 5699 illo
602 5658 725 5699 sevo
767 5645 1009 5714 virgines
1052 5647 1386 5707 Christiana:
1420 5656 1626 5722 multa,
1666 5674 1788 5728 quae

209 5748 289 5801 per
333 5743 495 5791 totam
546 5737 716 5791 vitam
774 5752 804 5794 a
851 5739 1053 5806 nuptiis
1103 5741 1462 5810 abstinerent,
1514 5763 1577 5802 ac
1617 5751 1787 5820 virgi-

207 5829 400 5888 nitatem
459 5837 789 5905 perpetuam
844 5828 1246 5898 profiterentur.
1301 5834 1781 5912 Constantinopoli

1869 533 1999 572 vero
2031 518 2250 588 quidam
2288 520 2528 588 virgines
2571 519 2865 575 nonnullas
2912 535 3100 576 secum
3134 517 3470 574 inducebant

1868 611 2112 677 donutut,
2145 615 2328 684 specie
2367 615 2612 683 quidem,
2662 625 2720 668 ut
2765 629 2865 668 ceu
2913 613 3114 668 fratres
3146 629 3271 666 cum
3308 629 3469 668 soro-

1866 704 2019 760 ribus
2054 713 2204 761 caste
2234 707 2505 772 viverent;
2551 709 2646 764 sed
2693 724 2755 763 ex
2799 708 2893 761 tali
2939 709 3226 762 consortio
3263 718 3468 777 quanta

1867 812 2183 870 parerentur
2208 805 2366 868 mala,
2389 806 2526 860 haud
2557 806 2772 862 difﬁcile
2799 819 2881 862 est
2902 809 3174 878 augurari.
3201 809 3309 863 llas
3338 824 3472 864 vero

1866 890 2098 962 virgines
2139 895 2576 960 subintroductas,
2618 900 2699 951 vel
2743 898 2903 952 simul
2952 899 3195 952 inductas
3238 898 3474 967 appella-

1869 982 1996 1035 bant
2027 982 2212 1049 (Tomo
2238 985 2453 1054 primo).
2485 988 2652 1041 Erant
2699 988 2824 1042 item
2861 989 2980 1042 alia:
3017 991 3247 1058 virgines
3283 989 3476 1056 Opibus

1871 1072 2152 1140 pollentes,
2178 1091 2312 1145 quas
2340 1079 2596 1146 regulares
2622 1080 2903 1134 vocabant.
2928 1080 3020 1134 lle
3042 1082 3206 1133 cultui
3231 1084 3474 1149 corporis

1869 1166 2520 1234 admodumstudebant,
2568 1181 2621 1225 et
2654 1156 2817 1226 viros
2840 1171 3165 1225 inducebaut
3198 1183 3252 1225 ut
3293 1187 3476 1226 secum

1870 1258 2015 1312 domi
2062 1264 2601 1341 manerentrCmIIra
2650 1273 2757 1318 tant
2802 1265 3073 1320 exitialem
3124 1275 3330 1334 pestem
3380 1281 3479 1335 pro

1870 1367 2022 1407 more
2057 1368 2155 1406 suo
2179 1355 2440 1409 declamat
2467 1355 2904 1419 Cltrvsostomus.
3150 1423 3156 1430 ,
3286 1418 3292 1425 ,

1945 1445 2022 1499 De
2082 1446 2286 1499 ΐιιιιιοιιιπί
2344 1447 2534 1512 luctu,
2593 1449 2764 1518 qualis
2823 1464 2922 1502 suo
2977 1457 3220 1517 tempore
3283 1449 3335 1502 in
3382 1465 3482 1503 usu

1870 1544 1988 1590 erat
2011 1577 2026 1601 ,
2057 1539 2172 1591 huic
2215 1539 2303 1592 ille
2358 1541 2520 1592 refert
2553 1538 2571 1608 (
2602 1538 2760 1592 Temo
2812 1549 2952 1593 sexto
2983 1539 3002 1608 )
3031 1558 3044 1590 :
3077 1539 3190 1593 Nos
3239 1542 3323 1607 qui
3367 1540 3483 1606 jam

1871 1630 1964 1681 sub
2009 1629 2175 1699 gratia
2219 1647 2415 1694 sumus,
2461 1631 2555 1684 sub
2604 1641 2741 1682 certa
2797 1647 2887 1700 spe
2928 1631 3350 1693 resurrectionis,
3381 1629 3484 1699 qui-

1873 1719 1964 1773 bus
2018 1721 2180 1774 omnis
2239 1722 2445 1775 tristitia
2491 1722 2834 1786 interdicitur,
2883 1739 2982 1792 qua
3035 1726 3201 1792 fronte
3251 1734 3480 1776 mortuos

1874 1819 2072 1864 nostros
2113 1812 2379 1881 gentilium
2424 1829 2564 1866 more
2609 1813 2937 1883 plangimus,
2985 1813 3214 1866 ululatus
3277 1813 3486 1866 insanos

1874 1901 2172 1968 attollimus,
2203 1904 2355 1956 veluti
2381 1903 2484 1956 alio
2515 1921 2695 1974 genere
2738 1903 3061 1965 bacchantes,
3086 1905 3352 1957 censcissis
3398 1913 3484 1956 tu-

1874 1988 2003 2046 nicis
2047 2003 2253 2062 pectora
2295 1995 2566 2060 nudamus,
2615 1993 2766 2047 verba
2809 1994 2986 2048 inania
3025 2005 3071 2047 et
3108 1995 3303 2048 ntenias
3349 1995 3488 2046 circa

1875 2099 2059 2152 corpus
2087 2094 2132 2138 et
2156 2084 2408 2138 tumulum
2436 2085 2664 2153 defuncti
2688 2086 2999 2138 cantamus?
3028 2083 3298 2138 Postremo
3337 2085 3490 2137 etiam

1875 2191 1975 2243 qua
1997 2177 2196 2230 ratione
2220 2185 2375 2228 vestes
2421 2171 2594 2246 nigras
2638 2176 2915 2246 tinguinuts
2958 2175 3099 2243 (sic),
3149 2175 3247 2228 nisi
3293 2186 3368 2246 ut
3397 2191 3490 2227 nos

1876 2285 1988 2322 vere
2007 2271 2239 2338 inﬁdeles
2262 2281 2309 2323 et
2332 2272 2564 2334 miseros,
2590 2288 2690 2323 non
2717 2279 2914 2323 tantum
2938 2269 3160 2339 ﬂetibus,
3207 2270 3296 2323 sed
3339 2269 3490 2321 etiam

1877 2363 2095 2416 vestibus
2131 2362 2517 2432 approbemus?
2559 2363 2727 2416 Nemo
2755 2373 2879 2415 tunc
2909 2364 3152 2430 sepulcra
3187 2363 3236 2415 in
3268 2361 3492 2415 urbibus

1879 2457 2245 2509 construebat.
2279 2455 2379 2521 Qui
2403 2471 2520 2509 mos
2548 2453 2617 2508 ab
2645 2455 2878 2524 antiquis
2904 2463 3150 2507 manarat
3183 2463 3288 2506 tant
3338 2451 3491 2506 Grae-

1879 2546 1985 2609 cis,
2036 2563 2194 2616 quam
2249 2546 2505 2600 Romanis
2564 2545 2768 2610 (Tento
2816 2545 3116 2616 septimo),
3164 2553 3220 2597 nt
3261 2543 3492 2597 vidimus

1881 2637 1932 2689 in
1981 2639 2312 2707 Antiquitale
2363 2638 2644 2706 explanata
2693 2636 2867 2690 Temo
2912 2635 2977 2688 V.
3022 2635 3489 2703 ConstantinOpuli

1882 2743 2009 2781 vero
2057 2728 2427 2798 imperatores,
2479 2729 2568 2799 qni
2620 2731 2671 2782 in
2720 2727 2947 2782 ecclesia
2977 2725 3074 2781 SS.
3113 2727 3494 2796 Apostolorum

1884 2820 2322 2886 tumulabantur,
2372 2835 2478 2874 non
2533 2835 2704 2891 prope
2746 2819 3058 2888 Apostolus,
3097 2820 3190 2873 sed
3252 2817 3382 2871 foris
3429 2819 3494 2871 ad

1883 2909 1995 2978 ipsa
2044 2911 2226 2964 limina
2272 2920 2592 2979 Optaverunt
2637 2925 2861 2982 corpora
2905 2926 3000 2964 sua
3053 2911 3288 2979 sepeliri,
3337 2919 3497 2977 atque

1884 3003 1954 3055 ita
1986 3004 2155 3072 pergit
2184 3003 2624 3073 (lltrysostomus,
2661 3004 3017 3072 Imperatores
3051 3005 3375 3073 piscatorum
3405 3017 3497 3057 os-

1885 3094 2022 3147 tiarii
2050 3095 2170 3148 facti
2197 3106 2324 3147 sunt
2359 3093 2542 3166 (Tento
2580 3093 2795 3165 primo).

1954 3183 2193 3250 Litaniw,
2225 3195 2594 3239 memorantur
2620 3202 2648 3238 a
2696 3185 3086 3258 Chrysostomo
3127 3186 3178 3239 in
3213 3185 3495 3252 concione,

1884 3290 2042 3344 quant
2064 3275 2530 3344 Constantinopoli
2575 3276 2762 3345 habuit
2807 3277 2858 3330 in
2898 3277 2986 3331 die
3031 3276 3307 3331 Paschalis
3355 3291 3498 3330 anno

1886 3365 2010 3430 599,
2041 3367 2195 3433 cujus
2225 3367 2400 3421 locum
2443 3375 2612 3421 totum
2633 3367 2728 3421 hic
2752 3367 3084 3422 aﬂerendum
3116 3378 3363 3436 putamus
3399 3366 3487 3434 (τ.

1885 3461 2071 3528 sexto):
2105 3458 2232 3511 Ante
2275 3468 2374 3511 tres
2422 3459 2528 3511 dies
2554 3498 2568 3523 ,
2602 3459 2916 3528 irrumpente
2965 3459 3156 3528 pluvia,
3182 3469 3330 3526 atque
3382 3474 3499 3511 om-

1885 3549 1972 3602 nia
1993 3566 2161 3602 secum
2189 3550 2440 3612 trahente,
2461 3545 2511 3602 et
2540 3548 2601 3601 ab
2639 3566 2745 3613 ore,
2779 3559 2835 3601 ut
2882 3550 2953 3602 ita
2997 3549 3186 3615 dicam,
3239 3549 3499 3618 agricola-

1885 3657 1999 3692 rum
2029 3657 2254 3694 mensam
2280 3641 2527 3708 rapiente,
2560 3650 2785 3694 cantatas
2819 3641 2988 3709 spicas
3023 3640 3311 3709 dejiciente,
3352 3648 3499 3694 certe-

1885 3747 2042 3798 raque
2062 3731 2232 3784 omnia
2260 3748 2352 3800 per
2390 3731 2614 3783 humida:
2661 3731 2889 3783 materiae
2937 3731 3140 3799 copiam
3185 3729 3498 3793 devastante.

1887 3822 2080 3876 (itania:
2124 3832 2170 3875 et
2215 3822 2615 3892 supplicationes
2657 3822 2834 3891 fuere,
2880 3830 3080 3890 totaque
3114 3821 3292 3872 civitas
3329 3830 3501 3872 nostra

1886 3913 2031 3980 quasi
2061 3922 2256 3966 torrens
2279 3913 2346 3964 ad
2370 3911 2481 3965 loca
2502 3911 2865 3982 Apostolorum
2903 3909 3156 3974 currebat,
3194 3910 3499 3964 advocatos-

1885 4022 1981 4075 que
2009 4003 2408 4074 implorabantus
2434 4014 2667 4056 sanctum
2691 4001 2900 4056 Petrum
2918 4012 2963 4054 et
2986 4001 3183 4066 beatum
3220 4000 3498 4064 Andream,

1884 4099 2005 4152 item
2027 4116 2121 4169 par
2148 4096 2280 4151 illud
2310 4097 2677 4167 apostolorum,
2707 4095 2929 4148 Paulum
2951 4106 2994 4147 et
3025 4093 3365 4146 Timotheum.
3404 4091 3502 4145 llic

1889 4192 2089 4246 litanize
2118 4191 2517 4260 processionem
2548 4204 2671 4242 eum
2707 4196 2868 4241 cantu
2916 4185 3054 4239 haud
3098 4184 3259 4238 dubie
3299 4183 3503 4252 signiti-

1869 4283 2032 4351 'cant,
2065 4299 2167 4353 qua
2202 4282 2430 4352 populus
2465 4280 2856 4352 Chrysostomo
2901 4287 3119 4347 pastore
3157 4286 3212 4329 et
3249 4275 3386 4328 duce
3433 4275 3502 4330 ad

1889 4374 2143 4429 ecclesias
2167 4374 2486 4443 properabat
2511 4389 2524 4424 :
2555 4386 2674 4440 qua:
2703 4368 2915 4436 litaniw,
2940 4368 3044 4422 lita:
3068 4368 3230 4422 etiam
3257 4365 3380 4419 alibi
3410 4381 3502 4418 vo-

1887 4476 2095 4520 cantur.

1963 4554 2200 4608 Lecturis
2221 4567 2351 4608 vero
2374 4551 2611 4606 ofﬁcium
2635 4551 2714 4606 sic
2739 4550 2831 4605 ille
2861 4547 3121 4604 describit
3167 4547 3218 4598 in
3267 4545 3500 4600 llomilia

1889 4658 2074 4702 octava
2106 4650 2155 4699 in
2186 4646 2358 4714 Epist.
2403 4645 2469 4698 ad
2517 4643 2775 4698 llebrzeus
2813 4637 3276 4707 Constantinopoli
3319 4638 3500 4691 habita

1891 4738 2074 4807 (Tento
2101 4738 2425 4806 duodecimo)
2452 4755 2464 4791 :
2497 4735 2648 4806 Atqui
2675 4733 2890 4805 singulis
2917 4729 3246 4784 hebdomadis
3277 4729 3384 4781 lucc
3415 4744 3486 4782 no-

1892 4831 1965 4884 bis
1990 4830 2066 4883 vel
2085 4839 2159 4883 ter
2194 4830 2433 4899 leguntur
2478 4843 2497 4882 :
2540 4836 2586 4880 et
2634 4843 2750 4880 cum
2801 4824 2975 4888 lector,
3022 4823 3330 4884 ascenderit,
3379 4821 3503 4874 dicit

1891 4922 2110 4990 primum
2137 4922 2284 4990 cujus
2305 4921 2370 4972 sit
2397 4921 2542 4985 liber,
2561 4933 2737 4986 nempe
2768 4918 2922 4984 hujus
2952 4915 3025 4966 vel
3053 4914 3193 4965 illius
3218 4913 3498 4981 propheta,

1889 5024 1975 5064 aut
2005 5012 2244 5080 apostoli,
2267 5021 2354 5065 aut
2379 5010 2700 5080 evangelista:
2725 5024 2742 5060 :
2770 5015 2892 5059 tunc
2922 5006 3012 5058 illa
3039 5005 3183 5068 dicit,
3209 5014 3341 5056 utea
3364 5005 3502 5056 vobis

1891 5105 2112 5158 clariora
2139 5104 2258 5169 sint,
2296 5115 2343 5159 et
2376 5120 2478 5156 non
2502 5103 2667 5156 solum
2705 5100 2875 5154 sciatis
2914 5114 3028 5171 qua:
3066 5098 3173 5150 illic
3216 5097 3314 5150 sita
3358 5107 3500 5162 sunt,

1890 5199 1981 5250 sed
2008 5207 2053 5250 et
2086 5213 2290 5250 causam
2321 5211 2499 5248 eorum
2525 5210 2638 5263 qua:
2668 5192 2860 5263 scripta
2898 5200 3037 5256 sunt,
3069 5199 3116 5244 et
3165 5190 3399 5259 quisnam
3443 5205 3503 5241 ea

1891 5290 2092 5343 dixerit.

2567 5421 2825 5490 Liturgia.

1966 5557 2254 5624 Liturgiam
2310 5555 2526 5608 nomine
2579 5552 2952 5623 Cltrysostomi
3009 5553 3259 5607 dedimus
3300 5553 3351 5606 in
3397 5552 3503 5608 lino

1893 5649 2192 5703 duodecimi
2221 5649 2370 5712 tomi,
2398 5647 2570 5716 qualis
2591 5647 2680 5700 diu
2715 5656 2831 5715 post
2851 5646 3221 5712 Chryslistomi
3252 5660 3424 5696 arvum
3451 5646 3501 5697 in

1895 5763 1988 5800 usu
2018 5748 2144 5808 fuit;
2174 5746 2372 5814 inqua,
2402 5750 2459 5796 ut
2490 5742 2697 5795 notavit
2727 5740 2980 5804 Savilius,
3015 5739 3180 5794 multa
3237 5736 3502 5790 habentur

1893 5856 2010 5914 quze
2040 5839 2204 5893 intimi
2254 5837 2349 5893 ξιξγὶ
2382 5851 2562 5893 notam
2593 5853 2700 5907 prae
2729 5851 2790 5891 se
2823 5836 2993 5890 ferunt
3021 5851 3033 5886 :
3060 5847 3178 5902 quae
3205 5833 3334 5886 nihil
3360 5845 3500 5904 pene
