4176 6474
724 405 791 461 dl
2027 390 2347 452 SYNOPSIS
2382 385 2619 450 EORUM
3894 369 3982 427 62

725 527 888 584 refert
924 541 1107 582 eorum
1132 567 1143 588 ,
1173 540 1289 594 qua:
1332 523 1487 577 variis
1514 524 1564 575 in
1615 522 1742 575 locis
1780 519 2190 590 Chrysostomus
2227 516 2293 569 de

724 618 809 673 Sui
844 617 1093 685 temporis
1116 614 1346 684 Liturgia
1380 620 1778 685 commemorat.
1806 609 2136 678 Quapropter
2172 620 2203 660 e
2237 619 2295 658 re

725 709 835 763 lore
858 707 1021 759 visum
1047 714 1148 769 est,
1170 706 1214 759 si
1242 718 1305 758 ea
1346 703 1431 757 hic
1458 715 1844 760 recenseamus,
1878 714 1993 766 qua:
2021 696 2214 766 passim
2239 694 2293 747 in

722 797 837 866 ejus
862 795 1108 864 operibus
1137 794 1205 849 de
1232 793 1460 863 Liturgia
1488 799 1793 846 occurrunt.
1808 790 1875 844 Et
1892 788 2100 858 quidem
2121 787 2319 854 ipsum.

722 884 969 956 Liturgim
992 885 1232 939 ordinem
1261 884 1313 939 in
1352 882 1450 937 hac
1486 882 1798 937 recensione
1841 893 2056 934 servare
2097 891 2292 945 perop-

722 984 951 1039 tassem;
978 989 1160 1029 verum
1210 973 1261 1027 id
1307 973 1591 1027 admodum
1634 969 1847 1026 difﬁcile
1879 978 1983 1034 est,
2024 968 2130 1021 imo
2180 964 2291 1018 lleri

719 1066 936 1119 omnino
962 1063 1142 1132 nequit
1169 1081 1180 1115 :
1207 1062 1321 1117 loca
1361 1062 1502 1117 enim
1541 1062 1627 1115 illa
1674 1057 1917 1126 Liturgire
1949 1057 2017 1109 ita
2044 1063 2291 1121 excerpta

719 1168 861 1223 stepe
888 1152 1243 1215 adducuntur,
1274 1160 1331 1205 ut
1358 1152 1563 1205 nescias
1597 1147 1663 1202 ad
1694 1165 1855 1217 quam
1883 1146 2135 1215 Lilttt‘gi;e
2170 1159 2288 1212 par-

721 1256 825 1299 tem
849 1244 1169 1313 pertineant.

791 1333 1022 1405 Liturgia
1050 1348 1198 1399 vero,
1222 1346 1377 1401 quam
1428 1328 1627 1384 Pascha
1666 1336 1821 1381 vocat
1860 1326 2287 1394 Chrysostomus,

720 1430 801 1475 ter
822 1432 875 1475 et
897 1421 1178 1489 aliquando
1202 1427 1389 1488 quater
1438 1420 1491 1472 in
1535 1416 1865 1472 hebdomade
1906 1412 2288 1468 celebrabatur.

722 1513 847 1581 Ejus
895 1513 1051 1567 verba
1094 1512 1292 1566 referre
1340 1526 1414 1566 ne
1464 1507 1863 1581 pigeat(Tomo
1913 1506 2075 1575 primo
2100 1504 2143 1573 ).
2171 1501 2292 1556 Non

716 1603 872 1668 enim,
901 1602 1089 1671 inquit,
1116 1602 1247 1656 idem
1269 1608 1385 1654 sunt
1418 1600 1618 1653 Pascha
1643 1609 1687 1653 et
1731 1596 2166 1665 Quadragesima;
2205 1593 2293 1646 sed

716 1693 859 1746 aliud
884 1691 1105 1756 Pascha,
1132 1691 1274 1744 aliud
1318 1690 1717 1760 Quadragesima
1739 1706 1757 1753 ;
1786 1687 2029 1757 siquidm
2061 1684 2294 1749 Quadra-

714 1782 904 1850 gesima
928 1782 1079 1835 semel
1102 1782 1153 1833 in
1170 1796 1310 1833 anno
1331 1782 1406 1847 ﬁt,
1430 1780 1627 1833 Pascha
1648 1796 1761 1832 vero
1787 1791 1859 1831 ter
1884 1779 1936 1831 in
1960 1773 2290 1840 hcbdenteda,

716 1886 1089 1940 nonnumquam
1137 1872 1286 1923 etiam
1330 1880 1526 1939 quater,
1575 1869 1648 1922 vel
1691 1870 1858 1937 potius
1895 1864 2296 1935 quotiescumque

713 1959 964 2013 volumus.
1014 1959 1105 2013 Est
1156 1942 1287 2011 enim
1341 1957 1537 2011 Pascha
1581 1974 1680 2010 non
1725 1956 2000 2027 jejunium,
2039 1956 2125 2009 sed
2156 1953 2297 2008 ebla-

718 2046 788 2102 ts'e
809 2058 857 2101 et
885 2049 1211 2116 sacriﬁcium,
1243 2048 1377 2116 quod
1402 2049 1454 2100 in
1488 2046 1700 2117 singulis
1728 2046 1787 2114 ﬁt
1811 2045 2046 2099 collectis.

792 2137 1035 2208 Mysteria
1067 2138 1242 2207 januis
1286 2139 1479 2192 clausis
1524 2136 1946 2198 celebrabantur,
1984 2143 2040 2189 et
2070 2148 2174 2188 non
2209 2134 2293 2188 in-

721 2225 854 2281 itiati
908 2227 1254 2295 abigebantur
1283 2225 1465 2295 (Temo
1508 2226 1766 2295 captiuae);
1814 2226 2115 2279 nesciebant
2152 2223 2293 2279 enim

721 2317 968 2372 virtutem
1011 2317 1190 2371 calicis
1235 2315 1438 2386 (Temo
1487 2316 1770 2386 secundo).
1820 2315 2079 2370 Sacerdos
2119 2322 2296 2369 autem

720 2423 920 2459 manuni
946 2406 1125 2460 tollens
1146 2409 1198 2460 in
1223 2409 1401 2471 altum,
1422 2408 1574 2460 altius
1596 2418 1639 2459 et
1664 2407 1770 2477 ipse
1797 2416 1956 2469 stans,
1977 2408 2028 2459 in
2046 2406 2297 2460 tremendo

721 2498 810 2551 ille
834 2499 1032 2552 silentio
1058 2501 1362 2569 vociferans,
1392 2500 1518 2552 alios
1540 2498 1739 2569 quidem
1769 2498 1993 2562 uocabat,
2016 2498 2141 2551 alios
2182 2514 2297 2552 rere

717 2588 916 2640 arcebat
946 2603 966 2639 :
993 2605 1089 2639 non
1117 2588 1211 2640 hoc
1249 2604 1401 2640 manu
1438 2589 1647 2653 faciens,
1684 2587 1771 2640 sed
1807 2588 1979 2656 lingua
2021 2587 2208 2640 clarius
2251 2598 2299 2641 et

720 2680 939 2747 apertius
964 2695 1112 2746 quam
1137 2694 1309 2731 manu.
1345 2676 1481 2732 Nam
1501 2693 1595 2732 eoa:
1614 2679 1705 2731 illa
1728 2679 1780 2731 in
1808 2690 2001 2731 nostras
2036 2694 2184 2731 aures
2218 2678 2298 2729 in-

722 2787 948 2836 currens,
978 2780 1232 2841 tamquam
1260 2787 1440 2826 manus
1466 2771 1594 2824 alios
1611 2771 1812 2840 quidem
1831 2771 2035 2839 expellit
2068 2779 2113 2823 et
2139 2769 2293 2838 ejicit,

720 2862 850 2915 alios
890 2871 1058 2915 autem
1094 2862 1366 2917 introducit
1409 2871 1455 2916 et
1500 2862 1627 2916 sistit
1676 2864 1693 2930 (
1724 2860 1879 2913 Temo
1908 2861 2260 2930 duodecimo).

793 2956 921 3020 Quae
949 2952 1017 3008 de
1036 2954 1268 3024 Liturgia
1299 2954 1349 3008 in
1375 2963 1515 3007 tanta
1539 2968 1760 3022 operum
1786 2954 1933 3024 sylva
1959 2952 2080 3007 hinc
2103 2963 2155 3006 et
2176 2954 2298 3008 inde

722 3043 886 3099 refert
907 3041 1340 3116 Chrysostomus,
1374 3045 1482 3107 vix,
1514 3058 1576 3097 ac
1601 3059 1668 3098 ne
1698 3043 1781 3097 vix
1813 3042 2045 3112 quidem,
2092 3052 2147 3097 ut
2188 3043 2295 3110 jam

722 3134 969 3199 disi,suo
1000 3134 1189 3189 ordine
1216 3148 1496 3189 recensere
1539 3148 1837 3203 possumus.
1872 3132 1947 3187 De
1996 3132 2298 3201 huiusmodi

723 3222 909 3278 ordine
932 3223 1202 3293 quidpiam
1233 3237 1651 3278 commemorare
1681 3224 1885 3277 videtur
1911 3223 2123 3277 homilia
2149 3222 2295 3277 deci-

726 3327 810 3367 ma
855 3323 1042 3369 octava
1084 3313 1135 3367 in
1181 3313 1347 3382 Epist.
1394 3314 1624 3367 secunda
1659 3312 1727 3366 ad
1773 3311 2299 3380 Corinthios(Tonto

722 3402 939 3473 decimo)
973 3420 988 3456 :
1018 3401 1279 3467 Omnibus,
1299 3401 1468 3472 inquit
1491 3444 1506 3467 ,
1536 3419 1691 3455 unum
1733 3418 1933 3471 corpus,
1954 3418 2109 3454 unum
2156 3418 2302 3471 pecu-

724 3492 829 3543 lum
850 3491 1174 3560 proponimus
1203 3508 1221 3545 :
1246 3492 1299 3545 in
1327 3492 1692 3561 precationibus
1716 3507 1913 3563 quoque
1936 3493 2181 3561 populum
2226 3493 2301 3545 ei-

723 3582 852 3637 detis
871 3584 1086 3636 multum
1114 3584 1359 3653 conferre.
1387 3584 1583 3637 Etenim
1617 3601 1707 3653 pro
1744 3586 2108 3654 energumenis,
2137 3598 2181 3637 et
2204 3601 2298 3655 pro

722 3672 786 3725 iis
802 3673 887 3740 qui
916 3672 966 3725 in
990 3674 1280 3741 paenitentia
1304 3683 1438 3735 sunt,
1466 3690 1751 3727 communes
1768 3686 1817 3727 et
1838 3692 1867 3726 a
1882 3675 2142 3729 sacerdote
2167 3685 2212 3727 et
2237 3676 2300 3729 ab

724 3763 845 3830 ipsis
867 3780 1034 3832 preces
1056 3765 1181 3832 ﬁunt
1204 3779 1224 3817 :
1251 3775 1400 3831 atque
1427 3782 1595 3819 omnes
1629 3784 1780 3819 uuam
1818 3767 2140 3836 eamdemque
2182 3784 2297 3840 pre-

724 3868 831 3904 cem
872 3855 1121 3919 emittunt,
1163 3870 1380 3925 precem,
1431 3857 1655 3926 inquam,
1697 3860 2037 3912 misericordia
2078 3862 2296 3930 plenant.

730 3940 923 3995 Rursus
943 3958 1055 3995 cum
1080 3958 1181 4009 eos,
1205 3944 1291 4013 qui
1315 3957 1647 3999 sacrosanctae
1683 3956 1868 4000 menste
1892 3950 2160 4019 participes
2196 3966 2300 4004 esse

726 4041 995 4102 nequeunt,
1024 4050 1055 4087 a
1078 4036 1235 4089 sacris
1275 4038 1428 4103 septis
1471 4052 1717 4101 arcemus,
1762 4039 1983 4092 ineunda
2022 4049 2093 4093 est
2142 4041 2301 4095 altera

724 4121 907 4187 oratio,
936 4124 990 4177 in
1009 4137 1109 4193 qua
1134 4138 1303 4178 omnes
1324 4125 1462 4178 Itumi
1486 4127 1729 4193 iacemus,
1749 4142 1919 4180 omnes
1938 4142 2079 4195 eque
2091 4144 2302 4182 censur-

725 4215 908 4285 gintus.
935 4215 1015 4271 Ad
1041 4218 1168 4285 lucc,
1196 4236 1312 4273 cum
1333 4237 1435 4289 pax
1459 4220 1630 4274 danda
1665 4221 1975 4290 vicissimque
2012 4224 2302 4292 accipienda

726 4313 821 4370 est,
848 4322 1017 4361 omnes
1037 4318 1210 4363 mutuo
1244 4326 1335 4363 nes
1369 4311 1736 4364 exosculamur.
1780 4310 1901 4364 1am
1945 4314 1998 4366 in
2036 4314 2302 4368 tremendis

726 4412 919 4467 quoque
944 4400 1211 4468 mysteriis,
1230 4409 1284 4453 ut
1308 4400 1540 4454 sacerdos
1565 4418 1655 4470 pro
1678 4401 1835 4470 plebe,
1850 4403 1917 4455 ita
1939 4402 2076 4473 plebs
2101 4420 2191 4473 pro
2213 4422 2301 4457 sa-

727 4488 927 4541 cerdote
947 4499 1061 4540 vota
1074 4489 1213 4557 facit.
1236 4488 1361 4543 Hec
1386 4491 1516 4543 enim
1545 4491 1689 4544 verba
1716 4506 1735 4544 :
1764 4490 1828 4543 Et
1852 4507 1963 4544 cum
1991 4494 2169 4561 spiritu
2192 4503 2298 4557 tuo,

728 4577 857 4631 nihil
874 4577 1017 4631 aliud
1034 4596 1183 4648 quant
1201 4581 1625 4651 hoc'signiﬁcant.
1660 4580 1854 4635 Rursus
1892 4597 1950 4633 ea
1987 4584 2166 4647 oratio,
2202 4599 2303 4651 qua

732 4665 838 4721 Deo
866 4671 1042 4739 gratiae
1060 4681 1298 4739 aguntur,
1318 4673 1591 4724 communis
1618 4679 1709 4724 est.
1741 4668 1917 4739 Neque
1935 4671 2065 4725 enim
2084 4672 2190 4739 ipse
2214 4690 2299 4727 so-

730 4758 807 4811 lus
839 4760 1027 4827 gratias
1063 4761 1185 4831 agit,
1215 4760 1303 4813 sed
1346 4762 1495 4814 etiam
1539 4761 1675 4829 plebs
1716 4760 1965 4814 universa.
2017 4760 2153 4814 Nam
2190 4779 2302 4815 cum

731 4848 870 4913 prius
885 4848 1086 4902 illorum
1098 4867 1265 4905 vocem
1277 4866 1386 4903 sum
1391 4850 1663 4920 psit,atque
1674 4850 1711 4903 il
1716 4850 1752 4902 li
1766 4861 2080 4904 assenserunt
2091 4852 2143 4904 id
2155 4852 2302 4921 digne

726 4948 772 4989 ct
787 4939 928 5008 juste
943 4940 1076 5008 ﬁeri,
1095 4950 1197 4993 tum
1215 4941 1415 4995 demum
1436 4942 1713 5011 gratiarum
1729 4942 1975 4995 actionem
1989 4944 2300 5011 auspicatur.

802 5030 876 5083 De
902 5031 1177 5084 sacerdote
1198 5032 1449 5102 mysteria
1472 5031 1771 5087 celebrante
1797 5032 1910 5087 bare
1928 5032 2060 5088 dicit
2086 5034 2302 5091 homilia

734 5122 887 5174 tertia
917 5120 969 5176 in
1013 5120 1180 5192 Epist.
1230 5121 1297 5176 ad
1343 5119 1686 5177 Colossenses
1721 5122 1741 5193 (
1765 5121 1923 5175 Tento
1953 5124 2217 5177 undecimo
2244 5127 2298 5195 ):

731 5206 1353 5287 tCumingressusfuet-it
1399 5212 1443 5265 is
1470 5211 1558 5281 qui
1604 5221 1793 5281 prmest
1820 5213 2093 5280 Ecclesiae,
2125 5216 2300 5269 statim

729 5298 893 5365 dicit,
924 5298 1041 5359 Pas:
1063 5301 1326 5365 omnibus;
1352 5301 1561 5371 quando
1589 5302 1952 5370 concinnatur,
1985 5302 2102 5357 Pax
2143 5307 2303 5358 omni~

730 5386 853 5452 bus,
884 5389 1095 5458 quando
1140 5390 1423 5454 benedicit.
1454 5390 1573 5446 Pax
1621 5393 1880 5454 omnibus;
1907 5395 2117 5464 quando
2154 5395 2304 5464 jubet

731 5478 991 5546 salutare,
1041 5478 1158 5535 Paa:
1218 5482 1446 5536 omnibus
1463 5497 1483 5546 ;
1531 5482 1742 5552 quando
1816 5498 2083 5553 peractum
2148 5485 2305 5541 fuerit

733 5571 1048 5628 sacriﬁcium
1068 5616 1083 5640 ,
1120 5574 1233 5630 Pax
1255 5577 1501 5631 omnibus.
1534 5578 1599 5632 Et
1619 5593 1802 5634 rursus
1830 5581 1879 5633 in
1903 5582 2100 5648 medio,
2128 5579 2303 5635 Gratia

738 5660 869 5714 vobis
890 5674 934 5716 et
957 5680 1075 5732 pax.
1098 5686 1116 5717 ι

808 5752 1001 5810 Verum
1028 5757 1145 5815 lth
1175 5772 1335 5828 pauca
1366 5759 1517 5815 nobis
1561 5761 1890 5819 subindicant
1921 5764 1986 5821 de
2014 5766 2302 5821 sacerdotis

2400 515 2449 566 in
2478 511 2706 579 Liturgia
2739 506 2893 561 dictis
2920 516 2974 560 et
3000 502 3182 574 gestis,
3210 500 3381 569 deque
3404 511 3587 553 eorum
3623 498 3758 551 inter
3785 506 3844 548 se
3875 505 3991 543 or-

2398 606 2538 659 dine.
2572 605 2644 656 De
2666 600 2911 669 Liturgia:
2932 608 3078 653 certe
3104 596 3271 657 initio,
3303 593 3474 660 deque
3497 587 3740 658 precibus
3755 594 3810 641 et
3827 582 3992 643 aliis,

2398 712 2515 765 qua:
2550 692 2874 756 Prmfationi,
2902 698 2960 743 ut
2988 702 3256 749 vocamus,
3299 680 3652 753 praeminebat
3697 672 3993 736 sacerdos,

2396 788 2524 842 nihil
2574 786 2729 839 habet
2768 784 3197 853 Cbrysostomus.
3254 774 3586 832 Praefationis
3632 778 3806 826 autem
3857 767 3994 821 hn-c

2397 877 2554 931 verba
2598 874 2761 929 refert
2792 890 2807 929 :
2852 871 3112 928 Sacerdos
3150 866 3402 922 dicebat:
3444 865 3661 919 Sursum
3700 859 3993 914 habeamus

2395 977 2609 1021 mentem
2623 975 2670 1020 et
2691 964 2845 1019 corda
2862 964 3044 1033 (Temo
3060 958 3319 1027 secunde).
3331 954 3703 1023 Respondebat
3723 949 3988 1021 populus,

2400 1056 2653 1112 Habemus
2675 1055 2742 1109 ad
2762 1054 3053 1108 Dominum.
3081 1050 3150 1107 Ut
3194 1064 3322 1104 vero
3363 1045 3615 1115 liquidum
3652 1042 3859 1096 videtur
3911 1054 3991 1093 ex

2396 1146 2832 1217 prazcedentibus,
2856 1145 3104 1216 pergebat
3129 1139 3400 1204 sacerdos,
3424 1137 3623 1191 Gratias
3636 1148 3847 1205 agamus
3868 1130 3988 1184 Dav

2394 1240 2529 1291 mine
2555 1236 2659 1291 Deo
2685 1246 2853 1290 nostro
2872 1250 2891 1287 :
2921 1234 3145 1304 populus
3170 1246 3315 1295 vero,
3348 1229 3563 1298 Dignum
3592 1234 3637 1278 et
3656 1225 3852 1294 justum
3876 1232 3979 1274 est.

2396 1327 2454 1382 ld
2474 1328 2600 1382 vei-0
2625 1326 2887 1396 signiﬁcat
2908 1325 3017 1389 ille,
3042 1338 3161 1378 cum
3182 1321 3309 1376 dicit
3334 1332 3493 1387 supra
3524 1333 3537 1368 :
3572 1316 3730 1385 Atque
3765 1312 3841 1365 illi
3882 1328 3989 1364 as-

2394 1428 2652 1472 senserunt
2676 1417 2730 1469 id
2751 1418 2899 1487 digne
2916 1424 2963 1468 et
2975 1415 3115 1483 juste
3141 1412 3269 1479 ﬁeri.
3301 1408 3479 1478 Pergit
3520 1405 3608 1459 ille
3651 1422 3664 1458 :
3712 1402 3837 1457 Tum
3876 1402 3989 1453 de-

2396 1526 2531 1563 munt
2555 1509 2833 1578 gratiarum
2862 1506 3107 1561 actionem
3139 1504 3452 1571 auspicatur.
3482 1496 3850 1554 Praefationem
3892 1493 3992 1547 ni-

2396 1599 2585 1655 mirum
2614 1597 2914 1669 proferebat
2941 1595 3193 1652 sacerdos
3219 1602 3416 1648 nostrae
3449 1604 3552 1645 non
3579 1587 3898 1643 absimilem.

2467 1691 2521 1746 In
2552 1691 2817 1745 oblatione
2845 1703 2971 1742 vero
3008 1686 3218 1741 dicebat
3247 1683 3495 1739 sacerdos
3520 1699 3533 1736 :
3567 1680 3686 1734 Sive
3719 1679 3986 1739 volentes,

2395 1783 2498 1837 sive
2531 1782 2675 1835 inuiti
2727 1780 3065 1846 peccavimus,
3116 1776 3346 1830 condono
3382 1773 3567 1845 (Tento
3595 1767 3937 1837 duodecimo)
3966 1782 3983 1822 :

2396 1874 2547 1942 queis
2566 1860 2769 1926 'similia
2800 1871 3060 1924 habentur
3087 1870 3137 1921 in
3170 1866 3402 1935 Liturgia
3444 1865 3563 1928 illa,
3605 1859 3989 1932 Chrysostemi

2397 1964 2611 2018 nomine
2675 1977 2703 2017 a
2759 1960 2911 2016 nobis
2974 1960 3233 2030 publicata
3290 1957 3444 2012 Tom.
3493 1955 3577 2010 η.
3621 1952 3988 2020 Quandonam

2398 2062 2575 2107 autem
2616 2051 2731 2105 hmc
2770 2050 2933 2104 verba
2971 2048 3207 2113 diceret,
3242 2046 3455 2100 Oremus
3489 2060 3664 2097 omnes
3698 2040 3990 2095 communi—

2398 2151 2491 2206 ter,
2546 2155 2647 2195 non
2697 2138 2957 2194 indicatur
2999 2154 3030 2193 a
3076 2136 3456 2207 Cbrysostomo
3496 2132 3589 2202 qui
3628 2132 3715 2186 illa
3769 2128 3990 2199 profert

2398 2229 2583 2301 (Tento
2608 2230 2914 2301 undecimo).

2470 2322 2725 2391 Martyres
2748 2322 2905 2375 etiam
2933 2320 2984 2373 in
3012 2317 3243 2387 Liturgia
3270 2314 3720 2370 memorabantur.
3748 2311 3986 2366 Nomina

2399 2423 2610 2479 quoque
2635 2421 2975 2478 patronorum
2998 2420 3051 2462 et
3073 2405 3463 2461 benefactorum
3496 2419 3705 2471 semper
3725 2403 3776 2456 in
3805 2402 3989 2455 sacris

2400 2499 2754 2553 oblationibus
2782 2498 3200 2567 proferebantur,
3229 2495 3422 2550 additis
3444 2494 3686 2562 precibus
3714 2508 3808 2561 pro
3831 2492 3989 2545 villis

2399 2604 2583 2644 eorum
2638 2596 2692 2642 et
2744 2588 2955 2658 pratdiis
3004 2586 3184 2657 (Temo
3229 2584 3411 2653 none).
3433 2584 3756 2637 Mortuorum
3811 2581 3989 2637 etiam

2399 2679 2656 2733 memoria
2697 2678 2952 2733 celebrari
2980 2676 3184 2731 solebat
3221 2675 3274 2729 in
3298 2674 3594 2729 venerandis
3633 2682 3781 2742 atque
3807 2671 3988 2726 horri-

2399 2774 2509 2843 ﬁcis
2535 2773 2781 2844 mysteriis
2809 2771 2988 2839 (Temo
3014 2767 3325 2839 undecimo).

2474 2866 2598 2920 Haec
2633 2865 2703 2919 de
2747 2864 3020 2919 sacerdote
3048 2878 3197 2918 sacra
3241 2870 3559 2932 peragente:
3589 2875 3687 2914 nec
3727 2858 3989 2929 pauciora

2400 2958 2467 3013 de
2487 2958 2709 3012 diacono
2736 2954 2917 3020 refert,
2948 2957 3035 3025 qui
3066 2954 3256 3007 divinis
3285 2952 3550 3023 mysteriis
3579 2951 3851 3011 interemi,
3876 2962 3989 3003 saec

2401 3064 2572 3119 peque
2599 3049 2701 3102 alta
2740 3063 2869 3102 voce
2895 3047 3091 3117 populo
3119 3046 3313 3100 monita
3342 3045 3530 3109 dabat,
3561 3058 3681 3113 quae
3718 3041 3830 3108 illo,
3871 3055 3989 3111 quo

2402 3139 2728 3204 dicebantur,
2773 3139 2963 3193 ordine
3006 3152 3285 3192 recensere
3330 3138 3383 3189 in
3428 3143 3676 3205 promptu
3721 3147 3824 3188 non
3871 3142 3985 3187 est.

2400 3229 2677 3284 Clamabat
2701 3240 2875 3283 autem
2898 3270 2912 3295 ,
2946 3228 3113 3281 Erecti
3141 3240 3325 3281 stemus
3358 3228 3508 3294 probe
3537 3224 3722 3296 (Temo
3748 3224 3938 3293 primo)
3968 3239 3984 3275 :

2404 3322 2593 3392 quibus
2635 3322 2844 3383 verbis,
2885 3335 2990 3374 nou
3044 3329 3101 3372 ut
3151 3331 3344 3387 corpus
3383 3316 3571 3381 modo,
3622 3314 3715 3371 sed
3760 3322 3821 3374 ut
3863 3314 3988 3367 ani-

2404 3428 2548 3467 mum
2571 3412 2727 3465 etiam
2750 3411 3011 3478 erigeret,
3043 3408 3271 3461 adstanti
3305 3406 3440 3475 plebi
3467 3404 3812 3475 signiﬁcabat.
3842 3401 3989 3457 Sub-

2404 3503 2532 3558 inde
2581 3502 2741 3557 etiam
2791 3501 2895 3554 alta
2946 3513 3077 3554 voce
3116 3499 3195 3553 sic
3239 3497 3446 3568 plebem
3499 3509 3719 3550 monere
3772 3493 3985 3548 solebat

2406 3592 2676 3662 Ibidem):
2706 3590 2809 3644 Alii
2855 3590 2981 3644 alios
3021 3591 3245 3652 noscite;
3282 3596 3340 3642 ut
3364 3585 3612 3641 videlicet
3651 3584 3989 3639 internosce-

2404 3692 2541 3746 rent,
2574 3697 2697 3736 num
2726 3680 2892 3750 impii,
2915 3679 3148 3744 scelesti,
3174 3678 3252 3732 vel
3294 3676 3626 3746 judaizantes
3661 3688 3846 3729 secum
3898 3673 3989 3728 in-

2405 3772 2632 3827 termixti
2661 3779 2860 3825 essent.

2474 3863 2836 3918 Precationem
2862 3870 3059 3924 autem,
3084 3857 3211 3913 dum
3236 3870 3384 3911 sacra
3415 3862 3808 3926 peragerentur,
3838 3853 3989 3922 plebi

2404 3952 2751 4022 suggerebat,
2782 3966 2938 4019 quam
2966 3950 3093 4019 ipsis
3121 3948 3297 4003 verbis
3326 3946 3505 4001 retulit
3527 3943 3943 4015 Cbrysostomus
3970 3961 3983 3996 :

2410 4040 2622 4095 Oremus
2646 4054 2738 4109 pro
2763 4040 2994 4108 episcopo
3020 4048 3067 4090 et
3096 4046 3344 4091 senectute
3372 4045 3416 4088 et
3437 4034 3737 4104 patrocinio,
3768 4041 3822 4085 ut
3848 4041 3985 4085 recte

2406 4140 2581 4185 tractet
2605 4130 2803 4184 verbum
2824 4128 3043 4183 veritatis
3066 4169 3081 4191 ,
3117 4136 3166 4181 et
3186 4143 3277 4196 pre
3297 4126 3358 4179 iis
3379 4126 3464 4194 qui
3485 4124 3565 4177 hic
3589 4134 3702 4177 sunt
3725 4132 3771 4176 et
3799 4122 3985 4192 ubique

2407 4231 2650 4274 terrarum
2670 4217 2853 4285 (Temo
2882 4218 3067 4287 sexto).
3090 4215 3333 4271 Addebat
3357 4217 3515 4269 etiam
3539 4230 3553 4266 :
3582 4211 3688 4265 Pro
3712 4213 3773 4265 iis
3810 4212 3897 4280 qui
3928 4213 3983 4262 in

2405 4307 2602 4365 Christe
2625 4309 2846 4379 defuncti
2870 4315 3023 4371 sunt,
3050 4315 3095 4360 et
3117 4321 3209 4375 pre
3238 4305 3301 4359 iis
3329 4305 3414 4373 qui
3443 4303 3647 4358 illorum
3684 4302 3983 4354 memoriam

2410 4394 2599 4466 faciunt
2629 4398 2809 4469 (Temo
2833 4396 3011 4466 nene).

2477 4488 2673 4543 Vocem
2706 4502 2881 4558 porro,
2914 4499 3069 4555 quam
3096 4498 3236 4552 saape
3262 4480 3540 4538 clamando
3568 4480 3844 4549 repetebat
3866 4478 3986 4533 dia-
4020 4478 4023 4479 ⁷

2405 4595 2572 4636 conus
2617 4581 2729 4634 haec
2756 4587 2890 4641 erat,
2914 4576 3243 4630 Attendamus
3271 4572 3493 4645 (Ibid.):
3521 4586 3679 4643 quam
3709 4586 3809 4641 ego
3836 4586 3986 4641 smpc

2405 4672 2579 4727 audivi
2609 4670 2791 4725 Roma:
2822 4685 2850 4723 a
2881 4668 3104 4723 diacono
3131 4665 3353 4729 dictam,
3384 4678 3503 4719 cum
3552 4661 3797 4731 Liturgize
3833 4659 3980 4715 Grie-

2406 4778 2588 4819 corum
2610 4761 2769 4816 animi
2798 4773 2953 4814 causa
2989 4754 3316 4812 interiorem.
3354 4751 3752 4809 Observandum
3799 4759 3979 4804 autem

2406 4864 2507 4919 est,
2530 4853 2671 4925 quod
2701 4853 2787 4907 hic
2810 4850 2956 4905 addit
2979 4846 3390 4918 Chrysostomus
3412 4886 3427 4909 ,
3456 4857 3646 4912 nempe
3678 4850 3795 4912 post
3833 4842 3982 4896 illam

2404 4959 2609 5008 vocem,
2629 4944 2879 4998 lectorem
2902 4939 3133 5007 incipere
3154 4934 3480 5006 prophetiam
3505 4932 3681 4994 latim;
3713 4947 3833 5000 qua:
3880 4932 3984 4985 vo‘x

2408 5016 2679 5107 prtemissa
2707 5031 2912 5095 fuerat,
2940 5038 2998 5084 ut
3024 5025 3305 5082 attentiore
3340 5025 3519 5077 animo
3558 5024 3707 5091 plebs
3754 5019 3984 5090 prophe-

2380 5150 2385 5153 -
2406 5138 2513 5185 tam
2534 5127 2759 5183 audiret.
2781 5125 2907 5180 Haec
2926 5136 3086 5192 porro
3105 5120 3284 5188 adjicit
3311 5117 3471 5173 etiam
3496 5114 3550 5170 S.
3577 5114 3764 5169 doctor
3783 5113 3834 5166 in
3861 5125 3985 5166 ser-

2408 5235 2566 5276 mone
2623 5219 2691 5273 de
2744 5213 3069 5270 Ascensione
3100 5228 3114 5265 :
3145 5209 3278 5264 Audi
3316 5209 3369 5261 in
3413 5207 3696 5278 precatione
3741 5203 3984 5257 diaconos

2406 5326 2601 5381 semper
2650 5308 2901 5371 dicentes,
2954 5303 3200 5375 Angelum
3252 5299 3391 5371 pacis
3441 5307 3615 5368 rogate
3651 5293 3850 5364 (Temo
3903 5309 3984 5347 sc-

2408 5398 2619 5471 cunde).

2480 5488 2696 5546 Diaconi
2747 5484 2977 5540 ofﬁcium
3020 5490 3133 5539 erat
3182 5480 3464 5535 tumultum
3510 5489 3880 5546 compescere,
3911 5475 3985 5528 si-

2407 5583 2528 5639 cubi
2566 5582 2618 5636 in
2665 5577 2891 5633 ecclesia
2931 5572 3361 5645 oriretur(Temo
3391 5586 3522 5623 nene
3544 5569 3600 5639 ):
3634 5566 3979 5636 quamobrem

2408 5684 2589 5729 mouet
2614 5672 2704 5727 ille
2732 5679 2816 5735 ut,
2849 5670 2893 5724 si
2916 5667 3035 5738 quis
3058 5666 3217 5721 alium
3244 5662 3480 5717 dicteriis
3510 5661 3764 5729 impetat,
3790 5656 3874 5711 vel
3904 5657 3979 5711 ri-

2410 5765 2525 5827 sui,
2564 5762 2837 5818 cachinnis
2861 5766 2910 5813 et
2948 5758 3135 5815 fabulis
3175 5755 3443 5812 incumbat
3469 5796 3483 5815 .
3523 5753 3776 5807 diaconus
3814 5751 3978 5808 advo-
