4176 6468
154 395 219 452 εὖ
931 385 1098 456 QUAE
1138 386 1201 443 ιιι
1240 384 1581 445 OPERiBUS
1608 383 1750 443 ClIR

1859 379 2091 441 )STOMI
2129 374 2659 436 OBSERVANTUR.
3367 373 3438 429 (ii

154 529 331 585 ccta,
358 519 455 590 qui
487 516 647 575 sedet
686 514 854 572 futilia
892 513 980 570 illa
1004 554 1022 582 ,
1048 521 1103 569 et
1138 510 1378 567 modeste
1406 518 1565 578 agere
1590 517 1742 589 eom-

155 609 326 679 pellat.

220 700 295 755 De
321 699 701 754 sacerdotibus
734 704 913 751 autem
940 704 997 751 et
1032 692 1272 749 diaconis
1314 691 1429 746 hzec
1465 688 1743 746 continen-

158 802 230 845 ter
266 789 433 844 refert
476 788 900 857 Chrysostomus
943 783 1123 855 (Tomo
1177 780 1366 854 primo)
1399 799 1414 835 :
1444 777 1744 835 Sacerdotes

160 881 291 934 etin-
329 895 445 932 cam
481 877 801 932 benedictnri
828 885 977 940 sunt,
1006 874 1093 928 ubi
1122 873 1261 943 prius
1285 866 1459 943 pacem
1483 869 1621 924 vobis
1644 884 1745 939 ap.

164 971 344 1039 precati
374 969 602 1039 fuerint,
642 968 879 1039 deinceps
909 965 1155 1035 incipiunt
1197 962 1501 1018 benedicere.
1532 959 1598 1014 Et
1628 974 1745 1012 vero

159 1062 422 1123 ἄκουε,
452 1061 581 1113 dum
607 1074 726 1113 cum
753 1058 870 1112 aliis
896 1059 1090 1127 precari
1118 1056 1274 1123 iubet,
1305 1054 1401 1108 hoc
1424 1066 1623 1121 quoque
1648 1049 1746 1103 im-

158 1158 285 1217 perat
324 1149 379 1203 in
412 1150 681 1214 oratione,
727 1157 782 1201 ut
818 1147 1054 1219 angelum
1087 1147 1226 1217 pacis
1262 1158 1498 1214 rogemus
1520 1183 1535 1209 ,
1560 1149 1607 1196 et
1633 1156 1761 1211 qua

158 1241 404 1309 preposita
448 1248 596 1305 sunt,
624 1247 807 1292 cuncta
855 1237 1071 1307 paci/ica
1101 1250 1120 1290 :
1149 1244 1195 1313 et
1244 1233 1307 1287 ab
1352 1233 1448 1287 hoc
1500 1239 1744 1286 conventu

159 1348 236 1387 ss:
260 1333 525 1386 dimittens
549 1333 647 1386 hoc
664 1328 805 1385 vobis
824 1340 1061 1401 precatur
1084 1327 1254 1382 dicens
1279 1342 1299 1382 :
1328 1324 1398 1381 In
1426 1340 1550 1397 pace
1576 1324 1742 1379 disce-

162 1424 271 1480 dite.
1702 1457 1716 1467 .

220 1516 401 1585 Neque
422 1512 948 1586 pretennittendum
978 1523 1061 1568 est
1085 1510 1137 1567 id
1173 1508 1315 1582 quod
1344 1508 1476 1565 dicit
1502 1506 1743 1579 Chryso-

159 1611 353 1662 stomns
371 1607 442 1662 de
467 1606 815 1662 dmmoniacis
834 1613 889 1661 et
907 1611 1085 1660 mente
1108 1603 1301 1674 captis,
1324 1602 1409 1659 vel
1429 1614 1747 1671 energume—

159 1704 260 1758 nis.
289 1698 378 1769 qui
406 1706 703 1767 antequam
734 1695 988 1767 mysteria
1017 1694 1433 1758 celebrarentur,
1462 1706 1493 1746 a
1519 1691 1748 1747 diacono

160 1790 546 1847 inducebantur
589 1799 645 1846 et
687 1790 857 1859 capita
907 1789 1167 1844 inclinare
1211 1787 1573 1857 jubebantur,
1621 1794 1748 1841 tunc

159 1882 319 1935 oratio
347 1895 449 1949 pro
481 1881 589 1935 illis
618 1879 730 1934 fieri
758 1879 984 1944 solebat,
1012 1894 1130 1949 quae
1146 1885 1368 1933 cmteras
1395 1890 1585 1933 omnes
1607 1890 1747 1946 pra:-

161 1968 376 2023 cedebat
423 1968 444 2035 (
488 1966 652 2022 Tomo
678 1968 888 2040 primo).
930 1968 1174 2023 Graviter
1214 1974 1392 2021 autem
1434 1965 1608 2034 carpit
1659 1965 1749 2020 illo

169 2074 254 2112 eos
273 2102 287 2123 ,
320 2060 413 2129 qui
443 2058 587 2114 hanc
614 2060 911 2115 orationem
937 2074 1058 2114 cum
1087 2059 1206 2113 aliis
1244 2072 1349 2113 non
1380 2056 1746 2127 proferebant,

170 2154 249 2207 vel
278 2155 369 2222 qui
418 2165 546 2207 tunc
599 2162 787 2208 mutuo
836 2152 1228 2217 fabulabantur.
1278 2150 1455 2205 Prima
1503 2149 1747 2222 precatio,

166 2244 325 2314 inquit
376 2248 492 2309 ille,
516 2260 670 2313 quam
718 2260 811 2313 pro
860 2242 1204 2313 energumenis
1231 2239 1527 2295 adhibemus
1550 2280 1565 2308 ,
1598 2239 1748 2293 misso

166 2335 393 2388 rites-dia:
443 2336 925 2389 commemoratione
962 2335 1111 2403 plena
1157 2341 1227 2389 est
1251 2347 1271 2387 :
1296 2333 1521 2389 secunda
1553 2346 1751 2403 quoque

164 2442 246 2490 pro
271 2428 335 2480 iis
357 2470 373 2489 ,
395 2426 485 2494 qui
510 2426 561 2479 in
588 2426 881 2496 pernitentia
914 2435 1032 2480 sunt
1055 2466 1069 2492 ,
1111 2427 1320 2481 multam
1351 2422 1750 2479 misericordiam

162 2519 394 2586 puniat.
424 2516 602 2571 Tertia
627 2517 830 2572 demum
860 2534 952 2588 pro
979 2517 1122 2573 nobis
1145 2516 1268 2586 ipsis
1294 2525 1367 2571 est
1397 2532 1418 2571 :
1445 2525 1492 2570 et
1516 2516 1625 2571 haec
1655 2531 1749 2585 po-

164 2609 262 2677 puli
282 2610 507 2678 infantes
527 2610 817 2665 innocentes
841 2608 1051 2675 inducit,
1078 2608 1243 2663 Deum
1260 2609 1330 2662 ad
1351 2607 1751 2663 misericordiam

165 2710 503 2769 perorantes.
534 2700 668 2766 Quia
688 2700 821 2753 enim
846 2716 941 2753 nos
966 2708 1169 2770 peccata
1194 2709 1369 2753 nostra
1406 2700 1708 2752 damnamus
1733 2737 1750 2764 ,

164 2808 247 2856 pro
268 2793 330 2845 iis
357 2792 447 2861 qui
480 2792 700 2844 multum
732 2800 1005 2860 peccarunt
1048 2799 1090 2845 et
1125 2790 1356 2845 accusari
1398 2790 1574 2844 debent
1596 2830 1612 2856 ,
1658 2804 1751 2843 nos

173 2897 432 2948 precamur
463 2899 481 2934 :
519 2897 613 2952 pro
657 2882 802 2935 nobis
845 2897 960 2936 vero
984 2884 1141 2951 pueri,
1174 2898 1389 2952 quorum
1413 2880 1753 2952 simplicitatis

164 2973 432 3027 imitatores
450 2990 661 3045 regnum
684 2973 921 3027 caelorum
945 2983 1197 3043 exspectat
1220 2971 1284 3043 (T
1289 2988 1403 3029 omo
1427 2971 1689 3043 septimo).

730 3284 1047 3342 DIATRIBA
1092 3286 1178 3343 Ill.

170 3439 241 3497 De
267 3443 512 3497 haereticis
541 3453 587 3497 et
633 3445 981 3499 ha’resiarchis
1017 3461 1139 3515 quos
1184 3450 1469 3517 frequenter
1512 3455 1756 3501 memorat

372 3531 763 3605 Chrysostomns
781 3576 797 3603 ,
827 3537 986 3607 deque
1012 3537 1218 3591 illorum
1247 3537 1537 3592 Ita’resibus.

240 3706 346 3760 Non
374 3708 603 3763 minoris
632 3723 809 3777 operae
835 3709 937 3765 erit
966 3724 1032 3765 ex
1060 3717 1205 3766 tanta
1235 3726 1460 3781 operum
1492 3715 1640 3785 sylva
1669 3728 1753 3780 ea,

176 3815 282 3866 qua:
311 3800 509 3870 passim
532 3800 948 3872 Chrysostomus
977 3813 1240 3859 memorat
1265 3805 1330 3859 de
1356 3806 1753 3872 hzcresiarchis,

179 3888 235 3943 de
270 3890 562 3945 hazresibus
591 3900 644 3945 et
684 3890 991 3956 erroribus,
1044 3894 1132 3963 qui
1171 3908 1284 3948 aevo
1311 3909 1409 3949 suo
1433 3894 1483 3948 in
1519 3895 1756 3951 Ecclesia

178 3980 421 4038 Orientali
462 3984 865 4053 grassabantur,
908 3987 1084 4040 omnia
1123 4002 1412 4057 excerpere
1451 3997 1504 4043 et
1543 4004 1643 4045 suo
1671 4006 1759 4046 or-

180 4074 289 4130 dine
317 4091 620 4132 recensere.
650 4076 852 4134 Praeter
878 4093 972 4133 eos
996 4080 1138 4135 enim
1177 4081 1266 4151 qui
1296 4096 1411 4136 aevo
1449 4098 1548 4139 suo
1587 4086 1757 4140 exorti

180 4168 399 4233 fuerant,
430 4177 489 4223 ut
516 4171 785 4238 Anommi,
813 4166 1197 4239 Macedoniam,
1228 4174 1571 4242 Photiniaui;
1604 4187 1758 4233 vetu-

181 4261 360 4313 stiores
385 4261 547 4313 etiam
576 4262 772 4317 multos
804 4253 1280 4334 inducit,'quorum
1305 4276 1451 4331 secta
1478 4268 1655 4325 adhuc
1677 4272 1759 4325 vel

181 4365 453 4404 numerosa
478 4391 493 4415 ,
528 4352 611 4406 vel
648 4353 885 4409 nondum
921 4356 1179 4410 exstincta
1218 4366 1352 4413 erat.
1384 4358 1465 4413 Ad
1495 4359 1609 4414 hazc
1632 4376 1761 4416 vero

180 4455 383 4495 errores
408 4442 551 4496 circa
580 4440 738 4499 fidem
766 4446 1185 4515 quamplurimos
1206 4489 1221 4513 ,
1254 4449 1343 4519 qui
1391 4450 1530 4521 apud
1568 4452 1759 4523 vulgus

182 4532 263 4587 illo
290 4540 530 4602 tempore
553 4537 953 4606 spargebantur,
989 4541 1045 4595 in
1076 4542 1426 4599 concionibus
1446 4545 1558 4600 suis
1582 4548 1763 4618 exagi-

183 4631 251 4677 tat
276 4639 339 4679 ac
366 4624 581 4680 refellit.
609 4626 1008 4684 Observandum
1036 4641 1213 4686 autem
1246 4634 1298 4687 in
1328 4633 1625 4692 incresibus
1656 4637 1761 4695 illis

182 4730 291 4781 que
316 4728 440 4772 ante
467 4716 626 4773 linem
656 4719 797 4773 tertii
835 4722 1015 4777 szeculi
1054 4732 1254 4779 exortae
1284 4724 1533 4793 fuerant,
1564 4729 1763 4786 multos

183 4804 261 4860 hic
284 4806 613 4877 deprehendi
640 4824 854 4866 errores
880 4825 909 4865 a
936 4813 1287 4883 scriptoribus
1315 4816 1469 4872 istius
1508 4819 1605 4873 aevi
1628 4836 1760 4876 nus-

184 4913 329 4963 quam
370 4908 712 4955 memoratos.
747 4901 852 4957 Eos
877 4902 1019 4957 enim
1064 4906 1154 4972 qui
1220 4908 1385 4962 semel
1412 4908 1481 4963 ab
1507 4908 1763 4969 Ecclesia:

185 4984 461 5044 Catholicae
485 4992 820 5060 auctoritate,
849 5009 967 5065 qum
992 5004 1076 5052 est
1100 5012 1204 5051 una
1226 5012 1369 5054 verae
1398 4999 1522 5057 fidei
1550 5018 1759 5072 norma,

186 5077 501 5136 deﬂexerant
522 5123 536 5147 ,
569 5081 623 5137 in
655 5096 822 5139 novos
846 5086 1083 5154 quotidie
1123 5087 1302 5158 lapsus
1330 5090 1587 5149 incidisse
1628 5095 1759 5151 nihil

188 5185 385 5227 tetrum.
1254 5234 1257 5237 ,
1330 5183 1338 5192 ”

250 5262 457 5320 Docitas
482 5281 586 5320 non
614 5268 778 5324 semel
808 5270 1116 5343 perstringit
1138 5273 1246 5341 ille,
1277 5276 1389 5333 sive
1416 5277 1535 5333 illos
1562 5282 1651 5352 qui
1682 5284 1763 5339 di-

188 5352 363 5409 ubant
390 5356 660 5413 Christum
691 5363 908 5429 Senem,
940 5360 992 5416 id
1025 5370 1107 5417 est
1133 5405 1148 5431 ,
1181 5366 1347 5441 specie
1372 5408 1387 5433 ,
1415 5376 1619 5426 tantum
1648 5374 1762 5431 sive

190 5457 499 5515 apparenter,
522 5459 582 5504 ut
603 5450 692 5505 alii
712 5450 919 5520 dicunt,
946 5461 1037 5508 aut
1061 5440 1300 5525 putatiu‘e,
1330 5468 1389 5514 ut
1409 5461 1483 5515 ait
1502 5460 1758 5533 lrenaeus,

188 5536 232 5591 in
260 5538 511 5593 mundum
539 5542 773 5598 venisse.
802 5543 1105 5601 Adventum
1134 5548 1277 5602 enim
1298 5590 1312 5613 ,
1344 5546 1503 5606 vitam
1536 5563 1589 5609 et
1618 5570 1764 5612 mor-

190 5638 280 5682 tem
322 5628 517 5687 Christi
561 5640 855 5707 93min,
888 5637 1204 5705 phantasiam
1236 5651 1437 5697 tantum
1460 5685 1473 5707 ,
1504 5660 1609 5700 non
1646 5662 1760 5703 rem

187 5729 297 5777 vae
320 5732 522 5792 gestam
554 5724 717 5780 fuisse
748 5727 1021 5794 putabant.
1049 5727 1461 5802 Chrysostomus
1486 5751 1614 5791 vero
1637 5751 1759 5794 cum

191 5809 298 5869 dicit
319 5855 335 5883 ,
362 5812 638 5873 Christum
678 5818 945 5889 sepultum
974 5821 1139 5897 tribus
1165 5824 1352 5884 diebus
1379 5839 1432 5885 et
1464 5829 1633 5890 tribus
1658 5847 1759 5891 uo-

332 5938 361 5959 κ
482 5899 767 5961 ΡΑτιιοι.
820 5897 1207 5977 Gn._LXlV.

1852 500 2025 555 ctibus
2050 500 2105 554 in
2131 498 2287 554 corde
2312 508 2463 552 terras
2490 494 2779 559 mansisse,
2805 490 2973 556 addit,
3004 499 3052 545 et
3074 504 3219 543 nemo
3247 488 3303 542 id
3330 504 3453 561 spe.

1850 592 1925 645 cie
1966 599 2167 645 tantum
2208 589 2402 644 factum
2446 586 2611 642 fuisse
2656 585 2957 655 suspicetur
2982 580 3166 652 (Tomo
3190 580 3455 651 septimo).

1853 682 1979 737 litae
2007 681 2204 752 quippe
2230 680 2454 735 limresis
2488 693 2608 749 qua:
2641 677 2751 747 jam
2782 673 3089 745 apostolicis
3122 669 3452 741 temporibus

1851 784 1966 831 orta
1987 774 2182 837 fuerat,
2204 787 2320 829 aevo
2342 769 2710 843 Chrysostomi
2733 768 2907 823 adhuc
2928 762 3158 837 vigebat,
3188 772 3247 819 ut
3267 762 3455 817 videre

1852 875 1937 923 est
1993 866 2210 922 bomilia
2256 876 2444 937 quarta
2503 864 2555 918 in
2612 863 2785 933 Epist.
2829 861 2895 916 ad
2941 860 3197 917 Hebra‘os
3245 856 3454 927 (Tomo

1853 960 2179 1031 duodecimo)
2205 978 2219 1013 :
2251 957 2373 1013 Prw
2401 957 2596 1028 pudore
2612 973 2666 1011 se
2682 955 2994 1010 abscondant
3026 952 3110 1017 qui
3138 952 3312 1031 dicunt
3342 964 3455 1001 eum

1852 1051 2114 1105 advenisse
2144 1067 2233 1120 per
2260 1050 2517 1119 speciem,
2549 1064 2651 1103 non
2684 1048 2797 1117 ipsa
2822 1046 2894 1100 rei
2921 1046 3149 1099 veritate.
3173 1026 3280 1109 ‘Qui
3310 1040 3457 1108 prior

1855 1141 2014 1211 hujus
2042 1140 2263 1196 hteresis
2292 1140 2616 1195 mentionem
2644 1139 2773 1194 facit
2796 1145 2878 1193 est
2910 1135 3143 1206 lgnatins
3172 1133 3375 1203 Martyr
3402 1130 3454 1184 in

1810 1240 1815 1243 ‘
1854 1232 2092 1301 Epistola
2118 1230 2187 1287 ad
2217 1231 2516 1286 Trallianos
2553 1239 2607 1285 et
2652 1228 2705 1283 in
2738 1227 2974 1296 Epistula
3019 1224 3085 1279 ad
3125 1224 3452 1295 Smyrna-os.

1854 1321 2179 1378 Mcmoratur
2199 1324 2359 1377 etiam
2391 1323 2459 1377 ab
2488 1320 2691 1377 Irena‘o
2711 1362 2727 1386 ,
2757 1320 3034 1375 Clemente
3060 1314 3453 1380 Alexandrino,

1853 1416 1945 1488 qui
1985 1416 2269 1472 lnereticos
2316 1412 2619 1485 huiusmodi
2649 1411 2865 1468 Docitas
2895 1420 3048 1466 vocat
3073 1453 3087 1477 ,
3116 1409 3183 1464 ab
3211 1390 3455 1477 Origene

1852 1509 1981 1567 item
2007 1516 2061 1564 et
2084 1507 2340 1564 Eusebio.

1925 1600 2031 1656 Alii
2078 1614 2209 1655 vero
2256 1598 2514 1654 dicebant
2563 1594 2836 1654 Christum
2887 1610 2982 1666 per
3028 1594 3249 1650 Mariam
3302 1606 3454 1663 quasu

1853 1704 2047 1761 aquam
2079 1705 2174 1760 per
2196 1689 2439 1744 canalem
2466 1688 2743 1746 transiisse
2762 1695 2989 1754 tantum,
3034 1684 3084 1738 id
3128 1693 3231 1750 est,
3260 1696 3458 1752 corpus

1854 1781 1971 1852 ejus
1997 1796 2102 1837 non
2131 1783 2183 1837 in
2208 1789 2363 1837 utero
2383 1780 2618 1852 Virginis
2635 1780 2892 1845 crevisse,
2918 1779 2993 1833 uti
3023 1776 3163 1834 solet
3192 1775 3330 1842 lieri,
3361 1774 3455 1830 SCtl

1849 1874 1960 1945 jam
1988 1873 2271 1929 formatum
2302 1872 2579 1928 transiisse
2604 1880 2831 1933 tantum,
2855 1870 3001 1924 velut
3023 1883 3215 1939 aquam
3240 1882 3334 1938 per
3363 1881 3457 1921 ca-

1858 1966 2031 2021 nalem
2071 1983 2086 2020 :
2129 1980 2289 2035 quem
2331 1978 2572 2019 errorem
2614 1961 2787 2033 reficit
2820 1960 3238 2033 Chrysostomus
3272 1956 3458 2032 (Tomo

1854 2056 2066 2124 septimo
2092 2054 2133 2127 ).
2165 2053 2403 2110 Irenaeus
2446 2068 2577 2109 vero
2627 2052 2766 2108 hanc
2802 2050 3112 2109 haereticam
3144 2049 3457 2121 Opinionem

1860 2145 2245 2202 Valentinianis
2287 2143 2550 2201 adscribit
2594 2142 2872 2213 (Irentrus
2918 2161 2975 2213 p.
3028 2142 3171 2212 55),
3205 2150 3365 2212 atque
3390 2154 3458 2197 ex

1858 2237 2064 2294 Irenaeo
2111 2235 2443 2308 Epiphanius
2494 2235 2547 2291 id
2591 2236 2765 2306 ipsum
2813 2235 3015 2305 profert
3054 2232 3075 2307 (
3099 2232 3367 2304 Epiphan.
3402 2251 3455 2303 p.

1860 2329 1966 2384 172
1989 2329 2035 2401 ).
2065 2328 2181 2385 lmo
2217 2337 2373 2384 erant
2400 2327 2617 2399 quidam
2650 2327 2887 2382 haeretici
2927 2327 3019 2395 qui
3058 2340 3125 2381 eo
3168 2324 3461 2395 impietatis

1856 2421 2238 2493 irrumperent,
2272 2432 2329 2474 ut
2352 2419 2532 2474 dicere
2551 2419 2668 2473 ausi
2698 2418 2824 2484 sint,
2856 2417 3279 2473 incarnationem
3306 2414 3461 2471 Chri-

1856 2514 1927 2569 sti
1962 2528 2081 2570 esse
2102 2510 2339 2569 fabulam
2368 2510 2457 2583 (T.
2478 2513 2556 2584 7).
3132 2516 3137 2519 ‘

1928 2606 2217 2665 Gnosticos
2261 2605 2431 2662 semel
2473 2611 2677 2660 tantum
2707 2612 3100 2660 commemorat
3136 2602 3462 2675 Chrysosto-

1858 2716 1998 2769 mus,
2025 2716 2160 2771 quos
2188 2700 2289 2755 hoc
2313 2699 2530 2754 nomine
2558 2711 2679 2754 sese
2699 2696 3057 2768 appellavisse
3081 2696 3231 2762 dicit,
3253 2697 3375 2767 quia
3402 2708 3464 2751 se

1858 2794 1997 2851 scire
2029 2793 2287 2863 putabant
2326 2790 2447 2862 plus
2486 2805 2647 2861 quam
2683 2789 2865 2846 caeteri
2897 2790 3103 2845 scirent
3145 2787 3330 2859 (Tomo
3363 2804 3461 2842 un-

1857 2883 2097 2957 decimo).
2122 2884 2226 2940 Sed
2250 2884 2317 2940 de
2338 2882 2745 2947 Valentinianis,
2771 2882 2861 2952 qui
2890 2890 2943 2936 et
2970 2882 3068 2950 ipsi
3100 2881 3152 2934 in
3179 2879 3466 2937 Gnostico—

1857 2991 1979 3032 rum
2006 2991 2234 3031 numero
2259 2974 2640 3038 censebantur,
2670 2974 2836 3028 multa
2878 2971 3084 3043 profert
3110 2972 3275 3027 variis
3302 2973 3356 3026 in
3384 2972 3465 3028 io-

1859 3067 1960 3134 cis,
2014 3080 2135 3136 quas
2171 3065 2488 3135 plerumque
2520 3079 2641 3119 cum
2686 3063 3151 3119 Marcionistarum
3195 3071 3251 3118 et
3297 3061 3467 3117 Manio

1859 3155 2131 3212 cinnorum
2172 3155 2363 3211 haeresi
2392 3155 2754 3211 consentiunt.
2788 3154 3009 3210 Dicebat
3044 3169 3208 3225 porro
3231 3153 3469 3210 Valenti-

1859 3258 1964 3303 nus
1993 3247 2271 3302 materiam
2302 3256 2430 3301 ante
2451 3248 2781 3302 creationem
2824 3244 3009 3301 mundi
3050 3246 3463 3315 praeexstitissc,

1860 3354 2019 3409 quem
2056 3349 2110 3394 et
2143 3338 2277 3393 alios
2315 3338 2514 3394 similia
2558 3336 2893 3408 prolerentes
2926 3336 3271 3403 validissimis
3308 3350 3469 3408 argu-

1860 3428 2056 3485 mentis
2100 3430 2336 3485 confutat
2374 3429 2463 3484 ille
2486 3428 2671 3499 (Tomo
2695 3430 2926 3498 quarto).
2952 3429 3124 3485 Deum
3150 3444 3279 3483 vero
3299 3426 3466 3483 Crea-

1861 3532 2034 3578 torem
2074 3537 2196 3578 esse
2235 3522 2640 3593 negabat:erat
2688 3521 2833 3577 enim
2883 3536 2951 3575 ex
2998 3534 3224 3575 numero
3277 3533 3466 3575 corum

1862 3617 1951 3686 qui
1997 3614 2262 3671 iEonibus
2324 3615 2503 3671 omnia
2562 3613 2930 3671 adscriberent
2979 3612 3282 3685 (ibidem).
3333 3614 3467 3669 Cum

1863 3707 2222 3765 Marcionistis
2284 3719 2467 3765 autem
2516 3719 2570 3765 et
2626 3707 2933 3765 Maniclncis
2976 3708 3228 3765 dicebant
3276 3707 3468 3763 Valen-

1863 3801 2049 3855 tiniani
2093 3800 2250 3856 deum
2298 3802 2495 3857 veteris
2518 3801 2851 3857 Testamenti
2899 3809 3175 3856 auctorem
3201 3815 3322 3857 esse
3352 3816 3468 3855 ma-

1864 3893 2015 3948 lum:
2046 3907 2100 3947 et
2136 3894 2213 3948 sic
2250 3894 2386 3948 duos
2442 3893 2797 3949 admittebant
2844 3892 3008 3957 deos,
3061 3892 3218 3947 deum
3275 3909 3471 3960 nempe

1865 3987 1989 4042 novi
2017 3985 2343 4040 Testamenti
2372 4029 2384 4051 ,
2427 4001 2586 4056 quem
2634 3986 2832 4041 bonum
2875 3986 3174 4055 putabant,
3212 3996 3267 4040 et
3306 3985 3469 4042 denm

1867 4078 2068 4133 veteris
2093 4078 2444 4146 Testamenti,
2475 4094 2631 4148 quem
2663 4079 2887 4143 malum,
2912 4080 3019 4133 imo
3044 4078 3326 4134 Mauicbzni
3355 4080 3471 4133 dia-

1864 4168 2050 4224 bolum
2077 4184 2196 4226 csse
2222 4168 2504 4235 dicebant,
2529 4179 2583 4226 et
2612 4169 2691 4225 sic
2716 4170 2889 4239 legem
2919 4184 2947 4223 a
2975 4170 3156 4242 Moyse
3184 4170 3467 4239 prolatam,

1866 4270 1924 4316 ut
1957 4277 1987 4316 a
2030 4261 2174 4316 malo
2200 4261 2303 4317 deo
2330 4262 2506 4317 datam
2539 4276 2605 4317 ex
2646 4262 3045 4331 Scripturarum
3097 4264 3341 4333 catalogo
3377 4278 3473 4316 ex-

1866 4355 2174 4423 pungehant
2201 4354 2219 4423 (
2244 4351 2406 4407 Tomo
2435 4352 2601 4424 primo
2628 4362 2672 4407 et
2700 4351 2861 4407 Tomo
2882 4352 3142 4426 septimo).

1939 4446 2365 4502 incarnationem
2404 4461 2534 4502 vero
2578 4446 2777 4501 Christi
2822 4462 2943 4502 cum
2987 4447 3277 4511 Marcione,
3305 4446 3472 4501 Mani-

1868 4538 2021 4593 chazo
2049 4547 2104 4593 et
2147 4538 2265 4594 aliis
2302 4538 2535 4610 negabat
2574 4539 2890 4596 Valentinus
2924 4539 3108 4613 (Tomo
3139 4540 3306 4611 tertio)
3336 4581 3349 4606 ,
3382 4558 3471 4610 per

1867 4645 1923 4684 os
1976 4630 2169 4684 diaboli
2221 4630 2431 4698 dicens,
2464 4647 2580 4687 eum
2635 4648 2796 4703 neque
2845 4633 3167 4685 incarnatum
3230 4648 3356 4695 esse,
3385 4648 3472 4685 nc—

1867 4739 1964 4793 que
1992 4739 2196 4777 carnem
2226 4723 2454 4777 induisse
2478 4765 2491 4789 ,
2524 4724 2615 4778 sed
2640 4725 2858 4794 speciem
2896 4724 2951 4777 id
2976 4724 3252 4793 quamdam
3275 4724 3431 4792 fuisse
3452 4767 3466 4790 ,

1869 4814 2193 4885 phantasma,
2224 4816 2600 4871 simulationem
2632 4832 2651 4871 :
2677 4816 2874 4872 tametsi
2901 4817 3163 4888 passiones
3189 4827 3234 4873 et
3258 4832 3397 4871 mors
3424 4827 3473 4872 et

1867 4908 2157 4978 sepulcrum
2186 4918 2231 4963 et
2258 4909 2417 4979 {ames
2442 4910 2786 4965 reclamabant
2812 4927 2831 4965 :
2857 4912 2898 4965 si
2936 4910 3068 4966 nihil
3095 4912 3275 4965 horum
3306 4912 3473 4966 conti-

1867 5001 2039 5071 gisset,
2079 5018 2247 5057 nonne
2291 5004 2451 5058 multo
2500 5006 2721 5074 amplius
2771 5004 3002 5060 diabolus
3052 5008 3159 5061 lucc
3198 5007 3475 5076 impietatis

1870 5095 2089 5163 pessima
2114 5095 2351 5168 dogmata
2380 5098 2797 5152 disseminassct?
2840 5097 2994 5165 Quod
3024 5099 3198 5170 ipsum
3225 5100 3352 5156 alibi
3381 5117 3467 5157 rc-

1868 5184 2003 5255 petit
2029 5184 2447 5259 Chrysostomus
2478 5188 2675 5260 (Tomo
2707 5190 2917 5261 primo).

1944 5276 2021 5332 De
2064 5279 2334 5337 Marcione
2358 5292 2412 5338 et
2445 5282 2738 5339 Manichaeo
2781 5286 3061 5341 innumera
3104 5300 3244 5355 pene
3272 5285 3477 5343 haben-

1871 5376 1958 5423 tur
2002 5370 2056 5425 in
2094 5370 2467 5445 Chrysostomi
2496 5377 2751 5446 operibus
2778 5394 2793 5441 ;
2827 5379 3060 5448 itemque
3087 5377 3154 5433 dc
3187 5376 3474 5432 Marcioni-

1870 5470 1971 5525 stis
1997 5478 2051 5526 et
2090 5468 2416 5525 Manichaeis.
2442 5468 2506 5524 lli
2531 5484 2663 5525 vero
2688 5470 2925 5525 haeretici
2957 5470 3009 5524 in
3033 5471 3215 5525 multis
3243 5486 3476 5526 consen-

1870 5560 2107 5625 tiebant;
2152 5561 2246 5616 sed
2278 5560 2397 5628 quia
2426 5561 2641 5631 utrique
2683 5563 2849 5615 multa
2882 5560 3154 5616 habebant
3181 5562 3281 5618 sibi
3312 5577 3476 5631 pecu—

1872 5652 2022 5707 liaria
2050 5694 2065 5720 ,
2098 5653 2164 5707 de
2204 5651 2466 5707 ambobus
2504 5653 2792 5723 separatim
2830 5654 3120 5724 agendum.
3176 5652 3433 5709 Marcioni
3460 5692 3475 5717 ,

1871 5742 2065 5799 Maneti
2096 5752 2150 5800 et
2176 5742 2463 5799 Valentino
2490 5744 2707 5799 errandi
2734 5759 2950 5801 causam
2976 5746 3139 5801 fuisse
3164 5744 3312 5811 dicit,
3335 5746 3476 5817 quod

1874 5852 2120 5907 quantam
2151 5835 2218 5892 sit
2250 5836 2511 5893 malorum
2540 5851 2695 5893 causa
2735 5836 3047 5911 quaesierint
3070 5878 3086 5903 ,
3115 5846 3167 5891 et
3209 5851 3304 5907 per
3341 5836 3475 5893 hanc
