4176 6452
734 387 803 440 tif;
2067 390 2391 452 SYNOPSIS
2422 392 2600 453 EORU
2610 395 2653 450 il

734 508 1080 577 quaestionem
1130 508 1434 569 innumeras
1485 508 1716 565 hicreses
1772 506 2078 563 suscitarint
2113 505 2314 579 (Tosne

737 600 942 670 primo).
976 600 1194 655 Dicebat
1224 601 1348 655 item
1390 600 1619 655 Marcion
1643 599 1918 653 materiam
1945 608 2067 653 ante
2086 602 2312 653 creatio-

737 706 857 745 nem
912 693 1093 745 mundi
1141 692 1515 761 prmexstitisse
1568 690 1769 761 (Temo
1814 695 2053 760 quarto).
2085 689 2309 745 Marcio-

737 782 887 837 nistte
912 799 1041 839 vero
1071 785 1321 853 putabant
1354 783 1659 839 Creatorem
1696 784 1894 854 justum
1923 784 2133 855 quidem
2158 798 2310 851 esse,

737 871 832 927 sed
863 888 969 927 non
998 874 1191 928 bonum
1223 874 1243 945 (
1272 873 1427 927 Temo
1450 873 1715 947 ἀράττω).-

807 954 970 1020 Iidem
1008 977 1135 1018 vero
1174 964 1341 1033 legem
1389 964 1582 1036 Moysis
1625 981 1688 1020 ex
1727 965 1968 1034 catalogo
2010 963 2308 1020 divinarum

734 1052 1132 1123 Scripturarum
1169 1056 1543 1125 expungebant
1590 1056 1791 1124 (Tento
1838 1054 2044 1126 primo).
2095 1055 2315 1111 Dicebat

737 1144 877 1197 ettitn
939 1144 1192 1209 Marcion,
1223 1162 1326 1199 non
1384 1161 1502 1201 esse
1555 1145 1799 1199 eumdem
1848 1146 2045 1200 veteris
2095 1152 2153 1201 et
2192 1146 2311 1199 novi

738 1233 1063 1287 Testamenti
1108 1234 1494 1306 Deum(Tonte
1538 1235 1725 1305 tertio).
1753 1235 1882 1289 Nam
1936 1236 2061 1289 licet
2105 1235 2155 1289 id
2208 1250 2311 1289 non

737 1337 1007 1393 expresse,
1028 1324 1243 1387 feratur,
1286 1324 1572 1379 verisimile
1599 1340 1814 1394 prorsus
1853 1333 1936 1379 est
1972 1325 2117 1379 illum
2140 1366 2155 1388 ,
2186 1340 2311 1393 per-

738 1411 864 1465 inde
906 1422 1064 1481 atque
1092 1414 1349 1468 Manetem
1369 1455 1383 1479 ,
1414 1414 1571 1484 deum
1609 1415 1806 1469 malum
1834 1423 1889 1470 et
1915 1416 2071 1469 deum
2118 1415 2312 1468 bonum

738 1502 1016 1558 admisisse
1038 1544 1052 1565 ,
1087 1517 1150 1557 ae
1183 1504 1339 1557 deum
1379 1504 1574 1559 malum
1606 1520 1704 1575 pro
1729 1516 1970 1560 creatore
2015 1505 2194 1559 mundi
2222 1505 2316 1560 ba-

738 1592 937 1655 buisse,
972 1602 1129 1662 atque
1159 1594 1237 1648 sic
1263 1595 1631 1664 intelligendus
1655 1605 1767 1650 erat
1790 1610 1909 1649 cum
1934 1594 2133 1650 diceret
2150 1595 2313 1650 Deum

738 1699 843 1737 non
874 1699 992 1739 esse
1016 1694 1309 1739 creatorem
1338 1687 1516 1740 mundi
1546 1685 1743 1760 (Temo
1771 1696 1947 1756 quarto
1972 1690 2011 1755 ).

806 1772 1037 1827 Marcion
1096 1774 1341 1829 Ponticus
1392 1775 1601 1831 dicebat
1644 1777 1911 1831 Christum
1965 1776 2175 1831 nonnisi
2222 1790 2317 1845 per

735 1864 967 1933 speciem
1007 1864 1285 1920 advenisse
1312 1866 1494 1935 (Temo
1519 1866 1709 1937 tertio),
1737 1882 1841 1937 qua
1885 1868 1936 1920 in
1982 1882 2043 1922 re
2081 1881 2314 1922 consen-

738 1957 899 2011 tiebat
927 1971 1032 2012 non
1062 1958 1218 2011 modo
1243 1974 1362 2012 cum
1390 1958 1696 2013 Manicbzeis
1723 1970 1776 2013 et
1802 1959 2203 2023 Valentinianis,
2222 1957 2317 2013 scd

736 2049 895 2102 etiam
924 2063 1043 2103 cum
1078 2051 1451 2105 vetustioribus
1483 2052 1741 2105 haereticis
1766 2052 1853 2120 qui
1880 2051 2128 2119 putabant
2159 2049 2317 2104 Chri-

739 2148 879 2191 stum
910 2140 1088 2207 specie
1130 2149 1331 2193 tantum
1370 2150 1425 2194 et
1470 2155 1564 2210 per
1604 2140 1931 2210 phantasiam
1962 2141 2187 2195 venisse.
2227 2139 2313 2192 ln-

739 2232 1095 2285 carnationem
1128 2247 1256 2285 vero
1275 2231 1470 2285 Christi
1494 2232 1717 2300 negabat
1746 2274 1761 2298 ,
1792 2238 1893 2301 qua
1924 2232 1975 2285 in
2013 2246 2072 2286 re
2095 2247 2123 2285 a
2147 2231 2317 2302 Chry-

738 2332 977 2376 snstomo
998 2322 1319 2376 validissime
1350 2321 1653 2377 confutatur
1686 2326 1704 2390 (
1735 2322 1891 2376 Temo
1916 2332 2055 2377 sexto
2081 2332 2126 2375 et
2156 2321 2317 2377 Temo

737 2414 989 2481 septimo).

809 2500 1042 2571 Negabat
1068 2516 1277 2571 quoque
1300 2501 1570 2557 Christum
1598 2518 1726 2559 vere
1753 2517 1965 2573 passum
1991 2518 2111 2560 esse
2135 2503 2315 2575 (Temo

736 2593 1010 2659 septimo).
1038 2591 1371 2661 Quapropter
1417 2593 1544 2647 dicit
1588 2604 1803 2648 sanctus
1857 2593 2047 2650 doctor
2080 2609 2175 2649 eos
2224 2595 2314 2664 qui

733 2680 1011 2735 Marcionis
1051 2684 1238 2736 morbo
1264 2683 1505 2738 laborant
1523 2683 1656 2738 filios
1684 2684 1881 2739 diaboli
1904 2699 2023 2739 esse
2048 2684 2310 2753 (Ibidem).

746 2771 958 2825 Dicebat
1003 2772 1403 2847 etiam‘Patrem
1454 2774 1685 2843 ignotum
1730 2790 1849 2830 esse
1878 2775 2012 2829 Filio
2040 2776 2151 2830 Dei.
2179 2776 2315 2829 Mar-

733 2864 969 2920 eionistae
994 2864 1324 2920 alﬁrmabant
1353 2865 1620 2921 Christum
1664 2884 1768 2923 non
1807 2882 1926 2921 esse
1962 2868 2266 2922 Creatorem
2296 2885 2309 2921 :

735 2968 869 3022 quos
916 2957 1126 3024 egregie
1151 2956 1353 3011 refellit
1378 2956 1791 3028 Chrysostomus
1822 2956 2110 3028 (Ibidem).
2138 2958 2312 3028 Nega-

732 3041 859 3096 bant
896 3044 1059 3097 etiam
1101 3044 1240 3113 quod
1287 3061 1349 3099 ex
1409 3046 1570 3099 Maria
1600 3045 1816 3115 Virgine
1855 3056 2007 3102 natus
2054 3056 2216 3116 esset,
2248 3063 2311 3105 ac

731 3133 870 3201 quod
902 3148 1027 3189 vere
1054 3136 1474 3190 rcsurrexisseta
1498 3138 1721 3191 mortuis
1746 3138 1931 3207 (Tento
1958 3142 2173 3209 octavo).

802 3224 1111 3279 Celiennam
1160 3226 1357 3279 nullam
1389 3238 1524 3297 .post
1572 3238 1796 3282 mortem
1836 3228 1950 3283 fore
2000 3229 2311 3284 dictitabant

732 3315 1101 3381 Marcionistaz,
1132 3333 1355 3387 quorum
1388 3318 1766 3386 impudentiam
1798 3320 2100 3389 comprimit
2124 3320 2311 3374 doctor

732 3415 913 3461 noster
937 3408 954 3477 (
979 3406 1133 3461 Temo
1162 3409 1339 3479 nono).
1367 3409 1508 3462 Pauli
1548 3410 1702 3463 dictis
1751 3410 1996 3465 utebatur
2035 3412 2265 3466 Marcion
2290 3453 2305 3476 ,

730 3497 822 3550 sed
879 3499 1158 3551 truncatim
1198 3508 1249 3552 et
1302 3501 1517 3554 concise
1561 3499 1742 3570 (Temo
1806 3502 2038 3570 decimo).
2089 3504 2309 3558 Marcio-

731 3588 881 3640 nista:
921 3603 1046 3641 vero
1083 3605 1241 3642 unum
1284 3600 1489 3643 tantum
1532 3592 1905 3660 evangelistam
1960 3595 2303 3661 recipiebant,

728 3691 884 3742 quem
912 3678 1080 3744 ipsqu
1108 3686 1278 3731 tamen
1302 3680 1559 3734 arbitratu
1580 3694 1679 3734 suo
1702 3681 2141 3736 mutilaverantet
2160 3697 2305 3737 com-

732 3768 1075 3819 miscuerant.

798 3856 1149 3912 Marciouista:
1175 3858 1443 3915 Salamine
1469 3871 1620 3915 erant
1652 3864 1702 3916 in
1732 3863 1929 3934 Cypro,
1960 3873 2014 3919 et
2046 3874 2209 3920 totam
2240 3867 2305 3920 il-

727 3947 832 4002 lam
860 3949 1125 4005 civitatem
1156 3953 1764 4024 opprimebantfinquit
1794 3973 1807 4007 :
1836 3958 1918 4010 cui
1957 3958 2095 4011 malo
2134 3974 2305 4013 reme-

725 4035 871 4091 dium
900 4038 1092 4095 atl‘erre
1119 4042 1339 4110 parabat
1368 4041 1781 4114 Cbrysostomus
1806 4086 1820 4109 ,
1854 4054 1907 4100 et
1944 4062 2058 4101 rem
2086 4062 2303 4102 omnem

726 4126 962 4192 feliciter
988 4130 1325 4187 conlecturus
1354 4143 1469 4187 erat
1490 4175 1505 4201 ,
1534 4135 1635 4189 nisi
1666 4136 1867 4205 ejectus
1896 4145 1950 4191 et
1980 4139 2031 4192 in
2059 4140 2301 4195 exsilium

724 4218 919 4272 missus
948 4218 1132 4274 fuisset
1162 4220 1345 4290 (Temo
1376 4224 1565 4295 tertio).

792 4308 1244 4364 Marcionistarum
1297 4327 1422 4367 vero
1483 4329 1634 4368 usum
1686 4316 1964 4384 quemdam
2024 4321 2298 4378 ridiculum

722 4398 795 4452 ita
841 4398 1095 4453 describit
1136 4410 1351 4456 sanctus
1392 4403 1579 4459 doctor
1622 4405 1820 4475 (Temo
1850 4407 2040 4463 decimo
2066 4411 2107 4483 ).
2148 4412 2298 4468 Post-

720 4506 871 4558 quam
890 4532 905 4554 ,
954 4491 1159 4559 inquit,
1209 4495 1592 4549 ceteclsumenus
1622 4498 1871 4567 quispiam
1906 4502 2042 4569 apud
2068 4505 2181 4559 illos
2212 4507 2298 4559 de-

723 4582 924 4649 functus
961 4592 1069 4647 est,
1100 4584 1359 4638 sub'lecto
1394 4588 1579 4639 mortui
1606 4589 1846 4643 absconso
1876 4592 2044 4661 aliquo
2078 4596 2293 4663 uieerue,

723 4673 962 4725 accedunt
986 4673 1053 4723 ad
1074 4683 1321 4728 mortuum
1338 4716 1351 4739 ,
1376 4685 1424 4729 et
1448 4677 1772 4748 alloquuntur
1796 4682 1961 4749 ipsum
1981 4723 1995 4747 ,
2023 4698 2307 4754 rogantque

719 4762 897 4816 velitne
934 4764 1160 4829 accipere
1196 4765 1517 4834 baptismum.
1559 4766 1758 4822 Deinde
1798 4771 1888 4824 illo
1924 4773 2049 4828 nihil
2088 4794 2294 4848 respon-

719 4853 881 4913 dente,
915 4852 1001 4923 qui
1026 4853 1296 4907 absconsus
1327 4865 1396 4909 est
1424 4872 1514 4925 pro
1540 4858 1630 4911 illo
1645 4857 1766 4912 dicit
1792 4876 1845 4912 se
1868 4862 1991 4915 velle
2009 4862 2291 4933 baptizari:

719 4954 762 4994 et
792 4944 862 4996 sic
892 4960 1005 4997 eum
1029 4944 1284 5014 baptizant
1321 4964 1412 5014 pro
1442 4965 1499 5001 eo
1522 4950 1608 5019 qui
1635 4953 1885 5018 excessit;
1913 4971 1969 5007 ac
1992 4956 2039 5009 si
2062 4957 2114 5010 in
2139 4976 2287 5014 scena

720 5034 949 5087 luderent
990 5045 1227 5089 :lantum
1271 5038 1426 5091 valuit
1468 5032 1704 5095 diabolus
1747 5044 1800 5097 in
1845 5045 2136 5115 ignavorum
2172 5052 2286 5104 ani-

715 5126 828 5177 mis.
864 5123 1057 5179 Deinde
1092 5142 1204 5179 cum
1241 5136 1573 5195 accusantur,
1615 5132 1884 5188 obtendunt
1927 5137 2021 5189 hoc
2052 5140 2249 5193 verbum
2272 5183 2284 5204 ,

714 5212 1004 5278 Apostolus,
1033 5213 1282 5283 inquiunt,
1314 5217 1460 5282 dixit,
1496 5218 1595 5285 Qui
1620 5220 1915 5292 baptizatur
1940 5241 2038 5296 pro
2064 5230 2287 5285 mortuis

716 5303 805 5369 (l.
832 5300 1068 5361 Cor.15.
1097 5303 1223 5375 29).

787 5390 931 5444 Alias
954 5408 1163 5463 quoque
1190 5394 1469 5452 Marcionis
1498 5408 1551 5454 et
1575 5400 2026 5461 Marcionistarnm
2064 5418 2283 5465 senten-
2320 5448 2329 5456 -

719 5477 817 5566 tias
858 5488 911 5533 et
943 5478 1080 5533 dicta
1126 5483 1280 5537 affert
1317 5485 1748 5559 Chrysostomus.
1788 5494 1898 5549 Non
1934 5508 2157 5566 poterat,
2203 5502 2286 5555 in-

716 5564 928 5636 quiebat
948 5567 1198 5636 Marcion,
1220 5572 1375 5637 Deus,
1395 5590 1661 5649 assumpta
1680 5598 1856 5651 carne,
1888 5564 2101 5644 manere
2125 5607 2283 5647 mun~

712 5651 839 5747 ilus.
859 5655 932 5747 Ex
972 5655 1037 5712 iis
1076 5674 1227 5730 vero,
1262 5678 1378 5734 quae
1417 5666 1483 5720 de
1518 5668 1867 5730 Mareionistis
1896 5680 2090 5747 passim
2130 5682 2275 5746 dicit,

713 5742 969 5817 “Quidum
1002 5762 1083 5811 est
1122 5753 1575 5813 Marcionistarum
1611 5762 1855 5821 haeresim
1896 5742 1992 5824 suo
2034 5742 2271 5841 tempore

3916 388 4006 448 66

2417 508 2648 579 riguisse
2676 526 2689 560 :
2721 508 2829 563 imo
2865 507 3275 578 disputationem
3306 522 3465 579 quam
3507 522 3630 563 cum
3659 506 4022 564 Marcionista

2418 597 2645 669 quodam
2696 582 2877 653 habuit
2922 600 3085 653 refert
3130 597 3353 652 llomilia
3399 599 3553 653 tertia
3601 599 3655 653 in
3703 598 3869 667 Epist.
3926 595 4013 651 ad

2419 689 2780 745 Philemonem
2794 688 2880 760 (T.
2911 689 3218 757 millesimo).
3246 687 3380 743 Cum
3402 689 3544 743 enim
3566 688 3793 757 probare
3817 687 4023 751 vellet,

2418 783 2582 838 Deum
2609 782 2765 837 etiam
2785 796 2906 836 cum
2930 794 3116 850 poenas
3138 781 3357 849 expetit,
3381 780 3578 834 bonum
3605 788 3659 835 et
3676 777 4021 834 clementes.

2416 886 2558 935 esse,
2586 880 2640 926 et
2667 871 2809 925 hunc
2834 871 3009 925 locum
3034 868 3246 925 aﬂ'erret
3278 887 3291 923 :
3321 868 3498 923 Solem
3531 868 3657 923 oriri
3684 879 3825 922 curat
3844 883 4026 938 super

2418 962 2578 1016 malos
2604 951 2652 1016 el
2677 961 2856 1026 bonos,
2882 962 3011 1031 pluit
3038 976 3187 1030 super
3204 961 3375 1031 justos
3407 968 3454 1013 et
3480 960 3699 1029 injustas
3726 974 3747 1013 :
3771 958 4015 1013 Marcio-

2420 1054 2557 1109 nista
2581 1054 2672 1123 qui
2696 1051 2884 1107 aderat
2925 1051 3199 1121 respondit
3232 1070 3243 1105 :
3273 1049 3330 1105 Si
3367 1060 3709 1122 peccatorum
3734 1049 4026 1104 rationem

2418 1157 2525 1198 non
2563 1150 2857 1213 expeteret,
2898 1142 2949 1196 id
2989 1142 3242 1197 bonitatis
3277 1141 3423 1208 fore;
3455 1141 3501 1195 si
3540 1147 3784 1210 expetat,
3810 1138 3863 1194 id
3886 1138 4030 1208 jam

2418 1232 2672 1287 bonitatis
2703 1247 2809 1286 non
2846 1245 2984 1287 esse.
3025 1230 3221 1286 Contra
3260 1245 3389 1285 vero
3427 1228 3842 1301 Cbrysostomus
3871 1243 4027 1299 pro—

2416 1323 2581 1390 bavit,
2636 1322 2824 1387 Deum,
2869 1322 2915 1376 si
2968 1323 3227 1377 rationem
3284 1336 3391 1375 nou
3438 1330 3673 1390 expetat,
3723 1334 3829 1374 non
3877 1332 4027 1374 esse

2418 1414 2638 1481 bonum,
2676 1422 2731 1468 et
2756 1413 2876 1483 quia
2906 1414 3125 1483 expetit,
3156 1412 3276 1467 ideo
3306 1412 3503 1467 bonum
3530 1427 3672 1467 esse.
3709 1410 3842 1476 Quia
3870 1424 4027 1464 vero

2415 1512 2728 1575 argumenta
2756 1504 2872 1571 ejus
2899 1505 3076 1557 omnia
3108 1504 3307 1557 referre
3335 1504 3589 1572 longioris
3615 1510 3759 1557 esset
3784 1515 3975 1571 opera:
4000 1539 4022 1566 ,

2416 1596 2486 1651 ad
2512 1597 2686 1651 locum
2718 1599 2888 1665 ipsum
2913 1594 3171 1650 mittimus
3198 1594 3382 1662 (Temo
3409 1594 3636 1665 quarto).

2488 1685 2669 1741 Manes
2696 1693 2753 1740 et
2785 1684 3060 1741 Manichaei
3077 1725 3092 1751 ,
3122 1699 3257 1754 quos
3283 1686 3478 1754 passim
3509 1684 3801 1740 insectatur
3828 1684 4021 1757 Chry-

2418 1786 2685 1832 sostomus
2722 1776 2991 1840 dicebant,
3032 1784 3090 1830 ut
3117 1775 3349 1830 Marcion
3376 1784 3432 1830 et
3460 1776 3789 1842 Valentinus,
3826 1786 4021 1830 mate-

2427 1867 2559 1923 riam
2589 1876 2714 1923 ante
2741 1868 2922 1922 mundi
2950 1867 3273 1923 creationem
3299 1867 3567 1922 exstitisse
3594 1866 3777 1938 (Temo
3805 1865 4016 1936 tertio).

2420 1958 2535 2013 Non
2574 1968 2783 2029 poterat
2812 1958 2954 2013 enim
2988 1958 3147 2023 Dens,
3170 1957 3495 2027 iuquiebant,
3517 1956 3771 2011 mundum
3804 1971 4015 2012 creare

2421 2048 2622 2119 absque
2636 2050 2877 2103 materia.
2897 2048 3100 2102 Bonttm
3122 2056 3177 2103 et
3200 2048 3396 2118 malum
3430 2048 3587 2103 deum
3609 2047 3962 2102 admittebant
3996 2066 4014 2100 :

2420 2139 2620 2193 malum
2648 2138 2806 2194 deum
2837 2138 3035 2193 veteris
3068 2138 3389 2193 Testamenti
3434 2147 3705 2193 auctorem
3757 2153 3877 2194 esse
3915 2137 4017 2192 af-

2421 2229 2729 2295 ﬁrmabant,
2772 2230 2971 2285 bonum
3033 2238 3212 2285 autem
3257 2230 3379 2285 novi
3422 2229 3749 2285 Testamenti
3792 2228 4012 2300 (Temo

2418 2320 2650 2389 septimo)
2688 2321 2794 2375 imo
2832 2332 3067 2378 veterem
3110 2322 3279 2391 legem
3320 2337 3385 2375 ex
3424 2320 3636 2375 diabolo
3683 2337 3804 2377 esse
3851 2321 4011 2376 diec~

2419 2412 2566 2465 bant.
2603 2411 2785 2481 (Temo
2813 2411 2999 2484 primo)
3030 2411 3363 2467 Patriarchas
3401 2420 3580 2467 autem
3621 2423 3675 2467 et
3707 2413 4010 2483 prophetas

2418 2501 2539 2556 ideo
2563 2501 2907 2569 spernebant,
2939 2502 3080 2572 quod
3116 2503 3169 2556 in
3195 2504 3359 2557 veteri
3391 2504 3506 2573 lege
3539 2502 3781 2558 fuissent.
3813 2503 4011 2573 (Temo

2414 2590 2617 2661 quarto)
2644 2592 2809 2646 Deum
2835 2606 2962 2646 vero
2988 2601 3283 2647 creatorem
3301 2607 3421 2647 esse
3437 2593 3697 2662 negabant
3724 2591 4008 2662 (Ibidem);

2416 2683 2524 2735 imo
2551 2689 2790 2736 naturam
2809 2683 2955 2750 quasi
2980 2697 3083 2737 non
3107 2681 3295 2737 factam
3315 2682 3661 2750 Itonorabant(
3684 2682 3743 2737 T.
3768 2685 4002 2755 octavo).

2415 2769 2595 2839 Neque
2608 2780 2787 2825 tamen
2802 2772 2899 2825 sibi
2917 2773 3298 2837 constabant,si
3314 2773 3381 2827 de
3397 2774 3498 2827 illis
3511 2775 3911 2843 intelligendum
3928 2778 4005 2829 sit

2415 2863 2468 2920 id
2484 2865 2624 2934 quod
2645 2864 3216 2934 dicitChrysostomus,
3236 2875 3293 2919 ut
3322 2866 3539 2920 omnino
3568 2866 3854 2921 verisimile
3871 2878 3959 2922 est
3984 2884 3998 2919 :

2419 2954 2657 3020 Quidam,
2678 2955 2847 3024 inquit
2864 2955 3071 3023 (Ibid.),
3093 2956 3252 3008 alium
3284 2971 3389 3009 esse
3415 2956 3591 3009 mundi
3617 2965 3898 3011 creatorem
3918 2958 4006 3010 di-

2413 3053 2551 3110 cunt,
2575 3061 2825 3113 operaque
2852 3046 3067 3098 visibilia
3100 3062 3198 3098 non
3225 3046 3335 3115 ejus
3364 3062 3488 3111 esse,
3517 3046 3606 3100 sed
3639 3048 3845 3101 alterius
3874 3047 4002 3117 Dei,

2411 3134 2512 3202 ipsi
2533 3136 2792 3189 contrarii.
2828 3134 2952 3189 ldeo
2979 3144 3155 3189 autem
3194 3138 3533 3205 reprobatam
3562 3138 3726 3192 fuisse
3750 3148 4002 3195 veterem

2412 3225 2583 3293 legem
2612 3225 2876 3290 dicebant,
2905 3227 3026 3295 quia
3054 3242 3080 3279 a
3110 3227 3249 3281 malo
3287 3228 3389 3281 dco
3418 3225 3577 3291 facta,
3609 3227 3746 3282 mala
3784 3236 3839 3282 et
3877 3229 4000 3301 ipsa

2412 3325 2544 3379 erat,
2574 3327 2730 3386 atque
2761 3317 2862 3371 hoc
2878 3317 3116 3386 Apostoli
3150 3317 3292 3371 dicto
3322 3320 3606 3373 utebantur
3637 3336 3651 3372 :
3683 3319 3998 3392 Reprobatie

2410 3407 2608 3474 quidem
2633 3408 2691 3476 ﬁt
2716 3408 3043 3476 praecedentis
3068 3410 3293 3462 mandati
3319 3411 3910 3480 propterﬂinﬁrmitatem
3948 3421 4000 3469 et

2410 3496 2727 3550 inutilitatem
2750 3495 2932 3565 (Hebr.
2952 3498 3003 3551 7.
3034 3498 3141 3566 18).
3168 3498 3307 3552 Ecce
3333 3499 3541 3560 Paulus,
3566 3501 3869 3570 inquiebant
3891 3502 3995 3571 illi,

2407 3587 2602 3640 malum
2626 3586 2753 3641 dicit
2772 3588 3073 3641 mandatum
3093 3587 3273 3655 (Temo
3291 3590 3633 3661 duodecimo).
3660 3588 3765 3647 Sed
3780 3595 3993 3650 attende

2407 3677 2692 3748 diligenter,
2722 3679 2933 3747 reponit
2962 3678 3377 3749 Cbrysostomus
3416 3699 3428 3734 :
3459 3698 3560 3735 non
3586 3684 3707 3735 dicit
3750 3686 3889 3752 quod
3922 3688 4002 3743 sit

2407 3772 2639 3824 vitiosum
2681 3780 2728 3824 et
2766 3788 2997 3839 pravum,
3039 3771 3127 3825 sed
3167 3780 3371 3841 prepter
3411 3774 3759 3843 inﬁrmitatem
3798 3777 3907 3847 ejus
3941 3788 3996 3832 et

2406 3860 2743 3916 inutilitatem.

2475 3954 2725 4008 Naturam
2766 3963 2999 4009 nostram
3032 3970 3155 4011 esse
3197 3956 3391 4011 malam
3431 3956 3770 4013 affirmabant
3800 3959 3990 4030 (Tento

2406 4045 2642 4115 secundo)
2679 4063 2691 4099 :
2723 4055 3004 4115 tamenque
3052 4048 3174 4116 quia
3216 4063 3320 4101 non
3372 4057 3546 4117 potest
3594 4049 3838 4118 impietas
3891 4067 3987 4109 se-

2405 4149 2525 4189 cum
2577 4150 2786 4204 semper
2829 4137 3130 4191 consentire
3151 4179 3165 4200 ,
3198 4138 3251 4190 in
3277 4154 3430 4191 canes
3478 4148 3525 4191 et
3553 4140 3725 4193 simias
3752 4145 3989 4212 ferasque

2404 4226 2566 4280 omnis
2607 4228 2803 4297 generis
2838 4228 3059 4281 divinant
3102 4230 3369 4282 essentiam
3407 4230 3730 4295 inducebant,
3763 4233 3988 4290 dicentes

2404 4319 2623 4383 ferarum
2652 4318 2875 4369 omnium
2901 4306 3098 4371 animos
3124 4335 3186 4371 ea:
3209 4318 3380 4371 divina
3408 4322 3623 4373 essentia
3649 4337 3789 4387 esse;
3821 4320 3894 4377 ita
3925 4334 3988 4378 ut

2403 4409 2557 4478 longe
2577 4412 2860 4467 nobiliores
2887 4414 3078 4467 animae
3098 4412 3331 4468 ferarum
3361 4426 3542 4471 essent
3564 4418 3846 4475 animabus
3877 4418 3981 4476 bo-

2402 4502 2621 4554 miuum.
2650 4503 2955 4559 Creaturam
3004 4521 3130 4559 vero
3176 4506 3449 4561 Manicluei
3477 4509 3659 4579 (Temo
3707 4512 3903 4581 tertio).
3933 4524 3983 4568 et

2398 4594 2487 4647 alii
2516 4595 2735 4649 hwretici
2769 4598 2993 4666 quidam,
3025 4600 3106 4653 dei
3134 4617 3233 4653 non
3262 4601 3377 4656 boni
3415 4618 3543 4671 opus
3571 4620 3679 4659 esse
3705 4606 3984 4664 dixerunt:

2397 4683 2601 4754 quidam
2627 4702 2777 4739 unam
2796 4689 2907 4757 ejus
2934 4699 3126 4758 partem
3146 4692 3373 4745 avulsam
3398 4709 3428 4745 a
3452 4696 3665 4761 caeteris,
3688 4705 3984 4763 spontaneo

2396 4776 2617 4830 materia:
2640 4778 2990 4844 attribuerunt,
3015 4798 3221 4851 eamque
3243 4784 3505 4853 indignam
3525 4802 3631 4839 esse
3658 4786 3752 4839 Dei
3772 4787 3980 4855 Opi/icio

2383 4867 2709 4934 judicarunt.
2738 4868 2885 4924 Licet
2921 4881 3099 4927 autem
3145 4872 3463 4929 Manicbtcos
3506 4890 3613 4930 non
3646 4878 3885 4932 nominet
3924 4879 3978 4934 in

2395 4956 2531 5011 libro
2559 4957 2627 5012 de
2656 4957 3058 5027 Prophetiarum
3084 4963 3429 5031 obscuritate,
3462 4967 3583 5022 illos
3610 4976 3783 5023 tamen
3812 4970 3979 5040 respi-

2392 5047 2463 5101 eit
2490 5063 2609 5103 eum
2642 5049 2911 5120 impugnat
2954 5068 3048 5108 eos
3087 5054 3175 5124 qui
3206 5054 3452 5113 dicebant
3486 5074 3683 5129 corpus
3707 5074 3826 5116 esse
3853 5076 3975 5115 ma-

2391 5138 2535 5203 lum;
2578 5139 2895 5211 illos-umque
2935 5158 3173 5200 errorem
3209 5146 3447 5216 depellit,
3492 5164 3598 5218 quo
3638 5148 3975 5208 afﬁrmabant

2392 5228 2580 5282 malam
2608 5243 2724 5284 ease
2750 5240 2989 5287 naturam
3014 5232 3196 5305 (Temo
3224 5237 3480 5310 septimo).

2458 5320 2777 5375 Manichteus
2798 5323 2957 5379 Persa
2979 5326 3395 5384 incarnationem
3425 5330 3580 5387 Verbi
3608 5331 3696 5387 Dei
3720 5334 3972 5405 negabat,

2390 5420 2444 5464 ut
2492 5420 2547 5466 et
2590 5412 2822 5467 Marcion
2869 5424 2923 5470 et
2967 5416 3298 5485 Valentinus,
3344 5420 3657 5491 dicebatque
3696 5422 3969 5483 Christum

2388 5504 2598 5558 nonnisi
2656 5519 2751 5573 per
2797 5509 3028 5575 speciem
3072 5510 3383 5577 advenisse,
3431 5514 3613 5583 sicque
3661 5515 3965 5574 Docitarum

2388 5591 2612 5649 ile‘CSln
2634 5598 2919 5652 renovabat
2950 5598 3131 5665 (Temo
3160 5603 3350 5669 tertio).
3374 5602 3625 5671 Idemque
3645 5605 3965 5663 Manichacus

2386 5685 2602 5751 perinde
2638 5696 2796 5757 atque
2834 5688 3084 5756 Marcion,
3131 5691 3398 5748 Christum
3445 5710 3550 5751 non
3593 5708 3713 5754 esse
3746 5708 3959 5755 creato-

2385 5792 2497 5833 rem
2524 5781 2859 5836 asseverabat
2887 5780 3066 5853 (Temo
3095 5785 3351 5855 septimo).
