4176 6478
447 99 466 108 Ὦ
481 97 498 104 ’θ’
516 96 521 97 ⁷

100 96 535 185 ίη

105 143 131 161 ,τ
188 154 197 167 Ὠ
239 137 275 169 1".
370 146 391 157 η.
434 146 449 171 (ι
472 152 475 153 ν
498 136 523 169 ο,Δ

110 186 117 193 ι.
138 174 171 201 "Li
200 182 211 195 ο
246 168 313 199 η,ᾲῙ,
340 192 367 197 η,
462 178 483 187 ⁸*

100 192 137 237 i’:

100 340 113 423 δ
176 390 257 463 ᾳ
909 375 1081 449 eum
1121 372 1186 430 IN
1224 367 1567 430 OPERIBUS
1604 359 2091 422 crtuvsos'ront
2133 347 2669 415 ousunvmrun.
3371 343 3437 399 ax

220 518 508 593 ws
530 517 710 591 hquis
731 514 1175 588 Chrysustomus,
1202 520 1365 565 canes
1402 503 1615 559 mutiel.
1643 513 1729 554 ra-

170 616 511 689 κείρω
534 612 753 685 quidem:
783 623 896 680 pra
928 621 991 663 se
1026 604 1204 662 {erant
1240 599 1553 664 modestiae,
1587 594 1730 689 intus

171 778 329 872 μή
380 797 658 855 occultant
705 791 909 864 (Tomo
956 786 1180 859 quarto)
1223 804 1236 839 :
1278 799 1343 838 ex
1415 780 1521 872 hoc
1576 778 1730 872 loco,

175 869 430 951 ὡραῖοι
453 887 567 951 tibi,
599 884 751 939 hodie
774 897 971 937 mecum
990 879 1088 933 eris
1110 878 1163 932 in
1186 873 1427 945 paradiso
1452 869 1605 940 (Luc.
1635 869 1726 924 25.

172 985 267 1055 ιδ),
290 982 607 1046 tolerabant,
655 976 1063 1033 retributionem
1090 972 1236 1026 illam
1274 968 1470 1023 animae
1511 963 1737 1020 latronis

174 1078 398 1147 integunt
435 1071 633 1128 factum
674 1068 843 1123 fuisse
881 1074 938 1121 et
974 1076 1263 1132 numquam
1304 1056 1421 1114 fore
1447 1068 1735 1147 corporum

175 1145 587 1223 instructionem
612 1180 629 1217 :
654 1174 791 1231 quos
817 1156 1031 1228 egregie
1052 1151 1249 1209 refellit
1271 1149 1414 1204 idem
1435 1147 1493 1201 S.
1523 1145 1736 1208 doctor,

176 1267 225 1314 ut
240 1257 450 1328 quisque
474 1254 661 1310 videre
701 1251 888 1322 possit.
925 1246 1177 1303 Dicebant
1201 1256 1415 1313 quoque
1440 1254 1537 1309 per
1562 1251 1742 1292 resur-

177 1350 435 1407 rectionem
476 1344 704 1414 intelligi
744 1350 975 1398 mortem
1001 1346 1056 1395 et
1088 1334 1461 1392 liberationem
1489 1345 1522 1386 a
1552 1342 1741 1400 pecca-

178 1442 233 1498 tis
250 1438 417 1513 (το-ιο
440 1435 685 1506 decium).

232 1551 568 1608 Atlinnabant
590 1592 605 1611 ,
626 1548 798 1618 inquit
825 1546 1245 1616 Cbrysostomus
1265 1538 1451 1613 (Tomo
1476 1532 1739 1607 septinw),

181 1643 420 1699 Isniehzi
470 1642 733 1696 malitiam
768 1653 891 1694 esse
937 1639 1211 1692 immotam
1260 1632 1346 1688 vel
1389 1630 1741 1693 immobilem,

183 1750 324 1804 neqne
356 1747 513 1804 posse
548 1730 791 1803 superari
822 1738 878 1784 et
914 1726 1098 1793 avelli,
1141 1722 1334 1779 diaboli
1376 1738 1484 1776 rem
1516 1726 1739 1791 agentes,

185 1826 242 1880 ait
278 1826 376 1890 ille,
421 1832 467 1877 et
514 1839 713 1887 eorum,
767 1820 854 1891 qui
901 1804 1073 1872 uirtuti
1119 1830 1331 1885 operam
1371 1813 1496 1866 dare
1538 1810 1742 1874 vellent,

183 1934 333 1969 nam
364 1915 718 1979 dissolvent“,
760 1911 1015 1977 uitamque
1050 1922 1247 1962 antnem
1283 1912 1574 1959 avertentes.
1607 1900 1747 1955 Nunt

185 2008 253 2077 qui
281 2008 378 2060 lta'c
400 2004 712 2076 persuadere
744 2010 1018 2065 conantur,
1050 2014 1151 2052 non
1191 2001 1368 2069 futura
1404 2003 1601 2048 tantum
1630 2008 1748 2062 pes-

186 2100 403 2162 umdant,
440 2097 530 2152 sed
566 2095 842 2167 pra'sentia
882 2108 1080 2163 quoque
1109 2090 1360 2159 susdeque
1385 2097 1603 2142 uertunt.
1636 2086 1750 2141 Ιωο

187 2190 399 2244 dieelnut
435 2189 635 2243 malum
669 2200 790 2241 esse
828 2184 1142 2254 ingenitum.
1171 2180 1367 2248 Quanti
1396 2188 1580 2233 autem
1624 2178 1752 2232 hinc

188 2294 366 2335 errores
400 2286 761 2348 sequerentur
801 2276 993 2345 probat
1021 2273 1109 2328 ille
1144 2281 1199 2327 et
1234 2269 1494 2340 lucifugas
1532 2268 1752 2339 depellit

188 2368 348 2437 (Tom
392 2366 583 2439 nono).
609 2366 752 2421 Alibi
804 2379 1018 2436 quoque
1055 2363 1171 2418 haec
1217 2362 1422 2432 profert
1453 2381 1467 2415 :
1497 2360 1598 2414 Per
1649 2376 1751 2429 pu-

190 2460 387 2513 tida-tos
409 2457 818 2513 Haniclueorum
839 2454 1070 2508 diabolus
1089 2469 1144 2507 se
1165 2453 1446 2524 ingenitum
1466 2468 1572 2504 esse
1590 2450 1710 2503 dicit
1733 2466 1753 2503 :

188 2567 318 2616 nam,
355 2550 525 2620 inquit
555 2548 681 2613 ille,
735 2546 1016 2601 Haniclus‘i
1055 2546 1287 2599 dicebant
1342 2543 1483 2614 apud
1526 2542 1755 2596 Paulum

190 2646 310 2695 una
348 2643 499 2714 hujus
548 2641 729 2696 seculi
771 2640 1062 2712 significare
1113 2638 1375 2693 diabolum
1416 2635 1617 2708 (Tomo
1674 2635 1757 2689 de-

190 2738 298 2789 cim
314 2736 333 2804 )

245 2848 527 2905 Encratltas
578 2862 688 2903 una
746 2861 871 2901 cum
929 2845 1287 2901 Marcionistis
1342 2853 1397 2899 et
1448 2840 1757 2897 Manichmis

192 2940 541 2997 couimemorat
600 2937 1243 3011 Chrysostomus(1‘omo
1302 2936 1618 3005 undecimo).
1682 2934 1758 2989 De

193 3034 273 3090 lue
294 3042 458 3090 autem
497 3033 699 3088 haeresi
745 3031 1023 3115 rarissime
1058 3030 1221 3085 verba
1264 3030 1428 3095 facit;
1471 3039 1760 3099 tamenque

191 3137 269 3177 suo
291 3135 519 3195 tempore
544 3122 847 3178 Encratitte
873 3122 1051 3177 adhuc
1079 3120 1382 3176 Antiochia:
1417 3128 1591 3186 erant,
1622 3127 1760 3173 teste

195 3214 473 3283 Epiphanio.
510 3214 823 3270 Encratitas
864 3228 970 3267 non
1016 3213 1182 3267 semel
1213 3220 1601 3267 commemorat
1640 3209 1760 3265 Cle-

196 3320 318 3360 mens
343 3299 762 3370 Alexandrinus”,
791 3303 881 3374 qui
911 3302 1050 3359 libro
1071 3304 1102 3358 7
1124 3302 1458 3359 Stromatum
1494 3302 1606 3369 ait,
1638 3302 1760 3357 illos

195 3400 274 3452 ἀπὸ
313 3399 551 3470 ἐνεργείας,
600 3400 702 3451 amt
752 3403 1022 3469 ἐγκρατείας
1064 3398 1143 3451 sic
1192 3395 1472 3466 appellari.
1501 3394 1761 3465 Origenes

195 3499 345 3544 matrs
382 3482 599 3547 Celsum
654 3489 786 3545 dicit
835 3490 982 3560 ipsos
1019 3505 1125 3543 non
1170 3489 1452 3544 admisisse
1494 3488 1762 3559 Epistolas

198 3580 335 3638 Pauli.
382 3583 571 3639 Narrat
626 3598 756 3639 vero
812 3583 1075 3639 Eusebius
1123 3583 1264 3639 Hist.
1318 3583 1468 3640 Eccl.
1525 3600 1580 3655 p.
1635 3583 1761 3649 M9,

200 3670 329 3742 hujus
368 3674 636 3731 hereseos
688 3682 964 3731 auctorem
1019 3674 1182 3730 fuisse
1238 3675 1542 3730 Tatianum.
1600 3676 1789 3746 ldque'

199 3764 440 3821 untllnnat
477 3767 642 3823 etiam
676 3764 1031 3837 Epiphanius,
1070 3766 1161 3839 qui
1201 3766 1347 3821 addit
1393 3767 1517 3823 illos
1552 3766 1775 3821 Tatiani

200 3858 417 3915 doctrinm
460 3860 717 3931 quadam
771 3859 1054 3929 adjecisse,
1111 3860 1393 3930 scripturis
1441 3860 1766 3931 apocryphis

204 3965 303 4005 usus
325 3952 501 4019 fuisse,
532 3968 735 4022 nempe
756 3953 905 4008 Actis
930 3953 1180 4021 Andreae,
1201 3952 1424 4008 Joannis
1444 3962 1498 4009 et
1518 3952 1762 4018 Thomm;

204 4044 379 4112 nuptias
412 4060 477 4098 ex
510 4044 735 4099 diabolo
780 4058 902 4099 esse
938 4038 1204 4109 docuisse,
1245 4045 1481 4100 animata
1520 4043 1770 4115 repudia-

207 4135 333 4197 tisse,
364 4149 551 4205 aquam
594 4135 774 4190 solum
806 4133 1115 4211 adhibuisse
1155 4135 1208 4191 in
1251 4136 1554 4206 mysteriis,
1584 4136 1766 4190 vinum

206 4234 302 4278 esse
350 4223 672 4281 diabolicum
723 4226 1025 4295 potavisse,
1082 4227 1533 4283 resurrectionem
1589 4236 1768 4284 tamen

212 4311 304 4372 iure
327 4319 637 4387 credidisse,
674 4319 1087 4389 temperantiam
1119 4319 1478 4407 signulavisse.

258 4429 393 4489 Iulli
419 4445 574 4493 erant
616 4443 866 4506 tempore
896 4434 1290 4508 Chrysostomi,
1321 4438 1413 4508 qui
1441 4437 1629 4509 genesi
1656 4438 1773 4494 sive

208 4524 604 4598 genethlialogiae
646 4524 851 4581 dabam
876 4540 1119 4596 operam,
1155 4526 1355 4599 quique
1392 4542 1463 4583 ex
1502 4537 1772 4584 astrorum

209 4625 338 4670 cursu
369 4627 420 4672 et
446 4617 832 4689 conjunctione
858 4616 1035 4674 futura
1066 4618 1452 4689 pradicebant,
1483 4628 1539 4675 et
1567 4628 1627 4676 ut
1649 4636 1772 4676 cre-

211 4704 313 4763 dere
346 4720 444 4776 est,
485 4711 701 4787 multos
734 4710 1064 4779 alliciebant,
1101 4712 1193 4783 qui
1238 4722 1297 4769 ut
1335 4711 1513 4768 futura
1549 4713 1650 4769 sibi
1689 4714 1775 4768 vel

211 4794 323 4854 bona
347 4804 423 4858 vel
450 4804 593 4861 mala
624 4814 1048 4875 praenoscerent,
1078 4806 1148 4862 ad
1176 4807 1479 4878 astrologos
1504 4806 1626 4863 illos
1655 4823 1778 4878 pro-

220 4894 464 4963 perabant,
496 4905 557 4953 ut
585 4897 711 4952 data
738 4898 1020 4965 mercede,
1049 4915 1174 4970 quae
1198 4900 1305 4956 sibi
1339 4909 1600 4957 eventura
1624 4910 1782 4957 erant

214 4980 481 5042 discerent
525 4986 736 5058 (Tomo
783 4990 1053 5059 septimo).
1095 4990 1207 5046 Hos
1245 4991 1597 5047 vehementer
1638 4993 1782 5048 inse-

215 5080 357 5132 dslur
398 5076 822 5153 Cltrysostomus
859 5080 1044 5151 (Tomo
1072 5080 1394 5155 duodecimo)
1433 5100 1448 5136 :
1488 5082 1782 5157 Usquequo,

216 5160 377 5237 inquit,
404 5169 589 5225 lsdetis
617 5170 984 5227 resolutionem
1011 5182 1058 5228 et
1082 5176 1305 5245 genesim
1334 5175 1670 5230 inducentes?
1702 5176 1785 5230 Ex

218 5254 337 5315 falsis
371 5278 497 5319 vero
544 5264 1008 5337 praedictionibus,
1052 5283 1186 5337 quas
1234 5283 1381 5338 sape
1420 5268 1781 5339 protulerant,

218 5364 349 5419 eum
382 5373 515 5415 vana
560 5360 637 5415 sit
670 5374 760 5416 ars
798 5360 1104 5431 huiusmodi
1145 5362 1356 5431 probat,
1396 5362 1639 5434 nihilque
1678 5378 1786 5417 non

220 5445 305 5516 itit
328 5456 381 5505 ut
396 5451 677 5509 auditores
700 5466 827 5510 suos
849 5470 881 5509 a
906 5455 1116 5511 curiosa
1140 5466 1197 5512 et
1220 5456 1364 5511 inani
1390 5455 1781 5527 perquisitione

221 5546 414 5597 "erat.
442 5542 678 5609 Quidam
715 5558 845 5600 vero
888 5559 956 5600 ex
995 5546 1164 5616 magis
1203 5556 1260 5603 et
1289 5548 1444 5603 stella
1474 5563 1593 5618 quae
1619 5563 1788 5617 appa-

223 5630 307 5684 ruit
338 5633 387 5689 in
422 5645 543 5690 ortu
579 5634 805 5703 Christi,
849 5638 1075 5706 probare
1102 5641 1413 5696 nitebantur
1446 5641 1790 5711 astrologiam

226 5736 379 5780 veram
403 5742 523 5783 esse
550 5728 923 5799 disciplinam,
952 5747 1084 5803 quos
1117 5744 1337 5793 strenue
1364 5733 1559 5793 refellit
1585 5745 1641 5791 et
1666 5750 1795 5793 con-

226 5811 335 5875 illst
358 5817 801 5891 Clirysostomus.
1024 5832 1036 5839 ·

1909 489 2102 545 Insano
2130 498 2344 557 quoque
2369 471 3053 548 Anthropomorphitarum
3082 464 3306 522 haeresis
3323 478 3449 550 arvo

1838 582 1933 638 illo
1962 555 2194 649 vigebat.
2219 575 2283 630 Hi
2313 588 2377 630 ex
2411 574 2514 626 hoc
2535 566 2766 626 Genesis
2783 563 2946 627 dicto,
2974 559 3251 615 Faciamus
3281 555 3450 649 Itami-

172 643 511 689 *Μ
534 643 753 685 Ilum"
783 643 896 680 γεω
928 643 991 663 συ
1026 643 1095 662 ιν.
1106 643 1204 659 νυν
1241 643 1553 664 ἠν-’ππννι
1587 643 1727 649 ’ν’-⁷⁷
2019 643 2044 649 “
2277 666 2288 678 ι
2415 664 2426 675 ,
2668 659 2679 669 ι
2740 657 2753 669 ο
2781 657 2794 669 ο
2894 653 2905 663 ο
3351 643 3364 661 ⁹

172 725 295 769 κ.
422 758 425 759 ν
557 718 751 765 mam
792 699 1057 756 insaniam
1098 696 1296 759 fovent,
1340 701 1397 747 ει
1434 689 1551 745 ovis
1592 684 1733 756 pene
1794 720 1801 759 ζ
1837 688 1955 727 nem
1972 667 2252 725 secuttdum
2271 677 2544 734 imaginem
2570 669 2616 713 et
2636 654 3023 713 sunilttudmem
3045 659 3270 704 nostram
3297 646 3453 751 (ben.

302 723 377 782 Ἠ
488 723 493 763 Ι
1417 780 1425 782 ᾼ
1578 778 1590 782 -
1800 768 1805 777 ι
1846 764 1864 782 ι
1919 760 2014 782 βοὶ
2068 759 2235 782 n-.._.
2282 757 2509 782 Ιι..ηιιιηη
2560 749 2727 782 fni-mn
2788 756 2839 782 ni
2886 757 3114 782 nni-nn":
3167 740 3453 782 mus-thum]

1800 746 1805 777 ³
1841 764 1892 819 1.
1919 760 2038 833 26),
2068 759 2239 814 Deum
2281 757 2513 810 humana
2558 749 2731 805 forma
2788 756 2843 803 et
2886 757 3115 813 corpore
3167 738 3455 833 praeditum

1841 829 2008 912 fuisse
2035 845 2537 917 inferebant(Tomo
2566 838 2907 914 quarte).Hic
2934 839 3206 907 insurgunt
3232 829 3458 887 Iiwretici

1840 948 1953 1015 alii,
1973 946 2145 1015 inquit
2160 942 2271 1007 ille,
2289 939 2535 995 Ecclesia:
2548 936 2791 1006 dogmata
2805 932 3180 1001 impugnantes,
3196 933 3243 977 et
3259 923 3457 1015 dicunt,

1846 1037 1977 1093 Ecce
2006 1014 2149 1107 dicit,
2184 1032 2478 1089 Secundum
2516 1026 2790 1097 imaginem
2830 1030 3098 1082 nostram;
3138 1025 3185 1069 et
3224 1014 3346 1068 inde
3372 1028 3462 1066 υοο

1844 1133 1955 1186 lunt
1990 1129 2097 1183 Deo
2125 1127 2400 1180 humanam
2437 1123 2658 1195 formam
2684 1117 2939 1177 tribuere;
2964 1114 3020 1167 id
3052 1111 3188 1182 quod
3222 1118 3463 1164 extrenue

1844 1222 1997 1293 fuerit
2016 1220 2269 1283 amentiis,
2304 1227 2357 1271 ut
2376 1217 2420 1270 is
2445 1214 2533 1285 qui
2561 1216 2729 1284 forma
2758 1209 3020 1280 specieque
3048 1213 3216 1272 caret,
3249 1212 3297 1257 et
3327 1202 3463 1257 nulli

1845 1314 2116 1368 mutationi
2136 1310 2383 1366 obnoxius
2404 1318 2498 1376 est,
2524 1305 2616 1362 sub
2638 1304 2915 1360 ltunmnam
2936 1300 3197 1371 redigatur
3218 1300 3461 1369 formam,

1847 1415 1895 1459 et
1934 1405 2232 1473 incorporeo
2259 1398 2487 1455 membra
2526 1406 2571 1451 et
2598 1397 2906 1451 lineamenta
2933 1390 3277 1445 attribuantur
3304 1404 3322 1441 :
3350 1402 3467 1458 qua

1848 1500 1966 1553 huic
1992 1497 2194 1553 insania
2222 1513 2318 1567 par
2345 1493 2540 1566 fuerit?
2566 1490 2703 1559 Quia
2732 1503 2862 1544 vero
2889 1482 3465 1555 AnthrOpumorpltita:

1852 1588 1980 1644 hinc
2024 1602 2176 1643 suam
2226 1584 2551 1640 conﬁrmare
2595 1579 2923 1637 sententiam
2976 1591 3133 1647 posse
3176 1574 3465 1644 putabant,

1850 1678 1995 1750 quod
2022 1678 2076 1733 in
2105 1676 2380 1746 Scriptura
2403 1688 2557 1729 sacra
2585 1672 2856 1727 diceretur
2886 1669 3029 1723 Deus
3058 1679 3272 1731 manus,
3305 1661 3469 1733 pedes

1852 1783 1907 1829 et
1948 1771 2133 1828 oculos
2175 1768 2394 1832 habere,
2422 1781 2545 1838 qua:
2587 1764 2729 1819 dicta
2785 1764 3077 1817 humanam
3115 1757 3344 1812 formam
3370 1769 3467 1809 ex-

1852 1863 2087 1935 primere
2126 1858 2228 1916 sibi
2280 1856 2604 1913 videbantur
2640 1853 2839 1927 (Tomo
2869 1848 3079 1921 quinto)
3117 1866 3132 1901 :
3163 1847 3286 1902 illos
3340 1858 3467 1915 pro—

1853 1954 2001 2026 ﬂigat
2025 1952 2466 2023 Chrysostomus,
2503 1948 2623 2003 haec
2650 1946 2885 2001 vicissim
2908 1942 3172 2013 objiciens
3206 1958 3219 1995 :
3253 1939 3471 2009 Ergone

1858 2046 2046 2108 Deum,
2071 2042 2192 2114 quia
2222 2042 2275 2097 in
2299 2040 2579 2110 Scriptura
2603 2038 2800 2093 dicitur
2827 2050 3014 2092 arcum
3047 2033 3270 2089 tendere
3297 2041 3351 2087 et
3381 2045 3474 2083 sa-

1854 2138 2014 2206 gittas
2042 2133 2312 2199 emittere,
2344 2132 2718 2203 sagittarium;
2751 2136 2807 2183 et
2834 2126 2957 2198 quia
2995 2125 3229 2196 gladium
3261 2122 3475 2177 vibrare

1856 2225 2046 2292 fertur,
2091 2224 2316 2279 militem
2366 2220 2711 2293 putabimus?
2748 2234 2928 2273 annon
2969 2216 3059 2270 illa
3105 2214 3310 2276 omnia,
3353 2228 3475 2283 quae

1857 2315 2200 2385 metaphorice
2226 2322 2434 2369 tantum
2466 2311 2610 2365 dicta
2643 2317 2797 2376 sunt,
2827 2308 2907 2362 sic
2941 2306 3010 2361 ad
3044 2306 3279 2360 litteram
3311 2303 3476 2359 inter-

1859 2408 2061 2480 pretari
2080 2416 2345 2462 extremae
2368 2402 2655 2460 dementia:
2676 2401 2874 2457 fuerit?

1931 2498 2227 2563 Sabellius,
2275 2496 2450 2566 inquit
2489 2495 2681 2550 doctor
2731 2500 2917 2547 noster
2968 2488 3177 2563 (Tomo
3235 2489 3400 2558 prima
3430 2489 3471 2557 ),

1860 2606 2042 2663 genere
2060 2589 2206 2659 Afer,
2230 2605 2347 2642 cum
2383 2587 2643 2651 audisset,
2666 2582 2780 2656 Ego
2800 2592 2848 2640 et
2871 2581 3030 2637 Pater
3066 2599 3225 2636 ultum
3256 2597 3434 2635 sumus
3458 2622 3474 2647 ,

1827 2728 1832 2733 .
1862 2692 1946 2751 et,
1980 2681 2080 2748 Qui
2118 2680 2243 2734 uidit
2281 2696 2391 2747 nte,
2435 2678 2557 2733 uidit
2591 2676 2804 2732 Patrem
2834 2672 3474 2747 (Joan.10.50;l‘2.45),

1861 2789 1926 2828 ea;
1954 2774 2051 2826 hac
2079 2772 2341 2825 verborum
2365 2768 2765 2841 propinquitate,
2796 2783 2901 2837 qua
2925 2768 2994 2820 ad
3022 2767 3299 2837 genitorem
3335 2781 3481 2821 acce-

1861 2864 1981 2919 dere
2019 2863 2303 2930 uidebatur,
2349 2861 2665 2915 occasionem
2703 2860 2981 2929 impietatis
3023 2859 3262 2929 arripuit,
3309 2858 3383 2911 ita
3424 2866 3480 2911 ut

1862 2972 2023 3011 unam
2078 2972 2185 3010 esse
2231 2970 2502 3026 personam
2526 2994 2542 3021 ,
2584 2962 2631 3007 et
2678 2952 2995 3023 bypostasim
3037 2967 3192 3004 unam
3234 2960 3478 3004 censeret.

1864 3046 2121 3117 Spiritum
2162 3060 2357 3116 quoque
2383 3053 2617 3099 sanctum
2661 3060 2763 3097 non
2809 3058 2966 3097 unam
3010 3041 3315 3097 constituere
3357 3039 3481 3095 Tri-

1863 3140 2040 3194 nitatis
2095 3153 2364 3208 personam
2423 3135 2705 3207 afﬁrmabat
2729 3134 2928 3207 (Tomo
2981 3132 3192 3206 octavo)
3215 3174 3229 3199 ,
3261 3132 3485 3187 dicebat-

1863 3249 1960 3305 que
2000 3230 2213 3286 Patrem
2267 3239 2313 3285 et
2363 3229 2563 3284 Filium
2617 3238 2666 3283 et
2727 3228 2983 3299 Spiritum
3036 3236 3299 3293 sanctum,
3344 3227 3485 3280 nuda

1866 3340 1973 3379 esse
2025 3324 2234 3378 nomina
2267 3323 2358 3377 uni
2402 3338 2631 3393 personae
2672 3320 2915 3392 imposita
2947 3318 3134 3389 (Tomo
3162 3318 3483 3388 undecimo),

1866 3430 2064 3487 nempe
2102 3415 2401 3471 secundum
2438 3413 2797 3470 differentiam
2841 3412 3219 3482 operationum
3260 3428 3283 3465 ,:
3322 3426 3483 3480 quant

1869 3510 2144 3575 haeresim,
2173 3520 2229 3564 ut
2255 3525 2372 3565 aevo
2398 3524 2498 3565 suo
2524 3508 2815 3578 vigentem,
2842 3504 3043 3576 passim
3074 3503 3165 3559 ille
3190 3502 3413 3574 depellit
3430 3511 3489 3561 et

1868 3602 2106 3673 exagitat
2131 3600 2314 3673 (Tomo
2343 3599 2688 3670 duodecimo).

1941 3686 2425 3764 Frequentioribus
2471 3707 2600 3747 vero
2641 3690 2767 3748 telis
2806 3690 3029 3747 Paulum
3075 3692 3486 3747 Samosatenum

1871 3786 2081 3856 impetit
2106 3794 2163 3841 et
2201 3788 2320 3855 ejus
2357 3784 2614 3850 asseclas,
2645 3785 2733 3856 qui
2781 3794 2910 3841 tunc
2949 3798 3146 3854 magno
3182 3783 3348 3839 fuisse
3390 3801 3491 3838 nu-

1871 3892 2024 3935 mero
2062 3878 2329 3934 videntur.
2378 3877 2600 3933 Dicebat
2645 3887 2825 3935 autem
2864 3878 3063 3934 Paulus
3101 3877 3492 3934 Samosatcnus

1873 3972 2172 4041 Christum,
2195 3972 2305 4028 imo
2330 3972 2563 4027 Verbum
2590 3972 2705 4038 Dei,
2736 3982 2863 4028 tunc
2885 3972 3059 4028 solum
3082 3972 3336 4042 coepisse,
3364 3987 3490 4027 cum

1876 4064 2042 4121 Maria
2073 4066 2247 4136 ipsum
2276 4065 2463 4135 genuit
2490 4063 2689 4135 (Tomo
2717 4065 2911 4134 tertio).
2948 4063 3077 4119 Cum
3108 4065 3242 4118 enim
3263 4106 3277 4130 ,
3313 4064 3488 4134 inquit

1874 4156 2315 4228 Chrysostomus,
2345 4172 2405 4209 ea
2456 4171 2571 4226 quis
2622 4156 2676 4208 in
2728 4154 2925 4209 deserto
2981 4150 3124 4223 gesta
3179 4164 3333 4221 sunt,
3367 4165 3487 4207 ante

1878 4248 2105 4305 Mariam
2133 4250 2270 4318 facta
2298 4249 2419 4313 sint,
2443 4257 2491 4300 et
2513 4246 2744 4301 Christus
2776 4248 2986 4317 (nempe
3011 4245 3110 4302 Dei
3148 4246 3393 4317 Verbum)
3415 4264 3495 4301 sc-

1878 4341 2103 4396 cundum
2122 4340 2283 4395 Pauli
2308 4356 2477 4394 vocem
2500 4338 2594 4393 illa
2618 4340 2791 4394 omnia
2808 4341 3008 4410 fecerit,
3032 4356 3235 4397 necesse
3255 4349 3327 4393 est
3347 4340 3497 4393 illum

1881 4435 2040 4505 fuisse
2077 4442 2124 4487 et
2164 4442 2285 4486 ante
2326 4440 2529 4502 partum
2559 4441 2607 4486 et
2645 4441 2763 4486 ante
2796 4433 3204 4503 parturitionem.
3242 4432 3499 4487 Dicebant

1881 4526 2080 4597 quippe
2121 4525 2313 4579 Paulus
2354 4524 2739 4580 Samosatenus
2778 4534 2832 4580 et
2877 4525 2995 4594 ejus
3036 4538 3317 4595 sequaces,
3365 4540 3499 4594 quos

1883 4617 2173 4674 Paulianos
2202 4624 2359 4672 vocat
2383 4625 2604 4672 sanctus
2629 4616 2839 4681 doctor,
2864 4616 3100 4671 Verbum
3126 4616 3219 4671 Dei
3243 4632 3349 4671 non
3375 4627 3499 4670 ante

1885 4711 2083 4766 saecula
2104 4752 2119 4777 ,
2152 4711 2261 4765 imo
2293 4724 2393 4765 nec
2415 4718 2541 4764 ante
2567 4708 2748 4763 Mariae
2779 4718 2990 4779 partum
3023 4707 3208 4789 fuisse.
3250 4709 3311 4763 Si
3340 4711 3498 4776 enim,

1886 4803 1963 4858 ait
1984 4804 2095 4867 ille,
2128 4812 2245 4856 ante
2272 4801 2459 4857 Maria
2485 4810 2711 4872 partum,
2740 4809 2787 4855 et
2812 4810 3083 4871 antequam
3107 4801 3160 4855 in
3184 4819 3339 4857 carne
3362 4819 3417 4857 se
3439 4804 3503 4856 vi-

1889 4895 2113 4950 dendum
2154 4895 2419 4965 preberet,
2448 4909 2551 4948 non
2581 4901 2688 4947 erat
2715 4890 2941 4961 (Ibidem
2965 4891 3020 4961 );
3062 4892 3315 4962 quomodo
3343 4894 3506 4963 legem

1892 4986 2103 5057 ferebat,
2127 5002 2243 5039 cum
2265 5001 2367 5039 non
2394 4983 2565 5039 esset?
2589 4982 2843 5053 quomodo
2876 4995 3049 5037 autem
3087 4984 3286 5037 dicebat
3319 4982 3507 5053 (Tomo

1890 5079 2110 5150 quinto)
2140 5095 2152 5131 :
2184 5096 2204 5130 ε
2235 5076 2477 5132 Testabor
2532 5076 2670 5130 vobis
2725 5084 3082 5130 testamentum
3132 5091 3352 5142 novum,
3406 5093 3508 5131 non

1892 5172 2023 5226 sicut
2050 5180 2424 5237 testamentum,
2449 5169 2585 5240 quod
2614 5178 2825 5223 testatus
2854 5185 2968 5223 sum
3004 5170 3234 5238 patribus
3328 5171 3512 5224 vestris

1896 5265 2029 5337 (Jer.
2057 5265 2149 5319 5|.
2167 5264 2257 5319 5t.
2278 5263 2409 5333 32)?
2438 5283 2456 5315 ι
2479 5265 2743 5332 quomodo
2762 5264 2895 5317 enim
2948 5272 3299 5316 testamentum
3356 5262 3511 5316 dabnt

1899 5357 2127 5425 patribus
2186 5371 2402 5421 eorum,
2437 5370 2552 5408 cum
2608 5354 2836 5408 nondum
2899 5361 3067 5419 esset,
3122 5363 3176 5407 ut
3237 5354 3315 5407 illi
3372 5354 3513 5424 aﬂir-

1898 5459 2039 5503 mant
2058 5449 2084 5503 ?

1973 5542 2028 5597 ln
2052 5541 2295 5597 mulieris
2315 5539 2593 5612 cujusdam
2617 5539 2863 5610 gratiam,
2889 5538 3082 5609 inquit,
3108 5539 3335 5595 salutem
3356 5555 3509 5595 suam

1904 5636 2141 5709 prodidit
2163 5635 2361 5689 Paulus
2383 5636 2798 5695 Samosatenus;
2826 5631 2914 5685 illa
2936 5642 3115 5686 autem
3141 5629 3381 5685 Zenobia
3399 5640 3516 5685 erat

1905 5731 2088 5800 regina
2118 5729 2402 5800 Palmyrae,
2435 5739 2555 5795 quze
2590 5722 2755 5779 Paulo
2782 5721 3137 5778 Samosateno
3162 5719 3407 5774 .l'avcbat.
3441 5720 3517 5777 De

1912 5823 2055 5882 illius
2084 5838 2213 5881 vero
2252 5819 2527 5879 erroribus
2564 5832 2671 5876 non
2710 5815 2862 5890 paria
2890 5814 3109 5871 omnino
3148 5811 3455 5870 referuntur
3481 5828 3510 5870 δ
