4176 6460
707 386 774 439 69
2017 357 2334 419 SYNOPSlS
2375 358 2605 418 EORUM
3904 384 3991 437 7"

705 511 1054 579 scriptoribus
1082 508 1476 574 ecclesiasticis,
1521 507 1824 571 Athanasio,
1860 507 2108 574 Eusebio,
2151 507 2272 577 Epi-

706 605 899 673 phanio
928 613 981 657 et
1018 600 1323 667 Pliilastrio.
1361 599 1584 668 Quidam
1622 609 1806 670 putant
1847 599 2027 666 illum,
2059 598 2277 668 perinde

703 705 862 762 atque
903 690 1217 755 Sabellium,
1259 691 1564 744 identitatem
1617 702 1960 758 personarum
2012 688 2182 742 Patris
2225 697 2279 743 et

702 784 822 859 Filii
844 793 896 838 et
921 784 1154 853 Spiritus
1179 782 1366 846 sancti,
1391 795 1562 848 neque
1585 790 1690 834 tres
1709 794 1960 849 personas
1984 779 2278 835 admisisse.

707 874 1075 930 Thcodoretus
1112 888 1240 928 vero
1279 872 1370 927 lib.
1419 873 1442 926 1
1490 871 1557 926 de
1598 871 1868 926 Hmreticis
1905 869 2120 934 fabulis,
2152 870 2280 926 dicit

703 968 922 1021 Paulum
965 965 1366 1020 Samosatenum
1411 978 1629 1034 negasse
1663 963 1804 1034 quod
1837 961 1992 1018 Jesus
2028 962 2276 1018 Christus

709 1061 866 1114 luerit
895 1059 1049 1121 Deus,
1085 1056 1239 1125 idque
1267 1055 1412 1111 clare
1441 1056 1566 1110 dicit
1613 1055 1939 1110 Philastrius.
1977 1056 2124 1110 Illam
2153 1070 2279 1110 vero

705 1149 1019 1204 sentcnliam
1067 1155 1338 1216 oppugnat
1375 1157 1427 1202 ct
1477 1148 1642 1216 carpit
1683 1160 1745 1200 ex
1792 1144 1875 1200 his
1913 1144 2277 1218 Chrysostomi

706 1235 1080 1305 verbis(Tomo
1111 1237 1396 1306 undecimo)
1424 1255 1438 1290 :
1469 1237 1565 1303 Qui
1594 1237 1844 1291 descendit
1870 1239 1975 1307 ipse
2003 1248 2094 1301 est,
2124 1247 2170 1292 et
2196 1239 2280 1308 qui

706 1329 926 1382 ascendit
952 1345 1102 1397 super
1125 1345 1292 1382 omnes
1318 1329 1485 1393 cmles,
1515 1341 1566 1380 ut
1587 1328 1881 1400 adimpleret
1911 1332 2098 1384 omnia.

775 1420 908 1474 Cum
949 1420 1013 1474 iis
1056 1420 1210 1473 etiam
1252 1417 1466 1472 Paulum
1498 1418 1900 1474 Samosatenum
1945 1431 2278 1483 annumerat,

706 1513 792 1581 qui
815 1508 1182 1566 resurrectioni
1202 1523 1302 1564 non
1320 1507 1607 1564 credebant
1627 1508 1808 1581 (Temo
1839 1510 2056 1580 quinte).

779 1601 1315 1657 Melchisedecitarum
1343 1615 1550 1670 quoque
1573 1601 1791 1657 haeresis
1819 1602 2023 1671 vigebat
2046 1601 2278 1672 Chryso-

711 1692 869 1747 stomi
901 1705 1033 1755 :evo,
1081 1705 1212 1760 quos
1247 1689 1744 1748 Blclcbisedecianos
1780 1702 1930 1746 vocat
1962 1693 2283 1761 Epiphanius

708 1783 902 1855 (Temo
928 1785 1128 1851 sea-te).
1193 1783 1252 1837 lli
1308 1782 1551 1837 dicebant
1588 1782 2023 1838 Melchisedeeum
2076 1782 2284 1837 Christo

709 1873 962 1942 majorem
1003 1888 1143 1928 esse.
1191 1873 1293 1928 Alii
1331 1888 1515 1928 rursus
1557 1873 1800 1928 dicebant
1841 1873 2283 1929 Melchisedecnm

709 1978 828 2018 esse
852 1959 1100 2032 Spiritum
1125 1974 1383 2028 sanctum,
1407 1963 1558 2033 cujus
1584 1965 1780 2019 erroris
1807 1974 2077 2018 auctorem
2104 1961 2286 2019 Hiera-

710 2067 827 2107 eem
877 2053 1075 2120 profert
1134 2053 1474 2122 Epiphanius.
1535 2053 1643 2110 [ioc
1691 2062 1866 2108 autem
1921 2063 2281 2124 argumentum

713 2143 1031 2212 objicicbant
1050 2144 1531 2208 Melchisedeeiani;
1564 2146 1614 2200 in
1636 2146 1859 2201 Psalmis
1885 2145 1949 2200 de
1972 2145 2184 2201 Christo
2204 2146 2284 2200 di-

711 2235 887 2290 citur:
923 2233 1001 2288 Tu
1044 2251 1094 2289 es
1130 2236 1364 2289 sacerdos
1393 2237 1443 2289 in
1481 2246 1721 2290 internum
1760 2233 2030 2293 secundum
2061 2239 2284 2291 ordinem

714 2325 1043 2379 Mclchisedec
1069 2323 1238 2394 (Psal.
1264 2326 1384 2382 109.
1409 2326 1464 2398 ι)
1494 2345 1506 2380 :
1549 2328 1686 2382 unde
1729 2328 2025 2383 inferebant
2049 2343 2169 2383 cum
2197 2328 2285 2397 qui

714 2415 764 2466 in
783 2415 965 2469 ordine
991 2414 1358 2470 Melchisedcci
1381 2427 1540 2479 esset,
1564 2416 1766 2472 ordinis
1791 2419 1944 2487 capiti
1979 2427 2031 2472 et
2064 2419 2285 2487 principi

714 2503 1015 2558 inferiorem
1037 2518 1173 2559 esse.
1198 2505 1501 2576 Respondet
1520 2507 1928 2577 Chrysostomus
1950 2507 2288 2562 Melchisede—

713 2611 832 2648 cum
866 2597 1084 2663 figuram
1111 2603 1308 2648 tantum
1340 2596 1499 2650 fuisse
1527 2593 1743 2661 Christi,
1776 2603 1829 2650 ct
1856 2611 1976 2650 cum
2004 2610 2194 2665 panem
2233 2605 2288 2650 et

716 2688 890 2741 vinum
921 2687 1126 2752 obtulit,
1156 2687 1472 2742 sacriﬁcium
1497 2703 1526 2742 a
1557 2686 1767 2742 Christo
1796 2685 2120 2742 offerendum
2146 2703 2284 2757 prm-

715 2778 1023 2840 nuntiasse;
1071 2791 1134 2830 ac
1166 2791 1283 2831 cum
1311 2777 1590 2845 Apostolus
1631 2777 1791 2840 dicat,
1833 2775 1900 2830 In
1940 2778 2140 2832 nomine
2163 2777 2288 2830 Jesu

713 2882 860 2920 omne
890 2881 1020 2937 genu
1055 2868 1283 2936 ﬂectatur
1329 2865 1581 2937 (Philipp.
1619 2867 1673 2920 2.
1715 2867 1828 2938 10),
1869 2867 1993 2922 hinc
2033 2867 2286 2935 consequi

714 2958 870 3012 etiam
901 2957 1348 3014 Melchisedecum
1391 2974 1559 3030 genua
1590 2959 1801 3015 ﬂexisse
1840 2970 1964 3016 ante
1996 2960 2286 3017 Christum.

716 3048 791 3102 De
815 3047 1299 3105 Melchisedecianis
1327 3051 1436 3120 agit
1470 3051 1627 3106 etiam
1655 3051 2022 3108 Theodoretus
2062 3053 2288 3108 Haereti-

696 3153 896 3198 ,carum
944 3135 1110 3192 fabul.
1137 3138 1174 3191 Ι.
1206 3139 1293 3203 11,
1322 3149 1375 3193 et
1402 3137 1555 3194 Joan.
1598 3140 1952 3196 Damascenus
1982 3142 2181 3196 Haeresi
2219 3144 2288 3198 55

716 3227 874 3296 (Ibid.
902 3227 1065 3295 d.e.).
1109 3227 1275 3282 Judaei
1312 3243 1436 3282 vero
1465 3229 1709 3284 dicebant
1732 3230 2169 3286 Melchisedeeum
2219 3246 2285 3287 ex

718 3317 1062 3372 fornicatione
1107 3328 1286 3371 natum
1329 3318 1511 3381 fuisse,
1565 3318 1786 3389 ideoque
1829 3321 1942 3374 sine
1985 3321 2290 3391 genealogia

717 3425 854 3476 esse,
893 3409 1030 3480 quod
1060 3411 1216 3464 etiam
1254 3410 1415 3464 refert
1443 3410 1788 3480 Epiphanius.
1823 3411 2014 3476 Quibus
2045 3428 2134 3466 nos
2159 3414 2293 3467 dice-

720 3517 846 3563 mus,
879 3501 1011 3570 quod
1045 3502 1140 3569 ipsi
1173 3517 1432 3570 perperam
1476 3501 1742 3572 loquantur
1769 3519 1787 3556 :
1821 3502 2110 3557 Salomonis
2137 3505 2288 3567 ertim,

717 3592 800 3659 qui
825 3606 887 3644 ea:
913 3591 1140 3643 adultera
1174 3589 1311 3644 Uria
1334 3607 1488 3644 uxore
1511 3601 1660 3645 natus
1687 3602 1779 3657 est,
1811 3594 2099 3664 genealogia
2126 3603 2291 3649 tamen

719 3679 935 3732 ducitur.
987 3679 1090 3734 Sed
1115 3682 1350 3748 quoniam
1379 3680 1708 3736 Melchisedec
1736 3693 1887 3752 typus
1926 3694 2032 3738 erat
2062 3683 2286 3751 Domini,

719 3779 765 3820 et
804 3769 1069 3838 imaginem
1107 3769 1290 3837 ferebat
1319 3769 1524 3836 Christi,
1567 3774 1984 3847 quemadmodum
2021 3786 2068 3829 et
2106 3774 2291 3842 Jonas,

721 3859 834 3910 ideo
859 3858 1125 3925 Scriptura
1165 3861 1272 3929 ejus
1303 3871 1493 3929 patrem
1537 3865 1710 3928 tacuit,
1761 3873 1815 3916 ut
1846 3865 1896 3918 in
1923 3863 2014 3917 illo
2038 3875 2291 3936 tamquam

723 3948 772 4000 in
799 3948 1017 4017 imagine
1040 3947 1320 4015 Christum,
1365 3953 1450 4020 qui
1480 3966 1587 4005 vere
1610 3953 1718 4007 sine
1745 3963 1889 4022 patre
1917 3963 1960 4006 et
1984 3954 2092 4009 sine
2115 3973 2292 4026 genea-

726 4039 858 4108 logia
885 4047 976 4104 est,
1005 4039 1308 4094 intueamur.

794 4127 1050 4183 Catharos
1097 4130 1255 4184 etiam
1302 4131 1412 4185 sive
1457 4131 1626 4187 Puros
1666 4148 1768 4188 non
1808 4136 1970 4191 semel
2005 4138 2293 4209 impugnat,

724 4218 863 4288 quod
891 4234 951 4274 se
969 4218 1228 4275 Catharos
1253 4220 1362 4276 sive
1389 4237 1549 4291 puros
1577 4224 1834 4294 dicerent,
1865 4229 1953 4297 qui
1978 4231 2119 4284 omni
2142 4231 2297 4287 sorde

732 4309 871 4379 pleni
892 4320 1094 4378 essent,
1119 4327 1216 4366 nec
1243 4313 1348 4367 alio
1372 4328 1593 4383 usquam
1623 4318 1838 4373 nomine
1859 4321 2087 4389 appellat
2109 4322 2297 4392 (Temo

737 4400 1000 4454 undecimo
1046 4411 1095 4455 et
1147 4400 1303 4456 Temo
1349 4403 1642 4459 duodecimo
1670 4406 1711 4476 ).
1758 4407 1922 4462 Erant
1983 4419 2159 4466 autem
2225 4414 2298 4468 illi

728 4488 1023 4556 Novatiani,
1054 4490 1120 4547 de
1142 4507 1365 4562 quorum
1388 4493 1590 4564 origine
1617 4496 1777 4551 multa
1802 4497 2001 4567 profert
2023 4505 2072 4556 in
2092 4502 2301 4572 Epistoo

729 4582 796 4640 is
816 4585 925 4639 suis
954 4584 1011 4639 S.
1040 4584 1352 4654 Cyprianus,
1376 4601 1439 4641 ac
1470 4598 1588 4656 post
1614 4604 1734 4644 eum
1757 4591 2016 4649 Eusebius
2044 4594 2299 4665 Pamphili

731 4674 788 4727 in
813 4671 970 4739 ilist.,
1013 4673 1331 4746 demumque
1368 4675 1694 4747 Epiphanius
1726 4694 1789 4736 ae
1827 4692 1943 4751 post
1975 4699 2096 4739 eum
2125 4684 2306 4740 Phila-

732 4762 931 4818 strius:
963 4778 1082 4833 quae
1108 4765 1263 4820 simul
1306 4767 1480 4822 omnia
1517 4782 1797 4826 recensere
1825 4787 1929 4827 non
1959 4783 2040 4828 est
2080 4774 2301 4830 instituti

734 4856 926 4911 nostri.
970 4856 1051 4912 Ex
1079 4856 1145 4911 iis
1175 4872 1324 4923 vero,
1365 4875 1483 4928 qua:
1518 4862 1859 4918 coneionatus
1895 4873 1977 4920 est
2015 4880 2155 4921 anno
2200 4868 2304 4924 399

734 4946 1211 5026 Constantinopoli,
1261 4950 1408 5018 argui
1443 4949 1651 5005 videtur
1678 4953 1872 5008 multos
1904 4964 2029 5010 tunc
2057 4955 2220 5012 fuisse
2249 4959 2302 5011 in

736 5038 823 5093 illa
862 5038 993 5093 urbe
1021 5038 1340 5096 Novatianos
1374 5056 1464 5096 seu
1486 5042 1738 5099 Catharos
1764 5046 1853 5115 qui
1883 5062 1941 5102 se
1961 5047 2062 5103 hoc
2091 5050 2305 5104 nomine

737 5130 1120 5198 compellabant
1142 5131 1322 5203 (Temo
1349 5132 1970 5204 duodecimo).Auditores
1994 5140 2135 5194 enim
2159 5150 2306 5211 rogat

737 5228 790 5273 et
815 5218 1056 5276 obsecrat
1083 5232 1138 5276 ut
1172 5237 1202 5276 a
1244 5223 1331 5277 tali
1356 5222 1608 5293 jactantia
1637 5239 1696 5281 se
1733 5228 1984 5295 eximant,
2015 5238 2068 5285 et
2095 5230 2302 5285 illorum

739 5312 1091 5379 arrogantiam
1135 5312 1386 5378 devitem,
1434 5329 1496 5370 ac
1545 5316 1717 5384 potius
1747 5317 1936 5372 delicta
1965 5333 2059 5374 sua
2089 5321 2307 5376 abluant

739 5409 790 5454 et
819 5413 1029 5470 peccata
1053 5403 1420 5460 confiteantur.

813 5492 993 5545 Arium
1018 5502 1067 5546 ct
1085 5494 1310 5548 Arianos
1331 5494 1688 5565 iufrequenter
1708 5506 1968 5552 memorat
1992 5498 2306 5571 Chrysosto-

743 5597 879 5647 mus,
929 5585 1046 5652 quia
1080 5587 1345 5644 Anomuai.
1391 5603 1453 5640 cx
1497 5589 1811 5644 Arianorum
1843 5592 2006 5659 stirpe
2043 5595 2302 5661 prognati,

743 5687 866 5731 tunc
887 5691 979 5746 per
1003 5678 1274 5735 Orientem
1303 5682 1673 5750 grassabantur
1692 5693 1744 5737 et
1763 5684 2048 5740 catholicos
2065 5685 2310 5740 doctores

742 5773 1055 5828 exercebant
1088 5789 1102 5829 :
1135 5772 1360 5845 indeque
1381 5774 1437 5830 ﬁt
1468 5782 1727 5832 utcontra
1755 5778 2040 5836 Anomtnos
2067 5777 2156 5836 ille
2185 5765 2304 5852 peré

2388 523 2547 582 petuo
2575 510 2886 565 vclificetur.
2925 510 3000 566 De
3020 510 3148 565 Ario
3177 518 3350 564 autem
3373 509 3442 562 ait
3472 510 3553 562 illc
3578 508 3661 580 (τ.
3687 510 3734 562 i.
3765 526 3814 574 ν.
3835 507 3989 563 410.

2385 604 2470 671 a):
2495 600 2660 654 Instat
2685 601 2836 655 Arius
2877 605 2928 654 in
2966 600 3297 654 diversitatem
3322 601 3612 654 substantiae
3642 613 4000 668 personarum

2384 691 2756 744 distinctionem
2797 692 3018 744 trahens.
3053 690 3269 744 Dicebat
3315 691 3456 745 cnim
3489 691 3579 744 Dei
3605 689 3832 743 Verbum
3862 701 4000 741 non

2386 796 2603 850 semper
2634 779 2818 846 fuisse,
2865 779 2957 833 sed
2984 795 3045 834 ex
3076 779 3240 832 nihilo
3270 779 3464 834 factum
3492 788 3545 834 et
3570 786 3826 842 creatum,
3860 789 3996 830 non

2382 882 2664 939 aeternum,
2715 887 2818 926 non
2869 871 3011 925 Patri
3047 869 3219 925 simile
3257 871 3549 925 secundum
3593 868 3997 931 substantiam,

2383 982 2555 1035 neque
2581 981 2764 1020 verum
2797 964 2890 1020 Dei
2923 964 3176 1030 Verbum,
3206 973 3296 1018 aut
3340 963 3674 1033 sapientiam,
3707 961 3800 1019 sed
3827 970 4002 1015 cata-

2382 1058 2620 1112 ehrestice
2669 1058 2737 1110 ita
2789 1055 3019 1110 vocari:
3075 1067 3194 1109 esse
3240 1064 3426 1108 natura
3474 1054 3748 1117 mutabile,
3791 1065 4001 1122 neque

2384 1163 2540 1204 nosse
2562 1149 2794 1212 Patrem,
2827 1147 2934 1201 imo
2969 1162 3035 1202 nc
3062 1158 3212 1199 suam
3240 1144 3454 1216 quidem
3482 1146 3646 1216 ipsius
3678 1156 3928 1198 naturam
3975 1159 3993 1194 :

2383 1232 2600 1311 propter
2646 1253 2742 1294 nos
2781 1239 3191 1304 factum‘fuisse,
3239 1247 3295 1292 ut
3343 1237 3433 1294 illo
3471 1237 3999 1306 eeujnstrumeulo

2385 1346 2482 1385 nos
2510 1331 2765 1386 conderet
2796 1330 2934 1384 Deus
2959 1346 2974 1394 ;
3009 1345 3179 1398 neque
3209 1328 3495 1384 creandum
3524 1325 3704 1394 fuisse,
3736 1323 3838 1382 nisi
3870 1340 3998 1380 nos

2388 1423 2524 1476 Deus
2557 1421 2786 1474 condi-re
2815 1421 3088 1473 voluisset.

2460 1512 2605 1565 Hane
2653 1525 2809 1580 porro
2861 1510 3177 1564 sententiam
3228 1507 3378 1577 quasi
3432 1505 3499 1559 ab
3530 1505 3657 1560 Ario
3708 1503 3991 1574 prolatam

2389 1601 2551 1655 refert
2587 1599 2998 1670 Chrysostomus
3043 1597 3222 1670 (Temo
3247 1597 3564 1664 undecimo):
3606 1594 3724 1648 Non
3772 1603 3992 1663 poterat

2387 1691 2524 1745 Deus
2549 1705 2790 1759 generans
2815 1705 3052 1760 generare
3088 1688 3452 1758 impatibiliter.
3495 1685 3721 1754 Ideoque
3761 1698 3825 1737 ne
3851 1697 3994 1752 pas-

2389 1783 2592 1835 sionem
2623 1778 2902 1849 quamdam
2934 1780 2986 1832 in
3019 1778 3124 1833 Dco
3155 1776 3476 1839 admitteret,
3499 1775 3710 1829 dicebat
3738 1773 3990 1828 Verbum

2391 1887 2418 1923 a
2452 1871 2559 1925 Deo
2596 1885 2700 1923 non
2732 1869 2992 1938 genitum,
3041 1868 3134 1922 sed
3163 1867 3355 1922 factum
3398 1867 3741 1934 creatumque
3784 1863 3988 1918 fuisse.

2396 1980 2414 2012 ι
2450 1962 2601 2017 Arius
2633 1960 2820 2014 Filium
2853 1959 3062 2028 quidem
3095 1961 3306 2025 fatetur,
3338 1945 3430 2013 sed
3481 1967 3678 2011 tantmn
3713 1955 3932 2010 nomine
3969 1972 3988 2010 :

2388 2061 2684 2105 creaturam
2710 2047 2850 2104 enim
2878 2063 2996 2104 esse
3033 2048 3164 2103 dicit
3204 2058 3259 2104 et
3291 2049 3449 2102 Patre
3479 2047 3633 2117 longe
3659 2047 3922 2100 minorem
3959 2062 3984 2095 ι

2390 2140 2657 2214 (Ibidem).

2460 2235 2618 2288 Arius
2649 2246 2775 2288 vero
2803 2241 2852 2288 et
2883 2231 2998 2302 ejus
3027 2245 3281 2301 sequaces
3305 2229 3497 2284 Filium
3525 2243 3638 2284 rem
3667 2237 3902 2284 creatam
3923 2236 3989 2283 et

2391 2324 2703 2379 dissimilem
2730 2307 2850 2379 esse
2875 2324 3014 2378 Patri
3044 2321 3425 2392 profitebantur
3452 2337 3468 2376 :
3500 2323 3619 2391 quia
3651 2330 3824 2376 tamen
3856 2330 3992 2392 post

2391 2425 2631 2469 exortum
2661 2428 2813 2468 suum
2841 2427 2870 2466 a
2898 2411 3188 2467 Catholicis
3211 2411 3387 2466 acrius
3409 2412 3820 2481 impetebantur,
3852 2411 3990 2468 inde

2393 2505 2586 2559 factum
2618 2515 2675 2559 ut
2713 2504 2765 2559 in
2799 2504 2919 2559 fidei
2963 2502 3204 2558 formulis
3239 2517 3301 2557 ac
3329 2503 3704 2558 controversiis
3733 2501 3990 2573 quadam

2389 2594 2650 2662 celarent,
2684 2594 2786 2648 alia
2819 2593 3144 2664 mitigarent,
3174 2591 3331 2662 idque
3356 2590 3503 2647 vafre
3527 2601 3582 2646 et
3614 2591 3992 2648 fraudulenter

2391 2696 2534 2742 metu
2579 2685 2998 2755 impendentium
3049 2684 3336 2750 malorum,
3385 2691 3444 2738 ut
3488 2683 3699 2753 paulum
3751 2683 3990 2751 tempori

2391 2775 2994 2832 concederent.'Postea
3020 2791 3148 2832 vero
3175 2791 3294 2830 cum
3322 2775 3616 2844 imperante
3643 2774 3988 2840 Constantio,

2391 2884 2501 2923 sure
2535 2876 2694 2924 secta:
2733 2867 2966 2933 addicto,
3015 2869 3218 2938 majore
3247 2864 3548 2922 fruerentur
3574 2867 3839 2932 libertate,
3883 2864 3984 2920 Fi-

2393 2959 2518 3014 lium
2547 2959 2689 3014 Patri
2715 2959 3050 3024 dissimilem,
3068 2975 3368 3024 unanimum,
3393 2958 3601 3029 publice
3620 2967 3673 3012 et
3698 2958 3748 3012 in
3775 2958 3989 3012 formu-

2391 3048 2456 3102 lis
2483 3047 2604 3103 fidei
2630 3048 2893 3113 dicebant,
2927 3048 3154 3118 indeque
3184 3048 3401 3113 factum,
3433 3056 3487 3101 ut
3514 3047 3762 3110 Anemwi,
3788 3046 3988 3117 appel-

2389 3139 2647 3194 larentur.
2674 3140 2838 3194 Erant
2859 3149 3036 3194 autem
3061 3153 3253 3208 magno
3279 3151 3502 3192 numero
3529 3148 3636 3192 tum
3659 3137 3986 3203 Antiochiae,

2394 3241 2505 3286 tum
2535 3232 3024 3302 Constantinopoli,
3071 3239 3126 3286 et
3151 3231 3385 3300 quotidie
3419 3246 3540 3284 eum
3567 3229 3849 3285 Catholicis
3879 3229 3987 3285 de-

2392 3322 2683 3377 certabant.
2725 3322 2959 3377 Joannes
2985 3336 3116 3377 vero
3150 3331 3333 3376 noster
3360 3321 3552 3375 multas
3578 3319 3832 3374 adversus
3857 3319 3987 3375 illos

2393 3413 2680 3470 conciones
2729 3413 2913 3468 habuit
2967 3411 3056 3483 (T.
3109 3414 3190 3483 i),
3237 3428 3430 3482 nempe
3465 3412 3759 3467 Antiochiae
3792 3411 3986 3466 decem

2394 3505 2748 3568 continenter,
2771 3519 2923 3574 quas,
2953 3503 3280 3573 interpositis
3296 3503 3415 3557 aliis
3435 3503 3630 3558 diversi
3659 3502 3984 3570 argumenti,

2395 3598 2584 3665 partim
2613 3610 2756 3648 anno
2785 3595 2910 3660 586,
2956 3595 3145 3664 partim
3184 3593 3402 3649 ineunte
3428 3595 3550 3659 587,
3595 3592 3985 3664 pronuntiavit.

2397 3687 2541 3740 Alias
2584 3701 2794 3757 quoque
2823 3687 2976 3742 annis
3009 3687 3352 3756 sequentibus
3399 3688 3684 3741 conciones
3725 3687 3983 3742 habuisse

2394 3775 2621 3842 videtur,
2675 3791 2898 3846 quarum
2929 3791 3087 3829 unam
3115 3791 3340 3844 eamque
3372 3778 3638 3846 egregiam
3679 3775 3876 3839 detexi,
3921 3784 3984 3830 et

2396 3882 2422 3919 a
2459 3867 2728 3922 Bentzelio
2772 3883 2940 3936 nuper
2977 3865 3171 3921 editam
3210 3866 3389 3922 multis
3426 3869 3475 3920 in
3523 3866 3655 3922 locis
3697 3860 3988 3923 emendavi

2399 3955 2484 4027 (T.
2503 3957 2581 4026 6).

2469 4045 2599 4112 Quia
2626 4059 2751 4101 vero
2779 4043 3236 4116 Constantinopoli
3267 4045 3426 4100 etiam
3459 4047 3840 4101 Anomoeorum
3870 4044 3984 4102 fre-

2399 4136 2614 4206 quentia
2646 4145 2793 4200 erat;
2834 4134 3086 4201 secunda,
3117 4149 3275 4204 quam
3304 4133 3390 4188 illa
3418 4135 3550 4189 urbe
3577 4135 3775 4190 Prtcsul
3802 4135 3989 4192 habuit

2399 4228 2608 4294 concio,
2648 4236 2830 4282 contra
2853 4227 3144 4281 Anomceos
3171 4235 3308 4282 erat.
3344 4227 3600 4294 Alteram,
3642 4241 3799 4297 quam
3822 4225 3988 4283 etiam

2401 4331 2584 4376 contra
2615 4321 2905 4375 Anomoeos
2933 4319 3390 4388 Constantinopoli
3411 4319 3611 4385 habuit,
3647 4319 3991 4375 continenter

2402 4413 2696 4483 posuimus,
2721 4409 2968 4479 forteque
2997 4410 3127 4466 alias
3163 4418 3345 4465 contra
3366 4411 3646 4468 hzereticos
3673 4412 3792 4467 illos
3817 4411 3991 4467 homi-

2403 4504 2500 4558 lias
2524 4501 2676 4567 dixit,
2704 4516 2823 4572 qua:
2847 4501 2927 4557 vel
2955 4501 3120 4558 latent
3140 4503 3192 4558 in
3211 4501 3447 4572 Oriente,
3477 4503 3556 4560 vel
3585 4519 3802 4575 prorsus
3821 4503 3990 4561 amis-

2405 4612 2478 4650 s:e
2500 4604 2640 4650 sunt.

2478 4685 2720 4742 Anomoai
2747 4700 2812 4742 eo
2839 4686 3176 4757 arrogantiae,
3207 4686 3314 4740 imo
3343 4684 3682 4755 impudentiae
3707 4694 3990 4752 venerant,

2408 4789 2463 4834 ut
2489 4779 2728 4835 dicerent
2762 4794 2824 4835 se
2851 4793 3064 4834 omnem
3097 4778 3372 4834 scientiam
3409 4777 3696 4847 accepisse,
3729 4791 3892 4848 seque
3917 4777 3991 4832 ita

2411 4870 2572 4925 Deum
2618 4883 2810 4934 nosse,
2851 4878 2908 4923 ut
2960 4868 3076 4938 ipse
3116 4881 3175 4924 se
3233 4874 3456 4922 noverat
3499 4863 3704 4938 (Temo
3752 4867 3916 4939 primo
3945 4875 3992 4937 ).

2409 4959 2596 5014 Filium
2651 4975 2755 5015 non
2801 4959 3093 5016 substantia
3132 4958 3360 5014 similem
3405 4957 3550 5012 Patri
3593 4971 3714 5012 esse
3751 4957 3990 5011 aflirma-

2411 5053 2534 5107 haut
2587 5052 2892 5126 (Ibidem).
2936 5051 3058 5107 Ideo
3103 5059 3278 5106 autem
3322 5049 3568 5106 dicebant
3612 5051 3785 5120 ipsum
3841 5048 3988 5105 Patri

2410 5159 2592 5213 parem
2624 5159 2730 5198 non
2761 5157 2909 5207 esse,
2939 5143 3058 5213 quia
3089 5142 3299 5197 Patrem
3330 5141 3646 5212 precabatur
3674 5139 3912 5211 (Ibidem
3941 5141 3984 5209 ).

2413 5233 2724 5303 Intnqualem
2777 5246 2896 5288 esse
2943 5232 3084 5287 Patri
3130 5231 3325 5302 passim
3373 5231 3685 5287 asserebant
3709 5227 3990 5302 (Ibidem).

2411 5324 2688 5379 Addebant
2742 5338 2952 5394 quoque
3002 5322 3272 5378 Christum
3336 5335 3638 5392 supremam
3676 5320 3857 5392 judieii
3908 5321 3990 5375 fe-

2415 5415 2562 5470 rendi
2607 5423 2920 5483 potestatem
2962 5429 3067 5468 non
3091 5413 3308 5468 habere.
3341 5413 3674 5482 Quapropter
3700 5414 3991 5468 Anomreo-

2414 5520 2534 5559 rum
2609 5516 2808 5558 sectam
2872 5504 3112 5574 apposite
3165 5503 3364 5573 carpsit
3411 5503 3823 5576 Chrysostomus
3868 5519 3987 5559 cum

2413 5597 2545 5652 dixit
2572 5599 2590 5664 (
2614 5596 2807 5651 Ibidem
2837 5597 2894 5666 ):
2931 5615 2948 5650 ι
2977 5599 3358 5652 Anomoeorum
3427 5595 3675 5650 hmresim
3735 5594 3992 5666 plantavit

2415 5689 2815 5744 ratiociniorum
2856 5687 3225 5758 intempestiva
3279 5685 3577 5741 curiositas.
3613 5705 3632 5738 ι
3668 5688 3990 5756 Argumenta

2419 5789 2596 5836 autem
2648 5793 2832 5835 eorum
2882 5788 2989 5835 tam
3034 5777 3200 5851 probe
3248 5786 3304 5835 et
3347 5779 3627 5850 perspicue
3671 5778 3890 5849 depellit
3938 5777 3991 5836 in
