4176 6454
170 435 225 492 π
965 437 1133 512 ρυλε
1171 438 1238 495 IN
1273 434 1614 497 OPERIBUS
1647 427 2121 493 Cttnrsosront
2160 425 2698 486 onssnvsnrun.
3420 410 3497 467 7s

163 554 517 612 concinnibus
540 556 684 624 suis,
715 563 776 612 ut
807 558 898 611 vix
927 551 1137 625 uspiam
1163 550 1290 625 quid
1334 545 1645 630 perfectius
1664 541 1775 601 hoc

168 664 216 701 ιιι
234 661 443 720 μοι-θ
461 646 650 705 videre
672 645 851 720 possis
882 664 896 701 :
924 644 996 701 ab
1027 645 1093 701 iis
1116 659 1243 702 vero
1262 639 1561 700 referendis
1598 636 1770 696 absti-

170 754 382 807 nemus,
418 756 488 795 ne
513 740 781 812 longiores
806 738 999 795 simus.
1394 765 1398 771 -

227 831 611 888 Macedoniam
654 846 868 904 quoque
898 830 1107 903 impetit
1137 837 1194 887 et
1229 828 1775 911 Pneumatomachos,

164 926 242 995 qni
299 924 586 981 Paracleto
647 924 834 980 bellum
888 923 1174 995 inferebant
1234 922 1436 995 (Tomo
1482 921 1771 995 secundo).

165 1018 356 1071 (latura
391 1017 948 1073 Pneumatomachum
989 1018 1134 1074 enim
1172 1017 1311 1088 agit,
1332 1031 1462 1073 eum
1494 1015 1778 1088 explicans

166 1109 310 1163 ilum
341 1109 500 1165 Pauli
534 1110 730 1173 locum,
763 1107 891 1165 11cc
915 1120 1086 1165 autem
1112 1110 1282 1164 omnia
1301 1108 1542 1180 operatur
1570 1123 1704 1168 unus
1728 1116 1778 1161 et

165 1198 293 1253 idem
309 1199 569 1271 Spiritus,
586 1200 813 1256 dividens
824 1200 1041 1273 singulis
1054 1209 1203 1270 prout
1220 1198 1324 1254 vult
1337 1198 1390 1270 (i
1403 1238 1418 1252 .
1436 1198 1682 1255 (ἔω-,121
1698 1199 1775 1267 l),

170 1290 287 1344 talia
312 1289 502 1346 fatur:
538 1309 558 1342 ι
594 1288 723 1345 Hac
750 1296 904 1361 porro
937 1292 1107 1345 omnia
1139 1300 1381 1360 operatur
1413 1306 1548 1345 unus
1568 1298 1621 1344 ‘et
1641 1288 1777 1342 idem

168 1380 418 1446 Spiritus.
448 1380 557 1435 Sed
588 1388 787 1447 motus,
821 1381 1050 1451 inquies,
1073 1396 1103 1436 a
1127 1381 1259 1450 Deo,
1287 1380 1486 1436 Verum
1516 1380 1620 1436 hoc
1645 1393 1776 1434 nus-

164 1487 322 1537 quam
350 1472 517 1538 dixit,
561 1473 655 1527 sed
677 1481 735 1527 tu
762 1473 892 1528 illud
922 1471 1151 1543 effingis.
1182 1472 1407 1542 Quando
1436 1472 1582 1527 enim
1622 1471 1773 1538 dicit,

171 1560 269 1627 Qui
282 1573 530 1630 operatur
555 1564 727 1617 omnia
751 1564 803 1618 in
833 1562 1233 1637 omnibusUbid.
1253 1579 1308 1617 υ.
1331 1564 1411 1635 6),
1441 1563 1511 1619 de
1540 1563 1777 1618 homini-

171 1652 263 1708 bus
294 1654 400 1709 hoc
419 1654 591 1709 dicit:
622 1670 884 1724 nusquam
906 1672 1028 1711 cum
1057 1654 1361 1712 hominibus
1386 1657 1644 1728 Spiritum
1674 1672 1776 1711 an-

170 1758 438 1812 numerat,
470 1748 682 1802 etiamsi
700 1748 896 1803 millies
912 1758 1158 1805 amanter
1177 1749 1414 1821 loquaris
1436 1760 1491 1805 et
1514 1749 1771 1806 insanias.

168 1834 265 1903 Qui
294 1838 441 1891 enim
474 1838 608 1893 dixit
626 1839 772 1906 alibi,
819 1838 918 1893 Per
947 1831 1218 1912 Spiritum,
1252 1851 1301 1897 ut
1334 1857 1401 1897 ue
1426 1850 1579 1913 putes
1624 1842 1773 1909 illud,

167 1944 274 1996 per,
321 1929 715 1985 imminutionis
742 1944 866 1986 esse
904 1946 1113 1997 vocem,
1145 1947 1245 1989 ncc
1286 1934 1440 1988 illum
1471 1933 1676 1990 moveri
1706 1934 1775 1989 ad

168 2020 579 2087 operationem,
628 2021 903 2094 subjungit
949 2026 1163 2094 operari
1216 2025 1497 2096 Spiritum,
1552 2044 1659 2083 non
1708 2028 1773 2084 ad

168 2111 541 2173 mentionem
558 2114 759 2167 moveri
780 2128 795 2179 ;
815 2124 866 2168 et
895 2126 1149 2185 operatur
1174 2125 1230 2171 ut
1256 2118 1388 2183 vult,
1414 2135 1518 2175 non
1538 2131 1589 2176 ut
1614 2121 1775 2190 jnbc-

173 2206 273 2252 tur.
299 2200 767 2265 Quemadmodum
798 2205 944 2259 enim
976 2207 1043 2262 de
1071 2207 1228 2263 Patre
1246 2208 1414 2266 Filius
1435 2212 1583 2279 dicit,
1614 2212 1774 2269 Exci-

170 2300 241 2344 tat
276 2304 505 2348 mortuos
531 2305 579 2349 et
618 2297 835 2366 viviﬁcat
863 2297 1040 2370 (Joan.
1073 2302 1125 2356 5.
1156 2300 1249 2374 21)
1295 2321 1308 2358 :
1343 2307 1591 2363 similiter
1617 2316 1673 2363 et
1707 2309 1776 2365 de

172 2384 368 2453 δεῖρε-ιο,
403 2386 547 2452 Quos
571 2388 673 2442 uult
699 2377 917 2460 t-iciﬁcat
933 2409 951 2457 ,-
976 2393 1054 2458 sic
1078 2402 1133 2449 et
1151 2393 1219 2451 de
1242 2394 1465 2466 Spiritu,
1495 2398 1620 2453 alibi
1650 2401 1774 2471 qui-

171 2473 289 2529 dem
310 2477 459 2547 quod
481 2493 604 2533 cum
628 2487 892 2549 potestate
911 2485 1089 2541 omnia
1118 2485 1292 2555 faciat,
1318 2500 1372 2545 et
1393 2490 1523 2546 nihil
1541 2492 1609 2547 sit
1630 2494 1774 2564 quod

174 2566 445 2636 impediat,
486 2590 504 2623 ι
532 2580 636 2628 etc.

241 2659 315 2713 De
362 2661 620 2717 Marcello
662 2666 949 2736 Ancyrano
987 2680 1040 2726 et
1082 2671 1313 2729 Photino
1347 2676 1463 2747 ejus
1508 2678 1774 2750 discipulo

172 2746 283 2803 ιη
311 2762 495 2806 narrat
528 2752 968 2828 Chrysostomus,
1006 2762 1145 2830 ipsns
1186 2746 1385 2837 nempe
1408 2769 1596 2824 cadem
1619 2746 1774 2826 asse-

171 2845 339 2900 ruisse
364 2856 419 2900 et
437 2848 782 2919 pmdicasse,
804 2869 922 2922 quae
939 2855 1216 2917 Sabellius.
1239 2860 1328 2929 qui
1347 2861 1564 2932 diccbat,
1578 2862 1770 2920 Filium

170 2944 221 2988 ct
260 2934 473 2993 Patrem
512 2948 567 2995 et
594 2941 854 3012 Spiritum
884 2954 1122 3001 sanctum
1153 2966 1310 3005 unam
1339 2967 1459 3008 esse
1485 2970 1770 3023 personam

173 3021 351 3091 (Toino
370 3029 723 3116 duodecimo).
756 3034 830 3088 [te
869 3034 1097 3092 Marcelli
1132 3055 1256 3094 vero
1282 3021 1525 3100 doctrina
1556 3047 1771 3118 longam

171 3117 449 3175 diatribam
481 3122 748 3181 edidimus
780 3143 923 3183 anno
955 3129 1091 3185 i707
1124 3150 1137 3185 :
1184 3134 1270 3189 ubi
1305 3136 1424 3205 ejus
1449 3117 1769 3198 sententiam

174 3227 233 3267 ex
262 3214 493 3269 Eusebio
519 3216 781 3287 Pamphili
817 3230 1092 3292 exceptam
1124 3226 1203 3280 sic
1237 3231 1600 3298 expressimus
1630 3232 1771 3304 (Col-

172 3302 311 3359 lectio
342 3304 493 3360 Nova
524 3307 736 3371 Patrum
762 3322 798 3364 t.
818 3312 873 3367 2.
901 3314 1068 3385 initio)
1113 3333 1126 3370 :
1156 3315 1303 3372 Unus
1330 3320 1391 3373 ab
1413 3332 1601 3377 ceterno
1631 3302 1771 3382 Dens

170 3396 358 3449 exsistit
399 3414 419 3451 :
463 3400 611 3468 cujus
668 3401 851 3469 Ratio,
913 3416 1002 3459 aut
1056 3405 1311 3477 Verbum,
1378 3429 1495 3466 nam
1557 3425 1771 3487 utroque

171 3488 311 3539 modo
338 3489 666 3555 exprimitur,
706 3494 898 3562 pariter
922 3509 1186 3567 internum,
1223 3517 1385 3555 unum
1411 3515 1484 3558 est
1514 3522 1629 3560 cum
1658 3508 1767 3563 Deo

170 3576 271 3643 ipso
290 3577 573 3633 substantia
600 3591 648 3635 et
677 3584 955 3654 hypostasi,
982 3589 1053 3642 ita
1074 3600 1128 3643 ut
1157 3592 1302 3647 nulla
1321 3594 1387 3648 sit
1414 3587 1546 3651 inter
1570 3608 1768 3655 utrum-

170 3684 256 3736 que
274 3671 534 3726 distinctio
558 3691 577 3729 :
608 3684 779 3745 estque
803 3679 1004 3733 verbum
1026 3682 1200 3750 silens,
1228 3685 1506 3742 internum.
1540 3689 1766 3762 Spiritus

171 3760 277 3814 item
302 3775 509 3819 sanctus
547 3768 601 3821 in
634 3767 739 3823 Deo
776 3771 839 3824 ab
871 3781 1058 3828 trtcrno
1084 3776 1204 3844 fuit,
1237 3778 1382 3832 nulla
1405 3760 1640 3836 similiter
1666 3786 1766 3842 nisi

169 3854 380 3909 nominis
399 3865 443 3910 et
461 3858 676 3913 rationis
704 3860 1039 3918 distinctione.
1066 3863 1194 3919 Cum
1212 3878 1382 3923 autem
1408 3869 1545 3926 Deus
1572 3889 1759 3943 opera-

170 3955 245 3996 llr
268 3957 315 4000 et
342 3947 587 4017 loquitur,
626 3960 747 4007 tunc
782 3951 999 4008 Verbum
1036 3972 1126 4011 ceu
1153 3961 1389 4031 quendam
1414 3966 1636 4033 emissio,
1668 3983 1763 4021 ea:-

169 4039 317 4092 tasio
345 4048 394 4091 et
413 4041 647 4096 dilatatio
671 4045 871 4100 deitatis
892 4048 1079 4117 prodit,
1111 4060 1157 4104 et
1186 4064 1299 4122 post
1321 4063 1516 4125 gestum
1537 4073 1669 4126 Opus
1694 4058 1764 4113 ad

168 4126 323 4183 Deam
349 4133 631 4199 revertitur,
660 4145 706 4189 et
734 4137 788 4189 in
810 4138 1024 4207 pristina
1035 4142 1323 4197 conditione
1342 4156 1528 4201 manet.
1555 4146 1762 4204 Pariter

167 4226 395 4281 antissent
437 4228 539 4297 fuit
584 4227 820 4299 Verbum,
867 4244 922 4287 ut
952 4251 1156 4295 carnem
1184 4250 1499 4308 assumeret;
1544 4252 1761 4312 tuncque

168 4312 327 4370 Filias
352 4314 453 4370 Dei
482 4316 715 4383 e/I'ectum
741 4332 838 4389 est,
868 4322 980 4379 Rex
1007 4326 1145 4393 item,
1176 4326 1426 4395 Christus,
1464 4332 1634 4403 imago
1664 4332 1761 4389 Dei

164 4407 443 4474 iarisibilis,
486 4420 531 4463 et
563 4409 934 4485 Primogenitus
960 4419 1125 4473 omnis
1152 4431 1424 4483 creatum,
1461 4441 1576 4478 cum
1604 4437 1757 4482 antea

164 4498 283 4551 nihil
305 4515 486 4553 eorum
510 4504 684 4579 fuisset
714 4520 733 4558 :
757 4523 820 4560 ac
845 4519 959 4577 post
984 4512 1231 4578 iudicium
1260 4514 1368 4570 haec
1397 4518 1570 4572 omnia
1594 4521 1755 4576 amis-

161 4604 347 4655 surum,
377 4602 528 4659 atque
553 4604 605 4646 nt
635 4596 779 4664 prius
803 4614 958 4653 unum
977 4619 1092 4656 cum
1122 4603 1281 4659 Patre
1304 4611 1534 4677 futurum
1555 4622 1648 4666 est.
1683 4612 1751 4669 Ut

161 4691 321 4733 autem
363 4679 581 4737 Verbum
610 4695 683 4740 est
704 4692 924 4744 extensio
950 4703 996 4746 et
1022 4694 1258 4749 dilatatlo
1276 4696 1391 4764 Dei,
1425 4700 1495 4754 sic
1517 4712 1561 4754 et
1584 4702 1756 4773 Spiri-

158 4784 230 4828 tus
255 4788 467 4832 sanctus
495 4779 702 4834 ut'terior
724 4784 944 4837 extensio
972 4796 1017 4840 et
1047 4786 1280 4843 dilatatio
1307 4801 1400 4855 est,
1444 4795 1532 4863 qui
1562 4798 1753 4866 pariter

154 4881 184 4916 a
210 4864 314 4920 Deo
340 4868 583 4922 emittitur
610 4880 655 4924 et
684 4871 752 4925 ad
770 4871 934 4928 Deum
960 4878 1223 4933 revertitur
1246 4892 1298 4934 ut
1326 4864 1569 4953 Verbum,
1586 4904 1751 4942 unus-

156 4972 243 5024 que
264 4967 341 5012 est
367 4975 485 5011 cum
511 4958 619 5014 Deo
645 4972 691 5015 et
733 4961 890 5018 Verbo
915 4968 1025 5021 sine
1048 4968 1156 5022 ulla
1182 4970 1522 5029 distinctione.

223 5047 348 5104 chc
374 5050 606 5106 Marcelli
627 5056 890 5111 sententia
916 5066 999 5112 est
1015 5061 1307 5118 secundum
1334 5064 1547 5122 Eusebii
1571 5071 1746 5139 expli-

155 5139 430 5201 cationem,
474 5144 582 5207 cui,
622 5145 715 5200 sed
745 5161 849 5200 non
883 5148 951 5202 ita
981 5150 1146 5219 clare,
1179 5154 1569 5225 adstipulantur
1596 5160 1749 5216 Basi-

157 5229 248 5283 lius
280 5240 331 5285 et
360 5230 753 5301 Thcodoretus,
790 5238 981 5308 quibus
1009 5241 1059 5295 in
1092 5242 1211 5299 loco
1237 5261 1399 5316 supra
1443 5261 1744 5309 memorato

152 5322 370 5375 succimt
408 5316 844 5395 Chrysostomus.
896 5328 952 5386 Si
994 5346 1155 5402 porro
1194 5337 1313 5392 talis
1356 5340 1474 5407 ejus
1503 5340 1742 5399 doctrina

153 5409 259 5477 luit,
284 5412 335 5466 in
364 5414 513 5468 nullo
541 5431 665 5471 vcre
690 5416 966 5476 differebat
989 5437 1019 5476 a
1047 5423 1281 5483 Sabellio
1308 5439 1361 5484 ct
1383 5429 1741 5502 Patripassia-

152 5501 262 5567 eis;
292 5512 347 5556 ct
371 5502 671 5575 Epiphanio
699 5520 857 5578 teste,
888 5525 1168 5583 suspectus
1188 5519 1346 5574 etiam
1374 5521 1473 5575 fuit
1503 5524 1743 5578 Athana-

150 5591 223 5647 sio
257 5594 463 5663 pridem
508 5596 611 5652 sibi
639 5601 833 5657 amico.
878 5602 1072 5660 Verum
1118 5608 1172 5663 in
1200 5610 1317 5680 ejus
1355 5614 1569 5683 scriptis
1615 5616 1738 5672 illos

154 5694 314 5738 tantm
340 5700 557 5744 errores
593 5690 1003 5762 deprehendere
1030 5697 1243 5757 difficile
1275 5702 1451 5758 fuerit.
1496 5705 1625 5763 Utttt
1652 5725 1738 5765 res

150 5785 238 5844 cst,
260 5777 535 5836 ﬂareellus
559 5797 679 5840 cum
705 5799 769 5841 se
791 5785 993 5842 rideret
1020 5802 1051 5844 a
1073 5790 1269 5848 Basilio
1293 5804 1349 5849 ct
1373 5796 1491 5852 aliis
1516 5799 1737 5857 damna-

150 5870 214 5935 τί,
249 5881 300 5927 et
323 5874 462 5943 apud
492 5890 747 5949 magnum
777 5875 1128 5938 Athanasium
1171 5896 1480 5955 suspectum
1526 5889 1729 5959 habcri,

1884 537 2185 611 Eugenium
2226 538 2513 599 diaconum
2540 540 2641 613 ipsi
2678 530 2827 596 misit
2853 549 2975 594 cum
3005 531 3128 591 fidei
3157 529 3496 591 confessione

1882 629 2148 705 (Collectio
2172 647 2301 687 nova
2320 632 2538 688 Patrum
2562 640 2601 688 t.
2615 629 2671 686 2.
2696 649 2748 703 p.
2773 629 2851 703 l),
2878 642 2983 703 qua
3008 641 3069 682 se
3095 635 3245 682 recte
3269 623 3495 691 sentire,

1879 733 1935 781 et
1962 740 1995 781 a
2022 723 2318 782 Catholicae
2347 724 2603 781 Ecclesia:
2630 722 2733 779 [ide
2750 723 2804 778 in
2832 721 2979 777 nullo
2999 718 3293 776 deflectere
3318 716 3492 774 decla-

1881 809 2053 888 rabat,
2098 818 2186 876 eui
2235 818 2607 889 subscripsere
2656 814 2984 872 Athanasius
3030 822 3087 869 et
3132 811 3221 867 alii
3258 809 3505 885 Egyptii

1881 910 2139 982 episcopi.
2174 910 2301 965 Post
2328 909 2567 967 Marcelli
2593 924 2724 965 vero
2756 916 2987 963 mortem
3017 905 3137 975 ejus
3161 902 3409 975 discipuli
3440 902 3492 956 in

1884 1002 2251 1073 Diospolitana
2278 1002 2519 1075 Synodo,
2554 1000 2788 1057 similem
2814 999 2936 1055 fidei
2956 995 3355 1055 confessionem
3379 1010 3506 1062 pro-

1881 1092 2147 1161 ferentes,
2187 1080 2253 1149 ad
2294 1094 2730 1149 communionem
2758 1100 2815 1148 et
2852 1106 2883 1146 a
2910 1088 3132 1162 Synodo
3161 1097 3215 1144 et
3243 1102 3272 1142 a
3301 1086 3498 1142 Basilio

1882 1187 2104 1244 admissi
2135 1196 2280 1244 sunt.
2309 1186 2443 1243 Rem
2469 1195 2627 1243 antea
2655 1186 2979 1250 intrieatam,
3011 1182 3314 1241 luculenter
3340 1196 3371 1237 a
3400 1196 3494 1238 no-

1881 1279 1965 1338 bis
1984 1282 2305 1353 explicatam
2338 1281 2505 1339 habcs
2530 1280 2584 1336 in
2614 1287 2914 1336 memorato
2944 1278 3102 1336 libro.

1952 1374 2216 1432 Photinus
2255 1383 2433 1432 autem
2463 1372 2700 1429 Marcelli
2744 1371 3041 1443 discipulus
3082 1370 3298 1427 dicebat
3333 1369 3498 1426 Chri-

1881 1471 2026 1523 stum
2052 1466 2201 1523 nullo
2226 1466 2387 1523 modo
2413 1464 2687 1521 exstitisse
2710 1472 2997 1536 antequam
3025 1463 3078 1517 in
3105 1462 3268 1519 Maria
3288 1462 3504 1534 Virgine

1881 1559 2144 1631 originem
2169 1559 2412 1617 duceret.
2442 1559 2595 1614 Ilium
2622 1572 2744 1613 cum
2773 1556 2944 1613 Paulo
2976 1555 3334 1612 Samosatcno
3364 1569 3497 1611 con—

1880 1650 2085 1707 sentire
2108 1651 2373 1722 putabant
2401 1649 2557 1706 multi
2587 1668 2600 1705 :
2629 1648 3056 1725 Chrysostomus
3082 1662 3249 1717 supra
3280 1645 3503 1703 Sabellii

1882 1741 2055 1799 errori
2085 1741 2357 1798 addictum
2398 1742 2565 1798 fuisse
2588 1739 2721 1796 dicit
2761 1737 2987 1811 perinde
3025 1747 3190 1809 atque
3218 1736 3502 1793 doctorem

1883 1849 2035 1889 suum
2066 1833 2397 1901 Marcellum,
2421 1834 2513 1905 qui
2533 1833 2827 1889 Sabellium
2856 1831 2909 1886 in
2935 1830 3120 1887 multis
3150 1831 3501 1902 sequebatur,

1882 1927 1925 1982 si
1961 1942 2089 1983 rere
2118 1927 2208 1983 illa
2240 1928 2491 1993 senserit,
2522 1941 2643 1998 qua:
2670 1924 2939 1981 Eusebius
2969 1922 3069 1994 ipsi
3110 1938 3272 1994 supra
3298 1921 3503 1979 adscrio

1883 2020 1979 2075 bit.
2008 2019 2208 2076 Verum
2234 2019 2516 2076 Marcellus
2554 2020 2607 2073 in
2637 2026 2882 2074 extremo
2923 2018 3046 2071 vita:
3074 2031 3236 2071 cursu
3264 2014 3503 2071 Catholi-

1882 2127 2000 2166 cam
2045 2113 2227 2168 emisit
2277 2113 2401 2169 lidci
2448 2111 2862 2183 professionem.
2915 2110 3180 2165 Photinus
3228 2124 3357 2165 vero
3412 2108 3504 2164 illa

1883 2204 2068 2260 omnia
2095 2192 2382 2275 scripsisse
2410 2206 2644 2273 videtur,
2670 2220 2789 2276 qua:
2815 2204 3022 2259 doctori
3057 2204 3222 2274 ipsius
3250 2201 3504 2260 Marcello

1885 2295 2145 2351 Eusebius
2174 2295 2451 2351 adscribit.

1954 2388 2159 2445 Praeter
2183 2388 2319 2453 haec,
2342 2389 2444 2443 alia
2479 2387 2648 2445 refert
2668 2387 3093 2460 Chrysostomus
3109 2388 3254 2444 circa
3278 2400 3501 2443 errores

1882 2479 2081 2535 multos
2107 2481 2195 2551 qui
2227 2496 2325 2537 suo
2347 2496 2463 2536 tero
2496 2481 2635 2550 apud
2664 2480 3033 2536 Antiochenos
3063 2479 3331 2551 vigebant,
3361 2494 3500 2550 quo-

1882 2588 2000 2628 rum
2028 2574 2253 2644 aliquot,
2280 2582 2339 2629 ut
2372 2589 2436 2630 cx
2468 2573 2627 2629 dictis
2656 2572 2773 2643 ejus
2796 2572 3111 2644 percipitur,
3144 2573 3197 2628 in
3231 2588 3327 2629 ore
3353 2572 3498 2641 vulgi

1881 2662 2211 2720 ferebantur.

1958 2775 1977 2808 ς
2010 2756 2229 2812 Plurimi
2255 2766 2381 2813 tunc
2408 2765 2581 2826 erant,
2612 2757 2702 2829 qui
2723 2756 2887 2813 futuri
2914 2757 3095 2813 saeculi
3139 2766 3197 2813 et
3250 2771 3499 2814 resurrcc

1878 2850 2072 2906 ctionis
2095 2851 2394 2907 doctrinam
2425 2851 2710 2907 admittere
2754 2850 3104 2921 pertinaciter
3130 2851 3431 2907 renuebant
3472 2870 3488 2903 ι

1885 2939 2068 3012 (Tomo
2096 2943 2309 3013 primo).
2345 2942 2407 2997 lii
2458 2941 2596 2997 haud
2642 2941 2805 2997 dubie
2833 2942 3092 3013 putabant
3121 2941 3330 2997 animas
3360 2942 3497 2997 mori

1878 3048 2000 3089 cum
2044 3049 2294 3105 corpore.
2326 3034 2648 3091 Guillelmus
2703 3049 2833 3091 vero
2884 3033 3265 3105 Pastrengieus
3294 3034 3312 3105 (
3340 3032 3500 3088 Tomo

1878 3125 2099 3194 decimo)
2133 3126 2455 3181 Veronensis
2514 3127 2565 3181 in
2629 3141 2796 3196 opere
2822 3169 2837 3193 ,
2882 3127 2947 3181 de
2986 3125 3284 3197 Originibus
3328 3143 3499 3181 rerum

1876 3225 1922 3269 et
1967 3215 2031 3269 de
2086 3215 2370 3286 Scripturis
2422 3218 2648 3271 uirorum
2696 3217 3011 3285 illustrium,
3071 3217 3311 3273 Vettetiis
3363 3233 3498 3274 cuso

1877 3323 2021 3363 anno
2084 3309 2258 3376 1547,
2303 3308 2394 3364 ubi
2436 3311 2602 3365 refert
2657 3325 2822 3381 opera
2872 3310 2931 3367 S.
2981 3310 3205 3369 Joannis
3257 3311 3495 3383 Chrysa-

1879 3402 2262 3467 Stomi,librnm
2289 3402 2406 3471 ejus
2437 3412 2703 3458 memorat
2730 3404 2834 3458 hoc
2868 3403 3056 3460 titulo:
3082 3404 3339 3460 Adversus
3366 3407 3499 3460 Ara-

1877 3492 1959 3547 bes
1985 3493 2049 3546 de
2087 3491 2483 3547 Resurrcctione‘
2507 3505 2819 3549 mortuorum
2840 3495 2957 3550 libri
2982 3496 3108 3562 duo,
3137 3496 3226 3567 qui
3264 3496 3496 3553 dicebant

1873 3586 2072 3641 animas
2112 3589 2241 3642 mori
2275 3605 2391 3642 cum
2434 3606 2666 3661 corpore.
2696 3580 2798 3659 Qui
2848 3590 3226 3663 Chrysostomi
3264 3593 3423 3660 libri,
3450 3595 3495 3655 si

1873 3694 1999 3734 rere
2029 3680 2183 3736 istius
2219 3684 2389 3737 sancti
2412 3682 2648 3739 doctoris
2687 3684 2926 3753 fuerint,
2958 3685 3040 3742 vel
3065 3686 3232 3742 latent
3257 3687 3490 3750 alicubi.

1874 3772 1960 3827 vel
1988 3786 2211 3838 prorsus
2242 3774 2581 3832 interierunt.
2628 3776 2897 3833 Eusebius
2926 3794 3056 3835 vero
3086 3780 3141 3835 in
3170 3780 3307 3836 illst.
3338 3782 3486 3840 Eccl.

1870 3875 1926 3932 p.
1970 3863 2094 3931 155,
2117 3863 2269 3931 dicit,
2293 3865 2498 3921 Arabas
2519 3866 2768 3939 Origcnis
2790 3877 3033 3939 tempore
3057 3872 3233 3943 palam
3264 3872 3491 3939 dixisse,

1870 3953 2075 4009 animas
2116 3970 2253 4009 mort
2295 3971 2418 4012 cum
2444 3970 2694 4027 corpore,
2737 3968 2792 4015 et
2821 3975 2947 4017 cum
2987 3975 3492 4022 eoresurrccturas

1868 4058 2022 4100 esse:
2055 4052 2216 4116 atque
2254 4046 2513 4104 adversus
2556 4050 2676 4105 illos
2706 4060 2953 4108 coactam
2984 4052 3151 4111 fuisse
3178 4054 3486 4127 Synodum.

1868 4136 1954 4192 cui
1976 4135 2148 4192 adfuit
2176 4137 2457 4210 Origenes.

1940 4230 2139 4287 Verum
2168 4230 2493 4290 Antiocheni
2525 4235 2600 4291 illi
2632 4238 2745 4309 qui,
2793 4246 2931 4295 teste
2956 4238 3370 4311 Chrysostomo,
3404 4242 3485 4300 fu-

1867 4329 2040 4377 turum
2057 4323 2311 4379 sarculum
2331 4326 2622 4396 negabant,
2644 4344 2818 4399 neque
2841 4332 3049 4387 animas
3068 4347 3241 4404 neque
3258 4349 3485 4405 corpora

1867 4424 2239 4471 resurrectura
2266 4431 2389 4472 esse
2416 4418 2701 4488 putabant.
2736 4420 3006 4492 insignem
3054 4439 3271 4495 quoque
3316 4427 3484 4482 alium

1867 4507 2326 4564 Antiochenorum
2378 4512 2740 4582 complurium
2794 4529 3037 4571 errorem
3093 4530 3483 4576 commemorat

1865 4597 2093 4652 ilomilia
2121 4598 2191 4655 28
2218 4602 2269 4656 in
2301 4600 2634 4658 Matthmum.
2683 4604 2789 4659 Sed
2823 4622 2947 4675 cur,
2980 4608 3187 4679 inquit,
3219 4611 3479 4667 dannones

1861 4688 1915 4741 in
1956 4690 2207 4760 sepulcris
2259 4692 2473 4747 libenter
2518 4707 2785 4750 versantur
2831 4698 2849 4770 (
2874 4698 3032 4754 Tomo
3078 4702 3483 4771 septimo)?Ut

1861 4783 2197 4853 perniciosam
2245 4786 2530 4842 doctrinam
2580 4790 2859 4845 multorum
2907 4795 3160 4849 mentibus
3206 4796 3477 4866 inserant,

1860 4889 2040 4943 nempe
2065 4878 2263 4932 animas
2307 4890 2625 4934 mortuorum
2664 4888 2925 4937 dlenwnas
2951 4885 3086 4952 ﬁeri,
3125 4887 3263 4958 quod
3293 4906 3356 4944 ne
3386 4906 3477 4946 co-

1857 4966 1975 5037 gitet
2001 4968 2254 5038 quispiam
2275 4971 2423 5024 absit.
2456 4970 2562 5026 Sed
2596 4973 2721 5044 quid
2746 4974 2908 5041 dicas,
2934 4975 3205 5047 inquiunt,
3247 4980 3310 5033 de
3335 4998 3474 5051 pra:-

1854 5059 2200 5131 stigiutoribus
2243 5062 2452 5128 multis,
2496 5064 2583 5132 qui
2630 5076 2808 5134 captos
2857 5084 3042 5139 pueros
3077 5071 3367 5142 jugulant,
3417 5087 3473 5132 ut

1853 5152 2079 5206 animant
2128 5166 2303 5226 postea
2344 5156 2441 5210 sibi
2486 5157 2860 5215 ministrantem
2888 5161 3150 5218 habeant?
3171 5164 3314 5219 Nam
3341 5169 3476 5236 quod

1845 5249 2107 5320 jngulent,
2144 5252 2241 5305 hoc
2278 5252 2425 5307 multi
2467 5254 2682 5321 dicunt;
2715 5256 2853 5325 quod
2882 5268 3056 5313 autent
3086 5275 3334 5315 cursorum
3356 5264 3473 5318 aui-

1854 5356 1950 5394 ma:
1973 5358 2086 5396 cum
2121 5343 2246 5413 ipsis
2275 5345 2397 5411 sint,
2424 5345 2578 5413 unde,
2612 5363 2803 5419 qua'so,
2833 5349 2968 5404 nosti
2988 5348 3015 5402 ?
3035 5347 3063 5403 Ι
3069 5351 3173 5420 psi,
3202 5352 3472 5423 inquiunt,

1852 5433 2151 5489 dremoniaci
2190 5437 2286 5491 hoc
2328 5438 2504 5493 dicunt
2537 5455 2555 5493 :
2585 5438 2699 5511 Ego
2739 5458 2854 5496 sum
2893 5442 3069 5497 anima
3110 5443 3249 5499 illius
3284 5446 3467 5518 cujus-

1854 5526 2011 5596 piam.
2059 5526 2244 5581 Verum
2288 5531 2395 5585 [nec
2435 5533 2581 5601 [rans
2607 5541 2653 5585 et
2685 5532 2898 5603 fallacia
2944 5534 3199 5591 diabolica
3241 5548 3313 5590 cst
3339 5553 3356 5590 .'
3380 5552 3473 5593 nc-

1849 5635 1946 5689 qne
1971 5620 2105 5674 enim
2149 5622 2321 5676 anima
2352 5625 2539 5679 mortui
2583 5634 2656 5681 est
2696 5643 2811 5697 qum
2844 5626 3037 5682 clamat
3058 5668 3074 5695 ,
3104 5630 3196 5684 sed
3226 5632 3426 5686 dwmon
3453 5674 3465 5692 ,

1848 5712 1935 5781 qui
1965 5712 2059 5767 hoc
2105 5713 2313 5769 simulat
2342 5724 2396 5769 ut
2436 5717 2696 5774 auditores
2743 5719 2984 5791 decipiat.
3032 5720 3174 5775 Nam
3215 5724 3261 5778 si
3298 5735 3470 5793 posset

1853 5804 2027 5858 aninta
2056 5803 2108 5857 in
2147 5806 2394 5862 damonis
2418 5809 2758 5865 substantiam
2799 5813 3034 5883 ingredi,
3065 5815 3227 5868 multo
3258 5816 3467 5885 facilius

1849 5896 1898 5952 in
1927 5912 2112 5965 corpus
2139 5914 2288 5953 suum
2312 5900 2676 5970 ingrederetur.
2708 5901 2963 5960 Pra’terca
2988 5903 3099 5976 quis
3122 5904 3321 5961 ratione
3337 5919 3461 5976 pra:-
