4176 6464
769 478 840 535 τες
1853 459 1856 462 η
2089 444 2344 512 sutor:

2451 449 2694 510 nonum
3213 513 3222 523 ,
3973 445 4047 503 7s

763 597 904 662 ditus
933 587 1129 646 credere
1154 586 1309 660 possit
1337 585 1556 662 animum
1583 583 1771 642 lissam.
1798 595 1851 633 se
1893 576 2093 633 ltrdenti
2116 573 2353 632 sociare?

777 692 865 738 aut
901 681 1149 741 hominem
1181 693 1326 749 posse
1350 677 1445 729 vim
1469 676 1812 745 incorporeum
1833 670 1884 721 in
1920 669 2126 721 alterum
2161 674 2354 720 mutare

776 770 1159 828 substantiam!
1203 768 1341 822 Nunt
1366 767 1411 819 'si
1439 763 1490 818 in
1534 761 1826 832 corporibus
1865 758 1918 811 id
1959 755 2072 826 fieri
2108 763 2349 824 nequeat,

770 880 858 919 nec
883 863 1146 935 quisquam
1175 857 1330 931 possit
1353 841 1533 925 corpus
1559 849 1774 906 hominis
1799 851 1853 902 in
1878 862 2058 916 corpus
2083 845 2214 898 asini
2242 859 2350 897 mu-

767 965 893 1022 tare,
926 953 1082 1006 multo
1105 950 1261 1020 magis
1284 948 1336 999 in
1370 946 1540 998 aninta
1567 940 1802 996 invisibili
1827 939 1880 991 id
1905 936 2018 1006 fieri
2053 935 2239 1005 nequit,
2265 948 2354 988 nec

775 1046 887 1115 quis
908 1045 1063 1114 possit
1084 1040 1223 1094 illam
1247 1040 1300 1092 in
1326 1037 1566 1092 dtemanis
1586 1031 1910 1088 substantiam
1934 1037 2138 1085 vertere.

859 1131 1205 1189 Antiochenis
1249 1129 1411 1183 etiam
1449 1127 1575 1180 dicit
1604 1121 1885 1178 nonnullos
1922 1119 2198 1176 haereticos
2233 1131 2354 1174 esse

773 1224 861 1294 qui
888 1221 1219 1276 afﬁrmarent
1238 1217 1382 1273 aliud
1410 1230 1602 1284 corpus
1627 1212 1841 1277 cadere,
1876 1210 2018 1264 aliud
2045 1223 2349 1279 resurgere.

774 1333 796 1365 ς
824 1311 1102 1381 Quomodo
1145 1323 1270 1378 ergo
1296 1305 1610 1361 resurrectio
1637 1301 1792 1357 fuerit
1815 1318 1835 1353 ι
1868 1300 1888 1370 (
1911 1298 2067 1353 Tomo
2095 1295 2354 1367 decimo)?

769 1404 956 1474 inquit,
1001 1421 1021 1454 ι
1069 1403 1113 1455 si
1142 1413 1333 1468 nempe
1356 1395 1496 1451 aliud
1521 1395 1710 1461 cadat,
1735 1390 1879 1448 aliud
1909 1387 2188 1459 resurgat?
2211 1385 2353 1442 unde

771 1496 872 1549 hoc
891 1492 1110 1563 qumsol
1136 1489 1346 1545 aliudue
1388 1485 1641 1556 peccavit,
1673 1493 1728 1539 et
1747 1481 1905 1540 taliud
1932 1478 2182 1550 punitur?
2208 1475 2353 1531 aliud

771 1595 914 1638 recte
943 1583 1099 1648 fecit,
1128 1590 1181 1635 et
1205 1577 1346 1634 aliud
1375 1575 1697 1633 coronatur?
1725 1592 1746 1624 ι
1779 1569 1933 1640 Apud
1973 1567 2349 1624 Constantino-

779 1677 1040 1748 politanos
1085 1674 1244 1729 etiam
1294 1671 1444 1724 multi
1495 1676 1647 1723 erant
1688 1665 1778 1736 qui
1823 1664 2061 1720 dicerent
2097 1661 2229 1715 alios
2268 1674 2353 1715 re-

768 1776 1132 1829 surrecturos,
1161 1764 1294 1818 alios
1334 1777 1440 1816 non
1480 1768 1874 1815 resurrecturos
1909 1769 2062 1821 esse,
2092 1767 2225 1822 quos
2261 1765 2352 1804 va-

775 1857 1042 1912 lidissimis
1090 1854 1412 1926 argumentis
1461 1848 1699 1906 confutat
1743 1846 2174 1917 Cbrysostomus(
2195 1842 2351 1897 Torno

769 1947 1062 2002 duodecimo
1082 1948 1121 2016 ).

839 2040 1002 2093 Erant
1028 2037 1186 2091 etiam
1217 2035 1431 2106 quidam
1472 2033 1563 2104 qui
1587 2032 1838 2088 dicebant
1861 2029 2090 2084 animam
2113 2035 2349 2082 nostram

765 2147 831 2187 ex
859 2130 1151 2185 substantia
1198 2129 1291 2183 Dei
1333 2141 1488 2190 esse;
1515 2134 1570 2181 et
1611 2125 1663 2178 in
1705 2124 1838 2177 alios
1881 2133 2093 2176 errores
2143 2126 2348 2173 temere

767 2219 1106 2275 ferebantur:
1137 2231 1238 2287 qua
1263 2216 1329 2270 de
1369 2230 1428 2270 re
1469 2213 1766 2268 audiendus
1791 2218 1874 2265 est
1912 2209 2347 2280 Cbrysostomus.

767 2310 822 2363 lu
876 2308 991 2363 hazc
1034 2307 1303 2363 Gencscos
1345 2304 1505 2358 verba
1550 2300 1747 2370 (Tomo
1785 2297 2021 2370 quarto):
2071 2296 2141 2351 Et
2191 2295 2353 2361 inspi-

763 2402 891 2454 ravit
928 2401 981 2453 in
1030 2399 1210 2468 {aciem
1264 2398 1374 2461 eius
1425 2393 1734 2465 spiraculum
1783 2392 1898 2446 vita
1919 2432 1934 2456 ,
1969 2397 2016 2442 et
2068 2393 2233 2458 {actus
2279 2398 2353 2444 est

763 2493 913 2545 homo
977 2491 1029 2543 in
1089 2489 1310 2542 animum
1364 2487 1639 2550 uiuentem,
1683 2483 1757 2536 ait
1803 2481 1892 2536 ille
1929 2498 1944 2534 :
1988 2477 2087 2532 Hic
2145 2477 2351 2548 quidam

764 2581 898 2634 male
939 2579 1145 2650 feriati,
1196 2575 1418 2647 prOpriis
1459 2575 1581 2628 moti
1613 2573 1891 2626 ratiociniis
1912 2611 1928 2637 ,
1975 2569 2196 2640 nihilque
2237 2567 2348 2623 Deo

771 2672 980 2740 dignum
1026 2669 1330 2737 cogitantes,
1385 2679 1543 2732 neque
1583 2665 1844 2716 verborum
1889 2659 2349 2728 attemperationem

763 2775 932 2814 secum
960 2767 1248 2829 reputantes
1271 2797 1286 2822 ,
1332 2757 1497 2809 dicere
1535 2754 1720 2808 audent
1765 2753 1986 2804 animam
2015 2765 2077 2805 ea:
2101 2748 2197 2803 Dei
2229 2751 2346 2804 sub.

760 2853 948 2905 stantia
976 2864 1098 2903 esse.
1135 2847 1179 2901 0
1217 2845 1506 2900 insaniam!
1529 2861 1559 2898 ο
1581 2842 1891 2898 amentiam!
1939 2841 2073 2908 Quot
2113 2839 2349 2910 perniciei

759 2945 868 2997 uias
911 2943 1144 2996 diabolus
1191 2940 1387 3011 paravit
1431 2937 1708 2991 cultoribus
1752 2934 1902 2988 suis?
1940 2932 2006 2986 1d
2047 2942 2101 2987 ut
2142 2933 2344 2998 discas,

760 3033 1013 3106 perpende
1060 3047 1210 3102 quant
1250 3030 1462 3084 diversis
1521 3028 1756 3080 incedant
1807 3026 1918 3078 uiis.
1957 3021 2096 3076 Nam
2137 3020 2227 3074 alii
2283 3036 2348 3074 ea:

759 3126 856 3178 Itoc
907 3123 1053 3176 verba
1075 3164 1091 3187 ,
1146 3119 1462 3190 inspiravit,
1534 3132 1712 3170 ansam
1771 3114 2066 3184 arripientes
2091 3151 2105 3175 ,
2171 3111 2345 3164 dicunt

759 3215 954 3266 animas
984 3229 1047 3265 ea:
1073 3209 1354 3264 substantia
1397 3207 1494 3261 Dei
1521 3223 1664 3271 esse;
1701 3206 1790 3259 alii
1811 3219 2014 3257 rursum
2051 3203 2224 3255 dicunt
2247 3241 2262 3263 ,
2290 3202 2344 3254 in

759 3303 1110 3356 vilissimorum
1137 3300 1395 3353 brutortmt
1418 3297 1752 3352 substantiam
1781 3295 1917 3363 ipsas
1962 3293 2212 3346 transire:
2246 3307 2346 3361 qua

759 3393 976 3447 amentia
996 3391 1118 3460 quid
1140 3390 1355 3445 deterius
1375 3404 1480 3443 esse
1499 3386 1697 3456 possit?
1719 3384 1851 3451 Quia
1875 3384 2008 3438 enim
2027 3383 2346 3437 obtenebrata

759 3495 829 3538 est
849 3484 980 3537 ratio
1011 3498 1181 3536 eorum
1201 3521 1218 3549 ,
1261 3489 1304 3534 et
1336 3495 1506 3533 verum
1543 3477 1824 3546 Scriptum
1849 3491 2047 3528 sensum
2073 3475 2340 3544 ignorant,

758 3574 903 3642 quasi
929 3573 1165 3627 execrati
1207 3569 1388 3624 mentis
1417 3568 1576 3622 oculis
1615 3567 1670 3620 in
1711 3566 1906 3619 diversa
1934 3567 2164 3635 feruntur
2207 3579 2340 3632 prte-

757 3664 930 3734 cipitia
949 3702 965 3728 ,
996 3663 1119 3715 dum
1146 3661 1234 3714 alii
1259 3658 1402 3712 illam
1446 3673 1600 3727 supra
1626 3655 1920 3726 dignitatem
1961 3653 2178 3720 e/I'erunt
2197 3691 2215 3720 ,
2251 3654 2344 3708 alii

758 3766 922 3808 autem
967 3754 1104 3822 infra
1149 3751 1440 3822 dignitatem
1488 3749 1815 3818 deprimunt:
1854 3746 1933 3801 illi
1987 3746 2213 3800 uidelicet
2256 3746 2342 3816 qui

759 3844 1172 3916 ntetempsycosin
1197 3842 1522 3906 inducebant,
1570 3857 1657 3894 seu
1685 3839 1942 3894 transitu»:
1969 3839 2153 3895 anima
2176 3838 2340 3892 ltomi-

761 3937 837 3991 nis
875 3937 926 3988 in
966 3923 1101 4006 [eras
1128 3943 1198 3994 et,
1221 3932 1363 3986 bruta
1387 3931 1646 3984 animalia.

830 4027 972 4081 Multi
1006 4034 1158 4096 erant
1187 4024 1550 4095 Chrysostomi
1579 4037 1692 4076 aevo
1718 4064 1732 4087 ,
1782 4022 1870 4092 qui
1902 4020 2130 4075 divinam
2163 4021 2340 4090 provi-

761 4118 992 4172 dentiam
1036 4126 1310 4185 negantes,
1335 4114 1513 4168 omnia
1563 4112 1671 4166 fato
1702 4112 1825 4165 ferri
1865 4111 2150 4174 dicebant,
2183 4119 2340 4181 puta-

761 4202 992 4275 bantque
1019 4219 1115 4258 nos
1137 4219 1198 4257 ex
1225 4203 1316 4257 lati
1344 4203 1661 4258 necessitate
1683 4202 1765 4254 vel
1797 4202 1998 4256 bonum
2027 4202 2112 4256 vel
2141 4202 2338 4255 malum

762 4306 1103 4366 perpetrare;
1135 4295 1203 4346 ita
1239 4303 1298 4347 ut
1338 4291 1784 4366 omnemqarbilrii
1829 4291 2124 4346 libertatem
2157 4292 2340 4345 tollere

763 4386 1088 4449 viderentur,
1120 4384 1573 4452 hominemquea
1619 4381 1793 4435 studio
1824 4383 2090 4442 sectanda:
2135 4383 2339 4436 virtutis

762 4485 815 4530 et
843 4474 1090 4544 nequitia:
1115 4471 1377 4544 fugiendae
1401 4481 1642 4525 avertere
1666 4488 1678 4524 :
1707 4486 1811 4540 qua
1859 4479 2007 4540 peste
2033 4485 2150 4538 qua:
2175 4472 2341 4539 possit

762 4581 882 4622 esse
911 4565 1124 4634 major?
1162 4563 1496 4632 Quapropter
1539 4561 1693 4630 hujus
1737 4561 1999 4630 Opiniouis
2049 4569 2340 4615 assertores

765 4657 1108 4712 vehementer
1134 4656 1365 4724 exagitat
1395 4653 1822 4722 Chrysostomus.
1851 4651 2013 4706 Erant
2038 4652 2178 4727 enim
2209 4666 2340 4706 non-

764 4747 893 4801 nulli
919 4747 1005 4816 qui
1024 4745 1268 4814 dicebant,
1292 4742 1637 4812 philosophos
1657 4742 1905 4810 ptmclara
1923 4741 2163 4810 quaedam
2196 4743 2340 4798 inve-

764 4839 906 4892 nisse
952 4848 1004 4891 et
1036 4836 1403 4906 prazstantiora
1435 4835 1498 4888 iis
1528 4850 1643 4904 quze
1683 4833 1750 4887 de
1775 4833 2160 4888 resurrectione
2190 4834 2338 4889 dice-

765 4929 953 4981 bantur
978 4925 1167 4997 (Tomo
1220 4923 1420 4996 sexto);
1449 4926 1581 4994 illos.
1613 4938 1804 4991 nempe
1851 4910 2191 4993 philosophos
2210 4967 2225 4991 ,
2251 4926 2340 4996 qui

762 5018 925 5070 fatum
974 5017 1325 5080 inducebant,
1358 5015 1608 5069 docentes
1659 5029 1747 5068 res
1795 5014 1950 5081 hujus
1993 5015 2170 5067 mundi
2221 5030 2338 5068 om-

762 5123 857 5162 nes
890 5093 1036 5162 nnlla
1073 5109 1181 5178 geri
1229 5106 1591 5177 providentia,
1625 5105 1921 5174 nullamque
1967 5106 2117 5159 nobis
2163 5122 2337 5161 rerum

761 5218 942 5256 curam
988 5217 1106 5256 esse
1149 5200 1342 5254 debere
1375 5197 1572 5270 (Tomo
1613 5200 1932 5270 undecimo).
1964 5199 2241 5254 Addebam
2270 5203 2342 5255 in-

761 5311 920 5365 super
962 5296 1136 5350 omnia
1183 5277 1425 5347 constare
1467 5307 1531 5346 ex
1557 5291 1765 5344 atomis.
1795 5292 1895 5344 Alii
1933 5307 2057 5345 vero
2095 5292 2342 5346 dicebant

768 5389 928 5441 Deum
957 5401 1074 5441 esse
1104 5394 1157 5440 el
1186 5382 1663 5452 metempsycbosiu
1701 5377 2072 5445 admittebant,
2108 5381 2338 5436 homini-

764 5479 965 5546 bnSque
999 5475 1291 5530 suadebunt
1337 5463 1507 5530 talem;
1533 5473 1618 5527 vel
1649 5472 1804 5526 talem
1846 5472 2129 5544 aliqumth
2176 5471 2339 5527 fuisse

764 5586 970 5633 canem,
1001 5571 1081 5624 vel
1115 5569 1308 5637 piscem
1338 5567 1416 5619 vel
1450 5566 1676 5619 leonem.
1711 5566 1871 5618 Erant
1901 5565 2096 5633 quippe
2121 5565 2209 5617 illo
2229 5581 2340 5618 :cvo

767 5659 1061 5730 philosophi
1079 5657 1296 5729 gentiles
1318 5643 1490 5720 multi,
1507 5656 1592 5727 qui
1615 5655 1840 5721 tribo_nio
1858 5655 2043 5722 induti,
2066 5665 2119 5709 ct
2141 5656 2338 5724 prolixa

765 5750 925 5804 barba
954 5749 1211 5815 instructi,
1241 5747 1416 5827 populi
1440 5747 1829 5802 venerationem
1845 5746 1945 5799 sibi
1966 5745 2336 5814 conciliabant,

766 5843 1077 5912 plebemque
1097 5839 1182 5896 tali
1212 5839 1513 5894 imbuebant
1536 5839 1833 5909 disciplina,
1852 5854 1967 5910 qua:
1990 5837 2058 5893 ad
2077 5835 2338 5894 Christia~

2457 585 2586 627 num
2606 583 2749 642 sape
2781 570 3032 642 populum
3067 568 3342 626 transibat.
3381 566 3497 624 Fati
3517 567 3701 638 opinio
3721 567 3858 626 inter
3875 575 4051 626 cme-

2457 679 2544 720 ras
2567 665 2852 730 eminebat,
2866 679 3028 735 quam
3047 676 3154 718 non
3165 678 3287 718 raro
3299 663 3589 718 insectatur
3599 661 4047 733 CbrysostOInus.

2527 755 2720 826 lugens
2758 766 2874 810 erat
2897 755 3037 826 apud
3064 753 3513 810 Orientalesillos
3531 753 3846 827 Opimianum
3871 760 3931 808 et
3954 767 4053 807 er~

2457 860 2638 900 rorum
2672 846 2983 901 diversitas:
3012 846 3297 901 levissimis
3317 845 3464 901 enim
3493 845 3624 900 moti
3669 844 4007 914 coniecturis
4031 884 4053 909 ,

2456 951 2576 1005 qua:
2605 937 2658 991 in
2680 947 2914 992 mentem
2939 935 3242 1001 seruiebant,
3273 945 3473 991 temere
3495 945 3551 990 et
3573 935 3783 990 incaute
3803 934 4055 1005 prolem-

2457 1026 2587 1081 bant
2629 1028 2682 1081 in
2706 1027 2960 1090 medium.
2983 1035 3045 1098 et
3068 1029 3246 1084 statim
3269 1034 3568 1084 sectatores
3596 1025 3880 1082 habebant.
3914 1024 4054 1080 Inde

2431 1116 2654 1173 tactum
2681 1128 2738 1173 ut
2762 1117 3132 1176 Occidentales
3164 1128 3274 1174 tam
3315 1117 3450 1174 levia
3483 1127 3538 1174 et
3577 1117 3853 1174 mutabilia
3879 1115 4053 1186 'apud

2457 1209 2578 1265 illos
2601 1209 3168 1280 videntesopinionum
3195 1211 3420 1266 divortia
3446 1209 3550 1266 hoc
3567 1210 3711 1266 dicto
3738 1218 4052 1275 uterentur,

2459 1298 2734 1354 Orientalis
2757 1297 2950 1355 levitas.
2981 1299 3058 1354 Illi
3078 1315 3204 1355 vero
3221 1309 3406 1354 contra
3434 1301 3760 1369 reponebam
3786 1297 4052 1355 Occiden-

2457 1391 2559 1444 tale
2586 1391 2932 1460 supercilium,
2977 1391 3240 1461 superbia:
3269 1391 3578 1446 incusantes
3601 1404 3698 1446 eos
3721 1392 3812 1460 qui
3836 1391 3941 1446 sibi
3966 1390 4051 1445 loc

2455 1479 2671 1534 vitalem
2715 1479 3026 1549 objicercnt.
3067 1479 3197 1548 Qum
3225 1494 3355 1535 sane
3402 1479 3588 1536 levitas
3617 1488 3768 1534 tanta
3800 1490 3938 1544 erat.
3993 1489 4054 1535 ut

2454 1569 2692 1639 quotidie
2733 1570 2788 1625 in
2835 1571 3090 1640 religione
3133 1579 3367 1626 monstra
3402 1581 3634 1640 pareret.
3671 1571 3831 1626 Erant
3859 1581 4050 1626 autem

2455 1659 2596 1728 apud
2643 1660 2764 1715 illos
2805 1662 2892 1730 qui
2921 1662 3162 1721 dicerent
3190 1661 3367 1715 omnia
3393 1675 3521 1716 casu
3549 1661 3806 1717 exsistere
3839 1659 4052 1732 (Tanto

2454 1747 2794 1824 duodecimo).
2829 1752 3081 1808 Eamdem
3107 1792 3121 1817 ,
3161 1752 3257 1808 sed
3300 1752 3526 1809 diversis
3555 1753 3733 1810 verbis
3755 1794 3771 1820 ,
3801 1752 4052 1824 profere-

2454 1841 2582 1896 bant
2621 1844 2938 1898 sententiam
2967 1858 3087 1898 cum
3111 1844 3350 1899 dicerent
3399 1859 3487 1900 res
3526 1855 3734 1900 creatas
3770 1854 4048 1902 automata

2455 1947 2594 1989 esse.
2615 1952 2634 1986 ι
2663 1934 2786 2001 Alii,
2819 1954 2840 1987 ι
2858 1934 3024 2006 pergit
3041 1936 3472 2006 Cbrysostomus,
3501 1955 3520 1988 ι
3542 1937 3875 1993 daemonibus
3898 1939 4051 1994 attri-

2455 2023 2623 2078 buunt
2652 2024 2833 2079 mundi
2864 2026 3189 2080 creationem
3216 2036 3268 2082 et
3295 2027 3708 2096 providentiam,
3737 2029 3879 2097 quod
3910 2043 4048 2099 poc-

2455 2123 2631 2167 catum
2658 2114 2744 2167 vix
2770 2115 2979 2168 veniam
3007 2115 3250 2170 admittat
3283 2135 3302 2169 ι
3336 2115 3357 2186 (
3381 2115 3540 2171 Tomo
3568 2117 3832 2172 undecimo
3859 2119 3900 2174 ι.

2521 2203 2949 2259 Nccromantiam
2969 2205 3125 2259 etiam
3153 2205 3240 2261 illa
3266 2216 3578 2276 tempestate
3597 2208 3855 2277 quosdam
3875 2224 4046 2266 eser-

2455 2293 2628 2349 cuisse
2646 2294 2795 2357 dicit,
2815 2294 2904 2364 qui
2925 2294 3305 2350 absurdissima
3331 2297 3494 2352 multa
3518 2299 3812 2354 tentabant:
3832 2299 3904 2354 ad
3923 2298 4046 2358 haec

2456 2385 2732 2454 pulverem
2758 2394 2813 2440 et
2839 2386 3071 2440 cinerem
3119 2386 3456 2454 adhibentes,
3506 2393 3561 2441 ut
3589 2388 3794 2444 scilicet
3834 2404 4039 2446 arcana

2455 2486 2508 2530 et
2535 2477 2708 2531 futura
2739 2478 2836 2531 hac
2864 2487 2982 2531 arte
3007 2477 3306 2532 divinarem
3334 2476 3354 2550 (
3377 2477 3534 2533 Tomo
3563 2478 3838 2552 septimo).

2456 2567 2461 2572 ’
2525 2569 2673 2623 Alios
2720 2577 3102 2624 commemorat
3158 2567 3574 2642 Cbrysostomus
3631 2573 3720 2642 qui
3794 2572 4043 2629 dicerent

2451 2659 2706 2714 mundum
2748 2674 2866 2714 esse
2908 2659 3064 2716 deum
3095 2660 3294 2733 (Tomo
3320 2662 3594 2734 decimo);
3643 2664 3736 2719 sed
3786 2663 3872 2719 hic
3909 2677 4045 2736 puto

2451 2754 2536 2824 agi
2566 2755 2633 2809 de
2659 2756 2849 2825 priscis
2878 2757 2981 2810 illis
3007 2757 3336 2828 philosophis
3382 2767 3491 2812 tum
3523 2757 3726 2814 Graecis
3769 2768 3879 2814 tum
3925 2759 4043 2816 La-

2454 2845 2612 2909 tinis,
2657 2861 2880 2914 quorum
2945 2862 3052 2901 non
3097 2847 3251 2916 pauci
3305 2847 3562 2917 putabant
3611 2849 3866 2905 mundum
3913 2864 4043 2906 esse

2451 2935 2630 2990 deum.
2675 2936 2854 3006 Pergit
2881 2945 3059 2992 autem
3104 2937 3297 2993 ibidem
3348 2938 3406 2993 S.
3452 2938 3642 2994 doctor
3679 2957 3692 2992 :
3729 2958 3749 2992 s
3803 2939 3909 2994 Alii
3965 2941 4042 2995 ita

2450 3027 2630 3081 mundi
2676 3029 3119 3096 pulchritudinem
3163 3029 3491 3100 ignorarunt,
3524 3040 3581 3085 ut
3630 3030 3721 3085 Dei
3762 3033 4044 3088 creatione

2454 3116 2724 3185 indignum
2768 3117 3060 3185 baberent,
3107 3134 3170 3173 ac
3197 3120 3510 3188 perniciosa
3538 3119 3748 3174 cuidam
3794 3122 4043 3176 materia:

2449 3223 2691 3278 magnam
2720 3209 2835 3278 ejus
2866 3219 3068 3280 partem
3090 3212 3448 3280 assignarent.
3486 3229 3505 3263 ι
3551 3211 3701 3266 Hanc
3745 3226 3872 3267 vero
3913 3213 4039 3282 opi-

2449 3298 2664 3353 nionem
2712 3301 2962 3356 tenebant
2991 3301 3298 3358 Valentinus
3321 3310 3376 3357 et
3419 3302 3510 3358 alii
3546 3302 3814 3370 haeretici,
3854 3312 3914 3360 ut
3954 3307 4041 3362 vi-

2449 3387 2625 3442 dimus
2651 3404 2832 3458 supra.

2518 3477 2705 3532 Malam
2731 3477 2975 3534 haeresim
3002 3489 3152 3534 vocat
3184 3495 3302 3535 eam
3346 3495 3448 3551 qua
3473 3481 3593 3537 sola
3639 3497 3773 3552 aqua
3803 3483 4037 3542 adhibe.

2446 3569 2602 3624 batur
2640 3568 2706 3623 ad
2747 3569 3058 3642 mysterium
3096 3571 3298 3637 calicis,
3329 3585 3489 3641 quam
3521 3571 3777 3639 haeresim
3804 3572 4038 3630 Tatiano

2447 3666 2502 3713 et
2530 3657 2816 3712 Eucratitis
2842 3658 3094 3713 adscribit
3119 3659 3472 3730 Epiphanius,
3508 3671 3565 3715 ut
3589 3677 3746 3731 supra
3798 3661 4036 3721 vidimus

2452 3748 2470 3817 (
2492 3745 2648 3801 Tanto
2678 3745 2932 3819 septimo).

2516 3837 2669 3892 Circa
2699 3838 2915 3907 angelos
2940 3847 3116 3892 autem
3164 3839 3406 3910 quaedam
3433 3841 3580 3905 dicit,
3613 3857 3731 3911 qua:
3757 3842 3846 3898 hic
3885 3845 4035 3902 refe-

2449 3925 2614 3981 renda
2642 3937 2921 3996 putamus,
2970 3925 3364 3983 Commentario
3397 3929 3453 3984 in
3487 3930 3739 3986 Gencsim
3788 3933 3840 3986 itt
3888 3934 4038 3991 hunc

2448 4019 2625 4074 locum
2659 4017 2852 4091 (Τοιηο
2877 4017 3125 4090 quarto):
3159 4019 3226 4074 Ut
3255 4021 3483 4076 viderunt
3516 4024 3612 4090 ﬁlii
3647 4024 3741 4079 Dei
3770 4027 3905 4094 ﬁlias
3931 4028 4024 4082 Ιιυο

2446 4111 2640 4164 minam
2693 4113 2828 4178 quod
2869 4112 3095 4181 pulchra:
3136 4121 3314 4173 essent,
3342 4124 3663 4182 sumpserunt
3704 4115 3798 4169 sibi
3847 4134 4036 4174 uxores

2447 4220 2508 4257 ex
2535 4204 2764 4256 omnibus
2799 4219 2924 4274 quas
2963 4203 3214 4274 elegerant
3242 4204 3261 4275 (
3279 4202 3405 4258 Gen.
3434 4205 3489 4258 6.
3524 4205 3559 4260 2
3581 4205 3621 4277 ).
3655 4225 3674 4258 ι
3699 4207 3969 4279 Singulas,
4009 4231 4029 4264 ι

2446 4295 2634 4363 inquit,
2665 4312 2684 4346 ι
2704 4293 2962 4348 dictiones
2989 4292 3270 4362 diligenter
3294 4294 3712 4362 consideretnus,
3736 4314 3804 4351 ne
3817 4299 3942 4366 quid
3978 4300 4031 4354 in

2446 4385 2608 4439 fundo
2628 4385 2798 4438 latens
2813 4398 2908 4437 nos
2927 4391 3224 4452 praztereat.
3250 4381 3436 4452 Opera:
3454 4385 3680 4454 pretium
3703 4387 3844 4440 enim
3868 4387 4034 4446 fuerit

2445 4477 2579 4530 bene
2598 4475 2820 4529 scrutari
2839 4473 2980 4527 hunc
3003 4473 3196 4542 locum,
3223 4483 3279 4526 ut
3299 4474 3667 4530 subvertamus
3693 4476 3895 4532 fabulas
3910 4495 4000 4534 om
4021 4510 4033 4520 -

2445 4568 2529 4621 nia
2560 4565 2949 4620 inconsiderate
2998 4565 3344 4634 loquentium.
3395 4567 3461 4622 Et
3489 4569 3714 4637 primum
3759 4570 4032 4628 ell'erenda

2445 4673 2505 4712 ea
2536 4673 2653 4727 qua:
2696 4656 2876 4711 dicere
2921 4656 3139 4722 audent,
3181 4665 3233 4710 et
3265 4668 3553 4713 monstrata
3580 4675 3785 4725 corum,
3815 4679 3934 4732 qua:
3962 4667 4034 4724 ab

2446 4749 2548 4802 illis
2595 4747 2872 4809 dicuntur,
2923 4746 3279 4818 absurditate,
3331 4764 3613 4816 germanus
3644 4767 3853 4822 quoque
3885 4754 4034 4810 Scri-

2445 4847 2612 4907 ptura:
2641 4853 2826 4891 sensus
2862 4847 3050 4892 vestra:
3093 4838 3298 4892 caritati
3340 4841 3656 4907 aperiendus
3697 4851 3819 4908 est,
3869 4855 3930 4899 ut
3965 4865 4034 4904 ne

2445 4929 2751 4998 simpliciter
2767 4939 2817 4984 et
2833 4928 2985 4982 facile
3005 4943 3159 4985 aures
3177 4929 3585 4986 accommodatis
3605 4942 3706 4986 tam
3722 4934 4032 5004 blasphetna

2445 5021 2774 5084 dicentibus,
2805 5031 2858 5075 ct
2885 5021 3165 5074 adversum
3199 5021 3371 5088 capita
3401 5038 3498 5076 sua
3527 5022 3791 5080 blaterare
3827 5029 4034 5083 auden-

2447 5114 2607 5166 tibus.
2654 5114 2916 5166 Asscrunt
2942 5113 3098 5175 enim,
3126 5111 3227 5165 hoc
3257 5127 3362 5164 non
3390 5113 3456 5166 dc
3493 5114 3794 5188 hominibus
3823 5115 4031 5174 dictum

2444 5219 2583 5265 esse,
2610 5201 2704 5256 sed
2735 5201 2800 5255 de
2825 5202 3057 5270 angelis:
3093 5201 3190 5254 hos
3216 5203 3364 5256 enim
3389 5242 3402 5264 ,
3433 5204 3620 5267 aiunt,
3651 5206 3785 5259 ﬁlios
3817 5207 3907 5260 Dei
3935 5225 4033 5278 ap-

2448 5293 2678 5362 pellavit.
2713 5291 2941 5344 Primum
2975 5293 3259 5347 ostendant
3290 5294 3373 5347 ubi
3405 5295 3576 5363 angeli
3611 5295 3698 5350 lilii
3732 5298 3822 5350 Dei
3852 5307 4034 5368 appel-

2449 5384 2534 5436 lati
2563 5385 2700 5438 sint:
2728 5382 2822 5437 sed
2855 5397 2956 5435 non
3006 5392 3252 5454 potet-unt
3294 5400 3513 5453 nsquam
3552 5398 3868 5444 monstrare.
3923 5390 4034 5444 llo-

2448 5475 2616 5527 mines
2643 5473 2854 5542 quidem
2881 5474 2969 5526 ﬁlii
3003 5475 3092 5528 Dei
3123 5475 3250 5529 dicti
3283 5487 3432 5541 sunt,
3461 5480 3636 5548 angeli
3665 5490 3840 5534 autem
3874 5497 4034 5535 num-

2447 5580 2624 5634 quam.
2659 5565 2816 5633 Atqui
2846 5564 2912 5617 de
2952 5567 3153 5632 angelis
3195 5567 3344 5630 dicit,
3382 5567 3482 5637 Qui
3513 5570 3636 5636 facit
3664 5573 3867 5640 angelos
3919 5590 4034 5628 suos

2445 5654 2672 5737 spiritus,
2693 5665 2737 5707 et
2767 5655 3019 5708 ministros
3043 5673 3156 5710 suos
3177 5658 3435 5726 [lutumm‘n
3465 5661 3592 5730 ignis
3619 5660 3788 5731 (Psal.
3812 5663 3930 5717 l05.
3959 5667 4030 5732 5).

2448 5747 2522 5798 De
2540 5743 2839 5797 hominibus
2858 5755 3054 5812 autem,
3079 5745 3185 5817 Ego
3198 5749 3324 5813 dixi,
3351 5749 3433 5802 Dii
3450 5752 3564 5804 estis
3585 5751 3753 5824 (Psal.
3775 5753 3863 5808 8.1.
3887 5754 3964 5824 6):
3982 5769 4033 5812 ct

2447 5839 2658 5906 iterum,
2685 5835 2846 5890 Filios
2865 5838 3011 5906 genui
3033 5847 3075 5892 et
3097 5840 3312 5893 exaltari
3338 5840 3500 5912 (.lsai.
3527 5844 3576 5896 l.
3601 5844 3672 5916 2)
3700 5863 3711 5898 ;
3743 5855 3795 5898 et
3819 5846 4033 5916 iterum,
