4176 6520
711 390 778 443 7‘7
2015 370 2342 432 SYNOPSIS
2381 366 2617 427 EOEUI!

710 502 931 556 cla-erum
954 498 1244 551 miserorum
1255 494 1445 548 instant
1466 531 1479 554 ,
1511 503 1674 558 eaeque
1687 493 1931 539 continua:
1946 499 2005 537 ac
2028 486 2263 552 frequen-

713 602 822 651 tes,
863 588 1028 653 tubc,
1074 584 1407 654 scenopegite,
1450 580 1690 653 jejunia:
1724 585 1772 631 et
1806 575 1948 628 multi
1985 571 2143 626 nostri
2188 585 2277 623 or-

711 680 845 733 dinis
862 718 877 743 ,
899 684 982 747 qui
1003 694 1057 732 se
1080 677 1337 731 nobiscum
1363 665 1545 728 sentire
1572 670 1765 737 dicunt,
1793 670 1977 739 partim
1996 673 2276 735 spectatum

711 770 827 823 illas
855 770 1011 838 ferias
1040 767 1317 838 prodeunt,
1345 764 1529 833 partim
1551 761 1698 815 etiam
1726 777 1827 814 una
1860 758 2140 822 celebrant,
2175 770 2279 809 una

716 860 961 927 lejunant,
977 873 1128 926 quam
1148 869 1355 926 pravam
1382 852 1788 907 consuetudinem
1808 864 1939 903 nunc
1960 848 2022 901 ab
2048 845 2279 901 Ecclesia

714 948 824 1003 sole
843 961 1036 1001 arcere.

783 1036 1003 1104 Quidam
1032 1034 1190 1091 etiam
1221 1048 1286 1089 eo
1322 1034 1601 1088 dementia:
1626 1037 2028 1100 processerant,
2061 1037 2119 1084 ut
2159 1042 2279 1083 cum

715 1124 1009 1194 quempiam
1034 1121 1400 1191 adjurandum
1430 1120 1746 1188 compellere
1769 1119 1966 1173 vellent
1984 1158 1999 1181 ,
2038 1117 2185 1172 illum
2214 1115 2281 1169 ad

714 1213 882 1267 aedem
911 1211 1217 1266 Judieorum
1244 1210 1488 1264 inducere
1513 1215 1853 1274 conarentur,
1876 1206 2016 1276 quod
2038 1212 2281 1276 putarent

714 1305 1070 1373 jnramentum
1134 1301 1205 1355 ibi
1248 1301 1424 1353 datum
1467 1299 1634 1368 magis
1685 1295 2070 1352 formidandum
2115 1308 2279 1349 esse:

715 1408 875 1465 quam
903 1408 1015 1448 rem
1044 1406 1200 1461 supra
1236 1390 1469 1460 pluribus
1493 1391 1854 1444 enarravimus
1876 1389 1929 1443 in
1956 1387 2066 1441 Vita
2094 1386 2149 1441 S.
2181 1386 2281 1440 do-

718 1487 901 1540 ctoris.
932 1485 1094 1539 Erant
1123 1483 1280 1537 etiam
1312 1483 1401 1552 qui
1428 1482 1644 1537 sabbata
1671 1496 1788 1536 cum
1814 1479 2013 1534 Judaais
2038 1479 2285 1534 observa-

720 1588 864 1641 rent,
896 1578 1001 1629 imo
1028 1584 1081 1629 et
1117 1574 1168 1629 S.
1219 1573 1419 1629 Pascha
1451 1573 1780 1628 celebrarent
1809 1587 1928 1628 cum
1971 1571 2155 1627 iisdem
2185 1570 2283 1625 Ju-

719 1667 850 1721 dieis
880 1665 1064 1735 (Temo
1096 1666 1331 1734 deciate).
1359 1665 1471 1732 Qua
1501 1664 1568 1719 de
1604 1680 1664 1719 re
1693 1674 1863 1719 actum
1899 1677 2056 1733 supra
2080 1663 2135 1718 in
2167 1662 2285 1717 Vita

725 1756 1089 1829 Chrysostomi
1114 1756 1179 1811 ad
1206 1771 1402 1812 annum
1430 1757 1553 1811 387.

786 1846 902 1901 Non
928 1849 1075 1917 pauci
1103 1862 1311 1917 quoque
1334 1856 1484 1901 erant
1514 1846 1601 1915 qui
1625 1846 1896 1916 gentilium
1919 1846 2085 1900 multa
2105 1844 2291 1902 obser-

720 1946 903 1991 varent
932 1937 1188 2008 (Ibidem)
1215 1954 1230 1991 :
1257 1937 1509 2007 sortilegia
1534 1953 1709 2007 nempe
1728 1977 1743 2001 ,
1772 1937 1986 2007 auguria
2003 1977 2020 2003 ,
2043 1938 2210 1991 omina
2230 1952 2290 1989 ac

720 2027 913 2081 dierum
957 2026 1352 2092 observationes,
1398 2028 1789 2097 superstitiosam
1834 2043 1987 2097 super
2002 2028 2172 2098 genesi
2198 2043 2289 2081 cu-

720 2134 831 2175 ram
851 2159 869 2184 ,
898 2127 945 2171 et
971 2117 1131 2170 omnis
1170 2118 1436 2186 impietatis
1488 2118 1661 2185 plenas
1699 2118 1868 2170 literas
1887 2158 1901 2180 ,
1929 2133 2051 2184 quas
2100 2132 2283 2186 puero-

720 2225 866 2273 rum,
907 2209 1135 2278 protinus
1176 2217 1232 2261 ut
1270 2209 1375 2261 nati
1416 2217 1570 2274 sunt,
1608 2207 1851 2275 capitibus
1889 2209 2187 2277 imponunt;
2227 2207 2288 2261 ab

720 2300 830 2371 ipso
864 2300 1030 2352 statim
1063 2300 1266 2353 exordio
1305 2300 1535 2352 docentes
1572 2298 1684 2352 illos
1722 2299 1918 2351 virtutis
1956 2298 2293 2369 adipiscenda:

721 2392 941 2445 studium
965 2391 1211 2461 abjiccre,
1244 2400 1289 2443 et
1313 2389 1379 2443 ad
1418 2389 1652 2460 fallacem
1691 2390 1786 2458 fati
1824 2392 2137 2460 tyrannidem
2177 2392 2292 2445 illos

721 2481 1041 2534 adducentes.
1120 2511 1127 2517 -

792 2570 867 2622 Ex
898 2569 962 2622 iis
992 2582 1115 2621 vero
1135 2608 1149 2633 ,
1180 2583 1295 2637 qure
1323 2567 1731 2639 Chrysostomus
1756 2576 1937 2623 narrat
1967 2569 2019 2623 ia
2047 2569 2151 2623 line
2180 2568 2293 2623 Ho—

723 2658 882 2712 iuilize
910 2668 1109 2727 quarta:
1135 2658 1184 2711 iu
1216 2659 1383 2727 Epist.
1417 2659 1481 2712 ad
1514 2659 1795 2728 Ephesios,
1844 2659 2014 2728 palam
2041 2669 2123 2713 est
2148 2661 2287 2714 inter

707 2747 1043 2804 Christianos
1066 2748 1426 2804 Antiochenos
1440 2750 1691 2818 plurimos
1712 2748 1873 2805 luisse
1889 2750 1976 2819 qui
1996 2750 2294 2820 genethlia-
2340 2752 2343 2755 ’

730 2839 884 2909 logia:
909 2854 1123 2908 Operam
1152 2839 1357 2894 darent.

792 2930 958 2985 Erant
981 2932 1141 2986 etiam
1169 2946 1273 2984 nun
1301 2933 1448 3001 pauci
1497 2930 1784 2987 Christiani
1810 2930 2122 2987 Antiocheni
2146 2972 2163 2999 ,
2206 2932 2296 3001 qui

725 3036 827 3075 una
873 3036 992 3077 eum
1022 3022 1303 3090 gentilibus
1350 3022 1413 3077 ad
1456 3022 1710 3092 Daphnen
1757 3030 2121 3093 preperarent.
2167 3023 2293 3076 Erat

724 3122 898 3168 autem
928 3112 1144 3181 Daphne
1185 3112 1495 3168 suburbium
1522 3113 1912 3168 Antiochenam
1939 3155 1953 3181 ,
1988 3114 2065 3168 sic
2089 3128 2292 3167 nuncu-

727 3212 905 3273 patum
940 3218 972 3258 a
1002 3202 1219 3273 Daphne
1262 3203 1433 3272 puella
1459 3244 1475 3271 ,
1524 3219 1681 3274 quam
1731 3204 2023 3275 mythologi
2063 3204 2295 3258 Ladonis

726 3293 872 3349 ﬂuvii
902 3294 1063 3348 ﬁliam
1089 3296 1287 3349 dicunt.
1308 3295 1431 3349 Haec
1455 3309 1574 3349 cum
1593 3295 1892 3364 Apollinem
1917 3296 2146 3350 libidinis
2171 3310 2298 3350 eau-

725 3402 783 3445 sa
810 3401 869 3442 se
901 3387 1262 3457 insequentem
1303 3387 1438 3441 ultra
1464 3386 1696 3457 eﬂ'ugere
1724 3402 1829 3442 non
1862 3395 2071 3457 posset,
2100 3387 2294 3457 implo-

726 3486 841 3532 rato
867 3477 1069 3547 paterni
1093 3477 1320 3532 numinis
1346 3477 1540 3532 auxilio
1560 3521 1574 3545 ,
1599 3479 1651 3532 in
1678 3479 1885 3533 laurum
1906 3494 2158 3535 conversa
2189 3487 2293 3535 est.

729 3566 853 3620 Erat
880 3581 1041 3636 porro
1069 3566 1289 3636 Daphne
1310 3566 1616 3623 suburbium
1636 3610 1651 3633 ,
1676 3568 1822 3623 locus
1842 3584 2081 3625 amoenus
2100 3609 2115 3635 ,
2139 3570 2299 3624 fututi-

726 3656 861 3721 bus,
904 3656 1186 3711 arboribus
1230 3666 1284 3711 et
1328 3658 1593 3727 cupressis
1638 3667 1873 3714 ornatus.
1921 3658 1997 3714 ibi
2043 3661 2295 3730 templum

728 3746 989 3815 Apollinis
1006 3785 1023 3812 ,
1054 3746 1207 3816 cujus
1231 3756 1404 3802 statua
1432 3750 1646 3819 elegans
1668 3765 1788 3804 eum
1814 3764 2003 3807 novem
2032 3752 2297 3808 Musarum

730 3836 894 3888 choro
918 3837 1360 3905 conspiciebatur.
1394 3836 1488 3892 illo
1529 3841 1915 3910 properabant,
1947 3843 2152 3898 colendi
2181 3844 2298 3899 talis

729 3925 961 3979 numinis
986 3942 1162 3991 causa,
1192 3928 1501 3984 Antiocheni
1523 3931 1780 3999 gentiles,
1812 3933 1999 4000 quibus
2027 3935 2185 3989 etiam
2216 3936 2297 3990 in-

732 4016 962 4070 termixti
992 4025 1144 4071 erant
1170 4033 1271 4071 non
1297 4020 1444 4088 pauci
1465 4018 1771 4086 Christiani,
1800 4037 1932 4091 quos
1956 4024 2298 4079 vehementer

732 4107 938 4163 mordet
964 4117 1016 4163 et
1045 4109 1281 4180 increpat
1308 4110 1737 4181 Clirysostomus,
1759 4112 2177 4170 Christianorum
2200 4130 2296 4169 no-

736 4200 883 4252 mine
913 4198 1154 4267 indignos
1183 4214 1410 4254 censens
1433 4216 1525 4255 eos
1546 4242 1559 4267 ,
1589 4202 1677 4270 qui
1706 4202 1853 4257 a'tali
1884 4204 2152 4258 consortio
2192 4218 2298 4259 non

733 4287 1101 4349 abhorrerent.
1133 4289 1242 4343 iloc
1271 4304 1396 4344 vero
1425 4292 1675 4359 templum
1705 4307 1823 4346 cum
1848 4292 2103 4363 Apollinis
2128 4304 2299 4350 statua

734 4378 950 4433 fulmine
967 4388 1158 4433 tactum
1183 4379 1295 4445 fuit,
1313 4396 1413 4450 qua
1432 4381 1497 4436 de
1515 4398 1571 4435 re
1591 4382 1886 4439 Monodiam
1900 4387 2011 4441 sive
2029 4387 2297 4457 planctum

735 4468 898 4522 edidit
918 4468 1167 4524 Libanius
1194 4468 1489 4538 idololatra,
1512 4472 1661 4543 cujus
1691 4484 1891 4543 partem
1908 4478 2158 4533 irridendi
2184 4495 2303 4535 cau-

736 4573 791 4611 sa
820 4557 981 4613 rel'ert
1006 4559 1436 4631 Cbrysostomus.

808 4648 1087 4703 Antiochia
1116 4666 1242 4705 vero
1268 4650 1496 4706 Orientis
1525 4662 1682 4723 caput
1706 4662 1761 4709 et
1801 4656 2109 4726 metropolis
2151 4668 2265 4713 erat
2287 4699 2301 4724 ,

712 4742 1143 4812 .continebatque
1168 4741 1346 4813 (Temo
1375 4744 1610 4813 secunde)
1634 4745 1859 4801 ducenta
1886 4746 2160 4803 hominum
2197 4750 2308 4803 inil-

742 4831 831 4898 lia,
860 4846 925 4885 ex
957 4847 1182 4901 quorum
1204 4847 1424 4888 numero
1461 4833 1641 4904 (Temo
1662 4838 1895 4907 septimo)
1927 4847 2139 4893 centum
2166 4840 2307 4895 mille

739 4923 949 4977 circiter
968 4922 1249 4977 Christiani
1276 4934 1429 4980 erant
1460 4943 1477 4980 :
1504 4927 1775 4996 majorque
1800 4940 2090 4986 conventus
2114 4929 2133 4997 (
2154 4931 2307 4987 Temo

744 5013 939 5084 primo)
985 5013 1401 5069 Christianorum
1439 5018 1729 5073 Antiochia:
1779 5032 1931 5085 erat,
1964 5036 2118 5091 quam
2168 5023 2309 5078 Cou-

743 5104 1077 5173 stantinopoli
1108 5103 1287 5173 (Temo
1314 5106 1569 5178 septimo).

816 5192 1051 5249 Ecclesia
1105 5212 1231 5251 vero
1278 5199 1602 5254 Antiochena
1656 5201 1952 5270 possidebat
1988 5219 2172 5274 agros,
2213 5204 2310 5259 do-

747 5298 878 5348 mos,
911 5283 1198 5340 locationes
1243 5288 1433 5343 aedium
1458 5330 1473 5356 ,
1532 5289 1800 5356 vehicula,
1824 5291 2105 5359 muliones,
2136 5296 2310 5347 mulos

746 5386 799 5431 et
831 5378 992 5432 multa
1033 5380 1132 5434 alia
1173 5378 1472 5449 hujnsmodi
1501 5383 1520 5452 (
1545 5382 1795 5454 Ibidem).
1822 5383 2023 5449 Quibus
2057 5386 2308 5440 instructa

751 5470 1082 5525 facultatibus
1118 5471 1351 5526 Ecclesia
1400 5475 1497 5527 ista
1542 5489 1717 5529 aream
1747 5474 1974 5530 habebat
2015 5476 2219 5532 alendis
2257 5478 2310 5532 in

751 5560 937 5632 Opibus
960 5561 1295 5630 deputatam;
1343 5562 1406 5617 Et
1443 5566 1624 5636 cogites
1654 5568 1830 5631 uelim,
1874 5567 2041 5637 inquit
2083 5568 2312 5641 Chryso-

753 5657 956 5705 stomus
977 5693 991 5716 ,
1020 5664 1136 5724 quot
1164 5656 1367 5720 viduas,
1415 5666 1530 5725 quot
1559 5658 1769 5728 virgines
1795 5661 1897 5712 alat
1940 5662 2156 5730 quotidie
2181 5677 2198 5714 :
2227 5678 2312 5716 ea-

751 5754 864 5793 rum
891 5753 1015 5796 certe
1037 5746 1292 5816 catalogus
1318 5747 1385 5800 ad
1415 5757 1487 5801 ter
1502 5747 1637 5802 mille
1661 5749 1913 5822 pertingit.
1939 5750 2015 5804 Ad
2035 5752 2141 5806 [uec
2164 5754 2310 5809 etiam

3891 355 4008 412 78

2376 483 2437 535 in
2461 496 2659 535 carcere
2684 478 2871 534 vinctos
2886 520 2900 546 ,
2931 477 2984 534 in
3010 475 3322 534 :cenodechio
3347 492 3507 548 agros
3522 516 3538 542 ,
3570 475 3697 531 alios
3725 474 3847 530 bene
3870 489 4011 529 va-

2384 574 2566 642 lentes,
2598 575 2884 643 peregrinos
2906 613 2922 638 ,
2966 571 3197 626 membris
3236 570 3467 636 mutilos,
3511 569 3661 624 altari
3685 568 4011 623 assidentes

2383 662 2610 717 alimenti
2634 664 2878 734 vestisque
2900 678 3057 716 causa
3078 702 3095 728 ,
3124 660 3352 731 aliosque
3371 676 3491 714 casu
3514 658 3800 713 accedentes
3830 661 4011 728 fore!

2384 754 2609 823 quotidie
2634 771 2653 809 :
2675 769 2829 821 neque
2868 762 3039 807 tamen
3079 754 3193 824 ejus
3220 753 3487 824 facultates
3515 751 3793 804 imminuta:
3820 756 4004 802 sunt.

2384 844 2602 913 Itaque,
2632 846 2677 899 si
2699 845 2865 899 decem
2904 846 2996 899 viri
3034 853 3230 899 tantum
3265 844 3412 914 paria
3451 843 3833 898 subministrare
3864 839 4011 894 vel-

2385 936 2487 990 ient
2504 975 2521 1003 ,
2553 934 2721 989 nullus
2746 938 2874 1005 foret
2898 951 3112 1005 pauper.

2457 1028 2657 1085 Morem
2678 1026 3099 1083 Christianorum
3131 1036 3361 1081 veterem
3388 1034 3767 1081 commemorat
3798 1023 3943 1079 alibi
3978 1063 4006 1089 ,

2386 1118 2478 1189 qui
2521 1133 2636 1173 tero
2686 1131 2784 1191 suo
2822 1117 2931 1187 jam
2979 1117 3313 1173 ubsoleverat
3343 1116 3534 1185 (Temo
3576 1118 3806 1186 tertio):
3845 1114 4005 1169 Ηω

2384 1210 2591 1280 quidam
2635 1209 2913 1275 mirabilis,
2963 1209 3158 1280 inquit,
3208 1219 3325 1262 tunc
3366 1209 3602 1263 inductus
3643 1218 3715 1263 est
3749 1224 3767 1262 :
3797 1209 4001 1263 coacti

2387 1318 2601 1373 namque
2624 1302 2777 1357 simul
2816 1303 2988 1370 ﬁdeles
3033 1318 3204 1355 onmes
3234 1311 3352 1371 post
3385 1302 3614 1354 auditam
3643 1301 3945 1354 doctrinam
3977 1340 4004 1372 ε

2391 1402 2500 1463 post
2530 1392 2781 1447 orationes
2804 1435 2817 1459 ,
2846 1402 2959 1461 post
2996 1392 3347 1460 mysteriorum
3392 1392 3854 1461 participationem,
3884 1405 4011 1445 so-

2390 1482 2497 1537 luta
2518 1484 2731 1553 synaxi,
2780 1498 2880 1535 non
2928 1483 3093 1536 statim
3125 1483 3331 1535 domum
3360 1482 3734 1547 concedebant;
3775 1484 3866 1536 sed
3889 1482 4007 1535 di-

2389 1574 2509 1627 vites
2525 1582 2569 1627 et
2585 1574 2917 1643 opulentiores
2932 1574 3168 1627 alimenta
3180 1582 3225 1627 et
3236 1574 3427 1642 fercula
3441 1590 3467 1625 e
3480 1572 3707 1626 domibus
3722 1574 3827 1626 suis
3842 1572 4005 1639 olfe—

2390 1674 2554 1718 rentes
2573 1703 2588 1727 ,
2631 1680 2875 1734 pauperes
2903 1665 3213 1717 advocabant
3234 1703 3248 1729 ,
3279 1664 3632 1732 communique
3657 1664 3807 1718 simul
3828 1681 4005 1718 ntere-

2391 1773 2451 1811 sa
2493 1756 2823 1827 fruebantur,
2865 1757 3308 1827 communibusque
3344 1758 3508 1827 epulis
3550 1766 3697 1825 atque
3734 1757 4003 1810 conviviis

2391 1848 2445 1900 in
2474 1846 2586 1916 ipsa
2617 1846 2859 1911 ecclesia;
2886 1846 2961 1899 ita
2987 1858 3042 1900 ut
3068 1856 3115 1900 et
3142 1863 3174 1900 a
3211 1848 3464 1901 consortio
3488 1863 3703 1911 mensa},
3732 1858 3780 1899 et
3805 1864 3837 1899 α
3873 1847 4003 1901 loci

2393 1938 2671 1991 reverentia
2692 1977 2707 2002 ,
2738 1938 2924 1990 caritas
2942 1938 3383 2008 constringeretur,
3407 1954 3520 1990 cum
3542 1937 3699 1991 multa
3719 1938 4002 1997 voluptate

2392 2032 2542 2086 simul
2569 2040 2716 2100 atque
2739 2031 2971 2084 utilitate.

2466 2123 2540 2178 De
2575 2123 2639 2175 iis
2678 2121 2772 2191 qui
2802 2123 2882 2176 vel
2924 2122 2975 2175 in
3019 2136 3289 2177 carcerem
3330 2121 3602 2187 trudendi,
3634 2121 3718 2176 vel
3753 2119 3820 2175 ad
3871 2137 3998 2176 nc-

2396 2229 2511 2269 cem
2542 2214 2769 2283 quzesiti,
2806 2216 2857 2267 in
2897 2212 3179 2268 ecclesiam
3205 2212 3568 2282 confugerent,
3597 2212 3837 2281 quaedam
3876 2227 3996 2267 nos

2398 2305 2632 2361 dicturos
2682 2320 2801 2360 esse
2858 2306 3077 2375 polliciti
3124 2319 3343 2369 sumus,
3394 2319 3515 2359 cum
3589 2304 3655 2359 de
3716 2305 3995 2373 Eutropio

2400 2397 2642 2453 eunucho
2663 2398 2729 2451 ad
2752 2412 2936 2452 necem
2957 2398 3178 2465 quzesito
3194 2406 3437 2481 ageretur
3454 2396 3716 2467 (Ibidem).
3740 2397 3827 2453 Sic
3844 2414 3994 2452 vero

2397 2489 2609 2560 legitun,
2633 2498 2678 2543 et
2700 2490 2767 2542 ad
2786 2506 2930 2543 sacra
2950 2506 3068 2543 vasa
3080 2492 3321 2560 confugit.
3349 2488 3450 2544 Sed
3474 2489 3594 2557 quia
3622 2488 3736 2543 bmc
3758 2489 3823 2543 ad
3849 2490 3993 2543 lite-

2398 2594 2509 2633 ram
2550 2580 2853 2649 accipienda
2895 2596 2999 2634 non
3031 2580 3292 2646 videntur,
3326 2590 3379 2636 et
3409 2580 3530 2649 quia
3564 2581 3991 2651 Cbrysostomus

2400 2673 2557 2741 paulo
2586 2679 2789 2739 postea,
2819 2672 2984 2741 ipsum
3008 2673 3059 2724 in
3085 2674 3306 2725 sacrario
3330 2674 3635 2738 excepimus,
3659 2688 3751 2727 seu
3780 2674 3829 2726 in
3854 2674 3989 2728 loco

2399 2762 2527 2815 solis
2549 2761 2910 2816 sacerdotibus
2932 2762 3195 2817 deStinato
3212 2804 3225 2825 ,
3253 2764 3356 2817 alio
3378 2764 3536 2818 modo
3558 2779 3644 2819 res
3664 2764 3990 2833 explicanda

2401 2850 2627 2905 videtur.
2658 2852 2832 2917 Quzeri
2858 2864 3034 2906 autem
3058 2862 3233 2922 posset
3255 2862 3429 2907 utrum
3468 2862 3704 2908 veterum
3732 2869 3882 2910 more
3908 2856 3990 2911 ad

2401 2956 2546 2996 aram
2574 2944 2857 2997 accesserit
2886 2985 2901 3009 ,
2948 2950 3003 2997 et
3044 2958 3188 2997 aram
3218 2944 3489 3013 tetigerit,
3524 2944 3660 3013 quod
3702 2961 3805 2999 non
3836 2946 3988 3014 apud

2402 3030 2650 3100 profanos
2690 3032 2848 3088 modo
2872 3074 2886 3099 ,
2927 3033 3022 3088 sed
3062 3035 3198 3103 apud
3224 3033 3555 3089 Christianos
3585 3036 3742 3090 etiam
3776 3036 3826 3090 in
3879 3053 3988 3093 usu

2404 3118 2520 3186 fuit,
2550 3135 2670 3175 cum
2693 3122 2812 3190 quis
2827 3123 2907 3177 vel
2936 3132 3105 3177 morte
3136 3124 3491 3185 mulctandus,
3524 3125 3604 3178 vel
3627 3126 3679 3178 in
3705 3140 3988 3182 carcerein

2406 3210 2769 3278 conjiciendus
2806 3214 3221 3281 perquireretur.
3256 3213 3448 3268 Verum
3478 3214 3592 3269 ha:c
3620 3217 3842 3285 quaestio
3873 3233 3988 3272 nun

2409 3301 2537 3353 tanti
2561 3316 2682 3355 esse
2708 3302 2944 3367 videtur,
2966 3303 3110 3357 etde
3140 3303 3393 3372 Eutropio
3422 3305 3487 3359 iis
3511 3322 3628 3375 qua:
3653 3306 3988 3376 Chrysosto-

2406 3405 2525 3445 mus
2554 3393 2771 3462 protulit
2797 3432 2813 3458 ,
2854 3394 3062 3448 nonnisi
3089 3395 3376 3450 divinando
3403 3412 3682 3466 possumus
3707 3398 3987 3468 quidpiam

2405 3481 2655 3551 adjicere.

2479 3573 2613 3628 Dicit
2641 3574 3048 3643 Cbrysostomus
3070 3575 3293 3630 llomilia
3311 3577 3379 3632 50
3421 3578 3474 3632 in
3506 3578 3754 3634 Geuesim
3783 3580 3801 3651 (
3825 3574 3988 3635 Teium

2412 3662 2651 3733 quarto):
2700 3664 2945 3734 Magnam
2992 3681 3222 3720 uocamus
3266 3667 3666 3734 hebdomadam,
3700 3687 3802 3724 non
3846 3674 3988 3742 quod

2412 3755 2660 3825 longiores
2694 3757 2745 3809 in
2786 3773 2845 3809 ea
2871 3758 2970 3810 sint
2999 3758 3169 3820 ltorw;
3208 3768 3323 3811 sunt
3357 3760 3489 3812 enim
3536 3761 3655 3814 alia:
3686 3777 3797 3831 quae
3824 3763 3988 3818 multo
4048 3830 4051 3833 ἰ

2418 3850 2632 3915 maiores
2660 3848 2811 3901 horas
2841 3848 3042 3903 habent.
3066 3848 3234 3902 Horas
3263 3857 3442 3903 autem
3481 3851 3708 3918 majores
3732 3862 3787 3906 et
3812 3853 3982 3907 mino-

2416 3954 2502 3994 res
2536 3944 2839 3994 necessario
2865 3951 3070 3994 veteres
3095 3941 3464 4007 admittebant,
3495 3943 3582 4010 qui
3614 3942 3754 3997 diem
3778 3944 3828 3998 in
3858 3944 3988 3999 duo-

2409 4030 2583 4085 decim
2609 4071 2625 4097 ,
2653 4040 2705 4084 et
2732 4040 2940 4086 noctem
2968 4031 3018 4084 in
3045 4030 3457 4105 totidempartes
3486 4047 3582 4086 seu
3609 4032 3764 4087 horas
3792 4033 3988 4089 divise-

2410 4132 2533 4176 runt
2576 4139 2589 4176 :
2642 4121 2781 4176 unde
2836 4122 3155 4190 sequebatur
3196 4123 3415 4177 diurnas
3470 4124 3692 4177 hiberno
3748 4136 3987 4195 tempore

2413 4214 2648 4268 minores
2668 4254 2683 4280 ,
2706 4214 2891 4268 mstive
2915 4223 3093 4269 autem
3122 4215 3351 4283 majores
3382 4230 3522 4269 esse.
3550 4215 3700 4270 Unde
3730 4216 3988 4273 Martialis

2412 4304 2448 4360 l.
2476 4305 2563 4371 12,
2591 4305 2758 4374 epigr.
2784 4306 2836 4371 t,
2870 4304 3053 4359 horam
3091 4306 3328 4359 aestivam
3361 4306 3438 4359 sic
3466 4317 3885 4364 commemorat:

2594 4449 2713 4493 Hora
2736 4451 2830 4488 uec
2852 4438 3018 4513 restire
3040 4444 3134 4497 est,
3158 4450 3251 4487 nec
3273 4438 3358 4488 tibi
3383 4447 3481 4489 tota
3505 4442 3648 4502 perit.

2412 4570 2663 4643 Virgilius
2688 4579 2884 4635 autem,

2594 4689 2695 4731 tam
2716 4695 2813 4731 nox
2836 4681 3064 4730 hibernas
3076 4680 3151 4729 bis
3172 4680 3385 4742 quinque
3405 4686 3669 4741 peregerat
3690 4679 3833 4729 horas

2488 4826 2765 4881 Hominem
2819 4825 3188 4889 tricubitalem,
3229 4837 3379 4878 vocat
3432 4823 3885 4895 Cbrysostomus,
3930 4838 3987 4883 ut

2418 4918 2574 4974 etiam
2601 4918 2946 4987 Ceograpbus
2973 4916 3260 4971 Nubiensis
3291 4918 3341 4970 in
3372 4917 3590 4972 climate
3622 4919 3778 4973 tertio
3805 4919 3985 4989 (Temo

2411 5011 2585 5079 quinto
2641 5018 2685 5064 et
2722 5008 2877 5062 Tento
2903 5005 3167 5078 septimo):
3219 5002 3623 5075 alibiquedicit
3667 5007 3854 5063 doctor
3896 5024 3986 5063 uo-

2418 5116 2562 5169 ster,
2598 5105 2792 5169 homo,
2840 5104 2973 5155 intra
3025 5112 3123 5154 tres
3170 5099 3362 5154 cubitu
3404 5102 3679 5167 sepelitur,
3727 5116 3817 5155 nec
3867 5102 3983 5170 quid

2418 5198 2549 5249 ultra
2576 5192 2757 5266 (Temo
2786 5192 2977 5264 quinto)
2992 5236 3003 5247 .

2491 5287 2815 5358 Babylonios
2854 5296 2907 5340 et
2937 5286 3068 5340 alios
3097 5283 3393 5339 Orientales
3438 5298 3582 5350 saepe
3628 5292 3780 5336 vocat
3817 5282 3981 5354 Chry-

2418 5389 2687 5435 sostomus
2719 5378 2897 5447 (Temo
2920 5375 3104 5447 sexto).

2497 5472 2873 5540 Suspicabatur
2909 5471 2997 5527 ille
3041 5471 3198 5524 linem
3229 5468 3408 5523 mundi
3451 5469 3652 5522 instare
3703 5476 3757 5523 et
3809 5449 3981 5535 prditi-

2417 5580 2564 5618 mum
2592 5576 2711 5617 esse
2751 5560 2945 5633 (Temo
2974 5562 3184 5631 septimo
3210 5560 3247 5629 ).
3292 5559 3476 5613 Finem
3525 5558 3707 5613 mundi
3749 5576 3983 5629 pra-nun.

2423 5655 2572 5719 tiant,
2593 5654 2780 5724 inquit,
2802 5652 2956 5715 bella,
2982 5668 3253 5715 mrumnaa,
3283 5659 3439 5705 terra:
3462 5661 3639 5706 motus
3664 5662 3712 5705 et
3732 5654 3982 5707 exstincta

2423 5754 2617 5809 caritas
2650 5746 2850 5821 (Temo
2891 5749 3121 5820 octavo).
3172 5747 3300 5805 Eam
3346 5760 3503 5816 quam
3543 5745 3736 5802 Paulus
3768 5745 3982 5816 plenitu—~
