4176 6456
171 381 229 440 π
936 359 1107 434 (ὶυῶ
1135 356 1203 416 IN
1237 350 1578 415 OPERIBUS
1608 344 2084 409 CIIllYSOSTOMI
2121 341 2652 404 OBSERVANTUB.
3380 323 3452 382 80

163 503 320 560 dum
373 503 685 570 naporum
730 495 933 554 vocat,
983 485 1096 557 jam
1133 479 1420 540 advenisse
1465 472 1729 570 putabat:

169 590 239 645 Its
288 589 335 643 si
381 596 456 643 tot
488 564 767 641 munerum
815 570 1372 649 quadringentesimum
1426 582 1531 624 esse
1590 564 1745 635 ﬁnem

164 680 444 745 inrisus,
469 693 579 732 non
599 672 969 729 aberrabimus.
998 665 1108 724 Sed
1157 672 1217 721 ut
1256 662 1314 719 in
1356 656 1747 731 supputatione

166 785 447 843 temporum
472 783 583 824 non
610 766 685 823 ita
710 772 991 821 accuratus
1014 757 1562 830 fuitChrysostomus,
1582 750 1673 843 sic
1690 748 1746 843 in

166 837 624 934 hac-praedictione
661 858 820 928 longe
844 850 1155 911 aberravit:
1206 844 1354 920 quod
1392 841 1582 901 multis
1623 837 1750 895 aliis

163 954 343 1011 sanctis
367 952 512 1007 viris
540 946 789 1019 contigit.

217 1046 495 1115 Cognatas
509 1037 721 1097 Christi
743 1036 1086 1105 Desposynos
1101 1025 1403 1100 appellatos
1415 1024 1592 1082 multo
1607 1034 1743 1083 tem-

162 1152 276 1208 pore
292 1128 652 1190 admirationi
695 1126 865 1183 fuisse
898 1124 1050 1188 dicit,
1073 1121 1401 1189 illorumque
1427 1125 1610 1173 tamen
1642 1130 1742 1172 no-

164 1232 296 1285 mina
312 1226 544 1300 propria
560 1222 823 1294 ignorari:
836 1217 1107 1299 Eusebius
1121 1228 1342 1285 quoque
1356 1212 1395 1266 l.
1422 1212 1462 1267 Ι.
1478 1209 1743 1300 Histrlic-

157 1310 218 1363 cl.
245 1294 608 1380 ait-cognatos
626 1305 822 1363 Christi
838 1294 1193 1374 'Desposynos
1209 1305 1541 1368 nuncupatos
1561 1294 1749 1351 fuisse.

222 1398 452 1455 Humilia
482 1399 549 1454 ιι
578 1398 635 1452 in
664 1398 798 1451 Acta
824 1392 1206 1465 Apostolorum
1234 1405 1349 1446 rem
1376 1394 1558 1443 narrat
1577 1387 1753 1458 singu-

163 1492 314 1547 lrem
341 1488 551 1564 (Temo
594 1485 788 1560 nono).
836 1486 967 1541 Erat
1008 1484 1208 1539 cuidam
1256 1480 1609 1564 pnedium,in
1651 1493 1752 1551 quo

164 1581 380 1636 occultus
432 1582 705 1635 thesaurus
750 1587 859 1632 erat
899 1592 919 1632 :
955 1583 1151 1647 emptor
1196 1567 1312 1629 vero
1334 1614 1348 1639 ,
1403 1560 1520 1626 cum
1565 1582 1753 1627 terram

164 1673 367 1742 (olera,
392 1673 693 1727 thesaurum
746 1668 893 1724 illum
937 1667 1144 1721 invenit.
1178 1665 1255 1721 Re
1294 1673 1554 1733 comperta
1594 1662 1638 1715 is
1665 1660 1750 1731 qui

163 1764 477 1829 vendiderat,
506 1772 787 1830 emptorem
816 1758 1025 1830 cogebat
1064 1768 1119 1812 ut
1150 1757 1445 1811 thesaurum
1482 1753 1748 1820 redderet,

165 1855 345 1917 6cm,
372 1871 429 1910 se
454 1853 706 1925 pra'dium
732 1851 1037 1916 vendidisse,
1060 1865 1162 1902 non
1189 1848 1481 1901 thesaurum
1502 1861 1520 1899 :
1540 1854 1751 1899 conten-

164 1945 297 1999 debat
318 1946 454 1999 alter
480 1986 495 2012 ,
524 1960 579 1998 se
607 1942 857 2013 praedium
882 1956 1000 1995 cum
1038 1939 1276 1993 thesauro
1306 1936 1507 1991 eruisse.
1565 1935 1667 1989 Res
1700 1934 1752 1987 in

170 2040 293 2091 item
316 2053 466 2092 rersa
490 2045 584 2101 est,
613 2033 705 2090 ille
732 2032 879 2087 reddi
913 2030 1009 2087 sibi
1044 2029 1275 2094 volente,
1308 2028 1469 2082 altero
1516 2035 1752 2097 negante.

167 2128 453 2184 lneidentes
478 2138 648 2182 autem
690 2127 743 2180 in
786 2125 1039 2179 hominem
1085 2123 1411 2194 quempiam,
1444 2118 1709 2190 litigabunt
1736 2130 1756 2171 :

167 2221 440 2293 deindeque
484 2220 861 2288 interrogarunt
898 2215 1048 2269 illum
1077 2254 1092 2278 ,
1136 2213 1220 2267 cui
1263 2211 1463 2266 deberet
1489 2210 1756 2264 thesaurus

167 2314 470 2387 adjadicari.
494 2310 598 2366 Ille
623 2327 737 2365 vero
766 2308 1066 2365 sententiam
1086 2322 1187 2361 non
1215 2304 1369 2369 tulit,
1419 2304 1508 2358 sed
1537 2319 1590 2357 se
1620 2301 1758 2356 litem

167 2408 444 2460 soluturum
461 2419 595 2469 esse,
620 2404 663 2457 si
690 2402 959 2457 thesaurus
980 2400 1075 2456 sibi
1099 2406 1341 2453 maneret.
1364 2394 1486 2471 llis
1512 2410 1629 2449 vero
1656 2410 1755 2448 an—

170 2500 445 2565 nitentibus,
484 2504 689 2567 accepto
716 2496 953 2549 thesauro
976 2494 1241 2547 innumera
1269 2488 1453 2544 deinde
1479 2486 1614 2541 mala
1639 2503 1759 2557 pas-

150 2579 248 2647 sus
271 2603 346 2646 est
370 2607 391 2645 :
417 2601 465 2645 et
496 2606 553 2644 re
576 2589 754 2642 didicit
765 2589 887 2659 jure
913 2585 1038 2641 illos
1053 2586 1113 2638 ab
1142 2585 1234 2638 hoc
1250 2582 1573 2637 abstinuisse.

230 2681 339 2738 Rec
367 2682 553 2737 minus
576 2677 975 2736 observandum
1004 2686 1085 2733 est
1107 2676 1158 2732 id
1189 2676 1330 2747 quod
1358 2674 1526 2730 refert
1556 2672 1755 2731 llomil.

175 2774 237 2829 1'5
260 2774 313 2828 in
328 2772 505 2844 Epist.
534 2770 602 2825 ad
629 2770 905 2825 Romanos
931 2768 1113 2840 (Temo
1134 2768 1313 2838 nono).
1338 2765 1467 2833 Qua:
1486 2765 1616 2820 enim
1640 2772 1759 2818 ante

173 2866 347 2921 latini
383 2866 650 2935 possibilia
689 2862 991 2919 videbantur
1034 2877 1171 2927 esse,
1217 2860 1486 2929 virginitas
1510 2900 1525 2924 ,
1576 2856 1760 2910 mortis

172 2968 502 3031 caueruptus,
526 2956 911 3027 compluresque
928 2953 1020 3009 alii
1035 2954 1251 3019 labores,
1270 2953 1379 3006 han:
1399 2951 1581 3021 ubique
1596 2960 1759 3003 terra-

169 3067 273 3105 rum
290 3051 399 3116 iam
430 3058 738 3120 prwstantur
759 3090 777 3116 ,
808 3064 910 3102 non
935 3046 1075 3116 apud
1096 3062 1186 3101 nos
1211 3054 1410 3099 tantum
1430 3086 1444 3109 ,
1494 3043 1583 3098 sed
1604 3042 1760 3096 etiam

170 3146 297 3213 apud
327 3142 574 3213 Scythas,
602 3140 843 3205 Thraces,
872 3135 1055 3203 Indos,
1085 3134 1297 3203 Persas,
1320 3135 1550 3204 aliosque
1570 3132 1758 3187 barba-

171 3249 244 3288 ros
264 3234 452 3287 multos
480 3247 502 3295 ;
548 3239 594 3285 et
614 3231 868 3301 virginum
905 3227 1045 3281 chori
1063 3268 1079 3293 ,
1108 3235 1390 3297 martyrum
1417 3223 1614 3295 populi,
1644 3239 1759 3277 mo-

175 3328 446 3381 nachorum
472 3324 769 3379 sodalitates
788 3324 905 3392 jam
924 3320 1095 3392 plures
1117 3327 1235 3373 sunt
1257 3358 1273 3385 ,
1296 3333 1449 3389 quam
1475 3333 1652 3372 eorum
1670 3317 1761 3388 qui

170 3417 407 3472 seruabio
428 3417 739 3489 junguntur.

230 3509 431 3565 Contra
474 3505 810 3563 Christianos
830 3501 1090 3575 quosdam
1113 3501 1309 3573 stylum
1336 3498 1482 3555 acuit
1516 3498 1758 3571 Chryse.

173 3608 387 3665 stamus,
413 3596 562 3669 quia
586 3594 897 3651 lanichmis
925 3592 1132 3648 seducti
1158 3633 1174 3658 ,
1206 3600 1264 3648 ut
1288 3588 1501 3646 videtur
1523 3630 1538 3656 ,
1581 3589 1760 3644 virilia

174 3688 263 3745 sibi
289 3688 678 3759 amputabant:
707 3700 828 3757 qua:
851 3682 1188 3740 consuetudo
1213 3690 1393 3737 tamen
1417 3697 1523 3736 non
1554 3680 1644 3735 diu
1676 3679 1757 3735 vi-

176 3782 340 3851 guisse
370 3779 588 3836 videtur
610 3776 794 3850 (Temo
823 3775 1065 3845 decimo).

236 3869 471 3925 Infantes
500 3883 691 3924 recens
718 3867 829 3922 nati
872 3865 1204 3938 signaculum
1232 3861 1283 3919 in
1313 3861 1492 3918 fronte
1517 3877 1548 3918 a
1578 3876 1761 3918 sacer-

176 3958 293 4015 dote
324 3958 667 4030 accipiebant
691 3954 958 4027 (Ibidem).

235 4049 435 4106 Culum
463 4064 586 4105 esse
610 4047 955 4119 spis-sericum.
986 4055 1039 4101 et
1067 4054 1266 4101 terram
1292 4059 1412 4100 esse
1440 4044 1759 4115 spltmricam

176 4143 393 4213 negabat
424 4139 843 4211 Chrysostomus
879 4140 897 4209 (
926 4134 1448 4207 Tomeiduodecimo)
1481 4152 1495 4188 :
1543 4150 1646 4206 qua
1692 4135 1761 4191 de

175 4248 226 4289 re
275 4231 507 4288 videnda
558 4239 683 4285 sunt
736 4244 856 4300 qua:
916 4227 1147 4283 diximus
1210 4227 1265 4281 in
1321 4225 1643 4281 Praelatione
1692 4224 1761 4280 ad

176 4324 418 4380 Casinam
446 4321 779 4394 Egyptian],
828 4319 917 4390 qui
965 4319 1033 4373 ad
1069 4318 1214 4373 illam
1247 4318 1567 4372 sententiam
1607 4327 1761 4371 tucn-

175 4416 288 4470 dam
340 4418 516 4469 locum
551 4412 707 4466 atiert
742 4410 1110 4482 Cbrysostomi
1158 4424 1227 4464 ex
1276 4406 1676 4465 Commentario
1706 4408 1762 4463 in

179 4506 468 4577 Epistotam
498 4504 565 4559 ad
596 4504 869 4571 llebrteos,
894 4517 1052 4573 quem
1085 4501 1281 4557 videsis
1312 4504 1365 4555 in
1392 4501 1540 4557 edito
1566 4501 1761 4557 Cosma

180 4615 231 4667 p.
261 4597 385 4653 528.
420 4596 780 4651 Plurimorum
807 4593 951 4650 enim
979 4593 1200 4649 Patrum
1219 4601 1274 4649 et
1292 4593 1616 4663 scriptorum
1650 4592 1766 4648 haec

182 4690 362 4760 opinio
387 4687 507 4742 luit.

251 4777 547 4834 Antiochia:
588 4776 911 4832 concionans
937 4775 1068 4831 dicit
1091 4776 1144 4831 in
1168 4788 1320 4830 more
1341 4789 1461 4829 esse
1482 4783 1542 4829 ut
1568 4775 1763 4829 mulie-

185 4884 267 4924 res
295 4878 348 4923 et
375 4866 580 4937 parvuli
605 4882 637 4922 e
663 4867 802 4922 collo
827 4866 1100 4937 evangelia
1146 4865 1539 4936 suspenderent
1563 4868 1581 4935 (
1601 4863 1763 4919 Temo

180 4959 396 5017 secunde
412 4961 457 5031 ).

759 5162 1081 5220 DIATRIBA
1123 5161 1188 5218 V.

198 5275 527 5349 Digressienes
561 5276 665 5331 sive
691 5276 785 5330 illa
806 5275 977 5331 omnia
1000 5289 1115 5346 quae
1144 5273 1196 5328 in
1220 5272 1634 5328 similitudinibus
1664 5276 1769 5345 {re-

258 5370 575 5439 astutissime
599 5377 959 5423 commemorat
983 5366 1370 5439 Chrysostemus
1387 5406 1401 5433 ,
1431 5381 1546 5437 quia
1571 5366 1640 5419 ad
1667 5382 1773 5421 rem

253 5459 657 5517 Ecclesiasticam
693 5478 796 5515 non
820 5468 1067 5532 Spectant,
1091 5467 1138 5514 et
1170 5458 1453 5531 singularia
1476 5473 1613 5530 stupe
1632 5474 1773 5512 com-

257 5553 552 5621 plectuntur.

256 5666 457 5724 Genere
486 5667 671 5742 Syrius
692 5674 814 5723 erat
840 5665 1076 5724 Joannes
1096 5675 1281 5722 noster
1304 5673 1360 5721 et
1383 5664 1771 5723 Antiocheuus:

200 5760 539 5835 lamiliareque
555 5772 640 5822 est
669 5761 827 5836 Syris
848 5801 865 5831 ,
887 5760 1056 5833 inquit
1082 5758 1442 5834 Hieronymus
1463 5802 1477 5831 ,
1510 5761 1585 5816 uti
1614 5776 1771 5833 para-

1851 465 1990 530 bolis
2016 475 2073 522 et
2096 457 2557 519 similitudinibus.
2597 454 2785 515 ilacin
2816 466 2881 510 re
2920 457 3181 524 perpetuo
3208 458 3456 507 versatur

1849 560 2267 624 Cbrvsostomus
2291 556 2346 610 in
2374 542 2727 609 concionibus
2765 546 2900 604 suis.
2938 544 3199 615 ExemMa
3240 542 3451 616 profert

1852 654 2255 723 imperatorum,
2281 644 2601 710 aulicorum,
2623 639 2926 705 consulum,
2950 636 3177 694 divitum
3193 644 3250 692 et
3274 634 3459 705 cujus-

1851 754 2084 813 cumque
2107 734 2438 803 conditionis
2466 732 2749 790 hominum
2784 749 2800 786 :
2827 730 3145 787 vestimenta
3171 726 3454 797 depingit,

1853 832 2301 907 suppellectilem.
2321 827 2517 886 aedium
2535 824 2765 882 formam
2793 833 2851 881 et
2869 829 3185 880 ornamenta
3206 837 3223 875 :
3248 818 3458 874 circen-

1853 941 1943 984 ses
1978 925 2134 982 ludos
2170 932 2226 981 et
2254 921 2670 995 hippodromum
2697 918 3008 990 frequenter
3041 920 3457 971 commemorat.

1856 1017 1926 1075 Ut
1950 1031 1984 1073 a
2018 1013 2374 1072 theatralibus
2405 1010 2731 1084 spectaculis
2773 1008 3030 1081 populum
3087 1016 3273 1062 avocet
3294 1046 3311 1071 ,
3339 1019 3461 1072 quae

1838 1106 2032 1179 "turpia
2052 1106 2163 1163 illic
2202 1105 2549 1177 gerebantur,
2587 1102 2892 1159 minutatim
2919 1098 3202 1156 describit.
3231 1096 3331 1152 llic
3373 1096 3459 1171 vi-

1854 1201 1984 1256 deas
2003 1199 2309 1269 nuptiarum
2333 1198 2487 1263 ritus,
2519 1195 2857 1267 praeﬁcarum
2885 1206 3090 1249 morem
3114 1206 3129 1244 :
3160 1188 3322 1246 modo
3351 1187 3460 1243 cir-

1860 1291 2156 1347 culatorum
2189 1298 2340 1361 gesta
2369 1287 2655 1359 singularia
2676 1325 2690 1352 ,
2719 1285 2881 1341 modo
2909 1282 3344 1339 funambulorum
3366 1295 3460 1335 ar-

1863 1390 2007 1447 tem;
2026 1379 2247 1452 justitim
2267 1378 2585 1436 exercenda:
2608 1378 2800 1442 ritum,
2846 1374 3234 1445 przesdgiarum
3263 1384 3463 1439 genera

1861 1476 2114 1547 plurima,
2146 1474 2359 1545 aliaque
2383 1472 2669 1545 permulta.
2699 1469 2830 1536 Qua:
2858 1468 3039 1523 omnia
3062 1508 3075 1531 ,
3105 1466 3297 1521 ordine
3324 1478 3463 1535 quo-

1859 1569 1980 1625 dam
2007 1566 2290 1625 distributa
2315 1608 2331 1632 ,
2381 1564 2470 1619 hic
2517 1577 2804 1622 recensere
2847 1575 3028 1633 operte
3072 1560 3309 1630 pretium
3339 1571 3466 1613 esse

1857 1661 2005 1718 duxi.

1991 1771 2369 1842 Imperaterum
2385 1769 2574 1830 cultus,
2602 1775 2782 1830 vestes,
2802 1772 3126 1830 ornamenta,
3153 1761 3332 1831 aulici,

2528 1858 2795 1914 satellites.

1934 1975 2231 2044 Imperator
2257 1986 2515 2028 coronam
2540 1968 2784 2042 gestabat
2808 1980 3027 2024 auream
3072 1960 3300 2035 gemmis
3347 1976 3463 2015 ma-

1860 2067 1978 2136 gnis
2016 2074 2080 2125 et
2127 2062 2530 2135 pretiosissimis
2556 2062 2897 2116 intertextam
2926 2074 2939 2111 :
2971 2068 3243 2125 purpureo
3270 2051 3464 2108 vestitu

1862 2166 1973 2213 toto
2018 2170 2247 2225 corpore
2291 2152 2524 2223 fulgebat
2563 2147 2751 2220 (Temo
2778 2146 2945 2217 primo
2984 2152 3031 2197 et
3076 2140 3239 2197 Temo
3267 2140 3463 2210 tertia).

1864 2252 1975 2307 Soli
2019 2260 2206 2318 autem.
2233 2242 2549 2315 Imperatori
2592 2240 2789 2296 licebat
2820 2246 3035 2309 gestare
3077 2248 3369 2304 purpuram
3412 2238 3469 2284 ct

1862 2342 2108 2397 diadema
2136 2341 2187 2393 in
2218 2338 2414 2406 capite.
2443 2333 2501 2390 In
2540 2332 2781 2388 vestibus
2817 2328 2937 2400 ejus
2976 2326 3164 2382 sericis
3204 2323 3468 2379 dracones

1861 2436 2104 2507 depictos
2147 2430 2331 2487 videre
2378 2437 2489 2484 erat
2530 2426 2548 2495 (
2580 2424 2738 2479 Temo
2795 2432 2935 2477 sexta
2954 2419 2996 2491 ).
3038 2418 3212 2474 Aulici
3257 2430 3469 2487 quoque

1861 2539 1916 2582 et
1942 2525 2200 2583 satellites
2227 2523 2342 2594 ejus
2364 2536 2495 2575 auro
2524 2518 2833 2587 fulgebant,
2869 2522 3047 2569 vestes
3072 2527 3259 2569 eorum
3288 2509 3470 2563 aureis

1864 2619 1968 2675 filis
1998 2622 2299 2673 intertexta:
2320 2620 2473 2666 erant
2502 2628 2514 2662 :
2550 2609 2741 2663 horum
2772 2607 2973 2661 lancea:
3000 2604 3273 2658 deaurata:
3298 2618 3310 2654 :
3344 2597 3469 2670 equi

1862 2724 2027 2765 aureo
2068 2708 2223 2763 freno
2244 2746 2257 2770 ,
2281 2702 2531 2773 ephippia
2562 2714 2694 2754 auro
2721 2698 2995 2754 micantia.
3154 2768 3161 2773 _

1936 2801 2044 2857 Per
2070 2798 2259 2854 urbem
2289 2806 2345 2853 ct
2383 2808 2603 2864 campos
2648 2800 2936 2848 exeuntem
2967 2831 2982 2857 ,
3036 2798 3369 2844 scutatorum
3415 2796 3469 2845 et

1861 2891 2198 2948 hastatorum
2221 2887 2475 2943 cohortes
2496 2884 2783 2954 stipabant,
2809 2882 2897 2953 qui
2924 2889 2980 2936 et
3016 2880 3118 2951 ipsi
3168 2894 3300 2935 auro
3334 2893 3471 2935 onu-

1863 2986 1930 3040 sti
1951 2984 2171 3056 clypeos
2211 2979 2491 3051 gestabant
2515 2978 2691 3033 aureis
2713 2975 2979 3029 umbilicis
3006 2972 3291 3027 decoratos
3321 2988 3336 3037 ;
3362 2970 3470 3025 cir-

1862 3092 1985 3133 cum
2023 3083 2201 3129 autcm
2243 3072 2524 3127 umbilicus
2570 3067 2719 3122 aurci
2757 3065 2899 3120 oculi
2950 3062 3305 3130 visebantur;
3356 3061 3468 3119 Iura

1864 3168 1930 3222 ad
1964 3180 2200 3221 summas
2222 3177 2346 3217 oras
2375 3166 2598 3216 extensa
2628 3156 2823 3227 lapillis
2852 3164 3039 3211 ornata
3074 3154 3255 3209 multis
3281 3164 3467 3209 erant.

1864 3262 2066 3317 Currus
2089 3256 2310 3328 Augusti
2338 3263 2482 3309 totus
2516 3265 2743 3315 aureus,
2772 3249 2902 3320 jugo
2926 3247 3171 3304 albarum
3202 3247 3471 3302 mularum

1862 3369 1995 3410 auro
2047 3349 2365 3422 fulgentium
2410 3346 2630 3417 junctus
2678 3350 2795 3398 erat
2830 3339 3017 3413 (Temo
3044 3336 3280 3411 primo);
3314 3339 3384 3395 ita
3413 3342 3473 3394 ut

1863 3448 2187 3503 mirarentur
2202 3456 2414 3504 omnes,
2435 3438 2608 3508 inquit
2623 3436 3044 3507 Cbrysostomus
3064 3429 3083 3504 (
3104 3428 3264 3494 Temo
3279 3427 3468 3499 sexto),

1863 3552 2115 3611 purpura:
2167 3533 2355 3589 ﬂorem
2376 3571 2391 3597 ,
2423 3543 2759 3601 gemmarum
2815 3523 3239 3596 magnitudinem
3261 3564 3275 3589 ,
3310 3522 3473 3577 mula-

1802 3676 1811 3681 -
1862 3646 1981 3686 rum
2040 3623 2528 3694 alborcm,jugum
2566 3634 2792 3674 aureum
2820 3659 2834 3685 ,
2884 3625 2939 3671 et
2988 3615 3140 3670 strati
3186 3613 3471 3685 fulgorem,

1863 3720 2005 3793 quod
2067 3725 2292 3773 stratum
2340 3714 2556 3769 niveum
2598 3717 2714 3766 erat
2748 3718 2910 3778 atque
2946 3705 3233 3761 candidum
3274 3702 3475 3777 (Temo
3510 3742 3515 3745 -

1863 3822 2036 3869 octavo
2079 3821 2125 3865 et
2169 3808 2325 3863 Temo
2365 3803 2561 3875 noue).
2594 3802 2653 3857 In
2680 3817 2840 3857 curru
2890 3816 3018 3854 vero
3056 3797 3269 3852 lamina:
3318 3805 3477 3852 erant

1863 3922 2043 3962 aurea:
2071 3900 2348 3959 versatiles
2369 3940 2384 3960 .
2425 3910 2546 3967 quae
2575 3902 2725 3950 motu
2754 3894 2968 3963 agitata:
2996 3890 3270 3947 micabant
3294 3927 3308 3941 .
3338 3888 3474 3959 Equi

1864 3998 2029 4054 etiam
2058 3990 2401 4066 Imperatoris
2421 4002 2553 4044 auro
2579 3985 2778 4051 onusti,
2812 3992 2866 4040 et
2896 3982 3047 4038 frena
3074 3994 3287 4053 quoque
3311 3995 3477 4037 aurea

1864 4094 2036 4145 erant.

1941 4175 2179 4247 Depictis
2205 4189 2335 4230 vero
2383 4174 2748 4241 Augustorum
2781 4164 3102 4237 imaginibus
3136 4164 3253 4219 haec
3297 4161 3472 4220 refert

1867 4271 1959 4327 ille
2003 4267 2196 4342 (Temo
2246 4262 2434 4335 tertio)
2474 4279 2487 4315 :
2528 4258 2713 4315 Vidisti
2758 4274 2893 4329 saepe
2926 4256 3312 4327 imperatoriam
3345 4256 3479 4309 ima-

1867 4364 2035 4435 ginem
2080 4357 2297 4414 cwruleo
2349 4356 2557 4410 tinctam
2601 4352 2809 4407 colore:
2844 4348 3027 4403 deinde
3067 4364 3183 4403 vero
3232 4349 3478 4418 pictorem

1869 4455 2012 4509 albas
2038 4454 2198 4508 lineas
2221 4450 2505 4512 ducentem,
2534 4454 2583 4523 et
2608 4445 2799 4499 solium
2825 4441 3234 4511 imperatorium,
3253 4449 3299 4494 et
3321 4456 3475 4511 equos

1858 4548 2211 4609 adstantes,et
2238 4541 2502 4604 satellites,
2530 4548 2578 4592 et
2619 4536 2811 4591 vinctos
2842 4535 3009 4589 hostes
3038 4543 3193 4605 atque
3220 4532 3475 4587 subactos.

1941 4636 2060 4691 Pari
2087 4634 2236 4690 cultu
2263 4629 2515 4687 consules
2547 4625 2903 4688 incedebant,
2945 4632 3010 4679 ut
3037 4623 3151 4693 ipse
3177 4624 3252 4677 ait
3274 4622 3293 4693 (
3318 4621 3480 4676 Temo

1872 4722 2219 4796 duodecimo)
2253 4741 2266 4777 :
2303 4723 2426 4777 Non
2486 4719 2666 4774 videtis
2738 4715 3084 4787 Imperatores
3145 4724 3195 4769 et
3248 4715 3479 4769 consules

1875 4837 2027 4876 curru
2061 4824 2279 4892 gestatas
2307 4823 2352 4869 et
2377 4828 2506 4867 aure
2532 4818 2739 4866 ornatos
2767 4849 2782 4876 ,
2823 4817 2869 4863 et
2904 4806 3150 4862 satellites
3189 4807 3362 4859 omnia
3387 4805 3485 4860 ha-

1876 4912 2046 4965 bentes
2069 4924 2226 4961 aurea
2254 4945 2271 4973 ,
2309 4920 2493 4959 aureas
2535 4903 2744 4957 lanceas
2770 4942 2783 4967 ,
2817 4915 2998 4954 aureos
3038 4899 3265 4969 clypeos,
3297 4914 3482 4952 aureas

1872 5014 2049 5070 vestes,
2068 5017 2221 5071 equos
2250 4997 2419 5053 aureis
2440 5006 2650 5051 ornatos
2680 4992 2939 5063 ephippiis
2961 4991 2989 5045 ?

1946 5096 2303 5165 Imperatores
2335 5088 2606 5160 prmfectis
2650 5087 2762 5141 suis
2787 5099 2980 5141 aureas
3018 5083 3368 5158 porrigebant
3399 5091 3487 5138 ta-

1876 5187 2045 5242 bellas
2086 5186 2139 5240 in
2175 5184 2522 5254 magistratus
2572 5180 2785 5251 signum
2813 5177 2997 5249 (Temo
3025 5177 3193 5245 sexto)
3215 5215 3228 5229 .
3257 5175 3485 5245 Quando

1879 5278 2058 5334 literas
2076 5275 2357 5331 mittebant
2385 5273 2743 5347 Imperatores
2770 5270 2883 5325 sive
2901 5270 2954 5324 in
2980 5268 3193 5324 theatro
3219 5270 3331 5323 sive
3353 5266 3488 5324 alibi

1885 5365 2139 5439 legendas
2165 5407 2181 5434 ,
2210 5380 2289 5421 ea:
2331 5379 2455 5420 cum
2488 5378 2680 5433 magna
2712 5361 3013 5418 reverentia
3056 5370 3299 5432 exceptae
3344 5359 3490 5430 lege-

1882 5460 2076 5520 bantur
2116 5460 2398 5516 silentibus
2448 5458 2705 5513 omnibus
2748 5454 2934 5529 (Temo
2959 5454 3189 5528 quarto).

2170 5562 2489 5643 Opiimatum
2516 5578 2563 5625 et
2584 5568 2799 5623 divitum
2830 5568 3007 5635 luxus,
3039 5575 3182 5638 opes,

2418 5665 2555 5721 mdes
2574 5704 2591 5732 ,
2620 5678 2816 5730 mensa,
2847 5670 2945 5716 etc.

1958 5758 2290 5831 Optimatum
2332 5769 2547 5828 quoque
2584 5770 2649 5812 ac
2697 5754 2924 5812 divitum
2968 5752 3164 5810 fastum
3205 5763 3257 5812 et
3308 5752 3491 5809 luxum
