4176 6448
824 371 885 427 81
2132 362 2451 422 SYNOPSIS
2487 364 2722 422 E080!

813 479 1116 551 perstringit
1156 474 1568 547 Cbrysostomus
1589 513 1605 540 ,
1650 469 2005 539 descﬁbitque
2030 465 2222 523 aedium
2261 480 2373 521 ina-

812 572 1190 642 gniﬁcentiam,
1214 566 1439 623 vestium
1464 566 1688 626 cultum,
1718 576 2020 617 mensarum
2041 565 2371 629 apparatum,

810 665 1160 731 parasitorum
1180 659 1415 728 agmina,
1434 655 1763 711 famulorum
1789 654 2059 723 ingentem
2072 663 2369 705 numerum.

874 751 1168 823 Optimates
1195 754 1349 823 igitur
1373 759 1427 805 et
1448 748 1689 818 opulenti
1727 746 1922 815 quique
1952 744 2048 798 viri
2078 741 2264 797 sericis
2286 741 2371 794 in-

806 846 916 900 duti
947 846 1179 901 vestibus
1203 851 1353 899 erant
1373 855 1503 895 auro
1533 839 1829 892 intertextis
1849 845 1902 889 et
1915 832 2238 904 magnificis:
2269 847 2337 884 un
2354 859 2369 868 -

805 944 996 1006 guenta
1038 944 1092 989 et
1134 941 1368 986 aromata
1399 943 1614 1000 semper
1641 928 1888 982 olebant:
1938 941 2071 980 zona
2099 922 2369 993 praecincti

803 1038 983 1088 aurea,
1013 1023 1173 1077 calcei
1218 1034 1425 1089 quoque
1461 1033 1593 1073 auro
1633 1016 1922 1086 fulgebant.
1948 1014 2288 1069 Famulorum
2317 1019 2371 1065 et

801 1112 1162 1168 cunuchorum
1210 1110 1418 1164 turbam
1472 1109 1733 1178 ingentem
1787 1105 1929 1161 alere
1991 1113 2047 1158 et
2099 1111 2368 1157 ostentare

798 1216 1008 1256 summo
1023 1198 1205 1256 studio
1228 1200 1484 1254 curabant
1504 1237 1520 1263 ,
1547 1211 1773 1266 quorum
1790 1194 1941 1248 multi
1968 1192 2176 1248 barbari
2195 1198 2362 1245 erant.

801 1294 874 1348 De
902 1309 1059 1361 opum
1108 1291 1292 1361 grandi
1345 1290 1494 1357 copia
1530 1296 1586 1342 et
1621 1285 1939 1341 famulorum
1980 1296 2205 1337 numero
2250 1282 2364 1335 ba‘c

795 1385 1018 1451 carptim
1038 1383 1163 1437 dicit
1181 1380 1589 1450 Chrysostomus
1604 1375 1786 1447 (Temo
1804 1372 2037 1444 septimo)
2058 1390 2069 1424 :
2096 1370 2159 1425 Et
2176 1379 2229 1424 tu
2247 1370 2364 1439 qui-

794 1472 907 1525 dem
925 1481 995 1525 tot
1018 1486 1261 1526 memoras
1283 1478 1432 1521 terra
1444 1468 1649 1536 jugera,
1674 1466 1847 1517 domos
1868 1464 2033 1516 decem
2063 1461 2139 1514 vel
2167 1460 2361 1530 viginti,

795 1563 973 1616 balnea
998 1562 1220 1619 totidem,
1241 1574 1406 1612 servos
1435 1558 1569 1610 mille
1593 1567 1681 1607 aut
1704 1556 1777 1608 bis
1801 1554 1956 1618 mille,
1979 1569 2157 1606 currus
2183 1566 2362 1621 argen-

795 1654 886 1706 teis
918 1652 1117 1706 lminis
1148 1651 1221 1704 vel
1250 1667 1377 1703 auro
1403 1658 1622 1717 opertos.
1652 1646 2072 1701 Eunuchietiam
2101 1653 2153 1698 et
2180 1643 2363 1698 famuli

790 1757 922 1797 auro
950 1742 1207 1811 fulgentes
1234 1748 1387 1795 erant
1408 1781 1421 1801 ,
1452 1740 1746 1807 horumque
1770 1734 1981 1806 plurimi
2014 1733 2288 1805 torquibus
2308 1740 2363 1789 et

790 1833 1013 1897 armillis
1039 1834 1216 1885 aureis
1245 1830 1655 1884 decorabantur.

860 1920 1078 1976 mdium
1128 1936 1337 1991 quoque
1396 1918 1733 1988 splendorem
1791 1926 1845 1971 et
1919 1914 2360 1986 magnificentiam

776 1994 1103 2083 plerumque
1151 2012 1401 2067 describit
1432 2029 1444 2062 :
1476 2010 1816 2079 Splendidas,
1848 2009 2034 2078 inquit,
2067 2016 2361 2061 construunt

788 2104 1149 2170 domos,latas
1196 2102 1415 2170 porticus
1448 2142 1463 2166 ,
1518 2099 1666 2169 longa
1713 2109 1875 2169 septa.
1929 2097 2135 2151 Tectum
2175 2106 2342 2149 autem

786 2194 968 2246 mdium
989 2209 1050 2246 ex
1076 2180 1269 2245 t/abcllis
1287 2190 1461 2261 ligneis
1479 2190 1852 2254 concinnatum,
1871 2190 2165 2241 demiratum
2195 2198 2353 2240 totum

784 2293 891 2335 erat
918 2299 937 2335 :
956 2284 1135 2351 jauua:
1158 2292 1323 2334 autent
1348 2321 1364 2347 ,
1394 2282 1541 2333 etiam
1574 2280 1757 2347 bifores
1784 2320 1797 2340 .
1839 2279 2068 2331 eburnea:
2095 2288 2256 2331 erant.
2290 2277 2354 2330 In

784 2374 1015 2426 tricliniis
1036 2383 1082 2425 et
1111 2372 1351 2425 cubiculis
1380 2372 1594 2441 parietes
1619 2384 1866 2424 marmore
1890 2372 2100 2422 crustati
2121 2385 2139 2422 :
2161 2371 2203 2423 si
2232 2370 2355 2439 quid

781 2480 895 2519 vero
920 2464 1140 2533 lapidem
1167 2470 1509 2531 compareret,
1555 2461 1689 2515 illud
1730 2461 1897 2515 aureis
1927 2460 2127 2514 laminis
2161 2469 2208 2513 et
2234 2461 2351 2514 bra-

780 2555 899 2607 cteis
927 2553 1262 2623 obtegebatur.

850 2642 1141 2713 Laquearia
1165 2640 1341 2695 omnia
1366 2654 1544 2705 aurea,
1584 2653 1678 2694 seu
1709 2640 1911 2709 potius,
1943 2648 1999 2693 ut
2025 2639 2150 2695 alibi
2182 2639 2351 2708 expli-

776 2742 899 2800 cat,
945 2747 1075 2787 auro
1106 2732 1267 2786 oblita
1293 2741 1478 2795 erant;
1510 2731 1867 2799 pavimentum
1910 2745 2036 2785 vero
2080 2732 2350 2785 tesserulis

774 2834 828 2877 et
855 2823 1078 2892 gemmis
1106 2822 1411 2875 distinctum
1438 2821 1859 2890 adornatumque
1881 2862 1893 2884 ,
1925 2821 2067 2890 quod
2094 2835 2235 2889 sarpe
2267 2829 2348 2873 ta-

775 2914 983 2982 petibus
1012 2914 1320 2983 operiebant
1340 2912 1687 2982 elegantibus.
1717 2914 1787 2967 lbi
1816 2912 1994 2966 videre
2014 2922 2128 2967 erat
2149 2913 2349 2966 colum-

772 3018 867 3057 nas
887 3018 1209 3057 marmoreas
1226 3002 1505 3071 aliquando
1526 3006 1673 3056 mira:
1696 3004 2089 3073 magnitudinis,
2124 3018 2347 3072 quarum

770 3095 1013 3164 capitella
1058 3110 1249 3160 aurea;
1296 3096 1402 3149 imo
1448 3094 1730 3163 aliquando
1784 3103 1891 3148 tota
1936 3096 2180 3148 columna
2228 3104 2344 3148 erat

772 3188 946 3241 aureis
978 3186 1185 3240 laminis
1214 3195 1431 3256 operta;
1463 3195 1662 3240 statuas
1699 3199 1907 3254 quoque
1935 3185 2158 3239 vidisses
2186 3200 2343 3238 manu

770 3278 1113 3347 insigniorum
1146 3278 1287 3332 illius
1312 3278 1409 3331 sevi
1438 3276 1699 3330 artificum
1729 3278 2010 3331 adornatas
2030 3318 2044 3340 ,
2068 3290 2199 3345 quas
2228 3276 2339 3345 qui-

767 3371 888 3424 dam
921 3371 1089 3436 idola,
1118 3371 1206 3423 alii
1239 3370 1511 3423 daemonas
1541 3369 1893 3438 appellabant.
1928 3368 2010 3422 Ad
2053 3368 2164 3423 haec
2193 3376 2345 3423 erant

766 3461 1005 3514 cubicula
1036 3460 1251 3529 picturis
1277 3469 1330 3513 et
1354 3460 1568 3512 musicis
1594 3458 1842 3527 Operibus
1870 3457 2134 3521 decorata.

838 3552 983 3605 Lecti
1012 3566 1220 3620 quoque
1249 3559 1305 3603 ut
1346 3550 1628 3618 plurimum
1656 3565 1719 3603 ex
1749 3550 1939 3612 ebore,
1968 3548 2249 3618 aliquando
2279 3549 2343 3603 Ii-

770 3645 887 3710 gnei
920 3653 971 3696 ct
998 3642 1262 3706 deaurati,
1307 3642 1387 3694 Ycl
1417 3642 1685 3710 argenteis
1711 3644 1836 3695 tecti
1868 3642 2112 3697 laminis:
2143 3642 2249 3696 imo
2274 3658 2338 3697 ex

765 3744 986 3805 argento
1014 3750 1143 3803 puro
1168 3749 1311 3802 szepe
1342 3735 1433 3786 toti
1464 3733 1797 3797 constabant,
1826 3734 2108 3802 multisque
2135 3734 2185 3786 in
2210 3734 2340 3787 locis

766 3827 995 3878 micabat
1026 3839 1231 3876 aurum.
1256 3821 1587 3890 Opnleutiam
1614 3824 1740 3876 item
1772 3837 2013 3890 magnam
2040 3838 2145 3890 prie
2176 3838 2233 3877 se
2260 3823 2339 3878 fe-

766 3916 917 3969 rebat
950 3923 1054 3966 tota
1082 3914 1352 3981 supellex;
1384 3912 1649 3966 cathedra:
1688 3928 1898 3987 quoque
1926 3922 1980 3965 et
2018 3914 2243 3967 scabello
2273 3930 2336 3967 ex

763 4004 925 4057 ebore
953 4011 1103 4058 erant
1134 4020 1146 4055 :
1181 4003 1378 4057 lebetes
1412 4003 1571 4067 item,
1605 4016 1727 4056 vasa
1749 4042 1763 4065 ,
1805 4002 1911 4055 imo
1958 4002 2086 4071 ipsa;
2129 4004 2339 4057 matula:

761 4108 828 4147 ex
856 4107 985 4147 auro
1015 4094 1093 4146 vel
1122 4102 1341 4162 argento
1367 4092 1629 4146 conflatm.
1663 4093 1803 4146 Inter
1829 4092 1945 4146 huic
1973 4106 2096 4146 vasa
2137 4104 2191 4147 et
2231 4094 2335 4148 alia

763 4191 1072 4236 ornamenta
1105 4183 1156 4235 in
1186 4184 1355 4251 pretio
1405 4190 1559 4235 erant
1598 4182 1856 4236 Laconica
1884 4183 2143 4236 velamina
2169 4224 2184 4248 ,
2217 4198 2336 4250 quas

759 4274 888 4327 dicit
931 4272 1341 4343 Chrysostomus
1391 4272 1442 4325 in
1493 4272 1761 4339 penuariis
1812 4282 2079 4326 asservata
2133 4272 2333 4338 fuisse,

762 4364 1055 4433 eductaque
1099 4362 1322 4419 fortasse
1369 4364 1420 4417 in
1472 4362 1728 4417 conviviis
1783 4371 1836 4418 et
1887 4364 2005 4417 aliis
2051 4364 2334 4419 celebrita-

761 4456 917 4509 tibus.

832 4544 888 4598 In
916 4529 1116 4598 tantum
1149 4545 1327 4598 luxum
1358 4554 1410 4599 et
1440 4544 1628 4599 fastum
1672 4544 1972 4601 declamans
2009 4546 2330 4617 Chrysosto-

759 4650 910 4699 mus,
941 4635 1105 4689 refert
1145 4635 1337 4690 alicubi
1381 4636 1655 4691 historiam
1685 4637 1969 4706 Aristippi,
2012 4648 2069 4692 ut
2111 4638 2333 4693 habetur

758 4726 895 4794 apud
922 4726 1204 4794 Diogenem
1233 4725 1497 4780 Laertium
1523 4745 1537 4790 ;
1568 4726 1659 4780 sed
1691 4728 1847 4781 tacito
1889 4728 2053 4796 ipsius
2094 4728 2327 4783 nomine.

760 4815 1037 4881 Narratur,
1069 4818 1255 4885 inquit,
1282 4820 1564 4892 quempiam
1592 4819 1645 4871 in
1673 4821 1873 4872 domum
1906 4821 2223 4889 splendidam
2244 4838 2330 4876 ve-

757 4912 888 4963 nisse
926 4909 1197 4978 fulgentem
1227 4910 1556 4963 marmoribus
1583 4921 1628 4963 et
1660 4912 2008 4965 columnarum
2046 4914 2331 4981 pulchritu-

757 5000 904 5062 dine;
947 5014 1059 5050 cum
1098 5008 1262 5051 autem
1302 5000 1636 5067 pavimentum
1663 5002 1811 5053 etiam
1856 5004 2055 5056 vidisset
2085 5005 2330 5072 tapetibus

753 5100 996 5155 stratum,
1039 5090 1091 5143 in
1135 5092 1313 5160 faciem
1340 5093 1528 5144 domini
1554 5092 1741 5145 radium
1774 5095 2020 5162 conspuit.
2055 5094 2327 5163 Imprope-

754 5192 895 5234 rante
923 5190 1085 5234 autem
1115 5183 1225 5247 illo,
1252 5184 1570 5263 respondisse
1595 5200 1613 5237 :
1639 5186 1754 5254 quia
1782 5186 1833 5237 in
1861 5188 1999 5239 nulla
2025 5188 2127 5240 alia
2147 5188 2328 5242 domus

755 5282 895 5340 parte
931 5272 984 5324 id
1014 5273 1176 5339 facere
1206 5274 1418 5338 licebat,
1448 5284 1675 5327 coactum
1715 5291 1767 5328 se
1805 5275 1960 5344 fuisse
1985 5278 2143 5331 vultui
2167 5278 2326 5347 ipsius

754 5362 883 5415 hanc
911 5364 1260 5416 contumeliam
1290 5364 1496 5432 inferre.

831 5452 921 5505 llis
952 5468 1078 5505 vero
1106 5452 1398 5520 magnificis
1424 5453 1792 5520 epulentorum
1822 5455 2093 5508 hominum
2121 5456 2325 5511 antibus

754 5543 1013 5609 adjuncta:
1040 5554 1191 5597 erant
1223 5544 1339 5597 latae
1368 5544 1599 5611 porticus
1620 5584 1635 5609 ,
1665 5545 2004 5614 aqu-.cductus
2028 5555 2082 5600 et
2108 5546 2280 5602 fontes
2306 5589 2320 5613 ,

754 5632 1053 5689 suburbana
1085 5631 1269 5685 balnea
1298 5642 1353 5685 et
1382 5633 1708 5687 auibulacra.

824 5721 1002 5791 Longe
1045 5722 1189 5788 plura
1240 5722 1401 5779 refert
1450 5724 1516 5779 de
1560 5725 1921 5785 conviviorum
1953 5736 2005 5781 et
2044 5743 2320 5783 cmnarum

4008 353 4117 406 83

2484 466 2799 536 sumptibus.
2815 467 3010 523 Mensa:
3026 469 3249 523 formam
3269 477 3640 539 etapparatum
3661 470 3934 541 depingit:
3955 474 4125 524 erat

2478 556 2567 609 illa
2597 556 2678 613 vel
2708 572 2839 614 auro
2866 558 3094 630 fulgens,
3125 560 3209 615 vel
3235 570 3457 630 argento
3486 562 3853 623 circumtecta,
3884 557 4117 616 sentio

2476 646 2780 712 circularis,
2815 657 2871 703 ut
2908 650 2995 713 illa
3034 664 3194 719 quam
3237 651 3398 720 sigma
3441 658 3597 706 vocat
3643 648 3896 705 Martialis
3928 688 3953 715 ,
4018 644 4112 701 ad

2476 732 2699 790 formam
2726 753 2917 807 nempe
2943 739 3106 794 literae
3131 739 3190 803 C,
3214 755 3333 810 quae
3362 749 3484 795 tunc
3508 743 3669 812 sigma
3690 738 4112 811 exprimebat.

2474 825 2785 881 concinnata
2811 828 2829 898 (
2854 826 3008 882 Tento
3037 830 3363 901 undecimo).
3395 829 3472 885 Ea
3514 846 3641 886 vero
3685 841 3842 886 tantm
3890 829 4114 885 molis

2473 924 2606 980 erat,
2630 925 2689 969 ut
2716 917 2800 970 vis
2826 917 2932 971 duo
2952 918 3315 974 adolescentes
3345 920 3513 989 ipsam
3542 938 3757 976 movere
3783 930 4049 990 possent
4088 938 4108 973 :

2471 1006 2619 1061 molli
2648 1009 2881 1079 stragula
2911 1010 3139 1080 undique
3168 1011 3523 1077 sternebatur,
3563 1022 3621 1066 ut
3660 1011 3729 1067 ibi
3764 1010 4111 1066 commode

2469 1098 2710 1153 conviva:
2751 1099 3142 1155 accumberent.
3180 1100 3315 1156 Vasa
3358 1103 3536 1156 omnia
3581 1118 3646 1157 ex
3684 1118 3814 1157 auro
3851 1102 3941 1157 vel
3980 1117 4107 1155 ar-

2470 1196 2629 1255 gento
2657 1206 2668 1240 :
2701 1188 2877 1259 phiala
2903 1206 3004 1245 una
3034 1200 3147 1245 erat
3185 1206 3342 1246 aurea
3379 1193 3557 1259 pondo
3594 1192 3795 1248 dimidii
3826 1193 4097 1257 talenti,

2469 1292 2628 1343 quam
2672 1280 2759 1334 vix
2807 1281 2911 1335 duo
2948 1281 3169 1350 juvenes
3219 1298 3434 1338 movere
3482 1293 3736 1352 possent:
3770 1283 4099 1353 amphora

2468 1376 2805 1426 autemauro
2841 1372 3394 1449 spleudenles‘ordine
3429 1375 3543 1427 sita:
3570 1374 3997 1444 comparebant.

2540 1459 2777 1514 Aderant
2797 1477 3007 1531 quoque
3035 1464 3263 1517 ministri
3286 1506 3299 1527 ,
3334 1480 3437 1517 non
3472 1464 3646 1519 minus
3676 1464 3850 1518 ornati
3877 1465 4053 1519 vesti
4072 1496 4097 1505 -

2468 1549 2565 1606 bus
2608 1561 2664 1606 et
2707 1554 2983 1622 splendide
3024 1557 3229 1618 amicti,
3268 1557 3612 1627 anaxyridas.
3653 1572 3785 1627 quas
3827 1557 4095 1612 braccas

2467 1652 2657 1697 vocant
2682 1684 2697 1708 ,
2729 1644 2873 1698 laxas
2901 1646 3155 1700 habentes
3177 1685 3194 1711 ,
3221 1648 3329 1700 visu
3358 1648 3591 1714 pulchri,
3634 1648 3685 1700 in
3729 1648 3841 1717 ipso
3879 1650 4091 1703 artatis

2464 1733 2592 1803 ﬂore
2614 1735 2947 1801 luxuriantes,
2977 1737 3097 1790 bene
3126 1747 3301 1790 curata
3330 1748 3439 1791 cute
3468 1747 3511 1791 et
3540 1738 3684 1792 bona:
3706 1739 4080 1793 habitudinis.

2465 1822 2809 1881 llicvidisscs
2838 1828 2996 1881 etiam
3027 1830 3349 1883 musicormn
3384 1832 3587 1884 turbam
3607 1873 3623 1897 ,
3658 1832 3844 1896 tibias,
3872 1832 4083 1887 citha-

2466 1931 2552 1972 ras
2580 1926 2633 1974 et
2658 1917 2881 1983 fistulas,
2920 1935 3018 1975 nec
3051 1920 3269 1976 deerant
3309 1933 3570 1993 unguenta
3606 1935 3658 1978 et
3692 1934 3929 1979 aromata
3968 1926 4079 1981 liv

2464 2003 2602 2069 dica,
2634 2006 2879 2069 Arabica.
2914 2008 3146 2063 Persica.

2532 2094 2949 2165 Apponebantur
2978 2099 3271 2154 eduliorum
3302 2102 3602 2167 varietates,
3636 2104 3875 2159 ciborum
3904 2106 4037 2161 deli
4058 2138 4075 2147 -

2460 2185 2556 2239 cia:
2585 2204 2599 2240 :
2626 2186 2693 2240 de
2716 2195 2972 2257 apparatu
2999 2187 3318 2243 ferculorum
3346 2191 3583 2261 quiedam
3612 2191 3741 2246 dixit
3767 2208 3871 2247 non
3894 2209 4067 2262 pra:-

2465 2278 2820 2333 termittenda.
2872 2281 2947 2334 De
2995 2280 3396 2350 pulmentariis,
3455 2286 3677 2354 coquis,
3730 2301 4066 2341 mensarum

2460 2370 2830 2435 structoribus,
2856 2372 3221 2441 placentarum
3256 2374 3584 2439 artificibus,
3616 2375 3885 2443 phasianis
3927 2380 4063 2431 avi-

2459 2460 2558 2514 bus
2597 2462 2873 2532 loquutus,
2904 2464 3016 2518 brec
3052 2466 3240 2520 addit:
3276 2467 3434 2533 Quasi
3462 2469 3819 2537 rempublicam
3854 2470 4065 2540 guber-

2355 2588 2367 2597 .
2456 2563 2629 2606 nantes
2654 2564 2701 2606 et
2729 2556 2886 2608 aciem
2915 2557 3212 2611 instruentes
3236 2600 3250 2624 ,
3289 2560 3360 2613 sic
3392 2570 3438 2612 et
3466 2562 3549 2614 isti
3585 2561 3678 2613 hoc
3716 2572 3763 2614 et
3808 2564 3899 2616 hoc
3929 2566 4061 2633 pri-

2457 2661 2613 2707 mum,
2644 2645 2738 2698 hoc
2764 2656 2809 2699 et
2837 2648 2930 2700 lioc
2960 2649 3233 2703 secundum
3266 2653 3574 2705 constituunt
3597 2670 3615 2705 :
3636 2664 3683 2706 et
3712 2654 3801 2706 alii
3833 2655 4057 2722 quidem

2456 2737 2671 2801 primum
2698 2754 2810 2791 aves
2844 2756 3009 2815 πψτη
3040 2740 3279 2793 carbones
3308 2758 3450 2795 assas
3472 2784 3485 2803 ,
3516 2744 3831 2811 pistibnsque
3869 2748 4058 2815 [artas

2456 2756 2671 2801 primum
2698 2756 2810 2791 aves
2844 2756 2967 2808 supr
3040 2756 3279 2793 carbones
3308 2758 3450 2795 assus
3472 2784 3485 2803 ,
3516 2756 3831 2811 ptattlmsqtte
3869 2756 4049 2815 {artas

2453 2825 2701 2890 o/I'erunt;
2736 2828 2822 2880 alii
2852 2830 2954 2881 alia
2970 2756 3123 2882 litin
3152 2832 3595 2885 immoderatarum
3630 2850 3884 2887 coenarum
3918 2844 4049 2889 sta-

2452 2926 2594 2968 tuunt
2624 2932 2642 2969 :
2674 2920 2927 2987 multaque
2946 2919 3079 2972 circa
3106 2922 3211 2974 hac
3249 2932 3324 2975 est
3356 2926 3657 2977 concertatio
3679 2966 3694 2989 ,
3736 2934 3782 2977 et
3814 2927 3877 2977 de
3904 2942 4053 2995 qun-

2453 3006 2611 3071 litate,
2638 3018 2683 3059 et
2705 3007 2769 3059 de
2794 3010 2971 3062 ordine
2989 3050 3005 3075 ,
3030 3019 3074 3063 et
3101 3011 3163 3065 de
3191 3013 3357 3078 copia.
3384 3013 3575 3067 Vinum
3606 3015 3763 3067 etiam
3796 3016 4046 3084 esquisi-

2452 3106 2560 3150 tum
2591 3100 2979 3167 opponebatur,
3019 3100 3113 3155 sed
3151 3102 3405 3156 Thasium
3448 3107 3772 3173 praesertim,
3822 3122 3918 3161 seu
3965 3124 4041 3163 ex

2451 3186 2620 3240 insula
2647 3187 2825 3243 Thaso
2852 3206 2865 3243 :
2889 3190 3029 3259 quod
3060 3192 3198 3258 apud
3228 3194 3521 3262 scriptores
3544 3205 3650 3251 tum
3676 3196 3891 3253 Graecos
3912 3206 4037 3253 tuut

2448 3273 2665 3331 Latinos
2691 3278 2973 3333 admodum
3005 3281 3327 3335 celebratur.

2517 3366 2739 3434 Quando
2769 3370 2865 3422 viri
2893 3370 2965 3423 illi
2999 3381 3107 3424 tum
3134 3372 3390 3441 dignitate
3409 3415 3421 3438 ,
3453 3383 3561 3429 tum
3588 3377 3855 3446 opulentia
3889 3394 4038 3446 prm-

2446 3466 2663 3521 stantes,
2694 3458 2805 3513 sive
2833 3460 2883 3513 in
2909 3476 3066 3515 curru
3092 3476 3222 3516 auro
3250 3462 3481 3532 fulgente
3500 3506 3513 3527 ,
3546 3464 3659 3520 sive
3681 3481 3820 3537 equo
3850 3472 3989 3523 vecti
4017 3514 4030 3533 ,

2443 3548 2596 3615 cude
2626 3547 2833 3603 frenum
2861 3565 3077 3605 aureum
3102 3593 3116 3617 ,
3146 3568 3239 3621 per
3260 3554 3443 3608 urbem
3465 3554 3550 3608 vel
3580 3555 3629 3608 in
3663 3554 3778 3611 foro
3809 3556 4033 3614 incede-

2444 3637 2602 3703 bant,
2656 3640 2873 3707 prteibat
2922 3656 3125 3707 praeco,
3179 3643 3323 3697 cultu
3369 3646 3655 3700 instructus
3704 3648 4027 3717 magniﬁco,

2443 3729 2531 3795 qui
2575 3729 2857 3783 adventum
2903 3731 3015 3784 heri
3055 3734 3339 3787 nuntiaret.
3372 3733 3485 3803 Ipse
3514 3750 3637 3789 vero
3670 3736 3847 3791 balteo
3872 3754 4023 3807 prte-

2443 3820 2647 3873 einetus
2672 3828 2725 3873 et
2755 3820 2934 3874 multis
2957 3822 3180 3889 stipatus
3208 3824 3498 3888 lictoribus,
3522 3825 3608 3893 qui
3639 3825 3844 3892 plebem
3864 3843 4021 3882 arce-

2444 3917 2595 3970 rent,
2642 3912 2869 3976 superbe
2910 3912 3196 3980 gradiens,
3246 3914 3515 3968 clientium
3560 3924 3612 3968 ct
3658 3918 4019 3984 parasitorum

2444 3996 2594 4049 turba
2624 3997 2985 4067 cingebantur.

2516 4086 2590 4139 De
2622 4089 2899 4141 imilierum
2929 4100 3149 4152 ornatu,
3184 4092 3317 4146 fastu
3346 4102 3401 4147 et
3430 4094 3559 4149 luxu
3585 4094 4021 4167 frequentissime

2440 4178 2544 4246 agit
2578 4178 3011 4249 Cltrysostomus.
3035 4180 3268 4237 Ornatus
3310 4184 3625 4253 mulierum,
3675 4188 3847 4257 inquit
3889 4190 4015 4255 ille,

2440 4282 2561 4325 sunt
2589 4274 2709 4325 torti
2741 4274 2936 4339 crines,
2970 4274 3182 4327 inaures
3210 4286 3624 4346 ornamentaque
3650 4279 3752 4331 alia
3785 4280 3839 4333 in
3861 4285 4015 4352 genis

2439 4372 2493 4417 et
2531 4364 2668 4417 collo
2700 4382 2711 4416 :
2745 4364 2847 4417 fuci
2891 4371 2947 4417 et
2986 4364 3249 4433 pigmenta
3297 4367 3599 4430 oculorum,
3655 4368 3760 4422 fuci
3788 4373 3914 4424 item
3957 4382 4013 4427 et

2440 4456 2701 4524 pigmenta
2729 4471 3004 4530 genarum,
3036 4466 3211 4510 vestes
3237 4472 3364 4510 auro
3389 4459 3703 4523 intertextus,
3743 4461 4013 4529 palliolum

2437 4546 2592 4612 capiti
2625 4546 2961 4614 impositum;
2992 4562 3178 4600 manus
3208 4547 3535 4602 extrinsecus
3574 4549 3872 4615 deaurata),
3902 4553 4009 4605 cal-

2439 4652 2565 4691 Cl‘llS
2594 4638 2741 4706 nigro
2771 4639 2949 4691 colore
2994 4638 3216 4690 multum
3248 4636 3486 4707 fulgens,
3520 4639 3570 4691 in
3602 4655 3823 4695 acumen
3864 4642 4007 4696 desi-

2440 4743 2570 4783 nens
2630 4722 2682 4781 et
2746 4727 3063 4796 picturarum
3106 4726 3353 4780 decorem
3422 4728 3654 4781 imitans.
3700 4730 3840 4784 Alibi
3885 4745 4012 4785 vero

2436 4812 2595 4872 dicit:
2617 4819 2859 4872 Mulieres
2888 4817 3058 4870 mulos
3079 4816 3229 4871 albos
3252 4817 3580 4885 quierebant,
3600 4826 3655 4872 et
3677 4818 3822 4873 frena
3844 4819 4005 4875 deau-

2435 4919 2548 4962 rata
2572 4950 2586 4973 ,
2630 4908 2939 4977 obsequium
2978 4904 3375 4975 cunuchorum,
3413 4923 3661 4978 magnum
3694 4909 4007 4965 ancillarum

2436 5014 2647 5069 gregem
2676 5008 2728 5053 et
2755 5013 3002 5067 pompam
3032 4997 3331 5051 ridiculam.

2505 5091 2885 5145 Adolescentes
2920 5103 3126 5157 quoque
3166 5088 3396 5156 exagitat
3437 5087 3665 5156 superbe
3707 5096 3923 5157 agentes
3960 5091 4014 5143 in

2434 5184 2569 5246 foro,
2597 5198 2716 5238 cum
2746 5180 3066 5243 hominibus,
3091 5182 3176 5249 qui
3203 5180 3525 5249 suinptunsis
3543 5180 3905 5250 etmagnilicis
3920 5196 4005 5234 ve-

2434 5278 2603 5331 stibus
2644 5274 2811 5345 operti
2855 5282 3025 5327 erant.
3064 5273 3225 5326 Iidem
3253 5287 3381 5326 vero
3409 5272 3775 5326 adolescentes
3798 5271 4003 5326 calceos

2435 5380 2560 5421 suos
2589 5366 2690 5421 filis
2717 5364 2904 5420 sericis
2935 5372 2989 5418 et
3015 5378 3147 5417 auro
3174 5363 3524 5417 exornabant.

2813 5499 3067 5554 Circenses
3093 5498 3218 5563 ludi,
3250 5496 3632 5567 hippodromus.

2507 5634 2585 5688 Ad
2616 5634 2813 5689 circum
2842 5641 2896 5685 et
2939 5630 3345 5700 hippodrommn
3390 5643 3448 5683 se
3483 5626 3727 5681 conferre
3770 5626 4008 5681 solebant

2441 5729 2811 5795 Imperatores.
2836 5735 2890 5779 ut
2919 5724 3158 5781 ludorum
3181 5732 3235 5778 et
3262 5735 3554 5790 pugnarum
3582 5726 3908 5789 spectatores
3929 5732 4004 5772 cs-
