4176 6544
222 531 366 589 seat,
396 528 465 577 et
489 510 909 594 ante’eos‘qui
937 516 1191 577 certaturi
1216 522 1391 579 erant,
1421 518 1672 575 coronas,
1702 508 1886 566 brevia

218 625 273 670 et
312 614 706 675 vestimenta
763 613 961 686 exponi
1005 610 1289 667 curabant.
1334 607 1392 661 In
1442 602 1707 675 graminis
1758 614 1889 658 vero

216 706 660 763 certaminibus
696 708 937 763 victores
964 701 1051 757 vel
1075 698 1210 756 olea
1238 696 1325 753 vel
1364 694 1502 751 lauri
1530 691 1698 751 ramis
1723 704 1885 751 coro-

214 796 531 853 nabantur.
1770 838 1771 841 η
1868 808 1873 813 ’

280 887 390 955 Qui
424 888 491 943 in
528 888 896 960 spectaculis
918 881 1251 941 circensibus
1272 881 1582 942 canebant,
1609 883 1666 933 et
1684 887 1880 977 nonnon

206 985 265 1034 et
306 990 507 1049 genus
558 990 633 1035 et
684 978 921 1050 patriam
963 972 1418 1032 et‘educationem
1442 980 1707 1038 equorum
1739 972 1880 1021 scie-

210 1070 364 1134 bant,
396 1078 465 1124 et
493 1083 707 1139 quam
735 1068 1014 1125 victariam
1038 1061 1458 1134 reportavissent
1476 1056 1663 1131 (Temo
1684 1053 1876 1127 tertio).

203 1156 494 1214 Cat-sares
551 1170 771 1215 autem
817 1158 894 1213 illi
936 1158 1208 1213 circenses
1252 1152 1321 1206 ad
1357 1151 1535 1205 solum
1580 1148 1878 1219 Imperato-

208 1266 326 1305 rem
355 1249 805 1316 attendebant,
836 1249 1062 1303 aliorum
1084 1259 1219 1301 vero
1248 1242 1465 1314 plausus
1489 1255 1595 1296 non
1622 1240 1695 1294 ita
1719 1252 1875 1293 cura-

206 1340 360 1395 bant.
396 1339 609 1395 Tanta
664 1349 852 1395 autem
897 1346 1013 1395 erat
1057 1335 1241 1407 populi
1290 1331 1584 1404 frequentia
1607 1370 1624 1397 ,
1661 1340 1720 1385 ut
1766 1343 1872 1384 non

205 1431 393 1489 circus
414 1432 650 1500 modo,
679 1433 779 1489 sed
798 1433 959 1488 etiam
978 1430 1154 1486 vicina
1173 1426 1470 1492 emnacula,
1493 1424 1703 1489 domus,
1728 1430 1872 1477 tecta

204 1525 665 1594 spectatoribus
715 1525 869 1595 plena
912 1528 1111 1579 essent.
1150 1519 1292 1575 Inter
1325 1525 1657 1589 spectatores
1688 1523 1870 1570 autem

210 1618 560 1673 meretrices
590 1624 850 1673 erantet
877 1614 1026 1685 pueri
1052 1612 1264 1667 molles.

276 1709 656 1778 Agonalinm
684 1707 1037 1763 certaminum
1058 1712 1415 1774 spectatores,
1437 1700 1485 1755 si
1504 1698 1718 1770 quando
1737 1707 1869 1753 stre-

206 1812 381 1853 nuum
435 1797 744 1854 athletam
766 1797 877 1866 jam
904 1806 1216 1850 coronatum
1269 1790 1533 1847 accedere
1579 1789 1861 1855 viderent,

206 1905 410 1945 omnes
457 1889 887 1955 accnrrebant,
916 1896 986 1941 ut
1012 1887 1130 1955 ejus
1173 1897 1412 1954 pugnas,
1451 1890 1652 1944 artem,
1701 1878 1866 1935 robur

204 1990 469 2050 spectare
520 1988 793 2054 possent.
827 1979 883 2033 ln
929 1976 1285 2048 hippodromo
1323 1981 1600 2030 currentes
1638 1971 1777 2025 inter
1803 1984 1865 2026 se

204 2082 441 2127 strenue
479 2071 923 2133 concertahant,
959 2078 1014 2124 et
1037 2067 1127 2121 alii
1159 2066 1386 2121 aliorum
1414 2078 1605 2119 currus
1638 2061 1863 2117 subvor-

206 2169 323 2219 ιρι-ο
350 2165 757 2220 conabantur.
788 2163 901 2217 Bac
920 2162 990 2216 de
1017 2176 1077 2216 re
1106 2159 1433 2230 singularem
1468 2171 1654 2212 casum
1698 2153 1863 2210 refert

210 2254 677 2329 Chrysostomus
705 2253 889 2325 (Temo
932 2251 1252 2320 duodecimo)
1278 2267 1292 2303 :
1314 2247 1526 2312 Gades,
1560 2246 1764 2317 inquit,
1805 2247 1858 2299 in

210 2346 585 2415 hippodromo
622 2346 738 2400 lteri
765 2353 985 2408 patrata,
1012 2341 1257 2412 tragmdia
1285 2339 1461 2393 urbem
1490 2346 1647 2392 totum
1675 2337 1859 2406 imple-

210 2441 311 2501 rit,
343 2433 662 2491 mulierum
704 2436 884 2491 choros
912 2436 1101 2489 circum
1127 2433 1376 2497 attraxit,
1409 2434 1579 2503 forum
1622 2429 1857 2483 lamentis

210 2526 387 2581 uultis
416 2529 662 2599 repleuit
682 2571 695 2593 ,
722 2528 844 2581 dum
872 2526 915 2581 is
941 2526 1026 2598 qui
1060 2542 1091 2578 a
1118 2524 1350 2578 curribus
1391 2523 1464 2575 ita
1503 2520 1857 2574 miserabiliter

217 2620 457 2674 concisus
484 2630 542 2673 et
575 2620 866 2690 discerptus
891 2621 1079 2687 fuerat.
1113 2631 1202 2685 per
1227 2614 1452 2669 medium
1482 2617 1652 2683 forum
1688 2620 1855 2683 gesta-

213 2720 370 2766 νάιον.
411 2711 525 2767 Ηίσ
545 2753 566 2780 ,
599 2723 662 2767 ut
699 2713 849 2777 novi,
889 2711 974 2781 qui
1014 2709 1259 2779 postridie
1289 2706 1546 2779 nuptiales
1574 2706 1850 2776 lampadas

216 2818 543 2858 occursurus
572 2812 714 2869 erat,
739 2818 855 2856 cum
883 2802 1119 2871 apparati
1148 2798 1365 2853 thalami
1395 2808 1579 2865 essent,
1602 2806 1648 2851 et
1677 2798 1851 2851 omnia

214 2895 281 2947 ad
318 2897 549 2963 nuptias
591 2894 926 2955 concinnata,
958 2893 1049 2945 sub
1076 2890 1326 2961 prteconis
1368 2890 1546 2944 ordine
1588 2890 1642 2943 in
1681 2890 1850 2943 stadio

219 2985 388 3041 locum
418 2986 658 3049 habens,
684 3000 799 3038 cum
826 2984 964 3054 infra
991 2984 1244 3045 curret’et,
1273 2979 1580 3035 instantibus
1614 2981 1843 3050 aurigis,

218 3092 267 3135 et
290 3090 477 3134 mtuo
506 3078 924 3134 concertantibus
942 3116 957 3142 ,
982 3076 1176 3143 medius
1197 3073 1505 3142 interceptus
1525 3113 1540 3137 ,
1571 3072 1844 3127 violentam

222 3167 369 3222 illam
407 3180 459 3223 et
502 3168 851 3225 miserabilem
893 3174 1102 3222 mortem
1127 3165 1299 3233 subiit,
1329 3164 1497 3234 capite
1523 3173 1571 3217 et
1605 3172 1843 3219 extremis

228 3263 471 3317 utetnbris
502 3262 771 3318 abscissis.

298 3352 401 3421 Qui
448 3363 645 3409 autem
689 3352 743 3406 in
793 3351 965 3407 stadio
1005 3350 1168 3404 multa
1204 3348 1421 3404 vulnera
1450 3355 1763 3419 acceperat,
1793 3349 1838 3403 si

234 3443 519 3499 victoriam
572 3446 881 3510 obtineret,
926 3458 1047 3499 cum
1098 3442 1286 3513 plausu
1333 3441 1552 3497 domum
1604 3441 1838 3497 deduce-

232 3532 387 3591 batur
416 3533 613 3607 (Temo
642 3534 851 3606 primo).

842 3643 1097 3717 Olympici
1118 3643 1247 3699 ludi.

300 3800 585 3874 Olympica
630 3813 919 3857 certamina
967 3798 1334 3871 Chrysostoml
1385 3813 1501 3855 τενο
1542 3800 1833 3855 admodum

240 3892 464 3960 viguisse
492 3894 767 3958 videntur,
797 3901 990 3946 etcum
1014 3898 1271 3960 apparatu
1294 3893 1527 3945 maximo
1554 3893 1835 3961 pra-misso

242 3981 501 4038 celebrata
554 3985 721 4039 fuisse
752 3980 955 4053 (Temo
993 3978 1203 4052 tertio).
1236 3979 1301 4034 In
1356 3979 1637 4053 Olympicis
1700 3985 1833 4037 enim

243 4077 633 4143 certaminibus,
672 4075 843 4145 inquit
887 4074 1013 4139 ille,
1056 4083 1169 4143 post
1212 4059 1420 4145 triginta
1460 4075 1567 4129 dies
1608 4075 1664 4128 in
1709 4076 1832 4130 urbe

244 4172 535 4233 transactos,
563 4168 621 4219 in
647 4164 942 4219 suburbiunt
968 4164 1084 4218 illos
1112 4163 1318 4217 eductos
1355 4165 1757 4228 circunweltunt,
1784 4176 1831 4220 et

243 4262 334 4307 toto
354 4259 560 4312 sedente
586 4258 783 4310 theatro
810 4254 996 4311 clamat
1025 4271 1191 4325 prisco
1215 4271 1235 4309 .'
1266 4254 1408 4308 Num
1445 4257 1555 4327 quis
1582 4258 1718 4312 hunc
1737 4275 1829 4312 ac-

247 4347 411 4400 cusat?
425 4345 453 4401 1
459 4359 510 4402 ta
527 4360 585 4404 ut
608 4348 745 4402 omni
757 4346 951 4402 servilis
967 4346 1269 4400 conditionis
1286 4346 1573 4417 suspicione
1586 4348 1824 4417 depulsa,

245 4434 287 4486 in
312 4441 589 4493 certamina
612 4439 788 4507 pedem
812 4438 1017 4508 inferat.
1045 4436 1176 4491 Rem
1204 4437 1402 4491 clarius
1426 4438 1554 4493 alibi
1589 4441 1828 4510 explicat

251 4522 327 4588 (T.
356 4527 677 4595 duodecimo)
708 4570 720 4581 .
740 4526 804 4580 In
825 4525 1103 4597 Olympicis
1137 4528 1493 4581 certaminibus
1526 4537 1625 4581 stat
1659 4546 1826 4599 praeco

248 4631 414 4686 magna
450 4635 574 4673 voce
614 4620 839 4672 clamans
864 4632 883 4670 :
905 4615 1170 4683 Numquid
1213 4618 1398 4687 aliquis
1437 4635 1551 4673 eum
1579 4630 1822 4688 accusat,

251 4708 362 4761 sitne
383 4728 577 4776 seruus,
607 4720 694 4763 aut
725 4710 829 4775 fur,
856 4720 943 4763 aut
964 4709 1113 4763 malis
1138 4709 1404 4763 moribus?
1452 4734 1455 4735 ν
1589 4772 1599 4779 _

308 4796 699 4871 Olympioorum
732 4800 982 4854 ludorum
1008 4800 1224 4853 athleta:
1255 4800 1308 4853 in
1338 4799 1548 4856 theatro
1568 4802 1695 4855 nudi
1718 4810 1825 4857 sta-

257 4884 388 4951 bant.
420 4893 585 4947 radiis
610 4892 871 4945 solaribus
900 4889 1125 4960 expositi
1161 4891 1179 4960 (
1204 4889 1362 4944 Tomo
1390 4892 1555 4961 primo
1590 4905 1637 4946 et
1663 4892 1823 4948 Tento

252 4982 377 5035 tertio
393 4982 432 5053 ).
478 4984 825 5055 Spectatores
866 4992 1043 5036 autem
1085 4996 1115 5035 a
1158 4983 1331 5036 media
1383 4993 1540 5039 nocte
1564 4983 1631 5038 ad
1659 4987 1821 5040 meri-

256 5068 378 5125 diem
414 5073 691 5137 sedebant,
712 5081 769 5125 ut
797 5070 1043 5126 viderent
1069 5072 1153 5126 cui
1176 5086 1372 5126 corona
1399 5088 1614 5128 cessura
1654 5086 1817 5131 esset.

259 5157 423 5219 Nonne
444 5164 624 5219 ridetis
649 5205 665 5230 ,
709 5162 881 5232 inquit
910 5161 1094 5232 (Temo
1119 5161 1327 5233 primo),
1350 5164 1401 5216 in
1430 5164 1712 5234 Ulytnpicis
1740 5181 1845 5218 cer.

260 5256 506 5313 hminibus
525 5299 539 5322 ,
570 5252 692 5310 dum
720 5256 883 5325 capite
910 5271 1149 5309 coronam
1171 5265 1393 5324 gestans,
1427 5257 1644 5311 amictus
1667 5257 1818 5324 stola,

256 5344 424 5415 virgam
439 5367 593 5404 manu
617 5360 789 5404 tenens
808 5348 1107 5418 agenotheta
1130 5363 1221 5415 per
1238 5350 1822 5417 forumincedit,quanta

265 5431 659 5513 sittranquillitas
681 5448 727 5492 et
751 5439 993 5491 modestia
1009 5480 1023 5503 ,
1049 5440 1170 5491 dum
1208 5454 1376 5508 γηπεο
1403 5454 1523 5493 uoce
1556 5441 1820 5494 denuntiat

264 5534 477 5589 "temnes
506 5536 692 5588 sileant
715 5546 780 5584 ac
807 5531 1040 5585 decenter
1060 5531 1341 5601 quiescant.

314 5616 383 5676 Et
410 5623 803 5695 spectatoribus
829 5638 956 5677 vero
990 5623 1083 5677 alii
1128 5623 1251 5678 aliis
1294 5623 1511 5679 athletis
1540 5624 1815 5690 favebant,

260 5720 305 5764 ut
328 5712 371 5768 in
395 5719 501 5785 pari
527 5732 658 5773 casu
688 5714 1001 5784 contingere
1022 5716 1159 5771 solet
1186 5714 1394 5785 (Temo
1426 5716 1592 5785 primo
1611 5716 1650 5787 ).
1685 5717 1819 5772 Tota

265 5812 405 5862 inlvm
433 5820 587 5865 nocte
632 5810 814 5878 prtr'eo
838 5804 995 5860 adma
1017 5804 1127 5860 'um
1154 5806 1420 5861 sollicitus
1447 5815 1581 5873 erat,
1607 5820 1674 5861 ne
1696 5808 1817 5876 quis

1058 415 1225 488 QUAS
1261 414 1330 472 ΙΝ
1367 410 1711 473 OPEBIBUS
1744 405 2226 469 CHRYSOSTOHI
2265 408 2800 471 OBSERVANTUR.

3513 393 3590 456 84

1996 522 2063 563 ex
2093 511 2424 568 certantibus
2453 528 2732 584 egressus,
2772 515 3028 575 indecore
3060 532 3120 574 se
3158 527 3389 589 gereret.
3427 520 3595 595 Magi-

1993 611 2097 657 ster
2132 617 2250 657 vero
2296 604 2442 673 ludi,
2490 606 2663 676 inquit
2688 605 2889 679 (Temo
2937 610 3222 681 secundo),
3260 612 3389 681 foris
3418 614 3593 677 consi-

1994 692 2140 758 dens,
2166 697 2478 751 sermonibus
2503 697 2653 763 a/fert
2677 701 2950 768 auxilium,
2983 710 3289 771 eatenusque
3325 702 3595 769 dumtaxat

1991 791 2271 843 certantem
2282 788 2464 855 juvat,
2496 798 2743 856 quatenus
2768 791 3221 857 acclamationibus
3251 795 3596 850 sermonibus-

1988 888 2086 943 que
2105 875 2236 929 ualet
2259 892 2279 929 :
2310 894 2471 948 neque
2502 882 2636 936 enim
2662 882 2771 936 ulla
2799 885 2846 937 ei
2880 884 2990 954 lege
3027 886 3338 956 permittitur
3381 889 3593 961 propius

1986 965 2226 1021 assistere
2253 977 2300 1021 et
2324 971 2555 1026 manibus
2565 973 2771 1042 jueare.
2798 973 2866 1028 In
2901 974 3183 1047 Olympicis
3205 979 3588 1045 certaminibus,

1986 1055 2060 1109 ait
2088 1056 2214 1123 ille,
2241 1057 2476 1128 luctator,
2520 1064 2698 1133 pugil,
2742 1069 3091 1135 pancratiasta
3126 1068 3336 1123 diversis
3382 1070 3588 1141 quidem

1962 1190 1965 1197 .
1985 1149 2295 1216 temporibus
2308 1160 2561 1211 certamen
2577 1156 2811 1219 subeunt,
2834 1159 2923 1211 sed
2941 1173 3043 1211 uno
3066 1160 3309 1229 temporis
3329 1170 3588 1233 momento

1981 1241 2070 1307 qui
2097 1244 2404 1313 superarunt
2428 1262 2603 1302 omnes
2631 1264 2663 1301 a
2687 1264 2922 1319 prtecoue
2947 1252 3161 1307 victores
3187 1254 3586 1323 pronuntiantur

1983 1328 2177 1400 (Temo
2199 1335 2391 1407 tertio),

2439 1470 2773 1530 Tltealrornm
2799 1479 3109 1548 spectacula.

2051 1597 2117 1654 In
2143 1601 2371 1670 theatro,
2403 1606 2570 1676 inquit
2602 1606 2622 1680 (
2652 1608 2809 1665 Temo
2836 1613 3052 1682 septimo
3073 1612 3114 1682 ),
3142 1615 3393 1669 velamina
3418 1618 3581 1672 multa

1974 1699 2126 1754 sunt,
2166 1695 2412 1764 mullique
2449 1701 2636 1753 scenici
2675 1702 2895 1773 ingressi
2920 1703 3272 1761 histrionicum
3304 1708 3499 1762 larvam
3524 1710 3578 1763 in

1973 1782 2117 1837 uultu
2162 1784 2367 1854 habent,
2415 1800 2631 1844 veterem
2661 1792 2892 1863 fabulam
2933 1803 3174 1861 tractant,
3204 1814 3382 1868 resque
3408 1810 3577 1871 gestus

1971 1887 2218 1945 narrant,
2266 1889 2315 1934 et
2356 1883 2491 1937 alius
2532 1884 2736 1955 quidem
2782 1886 3145 1958 philoseplmm
3171 1892 3299 1963 agit,
3328 1893 3464 1949 alius
3488 1910 3573 1950 rs-

1968 1984 2103 2038 gem,
2133 1979 2238 2026 etc.

2039 2060 2237 2116 Contra
2268 2062 2549 2122 theatralis
2576 2082 2705 2124 vero
2735 2071 3041 2142 spectacula
3084 2081 3346 2144 perpetuo
3386 2075 3572 2134 decla-

1968 2160 2078 2206 mat
2100 2152 2550 2227 Chrysostomus;
2576 2167 2632 2216 et
2660 2161 2784 2231 jure
2823 2162 3079 2234 quidem,
3116 2179 3222 2219 non
3244 2166 3407 2222 modo
3445 2169 3571 2239 quia

1968 2240 2260 2300 theatrales
2291 2262 2470 2303 scenae
2499 2265 2596 2320 per
2622 2267 2684 2308 se
2701 2251 3042 2322 iuventutem
3069 2254 3137 2311 ad
3160 2256 3379 2313 mollem
3405 2259 3569 2316 vitam

1963 2341 2019 2387 et
2044 2334 2337 2393 dissolutos
2360 2354 2542 2396 mores
2571 2345 2845 2399 attrahere
2874 2345 3049 2401 solent
3069 2388 3085 2414 ,
3116 2346 3214 2403 sed
3251 2350 3414 2405 etiam
3444 2351 3570 2424 quia

1965 2433 2091 2481 tunc
2122 2431 2381 2499 temporis
2408 2432 2557 2488 nulla
2583 2434 2636 2490 in
2664 2434 2891 2492 theatris
2914 2447 3032 2493 erat
3058 2438 3279 2509 pudoris
3302 2456 3439 2497 cura
3460 2482 3476 2509 .
3508 2452 3569 2501 ut

1961 2530 2084 2570 mox
2118 2519 2407 2577 videbitur.

2031 2608 2177 2663 Alius
2195 2611 2398 2679 juvenis
2440 2632 2554 2669 cum
2602 2618 2695 2682 sit,
2719 2619 2793 2674 ait
2825 2618 2914 2675 ille
2948 2620 3149 2692 (Temo
3175 2624 3456 2697 septimo),
3477 2643 3567 2682 co-

1958 2712 2095 2750 mam
2118 2711 2251 2754 retro
2279 2704 2540 2759 reductam
2573 2707 2742 2773 habet,
2768 2719 2816 2763 et
2841 2719 3085 2766 naturam
3109 2713 3277 2783 ipsam
3298 2713 3564 2782 effeminat

1956 2800 2184 2858 aspectu,
2209 2792 2405 2860 habitu,
2437 2798 2764 2867 vestimentis,
2794 2800 2999 2855 demum
3017 2804 3277 2867 omnibus,
3302 2807 3561 2878 formam-

1953 2894 2053 2949 que
2078 2890 2261 2937 tenerte
2285 2886 2471 2955 puellm
2497 2888 2725 2955 a/Iectat.
2759 2892 2905 2945 Alius
2928 2908 3046 2947 vero
3072 2910 3229 2950 senes
3247 2912 3274 2950 e
3299 2900 3561 2954 contrario

1953 2972 2156 3041 capillis
2185 2978 2433 3041 novacula
2463 2978 2681 3046 abrasis,
2709 2984 2914 3037 renibus
2937 2986 3259 3054 succinctas,
3289 3000 3561 3061 postquam

1953 3061 2201 3129 pudorem
2229 3078 2348 3120 ante
2374 3069 2591 3137 capillos
2615 3074 2850 3138 succidit,
2884 3082 2984 3127 stat
3007 3076 3077 3128 ad
3097 3076 3283 3147 alapas
3301 3080 3561 3150 accipien-

1949 3152 2063 3217 das,
2090 3163 2137 3207 et
2157 3157 2225 3208 ad
2244 3160 2415 3211 omnia
2443 3160 2661 3215 dicenda
2681 3165 3018 3234 faciendoque
3043 3178 3277 3236 paratus.
3312 3169 3558 3228 Mulieres

1947 3254 2115 3297 autem
2146 3248 2283 3303 nudo
2311 3252 2478 3319 capite
2499 3293 2514 3319 ,
2543 3255 2681 3307 omni
2712 3256 2865 3309 misse
2892 3256 3107 3323 rubore,
3137 3267 3276 3313 stant
3306 3263 3556 3332 pepulum

1946 3335 2277 3407 alloquentes,
2319 3349 2517 3396 tantum
2556 3344 2788 3399 uidelicet
2832 3346 3164 3414 impudentia!
3198 3352 3425 3405 studium
3454 3354 3552 3410 Ita-

1944 3424 2135 3493 bentes,
2165 3445 2463 3503 omnemque
2489 3436 2827 3505 petulantiam
2846 3448 2895 3492 et
2911 3440 3175 3494 lasciviam
3189 3443 3242 3497 in
3260 3445 3553 3503 auditorum

1944 3517 2142 3572 animos
2188 3520 2534 3591 infundentes.
2584 3524 2731 3580 Illud
2774 3544 2936 3583 unum
2978 3532 3203 3586 studium
3242 3534 3429 3590 habent
3449 3577 3464 3603 ,
3492 3550 3550 3593 ut

1943 3608 2225 3663 castitatem
2246 3627 2443 3668 onmem
2465 3618 2710 3673 radicitus
2731 3620 2969 3683 evellant,
2994 3632 3231 3678 naturam
3256 3627 3546 3699 deturpeut,

1943 3700 2068 3753 mali
2094 3700 2344 3759 damonis
2368 3709 2829 3777 concupiscentiam
2850 3713 3109 3782 expleant.
3135 3713 3277 3769 Nam
3298 3718 3380 3772 hic
3398 3720 3549 3776 verba

1941 3792 2195 3858 obscaena,
2221 3797 2422 3852 habitus
2451 3801 2678 3867 ridiculi,
2704 3792 2917 3858 tonsura
2941 3806 3147 3874 similis,
3180 3810 3426 3878 incessus,
3459 3830 3543 3870 tte-

1938 3884 2109 3948 stitus,
2139 3902 2256 3953 vos,
2284 3892 2624 3946 membrorum
2646 3894 2903 3963 mollities,
2928 3899 3194 3953 oculorum
3216 3901 3544 3973 inrersiencs,

1939 3973 2129 4041 ﬁstula
2146 4016 2162 4041 ,
2189 3977 2356 4044 tibiae,
2386 3980 2620 4037 dramata
2640 4025 2657 4048 ,
2686 3997 3015 4058 argumenta,
3047 3993 3320 4062 omniaque
3342 3994 3547 4050 demum

1938 4073 2177 4120 extremae
2200 4068 2420 4125 lascivire
2444 4075 2595 4142 plena
2620 4086 2759 4130 sunt.

2012 4157 2068 4211 In
2100 4158 2312 4216 theatro
2348 4164 2486 4219 vides
2511 4166 2772 4221 ntulicrem
2807 4169 2947 4224 nudo
2993 4173 3162 4240 capite
3204 4188 3324 4228 cum
3371 4177 3543 4248 impu-

1936 4248 2108 4304 dentia
2135 4269 2322 4324 magna
2368 4255 2670 4322 intrantem,
2707 4262 2875 4315 aureis
2922 4263 3155 4317 indutam
3206 4267 3542 4337 vestimentis,

1934 4341 2155 4397 delicato
2210 4345 2451 4416 mollique
2485 4365 2662 4419 gressu
2705 4360 2926 4407 utentem
2946 4395 2961 4419 ,
3016 4358 3215 4412 cantica
3259 4345 3545 4417 meretricia

1936 4443 2199 4489 canentem
2220 4478 2235 4505 ,
2263 4440 2493 4494 carmina
2543 4441 2735 4498 lubrica
2753 4485 2767 4509 ,
2806 4448 2981 4518 turpia
3007 4451 3158 4504 verba
3201 4458 3546 4523 proferentent

1935 4524 2122 4596 (Temo
2146 4530 2339 4602 sexto).

2003 4620 2172 4677 Nudae
2195 4625 2358 4678 etiam
2389 4627 2644 4684 mulieres
2688 4630 2740 4685 in
2781 4631 3004 4690 theatris
3048 4638 3436 4708 comparebant
3485 4654 3541 4698 et

1933 4713 2223 4783 aliquando
2249 4725 2500 4775 natantes
2544 4722 2563 4793 (
2588 4721 2751 4777 Temo
2778 4729 2994 4796 septimo
3015 4730 3035 4799 )
3058 4746 3070 4784 :
3098 4732 3397 4804 puellaeque
3436 4737 3547 4792 sal-

1935 4816 2113 4864 tantes
2135 4811 2332 4867 ibidem
2365 4814 2676 4872 visebantur
2696 4817 2969 4893 (Ibidem).

2552 4929 2888 4989 Funambuli.

2008 5028 2318 5086 Funambuli
2346 5034 2430 5104 qui
2465 5052 2554 5103 per
2584 5038 2757 5106 funem
2805 5039 2868 5093 ab
2912 5042 3015 5094 imo
3052 5043 3105 5097 in
3132 5044 3295 5106 altum
3342 5059 3540 5102 tensum

1931 5125 2203 5178 ascendere
2224 5141 2285 5177 ac
2316 5128 2616 5181 descendere
2663 5131 2993 5196 meditantur,
3026 5135 3070 5187 si
3119 5122 3395 5206 paululum
3438 5140 3534 5194 de-

1931 5211 2178 5280 ﬂexerunt
2201 5217 2360 5272 oculis
2386 5257 2397 5277 .
2430 5218 2629 5273 inverso
2656 5235 2867 5289 corpore
2905 5223 3204 5294 deferuntur
3249 5228 3302 5281 in
3355 5232 3535 5285 orche-

1932 5313 2086 5356 stram
2110 5318 2417 5377 perettntque
2446 5308 2631 5377 (Temo
2655 5314 2839 5384 sexto).

2002 5392 2318 5451 Funambuli
2359 5416 2448 5467 per
2485 5401 2658 5470 funem
2694 5413 2953 5460 extensum
2999 5408 3216 5480 ingressi
3268 5420 3316 5465 et
3357 5412 3535 5466 ambu-

1932 5487 2123 5554 tantes,
2174 5506 2227 5543 se
2272 5490 2547 5545 induebant
2592 5503 2637 5547 et
2679 5497 2957 5564 eruebant,
3007 5508 3269 5570 tamquam
3308 5502 3361 5555 in
3407 5503 3536 5559 lecto

1930 5581 2177 5649 sedentes,
2210 5591 2313 5636 etc.
2342 5583 2529 5653 (Tento
2556 5587 2777 5642 secundo
2806 5597 2854 5643 et
2880 5587 3045 5646 Temo
3074 5591 3424 5665 duodecimo).

2556 5697 2919 5756 Circulateres.

2006 5807 2073 5861 lu
2100 5808 2355 5862 orchestra
2372 5808 2580 5878 quidam
2615 5813 2845 5866 membris
2868 5823 2926 5866 ut
2943 5814 3044 5869 alis
3062 5816 3333 5871 utebantur
3346 5815 3531 5889 (Tanto
