4176 6492
714 419 786 477 88
2012 393 2280 455 SYNOPS

2383 397 2618 455 EORUM

716 524 1243 599 secundo):'quidam
1287 522 1341 577 in
1383 516 1513 591 facis
1578 523 1779 572 coruunt
1828 511 2179 585 inponebant,
2234 516 2282 564 et

718 640 843 695 puer
882 606 1324 687 contoi‘impositus
1361 616 1647 669 innumeros
1689 617 1852 664 motus
1897 604 2073 676 agebat
2100 601 2282 675 (Tomo

715 714 933 771 secundo
959 720 1006 766 et
1044 710 1199 764 Tanto
1225 705 1519 762 diudecimo
1538 702 1578 773 ).

789 801 1009 871 Quidam
1031 800 1269 871 perticam
1290 797 1344 851 in
1387 795 1555 863 fronte
1590 796 1837 859 gestantes
1886 786 2016 841 velut
2052 784 2282 839 arborem

716 894 770 947 in
791 902 924 948 tura
951 874 1256 953 radicatam,
1276 886 1353 941 sic
1376 887 1632 938 immotam
1677 886 1988 933 conservant.
2026 874 2203 944 Neque
2229 874 2283 928 id

717 985 882 1037 solum
905 977 1132 1035 mirabile
1154 986 1229 1031 est
1252 1017 1267 1041 ,
1286 974 1373 1030 sed
1400 972 1534 1044 quod
1553 970 1707 1024 etiam
1734 965 1969 1039 puerulos
2012 980 2193 1036 parvos
2230 963 2283 1017 in

716 1087 912 1127 summo
934 1071 1072 1140 ligno
1096 1069 1227 1121 inter
1252 1082 1309 1121 se
1344 1070 1627 1118 concertare
1646 1063 1816 1112 curent
1834 1072 1852 1109 :
1871 1070 1933 1108 ac
1973 1069 2129 1123 neque
2170 1069 2283 1106 nia-

717 1175 839 1226 nus,
859 1173 1014 1229 neque
1049 1156 1156 1211 alia
1180 1153 1405 1225 corporis
1446 1165 1567 1222 pars
1584 1188 1601 1215 ,
1621 1145 1710 1203 sed
1745 1148 1887 1218 frons
1905 1144 2016 1198 sola
2043 1144 2283 1214 perticam

714 1250 856 1305 illam
882 1249 1008 1320 gerit
1031 1250 1396 1301 inconcussam.
1620 1303 1623 1307 1

786 1339 1009 1406 Quidam
1036 1344 1187 1391 erant
1212 1333 1299 1403 qui
1330 1332 1514 1387 clavos
1549 1326 1887 1383 acutissimos
1925 1322 2244 1405 deglutirent
2264 1363 2279 1386 ,

710 1430 806 1499 qui
859 1429 1066 1484 calceos
1144 1423 1458 1480 manderent
1503 1429 1557 1475 et
1593 1418 1909 1474 devorarent
1954 1413 2148 1484 (Tomo
2196 1429 2280 1468 se-

992 1606 1082 1676 qui
1127 1601 1442 1659 hirundines
1490 1595 1930 1659 circumferrem,
1976 1602 2029 1647 et
2068 1590 2285 1660 fuligine

716 1698 961 1764 obducti,
990 1695 1265 1753 maledicta
1311 1694 1362 1747 iu
1410 1705 1597 1746 omnes
1627 1688 1921 1758 proferrent
1952 1683 2145 1755 (Tomo
2170 1696 2289 1751 sep-

715 1792 840 1845 timo
855 1790 895 1860 ).

787 1880 953 1936 Erant
979 1878 1193 1948 quidam
1214 1874 1485 1939 moriones
1503 1912 1518 1938 ,
1546 1870 1636 1941 qui
1660 1867 1925 1923 Cordaces
1941 1864 2283 1929 vocabantur,

713 1970 911 2040 quique
950 1978 1006 2022 ut
1038 1969 1204 2021 risum
1229 1972 1504 2020 moverent
1549 1959 1679 2015 nihil
1705 1974 1810 2013 non
1839 1957 2064 2027 agebant
2096 1954 2286 2023 (Tomo

716 2056 1029 2128 undecimo).
1086 2042 1091 2047 ’

838 2148 918 2204 De
941 2147 1269 2203 tribunalibus
1290 2158 1341 2201 et
1375 2143 1441 2200 de
1464 2142 1675 2213 iudiciis
1692 2150 1843 2210 atque
1868 2138 2147 2209 suppliciis.

786 2236 970 2291 Iudice
1001 2236 1283 2307 prodituro,
1316 2241 1369 2288 ut
1399 2234 1452 2287 in
1475 2232 1668 2287 excelso
1690 2227 1931 2283 tribunali
1956 2228 2143 2291 sedeat,
2167 2241 2283 2277 car-

715 2327 842 2381 eeris
870 2330 1128 2391 custodes,
1156 2328 1377 2379 detentos
1414 2339 1584 2378 onines
1622 2322 1822 2375 eductos
1849 2319 2103 2373 domicilio
2127 2357 2141 2381 ,
2172 2324 2286 2368 ante

717 2424 965 2478 cancellos
992 2432 1037 2475 et
1066 2420 1327 2473 tribunalis
1373 2417 1483 2472 vela
1527 2414 1804 2476 collocant,
1844 2410 2101 2478 squalidos
2125 2450 2139 2474 ,
2171 2424 2284 2461 sor-

715 2517 886 2569 dentes
904 2555 919 2580 ,
944 2514 1103 2584 passis
1128 2510 1326 2576 capillis
1345 2550 1360 2576 ,
1388 2508 1556 2562 scissis
1596 2504 1774 2574 pannis
1810 2504 2035 2567 indutos,
2059 2508 2162 2554 etc.
2194 2496 2278 2568 (Τ.

716 2606 903 2675 primo)
915 2644 927 2655 .

783 2693 1079 2748 Sceleribus
1101 2689 1312 2744 obnoxii
1358 2697 1411 2743 et
1435 2685 1669 2741 damnati
1722 2682 1788 2737 ad
1838 2690 2065 2737 mortem
2115 2681 2282 2736 duce-

716 2777 931 2842 bantur,
956 2775 1081 2830 fune
1099 2776 1163 2829 ad
1192 2789 1249 2828 os
1272 2773 1480 2840 alligato
1496 2767 1758 2837 (Ibidem).
1784 2766 1883 2837 (De
1902 2764 2183 2819 Theodoro
2199 2767 2280 2833 agi

720 2875 950 2936 putatur,
978 2864 1067 2933 qui
1107 2861 1436 2933 tyrannidem
1457 2858 1827 2926 affectaverat.)

788 2954 1099 3009 Testamenta
1129 2951 1405 3021 tabulaque
1447 2950 1509 3003 de
1550 2949 1772 3017 nuptiis,
1801 2947 1863 3001 de
1906 2946 2083 3000 debitis
2128 2946 2285 3014 deque

713 3046 897 3099 relictis
921 3044 1286 3106 contractibus,
1318 3042 1414 3094 nisi
1438 3041 1491 3093 in
1517 3039 1831 3108 frontispicio
1870 3036 2143 3091 Consulum
2185 3052 2280 3088 an-

714 3153 805 3192 nos
835 3137 1046 3190 habeant
1070 3136 1416 3205 prorscriptos,
1468 3131 1661 3186 nullam
1705 3147 1768 3185 ex
1810 3146 1918 3184 sese
1960 3129 2056 3183 vim
2099 3128 2282 3182 habent

714 3226 779 3297 (Τ
784 3242 898 3280 omo
936 3226 1117 3295 sexto).

784 3316 953 3372 Usura
990 3315 1278 3370 centesima
1320 3330 1348 3365 a
1400 3313 1779 3384 Cbrysostomo
1806 3320 2151 3374 memoratur,
2178 3325 2279 3380 qua

713 3407 766 3462 in
792 3406 964 3461 lienus
989 3405 1346 3473 accipiebant,
1375 3403 1458 3456 illa
1481 3402 1785 3458 conditione
1810 3409 1867 3455 ut
1890 3400 2111 3472 singulis
2132 3414 2282 3455 men-

711 3497 861 3552 sibus
906 3496 1248 3551 centesimam
1289 3502 1495 3564 partem
1532 3492 1836 3559 solverent,
1870 3493 1939 3545 ita
1968 3502 2026 3546 ut
2065 3499 2278 3546 centum

708 3588 911 3642 exactis
939 3585 1208 3643 mensibus
1232 3599 1351 3641 sors
1377 3593 1675 3653 mquaretur
1698 3582 1884 3655 (Tomo
1903 3582 2156 3652 septimo).

709 3677 789 3732 De
828 3680 1048 3747 nuptiis,
1079 3680 1180 3732 sire
1207 3680 1269 3733 de
1297 3679 1472 3731 ritibus
1502 3678 1577 3733 uel
1617 3675 1844 3746 profanis
1880 3674 1956 3728 ecl
1994 3675 2183 3728 illicitis
2224 3674 2279 3727 in

1270 3769 1472 3839 nuptias
1490 3766 1712 3821 intectis.

781 3857 983 3912 Nostra:
1007 3860 1168 3913 artatis
1195 3860 1418 3913 homines
1436 3859 1489 3911 in
1511 3858 1696 3926 nuptiis
1717 3856 1930 3927 hymnos
1957 3857 2009 3909 in
2043 3856 2278 3910 Venerem

708 3949 942 4003 saltando
962 3959 1148 4002 canunt
1176 3959 1222 4003 et
1249 3950 1497 4003 adulteria
1525 3949 1685 4005 multa
1704 3990 1718 4014 ,
1747 3958 1793 4002 et
1827 3951 2120 4018 nuptiarum
2168 3951 2276 4003 vio-

708 4039 947 4103 lationes,
971 4049 1018 4092 et
1056 4041 1339 4110 illegitimos
1385 4055 1579 4093 amores
1599 4080 1613 4104 ,
1644 4040 1942 4109 illicitosque
1988 4041 2147 4093 coitus
2170 4082 2183 4105 ,
2232 4049 2279 4094 et

708 4129 814 4183 alia
866 4129 1084 4200 plurima
1128 4130 1400 4199 impietatis
1450 4140 1498 4184 et
1535 4130 1823 4201 ignominia:
1850 4132 2043 4183 cantica
2073 4132 2093 4191 (
2118 4129 2278 4185 Temo

706 4219 853 4272 tertio
871 4218 912 4289 ).
1378 4277 1380 4281 ν

780 4308 836 4362 ln
864 4307 929 4362 iis
956 4323 1074 4381 qua;
1100 4309 1309 4377 nuptias
1328 4308 1713 4364 contrahebant
1738 4309 1913 4364 fucum
1932 4321 1986 4366 ct
2016 4314 2276 4381 pigmenta

707 4398 972 4469 superﬂua
1024 4402 1125 4454 alia
1179 4400 1563 4456 adhibebantur
1600 4401 1784 4470 (Tomo
1812 4403 2045 4471 decimo).
2074 4404 2277 4472 Sponsa

706 4506 835 4547 vero
859 4507 889 4545 a
918 4492 1042 4546 viris
1071 4492 1232 4549 ebriis
1272 4508 1365 4563 per
1393 4493 1577 4548 urbem
1617 4503 1670 4549 et
1694 4495 1867 4549 forum
1917 4498 2079 4551 etiam
2120 4508 2275 4551 noctu

708 4580 1067 4635 adducebatur
1082 4596 1199 4635 eum
1233 4584 1450 4651 impuris
1467 4585 1683 4638 canticis
1699 4594 1751 4638 et
1766 4586 2078 4655 symphonia
2097 4587 2278 4658 (Tomo

708 4668 1041 4740 undecimo).
1089 4670 1393 4726 Meretrices
1442 4674 1598 4727 etiam
1634 4674 2024 4731 advocabuntur
2065 4678 2129 4731 ad
2178 4696 2278 4732 nu-

709 4758 875 4826 ptias;
933 4760 1161 4830 itemque
1218 4761 1389 4829 tibia),
1436 4764 1675 4833 cymbala
1728 4774 1782 4819 et
1840 4767 2087 4839 choreu:(
2118 4767 2277 4825 Tomo

708 4847 912 4919 primo).

707 4935 1020 5008 Praestigite,
1072 4940 1468 5008 incantationes,
1529 4943 1802 5014 ligamina,
1875 4950 2271 5017 superstitiones.

776 5028 858 5083 Ex
900 5029 1337 5098 frequentissimis
1374 5032 1739 5104 Chrysostomi
1782 5035 1935 5091 dictis
1975 5048 2028 5093 et
2062 5041 2275 5095 monitis

708 5120 877 5186 palam
918 5130 999 5174 est
1029 5122 1205 5176 omnia
1234 5122 1618 5193 prmszigiarum
1662 5142 1855 5195 genera
1905 5128 2188 5185 admodum
2221 5132 2272 5187 in

708 5226 803 5263 usu
834 5209 993 5264 fuisse
1018 5227 1130 5265 :evo
1155 5227 1251 5267 suo
1283 5222 1390 5268 tum
1413 5216 1704 5273 Antiochia:
1745 5228 1857 5272 tum
1906 5219 2276 5277 Constantino-

707 5302 848 5369 poli,
879 5317 996 5375 quae
1027 5303 1107 5357 his
1137 5304 1312 5359 verbis
1352 5315 1597 5362 recenset
1623 5309 1710 5364 ille
1734 5311 1929 5366 llomil.
1977 5312 2181 5367 decima
2220 5315 2273 5369 in

707 5394 991 5463 Epistulam
1029 5396 1079 5449 l.
1107 5396 1173 5449 ad
1201 5397 1564 5453 Timotheum:
1591 5399 1706 5454 Alia
1726 5403 1855 5455 enim
1880 5404 2021 5458 mitto
2041 5405 2275 5475 lacrymis

707 5485 893 5555 digna,
924 5496 977 5539 ut
1014 5489 1259 5557 auguria,
1290 5488 1521 5541 vaticinia
1542 5529 1557 5553 ,
1600 5491 1963 5548 observationes
1982 5534 1997 5557 ,
2036 5511 2236 5564 gencses
2256 5537 2270 5563 ,

706 5575 963 5646 symbolo,
999 5576 1271 5647 ligamina,
1316 5579 1674 5647 divinationes,
1725 5583 2116 5653 incantationes,
2161 5603 2275 5640 ma-

707 5668 844 5737 gicas
875 5674 1004 5721 artes
1030 5666 1209 5736 (Tomo
1237 5670 1542 5740 undecimo).

774 5756 1214 5817 lncantationibus
1236 5771 1291 5825 et
1311 5762 1643 5832 ligaminibus
1667 5775 1789 5822 tunc
1815 5769 1962 5825 multi
1992 5772 2272 5829 utebantur

3891 394 4037 453 88

2386 507 2452 567 ad
2495 508 2713 564 morbos
2752 508 3017 565 curandos
3047 509 3067 579 (
3096 507 3253 564 Tanto
3272 507 3495 579 primo).
3519 510 3597 565 De
3642 508 3909 581 quibusda
3923 524 4024 564 sn

2384 608 2543 663 etiam
2570 610 2679 679 agit
2703 608 3132 680 Chrysostomus.
3150 606 3331 680 (Tomo
3360 606 3679 676 undecimo),
3705 608 3793 678 qui
3834 622 4019 662 car-

2386 697 2528 753 mina
2550 708 2607 753 et
2624 698 2878 769 ligaturas
2902 698 3227 769 usurpabant
3262 697 3330 753 ad
3359 697 3573 752 tutelam
3593 739 3609 763 ,
3631 698 3831 768 quique
3873 714 4027 752 au-

2386 805 2475 845 rea
2499 790 2787 845 Alexandri
2820 792 3136 845 numismata
3171 789 3331 859 capiti
3362 789 3443 843 vel
3470 788 3693 859 pedibus
3734 791 4021 843 circurn—

2385 880 2614 950 ligabant
2629 879 2809 951 (Tomo
2826 878 3091 951 secundo).
3110 878 3279 935 Erant
3295 878 3455 934 etiam
3476 879 3565 949 qui
3585 878 3653 933 ad
3672 891 4019 949 puerorum

2386 971 2604 1025 tutelam
2656 970 2937 1041 ligamina,
2979 968 3301 1038 crepitacula
3343 977 3399 1024 et
3435 968 3665 1023 stamina
3710 967 4023 1023 coccinea

2387 1062 2629 1117 manibus
2666 1062 2899 1131 ipson
2925 1060 3289 1131 appenderent
3318 1059 3501 1133 (Tanto
3527 1060 3766 1127 decimo).
3800 1059 4017 1115 Aliud

2387 1152 2581 1207 ibidem
2609 1151 2772 1207 refert
2817 1151 3210 1222 superstitionis
3248 1164 3449 1220 genus:
3478 1148 3665 1203 Lutum
3693 1150 3952 1204 mulieres
3990 1190 4013 1212 .

2387 1244 2587 1313 inquit,
2618 1244 2671 1297 in
2698 1244 2875 1297 balneo
2926 1242 3255 1312 accipientes,
3299 1240 3517 1294 nutrices
3560 1256 3757 1311 quoque
3794 1250 3844 1293 et
3872 1255 4017 1293 ass-

2385 1337 2517 1391 cilius
2554 1335 2712 1407 digito
2752 1336 3029 1406 tingentes,
3060 1335 3113 1389 in
3146 1334 3292 1403 pueri
3335 1333 3499 1402 fronte
3523 1333 3838 1404 imprimunt.
3898 1331 4012 1386 Εε

2385 1426 2430 1479 si
2477 1425 2589 1493 quis
2635 1427 2938 1495 interroget,
2986 1424 3123 1488 Quid
3162 1422 3258 1477 sibi
3299 1423 3401 1475 vult
3446 1422 3642 1486 lutum,
3690 1422 3813 1489 quid
3866 1436 4003 1476 etz-

2388 1517 2547 1568 num?
2571 1514 2770 1568 Malum
2811 1514 2986 1569 avertit
3013 1514 3213 1568 oculum
3232 1552 3247 1579 ,
3288 1513 3548 1581 inquiunt,
3576 1512 3877 1582 livorcmque
3928 1522 4011 1567 cs

2387 1606 2645 1659 invidiam.

2456 1694 2590 1748 Alia:
2614 1695 2828 1749 nomina
2851 1693 3131 1749 fluviorum
3151 1692 3412 1760 descripta
3430 1692 3671 1747 manibus
3688 1692 4001 1748 infantium

2388 1785 2751 1853 apponebant;
2783 1784 2899 1838 alia:
2930 1784 3203 1848 cinerem,
3236 1782 3506 1852 fuliginem
3537 1791 3590 1837 et
3616 1782 3755 1837 sales
3807 1782 3996 1839 θειὴί-

2390 1875 2588 1929 hebant
2617 1885 2673 1928 ut
2696 1874 2890 1929 malum
2911 1874 3122 1928 oculum
3153 1882 3472 1926 averterent.

2460 1965 2850 2035 Pratstigiarum
2876 1979 3073 2033 genera
3093 1963 3272 2017 omnia
3298 1970 3423 2016 tunc
3451 1961 3726 2031 vigebant,
3755 1962 3996 2018 dierum

2386 2055 2781 2110 observationes
2801 2096 2816 2121 ,
2840 2055 3061 2124 auguria
3084 2095 3098 2120 ,
3132 2053 3383 2107 veneficia
3405 2093 3421 2117 ,
3455 2063 3629 2109 sortes
3647 2093 3662 2115 ,
3684 2054 3927 2121 auspicia
3966 2095 3987 2116 ,

2385 2144 2583 2210 omina;
2608 2159 2813 2199 necnon
2841 2144 2933 2198 fati
2957 2144 3233 2213 opiniones
3256 2141 3435 2209 (Tomo
3461 2140 3767 2210 undecimo).
3798 2142 3872 2195 De
3897 2142 3987 2195 iis

2386 2250 2513 2289 vero
2541 2236 2628 2304 qui
2679 2235 2946 2289 ominibus
2999 2243 3053 2288 et
3098 2232 3207 2285 fato
3244 2232 3408 2285 dediti
3451 2240 3604 2285 erant
3640 2230 3754 2284 hzec
3800 2230 3988 2284 refers

2386 2326 2797 2396 Chrysostomus
2840 2324 3014 2392 (Ibid.
3057 2322 3100 2394 ).
3145 2322 3323 2375 Multis
3366 2320 3636 2375 terroribus
3685 2322 3833 2391 plena
3890 2332 3987 2375 ess

2386 2431 2558 2469 eorum
2602 2416 2883 2479 anima;ut
2934 2423 3092 2483 puta:
3120 2412 3203 2465 hic
3230 2421 3319 2464 aut
3358 2412 3442 2464 ille
3470 2411 3663 2480 primus
3712 2410 3833 2463 mihi
3876 2427 3983 2463 oe—

2385 2504 2543 2557 currit
2569 2504 2717 2557 domo
2744 2504 2977 2568 exeunti,
3017 2503 3219 2556 omnino
3249 2501 3537 2571 contingere
3583 2501 3707 2553 mihi
3758 2510 3970 2569 oportet

2340 2664 2341 2667 η
2384 2598 2519 2650 mala
2571 2596 2973 2649 innumerabilia.
3026 2594 3179 2648 Nunc
3230 2610 3398 2646 servus
3450 2594 3788 2646 exsecrantlns
3836 2592 3981 2646 dans

2388 2689 2512 2740 mihi
2538 2687 2731 2741 calceos
2751 2727 2765 2751 ,
2798 2687 3014 2756 primunt
3056 2686 3276 2754 porrexit
3306 2692 3497 2755 partem
3525 2684 3813 2737 sinistram:
3841 2702 3977 2755 gra-

2384 2792 2463 2831 ues
2486 2778 2832 2847 signiﬁcantur
2855 2776 3163 2829 calamitates
3190 2784 3234 2827 et
3254 2774 3587 2826 contumelire.
3613 2770 3725 2842 Ego
3768 2788 3979 2841 quoque

2384 2870 2551 2923 exiens
2570 2868 2769 2921 sinistro
2796 2869 2950 2936 prieri
2998 2866 3212 2935 processi
3242 2865 3363 2933 pede
3392 2879 3409 2916 :
3438 2864 3531 2916 hoc
3568 2879 3760 2933 quoque
3802 2866 3943 2918 estsi
3954 2895 3975 2907 -

2383 2975 2537 3027 gnum
2555 2956 2989 3011 calamitatumEt
3006 2957 3111 3008 [nec
3123 2954 3327 3026 quidem
3347 2953 3481 3006 domi
3497 2961 3612 3006 sunt
3631 2952 3767 3006 mula
3782 2968 3800 3005 :
3816 2956 3968 3023 {oras

2382 3060 2547 3103 autem
2592 3065 2787 3120 egresso
2810 3048 2982 3103 dexter
3005 3047 3180 3101 oculus
3219 3046 3341 3098 mihi
3366 3046 3561 3114 inferne
3588 3045 3703 3098 salit
3728 3061 3745 3097 :
3768 3045 3861 3098 hoc
3889 3055 3971 3099 est

2382 3138 2622 3191 indicium
2646 3138 3003 3207 lacrgmarum.
3038 3134 3276 3189 Mulieres
3304 3139 3505 3202 quando
3550 3144 3731 3187 sonant
3772 3134 3966 3188 calami

2383 3226 2449 3278 ad
2473 3237 2680 3279 textura:
2704 3236 2837 3279 recta
2866 3226 3000 3295 ligna
3050 3225 3185 3278 allisi
3204 3267 3219 3290 ,
3242 3225 3318 3278 uel
3347 3241 3461 3277 cum
3486 3224 3610 3294 ipsa:
3630 3225 3822 3294 pectine
3850 3225 3966 3278 dis-

2382 3316 2679 3381 criminant,
2712 3316 2806 3367 hoc
2826 3331 2917 3384 pro
2942 3315 3087 3384 signa
3116 3314 3317 3367 habent.
3366 3312 3562 3366 Rursus
3588 3312 3792 3384 quando
3837 3314 3965 3367 sub-

2383 3414 2575 3476 tegmen
2602 3407 2794 3473 pectine
2815 3407 3138 3470 concutiunt,
3161 3413 3208 3458 et
3256 3405 3310 3458 id
3348 3404 3541 3475 faciunt
3590 3391 3923 3458 vehementius
3942 3420 3967 3469 ;

2382 3498 2561 3551 deinde
2579 3498 2663 3568 qui
2689 3506 2803 3552 sunt
2822 3514 3037 3568 superne
3060 3496 3244 3550 calami
3263 3495 3324 3548 ob
3350 3497 3598 3551 intensum
3625 3496 3779 3549 ictum
3802 3495 3964 3551 edunt

2379 3592 2639 3659 strepitum
2663 3632 2676 3654 ,
2700 3590 2835 3643 allisi
2856 3590 2923 3641 ad
2945 3598 3130 3643 rectum
3157 3596 3369 3641 textura:
3396 3588 3593 3663 lignum
3607 3629 3623 3653 ,
3655 3590 3749 3641 hoc
3768 3588 3955 3641 habent

2383 3697 2473 3748 pro
2499 3681 2659 3750 signo.
2688 3679 2753 3732 Et
2781 3680 2885 3732 alia
2919 3677 3305 3731 innumerabilia
3331 3677 3486 3745 digna
3525 3692 3637 3743 quae
3672 3676 3960 3731 videantur.

2380 3769 2448 3824 Et
2477 3772 2521 3824 si
2550 3769 2723 3824 asinus
2750 3770 3130 3832 exclamauerit,
3159 3778 3206 3823 et
3225 3769 3269 3822 si
3292 3768 3489 3838 gallus,
3519 3778 3565 3820 et
3583 3768 3629 3822 si
3670 3768 3782 3836 quis
3824 3778 3958 3822 ster-

2381 3864 2661 3925 nutaverit,
2692 3871 2737 3916 et
2759 3862 2967 3931 quodvis
2987 3862 3160 3927 aliud,
3188 3870 3443 3929 tamquam
3466 3858 3626 3913 decies
3668 3860 3805 3913 mille
3840 3861 3951 3915 vin-

2382 3953 2448 4005 cti
2486 3954 2693 4006 uinculis
2712 3992 2725 4016 ,
2751 3963 3001 4022 tamquam
3029 3953 3113 4035 qui
3138 3959 3402 4004 teneantur
3430 3950 3484 4003 in
3509 3950 3752 4016 tenebris,
3785 3952 3956 4005 omnia

2382 4042 2562 4097 habent
2586 4056 2813 4113 suspecta
2833 4085 2849 4111 ,
2879 4056 2925 4098 et
2948 4053 3064 4097 sunt
3092 4043 3253 4111 magis
3290 4040 3491 4094 seniles
3516 4055 3668 4108 quam
3692 4042 3957 4096 imtumera

2382 4136 2652 4203 mancipia.
3882 4174 3892 4183 .

2450 4224 2541 4277 Ait
2589 4239 2715 4278 vero
2769 4223 3176 4291 Chrysosxomus
3222 4218 3639 4289 prmstigiatores
3695 4220 3952 4291 quosdam

2382 4328 2479 4370 suo
2506 4324 2742 4384 tempore
2768 4314 2930 4368 fuisse
2960 4313 3049 4383 qui
3073 4313 3220 4383 signa
3249 4310 3484 4365 facerent
3502 4308 3587 4380 (Τ.
3612 4309 3951 4383 duodecimo).

3056 4402 3283 4455 Funera.

2456 4496 2729 4558 Parentes,
2754 4493 2944 4548 fratres
2967 4502 3019 4547 et
3033 4491 3408 4561 consanguinei
3426 4489 3807 4555 decedentibus
3831 4507 3955 4547 ocu-

2383 4588 2463 4642 los
2512 4586 2825 4641 claudebant
2868 4595 2917 4641 et
2961 4600 3023 4639 os
3051 4582 3442 4652 componebant
3483 4582 3665 4653 (Tomo
3688 4584 3951 4656 secundo).

2382 4679 2571 4737 Nemo:
2610 4679 2660 4732 in
2731 4676 2861 4731 urbe
2919 4676 3218 4744 sepulcrum
3289 4674 3665 4735 construebat,
3723 4674 3945 4745 ideoque

2381 4770 2745 4825 defunctorum
2771 4783 2993 4837 corpora
3024 4776 3171 4822 extra
3192 4766 3379 4821 urbem
3406 4763 3713 4834 sepeliendo
3759 4780 3949 4833 expor-

2380 4863 2644 4922 tnbantur,
2675 4862 2761 4929 qui
2790 4873 2903 4913 mos
2943 4858 3192 4927 antiquus
3219 4865 3369 4922 erat,
3400 4854 3496 4910 sed
3541 4869 3686 4923 smpe
3732 4853 3951 4910 violatus

2382 4951 2552 5006 fuerat
2582 4948 2762 5021 (Tomo
2787 4950 3047 5020 septimo).

2453 5042 2671 5095 Pullatae
2696 5055 2789 5094 seu
2817 5040 2979 5108 nigrm
3005 5046 3180 5093 vestes
3202 5036 3255 5091 in
3305 5035 3579 5090 funeribus
3624 5034 3947 5090 adhibeban—

2382 5144 2465 5188 tur
2514 5133 2713 5202 (Tomo
2759 5141 2898 5185 sexto
2925 5129 2976 5200 );
3028 5145 3183 5198 quam
3249 5143 3361 5182 rem
3406 5126 3708 5195 improbare
3745 5125 3946 5181 videtur

2380 5225 2789 5295 Chrysostomus
2810 5222 2826 5290 (
2845 5221 3003 5275 Tanto
3026 5220 3290 5274 undecimo
3306 5218 3344 5289 ).
3362 5218 3487 5271 Cum
3512 5234 3693 5285 corpus
3721 5215 3944 5283 e/fertur,

2382 5319 2552 5388 inquit
2577 5316 2663 5370 ille
2681 5356 2695 5379 ,
2721 5314 3017 5368 adhibentur
3039 5312 3271 5382 planctus
3289 5353 3302 5377 ,
3328 5312 3546 5381 ejulatus
3566 5309 3760 5373 insani,
3792 5308 3942 5362 stulta

2381 5411 2431 5464 in
2461 5409 2731 5479 sepulturis
2762 5406 3008 5469 admissa,
3034 5406 3169 5457 circa
3196 5411 3518 5456 monumenta
3532 5401 3753 5455 studium
3778 5400 3945 5453 intem.

2382 5503 2621 5571 pestivum
2640 5541 2656 5567 ,
2688 5508 2735 5551 ct
2762 5498 3029 5551 ridiculum
3058 5496 3377 5565 pra'ﬁcarum
3405 5508 3585 5563 agmen
3602 5532 3619 5557 ,
3647 5492 3844 5544 dierum
3868 5489 3943 5543 ob-

2380 5592 2593 5646 servatio
2613 5630 2628 5658 ,
2650 5605 2842 5643 necnon
2867 5590 3119 5659 ingressus
3163 5595 3209 5639 et
3238 5598 3461 5654 egressus
3503 5582 3689 5653 (Tomo
3714 5578 3939 5649 decimo).

2452 5686 2525 5739 De
2549 5682 2877 5755 praeficarum
2921 5678 3381 5746 choris,quarum
3430 5674 3671 5745 qumdam
3726 5673 3943 5744 gentiles

2380 5783 2530 5833 erant
2554 5814 2568 5842 ,
2614 5770 2911 5843 saepissime
2956 5770 3061 5841 agit
3109 5770 3558 5841 Chrysoslomus,
3586 5767 3802 5834 vultque
3838 5763 3945 5817 illus
