4176 6466
76 88 394 302 πε

135 131 168 160 ...ι-
201 143 206 150 ι
255 153 258 156 Ι
281 127 288 134 ιι
313 143 316 146 Ι
335 129 338 132 -
351 119 408 150 μμ..

109 191 112 194 -
145 185 148 192 ι
167 173 248 226 ,τέ’-ἐζ.
265 175 300 218 e'!
459 175 464 178 .

76 405 304 470 ξπ·

141 527 336 592 αν
357 520 700 584 afluant”
745 530 919 575 arceri
941 557 958 582 ,
1009 518 1065 571 et
1111 506 1439 568 moderatius
1474 497 1719 573 lugubria

141 591 306 680 llﬂl
323 615 572 692 metri
588 611 776 688 (Temo
801 603 1146 675 duodecimo).
1165 602 1476 671 Lugeamus,
1501 596 1576 649 ait
1608 591 1716 658 ille,

141 714 218 776 α
237 688 342 770 καί
359 709 613 766 ναιετάει
651 700 871 773 capillos
891 742 906 764 ,
934 714 1038 754 non
1064 694 1273 751 brachia
1319 688 1591 751 nudantes,
1619 698 1721 737 non

142 809 391 864 mm
419 799 632 872 facian,
661 813 763 852 non
785 793 954 866 pullas
978 800 1134 868 restes
1158 786 1448 842 induentes.

197 871 606 966 matiam
633 898 787 944 erant
804 927 818 953 ,
847 885 940 956 qui
963 884 1016 938 in
1047 879 1322 936 funeribus
1349 881 1512 945 caput
1536 871 1724 928 cinere

140 989 561 1060 merent.

501 1111 720 1168 Viarum
747 1107 1063 1180 publicarum
1090 1099 1346 1157 custodia.

199 1250 380 1310 ﬁdem
399 1246 663 1303 distantia
685 1245 910 1298 locorum
929 1282 942 1306 ,
968 1251 1082 1310 qua
1105 1235 1229 1290 olim
1260 1243 1380 1286 tunc
1413 1238 1520 1285 erat
1540 1267 1556 1294 ,
1587 1240 1725 1281 nunc

142 1351 270 1403 etiam
315 1354 423 1409 est;
453 1339 664 1396 itineris
700 1353 814 1392 rere
867 1332 1087 1388 conditio
1124 1346 1234 1384 non
1269 1326 1446 1382 eadem
1480 1334 1583 1390 est,
1612 1335 1728 1392 qua:

142 1441 242 1495 siin
259 1433 692 1511 fuissecreditur.
733 1427 785 1483 Ν
791 1441 889 1482 unc
917 1424 1050 1480 enim
1077 1418 1424 1476 mansionibus
1471 1413 1727 1485 perpetuis

143 1507 500 1584 adiecturum
530 1524 652 1586 iter,
681 1530 729 1574 et
750 1516 954 1574 urbibus
975 1512 1182 1568 ae-eillis
1209 1507 1554 1583 frequentibus
1574 1520 1728 1559 orna-

145 1632 259 1686 tuin,
290 1621 618 1682 viatoresque
652 1611 901 1684 plurimos
923 1603 1186 1677 ciendum
1207 1643 1224 1671 ,
1257 1601 1345 1674 qui
1391 1600 1516 1655 illuc
1563 1596 1727 1668 pro/i-

145 1714 391 1776 cui-untur,
446 1705 593 1778 quod
633 1720 737 1758 non
803 1701 971 1756 minus
1012 1691 1412 1751 ad'securitatis
1479 1690 1729 1744 rationem

145 1806 287 1869 sciet,
315 1817 474 1875 quam
535 1796 863 1860 mansiones,
895 1793 1044 1846 urbes
1083 1799 1234 1860 atque
1285 1783 1440 1839 rillte.
1469 1780 1730 1836 Praeterea

147 1919 197 1955 es
216 1897 468 1971 periuria
488 1894 762 1949 ciuitatum
783 1886 1038 1959 principes
1079 1881 1310 1953 deligunt
1349 1879 1484 1932 vires
1501 1918 1514 1943 ,
1547 1889 1732 1940 corpe-

144 1965 577 2061 n's'mgnitudine
605 1992 657 2037 et
685 1979 864 2036 robore
886 1975 1080 2032 eunetis
1123 1971 1490 2044 prwcellentes,
1514 1965 1729 2040 jaculo-

147 2055 480 2153 quetvfunda
516 2086 725 2129 tantum
773 2071 1024 2136 ualentes,
1055 2073 1303 2138 quantum
1353 2060 1432 2116 vel
1481 2055 1732 2130 sagittarii

145 2150 345 2245 sagittis,
371 2187 459 2225 rer
488 2167 687 2223 armati
724 2165 844 2236 pilis
871 2178 891 2217 :
925 2160 1223 2228 statutisque
1261 2153 1506 2218 ducibus,
1551 2150 1732 2221 quibus

148 2267 210 2318 illi
245 2264 628 2333 obtemperent,
676 2257 770 2312 hoc
816 2255 890 2310 eis
935 2252 1142 2306 unicum
1187 2247 1463 2317 injungunt
1512 2256 1728 2305 manus,

146 2356 376 2426 solamqu
416 2353 627 2407 itineris
679 2346 851 2403 tuendi
881 2359 1058 2400 curam
1085 2341 1472 2408 custodiamque
1524 2335 1733 2406 perurit-

149 2459 256 2504 tant.
281 2450 356 2503 Ad
382 2449 494 2502 htee
515 2445 682 2500 aliam
706 2441 853 2512 longe
874 2439 954 2493 his
981 2437 1212 2492 omnibus
1241 2431 1612 2504 diligentiorem
1641 2445 1732 2482 cn-

147 2559 239 2596 τινι
283 2540 670 2609 exeogitaruut.
700 2530 1014 2587 Habitaeula
1051 2528 1187 2582 enim
1220 2525 1362 2580 mille
1390 2522 1624 2596 passibus
1667 2519 1730 2574 ab

150 2635 332 2688 inritent
363 2629 626 2685 distantia
645 2627 700 2681 in
718 2626 901 2679 itinere
944 2630 1046 2677 toto
1077 2619 1413 2694 fabricantes,
1461 2623 1734 2670 nocturnes

149 2725 235 2777 illis
257 2735 473 2777 statuere
520 2718 800 2784 custodes,
831 2731 922 2787 per
945 2713 1154 2767 illorum
1199 2709 1398 2764 labores
1446 2716 1493 2761 et
1533 2706 1734 2778 uigilias

151 2819 394 2874 maximum
419 2825 618 2872 contra
644 2814 904 2868 latronum
929 2809 1148 2881 impetus
1172 2803 1433 2860 munimen
1457 2803 1735 2858 viatoribus

147 2912 472 2965 constituentes
497 2905 698 2981 (Temo
717 2903 928 2976 primo).

764 3060 1112 3117 Miseellanea.

207 3227 479 3293 Kalendas,
521 3239 631 3280 seu
676 3221 887 3278 initium
932 3220 1094 3284 anni,
1148 3218 1228 3274 sic
1281 3215 1543 3273 celebrari
1590 3213 1735 3271 sole-

151 3321 257 3376 bant
274 3319 556 3393 (ibidem):
585 3314 1044 3388 pernoctationes,
1072 3310 1461 3376 cavillationes,
1490 3307 1735 3364 convicia

155 3422 199 3467 et
245 3413 554 3468 saltationes
622 3417 940 3471 nocturnte,
988 3404 1163 3458 lorum
1211 3401 1594 3468 coronabatur,
1624 3407 1730 3454 etc.

209 3502 515 3560 Antiocheni
577 3506 875 3572 postquam
924 3494 1290 3552 Theodosium
1348 3493 1734 3564 Imperatorem

155 3594 503 3664 piamverant,
530 3594 590 3650 in
623 3591 828 3648 laetitia:
869 3589 1081 3660 signum
1134 3587 1314 3642 torum
1366 3594 1731 3653 coronarunt,

155 3687 366 3745 lucernas
391 3687 776 3744 accenderunt
807 3725 821 3748 ,
845 3691 900 3739 ct
925 3681 1096 3738 lectos
1122 3695 1216 3736 seu
1249 3678 1584 3735 lectisternia
1611 3687 1736 3734 ante

157 3781 368 3840 ofﬁcinas
396 3786 708 3854 posuerunt
745 3776 928 3849 (Temo
949 3774 1218 3847 secundo).
1587 3762 1596 3764 _

212 3873 418 3942 Quidam
463 3883 825 3931 externorum
863 3877 1142 3926 oratorum
1191 3882 1259 3923 ex
1303 3865 1534 3934 quadam
1575 3864 1734 3922 stulta

159 3967 511 4022 consuetudine
569 3955 862 4019 dexterum
927 3958 1103 4015 eundo
1163 3958 1450 4014 humerum
1521 3955 1738 4013 assidue

160 4057 373 4114 merebat
396 4054 705 4131 (Ibidem);
738 4053 836 4110 sed
862 4051 1303 4108 consuetudinem
1343 4051 1506 4119 vicit,
1538 4062 1595 4105 et
1620 4051 1738 4122 gia-

161 4147 258 4204 dios
272 4160 448 4206 acutos
473 4150 757 4220 utrimque
815 4144 1055 4203 humeris
1100 4145 1393 4216 imposuit,
1418 4154 1478 4200 ut
1500 4143 1740 4202 vulneris

164 4240 326 4298 umore
363 4244 680 4302 membrum
725 4243 912 4313 inepte
961 4255 1021 4296 se
1064 4253 1288 4295 movens
1316 4239 1633 4310 corrigeret.

219 4334 408 4396 Leones
425 4339 621 4396 ovibus
641 4334 1043 4395 mansuetiores
1065 4348 1160 4406 per
1176 4332 1350 4391 forum
1380 4333 1734 4403 ducebantur,

1119 383 1281 454 QUAS
1323 383 1393 439 ΙΝ
1432 379 1587 437 ΟΡΡ.
1624 374 1730 435 Clii

1835 375 1878 433 ς.
1920 364 2471 456 οβεειῑνΑΝτυῐι.
3361 374 3432 431 ss
3518 421 3520 424 .

1829 507 1884 556 et
1929 498 2082 556 multi
2118 497 2172 554 in
2198 496 2432 552 ofﬁcinis
2456 490 2738 568 pecuniam
2767 506 2956 549 eorum
2985 489 3194 547 custodi
3239 505 3427 548 nume-

1829 591 2041 658 rabant,
2063 589 2163 660 qui
2193 587 2447 645 custodes
2472 585 2702 642 multum
2726 581 2854 641 hinc
2879 582 3228 641 lucrabantur
3248 580 3433 643 (Temo

1827 693 2012 757 quarto
2039 691 2084 738 et
2107 679 2269 736 Temo
2295 675 2475 753 nono).

1901 774 1959 832 lu
1986 773 2129 845 agris
2157 771 2370 828 termini
2403 770 2777 841 columnasque
2802 779 2912 822 non
2947 764 3130 820 sinunt
3153 777 3285 820 arva
3308 777 3439 818 con-

1833 868 1980 925 [undi
2011 866 2194 940 (Temo
2219 862 2408 935 sexto).

1903 961 2021 1018 Ursi
2045 960 2204 1016 etiam
2233 966 2287 1013 et
2321 971 2461 1012 ursa:
2490 955 2559 1011 ab
2588 951 2939 1010 Antiochenis
2976 951 3120 1007 domi
3148 951 3440 1011 servaban-o

1833 1062 1920 1110 tur
1955 1050 2147 1123 (Temo
2172 1049 2440 1123 srpimo).
2475 1047 2537 1104 Si
2574 1063 2696 1102 ursa
2749 1047 2885 1100 clem
2929 1045 3216 1116 aufugerit,
3262 1042 3442 1098 domes

1832 1145 2138 1210 claudimus,
2180 1158 2271 1212 per
2291 1141 2425 1195 vires
2465 1140 2737 1204 currimus,
2775 1153 2838 1191 ne
2875 1137 3084 1199 ξηρᾱιη
3131 1134 3442 1189 incidamus.

1903 1236 2084 1294 Stadia
2111 1234 2427 1307 quindecim
2451 1240 2577 1286 sunt
2601 1229 2846 1287 milliaria
2878 1226 3188 1300 duo(Tomo
3217 1226 3442 1297 octavo).

1904 1331 2180 1401 Paupcres
2204 1327 2420 1400 quidam
2449 1325 2588 1382 ﬁlios
2614 1337 2740 1380 suos
2771 1321 3140 1385 cxca'cabant,
3163 1328 3220 1375 ut
3243 1320 3445 1392 largio-

1833 1437 1949 1479 rem
1978 1423 2172 1492 stipem
2222 1427 2500 1490 cogerent.
2550 1415 2656 1471 Alii
2695 1430 2819 1470 cum
2853 1413 2986 1468 nihil
3016 1413 3249 1485 petendo
3271 1413 3445 1482 impe-

1836 1522 2045 1572 trarent
2067 1556 2082 1583 ,
2123 1513 2305 1569 missis
2351 1506 2855 1582 supplicationibus,
2885 1505 3206 1561 detritorum
3234 1505 3450 1561 calceo-

1835 1623 1954 1664 rum
1985 1609 2130 1662 coria
2168 1603 2536 1668 mandabant;
2569 1601 2661 1656 alii
2700 1608 2886 1655 acutos
2921 1596 3104 1653 clavos
3129 1597 3289 1668 capiti
3321 1595 3449 1651 inii-

1835 1702 2066 1773 gebant;
2116 1699 2208 1754 alii
2254 1700 2307 1754 in
2357 1695 2512 1768 aquis
2567 1694 2689 1765 gelu
2747 1690 3017 1748 concretis
3066 1689 3210 1744 nudo
3261 1699 3450 1745 ventre

1838 1793 2287 1856 immorabantur,
2328 1798 2384 1846 et
2413 1789 2517 1846 illis
2543 1785 2868 1858 spectaculis
2894 1783 3157 1855 majorem
3186 1781 3452 1854 cogebant

1835 1889 2028 1959 stipem
2058 1885 2252 1950 (Temo
2285 1883 2482 1938 decimo
2498 1883 2539 1953 ).

1908 1978 2048 2048 Quid
2082 1977 2297 2049 gravius
2327 1986 2382 2038 et
2409 1973 2682 2028 difﬁcilius
2713 1986 2874 2043 quam
2917 1972 2969 2027 in
2997 1969 3220 2027 ensibus
3254 1967 3450 2041 ephera

1837 2073 2024 2130 ludere
2050 2071 2244 2144 (Temo
2272 2067 2619 2138 duodecimo).

1911 2167 2186 2234 Meretrix,
2206 2173 2392 2220 πέταλα
2419 2169 2632 2234 βάψασα,
2658 2159 2713 2216 id
2737 2166 2821 2216 est
2841 2173 2959 2228 qum
2982 2156 3196 2212 laminis
3220 2164 3275 2211 et
3295 2170 3448 2211 amu-

1841 2260 1966 2317 letis
1996 2259 2231 2314 virorum
2262 2256 2490 2311 salutem
2511 2249 2861 2324 prosequitur
2887 2247 3072 2318 (Temo
3095 2246 3285 2318 tertio).

1911 2351 2068 2424 Libri.
2101 2350 2279 2404 aureis
2319 2346 2493 2402 literis
2535 2351 2906 2399 memorantur
2945 2355 2974 2394 a
3014 2339 3406 2411 Chrysostomo
3434 2378 3450 2403 ,

1838 2445 2030 2520 quales
2065 2442 2218 2499 multi
2249 2447 2402 2498 erant
2451 2437 2598 2495 illius
2638 2451 2785 2502 azvo,
2834 2443 2891 2489 ut
2919 2433 3050 2490 dicit
3091 2433 3457 2504 Hieronymus

1841 2542 1860 2615 (
1884 2541 2047 2598 Temo
2066 2536 2289 2608 octavo).

1913 2635 1980 2691 In
2016 2632 2263 2708 pugillari
2309 2629 2493 2692 delete,
2520 2626 2572 2680 in
2601 2623 2952 2695 palimpsesto
2979 2617 3166 2691 (Temo
3187 2613 3457 2690 septimo).

1842 2731 1919 2786 De
1941 2729 2294 2801 palimpsesto
2323 2731 2448 2796 post
2480 2722 2798 2790 Ciceronem
2853 2715 3014 2770 iocati
3043 2728 3232 2769 sumus
3260 2711 3314 2767 in
3355 2711 3458 2768 Pa-

1841 2822 2168 2896 lseographia
2197 2820 2408 2877 Grmca.

1914 2894 2366 2988 Philosophorum
2385 2924 2559 2976 coma,
2579 2907 2823 2966 baculus.
2841 2902 3017 2959 abolla
3041 2899 3224 2972 (Temo
3243 2894 3457 2967 primo).

1841 3009 2153 3081 Philosophi
2186 3005 2450 3080 profunda
2480 2999 2724 3057 instructi
2757 2995 2946 3060 barba,
2970 2992 3131 3062 pallia
3162 2997 3455 3062 gestantes,

1841 3117 1897 3164 et
1942 3106 2186 3170 baeulos,
2217 3101 2403 3175 cynice
2433 3095 2639 3168 piacula
2672 3090 2856 3163 (Temo
2880 3085 3150 3154 secundo).

1913 3202 2154 3258 Duorum
2192 3172 2638 3267 piiil050phorum
2680 3184 2879 3252 scripta
2907 3188 3096 3234 contra
3121 3172 3458 3231 Christianos

1843 3306 2087 3366 tempore
2110 3283 2480 3361 Cbrysostomi
2508 3280 2692 3352 (Temo
2718 3269 2939 3343 octavo).

1917 3389 2098 3444 Persae
2136 3395 2259 3439 cum
2310 3374 2574 3432 matribus
2606 3368 2720 3424 suis
2747 3366 3067 3426 miscentur,
3118 3369 3294 3429 neque
3319 3369 3460 3411 unus

1842 3490 1936 3539 aut
1963 3481 2090 3545 duo,
2122 3475 2219 3532 sed
2251 3485 2384 3545 gens
2411 3466 2664 3524 universa
2692 3459 2877 3532 (Temo
2901 3453 3146 3523 decimo).

1916 3578 2114 3634 Persas
2145 3570 2236 3642 qui
2255 3539 2464 3622 matres
2484 3574 2612 3619 suas
2641 3567 2837 3610 uxores
2864 3564 2973 3604 non
3003 3548 3205 3601 ducunt
3227 3539 3463 3598 admira-

1843 3688 1966 3729 mur
1996 3668 2178 3745 (Tomo
2208 3661 2420 3736 primo).

1918 3768 1957 3820 A
1969 3722 2072 3835 pud
2100 3722 2292 3817 Persas
2313 3722 2451 3826 ignis
2471 3749 2614 3805 Deus
2643 3756 2766 3799 esse
2783 3745 3000 3812 putatur
3018 3731 3202 3807 (Temo
3219 3722 3463 3797 secunde)

1845 3868 2035 3919 contra
2061 3869 2156 3912 eos
2180 3851 2269 3924 qui
2303 3851 2481 3920 ignem
2509 3842 2758 3897 adorant.

1917 3955 2033 4010 Rex
2059 3918 2346 4007 Persarum
2361 3941 2580 3999 barbam
2598 3935 2762 3991 habet
2785 3941 3030 3990 auream,
3061 3923 3126 3979 iis
3155 3920 3242 3993 qui
3274 3918 3465 3976 harum

1846 4065 2031 4110 rerum
2061 4053 2186 4103 sunt
2212 4039 2372 4114 periti
2404 4033 2571 4092 veluti
2595 4029 2696 4086 sub
2737 4025 2973 4096 tegmine
3003 4019 3146 4074 illius
3174 4014 3297 4086 pilis
3324 4011 3466 4067 intra

1846 4145 1963 4202 auri
1991 4140 2217 4198 laminas
2243 4128 2637 4190 involventibus
2663 4121 2847 4196 (Temo
2874 4109 3187 4180 ιιηάεεὶςηο).

1924 4195 2262 4293 llamaxobii,
2294 4221 2514 4298 Scytha:
2556 4224 2614 4273 et
2636 4211 2909 4272 Nomades
2957 4205 3163 4264 nullum
3193 4195 3474 4258 struebant

1849 4326 2136 4390 tediiicium
2160 4319 2362 4395 (Temo
2383 4313 2600 4387 septimo
2618 4307 2665 4382 ).
