4176 6470
706 382 807 438 103

702 496 789 546 tlat
819 493 1117 554 artiﬁcium,
1151 492 1240 546 sed
1260 490 1477 545 artificis
1516 490 1734 557 gloriam
1774 488 1845 543 illi
1878 503 1979 541 non
2009 488 2267 540 attribuit.

701 561 899 631 Impius
944 578 1067 616 vero
1104 564 1236 615 bene
1264 560 1474 629 quidetn
1522 561 1667 623 vidit,
1694 560 1787 613 sed
1833 559 1971 612 male
2013 558 2270 623 adoravit,

697 644 750 686 et
782 648 989 683 omnem
1018 632 1253 683 ordinem
1285 631 1557 684 subvertit.
1592 648 1609 679 ι

779 720 797 751 ι
842 702 991 767 δωμε
1015 700 1281 767 Scriptura
1311 700 1574 775 diabolum
1598 705 1750 750 vocat
1774 707 2055 775 draconem
2082 703 2141 750 et
2160 707 2273 775 ser:

702 764 1269 844 pontettutortuosum.
1318 769 1439 844 Ideo
1481 767 1731 821 Servator
1780 767 1946 818 dicit:
1982 764 2111 817 Ecce
2137 765 2271 844 'dcdt'

701 840 836 891 vobis
861 849 1149 907 potestatem
1187 838 1413 890 calcaudi
1438 853 1592 902 supra
1630 846 1877 907 serpentes
1906 846 1951 907 et
1983 838 2271 907 scorpiones

699 902 871 977 (Lucf
894 907 961 970 Χ,
989 907 1077 975 19)
1113 928 1125 961 :
1156 917 1207 959 et
1235 908 1298 961 ne
1326 902 1830 977 reptiliaiutelligas,
1859 904 2067 970 adjecit.
2094 902 2158 955 Et
2178 918 2266 977 sti-

738 993 795 1029 ra
824 993 1019 1030 omnem
1046 972 1273 1029 uirtutem
1295 972 1504 1028 inimici.
1534 976 1705 1027 Draco
1730 987 1778 1026 et
1808 987 2027 1041 serpens
2050 982 2132 1025 est
2159 972 2270 1041 dia:

738 1046 882 1120 olus,
902 1062 1005 1097 non
1035 1057 1089 1097 ut
1112 1047 1323 1120 malitia:
1350 1045 1518 1105 radix,
1548 1054 1603 1097 ut
1649 1040 1917 1120 Manicluci
1947 1042 2147 1120 dicunt,

700 1127 756 1168 ut
807 1115 1050 1181 princeps
1092 1114 1412 1177 daemonum,
1460 1123 1513 1167 et
1557 1123 1736 1166 auctor
1776 1113 1950 1179 lapsus
1995 1112 2101 1165 illis
2144 1110 2269 1166 ell'c-

695 1193 830 1238 ctus.
864 1202 884 1236 ι

908 1272 991 1327 Ea:
1019 1274 1290 1326 Itortatorio
1316 1288 1537 1325 sermone
1563 1271 1625 1324 de
1652 1268 1951 1324 Paenitentia
1971 1270 2071 1339 (α).

774 1380 793 1413 ε
842 1361 917 1416 De
943 1377 1008 1416 eo
1036 1363 1123 1430 qui
1155 1362 1284 1414 dixit
1313 1376 1327 1409 :
1360 1359 1627 1413 Destruam
1660 1363 1836 1413 horrea
1856 1376 1985 1430 mea.
2006 1368 2049 1411 et
2072 1360 2268 1430 majora

696 1431 884 1499 faciam
905 1428 1065 1500 (Luc.
1110 1430 1223 1495 XII,
1256 1430 1360 1497 I8),
1392 1430 1706 1500 sententiam
1724 1444 1753 1481 a
1774 1430 1880 1482 Deo
1895 1429 2050 1481 latam
2078 1428 2127 1480 itt
2156 1442 2268 1500 tue-

698 1498 923 1555 moriam
953 1512 1286 1563 revocantes,
1307 1501 1507 1567 aperite
1528 1498 1805 1552 thesauros
1829 1508 2050 1567 vestros,
2080 1506 2131 1551 et
2145 1498 2267 1551 date

696 1569 1111 1639 eleemosynaur.
1143 1568 1321 1639 Facite
1348 1566 1801 1639 ’vobisrthesjtnros
1829 1566 2190 1639 indeficientes
2211 1567 2262 1619 in

694 1639 855 1705 cmlo,
879 1635 948 1691 ω’
968 1639 1216 1691 Dominus
1238 1637 1411 1706 jubet,
1431 1638 1519 1705 qui
1546 1636 1720 1690 futiles
1734 1638 1944 1690 divitias
1971 1651 2036 1689 ex
2064 1635 2265 1690 faenore

693 1718 750 1761 et
771 1708 1018 1787 injust-tilia
1036 1705 1353 1787 ‘collegistis:
1377 1705 1549 1760 Facite
1571 1706 1705 1760 vobis
1725 1706 1999 1787 amicos-tie
2024 1722 2266 1787 mamma-ﬁ

696 1792 784 1842 na,
815 1788 869 1828 ut
898 1777 1148 1830 Dominus
1177 1777 1428 1844 imperat;
1458 1787 1511 1844 ut
1545 1791 1660 1828 cum
1702 1777 2001 1843 defeceritis,
2022 1777 2264 1842 recipiant

691 1860 778 1899 vos
797 1846 847 1898 in
875 1855 1060 1899 eterna
1084 1843 1405 1898 tabernacula
1428 1843 1578 1907 (Luc.
1597 1844 1737 1910 XVI,
1768 1844 1844 1915 9).
1860 1864 1878 1896 ι

694 1935 781 1991 Ex
800 1936 1006 1988 Itanu'lia
1026 1937 1078 1987 in
1098 1944 1244 1988 teme
1264 1945 1470 1999 motum,
1502 1944 1548 1987 et
1568 1933 1855 1999 Lazarum,
1879 1944 1924 1987 et
1943 1933 2142 1987 divitem
2168 1933 2263 2005 (ὁ).

772 2042 792 2075 ι
827 2025 940 2079 Non
967 2040 1122 2081 cesso
1150 2026 1349 2092 dicere,
1376 2029 1582 2083 etiamsi
1608 2042 1765 2082 nemo
1804 2028 1998 2081 audiat.
2034 2027 2265 2081 Medicus

693 2108 835 2167 sum,
868 2095 1252 2167 medicamenta
1289 2104 1497 2167 appono
1525 2115 1539 2151 :
1570 2107 1863 2166 pra-ceptor
1882 2112 2027 2167 sum,
2050 2111 2265 2167 monere

690 2163 871 2233 jussus
912 2180 1052 2236 sum.
1100 2163 1375 2236 Neminem
1406 2163 1651 2236 corrigo?
1679 2163 1892 2235 et'quid
1922 2165 2020 2219 hoc
2050 2165 2169 2236 est?
2197 2168 2266 2218 At

693 2248 801 2306 ego
822 2234 1120 2306 mercedem
1150 2233 1337 2288 habeo.
1370 2233 1568 2292 Verum
1604 2236 1762 2290 etiam
1789 2233 1901 2304 per
1940 2235 2263 2306 hyperbolen

694 2298 803 2356 dixi
832 2318 846 2352 :
892 2306 1001 2355 Iieri
1030 2304 1170 2357 enim
1199 2306 1382 2373 nequit
1412 2316 1465 2359 ιιι
1496 2306 1546 2360 in
1576 2315 1717 2359 tanta
1746 2298 2079 2359 multitudine
2111 2320 2267 2373 nemo

686 2372 1039 2444 aemendet.
1073 2371 1505 2444 _Audio,_‘inquil,
1554 2374 1822 2444 quotidie,
1861 2384 1916 2427 et
1958 2371 2263 2444 uoufacro.

691 2442 851 2503 Mtdi,
879 2442 1083 2495 etiamsi
1130 2458 1232 2495 non
1265 2442 1424 2497 facias
1450 2464 1463 2497 ε
1487 2459 1551 2498 ex
1570 2442 1757 2498 auditu
1790 2444 1931 2498 enim
1958 2442 2185 2497 efficitur
2213 2452 2268 2496 ut

691 2520 898 2587 agatur.
930 2510 1149 2587 Etiamsi
1178 2528 1290 2587 u_ou_
1302 2512 1481 2577 facias,
1512 2528 1576 2567 ex
1604 2522 1822 2587 peccato
1847 2513 2046 2587 pudore
2072 2511 2266 2587 afllcie:

677 2582 1027 2644 .rts;etlamsi
1056 2580 1159 2633 non
1194 2580 1373 2645 facias,
1404 2580 1635 2636 mutatur
1682 2582 1773 2635 tibi
1799 2583 2033 2646 animus;
2059 2581 2264 2634 etiamsi

695 2663 800 2700 non
831 2646 1011 2711 facias,
1043 2649 1266 2717 teipsuut
1287 2651 1613 2705 condemnas
1633 2651 1773 2720 quod
1799 2665 1903 2704 non
1934 2649 2094 2703 facias
2111 2665 2136 2720 γε
2159 2651 2266 2704 sei-

696 2729 1053 2789 psumautem
1100 2719 1369 2789 incusare,
1399 2719 1709 2789 principium
1750 2729 1829 2774 est
1857 2719 2262 2789 emendationis,

692 2786 916 2852 Quando
938 2788 1161 2853 dixeris,
1188 2788 1283 2842 Ilei
1309 2786 1441 2843 mihi
1469 2790 1483 2842 I
1512 2786 1687 2843 audivi
1726 2800 1782 2843 et
1810 2804 1915 2843 non
1941 2788 2110 2855 facio;
2138 2787 2266 2844 illud

692 2855 788 2909 Itei
817 2856 968 2921 inibi,
1003 2858 1205 2911 initium
1236 2869 1316 2912 est
1342 2859 1645 2913 mutationis
1666 2859 1719 2913 in
1746 2859 1953 2915 melius.
1994 2876 2014 2911 ι

1001 2968 1069 3023 In
1094 2971 1243 3037 illud,
1270 2971 1417 3027 Mitte
1442 2971 1721 3039 Lazarum,
1742 2990 1835 3026 etc.
1870 2974 1965 3043 (ε).

769 3102 789 3133 ε
837 3082 901 3136 Ει
928 3085 1014 3137 ubi
1042 3098 1180 3137 nunc
1208 3093 1331 3137 sunt
1361 3084 1623 3150 piucerna:
1652 3085 1725 3137 tui
1750 3124 1764 3147 ,
1794 3092 2015 3151 tapetes,
2049 3084 2263 3152 parasiti

692 3163 746 3224 et
771 3153 1071 3221 adulatores
1092 3152 1242 3223 (Luc.
1264 3153 1402 3218 XVI,
1418 3152 1538 3221 24)?
1569 3156 1653 3207 ubi
1686 3157 1848 3207 fastus
1866 3162 1918 3207 et
1939 3153 2266 3224 phantasiw?

695 3220 842 3276 Folia
873 3233 1046 3287 erant,
1076 3220 1129 3276 et
1170 3224 1341 3277 hiems
1386 3220 1619 3288 abstulit,
1645 3220 2266 3293 oniuiaque'perierunt,

694 3293 958 3345 Somnium
977 3302 1129 3345 erant
1144 3302 1198 3345 et
1222 3303 1369 3347 ortus
1389 3302 1471 3346 est
1495 3293 1625 3355 dies,
1648 3294 2017 3360 sOmniumque
2040 3293 2266 3360 dissipa-

700 3372 807 3415 tunt
832 3371 929 3415 est.
951 3360 1057 3415 Cur
1079 3373 1251 3425 autent
1299 3377 1402 3415 non
1426 3362 1555 3427 Noe,
1588 3363 1668 3416 vel
1697 3362 1971 3422 Iacobum,
2003 3362 2095 3415 sed
2126 3364 2266 3414 Isaa-

689 3432 925 3491 cum,vel
954 3431 1303 3484 Abrahamuut
1333 3432 1480 3486 dives
1503 3431 1667 3484 vidit?
1694 3430 1906 3497 Quare?
1931 3432 2051 3500 quia
2084 3431 2267 3499 hospi-

696 3500 815 3552 talis
838 3500 1256 3569 eratAbraItam,
1288 3511 1343 3558 et
1366 3502 1481 3569 ejus
1498 3500 1828 3570 hospitalitas
1846 3500 1998 3555 istius
2025 3500 2269 3556 inhuma-

691 3570 869 3622 nitatis
888 3572 1058 3639 major
1081 3580 1162 3625 est
1190 3575 1510 3625 accusatio.»

692 3677 776 3732 Ea:
818 3680 1027 3734 homilia
1062 3682 1313 3750 quadam,
1340 3681 1461 3804 του
1491 3681 1637 3824 (galea
1686 3682 1943 3753 deﬂendo:
1986 3697 2092 3737 me
2132 3698 2268 3737 mor-

1381 3768 1471 3805 uoa
1577 3791 1591 3805 .

1381 3768 1591 3805 υοιιαι.

765 3877 784 3909 ι
833 3857 972 3914 Mors
1003 3860 1195 3913 solutio
1219 3872 1301 3915 est
1326 3861 1760 3916 sollicitudinum.
1790 3862 1900 3917 Nisi
1928 3876 2072 3917 mors
2101 3872 2263 3929 esset,

690 3943 788 3982 nos
832 3929 974 3997 ipsos
1002 3931 1415 3994 devoraretnus;
1446 3933 1543 3985 nisi
1573 3934 1896 4001 punitionem
1924 3943 2269 4001 exspectare-

688 4013 828 4061 mus,
870 4014 1199 4069 nequaquam
1230 4017 1257 4051 a
1288 4002 1445 4055 malis
1491 4016 1838 4056 cessaremus.
1877 4002 2031 4057 Vides
2062 4003 2270 4057 Domini

693 4068 1117 4141 benignitatem?
1157 4084 1341 4141 poenas
1388 4087 1450 4125 ex
1478 4074 1910 4141 praevaricatione
1935 4081 2269 4140 eXSpectatas

689 4138 875 4192 salutis
900 4138 1233 4212 occasionem
1253 4140 1449 4212 effecit.
1468 4138 1519 4196 Si
1536 4158 1660 4212 ergo
1671 4142 1848 4212 justus
1874 4150 1989 4195 erat
2008 4138 2097 4211 qui
2124 4157 2268 4196 mor-

690 4217 811 4280 tuus
834 4218 934 4271 est,
958 4209 1147 4278 gaude,
1174 4211 1295 4279 quia
1315 4226 1437 4264 cum
1483 4209 1686 4265 fiducia
1703 4212 1769 4266 ad
1816 4209 2092 4267 Dominum
2148 4228 2267 4280 pro-

688 4278 857 4330 fecms
882 4289 963 4332 est
992 4294 1003 4329 :
1029 4280 1073 4333 si
1106 4278 1235 4351 vero
1286 4284 1527 4347 peccator
1566 4291 1701 4343 erat,
1732 4296 1798 4335 ne
1848 4283 2066 4351 lugeas;
2100 4278 2160 4335 id
2182 4283 2267 4336 lu-

688 4357 867 4421 oratus
914 4356 1014 4413 est,
1041 4350 1181 4417 quod
1224 4360 1434 4417 peccata
1483 4354 1713 4419 peccatis
1761 4365 1865 4405 nou
1908 4350 2105 4405 addere
2148 4368 2268 4421 pos-

686 4417 772 4469 sit.
807 4434 828 4467 s
862 4462 865 4463 ,

764 4482 821 4539 In
850 4486 1072 4555 epistola
1111 4488 1174 4542 ad
1200 4489 1474 4559 Cyriacum
1496 4491 1801 4559 episcopum
1824 4488 1918 4559 (c),
1948 4505 2104 4558 quam
2127 4491 2270 4545 misit

692 4572 741 4630 in
761 4559 994 4630 secundo
1016 4558 1222 4630 exsilio,
1248 4558 1537 4614 ’Arsaciutu'
1550 4558 1883 4630 perstringit,
1902 4574 2096 4615 vocans
2119 4561 2266 4614 illutn

690 4625 912 4700 delirum
940 4637 994 4681 et
1016 4628 1313 4682 adulterum
1337 4646 1349 4681 :
1375 4625 1655 4700 Iaudatitue
1698 4625 1819 4684 illos
1847 4631 1937 4700 qui
1967 4632 2083 4699 ejus
2123 4645 2255 4685 cout-

691 4698 1350 4770 inuuiOnemaversantur,
1380 4712 1436 4754 ut
1462 4701 1549 4770 qui
1570 4698 1807 4770 propter
1846 4698 2011 4770 Deum
2044 4710 2098 4755 et
2128 4702 2266 4769 inju-

690 4767 882 4819 stitiam
909 4766 1307 4837 archiepiscopo
1352 4784 1450 4824 suo
1479 4766 1791 4824 illatam'ab
1822 4772 1911 4824 illo
1955 4766 2264 4825 declinent:

689 4849 991 4903 quanquam
1010 4834 1062 4888 in
1089 4834 1206 4892 aliis
1241 4834 1489 4893 'videatur
1513 4840 1703 4894 hortari
1734 4856 1801 4896 ne
1824 4843 1889 4895 ab
1919 4841 2150 4895 Ecclesia
2181 4858 2268 4895 re-

690 4906 896 4958 cedant.
929 4907 1113 4962 Postea
1136 4920 1331 4973 autctn,
1354 4920 1411 4963 ut
1432 4911 1653 4972 videtur,
1683 4912 1999 4965 sententiam
2024 4915 2265 4975 mutavit,

691 4976 938 5050 quoniam
966 4976 998 5030 ii
1030 4978 1118 5050 qui
1150 4981 1319 5045 ipsum
1343 4984 1536 5048 injuSIe
1564 4982 1861 5049 ejeceraut,
1907 4984 2131 5050 peractis
2162 4998 2266 5035 non

692 5049 951 5119 contenti,
984 5048 1140 5100 etiam
1164 5052 1212 5101 in
1233 5064 1326 5103 eos
1352 5052 1438 5119 qui
1467 5053 1563 5119 ipsi
1583 5048 1772 5105 addicti
1792 5048 1992 5114 essent,
2015 5053 2270 5106 incursio—

693 5113 1123 5237 Ite‘slinsmiasque
1145 5113 1416 5187 parabant,
1434 5113 1789 5191 curabantque
1812 5124 1927 5176 illos
1954 5113 2003 5173 tn
2024 5122 2266 5177 exsilium

693 5199 754 5237 ne
801 5201 833 5237 ι.

692 5199 833 5254 petit.

758 5253 1005 5325 Legimus
1028 5256 1097 5328 (Ῑ)
1114 5257 1475 5331 Cbrysostomi
1495 5260 1545 5313 in
1565 5260 1809 5316 Genesim
1829 5262 2085 5319 Hontilias
2108 5279 2265 5317 uuam

758 5410 821 5479 (al
860 5412 1001 5479 Pliot.
1028 5413 1201 5479 Baldo,
1230 5431 1277 5479 p.
1294 5416 1403 5467 521.

754 5474 803 5533 (lt
862 5478 1011 5537 Oper.
1038 5474 1202 5531 Cbrv‘s.
1228 5474 1263 5527 ἰ.
1290 5486 1324 5535 I,
1352 5480 1443 5527 col.
1474 5479 1605 5528 I029.

756 5487 831 5643 tit
858 5530 1195 5643 lassam
1223 5556 1269 5603 ν·
1288 5542 1396 5589 διδ·
1424 5544 1605 5603 ί

819 5598 831 5658 )
858 5530 1195 5648 Ιὶιέῗᾶὲοξῗιιικ,
1223 5556 1269 5603 p.
1288 5530 1396 5589 5⁷25.
1424 5544 1569 5603 Oper.
1596 5542 1760 5605 Chrys.
1782 5549 1815 5591 t.
1838 5549 1871 5601 ι,
1895 5542 1985 5590 col.
2016 5542 2150 5592 1059.

774 5548 800 5583 C

774 5535 817 5643 ε)
858 5535 996 5604 I’liot.
1026 5535 1195 5599 ΒΑΚ,
1223 5556 1269 5603 p.
1288 5542 1396 5589 525.
1424 5544 1569 5603 Oper.
1596 5542 1760 5605 Chrys.
1782 5549 1815 5591 t.
1838 5549 1871 5601 ι,
1895 5542 1985 5590 col.
2016 5542 2150 5592 1059.

1150 5663 1211 5711 de
1246 5663 1335 5711 hac
1368 5664 1569 5725 epistula
1603 5666 1811 5713 diximus
1836 5666 1881 5714 itt
1911 5666 2106 5725 Manilo,
2135 5673 2167 5717 I.
2197 5674 2263 5727 III,

610 5755 626 5765 .
694 5722 788 5767 col.
825 5720 931 5767 679.

752 5780 839 5843 υ)
875 5781 1013 5831 ιιιιυι.
1042 5783 1161 5833 Bibl.
1185 5774 1549 5839 ραςιιυιςιιωοα.
1582 5787 1797 5848 nam,
1822 5805 1865 5853 ι).
1902 5790 2075 5851 t18,b.

1893 372 2291 429 TESTIBIONIA
2332 372 2658 428 VETEBUBI

3833 370 3949 427 108

2378 496 2763 567 et_sexagit.ta,
2793 495 2842 567 in
2892 496 2989 548 tria
3031 494 3339 567 distributas
3380 496 3667 557 volumina,
3712 512 3948 567 quorum

2377 564 2602 638 primum
2651 565 2858 638 viginti,
2878 566 3164 638 secundum
3199 566 3485 627 sexdecim,
3516 564 3950 638 tertium'viginti

2375 632 2607 701 quinque
2634 636 2954 705 continebat.
2978 635 3240 689 Iudicatur
3264 647 3435 690 autent
3469 638 3517 689 in
3546 638 3715 705 primo
3742 632 3950 703 ipsum,

2374 716 2492 754 Cum
2524 717 2551 753 a
2586 704 2838 775 principio
2852 704 3404 775 Quadragesimaaluec
3422 704 3718 760 coucionari
3740 709 3951 775 οαψίδ-

2376 781 2475 845 set,
2504 780 2781 845 antequam
2824 773 2908 826 illa
2930 773 3188 840 finiretur,
3212 775 3305 827 hos
3345 776 3522 845 viginti
3566 773 3857 840 sermones,
3892 786 3956 832 et

2374 840 2505 894 alios
2534 840 2736 895 tresch
2763 855 2986 909 quatuor
3016 845 3150 899 inter
3174 840 3446 899 sermones
3470 845 3521 898 in
3552 846 3820 905 Genesim.
3846 862 3954 899 ne-

2373 910 2622 983 cessitate
2636 921 2702 965 ut
2727 911 2935 983 videtur
2974 914 3042 966 ita
3072 913 3399 977 postulante,
3434 916 3625 983 populo
3652 918 3916 968 concinna
3935 946 3952 953 -

2377 986 2486 1031 tum
2529 980 2708 1053 fuisse.
2752 980 3149 1053 Observandum
3196 993 3371 1038 autem
3416 980 3518 1047 est,
3550 985 3687 1053 quod
3732 988 3955 1038 etiarnsi

2373 1063 2625 1123 sermones
2657 1051 2725 1123 _in
2781 1050 2897 1123 hoc,
2926 1054 3190 1105 volumine
3232 1050 3609 1123 rinscribantui‘r
3637 1053 3752 1123 (sic
3797 1058 3954 1107 enim

2374 1117 2546 1171 inveni
2571 1120 2625 1190 in
2656 1120 2717 1190 iis
2745 1134 2860 1188 quae
2886 1121 2984 1190 legi
3013 1123 3051 1189 ),
3084 1122 3303 1179 Itomilia:
3328 1131 3500 1175 tamen
3531 1117 3771 1175 videntur
3796 1139 3953 1185 esse,

2375 1194 2482 1239 tum
2512 1188 2631 1259 aliis
2673 1188 2741 1243 de
2783 1188 2975 1255 causis,
3005 1188 3113 1244 tum
3157 1193 3313 1244 etiam
3356 1192 3475 1259 quia
3504 1191 3679 1244 multis
3709 1194 3760 1245 itt
3787 1194 3955 1256 IOCIs,

2372 1258 2521 1329 quasi
2556 1269 2842 1324 prtesentes
2872 1261 3053 1314 videns
3074 1258 3459 1321 auditores.sic
3486 1261 3604 1314 illos
3629 1262 3953 1329 alloquitur,

2373 1326 2660 1398 interrogat
2689 1339 2741 1381 et
2761 1330 3045 1393 l‘CSpOIldcl
3067 1339 3121 1383 et
3147 1330 3604 1398 pollicitatiooibus
3630 1326 3811 1384 utitur.
3840 1331 3958 1385 Po-

2374 1404 2508 1448 terat
2535 1396 2769 1465 quidem,
2800 1400 2842 1450 si
2870 1400 2977 1453 alio
3002 1396 3159 1469 quam
3187 1398 3518 1469 heminarum
3549 1414 3697 1453 more
3720 1401 3957 1454 concin-

2374 1472 2494 1538 nata
2519 1476 2659 1520 esset
2684 1469 2871 1530 oratio,
2915 1468 3101 1523 iisdem
3134 1468 3313 1538 figuris
3348 1478 3401 1523 et
3429 1470 3595 1538 tropis
3636 1483 3955 1525 sermonem

2369 1533 2648 1605 adornare,
2681 1552 2783 1605 non
2817 1546 2990 1591 tamen
3038 1549 3141 1591 tam
3170 1533 3476 1605 frequenter
3513 1533 3573 1592 et
3602 1539 3812 1593 assidue
3837 1539 3953 1595 hoc

2372 1602 2585 1685 facere,
2618 1604 2711 1687 sed
2755 1622 2873 1659 cum
2914 1602 3352 1687 attemperatione
3396 1606 3645 1687 quadam.
3701 1608 3951 1687 Declarat

2371 1687 2498 1740 ergo
2529 1673 2641 1741 ipse
2672 1674 2767 1729 has
2799 1691 2921 1730 vere
2951 1673 3193 1731 homilias
3218 1691 3357 1731 esse.
3401 1673 3593 1730 Habuit
3619 1687 3795 1732 autem
3822 1679 3951 1734 illas

2370 1743 2440 1816 ad
2451 1746 2727 1816 pupulum,
2748 1753 2805 1797 ut
2823 1760 2885 1800 ex
2910 1746 3037 1816 ipsis
3061 1746 3290 1816 homiliis
3306 1746 3557 1816 discimus
3578 1764 3593 1801 :
3616 1762 3776 1815 saepe,
3802 1763 3947 1816 quo-

2372 1812 2495 1865 tidie
2514 1830 2527 1873 ;
2548 1815 2848 1885 aliquando,
2872 1812 3193 1884 interpositis
3218 1815 3425 1870 diebus.
3445 1814 3522 1869 Ita
3552 1829 3611 1870 se
3640 1812 3800 1872 habet
3820 1812 3947 1885 'pri-

2371 1896 2514 1955 mum
2537 1884 2804 1955 volumen,
2833 1886 2883 1937 in
2910 1900 3015 1954 quo
3042 1892 3166 1939 sunt
3192 1885 3372 1955 viginti
3397 1886 3646 1940 humilia.
3694 1884 3945 1941 Alterum

2371 1952 2617 2005 volumen
2656 1952 2940 2025 sexdecim
2967 1952 3266 2025 sermones'
3286 1955 3681 2023 complectitur,
3711 1970 3945 2025 quorum

2370 2031 2570 2094 septem
2597 2022 2802 2094 priores
2829 2024 3001 2078 adhuc
3040 2024 3090 2077 in
3121 2022 3518 2094 quadragesima
3544 2022 3752 2085 habitos
3778 2025 3946 2081 fuisse

2369 2088 2628 2157 significat
2650 2106 2680 2163 ;Δ
2698 2091 2765 2144 ita
2788 2101 2847 2145 ut
2867 2108 2964 2163 per
2985 2088 3152 2146 totam
3178 2088 3632 2163 quadragesimam
3679 2109 3842 2163 usque
3869 2096 3945 2149 ad

2369 2174 2610 2222 magnam
2654 2158 2838 2232 feriam
2868 2158 3124 2231 'qnartam
3150 2158 3331 2232 viginti
3372 2158 3574 2231 septem
3606 2166 3657 2217 in
3688 2158 3946 2219 Ge'nesim

2368 2242 2643 2281 sermones
2671 2229 2932 2286 habuerit.
2963 2232 3169 2301 Reliqui
3199 2229 3327 2286 vero
3351 2229 3539 2287 novem
3566 2233 3781 2287 secundi
3808 2236 3946 2289 tomi

2369 2310 2660 2369 sermones,
2690 2309 2743 2352 et
2767 2301 2947 2369 viginti
2974 2301 3203 2369 quinque
3231 2302 3394 2365 tertii,
3412 2317 3517 2356 non
3547 2304 3722 2356 statim
3743 2310 3798 2357 et
3818 2318 3951 2358 cou-

2371 2316 2660 2362 sermoues,
2690 2316 2743 2352 et
2767 2316 2947 2369 vrgtuu
3013 2316 3203 2369 unique
3231 2316 3394 2365 tertn,
3412 2317 3517 2356 non
3547 2316 3722 2356 statim
3743 2316 3798 2357 et
3818 2318 3949 2358 cou-

2371 2368 2601 2438 tiuenter
2628 2378 2745 2434 post
2773 2316 3153 2438 pascha‘habiti
3182 2369 3347 2425 fuere.
3378 2372 3503 2427 Post
3528 2372 3758 2426 habitam
3794 2374 3949 2428 enim

2369 2437 2423 2489 in
2452 2452 2637 2504 magna
2668 2437 2791 2492 feria
2808 2451 2993 2507 quarta
3010 2440 3259 2509 (majoris
3275 2440 3645 2507 hebdomadae)
3666 2442 3950 2497 homiliam

2368 2520 2489 2572 quae
2516 2516 2601 2560 est
2628 2509 2875 2579 vigesima
2902 2508 3127 2577 septima
3152 2510 3204 2579 in
3233 2508 3503 2576 Genesim,
3522 2520 3703 2579 postea
3726 2512 3953 2565 concio-

2368 2586 2530 2659 uattts.
2551 2586 2631 2628 est
2658 2577 2724 2630 de
2757 2588 2935 2659 sancta
2964 2592 3142 2643 cruce,
3187 2578 3307 2659 hinc
3333 2579 3400 2635 de
3413 2577 3724 2659 proditione
3763 2580 3950 2659 Iuda},

2367 2659 2429 2699 ac
2449 2645 2697 2714 deinceps
2718 2647 3007 2701 secundum
3025 2658 3365 2703 occurrentes
3393 2645 3508 2704 dies
3538 2648 3698 2703 festos
3719 2660 3775 2704 et
3802 2645 3949 2706 inci;

2368 2713 2543 2787 (lentia
2574 2713 2877 2787 argumenta
2902 2717 3131 2787 ltomilia:
3155 2717 3308 2772 dicta:
3335 2718 3563 2772 fuerunt.
3612 2719 3677 2774 Et
3705 2730 3821 2787 post
3843 2720 3950 2775 Ito-

2369 2784 2541 2867 tuilias
2561 2782 2627 2837 de
2644 2782 3064 2867 resurrectione,
3097 2786 3302 2867 iuncta
3329 2787 3632 2867 frequenter
3652 2782 3949 2867 concioua-

2370 2861 2455 2907 tus
2481 2864 2582 2925 est,
2613 2861 2674 2925 ut
2697 2854 2808 2925 ipse
2830 2856 2979 2909 initio
3008 2857 3243 2925 vigesimi
3264 2854 3441 2911 octavi
3480 2859 3531 2911 in
3553 2856 3798 2913 Genesim
3820 2873 3948 2914 ser-

2370 2922 2542 2976 monis
2584 2924 2871 2991 siguilicat;
2899 2922 3423 2993 quem—sermonem,
3456 2937 3513 2981 ut

3609 2928 3708 2981 lam
3737 2938 3838 2993 est,
3886 2941 3950 2985 et

2368 3006 2674 3064 sequentes,
2701 2993 2857 3062 longo
2886 3004 3004 3063 post
3042 3004 3280 3064 tempore
3310 2996 3509 3050 habuit.

3581 2998 3773 3053 omilize
3795 3000 3948 3053 enim

2369 3062 2419 3115 in
2447 3063 2577 3116 Acta
2603 3064 3000 3132 quinquaginta
3030 3062 3249 3119 numero
3272 3076 3393 3120 sunt
3416 3082 3429 3119 :
3457 3068 3508 3121 in
3556 3066 3659 3121 illis
3701 3068 3951 3124 dicendis

2368 3146 2564 3205 annum
2592 3131 2702 3205 fere
2731 3131 3011 3205 integrum
3038 3136 3335 3203 insumpsit.
3368 3136 3481 3190 Non
3522 3138 3663 3190 enim
3705 3139 3951 3205 quotidie

2368 3200 2506 3277 illas,
2537 3201 2633 3277 sed
2662 3200 2911 3270 quinque,
2936 3204 3017 3277 vel
3040 3200 3266 3277 septem,
3288 3204 3369 3263 vel
3397 3206 3633 3274 pluribus
3648 3200 3953 3277 interjectis

2369 3270 2699 3343 diebus'illas
2728 3270 3125 3343 pronuntiavit}
3156 3290 3286 3343 quas
3329 3270 3410 3330 se'
3432 3276 3681 3331 habuisse
3706 3270 3951 3334 declarat

2370 3354 2510 3412 anno
2531 3342 2686 3395 tertio
2714 3342 3193 3412 archiepiscopatus
3213 3345 3313 3398 sui.
3338 3344 3593 3400 Homilias
3611 3361 3735 3400 vero
3756 3347 3805 3399 in
3833 3346 3952 3403 Ge-

2371 3410 2537 3484 ttesim
2564 3410 2909 3484 quandonant’
2930 3410 3301 3481 pronuntiarit,
3331 3415 3470 3469 scire
3499 3430 3605 3469 non
3633 3431 3945 3484 possumus.

2368 3479 2628 3532 Caeterum
2656 3496 2720 3533 an
2748 3481 2799 3534 in
2825 3479 3079 3548 vigesimo
3106 3492 3294 3538 octavo
3317 3498 3566 3539 sermone
3605 3479 3812 3539 illarum
3843 3486 3950 3541 ho-

2369 3548 2633 3625 miliarum
2670 3551 2974 3625 meminerit
3010 3566 3141 3620 quas
3175 3556 3328 3625 tertio
3356 3554 3836 3625 archiepiscopatus
3857 3557 3950 3613 sui

2369 3632 2509 3671 anno
2532 3620 2728 3683 emisit,
2754 3636 2819 3673 an
2855 3621 3076 3675 aliarum
3103 3623 3286 3676 eadem
3336 3624 3406 3678 de
3446 3620 3774 3687 refunndirm
3804 3627 3952 3683 scire

2371 3690 2537 3756 potui.
2591 3688 2783 3762 Utique
2810 3706 2930 3743 cum
2958 3691 3385 3762 archiepiscopus
3414 3703 3577 3759 esset,
3615 3695 3710 3748 has
3736 3694 3905 3750 edidit
3929 3714 3948 3762 ;

2370 3772 2563 3826 nempe
2583 3759 2765 3828 viginti
2787 3769 2988 3834 septem
3019 3761 3070 3815 in
3113 3759 3512 3833 quadragesima
3538 3765 3754 3819 secundi
3793 3759 3948 3834 anni,

2369 3837 2589 3903 exteras
2615 3843 2740 3883 vero
2767 3831 2977 3895 triginta
3007 3843 3233 3903 quatuor
3257 3831 3398 3887 anno
3426 3844 3635 3903 quarto.
3664 3835 3830 3887 Dictio
3849 3831 3948 3889 an;

2374 3907 2477 3950 tem
2506 3898 2643 3951 illius
2666 3913 2761 3966 pro
2781 3914 2928 3975 more
2955 3902 3231 3975 perSpicua
3255 3913 3309 3958 et
3338 3898 3487 3973 pura,
3514 3904 3788 3973 splendida
3813 3921 3953 3975 quo-

2372 3982 2473 4035 que
2499 3976 2551 4020 et
2580 3976 2767 4035 sponte
2790 3967 2972 4024 fluens
2984 3967 3097 4034 est,
3112 3967 3606 4027 multam'sensuu'm
3633 3967 3948 4030 varietatem

2372 4038 3047 4109 et_ex_emplorumcopiam
3069 4049 3191 4109 apte
3229 4052 3542 4097 contexens.
3570 4043 3740 4098 Tanto
3768 4054 3950 4101 tamen

2374 4105 2586 4183 inferior
2606 4118 2701 4183 est
2711 4106 2895 4183 dictio,
2914 4105 2979 4183 in
3010 4105 3211 4183 humile
3236 4111 3479 4180 loquendi
3510 4129 3675 4182 genus
3705 4114 3945 4183 delapsa,

2371 4177 2511 4250 ston
2551 4176 2894 4250 humiliantur
2937 4178 2989 4232 in
3043 4181 3217 4245 Acta,
3256 4176 3455 4250 quanto
3483 4176 3597 4237 istae
3622 4199 3651 4236 a
3675 4176 3951 4238 commenl

2372 4246 2519 4323 tariis
2545 4247 2599 4323 in
2623 4248 2933 4323 Apostolum
2954 4258 3008 4323 et
3033 4251 3083 4303 in
3111 4246 3347 4323 Psaluios
3367 4262 3703 4323 superantur.
3737 4252 3951 4323 Ubique

2372 4318 2510 4370 enim
2545 4317 2593 4369 in
2622 4317 2868 4393 Operibus
2895 4320 3005 4393 suis
3034 4321 3259 4389 puritate
3282 4362 3297 4383 ,
3321 4317 3621 4391 Splendore,
3660 4317 3951 4393 sagacitate

2372 4400 2489 4459 eum
2534 4390 2790 4459 suavitate
2828 4390 3107 4459 conjuncta
3136 4402 3294 4459 atque
3340 4390 3565 4447 artillcio
3595 4390 3856 4458 usus'est;
3892 4394 3951 4449 iu

2373 4454 2455 4507 bis
2484 4456 2709 4531 maxime
2752 4454 3145 4531 commentariis
3191 4454 3487 4531 Iiujusutodi
3519 4463 3761 4531 splendet
3786 4454 3950 4516 orna-

2374 4526 2972 4601 utentis,_exeutplorum
2991 4526 3273 4595 ‘ubertate,
3290 4526 3741 4601 enthymematum
3770 4533 3950 4601 copia,

2372 4603 2445 4657 et,
2470 4596 2646 4669 sit-ubi
2688 4610 2835 4669 opus,
2867 4607 2968 4663 est,
3000 4600 3157 4652 etiam
3203 4596 3499 4667 gravitate:
3530 4613 3707 4669 atque,
3738 4612 3795 4657 ut
3839 4596 3951 4657 uno

2374 4665 2533 4717 verbo
2566 4665 2765 4734 loquar,
2791 4668 3035 4731 dictione,
3070 4665 3493 4733 constructione,
3524 4665 3791 4734 methodo,
3824 4688 3950 4727 sen-

2376 4735 2571 4814 tentiis.
2601 4750 2661 4788 ac
2691 4737 2894 4806 reliquo
2919 4748 3169 4807 apparatu
3191 4780 3205 4804 ,
3235 4740 3327 4794 bas
3351 4741 3710 4811 expositiones
3752 4743 3951 4799 eximie

2372 4816 2593 4857 ornavu.

2445 4874 2520 4948 Ex
2553 4876 2680 4941 ipsrs
2711 4891 2866 4943 porro
2906 4879 3302 4933 commentariis
3331 4879 3382 4933 in
3426 4881 3734 4948 Apostolum
3778 4883 3949 4941 inter-

2374 4947 2517 5020 nosci
2542 4948 2958 5020 potest_._quinatn
2978 4948 3044 5001 ab
3062 4964 3125 5002 eo
3147 4951 3437 5004 Antiochia:
3452 4952 3706 5005 elaborati
3725 4951 3947 5020 fuerint,

2374 5016 2492 5081 quia
2520 5025 2641 5091 sunt
2670 5017 2971 5091 diligentius
3016 5028 3066 5070 et
3106 5022 3401 5073 accuratius
3446 5021 3715 5091 adernati;
3746 5031 3798 5077 et
3823 5016 3947 5091 qui;

2376 5100 2514 5148 nam,
2546 5084 2668 5137 dum
2715 5087 3141 5156 archiepiscopus
3171 5099 3331 5155 esset,
3357 5090 3655 5145 concinuaii
3704 5084 3902 5147 fuerint
3934 5113 3948 5148 :

2373 5156 2784 5231 continent-aries
2808 5158 3061 5231 atttetnin
3096 5160 3331 5231 l'salntos
3369 5162 3703 5227 quandonant
3737 5163 3947 5231 fecerit,

2375 5228 2507 5277 scitu
2552 5224 2764 5277 diflicile
2806 5237 2920 5279 est:
2950 5228 3047 5281 nisi
3079 5232 3195 5295 quis
3239 5224 3464 5285 fortasse
3504 5231 3713 5295 dixerit,
3756 5234 3860 5286 vim
3895 5224 3951 5288 et

2378 5298 2730 5370 prasmutium
2776 5300 3036 5370 sermonis
3064 5301 3302 5361 miratus,
3342 5302 3513 5369 ipsum
3544 5304 3715 5370 potius
3744 5304 3792 5355 iu
3838 5308 3951 5357 otio

2374 5364 2671 5438 degentem,
2698 5380 2852 5433 quam
2898 5368 2946 5420 in
2982 5369 3199 5435 publicis
3230 5364 3523 5424 versantem
3544 5364 3799 5438 negotiis,
3835 5373 3952 5429 lucc

2375 5435 2634 5511 emisisse.
2656 5438 2722 5511 _Si
2756 5452 2854 5503 qua
2886 5448 3059 5492 autent
3082 5438 3235 5501 dicta
3263 5457 3379 5508 qum
3402 5444 3481 5494 vel
3512 5435 3949 5511 ittterpreuitiooe

2376 5507 2453 5581 vel
2481 5506 2763 5581 attentiore
2790 5510 3144 5581 speculatione
3166 5506 3401 5581 egerent,
3433 5528 3536 5565 non
3568 5514 3635 5565 ita
3652 5506 3953 5581 'diligenter

2372 5574 2440 5625 ab
2470 5588 2534 5625 eo
2555 5576 2836 5651 explanata
2867 5578 3075 5651 fuerint,
3097 5574 3225 5633 nihil
3256 5574 3465 5635 mirum.
3491 5584 3619 5635 Nam
3645 5598 3705 5637 ea
3732 5574 3945 5651 quidem

2373 5660 2490 5721 qnae
2519 5646 2815 5721 auditorum
2861 5650 3035 5716 captui
3070 5654 3473 5721 accommodata
3512 5664 3683 5718 erant,
3716 5646 3796 5707 vel
3827 5670 3947 5721 quze

2374 5714 2439 5765 ad
2460 5730 2642 5792 eorum
2666 5718 2889 5792 salutem
2912 5714 3262 5792 ettttilitatetn
3301 5724 3650 5789 pertinebant,
3670 5714 3947 5792 utinquam

2376 5787 2731 5852 pratertnisit.
2764 5788 3117 5854 Quamobrem
3163 5787 3345 5846 mirari
3396 5797 3535 5849 subtt
3581 5787 3945 5851 beatissimum
