4228 6448
350 436 457 496 επ,
1484 437 1915 496 FRAGMENTA
1954 440 2025 498 IN
2062 440 2437 502 JEREMIAM.
3424 427 3445 441 ’
3547 468 3656 525 sn

344 551 431 608 δεῖ
459 552 537 618 ὡς
562 550 814 624 δόγματα
832 551 1000 626 ἔχειν.
1020 552 1135 607 Καὶ
1150 552 1261 627 γὰρ
1279 555 1490 621 ἐκεῖνος
1511 556 1605 611 ὅτε
1626 548 1907 623 ὠνειδίζετ

2010 560 2359 631 ,ἀοειηοιυιη
2415 563 2536 620 loco
2585 580 2693 621 non
2725 576 2853 623 sunt
2911 569 3184 629 habenda.
3236 574 3378 631 Nam
3428 587 3485 634 et
3532 580 3647 647 ille,

344 643 499 715 παρᾶ
526 644 638 698 τῶν
668 644 841 715 φίλων
860 662 875 677 °
895 645 992 701 καὶ
1017 640 1176 711 οὗτος
1202 648 1293 702 ὅτε
1316 648 1470 702 δεινὰ
1501 647 1743 720 ἔπασχεν
1770 668 1907 722 παρη

2046 667 2170 707 cum
2203 654 2305 725 ipsi
2329 655 2398 711 ab
2428 656 2621 713 amicis
2653 658 3035 729 insultaretur,
3074 673 3133 719 et
3166 663 3257 720 hic
3282 680 3408 722 cum
3434 684 3651 739 preme-

341 732 457 788 τῶν
495 732 884 791 εὐπαθούντων
907 752 922 768 ο
956 735 1053 791 καὶ
1089 736 1279 803 Δαυτδ,
1322 739 1415 792 ὅτε
1462 740 1523 793 ὲν
1590 739 1780 813 πολλῇ,
1803 741 1907 797 aeu

2044 752 2199 799 retur
2220 744 2288 801 ab
2312 745 2397 801 his
2428 747 2521 817 qui
2555 748 2791 825 delicate
2818 752 3095 821 vivebant,
3129 764 3186 811 et
3217 757 3386 814 David
3419 732 3543 815 cum
3584 763 3640 818 in

345 823 447 895 μία
469 818 561 897 ἦν,
588 824 759 897 φησίν
787 842 800 856 ο
846 826 998 898 Ἐγὼ
1021 828 1165 883 εἶπα
1196 829 1269 883 ἐν
1323 828 1403 900 τῇ
1455 830 1749 888 ἐκστάσει
1792 851 1907 903 μου

2041 847 2241 904 magna
2268 845 2416 893 esset
2469 818 2718 909 tristitia,
2760 841 2942 899 aiebat
2982 818 3141 917 :an
3178 848 3379 905 dixiin
3425 866 3647 908 excessu

352 912 746 984 Ἀπέρῤιμμαί
766 916 890 971 ἀπὸ
923 921 1258 987 προσώπου
1287 919 1411 976 τῶν
1438 922 1771 994 ὀφθαλμῶν
1795 941 1936 981 σου.

352 1004 517 1061 Ἀλλὰ
560 1007 658 1061 καὶ
697 1007 769 1062 ἐν
816 1008 894 1080 τῇ
937 1009 1228 1065 ἐκστάσει
1275 1029 1396 1081 μου
1444 1010 1606 1068 εἶπαν
1648 1014 1779 1081 Πᾶς
1830 1017 1937 1071 ἆν-

336 1101 574 1167 θρωπος
626 1101 925 1171 ψεύστης.
962 1103 1075 1165 Καὶ
1122 1103 1315 1159 πάλιν·
1378 1105 1531 1176 Ἐγὼ
1558 1103 1702 1163 εἶπα
1754 1109 1828 1164 ἐν
1860 1109 1937 1179 τῇ

334 1188 591 1258 edam-la
631 1208 780 1260 μου,
818 1194 901 1247 Οὐ
952 1193 1040 1271 μὴ
1093 1196 1379 1251 σαλευθῶ
1423 1201 1513 1266 εὶς
1563 1200 1673 1256 τὸν
1723 1201 1933 1256 αἰῶνα.

336 1279 507 1334 Ὥστε
547 1279 663 1355 [ῑσ.
694 1282 775 1349 ὡς
823 1282 956 1358 πᾶς]
1008 1285 1118 1340 τῶν
1173 1289 1505 1360 πασχόντων
1558 1292 1611 1346 oi
1678 1295 1934 1366 λογισμοὶ

334 1371 539 1441 αὐτῶν,
583 1373 708 1433 οὐδὲ
738 1374 915 1441 οὕτως
940 1374 1058 1449 [ίσ.
1102 1378 1227 1433 οὐδὲ
1254 1380 1421 1454 ὅλως]
1466 1383 1762 1456 ἀνέχονται
1828 1387 1933 1457 τῆς

332 1464 612 1536 τιμωρίας
642 1466 753 1525 τῶν
780 1465 1017 1541 ἐχθρῶν,
1052 1469 1192 1525 ἀλλὰ
1239 1474 1337 1526 καὶ
1373 1476 1801 1547 κατεπείγουσιν
1831 1480 1932 1532 αὐ-

331 1552 455 1625 τήν.
490 1555 604 1608 Καὶ
644 1555 809 1610 πάλιν
831 1573 847 1589 ο
887 1559 950 1613 Τί
985 1558 1078 1614 ὅτι
1114 1561 1259 1628 ὁδὸς
1307 1563 1547 1620 ἀσεϐῶν
1578 1568 1928 1639 εὐοδοῦται;

332 1646 429 1697 καὶ
460 1645 569 1717 μὴν
592 1648 707 1710 τοῖς
728 1647 966 1714 δικαίοις
994 1650 1155 1706 τοῦτο
1174 1653 1463 1727 ὲπηγγέλη
1491 1674 1507 1690 ο
1539 1659 1616 1723 ὡς
1633 1661 1765 1716 ὅταν
1792 1662 1928 1737 λέγῃ

2041 942 2157 981 meo
2186 941 2207 982 :
2230 925 2447 998 Ejectua
2472 946 2589 985 sunt
2628 949 2661 987 α
2696 933 2836 1004 facie
2862 937 3141 993 oculorum
3171 950 3390 997 tuorum
3419 943 3489 998 ".
3527 946 3639 1001 Sed

2031 1015 2092 1071 in
2122 1030 2343 1073 excessu
2376 1036 2490 1075 meo
2532 1022 2653 1078 dixi
2691 1039 2713 1080 :
2757 1026 2943 1082 Omnia
2990 1029 3153 1085 homo
3202 1035 3440 1090 mendax
3469 1036 3538 1091 ⁷⁸.
3576 1037 3646 1094 Et

2034 1106 2238 1165 lterum
2277 1110 2432 1183 :Ego
2483 1114 2599 1169 dixi
2638 1117 2696 1171 in
2726 1118 3096 1178 incolumitate
3122 1140 3239 1179 mea
3271 1140 3290 1179 :
3322 1125 3448 1182 Non
3493 1144 3642 1182 com-

2035 1202 2281 1259 movebar
2299 1205 2356 1258 in
2374 1214 2632 1263 aeternum
2655 1210 2720 1264 ’⁷.
2751 1210 2939 1291 Itaque
2969 1214 3202 1272 allectus
3231 1222 3640 1291 aegrotantium,

2033 1294 2394 1366 cogitationes
2415 1312 2641 1367 eorum,
2697 1316 2763 1357 ex
2807 1289 2916 1375 qno
2956 1322 3057 1362 nec
3113 1289 3391 1367 sustinent
3433 1312 3643 1370 differri

2032 1386 2292 1444 ullionem
2358 1390 2707 1449 inimicorum
2735 1436 2752 1464 ,
2792 1397 2889 1452 sed
2955 1410 3155 1472 urgent
3204 1418 3267 1459 ac
3308 1406 3637 1462 sollicitant.

2030 1477 2243 1537 Rursus
2280 1499 2294 1536 :
2341 1482 2484 1549 Quid
2516 1488 2658 1555 quod
2711 1489 2796 1543 via
2836 1491 3122 1561 impiorum
3169 1508 3539 1568 prosperatur,
3582 1511 3641 1556 et

2029 1579 2211 1628 tamen
2245 1574 2409 1643 justis
2438 1578 2542 1633 hoc
2577 1588 2697 1634 erat
2742 1583 3101 1654 promissum,
3133 1597 3193 1643 ut
3218 1603 3342 1645 cum
3372 1592 3504 1647 alibi
3567 1595 3639 1650 de

2020 1662 2173 1733 justo
2205 1667 2431 1737 loquens
2464 1671 2542 1725 ait
2575 1688 2591 1727 :
2627 1671 2696 1727 Et
2722 1677 2904 1731 omnia
2934 1694 3264 1753 quacunque
3292 1683 3454 1754 faciet
3509 1703 3637 1755 pro-

330 1734 572 1808 ἀλλαχοῦ
608 1738 857 1811 περὶτοῦ
886 1740 1103 1796 δικαίου
1137 1760 1152 1774 ο
1184 1745 1298 1800 Καὶ
1321 1748 1523 1805 πάντα
1548 1749 1667 1806 ὅσα
1689 1752 1763 1807 ἂν
1782 1734 1907 1823 mi

2275 1734 2292 1737 —
2945 1734 2958 1749 1
3150 1734 3250 1753 ντη-
3292 1734 3451 1754 ιμ’-ν’
3509 1734 3601 1755 r"

2026 1758 2564 1825 aperabuntur".—
2609 1763 2789 1830 Quare
2834 1768 2923 1823 via
2979 1773 3287 1842 impiorum.
3322 1774 3423 1832 Hie
3487 1780 3635 1833 scire

330 1828 1099 1899 κατευοδωθήσεται,Διατι
1125 1836 1268 1903 ὁδὸς
1287 1838 1544 1895 ἀσεϐῶν·
1570 1843 1804 1899 ἐνταῦθα
1827 1845 1907 1917 rip

2027 1862 2248 1904 causam
2280 1853 2452 1923 cupit.
2477 1851 2618 1909 Bene
2646 1856 2751 1926 fuit
2774 1860 3020 1918 omnibus
3040 1865 3131 1933 qui
3166 1871 3629 1937 praevaricatum,-

330 1916 513 1971 αἰτίαν
565 1917 818 1989 βούλεται
870 1923 1088 1993 μαθεῖν.
1140 1926 1517 2005 Εὐθήνησαν
1570 1933 1798 2003 πάντες
1868 1916 1907 1993 ο.

2026 1947 2082 1994 et
2109 1942 2254 2008 quod
2283 1916 2508 2013 majoris
2562 1916 2925 2007 dubitationis
2962 1916 3423 2025 ansamrpraebet:
3468 1916 3628 2026 Quod

328 2007 717 2078 ἀθετοῦντες-⁸
744 2011 806 2066 τὸ
841 2014 1029 2085 μεῖζον
1059 2015 1293 2090 ἄπορον,
1322 2020 1409 2074 ὅτι
1448 2024 1657 2089 πάντες
1683 2027 1924 2100 πάσχου-

331 2113 417 2153 σιν
454 2100 608 2166 αὐτὸ,
641 2104 738 2157 καὶ
769 2105 820 2158 0i
870 2105 1136 2164 Ἰουδαῖοι.
1180 2110 1323 2165 Ἀλλ’
1375 2113 1476 2184 οὐχ
1530 2114 1729 2185 οὕτως,
1780 2120 1921 2175 ἀλλά

330 2192 475 2260 μετὰ
510 2193 736 2262 κακίας,
776 2195 854 2259 ὡς
877 2197 1007 2252 ὅταν
1024 2198 1229 2270 λέγωσι
1257 2218 1273 2235 ο
1307 2203 1427 2269 Πᾶς
1464 2208 1493 2261 6
1518 2208 1694 2273 ποιῶν
1719 2210 1781 2279 τὸ
1817 2229 1919 2267 πο-

325 2279 514 2350 νηρὸν,
544 2280 711 2337 καλὸν
736 2285 974 2342 ἐνώπιον
1004 2289 1237 2362 Κυρίου,
1267 2293 1363 2347 καὶ
1417 2296 1478 2349 ἐν
1535 2297 1724 2365 αὐτοῖς
1768 2301 1922 2355 εὐδό-

324 2386 517 2441 κησεν.
551 2368 727 2441 Εἶδες,
759 2376 843 2431 ὅτι
894 2379 1001 2434 κᾶν
1054 2379 1132 2453 μὴ
1178 2381 1367 2456 πάσχῃ
1401 2385 1612 2453 δίκαιός
1647 2406 1701 2443 τι
1744 2390 1919 2457 πάθος

328 2461 455 2518 ίδὼν
488 2466 681 2540 ἕτερον
707 2470 1014 2541 πάσχοντα,
1044 2472 1123 2538 ὡς
1160 2474 1258 2529 καὶ
1295 2477 1461 2543 αὐτὸς
1510 2481 1740 2554 πάσχων
1783 2486 1917 2540 ἀθυ-

327 2556 450 2624 psi;
491 2557 651 2612 τοῦτο
676 2560 945 2633 ἠπόρουν.
1374 2566 1379 2570 ’

398 2647 465 2702 Τί
491 2648 582 2704 ὅτι
607 2650 752 2719 ὁδὸς
776 2653 1019 2709 ἀσεϐῶν
1049 2656 1420 2726 εὐοδοῦσαι;

391 2740 532 2812 Περὶ
551 2741 663 2795 τῶν
684 2745 1030 2817 παρανόμων
1063 2748 1159 2801 τοῦ
1187 2750 1320 2805 λαοῦ
1370 2753 1521 2823 λέγει
1540 2772 1554 2785 ·
1598 2758 1760 2826 γνοὺς
1804 2761 1913 2832 γὰρ

318 2829 419 2903 τὴν
446 2832 571 2887 κατ’
600 2833 771 2889 αὐτοῦ
799 2838 1099 2911 συσκευὴν,
1134 2843 1465 2915 κατεύχεται
1506 2848 1710 2914 αὐτῶν,
1756 2852 1912 2907 ἐπεί-

324 2941 441 2994 γων
470 2927 571 2999 τὴν
598 2929 725 2983 κατ’
761 2930 945 2984 αὐτῶν
968 2934 1268 3007 τιμωρίαν.

400 3018 779 3088 Ἐφύτευσας
806 3022 1055 3091 αὐτοὺς,
1074 3026 1174 3080 καὶ
1198 3026 1621 3101 ὲρῤιζώθησαν.

399 3110 650 3176 ’Δκούεις
678 3114 902 3169 πάντων
928 3116 1157 3183 εὐθέως,
1185 3120 1282 3174 καὶ
1307 3121 1417 3175 τῶν
1475 3124 1657 3196 εὐχῶν
1705 3128 1906 3194 αὐτῶν,

316 3200 565 3271 μάστιγα
590 3204 648 3257 δὲ
678 3205 781 3260 οὐκ
811 3208 1060 3277 ἐπάγεις.
1107 3210 1205 3266 Ἐν
1241 3213 1410 3280 πόνῳ
1436 3217 1550 3287 γὰρ
1576 3220 1907 3289 ἀνθρώπων

312 3291 427 3344 οὐκ
456 3292 601 3356 εισι,
640 3300 808 3365 φησιν
845 3298 874 3350 6
905 3298 1091 3364 Aau’i6,
1123 3302 1224 3356 καὶ
1268 3306 1422 3372 μετὰ
1471 3308 1801 3377 ἀνθρώπων
1829 3316 1901 3368 οὐ

306 3383 897 3454 μαστιγωθήσονται.
943 3389 999 3444 '0
1021 3391 1078 3445 δὲ
1117 3391 1240 3446 Ἰὼϐ
1277 3396 1485 3468 ἑτέρως
1514 3416 1530 3431 ⁸
1567 3404 1733 3458 Διατι
1753 3404 1902 3460 ἀσε-

310 3471 438 3539 ϐεῖς
467 3471 642 3541 (ibat;
686 3480 1141 3537 πεπαλαίωνται
1182 3484 1254 3539 δὲ
1309 3487 1382 3543 ἐν
1426 3493 1689 3563 πλούτῳ.
1754 3498 1900 3552 Ἀλλ’

308 3562 463 3629 ἀξιον
482 3564 737 3623 ἐντεῦθεν
775 3569 1039 3642 ζητῆσαι,
1062 3574 1210 3640 τίνος
1242 3578 1434 3636 ἕνεκεν
1464 3562 1645 3641 ταῦτα
1664 3589 1895 3658 ἐγίνετο.

309 3653 492 3709 Τανῦν
522 3657 621 3728 μὲν
662 3658 774 3730 γὰρ
808 3661 1059 3730 εἰκότως,
1095 3664 1192 3721 ἆτε
1216 3668 1314 3740 τῆς
1338 3653 1714 3743 ἀναστάσεως⁷
1744 3682 1898 3751 ὀφειο

308 3743 512 3820 λούσης
551 3750 812 3817 γενέσθαι
858 3754 1028 3827 δήλης
1058 3756 1171 3830 [ἷσ.
1212 3759 1422 3836 δῆλον].
1459 3767 1595 3822 Τότε
1624 3771 1681 3825 δὲ
1716 3743 1802 3838 τίς
1831 3771 1899 3847 ἦν

308 3843 663 3912 παραμυθία,
687 3844 800 3900 τῶν
830 3849 1054 3917 φαύλων
1083 3852 1529 3929 εὐθυνουμένωνς
1553 3862 1667 3918 Καὶ
1695 3843 1899 3935 πάντες

307 3930 379 3987 τὰ
409 3933 550 3988 αὐτὰ
576 3934 863 4007 λέγουσιν;
908 3940 1065 4007 Τίνος
1087 3943 1276 4001 ἕνεκεν
1303 3949 1332 4003 6
1367 3950 1469 4021 μὲν
1506 3956 1695 4026 φησὶν,
1713 3930 1899 4017 Εἶδον

306 4025 627 4099 τὸνὰσεϐῆ
648 4032 1147 4105 ὐπεριψούμενον
1177 4054 1194 4069 ·
1236 4042 1337 4096 καὶ
1361 4025 1783 4119 ἐπαιρόμενον,
1814 4056 1898 4124 ὡς

306 4117 416 4184 τὰς
434 4116 690 4190 κέδρους
710 4124 819 4179 τοῦ
859 4128 1147 4196 Λιϐάνου,
1170 4133 1270 4188 καὶ
1287 4116 1625 4208 παρῆλθον,
1642 4146 1745 4202 καὶ
1763 4116 1893 4204 ίδού

304 4211 418 4263 οὐκ
439 4206 518 4281 ἦν
554 4212 655 4282 μὲν
688 4208 870 4281 οὗτος.
904 4218 1234 4279 Τούναντίον
1268 4206 1478 4298 φησίν·
1528 4233 1896 4305 Ἐφύτευσεν

303 4301 533 4368 αὐτοὺς
576 4305 678 4359 καί
724 4306 1169 4381 ἐρῤιζώθησανς
1206 4316 1309 4371 καὶ
1350 4319 1380 4372 6
1424 4321 1545 4378 ἰώϐ
1571 4301 1603 4356 θ’
1631 4327 1693 4388 Ἡ
1734 4331 1894 4400 βοῦς

302 4391 505 4447 αὐτῶν
547 4396 660 4449 οὐκ
697 4396 1070 4469 ὠμοτόκησε.
1114 4404 1241 4469 Πῶς
1290 4410 1593 4482 παρῆλθες,
1633 4391 1748 4472 καὶ-
1781 4391 1894 4477 1δού

301 4486 404 4540 οὐκ
434 4480 533 4558 ἦν;
568 4487 820 4561 Ἐγένετο
846 4492 943 4548 καὶ
970 4496 1174 4552 ταῦτα’
1209 4500 1309 4572 τὴν
1338 4480 1545 4575 ἀθρόαν
1562 4508 1728 4567 αὐτοῦ
1740 4512 1890 4582 λέγει

298 4576 607 4650 ἀναίρεσιν,
644 4582 730 4636 ὅτι
778 4584 979 4651 αὐτοὺς
1012 4588 1251 4659 μάλιστα
1300 4594 1544 4663 εὐκόλως
1595 4576 1827 4659 ἀνεῖλεν⁷
1859 4609 1889 4661 6
1921 4625 1966 4681 ο

298 4668 459 4733 Θεὸς,
491 4672 609 4726 αλλ’
629 4674 692 4728 οὐ
727 4676 873 4732 κατὰ
907 4682 1127 4752 μικρὸν,
1161 4680 1275 4738 οἷον
1308 4688 1402 4742 ἐπὶ
1437 4690 1533 4745 τοῦ
1577 4693 1891 4768 Ἀσσυρίου.

299 4762 459 4816 Οὕτω
504 4766 718 4837 ταχέως
766 4769 1071 4843 ὲστράφην,
1130 4778 1223 4831 καὶ
1251 4780 1351 4850 οὐχ
1394 4776 1554 4854 εὗρον
1582 4762 1767 4844 αὐτόν.
1816 4820 1817 4823 η

370 4857 482 4911 Kal
507 4858 612 4928 σὺ,
645 4864 1186 4938 Κύριε,γινώσκεις
1212 4890 1311 4942 με,
1336 4872 1741 4951 δεδοκίμακας
1774 4886 1892 4956 τὴν

295 4949 556 5017 καρδίαν
577 4970 723 5021 μου.

368 5042 542 5097 Ὅταν
578 5062 663 5111 τις
684 5049 787 5119 τῆς
822 5051 1031 5118 οἰκείας
1062 5058 1267 5130 ἀρετῆς
1320 5061 1581 5137 μάρτυρα
1608 5067 1702 5121 τὸν
1752 5070 1888 5127 Θεὸν

293 5134 460 5208 φέρῃ,
488 5137 683 5193 τούτου
711 5141 769 5193 τί
816 5142 884 5196 ἂν
936 5144 1150 5213 γένοιτο
1208 5152 1357 5219 ίσον;
1392 5134 1558 5210 Ὥστε
1594 5162 1627 5231 ὴ
1679 5162 1886 5235 ἀπορία

290 5226 482 5299 διπλῆ,
521 5230 618 5284 καὶ
650 5233 1001 5305 ἑκατέρωθεν
1027 5238 1122 5292 τοῦ
1152 5241 1455 5315 εὐπραγεῖν
1484 5226 1749 5319 ἐκείνους,
1789 5226 1887 5313 καὶ

290 5320 517 5386 τούτους
547 5324 608 5386 ἐν
644 5324 961 5401 δυσπραγίᾳ
987 5325 1168 5386 εἶναι’
1211 5337 1306 5389 καί
1340 5356 1423 5393 τοι
1456 5342 1552 5396 καὶ
1581 5346 1630 5398 ει
1674 5347 1735 5412 ἐξ
1766 5350 1888 5416 ἑνὸς

291 5412 497 5485 μέρους
524 5410 617 5488 ἦν,
657 5419 755 5474 καὶ
784 5423 813 5475 6
837 5423 1047 5491 ἀγαθὸς
1077 5425 1362 5500 διαπορεῖν
1415 5432 1656 5506 [Aliquid
1695 5410 1887 5499 deesse

286 5508 525 5564 videtur.
579 5508 642 5566 F.
680 5514 778 5567 καὶ
817 5514 847 5567 6
883 5517 1091 5585 ἀγαθὸς
1119 5523 1428 5596 ὲδυστύχει,
1463 5528 1676 5605 διαπο.]
1726 5534 1834 5590 ἔδει
1867 5554 1881 5567 ο

284 5596 386 5652 νῦν
412 5597 471 5653 δὲ
494 5601 564 5656 ἐκ
605 5600 703 5657 τοῦ
726 5605 977 5661 ἐναντίου
1009 5613 1062 5663 τί
1114 5612 1180 5665 ἄν
1221 5631 1305 5680 τις
1341 5618 1522 5687 sinat;
1572 5596 1776 5695 μᾶλλον
1827 5629 1884 5682 δὲ

353 5776 401 5809 ’⁸
445 5775 611 5859 geni;
649 5799 780 5859 κει.
831 5787 923 5841 25.
1001 5790 1218 5847 "Psal.
1250 5810 1374 5859 cxv,
1414 5798 1500 5856 ll.
1580 5803 1623 5836 ’⁷

311 5844 367 5899 7.
445 5847 535 5880 ⁷⁸⁸⁸
577 5850 724 5909 Psal.
755 5844 941 5923 ann,
980 5859 1066 5915 55.
1123 5844 1192 5894 ίν⁸⁰
1229 5864 1329 5921 .lob
1361 5844 1604 5934 axu,'10.

1666 5802 1809 5863 Psal.
1844 5826 1956 5878 xw,
2002 5814 2055 5872 5.
2133 5818 2179 5851 ⁷⁸
2223 5818 2364 5879 Psal.
2403 5827 2515 5887 1,3.

2023 2045 2217 2088 omnes
2247 2034 2369 2103 hoc,
2400 2034 2650 2095 etJudaei
2682 2041 2789 2111 ipsi
2827 2045 3131 2114 patiuntur.
3162 2045 3271 2104 Sed
3309 2066 3414 2106 non
3432 2056 3625 2109 eodem

2023 2123 2206 2191 modo,
2263 2126 2360 2181 sed
2424 2128 2717 2199 malitiose,
2747 2142 2807 2189 ut
2873 2150 2996 2191 cum
3032 2137 3220 2193 dicant
3257 2142 3627 2216 :Quicunque

2020 2226 2281 2286 operatur
2330 2217 2676 2291 iniquitatem
2721 2224 2926 2283 bonum
2957 2233 3101 2302 apud
3135 2231 3412 2302 Deum,in
3462 2236 3626 2306 ipsis-

2020 2320 2127 2375 que
2153 2308 2292 2365 bene
2325 2312 2678 2381 complacuit.
2700 2314 2869 2376 Vides
2896 2330 2954 2376 ut
2971 2322 3155 2394 justus
3171 2336 3226 2383 et
3253 2327 3298 2382 si
3320 2330 3457 2385 nihil
3492 2333 3622 2388 mali
3662 2396 3665 2403 ε

2019 2398 2261 2468 patitur,
2293 2402 2411 2458 viso
2449 2405 2558 2463 alio
2611 2408 2704 2478 qui
2733 2412 2997 2482 patiatur,
3023 2416 3095 2471 ita
3147 2419 3421 2488 tristetur,
3457 2438 3519 2479 ac
3568 2428 3617 2480 si

2019 2488 2253 2560 ipsemet
2278 2501 2714 2565 patereturihoc
2739 2506 2874 2562 mihi
2889 2508 3288 2571 dubitationem
3305 2516 3614 2589 ingerebat.

2096 2679 2114 2698 ⁶
2132 2676 2275 2743 Quid
2300 2685 2558 2753 ert,quod
2582 2685 2666 2741 uia
2688 2688 2978 2759 impiarum
3004 2703 3396 2766 prosperatur?

2088 2768 2283 2828 Sermo
2312 2781 2392 2830 est
2421 2777 2491 2833 de
2518 2782 3039 2848 pravaricatoribus
3082 2793 3266 2861 populi
3304 2812 3319 2849 :
3363 2810 3616 2871 comper-

2017 2868 2101 2917 tas
2130 2863 2276 2920 enim
2313 2866 2525 2926 babens
2557 2880 2801 2933 structas
2830 2879 2886 2934 in
2922 2892 3099 2940 semet
3132 2885 3383 2958 insidias,
3418 2863 3613 2953 contra

2012 2968 2108 3010 eos
2134 2971 2325 3026 preces
2344 2959 2599 3040 effundit,
2628 2976 2685 3021 ut
2712 2970 3038 3040 puniantur.

2088 3047 2254 3105 Vens.
2285 3050 2339 3108 2.
2379 3039 2658 3112 Plantasti
2683 3039 2797 3128 eos,
2822 3073 2875 3118 et
2897 3068 3130 3124 radicem
3159 3073 3443 3132 miserunt.

2074 3141 2247 3198 Audis
2270 3157 2464 3242 otnnes
2497 3147 2667 3216 illico,
2705 3167 3009 3228 precesque
3031 3175 3245 3230 eorum,
3284 3169 3381 3223 sed
3423 3168 3611 3242 ﬂagel-

2012 3225 2121 3281 lum
2186 3244 2293 3285 non
2347 3231 2622 3292 immittis.
2663 3238 2729 3294 In
2754 3242 2941 3300 dolore
2998 3251 3140 3305 enim
3177 3254 3453 3312 hominum
3504 3279 3610 3318 non

2006 3328 2151 3382 sunt,
2184 3320 2263 3374 ait
2304 3321 2498 3392 David,
2542 3336 2593 3382 et
2624 3345 2744 3384 eum
2782 3332 3086 3395 hominibus
3113 3359 3217 3399 non
3258 3349 3610 3420 ﬂagellaban-

2008 3419 2098 3463 tur
2122 3411 2188 3466 '°.
2214 3413 2393 3473 Aliter
2422 3428 2608 3476 autem
2634 3422 2740 3480 Job
2783 3426 2921 3483 dicit
2945 3448 2960 3486 :
2992 3432 3175 3499 Quare
3204 3411 3361 3510 impii
3384 3446 3559 3502 vivunt
3582 3451 3609 3505 1'

2003 3503 2279 3561 inveterati
2319 3521 2441 3564 sunt
2496 3514 2553 3568 in
2588 3517 2796 3573 divitiis
2828 3520 2923 3577 η’.
2959 3523 3069 3581 Sed
3127 3543 3234 3585 non
3260 3503 3361 3588 abs
3410 3552 3469 3593 re
3495 3539 3605 3597 fne-

2005 3594 2076 3649 rit
2105 3598 2193 3655 hic
2232 3604 2557 3673 perquirere
2592 3625 2608 3663 :
2638 3608 2750 3666 Cur
2794 3612 2847 3668 id
2880 3621 3145 3689 temporis
3176 3624 3280 3680 hoc
3311 3631 3599 3700 eveniret;

2003 3702 2148 3745 nunc
2207 3692 2356 3749 enim
2405 3708 2654 3768 constat,
2708 3707 2969 3774 quoniam
3020 3718 3360 3774 resurrectio
3417 3720 3600 3781 futura

2002 3781 2267 3840 creditur.
2296 3784 2450 3845 Tunc
2477 3805 2608 3848 vero
2636 3797 2783 3865 quod
2817 3810 2940 3856 erat
2960 3805 3239 3874 solatium,
3273 3824 3396 3865 cum
3424 3816 3606 3871 scele-

2001 3873 2135 3928 ratis
2170 3874 2481 3939 bominibus
2517 3886 2656 3944 bene
2680 3899 2848 3947 esset.
2877 3892 2947 3950 Et
2978 3912 3171 3956 omnes
3212 3873 3355 3959 idem
3385 3906 3599 3969 dicunt.

1999 3964 2182 4033 Quare
2203 3969 2293 4026 hic
2320 3973 2397 4029 ait
2426 3989 2442 4030 :
2480 3975 2605 4033 Vidi
2638 3981 2863 4053 impium
2888 3990 3210 4062 exaltatum,
3235 4006 3287 4051 et
3316 3964 3603 4074 assurge»;

1998 4068 2101 4114 tem
2150 4061 2311 4119 veluti
2347 4069 2531 4127 cedro:
2582 4072 2775 4133 Libani
2806 4095 2826 4134 :
2853 4090 2904 4136 et
2934 4061 3202 4155 praeterii,
3245 4100 3296 4145 et
3327 4108 3446 4149 ecce
3476 4061 3601 4154 "non

1997 4163 2111 4246 erat
2133 4156 2254 4212 ⁷⁸⁵⁸.
2286 4158 2420 4216 Cum
2460 4172 2641 4222 tamen
2678 4169 2769 4227 hic
2802 4178 3113 4246 oppositum
3144 4182 3292 4239 dicat
3324 4202 3340 4241 :
3370 4185 3603 4245 Planta-

1998 4245 2064 4299 uit
2093 4262 2201 4314 eos,
2228 4258 2279 4303 et
2312 4253 2519 4311 radices
2549 4259 2834 4320 miserunt.
2865 4245 2932 4320 Et
2950 4267 3054 4325 Job
3089 4289 3102 4325 :
3135 4271 3243 4328 Bos
3276 4293 3462 4333 eorum
3495 4299 3602 4335 non

1998 4336 2249 4397 abortivit
2275 4341 2342 4403 ⁸⁸.
2373 4342 2660 4411 Quomodo
2694 4356 3020 4425 transivisti,
3052 4370 3107 4416 et
3129 4377 3261 4420 ecce
3288 4382 3395 4423 non
3441 4372 3603 4425 erat?

1997 4628 2103 4668 non
2161 4618 2457 4687 paulatim,
2507 4630 2971 4695 quemadmodum
3015 4645 3071 4692 et
3097 4638 3407 4712 Assyrium.
3462 4618 3599 4703 Tum

1995 4706 2104 4762 cito
2133 4723 2391 4767 reversus
2426 4730 2570 4783 sum,
2604 4729 2659 4773 et
2696 4735 2818 4777 eum
2863 4740 2968 4781 non
2994 4728 3199 4787 inveni.

2068 4895 2234 4952 Vens.
2269 4900 2323 4955 5.
2363 4899 2431 4955 Et
2470 4912 2549 4971 tu,
2583 4905 2832 4979 Domine,
2883 4921 3160 4988 cognoscis
3200 4940 3302 4992 me,
3344 4928 3595 4997 probasti

1992 5004 2084 5044 COl"
2104 5008 2275 5049 meum
2298 5012 2482 5053 coram
2518 5011 2587 5059 te.

2059 5081 2196 5140 Cum
2278 5088 2487 5157 profert
2540 5094 2709 5153 Deum
2770 5102 3041 5175 quispiam
3092 5109 3316 5168 virtutis
3359 5122 3597 5189 propriae

1994 5182 2210 5281 testem,
2239 5182 2371 5281 quid
2396 5188 2687 5258 recogitari
2722 5205 2904 5262 potest
2942 5200 3235 5261 fidentius?
3274 5182 3597 5281 Itaque'du-

1989 5266 2139 5323 bium
2190 5271 2501 5361 duplex,_et
2546 5289 2785 5355 utraque
2853 5304 2922 5345 ex
2973 5304 3153 5361 parte,
3182 5314 3283 5354 cur
3317 5266 3391 5357 illi
3454 5306 3595 5361 bene

1983 5368 2169 5428 agant,
2227 5372 2284 5419 et
2332 5367 2387 5421 lii
2430 5357 2701 5431 Eerumnis
2753 5357 3155 5453 colluctentur,
3190 5406 3507 5465 quanquam
3546 5402 3594 5456 si

1984 5462 2088 5503 una
2120 5458 2299 5508 tamen
2328 5467 2485 5526 parte
2520 5464 2724 5532 probus
2752 5470 3099 5532 calamitates
3140 5458 3380 5551 tulisset,
3424 5489 3591 5545 dubi-

1984 5545 2211 5599 tandum
2257 5551 2437 5607 adhuc
2487 5567 2637 5612 esset
2669 5574 2685 5613 :
2719 5575 2865 5619 nunc
2892 5581 3028 5623 vero
3058 5582 3089 5624 e
3123 5545 3407 5632 contrario
3456 5580 3591 5650 quid

1982 5634 2268 5695 dicemus?
2296 5639 2411 5699 lino
2447 5660 2577 5705 vero
2603 5651 2964 5714 dubitandum
2993 5678 3101 5719 non
3142 5677 3247 5725 est.
3283 5668 3400 5726 Non
3438 5634 3589 5730 enim

2603 5832 2650 5863 ⁷³
2683 5832 2826 5890 l’sal.
2868 5855 3079 5906 un",
3116 5845 3169 5901 5.
3238 5848 3309 5882 ’θ’
3335 5848 3439 5905 Job
3472 5866 3586 5921 xxi,
