4228 6466
690 434 695 439 ·
734 410 838 466 873
1492 404 2057 463 SUPPLEMENTUM
2097 407 2188 461 AD
2223 406 2281 462 S.
2320 407 2369 463 J.
2413 407 2899 465 CllllYSOSTOlil
2941 408 3191 462 Ol‘ERA.
3892 414 3994 467 δτι

733 543 863 583 casu
920 524 1147 579 fortuito
1201 524 1304 579 hoc
1357 524 1573 586 evenit,
1633 524 1871 593 alioquin
1921 540 2028 578 non
2086 525 2157 578 ita
2210 525 2378 587 (ιο-Α

2333 525 2507 587 Αούκ
2540 528 2768 595 ἀπορεῖν
2811 526 2940 595 χρή.
2996 524 3073 576 Οὐ
3125 525 3234 593 γὰρ
3289 521 3497 586 ἁπλῶς,
3556 522 3675 576 οὐδὲ
3729 526 3991 597 συντυχίᾳ

735 628 838 672 ret.
872 616 978 673 Sed
1033 616 1325 669 aﬂ'eramus
1369 626 1613 677 causam,
1640 629 1742 668 cur
1794 615 1919 667 oliui
1960 615 2140 682 impiis
2172 615 2309 669 bene

2410 616 2515 669 τινὶ
2543 616 2756 683 γίνεται
2783 632 2797 645 ο
2831 616 2891 669 ού
2936 615 3046 684 γὰρ
3074 613 3141 667 ἂν
3177 612 3352 677 οὕτως
3391 608 3480 681 ἦν.
3538 614 3680 666 Ἀλλ’
3740 614 3990 687 εἴπωμεν

731 717 849 761 erat
888 720 905 759 :
938 721 1053 759 ruea
1096 703 1384 767 sententia,
1420 716 1488 756 ne
1536 704 1661 772 quis
1704 703 1909 756 diceret
1958 703 2303 758 necessitatis

730 814 851 853 esse
875 798 1039 852 vires.
1070 796 1165 851 Vel
1200 798 1366 850 etiam
1407 808 1463 849 ut
1523 804 1808 863 peccantes
1870 794 1959 848 Dei
2010 796 2305 864 potentiam

614 904 619 909 '
728 896 1109 957 agnoscerent,
1157 886 1300 955 quod
1349 886 1479 939 oriri
1537 884 1700 952 faciat
1743 883 1909 936 solent
1957 899 2109 936 suum
2151 899 2308 951 super

726 981 897 1032 mulos
927 990 974 1033 et
1000 980 1180 1041 bonos,
1204 988 1251 1031 et
1288 976 1465 1044 pluere
1487 974 1647 1042 faciat
1679 990 1837 1043 super
1854 974 2033 1044 justas
2062 985 2109 1028 et
2133 973 2303 1044 injus-

726 1082 806 1126 tas
844 1072 913 1104 "'

800 1258 1032 1324 Puri/ica
1068 1273 1153 1312 eos
1177 1256 1231 1310 in
1256 1256 1341 1310 die
1372 1255 1686 1309 occisionis.

798 1349 964 1404 Vides
1019 1350 1161 1419 quod
1219 1349 1444 1417 optabat
1500 1345 1927 1403 internecionem
1997 1342 2235 1395 omnium
2280 1341 2304 1393 Υ

725 1442 961 1497 Cruenta
1016 1440 1189 1510 inquit
1249 1438 1522 1501 voluntas,
1558 1438 1720 1491 absit.
1761 1436 1895 1489 Cum
1939 1434 2082 1488 enim
2134 1432 2299 1487 Deum

730 1534 931 1598 audiit;
955 1547 1076 1586 cum
1109 1545 1206 1599 pro
1233 1530 1314 1583 eis
1346 1528 1420 1581 illi
1443 1538 1632 1596 preces
1663 1527 1983 1588 interdictae,
2018 1533 2166 1587 tunc,
2202 1524 2298 1587 ait,

725 1626 873 1680 videt
906 1624 1041 1688 hinc,
1082 1632 1294 1691 tempus
1327 1626 1632 1688 exspectat.

800 1806 963 1861 Vsus.
1000 1805 1055 1859 4.
1096 1801 1375 1873 Usqueun
1405 1800 1602 1871 lugebit
1635 1809 1799 1863 terra,
1832 1808 1882 1852 et
1922 1797 2091 1859 omnis
2141 1795 2300 1851 herba

723 1897 837 1965 agri
867 1894 1168 1948 siccabitur.
1196 1893 1203 1900 ’

794 1985 953 2040 Multa
986 1985 1203 2055 quidem
1240 1983 1521 2052 iniquitas,
1553 1991 1610 2036 et
1642 1982 1814 2050 ipsum
1839 1978 2026 2033 infecit
2059 1990 2282 2043 terram,

724 2077 886 2132 Vides
902 2078 1044 2130 unde
1074 2074 1283 2129 oriatur
1305 2072 1503 2127 fames.

795 2168 836 2217 Α
874 2164 1078 2218 malitia
1110 2161 1544 2216 inhabitantium.

786 2258 969 2324 Quare
996 2269 1214 2323 semper
1258 2254 1345 2308 illa
1374 2252 1738 2308 exsecratur?
1766 2261 1982 2322 propter
2020 2252 2119 2307 bos
2150 2251 2287 2306 facta

720 2356 867 2410 sunt,
896 2356 1115 2416 propter
1138 2347 1237 2401 hos
1271 2345 1434 2399 etiam
1465 2343 1833 2397 destruentur.

801 2458 971 2515 Vens.
995 2458 1049 2513 5.
1086 2456 1184 2511 Tui
1212 2458 1364 2527 pedes
1388 2466 1629 2521 currunt,
1660 2466 1706 2510 et
1737 2455 2093 2512 dissolvuntte
2111 2457 2289 2528 aliqua

719 2552 893 2606 modo.

789 2643 957 2699 Valde
1007 2642 1275 2698 obscurus
1322 2639 1492 2696 locus.
1525 2640 1744 2711 Aquila,
1775 2641 1915 2699 alius
1958 2642 2180 2712 quidam
2208 2642 2290 2696 in-

722 2742 930 2803 terpres
983 2732 1097 2787 ait:
1152 2730 1465 2797 Concurret,
1505 2732 1785 2785 accurristi
1836 2744 1883 2787 et
1948 2733 2126 2787 labore
2164 2748 2289 2787 con—

719 2826 841 2893 fecit
872 2833 939 2879 te.
962 2823 1113 2892 Quod
1146 2823 1302 2878 nohis
1336 2822 1581 2877 insinuat
1609 2820 1741 2877 illud
1768 2831 1872 2878 est.
1918 2823 2067 2879 Vidit
2113 2824 2288 2894 ipsum

717 2913 1096 2967 sollicitantem
1138 2911 1616 2981 sollicitatumque,
1653 2920 1709 2967 et
1752 2927 1853 2967 nec
1889 2923 2102 2983 tempus
2153 2929 2291 2984 prie-

717 3003 883 3055 ilxuut
910 3009 1339 3068 exspectantem.
1373 2996 1508 3054 Vide
1540 3000 1725 3069 igitur,
1762 3010 1821 3055 ut
1849 3001 1998 3056 illum
2026 3002 2284 3072 increpet.

715 3090 860 3146 Nihil
880 3091 1054 3145 adhuc
1076 3104 1265 3159 passus
1279 3103 1364 3154 es,
1398 3097 1454 3143 et
1484 3088 1609 3143 talia
1639 3088 1917 3159 loqueris?
1937 3090 2145 3147 adeOue
2176 3102 2286 3146 tur-

2406 707 2553 771 τίνος
2576 707 2763 760 ἓνεκεν
2815 706 2877 758 τὸ
2924 704 3155 757 παλαιὸν
3195 706 3243 756 οἱ
3278 704 3495 767 ἀσεϐεῖς
3524 705 3787 775 εύθήνουν
3815 724 3829 736 ο
3868 709 3990 778 ἐμοὶ

2406 794 2573 862 δοκεῖ,
2610 798 2698 852 ἵνα
2728 796 2805 867 μή
2837 796 3086 865 ἀνάγκης
3114 792 3227 866 [ῖσ.
3277 795 3367 848 ἵνα
3412 796 3487 867 μή
3518 812 3601 859 τις
3630 792 3776 849 εἴποι
3819 799 3991 866 ἀνάγ-

2408 889 2535 961 κης]
2564 886 2702 944 εἶναι
2738 890 2839 959 τὴν
2892 889 3095 959 ἀρετήν
3122 903 3137 918 ·
3171 887 3205 958 ἧ
3244 886 3387 941 ὥστε
3435 890 3533 942 καὶ
3571 889 3699 952 τοὺς
3734 891 3987 961 ἁμαρτά-

2407 998 2596 1046 νοντας
2619 982 2921 1051 ἐπιγνῶναι
2949 980 3046 1033 τοῦ
3074 978 3211 1033 Θεοῦ
3242 979 3341 1050 τὴν
3388 979 3643 1051 δύναμιν,
3672 982 3756 1035 ὅτι
3822 982 3985 1037 ‘Ara-

2404 1070 2608 1126 τέλλει
2625 1073 2733 1126 τὸν
2745 1071 2926 1139 ἥλιον
2941 1070 3130 1124 αὑτοῦ
3146 1070 3245 1125 ἐπὶ
3268 1070 3573 1139 πονηροὺς
3584 1072 3685 1126 καί
3699 1072 3983 1143 ἀγαθοὺς,

2406 1164 2506 1220 καὶ
2528 1165 2737 1233 βρέχει
2775 1164 2875 1218 ἐπὶ
2906 1162 3181 1227 δικαίους
3218 1162 3322 1214 καί
3352 1160 3627 1229 ἀδίκους.

2476 1257 2767 1327 Ἀγνισον
2803 1254 3027 1321 αὐτοὺς
3052 1256 3140 1319 εις
3170 1254 3405 1322 ἡμέραν
3438 1252 3702 1323 σφαγῆς.

2490 1346 2674 1417 Ὁρᾷς,
2730 1346 2813 1399 ὅτι
2861 1344 3024 1396 τοῦτο
3073 1342 3341 1414 ἐπεθύμει
3372 1343 3465 1412 ὑφ’
3516 1342 3575 1398 ἓν
3625 1344 3982 1417 ἀναιρεθῆναι

2403 1437 2687 1503 ἆπανταςς
2719 1434 2940 1505 Φονική,
2980 1435 3165 1506 φησὶν,
3191 1434 3224 1505 ή
3252 1434 3575 1506 προαίρεσις
3597 1452 3611 1466 ο
3648 1435 3725 1506 μὴ
3748 1436 3974 1503 γένοιτο.

2406 1528 2536 1579 Ὅτε
2572 1525 2690 1595 γὰρ
2737 1527 2937 1596 ήκουσε
2994 1523 3088 1577 τοῦ
3123 1523 3282 1591 Θεοῦ,
3308 1524 3397 1577 ὅτε
3446 1524 3695 1594 ἐκωλύθη
3725 1525 3978 1596 εὔχεσθαι

2403 1618 2543 1688 ὑπὲρ
2572 1616 2768 1679 αὐτῶν,
2803 1615 2924 1669 τότε
2953 1615 3114 1682 αὐτὰ,
3158 1616 3345 1685 φησιν,
3381 1616 3503 1687 ὁρᾷ,
3544 1617 3756 1671 καὶτὸν
3788 1616 3977 1687 καιρὸν

2402 1707 2682 1777 ἀναμένει.

2471 1795 2618 1861 Ἕως
2655 1796 2799 1849 πότε
2843 1792 3136 1862 πενθήσει
3170 1794 3208 1863 ἡ
3237 1792 3338 1863 τῆ,
3387 1793 3485 1849 καί
3532 1794 3652 1862 πᾶς
3680 1797 3714 1850 ό
3759 1798 3973 1865 χόρτος

2400 1886 2507 1941 τοῦ
2535 1886 2718 1956 ἀγροῦ
2741 1886 3206 1955 ξηρανθήσεται.

2472 1979 2646 2050 Πολλὴ
2674 1981 2708 2050 ή
2747 1979 2935 2045 κακία,
2966 1979 3061 2032 καὶ
3087 1978 3257 2049 αὐτῆς
3277 1977 3457 2049 ἥψατο
3484 1979 3582 2050 τῆς
3615 1977 3742 2049 γῆς·
3781 1977 3967 2050 Ὁρᾷς.

2400 2071 2565 2125 πόθεν
2596 2071 2765 2142 λιμοί.

2468 2163 2603 2219 Ἀπὸ
2634 2163 2849 2228 κακίας
2869 2161 2987 2216 τῶν
3009 2162 3473 2216 κατοικούντων.

2474 2257 2631 2321 Τίνος
2659 2257 2846 2311 ἕνεκεν
2874 2259 3060 2311 ἐκεῖνα
3092 2256 3399 2325 καταρᾶται
3447 2255 3567 2321 aet;
3619 2252 3725 2309 Διὰ
3751 2252 3971 2319 τούτους

2397 2348 2706 2416 γεγόνασιν,
2729 2345 2925 2400 οὐκοῦν
2954 2344 3042 2400 διὰ
3072 2344 3296 2407 τούτους
3332 2342 3808 2415 ἀναιρεθήσονται.

2466 2460 2588 2515 Σοῦ
2617 2462 2673 2515 οι
2698 2460 2880 2526 πόδες
2913 2459 3215 2529 τρέχουσι,
3250 2457 3350 2512 καὶ
3375 2456 3676 2512 ἐκλύουσι
3711 2469 3787 2510 σε
3811 2452 3965 2522 πῶς.

2467 2646 2643 2717 Πολλὴ
2660 2644 2917 2715 ἀσάφεια.
2936 2643 3191 2708 Ἀκύλας,
3209 2642 3397 2715 ἕτερός
3417 2658 3581 2712 φησιν
3600 2641 3965 2713 ἑρμηνευτήςο

2396 2735 2848 2807 Συνδραμεῗται,
2881 2734 3135 2803 ἔδραμες
3150 2734 3249 2787 καὶ
3268 2732 3572 2802 ἐμόχθησέ
3593 2749 3697 2787 σε.
3729 2734 3799 2787 ⁸0
3816 2731 3965 2800 λέγει

2394 2828 2633 2884 τοιοῦτον
2666 2830 2814 2881 ἐστιν
2834 2845 2847 2857 ·
2877 2822 2999 2879 Εῐδε
3026 2824 3421 2893 κατεπείγοντα
3466 2823 3631 2878 αὐτὸν
3668 2824 3765 2878 καὶ
3812 2825 3967 2877 ἐπτι-

2394 2921 2647 2990 γόμενον,
2683 2920 2780 2973 καὶ
2817 2919 2918 2971 οὐκ
2950 2916 3280 2987 ἀνεχόμενον
3303 2914 3427 2969 ούδὶ
3456 2916 3557 2985 τῆς
3600 2914 3961 2986 προθεσμίας.

2396 3011 2538 3080 Ὅρα
2568 3009 2746 3063 τοίνυν
2768 3008 2888 3071 πῶς
2913 3005 3231 3075 ἐπιπλήττει
3260 3002 3429 3072 αύτῷ.
3460 3000 3630 3058 Ούδὶν
3681 2999 3836 3055 ούπω
3869 3000 3967 3055 πι-

2394 3102 2619 3166 πονθας,
2647 3101 2745 3156 καὶ
2801 3097 3025 3152 τοιαῦτα
3055 3095 3267 3160 λαλτῐςς
3316 3092 3464 3147 οὕτω
3494 3092 3735 3165 θορυσῇς
3763 3093 3816 3147 τί
3872 3089 3966 3147 οὖν

717 3182 900 3237 barisi
928 3180 1063 3248 Quid
1085 3180 1252 3237 facies
1281 3180 1335 3234 in
1355 3179 1540 3272 arduis
1557 3180 1599 3272 ii
1622 3178 1681 3235 Si
1706 3195 1829 3237 cum
1864 3183 2041 3251 pedite
2071 3198 2289 3239 currere
2314 3210 2359 3272 ο

2314 3210 2359 3272 c
2394 3194 2642 3263 ποιήσεις
2673 3194 2731 3245 ὲν
2757 3192 2869 3252 τοῖς
2896 3185 3183 3259 μεγάλοις;
3244 3184 3296 3237 el
3351 3184 3491 3255 μετὰ
3533 3181 3703 3247 πεζοῦ
3732 3182 3962 3254 δραμεῖν

646 3344 649 3347 η
716 3288 823 3327 non
873 3272 1111 3334 valuisti.
1136 3270 1407 3341 quomodo
1456 3271 1631 3341 inquit
1663 3286 1787 3327 cum
1819 3275 2133 3342 equitibus?
2149 3274 2287 3342 Quo-

2340 3270 2351 3272 ἡ
2386 3282 2488 3335 οὐκ
2520 3280 2815 3351 ήδυνήθης,
2852 3278 2968 3341 πῶς
3024 3276 3167 3347 μετὰ
3215 3274 3451 3342 ἱππέων,
3485 3274 3651 3345 «mai;
3685 3275 3809 3339 Πῶς
3835 3274 3963 3339 τοὺς

712 3364 874 3419 modo
914 3363 1056 3417 feres
1090 3362 1453 3417 valentiores?
1478 3363 1573 3419 Vel
1608 3379 1835 3421 rursus:
1863 3365 1922 3422 Si
1958 3365 2145 3422 attines
2179 3383 2285 3421 non

712 3453 1311 3524 sustinuiti,quomodo
1364 3454 1600 3510 hostium
1653 3456 2287 3525 impcturusustinebisi

714 3546 803 3600 hic
823 3544 1143 3614 opprimeris
1176 3544 1479 3612 angustiis;
1512 3544 1639 3613 quid
1672 3559 1803 3615 ergo
1854 3560 1979 3601 cum
2043 3549 2281 3617 pessima

711 3636 949 3691 videris?
978 3634 1070 3693 Vel
1095 3636 1254 3691 aliter
1287 3650 1473 3691 rursus
1507 3652 1524 3691 :
1556 3635 1638 3690 Ad
1671 3636 1811 3691 hanc
1859 3652 2032 3692 meam
2065 3639 2282 3709 dispen-

710 3728 975 3782 sationem
1002 3726 1218 3781 laboras
1248 3724 1697 3797 vertigine‘iquid
1741 3740 1896 3797 ergo,
1940 3726 1987 3782 si
2029 3726 2281 3786 latentia-

712 3834 801 3874 res
840 3816 1163 3888 cognoveris
1189 3815 1215 3869 ’ί

783 3930 944 3986 Vsus.
978 3930 1031 3986 6.
1061 3927 1203 3983 Nam
1243 3938 1295 3983 et
1320 3928 1511 3998 fratres
1539 3931 1834 4017 “inetiam
1863 3930 1919 3985 Iri
1951 3931 2054 4001 ipsi
2076 3947 2280 4001 sps-eve.

709 4034 829 4078 runt
856 4033 927 4078 ιε.

779 4132 1061 4199 Quomodo
1092 4133 1259 4204 igitur
1293 4132 1489 4189 fratres
1523 4136 1597 4190 tui
1629 4136 2006 4192 ciantaverunt
2036 4147 2159 4208 post
2189 4140 2277 4195 te?

709 4223 786 4277 Te
834 4226 1025 4289 iusclo,
1061 4225 1156 4288 ait,
1191 4225 1476 4279 adversum
1514 4235 1567 4281 te
1598 4242 1788 4296 magna
1830 4228 2141 4285 eii‘abuntur
2174 4246 2188 4285 :
2223 4239 2278 4285 et

707 4316 849 4382 quod
877 4330 1038 4385 grave
1060 4326 1164 4376 est,
1199 4316 1266 4369 ad
1301 4325 1352 4371 te
1382 4316 1524 4371 mala
1558 4316 1869 4387 loquentur.
1900 4303 2061 4374 Vides
2091 4330 2149 4373 ut
2193 4320 2275 4375 itt-

707 4409 973 4461 forutctur
1024 4407 1312 4477 pr0pheta,
1353 4417 1413 4461 ut
1445 4407 1617 4462 discat
1664 4409 2056 4476 philosophari,
2091 4412 2274 4480 operi-

706 4502 830 4561 bus,
855 4496 1033 4551 verbis
1062 4511 1184 4550 eutu
1218 4496 1284 4549 ad
1332 4496 1704 4553 fortitudinem
1739 4499 2172 4567 impellentibus?

778 4608 1051 4673 Quomodo
1078 4609 1463 4677 pra’paraberis
1489 4609 1547 4663 in
1568 4611 1736 4680 equis,
1760 4621 1807 4665 et
1846 4612 1901 4664 in
1929 4619 2068 4665 terra
2091 4614 2277 4681 pacis?

775 4794 1000 4861 Quidum
1037 4796 1152 4849 haec
1194 4804 1251 4848 ut
1297 4796 1364 4849 ad
1399 4795 1652 4864 populum
1688 4794 1831 4849 dicta
1869 4796 2275 4866 intellexerunt,

704 4884 756 4936 id
780 4893 883 4948 est,
919 4883 963 4936 si
997 4883 1137 4938 bello
1160 4884 1503 4938 decertantes
1532 4899 1654 4939 cum
1676 4883 1887 4951 vicinis,
1922 4886 2182 4941 resistere
2212 4888 2279 4943 iis

706 4974 1073 5028 uuuvaluistis
1112 4973 1401 5043 peditibus,
1441 4976 1571 5043 quid
1622 4974 1829 5029 facietis
1874 4977 1925 5029 iu
1961 4975 2141 5047 fugam
2158 4978 2276 5033 dati

703 5063 771 5116 ab
801 5064 1114 5132 equitibus?
1144 5062 1343 5120 Verum
1373 5066 1689 5135 neutiquam
1729 5081 1925 5123 censeo
1959 5069 2103 5125 hunc
2148 5084 2270 5127 esse

705 5156 804 5209 loci
836 5156 991 5226 hujus
1020 5171 1263 5212 sensum.
1291 5155 1397 5212 Sed
1419 5158 1543 5226 quia
1566 5159 1851 5227 propheta,
1885 5161 2083 5229 agnitis
2112 5170 2254 5217 stru-

702 5247 804 5299 ctis
833 5248 1116 5302 adversum
1165 5264 1225 5303 se
1260 5250 1551 5313 machinis,
1609 5248 1895 5304 maledicta
1929 5251 1980 5305 iu
2015 5266 2112 5307 eos
2136 5266 2270 5307 con-

701 5335 842 5400 tulit,
869 5351 1056 5391 eorum
1082 5336 1333 5393 festinam
1364 5340 1699 5409 puuitionem
1721 5322 2039 5409 implorans,
2074 5342 2271 5411 inquit.

699 5427 945 5498 COguitis
975 5429 1187 5497 illorum
1241 5434 1295 5486 in
1358 5442 1409 5486 te
1441 5432 1652 5487 technis
1688 5440 1743 5484 tu
1769 5431 2032 5489 sollicitas
2082 5448 2269 5488 eorum

698 5520 921 5583 cuidem,
953 5532 1007 5595 et
1037 5523 1151 5576 haec
1211 5523 1264 5578 in
1313 5540 1466 5593 pace,
1504 5540 1603 5580 nec
1633 5534 1861 5579 vexatus
1903 5525 1970 5580 ab
2003 5526 2267 5581 hostibus.

699 5611 833 5675 Quid
864 5612 962 5680 ipsi
998 5612 1221 5678 iacient,
1276 5615 1509 5670 inimicis
1563 5615 2012 5687 irrumpentibus,
2051 5618 2269 5687 quando

765 5790 830 5818 ’θ’
850 5786 1033 5842 Matth.
1068 5806 1120 5854 ν,
1160 5790 1243 5842 45.

2388 3372 2608 3444 μείζους
2640 3372 2854 3438 οίσεις;
2909 3372 2979 3425 Ἣ
3033 3370 3238 3423 πάλινο
3285 3367 3350 3421 Ei
3399 3368 3527 3431 τοὺς
3580 3366 3817 3431 οἰκείους
3860 3368 3962 3423 οὐκ

2383 3466 2643 3537 ήντγκας,
2668 3464 2784 3527 πῶς
2807 3463 2933 3526 τοὺς
2954 3461 3253 3532 πολεμίους
3274 3460 3478 3523 οἴσειςς
3509 3458 3744 3513 ἔνταῧθα
3769 3454 3959 3534 θλίϐοι

2381 3556 2437 3609 τί
2465 3555 2559 3609 οὖν
2589 3556 2833 3625 ποιήσεις
2859 3555 2989 3607 ὅταν
3032 3552 3149 3625 ίδῃς
3177 3551 3249 3605 τὰ
3299 3550 3481 3619 δεινάς
3512 3551 3601 3619 Ἦ,
3620 3550 3782 3606 πάλιν
3837 3552 3959 3605 δτι-

2385 3661 2493 3716 ρως
2525 3657 2539 3673 ⁸
2576 3645 2721 3713 Πρὸς
2745 3644 2953 3712 ταύτην
2981 3660 3084 3713 μου
3110 3642 3209 3713 τὴν
3237 3640 3557 3712 οἰκονομίαν
3612 3641 3883 3715 mutae;
3908 3641 3960 3697 τί

2381 3734 2448 3789 ἂν
2472 3735 2572 3799 τὰς
2601 3735 3052 3808 ἀπορῤητοτίρας
3084 3734 3283 3807 μάθῃς.

2450 3935 2580 3989 "Ott
2626 3937 2723 3990 xui
2770 3940 2823 3990 ot
2873 3933 3127 4003 ἀδελφοί
3172 3950 3360 3991 σου...
3410 3935 3521 3991 Καὶ
3548 3932 3715 3994 οὗτοι
3746 3936 3955 4007 ἠθέτη-

2378 4027 2499 4081 σάν
2528 4043 2622 4081 σε.
3677 4040 3680 4044 ‘

2449 4141 2575 4207 Πῶς
2604 4137 2696 4197 οὖν
2728 4144 2778 4196 οἱ
2812 4141 3031 4212 ἀδελφοί
3063 4159 3156 4196 σου
3192 4143 3425 4215 ἐϐόησαν
3458 4144 3635 4198 ὀπίσω
3667 4161 3760 4198 σου
3787 4162 3804 4211 ;
3839 4146 3953 4199 υύκ

2374 4235 2577 4298 είδότος
2604 4251 2718 4299 σου,
2747 4236 2900 4305 φησὶ,
2931 4234 3140 4305 μεγάλα
3169 4234 3312 4288 κατὰ
3346 4234 3441 4288 σού
3467 4234 3791 4305 φθέγξονται
3809 4237 3953 4289 ’καὶ

2372 4328 2434 4379 τὸ
2462 4326 2635 4379 δεινὸν
2664 4325 2955 4396 λαλήσουσι
2989 4326 3125 4397 πρὸς
3174 4328 3233 4379 σὲ
3267 4326 3433 4379 κακά.
3490 4326 3654 4398 Ὁρᾷς
3688 4326 3805 4392 πῶς
3854 4330 3953 4397 ῥυ-

2375 4419 2630 4489 θμίζεται
2660 4420 2688 4471 ὁ
2719 4419 3025 4489 προφήτης,
3058 4418 3176 4481 πῶς
3206 4419 3470 4490 μανθάνει
3503 4420 3847 4490 φιλοσοφίαν,
3880 4421 3951 4475 δι’

2309 4551 2352 4606 D
2379 4510 2579 4581 ἔργων,
2613 4509 2701 4564 διὰ
2722 4509 2897 4578 λόγων
2922 4511 3002 4573 είς
3018 4509 3237 4581 ἀνδρίαν
3266 4510 3629 4582 ἑναγόμενοςς

2442 4621 2576 4687 Πῶς
2613 4621 3050 4691 παρασκευάσῃ
3099 4620 3195 4693 ἐφ’
3240 4624 3449 4689 ἵπποις
3492 4622 3591 4677 καὶ
3644 4621 3717 4677 ἐν
3744 4621 3823 4693 γῆ
3865 4625 3946 4678 elo

2364 4713 2560 4782 ρήνης
2576 4728 2597 4777 .'

2446 4804 2603 4867 Τινὲς
2633 4804 2709 4867 ὡς
2742 4803 2879 4875 πρὸς
2899 4804 2989 4858 τδν
3022 4804 3153 4858 λαὸν
3177 4805 3442 4876 εἰρημένα
3466 4805 3641 4860 ταῦτα
3670 4803 3943 4872 ἐξέλαϐον,

2371 4896 2672 4949 τουτέστινο
2709 4898 2760 4949 ei
2808 4894 2944 4965 πρὸς
2990 4895 3116 4959 τοὺς
3154 4896 3467 4968 περιοίκους
3512 4896 3846 4967 μαχόμενοι,
3884 4898 3946 4951 οὐ

2376 4987 2452 5057 μὴ
2482 4986 2774 5059 ἐδυνήθητε
2818 4986 3003 5052 πεζοῖς
3040 4985 3192 5042 οὖσιν
3219 4988 3574 5059 ἀντιστῆναι,
3601 4991 3653 5045 τί
3691 4992 3947 5062 ποιήσετε

2372 5077 2690 5148 διωκόμενοι
2738 5078 2842 5131 ὑπὸ
2894 5079 3144 5145 ίππέων;
3200 5081 3275 5133 Οὐ
3320 5080 3527 5152 ταύτην
3577 5080 3635 5134 δὲ
3674 5081 3948 5147 σώζεσθαι

2373 5168 2472 5239 τὴν
2518 5170 2759 5223 διάνοιαν
2797 5168 3024 5239 νομίζω.
3074 5170 3214 5223 Ἀλλ’
3254 5172 3442 5244 δπειδὴ
3490 5171 3591 5244 τὴν
3624 5173 3746 5227 κατ’
3782 5173 3944 5227 αὑτοῦ

2374 5261 2570 5314 κακίαν
2624 5260 2883 5328 ἐγνωκὼς
2943 5262 2972 5313 ὁ
3007 5264 3297 5333 προφήτης
3348 5264 3669 5335 ἐπηράσατο
3724 5264 3941 5327 αὐτοῖς,

2369 5351 2714 5405 ἐπισπεύδων
2739 5350 2837 5419 τήν
2868 5354 2989 5404 κατ’
3028 5352 3208 5405 αὐτῶν
3239 5354 3536 5423 τιμωρίαν,
3571 5355 3729 5422 φησι,
3777 5353 3941 5406 σπεύο

2367 5440 2475 5494 δων
2506 5442 2705 5505 αὐτοὺς
2731 5441 3107 5514 ἀναιρεθῆναι.
3137 5443 3306 5507 Γνοὺς
3362 5444 3462 5515 τήν
3499 5447 3619 5498 κατ’
3657 5443 3822 5499 αὑτοῦ
3850 5461 3943 5497 συ-

2369 5532 2592 5599 σκευὴν,
2628 5531 2720 5584 καὶ
2749 5530 2922 5584 ταῦτα
2968 5533 3026 5585 ὲν
3056 5533 3246 5604 εἰρήνῃ
3278 5531 3381 5595 ὢν,
3401 5534 3498 5603 οὐχ
3531 5532 3638 5587 ὑπὸ
3671 5529 3943 5602 πολεμίων

2368 5618 2752 5692 ἐλαυνόμενος.
2798 5618 2865 5673 Τί
2911 5622 3233 5692 ποιήσουσιν
3298 5615 3445 5677 οὗτοι
3504 5622 3614 5675 τῶν
3668 5620 3942 5693 πολεμίων
