4228 6468
693 482 800 541 8⁸19

691 681 961 741 eitiarum.

770 774 930 832 Vna.
972 778 1028 833 9.
1062 767 1252 834 Nonne
1283 779 1533 848 spelunca
1574 776 1774 853 hymno:
1832 779 2113 835 humilitas
2161 794 2275 833 mea

689 866 817 920 mihi
834 868 860 921 ἲ

758 957 994 1024 Quidam
1029 961 1110 1015 sic
1135 970 1529 1030 exposuerunt.
1577 959 1737 1026 Cum,
1769 961 2042 1031 inquiunt,
2079 962 2270 1032 hyaena

687 1050 758 1103 sit
779 1051 983 1105 animal
1008 1051 1300 1121 impurum,
1338 1052 1444 1107 tale
1463 1052 1593 1122 quid
1613 1053 1796 1108 dicere
1815 1053 1985 1108 voluit
2008 1070 2021 1105 :
2043 1052 2271 1122 lmpuri-

687 1151 797 1193 tale
829 1142 1048 1194 domum
1080 1129 1257 1196 meam
1289 1141 1635 1212 implevistis.
1672 1142 1933 1198 Hobmus
1960 1144 2046 1197 sic
2080 1141 2265 1197 habet.

686 1229 960 1301 Tanquam
992 1233 1105 1287 aris
1144 1233 1295 1287 varia
1322 1235 1508 1303 pennis
1549 1234 1698 1304 facta
1730 1245 1806 1289 est
1836 1235 2119 1289 hearetlitas
2154 1249 2265 1286 mea

684 1318 835 1373 milii.
874 1317 933 1371 Id
962 1330 1069 1387 est,
1121 1320 1252 1376 Adit
1294 1321 1583 1390 templum,
1639 1320 1993 1392 multiplicem
2025 1321 2263 1375 variam-

678 1424 785 1479 que
815 1411 1084 1468 exhibens
1122 1412 1477 1482 impietatem.

750 1595 1127 1663 lmpnritatem
1174 1595 1272 1660 ait,
1317 1595 1594 1652 feritatem
1639 1604 1697 1651 et
1753 1596 1807 1651 in
1848 1608 1935 1650 me
1966 1594 2254 1649 haeredem.

678 1685 806 1740 Esto
834 1685 886 1739 in
914 1685 1183 1751 homines,
1209 1700 1307 1741 cur
1339 1694 1393 1742 et
1440 1685 1495 1740 iu
1535 1687 1665 1742 me?
1710 1684 1852 1741 Num
1885 1685 2013 1755 quis
2065 1685 2255 1738 harum

678 1792 861 1831 rerum
891 1778 1067 1833 haeres
1092 1777 1361 1833 elicitur?
1397 1786 1451 1833 et
1478 1778 1748 1834 exteriora
1782 1777 1921 1831 mala
1962 1776 2253 1847 percurrit,

1458 480 2023 541 SUPPLEMENTUM
2062 481 2152 533 AD
2196 480 2253 536 S.
2294 479 2345 534 J.
2388 477 2878 535 CHRYSOSTOIII
2917 476 3169 533 OPERA.

764 594 928 652 Vides
958 610 1020 651 ex
1047 595 1205 654 nobis
1240 609 1361 653 esse
1389 599 1689 668 primordia
1733 598 1952 653 malitia:
1993 606 2049 652 et
2079 596 2262 651 iuimi-
2294 601 2340 657 ,ι

2448 594 2612 665 Ὁρᾷς
2642 592 2774 665 παρ’
2805 592 2965 663 ἡμῶν
2998 592 3099 655 τὰς
3131 589 3309 660 ἀρχὰς
3359 589 3458 659 τῆς
3509 587 3706 651 κακίας
3740 588 3837 641 καὶ
3866 587 3961 659 τῆς

2379 683 2680 754 ἀπεχθείας
2697 701 2713 750 ;

2446 776 2545 845 Μὴ
2594 777 2667 830 οὐ
2709 772 3020 843 σπήλαιον
3057 776 3279 843 ὑαίνης
3322 772 3361 840 ἡ
3408 771 3780 840 κληρονομία
3839 786 3959 838 μου

2374 868 2508 938 ἐμοί
2518 883 2538 932 ;

2442 958 2601 1023 Τινὲς
2633 959 2732 1031 μὲν
2770 957 2945 1022 οὕτως
2987 958 3361 1029 ήρμήνευσαν.
3414 953 3663 1025 Ἐπειδὴ,
3698 952 3867 1022 φασὶ,
3899 951 3958 1005 τὸ

2371 1050 2469 1121 τῆς
2497 1049 2687 1120 ὑαίνης
2711 1046 2852 1113 ζῶον
2886 1048 3223 1119 ἀκάθαρτον,
3253 1044 3419 1099 τοῦτο
3447 1046 3625 1098 εἰπεῖν
3652 1038 3950 1113 ἠϐουλήθη,

2370 1140 2451 1195 ὅτι
2506 1140 2874 1213 ’Δκαθαρσίας
2894 1139 2988 1195 τὸν
3010 1134 3162 1193 οἷκον
3212 1155 3316 1209 μου
3352 1135 3730 1205 ἐπληρώσατε.
3790 1135 3850 1188 '0
3897 1134 3953 1188 δὲ

2381 1232 2630 1304 Ἐϐραῖος
2662 1232 2837 1296 οὕτως
2888 1231 3037 1303 ἔχει’
3100 1230 3199 1297 Ὠς
3248 1229 3463 1298 ὄρνεον
3494 1226 3779 1280 ποικίλον
3829 1224 3953 1292 τοῖς

2365 1321 2604 1391 πτεροῖς
2631 1322 2871 1392 ἐγένετο
2896 1321 2935 1388 ἡ
2964 1320 3337 1388 κληρονομία
3359 1333 3478 1386 μου
3506 1313 3656 1384 ἐμοὶ,
3686 1312 3950 1373 τουτέστι,

2292 1432 2309 1441 ‘
2366 1414 2625 1485 Ποικίλην
2667 1413 2767 1484 τὴν
2812 1411 3072 1466 ἀσέϐειαν
3102 1408 3492 1479 ἑπιδειξαμένη
3536 1407 3846 1477 εἰσέρχεται
3871 1405 3949 1468 είς

2361 1508 2451 1559 τὸν
2481 1506 2628 1560 ναόν.

2431 1598 2543 1668 Τὴν
2586 1596 2928 1668 ἀκαθαρσίαν
2963 1595 3111 1664 λέγει
3157 1596 3218 1647 τὸ
3257 1589 3525 1662 θηριῶδες
3548 1630 3563 1653 ,
3590 1590 3684 1642 καὶ
3712 1590 3837 1658 ἐμοὶ
3872 1589 3947 1656 τῷ

2357 1688 2805 1759 κληρονομοῦντι.
2840 1687 3021 1741 Ἔστω
3045 1682 3375 1755 ἀνθρώποις,
3405 1679 3525 1743 πῶς
3543 1680 3637 1734 καὶ
3661 1679 3813 1749 spei;
3854 1677 3944 1746 Μὴ

2356 1779 2581 1834 τοιαῦτά
2616 1796 2702 1842 τις
2728 1777 3089 1849 κληρονομεῖ,
3120 1772 3217 1827 καὶ
3250 1772 3320 1825 τὰ
3355 1769 3556 1836 ἔξωθεν
3588 1769 3740 1837 λέγει
3766 1767 3940 1830 κακὰ,

678 1870 821 1935 quod
879 1868 930 1922 in
968 1868 1199 1923 circuitu
1244 1868 1448 1924 multas
1503 1868 1768 1923 haberent
1819 1868 2095 1935 latebras,
2156 1878 2256 1921 nec
2292 1933 2323 1941 Α
2355 1872 2439 1926 ὅτι
2468 1870 2652 1941 κύκλῳ
2701 1868 3027 1930 καταδύσεις
3053 1862 3169 1936 εῐχο

2320 1940 2323 1941 ν
2355 1872 2439 1926 ὅτι
2468 1870 2652 1941 κύκλῳ
2701 1868 3027 1930 καταδύσεις
3053 1862 3199 1936 εἶχον
3222 1863 3427 1927 πολλὰς
3448 1902 3464 1926 ,
3490 1862 3614 1916 οὑδὲ
3639 1858 3827 1921 ἁπλῶς
3850 1857 3943 1910 ἀν-

676 1933 824 2011 eerte
844 1956 1121 2010 hominum
1141 1957 1475 2027 speluncam,
1505 1958 1603 2014 sed
1634 1957 1873 2013 ferarum
1893 1933 2252 2028 impurarum,
2288 1933 2330 1989 Β
2359 1961 2592 2033 θρὼπων
2621 1933 2909 2030 σπήλαιον,
2938 1957 3077 2012 ἀλλά
3107 1933 3169 2011 -θτ

2320 1940 2330 1986 ί
2359 1961 2592 2033 θρὼπων
2621 1933 2909 2030 σπήλαιον,
2938 1957 3077 2012 ἀλλά
3107 1933 3321 2027 ’θηρίων
3349 1953 3702 2023 ἀκαθάρτων,
3731 1950 3827 2004 καὶ
3850 1966 3942 2019 χα-

675 2057 733 2097 et
766 2042 1004 2099 ferarum
1051 2039 1224 2115 magis
1259 2046 1569 2114 noxiarum,
1610 2048 1664 2102 in
1693 2047 1935 2102 tenebris
1975 2046 2257 2101 ambulan-

678 2134 833 2188 tiutn.

744 2222 977 2292 Pergite,
1010 2235 1058 2278 et
1094 2234 1409 2295 congregato
1434 2241 1613 2280 omnes
1648 2225 1860 2280 bestias.

744 2311 925 2378 Quare
964 2314 1078 2381 ipse
1108 2330 1213 2369 non
1262 2314 1555 2384 disperdis,
1614 2315 1709 2371 sed
1759 2315 1885 2371 aliis
1916 2313 2256 2370 committis?

675 2402 728 2457 id
760 2412 845 2457 est
879 2404 1083 2459 belluas
1112 2406 1380 2461 advocas?
1414 2416 1472 2461 ut
1501 2406 1793 2478 intelligas,
1827 2406 1973 2476 quod
2011 2414 2067 2461 et
2118 2405 2254 2460 alias

672 2504 885 2561 gentes,
914 2509 1037 2549 cum
1063 2495 1137 2550 illi
1166 2496 1483 2553 collubituru
1512 2507 1630 2563 est,
1655 2506 1812 2553 vocat
1844 2515 1858 2552 :
1886 2497 2089 2552 Omnes
2106 2495 2251 2550 enim

670 2588 774 2640 sub
802 2585 947 2640 illius
972 2596 1239 2655 potestate
1267 2596 1417 2642 sunt.
1450 2586 1631 2656 thue
1657 2602 1834 2658 preme
1866 2588 2055 2643 tierent
2084 2589 2252 2643 vehe-

673 2676 991 2742 mentiores,
1044 2677 1419 2747 miraculaque
1474 2680 1648 2733 multa
1699 2680 2016 2745 ederentur,
2066 2678 2253 2747 illique

676 2777 843 2824 testes
874 2767 1052 2824 ferent
1079 2782 1269 2825 eorum
1312 2784 1433 2839 quae
1464 2770 1571 2827 illis
1598 2770 1930 2826 evenissent.

744 2950 913 3004 Vens.
968 2950 1054 3004 l0.
1127 2947 1379 3005 Pastores
1436 2950 1587 3004 multi
1640 2950 1979 3019 disruperunt
2050 2951 2252 3004 vineam

673 3057 861 3096 meam.

744 3133 881 3205 Vide
912 3143 969 3186 ut
1013 3133 1255 3187 imitetur
1290 3132 1587 3197 hominem,
1621 3140 1676 3185 et
1706 3131 1897 3201 punire
1953 3132 2246 3198 volentem,

677 3231 735 3276 ct
761 3222 806 3276 si
839 3221 1028 3291 puniat
1054 3221 1350 3286 dolentem,
1378 3230 1434 3276 et
1469 3231 1800 3289 quaerentem
1849 3221 2097 3276 alicunde
2147 3238 2247 3291 pn-

674 3315 888 3369 niendis
908 3312 994 3369 vel
1028 3312 1303 3367 modicum
1340 3311 1672 3368 defensionis
1709 3322 2057 3383 praetextum.
2108 3311 2247 3367 Pas-

674 3416 811 3460 tores
856 3404 1029 3457 multi.
1082 3402 1265 3470 Quare
1292 3417 1422 3457 cum
1451 3411 1507 3457 tu
1540 3402 1655 3457 hzec
1683 3403 1967 3472 priescires
1994 3416 2091 3457 eos
2139 3417 2247 3458 non

675 3495 994 3565 perdidisti?
1040 3508 1211 3565 quare
1277 3494 1413 3549 tales
1460 3493 1755 3564 praelecisti
1804 3495 2086 3564 pastores?
2139 3492 2249 3550 Sed

675 3587 942 3653 dixeram,
976 3586 1078 3656 legi
1112 3599 1267 3650 mea),
1300 3599 1407 3639 non
1436 3584 1542 3640 illis
1572 3585 1984 3641 attendendum.
2009 3584 2090 3640 Tu
2118 3600 2249 3641 vero

671 3695 771 3733 cur
794 3678 902 3732 illis
930 3677 1220 3746 pmclaros
1251 3690 1357 3731 non
1383 3691 1760 3747 przeposueras
1798 3679 2114 3749 magistros,
2151 3692 2250 3748 per

672 3784 809 3836 quos
833 3767 975 3823 uvile
1005 3782 1112 3823 non
1157 3767 1450 3837 periisset?
1495 3767 1566 3824 Ut
1618 3768 1832 3824 discant
1860 3777 1916 3823 et
1949 3783 2074 3823 cum
2119 3768 2248 3823 mali

672 3869 930 3930 prauum,
962 3874 1067 3915 non
1091 3858 1210 3914 illos
1230 3859 1536 3914 attendere.
1571 3859 1701 3926 Quae
1723 3860 1866 3914 enim
1903 3859 2009 3915 illis
2036 3860 2249 3929 gratia?

672 3950 811 4004 Num
845 3950 929 4005 lex
961 3964 1065 4005 non
1089 3950 1248 4006 erat?
1297 3949 1437 4005 Num
1466 3952 1744 4021 propheta:
1761 3966 1869 4007 non
1889 3952 2083 4008 erant?
2110 3952 2249 4009 Num

675 4042 971 4097 destitutos
1024 4040 1257 4111 reliqui?
1310 4040 1454 4096 nolui
1496 4042 1698 4111 probos
1757 4057 1880 4099 esse
1925 4044 2249 4102 necessitate

674 4143 913 4187 coactos.
939 4130 1009 4184 Et
1037 4142 1150 4201 post
1178 4146 1384 4200 pauca:
1410 4131 1777 4189 Fmdaverunt
1804 4142 2015 4205 partem
2041 4151 2242 4192 meam.

680 4220 879 4289 Ubique
906 4229 1143 4291 pastores
1167 4233 1383 4277 accusat
1422 4233 1471 4277 et
1504 4226 1789 4293 principes,
1820 4241 1923 4280 non
1952 4235 2126 4281 tamen
2162 4242 2247 4282 re-

674 4315 843 4374 liquos
862 4311 1017 4381 culpa
1046 4312 1254 4367 liberat.
1280 4313 1391 4369 Cur
1413 4315 1601 4369 enim?
1632 4331 1760 4370 num
1789 4330 1988 4386 pecora
2018 4318 2248 4381 rationis

674 4402 920 4470 expertia
952 4404 1115 4457 sunt?
1141 4402 1280 4458 Num
1309 4419 1369 4460 se
1403 4406 1553 4473 ipsos
1581 4406 1650 4461 ad
1679 4407 1877 4462 bonam
1910 4406 2122 4479 frugem
2160 4425 2246 4465 re-

672 4495 873 4549 ducere
899 4507 1007 4549 non
1036 4493 1326 4565 putarunt?
1352 4493 1489 4550 Num
1513 4494 1775 4552 Jercmias
1798 4508 1926 4553 tunc
1957 4514 2060 4555 non
2086 4498 2245 4557 ﬂore-

674 4584 799 4639 bat?

749 4862 975 4931 PrOpter
1023 4878 1103 4915 me
1163 4860 1507 4929 dissipatione
1568 4862 1825 4930 dissipata
1874 4872 1949 4916 est
2004 4862 2250 4917 universa

675 4961 836 5007 ιειννα.

749 5043 886 5110 Quid
904 5043 1008 5099 hoc
1031 5053 1133 5109 est,
1153 5054 1365 5114 propter
1388 5045 1513 5099 me?
1534 5043 1761 5114 Propter
1784 5060 1870 5101 me
1892 5046 2209 5115 prophetam
2231 5065 2245 5100 :

2356 2052 2681 2123 λεπωτέρων
2704 2050 2937 2122 θηρίων,
2966 2050 3027 2103 ὲν
3064 2048 3250 2101 σκότει
3275 2042 3777 2117 διαπορευομένων.

2432 2232 2755 2297 Βαδίσατε,
2783 2230 3161 2301 συναγάγετε
3189 2227 3388 2283 πάντα
3416 2228 3491 2281 τὰ
3525 2225 3721 2293 θηρία.

2424 2318 2584 2381 Τίνος
2611 2316 2802 2370 ένεκεν
2832 2316 2933 2370 οὐκ
2959 2316 3124 2380 αὑτὸς
3165 2312 3387 2384 πορθεϊς
3408 2352 3425 2378 ,
3458 2310 3573 2365 αλλ’
3620 2308 3834 2380 ἑτέροις
3861 2305 3937 2359 δί-

2354 2412 2481 2475 δως,
2504 2409 2753 2463 τουτέστι
2781 2406 2853 2462 τά
2880 2407 3049 2479 θηρία
3072 2406 3290 2470 καλεϊς;
3315 2404 3405 2456 ἵνα
3433 2401 3610 2472 μάθῃς
3640 2401 3723 2454 ὅτι
3752 2399 3844 2451 καὶ
3872 2396 3938 2451 τά

2353 2502 2484 2572 ἔθνη
2518 2500 2590 2554 τὰ
2612 2499 2774 2565 ἄλλα,
2804 2500 2934 2553 ὅταν
2969 2497 3260 2569 βούληται,
3288 2492 3466 2556 καλεῖ,
3498 2492 3581 2545 ὅτι
3612 2489 3815 2549 πάντες
3846 2483 3937 2538 ὑπ’

2353 2591 2515 2645 αὑτόν
2539 2591 2647 2644 εισι
2664 2588 3011 2659 τεταγμένοι·
3041 2587 3218 2649 ἄλλως
3245 2603 3305 2639 τε
3336 2582 3450 2656 [ισ.
3484 2581 3660 2643 ἄλλως
3686 2579 3743 2631 δὲ
3771 2574 3935 2647 ὥστε]

2352 2684 2446 2737 καὶ
2482 2684 2584 2754 τὴν
2625 2680 2898 2752 τιμωρίαν
2936 2677 3192 2748 γενέσθαι
3237 2673 3645 2748 χαλεπωτέραν,
3677 2670 3771 2724 καὶ
3802 2667 3936 2722 θαύ-

2356 2792 2503 2847 ματα
2532 2772 2869 2845 ἐργάσασθαι
2900 2772 3093 2826 πολλά·
3123 2768 3413 2830 κάκείνους
3467 2764 3757 2835 μάρτυρας
3780 2757 3935 2828 γενέ-

2354 2864 2480 2917 σθαι
2505 2862 2617 2915 τῶν
2648 2860 3060 2939 συμϐαινρντων
3084 2859 3289 2920 αὐτοῖς.

2443 2953 2730 3023 Ποιμὲνες
2777 2950 2998 3007 πολλοὶ
3062 2948 3406 3019 διέφθειραν
3454 2944 3563 2999 τὸν
3609 2939 3936 3013 ἀμπελῶνα

2347 3063 2569 3205 μῗόρα
2596 3132 2715 3197 πῶς
2739 3132 2992 3203 μιμεῖται
3020 3128 3333 3200 ἄνθρωπον,
3364 3126 3459 3181 καὶ
3494 3124 3818 3197 βουλόμενον
3845 3138 3935 3174 κο-

2352 3226 2537 3283 λάσαι.
2580 3225 2674 3278 καὶ
2708 3223 2980 3291 ἀλγοῦντα
3006 3223 3100 3275 ἐπὶ
3130 3224 3199 3292 τῇ
3244 3218 3472 3274 κολάσει
3494 3259 3509 3283 ,
3542 3216 3639 3270 καὶ
3669 3213 3933 3285 ζητοῦντα

2322 3366 2325 3367 ,
2359 3317 2561 3388 μικρὰν
2590 3313 2723 3383 γοῦν
2760 3313 3061 3382 ἀπολογίαν
3093 3310 3261 3365 ποθὲν
3309 3310 3492 3381 εὑρεῖν
3533 3309 3647 3369 τοῖς
3682 3305 3933 3377 μέλλουσι

2353 3399 2737 3479 τιμωρεῖσθαί.
2758 3405 3044 3474 Ποιμένες
3072 3402 3311 3457 πολλοί.
3345 3401 3502 3463 Τίνος
3534 3398 3722 3451 ἕνεκεν
3746 3412 3932 3466 προει-

2351 3500 2456 3563 δὼς
2488 3499 2662 3554 ταῦτα
2694 3498 2798 3552 οὑκ
2828 3496 3039 3556 ἀνεῖλες
3078 3492 3313 3559 obruite;
3350 3492 3495 3554 τίνος
3524 3490 3712 3543 ἕνεκεν
3742 3485 3933 3555 ποιμέ-

2350 3610 2447 3656 νας
2468 3589 2748 3655 τοιούτους
2780 3587 3125 3660 ἐπέστησαςς
3167 3584 3307 3638 Ἀλλ’
3355 3579 3510 3637 εἷπον
3535 3580 3612 3651 μὴ
3644 3578 3933 3650 προσέχειν

2349 3684 2553 3750 αὐτοῖς,
2576 3681 2715 3736 ἀλλά
2740 3680 2819 3753 τῷ
2839 3680 2992 3751 νόμῳ
3016 3696 3145 3750 μου.
3168 3677 3328 3739 Τίνος
3354 3675 3466 3746 7&9
3495 3673 3684 3727 ἕνεκεν
3707 3670 3770 3723 οὑ
3798 3669 3931 3723 θαυ-

2354 3774 2593 3846 μαστοὺς
2635 3771 2995 3835 διδασκάλους
3051 3770 3398 3838 ὲπέστησας,
3434 3764 3533 3819 καὶ
3577 3762 3639 3816 τὸ
3682 3762 3931 3831 ποίμνιον

2348 3865 2451 3921 οὑκ
2496 3864 2749 3936 ἐφθάρη,
2780 3862 2900 3917 Ἵνα
2935 3861 3172 3932 μάθωσι,
3202 3859 3300 3913 καὶ
3335 3853 3591 3927 πονηρῶν
3630 3853 3803 3907 ὅντων
3836 3852 3932 3905 ἀν-

2351 3956 2604 4027 θρώπων,
2653 3956 2732 4027 μὴ
2762 3953 3053 4026 προσέχειν
3080 3951 3289 4015 αὑτοῖς.
3320 3948 3462 4003 Ποία
3486 3946 3599 4017 γὰρ
3623 3945 3806 4007 αὑτοῖς
3831 3941 3931 4013 χά-

2352 4055 2472 4121 ρίςς
2496 4048 2592 4119 Μὴ
2619 4047 2729 4119 γὰρ
2758 4048 2859 4101 οὑκ
2887 4040 2958 4117 ἦν
2995 4047 3199 4115 νόμος,
3232 4040 3327 4112 Μὴ
3353 4040 3463 4109 7&9
3495 4040 3598 4093 οὑκ
3626 4031 3769 4107 ἦσαν
3795 4051 3930 4105 προ-

2350 4141 2553 4212 φῆται;
2580 4141 2655 4211 μὴ
2675 4139 2784 4211 γὰρ
2802 4136 3162 4212 ἐγκατέλιπον
3184 4133 3282 4204 έρή
3292 4149 3464 4204 μουςς
3488 4130 3601 4183 Οὑκ
3625 4125 3931 4197 ἠϐουλήθην

2345 4208 2568 4306 ἀνάγκη
2584 4208 2788 4295 καλοὺς
2810 4208 2971 4284 εἶναι.
2990 4228 3099 4285 Καὶ
3114 4228 3241 4300 μετ’
3258 4226 3452 4295 ὀλίγα·
3472 4242 3492 4276 ι
3515 4221 3809 4292 Ἐμόλυναν
3831 4220 3930 4291 τὴν

2350 4322 2546 4394 μερίδα
2595 4338 2720 4393 μου.
2758 4338 2778 4372 ι
2806 4317 3091 4390 Πανταχοῦ
3128 4319 3259 4380 τοὺς
3313 4312 3579 4385 ποιμένας
3640 4309 3881 4363 αἰτιᾶται
3907 4350 3922 4372 ,

2351 4415 2445 4469 καὶ
2475 4414 2603 4478 τοὺς
2654 4413 2940 4483 ἄρχοντας,
2982 4410 3102 4480 οὐχὶ
3137 4409 3264 4473 τοὺς
3303 4407 3530 4468 λοιποὺς
3558 4401 3919 4459 ἀπαλλάττει.

2347 4505 2474 4568 Πῶς
2523 4506 2668 4575 γάρ;
2723 4504 2817 4573 Μὴ
2870 4500 2980 4575 γὰρ
3027 4503 3201 4569 ἀλογα
3256 4498 3507 4569 πρόὸατά
3534 4500 3672 4564 alet;
3706 4496 3796 4565 Μὴ
3819 4494 3929 4565 γὰρ

2282 4590 2329 4648 D
2357 4597 2457 4649 οὑκ
2489 4594 2722 4666 ἠδύνατο
2753 4593 2967 4662 ὑψῶσαι
3005 4591 3204 4655 αὐτούς
3236 4588 3346 4663 [ἵσ.
3396 4590 3473 4661 μὴ
3518 4589 3625 4659 7&9
3663 4588 3762 4640 οὐκ
3796 4585 3930 4655 ἠδύ-

2354 4701 2514 4740 ναντο
2546 4682 2832 4756 βελτιῶσαι
2872 4679 3160 4752 ἑαυτούς];
3206 4678 3298 4751 Μὴ
3337 4676 3447 4749 7&9
3486 4676 3607 4747 οὑχὶ
3658 4674 3929 4745 Ἱερεμίας

2352 4775 2476 4829 τότε
2507 4770 2575 4845 ἦν
2595 4790 2610 4839 ;

2428 4865 2508 4920 Δι’
2534 4864 2637 4934 ἐμὲ
2663 4863 2981 4934 ἀφανισμῷ
3001 4863 3308 4933 ἠφανίσθη
3341 4861 3511 4918 πᾶσα
3539 4860 3579 4927 ἡ
3613 4858 3708 4929 γῆ.

2427 5050 2490 5103 Τί
2522 5052 2661 5118 ἐστι,
2691 5048 2763 5103 δι’
2791 5046 2929 5116 ἑμέ;
2952 5049 3031 5099 Δι’
3054 5048 3154 5116 ἐμὲ
3178 5042 3268 5099 τὸν
3294 5045 3603 5117 προφήτην.
3630 5044 3696 5096 El
3716 5042 3822 5112 γὰρ
3838 5042 3926 5112 μή

680 5133 754 5187 Νι
788 5135 923 5187 enim
964 5135 1239 5200 venissem,
1270 5143 1318 5189 et
1345 5135 1551 5190 locutus
1580 5134 1687 5188 illis
1713 5134 1953 5205 fuissem,
1980 5146 2247 5204 peccatum
2356 5139 2546 5213 ἦλθον
2578 5144 2677 5197 καὶ
2714 5141 2988 5207 ἐλάλησα
3015 5140 3169 5194 αὐτοὶ

2356 5139 2546 5213 ἦλθον
2578 5144 2677 5197 καὶ
2714 5141 2988 5207 ἐλάλησα
3015 5139 3240 5205 αὐτοῖς,
3279 5138 3573 5207 ἁμαρτίαν
3596 5137 3707 5191 οὐκ
3736 5131 3923 5204 εῖχίν.
4026 5175 4031 5178 ρ

678 5240 781 5277 non
809 5225 1055 5278 haberent
1082 5224 1151 5278 ⁸⁸.

749 5315 916 5372 Vens.
951 5316 1039 5371 ιε.
1072 5316 1153 5369 Ad
1197 5333 1347 5371 omne
1390 5314 1762 5372 diverticulum
1788 5328 1905 5382 seu,
1942 5318 1997 5371 in
2046 5332 2248 5371 omnem

678 5406 978 5475 ejectionem
1012 5406 1070 5459 in
1106 5406 1330 5461 deserto.

748 5498 863 5553 lloc
898 5508 1003 5563 est,
1030 5509 1249 5567 propter
1289 5499 1618 5569 impietatem
1662 5508 1849 5554 contra
1886 5514 1990 5565 me,
2028 5482 2267 5569 quando}

679 5590 819 5645 enim
850 5578 1103 5644 audirent
1128 5590 1490 5657 calamitates,
1512 5591 1586 5646 nil
1619 5591 1776 5648 bonae
1816 5590 2089 5648 faciebant
2124 5606 2246 5645 mu-

683 5680 920 5734 talionis.

2433 5323 2559 5379 Ἐπὶ
2586 5322 2790 5378 πᾶσαν
2818 5321 3139 5389 ὄιεκὸολὴν
3168 5318 3276 5389 τῆς
3296 5320 3540 5389 ἐρήμου.

2424 5503 2716 5567 Τουτέστι,
2772 5503 2861 5556 διὰ
2922 5505 3021 5573 τὴν
3083 5504 3161 5565 είς
3210 5502 3308 5570 ἐμὲ
3373 5499 3648 5554 ἀσέϐειαν.
3684 5490 3929 5566 ,Ἱέτειδὴ

2356 5597 2646 5662 ἀκούοντες
2672 5596 2769 5661 τὰς
2795 5596 3079 5668 συμφορὰς
3107 5596 3165 5649 οὐ
3201 5594 3580 5664 μετεϐάλοντο.

757 5856 799 5885 ³³
830 5853 984 5911 Joau.
1016 5871 1102 5923 xv,
1141 5856 1231 5912 22.
