4228 6448
699 431 805 487 883
1470 425 2034 483 ευΡΡιειιεΜωι
2075 427 2168 480 AD
2206 428 2263 482 S.
2304 463 2308 479 .

2394 425 2883 484 CllllYSOSTOMI
2923 427 3172 487 OPERA.

697 551 802 618 Qui
839 550 1008 606 eratis
1030 548 1181 614 olim,
1214 545 1416 616 quique
1441 547 1628 600 nunc?
1654 545 1732 600 Ab
1763 545 2042 616 opprobrio
2069 545 2126 600 in
2149 562 2278 600 eon-

2381 544 2649 618 Τίνεςῆτέ
2674 567 2826 617 ποτε,
2855 551 2949 605 καί
2973 551 3118 616 τίνες
3141 553 3256 621 νῦν;
3293 555 3437 610 Ἀπὸ
3458 556 3831 629 ὀνειδισμοῦ,
3854 559 3965 613 ἀπὸ

697 651 873 710 specta
900 639 1134 704 Domini,
1164 639 1232 693 ab
1261 636 1722 707 exprobrantibus
1751 637 1907 691 vobis
1936 653 1950 690 :
1987 651 2094 692 non
2129 638 2273 706 quod

2378 637 2750 703 ὀνειδιζόντων
2773 642 2916 710 ὑμᾶς
2936 657 2950 671 ·
2984 641 3060 712 μὴ
3081 642 3191 696 ἀπὸ
3215 644 3310 698 τοῦ
3331 646 3640 716 ὀνειδισμοῦ
3672 647 3772 701 τοῦ
3801 648 3962 703 Θεοῦ.

3857 439 3968 498 εει

599 798 603 801 _
699 749 728 786 a
767 733 874 786 Deo
907 731 989 794 llt,
1017 724 1164 784 scire
1209 730 1354 783 enim
1397 727 1656 784 confundi
1688 729 1885 798 magna
1925 727 2174 791 curatio,
2221 737 2278 781 et

695 825 1025 878 erubescere
1054 836 1158 875 non
1191 835 1356 891 parva
1402 819 1596 876 salutis
1636 819 1874 875 occasio.
1911 817 1969 873 Si
2021 817 2273 873 ruborem

697 915 893 974 tollas.
946 928 1166 967 omnem
1210 911 1402 967 salutis
1451 927 1604 981 spem
1662 909 1951 967 sustulisti.
1999 909 2276 964 Multoties

697 1006 839 1058 lutnc
891 1011 1104 1056 tantum
1165 1002 1400 1057 valuisse
1440 1002 1602 1066 novi,
1643 1012 1906 1070 quantum
1962 1009 2017 1054 et
2059 1015 2272 1069 pinnas.

695 1094 813 1148 Non
845 1095 912 1148 ab
953 1108 1011 1147 re
1050 1092 1198 1147 illam
1239 1100 1446 1148 natura:
1480 1103 1681 1147 nostrae
1716 1092 1912 1146 indidit
1955 1090 2098 1145 Deus
2129 1109 2143 1145 :
2181 1093 2274 1146 sed

697 1197 750 1240 ιιι
789 1185 1006 1240 assidue
1035 1199 1134 1239 nos
1164 1185 1400 1250 excitet,
1433 1185 1627 1240 indidit
1659 1194 1712 1238 et
1757 1199 1864 1238 non
1911 1193 1968 1236 ut
2004 1184 2271 1248 homines,

696 1278 792 1333 sed
817 1286 871 1332 et
898 1276 1292 1331 conscientiam
1327 1277 1734 1332 erubescamus.
1763 1269 2088 1344 Saepe'nulla
2114 1287 2272 1343 poena

697 1378 923 1438 peccato
955 1367 1194 1437 objecta,
1239 1367 1560 1422 verecundia
1597 1375 1828 1430 tantum,
1866 1364 2274 1434 recognitioque

694 1463 978 1530 repressit.

769 1553 938 1608 Vens.
975 1553 1060 1607 14.
1100 1553 1238 1619 Quia
1281 1552 1392 1606 lucc
1447 1549 1575 1604 dicit
1632 1548 1888 1602 Dominus
1923 1547 1987 1601 de
2029 1545 2272 1599 omnibus

694 1645 876 1698 vicinis
911 1646 1170 1712 pessimis.

765 1737 972 1790 Arabes
1009 1736 1096 1790 ltic
1125 1735 1323 1801 innuit,
1376 1735 1520 1810 quod
1547 1748 1642 1788 eos
1675 1746 1784 1786 non
1827 1729 2040 1785 modica
2075 1730 2273 1783 docue-

696 1834 824 1878 runt
855 1825 1017 1878 mala.
1060 1825 1291 1894 Propter
1330 1840 1450 1893 quae
1494 1824 1623 1879 olim
1666 1823 1718 1876 in
1749 1821 1968 1876 deserto
2009 1835 2105 1888 per
2137 1833 2273 1888 qua-

2376 729 2630 804 Μεγίστη
2659 732 2769 803 γὰρ
2794 731 3061 802 θεραπεία
3082 734 3281 788 εἰδέναι
3309 737 3689 808 αἰσχύνεσθαι,
3717 739 3812 793 καὶ
3838 743 3964 810 ἐρυ-

2378 818 2535 892 θριᾷν
2577 823 2639 874 οὐ
2695 823 2871 893 μικρά
2919 825 3194 894 σωτηρίας
3247 827 3538 896 πρόφασις.
3588 829 3711 884 Κάν
3763 831 3964 904 ἀνέλῃς

2374 909 2476 983 τὴν
2503 913 2789 985 αἰσχύνην,
2828 915 3011 968 πᾶσαν
3037 915 3228 970 ἐλπίδα
3255 920 3533 989 σωτηρίας
3565 921 3798 985 ἀνεῖλες.
3825 917 3961 976 Οἶδα

2376 1003 2638 1070 πολλάκις
2674 1006 2890 1077 ἰσχῦσαι
2909 1007 3186 1075 τοσοῦτον,
3221 1010 3344 1064 ὅσον
3365 1010 3460 1063 οῦν
3481 1012 3667 1082 ἴσχυσε
3693 1013 3956 1082 τιμωρία.

2379 1097 2491 1166 Οὐχ
2519 1097 2706 1158 ἀπλῶς
2745 1097 3004 1169 ἐνέθηκεν
3031 1101 3165 1170 ἡμῖν
3193 1104 3260 1172 τῇ
3299 1102 3461 1171 φύσει
3493 1103 3703 1174 ταύτην
3730 1107 3758 1158 ὁ
3781 1103 3919 1168 Θεός
3943 1120 3956 1134 ·

2377 1188 2504 1241 ἀλλ’
2531 1189 2616 1242 ἶνα
2641 1190 2787 1260 ἡμᾶς
2811 1192 2897 1244 ἀεὶ
2925 1193 3192 1264 διεγείρῃ,
3229 1194 3508 1262 ἐνέθηκεν,
3536 1196 3636 1265 οὐχ
3657 1195 3800 1249 ὥστε
3833 1197 3959 1256 τοὺς

2374 1279 2698 1349 ἀνθρώπους
2731 1281 3106 1352 αἰσχύνεσθαι,
3132 1282 3269 1337 ἀλλά
3302 1285 3398 1336 καὶ
3425 1284 3488 1337 τὸ
3530 1285 3789 1348 συνειδός.
3814 1285 3958 1338 Πολ-

2375 1371 2532 1436 λάκις
2556 1373 2676 1426 οὐδὲ
2697 1373 2968 1445 τιμωρίας
3006 1373 3174 1444 οῦσης
3202 1376 3298 1429 ἐπὶ
3327 1376 3689 1448 ἁμαρτήματι
3720 1376 3954 1446 αἰσχύνη

2377 1464 2564 1534 μόνον,
2587 1463 2685 1516 καὶ
2708 1465 3053 1533 κατάγνωσις
3075 1465 3415 1520 ἀνέστειλεν.

2448 1557 2576 1608 Ὀτι
2606 1557 2748 1610 τάδε
2801 1555 2965 1626 λέγει
3009 1558 3226 1625 Κύριος
3249 1557 3384 1626 περί
3406 1557 3650 1612 πάντων
3673 1556 3792 1610 τῶν
3832 1573 3951 1621 τει-

2375 1649 2566 1701 τόνων
2587 1647 2706 1701 τῶν
2731 1648 3034 1716 πονηρῶν.

2460 1741 2746 1811 Ἀραδίους
2776 1739 3010 1793 ἐνταῦθα
3055 1739 3388 1802 αίνίττεται,
3416 1739 3498 1794 ὅτι
3525 1740 3588 1792 οὐ
3635 1739 3807 1810 μικρά
3849 1739 3956 1791 αὕ-

2374 1829 2501 1893 τοὺς
2543 1829 2792 1896 ἐδίδαξαν
2824 1829 2969 1884 κακά
2991 1830 3058 1881 δι’
3089 1828 3125 1882 ἀ
3152 1829 3370 1900 πρῶτον
3415 1829 3830 1898 τεσσαράκοντα
3855 1827 3954 1898 ἔτη

695 1917 944 1985 draginta
979 1931 1152 1971 annos
1185 1916 1378 1970 morati
1413 1924 1560 1970 sunt.
1610 1913 1820 1967 Idcirco
1866 1925 1975 1965 non
2022 1908 2272 1978 permisit
2304 1909 2308 1964 l

2376 1923 2436 1974 ἐν
2471 1922 2664 1992 ἐρήμῳ
2721 1919 3012 1988 διέτριϐον.
3046 1919 3150 1971 Διά
3191 1918 3350 1972 τοῦτο
3381 1918 3482 1971 οὐκ
3515 1919 3729 1986 ἀφῆκεν
3759 1917 3956 1986 ἀναμι-

694 2021 791 2061 eos
835 2007 1048 2061 misceri
1093 2020 1216 2059 cum
1256 2004 1509 2074 gentibus
1543 2019 1557 2057 :
1591 2002 1797 2057 idcirco
1833 2007 1889 2054 et
1935 2013 2092 2053 muro
2137 1998 2276 2052 vali-

694 2097 873 2151 diores
899 2097 1076 2166 posuit
1107 2096 1274 2166 lcges,
1311 2109 1407 2165 per
1431 2107 1566 2164 quas
1598 2106 1706 2147 non
1738 2090 1937 2147 licebat
1967 2095 2271 2144 consuetu-

695 2189 821 2244 dine
855 2189 1156 2243 vicinurum
1188 2188 1289 2242 uti.

770 2279 904 2334 Ecce
927 2296 1021 2349 ego
1046 2279 1209 2333 evelle
1241 2295 1329 2334 eos
1355 2279 1420 2333 de
1450 2286 1592 2333 terra
1619 2294 1740 2333 sua.

767 2368 1130 2426 Vehementer
1177 2371 1282 2425 illis
1332 2371 1603 2435 minatur,
1645 2380 1705 2424 ut
1748 2380 1804 2425 et
1832 2369 1937 2440 ipsi
1992 2368 2275 2439 probiores

697 2460 894 2515 tierent
922 2477 936 2513 :
974 2460 1213 2514 minatur
1239 2472 1294 2515 et
1320 2463 1574 2529 captivis.
1617 2461 1747 2515 Vide
1777 2471 1836 2514 ut
1863 2469 1919 2516 et
1947 2461 2001 2514 bi
2031 2460 2274 2528 corrige-

697 2551 899 2605 bautur
943 2564 1041 2619 per
1069 2566 1130 2605 ea
1176 2566 1295 2619 quae
1346 2551 1452 2606 illis
1489 2551 1843 2617 eveniebant;
1897 2551 2057 2606 simul
2108 2551 2272 2604 etiam

695 2643 828 2710 ipsis
870 2644 1216 2698 occasionem
1278 2659 1378 2712 pro
1419 2658 1480 2698 se
1523 2643 1885 2712 respondendi
1944 2645 2073 2706 dat,
2114 2640 2270 2711 quasi

693 2733 1083 2786 nescientibus.
1107 2730 1280 2786 Sicuti
1317 2747 1414 2786 vos
1442 2746 1631 2785 eorum
1666 2731 1989 2800 perditionis
2022 2740 2274 2787 auctores

695 2820 900 2888 fuistis,
943 2821 1015 2874 ita
1049 2820 1204 2876 vobis
1234 2830 1396 2875 erunt
1423 2819 1500 2874 illi
1530 2818 1742 2875 salutis.
1776 2819 2026 2890 Magnum
2071 2818 2274 2874 Judais

695 2913 930 2966 dedecus
961 2920 1071 2965 uta
1109 2911 1303 2966 vicinis
1324 2911 1631 2967 addiscant.
1670 2911 1804 2967 Vide
1838 2919 1896 2965 ut
1930 2926 2026 2968 eos
2055 2920 2116 2967 ut
2144 2926 2272 2967 suos

695 3011 979 3070 agnoscat.
1008 2999 1145 3055 Num
1176 3002 1232 3056 in
1257 3016 1419 3056 unam
1447 3012 1662 3073 gentem
1697 3003 1846 3058 salus
1869 3002 1986 3069 ejus
2017 3001 2274 3057 extende-

694 3093 889 3148 batur?
927 3093 1170 3164 Omniro
1200 3093 1362 3148 vultis
1391 3093 1552 3149 amici
1575 3107 1729 3158 esse,
1756 3102 1815 3148 et
1842 3107 2003 3147 unam
2033 3093 2272 3148 sentire?

695 3180 783 3235 Sit
804 3197 932 3252 ergo
959 3183 1085 3238 boni
1103 3198 1284 3250 causa,
1305 3198 1411 3237 non
1440 3192 1635 3238 contra
1664 3183 1897 3239 salutem
1921 3183 2271 3238 consenticn-
2297 3224 2341 3283 Ω

697 3272 829 3326 tium
860 3291 873 3327 :
908 3273 1107 3330 licebat
1134 3288 1287 3346 ergo,
1317 3283 1372 3330 et
1398 3283 1527 3329 ante
1563 3275 1666 3330 hoc
1693 3272 1832 3331 ellici
1851 3273 2128 3330 meliores.

1311 3477 1467 3535 CAP.
1500 3478 1642 3535 XIII.

770 3608 936 3665 Vens.
973 3612 1019 3665 l.
1061 3609 1226 3676 Vade,
1256 3622 1304 3667 et
1336 3614 1550 3683 posside
1577 3615 1674 3671 tibi
1706 3615 1941 3670 lumbare
1974 3615 2196 3670 lineam.

767 3799 921 3865 Quod
946 3800 1051 3855 sibi
1078 3799 1190 3854 vult
1213 3799 1390 3872 imago
1411 3817 1515 3872 qua
1546 3804 1716 3859 utitur
1751 3805 1852 3862 ltoc
1877 3817 1994 3861 est:
2026 3805 2271 3860 lumbare

695 3890 935 3946 afﬁnitas
961 3888 1068 3957 est,
1096 3899 1152 3944 et
1185 3891 1429 3949 lumbare
1456 3894 1657 3950 lineum
1692 3896 2053 3961 sacerdotale,
2082 3897 2271 3951 incon-

697 3983 1030 4050 stunptibile,
1071 3983 1235 4038 decor
1281 3985 1491 4056 populi,
1541 3987 1683 4056 quod
1722 3987 1880 4045 nullo
1924 3988 2116 4042 borum
2146 4001 2272 4042 cor-

586 4098 592 4105 -
700 4070 971 4140 rumpitur
1022 4083 1431 4141 consuetorum,
1483 4085 1574 4130 aut
1624 4086 1889 4146 tempore,
1935 4088 2032 4134 aut
2084 4078 2269 4144 tineis,

697 4164 925 4232 aliisque
977 4164 1265 4220 similibus.
1300 4167 1353 4220 In
1387 4178 1541 4238 petra
1592 4185 1740 4235 vero,
1777 4185 1844 4225 ne
1887 4171 2012 4240 quis
2064 4171 2273 4227 diceret

696 4267 905 4311 natura:
945 4256 1190 4326 neglectu
1234 4271 1553 4330 corruptum
1597 4277 1755 4328 esse;
1788 4263 1869 4320 sic
1894 4275 1947 4319 et
1978 4261 2267 4330 Israelita};

697 4347 837 4402 tales
858 4347 1026 4413 enim,
1047 4347 1144 4411 ait,
1173 4363 1258 4402 res
1278 4349 1528 4406 humana:
1548 4364 1695 4408 sunt.
1712 4354 1865 4410 Nunc
1887 4355 2106 4424 quidem
2131 4371 2274 4424 prae-

695 4438 788 4498 lia,
819 4452 958 4492 nunc
983 4436 1290 4502 conﬂictus,
1318 4457 1461 4495 nunc
1487 4458 1616 4511 pax,
1647 4460 1791 4500 nunc
1816 4461 1995 4500 rerum
2023 4447 2268 4502 omnium

697 4527 970 4629 amuentia
991 4545 1006 4594 ;
1031 4529 1171 4583 lianc
1203 4529 1310 4629 illis
1334 4531 1402 4586 ab
1432 4533 1586 4629 initio
1612 4535 2026 4591 mutabilitatem
2054 4537 2267 4594 indidit.
2303 4574 2346 4629 υ

695 4617 752 4672 ltt
807 4633 1002 4687 aquam
1056 4635 1161 4674 non
1213 4622 1449 4689 inleres,
1491 4624 1594 4680 hoc
1636 4635 1719 4681 est
1766 4643 1985 4682 novum.
2022 4629 2078 4683 Si
2124 4631 2267 4685 enim

694 4719 944 4777 penetret
971 4725 1130 4779 aqua,
1161 4715 1426 4781 putabunt
1459 4716 1633 4786 ipsum
1667 4731 1790 4774 esse
1823 4728 2012 4787 vetus;
2052 4735 2118 4776 ne
2149 4737 2270 4777 cor-

697 4811 910 4870 ruptum
956 4818 1068 4872 pne
1107 4813 1376 4861 vetustate
1417 4817 1628 4876 putent,
1671 4812 1813 4880 quod
1850 4827 2112 4868 vocamus
2163 4829 2269 4869 non

695 4892 943 4958 tinctum,
976 4911 1081 4948 non
1133 4897 1525 4954 bumectutnm.
1573 4901 1799 4972 Βρὲχειν
1839 4904 1984 4959 enim
2028 4905 2270 4959 madefa-

693 5000 818 5038 cere
857 4997 961 5051 est,
1007 4989 1150 5056 quod
1184 4989 1334 5058 plebs
1366 5006 1472 5046 non
1518 4995 1882 5050 madefactum
1919 5008 2111 5063 vocat;
2150 4998 2270 5052 talis

693 5092 906 5146 semper
942 5089 1086 5134 esset
1131 5082 1381 5150 populus,
1418 5086 1462 5139 si
1502 5087 1762 5142 voluisset
1795 5107 1808 5144 :
1843 5106 1965 5143 nam
2013 5091 2122 5144 Deo
2159 5091 2268 5144 cir-

693 5168 1053 5224 eumvallatns
1077 5186 1182 5225 non
1216 5188 1530 5242 mcerorem,
1560 5193 1663 5231 non
1701 5190 2038 5235 senectutem
2069 5197 2266 5252 expur-

695 5266 780 5310 tus
823 5269 1001 5327 esset;
1053 5263 1124 5316 ibi
1165 5266 1308 5318 enim
1359 5283 1424 5322 ex
1459 5284 1558 5323 usu
1611 5273 1952 5341 consutnptio
1996 5273 2073 5327 lit.
2103 5275 2268 5330 Certe

694 5364 791 5402 nos
823 5350 895 5403 ita
930 5353 1088 5406 rebus
1131 5355 1354 5423 utimur,
1389 5367 1446 5412 ut
1485 5362 1627 5430 quod
1675 5377 1871 5416 novum
1897 5374 1978 5419 est
2009 5377 2264 5420 contera-

694 5455 850 5506 tuus;
887 5439 1029 5496 Deus
1077 5453 1255 5498 autem
1289 5447 1367 5501 sic
1395 5449 1590 5515 utitur,
1618 5458 1674 5502 ut
1707 5461 1761 5504 et
1789 5453 1930 5519 quod
1974 5462 2128 5508 vetus
2157 5464 2264 5517 est,

695 5545 884 5585 novum
917 5529 1104 5587 faciat".
1127 5533 1238 5590 Hoc
1260 5545 1312 5590 et
1341 5538 1393 5591 in
1417 5537 1568 5593 Novo
1593 5539 1944 5598 Testamento
1972 5559 2069 5599 usu
2099 5547 2265 5612 venit,

696 5622 801 5675 sibi
836 5626 1083 5692 apposuit
1109 5641 1222 5691 eos,
1251 5627 1587 5700 iuvenesque
1618 5631 1874 5688 reddidit.

768 5801 1048 5873 Cingulum
1098 5807 1225 5861 dit-it
1274 5808 1496 5863 lineum.
1529 5821 1581 5865 et
1614 5813 1760 5868 addit
1795 5831 1808 5868 :
1840 5810 1904 5866 Et
1933 5829 2070 5884 pom
2120 5819 2259 5872 circa

2377 2009 2574 2081 χθῆναι
2601 2011 2714 2072 τοῖς
2748 2008 2948 2072 ἔθνεσι,
2973 2007 3063 2061 διὰ
3086 2007 3246 2060 τοῦτο
3265 2009 3361 2060 καὶ
3381 2005 3594 2076 τείχους
3622 2004 3958 2074 ἀσφαλεστέ-

2383 2118 2510 2173 ρους
2547 2100 2794 2154 τέθεικεν
2824 2099 3046 2170 νόμους,
3081 2099 3143 2152 οὺ
3177 2095 3600 2169 συγχωροῦντας
3627 2098 3741 2160 τοῖς
3771 2096 3956 2166 γειτό-

2379 2208 2464 2246 ot»
2495 2190 2918 2262 ἀναμίγνυσθαι.

2454 2302 2472 2334 t
2517 2283 2674 2339 Ἰδοὺ
2703 2282 2818 2352 ἐγὼ
2849 2277 3110 2336 ἀποσπῶ
3137 2277 3382 2345 αὐτούς.
3429 2296 3450 2331 s

2461 2375 2700 2428 Ἀπειλεῖ
2731 2375 2917 2437 αὐτοῖς
2958 2370 3193 2441 ἀπειλὴν
3226 2372 3473 2442 μεγάλην
3493 2410 3509 2436 ,
3535 2370 3623 2423 ἵνα
3651 2369 3747 2422 καὶ
3796 2367 3956 2422 αὐτοὶ

2377 2465 2620 2536 βελτίους
2646 2452 2913 2534 γένωνται
2936 2481 2949 2494 ·
2981 2466 3077 2518 καὶ
3093 2461 3465 2535 αἰχμαλώτοις
3486 2462 3544 2516 δὲ
3568 2457 3955 2531 ἀπειλεϊ.”ορα

2377 2559 2475 2610 καὶ
2504 2558 2661 2610 αὐτοὶ
2707 2556 2825 2618 πῶς
2855 2555 3286 2627 ἐσωφρονίζοντο
3331 2556 3394 2608 ἐκ
3426 2552 3538 2607 τῶν
3566 2551 3782 2614 τούτοις
3813 2568 3954 2618 συμ-

2375 2644 2675 2700 ϐαινόντων
2693 2661 2706 2674 ·
2738 2645 2854 2714 ἃμα
2882 2644 3100 2699 δίδωσιν
3129 2645 3318 2708 αὐτοῖς
3353 2642 3631 2714 πρόφασιν
3658 2639 3954 2707 ἀπολογίας

2377 2736 2454 2799 ὡς
2500 2737 2603 2792 οὐκ
2634 2735 2854 2790 εἰδόσιν.
2884 2735 3094 2806 Ὠσπερ
3124 2735 3288 2789 αῐτιοι
3324 2734 3587 2804 γεγόνατε
3630 2731 3813 2792 αὐτοῖς
3846 2729 3954 2782 ἀπ-

2375 2823 2575 2887 ωλείας
2600 2866 2615 2891 ,
2656 2825 2830 2887 οὕτως
2876 2824 3092 2877 ἔσονται
3131 2825 3408 2897 σωτηρίας
3433 2823 3585 2892 ὑμῖν.
3621 2819 3799 2890 Πολλὴ
3845 2819 3954 2873 τῶν

2387 2915 2665 2971 Ἰουδαίων
2693 2914 2950 2987 αἰσχύνη,
2987 2916 3041 2968 εί
3062 2932 3126 2984 γε
3159 2915 3412 2986 μέλλοιεν
3442 2911 3595 2984 παρά
3631 2911 3738 2966 τῶν
3772 2910 3952 2979 γειτό-

2374 3024 2481 3060 νων
2512 3005 2829 3074 μανθάνειν.
2862 3008 3005 3077 Ὅρα
3030 3005 3145 3068 πῶς
3173 3005 3375 3068 αὐτοὺς
3397 3004 3718 3058 οἰκειοῦται.
3751 3001 3844 3072 Μὴ
3873 3001 3951 3062 εἰς

2373 3098 2525 3163 ἔθνος
2555 3098 2615 3151 ἓν
2647 3094 2714 3169 ἦν
2734 3097 2903 3153 αὑτοῦ
2926 3101 2960 3168 ή
2992 3099 3241 3169 σωτηρία
3266 3115 3281 3164 ;
3305 3097 3486 3160 Ὀλως
3517 3093 3774 3166 βούλεσθε
3805 3091 3948 3162 φίλοι

2375 3185 2515 3242 εἶναι
2541 3230 2557 3256 ,
2601 3191 2697 3242 καί
2723 3190 2974 3259 ὁμονοεῖν
3000 3205 3016 3254 ;
3047 3188 3260 3243 Οὐκοῦν
3309 3187 3397 3242 ἐπ’
3435 3184 3628 3256 ἀγαθῷ
3648 3223 3664 3249 ,
3705 3184 3782 3254 μὴ
3811 3183 3952 3236 κατά

2374 3281 2475 3351 τῆς
2505 3280 2614 3334 τῶν
2646 3279 3085 3350 συμφωνούντων
3105 3279 3404 3351 σωτηρίας·
3428 3279 3623 3333 οὐκοῦν
3649 3278 3826 3342 ἔξεστι
3857 3274 3951 3330 καὶ

2376 3371 2483 3441 πρὸ
2512 3370 2701 3425 τούτου
2729 3371 2985 3440 γενέσθαι
3017 3371 3281 3442 βελτίους.

2998 3487 3158 3542 ΚΕΦ.
3199 3483 3300 3540 ll".

2451 3633 2718 3690 Βάδισον
2771 3629 2870 3685 καί
2927 3628 3150 3697 κτῆσαι
3213 3621 3455 3689 σεαυτῷ
3520 3616 3813 3690 περίζωμα
3864 3617 3952 3671 ,ιι-

2375 3742 2814 3885 ν.‹)ἷ’)(ζ.βούλεται
2869 3810 2903 3881 ἡ
2947 3806 3146 3873 εἰκὼν,
3205 3803 3364 3860 τοῦτό
3404 3803 3553 3857 ἐστι·
3589 3799 3881 3871 περίζωμα
3916 3798 3950 3868 ἡ

2354 3875 2648 3976 ὀἰκειότης
2672 3946 2688 3970 ,
2719 3902 2818 3958 καὶ
2858 3875 3152 3971 περίζωμα
3195 3895 3398 3959 λινοῦν,
3432 3895 3496 3948 τὸ
3541 3892 3841 3966 ἱερατικὸν,
3890 3889 3951 3944 τὸ

2377 3995 2676 4057 ἀνάλωτον,
2705 3991 2767 4045 τὸ
2798 3989 3075 4060 εὐπρεπὲς
3105 3985 3201 4040 τοῦ
3233 3986 3392 4049 λαοῦ,
3419 3985 3484 4038 τὸ
3530 3982 3722 4054 μηδενὶ
3747 3980 3950 4035 τούτων

2378 4084 2700 4158 φθείρεσθαι
2730 4082 2842 4136 τῶν
2873 4079 3181 4146 εἰωθότων,
3211 4076 3246 4150 ἢ
3277 4076 3457 4148 χρόνῳ
3479 4116 3494 4141 ,
3530 4076 3565 4146 ἢ
3595 4076 3742 4147 σητὶ,
3775 4075 3812 4144 ἦ
3841 4087 3950 4127 τισι

2375 4178 2660 4241 τοιούτοις.
2691 4175 2766 4229 Τὸ
2787 4175 2847 4228 ὲν
2878 4175 3053 4246 πέτρᾳ
3073 4212 3088 4237 ,
3124 4173 3213 4226 ἵνα
3246 4174 3324 4242 μή
3358 4188 3445 4234 τις
3483 4171 3615 4241 εῐπῃ
3639 4209 3655 4235 ,
3687 4171 3770 4223 ὅτι
3810 4167 3952 4223 κατὰ

2377 4267 2652 4342 ρᾳθυμίαν
2683 4266 2898 4337 φύσεως
2925 4261 3228 4333 διεφθάρη·
3261 4258 3409 4314 οὕτω
3440 4259 3536 4312 καὶ
3585 4257 3948 4328 Ἰσραηλῖται·

2374 4360 2601 4417 τοιαῦτα
2627 4360 2736 4431 γάρ
2768 4375 2901 4428 φησι
2935 4356 3006 4410 τά
3039 4353 3379 4426 ἀνθρώπινα.
3419 4351 3537 4406 Νῦν
3567 4351 3666 4422 μὲν
3700 4350 3947 4418 πόλεμοι,

2375 4454 2470 4509 νῦν
2515 4453 2573 4507 δέ
2608 4453 2814 4522 μάχαι,
2873 4447 2967 4502 νῦν
3017 4449 3246 4518 εἰρήνη,
3284 4444 3379 4499 νῦν
3435 4441 3695 4514 εὐθηνία·
3746 4439 3951 4495 ἀνωθεν

2375 4542 2575 4606 αὐτοὺς
2614 4539 2874 4610 τοιαύτης
2919 4537 3145 4607 ἐποίησε
3188 4533 3515 4607 μεταϐολῆς.
3573 4532 3662 4586 Ἐν
3699 4530 3852 4585 rem
3887 4530 3948 4584 οὐ

2376 4633 2752 4696 διελεύσεται,
2783 4629 3032 4683 τουτέστι
3067 4627 3257 4682 καινόν
3280 4641 3294 4655 °
3329 4625 3396 4680 ἀν
3425 4624 3536 4695 γὰρ
3567 4622 3754 4693 διέλθῃ
3781 4621 3944 4692 ὕδωρ,

2373 4725 2686 4796 νομίζουσιν
2738 4720 2872 4777 αὐτὸ
2929 4719 3161 4773 παλαιὸν
3211 4713 3388 4770 εἶναι·
3444 4716 3532 4769 ἵνα
3571 4715 3646 4787 μὴ
3682 4713 3944 4784 νομίσωσι

2375 4813 2525 4884 παρά
2552 4811 2614 4864 τὸ
2643 4808 3024 4880 παλαιωθῆναι
3051 4806 3427 4877 διεφθάρησαν
3460 4803 3573 4877 [τσ.
3603 4803 3680 4866 ὡς
3707 4800 3858 4873 παρά
3885 4800 3944 4855 τὸ

2375 4902 2758 4972 παλαιωθῆναι
2785 4897 3089 4971 διεφθάρη]
3114 4938 3129 4964 ,
3178 4898 3206 4950 ὃ
3242 4897 3479 4967 λέγομεν
3522 4894 3748 4964 ἀσαφὲς,
3782 4894 3943 4963 ἄτεγ-

2375 5012 2523 5050 κτον.
2545 4994 2770 5064 Βρέχειν
2787 4991 2897 5061 γὰρ
2925 4990 2987 5043 τὸ
3008 4991 3227 5058 τέγγειν
3255 4990 3423 5056 ἐστὶν,
3441 4987 3470 5040 ὃ
3499 4989 3548 5041 οἰ
3577 4987 3762 5039 πολλοὶ
3788 4986 3946 5054 ἄτεγ-

2375 5105 2502 5141 κτον
2537 5086 2816 5140 καλοῦσιν.
2851 5082 3106 5147 Τοιοῦτος
3139 5077 3208 5153 ἦν
3239 5082 3330 5136 ἀεὶ
3374 5083 3404 5135 ὁ
3441 5080 3596 5149 λόγος
3639 5077 3750 5150 [ἵσ.
3798 5075 3942 5151 λαός]

2373 5179 2487 5246 εῐγε
2519 5176 2793 5231 ἐϐούλετο.
2841 5175 2899 5227 ’0
2933 5174 3040 5244 γὰρ
3080 5174 3216 5226 Θεὸν
3257 5172 3686 5244 περικείμενος,
3729 5170 3830 5224 οὐκ
3879 5171 3943 5226 ἀν

2372 5270 2570 5340 ᾔσθετο
2604 5266 2911 5337 πένθους,ἢ
2941 5267 3150 5338 γήρως*
3177 5266 3294 5318 ἐκεῖ
3312 5267 3421 5334 γὰρ
3449 5264 3599 5335 παρά
3621 5263 3721 5335 τὴν
3749 5263 3944 5335 χρῆσιν

2373 5361 2434 5415 τὸ
2457 5362 2711 5432 τριδῆναι
2742 5359 2970 5427 γίνεται.
3009 5360 3202 5428 Ἡμεῖς
3243 5357 3343 5428 μὲν
3367 5356 3462 5410 οῦν
3492 5357 3634 5411 οὕτω
3663 5355 3940 5428 χρώμεθα,

2374 5451 2514 5506 ὥστε
2571 5454 2621 5504 εἰ
2662 5451 2758 5504 καὶ
2813 5449 2999 5504 καινὸν
3054 5448 3143 5518 εἴη
3197 5447 3573 5518 κατατρίψαι·
3618 5451 3648 5502 ὁ
3702 5448 3761 5502 δὲ
3813 5448 3941 5512 Θεὸς

2369 5544 2514 5598 οὕτω
2547 5543 2745 5614 χρῆται
2771 5582 2785 5607 ,
2806 5540 2947 5595 ὥστε
2973 5543 3020 5594 εἰ
3052 5541 3148 5594 καὶ
3179 5540 3412 5595 παλαιὸν
3437 5540 3525 5611 εἴη
3551 5540 3776 5610 ποιῆσαι
3804 5540 3938 5593 νέον.

2370 5635 2541 5689 Τοῦτο
2565 5636 2662 5690 καὶ
2687 5635 2782 5688 ἐπὶ
2823 5635 2920 5706 τῆς
2953 5633 3147 5704 καινῆς
3184 5633 3401 5702 γέγονε,
3437 5632 3723 5704 περιέθετο
3747 5631 3941 5694 αὐτοὺς

2372 5729 2464 5780 καὶ
2489 5727 2714 5797 ἐποίησε
2751 5727 2924 5791 νέους.

2450 5827 2465 5843 ⁸
2495 5821 2682 5895 Ζώνην
2725 5821 2876 5892 λέγει
2906 5822 3074 5895 λινῆν·
3111 5823 3310 5892 ἐπάγει
3345 5822 3478 5892 γοῦν
3501 5837 3514 5854 ⁶
3547 5820 3656 5878 Καί
3699 5820 3938 5891 περίθου
