4228 6434
240 441 355 501 885
1385 438 1811 498 FRAGMENTA
1857 438 1925 494 IN
1962 439 2336 496 JEREMIAM.
3454 443 3561 505 880

238 561 384 632 sep!
415 560 531 628 τὴν
566 559 772 632 ὀσφύν
803 575 945 616 σου.
997 560 1104 615 Τὸν
1132 560 1190 615 δὲ
1211 555 1216 562 ’
1235 560 1531 633 προφήτην
1559 561 1643 625 είς
1671 560 1830 615 τύποι

1950 559 2191 616 lumbum
2249 571 2424 614 tuum.
2479 558 2808 629 Prophetam
2856 558 2909 614 in
2942 567 3130 630 typum
3172 558 3263 615 Dei
3311 560 3560 632 accipit;

238 654 522 724 λαμϐάνει
546 654 646 708 τοῦ
669 652 830 709 Θεοῦ.
864 653 939 707 Τδ
966 653 1024 706 δὲ
1058 652 1376 724 περίζωμα,
1419 655 1501 716 είς
1529 652 1703 706 τύπον
1750 648 1830 704 toi

1949 653 2281 708 cinctorium
2309 668 2439 709 vero
2477 653 2529 707 in
2558 662 2742 724 typum
2781 651 2987 723 populi.
3031 651 3175 708 Pone
3202 653 3386 722 itaque
3413 655 3560 710 circa

238 743 405 800 λαοῦ.
435 744 689 813 Περίθου
721 739 839 799 οὖν
877 743 1012 813 περὶ
1056 742 1175 812 τὴν
1201 744 1408 814 ὀσφύν
1436 759 1589 806 σου,
1627 742 1703 804 ὡς
1735 740 1830 810 ὲγιὶ

1949 741 2189 796 lumbum
2233 753 2410 808 tuum,
2447 742 2911 812 quemadmodum
2947 756 3051 813 ego
3078 741 3342 812 p0pulum
3372 757 3559 798 meum

218 834 338 895 ,τὸν
368 834 498 887 λαόν
524 851 628 904 μου
663 833 879 906 συνῆψα
911 835 1040 905 ἐμοὶ
1067 835 1159 888 διὰ
1181 835 1293 888 τῶν
1324 833 1600 906 νομίμων.

1951 835 2084 889 milii
2120 834 2239 906 lege
2276 835 2564 904 canjnttxi.

316 927 428 980 Καί
461 925 534 978 ἐν
562 925 737 980 ὕδατι
761 928 834 981 οὐ
863 926 1262 982 διελεύσεται.

2023 925 2090 980 Et
2119 943 2212 996 per
2245 943 2441 998 aquam
2466 943 2571 981 non
2613 926 2888 981 transibit.

319 1017 456 1070 ’Δπὸ
496 1019 590 1071 τοῦ
645 1018 823 1089 ῥύπου
866 1019 943 1089 μὴ
997 1020 1362 1092 ἀπορῤύψῃς.
1419 1021 1498 1084 ὡς
1551 1020 1674 1074 οὐδὲ
1735 1018 1848 1089 ἐγὼ

237 1111 614 1181 ἀπεστράφην
670 1109 916 1182 ,αἵμασιν
976 1110 1399 1183 εἰδωλολατρίας
1462 1111 1844 1184 πεφυρμένον.

2020 1017 2255 1087 Propter
2307 1014 2716 1073 immunditiam
2749 1034 2818 1074 ne
2844 1019 3096 1090 abjicias,
3141 1020 3290 1077 sicut
3319 1033 3420 1077 nec
3457 1033 3559 1091 ego

1949 1109 2123 1179 abjcci
2157 1110 2503 1180 inquinatum
2539 1109 2865 1166 idololatria:
2917 1111 3303 1182 sanguinibus.

315 1309 474 1365 Λάϐε
520 1309 588 1363 τὸ
624 1307 920 1379 περίζωμα
942 1349 958 1376 ,
1010 1309 1109 1365 καί
1141 1309 1412 1381 βαδισον
1442 1310 1545 1363 ἐπὶ
1587 1311 1697 1364 τὸν
1724 1311 1843 1365 Εὐ-

327 1402 505 1458 άτην.

327 1421 400 1458 ατ
448 1421 505 1458 ν.

238 1421 478 1556 mm;
507 1493 697 1547 ἕνεκεν
737 1495 797 1548 ἐν
819 1495 897 1566 τῷ
924 1494 1189 1566 Εὐφράτῃ
1212 1536 1226 1559 ,
1251 1495 1347 1548 καὶ
1376 1494 1618 1566 βαδίζειν
1647 1493 1830 1548 τοσαύ-

2017 1508 2198 1575 Quare
2229 1508 2281 1561 in
2313 1507 2615 1576 Euphrate,
2655 1517 2986 1579 tantumque
3018 1508 3124 1564 iter
3150 1509 3335 1565 facere
3355 1509 3559 1580 jussit?

238 1602 346 1656 την
374 1584 496 1638 ὁδὸν
525 1585 871 1656 ὲπέτρεψεν;
901 1588 929 1640 ὁ
964 1587 1075 1657 γὰρ
1123 1587 1401 1658 Ἰορδάνης
1436 1585 1684 1657 ποταμὸς
1719 1587 1830 1656 οὐχῖ

1945 1598 2090 1654 Num
2126 1596 2385 1653 Iordanis
2413 1597 2613 1654 ﬂumen
2653 1615 2823 1670 pr0pe
2858 1615 2965 1655 non
2999 1600 3158 1655 erat?
3191 1603 3284 1656 sed
3323 1610 3378 1655 ut
3412 1601 3554 1659 indi-

2019 1315 2188 1372 Vens.
2217 1318 2272 1372 4.
2303 1317 2446 1372 Tolle
2475 1318 2820 1384 ciuetorium,
2845 1327 2895 1373 et
2931 1318 3066 1374 vade
3099 1320 3169 1373 ad
3199 1319 3554 1389 Euphratem.

241 1675 482 1744 πλησίον
507 1672 614 1748 ἦν;
644 1677 762 1730 ἀλλ’
806 1676 896 1732 ἴνα
943 1678 1096 1750 δείξῃ
1128 1678 1297 1731 πόθεν
1326 1678 1509 1731 ἔπεισι
1549 1678 1618 1732 τὰ
1657 1677 1839 1742 κακὰ,

240 1769 340 1822 καὶ
367 1768 514 1832 τίνος
543 1769 753 1834 ἕνεκεν,
787 1770 883 1823 καὶ
917 1769 1122 1833 πολλὰς
1157 1769 1389 1839 ἀφίησιν
1416 1769 1656 1840 ἡμέρας.

1943 1700 2097 1747 earet
2131 1691 2276 1746 unde
2305 1689 2447 1743 mala
2481 1692 2685 1745 ducant
2719 1692 3016 1762 originem,
3057 1701 3236 1762 etqua
3263 1692 3331 1748 de
3362 1707 3549 1759 causa,

1944 1781 2209 1851 multique
2239 1781 2358 1835 dies
2389 1789 2743 1850 prmtereunt.

317 1883 426 1938 Καὶ
457 1884 814 1953 ἐπορεύθην,
859 1884 958 1938 καὶ
984 1883 1245 1954 ἔκρυψα.
1285 1885 1398 1939 Καὶ
1429 1883 1670 1955 ἐγένετο
1709 1885 1830 1938 καθ

2019 1891 2187 1949 Vens.
2212 1893 2267 1959 5,
2298 1893 2350 1948 6.
2385 1892 2452 1948 Et
2477 1895 2570 1963 iui,
2601 1903 2651 1948 et
2684 1893 2962 1950 abscondi.
2989 1893 3054 1949 Et
3090 1893 3297 1964 factum
3323 1903 3403 1950 est
3435 1905 3551 1966 post

240 1976 475 2046 ἡμέρας
502 1977 764 2043 πολλάς.

314 2095 431 2147 Ἵνα
469 2093 649 2165 μάθῃς
681 2093 780 2165 τὴν
831 2093 1258 2165 μακροθυμίαν·
1289 2092 1378 2146 ἵνα
1414 2092 1526 2163 γὰρ
1561 2091 1636 2163 μὴ
1682 2091 1839 2162 νομί-

236 2202 341 2257 σῃς
360 2225 375 2248 ,
398 2185 459 2239 τὸ
490 2185 667 2256 μῆκος
691 2185 801 2240 τῶν
828 2185 1056 2257 ἡμερῶν
1085 2187 1452 2256 πεποιηκέναι
1474 2185 1574 2256 τὴν
1604 2182 1837 2254 φθορὰν,

1943 1985 2057 2039 dies
2092 1984 2309 2040 multos.

2015 2097 2087 2155 Ut
2114 2099 2585 2168 longanimitatem
2629 2100 2910 2170 intelligas
2939 2117 2954 2156 :
2983 2115 3108 2155 nam
3143 2116 3211 2157 ne
3242 2103 3553 2171 opinareris

1943 2191 2346 2246 multitudinem
2384 2192 2599 2244 dierum
2637 2190 2786 2244 illam
2821 2190 3238 2259 corruptionem
3274 2191 3550 2256 attulisse,

236 2277 427 2330 καινόν
459 2279 611 2342 ἐστι,
651 2278 745 2331 xci.
787 2279 847 2331 ὲν
883 2277 1018 2348 λίθῳ
1057 2279 1268 2343 κεῖται,
1302 2277 1434 2331 ἔνθα
1455 2275 1830 2354 οὖτεθσκώληξ

1942 2297 2140 2337 novum
2167 2291 2272 2348 est,
2303 2282 2561 2352 jacetque
2589 2281 2642 2335 in
2667 2290 2849 2351 petra,
2875 2282 2964 2336 ubi
2990 2296 3097 2337 non
3124 2283 3330 2336 vermis
3351 2295 3381 2335 c
3404 2282 3552 2350 ligno

235 2367 350 2421 ἀπὸ
375 2366 535 2434 ξύλου
567 2367 736 2440 ἐξῄει.
778 2367 1142 2440 Κατέκρυψεν
1164 2369 1386 2433 αὐτοὺς,
1419 2367 1567 2421 τοῦτ’
1600 2366 1750 2420 ἔστιν
1779 2369 1838 2419 ὲν

232 2460 514 2532 ἀσφαλείᾳ
543 2460 824 2531 ἐποίησεν,
856 2459 1050 2531 ὥσπερ
1080 2461 1139 2513 ἐν
1185 2460 1386 2532 πέτρᾳ.
1419 2461 1551 2514 Ὅτε
1588 2459 1682 2528 ἀφ’
1709 2461 1839 2512 ἑαυ-

232 2547 332 2602 τοῦ
366 2549 611 2618 ἀφεῖλεν,
650 2541 942 2619 ὲφόὸησεν,
973 2549 1298 2619 ἠπείλησεν,
1322 2549 1417 2604 καὶ
1444 2550 1598 2604 οὐδὲν
1624 2549 1837 2617 ἐγίνετο

225 2638 424 2703 πλέον,
457 2639 642 2694 λοιπὸν
684 2640 1126 2711 διαφθείρονται.
1178 2641 1438 2694 Δείκνυσι
1491 2642 1576 2694 ὅτι
1602 2641 1704 2711 τῆς
1736 2639 1834 2693 τοῦ

231 2729 373 2784 Θεοῦ
399 2729 602 2802 ὀργῆς,
636 2733 670 2801 ἡ
703 2730 994 2804 διαφθορά.
1028 2732 1142 2803 Οὐχ
1185 2731 1306 2802 ἅμα
1339 2733 1400 2787 τὺ
1445 2731 1686 2804 ἀρθῆναι
1724 2731 1835 2786 άπὺ

228 2821 332 2891 τῆς
359 2819 563 2888 ὀσφύος
589 2822 872 2876 ἀπώλοντο
896 2839 911 2854 ο
936 2825 999 2876 οὐ
1030 2825 1141 2893 γὰρ
1171 2823 1290 2895 ἅμα
1321 2825 1453 2878 ὅταν
1483 2825 1632 2896 ἡμᾶς
1657 2825 1834 2896 ἀπορ-

231 2906 366 2978 ρίψῃ
395 2907 424 2958 ὁ
451 2907 608 2972 Θεὸς,
645 2908 897 2979 ἀναιρεῖ·
920 2908 1019 2978 οὐχ
1051 2909 1168 2980 ἅμα
1195 2908 1273 2980 τῷ
1301 2909 1629 2980 νομισθῆναι
1663 2908 1831 2962 αὐτοῦ

229 2996 465 3063 ἀνάξιοι,
495 2997 876 3068 κολαζόμεθα·
914 2999 1052 3054 ἀλλὰ
1083 2999 1242 3070 φέρει
1275 2999 1445 3053 πολὺν
1475 2999 1693 3070 χρόνον,
1734 2998 1832 3052 καὶ

227 3089 356 3143 τότε
388 3090 586 3159 ἐπάγει
613 3088 714 3162 τὴν
735 3090 1030 3161 τιμωρίαν.
1064 3090 1175 3145 Καὶ
1206 3091 1429 3161 κτῆσαι
1459 3090 1718 3161 σεαυτῷ.
1753 3090 1828 3144 Οὐ

231 3185 389 3256 παρά
411 3201 558 3248 τινος
585 3181 802 3251 ἔλασεν,
831 3185 931 3237 οὐκ
969 3185 1049 3246 είς
1075 3184 1290 3237 οίκείαν
1321 3183 1545 3254 χρείαν
1569 3183 1692 3236 οὐδὲ
1717 3183 1829 3254 γὰρ

230 3278 408 3332 ιδεῖτο
433 3280 462 3331 ὁ
486 3277 797 3348 προφήτης”
831 3275 931 3346 οὐχ
959 3276 1048 3328 ἵνα
1073 3275 1370 3345 σκέπηται,
1403 3273 1519 3328 ἀλλ’
1547 3273 1636 3326 ’ίνα
1663 3273 1830 3326 αὐτὸν

229 3369 611 3439 οίκειὼσηται.
637 3369 856 3439 ’Ὥσπερ
890 3363 987 3422 οὖν
1029 3367 1059 3419 ὁ
1088 3367 1380 3438 προφήτης
1411 3365 1536 3418 οὐδὲ
1565 3363 1830 3436 περισαλ-

229 3461 460 3531 λόμενος
484 3457 827 3531 ἐνδοξότερος
852 3454 944 3530 ἦν,
983 3455 1111 3510 οὕτε
1142 3455 1488 3526 ἀποθέμενος
1511 3452 1832 3526 ἀδοξότερος

230 3548 332 3624 ἦν,
369 3551 496 3605 οὔτε
530 3551 704 3604 ἐδεῖτο
732 3549 899 3605 αὐτοῦ
924 3589 941 3616 ,
974 3547 1150 3612 οὕτως
1188 3547 1311 3602 οὐδὲ
1338 3549 1368 3601 ὁ
1413 3545 1568 3611 Θεός.
1603 3547 1745 3617 Ὅρα
1771 3545 1831 3600 δὲ

233 3645 355 3708 πῶς
384 3645 447 3697 οὐ
476 3644 658 3698 πάντα
689 3641 954 3714 μανθάνει
991 3641 1192 3712 ἐφεξῆς
1212 3681 1227 3706 ,
1257 3639 1397 3694 ἀλλά
1423 3640 1570 3694 κατὰ
1608 3640 1830 3710 μικρὸν,

234 3736 326 3791 ἵνα
356 3735 542 3808 μάθῃς
579 3733 748 3788 αὐτοῦ
773 3733 876 3804 τὴν
903 3733 1176 3803 ὑπακοήν.
1209 3726 1398 3785 Εἶπεν·
1435 3732 1694 3799 κτῆσαι,
1730 3730 1832 3784 καί

231 3828 503 3898 περίθου.
542 3826 660 3880 Οὐκ
702 3819 827 3879 εἷπε
853 3865 868 3890 ,
907 3824 1101 3892 Διατί;
1161 3823 1282 3879 ἀλλ’
1312 3824 1624 3895 ὑπήκουσε.
1659 3822 1832 3878 Πάλιν

233 3916 410 3975 εἶπεν*
444 3919 668 3988 Ὕπαγε
689 3920 778 3984 είς
806 3917 1282 3987 τὸνιεὺφράτηνο
1315 3917 1419 3970 οὐκ
1439 3911 1618 3980 εἶπεν,
1639 3915 1831 3969 Διατίῖ

233 4013 351 4070 ἀλλ’
396 4010 828 4084 έπληροφορήθη
852 4051 867 4076 ,
895 4011 992 4065 καὶ
1024 4011 1273 4082 ἐπείσθη.
1313 4009 1486 4064 Τοῦτο
1524 4011 1619 4064 καὶ
1667 4010 1832 4080 ἡμεῖς

233 4106 586 4179 πράττωμεν.
623 4105 740 4158 Οὐκ
802 4098 979 4169 εἷπεν,
1025 4102 1418 4174 ’.ἀσχημοσύνη
1447 4103 1588 4166 ἐστὶ,
1655 4102 1832 4172 γέλως

231 4200 403 4256 ἔστιν·
433 4197 570 4253 ἀλλὰ
599 4196 781 4252 πάντα
820 4196 1094 4251 πείθεται.
1125 4196 1226 4249 Διὰ
1257 4195 1421 4250 τοῦτο
1447 4197 1591 4251 κατὰ
1614 4195 1830 4268 Ῑμικρὸν

230 4291 382 4364 αὐτῷ
412 4290 723 4356 ὶπιτάσσει,
752 4289 840 4344 ῐνα
866 4289 1016 4362 μάθῃ
1039 4289 1142 4360 τὴν
1174 4287 1452 4358 ὑπακοήν.

260 4410 450 4476 ιἸοὺς
483 4407 573 4480 μὴ
614 4405 1042 4477 ,βουλομένους
1092 4405 1431 4460 ὑπακούειν
1461 4402 1583 4459 τῶν
1629 4406 1830 4475 λόγων

223 4523 365 4580 μου,
394 4505 493 4559 καὶ
524 4501 930 4573 πορευθέντας
959 4503 1154 4555 ὀπίσω
1185 4498 1340 4557 θεῶν
1365 4501 1725 4569 ἀλλοτρίων.

1938 2374 2146 2430 exsilit.
2213 2373 2515 2428 Abscondit
2571 2387 2708 2439 eos,
2779 2373 2885 2428 hoc
2938 2383 3023 2428 est
3093 2381 3244 2427 tutos
3319 2373 3552 2427 reddidit

1940 2475 1999 2519 ut
2054 2465 2108 2518 in
2163 2467 2338 2534 petra.
2394 2462 2533 2519 Cum
2581 2479 2613 2518 a
2666 2464 2968 2533 semetipso
3019 2465 3257 2534 abiecit,
3307 2465 3546 2524 terruit.

1941 2557 2180 2611 minatus
2195 2564 2302 2619 est,
2330 2554 2405 2610 nil
2432 2565 2616 2610 tamen
2650 2557 3012 2611 subsecutum
3043 2557 3295 2620 ulterius,
3327 2557 3552 2610 tandem

1937 2658 2384 2718 corrumpuntur.
2413 2647 2672 2705 Ostendit
2716 2651 2855 2705 iram
2887 2649 2980 2706 Dei
3032 2666 3258 2704 causam
3293 2665 3416 2705 esse
3453 2665 3552 2704 cur

1935 2743 2180 2810 corrupti
2211 2742 2347 2797 sint.
2383 2742 2498 2797 Non
2526 2743 2690 2797 simul
2720 2752 2886 2813 atque
2916 2758 2949 2798 e
2979 2743 3165 2798 lumbo
3193 2744 3360 2798 ablati
3398 2753 3548 2808 sunt,

1936 2836 2220 2902 perierunt
2254 2849 2269 2888 :
2304 2850 2406 2889 nec
2436 2836 2584 2889 enim
2614 2850 2740 2890 cmn
2774 2850 2875 2892 nos
2909 2835 3055 2891 Deus
3095 2835 3324 2904 ejecerit
3359 2834 3548 2890 s'atim

1934 2925 2117 2994 perdit
2145 2943 2159 2979 :
2197 2941 2304 2980 non
2336 2925 2500 2980 simul
2527 2937 2695 2995 atque
2728 2926 3001 2982 habemur
3034 2927 3144 2983 Deo
3172 2927 3406 2996 indigni,
3448 2943 3549 2997 pu-

1935 3017 2155 3084 nimur;
2186 3020 2281 3074 sed
2327 3018 2490 3086 longo
2526 3028 2773 3087 tempore
2812 3023 3071 3089 sustinet,
3109 3031 3349 3092 tuncque
3381 3021 3549 3075 sumit

1935 3126 2150 3180 pmnas.
2190 3115 2256 3166 Et
2291 3111 2503 3180 posside
2527 3115 2649 3168 tibi.
2679 3111 2798 3169 Non
2825 3129 2855 3168 a
2883 3129 3160 3184 quoquam
3196 3114 3410 3182 accepit
3440 3131 3546 3167 non

1937 3201 1990 3255 in
2030 3203 2314 3271 proprium
2354 3217 2549 3270 usum;
2585 3219 2691 3260 nec
2721 3205 2866 3259 enim
2914 3205 3194 3274 indigebat
3232 3205 3545 3275 Propheta:

1937 3306 2045 3345 non
2076 3303 2135 3346 ut
2164 3294 2500 3361 operiretur,
2535 3295 2630 3350 sed
2660 3308 2718 3350 ut
2747 3295 2880 3350 illud
2903 3295 3009 3350 sibi
3038 3297 3358 3351 ascisceret.
3393 3297 3549 3352 Sicut

1937 3381 2104 3453 igitur
2152 3384 2417 3452 propheta
2445 3423 2460 3449 ,
2515 3399 2618 3439 nec
2665 3384 2761 3440 illo
2810 3385 3035 3439 indutus
3093 3385 3548 3443 honoriﬁcentior

1934 3482 2076 3539 erat,
2107 3490 2209 3530 nec
2238 3477 2454 3546 ahjecto
2501 3475 2599 3530 illo
2631 3477 3037 3544 inhonoratior,
3076 3493 3177 3534 nec
3205 3479 3299 3534 illo
3333 3480 3547 3550 indige-

1934 3567 2064 3635 bat;
2101 3568 2173 3622 ita
2201 3583 2303 3624 nec
2331 3570 2493 3624 Deus.
2530 3569 2665 3625 Vide
2703 3585 2869 3641 porro
2902 3579 3095 3627 utnon
3137 3572 3320 3627 omnia
3371 3574 3549 3628 discat

1934 3660 2263 3724 confertim,
2331 3661 2428 3716 sed
2493 3661 2804 3732 paulatim,
2857 3673 2914 3717 ut
2968 3663 3115 3719 illius
3168 3665 3547 3720 obedientiam

1935 3760 2217 3820 agnoscat.
2251 3749 2400 3806 Dixit
2428 3769 2442 3806 :
2475 3751 2724 3820 Posside,
2749 3763 2799 3808 et
2822 3771 2956 3824 pone
2983 3772 3142 3825 super
3162 3758 3387 3812 lumbos.
3425 3755 3546 3814 Non

1946 3837 2126 3893 dixit:
2160 3839 2242 3893 Ad
2271 3841 2402 3908 quid
2429 3841 2453 3895 i
2478 3843 2573 3897 sed
2603 3843 2860 3899 mandato
2891 3846 3091 3914 paruit.
3116 3846 3330 3905 Rursus
3361 3849 3500 3904 dixit
3528 3867 3544 3904 :

1946 3927 2093 3984 Vade
2132 3932 2202 3985 ad
2239 3930 2600 4003 Euphratem;
2648 3950 2760 3991 non
2814 3937 2951 3992 dixit
2988 3938 3140 3994 :Cur
3163 3939 3398 3994 vadum?
3450 3944 3546 3997 sed

1934 4022 2072 4077 satis
2103 4021 2180 4076 illi
2209 4022 2331 4087 fuit,
2362 4033 2419 4079 et
2444 4025 2709 4083 obedivit.
2759 4026 2875 4083 Hoc
2915 4039 2969 4084 et
3001 4045 3101 4085 nos
3140 4046 3388 4100 agamus.
3427 4031 3546 4088 Non

1935 4113 2115 4169 dixit:
2155 4113 2340 4187 Turpe
2366 4125 2476 4183 est,
2515 4118 2811 4174 ridiculum
2829 4129 2934 4185 est,
2965 4122 3062 4175 sed
3086 4133 3312 4191 paratus
3345 4126 3446 4179 l'uit
3476 4127 3546 4180 ad

1933 4206 2137 4261 omnia.
2191 4206 2422 4279 Propter
2449 4209 2557 4266 hoc
2589 4210 2666 4265 illi
2699 4212 2963 4282 paulatim
3009 4215 3281 4287 praecipit,
3320 4228 3380 4274 ut
3409 4220 3545 4275 obc-

1934 4298 2198 4354 dicnliam
2233 4301 2494 4356 disceret.

2016 4413 2186 4470 Vens.
2224 4415 2314 4470 10.
2373 4415 2480 4471 Eos
2509 4417 2602 4487 qui
2630 4419 2918 4474 uoluerunt
2943 4421 3156 4478 obedire
3193 4425 3362 4479 verbis
3394 4429 3546 4492 meis,

1933 4516 1983 4560 et
2015 4506 2418 4562 ambulauerunt
2469 4521 2585 4579 post
2623 4511 2750 4568 deos
2791 4514 3016 4571 alienos.

309 4599 476 4669 Ὁρᾷς
506 4597 626 4660 πῶς
659 4598 694 4667 ἡ
731 4595 984 4659 ἐπίτασις
1029 4595 1130 4666 τὴν
1173 4593 1448 4666 τιμωρίαν
1489 4592 1823 4664 ὲξήνεγκενς

2013 4601 2180 4656 Vides
2221 4603 2502 4658 adtlitione
2534 4606 2800 4660 malorum
2836 4622 3056 4678 postiam
3104 4609 3350 4666 illatam?
3379 4611 3546 4669 Vides

240 4690 404 4762 Ὁρᾷς
455 4689 701 4760 ἰατρείαν
750 4687 821 4741 τὰ
883 4685 1032 4740 κακὰ
1080 4686 1442 4758 ἀναιροῦσαν,
1487 4687 1589 4756 οὐχ
1636 4684 1826 4748 ἁπλῶς

226 4784 352 4846 τοὺς
392 4780 754 4852 ἀνθρώπους;
795 4774 930 4832 Εἶτα
978 4777 1127 4846 λέγει
1172 4778 1274 4848 τὴν
1316 4778 1540 4831 κακίαν·
1573 4777 1716 4840 Τοὺς
1747 4776 1823 4847 μὴ

232 4871 592 4945 βουλομένους
620 4867 923 4922 ὑπακούειν
954 4867 1032 4938 τῷ
1060 4866 1208 4939 λόγῳ
1244 4884 1370 4937 μου,
1410 4867 1508 4921 καὶ
1534 4865 1825 4938 πορευθέν-

229 4981 327 5027 τας
369 4962 548 5016 ὀπίσω
590 4960 731 5015 θεῶν
761 4959 1095 5030 ἀλλοτρίων·
1143 4960 1238 5012 καὶ
1279 4959 1363 5012 ὃτι
1389 4960 1450 5012 ού
1494 4957 1780 5030 βούλονται
1807 4975 1822 4992 ο

243 5059 375 5112 Ἰδοὺ
410 5055 535 5110 οὐδὲ
564 5055 718 5110 ἄλλοι
749 5053 1056 5126 βούλονται.
1119 5052 1264 5107 Ἀλλ’
1304 5047 1451 5107 οὗτοι
1496 5054 1825 5125 εὐεργεσίας

228 5149 579 5221 ἀπήλαυσαν.
604 5148 687 5200 Τὰ
724 5144 853 5216 ἔθνη
881 5146 945 5198 ού
979 5145 1291 5216 περιέθηκα
1320 5145 1568 5216 ἐμαυτῷ,
1595 5147 1827 5211 τούτους

228 5242 285 5297 ὁὶ
313 5242 403 5295 ναὶ
429 5240 490 5293 οὐ
506 5239 573 5292 δι’
605 5237 868 5310 ἐμαυτὸν,
897 5235 1037 5291 ἀλλὰ
1065 5237 1134 5291 δι’
1157 5235 1377 5301 αὐτούς.

300 5331 581 5401 Καθάπερ
605 5329 900 5387 κολλᾶται
924 5329 994 5384 τὸ
1015 5326 1311 5399 περίζωμα
1331 5330 1464 5398 περί
1487 5328 1606 5398 τὴν
1621 5331 1827 5401 ὀσφὺν

230 5426 338 5482 τοῦ
399 5424 719 5495 ἀνθρώπου
743 5467 760 5493 ,
815 5423 1008 5492 οὕτως
1064 5425 1386 5492 ὲκόλλησα
1436 5423 1589 5493 πρὸς
1640 5426 1824 5497 ἐμαυ-

230 5520 356 5576 τόν.

301 5611 378 5668 Τδ
404 5612 701 5683 περίζωμα
728 5610 894 5666 εἰκών
927 5612 1046 5665 ἐστι
1078 5612 1175 5666 τοῦ
1207 5612 1340 5667 λαοῦ
1361 5656 1375 5681 ,
1409 5616 1504 5670 καὶ
1532 5618 1824 5689 προφήτης

236 5704 326 5762 τοῦ
357 5703 494 5758 Θεοῦ
518 5720 532 5734 ·
577 5704 676 5760 καὶ
712 5702 905 5775 ὥσπερ
937 5703 1006 5758 τὰ
1057 5705 1256 5776 πρῶτα
1308 5709 1714 5780 κεκολλημένον
1754 5715 1823 5784 τῇ

232 5797 325 5854 τοῦ
361 5799 642 5870 προφήτου
676 5796 840 5867 ὀσφύϊ
879 5796 1216 5869 ἀδιάφθορον
1251 5795 1318 5870 ἦν
1341 5842 1354 5866 ,
1397 5802 1602 5868 ταύτης
1631 5804 1688 5857 δὲ
1716 5823 1823 5876 χω-

237 5891 416 5961 ρισθὲν
445 5889 738 5964 διεφθάρη,
761 5888 906 5944 οὕτω
936 5890 1032 5945 καὶ
1056 5890 1253 5959 ὀλαδς,
1278 5893 1441 5964 ἡνίκα
1471 5895 1719 5966 ᾠκείωτο
1747 5898 1823 5972 τῷ

1935 4693 2262 4748 medicinam
2301 4694 2442 4749 mala
2472 4698 2872 4764 destruentem,
2913 4716 3020 4755 non
3059 4701 3310 4758 homines
3360 4705 3547 4776 ipsos?

1934 4786 2143 4843 Deinde
2176 4787 2365 4842 vitium
2399 4789 2662 4855 explicat,
2716 4794 2807 4860 qui
2853 4794 3146 4850 noluerunt
3187 4798 3369 4853 verbis
3403 4800 3544 4855 meis

1932 4880 2182 4944 credere,
2212 4889 2269 4935 et
2297 4881 2429 4935 deos
2449 4882 2661 4938 alienos
2691 4888 2864 4940 seculi
2898 4897 3052 4953 sunt,
3080 4897 3130 4944 et
3156 4891 3284 4960 quia
3311 4891 3498 4946 nolunt
3521 4912 3539 4949 :

1934 4971 2076 5029 Ecce
2131 4988 2234 5030 nec
2275 4975 2368 5030 alii
2404 4976 2618 5031 volunt.
2679 4977 2878 5033 Verum
2929 4981 2983 5036 hi
3035 4983 3304 5039 beneﬁcio
3361 4985 3541 5042 aliut-ti

1933 5074 2098 5132 sunt;
2133 5066 2265 5121 mihi
2295 5078 2489 5137 gentes
2525 5085 2633 5124 non
2663 5071 2873 5137 addixi,
2909 5072 3009 5128 bos
3037 5083 3222 5129 autem
3260 5076 3539 5134 maxime:

1933 5171 2044 5212 non
2077 5167 2301 5228 propter
2329 5173 2436 5226 me,
2469 5160 2564 5214 scd
2597 5171 2822 5232 propter
2848 5177 2966 5218 eos.

2013 5341 2180 5399 νεεε.
2219 5345 2307 5400 Η.
2349 5345 2503 5401 Sicut
2556 5351 2698 5402 enim
2744 5350 2981 5405 adliceret
3028 5353 3346 5409 cinctorium
3399 5357 3542 5413 circa

1936 5435 2172 5492 lumbum
2199 5439 2429 5494 hominis
2451 5480 2467 5507 ,
2505 5441 2583 5494 sic
2614 5444 2942 5513 agglutinari
2973 5451 3044 5498 ad
3078 5464 3179 5502 me.

2008 5618 2415 5690 Subligaculum
2444 5625 2628 5696 imago
2659 5639 2743 5683 est
2777 5631 2985 5701 populi,
3023 5646 3074 5687 et
3109 5635 3372 5703 propheta
3409 5633 3542 5704 Dei;

1932 5721 1988 5767 ct
2016 5713 2162 5768 sicut
2192 5723 2351 5769 antea
2401 5715 2602 5772 lumbis
2636 5721 2920 5790 propheta:
2971 5723 3407 5794 conglutinatum
3441 5729 3542 5782 im-

1935 5821 2099 5861 mune
2132 5816 2249 5860 erat
2278 5823 2307 5861 a
2339 5811 2716 5879 corruptione,
2774 5815 3086 5883 scjnnctum
3124 5833 3254 5873 vero
3307 5836 3538 5891 corrup-

1935 5907 2047 5955 tum
2092 5909 2210 5969 est;
2247 5903 2323 5958 sic
2348 5913 2401 5958 ct
2425 5906 2675 5975 populus,
2712 5906 2839 5962 dum
2877 5907 2986 5965 Deo
3018 5910 3362 5978 adincrebat,
3396 5913 3540 5971 liher
