4228 6436
761 420 863 479 887

1521 418 2085 479 SUPPLEMENTUII
2121 421 2213 477 AD
2248 420 2305 478 S.
2346 421 2398 478 J.
2437 419 2936 479 CHRYSOSTOMI
2972 420 3225 478 OPERA.

3921 426 4025 484 888

762 537 975 596 eratab
1001 535 1148 593 omni
1199 546 1363 599 noxa,
1405 546 1630 591 aversus
1679 545 1859 591 autem
1888 538 1958 594 ab
1999 537 2115 604 illo,
2167 538 2341 594 evasit
2369 542 2415 601 Α
2441 536 2580 607 Θεῷ,
2628 536 2825 607 ἔμενεν
2870 536 3157 609 ἀϐλαϐὴς,
3192 553 3224 591 τ

2444 536 2580 607 Θεῷ,
2628 536 2825 607 ἔμενεν
2870 536 3117 609 ἀϐλαϐὴς
3140 577 3157 605 ,
3192 535 3388 591 τούτου
3420 536 3478 590 δὲ
3513 534 3783 603 ἀποστάς,
3836 546 4031 596 παντά-

764 632 990 688 omnino
1027 628 1259 684 inutilis.

840 719 908 777 Ut
936 729 1070 776 esset
1103 716 1234 774 mihi
1263 720 1319 773 in
1344 719 1617 788 populatur,
1648 730 1696 776 et
1734 721 1789 776 in
1821 720 2187 791 gloriationem
2213 729 2261 776 et
2288 721 2345 775 its

767 812 1022 882 gloriam.

836 902 955 957 Non
980 903 1124 972 quod
1155 902 1271 971 ipse
1295 901 1481 971 gloriae
1504 901 1773 973 indigens,
1799 902 1895 957 sed
1922 914 2149 974 propter
2168 904 2345 960 homi-

764 1008 887 1049 nes.
937 990 1101 1057 Esto;
1134 1009 1222 1049 me
1269 1008 1375 1048 non
1439 994 1602 1050 vultis
1634 995 1961 1065 gloriﬁcare,
2000 1010 2173 1066 quare
2221 1011 2346 1053 vos-

765 1086 1031 1154 metipsos
1062 1083 1469 1139 inhonorastisl

840 1194 1005 1249 Vna.
1036 1194 1123 1249 12.
1156 1192 1225 1248 Et
1255 1196 1397 1250 dices
1422 1195 1490 1249 ad
1512 1194 1761 1265 populum
1792 1196 1950 1251 istum
1976 1212 1997 1252 :
2022 1196 2206 1253 Omnis
2229 1206 2347 1253 uter

766 1283 1071 1351 implebitur
1107 1287 1252 1341 vino.

839 1374 1052 1430 Rursus
1079 1378 1386 1445 exemplum
1417 1394 1430 1430 :
1474 1377 1616 1433 sicut
1646 1386 1770 1432 uter
1809 1378 1877 1433 ad
1914 1378 2017 1434 hoc
2059 1378 2233 1434 factus
2265 1389 2349 1434 est

768 1473 829 1518 ut
857 1465 1163 1535 impleatur,
1198 1467 1271 1520 ita
1302 1474 1355 1522 et
1380 1482 1476 1521 vos
1524 1482 1771 1522 necesse
1793 1469 1999 1537 pariter
2039 1479 2142 1534 est,
2178 1468 2345 1524 veluti

769 1556 838 1609 ad
877 1557 978 1611 hoc
1014 1564 1169 1612 natos
1222 1558 1433 1627 impleri
1473 1559 1675 1628 ρωιιὶε.
1730 1558 1833 1613 Per
1862 1560 1962 1613 has
2014 1561 2163 1614 enim
2208 1561 2346 1616 duas

768 1645 1154 1702 similitudines
1201 1649 1460 1713 ostendit,
1511 1664 1620 1703 non
1652 1651 1797 1718 quod
1841 1651 2049 1719 puniat,
2078 1653 2173 1708 sed
2200 1652 2345 1722 quod

767 1748 1115 1804 summopere
1135 1745 1191 1790 et
1217 1737 1355 1791 citra
1388 1739 1726 1794 curationem
1759 1740 1974 1808 puniat.

846 1934 1008 1989 Vens.
1040 1935 1127 1990 15.
1168 1935 1237 1989 Et
1284 1937 1491 1991 dices...
1533 1936 1667 1991 Ecce
1700 1953 1795 2007 ego
1827 1926 2085 2005 impleo...
2123 1951 2172 1995 et
2206 1959 2349 2013 roges

768 2043 974 2081 eorum.

822 2110 919 2190 Ne
954 2146 1137 2207 putate
1165 2135 1400 2206 majores
1432 2147 1649 2195 vestros
1682 2140 1802 2197 fore
1838 2140 1996 2197 vobis
2023 2139 2345 2197 defensioni.

772 2223 886 2277 line
915 2240 1012 2279 vos
1049 2227 1221 2295 magis
1250 2228 1515 2283 obnoxios
1544 2228 1701 2285 facit.

844 2310 911 2364 Et
936 2315 1256 2369 sacerdotes.

846 2401 1020 2456 Nolite
1050 2413 1237 2473 putare
1272 2407 1388 2461 fore
1422 2407 1577 2462 vobis
1624 2407 1805 2463 solatii
1858 2407 2201 2479 dignitatem,
2245 2410 2350 2468 hoe

773 2490 953 2557 potius
986 2492 1036 2543 in
1064 2501 1300 2547 vestram
1332 2495 1504 2549 tendit
1529 2496 1851 2565 perniciem.

846 2578 1012 2634 Vens.
1051 2582 1136 2636 14.
1171 2582 1237 2636 Et
1265 2585 1564 2655 dispergam
1592 2601 1749 2642 eos...
1779 2586 1851 2640 Et
1878 2598 2057 2657 patres
2096 2604 2345 2647 eorum...

777 2670 901 2724 Non
931 2672 1263 2738 desiderabo,
1292 2684 1339 2728 et
1367 2692 1471 2729 non
1493 2693 1730 2746 parcam.

842 2760 981 2817 Nam
1012 2779 1157 2833 saepe
1202 2766 1448 2822 misereri
1503 2782 1691 2822 eorum
1727 2768 1983 2834 solemus,
2028 2772 2119 2841 qui
2153 2785 2350 2842 poenas

776 2851 1020 2907 luerunt.
1045 2853 1158 2925 Ego
1185 2864 1388 2922 autem,
1424 2858 1619 2927 inquit,
1655 2859 1706 2912 id
1740 2874 1846 2914 non
1872 2859 2094 2916 faciam.
2128 2861 2194 2917 Et
2224 2862 2351 2918 licet

775 2942 966 3009 ingens
1000 2958 1163 3012 poma
1192 2947 1286 3011 sit,
1320 2961 1480 3001 senes
1506 2946 1744 3015 absumi,
1792 2965 1879 3005 me
1905 2960 2091 3007 tamen
2129 2952 2220 3023 qui
2252 2951 2352 3007 mi-

774 3034 1015 3090 sericors
1043 3050 1182 3103 sum,
1221 3036 1273 3091 id
1304 3051 1409 3091 non
1453 3034 1655 3093 ﬂectet.

853 3231 1023 3289 Vens.
1061 3236 1145 3291 l5.
1178 3236 1371 3292 Audite
1408 3248 1457 3293 et
1486 3238 1706 3294 auribus
1738 3241 2054 3311 percipile...
2088 3242 2213 3309 quia
2245 3242 2349 3298 Do-
2376 3222 2420 3280 ο

777 3326 950 3378 minus
980 3324 1188 3381 locutus
1227 3336 1328 3384 est.

844 3421 1219 3487 CircumSpice
1256 3418 1457 3487 ubique
1511 3422 1856 3489 prophetam,
1887 3430 1945 3477 ut
1972 3436 2188 3492 semper
2225 3422 2350 3477 dum

784 3514 1026 3584 loquitur
1055 3513 1124 3568 de
1152 3513 1352 3583 plenis,
1399 3521 1454 3567 et
1483 3510 1704 3570 causam
1734 3516 2008 3571 adnectat.
2039 3516 2149 3571 Nec
2177 3516 2351 3572 solum

779 3605 904 3671 hoc,
936 3605 1030 3660 sed
1060 3619 1184 3658 cum
1211 3603 1347 3658 dicit
1398 3622 1413 3659 :
1442 3601 1559 3658 Non
1604 3606 1928 3672 miserebor,
1953 3623 2058 3661 non
2088 3620 2306 3676 parcam
2332 3622 2349 3661 :

777 3700 930 3766 quasi
962 3698 1026 3749 de
1051 3694 1353 3763 desperatis
1396 3694 1631 3762 locutus,
1683 3711 1873 3753 rursus
1921 3698 2349 3753 cobortationem

778 3788 1023 3856 adjiciat.
1053 3786 1155 3852 Qui
1185 3786 1331 3841 enim
1380 3785 1497 3842 haec
1521 3788 1755 3854 dixerat,
1788 3800 1842 3842 et
1870 3790 2042 3844 instar
2071 3791 2353 3845 sententiae

778 3878 1103 3949 protulerat,
1139 3878 1259 3933 vide
1288 3893 1407 3949 qua!
1453 3879 1636 3933 dicat:
1668 3877 1880 3945 Audite,
1914 3890 1961 3933 et
1989 3879 2206 3933 auribus
2232 3897 2354 3948 per-

779 3970 938 4034 cipite
965 3984 984 4022 :
1017 3983 1085 4023 ne
1114 3968 1483 4037 perfunctorie
1529 3969 1925 4036 audiatis,.nec
1968 3981 2194 4040 vagetur
2238 3972 2355 4026 anl-

781 4074 924 4114 tuus.
959 4058 1045 4112 Nil
1077 4059 1223 4113 enim
1259 4059 1331 4111 ita
1362 4068 1598 4113 mentem
1618 4056 1929 4127 labefactat,
1962 4072 2023 4117 ut
2050 4062 2147 4117 Dei
2177 4065 2357 4121 verbis

784 4166 890 4203 non
921 4149 1225 4203 attendere.
1254 4146 1390 4202 Num
1423 4150 1566 4203 enim
1597 4151 1872 4207 hominum
1910 4163 2036 4209 sunt
2066 4154 2147 4210 ba:
2173 4158 2355 4221 minae,

782 4255 917 4307 quas
957 4255 1100 4309 saepe
1127 4239 1238 4294 falli
1266 4240 1578 4309 contingit?
1607 4240 1746 4297 Deus
1767 4252 1871 4309 est,
1904 4245 1995 4313 qui
2019 4255 2211 4314 potens
2248 4257 2355 4313 est,

782 4331 875 4397 qui
908 4344 1123 4395 semper
1151 4329 1219 4383 ad
1249 4331 1457 4383 exitum
1485 4329 1660 4385 ducit.

2444 643 2580 681 πασι
2606 629 2834 697 γέγονεν
2864 629 3161 701 ἄχρηστος.

2534 719 2647 773 Τοῦ
2677 718 2959 788 γενέσθαι
2987 737 3089 789 μοι
3113 720 3203 785 εἰς
3227 720 3385 776 λαὸν
3415 719 3780 790 ὀνομαστὸν,
3813 719 3914 775 καί
3941 722 4025 787 ἐις

2444 809 2746 878 καύχημα,
2780 810 2878 864 καὶ
2901 811 2989 876 εἰς
3015 809 3225 875 δόξαν.

2511 901 2700 955 Ταῦτα
2727 902 2877 971 λίγει
2908 903 3007 972 οὐχ
3053 901 3131 965 ὡς
3176 901 3341 965 αὐτὸς
3368 900 3626 972 δεόμενος
3653 896 3815 971 δόξης
3834 944 3849 967 ,
3890 900 4031 955 ἀλλὰ

2442 990 2531 1045 διὰ
2564 992 2692 1055 τοὺς
2727 990 3071 1062 ἀνθρώπους.
3104 992 3322 1046 Ἔστω·
3354 990 3456 1062 εμὲ
3499 991 3562 1044 οὒ
3586 991 3846 1061 βούλεσθε
3874 992 4031 1060 δοξά-

2446 1098 2537 1136 σαι
2557 1125 2572 1149 ,
2602 1083 2750 1148 τίνος
2786 1082 2977 1139 ῑνεκεν
3010 1084 3241 1148 ἑαυτοὺς
3263 1082 3609 1153 ὴτιμάσατες

2507 1193 2617 1247 Kal
2656 1192 2813 1261 ἐρεῖς
2852 1192 3003 1261 πρὸς
3034 1192 3144 1247 τὸν
3168 1192 3326 1248 λαὸν
3368 1192 3585 1247 τοῦτον
3607 1206 3621 1222 ⁶
3670 1190 3798 1259 Πᾶς
3832 1192 4033 1261 ἀσκός

2446 1282 2909 1350 πληρωθήσεται
2948 1283 3143 1338 οινου.

2514 1370 2685 1425 Πάλιν
2712 1370 3023 1441 ὑπόδειγμα
3044 1387 3059 1401 ·
3089 1370 3281 1441 ὥσπερ
3305 1372 3335 1424 δ
3371 1372 3543 1435 άσκδς
3568 1371 3705 1443 πρὸς
3742 1371 3902 1426 τοῦτο
3934 1390 4031 1441 γε-

2446 1460 2674 1532 γένηται
2700 1501 2717 1526 ,
2749 1461 2893 1515 ὥστε
2922 1459 3295 1532 πληροῦσθαι,
3324 1460 3467 1515 οὕτω
3510 1460 3605 1515 καὶ
3634 1463 3779 1532 ὑμᾶς
3811 1464 4029 1535 ἀνάγκη

2443 1552 2562 1605 ἐστὶ
2607 1552 2827 1618 λοιπὸν,
2872 1551 3063 1624 ὥσπερ
3092 1552 3231 1623 πρὸς
3271 1551 3429 1605 τοῦτο
3471 1553 3843 1623 γενομένους,
3884 1555 4033 1609 οὕτω

2445 1643 2804 1714 πληρωθῆναι
2830 1644 2932 1714 τῆς
2963 1643 3255 1715 τιμωρίας.
3287 1644 3386 1697 Διὰ
3411 1643 3521 1714 γὰρ
3550 1644 3776 1699 τῶνδύο
3799 1647 4031 1700 εἰκόνων

2443 1736 2740 1800 δείκνυσιν,
2774 1735 2875 1805 οὐχ
2906 1735 2989 1789 δτι
3021 1735 3371 1805 τιμωρεῖται,
3418 1735 3536 1790 ἀλλ’
3566 1737 3672 1805 ὅτι,
3701 1736 3823 1809 μεθ’
3854 1740 4030 1809 ὑπερ-

2448 1825 2632 1895 ϐολῆς,
2669 1826 2766 1878 καὶ
2787 1825 3048 1888 ἀνιάτως.

2520 1936 2632 1991 Kal
2665 1934 2900 2003 ἐρεῖς...
2948 1934 3106 1990 Ἰδοὺ
3140 1932 3257 2005 ἐγὼ
3604 1934 3707 1989 καί
3732 1936 3877 2002 τοὺς
3908 1937 4031 2002 ,βαι

2447 2027 2644 2092 σωῑεῖς
2677 2025 2893 2082 αὐτῶν.

2512 2138 2607 2210 Μὴ
2653 2138 2916 2208 νομίσητε
2973 2137 3120 2207 εχειν
3168 2136 3281 2189 άπὸ
3351 2133 3637 2204 προγόνων
3682 2136 3987 2206 ἀπολογίαν
4011 2151 4029 2167 ·

2448 2229 2609 2284 τοῦτο
2639 2228 2879 2300 μάλιστα
2914 2229 3069 2299 ὑμῶν
3094 2222 3417 2299 κατηγορεῖ.

2525 2319 2639 2373 Kal
2666 2319 2809 2386 τοὺς
2841 2319 3037 2387 ἰερεῖς.

2520 2411 2613 2482 Μὴ
2643 2411 2904 2481 νομίσητε
2944 2411 3052 2464 άπὸ
3092 2408 3188 2463 τοῦ
3232 2408 3546 2480 ἀξιώματος
3578 2408 3728 2481 ἔχειν
3773 2426 4033 2481 παραμυ-

2450 2500 2572 2555 θίαν
2592 2518 2606 2533 ’
2640 2501 2801 2555 τοῦτο
2838 2501 3076 2571 μάλιστα
3104 2501 3249 2571 ὑμᾶς
3280 2500 3569 2555 ἀπόλλυσι.

2522 2594 2634 2649 Kal
2676 2590 3050 2661 διασκορπιῶ
3089 2592 3315 2658 αὐτούς
3458 2592 3569 2646 Kal
3600 2591 3742 2658 τοὺς
3768 2590 4034 2659 πατέρας

2448 2682 2719 2738 αὐτῶν...
2756 2682 2867 2738 Kal
2908 2684 3019 2737 οὐκ
3064 2681 3439 2749 ἐπιποθήσω,
3471 2682 3570 2735 καί
3597 2684 3670 2736 οὐ
3692 2683 3995 2751 φείσομαι.

2538 2772 2757 2842 Ἐπειδὴ
2788 2772 2898 2842 γὰρ
2928 2770 3192 2834 πολλάκις
3229 2769 3503 2841 εἰώθαμεν
3535 2768 3674 2839 μετὰ
3712 2770 3812 2840 τὴν
3854 2786 4031 2839 τιμω-

2455 2863 2575 2934 ρίαν
2606 2863 2779 2918 ἐλεεῖν
2808 2863 2936 2926 τοὺς
2960 2861 3434 2932 τιμωρουμένους,
3472 2862 3615 2932 Ἐγὼ
3639 2898 3654 2925 ,
3691 2860 3879 2929 φησὶν,
3907 2859 4032 2912 οὐδὲ

2448 2953 2609 3008 τοῦτο
2650 2954 2885 3024 ποιήσω.
2927 2953 3046 3007 Κᾶν
3076 2952 3291 3023 μεγάλη
3323 2954 3356 3022 ή
3391 2952 3636 3023 τιμωρία
3674 2948 3708 3023 ᾖ
3756 2950 4034 3021 γερόντων

2450 3046 2817 3116 άναλωμένων
2847 3043 3013 3117 [ἄλλ.
3039 3044 3340 3114 άλωμὲνων
3362 3043 3406 3115 ],
3449 3044 3565 3099 ἀλλ’
3604 3044 3705 3113 ita
3734 3042 3895 3097 τοῦτο
3930 3044 4035 3097 οὐκ

2451 3136 2754 3207 ἐπικάμψει
2776 3136 2867 3189 τὸν
2896 3134 3305 3205 φιλάνθρωπον.

2535 3248 2883 3313 Ἀκούσατε,
2917 3246 3018 3301 καί
3047 3247 3484 3301 ἐνωτίσασθε...
3529 3245 3619 3301 ὅτι
3645 3245 3863 3314 Κύριος
3890 3241 4034 3297 ἐλά-

2452 3339 2630 3405 inae.
2734 3359 2786 3405 ss

2526 3428 2841 3499 Παρατήρει
2883 3426 3035 3497 παρὰ
3074 3420 3255 3481 πάντα
3286 3426 3378 3480 τὸν
3419 3426 3731 3498 προφήτην,
3772 3425 3893 3490 πῶς
3937 3426 4035 3481 καὶ

2454 3518 2583 3571 ὅταν
2620 3518 2893 3588 τιμωρίαν
2922 3517 3057 3587 λέγῃ
3077 3557 3092 3582 ,
3128 3515 3229 3587 τῆν
3252 3517 3432 3569 αἰτίαν
3459 3516 3547 3569 ἀεὶ
3576 3515 3785 3585 τίθησι.
3824 3516 3936 3570 Καὶ
3969 3516 4031 3569 οὐ

2452 3606 2615 3661 τοῦτο
2663 3607 2860 3677 μόνον,
2902 3609 3020 3662 ἀλλ’
3067 3609 3196 3662 ὅταν
3227 3607 3379 3679 είπῃ,
3426 3608 3510 3660 δτι
3553 3607 3669 3661 Οὐκ
3692 3606 3923 3677 ὲλεήσω,
3968 3605 4035 3661 οὗ

2453 3696 2751 3766 φείσομαι,
2804 3698 2900 3751 καὶ
2940 3697 3018 3761 ὡς
3073 3696 3205 3769 περὶ
3255 3696 3699 3767 ἀπεγνωσμένων
3740 3696 3991 3767 διελέχθη
4016 3738 4030 3757 .

2454 3787 2617 3841 πάλιν
2645 3788 2968 3858 παραίνεσιν
2997 3786 3226 3855 εἰσάγει.
3278 3788 3337 3840 '0
3371 3786 3487 3858 γὰρ
3513 3787 3740 3841 τοιαῦτα
3771 3786 4031 3857 εἰρηκὼς,

2455 3804 2617 3841 παΑιν
2645 3804 2968 3858 παραινεσιν
2997 3804 3226 3855 εισαγει.
3282 3804 3337 3840 υ
3353 3804 3487 3930 ὦαρ
3513 3804 3740 3841 τοιαυτα
3771 3804 4030 3857 ειρηκως,

2455 3878 2549 3931 καὶ
2581 3878 3049 3948 ἀποφαινόμενος,
3079 3877 3315 3931 ἄκουσον
3432 3894 3623 3949 φησιν’
3664 3878 3994 3933 Ἀκούσατε
4014 3920 4030 3938 .

2456 3970 2555 4024 καὶ
2598 3971 2990 4027 ἐνωτίσασθε.
3057 3971 3150 4042 Μὴ
3212 3970 3401 4035 ἁπλῶς
3446 3971 3721 4041 ἀκούσητε
3741 4011 3759 4039 ,
3812 3973 3909 4025 καὶ
3957 3972 4032 4041 μὴ

2458 4066 2784 4137 ιπαίρεσθε·
2815 4066 2969 4120 οὺδὶν
3000 4067 3111 4137 γὰρ
3146 4067 3321 4130 οὕτως
3351 4066 3614 4122 ἀπόνοιαν
3640 4068 3814 4134 ποιεῖ,
3865 4068 3943 4129 ὡς
3969 4067 4033 4119 τὸ

2461 4160 2534 4230 μὴ
2560 4161 2848 4230 προσέχειν
2878 4160 2992 4222 τοῖς
3014 4158 3108 4212 τοῦ
3135 4157 3275 4211 Θεοῦ
3314 4157 3516 4226 λόγοις.
3550 4160 3642 4229 Μὴ
3672 4158 3781 4230 γὰρ
3815 4158 4029 4229 ἀνθρώ-

2457 4262 2576 4298 πων
2600 4248 2741 4299 είσὶν
2765 4247 2823 4299 αἰ
2846 4246 3090 4313 ἀπειλαὶ,
3124 4245 3193 4309 ἃς
3224 4246 3488 4311 πολλάκις
3517 4248 3613 4302 καὶ
3635 4248 4030 4318 διαψεύσασθαι

2456 4337 2720 4406 δυνατόν;
2760 4338 2897 4403 Θεός
2946 4340 3095 4392 ἔστιν
3138 4339 3167 4392 ό
3217 4340 3439 4410 ἰσχύων,
3490 4341 3519 4393 ό
3561 4340 3784 4409 ἐπάγων
3835 4341 3923 4394 ἀεὶ
3969 4341 4029 4393 τδ

2454 4427 2629 4491 τέλος.

855 4528 1025 4583 Vens.
1062 4527 1125 4583 l6
1158 4528 1290 4583 Date
1318 4528 1544 4583 Domino
1578 4528 1689 4584 Deo
1718 4541 1886 4587 uestro
1927 4531 2174 4603 gloriam,
2211 4548 2355 4591 ante-
2385 4536 2430 4592 ο
2530 4541 2671 4595 Δότε
2715 4540 2796 4606 τῷ
2836 4540 3034 4610 Κυρίῳ
3077 4542 3225 4613 ὑμῶι

2530 4541 2671 4595 Δότε
2715 4540 2796 4606 τῷ
2836 4540 3034 4610 Κυρίῳ
3077 4542 3249 4613 ὑμῶν
3290 4543 3481 4610 δόξαν
3526 4542 3640 4614 πρὸ
3670 4540 3777 4596 τοῦ
3807 4558 4030 4597 συσκο-

785 4636 941 4690 quant
973 4620 1410 4674 contenebrescat.

858 4733 1074 4786 Credite
1104 4731 1171 4785 iis
1197 4746 1317 4801 qua:
1347 4734 1621 4798 dicuntur,
1652 4733 1791 4788 Num
1816 4734 1961 4789 enim
1992 4750 2097 4789 non
2119 4735 2358 4791 dabitis?

792 4823 855 4874 Et
905 4833 1018 4888 post
1071 4822 1181 4877 lucc
1211 4839 1229 4876 :
1264 4823 1369 4878 Sed
1415 4833 1539 4880 ante
1588 4825 1851 4879 malorum
1905 4825 2356 4895 experimentum,

789 4925 1078 4979 aiiicquam
1107 4914 1557 4971 contenebrescat
1579 4955 1594 4982 ,
1628 4915 2001 4985 captivitatem
2052 4916 2251 4970 innuit.

864 5092 930 5146 [Et
959 5102 1239 5163 antequam
1265 5095 1534 5163 oﬂ‘endant
1565 5096 1719 5165 pedes
1748 5097 1924 5151 vestri.

864 5182 937 5234 Ea
964 5182 1107 5236 enim
1138 5184 1523 5239 adversitatum
1560 5194 1749 5240 natura
1779 5197 1899 5242 est:
1937 5191 2187 5248 tenebras
2217 5207 2360 5248 sem-

793 5288 889 5342 per
918 5272 1157 5328 omnium
1187 5275 1360 5331 oculis
1398 5277 1677 5333 Oliundere
1703 5280 1900 5336 solent.

865 5385 933 5439 Et
956 5390 1321 5454 exspectabitis
1347 5391 1415 5443 ad
1438 5390 1626 5458 lucem,
1659 5402 1704 5447 et
1742 5394 1816 5447 ibi
1853 5397 2039 5451 umbra
2068 5401 2275 5465 mortis,
2312 5412 2358 5455 et

795 5489 1051 5547 ponentur
1083 5481 1139 5532 in
1169 5480 1424 5534 tenebras.

870 5590 1009 5657 Non,
1059 5592 1255 5661 inquit,
1281 5596 1525 5649 succedit
1572 5595 1707 5652 dies.
1746 5597 1853 5654 Nec
1881 5601 2026 5654 cnim
2068 5600 2125 5655 lit
2175 5604 2364 5658 ordine

800 5689 1047 5759 natura,
1100 5686 1196 5740 sed
1247 5688 1585 5743 connexione
1619 5690 2025 5760 calamitatum;
2078 5696 2360 5751 considera

798 5771 942 5825 enim
989 5772 1145 5842 quale
1175 5786 1296 5833 erat
1322 5778 1518 5835 abduci
1544 5794 1635 5836 cos
1670 5782 1934 5851 captivos,
1963 5788 2243 5857 patriaque
2272 5804 2358 5844 or-

2454 4647 2571 4685 τασ
2573 4647 2653 4687 αι.

2526 4742 2863 4796 Πιστεύσατε
2900 4746 3012 4807 τοῖς
3055 4744 3375 4816 λεγομένοις
3402 4762 3417 4778 ·
3453 4746 3547 4817 Μὴ
3599 4745 3708 4817 γάρ
3734 4746 3797 4799 οὐ
3830 4745 4027 4799 δώσετε

2456 4833 2638 4902 αὐτῷ;
2673 4834 2783 4887 Kal
2800 4834 2953 4903 μετά
2976 4836 3162 4890 ταῦτα
3180 4853 3194 4867 ο
3238 4838 3400 4891 Ἀλλὰ
3434 4837 3541 4908 πρὸ
3568 4836 3673 4907 τῆς
3700 4837 3809 4890 τῶν
3840 4837 4026 4890 δεινῶν

2457 4926 2684 4994 πείρας,
2714 4926 2820 4997 πρὸ
2844 4926 2937 4980 τοῦ
2969 4929 3304 4982 συσκοτάσαι
3330 4928 3428 4999 τὴν
3449 4929 3832 5000 αἰχμαλωσίαν
3852 4930 4024 4983 αἰνίτ-

2422 5014 2425 5017 ’
2456 5032 2623 5071 τεται.

2531 5108 2639 5163 Kal
2661 5108 2777 5176 πρὸ
2807 5109 2913 5162 τοῦ
2940 5110 3282 5178 προσκόψαι
3304 5109 3447 5176 τοὺς
3474 5109 3667 5176 πόδας
3700 5110 3883 5177 ὑμῶν.

2528 5200 2751 5271 Τοιαύτη
2780 5202 2889 5271 γὰρ
2918 5202 3025 5254 τῶν
3051 5201 3241 5255 δεινῶν
3262 5204 3296 5272 ὴ
3330 5202 3515 5270 φύσιςο
3542 5202 3733 5264 σκότος
3755 5202 3842 5254 ἀεὶ
3863 5200 4020 5255 εἴωθε

2462 5293 2747 5362 καταχέειν
2776 5292 2884 5345 τῶν
2910 5292 3201 5363 ὀφθαλμῶν
3240 5293 3520 5347 ἁπάντων.

2536 5402 2643 5457 Kal
2671 5402 3019 5472 ἀναμενεῖτε
3057 5405 3143 5470 εἰς
3182 5403 3344 5473 subd,
3380 5404 3477 5457 καί
3509 5404 3633 5458 ἐκεῖ
3665 5404 3810 5458 σκιὰ
3852 5402 4026 5459 θανά-

2464 5511 2592 5559 του,
2624 5495 2723 5547 καί
2756 5494 3111 5562 τεοήσονται
3143 5497 3231 5561 είς
3259 5496 3500 5558 σκότος.

2540 5606 2613 5659 Οὐ
2656 5606 2996 5675 διαδέχεται,
3053 5608 3241 5675 φησὶν,
3284 5607 3317 5676 ἡ
3360 5606 3564 5676 ἡμέρα.
3617 5605 3690 5657 Οὐ
3738 5605 3846 5674 γὰρ
3891 5607 4025 5659 κατά

2468 5699 2677 5767 φύσεως
2726 5696 3051 5751 ἀκολουθίαν
3100 5698 3332 5767 γίνεται,
3371 5697 3509 5751 ἀλλὰ
3549 5697 3691 5750 κατὰ
3734 5697 4024 5765 συνηθειιῖιν

2469 5789 2571 5861 [ἴα.
2600 5787 2919 5860 συνάφειανι
2948 5789 3132 5844 δ;ινιῖ›ν
3155 5806 3167 5818 ·
3194 5790 3443 5861 ἐννόησον
3465 5788 3572 5859 γὰρ
3602 5784 3711 5840 οἷον
3827 5787 4017 5857 ἀπάγε-
