4228 6426
617 777 620 779 ,
653 802 658 806 _
751 742 949 783 sensus
977 727 1139 797 hujus
1166 715 1296 782 dicti
1346 726 1394 781 is
1425 735 1529 781 cst.
1567 712 1736 793 Quod
1771 723 2138 779 voluntariam
2173 721 2332 776 mali-

758 429 857 490 sul
1347 419 1349 422 ‘
1579 389 2149 484 sarmentaan
2188 425 2280 480 AD
2320 422 2340 480 ε

2438 422 2464 480 ἰ.
2505 418 3000 480 CHRYSOSTOMI
3037 419 3287 478 OPERA.
3935 424 4045 482 892

754 556 858 610 tas,
894 545 1024 616 quid
1054 545 1435 616 conquercris!
1472 543 1634 600 Vides
1669 555 1730 601 ut
1757 545 2057 600 absurdum
2094 545 2198 599 hoc
2226 543 2331 599 sit?

2438 540 2668 596 ἀκοῦσαί
2699 556 2836 612 μους
2861 541 2910 593 εἰ
2932 536 3150 608 φύσεώς
3171 537 3322 590 ἐστιν
3345 535 3378 606 ἡ
3407 532 3829 607 πονηρία,τίνος
3847 535 4043 592 ἓνεκεν

755 637 863 693 Sed
893 653 926 695 e
968 647 1155 692 nostra
1185 637 1424 692 amentis
1479 636 1658 692 oritur
1692 637 1794 691 hoc
1825 636 2142 692 absurdum.
2195 633 2328 688 Nam

2442 633 2671 706 μέμφῃ;
2720 633 2884 704 Ὁρᾷς
2907 631 3007 703 τὴν
3041 629 3309 694 ἀτοπίανς
3355 627 3517 682 Ἀλλά
3547 625 3704 698 παρὰ
3753 627 3858 699 τὴν
3905 631 4046 700 ἡμε-

2438 725 2608 796 τέραν
2636 725 2824 780 ἀνοιαν
2851 724 2886 794 ἡ
2919 720 3217 776 ἀτοπία.⁶0
3243 718 3354 789 γάρ
3391 717 3644 789 βούλεται
3673 718 3850 771 εἰπεῖν
3878 719 4041 772 τοῦτό

751 818 881 870 tium
915 817 967 870 in
1004 815 1250 871 habitum
1303 816 1705 870 commutatis.
1756 815 1974 868 Discere
2020 811 2165 866 enim
2224 825 2334 865 non

2440 817 2588 870 ἔστιν
2620 858 2635 882 ,
2695 817 2779 870 ὃτι
2826 815 2937 883 Τὴν
2984 813 3051 866 ἐκ
3097 811 3477 883 προαιρέσεως
3525 810 3728 866 κακίαν
3786 811 3868 874 εἰς
3923 811 4040 876 ἕξιν

751 907 928 960 oritur
956 922 986 960 s
1020 916 1238 960 natura.
1273 906 1378 974 Qui
1423 905 1618 961 didicit
1647 916 1809 961 antea
1846 903 2151 972 ignorantia
2186 912 2337 958 tene-

2442 907 2630 977 σχεδδν
2660 907 3061 978 μετεστήσατε.
3092 905 3166 958 Τὸ
3186 905 3295 976 γὰρ
3325 902 3519 976 μαθεῖν
3543 904 3603 959 ού
3623 903 3838 973 φύσεώς
3859 904 4038 957 ἔστιν.

752 999 937 1063 batur,
967 1007 1024 1054 et
1046 998 1232 1055 discit.
1260 996 1378 1053 Non
1426 998 1591 1068 igitur
1623 1007 1815 1052 natura
1851 995 2028 1053 malus
2061 1012 2076 1048 :
2115 994 2334 1051 insitum

2454 999 2514 1052 Ὀ
2548 997 2740 1069 μαθὼν
2765 997 3029 1070 πρότερον
3051 999 3110 1051 ὲν
3135 996 3333 1068 ἀγνοίᾳ
3365 992 3454 1068 ἦν,
3484 995 3580 1048 καί
3607 994 3894 1066 μανθάνει.
3923 996 4041 1047 υὺκ

751 1091 898 1145 enim
952 1106 982 1144 s
1034 1099 1250 1153 natura,
1300 1090 1402 1145 sub
1449 1088 1794 1159 disciplinam
1847 1105 1954 1144 non
1989 1088 2154 1143 cadit.
2215 1087 2334 1142 Non

2439 1091 2551 1161 ἀρα
2596 1091 2758 1160 φύσει
2804 1089 3045 1160 πονηρός
3068 1103 3084 1119 ⁸
3113 1089 3178 1142 τὸ
3206 1088 3316 1159 γὰρ
3358 1089 3520 1158 φύσει
3550 1088 3612 1141 ού
3650 1087 3824 1140 δεῖται
3859 1089 4040 1158 μαθή-

753 1181 1035 1248 discimus,
1088 1179 1232 1250 quod
1281 1179 1524 1235 dormire
1573 1185 1826 1250 oporteat
1870 1219 1886 1244 ,
1950 1178 2096 1248 quod
2153 1176 2337 1232 lumen

753 1272 999 1342 aspicere
1028 1270 1257 1337 deceat;
1305 1284 1334 1325 a
1369 1279 1564 1326 natura
1602 1271 1748 1325 enim
1797 1269 1911 1324 haec
1945 1277 2095 1332 sunt,
2131 1276 2188 1322 et
2219 1283 2336 1321 ma-

753 1363 951 1431 gistros
1016 1376 1123 1416 non
1177 1362 1507 1431 qumrimus;
1568 1361 1663 1416 sed
1738 1361 2002 1424 velimus,
2061 1359 2335 1423 nolimus,

753 1453 1070 1506 adveniunt.
1107 1452 1178 1506 At
1217 1450 1305 1505 ubi
1342 1449 1644 1520 disciplina
1675 1450 1828 1504 locus
1857 1458 1960 1515 est,
1997 1460 2082 1504 est
2107 1459 2158 1505 et
2188 1450 2338 1518 igno-

756 1543 945 1596 rantia
978 1541 1152 1608 locus,
1194 1550 1249 1596 et
1283 1551 1404 1609 post
1435 1542 1798 1608 ignorantiam
1845 1542 2162 1611 disciplina.
2196 1540 2336 1608 Quid

754 1649 888 1704 ergo
912 1633 1022 1686 ait?
1043 1631 1405 1702 Hyperbolicc
1430 1616 1694 1702 loquitur.
1711 1633 1852 1686 sicut
1873 1641 1928 1686 et
1955 1647 2052 1686 nos
2073 1632 2337 1694 dicimus;

757 1741 892 1793 puer
913 1725 1002 1780 hic
1028 1739 1305 1793 nunquam
1337 1726 1539 1794 poterit
1560 1724 1625 1780 ad
1654 1738 1845 1779 sanam
1869 1735 2106 1779 mentem
2131 1724 2337 1779 reduci.

754 1817 990 1871 Pravum
1022 1815 1323 1887 ingenium,
1345 1824 1404 1870 ut
1427 1816 1621 1871 saltem
1648 1816 1729 1872 sic
1761 1817 1961 1872 rubore
1987 1813 2179 1872 δυσιιεί
2209 1830 2340 1870 con-

759 1919 1066 1962 vertantur.

832 1998 994 2056 Vens.
1028 2001 1118 2055 24.
1151 1999 1222 2055 Et
1248 1999 1592 2054 disseminaai
1623 2015 1712 2054 eos
1744 1998 1899 2064 quasi
1925 1997 2167 2067 stipulas.

824 2091 965 2147 'Vide
999 2105 1057 2148 ut
1087 2093 1248 2147 simul
1296 2103 1353 2148 et
1384 2093 1703 2147 facilitatem
1739 2093 2014 2156 ostendat,
2047 2101 2101 2147 et
2144 2097 2342 2160 poten-

707 2214 710 2216 -
762 2179 889 2235 tiam
924 2192 981 2237 et
1011 2181 1148 2235 iram
1172 2181 1394 2252 explere
1423 2181 1634 2237 volens.

838 2363 996 2420 Vens.
1022 2365 1111 2424 25.
1151 2364 1240 2421 Sic
1265 2381 1383 2422 sors
1404 2373 1520 2435 tua,
1551 2374 1602 2421 et
1619 2381 1745 2436 pars
1775 2365 2146 2422 inobedientia:
2164 2378 2345 2422 uestra

760 2456 1044 2509 adversum
1068 2471 1173 2511 nte.

837 2545 902 2599 lli
956 2556 1060 2600 tute
1127 2546 1340 2602 fructus
1422 2545 1848 2610 incredulitatis,
1907 2544 2342 2616 quandoquidem

763 2639 1254 2708 pseudopropheta
1283 2637 1536 2707 Opposita
1573 2636 1858 2692 dicebant.

832 2728 984 2782 Sicut
1013 2716 1174 2781 oblita
1198 2744 1251 2782 es
1272 2729 1401 2792 mei.
1428 2726 1499 2780 Et
1533 2743 1648 2797 ego.

838 2817 977 2872 Vide
1005 2832 1125 2887 quae
1165 2833 1329 2873 causa
1362 2819 1468 2885 sit;
1511 2817 1654 2872 idem
1685 2827 1738 2871 et
1762 2831 1863 2880 ego
1897 2816 2113 2872 faciam.

837 2909 1001 2964 Vsus.
1033 2910 1124 2965 26.
1173 2910 1239 2965 Et
1268 2926 1362 2980 ego
1390 2910 1607 2964 'nndabo
1633 2911 1922 2976 posteriora
1953 2917 2067 2962 tua.

835 3002 916 3056 Tu
949 3003 1102 3072 prior
1131 3003 1328 3056 borum
1379 3010 1591 3056 auctor.
1625 3001 1808 3054 Amari
1843 3001 1987 3063 volo,
2021 3010 2077 3053 et
2123 2998 2340 3052 abnuis.

773 3094 1071 3163 Propterea
1104 3097 1219 3150 haec
1253 3109 1432 3165 agam,
1486 3103 1544 3148 ut
1590 3095 1870 3165 zelotypus
1916 3094 2206 3163 quispiam,
2243 3107 2343 3148 nec

763 3186 961 3256 punire
995 3186 1185 3241 volens
1216 3200 1360 3250 eam,
1397 3198 1521 3254 quae
1559 3185 1951 3240 contumeliosa
1982 3195 2090 3250 est,
2127 3199 2224 3237 nec
2253 3198 2342 3251 pn-

765 3286 888 3329 tens
922 3289 1078 3342 aequo
1124 3273 1306 3328 animo
1346 3273 1490 3343 ferae
1519 3288 1641 3343 qua
1669 3282 1818 3343 gesta
1852 3281 1979 3327 sunt
2014 3272 2144 3326 nulli
2174 3271 2348 3339 parcit

765 3365 834 3420 atl
866 3379 987 3420 eam
1025 3363 1269 3420 sermoni
1295 3381 1309 3430 ;
1345 3364 1440 3419 sed
1470 3364 1714 3433 loquitur
1747 3375 1806 3418 ut
1832 3363 2050 3434 expleat
2077 3363 2337 3428 furorem,

763 3463 822 3509 ct
859 3453 1100 3523 indulget
1131 3453 1353 3523 quidem
1389 3450 1589 3515 amori,
1615 3456 1740 3506 dum
1773 3466 1878 3505 non
1904 3451 2076 3520 punit,
2113 3449 2349 3519 quiescit

765 3559 916 3612 vero,
952 3555 1012 3602 ut
1049 3547 1195 3602 illam
1223 3546 1402 3601 verbis
1436 3543 1751 3611 lacessivit;
1784 3543 1858 3597 ita
1901 3553 1956 3598 et
1985 3541 2152 3597 Deus.

837 3819 1005 3877 Vsus.
1045 3822 1139 3878 27.
1181 3821 1249 3876 Et
1281 3821 1606 3876 adulterium
1637 3829 1814 3888 tuum,
1849 3829 1898 3875 et
1929 3821 2167 3875 hinnitus
2202 3830 2347 3886 tuus,

763 3925 814 3968 et
841 3913 1096 3968 alienatio
1123 3912 1494 3983 fornicationis
1527 3925 1652 3966 tum.

838 4004 978 4070 Quid
1008 4003 1293 4058 hinnitus?
1333 4005 1574 4059 furorem
1606 4014 1847 4061 vestram
1884 4003 2350 4074 agitationemque

772 4095 944 4164 ipsius
977 4094 1256 4168 exprimit.

829 4183 1002 4253 Super
1033 4186 1214 4250 colles,
1237 4195 1284 4239 et
1309 4185 1363 4238 in
1392 4186 1537 4256 agris
1564 4185 1671 4240 vidi
1698 4185 2111 4240 sbominationes
2145 4193 2283 4238 tuas.

842 4363 955 4418 Nec
989 4363 1161 4428 domi,
1195 4379 1295 4418 nec
1321 4358 1554 4433 occulte,
1599 4369 1691 4421 sed
1723 4367 1938 4434 publica
1979 4376 2033 4421 et
2065 4365 2349 4420 manifesta

769 4454 1030 4506 euntibus
1064 4451 1355 4507 fornicatio
1385 4471 1400 4508 :
1435 4453 1613 4523 palam
1645 4457 1753 4510 erit
1771 4457 2025 4510 omnibus
2051 4466 2138 4509 tua
2162 4455 2352 4509 conlu-

771 4546 872 4596 sio.
907 4543 1210 4613 lgnominia
1246 4552 1336 4596 tua
1366 4545 1530 4601 edicit
1567 4556 1640 4600 te.

856 4629 943 4684 Va:
964 4632 1082 4697 tibi,
1114 4629 1432 4686 Jerusalem.

844 4721 1001 4787 Quod
1033 4732 1088 4777 et
1117 4722 1316 4792 punire
1345 4724 1484 4789 vult,
1510 4724 1683 4794 deque
1709 4729 1999 4796 puniendis
2033 4730 2163 4799 ipsis
2185 4729 2350 4798 dolet,

772 4822 826 4866 ct
853 4812 1018 4882 luget,
1044 4822 1098 4868 et
1128 4812 1356 4886 plangit,
1381 4825 1438 4870 et
1468 4815 1783 4873 miseretur.

1387 4997 1541 5055 CAP.
1597 4999 1736 5055 XIV.

865 5088 1030 5146 Vens.
1063 5092 1113 5146 l.
1155 5092 1221 5146 Et
1257 5093 1457 5163 factum
1500 5105 1579 5151 est
1616 5097 1829 5153 verbum
1863 5099 2076 5155 Domini
2102 5102 2172 5156 ad
2198 5101 2350 5157 lere-

777 5184 933 5233 rriam
963 5183 1026 5236 de
1051 5185 1306 5239 siccitate.

858 5275 1007 5329 Dixit
1035 5277 1341 5341 innumera,
1373 5280 1611 5336 minatus
1632 5291 1719 5336 est
1742 5285 2214 5351 similitmlinibus,
2243 5304 2349 5343 non

776 5363 1152 5430 ert-uiderunt,
1190 5375 1246 5420 ut
1273 5368 1562 5440 lumbaris,
1589 5371 1769 5428 baculi
1800 5376 1980 5441 uucei,
2000 5386 2353 5433 caeterorum-

777 5471 903 5522 que.
943 5455 1100 5512 Venit
1129 5473 1258 5529 ergo
1291 5461 1355 5513 ad
1393 5475 1597 5530 ιιωιιυε.

851 5636 1017 5694 Vsus.
1051 5641 1106 5694 2.
1142 5641 1297 5697 Luzit
1320 5643 1371 5698 ’.1
1383 5645 1559 5699 αάωα.

857 5732 969 5787 Non
1001 5733 1136 5788 dixit
1163 5734 1364 5801 lorum,
1399 5737 1494 5793 sed
1525 5746 1715 5807 portae,
1747 5752 1866 5792 cum
1899 5755 2057 5795 nemo
2085 5754 2230 5799 esset
2261 5749 2350 5815 qai

782 5823 956 5878 exiret
991 5840 1005 5877 :
1036 5823 1179 5894 quod
1206 5826 1497 5882 maximum
1535 5828 1886 5884 desolationis
1923 5830 2206 5888 iudicium.

2440 1199 2600 1245 σεως.
2648 1182 2724 1235 Ού
2782 1181 3130 1254 μανθάνομεν
3168 1180 3253 1233 ὅτι
3296 1179 3380 1233 δεῖ
3429 1178 3744 1240 καθεύδειν,
3788 1177 3913 1237 οὐδὲ
3952 1179 4039 1230 an

2435 1271 2517 1325 δεῖ
2545 1271 2604 1325 τὸ
2632 1271 2752 1342 φῶς
2780 1271 2940 1343 ὀρᾷν.
2980 1269 3169 1324 Ταῦτα
3192 1267 3302 1338 γάρ
3329 1268 3555 1334 φυσικά,
3584 1267 3679 1321 καὶ
3705 1265 4038 1320 διδάσκαλον

2436 1362 2540 1417 οὒκ
2571 1363 2940 1434 ἀναμένομεν,
2976 1359 3117 1414 ἀλλά
3144 1359 3241 1414 καὶ
3285 1358 3571 1424 θελόντων,
3611 1357 3709 1410 καὶ
3745 1357 3820 1428 μὴ
3845 1356 4037 1409 θελόν-

2438 1470 2550 1507 των
2587 1453 2831 1508 -ἐπεισιν,
2885 1453 3058 1506 Ἔνθα
3089 1451 3148 1505 δὲ
3194 1449 3392 1521 μαθεῖν
3429 1449 3583 1513 ἐστι,
3639 1449 3732 1503 καὶ
3761 1449 4036 1516 ἀγνοῆσαι

2437 1545 2540 1609 ἔνι,
2573 1545 2670 1598 καὶ
2695 1544 2756 1610 ἐξ
2796 1544 3021 1614 ἀγνοίας
3066 1546 3099 1615 ἡ
3143 1542 3404 1614 μάθησις.
3450 1540 3517 1595 Τί
3546 1540 3640 1594 οὖν
3675 1543 3792 1593 εστι
3815 1557 3830 1605 ;
3857 1539 4038 1610 φησιν

2439 1636 2843 1708 ὑπερϐολικῶς,
2876 1637 3066 1707 ὥσπερ
3087 1638 3183 1689 καί
3201 1637 3366 1704 ἡμεῖς
3395 1633 3632 1702 λέγομεν
3657 1647 3670 1661 ·
3699 1631 3776 1685 Ού
3806 1632 4034 1686 δύναται

2439 1732 2467 1783 ὁ
2510 1732 2639 1794 παῖς
2688 1723 2847 1792 οὗτος
2892 1727 3302 1798 εύχρηστῆσαι-
3352 1724 3498 1794 κακὴ
3549 1724 3746 1794 φύσις·
3799 1723 3890 1777 ῖνα
3921 1723 4034 1777 κᾶν

2440 1820 2613 1884 οὕτως
2639 1820 3064 1893 ὲρυθριάσαντες
3099 1815 3523 1888 μεταϐάλωνται
3540 1854 3552 1870 .

2520 2002 2626 2056 Kal
2653 2001 2965 2071 διέσπειρα
2991 1999 3216 2066 αὐτοὺς
3245 1999 3326 2064 ὡς
3353 1997 3652 2067 φρύγανα.

2515 2091 2657 2164 Ὅρα
2684 2093 2782 2146 καὶ
2807 2090 2907 2162 τὴν
2956 2090 3214 2144 εὐκολίαν
3260 2087 3378 2151 πῶς
3428 2089 3705 2142 δείκνυσιν
3747 2085 3905 2156 ὁμοῦ,
3936 2087 4034 2139 καὶ

2442 2184 2542 2252 τὴν
2576 2184 2833 2254 δύναμιν,
2869 2185 2965 2238 καὶ
2997 2184 3088 2237 τδν
3111 2183 3286 2252 θυμὸν
3316 2181 3590 2250 ἐκπλῆσαι
3613 2179 3778 2252 [ἄλλ.
3816 2178 4036 2248 ἐμπλῆ-

2446 2269 2560 2340 σαι]
2591 2269 2782 2325 θέλων.

2517 2361 2715 2427 Οὕτως
2757 2363 2789 2414 ό
2843 2359 3072 2429 κλῆρός
3099 2375 3239 2427 σου,
3283 2360 3384 2428 καί
3427 2359 3597 2431 μρίς
3626 2359 3732 2414 τοῦ
3762 2356 4034 2414 ἀπειθεῖν

2443 2451 2600 2523 ὑμᾶς
2633 2453 2768 2521 ἐμοί
2773 2491 2788 2506 .

2513 2543 2756 2598 Τοιαῦτα
2785 2543 3059 2615 καρπώσῃ
3094 2544 3198 2612 τῆς
3235 2543 3547 2608 ἀπειθείας,
3583 2543 3777 2615 ἐπειδὴ
3806 2544 3857 2596 οἰ
3897 2543 4028 2614 ψω-

2441 2635 2787 2705 δοπροςρῆται
2820 2636 2892 2688 τὰ
2918 2635 3137 2690 ἐναντία
3169 2635 3377 2704 ἔλεγον.

2525 2726 2622 2790 Ὠς
2652 2726 2955 2782 ἐπελάθου
2989 2744 3132 2796 μου,
3162 2727 3344 2798 κάγώ.

2516 2817 2659 2889 Ὅρα
2685 2820 2785 2890 τὴν
2811 2821 2992 2874 αἰτίαν
3025 2815 3192 2872 οὖσαν
3211 2836 3224 2849 ⁸
3259 2820 3415 2872 Οὕτω
3445 2822 3538 2873 καί
3561 2817 3675 2889 ἐγὼ
3705 2819 3941 2891 ποιήσω.

2513 2909 2689 2980 Κάγὼ
2717 2912 3094 2980 ἀποκαλύψω
3121 2911 3193 2965 τὰ
3230 2911 3426 2965 ὀπίσω
3444 2928 3584 2969 σου.

2513 3000 2585 3054 Σύ
2642 3019 2734 3070 μοι
2765 3001 2866 3073 τὴν
2913 3003 3092 3072 ἀρχὴν
3139 3001 3373 3066 ἔδωκας.
3420 3002 3700 3056 Φιλεῖσθαι
3729 3003 4027 3074 βούλομαι,

2443 3092 2539 3144 καὶ
2563 3092 2623 3144 ού
2666 3091 2866 3157 θέλεις.
2909 3094 3013 3147 Διά
3063 3091 3225 3147 τοῦτο
3257 3093 3433 3148 ταῦτα
3487 3096 3722 3168 ποιήσω,
3777 3096 4029 3166 καθάπερ

2445 3198 2528 3244 τις
2579 3182 2906 3252 ζηλότυπος,
2965 3185 3105 3256 μήτε
3161 3184 3390 3240 κολάσαι
3427 3185 3753 3256 βουλόμενος
3808 3188 3909 3258 τὴν
3949 3190 4029 3251 εἰς

2447 3273 2614 3326 αὑτὸν
2638 3273 2995 3344 ὑϐρίζουσαν,
3045 3278 3184 3345 μήτε
3226 3276 3418 3349 πράως
3449 3277 3754 3348 δυνάμενος
3782 3280 4030 3347 ἐνεγκεῖν

2445 3362 2512 3415 τὰ
2542 3362 2852 3432 συμϐάντα,
2888 3363 3106 3426 ούδενδς
3125 3364 3364 3432 φείδεται
3391 3366 3638 3436 ῥήματος
3668 3368 3728 3420 ἐν
3751 3369 3864 3431 τοῖς
3894 3369 4030 3439 πρὸς

2446 3454 2638 3523 αὐτὴν,
2666 3453 2840 3524 ταύτῃ
2874 3453 2985 3526 [ίσ.
3021 3455 3176 3508 λαλεῖ
3203 3454 3282 3528 δὲ]
3313 3456 3372 3509 δι
3398 3457 3476 3520 ὡς
3498 3457 3590 3511 τὸν
3612 3458 3787 3528 θυμιν
3823 3440 4028 3530 turali-‘-

2449 3541 2580 3612 ρῶν.
2610 3545 2712 3598 καὶ
2740 3544 2819 3615 τῷ
2856 3546 2955 3615 μὲν
2994 3545 3070 3618 μὴ
3105 3547 3333 3601 κολάσαι
3367 3548 3448 3618 τῷ
3485 3549 3696 3620 φίλτρῳ
3729 3550 4026 3621 χαριζόμε-

2445 3651 2554 3700 νος,
2583 3635 2661 3706 τῷ
2687 3635 2745 3689 δὲ
2796 3637 3023 3708 ὑϐρίσαι
3083 3639 3386 3694 ἀναπαύων
3417 3639 3610 3694 ἑαυτόν
3636 3657 3651 3671 ·
3687 3641 3831 3696 οὕτω
3874 3644 3968 3697 καὶ
3999 3643 4030 3695 ὁ

2446 3723 2599 3789 Θεός.

2515 3818 2624 3873 Kal
2655 3822 2716 3874 ut
2742 3819 3005 3890 μοιχεῖαι
3047 3837 3187 3884 σου,
3225 3822 3324 3877 καί
3366 3826 3400 3877 d
3447 3826 3846 3895 χρεμετισμός
3888 3840 4025 3890 σου,

2447 3907 2546 3962 καί
2573 3909 2609 3977 ή
2632 3909 3119 3979 ἀπαλλοτρίωσις
3149 3909 3256 3981 τῆς
3284 3907 3569 3981 πορνείας
3606 3930 3745 3969 σου.

2518 3997 2586 4051 Τί
2615 4001 2731 4054 ἐστι
2757 4003 3132 4074 χρεμετισμός
3151 4020 3167 4071 ;
3186 4003 3286 4075 τὴν
3315 4004 3540 4076 μανίαν,
3568 4007 3669 4079 τὴν
3692 4006 4028 4079 παροίστρη-

2452 4105 2536 4144 σιν
2571 4092 2740 4164 αὐτῆς
2770 4093 3047 4164 ἐμφαίνει.

2539 4188 2674 4243 Ἐπί
2725 4184 2977 4253 ,βουνῶν
3033 4186 3134 4241 καί
3166 4185 3237 4240 ἐν
3275 4186 3404 4254 τοῖς
3443 4186 3650 4257 ἀγροῖς
3690 4186 3919 4256 ἑώρακα
3958 4187 4030 4241 τὰ

2449 4279 2845 4350 βὸελύγματά
2873 4295 3009 4333 σου.

2522 4372 2692 4426 Οὐδὲν
2717 4373 2775 4424 ὲν
2801 4370 2971 4439 οἰκίᾳ,
3001 4368 3123 4424 οὐδὲ
3153 4370 3332 4440 λάθρα
3353 4386 3368 4400 °
3407 4370 3903 4442 δεδημοσιευμένη,
3934 4372 4030 4425 καὶ

2456 4463 2736 4533 πάνδημος
2762 4462 2796 4528 ἡ
2828 4460 3076 4530 πορνεία.
3115 4457 3500 4530 Ἑμπομπεύει
3524 4459 3688 4532 [ἄλλ.
3707 4461 4029 4531 ἐμπομπεύο

2460 4549 2565 4623 σει]
2606 4566 2698 4603 σου
2727 4551 2761 4619 ἡ
2793 4547 3045 4618 αἰσχύνη.

2527 4639 2674 4694 Οὐαί
2702 4639 2827 4704 (Tol,
2875 4637 3294 4706 Ἰερουσαλήμ.

2531 4728 2652 4782 Ὅτι
2709 4729 2806 4782 καὶ
2853 4727 3106 4798 βούλεται
3151 4731 3402 4794 κολάσαι,
3457 4730 3552 4782 καὶ
3596 4731 3755 4800 ἀλγεῖ
3787 4733 3881 4786 ἐπὶ
3920 4736 4028 4796 τοῖς

2461 4820 2845 4891 κολαζομένοις
2889 4821 3097 4887 αὐτοῖς,
3131 4820 3226 4872 καὶ
3261 4819 3470 4890 θρηνεῖ,
3506 4823 3601 4875 καὶ
3637 4822 3912 4895 ὀδύρεται,
3940 4824 4030 4877 καὶ

2459 4910 2618 4964 ἐλεεῖ.

3049 4994 3052 4998 ’
3119 5003 3274 5057 ΚΕΦ.
3303 5002 3403 5059 1Δ’.

2523 5096 2714 5165 Λόγος
2746 5095 2992 5163 Κυρίου,
3024 5092 3096 5160 ὃς
3123 5095 3379 5165 ἐγενήθη
3413 5099 3561 5166 πρὸς
3598 5098 3879 5168 Ἰερεμίαν
3902 5101 4028 5168 περί

2459 5186 2567 5256 τῆς
2596 5189 2903 5258 ἀϐροχίας.

2531 5279 2665 5333 Eius
2699 5282 2893 5350 μυρία,
2928 5279 3248 5349 ἠπείλησεν,
3280 5281 3381 5335 οὑκ
3418 5282 3750 5337 ἐπίστευσαν
3777 5283 3865 5335 διὰ
3892 5283 4029 5335 εἰκό-

2461 5390 2589 5439 νων,
2615 5373 2691 5436 ὠς
2727 5371 2823 5426 τοῦ
2860 5372 3269 5444 περιζώματος,
3317 5374 3392 5438 ὡς
3428 5376 3528 5446 τῆς
3573 5376 3773 5445 ῥάϐδου
3801 5375 3900 5445 τῆς
3936 5393 4031 5429 κα-

2463 5469 2676 5538 ρυῖνης,
2706 5466 2802 5519 καί
2829 5465 2938 5518 τῶν
2969 5465 3194 5520 λοιπῶν.
3233 5468 3498 5537 Ἀρχεται
3527 5467 3715 5522 λοιπὸν
3738 5468 3847 5523 τῶν
3868 5485 4030 5544 τιμω-

2467 5577 2613 5630 ριων.

2545 5654 2906 5720 Ὲπένθησεν
2924 5652 2960 5720 ἠ
3000 5651 3276 5706 Ἰουδαία.

2532 5745 2645 5798 Ούκ
2679 5740 2854 5809 εἶπεν,
2885 5745 2918 5814 ἡ
2945 5744 3143 5815 ἀγορά,
3171 5747 3288 5799 ἀλλ’
3324 5749 3380 5801 αἱ
3415 5748 3605 5814 πύλαι,
3641 5745 3856 5810 οὐδενὸς
3885 5747 4029 5813 ὄντος

2461 5837 2550 5891 τοῦ
2581 5838 2836 5905 ἐξιόντος,
2858 5837 2886 5890 ὖ
2914 5836 3172 5907 μέγιστον
3205 5838 3438 5911 ἐρημίας
3468 5841 3786 5911 τεκμήριον.
