4228 6468
221 447 330 506 893

301 555 414 612 Καὶ
449 553 488 623 ἡ
518 548 750 622 κραυγὴ
775 547 887 618 τῆς
937 545 1344 617 Ἰερουσαλὴμ
1375 544 1584 614 ἀνέϐη.

299 649 410 702 Τὸν
435 646 572 700 Θεὸν
610 639 984 698 ἐπεκαλοῦντο
1010 655 1027 672 ·
1089 641 1180 694 ὅτε
1230 637 1564 692 ἀπέκτεινεν
1606 636 1828 702 αὐτοὺς,

227 742 354 797 τότε
384 739 680 810 ἑξεζήτουν
706 735 894 790 αὐτόν.

303 833 416 886 Kal
446 833 501 884 oi
523 825 887 898 μεγιστᾶνες
914 821 1106 889 αὐτῆς
1127 819 1502 876 ἀπέστειλαν
1517 818 1661 887 τοὺς
1681 835 1830 873 νεω-

229 921 446 1001 τέρους
471 917 673 972 αὐτῶν
708 917 800 986 ἐφ’
831 915 1010 984 ὕδωρ.

307 999 452 1082 Ὅρα
490 1008 588 1081 τὴν
639 1007 914 1078 τιμωρίαν
967 1005 1188 1059 πάντων
1224 1002 1577 1072 ἁπτομένην·
1633 999 1694 1054 ού
1723 999 1834 1072 γὰρ

229 1104 303 1176 δὴ
328 1102 490 1173 λιμὸς
537 1100 760 1169 ἐγένετο
795 1099 983 1168 μόνον,
1011 1095 1150 1152 ἀλλά
1185 1097 1282 1150 καὶ
1335 1094 1568 1165 αὐχμός.
1613 1091 1835 1164 Ἐπειδὴ

232 1197 349 1267 γάρ
387 1194 537 1258 εἰκὸς
584 1189 653 1262 ἦν
685 1191 871 1245 σιτίων
902 1189 1288 1260 ἀποκειμένων
1326 1187 1428 1260 τὴν
1475 1185 1832 1259 προσδοκίαν,

234 1287 380 1343 ἀλλά
415 1286 491 1357 μὴ
534 1284 636 1354 τὴν
675 1285 875 1354 πεῖραν
905 1278 1046 1336 εἶναι
1079 1279 1179 1335 τοῦ
1211 1279 1398 1350 λιμοῦ,
1429 1282 1494 1350 τῇ
1520 1278 1614 1333 τοῦ
1642 1277 1837 1341 ὕδατος
1877 1299 1881 1316 τ

240 1383 444 1436 σπάνει
472 1375 886 1449 προκατέλαϐεν
910 1374 1092 1430 αὐτῶν
1121 1373 1222 1444 τὴν
1251 1372 1518 1431 διάνοιαν.

315 1473 632 1526 Ἦλθοσαν
679 1468 783 1522 ἐπὶ
827 1466 901 1521 τὰ
943 1467 1208 1538 φρέατα,
1261 1464 1364 1519 καί
1414 1466 1527 1532 οὺχ
1575 1461 1840 1530 εὒροσαν

239 1562 424 1630 ὕδωρ.

325 1652 545 1722 Ἐπειδὴ
574 1651 681 1724 γὰρ
713 1649 806 1704 τοῦ
850 1648 1042 1713 ὓδατος
1086 1648 1305 1718 ῥέοντος
1332 1645 1428 1700 τοῦ
1463 1642 1838 1715 πνευματικοῦ

241 1749 366 1809 ταῐς
411 1743 789 1806 διδασκαλίαις
819 1744 880 1795 ού
906 1745 1220 1813 προσεῖχον,
1253 1739 1364 1793 ἀπὸ
1402 1737 1611 1791 τούτων
1640 1735 1841 1798 αὐτοὺς

246 1836 611 1910 σωφρονίζει,
651 1835 794 1888 ὥστε
829 1834 903 1905 μὴ
929 1836 1010 1898 είς
1046 1837 1245 1904 πεῖραν
1275 1830 1455 1885 ἐλθεῖν
1484 1829 1593 1884 τῶν
1622 1827 1836 1882 δεινῶν.

244 1929 382 1986 Εἶτα
417 1929 567 1998 λέγει
597 1928 693 1982 καὶ
712 1927 812 2000 τὴν
842 1925 952 1979 τῶν
989 1925 1204 1993 ἀλόγων
1228 1923 1500 1994 ἀνάγκην.

334 2020 772 2093 ’ῌσχύνθησαν
799 2019 853 2072 ot
879 2015 1148 2086 γεωργοί.

211 2127 213 2129 ·
319 2113 586 2175 Εἰκότως.
615 2108 776 2173 Τίνος
803 2108 992 2162 ἕνεκεν
1018 2105 1374 2179 ᾐσχύνθησαν
1395 2144 1410 2170 ,
1438 2103 1563 2157 εἰπέ
1599 2117 1723 2173 μοις
1748 2099 1844 2171 Μὴ

247 2205 362 2274 γὰρ
397 2202 550 2274 παρά
573 2202 676 2274 τὴν
707 2199 888 2256 αὐτῶν
911 2197 1129 2266 αἰτίαν;
1165 2197 1241 2270 μὴ
1264 2197 1376 2269 γὰρ
1400 2196 1500 2266 τῆς
1528 2193 1710 2248 αὐτῶν
1741 2195 1844 2264 ῥα-

252 2296 460 2368 θυμίας
492 2294 604 2367 [ἷσ.
634 2293 709 2365 μὴ
739 2293 849 2365 γὰρ
877 2292 1029 2364 παρά
1044 2289 1143 2363 τὴν
1163 2289 1346 2344 αὐτῶν
1376 2283 1710 2360 ρᾳθυμίαν];
1744 2287 1846 2356 τῆς

250 2388 462 2444 ἀνωθεν
510 2386 688 2460 ῥοπῆς
722 2385 917 2454 γέγονε
947 2383 1010 2438 τὸ
1040 2383 1299 2455 πρᾶγμα.
1334 2380 1494 2445 Τίνος
1526 2373 1620 2432 οὖν
1656 2376 1846 2432 ἕνεκεν

257 2479 640 2554 ᾑσχύνθησαν;
685 2477 770 2531 ὅτι
799 2476 956 2530 αὐτοὶ
1005 2475 1170 2529 αἴτιοι
1208 2473 1299 2527 διὰ
1347 2472 1418 2526 τά
1461 2469 1846 2541 ἁμαρτήματα

252 2567 440 2623 αὐτῶν
467 2583 482 2598 ο
507 2569 620 2630 τοῖς
648 2565 761 2638 γὰρ
813 2564 1250 2636 ἁμαρτάνουσιν,
1294 2559 1558 2630 οὐδεμιᾶς
1597 2558 1845 2612 ὶλάττων

257 2657 529 2730 τιμωρίας
598 2657 898 2729 πρόσεστιν
936 2657 970 2726 ἠ
1023 2652 1279 2726 αἰσχύνη.
1333 2651 1446 2705 Καὶ
1476 2650 1538 2705 τδ
1589 2651 1648 2704 ὲν
1694 2646 1850 2719 αὐτῷ

256 2751 372 2824 lia.
401 2749 470 2802 δι’
505 2746 665 2819 αὐτὸ]
700 2745 1049 2811 κολάζεσθαι.

327 2839 441 2895 Kal
481 2837 698 2906 ἔλαφοι
724 2835 796 2890 ἐν
826 2834 986 2905 ἀγρῷ
1007 2834 1242 2888 ἔτεκον.

329 2929 493 2992 Τίνος
564 2927 758 2982 ἕνεκεν
808 2925 878 2979 τὰ
951 2924 1124 2992 ἀλογα
1191 2919 1522 2985 uoluerat;
1579 2916 1669 2970 διὰ
1721 2915 1849 2980 τοὺς

257 3018 607 3093 ἀνθρώπους,
659 3018 740 3081 είς
786 3015 1079 3085 διόρθωσιν
1125 3013 1359 3079 τούτων,
1400 3010 1596 3081 ἐπειδὴ
1640 3008 1740 3075 καὶ
1781 3007 1848 3062 δι’

257 3111 463 3174 αὐτοὺς
482 3108 733 3178 γέγονεν.
954 3178 960 3182 _

335 3203 622 3270 Ὄναγροι
648 3197 929 3265 ἔστησαν
961 3194 1065 3249 ἐπὶ
1093 3193 1314 3258 νάπας.

344 3289 561 3353 Ἰστὲον,
610 3289 695 3345 ὅτι
739 3287 810 3340 τὰ
867 3284 1188 3359 ἐρημότερα
1240 3276 1388 3337 οὗτοι
1443 3279 1726 3350 νέμονται.
1785 3280 1853 3333 Τί

263 3387 438 3446 ἔστιν,
471 3383 730 3436 εἵλκυσαν
770 3380 976 3450 ἄνεμον
1003 3393 1021 3444 ;
1047 3378 1141 3430 τὸν
1189 3375 1298 3430 ἀπὸ
1321 3372 1425 3428 τοῦ
1451 3372 1642 3443 δίφὸυς
1672 3389 1854 3444 παρα-

267 3471 603 3545 μυθούμενοι
635 3469 916 3526 καύσωνα.
958 3463 1114 3532 Εἶδες
1153 3465 1323 3539 ὀργὴν
1350 3464 1666 3530 Δεσπότου;
1711 3459 1853 3528 εῐδες

263 3560 686 3637 φιλανθρωπίαν
715 3561 854 3630 ὁμοῦ
891 3558 1034 3631 μετά
1061 3558 1271 3630 όργῆς;
1302 3555 1550 3624 φείδεται
1585 3555 1697 3610 τῶν
1724 3555 1854 3609 παί-

263 3656 393 3723 δων,
428 3655 522 3709 καὶ
555 3653 638 3716 είς
667 3653 795 3716 τοὺς
826 3649 1050 3714 δούλους
1089 3648 1193 3719 τὴν
1245 3644 1417 3718 ὀργὴν
1463 3645 1715 3717 ἀφίησιν,
1767 3646 1855 3701 ἵνα

264 3747 372 3802 κᾶν
402 3744 545 3799 οὕτω
567 3739 1034 3813 σωφρονισθῶσιν.

337 3837 474 3892 "Ars
501 3837 608 3904 γὰρ
643 3833 962 3904 ἀπρονόητα
995 3831 1127 3887 δ”τα
1180 3829 1358 3886 ταῦτα
1391 3828 1462 3885 τὰ
1495 3827 1634 3894 ζῶα,
1663 3828 1856 3884 αισθά-

265 3947 420 3987 νεται
459 3929 659 3999 πρῶτα
686 3928 780 3980 τού
813 3923 1000 3996 λιμοῦ.
1031 3923 1146 3986 Καὶ
1166 3923 1228 3977 ού
1252 3922 1405 3993 λέγει
1432 3921 1503 3977 τά
1530 3921 1716 3993 ἣμερα
1739 3920 1856 3986 ζῶα

267 4019 399 4092 βοῦς
430 4019 526 4072 καὶ
568 4015 844 4094 πρόϐατα,
871 4013 1012 4069 ἀλλά
1041 4011 1114 4069 τὰ
1142 4013 1313 4086 ἀγρια
1352 4011 1572 4076 δεικνὺς
1601 4011 1704 4083 τὴν
1729 4010 1854 4065 tui-

266 4125 427 4165 τασιν
446 4125 461 4140 ·
492 4109 627 4163 διότι
655 4106 726 4160 δι’
757 4105 958 4170 αὐτοὺς
981 4105 1078 4160 καὶ
1102 4103 1280 4159 ταῦτα
1307 4103 1630 4176 γεγένηται,
1664 4104 1714 4158 si
1757 4103 1855 4158 καὶ

271 4200 349 4271 μὴ
376 4201 458 4262 είς
490 4197 716 4269 χρῆσιν,
751 4194 870 4250 ἀλλ’
902 4197 984 4260 είς
1025 4193 1383 4263 θεογνωσίαν.

339 4297 357 4315 ⁶
404 4292 687 4359 Ὀναπωι
758 4288 1038 4357 ἔστησαν
1091 4287 1192 4342 ἐπί
1254 4284 1500 4352 νάπαις,
1551 4284 1853 4340 εἵλκυσαν

266 4382 602 4452 ἄνεμον,ὠς
628 4379 886 4450 δράκων.
991 4380 1006 4386 ’⁷

344 4473 658 4544 ’Δγριοννιδ
690 4470 831 4536 ζῶον
859 4472 888 4524 ό
917 4469 1174 4544 δναγρος,
1213 4469 1312 4524 καὶ
1336 4467 1637 4523 ἐπιϐαίνων
1663 4468 1855 4523 πεδιά-

1363 429 1796 488 FRAGMENTA
1834 427 1901 484 ΙΝ
1941 424 2314 485 ΙΕΒΕΜΙΔΜ.

3183 20 3190 22 _
3207 20 3224 22 _
3249 16 3510 22 _____,____
3519 0 3806 20 μιᾙὶηά

3431 421 3542 480 θοι

1857 549 1906 606 Α
2008 542 2077 597 Et
2105 542 2310 597 clamor
2340 538 2646 594 Jerusalem
2677 536 2939 592 ascendit.

2013 631 2183 686 Deum
2209 628 2572 695 invocabant;
2607 642 2736 683 cum
2779 640 2878 682 eos
2921 623 3043 681 neci
3091 624 3357 690 traderet,
3394 624 3542 681 illius

1939 736 2099 792 opem
2144 719 2517 790 postulabant.

2013 814 2181 869 Vsus.
2220 812 2275 867 5.
2307 809 2376 864 Et
2418 821 2691 880 magnam
2718 808 2834 877 ejus
2861 806 3118 860 miserunt
3137 805 3381 876 juniores
3417 823 3542 861 suos

1941 908 2010 961 ad
2039 923 2256 978 aquam.
2380 935 2410 959 κ

2014 997 2151 1054 Vide
2182 1013 2398 1069 poenam
2440 1012 2594 1067 aeque
2639 1010 2833 1052 omnes
2861 994 3192 1066 aliligentcm
3216 1011 3232 1062 ;
3257 1010 3395 1055 nam
3434 1009 3542 1048 non

1946 1101 2160 1146 tantum
2215 1090 2422 1155 fames,
2464 1091 2560 1145 sed
2609 1100 2663 1145 et
2710 1088 2935 1144 siccitas
2991 1087 3114 1142 fuit.
3177 1086 3312 1142 Cum
3369 1087 3539 1148 enim,

1945 1182 2224 1237 frumento
2252 1182 2446 1251 utique
2481 1180 2751 1250 reposito,
2796 1179 3144 1250 exspectatio
3187 1178 3350 1232 tantis
3400 1186 3546 1231 esset

1946 1288 2056 1329 non
2115 1274 2292 1343 ipsum
2346 1274 2806 1342 experimentum,
2843 1285 2942 1340 per
2994 1285 3261 1340 aquarum
3305 1270 3543 1338 inopiam

1947 1366 2232 1437 praevertit
2265 1364 2635 1436 cogitationes
2666 1377 2878 1419 eorum.

2038 1453 2304 1509 Venerunt
2337 1457 2408 1508 ad
2432 1462 2638 1521 puteos,
2677 1461 2852 1508 etnon
2878 1453 3192 1507 invenerunt
3217 1465 3438 1521 aquam.

2018 1634 2156 1690 Cum
2191 1634 2339 1689 enim
2396 1633 2598 1689 ﬂuente
2647 1648 2791 1704 aqua
2838 1632 3074 1704 spiritali
3130 1632 3399 1688 doctrinis
3439 1647 3545 1686 non

1947 1731 2324 1794 attenderem,
2359 1743 2457 1798 per
2488 1727 2607 1782 hac
2647 1741 2744 1783 eos
2776 1727 3026 1782 saniores
3077 1727 3280 1789 reddit,
3314 1740 3381 1780 nc
3431 1741 3546 1777 ma-

1950 1821 2127 1875 lorum
2161 1818 2602 1890 experimentum
2637 1828 2920 1888 caperent.
2953 1817 3049 1873 llis
3079 1816 3231 1871 addit
3257 1827 3310 1871 et
3353 1815 3548 1870 bruto-

1875 1907 1920 1964 B
1950 1926 2071 1966 rum
2108 1909 2420 1979 angustias.

2011 2002 2178 2058 Vens.
2214 2001 2272 2057 ι.
2303 2000 2530 2070 Confusi
2555 2007 2675 2053 sunt
2701 1997 2973 2068 agricola.

2018 2089 2234 2146 Merito.
2272 2089 2454 2158 Quare
2507 2086 2719 2143 coniusl
2784 2097 2937 2153 sunt,
2998 2084 3112 2149 dic,
3143 2085 3420 2141 obsecro?
3462 2085 3545 2140 An

1945 2180 2088 2238 forte
2117 2182 2218 2253 ipsi
2239 2196 2463 2236 causam
2487 2195 2594 2235 non
2627 2179 2891 2235 dederunt
2912 2178 3004 2233 iet
3033 2179 3102 2233 ob
3129 2177 3332 2233 nullam
3357 2193 3546 2234 eorum

1946 2274 2294 2332 socordiam?
2339 2273 2432 2329 Dei
2464 2287 2594 2328 vero
2641 2282 2777 2327 nutu
2833 2270 3126 2327 subsecuta
3164 2287 3252 2327 res
3291 2281 3396 2327 est.
3437 2271 3552 2326 Cur

1946 2383 2080 2439 ergo
2103 2336 2319 2430 conlu'si
2353 2367 2524 2424 sunt?
2560 2365 2708 2437 quod
2752 2365 2856 2436 ipsi
2905 2364 3173 2420 malorum
3222 2379 3390 2419 causa
3419 2374 3549 2440 sunt

1947 2472 2173 2534 propter
2225 2462 2550 2532 iniquitates
2600 2475 2751 2526 suas,
2807 2459 3165 2530 peccantibus
3201 2459 3352 2513 enim
3389 2472 3550 2528 penna

1948 2565 2035 2612 est
2065 2555 2211 2610 nulla
2243 2552 2475 2610 inferior
2494 2553 2614 2624 ipsa
2641 2552 2918 2620 confusio,
2937 2561 2994 2608 et
3018 2549 3326 2624 punitionis
3349 2564 3541 2605 causa.

2017 2831 2185 2886 Vens.
2220 2830 2276 2885 5.
2319 2829 2385 2882 Et
2427 2845 2594 2884 ceroee
2623 2829 2679 2883 in
2720 2846 2849 2900 agro
2873 2839 3205 2899 pepererunt.

2022 2922 2196 2988 Quam
2243 2923 2316 2978 ob
2347 2936 2569 2977 causam
2605 2924 2764 2976 bruta
2819 2936 3040 2992 quoque
3089 2917 3437 2991 puniuntur?
3494 2926 3555 2973 ut

1953 3014 2204 3070 homines
2235 3014 2608 3083 corrigantur,
2661 3028 2788 3068 nam
2843 3021 2898 3065 et
2949 3021 3173 3083 propter
3225 3012 3348 3066 illos
3408 3011 3554 3066 facta

1950 3114 2100 3163 sunt.

2029 3193 2200 3251 Vsus.
2235 3193 2290 3249 6.
2323 3193 2527 3264 Onagri
2560 3204 2820 3248 steterunt
2845 3195 2902 3248 in
2925 3195 3146 3263 rupibus

2028 3287 2330 3342 Sciendum
2370 3293 2479 3350 est,
2513 3285 2632 3341 loca
2675 3287 2850 3357 magis
2879 3286 3130 3340 solitaria
3164 3300 3262 3340 eos
3307 3284 3553 3356 depasci.

1956 3377 2095 3446 Quid
2133 3377 2236 3433 sibi
2266 3376 2402 3442 vult,
2435 3387 2721 3434 traxerunt
2748 3387 2968 3434 ventum
2995 3378 3018 3431 Ἰ
3051 3379 3175 3434 sitis
3209 3387 3400 3433 aestum
3434 3395 3556 3433 mo-

1961 3470 2248 3525 derantes.
2291 3466 2548 3524 Vidistin’
2569 3469 2781 3525 Domini
2821 3469 3000 3524 iram?
3031 3469 3279 3525 vidistin'
3305 3470 3556 3525 humani-

1960 3568 2124 3613 tatem
2179 3559 2276 3613 irae
2305 3558 2709 3628 conjunctami
2751 3558 2935 3614 Parcit
2984 3557 3193 3624 liberis,
3219 3567 3274 3614 et
3330 3559 3466 3612 iram
3500 3561 3554 3613 in

1956 3666 2148 3708 servos
2178 3650 2432 3719 cil'undit,
2470 3659 2530 3706 ut
2558 3651 2753 3707 saltem
2802 3651 2875 3706 ita
2907 3652 2976 3708 ad
3007 3662 3250 3709 mentem
3287 3652 3553 3708 redirent.

2035 3830 2171 3887 Cum
2226 3831 2371 3886 enim
2413 3831 2530 3886 haec
2569 3829 2827 3886 animalia
2878 3831 2983 3886 sibi
3045 3847 3152 3887 non
3206 3813 3555 3901 provideant,

1957 3926 2158 3981 famem
2189 3925 2366 3995 prima
2395 3921 2664 3979 sentiunt.
2699 3922 2811 3979 Nec
2843 3932 3160 3979 mansuetas
3188 3924 3267 3978 ait
3296 3924 3557 3978 animan-

1958 4025 2061 4082 tes,
2101 4015 2288 4082 boves,
2336 4025 2392 4070 et
2438 4029 2591 4080 oves,
2626 4014 2720 4070 sed
2778 4013 2925 4070 feras
2966 4014 3263 4070 ostendens
3322 4016 3558 4070 miseria:

1958 4105 2421 4176 magnitudinem;
2458 4121 2582 4160 nam
2605 4116 2661 4161 et
2690 4105 2796 4160 illa:
2823 4114 3046 4176 pr0pler
3075 4121 3170 4162 eos
3194 4101 3354 4162 facta!
3385 4119 3556 4174 sunt;

1955 4213 2011 4256 et
2046 4201 2176 4255 licet
2210 4213 2318 4254 non
2341 4199 2408 4252 ad
2443 4213 2627 4265 usum,
2665 4210 2845 4254 tamen
2883 4197 2951 4252 ad
2993 4199 3088 4254 Dei
3119 4199 3516 4270 cognitionem.

2026 4292 2228 4363 Onagri
2271 4299 2529 4346 steterunt
2580 4292 2638 4347 in
2677 4292 2931 4363 rupibus.
2987 4300 3272 4346 traxerunt
3319 4301 3554 4360 uentum,

1955 4385 2112 4456 quasi
2139 4385 2328 4438 draco.

2029 4477 2229 4533 Ferunt
2266 4477 2469 4531 animal
2522 4483 2609 4532 est
2649 4490 2875 4548 onager,
2923 4478 3137 4547 eampis
3199 4475 3472 4542 insiliens,
3502 4485 3560 4532 et

269 4581 380 4628 σιν,
410 4564 507 4616 καὶ
535 4563 872 4632 διαφθείρων
900 4562 1173 4635 καρπούς.
1231 4561 1399 4631 Λέγει
1435 4561 1642 4626 τοίνυν,
1671 4561 1756 4614 ὅτι
1792 4561 1853 4615 ὲκ

1966 4567 2260 4624 destruens
2304 4566 2539 4623 fructus.
2595 4568 2690 4624 Ait
2749 4569 2957 4638 itaque,
3014 4583 3128 4638 pra:
3185 4567 3440 4623 siccitate
3500 4569 3554 4622 in

266 4655 371 4724 τῆς
402 4653 669 4724 ἀύροχίας
691 4654 773 4716 είς
799 4652 1094 4707 ἀσθένειαν
1137 4647 1276 4723 ἦλθε
1307 4651 1403 4706 καὶ
1427 4651 1590 4706 τοῦτο
1609 4650 1672 4704 τδ
1698 4649 1858 4716 ζῶον.

267 4746 347 4801 Τδ
371 4745 451 4810 δὲ,
482 4745 802 4800 Εῑλκυσαν
830 4744 1056 4813 ἄνεμον
1082 4742 1164 4809 ὡς
1224 4742 1483 4811 δράκων,
1523 4743 1552 4796 ὁ
1609 4740 1862 4813 Ἐδραῐός

268 4856 395 4894 τινα
420 4840 680 4908 τοιαύτην
722 4837 824 4908 τὴν
860 4839 1073 4893 ἔννοιαν
1107 4836 1227 4908 ἔχει
1248 4851 1264 4868 ⁶
1297 4837 1614 4892 Εῖλκυσαν
1638 4836 1864 4906 ἄνεμον

270 4932 354 4998 ὡς
373 4928 521 4991 ζῶον
549 4931 653 4984 ὑπ’
683 4928 910 4996 ἀνέμου
946 4928 1411 5000 συλλαμϐάνω.
1436 4928 1576 4984 Φασὶ
1604 4928 1662 4982 δὲ
1685 4928 1864 4983 τοιαύ-

267 5039 373 5094 την
403 5016 545 5075 εἶναι
581 5020 683 5091 τὴν
714 5021 943 5091 σφίγγα.
984 5021 1198 5093 ’Ὥσπερ
1222 5021 1331 5092 γὰρ
1364 5021 1552 5091 εκείνη
1577 5021 1764 5091 ἥδεται
1795 5024 1860 5093 τῇ

268 5111 369 5166 τοῦ
407 5110 613 5184 ᾶνεμου
649 5112 928 5184 προσϐολῇ
971 5112 1046 5176 ὼς
1085 5112 1145 5165 ὲν
1200 5111 1464 5184 συνουσίᾳ
1515 5113 1818 5184 γιγνομένη
1843 5153 1860 5179 ,

269 5201 439 5270 οὕτω,
478 5203 638 5274 φησὶ,
669 5205 766 5258 καὶ
812 5206 862 5257 oi.
891 5203 1116 5275 δναγροι
1151 5203 1292 5275 πρὸς
1317 5202 1411 5256 τὸν
1440 5202 1644 5274 ἄνεμον
1675 5204 1863 5273 εἱστή-

272 5311 466 5350 κεισαν
517 5293 624 5347 ὑπὸ
672 5282 773 5364 τῆς
829 5295 1040 5359 ἐνδείας
1092 5293 1453 5366 παραμυθίαν
1491 5294 1710 5366 ἔχοντες
1764 5293 1862 5349 τού

272 5386 480 5456 ἀνέμου
520 5385 618 5458 τὴν
649 5387 848 5458 φοράν.
885 5387 1106 5441 Μᾶλλον
1137 5387 1182 5441 δ’
1209 5387 1275 5442 ἀν
1306 5404 1391 5451 τις
1420 5385 1565 5441 οὕτω
1593 5388 1861 5457 νοήσοιτο,

272 5476 592 5534 Εῖλκυσαν
629 5478 857 5548 ἄνεμον
887 5479 959 5545 ὠι,
997 5477 1256 5548 δράκων,
1293 5478 1596 5544 τουτέστιν,
1630 5477 1739 5532 ἀπὸ
1758 5477 1863 5548 τῆς

271 5569 488 5634 ἐνδείας
527 5569 816 5638 ὠγκῶντο’
849 5571 1247 5641 ἐπιλειπούσης
1307 5569 1418 5640 γὰρ
1473 5570 1573 5640 τῆς
1627 5570 1860 5641 τροφῆς.

270 5661 514 5732 ἀνασοᾷν
559 5661 681 5725 ἔθος
712 5665 826 5726 τοῖς
869 5663 1110 5732 ἀλόγοις,
1157 5656 1270 5716 οἷον
1309 5662 1475 5726 ὄνοις,
1511 5663 1725 5728 ἵπποις,
1767 5661 1862 5715 καὶ

268 5755 387 5818 τοῖς
410 5753 699 5818 τοιούτοις.
731 5754 905 5809 Τοῦτο
935 5755 991 5810 δὲ
1030 5757 1206 5809 ποιεῖν
1237 5755 1332 5809 καὶ
1361 5756 1389 5808 ό
1408 5753 1644 5824 δναγρος
1673 5753 1856 5809 εἴωθε.

273 5844 350 5900 Τδ
375 5841 490 5915 οὖν,
515 5847 830 5902 Είλκυσαν
852 5848 933 5914 ὡς
963 5847 1222 5916 δράκων,
1265 5846 1568 5914 τουτέστιν,
1600 5845 1675 5909 ὼς
1704 5840 1860 5909 οὗτος

1967 4659 2349 4730 aegritudinem
2385 4659 2655 4716 decidisse
2687 4668 2745 4716 et
2805 4661 2908 4715 hoc
2956 4659 3183 4715 animal.
3215 4659 3352 4715 lllud
3402 4673 3559 4724 vero,

1970 4750 2272 4808 Traxerunt
2307 4764 2521 4807 rentum
2559 4754 2715 4824 quasi
2746 4753 2931 4817 draco,
2975 4753 3242 4810 Hebrat'us
3275 4753 3422 4808 hunc
3457 4753 3561 4809 ha-

1963 4841 2057 4898 bet
2090 4857 2310 4898 sensum
2356 4862 2369 4898 :
2406 4841 2711 4898 Traxerunt
2743 4853 2951 4898 ventum
2985 4853 3040 4897 ut
3076 4845 3286 4898 animal
3315 4859 3381 4898 ea:
3405 4853 3562 4898 vento

1965 4934 2287 5004 concipiens.
2310 4931 2498 4988 Talem
2530 4949 2697 5003 porro
2721 4936 3007 5006 sphingem
3035 4949 3159 4991 esse
3191 4945 3467 4992 asserunt.
3489 4933 3562 4993 Ut

1965 5023 2114 5078 enim
2148 5023 2239 5077 illa
2266 5036 2501 5077 occursu
2525 5023 2674 5077 venti
2699 5024 2924 5093 gaudet,
2952 5037 3016 5077 ac
3045 5021 3092 5076 si
3123 5022 3178 5076 in
3207 5021 3350 5077 coitu
3382 5029 3561 5086 esset,

1965 5116 2070 5181 sic,
2105 5115 2206 5182 ait,
2240 5114 2431 5186 onagri
2478 5116 2545 5168 ad
2595 5123 2820 5170 ventum
2898 5122 3178 5169 steterunt
3236 5127 3351 5183 prae
3379 5112 3565 5183 inopia

1963 5206 2150 5262 ﬂantis
2199 5209 2347 5261 venti
2402 5206 2605 5262 solatio
2658 5206 2915 5263 recreati.
2968 5205 3112 5274 Quin
3167 5205 3384 5262 meliori
3457 5206 3564 5262 hoc

1967 5300 2191 5372 intelligi
2219 5310 2398 5372 potest
2425 5315 2590 5358 sensu
2613 5318 2627 5356 :
2650 5300 3178 5356 Traxeruntoentum
3201 5302 3355 5370 quasi
3374 5303 3563 5369 draco,

1966 5394 2071 5449 hoc
2105 5401 2211 5460 est,
2263 5409 2376 5464 prae
2424 5395 2605 5466 inopia
2657 5394 2958 5458 rudebant;
3012 5393 3305 5448 deﬁciente
3357 5392 3564 5462 quippe

1965 5486 2090 5540 cibo
2158 5484 2416 5540 animalia
2471 5487 2703 5542 rationis
2755 5485 3006 5556 expertia
3059 5499 3250 5541 vocem
3298 5485 3564 5540 extollere

1965 5576 2574 5641 consueverunt,.asini
2623 5576 2859 5640 scilicet,
2897 5575 3048 5647 equi,
3095 5583 3151 5633 et
3185 5574 3424 5642 similia;
3459 5575 3565 5630 itoc

1966 5668 2098 5723 item
2127 5677 2183 5722 ct
2217 5681 2425 5736 onagro
2457 5683 2556 5722 usu
2580 5670 2752 5723 venit.
2793 5667 2983 5740 Igitur,
3018 5666 3321 5722 Traxerunt
3356 5679 3564 5721 ventum

1967 5765 2021 5808 ut
2064 5757 2251 5823 draco,
2287 5756 2563 5822 videlicet,
2595 5757 2739 5814 sicut
2773 5757 2864 5814 hic
2898 5758 3126 5814 sibilans
3177 5758 3342 5829 longe
3372 5770 3563 5813 vocem

1965 5848 2195 5916 emittit,
2244 5849 2322 5906 sic
2358 5860 2411 5905 et
2460 5852 2650 5923 onagri
2717 5866 2830 5922 pra:
2894 5851 3075 5923 inopia
3112 5851 3450 5916 clamabunt,
3504 5859 3559 5904 ut
