4226 6456
246 418 356 479 897

321 531 433 585 Kal
457 527 571 582 οὐκ
598 525 946 596 ἐφείσαντο.

322 617 619 672 Τουτὲστιν
638 617 932 688 ἀπλήστως
953 612 1030 685 τῷ
1046 612 1337 685 πράγματι
1351 613 1671 685 κέχρηνται,
1699 622 1852 666 τουτ-

247 712 402 767 άστιν
425 709 688 780 ἀφειδῶς.
728 709 872 778 Ὅρα
929 705 1049 769 πῶς
1081 706 1171 760 ἀεὶ
1207 705 1394 768 αὐτοῖς
1427 706 1529 776 τὴν
1571 703 1849 771 ἐπίτασιν,

247 801 348 856 καὶ
373 800 475 872 τὴν
505 798 813 870 ὑπερϐολὴν
844 799 944 868 τῆς
972 797 1173 859 κακίας
1202 793 1451 864 ἐγκαλεῖ.

337 894 466 947 ὀτι
493 892 603 945 ἐὰν
630 891 1061 959 νηστεύσωσιν
1089 890 1203 942 οὐκ
1227 888 1690 957 είσακούσομαι.

318 982 433 1036 Καὶ
460 982 568 1052 μὴν
596 982 659 1033 οὐ
689 980 865 1052 μικρά
893 978 1142 1033 πολιτεία
1166 977 1228 1035 τὸ
1256 976 1573 1049 νηστεῦσαι.
1618 976 1758 1031 Ἀλλ’
1790 978 1847 1031 αἱ

246 1074 458 1128 τούτων
515 1074 802 1143 νηστείαι,
851 1069 1107 1135 ἄκουσον,
1164 1063 1277 1123 οἷαι
1330 1064 1493 1139 ἦσαν.
1557 1067 1651 1143 Τί,
1681 1086 1848 1141 φησιν

263 1165 523 1230 ’Πσαίαςτ
574 1164 679 1230 Εἰς
721 1163 954 1232 κρίσεις
988 1162 1091 1219 καί
1122 1162 1326 1231 μάχας
1355 1160 1707 1229 νηστεύετε·
1748 1161 1850 1214 ἵνα

245 1257 420 1325 τίμοι
442 1255 804 1323 materiem;
821 1253 867 1307 Ν
873 1253 1065 1323 ηστεία
1080 1254 1191 1323 γὰρ
1209 1254 1310 1306 οὐκ
1327 1252 1510 1324 ἀποχὴ
1535 1251 1849 1323 βρωμάτων

249 1348 417 1418 μόνον
449 1346 659 1412 ἁπλῶς,
702 1345 839 1399 ἀλλά
889 1345 1182 1415 φιλοσοφία
1225 1343 1429 1416 ψυχῆς.
1452 1340 1690 1413 ¹’Ὠσπερ
1737 1343 1847 1414 γάρ

244 1440 525 1512 παρθενία
552 1439 653 1509 οὐχ
685 1436 874 1501 ἁπλῶς
905 1437 1087 1507 ἀποχὴ
1107 1437 1312 1507 γάμου,
1346 1434 1485 1489 ἀλλά
1513 1434 1576 1487 τὸ
1608 1434 1850 1505 μάλιστα

245 1532 422 1600 αὐτῆς
455 1528 869 1602 χαρακτηρίζω
908 1528 1009 1597 τὴν
1044 1528 1270 1599 ἀρετὴν,
1312 1526 1374 1579 τὸ
1416 1525 1716 1598 εὗσχημον,
1753 1528 1850 1580 καὶ

244 1623 589 1694 εὐπάρεδρον
617 1619 697 1691 τῷ
728 1619 921 1695 Κυρίῳ
956 1619 1415 1691 ἀπερισπάστως,
1444 1618 1589 1673 οὕτω
1620 1619 1715 1673 καὶ
1748 1638 1848 1691 νη-

245 1715 423 1769 στεία.
470 1715 841 1786 Ἐνήστευσαν
893 1712 988 1766 καὶ
1040 1712 1365 1775 Νινευῖται,
1416 1710 1535 1765 ἀλλ’
1579 1710 1646 1765 ού
1689 1711 1849 1764 τοῦτο

246 1805 456 1877 μᾶλλον
485 1804 579 1858 τὸν
609 1802 743 1856 Θεὸν
786 1801 1141 1873 ἐπέκαμψαν.
1186 1801 1354 1854 Ἀλλά
1392 1801 1537 1867 τίνι;
1573 1803 1639 1872 τῇ
1674 1817 1845 1871 μετα-

1397 404 1827 464 FRAGMEN’I‘A
1862 403 1930 461 IN
1963 401 2341 462 JEREMIAM.
2388 464 2392 469 ,

1876 527 1925 586 Α
2025 517 2094 574 Et
2135 534 2238 573 non
2267 523 2636 589 pepercerunt.

3459 400 3564 458 898

2024 610 2141 666 Hoc
2171 620 2257 666 est
2289 608 2733 665 insaturabiliter
2785 607 2889 665 hoc
2917 616 3177 679 egerunt,
3200 605 3253 663 id
3286 614 3395 672 est,
3428 621 3560 676 pro-

1954 702 2096 758 fuse.
2127 698 2264 754 Vide
2294 707 2353 753 ut
2380 712 2602 768 semper
2630 712 2728 754 eos
2755 707 2982 755 accuset
3013 698 3148 770 ipsis
3178 698 3325 769 quod
3357 712 3563 767 perve-

1951 790 2135 847 nerint
2163 788 2231 851 ad
2268 789 2549 850 cumulum
2578 788 2911 858 iniquitatis.

2022 884 2193 940 Vens.
2225 883 2315 939 12.
2335 883 2606 949 Quoniam
2631 885 2676 937 si
2690 882 3083 952 jejunaverint,
3112 896 3218 940 non
3247 882 3557 938 exaudiam.

2022 974 2091 1029 Et
2135 984 2317 1029 tamen
2356 973 2612 1043 jejunare
2666 988 2778 1027 non
2826 988 2990 1043 parva
3023 972 3249 1035 virtutis
3284 988 3411 1043 pars
3448 982 3557 1029 est.

1954 1063 2061 1119 Sed
2120 1066 2314 1118 horum
2359 1063 2571 1134 jejunia
2628 1062 2777 1130 audi,
2812 1064 2994 1132 qualia
3048 1074 3232 1120 erant.
3286 1063 3429 1133 Quid
3482 1067 3561 1119 ait

1952 1155 2159 1211 Isaias?
2196 1153 2264 1211 In
2305 1155 2522 1225 judicia
2546 1195 2562 1218 ,
2598 1163 2646 1209 et
2689 1155 2972 1225 conﬂictus
2995 1154 3296 1226 jejunatis:
3337 1164 3391 1210 ut
3427 1158 3559 1228 quid

1951 1248 2082 1301 milii
2125 1247 2391 1316 jejunatis
2418 1246 2502 1301 3'?
2543 1244 2817 1316 Jejuniutn
2860 1246 3008 1301 enim
3062 1262 3172 1302 non
3226 1258 3434 1301 tantum
3490 1249 3560 1301 ab

1950 1340 2094 1398 escis
2132 1339 2466 1394 abstinentia
2499 1348 2583 1394 est
2608 1379 2626 1406 ,
2661 1339 2759 1392 sed
2791 1339 3100 1393 studiorum
3134 1339 3304 1393 animi
3338 1353 3558 1392 excret-

1954 1430 2109 1484 tium.
2162 1429 2320 1484 Sicut
2366 1440 2422 1485 et
2456 1430 2749 1500 virginitas
2792 1445 2900 1486 non
2952 1432 3095 1487 nuda
3141 1440 3226 1484 est
3270 1444 3299 1482 a
3355 1431 3560 1500 nuptiis

1950 1523 2287 1582 abstinentia
2307 1562 2323 1593 ,
2354 1526 2449 1578 sed
2480 1523 2624 1592 quod
2659 1523 2939 1597 praecipue
2970 1522 3235 1576 virtutem
3267 1523 3559 1577 constituit

1951 1613 2102 1669 illam
2143 1622 2196 1669 et
2242 1615 2559 1677 honestum.
2588 1624 2643 1669 et
2666 1615 2812 1685 quod
2852 1614 3171 1674 facultatem
3202 1614 3409 1685 praebet
3440 1615 3561 1670 sine

1951 1706 2346 1776 impedimento
2378 1703 2674 1759 Dominum
2697 1706 3051 1774 obsecrandi,
3086 1706 3159 1761 ita
3186 1715 3240 1759 et
3262 1705 3556 1776 jejunium.

1950 1796 2279 1868 Jejunarunt
2308 1808 2366 1853 et
2392 1796 2663 1864 Ninivitae,
2690 1799 2785 1854 sed
2812 1814 2919 1854 non
2946 1814 3044 1869 per
3068 1800 3171 1855 hoc
3200 1800 3368 1853 Deum
3399 1797 3562 1853 ﬂexe-

244 1860 378 1970 δολῇ
410 1897 511 1965 τῆς
560 1894 783 1958 κακίας.
829 1894 896 1947 Τί
1083 1891 1310 1961 ὄφελος,
1349 1891 1473 1946 εἰπὲ
1517 1860 1639 1963 iiut:
1665 1860 1844 1961 κρεῶν

1954 1860 2103 1942 runt.
2162 1888 2271 1943 Sed
2311 1888 2461 1957 quo?
2508 1860 2810 1945 mutatione
2858 1860 3170 1959 pra-vitatis.
3213 1890 3358 1958 Quid
3410 1892 3557 1945 cutim

248 1989 352 2061 μὶν
382 1986 690 2058 ἀπέχεσθαι
714 1984 825 2038 τῶν
856 1984 1096 2054 ἀλόγων,
1136 1983 1359 2055 σαρκῶν
1385 1984 1444 2036 δέ
1479 1983 1845 2054 ἀνθρωπίνων

243 2077 659 2149 ἀπογεύεσθαις
688 2077 850 2132 Οτνου
882 2078 937 2131 δὲ
966 2077 1042 2148 μὴ
1077 2074 1486 2145 ἀπογεύεσθαι,
1523 2075 1753 2147 μεθύειν
1785 2075 1847 2129 δέ

245 2172 539 2244 πλεονεξίᾳ
569 2175 904 2244 χρημάτων;
940 2170 1092 2244 Αὕτη
1134 2171 1502 2243 χαλεπωτέρα
1553 2171 1776 2241 ἐκείνης
1810 2170 1845 2242 ή

246 2264 415 2337 μέθηο
442 2265 545 2318 οὐκ
576 2261 719 2318 εἶδεν
774 2259 918 2330 efﬁat
949 2261 1125 2333 ὓπνῳ,
1160 2262 1299 2317 ἀλλά
1344 2262 1443 2317 καὶ
1492 2262 1591 2332 τῆς
1625 2262 1846 2337 ἡμέρας

244 2355 515 2427 φανείσης
544 2354 710 2409 πάλιν
740 2353 990 2422 αὔξεται.

333 2452 459 2503 Οὐκ
481 2450 920 2518 εὶσακούσομαι
955 2448 1070 2517 τῆς
1096 2448 1367 2515 δεήσεως
1390 2446 1610 2502 αὐτῶν.

329 2541 707 2614 ’ἰσχυρότερον
742 2544 854 2614 γὰρ
882 2541 981 2613 τῆς
1008 2541 1177 2613 εὐχῆς
1209 2542 1265 2595 αἱ
1300 2541 1483 2595 αὐτῶν
1504 2540 1798 2612 ἁμαρτίαι.

301 2634 443 2687 ·”Οτι
473 2634 546 2687 ἐν
587 2634 874 2704 μαχαίρᾳ,
910 2633 1012 2688 καὶ
1038 2634 1109 2687 ἐν
1136 2634 1310 2705 λιμῷ,
1352 2634 1452 2688 καὶ
1495 2633 1567 2687 ἐν
1612 2630 1848 2701 θανάτῳ

240 2722 361 2795 ὲῨὼ
390 2728 744 2780 συντελέσω
775 2710 1020 2791 αὐτούς.

322 2814 488 2869 ΙΙ’Δλλο
519 2815 701 2886 λιμὸς,
733 2815 864 2869 ἄλλο
914 2815 1197 2887 μάχαιρα,
1244 2816 1377 2870 ἀλλο
1428 2815 1691 2879 θάνατος·
1728 2809 1847 2891 ἐνῇ

242 2907 357 2978 γάρ
389 2906 502 2979 [ἷσ.
536 2907 660 2961 ἐνὸν
708 2907 841 2980 γάρ]
876 2911 1014 2978 μήτε
1049 2908 1216 2979 λιμῷ,
1270 2910 1412 2979 μήτε
1461 2912 1646 2980 σφαγῇ
1668 2947 1683 2973 ,
1730 2907 1846 2963 ἀλλ’

239 2996 434 3061 ἁπλῶς
465 2990 822 3068 ἀναιρεθῆναι
852 2996 1071 3068 θανάτῳ
1098 2997 1505 3067 θεηλάτῳπτινί.

315 3086 427 3139 Kal
448 3081 608 3139 εἶπαο
646 3085 699 3138 ’0
728 3085 833 3153 ὢν,
854 3087 1055 3155 Κύριε,
1090 3085 1220 3140 ιδοὺ
1243 3089 1299 3140 οἱ
1320 3086 1623 3156 προφῆται
1648 3086 1849 3142 αὐτῶν

241 3177 722 3247 προφητεύουσι,
754 3177 855 3233 καί
882 3179 1199 3247 λέγουσιν’
1227 3180 1349 3232 Οὐκ
1377 3178 1629 3247 ὄψεσθε.

317 3363 385 3418 Τί
406 3358 522 3432 οὖν,
548 3365 738 3436 φησὶν,
764 3364 815 3418 οί
832 3364 1305 3437 προφῆταιταῖὴα
1327 3367 1708 3439 προλέγουσιν
1734 3369 1849 3423 Οὐκ

1953 1980 2203 2049 prodest,
2229 1995 2439 2050 quaeso,
2461 1995 2490 2034 a
2512 1982 2776 2037 carnibus
2793 1981 3113 2037 animalium
3134 1982 3440 2046 abstinere,
3458 1982 3560 2036 lm-

1951 2086 2145 2126 ntanas
2198 2085 2333 2126 vero
2372 2071 2703 2139 degustare?
2760 2072 2900 2131 Vino
2949 2071 3272 2129 abstinere?
3313 2072 3559 2143 pecuniae

1950 2174 2081 2216 vero
2114 2160 2415 2232 cupiditate
2452 2162 2668 2215 ebrium
2710 2162 2878 2218 esse?
2910 2161 3037 2218 llaec
3070 2163 3159 2218 illa
3204 2163 3448 2217 deterior
3473 2170 3559 2216 est

1948 2252 2222 2318 ebrietas,
2273 2254 2451 2309 nescit
2486 2269 2680 2310 somno
2706 2256 2902 2310 cedere
2946 2255 3066 2322 sed,
3103 2266 3158 2311 et
3203 2244 3558 2310 illucescente

1948 2343 2060 2407 die,
2083 2342 2290 2413 majora
2320 2343 2549 2414 suscipit
2578 2346 2939 2401 incrementa.

1996 2452 1997 2457 ‘
2023 2434 2152 2491 Non
2185 2421 2471 2490 exaudiam
2497 2439 2793 2493 orationem
2821 2454 3027 2496 eorum.

2022 2527 2326 2584 Praevalent
2351 2529 2501 2585 enim
2529 2528 2667 2585 fusis
2695 2532 2951 2601 precibus
2978 2541 3203 2605 peccata
3230 2547 3446 2588 eorum.

2022 2618 2293 2686 Quoniam
2333 2621 2387 2674 in
2426 2620 2628 2691 gladio,
2659 2632 2710 2677 et
2744 2624 2801 2678 in
2834 2624 2995 2693 fame,
3029 2635 3078 2679 et
3109 2625 3164 2678 in
3211 2634 3383 2681 morte
3426 2642 3557 2681 con-

1949 2713 2227 2766 summabo
2255 2729 2369 2768 eos.

2020 2804 2186 2859 Aliud
2218 2806 2415 2873 fames,
2448 2806 2595 2863 aliud
2626 2807 2867 2878 gladius,
2894 2809 3044 2865 aliud
3068 2826 3237 2867 mors.
3270 2811 3558 2883 Coutingit

1949 2899 2095 2953 enim
2146 2914 2249 2955 nec
2284 2898 2465 2966 fante,
2503 2916 2605 2957 nec
2639 2902 2831 2971 crede,
2875 2906 2970 2959 sed
3011 2915 3189 2961 morte
3238 2906 3481 2977 quadam
3525 2920 3557 2960 a

1951 2990 2066 3046 Deo
2097 2990 2243 3045 illata
2273 2992 2490 3047 conﬁci.

2023 3082 2193 3139 Vens.
2237 3085 2345 3159 15ἓ
2370 3083 2437 3139 Et
2466 3086 2582 3139 dixi
2614 3102 2633 3141 .'
2668 3085 2713 3141 0
2741 3104 2830 3151 ou,
2869 3087 3009 3159 (seu,
3040 3087 3147 3154 Qui
3173 3086 3250 3159 es)
3285 3088 3507 3143 Domine
3536 3102 3555 3140 :

1954 3169 2091 3225 Ecce
2114 3154 2385 3241 prophﬂe
2405 3190 2592 3228 eorum
2624 3154 2966 3245 prop/celant,
2985 3186 3036 3232 et
3072 3154 3257 3232 dicunt
3278 3194 3298 3233 :
3324 3176 3448 3233 Non
3478 3180 3558 3234 vi-

1952 3262 2168 3319 debitis.

2024 3355 2204 3423 Quare
2254 3356 2424 3427 igitur
2453 3358 2531 3414 ait
2571 3376 2585 3413 :
2626 3359 2756 3414 Haec
2799 3360 3083 3430 prophetat
3129 3363 3552 3419 vnticinantur:

242 3453 401 3508 ἔσται
428 3453 607 3525 λιμὸς,
635 3454 761 3509 οὐδὲ
795 3455 1079 3527 μάχαιρα;
1109 3457 1376 3529 Μεγάλην
1407 3458 1528 3529 βίαν
1551 3459 1848 3530 ὑπέμεινεν

1949 3445 2067 3503 Νοη
2100 3448 2208 3505 erit
2256 3448 2467 3518 fames,
2512 3466 2690 3523 neque
2742 3452 2999 3523 gladius?
3052 3454 3229 3511 Nimis
3258 3458 3558 3527 urgebatur

241 3548 272 3602 ὁ
307 3548 599 3619 προφήτης
622 3586 638 3613 ,
683 3548 808 3619 οὐχὶ
838 3548 919 3619 τῷ
971 3549 1275 3622 σκυθρωπά
1310 3551 1495 3619 λέγειν
1537 3548 1847 3622 ἀναγκάζε-

1951 3544 2237 3613 proplteta,
2290 3559 2396 3599 non
2437 3547 2582 3614 quud
2625 3545 2767 3601 mala
2813 3548 3074 3601 nuntiare
3106 3561 3425 3619 cogeretur,
3457 3551 3555 3605 sed

245 3638 394 3705 σθαι,
427 3639 565 3694 ἀλλά
598 3639 696 3694 καὶ
743 3639 825 3710 τῷ
855 3641 983 3704 τοὺς
1031 3642 1487 3712 ἐναντιουμένους
1530 3643 1702 3714 ἔχειν,
1752 3645 1848 3698 καὶ

1949 3633 2094 3701 quod
2123 3633 2472 3691 adversarios
2509 3636 2763 3703 haberet,
2794 3646 2851 3692 et
2873 3638 3212 3709 decipieutes
3236 3678 3254 3705 ,
3287 3649 3343 3695 et
3369 3655 3549 3711 oppo-

241 3730 374 3795 τοὺς
427 3731 759 3795 ἀπατῶντας
780 3769 795 3796 ,
855 3733 951 3786 καὶ
993 3733 1258 3787 τάναντία
1303 3734 1698 3805 προλέγοντας.
1746 3738 1848 3792 Διά

1949 3726 2054 3781 sita
2087 3725 2476 3795 praedicantes.
2508 3726 2719 3783 Idcirco
2762 3727 2933 3783 Deum
2967 3727 3291 3799 alloquitur.
3325 3731 3429 3798 Qui
3466 3746 3550 3795 es,

242 3820 407 3877 τοῦτο
441 3824 761 3896 ἐντυγχάνει
799 3824 881 3896 τῷ
913 3824 1094 3897 Θεῷ·’
1120 3826 1181 3880 '0
1213 3824 1311 3892 ὢν,
1341 3809 1593 3883 Δέσποτα
1632 3828 1806 3902 Κύριε
1827 3873 1842 3897 ,

1951 3818 2273 3874 Dominator
2300 3817 2556 3885 Domine,
2584 3818 2652 3875 ad
2678 3816 3048 3877 diiierentiam
3087 3835 3281 3880 eorum
3314 3823 3410 3895 qui
3443 3839 3555 3880 non

244 3914 383 3986 πρὸς
415 3916 829 3990 ἀντιδιαστολὴν
860 3917 971 3971 τῶν
998 3918 1100 3971 οὐκ
1129 3917 1323 3972 ὅντων.

1949 3910 2216 3965 existunt.

315 4005 427 4060 Kal
462 4002 595 4062 εἷπε
640 4008 859 4078 Κύριος
878 4010 1033 4077 πρός
1054 4026 1153 4082 με’
1207 4009 1414 4081 Ψευδῆ
1453 4013 1510 4066 oi
1542 4010 1843 4083 προφῆται

2026 4001 2196 4059 Vnus.
2242 4002 2332 4058 M.
2372 4002 2441 4058 Et
2476 4003 2613 4059 dixit
2660 4004 2926 4063 Dominus
2974 4009 3045 4064 ad
3085 4025 3168 4065 me
3209 4025 3231 4065 .'
3270 4011 3557 4067 mendacia

246 4099 739 4168 προφητεύωσιν
766 4100 867 4154 ἐπὶ
899 4098 982 4166 τῷ
1010 4101 1257 4172 ὀνόματι
1283 4119 1428 4172 μου.

1949 4096 2259 4167 prophetarit
2288 4096 2558 4167 prophetae
2578 4098 2636 4152 in
2669 4098 2882 4153 nomine
2908 4115 3045 4154 meo.

315 4190 473 4245 Διατί
502 4191 630 4254 τοὺς
655 4190 1115 4267 ψευδοπροφήτας
1134 4194 1235 4247 οὐκ
1264 4193 1471 4260 ἐξεῖλεν
1495 4197 1524 4249 ὁ
1551 4196 1720 4263 Θεός;
1755 4197 1843 4251 ίνα

2019 4188 2203 4256 Quare
2250 4187 2396 4245 Deus
2454 4189 2965 4261 pseudoprophetas
3019 4206 3127 4248 nou
3184 4193 3453 4251 sustulit?
3497 4205 3558 4251 ttt

246 4282 324 4355 μὴ
354 4284 628 4355 ἀπιστῆτε
656 4285 825 4339 αὐτοῦ
852 4288 967 4349 τοῖς
1011 4275 1277 4358 ῥήμασιν.
1321 4288 1551 4359 Ὅμοιον
1592 4290 1651 4343 δέ
1680 4290 1841 4345 τοῦτο

1949 4284 2128 4339 verbis
2169 4283 2315 4340 illius
2355 4281 2517 4339 tidem
2564 4284 2902 4341 adhibeatis.
2954 4285 3193 4343 Perinde
3224 4288 3328 4349 hoc
3358 4301 3446 4344 est
3487 4305 3555 4345 ac

240 4372 534 4445 τῷλέγειν,
568 4376 723 4430 Διατί
745 4376 875 4440 τοὺς
892 4376 1220 4443 ἀπατῶντας
1255 4377 1491 4434 καθόλου
1530 4382 1606 4454 μὴ
1634 4381 1841 4450 ἐξεῖλεν

1949 4377 1990 4432 si
2020 4390 2261 4447 (μιαί-οε,
2297 4390 2470 4446 quare
2497 4377 2552 4431 in
2590 4378 2908 4435 universum
2944 4377 3192 4446 fallaces,
3232 4393 3288 4436 et
3324 4398 3551 4453 perver-

239 4463 702 4535 διαστρέφοντας;
738 4465 940 4536 μᾶλλον
968 4466 1027 4521 δὲ
1047 4466 1145 4521 καὶ
1167 4467 1295 4533 τοὺς
1315 4468 1582 4539 δαίμονας
1609 4473 1737 4535 τοὺς
1756 4475 1839 4536 είς

1949 4485 2103 4529 seres
2128 4485 2238 4525 non
2270 4469 2523 4537 sustulit,
2554 4470 2804 4542 quinimo
2835 4481 2892 4528 et
2929 4474 3208 4531 drettionas
3235 4475 3303 4529 ad
3329 4492 3551 4534 onmem

242 4556 427 4610 πᾶσαν
469 4557 670 4610 κακίαν
706 4557 1043 4627 ἐνάγοντας;
1099 4560 1241 4613 ’Δλλ’
1293 4561 1583 4632 ὑποφαίνει
1629 4564 1837 4619 τούτων

1949 4563 2251 4634 nequitiam
2297 4563 2663 4621 inducentes?
2702 4564 2809 4622 Sed
2855 4566 3051 4623 horum
3101 4568 3431 4629 solutionem
3468 4571 3554 4626 di-

239 4644 341 4717 τὴν
382 4645 539 4732 λύσιν
584 4647 613 4699 ὁ
643 4646 788 4710 θεῖος
823 4648 1182 4719 Ἀπόστολος,
1224 4651 1422 4721 λέγων’
1459 4654 1562 4708 Δεῖ
1593 4654 1704 4725 γὰρ
1739 4655 1842 4710 καί

1949 4658 2104 4711 vinus
2155 4654 2365 4712 indicat
2409 4656 2704 4727 Apostolus
2730 4697 2746 4724 ,
2778 4659 2967 4715 dicens
2999 4659 3262 4729 :Oportet
3310 4662 3450 4720 enim
3500 4674 3551 4718 et

240 4736 510 4806 αἱρέσεις
554 4738 626 4793 ἐν
671 4738 817 4808 ὑμῖν
859 4735 1017 4799 εἶναι
1036 4784 1051 4810 ,
1081 4743 1185 4799 ἵνα
1223 4747 1277 4798 oi
1312 4744 1545 4815 δόκιμοι
1589 4747 1842 4817 φανεροὶ

1949 4747 2167 4802 luerent
2189 4748 2328 4801 inter
2351 4762 2443 4801 vos
2471 4762 2584 4802 esse
2602 4787 2618 4814 ,
2648 4756 2707 4802 ut
2729 4748 2945 4818 probati
2974 4750 3110 4814 clari
3140 4751 3295 4821 ﬁant.
3328 4750 3550 4808 Exerci-

240 4826 549 4899 τένωνται.
593 4830 773 4896 Αὔξει
822 4831 934 4903 γὰρ
975 4832 1069 4887 del
1110 4835 1219 4902 τὰς
1246 4836 1464 4906 ἀρετὰς
1504 4838 1577 4892 τὰ
1614 4840 1842 4910 γυμνά-

1949 4839 2074 4892 talio
2102 4839 2245 4893 enim
2266 4838 2488 4896 virtutes
2517 4847 2697 4909 auget,
2726 4850 2773 4895 et
2797 4858 2950 4896 nemo
2976 4854 3292 4910 coronatur,
3329 4847 3433 4900 nisi
3458 4849 3553 4914 qui

243 4932 348 4975 ’για
372 4958 388 4981 ,
436 4919 537 4973 καί
584 4921 787 4990 οὐδεὶς
837 4926 1250 4994 στεφανοῦται
1302 4927 1415 4982 ἐὰν
1444 4930 1534 4999 μὴ
1574 4932 1844 5003 νομίμως

1949 4929 2175 5001 legitime
2226 4930 2505 4985 certaverit
2532 4930 2601 4985 ”.
2636 4931 2741 5001 Qui
2792 4948 2922 4989 vero
2969 4944 3171 5005 certat,
3204 4951 3424 5008 semper
3472 4940 3553 4994 illi

237 5008 509 5093 ἀθνίήσῃ.
573 5013 635 5066 '0
672 5013 731 5073 δέ
772 5014 958 5071 άθλῶν
1005 5018 1096 5072 ἀεὶ
1144 5018 1283 5090 πρὸς
1327 5020 1660 5087 ἀντιπάλους
1691 5024 1839 5093 ἀγω-

1943 5036 2069 5076 cum
2108 5021 2358 5078 hostibus
2393 5025 2755 5097 pugnandum
2787 5034 2894 5088 est.
2945 5037 3003 5085 et
3031 5038 3246 5100 oportet
3283 5030 3383 5086 ltus
3428 5048 3557 5087 esse

239 5088 454 5190 νίζε-ται
477 5142 494 5169 ,
539 5103 636 5156 καὶ
672 5104 757 5158 δεῖ
784 5105 1016 5171 τούτους
1046 5088 1201 5163 εἶναι
1231 5109 1389 5183 νόμῳ
1438 5112 1622 5187 πάλης
1671 5088 1839 5169 πνευ-

1949 5111 2095 5182 quta
2128 5088 2433 5184 spiritualis
2464 5088 2627 5170 lucta:
2678 5116 2845 5186 leges.
2878 5088 3162 5187 Atque'ita
3194 5119 3371 5190 major
3404 5122 3461 5175 ﬁt
3497 5124 3556 5177 iu.

240 5193 502 5264 ματικῆς.
548 5195 660 5249 Καὶ
690 5198 897 5270 μείζων
936 5199 1113 5265 οὕτως
1162 5202 1196 5272 ὴ
1248 5204 1386 5274 πρὸς
1425 5204 1562 5259 Θεὸν
1609 5206 1837 5279 ἀγάπη,

1949 5204 2115 5259 Deum
2160 5205 2405 5263 charitas
2430 5244 2448 5272 ,
2498 5206 2688 5273 multis
2722 5221 2843 5275 eam
2881 5208 3282 5273 certaminibus
3314 5224 3421 5266 non
3452 5228 3551 5266 su.

238 5282 355 5338 τῶν
410 5286 629 5341 πολλῶν
695 5289 870 5364 αὐτὴν
935 5292 1014 5364 μὴ
1064 5292 1350 5349 νικώντων
1404 5296 1638 5365 ἀγώνων
1662 5314 1675 5329 ·
1739 5303 1840 5355 καὶ

236 5372 304 5427 τὸ
358 5374 701 5447 ὑπερϐάλλον
750 5380 850 5451 τῆς
908 5382 1006 5436 τοῦ
1064 5382 1319 5455 σώματος
1374 5386 1474 5457 τῆς
1521 5391 1604 5452 εἰς
1671 5390 1838 5447 αὑτὸν

238 5462 525 5529 δυνάμεως
555 5462 679 5539 ’,[ῑσ.
711 5467 811 5539 τῆς
852 5470 1154 5543 ἀσωμάτου
1191 5474 1287 5527 καὶ
1337 5472 1491 5540 θείας
1523 5476 1836 5553 δυνάμεως]

238 5556 539 5614 δείκνυται.
572 5560 847 5635 Καθάπερ
876 5566 935 5619 ἐν
966 5566 1234 5639 Αἰγύπτῳ
1256 5567 1436 5640 μέγας
1462 5571 1495 5624 ὁ
1523 5572 1658 5637 Θεὸς
1697 5574 1839 5628 ἐδεί-

240 5650 371 5723 κθην
406 5651 535 5716 τοὺς
568 5652 1077 5724 ἀντικαταστάντας
1109 5658 1189 5731 τῷ
1209 5660 1507 5733 θεράποντι
1543 5669 1835 5739 καταργή-

324 5823 370 5855 ⁸⁸
396 5822 497 5879 Isa.
538 5839 693 5893 u-tu,
725 5830 777 5882 4.
859 5830 906 5863 θ’
938 5830 955 5886 l
984 5830 1113 5889 Cor.
1146 5849 1205 5901 tt,
1228 5835 1319 5892 89.
1395 5838 1442 5871 ’°
1476 5837 1649 5896 Exod.
1682 5855 1781 5905 vn,
1829 5842 1917 5898 η.

1945 5296 2310 5365 perantibus:
2360 5307 2417 5353 et
2452 5311 2669 5353 summa
2716 5298 2803 5359 vis
2857 5298 3196 5378 incorporea
3240 5301 3557 5374 divinaeque

1942 5388 2167 5446 virtutis
2199 5390 2537 5446 ostenditur.
2578 5391 3060 5461 Quemadmodum
3113 5396 3165 5452 in
3197 5395 3438 5469 Egypto
3464 5397 3552 5452 di-

1944 5484 2069 5537 vina
2111 5482 2434 5554 magnitudo
2462 5484 2642 5555 patuit
2672 5485 2873 5559 magis,
2902 5487 2997 5557 qui
3030 5474 3131 5545 suo
3163 5504 3325 5545 servo
3354 5505 3415 5549 se
3446 5506 3556 5561 op-

1944 5587 2266 5646 posuerant,
2290 5576 2484 5647 agendi
2520 5579 2725 5635 virtute
2753 5582 2987 5651 privatis
3008 5583 3076 5641 ”.
3104 5581 3251 5641 Nibil
3270 5584 3418 5644 enim
3452 5600 3558 5659 per

1942 5682 2002 5725 se
2051 5676 2287 5736 tantum,
2330 5679 2599 5743 quantum
2645 5674 2897 5745 opposito
2939 5676 3174 5735 aliorum
3213 5677 3546 5736 ostenditur.
