4226 6442
768 394 876 450 899

1584 384 2144 444 SUPPLEMENTL'SI
2182 384 2275 439 AD
2310 384 2368 440 S.
2410 383 2456 437 Ι1.
2497 378 2990 437 CliRYSOSTOMl
3029 379 3279 437 UPEBA.

3929 385 4039 437 ῦἵο

769 513 880 569 Res
918 523 1080 580 porro
1111 509 1237 579 ipsae
1279 505 1781 583 pseudoprophetas
1829 506 2158 574 arguebant,
2217 518 2340 556 cum
2373 511 2418 566 Α
2449 519 2547 563 σας
2579 518 2813 571 φαρμακι

2449 519 2547 563 σας
2579 498 2925 571 φαρμακούς.
2955 499 3122 553 Οὐδὲν
3149 500 3258 570 γὰρ
3293 497 3414 551 καθ’
3437 497 3576 551 αὐτὰ
3602 497 3880 557 τοσοῦτον,
3910 500 4040 552 ὅσον

767 605 925 657 aiiter
947 615 1106 670 quam
1138 599 1336 653 vellent
1359 597 1433 652 illi
1458 597 1746 651 evenirent
1773 611 1874 650 εει
1909 595 2172 648 fructibus
2201 608 2336 660 quo-

766 710 873 763 qne
905 693 1018 746 suis
1045 691 1536 758 cognoscebantur,
1570 688 1615 743 si
1661 687 1796 742 relic
1827 697 1882 739 et
1932 684 2073 740 nolle
2104 685 2186 739 eis
2213 698 2335 753 per-

767 781 1045 836 suadebat.
1075 777 1231 844 Quod
1259 779 1401 833 enim
1432 779 1661 846 quisque
1688 776 1820 841 vult,
1851 773 1982 828 illud
2015 785 2070 830 et
2101 773 2295 829 credit.

2444 593 2502 659 ἐξ
2535 593 2859 655 ἀντιθέσεως
2884 591 3192 651 δείκνυται·
3233 591 3300 644 τά
3332 590 3633 660 πράγματα
3666 589 3724 642 δὲ
3756 607 3882 652 τους
3902 610 4040 660 ψευ-

2443 681 2790 752 δοπροφήτας
2837 681 3125 751 διήλεγχεν
3159 683 3380 734 ἐναντία
3423 685 3490 751 τῇ
3539 680 3861 752 προαιρέσει
3895 700 4036 749 τυγ-

2444 773 2675 842 χάνοντα
2709 771 2872 843 [ἀλλ.
2903 773 3316 845 συμϐαίνονταΓ
3350 774 3447 826 καὶ
3477 774 3542 826 ὲκ
3569 771 3679 824 τῶν
3707 772 3941 841 καρπῶν
3979 774 4036 826 bl

765 870 945 923 αὐτῶν
977 870 1340 938 έγινὼσκοντο
1359 910 1374 934 ,
1421 870 1535 937 εἴγε
1567 869 1642 940 μὴ
1675 867 1849 921 θέλειν
1875 866 2048 919 ἐποίει
2082 865 2194 938 [ἷσ.
2224 867 2339 935 εῐγε
2378 866 2440 920 τὸ
2468 865 2664 932 θέλειν,
2692 865 2787 919 καὶ
2849 865 2946 936 μὴ,
2975 863 3170 937 ἐποίει]
3233 864 3462 926 τούτους
3489 863 3802 935 πεισθῆναι.
3833 867 3900 918 Ὃ
3926 868 4037 937 γὰρ

763 963 996 1027 ῑκαστος
1025 963 1170 1017 θέλει
1192 964 1285 1016 καὶ
1310 963 1578 1016 πείθεται.

847 1057 1084 1112 Visiones
1108 1062 1242 1112 enim
1273 1057 1617 1111 mendaces...
1647 1052 1978 1120 Prophetant
2009 1056 2173 1109 vobis.

838 1149 968 1202 Nam
997 1159 1052 1203 et
1081 1148 1157 1202 illi
1203 1150 1442 1203 visiones
1471 1145 1932 1216 pramuntiabant.
1965 1143 2119 1201 Sicut
2149 1155 2204 1202 et
2239 1144 2342 1202 Se-

765 1243 950 1298 dccias
979 1242 1030 1295 in
1074 1241 1234 1296 tertio
1271 1239 1478 1312 Regum
1510 1241 1587 1295 ait
1607 1242 1676 1298 ⁹¹.

839 1331 1009 1388 Vsus.
1048 1332 1117 1408 l5
1144 1371 1160 1394 .
1198 1332 1287 1386 16.
1320 1330 1386 1386 In
1421 1343 1588 1388 morte
1637 1335 1881 1390 morbosa
1929 1331 2238 1387 morientur.
2271 1327 2340 1383 Et

767 1439 870 1478 non
897 1425 993 1477 erit
1028 1425 1119 1493 qui
1157 1424 1396 1493 sepeliat.

837 1513 1002 1568 Vides
1055 1522 1114 1567 ut
1157 1529 1186 1567 a
1231 1513 1476 1585 deceptis
1509 1516 1578 1570 ad
1625 1515 1963 1586 decipientes
2015 1516 2343 1570 extendatur

764 1605 966 1675 paena?
1019 1606 1306 1672 ingruente
1352 1609 1563 1672 morbo.
1616 1617 1669 1663 et
1717 1608 1862 1662 fame
1894 1618 1950 1661 et
1987 1608 2118 1674 ipsi,
2163 1615 2220 1660 et
2251 1604 2342 1674 qui

2531 1053 2652 1110 Ὀτι
2687 1055 2931 1124 δράσεις
2956 1053 3279 1124 ψευδεῖς...
3333 1055 3830 1125 Προφητεύουσιν
3853 1053 4023 1124 ὑμῖν.

2537 1148 2650 1202 Καὶ
2676 1148 2785 1220 γάρ
2833 1148 3033 1200 ἐκεῖνοι
3073 1148 3296 1218 ὁράσεις
3338 1146 3709 1218 ἀπήγγελλον.
3762 1147 3980 1218 Ὥσπερ
4011 1146 4042 1199 ό

2446 1241 2702 1304 Σεδεκίας
2735 1243 2792 1293 έν
2827 1243 2893 1311 τῇ
2928 1240 3089 1312 τρίτῃ
3115 1238 3224 1291 τῶν
3256 1238 3560 1292 Βασιλειῶν
3586 1255 3778 1308 φησιν.

2530 1333 2632 1386 Ἐν
2675 1333 2908 1394 θανάτῳ
2949 1329 3181 1399 νοσερῷ
3226 1328 3741 1385 ἀποθανοῦνται...
3772 1329 3884 1384 Καὶ
3918 1329 4038 1384 οὐκ

2445 1423 2619 1478 ἔσται
2653 1427 2686 1478 d
2707 1423 2946 1478 θάπτων
2968 1425 3215 1489 αὐτούς.

2531 1518 2716 1586 Ὁρᾷς,
2752 1517 2828 1580 ὡς
2864 1516 3018 1586 παρά
3041 1515 3151 1568 τῶν
3190 1514 3565 1585 ἠπατημένων
3592 1514 3675 1575 είς
3717 1511 3895 1583 μῆκος
3931 1511 4039 1584 τῆς

2448 1609 2721 1678 τιμωρίας
2754 1607 2864 1679 [ῐσ.
2905 1607 3038 1677 δρᾷς
3058 1645 3074 1670 ,
3105 1606 3181 1668 ὡς
3212 1606 3363 1677 παρά
3396 1605 3507 1657 τῶν
3535 1602 3907 1674 ἠπατημένων
3953 1603 4040 1667 εἰς

763 1697 896 1767 ipsis
920 1700 1153 1752 credunt
1183 1697 1303 1754 sine
1333 1699 1612 1770 sepultura
1650 1699 1933 1770 iacebunt,
1979 1699 2196 1754 nemine
2224 1697 2345 1752 illos
2382 1767 2409 1770 Δ
2450 1700 2578 1762 τοὺς
2612 1698 2813 1763 sema:

2450 1700 2578 1762 τοὺς
2612 1698 3066 1767 ἐξαπατήσαντας
3115 1696 3293 1768 μῆκος
3324 1696 3422 1767 τῆς
3457 1693 3754 1768 τιμωρίας]
3789 1697 4038 1749 ἔκτεινα·

764 1789 1057 1859 scpultura
1089 1790 1359 1846 tradente.

838 2063 1000 2120 Vsus.
1021 2065 1107 2121 18.
1139 2063 1198 2120 Si
1228 2081 1467 2135 egressus
1495 2065 1646 2136 fuero
1673 2068 1727 2121 in
1755 2084 2018 2136 campum,
2045 2084 2160 2123 ecce
2186 2070 2347 2124 occisi

762 2157 954 2229 gladio.
991 2155 1130 2222 Quia
1158 2159 1425 2213 sacerdos.

835 2246 946 2300 Nec
987 2256 1168 2301 tamen
1203 2263 1300 2316 per
1332 2248 1447 2302 hac
1481 2248 1871 2303 crodiebantur
1915 2265 1929 2301 :
1964 2248 2168 2305 idcirco
2201 2251 2344 2304 enim

762 2341 1049 2395 conclusos
1086 2341 1182 2394 hos
1235 2340 1456 2410 quidem
1514 2340 1654 2397 l'oris
1695 2339 2080 2406 interimehat,
2130 2353 2189 2397 et
2224 2343 2347 2399 illos

763 2431 946 2495 intus,
992 2446 1170 2499 neque
1218 2441 1399 2486 tamen
1444 2446 1504 2487 se
1559 2431 1903 2488 dediderunt.
1952 2433 2092 2499 Quid
2142 2436 2227 2489 his
2271 2436 2343 2488 ita

762 2523 971 2582 aﬂ‘ectis
999 2511 1230 2594 nequius
1263 2526 1474 2581 fuerit?
1503 2525 1657 2591 Quod
1707 2528 1971 2597 propheta
2000 2538 2056 2581 et
2086 2529 2346 2585 sacerdos

763 2617 1025 2687 praecipui
1086 2617 1351 2672 malorum
1406 2626 1658 2673 auctores
1714 2619 1915 2687 captivi
1966 2619 2342 2687 abducuntur,

764 2704 1075 2771 discentes,
1113 2713 1168 2759 et
1198 2705 1456 2761 docentes
1492 2707 1585 2762 Dei
1619 2707 1942 2777 potentiam.

842 2891 1000 2949 Vitis.
1028 2885 1116 2941 l9.
1141 2885 1398 2956 Nunquid
1421 2887 1706 2954 reprobatis
1737 2889 2029 2959 reprobasti
2051 2889 2273 2956 ludam,
2295 2898 2343 2944 et

764 2992 797 3031 α
828 2965 959 3031 Sion
986 2977 1195 3031 recessit
1226 2979 1405 3031 anima
1431 2993 1544 3030 mea
1564 2976 1590 3030 2

2381 1767 2421 1821 Β
2453 1792 2620 1861 μένης
2650 1792 2750 1858 τῆς
2776 1791 2957 1855 νόσου,
2993 1791 3088 1844 καὶ
3119 1789 3214 1843 τοῦ
3257 1789 3454 1858 λιμοῦ,
3490 1790 3584 1842 καὶ
3622 1791 3673 1842 oi
3715 1767 4040 1859 πειθόμενοι

2448 1885 2460 1952 ί
2486 1886 2572 1936 ισ.
2614 1882 2711 1936 καὶ
2736 1883 2892 1936 αὐτοὶ
2916 1922 2931 1946 ,
2963 1883 3055 1936 καὶ
3086 1883 3136 1936 oi
3165 1881 3342 1954 πειθ.]
3374 1882 3558 1946 αὐτοῖς
3593 1881 3792 1951 ἄταφοι
3817 1880 4041 1937 ἔσονται

2445 1976 2544 2027 οἰκ
2571 1974 2724 2038 ὄντος
2753 1973 2968 2039 οὐδενὸς
2997 1974 3094 2029 τοῦ
3126 1974 3448 2046 κηδεύοντος
3474 1992 3490 2042 ;

2527 2066 2670 2120 Ἐὰν
2695 2065 2920 2130 ἐξέλθω
2952 2069 3040 2133 εις
3072 2066 3141 2121 τὸ
3175 2067 3419 2137 πεδίον,
3457 2067 3558 2122 καὶ
3591 2067 3723 2125 ιδοὺ
3771 2087 4041 2144 τραυμα-

2448 2157 2563 2210 τίαι
2585 2157 2910 2226 ῥομφαίας.
2947 2157 3074 2211 Ὅτι
3110 2159 3323 2226 ἱερεύς.

2516 2250 2626 2302 Καὶ
2655 2248 2778 2302 οὐδὲ
2811 2247 2988 2313 οὕτως
3018 2249 3398 2304 ἐπαιδεύοντο·
3429 2248 3520 2304 διά
3558 2249 3667 2322 γάρ
3705 2250 3866 2305 τοῦτο
3902 2267 4043 2320 συγο

2445 2340 2707 2405 κλείσας,
2749 2342 2879 2407 τοὺς
2923 2341 3023 2411 μὲν
3056 2342 3164 2406 ἔξω
3197 2341 3423 2413 ἀνῄρει,
3468 2344 3596 2406 τοὺς
3621 2343 3679 2396 δὲ
3718 2343 3900 2406 ἔνδον,
3943 2344 4040 2397 καὶ

2444 2433 2567 2486 οὐδὲ
2620 2431 2763 2486 οὕτω
2803 2432 3128 2503 παρέδωκαν
3180 2433 3292 2507 [ἷσ.
3346 2433 3664 2506 ὲνέδωκαν].
3718 2435 3783 2487 Τί
3817 2436 4039 2502 γένοιτο

2443 2526 2510 2578 ἂν
2539 2525 2907 2595 πονηρότερον
2941 2524 3051 2578 τῶν
3079 2525 3223 2580 οὕτω
3261 2525 3660 2596 διακειμένων,
3703 2526 3787 2579 ὅτι
3819 2526 4036 2595 προφή-

2442 2633 2583 2688 της,
2625 2617 2721 2669 καὶ
2777 2616 2959 2686 ἱερεὺς
2988 2616 3039 2669 oi
3092 2616 3334 2688 μάλιστα
3365 2616 3478 2671 τῶν
3512 2618 3700 2672 κακῶν
3741 2617 3905 2670 αἴτιοι
3952 2619 4035 2680 εἰς

2447 2707 2828 2778 αἰχμαλωσίαν
2876 2709 3222 2778 ἀπάγονται,
3273 2709 3692 2780 διδασκόμενοι,
3750 2709 3845 2762 καὶ
3882 2708 4033 2764 διδά-

2447 2815 2668 2864 σκοντες
2701 2799 2795 2852 τοῦ
2822 2799 2956 2853 Θεοῦ
2990 2799 3165 2870 ίσχύν.

2514 2889 2612 2958 Μὴ
2661 2888 3110 2960 ἀποδοκιμάζων
3156 2890 3576 2960 ἀπεδοκίμασα
3607 2892 3713 2945 τὸν
3763 2892 4030 2961 Ἰούδαν,

2444 2982 2542 3037 καὶ
2571 2983 2691 3036 ἀπὸ
2721 2982 2876 3036 Σιὼν
2904 2981 3141 3049 ἀπέστη
3183 2983 3220 3050 ἠ
3257 2983 3430 3052 ψυχῆ
3454 3000 3575 3053 μου
3592 3001 3613 3050 ;

834 3069 1130 3124 Considera
1168 3069 1364 3123 iterum
1388 3070 1709 3140 prophetam
1747 3085 1846 3141 pro
1889 3071 1997 3133 illis
2039 3073 2200 3128 verba
2257 3072 2339 3128 Γει-
2370 3114 2415 3177 c
2488 3073 2664 3144 _"Opa
2687 3072 2813 3127 πάλι

2488 3140 2493 3143 _
2519 3073 2664 3144 Ὅρα
2687 3072 2852 3127 πάλιν
2892 3073 2983 3126 τὸν
3011 3074 3300 3145 προφήτην
3334 3075 3477 3147 ὑπὲρ
3507 3076 3671 3130 αὑτὸν
3700 3076 4031 3148 ποιούμενον

764 3159 1020 3214 cientem.
1076 3158 1239 3229 Plaga
1296 3161 1440 3216 enim
1488 3176 1772 3233 poenarum
1824 3165 2183 3233 magnitudini
2250 3181 2342 3222 re-

769 3251 1088 3321 spondebat.
1123 3251 1258 3319 Cur,
1283 3252 1480 3323 inquit,
1507 3254 1779 3323 proiecisti
1819 3256 2034 3323 penitus
2061 3255 2340 3326 populum,

762 3353 817 3398 et
838 3341 994 3396 Iuda:
1025 3343 1294 3409 meminit,
1325 3356 1380 3398 et
1400 3343 1526 3411 loci,
1557 3359 1656 3400 nec
1689 3353 1900 3400 tantum
1932 3346 2180 3403 homines
2201 3347 2344 3418 quod

763 3433 1005 3501 percussi
1034 3429 1237 3487 fuerint
1264 3433 1536 3504 deplorat.

836 3613 1094 3686 Nunquid
1127 3615 1436 3685 reprobans.

835 3705 960 3760 llaec
984 3706 1050 3761 de
1077 3706 1267 3760 ultima
1298 3707 1368 3761 oh
1395 3705 1674 3762 Christum
1706 3707 2058 3765 derelictione
2088 3712 2343 3768 videnlur

763 3795 1034 3864 proferri;
1075 3796 1342 3850 malorum
1374 3797 1520 3851 enim
1570 3798 1923 3868 magnitudo,
1978 3803 2344 3874 temporisque

761 3886 1095 3942 diuturnitas
1133 3886 1386 3941 videntur
1435 3903 1561 3944 esse
1595 3891 1995 3957 quodammodo
2038 3895 2345 3962 reprobatio

760 3989 817 4033 et
854 3978 1072 4045 rejectio
1103 3994 1116 4031 :
1152 3976 1260 4032 Sed
1290 3977 1491 4034 Paulus
1519 3998 1532 4033 :
1573 3978 1696 4033 Non
1724 3981 1874 4051 ejeeit
1895 4022 1910 4047 ,
1939 3983 2051 4047 ait,
2096 3989 2343 4053 populum

760 4085 949 4134 suum,
987 4085 1137 4139 quem
1181 4072 1464 4137 prtescivit.
1511 4069 1653 4124 Nam
1687 4083 1800 4141 post
1838 4077 2342 4132 consummationem

760 4160 992 4232 gentium
1052 4160 1222 4215 omnis
1278 4159 1452 4215 Israel
1492 4163 1669 4216 salvus
1713 4165 1813 4218 erit
1867 4167 1936 4222 ".
1992 4165 2339 4239 PrOpositum

765 4251 929 4321 igitur
964 4249 1057 4304 Dei
1092 4248 1330 4306 futuram
1367 4251 1574 4307 indicat
1602 4268 1776 4323 spem.

834 4428 1196 4486 Sustinuimus
1225 4448 1434 4499 pacem,
1463 4442 1512 4487 et
1547 4450 1651 4488 non
1681 4444 1834 4489 erunt
1864 4436 2020 4492 bona.

834 4521 958 4576 Alia
1021 4525 1496 4594 exspectavimus;
1562 4527 1690 4595 quia
1763 4544 1952 4598 pcenas
2012 4531 2346 4594 sufﬁcientes

761 4612 1036 4670 dedimus.

835 4703 1001 4760 Vens.
1032 4707 1123 4763 20.
1152 4706 1526 4779 Cognovimus,
1554 4710 1800 4781 Domine,
1833 4726 2049 4782 peccata
2080 4730 2282 4776 nostra.

833 4795 1090 4868 Confugit
1111 4798 1178 4854 ad
1205 4801 1337 4856 illud
1369 4803 1690 4869 remedium,
1718 4807 1862 4876 quod
1893 4809 2168 4865 residuum
2199 4824 2340 4879 erat,

761 4887 1129 4955 cognitionem
1163 4905 1358 4962 nempe
1390 4902 1764 4963 peccatorum.

833 4975 1150 5050 lniquitates
1207 4991 1420 5050 patrum
1472 4997 1772 5042 nostrorum
1829 4994 1954 5060 quia
2007 4997 2337 5064 peccavimus

763 5069 880 5125 tibi.

833 5161 1016 5227 Quare
1044 5169 1258 5232 patrum
1297 5167 1613 5224 memoriam
1641 5173 1878 5240 repetit?
1909 5173 2041 5229 Tam
2078 5180 2339 5236 socordes

763 5264 954 5307 scmus
985 5252 1038 5306 in
1069 5256 1342 5325 propriis,
1375 5268 1434 5313 ut
1470 5269 1696 5328 paterna
1733 5278 1952 5335 quoque
1984 5268 2034 5321 in
2067 5285 2166 5335 nos
2199 5275 2338 5328 reci-

764 5344 914 5398 dant.
949 5342 1061 5399 Hoc
1101 5356 1220 5414 est,
1258 5364 1360 5405 nec
1403 5350 1530 5408 inde
1562 5353 1719 5410 nobis
1758 5371 1883 5427 spes
1924 5359 2028 5413 ulla
2072 5373 2156 5417 est
2194 5364 2339 5418 salu-

766 5435 870 5501 tis,
927 5451 1031 5491 non
1063 5453 1348 5516 possumus
1383 5443 1452 5499 ad
1504 5455 1690 5515 patres
1728 5449 2056 5520 confugere,
2085 5456 2231 5510 omni
2271 5473 2337 5514 ex

764 5534 916 5594 parte
949 5528 1148 5596 proditi
1181 5546 1391 5589 sumus.

839 5612 999 5672 Vens.
1031 5617 1120 5674 2i.
1160 5621 1316 5677 Cessa
1346 5635 1560 5696 propter
1597 5643 1780 5686 nomen
1811 5641 1960 5686 tuum
1983 5675 1997 5700 ,
2025 5652 2087 5692 ne
2124 5648 2333 5708 perdas.

839 5777 884 5809 "
917 5775 986 5833 ιιι
1029 5779 1157 5850 Reg.
1191 5797 1324 5848 χχιι,
1368 5784 1453 5839 ll.
1529 5789 1573 5819 9"
1605 5785 1762 5845 Rom.
1798 5807 1875 5859 xl,
1903 5794 1958 5859 2,
1990 5795 2058 5850 96

2373 4454 2421 4511 D

2445 3165 2538 3218 τὸν
2572 3166 2752 3234 λόγον.
2805 3166 3056 3234 Ἐγένετο
3085 3166 3196 3238 γὰρ
3233 3168 3269 3237 ἡ
3303 3166 3491 3238 πληγὴ
3528 3167 3666 3239 πρὸς
3701 3169 3763 3220 τὸ
3796 3168 4030 3240 μέγεθος

2445 3257 2555 3310 τῶν
2587 3256 2892 3327 τιμωριῶν.
2941 3255 3038 3322 Τί,
3088 3257 3292 3327 φησὶν,
3333 3257 3591 3326 ἀπέγνως
3627 3261 3708 3322 είς
3737 3259 3891 3322 τέλος
3937 3258 4028 3313 τοῦ

2447 3349 2615 3415 λαοῦ;
2667 3350 2762 3403 καὶ
2791 3349 2882 3402 τὸν
2917 3349 3121 3403 Ἰούδαν
3162 3350 3343 3420 λέγει,
3376 3352 3473 3404 καὶ
3503 3351 3566 3405 τὸ
3599 3352 3774 3423 ὄνομα
3815 3351 3913 3407 τοῦ
3941 3352 4029 3406 τό·

2448 3460 2572 3496 που.
2631 3445 2706 3497 Ού
2755 3445 2884 3508 τοὺς
2936 3443 3260 3516 ἀνθρώπους
3314 3447 3500 3516 μόνον,
3557 3447 3641 3501 ὃτι
3683 3449 4028 3522 ἐπλήγησαν,

2444 3537 2684 3590 ἀνιᾶται.

2515 3630 2628 3696 Μὴ.
2648 3628 3118 3700 ἀποδοκιμάζων.

2515 3719 2703 3774 Ταῦτα
2746 3722 2877 3792 περὶ
2908 3722 3007 3790 τῆς
3033 3721 3121 3775 διά
3158 3722 3396 3794 Χριστὸν
3436 3725 3673 3796 ὑστάτης
3703 3724 4028 3795 ἐγκαταλει-

2443 3807 2589 3874 ψεως
2615 3809 2759 3863 ἔοικε
2789 3810 3051 3878 λέγεσθαι
3074 3827 3089 3842 ·
3123 3811 3234 3864 τῶν
3255 3813 3312 3866 δὲ
3335 3815 3524 3868 κακῶν
3555 3815 3616 3868 τὺ
3651 3816 3903 3887 μέγεθος,
3931 3821 4026 3873 καὶ

2445 3901 2540 3954 τοῦ
2569 3901 2763 3972 χρόνου
2806 3903 2868 3956 τὸ
2898 3907 3075 3974 μῆκος
3103 3907 3433 3979 προσέοικέν
3464 3925 3584 3973 πως
3615 3911 4026 3982 ἀποδοκιμασίᾳ.

2446 3995 2540 4047 καὶ
2567 3996 2853 4066 ἀπωσμῷο
2891 3996 3006 4052 ἀλλ’
3045 4000 3073 4052 ὁ
3101 3998 3334 4063 Παῦλος·
3357 4002 3479 4057 οὐκ
3514 4000 3828 4066 ἀπώσατο,
3863 4005 4023 4075 φησὶ.

2445 4087 2553 4139 τὸν
2579 4088 2735 4140 λαὸν
2771 4087 2980 4152 αὑτοῦ,
3017 4088 3090 4142 ὃν
3127 4090 3416 4159 προέγνω.
3461 4093 3621 4145 Μετὰ
3646 4094 3710 4145 τὸ
3737 4093 4025 4162 πλήρωμα

2446 4178 2556 4247 γὰρ
2621 4178 2740 4233 τῶν
2791 4180 3005 4234 ἐθνῶν-δ
3033 4179 3154 4247 πᾶς
3227 4182 3477 4251 Ἰσραὴλ
3537 4184 3896 4253 σωθήσεται.
3960 4185 4023 4238 Ἦ

2446 4269 2706 4339 πρόθεσις
2735 4271 2843 4341 ἄρα
2876 4271 2970 4324 τοῦ
3009 4270 3146 4325 Θεοῦ
3178 4271 3278 4342 τὴν
3312 4273 3452 4344 μετὰ
3481 4274 3655 4328 ταῦτα
3694 4277 4024 4348 παρίστησιν

2442 4361 2660 4419 ἐλπίδα.

2533 4453 2969 4524 ’Υπεμείναμεν
2999 4456 3086 4520 εις
3114 4456 3396 4524 εἰρήνην,
3435 4458 3534 4511 καὶ
3566 4459 3678 4511 οὐκ
3706 4455 3786 4528 ἦν
3812 4443 4020 4527 ἀγαθά.

2513 4548 2720 4618 Ἕτερα
2779 4546 3304 4618 προσεδοκήσαμεν,
3365 4549 3446 4602 ὅτι
3500 4549 3820 4621 δεδώκαμεν
3867 4551 4021 4620 δίκην

2447 4641 2666 4708 ἱκανήν.
2827 4678 2829 4681 -

2520 4733 2844 4801 Ἔγνωμεν,
2873 4731 3072 4798 Κύριε,
3096 4729 3487 4801 ἁμαρτήματα
3514 4731 3704 4802 ἡμῶν.

2528 4821 2654 4876 Ἐπὶ
2692 4823 2754 4876 τὸ
2791 4823 3117 4894 λειπόμενον
3159 4825 3456 4893 φάρμακον
3504 4824 3876 4894 καταφεύγει,
3915 4825 4019 4880 τῶν

2446 4915 2864 4986 ἁμαρτημάτων
2892 4914 2989 4983 τὴν
3022 4914 3248 4983 γνῶσιν.

2530 5005 2782 5072 Ἀδικίας
2809 5005 3082 5074 πατέρων
3117 5006 3290 5076 ἡμῶν
3311 5047 3327 5074 ,
3367 5008 3458 5061 ὅτι
3482 5007 3823 5078 ἡμάρτομεν
3852 5008 4017 5062 ἐναν-

2447 5100 2579 5153 τίον
2613 5113 2756 5155 σου.

2514 5191 2672 5252 Τίνος
2689 5190 2878 5243 ἕνεκεν
2896 5188 3004 5242 τῶν
3026 5189 3282 5260 πατέρων
3311 5191 3749 5262 ἑμνημόνευσεν;
3775 5189 4015 5262 Τοσαύτη

2441 5281 2570 5351 παρ’
2614 5281 2748 5351 ἡμῖν
2777 5278 2811 5350 ἠ
2853 5278 3100 5350 ῥᾳθυμία
3139 5280 3250 5333 τῶν
3281 5281 3499 5335 οἰκείων
3518 5322 3533 5348 ,
3563 5280 3646 5334 ὅτι
3687 5281 3783 5334 καὶ
3814 5281 3879 5334 τά
3909 5280 4011 5334 τῶν

2440 5373 2700 5443 πατέρων
2741 5373 2822 5435 είς
2853 5373 3004 5442 ἡμᾶς
3034 5373 3347 5445 ἀνατρέχει.
3373 5372 3664 5448 Τουτέστιν
3688 5415 3702 5440 ,
3730 5373 3853 5428 οὐδὲ
3879 5376 4009 5427 ἐκεῖ·

2442 5461 2534 5516 θεν
2560 5464 2694 5533 ἡμῖν
2751 5464 3027 5534 σωτηρίας
3065 5464 3253 5529 ὲλπίς’
3305 5467 3406 5520 οὐκ
3447 5465 3644 5537 ἔχομεν
3685 5466 4009 5535 καταφυγεῖν

2442 5553 2535 5607 ἐπὶ
2565 5554 2694 5617 τοὺς
2725 5554 3022 5624 προγόνους
3045 5572 3060 5587 ο
3095 5557 3364 5612 πάντοθεν
3392 5556 3788 5630 προδεδόμεθα.

2517 5645 2808 5701 Κόπασον
2843 5646 2941 5701 διὰ
2979 5648 3044 5701 τὸ
3074 5647 3262 5720 ὄνομά
3301 5663 3455 5717 σου,
3497 5649 3581 5719 μὴ
3611 5648 3943 5718 ἀπολέσῃς.
