4226 6462
757 415 867 471 σοι

757 636 866 676 «σε.

828 709 1009 775 Vides,
1039 724 1143 764 non
1170 707 1468 776 dixitzEgo
1489 722 1605 763 ero.
1632 706 1740 762 Sed
1763 708 1828 761 de
1855 718 2111 761 sermone
2139 704 2328 769 timet;

754 819 852 872 pro
891 802 1144 858 vaticinio
1172 802 1372 856 tremit.
1410 799 1487 857 Ne
1520 801 1624 856 illis
1661 801 1925 855 habeatur
1959 813 2059 868 pro
2112 797 2320 861 l‘almla,

753 895 963 963 ﬁdeque
985 904 1190 951 careat.
1209 895 1442 950 Verbum
1466 894 1595 948 mihi
1621 909 1836 962 semper
1849 892 1958 953 erit
1982 891 2036 947 in
2055 891 2330 962 gaudium.

751 982 921 1038 Nemo
936 984 1132 1039 dehinc
1155 999 1241 1037 me
1262 985 1631 1051 impostorem,
1652 998 1809 1037 nemo
1850 981 2223 1037 simulatorem
2247 981 2334 1033 ha-

752 1073 918 1128 bebit.
955 1073 1106 1139 Quod
1125 1082 1304 1128 autem
1319 1074 1384 1127 de
1409 1074 1570 1128 rebus
1587 1075 1700 1128 suis
1715 1088 1819 1127 non
1857 1081 1941 1127 est
1962 1073 2248 1137 sollicitus,
2269 1071 2335 1123 li-

751 1173 880 1233 quet
908 1179 972 1218 ex
996 1164 1268 1233 prioribus
1307 1162 1578 1232 precibus,
1624 1162 2107 1232 consolationeque
2130 1178 2158 1216 a
2200 1163 2328 1229 Deo,

751 1270 912 1322 quam
937 1270 1043 1310 non
1078 1254 1426 1323 impetrasset
1455 1254 1523 1309 ab
1549 1268 1636 1318 eo,
1670 1255 1772 1310 nisi
1798 1255 2151 1309 vehementer
2181 1254 2330 1308 illum

751 1346 916 1401 sciret
934 1345 1229 1401 addictum.
1251 1343 1308 1400 Si
1328 1361 1459 1402 vero
1481 1361 1581 1417 pro
1598 1360 1657 1402 se
1681 1347 1852 1402 utitur
1869 1347 2139 1416 precibus,
2159 1361 2333 1417 neque

750 1435 854 1491 hoc
889 1436 1121 1503 mirum;
1158 1445 1286 1493 tunc
1319 1437 1525 1493 recedit
1553 1445 1608 1493 et
1629 1437 1784 1508 ipse,
1814 1439 2032 1509 quando
2083 1447 2137 1493 et
2167 1439 2327 1496 Deus.

820 1713 838 1737 ⁴
871 1710 1191 1767 ϐοηειιηιιιια
1245 1729 1354 1778 eos,
1402 1722 1451 1766 et
1496 1713 1597 1766 erit
1643 1709 1853 1766 verbum
1896 1721 2044 1766 tuum
2095 1712 2225 1765 mihi
2273 1711 2330 1766 in

1526 407 2043 466 UPPLEMENTUM
2086 407 2174 462 AD
2215 408 2275 462 S.
2315 404 2365 462 1.
2402 405 2896 464 CHIWSOS‘IOMI
2956 407 3204 463 OPERA.

832 529 992 585 Vsus.
1021 527 1105 584 16.
1133 526 1236 593 Qui
1271 525 1542 596 "probant
1573 541 1836 579 sermones
1861 532 1998 588 tuos,
2021 538 2324 576 consumma
2357 529 2399 582 Α

3908 412 4008 467 908

2518 524 2684 590 Ὑπὲρ
2713 520 2831 577 τῶν
2859 523 3239 578 adsecuntur
3264 519 3406 587 τοὺς
3435 522 3661 590 λόγους
3692 539 3833 589 σου,
3866 542 4010 583 συν-

2437 612 2695 666 τέλεσον
2714 614 2960 679 αὐτούς.
3229 599 3236 604 ’

2517 706 2684 776 Ὁρᾷς
2735 705 2852 768 πῶς
2897 705 2997 758 οὐκ
3042 698 3196 761 εἶπεν
3221 721 3235 741 ν
3269 706 3504 777 Ἐσομαι
3539 704 3670 774 ἐγώ.
3713 707 3854 761 Ἀλλ’
3882 708 4012 777 ὑπὲρ

2434 796 2528 852 τοῦ
2558 797 2719 867 λόγου
2740 797 3003 863 δέδοικεν,
3028 799 3166 868 ὑπὲρ
3189 799 3290 868 τῆς
3319 800 3660 871 προφητείας
3681 803 3900 872 τρέμει,
3941 803 4010 873 μὴ

2438 890 2609 960 μῦθος
2651 890 2835 953 αὐτοῖς
2867 887 3008 942 εἶναι
3038 890 3372 962 νομίζηται,
3404 893 3497 945 καὶ
3536 893 3909 964 διαπιστῆται.
3956 895 4012 947 Ὀ

2433 980 2592 1049 λόγος
2624 979 2711 1034 ἀεὶ
2747 981 2828 1041 είς
2867 979 3212 1051 εὐφροσύνην
3236 980 3392 1034 ἔσται
3423 999 3533 1052 μοι.
3568 981 3755 1045 Οὑδεί..
3780 1000 3848 1053 με
3875 983 4009 1036 ἅπας

2432 1072 2631 1136 τεῶνα,
2662 1070 2784 1125 οὐδὲ
2826 1071 3029 1140 εῐρωνα
3074 1072 3292 1142 νομίσει
3348 1073 3557 1126 λοιπόν.
3589 1073 3715 1126 Ὀτι
3738 1075 3850 1144 γὰρ
3880 1073 4014 1128 αὐτὰ

2435 1165 2599 1239 [ἄλλ.
2630 1163 2787 1236 αὐτὸ]
2835 1161 3034 1218 εαυτοῦ
3063 1167 3275 1225 σκοπεῖ,
3313 1163 3471 1234 δῆλον
3510 1166 3576 1217 ἐκ
3604 1164 3715 1217 τῶν
3737 1166 4015 1236 προτέρων

2433 1257 2680 1323 ἱκεσιῶν,
2711 1257 2808 1310 καὶ
2845 1255 2946 1325 τῆς
2970 1253 3067 1308 τοῦ
3099 1255 3236 1308 Θεοῦ
3269 1256 3652 1326 παραμυθίας,
3689 1256 3756 1325 ην
3804 1257 3905 1309 οὐκ
3952 1257 4014 1309 ἂν

2433 1340 2730 1420 εποιήσατο
2780 1347 2920 1419 πρὸς
2949 1347 3134 1412 αὐτὸν,
3188 1350 3237 1402 εί
3291 1348 3368 1417 μὴ
3409 1347 3656 1418 σφοδρῶς
3697 1348 3864 1403 αὐτὸν
3899 1349 4014 1419 ᾔδει

2430 1441 2818 1512 ἀντεχόμενον.
2849 1439 2911 1492 Ei
2943 1437 3001 1492 δὲ
3033 1440 3126 1492 καὶ
3153 1441 3277 1492 κατ’
3311 1437 3473 1494 αὑτὸν
3495 1440 3734 1493 ποιεῖται
3763 1440 3862 1509 τὴν
3891 1439 4013 1510 δέη-

2433 1550 2540 1599 σιν,
2573 1533 2670 1586 καὶ
2694 1531 2854 1586 τοῦτο
2870 1529 3191 1599 θαυμαστόν
3235 1529 3356 1602 [ῑσ.
3385 1530 3445 1583 οὐ
3475 1527 3671 1601 θαυμ.]
3698 1543 3712 1557 °
3742 1531 3861 1583 τότε
3887 1529 4014 1600 μεθ-

2433 1621 2744 1692 ιστάμενος,
2777 1622 2867 1676 ὅτε
2900 1622 2996 1675 καὶ
3021 1621 3223 1684 όΘεός.
3723 1682 3726 1683 ν

2499 1717 2519 1735 ⁹
2552 1712 2816 1767 Τέλεσον
2852 1714 3097 1780 αὐτοὺς,
3129 1713 3226 1767 καὶ
3255 1713 3432 1766 ἔσται
3465 1714 3498 1765 ό
3519 1712 3706 1782 λόγος
3741 1727 3860 1768 σου
3888 1712 4014 1782 ἐμοὶ

747 1804 1015 1870 lctitiam,
1037 1812 1086 1858 el
1108 1803 1358 1874 gaudium
1381 1803 1558 1857 cordis
1593 1804 1716 1868 mei,
1747 1803 1999 1872 quoniam
2027 1805 2326 1858 invocatum
2361 1870 2393 1876 _
2429 1806 2519 1871 εις
2565 1805 2960 1873 εὐφροσύνην
3003 1806 3104 1860 καὶ
3157 1825 3204 1876 χι

2429 1806 2519 1871 εις
2565 1805 2960 1873 εὐφροσύνην
3003 1806 3104 1860 καὶ
3157 1805 3352 1876 χαρὰν
3402 1805 3652 1874 καρδίας
3703 1823 3826 1875 μου
3853 1844 3869 1871 ,
3929 1806 4016 1859 ὅτι

746 1907 822 1950 888
857 1911 1043 1949 nomen
1077 1906 1224 1948 tuum
1247 1911 1405 1963 ﬂlpﬂ'
1428 1910 1529 1948 me.

818 1985 929 2042 lioc
959 1996 1062 2047 cst.
1105 1999 1192 2041 me
1222 1986 1441 2041 mentiri
1477 1987 1544 2041 de
1590 1986 1905 2056 punitione;
1955 1995 2013 2041 ul
2067 1995 2325 2057 appareat

745 2094 868 2134 esse
913 2094 998 2134 me
1026 2093 1302 2142 veracem,
1353 2089 1407 2134 et
1441 2079 1648 2149 justum
1692 2080 2034 2148 prophetam.
2065 2080 2323 2147 Quando-

745 2173 965 2240 quidem
1000 2171 1263 2226 invocans
1290 2185 1486 2226 nomen
1514 2181 1689 2234 tuum,
1719 2170 1834 2226 ﬁeri
1889 2170 2113 2226 minime
2146 2179 2325 2240 potest

745 2273 805 2316 ut
840 2265 1098 2319 Inenliar.

815 2353 981 2410 Vides
1023 2356 1204 2410 denuo
1244 2367 1344 2425 pro
1391 2354 1612 2407 nomine
1661 2354 1992 2422 paventem?
2051 2353 2322 2424 Propheta

745 2461 931 2501 vocor.
973 2445 1050 2501 Ne
1106 2445 1290 2518 gloria:
1320 2453 1425 2500 tua:
1457 2444 1660 2515 aliquid
1716 2445 2030 2499 detrimenti
2059 2446 2184 2511 ilat;
2231 2447 2316 2499 in-

748 2537 991 2594 numeris
1033 2552 1134 2606 ego
1173 2534 1409 2595 aﬂliclns
1448 2550 1567 2589 sum
1615 2533 1790 2589 modis
1841 2551 1854 2589 :
1891 2534 2027 2588 nihil
2076 2534 2321 2604 profeci,

744 2631 854 2684 imo
891 2630 1226 2699 Oppositum,
1255 2627 1415 2681 aliter
1448 2627 1567 2681 illos
1595 2633 1789 2682 tracta.

815 2719 982 2778 Vens.
1011 2722 1099 2776 i7.
1122 2721 1244 2776 Non
1269 2721 1379 2776 sedi
1403 2722 1456 2775 in
1481 2737 1726 2776 consessu
1748 2723 1984 2790 ipsorum
2009 2719 2322 2789 ludentium,

739 2814 858 2869 sed.

820 2900 983 2959 Vides
1028 2901 1171 2972 quod
1223 2901 1386 2956 etiam
1429 2901 1536 2973 hoc
1586 2902 1749 2967 dicat,
1786 2903 1928 2972 quod
1975 2904 2155 2958 onmia
2205 2920 2325 2976 qua:

743 2993 951 3062 agenda
981 2991 1113 3046 mihi
1135 2999 1291 3046 erant
1321 2992 1428 3059 egi.
1449 2990 1587 3046 Dum
1617 2991 1827 3060 injuriis
1851 2995 2155 3064 opperirer,
2194 2995 2320 3049 nul-

744 3083 851 3137 lam
890 3097 1014 3138 cum
1046 3082 1179 3152 ipsis
1213 3082 1664 3137 consuetudinem
1719 3081 1904 3151 habui,
1955 3099 2061 3138 non
2115 3086 2319 3140 accessi

2358 1870 2402 1926 Β
2428 1870 2823 1962 ἐπικέκληται
2847 1870 2916 1947 τό
2938 1893 3127 1964 ὄνομά
3151 1870 3269 1949 σου
3296 1895 3391 1948 ἐπ’
3417 1870 3569 1962 ἐμοί.

2501 1983 2786 2049 Τουτέπι,
2811 1985 3111 2056 ψεύδεσθαί
3145 2004 3215 2058 με
3253 1985 3354 2057 τὴν
3389 1986 3689 2057 τιμωρίαν.
3719 1986 3883 2038 Ὥστε
3915 2003 4016 2056 φα-

2428 2078 2586 2149 νῆναί
2638 2095 2708 2148 με
2761 2077 3126 2150 ἀληθεύοντα,
3173 2080 3270 2132 καὶ
3296 2078 3508 2132 δίκαιον
3554 2079 3840 2149 προφήτην
3867 2078 4016 2144 ὄντα,

2428 2169 2622 2242 ἐπειδὴ
2647 2170 2706 2224 τὸ
2773 2172 2866 2225 σὸν
2897 2172 3071 2244 ὄνομα
3108 2170 3542 2242 ἐπικαλούμενόν
3579 2189 3670 2242 με,
3701 2171 3824 2225 οὐδὲ
3857 2173 4016 2224 δυνα-

2426 2262 2517 2315 τὸν
2541 2263 2964 2333 διαψεύσασθαι.

2510 2353 2673 2426 Ὁρᾷς
2705 2355 2868 2409 πάλιν
2898 2355 3042 2426 ὑπὲρ
3083 2354 3179 2408 τοῦ
3219 2353 3490 2423 ὀνόματος
3521 2353 3838 2419 δεδοικότας
3871 2355 4015 2424 Προο

2427 2443 2607 2513 φήτης
2635 2442 2934 2511 καλοῦμαι.
2963 2444 3081 2496 Ἰνα
3107 2443 3182 2513 μὴ
3209 2442 3390 2514 ὴδόξα
3415 2443 3510 2496 σού
3535 2459 3587 2496 τι
3613 2442 3782 2513 πάθῃ,
3815 2442 4020 2496 ἔπαθον

2425 2531 2540 2602 ἐγὼ
2577 2532 2769 2603 μυρία.
2803 2533 2972 2588 Οὐδὲν
3001 2533 3209 2606 ὥνησα,
3255 2533 3395 2588 ἀλλὰ
3434 2533 3750 2588 τούναντίον
3772 2549 3786 2562 ο
3816 2534 4017 2604 ἑτέρως

2428 2624 2831 2694 μεταχείρισαι.

2511 2716 2636 2768 Οὐκ
2689 2713 2947 2769 ἐκάθισα
2985 2715 3054 2768 ἐν
3093 2713 3394 2784 συνεδρίῳ
3426 2711 3630 2768 αὐτῶν
3668 2710 4014 2776 παιζόντων,

2426 2807 2591 2861 ἀλλ’.

2510 2897 2674 2968 Ὁρᾷς
2702 2895 2784 2950 ότι
2809 2895 2904 2949 καὶ
2931 2895 3097 2949 τοῦτο
3123 2894 3296 2963 λέγει,
3323 2896 3405 2948 ὅτι
3429 2896 3572 2947 Ὄσα
3620 2894 3726 2948 ἔδει
3761 2894 4017 2963 γενέσθαι

2427 2990 2559 3060 παρ’
2595 2987 2753 3058 ἐμοῦ,
2790 2988 3037 3056 γέγονεν.
3072 2985 3191 3040 Οὐκ
3214 2985 3554 3056 ἐκοινώνησα
3573 2985 3760 3049 αὐτοῖς
3791 2985 4011 3056 ὐόριζό·

2429 3094 2612 3148 μενος.
2640 3077 2740 3130 οὐκ
2768 3078 3017 3146 ἀπέστην
3061 3075 3172 3149 [ισ.
3220 3075 3504 3148 ὲπέστην].
3539 3075 3605 3131 Τί
3634 3076 3717 3130 δεῖ
3758 3077 4015 3146 γενέσθαι

743 3176 812 3229 ad
842 3174 999 3240 illos;
1030 3173 1159 3244 quid
1193 3173 1358 3241 igitur
1401 3172 1546 3228 facto
1593 3174 1767 3244 opus?
1796 3184 2022 3245 propter
2068 3176 2318 3232 timorem
2347 3195 2393 3254 ο
2425 3167 2613 3222 λοιπόν
2638 3184 2652 3233 ς
2677 3166 2767 3220 διὰ
2794 3167 2887 3220 τὸν
2915 3166 3078 3237 φόδον
3099 3167 3192 3220 τὸν

2426 3167 2613 3222 λοιπόν
2638 3184 2652 3233 ;
2677 3166 2767 3220 διὰ
2794 3167 2887 3220 τὸν
2915 3166 3078 3237 φόϐον
3099 3167 3192 3220 τὸν
3245 3167 3337 3220 σὸν
3365 3169 3549 3222 πάντα
3582 3168 3880 3238 ὑπέμεινα,
3923 3170 4017 3222 καὶ

679 3315 684 3320 .
745 3277 894 3323 tuum
926 3266 1110 3322 omnia
1155 3266 1411 3330 sustinui,
1443 3275 1496 3322 et
1528 3266 1662 3320 nihil
1689 3267 1894 3337 peregi.

816 3356 974 3413 Solus
997 3357 1262 3412 sedebam.

815 3445 1031 3513 Nullus,
1062 3460 1188 3501 cum
1225 3446 1500 3516 loquerer,
1537 3445 1667 3501 mihi
1719 3446 1900 3501 socius
1955 3445 2075 3501 fuit.
2118 3445 2326 3503 Crede-

743 3540 843 3594 bat
873 3552 1031 3593 nemo
1061 3553 1078 3592 :
1111 3537 1244 3591 nihil
1277 3545 1456 3590 tamen
1489 3536 1685 3590 horum
1730 3550 1816 3589 me
1852 3552 1881 3589 a
1911 3538 2191 3606 preposito
2226 3539 2324 3593 de-

749 3631 974 3696 terruit;
1003 3628 1135 3684 nihil
1169 3628 1438 3693 relictum,
1473 3627 1616 3697 quod
1651 3629 1717 3681 ad
1755 3641 1842 3682 me
1874 3636 2170 3695 spectaret.

817 3717 979 3774 Vsus.
1005 3718 1093 3773 18.
1121 3719 1186 3770 Et
1221 3718 1346 3789 quid
1381 3717 1693 3770 contristent
1737 3733 1818 3771 me
1851 3716 2188 3786 pra'ealentes
2223 3719 2324 3772 ad-

743 3829 858 3868 ειη
866 3829 954 3866 um
981 3827 1062 3865 me
1076 3811 1103 3867 .’

814 3903 948 3967 Cur,
985 3901 1184 3970 inquit,
1218 3899 1325 3956 illis
1353 3899 1664 3971 permittis?
1690 3898 1820 3968 quid
1855 3898 1983 3954 inde
2022 3899 2159 3954 lucri
2199 3902 2321 3956 est?

747 4009 875 4052 num
901 4007 1022 4064 quae
1058 3991 1163 4046 illis
1181 4005 1248 4046 ex
1281 3990 1382 4045 hoc
1408 3991 1654 4046 utilitas?
1679 3990 1807 4060 quid
1872 3999 2127 4060 superest
2151 3993 2174 4047 ?
2205 4062 2209 4068 ‘

819 4084 986 4152 Plaga
1014 4097 1150 4136 mea.

811 4175 1024 4230 Aninne
1051 4173 1322 4231 videlicet.

816 4265 992 4336 Plaga
1045 4281 1161 4318 mea
1203 4265 1379 4318 solida
1403 4273 1504 4328 est,
1535 4265 1673 4317 unde
1694 4265 1965 4319 sanabor?

817 4357 877 4412 ιιι
899 4365 1003 4422 est,
1037 4356 1093 4409 hi
1146 4354 1367 4408 inimico
1406 4364 1533 4406 sunt
1589 4353 1794 4418 animo,
1827 4362 1883 4409 et
1912 4354 2076 4410 veluti
2136 4356 2323 4414 hostes

747 4448 929 4504 omnia
962 4452 1244 4518 peragunt.
1282 4445 1501 4498 Exitum
1550 4445 1840 4498 verborum
1896 4460 2138 4500 meorum
2186 4463 2322 4502 uou-

747 4545 873 4598 tlttm
908 4538 1109 4593 video:
1144 4550 1410 4604 nusquam
1440 4534 1571 4588 mihi
1601 4533 1854 4588 solatium
1894 4536 2068 4594 adest.
2164 4597 2170 4602 _

815 4634 836 4655 ‘
859 4630 999 4685 Dum
1024 4628 1109 4697 ﬁt,
1143 4628 1286 4698 facta
1311 4637 1386 4682 est
1405 4625 1558 4690 mihi,
1584 4626 1738 4696 quasi
1758 4642 1898 4695 aqua
1931 4629 2182 4695 mendax,
2215 4645 2320 4684 non

746 4724 939 4776 habens
962 4720 1142 4790 ﬁdem.

818 4811 932 4867 Hoc
953 4821 1055 4877 est,
1079 4808 1382 4881 prephetia.
1410 4807 1574 4875 Quasi
1606 4810 2020 4866 dieatzMentiri
2069 4813 2180 4867 visa
2214 4823 2319 4878 est,

748 4909 802 4953 et
830 4900 995 4954 veluti
1029 4913 1167 4968 aqua
1208 4896 1561 4952 stabilitatem
1597 4914 1701 4952 non
1747 4899 1934 4965 habet,
1956 4901 2034 4956 sic
2056 4911 2111 4954 et
2141 4902 2322 4956 verbis

751 4990 886 5046 meis
919 4988 1206 5045 veritatem
1237 4987 1415 5044 inesse
1453 4987 1597 5044 haud
1623 4989 1959 5046 existimant.

820 5170 887 5228 Ut
912 5185 1053 5241 aqua
1083 5168 1290 5234 deﬂuit,
1321 5182 1423 5225 nec
1464 5177 1594 5237 stat,
1625 5180 1715 5225 aut
1770 5182 1976 5240 manet,
2002 5175 2081 5230 sic
2111 5185 2167 5230 et
2201 5189 2319 5231 scr-

748 5279 938 5320 mones
959 5263 1061 5319 mei
1091 5262 1252 5318 modo
1277 5263 1384 5328 hic,
1416 5263 1575 5317 modo
1603 5263 1712 5318 illic
1739 5275 2020 5334 apparent.
2072 5266 2138 5322 Et
2173 5275 2322 5322 tran-

751 5355 959 5421 siliuut,
994 5367 1094 5408 nec
1134 5353 1291 5409 iidem
1346 5353 1571 5407 habent.
1604 5352 1699 5408 Vel
1729 5354 1774 5410 si
1816 5370 1923 5410 nou
1968 5356 2137 5426 placet
2193 5361 2319 5415 hoc.

753 5445 912 5513 Mala,
951 5443 1147 5514 inquit,
1173 5453 1280 5498 tam
1313 5437 1506 5500 crebra
1541 5443 1783 5514 fuerunt,
1815 5447 1956 5504 sicut
2005 5464 2144 5521 aqua
2191 5450 2314 5507 eﬂ'e-

749 5545 895 5600 runt,
925 5547 979 5589 et
1019 5549 1126 5590 non
1160 5533 1436 5590 delicium.

821 5625 839 5645 '
869 5624 1030 5679 Vsus.
1070 5623 1154 5679 l9.
1186 5621 1318 5678 Ideo
1339 5625 1453 5680 hac
1474 5625 1607 5679 dicit
1638 5628 1922 5697 Dominus,
1943 5632 1987 5685 si
2027 5633 2318 5695 ret'erleris.

749 5723 797 5768 et
824 5714 1097 5768 restituam
1125 5722 1192 5780 te,
1210 5721 1259 5768 et
1287 5716 1615 5786 ante{aciem
1642 5734 1808 5773 meam
1837 5721 2022 5780 stabis.

2425 3259 2650 3328 γέγονεν
2675 3257 2849 3311 οὐδέν.

2497 3349 2858 3417 Καταμόνας
2889 3346 3224 3414 ἐκαθήμην.

2497 3439 2706 3494 Οὐδένα
2732 3438 2992 3493 κοινωνὸν
3049 3434 3198 3510 εἶχον
3256 3441 3370 3495 τῶν
3419 3439 3754 3510 λεγομένων.
3803 3433 4015 3506 Πάντες

2424 3528 2695 3600 ἠπίστουν
2719 3546 2733 3560 ο
2760 3529 2877 3584 ἀλλ’
2912 3531 3063 3602 ὅμως
3100 3530 3255 3584 οὐδέν
3284 3549 3352 3603 με
3382 3530 3592 3587 τούτων
3625 3532 3970 3604 παρέτρεψεν
3996 3551 4012 3568 ο

2425 3620 2581 3674 οὐδὲν
2611 3619 2902 3691 ἑνελείφθη
2934 3621 3045 3674 τῶν
3077 3623 3214 3692 παρ’
3247 3621 3407 3692 ἐμοῦ.

2500 3711 2634 3766 Ἵνα
2666 3712 2724 3765 τί
2748 3713 2804 3765 οι
2825 3710 3169 3779 λυποῦντες
3189 3713 3649 3783 κατισχύσουσί
3683 3732 3845 3784 μους

2495 3896 2655 3960 Τίνος
2673 3895 2883 3960 ἕνεκεν,
2905 3893 3063 3963 φησὶ,
3090 3894 3397 3966 συχγωρεῖς
3423 3894 3605 3958 αὐτοῖς
3628 3895 3715 3961 ςτί
3731 3891 3794 3947 to
3809 3893 4007 3962 πλέονς

2429 3990 2505 4061 μὴ
2566 3990 2673 4060 γὰρ
2703 3989 2738 4060 ή
2763 3987 3002 4056 ὠφέλεια
3031 3989 3241 4058 γίνεται
3263 3987 3479 4057 αὑτῶν;
3511 3988 3563 4041 τί
3591 3987 3652 4041 τὸ
3679 3986 3903 4056 λοιπόν;

2510 4082 2580 4136 Ἡ
2606 4077 2810 4147 πληγή
2835 4093 2975 4146 μου.

2497 4172 2611 4240 Τῆς
2640 4169 2823 4239 ψυχῆς
2856 4169 3120 4239 δηλονότι.

2497 4267 2515 4285 ·
2559 4265 2622 4317 Ἡ
2651 4260 2857 4331 πληγή
2878 4278 2999 4330 μου
3019 4261 3258 4330 στερεὰ,
3283 4262 3472 4317 πόθεν
3501 4262 3865 4331 (deﬂemus;

2493 4352 2809 4415 Τουτὲστιν,
2839 4347 2986 4407 οὗτοι
3028 4354 3406 4424 ὲχθραίνουσι,
3458 4353 3555 4408 καὶ
3595 4353 3664 4408 τὰ
3709 4353 3820 4406 τῶν
3849 4353 4008 4408 πολι-

2427 4446 2565 4517 μίων
2591 4445 3039 4515 διαπράττονται.
3078 4445 3194 4515 Τὴν
3224 4443 3451 4498 ἔκϐασιν
3491 4444 3602 4499 τῶν
3645 4445 3794 4517 ἐμῶν
3830 4444 4008 4516 λόγων

2352 4524 2404 4584 D
2428 4537 2526 4608 οὐχ
2555 4535 2688 4608 όρῶ.
2724 4535 3044 4606 Οὑδαμόθεν
3070 4537 3179 4608 ἔχω
3206 4537 3589 4610 παραμυθίαν.

2497 4623 2829 4692 Τινομένη
2859 4622 3118 4694 ἐγενήθη
3138 4643 3261 4695 μοι,
3296 4626 3378 4689 ὡς
3424 4625 3583 4695 ὕδωρ
3611 4626 3854 4694 ψευδὲς,
3892 4630 4007 4683 οὐκ

2423 4715 2572 4782 ἔχον
2619 4715 2849 4769 πίστιν.

2497 4809 2809 4875 Τουτέστιν,
2867 4811 2900 4881 ἠ
2963 4810 3296 4879 προφητεία.
3355 4811 3473 4863 ἰνα
3532 4810 3685 4881 εἴπῃ,
3740 4810 4004 4881 ἐνομίσθη

2423 4902 2737 4972 ψεύδεσθαι.
2769 4904 2877 4956 Καὶ
2907 4903 3165 4974 καθάπερ
3220 4902 3280 4954 τὸ
3319 4901 3461 4972 ὕδωρ
3500 4901 3692 4955 στάσιν
3733 4902 3833 4955 οὐκ
3862 4901 4002 4972 ἔχει,

2423 4995 2599 5059 οὕτως
2637 4995 2760 5049 οὐδὲ
2811 4998 2926 5058 τοῖς
2979 4996 3135 5066 luci;
3174 4994 3354 5066 λόγοις
3404 4993 3664 5067 ἀλήθειαν
3720 4995 4005 5066 προσεῖναὶ

2425 5085 2730 5158 νομίζουσι.

2496 5177 2769 5248 Καθάπερ
2797 5176 2942 5248 ὓδωρ
2974 5177 3271 5249 παραρρεῖ,
3320 5174 3417 5228 καὶ
3449 5177 3547 5246 οὐχ
3578 5175 3830 5244 ἕστηκεν,
3881 5173 4004 5228 οὐδὲ

2427 5269 2601 5341 μένει,
2621 5269 2765 5322 οὕτω
2789 5268 2968 5322 καὶτὰ
2989 5270 3097 5337 ὲμὰ
3115 5270 3338 5339 ῥήματα
3357 5267 3452 5321 νῦν
3476 5266 3709 5321 ἐνταῦθα
3731 5267 4001 5336 φαίνεται,

2424 5358 2519 5413 νῦν
2563 5361 2699 5414 ἐκεῖ.
2742 5359 2852 5412 Καὶ
2915 5359 3223 5429 μεταπηδᾷ,
3261 5358 3356 5411 καὶ
3398 5358 3498 5410 οὐκ
3533 5357 3647 5427 ἔχει
3686 5359 3895 5411 πίστιν.
3927 5357 3999 5410 Ἣ

2424 5452 2473 5504 ei
2523 5449 2599 5521 μὴ
2626 5449 2812 5514 τοῦτο,
2851 5447 2932 5501 Τὰ
2969 5448 3118 5504 δεινὰ
3147 5448 3322 5514 οὕτως
3356 5447 3657 5517 ἐπάλληλα,
3689 5449 3874 5518 φησὶν,
3914 5442 4000 5521 ἦν,

2424 5541 2616 5614 ὥσπερ
2646 5541 2792 5611 ὕδωρ
2827 5539 3070 5612 ἑπαίρει,
3112 5542 3208 5595 καὶ
3247 5541 3309 5594 οὐ
3341 5540 3602 5594 διέλιπεν.

2497 5636 2512 5653 ⁶
2537 5634 2641 5688 Διά
2673 5633 2853 5687 τοῦτο
2887 5631 3029 5687 τάδε
3059 5633 3225 5703 λέγει
3271 5634 3520 5701 Κύριος·
3551 5631 3690 5685 Ἐὰν
3730 5630 4001 5701 smath-

2425 5728 2570 5795 ψῃς,
2595 5726 2694 5782 καὶ
2720 5727 3206 5798 ἀποκαταστήσω
3233 5743 3307 5783 σε
3334 5742 3347 5759 ·
3380 5724 3494 5794 πρὸ
3534 5723 3860 5794 προσώπου
3883 5743 4003 5797 μου

2426 5817 2654 5887 στήσῃ.
