4226 6430
750 385 862 444 215

1531 389 2097 450 SCPPIEIENTUM
2141 393 2232 448 AD
2273 393 2330 448 S.
2367 391 2416 449 J.
2458 388 2958 450 CHRYSOSTOMI
2999 388 3246 448 OPERA.

3893 386 3994 446 926

744 503 895 559 cradi
923 518 1027 559 non
1057 505 1247 573 possit,
1278 517 1344 560 ac
1373 503 1420 560 si
1449 516 1597 561 esset
1641 507 1694 562 in
1727 509 2040 574 adamante,
2077 517 2131 564 et
2168 508 2314 564 l'erro
2353 514 2396 570 Α
2423 507 2614 579 ὥσπερ
2635 511 2697 562 ἐν
2725 508 2998 577 ἀδάμαντι
3041 508 3136 561 καὶ
3172 506 3231 559 ἑν

2423 507 2614 579 ὥσπερ
2635 511 2697 562 ἐν
2725 508 2998 577 ἀδάμαντι
3041 508 3136 561 καὶ
3172 506 3231 559 ιν
3265 503 3469 576 σιδήρῳ
3503 501 3992 574 δγκεκολαμμίνην

745 591 954 661 sculpta
985 595 1037 647 in
1073 601 1290 664 pectore
1317 610 1530 651 eorum.
1561 597 1692 651 Illud
1722 613 1885 667 porro
1909 638 1925 662 ,
1953 608 2004 652 et
2051 599 2106 652 in
2133 599 2309 652 corni-

746 684 839 738 bus
865 701 1081 738 ararum
1112 701 1317 752 eorum,
1349 687 1494 742 circa
1527 687 1668 742 idola
1705 689 1945 743 studium
1974 688 2235 745 ostendit.

811 865 928 932 Hoc
955 867 1119 924 eflicit
1157 883 1284 938 spes
1309 885 1429 939 quo
1473 871 1706 926 habetur
1733 870 1787 926 in
1819 871 2060 939 homine,
2091 881 2311 938 separat

745 972 776 1010 a
805 957 936 1014 Deo.
962 957 1059 1013 Vel
1089 974 1193 1014 non
1221 960 1323 1015 hoc
1349 961 1478 1015 dicit
1504 975 1520 1019 :
1545 963 1639 1016 sed
1670 977 1899 1030 sperans
1927 963 1978 1015 in
2009 965 2307 1029 hominem,

745 1045 819 1102 ita
850 1059 909 1102 ut
946 1048 1184 1104 discedat
1225 1062 1254 1100 a
1292 1047 1424 1104 Deo.
1452 1047 1597 1103 Nihil
1629 1051 1775 1104 enim
1811 1052 1922 1105 vult
1956 1067 2110 1123 aque
2146 1054 2308 1118 Deus,

743 1152 905 1206 quam
951 1148 1011 1191 ut
1042 1151 1142 1192 nos
1177 1152 1392 1208 seraper
1439 1139 1510 1192 ab
1553 1139 1671 1209 ipso
1703 1141 2056 1210 pendeamus.
2099 1141 2308 1196 Idcirco

746 1235 921 1280 tentat
943 1227 1146 1293 omnia,
1175 1243 1282 1281 non
1317 1235 1376 1281 ut
1410 1229 1627 1296 aliquod
1660 1245 1690 1282 a
1734 1229 1890 1284 nobis
1922 1241 2309 1301 consequatur,

743 1318 837 1372 sed
869 1326 925 1371 ut
959 1319 1011 1372 in
1044 1334 1142 1374 nos
1184 1319 1444 1374 benelicia
1476 1319 1756 1389 conferat,
1799 1319 2030 1391 ideoque
2071 1337 2170 1378 nos
2195 1337 2314 1378 om-

745 1409 891 1464 nium
922 1409 1132 1480 indigus
1161 1411 1308 1466 fecit.
1338 1411 1505 1476 Cedo,
1542 1424 1705 1480 quem
1737 1413 1806 1467 ad
1842 1411 2042 1468 linem?

813 1592 976 1648 Vens.
1009 1595 1062 1648 δ.
1093 1591 1161 1648 Et
1187 1595 1289 1648 erit
1314 1595 1451 1650 sicut
1477 1598 1680 1666 myrtea
1707 1595 1984 1652 silvestris.

811 1682 912 1737 llic
939 1683 1221 1740 Sedcciam
1264 1684 1463 1750 innuit,
1495 1687 1586 1755 qui
1617 1697 1804 1741 contra
1836 1685 2194 1758 Babylonium
2239 1690 2308 1744 ad

2417 599 2511 652 isti
2539 600 2640 668 τὴς
2672 598 2881 655 ἑαυτῶν
2910 597 3158 670 καρδίας.
3187 597 3261 649 Τὸ
3288 597 3368 661 δὲ,
3401 593 3499 650 καί
3531 595 3603 649 ἐν
3627 595 3754 658 τοῖς
3784 595 3990 662 κέρασι

2417 689 2539 746 τῶν
2591 692 3039 758 θυσιαστηρίων
3082 687 3303 753 αὐτῶν,
3360 687 3460 762 τὴν
3503 689 3633 758 περὶ
3675 687 3745 741 τά
3795 686 3989 740 εἴδωλα

2420 782 2656 854 σπουδὴν
2685 782 2774 835 ἴνα
2810 779 2982 850 δείξῃ.

2487 871 2658 924 Τοῦτο
2691 873 2725 940 ἡ
2759 871 2839 934 είς
2886 866 3209 940 ἀνθρώπους
3241 869 3398 933 mut;
3436 870 3614 922 ποιεῖ’
3646 869 3850 936 ἀπάγει
3895 869 3992 921 τοῦ

2416 958 2577 1012 Θεοῦ.
2618 961 2691 1013 Ἦ
2721 960 2782 1013 οὐ
2819 958 2978 1011 τοῦτό
3003 959 3188 1027 φησιν,
3213 958 3364 1011 ἀλλ”
3399 955 3574 1020 οὕτως
3624 956 3865 1021 ἐλπίζων
3909 959 3988 1019 τίς

2417 1049 2724 1118 ἄνθρωπον,
2742 1049 2817 1112 ὡς
2843 1049 3148 1115 ἀποστῆναι
3174 1049 3266 1101 τοῦ
3295 1047 3454 1102 Θεοῦ.
3478 1048 3646 1101 Οὐδὲν
3675 1049 3783 1118 γάρ
3813 1048 3986 1111 οὕτως

2415 1141 2447 1193 δ
2471 1140 2604 1202 Θεὸς
2637 1139 2887 1209 βούλεται
2912 1180 2930 1205 ,
2967 1141 3043 1202 ὡς
3066 1141 3154 1195 ἀεὶ
3200 1141 3344 1208 ἡμᾶς
3385 1138 3762 1209 ἐκκρέμασθαι
3797 1136 3984 1190 αὑτοῦ.

2417 1230 2529 1283 Καὶ
2558 1229 2649 1284 διὰ
2672 1229 2832 1284 τοῦτο
2854 1230 3030 1282 πάντα
3060 1231 3241 1295 ποιεῖ,
3274 1228 3374 1298 οὐχ
3409 1229 3496 1281 ἵνα
3533 1245 3587 1280 τι
3621 1228 3988 1299 καρπώσηται

2417 1323 2548 1390 παρ’
2578 1320 2758 1391 ἡμῶν,
2803 1319 2921 1374 ἀλλ’
2956 1319 3044 1372 ἶνα
3086 1319 3429 1391 εὐεργετήσῃ
3475 1321 3664 1391 ἡμᾶς’
3695 1320 3785 1372 διά
3832 1318 3988 1372 τοῦτο

2417 1414 2512 1466 καὶ
2539 1413 2713 1476 οὕτως
2742 1413 2889 1482 ἡμᾶς
2933 1412 3132 1477 δνδτετς
3181 1412 3242 1465 ιν
3273 1411 3476 1466 ﬁet-astu
3502 1415 3783 1485 ἐποίησεν.
3830 1411 3983 1475 Εἰπὲ,

2415 1503 2467 1558 τί
2491 1505 2552 1558 τὸ
2578 1505 2770 1571 τέλοςς

2485 1596 2596 1650 Καὶ
2629 1596 2803 1650 ἐσται
2833 1596 2912 1662 ὡς
2937 1597 2976 1665 ἠ
3005 1596 3398 1666 ἀτριομυρίκη
3426 1596 3499 1650 ἐν
3521 1594 3595 1665 τῇ
3623 1596 3838 1665 ἐρήμῳ.

2488 1687 2793 1741 Δίνίττεται
2827 1686 2884 1740 δι
2907 1686 3142 1740 ινταῦθα
3170 1687 3262 1740 τὸν
3291 1685 3474 1749 Σεδὶκ,
3503 1685 3887 1757 προσφυγόντα
3908 1683 3986 1754 τῷ

741 1773 1075 1829 Pharaonem
1106 1777 1444 1847 confugerat.
1483 1777 1820 1832 infructuosa
1846 1787 1931 1833 est
1973 1779 2139 1834 arbor
2170 1780 2309 1847 haec,
2341 1780 2382 1836 Β
2409 1774 2611 1848 Φαραὼ
2659 1776 2804 1830 κατά
2834 1775 2929 1829 τοῦ
2971 1774 3246 1829 Βαῦυλωνί

2409 1774 2611 1848 Φαραὼ
2659 1776 2804 1830 κατά
2834 1775 2929 1829 τοῦ
2971 1774 3344 1832 Βαῦυλωνίου,
3403 1779 3690 1848 ’Δκαρπον
3734 1776 3894 1830 τοῦτο
3925 1775 3986 1829 τὸ

738 1874 796 1920 et
838 1866 972 1922 lucis
1019 1868 1251 1923 desertis
1303 1867 1628 1937 incultisque
1666 1869 1910 1936 gaudens
1944 1906 1961 1933 ,
1999 1868 2066 1922 ad
2103 1869 2312 1924 nullum

2413 1867 2654 1937 δένδρον,
2694 1867 2791 1920 καὶ
2817 1867 2876 1919 ὲν
2914 1867 3143 1938 ἀρήμοις
3185 1867 3274 1920 ἀεὶ
3307 1865 3686 1937 διαιτώμενον,
3725 1869 3826 1921 οὐκ
3851 1867 3983 1937 ἀγό-

738 1970 875 2025 opus
903 1957 1082 2022 utilis,
1118 1972 1219 2012 nec
1248 1958 1514 2014 fructibus
1543 1959 1932 2014 intumescens.
1965 1987 2038 1999 —
2062 1961 2080 1979 '
2103 1958 2316 2029 Fragile
2415 1975 2575 2030 μενον
2625 1959 2707 2022 είς
2752 1959 3020 2028 ἐργασίαν
3066 1957 3213 2023 τινὰ,

2415 1975 2575 2030 μενον
2625 1959 2707 2022 είς
2752 1959 3020 2028 ἐργασίαν
3066 1957 3213 2023 τινά,
3266 1958 3388 2012 οὐδὲ
3444 1958 3634 2029 κομῶν
3683 1962 3798 2022 τοῖς
3855 1974 3983 2030 καρ-

737 2048 845 2120 Ιὶιιι
853 2063 940 2104 um
973 2049 1096 2108 hoc.

813 2138 879 2193 Et
902 2142 1157 2196 habitabit
1184 2143 1239 2197 in
1263 2143 1440 2210 salsis,
1466 2153 1516 2197 et
1542 2145 1598 2199 in
1627 2143 1853 2208 deserto,
1887 2143 1944 2197 in
1973 2153 2117 2198 terra
2144 2143 2310 2208 salsa,

735 2245 855 2298 qutr
880 2247 982 2284 non
1006 2230 1300 2287 habitatur.

811 2317 925 2373 lioc
953 2330 1058 2385 est,
1099 2322 1301 2377 nullius
1339 2323 1614 2394 particeps
1653 2324 1760 2378 erit
1797 2323 1948 2388 boui,
1981 2324 2075 2378 sed
2107 2323 2312 2378 sterilis

733 2409 840 2462 erit
866 2419 922 2464 et
951 2418 1095 2464 terra
1117 2411 1284 2478 salsa,
1308 2427 1428 2483 qua:
1453 2428 1561 2468 non
1591 2413 1888 2483 habitatur,
1913 2413 1981 2468 ad
2006 2412 2310 2468 fructiﬁca-

737 2497 963 2552 tionem.

807 2586 974 2645 νεεδ.
995 2591 1048 2645 7.
1077 2589 1147 2645 Et
1176 2589 1472 2647 benedictus
1494 2595 1672 2648 homo.

805 2678 884 2734 lta
922 2681 997 2735 ait
1023 2690 1077 2736 et
1108 2680 1276 2737 David
1301 2683 1406 2738 εει
1448 2686 1546 2739 erit
1580 2687 1718 2740 sicut
1751 2686 1952 2754 lignum
1978 2686 2118 2756 quod
2147 2685 2307 2753 plan-

735 2780 902 2824 tatum
937 2781 1012 2824 est
1052 2788 1202 2826 secus
1230 2783 1486 2828 decursus
1515 2792 1778 2844 aquarum
1803 2778 1872 2831 ’³.
1920 2775 2038 2831 Non
2072 2776 2304 2842 timebit,

736 2860 804 2912 ab
826 2860 972 2913 omni
1001 2860 1140 2917 liber
1166 2871 1469 2932 temporum
1496 2865 1782 2929 varietate,
1807 2867 1908 2921 hoc
1931 2866 2186 2922 Christus
2209 2881 2308 2937 per

735 2949 1072 3019 prophetiam
1119 2951 1413 3008 dilucidum
1463 2953 1609 3008 fecit.
1650 2953 1784 3019 Quis
1822 2957 1877 3010 in
1914 2955 2025 3010 Deo
2058 2959 2302 3024 speravit,

2411 2051 2554 2111 ποίς.
2581 2074 2657 2089 -
2724 2048 2744 2070 ⁸
2783 2047 3037 2110 Ἀσθενὲς
3076 2048 3136 2100 τὸ
3166 2046 3324 2112 ξύλον
3358 2046 3536 2103 τοῦτο.

2475 2144 2496 2164 ‘
2523 2140 2634 2194 Kal
2669 2138 3127 2207 κατασκηνώσει
3154 2140 3226 2193 ἐν
3255 2139 3515 2209 difﬂato,
3549 2141 3622 2194 ἐν
3653 2139 3730 2210 τῇ
3762 2140 3978 2210 ἐρήμῳ,

2410 2233 2479 2286 ἐν
2499 2231 2579 2301 τῇ
2611 2229 2870 2300 (upupa,
2901 2231 3035 2298 ἣτις
3067 2232 3140 2285 οὐ
3167 2230 3541 2286 κατοικεῖται.

2479 2324 2793 2386 Τουτέστιν,
2824 2320 3040 2384 οὐδενὸς
3059 2321 3358 2375 ἀπολαύσει
3378 2323 3586 2390 ἀγαθοῦ
3610 2338 3625 2352 ο
3651 2323 3766 2376 ἀλλ’
3791 2324 3983 2391 ἄγονος

2409 2413 2583 2480 (erat,
2615 2413 2710 2467 καὶ
2740 2415 2773 2482 ἡ
2809 2412 2884 2481 γῆ
2917 2411 3171 2482 ἀλμυρά,
3198 2412 3322 2483 ἦτις
3367 2413 3428 2466 οὐ
3477 2417 3810 2468 κατοικεῖται
3846 2415 3978 2486 πρὸς

2407 2505 2796 2575 καρπογονίαν.

2476 2595 2587 2648 Kal
2617 2593 3045 2664 εὐλογημένος.

2478 2687 2636 2741 Οῦτω
2668 2687 2766 2741 καὶ
2793 2688 2822 2740 ὁ
2847 2686 3013 2741 Δαὸίδ
3041 2704 3208 2759 φησιν
3228 2704 3243 2717 ·
3281 2688 3486 2741 Ἔσται
3506 2689 3585 2754 ὡς
3608 2688 3674 2743 τὸ
3701 2688 3890 2753 ξύλον
3913 2688 3977 2740 τὸ

2405 2779 2862 2849 πεφυτευμένον
2891 2779 3053 2848 παρὰ
3091 2779 3198 2845 τὰς
3232 2778 3548 2846 διεξόδους
3575 2779 3696 2833 τῶν
3723 2779 3978 2835 ὑδάτων.

2404 2864 2482 2919 Οὐ
2507 2866 2902 2936 φοϐηθήσιται,
2929 2866 3111 2935 πάσης
3135 2867 3454 2936 ἀνωμαλίας
3480 2868 3637 2930 ἐκτός
3652 2869 3788 2922 ἐστι.
3810 2866 3979 2921 τοῦτο

2402 2960 2430 3010 ὁ
2459 2956 2690 3026 Χριστὸς
2719 2957 2810 3011 διὰ
2827 2958 2929 3028 τῆς
2977 2956 3314 3028 προφητείας
3343 2959 3600 3029 ἐμφανῶς
3615 2957 3774 3031 [forte
3803 2961 3988 3030 ἀμφαο

731 3050 779 3090 et
810 3038 1062 3110 confusus
1090 3052 1164 3095 est
1181 3042 1230 3075 '°
1255 3043 1278 3097 2
1303 3041 1456 3110 Quod
1491 3045 1535 3098 si
1570 3055 1717 3099 tanta
1747 3057 1832 3101 est
1862 3047 1975 3115 spei
2011 3049 2110 3112 vis,
2139 3048 2300 3116 idque
2336 3110 2371 3120 _
2402 3046 2514 3120 νὲς]
2535 3047 2825 3117 πεποίηκε.
2877 3050 2973 3114 Τίς
2997 3049 3246 3118 ἤλπισεν

2402 3046 2825 3120 νὲς1πεποίηκε.
2877 3050 2973 3114 Τίς
2997 3049 3268 3118 ἤλπισεν
3288 3050 3392 3104 ἐπὶ
3426 3052 3674 3120 Κύριον,
3709 3050 3809 3106 καί
3839 3066 3978 3106 κατ-

733 3131 936 3200 ahsque
966 3131 1076 3188 ullo
1101 3132 1304 3202 labore,
1335 3151 1504 3204 quare
1529 3152 1637 3192 non
1663 3151 1877 3206 semper
1893 3110 1958 3192 vin
1986 3153 2052 3194 co
2074 3110 2301 3194 salutem
2329 3110 2372 3168 θ
2404 3110 2685 3207 acriorem
2713 3110 2738 3202 ς⁷
2762 3139 2826 3191 Ei
2854 3139 2917 3192 δὲ
2948 3110 3116 3204 huic
3151 3157 3246 3194 τοσ

2404 3110 2685 3207 maiorem
2713 3110 2738 3202 ;⁷
2762 3139 2826 3191 Ei
2854 3139 2917 3192 δὲ
2948 3110 3116 3204 Doni;
3151 3140 3412 3196 τοσοῦτον
3451 3110 3772 3212 ίσὶὺειίκαὶ
3805 3141 3976 3197 ταῦτα

736 3223 1067 3292 reponimus,
1099 3223 1256 3296 cujus
1289 3241 1384 3296 spe
1417 3228 1554 3282 salvi
1589 3227 1716 3280 lacti
1750 3226 1984 3284 sumus!

807 3525 830 3549 ⁶
848 3523 1010 3581 Vens.
1028 3522 1084 3580 9.
1112 3523 1441 3596 Profundum
1458 3536 1535 3582 est
1554 3545 1647 3581 cor
1662 3543 1820 3597 super
1839 3529 2038 3594 omnia,
2053 3540 2100 3584 et
2121 3531 2300 3598 homo,

731 3622 782 3666 et
807 3613 923 3680 quis
950 3625 1223 3684 cognoscet
1246 3632 1362 3670 eum
1385 3615 1541 3687 lEgo
1571 3617 1832 3673 Dominus
1860 3619 2019 3674 Deus.

804 3778 997 3834 Sermo
1020 3791 1104 3835 est
1135 3783 1200 3836 ad
1223 3797 1317 3838 eos
1341 3784 1434 3853 qui
1463 3785 1604 3842 clam
1635 3787 1796 3858 impie
1826 3796 2016 3860 agunt,
2047 3798 2100 3843 et
2132 3789 2305 3844 latere

732 3885 791 3925 se
823 3882 1172 3939 praesumunt.

811 3968 886 4021 De
914 3966 1330 4034 cogitationibus
1354 3967 1488 4037 ipsis
1517 3969 1782 4039 loquitur,
1807 3972 1949 4041 quod
1983 3980 2038 4027 et
2066 3971 2301 4029 latentes

737 4056 845 4108 Deo
879 4063 1120 4124 pateant.
1153 4053 1238 4107 Nil
1269 4065 1378 4120 tam
1407 4056 1806 4123 absconditum,
1838 4070 1894 4113 ut
1921 4075 2020 4115 cor
2043 4061 2301 4117 hominis.

733 4146 938 4202 Idcirco
975 4145 1114 4200 alius
1139 4147 1311 4216 legit:
1352 4146 1680 4216 Profundum
1731 4166 1823 4203 cor
1854 4160 1902 4204 et
1941 4152 2112 4206 latens
2147 4153 2302 4207 homo

730 4246 843 4302 est,
877 4248 922 4289 et
949 4237 1064 4305 quis
1102 4245 1374 4306 cognoscet
1412 4239 1565 4292 eum!
1592 4237 1848 4293 Fortasse
1893 4239 2111 4295 latitare
2141 4250 2303 4312 puta-

733 4327 824 4391 tis,
851 4327 945 4381 ait.
969 4325 1087 4380 Non
1125 4328 1195 4382 ita
1217 4335 1300 4382 est
1324 4344 1342 4384 :
1368 4328 1556 4383 Omnia
1591 4345 1711 4399 quae
1741 4332 1903 4400 agitis
1939 4331 2086 4386 novi.

793 4515 827 4552 "‘
851 4513 1014 4572 Vens.
1048 4517 1136 4572 il.
1166 4516 1423 4572 Clamavit
1457 4517 1665 4587 perdix,
1694 4521 2027 4589 congregavit
2064 4536 2180 4590 quit
2200 4538 2305 4576 non

731 4612 949 4677 peperit,
978 4610 1177 4678 faciens
1196 4611 1407 4664 divitias
1434 4627 1557 4664 suas
1584 4626 1687 4663 non
1703 4626 1819 4663 cum
1838 4610 2072 4678 judicio.

805 4699 998 4754 Sermo
1023 4709 1106 4755 est
1134 4701 1201 4754 ad
1228 4715 1322 4756 eos
1351 4701 1442 4771 qui
1484 4701 1642 4771 plura
1673 4700 1869 4755 habere
1897 4703 2302 4774 prazvalcrequc

734 4790 939 4845 viribus
969 4790 1178 4845 νοΙιιιιι.
1211 4791 1439 4858 Quidam
1476 4807 1605 4846 vero
1639 4791 1720 4846 sic
1763 4791 2099 4861 interpretati
2149 4807 2298 4850 sunt.

736 4881 1050 4937 Pcrdicibus
1108 4883 1389 4938 aiunthoc
1428 4898 1548 4938 csse
1603 4883 1655 4936 in
1725 4897 1847 4947 usu,
1899 4894 2019 4952 post
2072 4901 2298 4942 ovorum

749 4973 1117 5027 exeiusionem
1149 4973 1322 5042 pullos
1373 4973 1611 5026 clamore
1643 4975 1933 5040 advocare,
1964 4977 2135 5046 iisque
2184 4995 2301 5033 ma-

737 5072 872 5115 trem
901 5063 1136 5131 privare.
1173 5064 1286 5129 Sic,
1318 5063 1415 5128 ait,
1448 5073 1501 5118 et
1537 5064 1590 5117 hi
1622 5065 1832 5120 alienos
1875 5065 2088 5122 labores
2147 5071 2299 5126 colli-

735 5163 868 5223 gunt
895 5169 996 5224 pro
1015 5155 1210 5224 quibus
1233 5156 1438 5210 nullum
1467 5168 1824 5225 susceperunt
1845 5157 2107 5215 laborem.

805 5244 838 5279 ⁸
854 5243 922 5298 In
957 5246 1176 5301 dimidio
1204 5249 1408 5302 dierum
1429 5247 1543 5317 ejus
1567 5249 1858 5319 relinquent
1881 5266 2023 5308 eum.

805 5454 920 5507 Hoc
957 5463 1062 5519 est,
1097 5455 1258 5510 rebus
1293 5455 1485 5510 alienis
1517 5471 1624 5510 non
1647 5455 1877 5510 fruetur.

809 5542 837 5574 ii
861 5540 926 5594 Et
957 5543 1008 5595 in
1025 5545 1318 5599 novissimis
1351 5546 1460 5599 suis
1492 5547 1587 5600 erit
1619 5546 1884 5614 insipiens.

815 5737 860 5770 ἰ
884 5737 1025 5794 Psal.
1054 5757 1092 5808 ι,
1116 5711 1169 5800 δ.
1247 5743 1292 5776 σο
1325 5743 1500 5800 Εωιε.
1535 5757 1593 5808 ιι,
1630 5743 1712 5799 ιι.

2409 3232 2486 3300 μὴ
2511 3231 2712 3301 ἔχουσα
2744 3231 3010 3302 κάματον,
3032 3230 3176 3295 τίνος
3204 3233 3392 3286 ἕνεκεν
3420 3234 3520 3286 οῦκ
3552 3235 3642 3287 ἀεὶ
3662 3234 3799 3306 πρὸς
3817 3232 3974 3288 αὐτὸν

2404 3322 2506 3392 τὴν
2537 3320 2812 3392 σωτηρίαν
2851 3323 3294 3395 ἐπιρῤίπτομεν,
3345 3318 3406 3377 οῦ
3435 3326 3501 3395 τῇ
3548 3324 3733 3378 ἑλπίδι
3770 3323 3974 3394 ἐσώθη-

2407 3427 2532 3483 μεν.

2477 3528 2494 3546 ⁰
2524 3521 2785 3578 Βαθεῖαν
2825 3524 3080 3591 καρδίαν
3118 3523 3278 3593 παρά
3322 3525 3587 3583 πάντων.
3627 3526 3726 3581 καί
3755 3525 3977 3596 ἄνθρω-

2403 3630 2536 3682 πος,
2583 3617 2682 3669 καί
2737 3616 2830 3683 τίς
2875 3614 3167 3686 γνώσεται
3211 3617 3433 3682 αὐτόν;
3480 3617 3629 3688 Ἐγὼ
3674 3621 3888 3688 Κύριος
3932 3621 3970 3674 ὀ

2403 3707 2575 3773 Θεόςο
2829 3761 2831 3763 ,

2476 3799 2621 3868 Πρὸς
2654 3800 2784 3862 τοῦς
2838 3796 3142 3868 λεληθότως
3167 3799 3539 3864 ἀσεϐοῦντας,
3566 3802 3664 3854 καὶ
3694 3800 3978 3857 λανθάνειν

2402 3892 2684 3962 οἰομένους
2706 3893 2735 3944 δ
2759 3891 2939 3961 λόγος.

2476 3983 2612 4055 Περὶ
2639 3984 2750 4037 τῶν
2779 3983 3166 4054 βουλευμάτων
3197 3984 3376 4042 αὐτῶν
3411 3985 3583 4055 λέγει,
3610 3989 3694 4043 ὅτι
3736 3990 3832 4044 καὶ
3851 3991 3974 4046 λαν-

2403 4074 2663 4137 θάνοντας
2692 4071 2832 4128 οἶδεν
2874 4077 2903 4130 δ
2944 4076 3095 4139 Θεός.
3143 4077 3309 4131 Οὐδὲν
3341 4079 3514 4144 οὕτως
3535 4081 3751 4152 ἄδηλον.
3781 4084 3856 4146 ὼς
3878 4085 3973 4138 ἀν-

2402 4165 2622 4236 θρώπου
2651 4166 2869 4238 καρδία.
2899 4167 2997 4221 Διά
3020 4167 3179 4221 τοῦτο
3200 4169 3388 4242 ἕτερός
3417 4189 3552 4242 φησι
3576 4189 3592 4203 ·
3616 4173 3842 4242 Καρδία
3870 4175 3974 4238 βα-

2401 4258 2527 4312 θεῖα
2545 4258 2923 4327 κεκρυμμένη
2941 4258 3253 4327 ἅνθρωπός
3267 4261 3418 4329 ἐστι,
3444 4263 3542 4317 καί
3571 4265 3661 4330 τίς
3685 4263 3972 4334 γνώσεται

2399 4351 2623 4412 αὐτόν;
2661 4349 2819 4413 Ἴσως
2852 4349 3103 4420 νομίζετε
3151 4350 3459 4420 λανθάνειν,
3489 4353 3675 4423 φησίν.
3705 4357 3818 4410 Οὐκ
3854 4357 3972 4410 ἐστι

2332 4445 2378 4500 ι)
2402 4441 2561 4494 τοῦτο
2582 4456 2595 4468 ·
2635 4437 2755 4495 οῖδα
2785 4441 2852 4494 τά
2883 4441 3008 4495 καθ’
3036 4443 3180 4513 ὑμᾶς
3206 4444 3441 4499 ἅπαντα.

2474 4530 2492 4550 ⁶
2541 4530 2852 4599 Ἑφώνησε
2879 4531 3110 4600 πέρδιξ,
3163 4532 3512 4603 συνήγαγεν
3567 4533 3606 4588 d
3636 4537 3748 4590 οὐκ
3785 4535 3970 4604 ἔτεκε,

2403 4621 2590 4675 ποιῶν
2609 4622 2881 4676 πλοῦτον
2906 4624 3092 4678 αὐτοῦ
3114 4627 3188 4679 οὐ
3207 4626 3361 4693 μετὰ
3389 4627 3663 4694 κρίσεως.

2473 4713 2618 4784 Πρὸς
2641 4714 2769 4776 τοὺς
2788 4714 3243 4779 πλεονεκτοῦντας
3271 4718 3300 4770 δ
3329 4717 3510 4786 λόγος.
3545 4719 3702 4783 Τινὲς
3725 4719 3781 4773 δὲ
3801 4718 3972 4783 οὕτως

2404 4803 2782 4874 ἡρμήνευσαν·
2817 4803 3179 4875 Ἕθος,φησὶ,
3225 4807 3352 4869 τοὺς
3407 4807 3674 4880 πέρδικας
3721 4811 3861 4879 μετά
3911 4812 3972 4864 τὸ

2406 4894 2900 4964 ἀποτεχθῖψαιτῶν
2924 4895 3068 4959 ὠῶν,
3098 4898 3224 4960 τοὺς
3248 4901 3498 4961 νεοττοὺς
3527 4903 3590 4971 τῇ
3626 4903 3774 4972 φωνῇ
3805 4918 3969 4971 προσ-

2407 4983 2716 5051 καλεῖσθαι,
2759 4987 2857 5040 καὶ
2887 4985 3129 5055 γυμνοῦν
3152 4989 3253 5058 τὴν
3287 4989 3576 5044 τεκοῦσαν.
3609 4990 3786 5055 υῦτω,
3814 4993 3967 5060 φησὶ,

2405 5074 2500 5128 καὶ
2523 5069 2669 5129 οὗτοι
2712 5076 2804 5129 τὸν
2841 5076 3123 5149 ἀλλότριον
3148 5080 3312 5134 πόνον
3364 5084 3681 5152 συνάγουσι,
3729 5085 3858 5155 τερ).
3908 5078 3970 5138 οὗ

2403 5167 2502 5220 οὐκ
2533 5167 2828 5238 ἐπόνησαν.

2478 5260 2494 5278 ⁸
2537 5259 2632 5310 Ἐν
2692 5260 2897 5328 ἡμίσει
2958 5259 3195 5329 ἡμερῶν
3246 5263 3433 5318 αὑτοῦ
3500 5269 3972 5336 καταλείψουσιν

2409 5351 2615 5404 αὐτόν.

2478 5459 2795 5524 Τουτέστιν,
2832 5461 2934 5514 οὐκ
2964 5462 3266 5519 ἀπολαύσει
3301 5467 3621 5538 ἀλλοτρίων.

2478 5555 2495 5573 °
2527 5551 2634 5610 Καὶ
2664 5552 2757 5606 ἐπ’
2785 5553 3060 5624 ἐσχάτων
3093 5559 3282 5614 αὑτοῦ
3315 5560 3486 5615 ἔσται
3513 5562 3734 5632 ἄφρων.
