4226 6464
735 422 840 481 θῑδ
1455 420 2019 480 SUPPLEMENTUM
2060 424 2152 479 AD
2190 423 2250 479 S.
2294 423 2345 480 Ι.
2386 419 2883 479 CHRYSOSTOMI
2921 417 3170 477 OPERA.
3905 416 4005 472 ρει

735 549 841 602 est,
877 553 944 593 ne
981 537 1120 593 mala
1170 552 1268 607 pro
1327 536 1488 609 malis
1525 540 1918 607 retribuamus,
1971 541 2066 596 sed
2097 549 2149 596 et
2177 541 2316 597 bona
2347 545 2392 600 Α

2347 545 2392 600 Α
2421 539 2570 593 δόναι
2607 537 2755 592 κακὰ
2800 537 2923 590 ἀντὶ
2975 533 3165 588 κακῶν
3218 527 3709 627 προστεταγμεθα,
3749 526 3885 627 ἑλξά
3913 529 4003 627 καὶ

737 645 838 700 pro
876 629 1031 684 malis
1061 650 1076 684 :
1107 630 1153 684 si
1191 630 1281 698 qui
1315 629 1563 685 benellcii
1600 631 1735 686 nihil
1763 633 1974 701 accepit
2006 632 2202 701 injuria
2233 633 2318 688 in-

2417 629 2598 697 ἀγαθά
2621 631 2744 682 ἀντὶ
2769 627 2976 681 κακῶν.
3001 625 3063 678 Εἰ
3089 626 3118 677 6
3140 622 3309 694 μηδὲν
3335 622 3525 676 παθὼν
3547 617 4005 721 ἀγαθὸν,-ἀδικιῖ›ν

739 721 919 774 terens
946 720 1178 788 injustus
1206 730 1324 781 est;
1349 721 1439 788 qui
1501 730 1622 789 post
1661 728 1942 789 acceptum
1988 723 2314 776 beneﬁcium

2418 721 2605 784 ἄδικος
2626 737 2639 750 ·
2671 724 2700 773 6
2730 718 2846 790 μετ’
2906 715 3227 788 εὐεργεσίας
3281 711 3526 775 τοιοῦτος
3554 708 3654 777 ὢν,
3704 708 3810 760 ποῦ
3846 708 4005 759 τετά-

742 810 866 864 talis
885 819 969 864 est
997 825 1108 879 quo
1142 809 1260 864 loco
1291 811 1684 865 eullocahitur?
1719 812 1932 878 horum,
1961 813 2158 881 inquit,
2204 829 2318 866 ma-

2419 813 2606 879 ξεται;
2641 813 2756 866 Ούκ
2790 811 2906 882 ἔχει
2953 807 3116 878 φύσιν
3163 807 3198 877 ἡ
3255 804 3446 867 κακία,
3498 804 3687 873 φησιν,
3718 803 3750 870 η
3777 799 4002 864 τούτων,

741 901 879 964 lilia,
909 901 987 955 ait
1021 903 1244 957 modum
1274 919 1380 958 non
1411 904 1598 970 habet,
1637 906 1894 974 nequitia:
1933 906 2147 962 illorum
2198 923 2316 960 om—

2253 923 2316 960 n—
2422 905 2603 959 πάντα
2641 903 2802 974 λόγον
2828 899 3151 972 ὑπερϐαίνει
3182 899 3251 951 τὰ
3290 896 3390 966 τῆς
3416 893 3682 967 πονηρίας
3713 892 3921 948 αὐτῶν.

742 1005 867 1045 netn
909 990 1160 1058 loquendi
1203 991 1517 1047 facultatem
1557 1005 1836 1063 superant.

813 1080 836 1102 ¹
858 1079 996 1146 Quia
1026 1081 1274 1134 collocaui
1307 1091 1431 1136 sunt
1473 1084 1616 1137 mala
1663 1096 1845 1138 contra
1871 1085 2105 1139 animam
2127 1101 2320 1153 meum,

2512 1087 2642 1140 Ὀτι
2680 1082 3128 1149 συνελάλησαν
3174 1079 3410 1152 ῥήματα
3449 1075 3600 1130 κατὰ
3660 1072 3772 1142 τῆς
3801 1070 4011 1142 ψυχῆς

744 1181 794 1226 et
813 1172 1139 1237 punitionem
1171 1189 1322 1226 suam
1346 1173 1678 1229 occultarum
1707 1177 1858 1230 mihi.

2419 1195 2563 1247 μου,
2594 1175 2692 1230 καί
2731 1174 2846 1243 τὴν
2866 1176 3128 1228 κόλασιν
3157 1166 3356 1225 αὐτῶν
3385 1165 3662 1236 ἔκρυψαν
3693 1182 3815 1234 μοι.

817 1260 932 1316 Hoc
951 1271 1036 1318 est
1062 1277 1277 1327 pmuam
1314 1267 1672 1333 occultantes,
1700 1268 1775 1321 uti
1803 1268 2011 1323 amicos
2040 1269 2230 1324 obvios
2264 1285 2324 1324 se

2501 1269 2788 1334 Τουτέστι,
2834 1268 2933 1337 τὴν
2964 1263 3240 1336 τιμωρίαν
3283 1259 3736 1328 ἀποκρυψάμενοι
3765 1256 3842 1319 ὡς
3871 1253 4014 1325 φίλοι

744 1350 1098 1407 exhibebant.
1139 1353 1368 1420 Quidam
1412 1366 1593 1410 autem
1661 1371 1968 1425 asseruere,
2007 1359 2324 1415 fornicatio-

2426 1358 2763 1430 προσῄεσαν.
2786 1357 2941 1419 Τινὲς
2963 1355 3022 1410 δέ
3049 1355 3281 1424 ἔφασαν,
3315 1353 3392 1416 ὡς
3413 1353 3652 1419 γυναῖκα
3678 1349 3830 1418 αὐτῷ
3849 1347 4015 1417 ἐπίρ-

755 1457 905 1506 nem,
939 1443 1056 1498 sive
1082 1444 1406 1499 adulterium
1439 1446 1708 1515 objectum
1759 1449 1808 1504 ei
1847 1447 2040 1514 fuisse,
2080 1451 2221 1520 quod
2241 1452 2322 1505 fa-

2430 1451 2594 1523 ριψαν
2616 1467 2631 1481 ο
2668 1449 2842 1503 ῑωλον
2878 1447 2957 1502 δέ·
2988 1447 3049 1501 οὐ
3077 1447 3188 1518 γὰρ
3220 1446 3286 1501 ἂν
3317 1443 3451 1498 αὐτὸ
3480 1441 3796 1511 ἐσιώπησεν
3821 1441 3850 1494 6
3879 1455 4015 1510 προ-

751 1537 898 1583 tuum
928 1530 1204 1586 videretur
1232 1551 1247 1595 ;
1290 1549 1467 1605 neque
1487 1539 1634 1590 enim
1661 1537 1899 1594 siluisset
1929 1539 2218 1610 propheta.
2431 1543 2631 1612 φήτης.

819 1618 1056 1677 Recorda
1065 1639 1138 1688 re,
1166 1625 1407 1680 Domine.

2501 1631 2846 1699 Μνήσθητι,
2881 1629 3078 1698 Κύριε.

819 1711 974 1777 Quod
1021 1713 1194 1781 majus
1238 1717 1561 1773 beneﬁcium
1618 1718 1803 1784 fuerit,
1852 1737 2014 1791 quam
2062 1721 2328 1778 oﬂ‘eusum

2501 1724 2696 1779 Καίτοι
2723 1720 2932 1791 ταύτης
2954 1719 3142 1790 μεῖζον
3161 1718 3214 1771 τί
3237 1716 3438 1788 γένοιτ’
3462 1715 3528 1769 ἂν
3549 1713 3654 1785 τῆς
3673 1711 4017 1784 εὐεργεσίας,

749 1801 916 1856 Deum
946 1803 1083 1860 velle
1107 1805 1214 1862 illis
1245 1808 1572 1865 conciliare?
1603 1811 1696 1865 sed
1731 1812 2043 1867 noluerunt.
2363 1878 2401 1888 _

2363 1878 2401 1888 _
2433 1815 2465 1888 ἢ
2491 1814 2582 1868 τὸν
2611 1814 2746 1868 Θεὸν
2794 1809 3333 1882 ἐκπεπολεμωμένον
3363 1807 3628 1878 ἐθελῆσαι
3677 1800 4018 1866 καταλλάξαι

2363 1878 2406 1933 Β
2444 1878 2675 1972 αὐτούςς
2698 1903 2813 1958 ἀλλ’
2834 1903 2935 1957 οὐκ
2951 1878 3244 1972 ἠθέλησαν.

822 1976 988 2037 Vna.
1020 1982 1111 2038 2|.
1148 1982 1433 2053 Propterea
1465 1989 1532 2043 da
1563 1990 1703 2058 ﬁlios
1735 2009 1940 2051 eorum.

1932 2037 1940 2051 ι
2508 2000 2614 2053 Διά
2649 1996 2826 2052 τοῦτο
2865 1995 2972 2061 δὸς
3005 1993 3150 2060 τοὺς
3180 1990 3352 2058 υἱοὺς
3381 1989 3601 2046 αὐτῶν.

826 2071 1026 2128 Deinde
1069 2075 1176 2130 illis
1219 2079 1452 2147 pessima
1515 2085 1763 2151 quaedam
1815 2085 2173 2155 imprecatur,
2222 2087 2326 2142 etsi

2508 2087 2644 2144 Εῐτα
2674 2087 3005 2159 κατεύχεται
3037 2086 3219 2139 αὐτῶν
3241 2085 3379 2156 ἀράς
3401 2099 3556 2145 τινας
3579 2078 3828 2152 χαλεπάς
3847 2094 3861 2108 ’
3894 2075 4024 2138 τοὺς

753 2161 897 2214 enim
928 2162 1066 2216 tales
1100 2165 1334 2219 interimi
1361 2170 1668 2237 oportebat,
1704 2187 1850 2242 saepe
1885 2173 2098 2230 insidiis
2130 2176 2332 2237 petitus

2439 2184 2549 2254 γὰρ
2598 2181 2878 2243 τοιούτους
2929 2178 3034 2231 κᾶν
3089 2176 3449 2248 ἀναιρεθῆναι
3499 2173 3695 2245 ἐχρῆν,
3764 2167 4023 2227 πολλάκις

757 2251 1113 2321 ¹¹ο¹¹άθειίιίῖ
1150 2257 1242 2310 88d
1268 2258 1404 2313 nihil
1432 2260 1658 2330 profeci.
2441 2251 2850 2335 ἐπιϐουλευθεὶς
2878 2269 2980 2323 οὐκ
3024 2270 3273 2339 ἀπέστη,
3328 2267 3425 2320 καὶ
3476 2265 3630 2320 οὐδὲν
3685 2261 3851 2317 πλέον
3897 2256 4021 2330 ἐγέ-

2444 2380 2582 2418 νετο.

829 2431 990 2487 Fiant
1021 2451 1228 2504 uxores,
1255 2439 1348 2508 fiat
1375 2441 1598 2497 clamor.

2512 2452 2914 2508 Γενέσθωσαν
2936 2453 2999 2505 αι
3025 2449 3328 2520 γυναῖκες.

833 2523 1261 2584 lnternecionem
1285 2533 1645 2600 quorumdam
1671 2534 2019 2606 imprecetur,
2053 2554 2120 2594 ne
2148 2555 2337 2610 supero

2509 2544 2762 2615 Παντελῆ
2789 2543 3070 2614 ἀναίρεσιν
3097 2542 3258 2595 ἐνίων
3286 2537 3637 2608 κατεύχεται,
3670 2536 3760 2595 ἵνα
3791 2553 3866 2606 μη
3901 2535 4024 2589 ἐπι-

762 2615 918 2668 stites
940 2616 1167 2688 reliquis
1189 2633 1470 2687 nocerent,
1503 2625 1907 2697 clamoremque
1935 2629 2047 2683 tolli
2073 2634 2336 2701 postulat,

2448 2635 2742 2707 μένοντες,
2775 2635 2902 2697 τοὺς
2955 2633 3179 2695 λοιποὺς
3230 2631 3545 2702 βλάπτωσιο
3618 2627 3713 2682 καὶ
3777 2626 4026 2698 κραυγὴν

763 2716 821 2757 ιιι
851 2705 1029 2774 palam
1059 2707 1213 2765 fleret
1247 2714 1559 2774 calamitas.

2446 2705 2588 2792 ἀξιοί
2613 2723 2892 2795 γενέσθαι,
2929 2722 3071 2776 ὥστε
3093 2721 3346 2792 διάδηλον
3377 2715 3517 2773 εἶναι
3545 2715 3645 2788 τὴν
3675 2716 3983 2786 συμφοράν.

1402 2841 1553 2896 CAP.
1597 2844 1738 2899 XIX.
3020 2861 3071 2916 Κ

3020 2860 3274 2916 ΚΕΦΔΛ.
3312 2857 3413 2911 18'.

836 2971 852 2990 ⁶
883 2967 1046 3025 Vsus.
1091 2972 1143 3026 1.
1177 2972 1322 3029 Tunc
1345 2975 1486 3030 dixit
1520 2977 1780 3036 Dominus
1813 2984 1884 3036 ad
1923 3000 2003 3038 tne
2031 2999 2050 3038 :
2094 2983 2255 3053 Vade,
2290 2997 2340 3042 et

2515 2995 2534 3014 '
2562 2992 2700 3048 Τότε
2735 2986 2866 3047 εἶπε
2897 2990 3111 3058 Κύριος
3149 2988 3299 3057 πρός
3323 3002 3400 3056 με
3423 3001 3438 3017 ο
3464 2983 3740 3049 Βὰδισαι,
3768 2983 3866 3037 καί
3891 2977 4031 3048 κτῆ-

765 3061 973 3128 posside
1003 3064 1260 3119 doliolunt
1288 3076 1504 3122 testeum
1542 3069 1749 3139 ﬁctum.

2446 3098 2551 3137 σαι
2575 3082 2763 3147 ,ϐίκον
2800 3076 3169 3146 ὀστράκινον
3201 3074 3659 3144 πεπλασμένον.

823 3150 1002 3206 .Sexta
1012 3154 1150 3208 rium
1188 3171 1404 3225 nempe.
2373 3225 2409 3240 Α

1374 3175 1404 3213 ε.
2373 3225 2409 3240 Α
2517 3172 2780 3227 Τουτέστι
2828 3171 3043 3240 ξέστην.

838 3242 1000 3299 Vens.
1032 3246 1088 3300 2.
1132 3245 1203 3299 Et
1237 3248 1402 3302 exibis
1429 3250 1486 3303 in
1515 3250 1887 3320 polyandrium
1928 3252 2162 3320 ﬁliorum
2200 3272 2341 3309 mar—
2370 3225 2412 3282 δ

2370 3225 2412 3282 C
2516 3225 3094 3328 Kaléﬁslsutm'slc
3138 3255 3206 3310 τὸ
3257 3252 3666 3322 πολυάνδριον
3713 3248 3863 3305 υἱῶν
3913 3247 4032 3302 τῶν

764 3343 978 3388 tuorum
1007 3352 1212 3404 eorum,
1242 3339 1382 3409 quod
1413 3340 1664 3411 est-juxta
1695 3343 1948 3398 vestibula
1977 3355 2145 3413 porta:
2174 3344 2345 3402 Char-

2445 3353 2822 3420 τεθνηκότων
2845 3348 3067 3411 αὐτῶν,
3105 3347 3138 3401 ὅ
3190 3347 3365 3401 ἐστιν
3394 3345 3494 3399 ἐπί
3533 3342 3653 3399 τῶν
3690 3339 3891 3411 θιφῶν
3919 3337 4031 3409 τῆς

764 3426 919 3479 sidis.
2443 3446 2642 3511 πύλης
2669 3442 2780 3510 τῆς
2812 3439 3114 3508 Χαρσίδις.

839 3516 1216 3588 Polyandrium
1269 3533 1606 3580 mortuorum
1642 3537 1798 3582 vocat
1842 3529 2044 3599 locum,
2085 3533 2175 3588 ubi
2215 3549 2339 3604 per-

2518 3535 2880 3606 Πολυάνδριον
2915 3530 3256 3601 τεθνηκότων
3291 3527 3444 3598 λέγει
3489 3529 3582 3582 τὸν
3628 3528 3796 3583 τόπον
3842 3527 3970 3580 ἔνθα
4001 3527 4030 3579 6

767 3620 981 3698 emptus
1011 3621 1094 3665 est
1121 3611 1405 3684 Assyrius,
1438 3625 1492 3671 et
1526 3631 1592 3671 ex
1644 3617 1847 3673 Judaeis
1895 3625 2279 3694 quamplurimi
2312 3643 2342 3681 a

2458 3625 2743 3698 Ἀσσύριος
2811 3623 3078 3696 ἀνῃρέθη,
3132 3622 3225 3676 καὶ
3277 3622 3387 3674 τῶν
3443 3621 3714 3674 Ἰουδαίων
3773 3619 3880 3673 ὑπὸ
3933 3619 4029 3672 τοῦ

769 3697 1039 3756 Chaldaeis
1095 3703 1374 3760 iutersecti
1423 3718 1570 3762 sunt.
1628 3710 1822 3779 Itaque
1883 3714 1984 3769 hoc
2030 3716 2082 3770 iu
2126 3717 2243 3772 loco
2287 3730 2347 3773 ut

2449 3697 2720 3774 Χαλδαίου
2760 3717 2945 3771 πολλοὶ
2997 3714 3391 3786 διεφθάρησαν.
3438 3713 3527 3777 Ὠς
3571 3709 3666 3767 οὖν
3695 3711 3864 3765 τόπου
3897 3711 4032 3764 ὕπο-

770 3805 998 3861 perapto
1027 3795 1090 3848 ad
1124 3796 1427 3851 reducenda
1463 3800 1516 3853 iu
1551 3803 1868 3856 memoriam
1901 3813 1952 3859 et
1985 3807 2219 3874 primum
2252 3810 2348 3864 bc-

2453 3810 2654 3880 μνῆσαι
2689 3809 2907 3872 αὐτοὺς,
2958 3807 3054 3859 καὶ
3106 3806 3205 3875 τῆς
3239 3804 3513 3876 προτέρας
3553 3802 3902 3874 εὐεργεσίας,
3937 3803 4032 3857 καὶ

773 3883 1044 3949 nelicium,
1080 3880 1140 3939 et
1177 3889 1514 3945 aversiouem
1572 3906 1601 3945 a
1654 3891 1785 3955 Deo,
1839 3910 1959 3964 quae
2005 3902 2347 3968 postmodum

2451 3902 2549 3970 τῆς
2612 3901 2750 3972 μετά
2802 3900 2976 3955 ταῦτα
3027 3897 3125 3951 τοῦ
3161 3896 3296 3950 Θεοῦ
3351 3895 3729 3968 ἀποστροφῆς,
3789 3895 3882 3948 ἐπὶ
3935 3893 4030 3947 τοῦ

772 3973 1058 4029 subsecuta
1103 3986 1208 4042 est,
1245 3981 1517 4036 mandavit
1561 3993 1619 4037 ut
1652 3995 1902 4056 prompte
1949 3988 2175 4057 diceret,
2230 4008 2351 4062 quae

2453 3995 2620 4048 τόπου
2651 3992 2864 4045 ἐκείνου
2895 3989 3232 4063 προσέταξεν
3279 3990 3480 4055 εἰπεῖν,
3532 3989 3677 4060 ἅπερ
3711 3987 3906 4057 ἔμελλε
3942 3988 4030 4040 λέ-

773 4063 1015 4118 dicturus
1049 4075 1185 4123 erat.

2453 4100 2511 4152 γε
2523 4101 2570 4135 ιν
2604 4085 2630 4136 6
2658 4083 2964 4152 προφήτης.

849 4155 1015 4211 Recte
1067 4174 1188 4214 eum
1227 4162 1395 4216 mittit
1436 4164 1489 4219 in
1525 4164 1703 4221 locum
1752 4168 2103 4238 delictorum,
2135 4174 2188 4228 in
2221 4190 2348 4245 quo,

2526 4172 2722 4235 Καλῶς
2776 4172 2939 4225 αὐτὸν
3011 4173 3093 4235 είς
3145 4171 3238 4224 τὸν
3287 4172 3453 4225 τύπον
3508 4171 3873 4243 παραπέμπει
3925 4170 4031 4225 τῶν

778 4248 876 4310 ait,
931 4249 1059 4304 Baal
1100 4251 1411 4321 adolebanl,
1453 4265 1508 4312 et
1537 4257 1677 4314 ﬁlios
1728 4275 1856 4317 suos
1897 4263 2006 4331 igni
2061 4266 2350 4322 COlllbUI’e-

2455 4263 2896 4333 ἁμαρτημάτων,
2941 4260 3072 4336 ξνθα
3105 4258 3365 4330 ἐθυμίων,
3420 4261 3578 4334 φησι,
3609 4260 3688 4332 τῷ
3719 4259 3888 4322 Βάαλ,
3937 4262 4031 4312 καὶ

779 4339 935 4396 baut.
2456 4357 2580 4419 τοὺς
2608 4356 2756 4418 υἱοὺς
2790 4354 2970 4408 αὐτῶν
2997 4355 3286 4408 κατέκαιον
3318 4354 3471 4426 πυρί.

902 4432 1062 4488 νεεδ.
1099 4437 1153 4499 4,
1205 4437 1258 4492 5.
1309 4438 1380 4493 Et
1421 4457 1566 4512 reges
1613 4443 1760 4498 Iuda
1800 4446 2125 4516 repleverunt
2183 4449 2354 4504 locum
2529 4448 2571 4500 ’λ

2529 4448 2544 4467 ⁶
2561 4446 2670 4500 Καί
2691 4449 2746 4500 οἱ
2758 4443 3045 4511 ,ϐασιλεῖς
3060 4443 3249 4500 Ἰούδα
3266 4444 3551 4511 ἔπλησαν
3563 4444 3672 4498 τὸν
3685 4446 3873 4500 τόπον
3897 4445 4031 4500 τοῦ·

783 4527 942 4578 istum
1004 4529 1348 4598 sanguinibus
1415 4532 1775 4591 innocentum.
1842 4535 1911 4591 Et
1962 4539 2355 4608 wdiﬁcaverunt
2385 4552 2432 4608 ι’)

2385 4552 2432 4608 ι’)
2458 4553 2562 4588 τον
2590 4534 2854 4606 αἱμάτων
2901 4532 3126 4601 ἁθώων,
3153 4533 3252 4588 καί
3281 4535 3679 4606 ᾠκοδόμησαν
3727 4537 3799 4592 τὰ
3826 4541 4031 4607 ὑψηλὰ

782 4618 988 4671 excelsa
1017 4617 1174 4672 Baal.

1084 4619 1174 4672 ml.
2460 4623 2538 4690 τῷ
2568 4627 2753 4680 Βάαλ.

858 4707 1108 4774 Excelsa,
1148 4708 1300 4776 juxta
1340 4714 1537 4768 divina:
1604 4714 1902 4784 Scriptum;
1943 4734 2150 4777 morem
2175 4761 2190 4787 ,
2235 4738 2360 4779 aras

2543 4713 2777 4784 ’Υψηλά,
2805 4714 2950 4769 κατά
2968 4714 3032 4769 ‘rb
3055 4710 3293 4787 σύνηθες
3319 4714 3420 4786 τῆς
3447 4714 3600 4779 θείας
3635 4717 3882 4788 Γραφῆς,
3905 4716 4029 4780 τοὺς

786 4798 1082 4854 dicit.Baal
1109 4813 1290 4856 autem
1347 4806 1720 4861 nuuc'ridolum
1754 4808 1950 4878 ipsum.

2465 4805 2684 4879 βωμοὺς
2715 4808 2887 4878 λέγει.
2921 4808 3070 4862 Βάαλ
3095 4809 3154 4863 δὲ
3184 4807 3278 4862 νῦν
3307 4808 3370 4861 τὸ
3407 4808 3625 4862 εἴδωλον
3662 4809 3813 4863 αὑτό.

861 4891 976 4943 ‘Ad
1012 4892 1392 4951 comburendos
1438 4897 1576 4964 ﬁlios
1609 4915 1745 4955 suos
1798 4901 1856 4955 in
1890 4902 2007 4973 igne
2051 4904 2363 4962 holocausta

2356 4926 2363 4959 ι
2535 4903 2552 4921 ⁹
2596 4901 2706 4956 Τοῦ
2758 4900 3105 4954 κατακαίειν
3150 4899 3295 4966 τοὺς
3325 4899 3494 4967 υἱοὺς
3527 4900 3729 4956 αὐτῶν
3767 4901 3837 4954 ἐν
3865 4901 4025 4970 πυρί,

789 4978 946 5036 Batti.
2463 4992 2926 5064 ὁλοκαυτώματα
2952 4989 3032 5056 τῷ
3057 4990 3244 5045 Βάαλ.

863 5073 1034 5127 Aliam
1061 5074 1293 5144 speciem
1341 5077 1634 5150 impietatis
1677 5081 1941 5150 insinuat,
1982 5087 2125 5156 quod
2174 5088 2364 5144 ultimo

2360 5112 2364 5134 ›
2535 5087 2761 5156 Ἕτερον
2786 5083 2927 5147 εἶδος
2952 5082 3207 5146 ἀσεϐείας
3236 5081 3411 5151 λέγει,
3443 5082 3471 5136 δ
3510 5083 3824 5138 τελευταῖον
3871 5087 4029 5139 ἐπεν-

793 5164 911 5219 loco
941 5164 1274 5236 deploratum
1296 5179 1400 5224 est.
1430 5171 1565 5232 Cum
1594 5172 1738 5228 enim
1771 5189 1867 5230 eos
1901 5180 2362 5249 reprehendisset,

2358 5223 2362 5244 ,
2466 5176 2622 5247 θήθη.
2669 5173 3004 5244 Ἐγκαλέσας
3029 5173 3139 5244 γάρ
3165 5173 3372 5237 αὐτοῖς,
3404 5172 3480 5236 ὡς
3501 5172 3722 5226 εἴδωλον
3747 5175 4027 5244 ποιήσασι,

793 5264 849 5311 et
877 5257 1020 5327 quod
1059 5258 1258 5314 idolum
1290 5261 1647 5332 confecerint,
1679 5274 1734 5320 et
1765 5265 2014 5325 Plutonis
2043 5271 2209 5327 cultui
2235 5287 2364 5342 ope-

2359 5301 2364 5314 ι
2467 5266 2708 5338 καὶπερὶ
2735 5268 2836 5338 τὴν
2867 5264 2963 5319 τοῦ
2989 5265 3304 5329 Πλούτωνος
3333 5265 3632 5338 θεραπείαν
3681 5267 4028 5337 ἐσχολακόσι,

793 5361 910 5400 tam
940 5347 1190 5407 dederint
1228 5359 1350 5419 post
1395 5352 1603 5408 obitqu
1653 5355 2040 5443 $enacherim;
2085 5359 2229 5429 huic,
2265 5363 2362 5431 ait,

2355 5406 2362 5430 ,
2471 5359 2608 5432 μετά
2637 5360 2735 5430 τὴν
2779 5356 2873 5412 τοῦ
2924 5357 3239 5428 Σεναχηρὶμ
3281 5357 3586 5428 ἀναίρεσιν·
3617 5358 3807 5430 Τούτῳ
3826 5360 4024 5426 τοίνυν,

798 5438 943 5495 idolo
961 5438 1218 5519 Plutonis
1254 5443 1464 5500 scilicet
1495 5438 1804 5505 holocausta
1840 5449 2172 5519 oﬂ'erebatis,
2202 5464 2365 5526 atque

2361 5477 2365 5506 ι
2469 5450 2627 5521 φησι,
2672 5449 2751 5521 τῷ
2788 5448 3015 5518 εἰδωλίῳ
3064 5448 3496 5522 ὁλοκαυτώματα
3544 5452 3778 5506 ἐποιεῖτε
3813 5445 4030 5523 τῷ’τοῦ

798 5528 1137 5597 obsequium,
1190 5533 1342 5603 quasi
1393 5547 1569 5591 morte
1617 5540 1944 5608 superiores.
1976 5544 2131 5608 Quod
2184 5557 2362 5600 autem

2358 5566 2362 5600 ι
2467 5542 2802 5606 Πλούτωνος,
2833 5541 3032 5595 ὡσανεὶ
3065 5541 3347 5613 κρείττους
3374 5541 3468 5596 τοῦ
3497 5542 3730 5598 θανάτου
3764 5543 4027 5614 ἐσόμενοι.

801 5620 867 5674 dc
900 5622 984 5677 his
1014 5624 1304 5693 sitsermo,
1335 5628 1668 5698 patefaciunt
1689 5646 1809 5700 quae
1835 5645 2160 5704 sequuntur.
2197 5638 2366 5694 lnicrt
2467 5636 2470 5686 ἰ

2359 5651 2366 5694 L
2467 5633 2578 5686 Καὶ
2629 5634 2711 5686 ὃτι
2766 5634 2897 5705 περὶ
2950 5631 3143 5687 τούτου
3173 5632 3344 5702 λέγει,
3391 5633 3586 5708 μηνύει
3620 5636 3690 5693 τὰ
3741 5635 4028 5692 ἀκόλουθα.

799 5710 943 5762 enim
975 5729 988 5764 :
2466 5743 2468 5761 .

2466 5725 2602 5794 Φησὶ
2625 5725 2732 5796 γάρ
2752 5740 2766 5755 °

872 5802 887 5822 '
935 5803 1092 5857 Vtilis.
1132 5805 1182 5859 6.
1213 5805 1419 5863 Idcirco
1451 5828 1563 5868 cccc
1592 5812 1702 5869 dies
1743 5817 1976 5884 ueniunt,
2008 5817 2136 5871 dicit
2173 5817 2360 5873 Domi-
2539 5825 2541 5829 ‘

2358 5849 2360 5855 ν
2539 5819 2552 5834 ⁸
2571 5817 2672 5873 Διὰ
2696 5815 2868 5872 τοῦτο
2897 5815 3028 5873 ίδοὺ
3055 5816 3256 5887 ἡμέραι
3289 5819 3583 5891 ἔγκειται,
3616 5820 3772 5893 λέγει
3799 5822 4027 5890 Κύριος,
