4226 6438
279 387 388 446 925

1387 334 1820 435 FRAGMENTA
1854 377 1921 433 IN
1957 375 2331 434 JEREMIAM.

3482 389 3589 448 926

281 511 382 567 καί
431 510 504 563 οὺ
549 504 917 575 κληθήσεται
953 501 1031 568 τῷ
1075 502 1238 570 τόπῳ
1283 500 1476 564 τούτῳ
1520 498 1869 565 διὰπτωσις,

1989 513 2089 550 nus
2125 513 2139 552 :
2171 508 2220 551 et
2251 514 2356 551 non
2405 498 2684 553 vocabitur
2730 499 2878 558 locus
2919 504 3016 557 isIe
3068 505 3248 572 ruina,
3279 515 3329 560 et
3358 515 3584 577 polyan-

280 601 380 657 καί
411 597 822 665 πολυάνδριον
844 593 979 648 υίοῦ
1018 593 1266 662 Ἔννώμ.

364 689 425 745 ⁸0
453 690 511 744 δὲ
563 688 814 757 Ἐϐραῖος
843 684 1018 747 οὕτως
1052 683 1202 753 ἔχει·
1244 681 1582 748 Διάπτωσις
1629 680 1733 736 τοῦ
1777 686 1877 737 Το-

277 783 416 853 φὸθ,
444 783 583 852 ὅπερ
612 778 751 841 ἐστὶ,
778 776 986 847 Βωμὸς
1014 774 1129 844 τῆς
1150 775 1354 842 κόρης.
1398 773 1538 828 Υἱοῦ
1564 773 1620 826 δὲ
1653 773 1880 844 Ἐννὼμ

278 877 662 949 ήρμήνευσαν,
696 871 808 925 ἀπὸ
850 871 947 924 τοῦ
978 871 1073 924 τὸν
1106 868 1274 922 τόπον
1304 868 1400 920 τοῦ
1441 866 1658 938 Ἐννὼμ
1695 862 1875 921 εἶναι·

279 965 600 1037 σαφεστέρα
656 963 715 1016 δὲ
751 965 928 1016 κεῖται
964 962 997 1031 ἡ
1040 960 1220 1013 ἔννοια
1274 959 1430 1030 παρὰ
1462 958 1542 1029 τῷ
1602 957 1878 1029 Ἐϐραῖκῷ

275 1055 642 1125 διελέγχουσα
663 1052 845 1108 αὐτῶν
871 1052 970 1123 τὴν
993 1050 1272 1104 ἀσέϐειαν.
1293 1047 1490 1103 Ἀλλά
1515 1047 1582 1101 τὸ
1609 1046 1880 1101 πολυάν-

276 1149 450 1240 δρέρν
477 1146 586 1215 τῆς
608 1143 874 1215 σφαγῆς,
899 1141 1204 1208 τουτέστιν,
1233 1140 1425 1204 κοιλὰς
1456 1141 1675 1210 σφαγῆς
1695 1156 1707 1170 ο
1733 1138 1877 1192 οὕτω

277 1223 390 1312 τὰὲ
424 1241 454 1292 ό
504 1239 758 1310 Ἐϐραῖος
811 1236 946 1308 ἔχει.
980 1233 1329 1305 Σημειωτέον
1373 1233 1432 1286 δὲ
1482 1232 1578 1286 καὶ
1613 1230 1874 1298 ἐνταῦθα,

276 1331 357 1393 ὡς
388 1330 447 1382 τὸ
492 1327 874 1398 πολυάνδριον,
912 1325 1023 1378 ἀπὸ
1070 1324 1165 1377 τοῦ
1211 1322 1452 1393 πλήθους
1497 1321 1607 1376 τῶν
1652 1323 1877 1394 ἀναιρε-

280 1420 488 1474 θέντων
517 1420 876 1489 ήρμήνευσαν
904 1415 1036 1469 αὐτὸ
1060 1415 1110 1467 οἱ
1152 1414 1621 1484 ἑρμηνεύσαντες.
1667 1414 1789 1465 Ὅτι
1819 1412 1876 1465 δὲ

275 1514 415 1584 περὶ
460 1512 556 1566 τοῦ
607 1511 786 1581 Τοφὲθ
837 1510 933 1564 νῦν
968 1510 1298 1578 διαλέγεται,
1336 1509 1477 1578 ὅπερ
1524 1508 1875 1578 ήρμήνευσεν

275 1603 415 1660 υἱοῦ
472 1601 730 1671 Ἔννὼμ,
785 1601 982 1671 μηνύει
1058 1600 1290 1671 προϊών.
1352 1599 1540 1667 Φήσας
1600 1597 1734 1667 γὰρ,
1790 1597 1875 1648 ὅτι

278 1695 569 1767 συνέτριψε
624 1697 718 1748 τὸν
763 1691 918 1764 βῖκον
973 1693 1116 1749 κατὰ
1168 1692 1504 1763 πρόσταγμα
1563 1689 1660 1743 τοῦ
1711 1687 1871 1754 Θεοῦ,

278 1787 484 1857 ἐπάγει
503 1803 518 1817 ⁸

351 1877 500 1932 Τάδε
533 1877 701 1947 λέγει
726 1876 961 1944 Κύριος.

347 1969 517 2022 Ὥστε
541 1968 763 2029 ἀνίατον
786 1962 1052 2037 εἶναιτὴν
1078 1963 1296 2038 πληγὴν
1320 1965 1514 2036 αὐτῆς,
1534 1964 1712 2017 ἔδωκα
1738 1961 1870 2034 ὑμῖν

277 2063 560 2132 σωτηρίας
589 2061 784 2114 ἐλπίδα
806 2075 820 2091 ·
849 2055 1008 2113 εἷπον
1031 2074 1046 2090 ⁸
1072 2058 1436 2129 ’Δποστρέψω
1462 2058 1526 2110 τὸ
1566 2057 1740 2121 ἔθνος,
1771 2054 1868 2109 καὶ

271 2154 373 2224 τὴν
398 2151 804 2222 αἰχμαλωσίαν,
835 2151 933 2204 καὶ
956 2151 1056 2221 τὴν
1097 2149 1377 2221 βασιλείαν
1409 2149 1471 2202 οὐ
1500 2149 1864 2220 προσέσχετε.

285 2243 522 2315 Ἀναιρῶ
552 2245 648 2297 καὶ
683 2241 890 2313 ταύτην
915 2241 1016 2312 τὴν
1061 2241 1441 2312 παραμυθίαν,
1476 2240 1738 2293 ὲκκόπτω
1771 2239 1867 2292 καὶ

269 2337 480 2400 ταύτας
504 2337 602 2399 τὰς
624 2334 870 2397 ἐλπίδας.
1475 2348 1478 2350 ⁷

343 2430 359 2447 '
390 2426 500 2480 Kal
518 2425 765 2480 ἔσονται
789 2427 845 2479 οι
858 2420 1016 2479 οἶκοι
1053 2422 1484 2493 Ἰερουσαλὴμ,
1509 2421 1612 2476 καί
1635 2424 1689 2476 οἱ
1714 2416 1866 2475 οἶκοι

265 2513 584 2581 ,βασιλέων
618 2512 828 2579 Ἰούδα,
854 2513 1052 2580 καθὼς
1081 2515 1119 2567 ὁ
1143 2513 1330 2577 τόπος
1358 2515 1390 2566 ὀ
1417 2511 1775 2564 διαπίπτων.

345 2605 666 2671 Tom-estw,
694 2606 830 2659 ὅπου
855 2603 1060 2657 επεσαν
1080 2604 1133 2656 οἱ
1154 2601 1436 2674 Βαρσαροί
1458 2618 1586 2655 ποτε
1607 2603 1676 2672 τῇ
1712 2601 1867 2654 πόλει

271 2695 620 2759 δπελθόντες.

348 2788 582 2853 Πάντες
633 2789 689 2840 ot
738 2782 888 2840 οἶκοι
941 2785 1260 2850 ,ϐασιλέων
1300 2782 1491 2840 Ἰούδα
1549 2784 1630 2850 ὠς
1680 2787 1867 2851 τόπος

268 2879 380 2936 τοῦ
416 2880 620 2949 Tegea,
649 2878 862 2933 ἕνεκεν
877 2877 997 2932 τῶν
1022 2874 1429 2947 ἀκαθαρσιῶν,
1456 2870 1544 2930 ὧν
1563 2878 1868 2944 ἐποίησαν

266 2972 342 3026 ἐν
371 2970 599 3036 πάσαις
630 2969 754 3036 ταῖς
792 2969 1034 3035 οἰκίαις.
1089 2969 1386 3037 Ἐθυμιων
1445 2968 1546 3022 ἐπι
1601 2967 1723 3022 τῶν
1754 2970 1862 3022 6w-

262 3062 474 3132 μάτων
503 3059 709 3115 αὐτῶν
740 3060 910 3129 πάσῃ
941 3059 1016 3129 τῇ
1043 3058 1297 3128 στρατιᾷ
1333 3059 1442 3113 τοῦ
1470 3061 1755 3128 ori-parci}.

342 3153 659 3218 Τουτὲστιν,
693 3150 837 3205 οὕτω
868 3153 962 3205 καὶ
993 3151 1089 3203 νῦν
1118 3151 1464 3205 διαπεσεῖται
1493 3153 1601 3214 πᾶς
1635 3150 1861 3216 Ἰούδας,
1891 3189 1936 3248 C

267 3248 369 3301 καὶ
396 3247 508 3299 τῶν
543 3243 812 3316 βασιλέων
845 3245 893 3296 oi
925 3238 1066 3296 οἶκοι
1093 3241 1183 3295 διὰ
1203 3241 1296 3295 τδν
1321 3241 1490 3296 τόπον
1517 3240 1613 3294 τοῦ
1654 3242 1863 3312 Ταφὲθ,

267 3337 544 3402 τουτέστι,
569 3337 664 3389 τὸν
697 3334 886 3406 βωμὸν
908 3332 1003 3386 τοῦ
1035 3333 1375 3395 Πλούτωνος,
1407 3330 1592 3396 καθὼς
1612 3333 1867 3388 διέπεσον

267 3431 321 3484 οἱ
353 3427 678 3491 ἐπελθόντες
706 3429 774 3497 τῇ
808 3425 984 3479 πόλει.
1022 3427 1132 3479 Καὶ
1167 3425 1377 3498 προϊών
1408 3442 1542 3495 φησι
1563 3440 1579 3457 ο

343 3523 363 3544 ⁶
392 3519 502 3574 Καὶ
528 3520 598 3572 ἐν
620 3516 701 3582 τῷ
745 3515 943 3585 Ταφέθ
965 3514 1235 3584 θάψουσι
1264 3517 1425 3584 παρὰ
1454 3515 1521 3569 τὸ
1547 3514 1635 3585 μὴ
1670 3515 1865 3584 ὑπάρ-

270 3629 407 3685 χειν
438 3611 628 3666 τόπον
654 3608 764 3663 τοῦ
797 3607 1007 3676 θάψαι.

355 3703 576 3774 Ἐπειδὴ
619 3697 716 3755 οὖν
767 3701 899 3771 περὶ
948 3697 1152 3752 πολλοῦ
1201 3698 1486 3754 ποιοῦνται
1533 3698 1628 3753 τὸν
1675 3697 1862 3763 τόπον,

268 3797 368 3852 καὶ
392 3795 468 3858 ὼς
494 3794 618 3848 θεὸν
642 3791 1063 3864 θεραπεύοντες,
1096 3789 1412 3862 ἀκάθαρτον
1442 3789 1597 3843 οὐδὲν
1619 3789 1863 3861 εἰσῆγον,

268 3887 492 3946 ἀπειλεῖ
517 3887 702 3950 αὐτοῖς
725 3884 939 3954 νεκρῶν
969 3882 1262 3953 πληρῶσαι
1291 3881 1384 3936 τὸν
1416 3883 1602 3936 τόπον.

859 4020 1116 4073 ΚΕΦΑΛ.
1169 4019 1254 4071 κ’.

336 4156 445 4213 Kal
474 4153 707 4225 ἢκουσε
728 4149 1008 4220 Πασχώρ.

337 4246 486 4316 Ὅρα
541 4244 709 4298 πόσον
745 4240 1020 4311 ἔγκλημα,
1058 4240 1151 4293 καὶ
1182 4238 1365 4307 ἱερεὺς
1409 4232 1501 4309 ἦν,
1552 4239 1648 4292 καὶ
1688 4239 1862 4311 ἱερέα,

267 4339 366 4393 καὶ
424 4336 739 4408 προφήτην,
807 4331 902 4385 καὶ
952 4329 1183 4385 τοιαῦτα
1242 4329 1494 4399 λέγοντα.
1548 4326 1650 4383 Ὃν
1694 4329 1864 4400 ἐχρῆν

267 4430 510 4493 πενθεῖν,
530 4425 856 4497 διεμὰνθανε
888 4423 1000 4496 [τσ.
1036 4423 1120 4476 ὅτι
1149 4421 1446 4493 ἐμάνθανε]
1476 4420 1568 4474 διά
1595 4438 1655 4474 τε
1687 4421 1864 4490 λόγων

1985 590 2142 644 driou
2177 591 2281 660 ﬁlii
2313 590 2545 646 Enuom.

2061 680 2321 737 llebrmus
2355 684 2428 737 ita
2459 683 2610 754 legit,
2663 682 2837 739 Ruina
2876 686 3094 755 Tophet,
3142 689 3287 758 quod
3331 699 3440 756 est,
3474 692 3587 744 Ara

1982 771 2194 841 puellm.
2230 771 2360 826 Filii
2388 790 2552 843 porro
2590 773 2802 829 Eunom
2851 777 3195 848 interpretati
3244 791 3393 846 Sllltl,
3440 785 3584 848 quod

1983 865 2137 919 locus
2181 864 2269 919 ille
2311 876 2430 921 erat
2478 865 2727 936 Ennom;
2765 878 2820 925 et
2861 871 3132 924 sententia
3186 869 3477 925 diluridior
3503 880 3589 924 est

1983 958 2125 1025 apud
2177 957 2509 1023 Hebra'ttm,
2566 976 2755 1015 eorum
2820 961 3158 1032 impietatem
3227 963 3587 1032 redarguens.

1982 1045 2090 1101 Sed
2122 1047 2488 1118 Polyundrion
2538 1053 2838 1116 occisionis,
2891 1054 2995 1108 hoc
3023 1062 3129 1118 est,
3169 1053 3327 1107 vallis
3353 1054 3588 1108 occisio-

1981 1141 2068 1192 nis
2102 1157 2115 1192 :
2152 1140 2232 1194 sic
2271 1141 2416 1193 enim
2453 1142 2582 1210 legit
2618 1142 2905 1198 Hebraeus.
2942 1145 3241 1199 Sciendum
3289 1155 3471 1199 autem
3501 1155 3588 1199 est

1981 1229 2093 1293 hic,
2150 1231 2512 1301 polyandrion
2545 1249 2611 1288 ex
2645 1235 2994 1290 multitudine
3041 1237 3354 1291 occisorum
3407 1237 3584 1288 inter-

1979 1332 2161 1391 pretes
2215 1339 2585 1394 nuncupasse.
2638 1326 2792 1393 Quod
2846 1337 3033 1382 autem
3072 1342 3217 1382 nunc
3259 1328 3330 1382 de
3370 1325 3586 1396 Tophet

1980 1429 2164 1469 sermo
2200 1416 2294 1482 sit,
2348 1432 2514 1485 quem
2551 1419 2654 1486 ﬁlii
2703 1418 2912 1473 Ennom
2969 1419 3338 1489 appellarunt,
3392 1433 3584 1488 prosc-

1979 1522 2154 1576 quens
2193 1506 2531 1562 manifestat.
2563 1508 2700 1563 Cum
2733 1509 2881 1562 enim
2919 1509 3175 1574 dixisset,
3209 1523 3278 1563 ex
3311 1516 3584 1578 przecepto

1979 1599 2074 1656 Dei
2103 1599 2362 1654 doliolum
2389 1599 2752 1671 confregisso,
2786 1600 2941 1655 addit
2968 1619 2982 1655 :

1904 1861 1948 1916 Β
2049 1875 2214 1932 Vens.
2255 1877 2342 1930 Η.
2375 1875 2502 1931 Ha'c
2526 1875 2657 1930 dicit
2685 1875 2969 1931 Dominus.

2046 1969 2119 2026 Ut
2158 1970 2314 2040 plaga
2349 1970 2455 2024 illis
2484 1971 2556 2025 sit
2586 1968 2935 2034 insanabilis,
2969 1967 3098 2024 dedi
3129 1967 3284 2023 vobis
3304 1981 3454 2038 spem
3489 1980 3580 2022 sa-

1971 2061 2124 2116 lutis.
2176 2061 2299 2114 Dixi
2344 2062 2713 2116 :Couvertam
2748 2069 2992 2130 gentem,
3024 2069 3082 2116 et
3108 2059 3483 2129 captivitatem
3519 2069 3576 2112 ct

1970 2167 2200 2221 regnum
2229 2167 2335 2205 non
2357 2153 2691 2217 atlendistis,
2710 2150 2899 2205 aufero
2925 2161 2981 2206 et
3001 2150 3109 2206 hoc
3129 2150 3412 2215 solatium,
3433 2162 3576 2218 prae-

1971 2241 2095 2296 cido
2149 2251 2206 2295 et
2226 2257 2352 2311 spes
2375 2242 2530 2296 istas.

2043 2425 2062 2446 ⁶
2097 2422 2262 2478 Vens.
2299 2422 2387 2480 l5.
2425 2422 2490 2476 Et
2522 2431 2681 2478 erunt
2710 2423 2904 2478 donius
2943 2422 3272 2491 Jerusalem,
3308 2431 3359 2479 et
3384 2423 3575 2479 domus

1969 2531 2149 2583 regum
2183 2515 2356 2578 Juda,
2389 2518 2526 2570 sicut
2555 2514 2703 2570 locus
2739 2532 3018 2572 corruens.

2048 2606 2159 2660 Iloc
2189 2617 2297 2670 est,
2333 2608 2423 2661 ubi
2461 2605 2783 2662 ceciderunt
2814 2605 3046 2662 Barbari
3084 2605 3412 2676 aliquando,
3441 2604 3574 2660 dum

1971 2694 2025 2748 in
2057 2694 2336 2750 civitatem
2371 2697 2766 2766 irrumperent.

2048 2785 2245 2841 Omnes
2267 2787 2456 2840 domus
2487 2804 2666 2857 regum
2700 2786 2850 2841 Juda
2874 2789 3008 2841 sicut
3047 2788 3194 2842 locus
3227 2787 3424 2857 Tophet
3451 2804 3578 2858 pro-

1967 2889 2083 2949 pter
2119 2879 2490 2933 immunditias
2518 2895 2651 2949 quas
2684 2879 2922 2947 fecerunt
2949 2882 3003 2933 in
3035 2882 3281 2934 omnibus
3309 2881 3575 2934 domibus.

1969 2969 2358 3038 Sucriﬁcabant
2390 2972 2447 3024 in
2479 2971 2784 3025 domatibus
2831 2972 2942 3026 suis
2979 2973 3128 3026 omni
3178 2971 3392 3026 militia
3434 2973 3574 3027 cali.

2041 3151 2155 3207 lloc
2196 3162 2304 3220 est,
2357 3153 2476 3223 pari
2537 3155 2774 3220 ratione,
2817 3162 2871 3208 et
2925 3170 3072 3210 nunc
3118 3155 3339 3213 decidet
3392 3159 3577 3215 omnis

1967 3240 2128 3305 Juda,
2154 3253 2209 3297 et
2237 3243 2433 3324 domus
2469 3259 2655 3312 regum
2690 3255 2915 3314 propter
2944 3246 3127 3300 locum
3153 3245 3390 3317 Taphet,
3418 3264 3574 3303 arant

1968 3326 2216 3384 Plutonis
2269 3331 2541 3395 videlicet,
2595 3335 3064 3400 quemadmodum
3115 3338 3439 3392 ceciderunt
3477 3342 3572 3412 qui

1970 3420 2235 3486 impetum
2293 3421 2544 3474 fecerunt
2583 3421 2639 3475 in
2684 3421 2908 3488 urbem;
2955 3435 3011 3477 et
3060 3440 3402 3495 prosequens
3445 3430 3572 3483 ait:

2043 3511 2074 3547 ⁸
2095 3508 2163 3564 Ει
2202 3514 2256 3566 in
2286 3512 2487 3583 Taphet
2522 3515 2794 3581 sepelierit,
2827 3532 2888 3570 eo
2922 3517 3063 3585 quod
3090 3533 3194 3571 non
3226 3519 3293 3570 sit
3321 3517 3473 3574 locus
3503 3520 3576 3573 ad

1967 3605 2346 3670 sepeliendum.

2017 3697 2175 3750 Cum
2226 3700 2412 3767 itaque
2464 3698 2645 3768 magni
2700 3698 2940 3754 facerent
2977 3699 3179 3767 locum,
3209 3716 3273 3756 ac
3309 3710 3572 3773 tanquam

1968 3789 2128 3844 deum
2189 3789 2456 3856 colentes,
2505 3789 2577 3843 nil
2615 3789 2883 3843 immundi
2924 3793 2976 3846 in
3008 3807 3137 3847 eum
3188 3791 3448 3858 inferent,
3493 3795 3576 3850 eis

1969 3882 2208 3935 minatur
2237 3880 2597 3936 cadaveribus
2622 3881 2800 3937 locum
2834 3883 2984 3937 illum
3010 3900 3069 3940 se
3098 3883 3460 3954 repleturum.

2606 4017 2760 4073 CAP.
2806 4017 2928 4075 XX.

2045 4144 2214 4202 Vens.
2245 4147 2297 4201 1.
2329 4147 2395 4201 Ει
2421 4148 2624 4202 audivit
2663 4147 2921 4204 Paschor.

2038 4237 2175 4294 Vide
2199 4248 2465 4309 quantum
2494 4240 2726 4305 crimen,
2757 4252 2812 4296 et
2841 4243 3103 4297 sacerdos
3130 4253 3271 4308 erat,
3297 4253 3354 4300 et
3386 4260 3572 4300 sacer-

1967 4331 2151 4385 dotem
2187 4341 2242 4385 et
2275 4332 2620 4400 prophetam,
2665 4343 2719 4386 et
2762 4334 2892 4388 talia
2939 4334 3239 4389 dicentem.
3277 4335 3452 4403 Quem
3487 4338 3572 4392 lu-

1967 4437 2096 4492 gere
2140 4423 2453 4491 oportebat,
2502 4424 2646 4491 quod
2679 4425 2995 4479 addisceret
3022 4433 3080 4480 et
3107 4426 3292 4481 verbis
3321 4439 3375 4482 et
3407 4427 3572 4486 iactis

266 4525 365 4577 καὶ
395 4521 576 4592 ἔργων
628 4518 728 4588 τὴν
776 4515 1045 4586 πονηρίαν
1091 4512 1295 4578 αὐτῶν,
1343 4513 1430 4566 ἵνα
1487 4513 1564 4583 μὴ
1600 4511 1859 4584 θαυμάζῃ

1971 4511 2270 4580 nequitiam
2320 4527 2535 4577 eorum,
2585 4528 2652 4567 ne
2704 4514 2770 4572 de
2801 4513 3122 4583 captivitate
3174 4515 3563 4573 admiraretur.

267 4615 362 4668 ἐπὶ
391 4615 456 4683 τῇ
488 4607 864 4680 αἰχμαλωσίᾳ.

341 4704 448 4759 Καὶ
479 4699 743 4763 ἐπάταξε
802 4696 1065 4765 Πασχὼρ
1102 4695 1210 4749 τὸν
1251 4695 1543 4765 Ἰερεμίαν
1576 4697 1683 4750 τόν
1717 4713 1863 4763 προ-

265 4793 489 4864 φήτην,
517 4792 614 4846 καὶ
644 4789 934 4844 ἐνέϐαλεν
953 4785 1144 4839 αὐτὸν
1171 4786 1256 4851 εις
1279 4785 1388 4839 τὸν
1413 4787 1857 4853 κίιταρῤάκτην,

263 4886 572 4948 τουτέστιν,
603 4883 686 4944 εἰς
721 4880 782 4933 τὸ
814 4878 1289 4948 συγκλειστήριον.
1337 4880 1442 4943 Ὃς
1485 4873 1565 4946 ἦν
1591 4879 1663 4932 ἐν
1691 4880 1859 4951 πύλῃ

266 4974 554 5045 Βενιαμὶν
602 4972 775 5026 οἴκου
844 4969 1357 5040 ἁποτεταγμένου,
1400 4971 1506 5025 τοῦ
1557 4970 1855 5040 ὑπερῴου,

265 5069 333 5133 ὃς
361 5064 443 5137 ἦν
472 5067 542 5118 ἐν
570 5064 714 5128 οἴκῳ
745 5062 988 5129 Κυρίου.

339 5160 522 5213 Οῑκου
551 5153 1057 5224 ἀποτεταγμένου,
1093 5153 1363 5217 τουτέστι,
1417 5151 1698 5223 φυλακῆς·
1752 5170 1860 5207 και

264 5252 606 5322 ταρῤἁκτην
632 5249 710 5313 δὲ,
745 5248 854 5301 ἀπὸ
881 5246 974 5299 τοῦ
1009 5249 1288 5315 σχήματος
1318 5245 1609 5316 ὠνόμασεν
1629 5263 1643 5276 ·
1670 5249 1858 5316 ὑπερ-

262 5347 382 5414 ῴου
413 5345 492 5409 δὲ,
535 5342 625 5398 διὰ
657 5341 716 5394 τὸ
766 5340 825 5391 ὲν
862 5342 930 5410 τῇ
980 5338 1120 5407 αὐλῇ
1161 5331 1336 5402 εἶναι,
1365 5338 1454 5390 ἵνα
1505 5338 1654 5409 εἴπῃ,
1687 5339 1854 5392 ὑπαί-

266 5440 430 5510 θρου·
459 5437 522 5488 τὸ
543 5436 622 5500 δὲ,
653 5433 719 5499 ὃς
765 5430 842 5500 ἦν
895 5431 966 5483 ἐν
998 5430 1145 5492 οἴκῳ
1194 5430 1418 5496 Κυρίου
1453 5431 1581 5500 περὶ
1610 5429 1705 5482 τοῦ
1739 5430 1855 5483 [Ια-

267 5529 421 5599 σχὼρ
463 5525 636 5593 λέγει,
671 5525 794 5580 ἀντὶ
827 5520 942 5587 τοῦ,
987 5522 1046 5574 '0
1081 5520 1266 5593 ἱερεὺς
1297 5521 1326 5572 ό
1358 5521 1414 5572 ὲν
1453 5520 1533 5590 τῷ
1564 5520 1700 5591 οἴκῳ
1731 5538 1857 5592 σχο-

263 5618 464 5682 λάζων,
497 5609 652 5680 οὗτος
680 5613 840 5668 αὑτὸν
875 5613 952 5683 τῷ
982 5612 1393 5683 ὲγκλειστηρίῳ
1426 5612 1764 5683 παρέδωκεν.

340 5705 640 5767 Καὶεῖπεν
684 5706 845 5773 αὑτῷ
893 5705 1191 5775 Ἱερεμίας.

340 5803 465 5866 Πῶς
513 5805 613 5858 οὐκ
673 5800 922 5874 ἐφοϐήθη
953 5799 1131 5856 ταῦτα
1181 5799 1364 5853 εἰπεῖν
1398 5791 1583 5866 οὗτος
1639 5799 1765 5865 Πῶς
1795 5800 1852 5854 δὲ

2033 4690 2198 4747 Vens.
2230 4692 2286 4749 ‘2.
2326 4690 2394 4747 Et
2426 4695 2683 4762 percussit
2718 4693 2961 4749 Pasclior
2989 4696 3285 4752 Jeremiam
3334 4704 3566 4769 prophe-

1965 4795 2097 4847 tam,
2132 4793 2180 4838 et
2225 4785 2444 4839 immisit
2498 4802 2617 4839 cunt
2670 4786 2720 4840 in
2766 4796 3126 4854 cataractam,
3174 4791 3228 4844 itt
3285 4805 3566 4849 carcerem

1962 4877 2193 4935 scilicet.
2237 4878 2341 4943 Qui
2377 4887 2494 4932 erat
2531 4880 2589 4932 in
2631 4893 2790 4944 porta
2843 4879 3132 4950 Beniamin
3189 4885 3382 4940 domus
3429 4889 3568 4941 assi-

1961 4983 2138 5041 gnato:
2164 4972 2481 5043 superioris,
2507 4974 2601 5045 qui
2627 4986 2740 5030 erat
2777 4976 2831 5030 in
2875 4979 3034 5032 domo
3075 4977 3314 5036 Domini.

2038 5155 2240 5210 Domus
2293 5156 2615 5225 assignate,
2660 5158 2904 5214 carceris
2937 5173 3169 5229 nempe;
3227 5169 3563 5216 cataractam

1965 5261 2154 5317 porro,
2186 5262 2251 5301 ex
2298 5249 2472 5317 ligura
2513 5253 2867 5318 nuncupavit.
2903 5251 3233 5322 Superioris,
3282 5254 3409 5322 quia
3443 5264 3563 5308 erat

1962 5341 2014 5395 in
2050 5340 2174 5393 aula
2213 5357 2228 5394 :
2259 5342 2413 5409 quasi
2463 5341 2692 5410 diceret,
2725 5343 2829 5398 sub
2862 5344 2973 5399 dio.
3021 5342 3126 5410 Qui
3178 5359 3292 5398 erat
3325 5348 3378 5398 in
3405 5346 3563 5400 domo

1959 5432 2197 5498 Domini,
2229 5433 2296 5486 de
2328 5430 2608 5488 Paschore
2643 5432 3076 5506 intelligendum,
3106 5437 3264 5505 quasi
3311 5438 3558 5492 diceret:

1961 5523 2231 5579 Sacerdos
2271 5525 2361 5593 qui
2397 5525 2449 5578 in
2482 5526 2647 5581 domo
2679 5542 2900 5597 operam
2947 5529 3133 5593 dabat,
3168 5530 3256 5585 hic
3290 5531 3343 5584 in
3373 5545 3562 5586 carce-

1963 5633 2072 5671 rem
2112 5617 2288 5686 ipsum
2328 5617 2581 5686 conjecit.

2037 5707 2196 5764 Vens.
2228 5710 2282 5762 5.
2312 5707 2379 5763 Et
2409 5711 2543 5763 dixit
2569 5711 2616 5763 ei
2645 5709 2930 5768 Jercmias.

2032 5800 2317 5865 Quomodo
2369 5801 2486 5855 lnec
2526 5799 2681 5858 ellari
2726 5803 2813 5860 ltic
2853 5819 2962 5861 non
3008 5802 3236 5860 timuit?
3274 5801 3560 5870 Quomodo

3097 22 3104 24 _
3154 0 4169 28 Hm._—————-g____wﬁ'!==—'—'
