4226 6436
302 377 408 434 933

1406 372 1833 433 FRAGMENTA
1877 371 1945 428 1N
1978 371 2346 432 JEREIIIAM.

3472 377 3582 434 935

296 494 466 548 τοῦτο
486 532 503 557 ,
553 492 735 565 πολλῷ
771 493 977 565 μᾶλλον
1017 491 1118 564 τὴν
1147 491 1361 564 μητέρα
1391 492 1494 564 τὴν
1525 492 1820 560 τεκοῦσαν,
1857 492 1881 562 τί

2002 491 2436 548 maledicendum
2471 493 2670 558 matri,
2703 493 2788 549 vel
2815 495 2907 566 qui
2941 502 2997 551 to
3021 493 3395 551 seminaverat
3422 497 3591 564 patri,

296 580 394 637 τὸν
423 583 728 654 σπείραντα
756 583 992 655 πατέρα,
1021 583 1226 654 μᾶλλον
1257 583 1316 636 δὲ
1367 583 1490 636 οὐδὲ
1521 582 1734 649 τοῦτον,
1765 583 1888 638 οὐδὲ

299 675 540 747 ἐκείνην.
589 677 751 740 Ποϊος
786 675 852 730 ἂν
885 676 1026 747 ἀνὴρ
1078 674 1296 747 μεθύων
1330 674 1561 730 τοιαῦτα
1590 669 1714 729 εἷπε
1739 715 1754 737 ,
1795 675 1891 730 καὶ

299 765 566 837 πολέμιος
608 765 832 834 άδικοςς
873 767 1033 830 Ποῐος
1078 765 1401 838 Βάρϐαρος;
1451 767 1548 832 Τίς
1593 765 1746 838 ὠμδς
1798 765 1892 820 άν-

298 857 522 928 θρωπος
553 857 612 909 ὲν
661 856 849 929 μήτρᾳ
911 859 1170 928 ἀναιρεῖς
1205 857 1351 911 Ἀλλ’
1386 857 1890 921 άποδυσπετοῦντος

294 946 477 1001 ταῦτά
505 947 620 1000 ἔστι
651 946 722 1000 τά
749 949 993 1018 ῥήματα.

371 1038 512 1094 Ἵνα
535 1040 596 1094 τι
623 1039 802 1094 τοῦτο
850 1040 1120 1109 ἐξῆλθον
1129 1059 1150 1107 ;

369 1129 573 1184 Οὐκέτι
599 1129 787 1184 λοιπὸν
809 1129 1052 1202 εῦχεται,
1081 1130 1220 1188 ἀλλὰ
1247 1134 1315 1205 τῇ
1349 1133 1582 1206 αἰσχύνῃ
1616 1134 1890 1207 ἐπαρᾶται

297 1220 401 1276 καὶ
435 1224 503 1294 τῇ
549 1222 834 1294 ἁμαρτίᾳ·
894 1222 1012 1276 ἔστι
1065 1223 1176 1293 γὰρ
1223 1226 1282 1279 ὲν
1316 1225 1446 1299 δόξῃ
1500 1226 1740 1300 ,αίσχύνη
1795 1229 1893 1283 καὶ

301 1313 489 1384 χάρις,
527 1315 624 1368 καί⁵
649 1314 800 1368 ἐστιν
829 1314 1062 1388 αἰσχύνη
1099 1317 1157 1370 ἐν
1183 1318 1434 1390 ἁμαρτίᾳ
1461 1334 1473 1349 ·
1513 1319 1730 1390 μεγάλα
1779 1321 1891 1392 γάρ

300 1404 398 1455 καὶ
435 1403 586 1457 κακὰ
626 1403 927 1476 ἐργάζεται
972 1403 1134 1460 τοῦτο
1169 1408 1231 1460 τὸ
1276 1407 1484 1472 πάθος·
1520 1411 1653 1480 ὁρᾷς
1698 1410 1782 1464 ὅτι
1827 1411 1890 1464 οὐ

301 1492 519 1563 φύσεώς
552 1496 700 1550 ἔστιν
751 1498 785 1568 ἡ
838 1497 1046 1564 κακία;
1091 1497 1266 1564 οὐδεὶς
1305 1499 1414 1572 γάρ
1466 1499 1534 1554 ἂν
1571 1501 1701 1572 ἔσχε
1760 1503 1890 1556 ποτὲ

299 1585 527 1656 ἀγαθόν.
560 1586 732 1644 Τοῦτο
749 1588 806 1642 δὲ
833 1589 893 1655 ἐξ
918 1588 1096 1662 ἀρχῆς
1127 1589 1374 1660 ἔγκειται
1397 1594 1464 1664 τῇ
1492 1593 1748 1665 αἰσχύνῃ.

899 1775 1155 1830 ΚΕΦΑΛ.
1187 1776 1320 1831 KA'.

381 1861 438 1917 '0
474 1865 658 1933 λόγος
690 1867 723 1918 ὀ
751 1866 1094 1935 γενόμενος.

373 1954 628 2026 Ὅρατοῦ
650 1954 786 2008 Θεοῦ
816 1955 915 2026 τὴν
942 1955 1385 2029 φιλανθρωπίαν·
1417 1960 1686 2034 ἠπείλησε
1715 1961 1889 2018 πολλά

298 2045 386 2101 διὰ
426 2047 713 2119 ῥημάτων,
749 2048 850 2102 οὐκ
879 2047 1123 2103 ἔπεισεν·
1162 2053 1416 2107 ἐκάκωσε
1453 2054 1547 2108 τὸν
1571 2060 1883 2130 προφήτην·

263 2138 500 2210 ,ἔδειξεν
540 2138 692 2210 αὐτῷ
740 2138 810 2194 τὰ
868 2139 1135 2211 μέλλοντα
1171 2141 1264 2196 διὰ
1304 2143 1502 2210 τύπου,
1539 2147 1629 2202 διά
1664 2149 1885 2221 ῥάϐδου,

295 2228 388 2284 διὰ
433 2229 659 2301 λέϐητος
689 2269 705 2294 ,
754 2230 844 2284 διὰ
920 2231 1309 2303 περιζώματος
1336 2276 1354 2303 ,
1400 2236 1493 2290 διὰ
1554 2237 1649 2292 τοῦ
1705 2239 1884 2310 βίκου.

312 2321 612 2393 Ὑπέσχετο
644 2323 820 2394 μυρία
847 2323 1033 2393 ἀγαθά
1054 2341 1070 2358 ·
1114 2326 1371 2398 ἐπήγαγε
1425 2330 1520 2384 καὶ
1545 2330 1645 2404 τὴν
1669 2333 1888 2407 πληγὴν

295 2415 395 2484 τῆς
427 2413 811 2484 ά6ροχίας·ἔτι
840 2414 1059 2487 χείρους
1092 2412 1255 2490 ἦσαν.
1303 2419 1532 2487 Ἐπάγει
1568 2422 1755 2480 λοιπὸν
1785 2426 1887 2478 αύ-

293 2505 422 2567 τοὺς
462 2506 582 2569 τοὺς
613 2504 885 2576 πολέμους
929 2506 1143 2573 αὐτοῖς.
1181 2510 1403 2582 Ἐπειδὴ
1438 2513 1549 2586 γάρ
1595 2513 1676 2587 τῷ
1714 2533 1888 2589 προσ-

295 2597 416 2664 ηνεῖ
443 2596 538 2648 καὶ
558 2595 752 2665 γλυκεῖ
777 2597 1058 2669 φαρμάκῳ
1081 2595 1222 2666 εῐξαι
1244 2602 1346 2655 οὐκ
1372 2602 1885 2677 ὴθέλησαν,ὲπὰγει

294 2688 420 2744 τινὰ
449 2689 645 2760 τομήν.
713 2689 855 2743 ’Δλλ’
888 2691 992 2762 ὅρα
1040 2692 1136 2746 καὶ
1164 2694 1403 2748 ἐνταῦθα
1441 2697 1542 2768 τὴν
1575 2698 1886 2774 φιλανθρω-

296 2779 429 2834 πίαν
452 2797 465 2812 ·
496 2781 586 2835 ἵνα
618 2781 730 2851 γάρ
755 2783 829 2855 μή
873 2799 961 2846 τις
991 2783 1152 2856 λέγῃ.
1177 2786 1258 2839 ὅτι
1300 2789 1398 2840 καὶ
1439 2788 1649 2860 πλῆξαι
1673 2793 1848 2866 ἐχρῆν
1867 2810 1882 2826 ·

295 2874 394 2928 καὶ
418 2871 577 2926 τοῦτο
611 2877 758 2928 ποιεῖ
775 2912 792 2940 ,
828 2874 923 2928 καὶ
950 2876 1233 2947 πανταχοῦ
1277 2878 1377 2932 τδοι
1404 2897 1491 2943 τις
1517 2880 1584 2936 ἂν
1611 2883 1769 2938 τοῦτο
1799 2901 1886 2954 γι..

292 2965 541 3036 νόμενον.

383 3053 813 3125 Ἐπερώτησον.

365 3149 846 3220 Τεταπεινωμένοι
876 3152 985 3222 γὰρ
1015 3149 1158 3225 ἦσαν
1189 3157 1248 3208 ὲν
1277 3159 1399 3222 ταῖς
1428 3165 1762 3233 συμφοραῖς,
1791 3166 1884 3220 καὶ
1911 3195 1954 3253 c

290 3237 432 3310 πρὸς
448 3238 540 3292 τὸν
558 3239 694 3294 Θεὸν
716 3242 1060 3312 κατέφευγον
1083 3244 1207 3299 τότε
1232 3248 1415 3318 μόνον.
1473 3251 1586 3305 Καὶ
1611 3253 1733 3307 οὐδὲ
1763 3256 1884 3310 τότε

287 3328 371 3391 ὡς
417 3330 607 3402 ἐχρῆν.
665 3332 830 3396 Τίνος
883 3333 991 3404 γάρ
1043 3335 1233 3390 ἕνεκεν
1291 3339 1537 3413 ἐρωτᾷς,
1571 3342 1649 3408 ὡς
1685 3345 1879 3414 εἰδὼς,

290 3419 348 3493 [ό
401 3420 594 3495 είδὼς]
636 3425 718 3477 ὅτι
775 3425 999 3489 πάντως
1034 3427 1214 3498 ἀληθῆ
1273 3431 1344 3484 τά
1397 3430 1704 3505 λεγόμενα;
1757 3437 1880 3502 πῶς

289 3510 386 3569 οὗν
446 3515 508 3569 οὑ
573 3516 782 3590 πείθῃς
837 3518 951 3571 ἀλλ’
1004 3519 1072 3573 ἂν
1125 3522 1225 3592 μὲν
1275 3515 1422 3577 κάτὰ
1453 3525 1681 3600 γνώμην
1709 3528 1882 3584 άκού-

293 3623 430 3678 σῃς,
465 3611 710 3674 ἐπαινεῖς
735 3611 797 3664 τὸ
825 3610 1051 3682 λεχθέν;
1098 3613 1165 3667 ἂν
1199 3615 1258 3668 δὲ
1290 3616 1352 3668 τὸ
1385 3616 1588 3688 άληθὲς
1651 3620 1832 3694 μάθῃς
1860 3663 1876 3689 ,

288 3700 668 3771 δυσχεραίνεις
727 3703 821 3756 καὶ
853 3703 1211 3772 άγανακτεῖς;
1275 3707 1386 3760 Ποῦ
1439 3711 1620 3764 τοίνυν
1657 3714 1708 3765 οί
1740 3712 1879 3783 ψευ-

289 3790 632 3864 δοπροφῆται
678 3795 727 3846 οί
784 3792 1065 3862 λέγοντες,
1119 3797 1234 3850 Οὐκ
1283 3799 1400 3852 ἔστι
1462 3800 1735 3873 πόλεμος,
1775 3806 1878 3858 οὐκ

289 3880 410 3936 εστι
466 3880 636 3953 μάχη,
693 3882 816 3936 οὐδὲ
871 3882 1028 3954 λιμὸς
1056 3924 1071 3950 ,
1127 3885 1249 3939 οὐδὲ
1297 3889 1573 3960 μάχαιρα;
1607 3894 1714 3947 Kal
1745 3897 1875 3964 μετ’

289 3973 485 4043 ὀλίγα·
549 3972 930 4046 Ἐπερώτησον
968 3977 1098 4047 περὶ
1123 3978 1282 4048 ἡμῶν
1315 3980 1408 4035 τὸν
1440 3982 1679 4054 Κύριον·
1715 3984 1872 4059 [ὑπὸ]

289 4064 491 4133 πολλῆς
542 4064 726 4128 ἀνοίας
774 4065 1049 4136 μηδεμίαν
1079 4068 1490 4142 ἐπιδειξάμενο.
1537 4076 1870 4151 μεταϐολὴν,

289 4155 594 4227 μεταϐολὴν
610 4155 800 4209 δεινῶν
829 4157 1263 4232 προσεδόκησαν.
1298 4165 1511 4234 Πόθεν,
1549 4168 1677 4234 Ναὶ,
1713 4173 1870 4242 φησί·

284 4249 450 4304 Κατὰ
495 4248 696 4304 πάντα
757 4249 830 4304 τὰ
885 4253 1192 4320 θαυμάσια
1243 4258 1453 4313 αὑτοῦ.
1531 4262 1875 4337 Προσεδόκη-

286 4357 388 4396 σαν
415 4341 477 4394 τὸ
498 4341 656 4396 Θείον
723 4341 884 4427 δόξης
933 4342 1182 4412 ἐφίεσθαι
1211 4362 1226 4378 ·
1274 4348 1370 4402 νῦν
1421 4353 1709 4427 μιμνήσκῃ
1762 4358 1873 4413 τῶν

283 4430 652 4501 θαυμασίων;
690 4429 786 4484 νῦν
816 4426 988 4498 οἶδας,
1043 4431 1127 4486 ὃτι
1181 4435 1358 4490 πάντα
1408 4439 1638 4498 δύναται
1671 4426 1705 4498 ό
1737 4445 1872 4513 Θεός

1996 579 2106 636 imo
2132 596 2264 638 vero
2289 582 2491 638 neutri.
2521 582 2658 651 Quis
2692 585 2802 639 vini
2833 583 3028 656 plenus
3066 585 3183 640 haec
3212 584 3446 651 diceret,
3502 584 3595 640 ho-

1993 672 2207 742 stisque
2234 672 2454 742 iniquus
2471 672 2642 741 ?Quis
2663 673 2941 732 Barbarus
2956 675 2982 731 2
2999 676 3132 744 Quis
3164 676 3329 733 homo
3357 675 3600 733 crudelis

1996 764 2051 820 in
2102 765 2260 820 vulva
2310 767 2515 823 necat?
2551 767 2661 824 Sed
2695 767 3035 828 fastidientis
3073 768 3244 826 animi
3279 771 3447 827 verba
3479 769 3598 826 haec

1995 865 2143 911 sunt.

2071 1038 2241 1098 Vsus.
2275 1041 2365 1098 18.
2401 1041 2471 1098 Ut
2501 1043 2630 1114 quid
2657 1046 2736 1099 ita
2758 1061 3021 1116 egressus.

2066 1130 2185 1188 Non
2229 1147 2362 1204 ergo
2409 1136 2647 1207 amplius
2677 1147 2937 1208 precatur
2971 1139 3113 1195 bona
3141 1179 3156 1206 ,
3208 1138 3593 1196 confusionem

1993 1234 2343 1290 exsecratur,
2372 1236 2430 1282 et
2467 1238 2781 1299 peccatum,
2810 1243 2894 1288 est
2920 1233 3070 1288 enim
3105 1233 3159 1288 in
3195 1232 3367 1304 gloria
3398 1233 3597 1289 confu-

1994 1319 2098 1385 sio,
2127 1327 2182 1373 et
2209 1317 2386 1388 gratia
2425 1328 2527 1375 :et
2571 1331 2659 1376 est
2692 1322 2944 1381 confusio
2987 1327 3043 1382 in
3081 1337 3354 1397 peccato;
3399 1341 3596 1395 magna

1993 1410 2138 1462 enim
2170 1419 2228 1464 et
2260 1410 2402 1465 bona
2449 1421 2508 1466 et
2541 1413 2688 1468 mala
2718 1421 2849 1470 sunt
2883 1432 2949 1472 ex
3001 1417 3106 1473 hoc
3157 1418 3355 1475 aﬂ'ectu
3393 1435 3408 1474 :
3443 1420 3596 1474 vides

1998 1515 2109 1554 non
2162 1511 2363 1557 natura
2417 1503 2672 1563 homines
2698 1522 2822 1564 esse
2851 1509 3072 1565 malos?
3113 1527 3274 1568 nemo
3313 1513 3460 1568 enim
3493 1528 3599 1566 un-

1994 1606 2158 1661 quam
2185 1593 2484 1665 quidquam
2517 1596 2647 1654 boni
2682 1599 2909 1656 haberet
2945 1619 2958 1656 :
2989 1603 3093 1658 hoc
3119 1615 3303 1659 autem
3333 1605 3404 1659 ab
3437 1604 3596 1659 initio

1993 1683 2302 1742 confusioni
2360 1686 2587 1743 insitum
2617 1698 2723 1746 est.

2639 1780 2792 1836 CAP.
2825 1782 2967 1840 XXI.

1923 1857 1965 1910 Β
2065 1862 2231 1921 Vens.
2261 1867 2316 1924 1.
2371 1864 2597 1925 Verbum
2631 1874 2772 1943 quod
2806 1876 3014 1944 factum
3038 1889 3136 1933 est.

2068 1955 2372 2016 Considera
2409 1961 2653 2019 divinam
2688 1966 3092 2027 humanitatem
3136 1989 3150 2026 :
3188 1974 3358 2031 multa
3408 1978 3594 2033 verbis

1994 2046 2235 2137 minatus
2253 2059 2358 2106 est.
2384 2051 2503 2110 Non
2533 2058 2842 2126 persuasit;
2870 2061 3030 2118 malis
3051 2065 3373 2137 prophetam
3389 2067 3589 2129 affecit.

1992 2133 2175 2226 futura
2210 2138 2286 2195 illi
2316 2155 2414 2211 per
2448 2143 2656 2217 ﬁguras
2681 2152 2943 2218 ostendit,
2978 2133 3198 2222 baculo,
3231 2156 3429 2226 iebete,
3467 2163 3596 2219 suh-

1990 2225 2263 2298 ligaculo,
2319 2231 2543 2305 lagena.
2602 2236 2878 2298 Sexcenta
2912 2243 3024 2302 illis
3087 2249 3342 2318 promisit
3393 2225 3588 2307 bona:

1990 2320 2254 2380 siccitatis
2273 2324 2488 2398 plagam
2515 2329 2738 2404 inﬂixit;
2763 2334 2837 2390 illi
2866 2345 3046 2393 tamen
3069 2339 3283 2412 pejores
3303 2343 3589 2399 exstitere.

1991 2409 2136 2502 Bella
2164 2429 2298 2487 ergo
2330 2419 2387 2474 in
2416 2419 2538 2478 illos
2574 2425 2762 2498 infert.
2803 2425 2940 2485 Nam
2973 2409 3102 2502 quia
3135 2409 3280 2489 λιιιΙοί
3341 2443 3397 2490 et
3423 2451 3582 2492 ama-

1990 2499 2082 2556 bili
2116 2505 2416 2573 pharmaco
2446 2514 2631 2569 curari
2682 2499 3004 2587 noluerunt,
3038 2521 3109 2578 ad
3140 2522 3470 2583 incisionem
3496 2544 3592 2588 ve-

1991 2592 2108 2649 nit.~
2127 2594 2235 2657 Sed
2261 2599 2353 2658 hic
2375 2603 2541 2658 etiam
2573 2605 2974 2668 humanitatem
3006 2613 3336 2686 considera;
3371 2635 3442 2677 ne
3467 2623 3592 2692 quis

1988 2687 2135 2742 enim
2180 2690 2394 2750 diceret
2441 2694 2615 2769 plagis
2664 2714 2884 2772 quoque
2935 2718 3072 2774 opus
3115 2705 3323 2777 fuisse,
3358 2687 3589 2768 illas‘in-

1988 2777 2098 2834 fert
2128 2797 2143 2837 :
2173 2793 2224 2838 et
2258 2785 2310 2840 in
2336 2788 2595 2849 omnibus
2628 2792 2730 2849 hoc
2758 2796 3042 2854 observari
3076 2798 3263 2857 videre
3299 2815 3404 2859 est.

2061 3063 2226 3122 Vens.
2260 3068 2316 3123 2.
2344 3069 2374 3124 1
2379 3082 2644 3145 uterrogn.

2063 3155 2244 3259 Εἰδοιί
2279 3163 2426 3217 enim
2460 3178 2622 3222 erant
2653 3170 3084 3243 calamitatibus,
3105 3189 3162 3236 et
3194 3184 3587 3259 confugiebant

1988 3244 2056 3300 ad
2088 3246 2259 3304 Deum
2298 3262 2428 3310 tunc
2461 3267 2716 3328 tantum;
2751 3266 2846 3317 sed
2889 3282 3064 3338 neque
3101 3280 3230 3330 tunc
3273 3287 3333 3332 ut
3361 3244 3582 3350 ὅροι-ιεζ

1985 3338 2098 3445 bat.
2137 3342 2308 3415 Cujus
2335 3347 2480 3403 enim
2515 3351 2594 3406 rei
2624 3368 2787 3410 causa
2823 3355 3178 3432 interrogas?
3202 3368 3294 3439 qui
3326 3338 3439 3428 scis
3461 3390 3586 3445 quas

1985 3429 2243 3488 dicuntur
2271 3438 2495 3495 omnino
2522 3457 2651 3498 vera
2701 3449 2871 3504 esse?
2905 3429 3078 3521 quare
3132 3429 3300 3529 igitur
3329 3478 3437 3519 non
3464 3429 3584 3522 cre-

1982 3522 2114 3618 dis?
2141 3528 2235 3581 sed
2260 3528 2304 3583 si
2337 3531 2407 3584 ad
2438 3533 2774 3592 voluntatem
2809 3542 2878 3595 sit
2909 3546 3055 3613 quod
3077 3522 3307 3618 dicitur,
3343 3556 3582 3615 laudas?

1983 3613 2028 3668 si
2062 3629 2254 3672 verum
2301 3623 2576 3693 audieris,
2605 3643 2752 3699 aagre
2807 3630 2950 3702 fers,
2983 3646 3040 3693 et
3083 3613 3419 3714 indignaris?
3450 3613 3585 3708 Ubi;

1983 3722 2108 3806 nam
2162 3711 2330 3806 igitur
2376 3727 2506 3773 sunt
2553 3724 3046 3796 pseudoprophetze
3098 3711 3224 3805 quiw
3249 3739 3507 3800 dicebant
3562 3767 3578 3806 :

1979 3798 2099 3906 Ilion
2127 3805 2237 3906 erit
2269 3806 2473 3864 bellum
2500 3851 2516 3876 ,
2551 3827 2660 3868 non
2691 3830 2892 3886 pugna,
2931 3836 3040 3879 non
3068 3798 3247 3885 fames
3269 3871 3284 3898 ,
3313 3848 3423 3890 non
3464 3798 3581 3906 gla:

1980 3891 2151 3992 dius?
2208 3894 2280 3950 Et
2312 3902 2500 3967 paucis
2547 3904 2897 3974 interpositis.
2929 3912 3214 3990 Interroga
3259 3891 3360 3992 pro
3421 3891 3582 3987 nobis

1980 3981 2272 4043 Dominum
2315 4005 2330 4043 :
2383 4006 2598 4050 summa
2653 3997 2904 4059 fatuitate
2957 3981 3177 4066 nullan;
3216 3981 3580 4080 mutationem

1977 4087 2370 4148 exspectarunt
2412 4101 2426 4138 :
2461 4089 2772 4146 undenam?
2801 4092 2879 4150 ita
2906 4098 2984 4152 ait
3018 4117 3034 4154 :
3060 4100 3367 4164 Secundum
3398 4117 3579 4172 omnia

1976 4167 2248 4268 mirabilia
2284 4190 2405 4268 sua.
2445 4177 2615 4235 Deum
2665 4182 2853 4252 gloria:
2897 4191 3119 4249 avidum
3170 4200 3377 4268 opinati
3426 4167 3575 4264 sunt:

1976 4258 2132 4318 Nunc
2162 4265 2499 4324 mirabilium
2543 4278 2864 4333 memoriam
2916 4287 3124 4354 repetis
3163 4258 3368 4351 {nunc

1975 4350 2461 4458 Metione-positus
2494 4365 2637 4420 nosti
2663 4368 2832 4425 Deum
2866 4350 3048 4432 omnia
3071 4395 3255 4450 posse,
3280 4350 3576 4458 oppressus

1975 4445 2360 4518 philosophum
2401 4451 2562 4522 agis?
2592 4455 2787 4515 borum
2823 4445 3121 4525 verborum
3152 4445 3258 4530 non
3292 4445 3396 4536 hoc

283 4524 391 4577 ὑπὸ
465 4521 566 4592 τῆς
629 4521 864 4591 θλίψεως
915 4523 1167 4588 πιεσθεὶς
1241 4535 1592 4601 φιυσοφετςς
1652 4537 1874 4594 Τούτων

283 4612 401 4645 ...κυι
455 4613 689 4645 ..η-ε...
744 4614 1231 4645 Α-..,ι...-....,-.-ι-
1272 4615 1340 4645 κ-.
1401 4621 1516 4645 μμ
1551 4625 1632 4645 τί,
1732 4629 1745 4645 .
1802 4630 1827 4641 ..

1983 4551 2079 4605 pus
2097 4552 2122 4645 ¹ε
2153 4539 2252 4594 sed
2278 4545 2504 4645 quando
2533 4547 2654 4604 illas
2699 4521 3120 4629 contemnebas,

280 4612 407 4683 οὐχὶ
455 4613 550 4667 νῦν
579 4613 689 4667 τῶν
741 4614 1006 4684 ῥημάτων
1033 4617 1231 4688 καιρὸς
1271 4615 1361 4689 ἦν,
1397 4621 1516 4675 ἀλλ’
1546 4625 1636 4678 ὅτε
1685 4629 1871 4684 αὐτῶν

280 4707 672 4775 κατεφρόνεις·
719 4706 811 4759 ὅτε
863 4705 1140 4777 παρῴνεις
1189 4711 1272 4776 είς
1305 4713 1436 4777 τοὺς
1485 4715 1688 4786 ὅρκους
1739 4722 1869 4785 τοὺς

280 4797 401 4851 κατ’
434 4795 624 4851 αὐτοῦ.
657 4797 801 4868 Ὅρα
852 4798 996 4870 πόση
1041 4801 1214 4873 φρίκη
1245 4804 1355 4858 τῶν
1394 4805 1579 4878 ὅρκων
1605 4822 1620 4836 ·
1651 4809 1868 4882 ὤμοσεν

279 4887 596 4943 ὑπακούειν·
630 4887 730 4958 οὐχ
761 4889 1065 4958 ὑπήκουσε,
1089 4895 1182 4946 καὶ
1214 4894 1520 4952 ἁλίσκεται.
1555 4901 1749 4956 Τοίνυν
1768 4906 1869 4978 οὺχ

276 4983 364 5036 ἵνα
392 4983 420 5033 ό
447 4979 733 5052 Βάρὸαρος
767 4981 1061 5054 ἔκδικηθῇ,
1111 4984 1226 5038 ἀλλ’
1269 4987 1357 5041 ἵνα
1383 4989 1413 5040 ό
1440 4989 1575 5054 Θεὸς
1608 4992 1684 5063 μὴ
1709 4995 1867 5066 ὑδρί-

273 5076 438 5146 ζηται
458 5073 577 5126 οἴνα
595 5072 789 5143 μηδεὶς
815 5072 1006 5146 ἕτερος
1034 5083 1349 5151 παρανομῇ,
1380 5081 1490 5135 Καὶ
1511 5086 1638 5154 μετ’
1663 5088 1860 5158 ὀλίγα.

286 5167 430 5237 Ἐγὼ
458 5165 552 5219 τδν
586 5165 1066 5238 Ναϐουχοδονόσορ
1095 5168 1194 5240 οὐχ
1246 5170 1421 5237 οὕτως
1469 5176 1713 5249 ἡγοῦμαι
1749 5186 1865 5247 τοῖς

270 5260 459 5322 ὅπλοις
500 5255 750 5329 θαρῥεῐν,
788 5257 865 5320 ὥς
898 5261 963 5329 τῇ
999 5259 1186 5332 εὐνοίᾳ
1209 5265 1276 5332 τῇ
1311 5265 1464 5334 παρὰ
1495 5267 1654 5322 Θεοῦ.
1689 5271 1862 5327 Τοῦτο

1977 4627 2207 4737 randum
2400 4634 2710 4709 juraveras,
2741 4646 3010 4706 violabas.
3057 4627 3140 4712 Eu
3167 4627 3371 4730 quanta

1965 4717 2190 4822 jnrandi
2233 4723 2424 4796 religio
2476 4730 3036 4805 :obtemperaturum
3096 4762 3157 4803 se
3183 4717 3573 4826 .jurejuran-do

1972 4813 2300 4913 pro-miserat
2327 4855 2342 4880 ,
2392 4833 2500 4874 non
2527 4821 2973 4899 obtemperavit,
2999 4845 3057 4892 et
3089 4839 3144 4894 in
3187 4813 3570 4913 captivitatem

1975 4903 2286 5001 adducitur.
2307 4907 2445 5001 ANon
2479 4913 2648 4983 igitur
2685 4927 2744 4971 ut
2773 4918 3019 4983 Barbaro
3043 4944 3142 4999 per
3170 4903 3573 5001 ulti-oneinwsa:

1970 4991 2172 5107 ti'sﬁat,
2223 4999 2318 5102 sed
2354 5002 2597 5104 ne.Deus
2624 5015 2957 5072 contumelia
3001 4991 3570 5107 aiﬁciaturane-qu‘is

1971 5082 2112 5139 alius
2144 5097 2274 5157 agat
2302 5088 2490 5160 impie.
2518 5094 2587 5149 Et
2613 5111 2730 5168 post
2753 5119 2948 5171 pauca.
2984 5109 3096 5183 Ego
3121 5082 3568 5182 ΝειὺυόίιῶοἷιοΣ

1966 5190 2058 5273 sor
2085 5192 2199 5273 non
2220 5189 2343 5273 tam
2374 5186 2544 5242 armis
2572 5189 2742 5248 ﬁdere
2778 5206 2910 5266 puto
2933 5240 2950 5266 ,
2980 5218 3145 5273 quam
3194 5209 3290 5266 Dei
3329 5214 3568 5273 benevo-

1965 5265 2155 5371 lentia.
2219 5270 2331 5374 [loc
2364 5275 2551 5374 itaque
2594 5281 2739 5340 illius
2771 5265 3056 5350 eunuchus
3087 5265 3467 5374 improperat:

268 5349 402 5421 γοῦν
445 5350 475 5404 ό
505 5347 764 5418 εὐνοῦχος
796 5347 963 5401 αὐτοῦ
1005 5350 1279 5417 ὀνειδίζει.
1311 5355 1646 5423 Διδάσκαλος
1672 5364 1701 5415 ό
1744 5365 1860 5419 Να-

1987 5360 2346 5429 usjurandum
2376 5367 2686 5444 frangatur,
2722 5347 3233 5448 Nabuchodonosor
3262 5347 3469 5458 iudicis
3502 5347 3562 5460 εξ

272 5438 659 5512 δουχοδονόσορ
693 5440 808 5501 τοῖς
851 5440 1127 5505 Ἰουδαίοις
1164 5446 1527 5517 παραγίνεται
1561 5451 1656 5505 τοῦ
1690 5456 1858 5525 μηδέ-

272 5551 406 5590 ποτε
442 5533 748 5602 ἐπιορκεῖν.

348 5625 496 5681 Τάδε
518 5623 684 5692 λέγει
704 5624 948 5692 Κύριος·
998 5625 1145 5681 Ἰδοὺ
1174 5627 1289 5697 ἐγὼ
1323 5634 1745 5703 μεταστρέψω.

339 5718 460 5773 Κᾶν
513 5715 693 5780 αὐτοὶ,
752 5718 909 5786 φησὶ,
960 5717 1262 5788 βούλωνται
1310 5722 1694 5797 ἀναχωρῆσαι,
1744 5729 1856 5800 ἐγὼ

267 5809 396 5868 πολε
405 5806 479 5880 μή
489 5823 563 5860 τω
592 5805 758 5874 ὑμᾶς.

553 5898 826 5961 ΡΑτιιοι.
862 5901 978 5961 (in.
1013 5904 1219 5967 LXIV.

1965 5456 2290 5524 magistrum
2324 5464 2550 5530 praebet.

2035 5643 2200 5700 Vens.
2239 5646 2296 5705 4.
2333 5649 2466 5706 Hac
2488 5652 2618 5710 dicit
2643 5655 2902 5719 Dominus
2927 5682 2946 5720 :
2972 5666 3110 5725 Ecce
3145 5687 3412 5746 converto,
3438 5691 3552 5738 etc.

2031 5736 2155 5793 Etsi
2190 5739 2432 5814 ipsi,ait,
2451 5750 2799 5814 retrocedere
2825 5758 3109 5836 voluerint,
3127 5783 3230 5842 ego
3261 5736 3413 5831 vobis
3443 5736 3543 5832 bel-

1959 5825 2068 5882 lum
2102 5829 2355 5882 inferam.

1980 5843 2068 5886 um
2102 5829 2355 5891 inferam.

3224 5952 3304 6012 3').
