4226 6448
791 416 897 473 985

868 532 1029 588 Vens.
1061 531 1113 587 8.
1156 534 1223 585 Et
1250 532 1319 583 ad
1357 530 1609 598 populum
1639 530 1802 584 istam
1841 531 2004 585 dices.

852 626 1098 680 Joachias
1129 638 1253 679 cum
1284 634 1480 692 sponte
1518 624 1589 677 ad
1638 621 1972 693 Babylonios
2021 622 2372 686 accessisset,

788 714 1216 773 etconditionem
1239 722 1529 783 propterea
1555 714 1835 768 servitutis
1866 712 2147 778 subiisset,
2166 712 2375 781 jureju-

788 809 955 862 rando
990 806 1235 877 praestita
1259 806 1407 861 illius
1437 805 1762 859 tributarius
1784 802 1962 859 factus
1984 813 2089 859 est.
2114 804 2373 859 Sedecias

820 914 915 954 ero
949 899 1044 953 illo
1076 897 1281 955 violato
1311 934 1328 957 ,
1362 905 1524 964 pacta
1570 893 1913 963 perturbavit
1955 911 1969 948 :
2008 894 2211 949 bellum
2241 908 2373 963 ergo

785 990 972 1045 intulit
1001 987 1329 1059 Babylonius
1368 985 1516 1054 iusta
1550 984 1619 1039 de
1653 998 1821 1039 causa
1849 985 2245 1055 iurisiurandi,
2274 987 2371 1040 sed

785 1095 965 1151 neque
996 1090 1125 1133 tunc
1151 1093 1245 1131 eos
1277 1077 1419 1133 Deus
1451 1076 1702 1132 hostibus
1730 1077 1999 1142 tradidit;
2029 1078 2129 1132 sed
2173 1077 2222 1132 si
2254 1075 2373 1129 vul-

786 1175 876 1236 tis,
906 1173 1005 1236 ait,
1033 1170 1256 1241 egredi,
1281 1168 1417 1223 salvi
1439 1168 1618 1224 eritis.
1654 1168 1793 1234 Quid
1826 1167 1965 1221 ultra
2003 1168 2369 1236 praestandum

781 1264 942 1320 erat?
978 1262 1120 1317 illius
1165 1260 1395 1332 periurii
1429 1259 1726 1328 participes
1773 1274 1899 1313 esse
1927 1259 2234 1313 voluerunt.
2263 1257 2368 1312 Sed

781 1370 884 1410 nec
918 1354 1183 1425 propheta
1218 1351 1639 1420 interrogandus
1674 1352 1901 1403 omnino
1939 1358 2059 1403 erat
2096 1350 2164 1403 de
2189 1349 2365 1419 iuris-

774 1447 994 1517 iurandi
1026 1447 1168 1510 ﬁne,
1196 1443 1505 1512 iuramento
1531 1451 1585 1497 et
1621 1442 1968 1511 pactionibus
2016 1440 2363 1509 posthabitis.

780 1536 979 1590 Verum
1006 1550 1075 1590 ne
1101 1550 1162 1590 se
1184 1535 1250 1590 de
1274 1533 1579 1602 ignorantia
1609 1530 1793 1600 pdsset
1820 1545 2103 1596 excusare,
2146 1545 2212 1585 ue
2232 1530 2366 1585 sub-

778 1628 872 1682 diti
923 1627 1185 1697 principis
1216 1625 1577 1681 obtenderent
1618 1622 2031 1685 necessitatem,
2070 1637 2166 1677 eos
2198 1622 2364 1677 etiam

777 1720 990 1774 eximit.
1014 1718 1121 1772 Pro
1153 1716 1384 1779 foribus,
1408 1717 1506 1779 ait,
1532 1714 1743 1784 punitio
1775 1724 1878 1779 est,
1903 1714 2113 1769 evitare
2148 1715 2287 1769 hanc
2310 1714 2364 1767 in

775 1817 958 1862 vestra
1009 1807 1172 1861 situm
1204 1815 1289 1859 est
1327 1814 1617 1872 potestate.
1652 1806 1769 1871 Qua
1807 1805 1973 1874 igitur
2015 1818 2175 1871 poena
2214 1804 2360 1870 digni

776 1897 889 1950 sint
909 1896 999 1963 qui
1031 1910 1155 1949 cum
1179 1895 1552 1947 imminentem
1587 1893 1689 1947 sibi
1719 1901 1948 1947 mortem
1976 1891 2215 1961 eﬂ'ugere
2238 1905 2363 1960 pos-

775 1996 917 2053 sent,
950 1998 1005 2041 ει
1036 2002 1142 2041 non
1177 1987 1456 2056 peierare,
1486 1985 1773 2053 saluteque
1808 1985 1971 2054 potiri
1999 2025 2013 2049 ,
2054 1984 2364 2037 maluerunt

776 2094 884 2131 una
937 2093 1059 2131 cum
1107 2079 1221 2147 ipsa
1254 2088 1429 2131 morte
1470 2077 1692 2145 periurii
1735 2090 1951 2146 quoque
2006 2075 2083 2129 rei
2120 2089 2257 2128 esse.
2294 2071 2360 2125 Et

773 2180 888 2239 post
914 2186 1107 2239 pausa.
1149 2168 1281 2224 Illud
1314 2184 1444 2224 vero
1472 2168 1757 2224 sciendum
1779 2209 1794 2233 ,
1830 2176 1887 2225 et
1929 2168 1973 2223 si
2007 2168 2099 2237 qui
2132 2165 2364 2220 afficitur

773 2260 971 2331 injuria
1004 2260 1221 2332 gentilis
1265 2262 1376 2326 sit,
1420 2260 1589 2314 Deum
1627 2259 1857 2325 ulcisci,
1891 2260 2062 2327 ipsius
2103 2258 2249 2312 enim
2308 2265 2363 2311 et

774 2351 865 2407 ille
894 2362 996 2416 est,
1028 2360 1085 2407 et
1117 2353 1255 2407 citra
1292 2352 1395 2407 hoc
1430 2352 1511 2407 sui
1556 2353 1739 2422 potius
1767 2351 2071 2406 consultum
2103 2350 2217 2403 vult
2254 2366 2269 2402 :
2301 2358 2355 2402 et

772 2445 865 2513 qui
893 2445 1147 2515 iniuriam
1182 2445 1305 2509 fert,
1341 2448 1454 2513 ipse
1474 2454 1559 2498 cst
1586 2445 1679 2503 qui
1712 2444 1943 2497 lzeditur.

1538 406 2111 467 SUPPLEMENTUI
2155 404 2247 461 AD
2288 407 2345 461 S.
2384 408 2438 462 J.
2479 401 2970 459 CHRYSOSTOMI
2998 402 3252 461 OPERA.

2400 535 2451 593 Α
2545 528 2655 581 Kal
2687 527 2835 595 πρὸς
2868 526 2978 581 τὸν
3008 525 3167 581 λαὸν·
3212 524 3433 579 τοῦτον
3462 521 3639 593 (psic.

3410 52 3413 69 έ
3504 48 3505 51 η
3518 46 4073 113 ’φτ-ξε)ᾟή
4094 46 4105 47 ί

3965 402 4061 460 936

2552 621 2813 685 Ἰωακεὶμ
2854 617 3240 687 αὐτομολήσας
3275 616 3411 685 πρὸς
3443 616 3537 669 τὸν
3569 612 3940 679 Βαϐυλώνιον,
3973 622 4058 668 καὶ

2472 710 2659 765 λοιπὸν
2684 712 2752 765 τὰ
2777 712 2875 781 τῆς
2903 710 3151 771 δουλείας
3168 708 3629 778 καταδεξάμενος,
3656 709 3859 780 ὅρκους
3881 708 4058 761 ἐπιτε-

2474 806 2659 871 λέσας,
2692 804 2970 873 ύπόφορος
2985 802 3164 873 τούτῳ
3195 802 3431 870 γίνεται.
3471 802 3530 854 '0
3561 800 3821 862 Σεδεκίας
3844 800 4057 868 66:219-

2473 896 2571 967 έϐη
2627 897 2753 959 τοὺς
2816 895 3018 964 ὅρκους
3045 934 3062 959 ,
3094 892 3192 947 καὶ
3222 892 3679 964 παρεσπόνδησεν
3700 907 3715 922 ⁸
3760 892 4055 962 ὲπᾶρχετσι

2471 988 2657 1053 λοιπὸν
2698 987 2728 1039 6
2786 985 3158 1049 Βαϐυλώνιος,
3215 985 3477 1056 ἀφορμὴν
3514 985 3741 1039 δικαίαν
3771 984 3915 1055 ἔχων
3964 984 4055 1038 τοῦ

2470 1081 2637 1149 ὅρκου
2657 1094 2671 1107 ·
2700 1077 2818 1130 ἀλλ’
2852 1077 2975 1131 οὐδὲ
3015 1076 3193 1140 οὕτως
3226 1075 3429 1139 αὐτοὺς
3460 1074 3786 1146 προδίδωσιν
3832 1077 3863 1129 6
3903 1076 4054 1136 Θεὸς.

2484 1169 2631 1223 Ἀλλ’
2672 1171 2721 1221 εἰ
2760 1168 3021 1239 βούλεσθε
3050 1209 3066 1231 ,
3121 1168 3310 1238 φησὶν,
3358 1166 3623 1233 ἐξελθεῖν,
3664 1170 3751 1229 εἰς
3782 1170 4055 1237 σωτηρίαν

2470 1259 2682 1313 ισεσθε.
2702 1259 2769 1311 Τί
2796 1257 3025 1328 ποιῆσαι
3047 1256 3213 1310 πλέον
3235 1256 3410 1327 ἐχρῆν
3435 1274 3451 1323 ;
3486 1256 3695 1309 εἵλοντο
3720 1256 4056 1325 κοινωνῆσαι

2467 1356 2568 1425 τῆς
2598 1352 2890 1423 ἐπιορκίας
2920 1351 3075 1423 αύτῷ
3095 1369 3109 1381 ·
3141 1352 3382 1421 μάλιστα
3411 1352 3469 1404 δὲ
3488 1352 3618 1405 οὐδὲ
3638 1351 3732 1404 τὸν
3770 1352 4055 1422 προφήτην

2467 1445 2688 1517 ἔρεσθαι
2721 1444 2850 1510 ἔδει,
2896 1438 3010 1498 οἷον
3046 1438 3112 1497 τὸ
3137 1443 3234 1497 τοῦ
3281 1444 3448 1515 ὅρκου
3482 1443 3641 1505 τέλος
3667 1443 3843 1507 ἔσται,
3879 1459 4050 1495 κατα-

2467 1536 2822 1607 πατηθέντων
2872 1535 2981 1588 τῶν
3030 1535 3212 1607 ὅρκων
3260 1534 3497 1588 καὶτῶν
3531 1534 3847 1604 συνθηκῶν.
3907 1534 4055 1604 Πλὴν

2464 1628 2580 1681 ἀλλ’
2630 1629 2716 1681 ἵνα
2747 1628 2889 1697 μηδὲ
2933 1626 3033 1699 τὴν
3063 1630 3130 1681 ὲκ
3174 1628 3275 1697 τῆς
3326 1628 3552 1694 ἀγνοίας
3596 1628 3899 1696 ἀπολογίαν
3933 1629 4053 1697 ἔχῃ,

2464 1717 2554 1770 ἵνα
2588 1717 2666 1787 μὴ
2697 1718 2793 1785 τὴν
2821 1716 3072 1786 ἀνάγκην
3103 1716 3271 1786 ἔχωσι
3311 1716 3404 1770 τοῦ
3436 1718 3699 1787 ἄρχοντος
3732 1719 3782 1770 ol
3815 1719 4055 1788 ἀρχόμε-

2464 1805 2687 1867 νοι,’”καὶ
2712 1804 2936 1868 τούτους
2968 1804 3359 1875 ὲξαιρήσονται
3387 1804 3505 1876 [ῑσ.
3540 1805 3892 1877 ὲξαιρεῖται].
3936 1808 4056 1859 Ἐπὶ

2394 1873 2436 1928 Β
2466 1894 2659 1966 θύραις
2700 1896 2732 1963 ἡ
2768 1894 3031 1965 τιμωρία,
3068 1873 3259 1965 φησίν·
3302 1873 3463 1965 ὑμεῖς
3495 1896 3677 1967 κύριοι
3710 1873 3918 1967 ταύτην
3956 1916 4053 1966 φυ-

2459 1988 2597 2054 γεῖν.
2637 1985 2799 2048 Τίνος
2844 1982 2938 2038 οὖν
2995 1985 3064 2039 ἂν
3090 1982 3204 2039 εἷεν
3246 1986 3388 2050 ἄξιοι
3432 1989 3482 2040 oi
3512 1989 3761 2058 παρόντα
3811 1989 4049 2059 δυνάμει

2460 2093 2540 2129 νοι
2601 2076 2695 2129 τὸν
2769 2075 2993 2147 ὄλεθρον
3060 2077 3373 2145 διαφυγεῖν,
3419 2080 3515 2133 καὶ
3583 2083 3722 2152 μήτε
3780 2081 4051 2151 ὲπιορκῆο

2462 2188 2552 2225 σαι
2585 2171 2680 2225 καὶ
2715 2170 2991 2240 σωθῆναι,
3030 2171 3279 2241 ἑλόμενοι
3316 2174 3457 2242 μετά
3482 2173 3577 2227 τοῦ
3629 2174 3929 2228 ἀποθανεῖν
3959 2176 4053 2228 καὶ

2462 2262 2524 2314 τὸ
2554 2260 2659 2332 τῆς
2715 2262 3007 2332 ἐπιορκίας
3063 2263 3374 2333 ὑποστῆναι
3429 2264 3717 2335 Evcl-qua;
3762 2266 3874 2319 Kal
3921 2266 4052 2334 μετ’

2462 2353 2677 2423 ὀλίγαι
2722 2354 2937 2407 Εἰδέναι
2999 2354 3055 2406 δὲ
3100 2353 3419 2425 ὀφείλομεν,
3469 2359 3553 2409 ὅτι
3616 2358 3721 2411 κάν
3771 2356 3977 2426 Ἕλλην
4027 2360 4055 2409 ό

2461 2444 2793 2514 ἠδικημένος
2831 2441 2889 2518 ᾖ,
2923 2446 3287 2517 ἐπεξέρχεται
3321 2451 3351 2501 6
3381 2450 3548 2513 Θεός·
3578 2452 3807 2521 καὶγὰρ
3842 2455 4049 2515 ἐκεῖνος

771 2535 936 2589 αὑτοῦ
978 2538 1129 2600 ἐστι,
1184 2537 1279 2591 καὶ
1356 2538 1527 2608 χωρὶς
1569 2535 1807 2599 τούτου,
1841 2534 1949 2587 τῶν
2004 2534 2148 2586 ἰδίων
2206 2533 2409 2604 μᾶλλον
2446 2537 2727 2604 φείδεταιο
2785 2537 2883 2591 καὶ
2945 2540 2975 2590 6
3036 2539 3241 2595 ἀδικῶν
3293 2542 3459 2619 αὑτός
3509 2542 3662 2613 ἐστιν
3718 2547 3749 2597 6
3822 2545 4089 2614 βλαπτόον

817 2645 955 2681 ενος.

817 2645 905 2681 ενο
940 2665 955 2681 .

773 2646 814 2699 μ
843 2645 1009 2776 Vagus.
1038 2720 1091 2776 9.
1116 2716 1180 2772 Et
1207 2720 1476 2788 egrediens
1508 2728 1564 2772 stt
1586 2719 1808 2773 accedat
1837 2718 1905 2771 ad
1940 2717 2243 2779 Chaldcos,
2269 2719 2358 2786 qui

770 2811 1139 2865 concluserunt
1174 2824 1282 2874 sos,
1308 2808 1458 2873 vivet,
1487 2819 1533 2862 et
1554 2817 1656 2861 erit
1690 2809 1793 2878 ipsi
1816 2810 1997 2862 anima
2028 2808 2143 2876 ejus
2172 2809 2227 2861 in
2256 2809 2358 2861 uti-

767 2904 996 2971 litatem,
1028 2911 1077 2956 et
1115 2904 1266 2956 vivet.

834 3087 1094 3143 Hebraeus
1127 3086 1257 3141 illud
1284 3085 1382 3140 ειη
1414 3086 1726 3151 utilitatem,
1756 3083 2045 3139 dilucidius
2074 3080 2344 3152 exposuit.

2528 2722 2641 2774 Kal
2667 2725 2700 2775 δ
2728 2721 3228 2794 ἔκπορευόμενοσ
3252 2726 3687 2795 προσχωρῆσαι
3719 2730 3871 2797 πρὸς
3908 2732 4051 2795 τοὺς

2456 2811 2798 2880 Χαλδαίους
2836 2815 2979 2881 τοὺς
3000 2852 3001 2855 η
3022 2821 3539 2885 συγκεκλεικότας
3564 2819 3738 2889 ὑμᾶς,
3780 2821 4044 2888 ζήσεται,

2453 2902 2551 2955 καὶ
2581 2902 2757 2958 ἔσται
2795 2904 2960 2971 αὐτῷ
2980 2906 3020 2973 ἡ
3049 2908 3225 2977 ψυχὴ
3258 2910 3450 2965 αὐτοῦ
3479 2914 3568 2976 εἰς
3596 2913 3915 2982 ὠφέλειαν,
3951 2917 4053 2970 καί

2451 2990 2713 3059 ζήσεται.

2540 3083 2598 3138 '0
2629 3084 2877 3156 Ἐὄραῖος
2890 3086 2972 3151 τὸ,
2994 3088 3082 3153 είς
3096 3088 3413 3159 ὠφέλειαν,
3427 3092 3765 3164 σαφέστερον
3777 3098 4043 3159 τέθεικεν,

766 3182 823 3234 in
876 3179 1068 3247 spolia.
1106 3178 1313 3233 Sensus
1345 3186 1524 3232 autem
1575 3188 1661 3232 est
1694 3194 1707 3231 :
1746 3175 1845 3241 Qui
1894 3190 1999 3228 non
2054 3172 2349 3241 aufugerit,
2381 3196 2391 3241 ι

2458 3175 2571 3247 ἔχει
2600 3178 2661 3230 δὲ
2690 3180 2779 3247 είς
2808 3180 3035 3235 σκῦλα.
3078 3181 3143 3235 Ἦ
3164 3182 3226 3236 δὲ
3253 3183 3434 3237 ἔννοια
3464 3186 3627 3257 αὕτη·
3682 3188 3742 3240 'U
3770 3188 3845 3260 μὴ
3874 3206 4047 3259 προσ·

765 3269 964 3338 inquit,
986 3269 1269 3334 morietur;
1288 3267 1379 3336 qui
1408 3266 1685 3335 aufugerit
1713 3267 1881 3327 vivet,
1903 3264 2085 3332 praeda
2114 3263 2353 3318 hostium

766 3361 963 3415 factus.
988 3360 1051 3413 In
1070 3358 1381 3423 utilitatem,
1403 3358 1587 3425 itaque
1611 3358 1716 3413 hoc
1736 3357 1984 3412 videlicet
2007 3355 2143 3410 lucri
2163 3354 2351 3421 faciet,

766 3450 985 3507 Vivere.

836 3543 999 3599 Vsus.
1037 3544 1127 3607 11,
1170 3542 1255 3596 12.
1288 3539 1492 3595 Domus
1540 3539 1678 3609 regis
1708 3540 1877 3601 Juda,
1922 3540 2103 3594 audite
2139 3544 2348 3596 verbum

762 3638 999 3692 Domini.
1026 3635 1227 3689 Domus
1257 3634 1429 3687 David
1447 3670 1463 3695 ,
1486 3633 1598 3684 Ιηεέ
1619 3631 1748 3683 dicit
1776 3630 2033 3686 Dominus
2058 3648 2075 3685 :
2101 3633 2348 3689 Judicate

762 3726 1226 3795 ntauejudicium,
1255 3732 1311 3777 et
1346 3736 1467 3790 qua:
1491 3727 1817 3789 sequuntur.

836 3818 968 3873 Post
992 3817 1171 3871 minas
1190 3816 1442 3871 hortatur
1458 3820 1519 3867 ut
1541 3812 1882 3867 sententiam
1910 3813 2225 3882 immutent,
2252 3830 2347 3871 os-

762 3910 993 3964 tendens
1032 3922 1091 3963 se
1138 3906 1259 3961 ideo
1294 3918 1483 3975 poenas
1525 3904 1749 3968 inferre,
1782 3904 1911 3973 quia
1944 3920 2129 3959 rerum
2165 3916 2348 3976 gesta-

760 4015 881 4055 rum
912 3999 1295 4069 paenitentiam
1330 4011 1436 4051 non
1468 4005 1656 4065 agunt.
1688 3982 1887 4051 Su‘bdit
1913 3996 2079 4066 igitur
2113 4013 2127 4049 :

829 4088 898 4142 Et
924 4089 1199 4160 egrediens
1224 4088 1491 4153 accedere,
1513 4096 1621 4140 etc.

826 4180 962 4246 Quis
1007 4193 1113 4233 non
1164 4177 1444 4232 maluisset
1486 4177 1555 4231 ad
1607 4177 1792 4232 hostes
1822 4179 2116 4245 accedere,
2150 4193 2273 4233 cum
2309 4192 2341 4233 a

758 4269 872 4325 Deo
896 4267 1160 4323 indictum
1191 4267 1328 4323 adeo
1353 4276 1605 4322 cerneret
1627 4269 1913 4333 morbum;
1950 4283 2074 4323 nam
2102 4271 2146 4324 si
2171 4279 2225 4325 et
2245 4284 2340 4325 eos

756 4361 849 4431 qui
885 4359 1239 4417 remanebant
1270 4357 1400 4413 talia
1452 4358 1748 4414 manebant
1794 4360 1933 4413 mala
1958 4401 1975 4423 ,
2006 4361 2341 4430 omninoque

754 4453 986 4510 interire
1016 4450 1329 4525 Oportebat,
1362 4466 1536 4520 quare
1560 4458 1757 4522 sponte
1783 4449 2042 4506 abibunt?
2068 4468 2135 4506 an
2166 4450 2339 4520 liquet

752 4558 819 4601 eo
852 4543 996 4612 quod
1023 4536 1128 4596 non
1158 4540 1484 4597 crederent?

827 4635 991 4690 Vns.
1038 4632 1127 4688 12.
1163 4632 1363 4691 Domus
1396 4630 1586 4687 David.

820 4727 935 4784 Non
966 4728 1084 4783 sine
1111 4725 1439 4795 causaipsos
1460 4727 1526 4780 ad
1552 4726 1870 4782 memoriam
1897 4724 2067 4781 David
2097 4736 2334 4789 revocat,

753 4820 846 4878 sed
880 4829 939 4874 ut
976 4820 1045 4875 de
1076 4818 1452 4889 progenitoris
1487 4819 1690 4874 virtute
1720 4816 2195 4873 conlumlerentur
2225 4832 2240 4869 :
2283 4825 2337 4869 et

750 4914 795 4968 si
832 4912 970 4966 nihil
999 4911 1168 4975 aliud,
1198 4920 1352 4966 certe
1383 4919 1442 4963 ut
1472 4910 1599 4963 mali
1640 4924 1759 4964 esse
1788 4909 2131 4964 desinerent.

822 5004 1012 5058 Audite
1037 5004 1267 5057 verbum.

822 5092 940 5148 Non
963 5094 1108 5162 quod
1136 5106 1358 5161 magnas
1388 5090 1622 5146 habeant
1648 5090 1814 5155 vires,
1848 5091 1993 5159 quod
2026 5088 2117 5144 illo
2142 5088 2334 5143 fortior

747 5199 909 5240 nemo
947 5185 1019 5238 sit
1064 5200 1077 5236 ι
1124 5199 1228 5237 non
1268 5192 1492 5252 propter
1522 5183 1626 5237 hoc
1653 5220 1670 5245 ,
1722 5182 1816 5236 sed
1849 5192 2073 5252 propter
2112 5197 2179 5235 ea
2208 5196 2334 5251 quae

746 5276 930 5346 agitis.
962 5274 1297 5330 Alimentum
1327 5276 1473 5329 enim
1498 5285 1664 5330 erant
1693 5274 1823 5329 huic
1852 5274 1963 5344 igni
1993 5283 2191 5328 vestrae
2225 5274 2332 5327 ini-

784 5369 1005 5422 uitales.

784 5385 1005 5422 uitales.

745 5385 778 5438 ρ
818 5454 1079 5510 VnaJS.
1099 5456 1232 5511 Ecce
1258 5472 1351 5527 ego
1380 5457 1448 5508 ad
1478 5465 1525 5508 te
1546 5455 1929 5509 inhabitantem
1955 5456 2143 5511 vallem
2176 5476 2330 5512 cam-

745 5562 969 5616 pestrem
1033 5542 1153 5610 Sor,
1184 5547 1255 5598 ait
1298 5544 1582 5610 Dominus,
1618 5547 1707 5614 qui
1739 5548 2086 5617 dicitis,Quis
2113 5551 2327 5604 terrebit

746 5653 863 5700 nos,
890 5649 980 5689 aut
1009 5638 1124 5707 quis
1172 5636 1496 5705 ingredietur
1524 5637 1581 5689 in
1606 5635 1990 5705 habitaculum,
2014 5648 2069 5693 et
2099 5655 2218 5710 qua:
2240 5656 2327 5696 se-

785 5738 1010 5782 nuntur.

785 5742 1010 5782 nuntur.

744 5742 777 5798 ᾳ
818 5814 941 5873 Non
982 5825 1130 5874 recte
1159 5826 1241 5875 est
1283 5818 1701 5889 interpretatum
1746 5819 1889 5888 apud
1929 5819 2147 5880 Graecos
2197 5823 2318 5891 Sor,

2459 3265 2679 3335 φεύγων
2706 3270 2831 3339 μὲν,
2863 3272 3051 3342 φησὶν,
3105 3274 3465 3329 ἀποθανεῖται
3487 3294 3502 3308 ο
3532 3280 3560 3331 6
3580 3280 3952 3349 προσφεύγων
3982 3283 4039 3335 δὲ

2456 3359 2704 3428 ζήσεται,
2724 3360 2898 3414 σκῦλα
2926 3362 3037 3416 τῶν
3064 3365 3343 3436 πολεμίων
3368 3368 3683 3440 γενόμενος.
3717 3372 3789 3424 Τὸ
3813 3369 3930 3437 οὖν,
3957 3377 4045 3439 εις

2452 3447 2782 3516 ὠφέλειαν,
2811 3450 2959 3505 τοῦτ’
2988 3452 3105 3507 ἔστι
3126 3495 3141 3519 ,
3179 3455 3337 3509 τοῦτο
3359 3457 3493 3512 αὐτὸ
3525 3460 3796 3530 κερδανεῖ,
3826 3463 3889 3515 τὸ
3918 3466 4038 3533 ζῇν,

2537 3542 2599 3593 '0
2622 3537 2792 3607 οἴκος
2807 3542 3121 3611 ,βασιλέως
3163 3546 3370 3612 Ἰούδα,
3394 3549 3699 3605 ἀκούσατε
3721 3554 3832 3606 τὸν
3857 3558 4043 3624 ,λόγον

2449 3633 2700 3700 Κυρίου.
2734 3634 2798 3687 '0
2818 3631 2983 3699 οἶκος
3001 3637 3202 3704 Δασίδ,
3238 3639 3379 3693 τάδε
3424 3640 3588 3712 λέγει
3614 3645 3834 3713 Κύριος
3856 3662 3870 3677 ’
3903 3649 4037 3715 Κρι-

2451 3740 2592 3777 νατε
2622 3724 2692 3777 τὸ
2723 3727 2879 3794 πρωῒ
2910 3727 3111 3798 κρῖμα,
3138 3728 3231 3783 καὶ
3267 3730 3339 3783 τὰ
3368 3731 3518 3802 ἑξῆς.
3560 3792 3563 3795 _

2530 3817 2864 3889 ’Δπειλήσας
2894 3823 3158 3893 παραινεῖ
3182 3822 3625 3893 μεταϐάλλεσθαι
3651 3828 3754 3898 τὴν
3784 3830 4031 3902 γνώμην,

2448 3907 2671 3973 δεικνὺς
2692 3953 2708 3977 ,
2739 3911 2815 3973 ὡς
2842 3912 2930 3965 διά
2957 3912 3018 3966 τὸ
3045 3913 3444 3985 ἀμεταμέλητα
3471 3918 3711 3986 πταίειν,
3738 3921 3940 3985 αὐτοὺς
3957 3939 4033 3977 τι·

2443 4003 2737 4068 μωρεῖται.
2767 3987 2999 4069 Ἐπάγει
3033 4002 3167 4070 γοῦν
3200 4021 3212 4033 ·

2514 4091 2623 4143 Καὶ
2650 4094 2683 4145 ὀ
2708 4092 3205 4161 ἐκπορευόμενος.

2515 4183 2611 4247 Τίς
2642 4185 2743 4237 οὐκ
2783 4184 2851 4239 ἂν
2879 4184 3060 4239 εἵλετο
3103 4188 3503 4259 προσχωρῆσαι
3528 4232 3543 4253 ,
3573 4191 3838 4264 θεήλατον
3890 4197 4027 4250 οὕτω

2441 4272 2542 4343 τὴν
2596 4274 2756 4327 νόσον
2808 4276 2986 4345 δρῶν;
3040 4277 3092 4329 εί
3141 4277 3252 4347 γὰρ
3314 4281 3409 4332 καὶ
3468 4282 3599 4345 τοὺς
3653 4284 4025 4357 ἀπομένοντις

2454 4365 2685 4419 τοιαῦτα
2715 4366 2874 4436 ἔμενε
2905 4367 3057 4420 δεινά
3077 4410 3092 4431 ,
3124 4370 3218 4421 καὶ
3245 4370 3465 4433 πάντως
3496 4374 3801 4430 ἀπολέσθαι
3832 4380 4019 4448 ἐχρῆν,

2439 4457 2587 4515 τίνος
2621 4458 2813 4511 ἕνεκεν
2845 4460 2906 4511 οὐ
2952 4460 3378 4531 προσεχώρουν;
3415 4458 3447 4534 ἦ
3492 4464 3659 4534 δῆλον
3704 4467 3769 4520 ὲκ
3816 4469 3913 4523 τοῦ
3949 4472 4021 4541 μὴ

2370 4551 2415 4607 ι)
2439 4548 2741 4603 πιστεύειν.

2512 4637 2690 4706 Οἶκος
2723 4641 2922 4699 Δαυΐδ.

2507 4732 2623 4802 Οὐχ
2651 4727 2840 4795 ἁπλῶς
2880 4736 3085 4801 ,αὐτοὺς
3115 4738 3393 4811 ἀνέμνησε
3425 4740 3521 4793 τοῦ
3549 4742 3735 4808 Δαόὶδ,
3778 4746 3896 4799 ἀλλ’
3933 4748 4012 4800 ἴνα

2435 4819 2535 4887 τὴν
2553 4822 2756 4891 ἀρετὴν
2787 4822 2885 4876 τοῦ
2918 4827 3188 4898 προγόνου
3208 4830 3602 4899 αίσχυνθῶσιν.
3636 4835 3699 4887 El
3728 4837 3823 4889 καὶ
3853 4837 4013 4907 μηδὲν

2436 4912 2640 4982 ιτερον,
2677 4915 3000 4971 παύσωνται
3028 4919 3183 4984 ὄντες
3217 4925 3462 4994 πονηροί.

2518 5003 2848 5058 Ἀκούσατε
2870 5009 3080 5077 λόγον.

2502 5096 2583 5148 Οὐ
2612 5096 2704 5149 διὰ
2727 5098 2789 5150 τὸ
2819 5099 2975 5168 ίσχὺν
3004 5101 3153 5170 ἔχειν
3184 5105 3430 5175 μεγάλην
3453 5123 3466 5135 ·
3508 5108 3569 5160 οὐ
3597 5108 3687 5161 διὰ
3713 5110 3774 5161 τὸ
3813 5112 4008 5181 μηδένα

2435 5180 2571 5239 εἶναι
2614 5187 2708 5240 τὸν
2756 5189 3107 5261 ἰσχυρότερον
3130 5209 3144 5223 ·
3188 5198 3250 5247 06
3280 5194 3367 5248 διὰ
3409 5196 3608 5261 τοῦτο,
3644 5198 3782 5252 ἀλλά
3818 5180 3913 5254 διὰ
3944 5204 4008 5255 τά

2434 5277 2676 5348 ὑμέτερα
2710 5281 3148 5352 ἐπιτηδεύματα.
3187 5286 3379 5357 Τροφὴ
3412 5288 3522 5360 γάρ
3557 5290 3710 5344 ἔσται
3751 5292 3829 5361 τῷ
3880 5294 4008 5361 πυρὶ

2431 5368 2607 5438 τούτῳ
2633 5370 2703 5422 τά
2734 5372 3116 5443 ἁμαρτήματα
3146 5377 3216 5428 τὰ
3244 5376 3513 5447 ὑμέτερα.

2490 5458 2637 5513 Ἰδοὺ
2658 5460 2774 5529 ἐγὼ
2797 5464 2946 5530 πρὸς
2962 5463 3041 5517 σὲ
3060 5468 3168 5519 τὸν
3189 5467 3586 5521 κατοικοῦντα
3602 5468 3714 5537 τὴν
3760 5471 4003 5525 κοιλάδα

2431 5550 2578 5618 Σὼρ,
2598 5550 2715 5618 τὴν
2748 5553 3023 5622 πεδινὴν,
3084 5559 3236 5625 φησὶ
3266 5560 3502 5627 Κύριος,
3535 5562 3678 5627 τοὺς
3696 5560 4003 5630 ,λέγοντας

2431 5644 2533 5709 Τίς
2555 5647 2809 5712 πτοήσει
2841 5647 3020 5718 ἡμᾶς,
3060 5650 3097 5718 ἦ
3126 5651 3217 5716 τίς
3252 5654 3667 5707 εἰσελεύσεται
3691 5654 3779 5720 είς
3808 5657 3873 5707 τὸ
3909 5672 4004 5707 xa-

2428 5740 2841 5811 tomnttiptcr;
2874 5742 2966 5795 ttat
2992 5742 3061 5796 τὰ
3096 5741 3245 5813 ἑξῆς.

2503 5831 2576 5883 Οὐ
2612 5833 2796 5895 καλῶς
2822 5832 2947 5901 Σὼρ
2994 5836 3339 5907 ἡρμήνευται
3378 5839 3527 5909 παρά
3559 5838 3638 5909 τῷ
3685 5838 3999 5911 Ἑλληνικῷ⁹
