4226 6480
357 496 462 556 937

1473 479 1906 540 FRAGMENTA
1945 475 2016 533 IN
2061 474 2434 534 JEREMIAM.

3557 469 3664 526 938

359 606 516 680 παρὰ
540 607 651 682 γὰρ
676 605 756 679 τῷ
793 604 1032 676 Ἑϐραίῳ
1066 602 1223 675 Σοὺρ
1252 605 1435 657 κεῖται
1459 617 1473 631 ⁸
1505 598 1876 673 ἑρμηνεύεται
1907 595 1959 650 δὲ

2069 609 2194 648 nam
2225 609 2347 663 quae
2381 592 2434 646 in
2486 589 2716 646 Hebraeo
2741 596 2826 645 cst
2851 627 2866 656 ,
2893 587 3025 656 Sur,
3065 588 3212 658 quod
3261 584 3544 660 signiﬁcat
3569 602 3668 663 pe—

355 701 559 774 πέτρα.
608 699 826 771 Μηνύει
873 698 932 752 δὲ
980 699 1084 766 τὴν
1154 694 1563 768 Ἰερουσαλὴμ,
1627 693 1756 764 ἥτις
1797 692 1856 746 ὲν
1889 691 1956 760 τῇ

355 795 537 866 πέτρα
567 790 826 855 κοιλάδος
857 789 1143 860 τυγχάνει.
1191 789 1408 860 Πέτραν
1443 787 1500 840 δὲ
1537 784 1790 849 κοιλάδος
1824 781 1958 836 ὲκάο

352 889 506 953 λεσε,
531 886 619 940 διὰ
649 885 750 956 τὴν
777 882 874 937 τοῦ
901 883 1074 938 τόπου
1107 881 1261 935 θέσιν
1287 898 1302 914 ο
1327 881 1404 946 ὼς
1429 881 1542 934 τῶν
1571 878 1673 950 μὲν
1701 877 1832 949 περὶ
1859 874 1960 947 τὴν

365 975 736 1050 Ἰερουσαλὴμ
763 975 950 1029 τόπων
983 974 1092 1027 ὑπὸ
1127 971 1351 1045 πετρῶν
1395 968 1782 1040 συνεχομένων
1803 1007 1820 1034 ,
1862 963 1959 1019 οὖ-

355 1088 458 1143 σης
485 1069 546 1124 δὲ
577 1071 675 1124 καὶ
701 1066 954 1131 πεδιάδος
975 1067 1036 1118 ὲν
1070 1063 1278 1135 κύκλῳ.

441 1160 589 1217 Ἰδοὺ
617 1161 754 1230 ἐγώ.

428 1251 784 1326 Προφητεύει
812 1252 880 1323 τῇ
929 1249 1096 1323 Τύρῳ
1127 1247 1318 1316 δεινὰ,
1351 1245 1528 1300 πολλὰ
1559 1244 1618 1299 δὲ
1651 1243 1748 1298 καὶ
1799 1241 1960 1308 Ἰεζε-

352 1347 504 1416 κιὴλ,
527 1347 626 1400 καὶ
645 1344 876 1408 Ἡσαΐας
901 1345 1032 1416 περὶ
1055 1341 1156 1414 τῆς
1187 1341 1372 1412 Τύρου
1401 1341 1591 1410 φησιν,
1620 1339 1704 1392 ὄτι
1725 1337 1959 1408 ἐπῆρτο,

355 1441 442 1496 ὅτι
468 1439 672 1511 ἔχουσα
709 1435 1072 1496 διδασκαλίας
1101 1434 1224 1488 όδὸν
1254 1433 1382 1497 τοὺς
1417 1434 1484 1486 ὲκ
1509 1430 1774 1501 γειτόνων
1825 1429 1962 1483 Ἰου·

354 1531 564 1595 δαίους,
594 1529 750 1584 οὐδὲν
771 1526 1160 1598 ἐκαρπώσατο.
1185 1525 1285 1580 Διὰ
1313 1525 1422 1596 γάρ
1447 1540 1532 1578 τοι
1561 1523 1722 1577 τοῦτο
1741 1521 1962 1594 πρῶτον

358 1621 600 1677 ἅπτεται
623 1620 736 1674 τῶν
768 1617 941 1673 ἐθνῶν
967 1616 1199 1684 τούτων,
1224 1619 1308 1680 ὅτι
1331 1616 1402 1670 τὰ
1429 1613 1788 1686 Ἰεροσόλυμα
1818 1613 1961 1683 πλη-

359 1711 475 1766 σίον
502 1711 684 1768 αὐτῶν
727 1706 798 1783 ἧν
823 1727 840 1745 ο
865 1709 1090 1774 ἀκούεις
1131 1708 1192 1763 δὲ
1229 1706 1442 1780 προϊὼν
1460 1748 1477 1774 ,
1514 1706 1635 1771 πῶς
1665 1707 1764 1761 καὶ
1794 1703 1963 1758 Βαϐυ-

353 1805 539 1872 λῶνος,
582 1805 815 1860 ἅπτεται
843 1804 941 1857 καί⁵
974 1802 1088 1862 τῶν
1122 1801 1334 1856 λοιπῶν
1374 1799 1662 1866 ἁπάντων,
1690 1797 1789 1853 καὶ
1823 1798 1961 1868 ὁρᾷς

355 1894 527 1949 αὑτοῦ
552 1893 655 1965 τὴν
682 1892 918 1948 καθόλου
949 1891 1238 1962 πρόνοιαν.

943 2025 1203 2080 ΚΕΦΛΔ.
1235 2023 1366 2079 KB’.

429 2160 562 2216 Ὀτι
594 2160 738 2221 τάδε
781 2159 948 2232 λέγει
977 2161 1198 2228 Κύριος
1221 2159 1375 2214 κατὰ
1418 2157 1528 2214 τοῦ
1559 2157 1735 2212 οίκου
1770 2157 1958 2223 βασι-

353 2253 513 2320 λέως
555 2243 768 2318 Ἰούδα,
791 2252 1064 2318 Γαλαὰδ,
1095 2253 1176 2305 σύ
1203 2268 1301 2320 μοι
1331 2250 1494 2320 ἄρχῃ
1528 2250 1638 2305 τοῦ
1669 2249 1957 2314 Λιϐάνου,

353 2346 466 2400 ἐὰν
495 2344 582 2415 μὴ
612 2345 782 2413 θήσω
823 2358 899 2398 σε
932 2346 1022 2410 εὶς
1059 2343 1311 2413 ἔρημον,
1339 2345 1556 2408 πόλεις
1580 2341 1670 2413 μὴ
1696 2358 1960 2396 κατοικι-

354 2435 772 2506 σθησομένας.

425 2529 541 2600 Τὴν
571 2528 788 2584 Γαλαὰδ
818 2528 915 2584 νῦν
959 2529 1112 2597 λέγει
1140 2527 1243 2600 τὴν
1305 2525 1707 2599 Ἰερουσαλὴμ,
1754 2525 1843 2578 ἵνα
1898 2523 1962 2578 τὸ

355 2619 586 2691 φαιδρὸν
622 2619 798 2690 αὐτῆς
841 2620 1174 2690 παραστήσῃ
1197 2657 1213 2682 ,
1246 2616 1444 2686 ἐπειδὴ
1494 2615 1747 2681 ὲπίδοξος
1790 2615 1888 2668 καὶ
1924 2615 1958 2684 ή

356 2709 871 2779 Γαλαάδ.Ἀσαφῶς
899 2710 958 2764 δὲ
990 2713 1169 2764 κεῖται
1198 2708 1259 2762 τὸ
1287 2708 1471 2779 νόημα
1493 2724 1507 2740 ο
1541 2707 1959 2779 παραδείγματι

354 2793 417 2852 δὲ
450 2797 719 2869 ἐϐουλήθη
753 2798 824 2852 τὰ
857 2799 989 2870 περὶ
1017 2799 1188 2870 αὐτῆς
1213 2798 1412 2851 εἰπεῖν.
1443 2795 1618 2849 Τοῦτο
1642 2791 1738 2850 οὖν
1765 2794 1960 2865 βούλε-

355 2907 449 2946 ται
503 2893 768 2962 σημᾶναι,
805 2891 887 2944 ὅτι
933 2891 1128 2961 ὥσπερ
1177 2892 1210 2959 ἡ
1251 2888 1472 2944 Γαλαὰδ
1513 2889 1659 2960 ἀρχή
1715 2889 1834 2941 ἔστι
1862 2886 1957 2941 τοῦ

356 2983 598 3038 Λιϐάνου
624 3000 639 3015 ο
676 2982 927 3049 ἐπίδοξος
952 2983 1062 3053 γὰρ
1095 2982 1234 3055 αὕτη
1270 2980 1425 3053 παρὰ
1453 2980 1639 3045 πάσας
1671 2979 1772 3045 τὰς
1806 2981 1959 3050 παρὰ

354 3070 453 3126 τὸν
480 3070 717 3125 Λίϐανον
745 3070 938 3133 πόλεις
968 3068 1237 3141 κειμένας
1259 3083 1274 3098 ⁸
1310 3067 1458 3122 οὕτω
1484 3067 1580 3121 καὶ
1603 3069 1669 3120 σὺ
1699 3067 1811 3120 τῶν
1841 3066 1958 3120 λοι·-

357 3164 481 3218 πῶν
501 3162 714 3217 πόλεων
732 3163 944 3234 ἄρχεις.
981 3161 1123 3216 Ἀλλ’
1153 3162 1328 3231 ὅμως,
1348 3162 1536 3231 φησὶν,
1554 3159 1746 3230 ἐπειδὴ
1775 3158 1959 3226 ἀγνώ-

2041 693 2225 751 Διιιιιιι,
2257 680 2565 738 Jerusalem
2597 679 2890 749 designat,
2929 692 3052 749 qua:
3081 677 3135 733 in
3167 685 3322 748 petra
3365 677 3527 736 vallis
3560 681 3668 735 sita

2058 784 2166 842 est,
2197 774 2521 844 vo’cavitque
2541 788 2665 829 eam
2693 781 2904 842 petram
2924 771 3086 827 vallis
3102 779 3332 841 propter
3354 769 3477 840 ejus
3500 772 3669 828 situm

2063 868 2179 924 loca
2201 869 2349 925 enim
2381 883 2503 939 qum
2527 867 2673 922 circa
2697 865 3002 921 Jerusalem
3032 872 3184 932 sunt,
3213 863 3386 934 petris
3415 863 3672 922 ambiun-

2064 969 2174 1027 tur,
2203 970 2259 1018 et
2280 969 2368 1018 est
2401 962 2455 1017 in
2481 959 2719 1017 circuitu
2747 957 2869 1028 ejus
2903 971 3157 1028 campus.

2146 1147 2285 1204 Ecce
2318 1166 2437 1220 ego.

2127 1243 2407 1299 Adversus
2431 1239 2637 1314 Tyrum
2671 1243 2788 1296 dira
2833 1241 3192 1303 vaticinatur,
3230 1233 3399 1293 multa
3434 1252 3567 1294 vero
3601 1239 3670 1294 de

2064 1331 2233 1400 Tyro,
2265 1339 2321 1386 et
2355 1331 2627 1398 Ezechiel,
2663 1339 2718 1386 et
2741 1330 2912 1387 Isaias
2933 1330 3094 1396 dicit,
3130 1330 3276 1400 quod
3309 1330 3548 1400 superba
3577 1342 3670 1384 es-

2063 1435 2181 1490 set;
2225 1426 2374 1494 quod
2404 1424 2614 1480 vicinos
2651 1423 2866 1480 habens
2895 1422 3118 1478 Judzeos
3161 1422 3230 1476 ad
3270 1420 3668 1492 capessendam

2064 1517 2375 1573 doctrinam
2432 1517 2566 1572 nihil
2620 1515 2968 1586 profecisset.
3027 1513 3380 1583 Quapropter
3429 1512 3666 1584 primum

2063 1609 2286 1679 quidem
2320 1607 2422 1664 bas
2442 1619 2636 1679 gentes
2666 1609 2934 1678 increpat,
2972 1607 3101 1678 quia
3123 1605 3471 1676 Jerosolyma
3502 1616 3672 1676 prope

2065 1713 2222 1769 erat,
2261 1701 2419 1759 audis
2453 1715 2672 1772 quoque
2712 1701 2877 1766 intra,
2909 1702 3190 1771 quomodo
3218 1709 3273 1755 et
3302 1698 3670 1770 Babylonem,

2064 1794 2412 1864 ceterosque
2436 1808 2635 1849 omnes
2685 1793 2969 1863 increpat;
2999 1802 3057 1849 et
3105 1791 3264 1848 vides
3295 1792 3668 1849 universalem

1954 1948 1958 1951 ,
2063 1887 2180 1956 ejus
2204 1886 2626 1957 providentiam.

2686 2020 2842 2076 CAP.
2874 2020 3038 2077 XXII.

2133 2159 2149 2176 ‘
2184 2154 2350 2212 Vsus.
2387 2154 2442 2210 6.
2477 2155 2620 2222 Quia
2659 2155 2775 2210 hac
2800 2155 2936 2210 dicit
2964 2155 3230 2217 Dominus
3271 2171 3430 2224 super
3453 2155 3672 2210 donum:

2061 2246 2209 2301 Juda
2228 2264 2247 2302 :
2270 2243 2502 2315 Galaad,
2531 2257 2590 2302 tu
2617 2247 2747 2302 mihi
2763 2247 3083 2318 principium
3111 2245 3306 2302 Libani
3325 2263 3345 2314 ;
3367 2248 3416 2302 si
3446 2263 3553 2303 non
3577 2263 3672 2317 po-

2063 2356 2219 2394 suero
2248 2351 2298 2394 te
2331 2341 2388 2394 iu
2417 2339 2761 2395 solitudine»:
2779 2382 2796 2408 ,
2823 2342 2978 2396 urbes
3009 2357 3116 2395 non
3138 2341 3487 2397 habitandas.

2132 2522 2342 2580 Galaad
2364 2539 2512 2580 nunc
2541 2535 2700 2581 vocat
2727 2523 3134 2596 Jerussiem,ut
3166 2529 3326 2586 nobis
3361 2529 3509 2587 illius
3540 2533 3671 2589 sub-

2063 2615 2271 2671 indicet
2300 2615 2604 2674 nobilitatis
2649 2617 2899 2688 insigne,
2930 2632 3055 2674 cum
3089 2628 3146 2674 et
3174 2617 3385 2676 Galaad
3434 2621 3670 2679 celebri«

2065 2716 2181 2762 tate
2232 2707 2392 2763 famae
2436 2718 2568 2763 nota
2607 2709 2678 2764 sit
2712 2724 2728 2762 :
2767 2707 3042 2765 obscurus
3073 2718 3162 2765 est
3212 2724 3414 2768 sensus
3447 2729 3461 2766 :
3495 2711 3670 2768 voluit

2065 2808 2246 2855 autem
2282 2799 2429 2870 quod
2454 2799 2678 2865 dicitur,
2711 2800 2965 2870 exemplo
3009 2815 3285 2858 asserere.
3327 2800 3502 2874 ldq-ue
3531 2803 3664 2860 illud

2062 2902 2167 2948 est.
2195 2893 2670 2960 Quemadmodum
2696 2892 2903 2949 Galaad
2939 2905 3105 2966 caput
3127 2905 3212 2952 est
3236 2894 3455 2964 Libani,
3481 2896 3671 2968 gloria

2062 2982 2210 3038 enim
2237 2981 2382 3038 fama
2413 2986 2640 3055 superat
2667 2999 2880 3050 ontues,
2916 2999 3039 3054 qua:
3060 2986 3210 3041 circa
3243 2984 3517 3042 Libanum
3540 3000 3672 3044 sunt

2056 3073 2316 3129 civitates
2345 3093 2360 3128 :
2399 3073 2480 3129 sic
2506 3083 2563 3128 et
2597 3083 2650 3128 tu
2685 3083 3015 3129 exterarum
3049 3075 3268 3130 urbium
3294 3076 3551 3148 princeps
3585 3093 3666 3134 es.

2065 3161 2172 3217 Sed
2200 3172 2406 3228 tamen,
2433 3163 2634 3232 inquit,
2669 3177 2796 3218 cum
2828 3177 2957 3231 erga
2995 3179 3082 3216 me
3115 3165 3328 3234 ingrata
3362 3169 3670 3234 exstiteris,

357 3273 478 3330 μων
544 3255 738 3324 ἐγένου
794 3254 928 3326 περὶ
965 3254 1106 3324 ἐμὲ,
1149 3252 1248 3324 τὴν
1284 3253 1470 3323 ψῆφον
1540 3253 1765 3324 ἐκφέρω
1813 3253 1958 3307 κατὰ

2065 3265 2258 3310 contra
2292 3263 2342 3308 te
2375 3255 2708 3308 sententiam
2736 3252 2876 3308 fero.

357 3367 478 3406 σου.
839 3405 842 3408 .

427 3445 448 3468 ⁶
479 3443 576 3512 Μὴ
624 3441 869 3497 κλαίετε
913 3432 1021 3496 τὸν
1069 3439 1407 3508 τεθνηκότα
1429 3479 1445 3503 ,
1485 3439 1641 3509 μηδὲ
1686 3439 1959 3510 θρηνεῖτε

355 3535 548 3590 αὐτόν
571 3550 586 3564 ·
619 3532 934 3588 κλαύσατε
984 3529 1273 3599 κλαυθμῷ
1301 3529 1409 3584 τὸν
1449 3529 1954 3600 ἐκπορευόμενον,

357 3628 449 3681 ὅτι
476 3627 588 3682 οὐκ
609 3623 969 3694 ἐπιστρέψει
1003 3625 1112 3690 ἔτι,
1136 3622 1281 3677 οὐδὲ
1303 3623 1518 3690 ὄψεται
1546 3622 1665 3690 τὴν
1695 3622 1814 3693 γῆν
1839 3637 1954 3675 πα-

358 3718 560 3786 τρίδος
597 3717 807 3774 αὐτοῦ.

430 3810 685 3866 Χαλεπὸν
734 3811 947 3885 ὑπέστη
993 3810 1085 3864 τὸν
1131 3808 1366 3863 θάνατον
1414 3811 1442 3861 ὁ
1488 3808 1751 3879 Ἰωακεὶμ
1798 3813 1826 3862 ὁ
1857 3810 1954 3865 τοῦ

372 3903 646 3975 Ἰεχωνίου
686 3904 873 3975 πατήρ
898 3919 911 3933 ·
962 3903 1130 3965 ἁλοὺς
1158 3902 1269 3972 γὰρ
1308 3901 1415 3954 ὑπὸ
1449 3900 1546 3954 τοῦ
1578 3901 1952 3968 Βαϐυλωνίου,

358 3995 580 4067 ⁴πρῶτον
615 3995 716 4067 μὲν
739 3993 898 4066 ἐδέθη
925 3995 1116 4058 πέδαις
1147 3979 1399 4065 χαλκαῖς,
1428 3989 1548 4046 εἶτα
1579 3993 1952 4063 ἀποσφαγεὶς.

356 4089 562 4162 ἐρρίφη
599 4089 706 4159 πρὸ
749 4089 863 4142 τῶν
889 4087 1111 4159 τειχῶν,
1159 4087 1284 4141 οὐδὲ
1335 4090 1517 4156 ταφῆς
1547 4085 1809 4153 ἀξιωθεὶς
1850 4087 1957 4140 ὑπὸ

355 4180 452 4235 τοῦ
481 4180 791 4253 Βαρϐάρου.
826 4181 937 4234 Καὶ
974 4181 1115 4250 μετὰ
1139 4179 1315 4234 ταῦτα
1335 4178 1484 4250 μετὰ
1523 4180 1584 4232 τὸ
1617 4179 1721 4248 τῆς
1745 4177 1956 4243 πόλεως

357 4273 670 4343 ἀποστῆναι
695 4273 790 4325 τὸν
829 4271 1202 4338 Βαϐυλώνιον,
1254 4272 1663 4341 συναγαγόντες
1693 4272 1861 4326 αὐτοῦ
1887 4273 1958 4325 τὰ

357 4363 589 4434 λείψανα
616 4405 632 4427 ,
669 4364 965 4419 κατέθεντο
996 4365 1090 4417 ἐπὶ
1131 4363 1212 4436 τῷ
1263 4365 1416 4436 τόπῳ
1440 4362 1536 4418 τού
1591 4363 1854 4420 θανάτου.
1896 4365 1955 4416 '0

357 4457 542 4511 τοίνυν
591 4456 727 4520 Θεὸς
769 4456 1012 4532 διὰντοῦ
1064 4459 1352 4530 προφήτου
1420 4457 1684 4527 προλέγει
1735 4458 1955 4528 χείρονα

357 4548 649 4602 πείσεσθαι
682 4548 778 4602 τὸν
813 4548 995 4613 ζῶντα
1021 4549 1110 4602 διὰ
1165 4551 1266 4619 τὴν
1304 4551 1682 4622 παρανομίαν.
1727 4552 1803 4605 Τὸ
1836 4548 1954 4615 οὖν,

2143 3441 2158 3460 ⁸
2188 3437 2355 3495 Vens.
2392 3438 2482 3492 10.
2521 3437 2703 3495 Nolite
2731 3439 2857 3508 ﬂere
2881 3447 3150 3493 mortuum
3175 3480 3190 3505 ,
3215 3457 3380 3511 usque
3407 3443 3672 3498 leniente-

2070 3531 2202 3585 mini
2256 3547 2377 3584 eum
2423 3545 2441 3584 :
2486 3531 2699 3598 plorate
2736 3531 3036 3599 ploratioue
3074 3548 3193 3584 eum
3247 3535 3340 3602 qui
3373 3534 3669 3604 egreditur,

2067 3623 2193 3692 quia
2221 3640 2326 3678 non
2359 3633 2648 3680 renertetur
2682 3624 2826 3678 ultra
2849 3665 2865 3691 ,
2892 3641 2985 3684 nec
3027 3624 3223 3677 ridebit
3255 3636 3452 3680 terram
3477 3628 3672 3695 patria:

2067 3733 2200 3770 81118.

2137 3809 2342 3865 Duram
2389 3808 2530 3864 obiit
2578 3817 2812 3864 mortem
2861 3806 3112 3864 Joachim
3155 3809 3437 3868 Jeclmniae
3467 3823 3662 3885 pater;

2067 3910 2260 3972 captus
2285 3899 2432 3956 enim
2469 3914 2502 3956 a
2541 3899 2878 3970 Babylonio}
2913 3899 3151 3970 primum
3203 3903 3425 3971 quidem
3459 3908 3672 3962 catenis

2068 3993 2238 4048 aeneis
2267 3991 2488 4047 vinctus
2517 4001 2632 4057 est,
2666 3991 2864 4046 deinde
2897 3993 3116 4047 occisus
3144 4002 3278 4048 ante
3315 4010 3506 4053 muros
3555 3998 3672 4065 eje-

2068 4094 2188 4142 ctus
2213 4093 2320 4152 est,
2353 4098 2530 4155 neque
2554 4083 2836 4154 sepultura
2871 4099 2899 4137 a
2938 4084 3185 4141 Barbara
3214 4084 3495 4157 dignatus.
3523 4090 3668 4145 Tan-

2068 4181 2190 4234 dem
2215 4187 2504 4248 postquam
2533 4177 2765 4232 recessit
2787 4179 2855 4232 ab
2879 4178 3014 4232 urbe
3043 4176 3398 4247 Babylonius,
3425 4181 3673 4238 collectis

2069 4273 2218 4328 illius
2262 4270 2518 4342 reliquiis
2544 4309 2560 4337 ,
2608 4285 2704 4326 eas
2750 4269 2805 4324 in
2869 4281 3231 4350 monumento
3267 4273 3669 4341 deposuerunt.

2072 4365 2216 4421 Deus
2272 4365 2458 4434 itaque
2528 4377 2626 4432 per
2673 4363 2996 4432 prophetam
3064 4362 3331 4433 praedicit,
3383 4367 3671 4421 acerbiora

2070 4451 2457 4528 perpessurum
2494 4455 2768 4510 viventem
2824 4465 3045 4524 propter
3101 4454 3471 4523 iniquitatem.
3535 4459 3673 4514 Illud

2070 4553 2257 4622 igitur,
2287 4549 2467 4605 Nolite
2485 4551 2611 4620 ﬂere
2624 4558 2912 4610 mortuum,
2938 4563 3106 4616 neque
3124 4549 3487 4605 lamentemini
3530 4568 3671 4614 eum,

357 4638 458 4708 Μὴ
486 4641 731 4695 κλαίετε
762 4640 869 4693 τὸν
892 4642 1249 4708 τεθνηκότα,
1258 4640 1416 4709 μηδὲ
1442 4643 1954 4725 θρηνεῖτεαύτόιιο,

2064 4655 2129 4709 de
2167 4646 2414 4704 Joacbim
2447 4643 2894 4710 intelligendum;
2923 4651 2979 4694 et
3013 4641 3150 4696 illud
3191 4659 3204 4695 :
3240 4642 3460 4699 Ploratc
3488 4647 3672 4714 plora-

359 4732 493 4802 περὶ
520 4731 616 4784 τοῦ
648 4731 914 4802 Ἰωακεὶμ
931 4733 1099 4800 λέγει.
1133 4733 1175 4784 Τ
1179 4733 1206 4784 δ
1226 4731 1306 4795 δὲ,
1325 4734 1648 4787 Κλαύσατε
1672 4734 1961 4802 κλαυθμῷ

359 4823 472 4877 τὸν
492 4823 1001 4892 ἐκπορευόμενον,
1028 4823 1116 4878 ὅτι
1145 4826 1258 4878 οὐκ
1287 4823 1648 4894 ἐπιστρέψει
1685 4825 1792 4888 ἔτι,
1830 4828 1962 4894 περὶ

357 4916 457 4971 τοῦ
501 4915 758 4986 Ἰεχονίου
791 4916 984 4983 λέγει’
1028 4917 1297 4989 τρίμηνον
1343 4918 1454 4986 γὰρ
1500 4918 1668 4970 αὑτὸν
1709 4917 1965 4986 βασιλεύ-

364 5026 536 5064 σαντα
577 5007 856 5079 μετῴκισε
898 5010 980 5072 είς
1011 5009 1111 5080 τὴν
1156 5009 1356 5062 ἑαυτοῦ
1391 5010 1499 5080 γῆν
1539 5012 1568 5062 ό
1617 5009 1964 5080 Ναϐουχοδο-

361 5102 544 5170 νόσορ.
1516 5174 1520 5176 Π

433 5193 666 5264 Μήποτε
698 5193 787 5246 διὰ
818 5192 913 5246 τὸν
973 5192 1189 5247 Ἰωσίαν
1229 5192 1398 5264 φησίν
1419 5209 1431 5223 ο
1461 5193 1616 5248 οὐδὲν
1649 5194 1760 5266 γὰρ
1787 5194 1964 5248 δεινὸν

362 5283 658 5351 πέπονθεν,
679 5283 794 5354 βίον
814 5285 913 5355 μὲν
938 5285 1193 5356 ἐσχηκὼς
1223 5285 1451 5350 ἀγαθὸν.
1486 5289 1962 5358 προανηρπασμέ-

359 5393 452 5438 νος
477 5376 537 5431 δὲ
565 5375 674 5430 τῶν
709 5376 1018 5447 μελλόντων
1061 5379 1119 5428 έν
1156 5376 1422 5447 ἀλλοτρίᾳ
1449 5380 1520 5448 γῇ
1555 5377 1835 5431 δουλεύειν
1871 5382 1964 5434 καὶ

360 5469 646 5541 τελευτᾷν.

435 5561 595 5616 Διότι
628 5560 773 5616 τάδε
795 5563 959 5633 λέγει
994 5565 1212 5632 Κύριος
1246 5563 1347 5617 ἐπὶ
1373 5563 1652 5634 Σελλοὺμ
1682 5565 1818 5618 υἱὸν
1857 5565 1964 5618 Ἰω-

366 5657 508 5712 σίου
531 5654 638 5710 τοῦ
654 5643 966 5724 ,ϐασιλέως
1003 5656 1193 5712 Ἰούδα
1212 5699 1227 5721 ,
1252 5657 1359 5710 τὸν
1382 5656 1803 5720 βασιλεύοντα
1827 5659 1962 5713 ἀντὶ

382 5747 610 5803 Ἰωσίου
645 5747 755 5803 τοῦ
781 5748 1013 5818 πατρὸς
1039 5747 1251 5804 αὐτοῦ.

441 5838 690 5911 Σελλοὺμ
740 5837 890 5910 λέγει
937 5840 1032 5895 τὸν
1083 5839 1383 5911 Ἰεχονίαν·
1432 5838 1580 5894 οὕτω
1633 5838 1748 5910 γὰρ
1798 5839 1968 5894 αὐτὸν

369 5931 621 5988 ἐκάλουν.
665 5932 1067 6005 Ἐρμηνεύεται
1094 5932 1153 5988 δὲ
1180 5932 1522 6003 Ε’ίρηνικός.
1573 5930 1799 6004 Ἐπειδὴ
1853 5932 1966 6004 γὰρ

2068 4748 2212 4800 tione
2254 4756 2374 4797 eum
2412 4736 2501 4808 qui
2533 4736 2824 4807 egreditur,
2849 4735 2973 4802 quia
3021 4749 3126 4788 non
3166 4745 3461 4790 revertetur
3495 4737 3672 4801 ultra,

2067 4841 2132 4892 de
2167 4831 2434 4891 Jecbonia
2468 4845 2483 4883 :
2521 4843 2647 4882 nam
2684 4841 2808 4882 cum
2832 4833 3122 4893 regnasset
3159 4825 3334 4880 tribus
3365 4829 3670 4893 mensibus,

2067 4949 2095 4984 ιι
2130 4924 2670 4984 Nabuchodonosore
2697 4919 2962 4972 abductus
2986 4917 3090 4970 fuit
3121 4918 3172 4970 in
3205 4917 3560 4988 Babylonem.

2141 5203 2398 5258 Fortasse
2427 5200 2635 5259 Josiam
2667 5201 2776 5254 ait:
2813 5199 2949 5252 nihil
2980 5199 3131 5252 enim
3176 5198 3304 5254 mali
3335 5214 3530 5269 passus
3558 5213 3639 5258 est
3665 5224 3674 5257 ;

2070 5311 2193 5349 nam
2221 5306 2274 5348 et
2318 5294 2456 5348 bene
2499 5291 2673 5353 vixit,
2705 5300 2762 5344 et
2795 5299 2989 5358 raptus
3025 5298 3112 5345 est
3141 5299 3440 5361 antequam
3475 5294 3672 5348 tierent

2069 5389 2269 5458 captivi
2309 5389 2402 5455 qui
2446 5386 2498 5438 in
2550 5384 2726 5437 aliena
2779 5392 2927 5436 terra
2960 5384 3264 5448 servituri,
3316 5395 3669 5456 mortemque

2071 5479 2274 5535 obituri
2315 5488 2496 5532 erant.

2140 5568 2306 5624 Vens.
2345 5568 2430 5621 Η.
2452 5566 2590 5632 Quia
2620 5567 2730 5621 lucc
2753 5565 2886 5619 dicit
2906 5565 3164 5621 Dominus
3182 5573 3250 5621 ad
3284 5568 3477 5624 Sellem
3494 5570 3670 5638 ﬁlium

2068 5659 2234 5713 Josia:
2257 5665 2561 5724 regnantem
2589 5671 2685 5722 pro
2710 5653 2861 5708 Josia
2885 5666 3037 5722 patre
3065 5655 3202 5723 ejus.

2139 5835 2340 5894 Sellem
2397 5836 2645 5893 nominat
2697 5834 3021 5895 Jechoniam
3076 5841 3235 5898 :boc
3291 5842 3440 5898 enim
3499 5845 3680 5912 ipsum

2072 5931 2294 5988 nomine
2329 5931 2743 6002 nuncupabant.
2771 5927 3176 6002 Interpretatur
3209 5949 3341 5991 vero
3367 5931 3679 6001 Paci/icui.
