4226 6442
695 458 801 519 939

1441 432 2006 498 SUPPLEMENTUM
2039 431 2132 487 AD
2179 431 2236 486 S.
2273 430 2324 486 .l.
2365 425 2858 486 CHRYSOSTOMI
2900 421 3151 480 OPERA.

3845 414 3957 470 940

699 567 925 641 Quando
945 564 1089 622 enim
1115 557 1358 617 Joachim
1385 565 1591 627 patrem
1611 553 1751 623 ejus,
1779 550 1847 605 ab
1863 547 2122 618 Egyptio
2145 560 2275 600 cou-
2304 551 2352 607 Α
2377 547 2470 600 τὸν
2527 545 2718 598 ἰωακε

2399 547 2470 600 τὸν
2527 543 2786 613 ἰωακεὶμ
2817 541 2908 594 τὸν
2962 537 3155 591 τούτου
3209 535 3424 604 πατέρα
3468 529 3820 584 καταστάντα
3862 529 3964 582 ὑπὸ

2461 638 2579 641 __
2747 635 2757 641 .
2892 634 2904 641 .
3005 630 3041 641 ..
3259 622 3302 641 τ.
3419 622 3676 641 .n...
3755 622 3959 641 --.φη

701 635 946 718 siitutum
973 658 1025 711 in
1054 666 1255 724 regem,
1269 645 1598 719 Babylonius
1614 641 1884 710 captivum
1899 637 2044 691 duxit
2059 677 2076 703 ,
2089 635 2286 689 Jecho-

702 757 790 810 nia
817 750 1110 808 substituto
1137 748 1190 799 in
1222 756 1449 812 regnum
1476 780 1493 805 ,
1542 735 1826 808 paciﬁcum
1859 733 2035 801 ipsum
2086 739 2285 791 vocat,

702 844 846 914 quod
873 854 1077 896 terram
1110 852 1216 892 non
1250 835 1392 889 ultra
1425 828 1756 900 Babylonius
1795 833 1944 879 esset
1985 819 2286 891 depopula-

706 912 902 997 turus,
962 933 1164 988 tributa
1218 925 1616 998 persolventetn
1660 935 1676 972 :
1731 917 1918 986 sicque
1946 929 2105 980 eum,
2147 912 2289 982 quod

708 1041 966 1098 tanquam
1001 1021 1280 1093 prOprium
1332 1017 1560 1073 haberet
1585 1010 1942 1080 mancipium,
1971 1019 2168 1076 capere
2199 1018 2290 1059 ne-

707 1119 959 1190 gligeret.

780 1187 858 1264 lie
889 1221 952 1262 eo
979 1204 1096 1258 haec
1118 1200 1251 1257 dicit
1282 1197 1376 1268 qui
1402 1195 1457 1251 in
1487 1193 1781 1264 ASgyptum
1815 1187 2092 1259 profectus
2115 1194 2238 1242 erat
2273 1201 2286 1241 1

711 1313 926 1355 summa
959 1294 1182 1350 miseria
1234 1299 1359 1355 est;
1393 1299 1565 1354 neque
1604 1291 1875 1337 mortuum
1908 1278 2085 1350 patria
2128 1277 2291 1347 potiri

713 1406 910 1463 posse,
967 1391 1061 1444 sed
1111 1382 1440 1453 insepultum
1476 1374 1693 1448 projiei,
1754 1373 1891 1429 nihil
1940 1373 2042 1428 hoc
2077 1368 2296 1425 calami-

715 1495 905 1539 IOSIUS.

787 1576 950 1630 Vens.
993 1571 1081 1626 12.
1129 1567 1252 1622 Νοη
1288 1571 1583 1620 revertetur
1620 1561 1689 1615 ad
1735 1574 1854 1614 eum
1889 1554 2119 1625 amplius
2151 1570 2168 1608 :
2203 1553 2293 1606 sed

713 1667 770 1719 in
820 1666 934 1717 loco
964 1677 1066 1731 quo
1098 1657 1373 1713 transtulit
1405 1670 1546 1720 eum,
1575 1653 1645 1706 ibi
1675 1650 1930 1703 morietur
1954 1662 1974 1701 :
2002 1656 2050 1698 et
2091 1656 2293 1699 terram

717 1757 852 1807 hanc
884 1767 987 1805 non
1023 1747 1210 1803 uidebit
1255 1744 1505 1814 amplius.

792 1841 1204 1896 Arbitrabantur
1251 1847 1508 1903 namque,
1544 1845 1666 1884 eum
1713 1828 1892 1882 denuo
1923 1837 2292 1883 reversurum,

2389 638 2486 692 τοῦ
2519 635 2824 706 Αἰγυπτίου
2851 630 3200 703 αἰχμάλωτον
3230 622 3377 680 εἷλεν
3409 629 3437 678 ὁ
3462 622 3806 684 Βαϐυλώνιος
3827 664 3840 684 ,
3874 622 3966 674 καὶ

2388 729 2743 783 ἐϐασίλευσεν
2800 722 3059 792 Ἰεχονίας
3080 761 3096 786 ,
3126 716 3432 787 εἰρηνικὸν
3475 715 3638 768 αὐτὸν
3669 711 3966 780 ὀνομάζει,

2388 817 2590 870 ὡσανεὶ
2614 818 2717 886 τῆς
2746 813 2854 882 γῆς
2880 812 2981 865 οὐκ
3021 811 3103 863 ἔτι
3140 806 3562 879 πορθησομένης
3597 805 3704 856 ὑπὸ
3733 800 3826 855 τοῦ
3866 802 3975 853 Βα-

2389 906 2676 971 ϐυλωνίου,
2723 903 2865 959 ἀλλά
2915 900 3254 954 ὑποσπόνδου
3291 896 3482 967 οὔσης,
3518 897 3615 948 καὶ
3647 895 3749 965 οὐχ
3781 895 3969 964 αἱρου-

2392 998 2555 1069 μένου
2572 1037 2588 1063 ,
2615 996 2692 1061 ὡς
2720 995 2923 1048 οἰκεῖον
2951 990 3304 1062 αἰχμάλωτον
3337 988 3500 1042 αὑτὸν
3530 985 3743 1039 λαῦεῖν.

2461 1185 2597 1256 Περὶ
2625 1182 2721 1238 τοῦ
2744 1182 2826 1244 είς
2847 1180 3126 1248 Αἴγυπτον
3153 1173 3484 1236 ἀπελθόντος
3510 1169 3675 1242 φησίν
3691 1185 3707 1202 ο
3738 1169 3976 1239 ἐσχάτης

2391 1276 2684 1348 δυστυχίας
2725 1274 2790 1327 τὸ
2828 1272 2968 1344 μηδὲ
3023 1267 3366 1325 ἀποθανόντα
3391 1263 3688 1335 δυνηθῆναι
3734 1261 3835 1330 τῆς
3869 1277 3976 1311 πα-

2391 1367 2575 1439 τρίδος
2610 1364 2920 1433 ἐπιτυχεῖν,
2949 1359 3089 1416 ἀλλά
3132 1357 3228 1412 καὶ
3255 1357 3463 1424 ἄταφον
3507 1352 3776 1425 ῥιφῆναι·
3822 1350 3978 1404 οὐδὲν

2393 1459 2575 1529 χεῖρον
2595 1454 2788 1508 τούτου
2821 1450 3023 1520 γένοιτ’
3044 1448 3132 1503 ἄν.

2468 1549 2590 1600 Οὐκ
2647 1542 3016 1611 ἀναστρέψει
3088 1541 3178 1606 είς
3235 1537 3424 1592 αὑτὸν
3474 1534 3675 1590 οὐκέτι
3711 1549 3725 1561 ·
3777 1531 3847 1584 ἐν
3900 1527 3983 1595 τῷ

2396 1641 2557 1706 τόπῳ
2590 1633 2662 1692 οὗ
2687 1634 3021 1705 μετῴκισεν
3048 1630 3258 1698 αὐτὸν,
3289 1628 3420 1682 ἐκεῖ
3442 1624 3849 1690 ἀποθανεῖται,
3880 1621 3983 1676 καὶ

2396 1729 2516 1799 τὴν
2548 1728 2665 1799 γῆν
2695 1727 2924 1792 ταύτην
2947 1726 3064 1779 οὐκ
3105 1722 3314 1792 ὄψεται
3342 1722 3450 1775 ἔτι.

2487 1820 2788 1874 Ὑπέλαῆον
2823 1821 2935 1890 γὰρ
2963 1817 3125 1871 αὑτὸν
3159 1811 3317 1878 αὖθις
3357 1811 3719 1882 ὑποστρέψειν
3751 1808 3988 1878 ὑποσχό-

721 1934 1015 2006 sponsione
1054 1928 1193 1983 facta
1233 1899 1506 1997 pendendi
1544 1921 1744 1976 tributa
1767 1958 1781 1984 ,
1836 1915 2296 1987 quemadmodum
2329 1903 2372 1958 Β
2407 1931 2588 1985 μενον,
2633 1912 2718 1982 φόι

2407 1931 2588 1985 μενον,
2633 1912 2838 1982 φόρους
2879 1910 3146 1976 τελέσειν,
3193 1905 3449 1974 καθάπερ
3488 1904 3582 1957 καὶ
3615 1905 3644 1955 ό
3685 1899 3989 1970 Μανασσῆς

721 2035 776 2082 et
819 2023 1098 2078 Manasses
1143 2019 1318 2073 fuerat
1355 2028 1628 2088 reversus.
1675 2010 1934 2065 Hortatur
1992 2009 2151 2079 igitur
2200 2019 2296 2060 eos

725 2134 792 2172 ne
830 2116 947 2170 haec
979 2116 1224 2182 sperent.
1270 2107 1348 2162 lta
1386 2116 1443 2160 ut
1492 2103 1841 2159 manifestum
1879 2101 1970 2164 sit,
2007 2095 2302 2154 Jeremiam

727 2211 843 2264 hanc
866 2210 918 2261 in
943 2205 1076 2259 urbe
1102 2202 1328 2266 dixisse,
1351 2197 1540 2267 eojam
1566 2196 1616 2250 in
1640 2193 2013 2263 captivitatem
2045 2188 2301 2253 abducto;

728 2307 1044 2355 erataulem
1075 2293 1399 2365 principium
1429 2288 1576 2358 regni
1605 2286 1872 2349 Sedecizc,
1909 2298 2065 2353 quem
2098 2279 2304 2350 regioni

729 2390 1047 2462 prafecerat
1062 2384 1583 2440 Nabuchodonosor.
1603 2378 1893 2448 Conjunxit
1908 2379 2087 2444 itaque
2103 2390 2165 2429 ea
2188 2387 2308 2442 qua:

731 2486 784 2537 in
810 2480 1074 2553 principio
1093 2477 1243 2547 regni
1278 2473 1522 2530 Sedecize
1542 2473 1772 2536 dixerat,
1807 2485 1930 2524 cum
1956 2465 2307 2537 responsione

733 2578 873 2635 facta
901 2577 968 2631 ad
1007 2575 1228 2631 nuntios
1258 2572 1456 2627 missos
1490 2569 1558 2625 ab
1585 2581 1650 2624 eo
1680 2566 1746 2622 ad
1785 2564 2124 2635 prophetam.

806 2761 974 2816 Vna.
1020 2757 1108 2812 i3.
1164 2754 1312 2810 Sicut
1360 2755 1453 2822 qui
1487 2752 1717 2820 aediﬁcat
1755 2750 1970 2802 domum
2003 2759 2154 2798 suam
2203 2759 2307 2796 non

736 2870 856 2908 cum
878 2851 1118 2919 justitia,
1150 2857 1202 2902 et
1234 2861 1354 2915 qute
1384 2851 1702 2914 sequuntur.

809 2938 883 2996 De
922 2939 1150 2994 Sedecia
1194 2947 1502 2991 sermonem
1547 2933 1746 2996 habet,
1807 2942 1935 2982 eum
1975 2923 2312 2994 redarguens

737 3035 879 3106 quod
907 3031 1110 3087 nimius
1136 3038 1280 3083 esset
1306 3028 1361 3080 in
1385 3025 1639 3081 domibus
1661 3021 1943 3083 ornandis,
1965 3027 2022 3074 et
2046 3031 2311 3073 accusans

738 3127 879 3198 quod
929 3124 1069 3179 male
1103 3131 1156 3178 et
1197 3121 1385 3190 inique
1435 3119 1660 3173 haberet
1719 3114 2002 3169 ministros
2045 3120 2102 3164 et
2156 3110 2311 3164 labo-

739 3228 942 3275 rantes.

808 3307 1055 3365 Joachim
1081 3301 1352 3373 coarguit,
1382 3300 1582 3378 quippe
1611 3296 1702 3368 qui
1733 3309 1764 3350 e
1797 3292 2005 3364 rapinis
2034 3291 2317 3363 splendide

739 3400 1065 3463 aediﬁcabat,
1093 3406 1150 3453 et
1176 3395 1484 3451 mercedem
1501 3388 1860 3446 mercenariis
1887 3401 2000 3442 non
2049 3386 2314 3441 solvebat.

741 3491 880 3558 Quid
919 3491 1136 3544 domum
1174 3484 1447 3546 aediﬁcas,
1485 3490 1543 3538 et
1573 3480 1809 3535 salutem
1855 3478 2052 3532 animai
2085 3484 2190 3531 tute
2221 3477 2314 3532 de-

742 3579 993 3637 moliris?
1024 3577 1314 3634 Proximus
1344 3583 1638 3643 operatur;
1672 3585 1799 3626 nam
1827 3568 1874 3626 si
1905 3567 2116 3624 alienus
2147 3578 2314 3633 esset,

743 3685 951 3727 merces
984 3669 1062 3726 illi
1097 3668 1341 3737 neganda
1381 3673 1519 3721 erat.

811 3853 979 3910 Vens.
1035 3853 1125 3909 i5.
1165 3849 1422 3922 Nunquid
1461 3849 1745 3922 regnabis,
1781 3851 1908 3922 quia
1955 3857 2013 3903 tu
2051 3848 2321 3904 contendis

742 3965 862 4005 cum
890 3947 1081 4002 cedro?

823 4040 880 4094 Id
916 4045 1020 4104 est,
1063 4033 1305 4105 nunquid
1337 4033 1762 4106 permanebisin
1782 4047 1969 4104 regno,
1998 4041 2054 4089 et
2077 4034 2133 4089 in
2157 4032 2324 4088 altum

746 4132 975 4188 extollas
1005 4128 1236 4185 aedificia
1261 4127 1284 4180 2
1609 4142 1626 4154 “
1878 4146 1886 4154 ι

823 4220 988 4273 Pater
1013 4227 1133 4272 tuus
1171 4216 1408 4287 nunquid
1435 4232 1539 4271 non
1575 4214 1823 4280 comedit,
1851 4226 1899 4270 et
1942 4215 2088 4284 bibit,
2132 4225 2179 4272 et
2204 4215 2325 4285 fecit

747 4311 1012 4383 judicium
1040 4316 1089 4362 et
1108 4306 1420 4378 justitiam!
1447 4305 1592 4367 Tunc
1627 4307 1751 4362 bene
1776 4316 1890 4361 erat
1928 4308 2000 4362 ei.

825 4499 989 4554 Pater
1021 4506 1168 4562 tuus,
1203 4493 1372 4551 David
1404 4506 1597 4563 nempe
1627 4492 1740 4560 ille,
1787 4507 1896 4548 non
1927 4508 1993 4549 ex
2032 4493 2327 4564 iniustitia,

2407 2007 2768 2079 ὑπέστρεψεν.
2801 2006 2876 2058 Οὐ
2905 2002 3084 2057 τοίνυν
3111 1998 3286 2054 ταῦτα
3320 1997 3565 2060 ἐλπίζειν
3616 1995 3814 2059 αὐτοὺς
3847 2009 3990 2062 παρ·

2405 2099 2716 2156 εκελεὺετο.
2747 2097 2913 2149 Ὥστε
2965 2094 3124 2165 δῆλον
3172 2092 3255 2146 ὅτι
3285 2092 3342 2143 ὲν
3392 2091 3459 2159 τῇ
3501 2087 3652 2140 πόλει
3693 2085 3990 2156 ληφθέντος

2406 2194 2570 2249 αὑτοῦ
2605 2189 2954 2262 αἰχμαλώτου
2996 2187 3171 2240 ταῦτα
3219 2184 3324 2254 ἔφη
3356 2185 3384 2237 ὁ
3431 2177 3723 2253 Ἱερεμίας.
3767 2174 3893 2248 Εἶχε
3932 2175 3989 2228 δὲ

2407 2289 2585 2361 ἀρχὴν
2619 2288 2647 2340 ὁ
2680 2283 2936 2345 Σεδεκίας
2967 2280 3068 2350 τῆς
3118 2277 3416 2350 βασιλείας.
3471 2273 3649 2327 Αὐτὸν
3709 2269 3818 2342 γὰρ
3852 2285 3992 2323 κατ-

2409 2383 2606 2451 έστησε
2635 2377 2858 2449 κρατεῖν
2886 2373 2979 2427 τδν
2994 2371 3158 2425 τόπον
3177 2370 3206 2422 ὁ
3225 2365 3715 2438 Ναϐουχοδονόσορ.
3745 2361 3993 2431 Συνῆψεν

2407 2469 2499 2527 οῦν
2532 2471 2602 2526 τά
2630 2471 2688 2524 ἰν
2730 2470 2796 2539 τῇ
2828 2468 2970 2538 ἀρχῇ
3003 2462 3098 2517 τοῦ
3131 2461 3384 2515 Σεδεκίου
3429 2458 3711 2528 λεχθέντα,
3753 2457 3820 2526 τῇ
3851 2455 3992 2508 ἀπο-

2409 2563 2589 2635 κρίσει
2626 2563 2694 2632 τῇ
2725 2557 2991 2631 γενομένῃ
3023 2555 3157 2628 πρὸς
3208 2555 3337 2616 τοὺς
3381 2550 3650 2620 ἀγγέλους
3674 2548 3804 2611 τοὺς
3853 2548 3991 2601 ἀπο-

2412 2657 2713 2719 σταλέντας
2745 2655 2838 2708 ὑπ’
2871 2650 3038 2707 αὑτοῦ
3073 2648 3210 2720 πρὸς
3244 2647 3336 2700 τὸν
3368 2645 3680 2716 προφήτην.

2484 2756 2502 2774 ⁶
2543 2752 2640 2818 Ὠς
2670 2754 2704 2806 ό
2732 2747 3062 2816 οῑκοδομῶν
3093 2745 3202 2800 τὸν
3221 2739 3391 2798 οἷκον
3419 2739 3607 2796 αὐτοῦ
3633 2740 3706 2792 οὐ
3729 2735 3879 2808 μετὰ
3904 2734 3993 2788 δι-

2413 2847 2765 2913 καιοσύνης,
2804 2843 2900 2896 καὶ
2929 2840 2999 2894 τά
3030 2838 3179 2908 ἑξῆς.

2485 2936 2622 3004 Περὶ
2670 2932 2764 2986 τοῦ
2807 2929 3054 2984 Σεδεκίαν
3094 2928 3277 2995 λέγει,
3314 2924 3668 2995 μεμφόμενος
3700 2917 3870 2989 αὐτῷ,
3919 2918 3996 2982 ὡς

2414 3023 2672 3096 περιττὴν
2708 3021 2816 3076 τῶν
2865 3021 3028 3074 οίκων
3071 3017 3408 3088 εὐπρέπειαν
3449 3015 3662 3083 ἔχοντι,
3711 3012 3807 3063 καὶ
3829 3011 3998 3078 ἐγκα-

2413 3117 2520 3170 λῶν
2576 3116 2655 3179 ὡς
2719 3112 2971 3167 ἀδικοῦσι
3023 3111 3152 3173 τοὺς
3215 3104 3696 3177 ὑπηρετουμένους
3756 3100 3854 3155 καὶ
3895 3100 3999 3155 κὰ-

2422 3225 2674 3280 μνοντας.

2494 3299 2852 3356 Καθάπτεται
2889 3294 2984 3349 τοῦ
3025 3293 3305 3363 Ἰωακεὶμ,
3347 3290 3424 3353 ὡς
3457 3287 3517 3355 ἒξ
3550 3285 3804 3358 ἁρπαγῆς
3850 3284 3996 3338 οίκο⁶

2417 3391 2706 3464 δομοῦντος
2732 3388 2983 3460 λαμπρά,
3025 3387 3123 3440 καὶ
3167 3381 3607 3445 καλλωπίζοντος
3655 3378 3855 3442 οίκίας,
3921 3378 3998 3448 μὴ

2423 3483 2649 3557 μισθοὺς
2683 3477 3115 3552 ἀποστεροῦντος
3151 3471 3447 3547 μισθωτοῦ.
3483 3470 3550 3524 Τί
3582 3469 3683 3540 τὴν
3707 3468 3884 3521 οἰκίαν
3916 3469 3997 3520 oi-

2419 3575 2703 3645 κοδομεῖς,
2750 3570 2848 3625 καὶ
2874 3570 3150 3638 σωτηρίαν
3192 3565 3294 3636 τῆς
3325 3560 3523 3617 σαυτοῦ
3565 3558 3746 3630 ψυχῆς
3806 3557 4000 3611 καθαι-

2424 3644 2572 3736 psic;
2620 3663 2679 3717 Ὀ
2724 3660 2954 3731 πλησίον
3002 3660 3269 3729 εργᾶται·
3320 3656 3370 3708 εί
3416 3652 3524 3724 γὰρ
3584 3650 3868 3722 ἀλλότριος
3909 3644 3998 3719 ἦν,

2421 3755 2866 3827 ἀποστερηθῆναι
2891 3752 3003 3806 τῶν
3038 3749 3247 3822 μισθῶν
3272 3748 3402 3804 ἔδει.

2493 3847 2591 3917 Μὴ
2615 3845 3044 3912 βασιλεύσεις,
3069 3841 3160 3896 ὅτι
3203 3831 3536 3912 ἁμιλλᾶσαι
3574 3833 3727 3905 πρὸς
3753 3833 3870 3904 τὴν
3901 3847 4001 3887 κε-

2425 3941 2571 4010 δρον
2587 3956 2606 4005 ;

2495 4028 2776 4096 Τουτέστι,
2798 4027 2890 4097 Μὴ
2905 4025 3015 4096 γάρ
3042 4023 3319 4094 ἐπιμενεῖς
3339 4022 3405 4092 τῇ
3439 4018 3706 4092 βασιλείᾳ,
3735 4016 3836 4072 καὶ
3862 4016 4002 4084 ἄγαν

2426 4125 2507 4188 εἰς
2536 4122 2670 4194 ὕψος
2695 4120 2931 4189 ἑγείρεις
2958 4119 3057 4182 τὰς
3081 4116 3404 4186 οίκοδομάςς

2500 4219 2519 4239 ⁹
2553 4215 2616 4269 '0
2653 4211 2850 4280 πατήρ
2896 4225 3012 4265 σου
3029 4209 3116 4279 μὴ
3147 4208 3285 4278 οὐχὶ
3316 4209 3524 4278 ἔφατε,
3571 4204 3672 4259 καί
3702 4205 3853 4270 ἔπιε,
3906 4203 4002 4257 καί

2427 4310 2683 4377 ἐποίησε
2707 4304 2909 4375 κρῖμα,
2941 4300 3039 4356 καὶ
3060 4300 3482 4368 δικαιοσύνηη
3510 4297 3654 4353 Τότε
3679 4295 3908 4366 ἀγαθὸν
3927 4291 4006 4366 ἦν

2429 4399 2614 4467 αὐτῷ.

2509 4493 2570 4548 '0
2615 4491 2804 4561 πατὴρ
2839 4504 2966 4550 σου,
3012 4484 3313 4551 τουτέστιν,
3361 4484 3389 4537 ό
3441 4481 3606 4536 Δαῦὶδ
3645 4481 3890 4543 έκεῖνος,
3943 4479 4004 4532 οὐ

753 4603 809 4649 et
866 4589 1306 4647 exornandarum
1377 4587 1667 4642 domorum
1722 4584 1889 4639 nimia
1963 4584 2562 4657 sollicitudinenmpl
2603 4583 2718 4640 ἀδικ

2399 4585 2562 4657 νπερὶ
2603 4582 2821 4640 ἀδικίαν
2871 4580 3036 4650 ἔχων,
3081 4577 3177 4633 καὶ
3209 4577 3374 4630 οῑκων
3417 4573 3758 4644 ἐπιμέλειαν,
3800 4572 4007 4626 εὐδοκί-

756 4683 1103 4756 splendorem
1130 4685 1413 4737 assecutus
1437 4686 1545 4745 est,
1575 4675 1672 4734 sed
1701 4691 1769 4733 ex
1804 4692 1869 4733 eo
1897 4677 2045 4746 quod
2095 4677 2188 4733 Dei
2221 4677 2332 4735 cul-

757 4778 835 4832 tul
864 4775 1104 4831 sedulam
1131 4773 1277 4829 dedit
1301 4785 1544 4842 operam.

835 4867 928 4922 Vel
962 4865 1167 4921 Josiam
1205 4862 1474 4933 intelligit,
1505 4861 1592 4918 vel
1622 4859 1850 4918 Achas:
1902 4857 2060 4916 illum
2111 4860 2329 4931 quidem

761 4968 985 5025 natura,
1020 4959 1165 5013 hunc
1198 4969 1328 5010 vero
1363 4954 1628 5012 moribus.

834 5049 969 5104 Ecce
999 5064 1101 5103 non
1127 5056 1268 5103 sunt.

835 5140 995 5197 Vides
1021 5141 1075 5194 in
1110 5153 1216 5210 quo
1245 5140 1350 5197 sita
1396 5138 1470 5194 sit
1501 5135 1885 5208 pulchritudo?
1916 5150 2022 5191 non
2059 5135 2114 5191 in
2160 5149 2334 5192 mem-

763 5233 981 5288 brorum
1013 5232 1204 5303 ligura,
1236 5231 1330 5287 sed
1366 5229 1418 5285 in
1445 5231 1586 5287 bono
1614 5245 1736 5285 usu.
2321 5213 2323 5215 ’

829 5323 997 5381 Vns.
1032 5324 1122 5381 18.
1166 5321 1449 5393 Propterea
1493 5325 1605 5377 hac
1639 5321 1763 5376 dicit
1813 5321 2072 5377 Dominus
2109 5321 2178 5376 ad
2203 5320 2335 5377 Joa-

763 5419 921 5484 clu'm,
950 5415 1112 5471 Josiae
1157 5417 1324 5486 ﬁlium
1367 5417 1501 5486 regis
1536 5413 1724 5470 Iuda:
1763 5413 1887 5469 Non
1919 5414 2166 5486 plangent
2189 5454 2205 5480 ,
2236 5415 2336 5468 heu

763 5510 930 5574 mihi,
971 5508 1227 5575 Domine,
1277 5518 1324 5564 et
1377 5510 1476 5563 heu
1515 5507 1668 5572 milii,
1717 5505 1928 5575 fratres,
1987 5515 2043 5561 et
2097 5520 2220 5576 quae
2253 5521 2339 5561 se-

767 5609 1026 5670 quuntur.

836 5690 1064 5759 Quidam
1097 5693 1374 5757 dixerunt,
1411 5689 1514 5743 hoc
1545 5705 1573 5743 a
1618 5688 2050 5759 przecedentibus
2074 5701 2194 5744 esse
2229 5687 2339 5744 dis-

767 5785 1031 5850 tinctum;
1063 5798 1163 5854 ego
1189 5796 1317 5837 vero
1355 5781 1610 5836 existimo
1643 5779 1949 5835 continuari
1988 5779 2336 5844 sententiam,

769 5888 1096 5944 sensumque
1123 5876 1264 5933 hunc
1289 5888 1430 5933 esse.
1456 5872 1882 5944 Recensuitqua:
1900 5871 2178 5945 contigere
2211 5882 2336 5930 lem-

2436 4697 2630 4752 μησεν,
2668 4675 2806 4732 ἀλλά
2843 4673 2974 4746 περὶ
3001 4671 3099 4743 τὴν
3130 4669 3227 4724 τοῦ
3260 4667 3394 4724 Θεοῦ
3426 4666 3724 4740 θεραπείαν
3745 4665 4006 4736 ἀσχολούο

2434 4789 2616 4844 μενος.

2506 4863 2669 4916 ’Ἤτοι
2701 4859 2796 4915 τὸν
2835 4860 3048 4915 Ἰωσίαν
3086 4857 3274 4930 φησὶν,
3304 4857 3425 4928 ἤτοι
3447 4855 3539 4909 τὸν
3578 4852 3754 4924 ’Δχαζ
3777 4866 3792 4884 °
3822 4850 3883 4904 τδ
3910 4848 4007 4920 μιν

2435 4956 2544 5010 ἀπὸ
2572 4956 2673 5025 τῆς
2702 4951 2942 5022 φύσεως,
2974 4951 3036 5004 τὸ
3056 4951 3113 5005 δὲ
3143 4950 3254 5004 ἀπὸ
3273 4947 3369 5002 τοῦ
3407 4946 3632 5018 τρόπου.

2516 5044 2672 5100 Ἰδοὺ
2706 5044 2818 5098 οὐκ
2848 5043 3026 5096 εἰσιν.

2513 5135 2686 5208 ὀρᾷς
2734 5134 2796 5189 τδ
2836 5133 3032 5197 κάλλος
3068 5113 3173 5186 ποῦ
3222 5130 3471 5197 τίθεταις
3521 5129 3622 5184 οὐκ
3653 5128 3714 5184 ιν
3740 5128 3818 5200 τῷ
3856 5127 4010 5198 τύπῳ

2437 5227 2545 5282 τῶν
2581 5227 2782 5298 μελῶν,
2813 5225 2927 5280 ἀλλ’
2953 5227 3010 5280 ὲν
3035 5228 3101 5296 τῇ
3137 5223 3277 5295 καλῇ
3304 5223 3523 5294 χρήσει.

2506 5323 2526 5343 ‘
2555 5318 2660 5374 Διὰ
2710 5318 2886 5373 τοῦτο
2928 5316 3070 5371 τάδε
3120 5317 3284 5385 λέγει
3339 5314 3554 5382 Κύριος
3581 5310 3680 5364 ἐπὶ
3748 5307 4010 5379 Ἰωακείμ

2437 5411 2569 5467 υιὸν
2609 5408 2833 5465 Ἰωσίου
2869 5407 3175 5474 ,ϐασιλέως
3218 5404 3533 5460 Ἰούδα-οὐ
3574 5400 3660 5471 μὴ
3691 5403 4008 5470 κόψω-ται,

2437 5505 2614 5574 οἵμοι,
2644 5501 2842 5571 Κύριε,
2867 5501 2965 5555 καὶ
3005 5501 3184 5570 οῑμοι,
3210 5496 3482 5567 ἀδελφοί,
3517 5496 3611 5549 καὶ
3638 5493 3708 5547 τά
3727 5493 3873 5564 ἑξῆς.

2513 5687 2670 5752 Τινὲς
2732 5685 2833 5755 μὲν
2874 5683 3085 5753 ἔφασαν
3150 5680 3456 5752 ἀπότμημα
3503 5673 3647 5732 εἶναι
3693 5675 3853 5731 τοῦτο
3905 5673 4011 5726 τῶν

2441 5777 2780 5850 ἔμπροσθεν·
2831 5772 2985 5847 οἶμαι
3045 5775 3102 5830 δὲ
3147 5771 3362 5828 κεῖσθαι
3401 5768 3746 5833 ἀκολούθως·
3807 5768 3906 5838 τὴν
3960 5764 4012 5816 δὲ

2440 5871 2646 5927 ἔννοιαν
2687 5869 2892 5941 ταύτην
2940 5864 3079 5926 εἶναι
3126 5865 3406 5940 ἡγοῦμαιο
3451 5862 3857 5936 Ἐμνημόνευσε
3911 5855 4015 5910 τῶν
