4226 6434
365 348 466 407 Ni

1469 348 1898 407 FRAGMENTA
1938 347 2005 403 IN
2045 348 2418 406 JEREMIAM.

3559 350 3663 407 942

357 465 504 521 κατὰ
553 466 645 519 τὸν
684 465 966 539 ἰωακεὶμ,
1002 459 1080 522 ὧν
1111 466 1404 538 προεῖπεν,
1444 467 1520 532 ὡς
1555 468 1623 522 ἂν
1660 469 1828 543 πείσῃ
1855 469 1949 523 αὒ-

2059 482 2188 538 pore
2215 467 2460 525 Joaehim
2483 509 2498 535 ,
2536 476 2698 539 prout
2738 468 2971 538 ipsemet
2993 465 3420 535 praermutiarat,
3447 475 3506 519 ut
3536 481 3661 536 per-

353 571 485 619 τους
513 555 689 628 ἁληθῆ
719 552 864 612 εἶναι
894 555 1008 630 [τὰ]
1041 556 1175 628 παρ’
1204 556 1370 612 αὐτοῦ
1401 556 1698 629 λεγόμενα.

427 647 844 718 Συμψησθείς.

427 738 497 793 Τί
535 740 686 805 ἐστι,
715 741 1141 811 συμψησθείω
1174 741 1474 814 Σύμμαχός
1507 758 1676 815 φησι*
1716 742 1814 811 Ὠς
1849 744 1952 799 κό-

353 843 537 900 πριον
554 833 952 902 συλληφθείς.
969 833 1030 887 '0
1045 834 1160 905 γὰρ
1179 833 1520 899 Βαϐυλώνιος
1541 834 1709 889 αὐτὸν
1719 833 1948 901 ἀνελὼν,

354 920 532 987 οὕτως
569 923 786 997 ἔρριψε,
819 927 916 980 καὶ
964 927 1068 981 οὐκ
1107 927 1307 998 ἐτάφη.
1367 929 1441 981 Ἦ
1467 928 1649 998 ἐτάφη
1693 927 1950 1000 καθάπερ

352 1013 478 1077 ϐνος
500 1055 517 1080 ,
549 1017 863 1088 συμφυρεὶς
900 1017 1086 1090 σποδῷ
1130 1019 1230 1072 καὶ⁹
1279 1021 1352 1091 τῇ
1384 1020 1481 1073 καὶ
1519 1018 1810 1092 κονιορτῷ.
1848 1021 1946 1074 Ἐκ

356 1105 468 1179 γὰρ
511 1106 607 1162 τοῦ
643 1107 878 1180 θορύϐου
919 1109 1043 1163 οὔτε
1075 1111 1277 1184 ἐκόπη,
1320 1110 1446 1165 οὔτε
1480 1111 1805 1181 ἀπεπλύνθη
1845 1112 1948 1166 αὑ·-

353 1194 450 1250 τοῦ
484 1197 548 1250 τὺ
579 1197 769 1270 σῶμα·
790 1197 976 1272 [τοῦτο
1001 1200 1110 1273 γὰρ
1140 1196 1208 1272 ἦν
1238 1203 1302 1256 τὸ
1331 1200 1769 1276 χαλεπώτατονο]
1793 1195 1948 1267 οὗτος

354 1285 468 1358 γὰρ
495 1282 565 1359 ἦν
614 1290 644 1343 6
684 1288 1072 1360 χαλεπώτατος
1117 1291 1360 1346 πάντων.
1410 1293 1576 1366 Ὁρᾷς
1631 1294 1949 1365 παρρησίαν

355 1381 672 1452 προφήτου,
708 1378 799 1436 οἶα
844 1383 1009 1449 αὐτὸς
1054 1385 1351 1456 προλέγει,
1397 1387 1493 1440 καὶ
1538 1387 1639 1458 οὐχ
1682 1386 1945 1442 ὑποστέλ-

352 1469 539 1538 lerat;

426 1565 446 1585 '
492 1565 773 1634 ’Δνὰϐηθι
810 1567 912 1621 ἐπὶ
944 1567 1055 1622 τὸν
1091 1569 1374 1637 Λίϐανον,
1426 1571 1528 1627 καὶ
1565 1571 1816 1642 κράξον,
1842 1572 1944 1628 καὶ

347 1661 441 1728 εις
464 1661 581 1729 τὴν
614 1662 830 1718 Βασὰν
858 1663 966 1730 δὸς
989 1664 1108 1734 τὴν
1132 1665 1346 1736 φωνήν
1369 1680 1510 1735 σου,
1547 1668 1650 1724 καὶ
1692 1669 1946 1739 βόησον

351 1753 443 1819 sic
471 1753 540 1808 τό
572 1752 766 1823 πέραν
786 1754 899 1824 τῆς
934 1755 1280 1826 θαλάσσης.

425 1845 710 1914 Τουτὲστι,
739 1847 927 1903 Ταῦτα
946 1849 1124 1920 λέγων
1154 1852 1256 1907 οὐκ
1282 1854 1590 1925 ἡκουόμην.

421 1933 573 2011 *Δρα
604 1940 890 2008 ἀνέϐαινες
927 1944 1028 1997 οὐκ
1061 1943 1243 2013 ἔγωγε
1281 1940 1460 2018 οἶμαι,
1507 1947 1624 2003 ἀλλ’
1655 1947 1798 2003 ὥστε
1846 1966 1948 2003 κα.-

351 2028 585 2102 τὰδηλον
610 2031 867 2101 γενέσθαι
892 2033 992 2105 τὴν
1015 2035 1224 2106 φωνήν.

431 2125 564 2178 Ὀτι
585 2125 1060 2194 συνετρίϐησαν.

423 2214 566 2278 Τοὺς
602 2217 927 2288 συμμάχους
961 2219 1136 2289 αὐτῆς
1172 2219 1345 2290 λέγει,
1375 2214 1459 2285 οἷς
1491 2221 1740 2296 ἐθάρρει.

486 2306 804 2377 Ἐλάλησα
833 2309 903 2364 ἐν
932 2309 1008 2381 τῇ
1036 2311 1424 2381 παραπτώσει
1452 2328 1593 2380 σου,
1620 2315 1721 2370 καὶ
1745 2310 1943 2384 εἶπας,

353 2396 480 2452 οὐκ
513 2397 876 2470 ἀκούσομαι.

423 2487 755 2556 Τουτὲστιν,
821 2492 1150 2562 ἐφεστώτων
1207 2495 1398 2549 κακῶν
1423 2536 1438 2561 ,
1502 2497 1786 2570 ἑκήρυξα,
1851 2500 1947 2554 καὶ

350 2577 664 2655 ἀπείπαντο
697 2581 810 2635 τῶν
840 2581 1018 2652 λόγων
1037 2584 1138 2656 τὴν
1162 2586 1516 2658 παραίνεσιν.

421 2671 533 2726 Καὶ
564 2669 759 2740 εἶπας·
791 2676 915 2729 Οὐκ
944 2676 1304 2746 ἀκούσομαι.

421 2763 537 2817 Καὶ
567 2763 596 2817 ὃ
639 2765 907 2837 πρότερον
955 2761 1104 2837 εῖχεν
1146 2768 1349 2840 ἀρετῆς
1393 2769 1575 2838 λόγον,
1642 2771 1736 2825 καὶ
1785 2771 1947 2826 τοῦτο

2059 559 2320 616 suaderet
2370 560 2479 616 illis
2511 575 2637 616 vera
2666 574 2789 616 esse
2815 573 2938 630 quae
2962 559 3030 613 ab
3057 559 3292 630 ipsomet
3313 557 3660 613 dicebantur.

2126 649 2295 707 Vsus.
2333 651 2424 707 i9.
2466 651 2694 718 Raptus.

2111 741 2252 810 Quid
2270 743 2374 799 sibi
2387 743 2502 799 vult
2519 758 2623 799 vox
2637 742 3010 814 συμψησθεὶς;
3023 740 3385 814 Symmachus
3399 739 3661 803 reddidit,

2058 837 2330 906 Tanquam
2359 825 2562 890 stercus
2612 835 3023 905 comprehensus
3063 833 3314 889 collectus
3348 841 3406 885 ut
3455 831 3659 900 furnus.

2051 926 2188 983 Cum
2224 927 2373 982 enim
2398 925 2731 998 Babylonius
2761 926 2915 981 illum
2947 926 3269 991 occidisset,
3300 926 3382 980 sic
3407 924 3660 994 projecit,

2050 1029 2107 1074 et
2149 1019 2398 1090 sepultus
2455 1035 2564 1075 non
2597 1029 2704 1076 est.
2741 1017 2845 1076 Vel
2883 1020 3139 1091 sepultus
3169 1027 3255 1075 est
3279 1017 3456 1073 instar
3494 1018 3659 1080 asini,

2051 1109 2259 1175 cinere,
2312 1117 2482 1176 terra,
2527 1119 2584 1164 et
2633 1112 2863 1181 pulvere
2898 1119 3322 1182 eonspurcatus.
3363 1108 3498 1162 Nam
3549 1124 3660 1177 pra:

2054 1202 2286 1256 tumultu
2319 1217 2424 1258 nec
2451 1186 2784 1273 planxerunt
2813 1217 2968 1270 eum,
3000 1219 3104 1260 nec
3137 1204 3308 1259 lotum
3349 1202 3427 1257 illi
3457 1216 3660 1271 corpus

2051 1304 2137 1349 est
2166 1311 2180 1348 :
2211 1295 2358 1363 quod
2387 1296 2633 1350 omnium
2671 1297 3092 1351 acerbissimum
3127 1297 3364 1352 videtur.
3404 1294 3572 1350 Vides
3603 1295 3656 1348 in

2049 1386 2315 1455 propheta
2358 1387 2577 1442 dicendi
2609 1386 2961 1458 libertatem,
2999 1389 3186 1460 qualia
3234 1388 3484 1460 pmdicit
3507 1425 3532 1451 ,_
3557 1402 3659 1440 nec

2053 1476 2252 1532 timore
2279 1481 2664 1536 contrahatur.

2119 1569 2288 1627 Vsus.
2315 1572 2409 1628 20.
2463 1575 2704 1632 Ascende
2734 1578 2795 1632 in
2822 1576 3123 1641 Libanum,
3158 1590 3208 1631 et
3252 1577 3428 1631 clama
3452 1618 3468 1643 ,
3515 1586 3562 1629 et
3598 1575 3660 1626 in

2049 1662 2232 1719 Basan
2262 1665 2332 1720 da
2363 1682 2538 1723 vocem
2566 1678 2741 1737 tuam,
2771 1678 2824 1725 et
2854 1670 3029 1726 clama
3057 1680 3209 1725 trans
3242 1685 3412 1723 mare.

1977 1833 2023 1890 Β
2120 1869 2238 1925 Hoc
2265 1878 2383 1941 est,
2412 1886 2537 1927 cum
2565 1871 2670 1928 ista
2699 1873 2939 1930 dicerem
2959 1915 2980 1942 ,
3009 1888 3115 1930 non
3148 1871 3436 1930 audiebar.

2120 1959 2377 2033 Nunquid
2411 1963 2708 2021 ascendit?
2736 1980 2847 2021 non
2893 1974 3026 2036 puto
3049 2004 3065 2032 ,
3103 1965 3200 2021 sed
3239 1973 3298 2020 ut
3325 1978 3431 2020 vox
3459 1964 3640 2019 audiri

2047 2060 2258 2120 posset.

2124 2143 2286 2200 Vsus.
2317 2144 2410 2199 20.
2449 2143 2591 2212 Quia
2618 2147 2839 2200 contriti
2859 2154 3008 2202 sunt.

2117 2229 2514 2288 Confederatos
2546 2231 2664 2302 ejus
2708 2234 2785 2288 ait
2823 2235 3023 2305 quibus
3061 2234 3286 2291 ﬁdebat.

2121 2319 2286 2380 Vens.
2317 2323 2410 2379 2i.
2452 2322 2689 2380 Locutus
2722 2341 2840 2382 sum
2882 2326 2940 2380 in
2983 2325 3145 2380 ruina
3186 2336 3304 2393 tua,
3333 2336 3386 2382 et
3411 2327 3607 2382 dixisti
3627 2367 3644 2394 ,

2051 2411 2178 2468 Non
2211 2413 2458 2472 audiam.

2117 2503 2233 2561 Hoc
2261 2515 2381 2574 est,
2410 2505 2826 2563 imminentibus
2857 2506 3018 2562 malis
3049 2507 3383 2566 vociferatus
3411 2526 3532 2567 sum
3551 2552 3565 2576 ,
3595 2520 3652 2566 et

2047 2612 2364 2654 sermonum
2397 2600 2838 2658 adhortationem
2871 2613 3220 2672 respuerant.

2121 2688 2192 2745 Et
2215 2692 2426 2760 dixisti,
2467 2691 2594 2749 Non
2615 2695 2854 2752 audiant.

2119 2784 2186 2839 Et
2215 2786 2356 2855 quod
2391 2787 2545 2855 prius
2609 2789 2846 2846 habebat
2891 2792 3136 2858 virtutis,
3177 2799 3233 2848 et
3263 2791 3393 2858 illud
3443 2791 3651 2857 amisit,

350 2853 604 2909 ἀπώλεσε
634 2856 731 2922 τὸ,
764 2857 855 2911 ὅτε
898 2857 1202 2912 ἁπέκτονεν
1235 2859 1458 2926 αὐτοὺς,
1494 2863 1618 2915 τότε
1649 2863 1945 2935 ἑξεζήτουν

351 2946 538 3000 αὐτόν.
572 2948 765 3001 Καίτοι
811 2952 896 3012 τίς
936 2950 997 3002 ὲν
1035 2949 1218 3020 θλίψει
1257 2950 1360 3004 οὐκ
1391 2951 1460 3007 ἂν
1490 2953 1816 3021 ἁκούσειεν;
1849 2955 1947 3008 καὶ

351 3037 417 3092 οὐ
450 3037 571 3106 νῦν,
601 3039 720 3094 ἀλλ’
751 3040 841 3094 ἀεὶ
873 3040 1104 3114 τοιαύτη
1136 3041 1394 3112 γέγονας.

2047 2883 2103 2930 et
2159 2874 2291 2931 illud
2352 2877 2627 2947 perdidit,
2677 2881 2894 2939 scilicet
2939 2899 3064 2941 cum
3118 2899 3214 2941 eos
3272 2883 3650 2951 interﬁceret,

2049 2977 2179 3024 tunc
2209 2972 2528 3040 quaerebant
2557 2987 2706 3028 eum.
2741 2975 3066 3048 Quanquam
3112 2978 3236 3047 quis
3279 2976 3334 3031 in
3361 2977 3656 3032 calamita-

2049 3059 2194 3115 tibus
2224 3063 2435 3130 positus
2483 3078 2593 3120 non
2635 3066 2867 3136 audiat;
2902 3079 2960 3124 at
2995 3085 3102 3124 non
3138 3068 3300 3124 modo
3326 3108 3342 3134 ,
3386 3070 3483 3125 sed
3532 3067 3657 3124 talis

424 3224 666 3291 Πάντας
685 3224 831 3292 τοὺς
857 3219 1147 3296 ποιμένας
1171 3238 1291 3281 σου
1319 3225 1606 3295 ποιμανεῖ
1628 3225 1870 3296 ἄνεμος.

438 3313 557 3385 Ἐφ’
587 3310 672 3380 οἷς
715 3315 1057 3384 προσεδόκας
1091 3315 1234 3372 εἶναι
1283 3319 1342 3371 ἑν
1375 3317 1554 3390 ἀδείᾳ.
1612 3319 1784 3374 Ὅταν
1833 3320 1947 3390 γὰρ

340 3400 437 3472 ἰτς
468 3422 523 3459 τι
553 3405 853 3478 θαρρῶμεν
887 3408 1144 3478 πρᾶγμα,
1193 3409 1416 3479 ἀναιρεῖ
1463 3410 1596 3465 αὐτὸ
1625 3413 1653 3464 6
1684 3411 1848 3475 Θεός’
1880 3414 1946 3466 ἵν’

355 3499 445 3553 ἐπ’
475 3497 626 3569 αὐτῷ
650 3497 838 3553 λοιπὸν
883 3499 960 3570 μὴ
991 3499 1329 3572 ὲλπίζωμεν,
1359 3502 1454 3556 καὶ
1483 3503 1574 3556 ἐπ’
1604 3502 1754 3575 αὐτῷ
1775 3519 1946 3574 προσ-

353 3589 627 3660 δοκῶμεν.

428 3683 548 3737 Ὅτι
582 3684 718 3739 τότε
747 3685 1161 3756 αισχυνθήσῃ.

423 3775 499 3829 οὐ
536 3777 904 3848 φαινομένων,
937 3779 1124 3848 φησιν,
1167 3776 1286 3832 ἀλλ’
1312 3778 1730 3851 ἀναιρουμένων
1755 3780 1822 3835 ἑκ
1852 3781 1948 3838 τοῦ

426 4050 490 4104 Ei
547 4050 803 4123 καθάπερ
849 4053 1150 4124 σφενδόνην
1198 4070 1285 4117 τις
1349 4053 1642 4124 συσφίγξει
1703 4057 1798 4110 ἐπὶ
1850 4059 1949 4129 τῆς

355 4141 546 4213 χειρλς
563 4144 902 4216 περιφέρων,
925 4145 1021 4198 καὶ
1048 4144 1226 4209 οὕτως
1249 4145 1413 4200 αὑτὸν
1463 4145 1575 4216 ἐγὼ
1596 4146 1799 4219 ἔχοιμι,
1826 4149 1952 4204 οὐδὲ

355 4230 532 4295 οὕτως
582 4234 972 4304 προστήσομαι
1007 4233 1176 4289 αὑτοῦ
1197 4249 1214 4266 ο
1246 4237 1296 4289 εί
1337 4237 1399 4290 δὲ
1428 4237 1566 4304 Θεὸς
1613 4240 1675 4292 οὐ
1703 4241 1949 4313 προστή-

357 4337 532 4384 σεται,
563 4321 647 4386 τίς
674 4323 841 4377 αὑτὸν
870 4322 1225 4396 ἐξαιρήσεται
1253 4343 1267 4392 ;

427 4414 540 4469 Καὶ
583 4416 919 4484 παραδώσω
963 4432 1038 4471 σε
1066 4419 1156 4484 είς
1201 4417 1409 4488 χεῖρας
1449 4419 1571 4475 τῶν
1616 4421 1953 4490 ζητούντων

355 4508 473 4577 τὴν
500 4509 713 4580 ψυχήν
740 4525 879 4565 σου.

428 4601 539 4653 Καὶ
569 4600 743 4654 ταῦτα
790 4603 937 4656 κατά
969 4603 1064 4657 τὸν
1111 4606 1300 4674 ὅμοιον
1330 4589 1547 4675 τρόπον
1568 4606 1824 4677 εἰρῆσθαι
1856 4624 1951 4662 vo-

360 4688 526 4759 μίζω.
560 4689 686 4742 Ὅτι
713 4692 810 4745 καὶ
841 4693 970 4764 περὶ
997 4694 1092 4746 τοῦ
1133 4693 1386 4764 Ἰεχονίου
1409 4734 1425 4759 ,
1453 4695 1646 4766 φησιν,
1677 4697 1944 4765 ἔφασκον.

359 4781 473 4835 Καὶ
507 4783 696 4853 ἐπειδὴ
724 4783 975 4854 ἐνόμιζον
1021 4780 1160 4839 εἶναι
1193 4788 1250 4839 ὲν
1283 4786 1578 4860 ἀσφαλείᾳ.
1615 4789 1790 4843 Τοῦτο
1827 4791 1952 4861 μὲν,

357 4873 434 4935 ὡς
464 4872 575 4928 ἀπὸ
630 4874 723 4927 τοῦ
785 4875 1133 4929 Βαϐυλωνίου
1175 4878 1488 4944 καταστὰς,
1543 4878 1708 4933 τοῦτο
1758 4880 1837 4946 δὲ,
1877 4881 1952 4946 ὼς

359 4967 420 5017 ἐν
449 4964 530 5035 τῷ
578 4964 713 5036 ναῷ,
758 4969 854 5020 καὶ
915 4970 984 5039 τῇ
1022 4968 1410 5040 ,Ἰερουσαλὴμ
1461 4970 1752 5041 τυγχάνων
1787 4973 1954 5043 μηδὲν

359 5058 674 5125 πείσεσθαι,
715 5058 998 5130 προειπὼν
1033 5060 1180 5131 αὐτῷ
1209 5060 1285 5132 μὴ
1319 5058 1544 5133 θαρρεῖν
1578 5063 1672 5116 ἐπὶ
1716 5064 1952 5131 τούτοις,

360 5153 456 5206 καὶ
487 5152 548 5204 τδ
589 5151 751 5222 ἔργον
784 5150 968 5221 ἐξέϐη.
1021 5153 1095 5206 Τὸ
1132 5150 1247 5219 οὖν,
1292 5155 1424 5208 Ἐπὶ
1461 5155 1574 5224 τῆς
1606 5159 1808 5228 χειρός
1832 5177 1955 5228 μου

359 5241 473 5311 τῆς
488 5240 714 5309 δεξιᾶς,
741 5244 828 5296 ἵνα
853 5244 1008 5318 εἴπῃ,
1028 5246 1118 5300 Ἑν
1138 5244 1217 5317 τῷ
1239 5246 1375 5315 ναῷ,
1397 5247 1526 5303 ἔνθα
1547 5250 1764 5322 βοηθεῖν
1786 5251 1955 5307 εἴωθα

359 5334 478 5397 τοῖς
516 5335 639 5388 ἐκεῖ
675 5329 850 5391 οὖσιν.
889 5337 962 5391 Τὸ
985 5337 1181 5406 στόμα
1221 5338 1290 5390 τὸ
1333 5337 1822 5410 ὲξουὸενωμένον
1849 5344 1952 5399 καὶ

363 5427 860 5498 ἐκτετιναγμένον
888 5431 922 5483 ὀ
950 5427 1108 5498 ἀνὴρ
1132 5430 1339 5498 αὐτὸς,
1373 5432 1681 5501 τουτέστιν,
1713 5436 1742 5489 6
1787 5434 1952 5508 Ἰεχο-

363 5517 502 5582 νίας.
534 5520 732 5588 Στόμα
775 5519 844 5574 δὲ
881 5519 1372 5590 ἐξουδενωμένον
1421 5523 1511 5577 διὰ
1569 5525 1673 5595 τὴν
1708 5524 1942 5597 βλασφη-

366 5609 499 5680 μίαν
516 5624 530 5638 ⁶
561 5608 1060 5680 ἐκτετιναγμένον
1081 5613 1160 5678 δὲ,
1193 5614 1268 5678 ὼς
1292 5616 1657 5686 ἀπωσμένον.

327 5724 336 5730 ·
434 5699 547 5754 Καὶ
574 5700 890 5771 ἀπορῤίψω
928 5719 1022 5756 σε.

439 5792 674 5860 Λέγουσι
717 5791 773 5845 δὲ
807 5794 862 5846 αἱ
920 5794 1220 5862 Βασιλεῖαι,
1257 5796 1336 5851 ὅτι
1389 5798 1482 5851 καὶ
1525 5800 1690 5870 τιμῆς
1724 5799 1952 5872 ὕστερον

1974 3167 2022 3229 c
2055 3161 2274 3216 semper
2305 3148 2478 3206 fuisti.

2124 3237 2318 3294 Omnes
2337 3251 2574 3310 pastores
2598 3253 2717 3301 tuos
2739 3259 2915 3317 pascet
2943 3258 3153 3303 uentus.

2121 3329 2180 3386 In
2207 3331 2415 3402 quibus
2441 3336 2730 3405 sperabas,
2764 3348 2824 3393 ut
2854 3339 2953 3394 tibi
2989 3341 3343 3396 securitatem
3370 3352 3651 3411 parerent.

2050 3421 2187 3478 Cum
2218 3425 2364 3481 enim
2411 3426 2595 3496 aliqua
2633 3445 2692 3484 re
2728 3429 2967 3499 ﬁdimus,
3008 3432 3154 3488 tollit
3190 3433 3337 3488 illam
3370 3433 3538 3500 Deus,
3586 3451 3653 3488 n0

2050 3514 2121 3571 de
2144 3529 2344 3572 αξιοι-ο
2371 3517 2427 3573 in
2455 3533 2520 3574 ea
2564 3534 2719 3591 spem
2771 3532 3014 3579 nostram
3041 3539 3334 3596 ponamus,
3368 3525 3451 3581 vel
3487 3528 3556 3581 ah
3589 3541 3654 3581 ea

2052 3606 2316 3662 auxilium
2347 3619 2750 3680 exspectemus.

2125 3696 2267 3763 Quia
2300 3709 2426 3755 tunc
2458 3701 2822 3772 confunderis.

2123 3786 2243 3844 Non
2271 3793 2649 3863 apparentium
2680 3795 2778 3864 ait,
2815 3797 2912 3853 sed
2940 3811 2970 3854 e
3001 3801 3183 3859 medio
3214 3803 3601 3862 tollendorum.

2125 3973 2292 4030 Vens.
2324 3974 2416 4030 υ.
2461 3975 2586 4031 Viuo
2609 3993 2724 4047 ego,
2750 3979 2881 4033 dicit
2911 3979 3196 4038 Dominus.

2122 4065 2180 4121 Si
2215 4066 2380 4122 veluti
2429 4068 2606 4138 palam
2645 4071 2770 4140 quis
2809 4074 3203 4130 constrinxerit
3251 4076 3304 4130 in
3347 4088 3511 4129 ruanu
3560 4076 3649 4131 de

2054 4155 2260 4225 ferens,
2291 4169 2349 4215 et
2369 4160 2451 4216 sic
2483 4176 2608 4217 eum
2645 4176 2746 4232 ego
2773 4162 3006 4230 habebo.
3045 4181 3224 4237 neque
3258 4167 3339 4224 sic
3367 4167 3521 4223 illum
3555 4171 3654 4226 de.

2054 4249 2494 4322 fendam:quod
2542 4253 2588 4308 si
2645 4253 2787 4309 Deus
2835 4269 2945 4311 non
2999 4256 3288 4324 defendet,
3318 4258 3445 4329 quis
3497 4259 3649 4314 illum

2054 4342 2248 4397 eruet?

2134 4432 2298 4490 Vsus.
2351 4433 2441 4489 95.
2491 4433 2560 4488 Et
2616 4437 2833 4492 tradam
2871 4446 2921 4491 te
2965 4437 3022 4492 in
3067 4453 3258 4493 manus
3307 4441 3654 4509 qumrentimn

1983 4505 2029 4563 ι)
2056 4527 2291 4578 animam
2319 4535 2491 4584 tuam.

2136 4616 2204 4672 Et
2231 4616 2348 4674 haec
2377 4618 2525 4675 dicta
2573 4635 2697 4677 esse
2721 4621 2841 4692 pari
2886 4620 3102 4679 ratione
3161 4623 3450 4679 existimo.
3501 4623 3655 4691 Quo-

2057 4709 2206 4766 niam
2259 4718 2318 4765 et
2360 4709 2428 4767 de
2474 4708 2910 4779 Jechonia,ait,
2978 4714 3273 4781 dicebant,
3330 4725 3382 4769 et
3439 4717 3658 4786 quando

2057 4813 2118 4855 se
2143 4813 2367 4855 securos
2417 4815 2541 4857 esse
2567 4805 2980 4872 opinabantur:
3021 4804 3151 4861 illud
3197 4807 3440 4875 quidem,
3511 4809 3657 4876 quod

2058 4890 2106 4946 is
2132 4905 2162 4945 a
2190 4890 2489 4964 Babylonio
2545 4909 2643 4950 rex
2682 4896 3018 4952 constitutus
3069 4897 3296 4966 fuisset;
3337 4897 3444 4953 hoc
3503 4913 3657 4960 vero,

2057 4983 2204 5052 quod
2232 4993 2379 5040 esset
2421 4985 2474 5039 in
2508 4986 2732 5055 templo,
2766 4996 2823 5044 et
2852 4987 3160 5045 Jerusalem
3186 5032 3202 5056 ,
3238 4989 3488 5059 adeoque
3516 4990 3655 5044 nihil

2059 5084 2206 5131 esset
2229 5089 2528 5144 passurus:
2553 5079 2806 5145 praedixit
2851 5095 2918 5136 ne
2949 5081 3034 5136 his
3062 5081 3257 5136 ﬁderet
3284 5096 3300 5135 :
3337 5081 3484 5150 quod
3515 5089 3570 5137 et
3598 5096 3658 5137 re

2058 5166 2174 5235 ipsa
2206 5167 2407 5223 evenit.
2433 5166 2624 5238 Itaque
2645 5209 2660 5236 ,
2697 5167 2869 5238 Super
2894 5188 3110 5226 manum
3145 5188 3316 5226 meam
3343 5172 3660 5237 dexteram;

2059 5257 2216 5328 quasi
2243 5259 2448 5315 diceret
2479 5260 2530 5314 in
2559 5261 2781 5331 templo,
2819 5263 2872 5317 in
2906 5277 3018 5333 quo
3058 5277 3216 5333 opem
3251 5263 3398 5320 ferre
3433 5263 3505 5318 ibi
3546 5281 3659 5319 ma-

2060 5348 2313 5404 nentibus
2357 5351 2639 5407 consuevi.
2699 5350 2772 5406 οε
2821 5352 3086 5421 abiectum
3138 5369 3454 5409 concussum
3501 5354 3660 5408 homo

2057 5441 2191 5508 ipse,
2213 5436 2507 5494 Jechonias
2536 5440 2806 5498 videlicet.
2842 5441 2916 5498 Os
2947 5443 3232 5515 abjertum,
3259 5455 3483 5516 propter
3516 5446 3651 5501 blas-

2060 5530 2359 5600 phemiam,
2386 5546 2719 5598 concussum,
2760 5535 2833 5589 uti
2863 5535 3162 5606 proiectus.

2137 5711 2300 5764 Vsus.
2330 5711 2420 5764 '26.
2464 5710 2526 5763 Et
2556 5714 2761 5766 mittam
2798 5725 2866 5768 te.

2133 5805 2362 5858 Narra»!
2402 5806 2525 5861 libri
2559 5805 2767 5876 Regum
2805 5823 2927 5864 eum
2987 5811 3203 5866 tandem
3239 5819 3292 5867 ct
3322 5811 3529 5867 honore
3566 5828 3652 5865 τιυ-
3757 5845 3768 5856 ο
