4226 6454
315 387 425 446 945

366 509 693 580 Συνετρίδη
722 511 762 580 ἠ
797 512 1015 581 καρδία
1037 528 1181 581 μου.

365 599 540 654 Τοῦτό
580 618 771 672 φησιν,
817 603 901 657 ὅτι
926 601 1074 671 Ἐγὼ
1114 603 1238 670 μὲν,
1298 602 1424 658 ίδὼν
1463 603 1565 675 τὴν
1602 604 1765 671 δόξαν
1800 604 1896 659 τοῦ

290 692 431 748 Θεοῦ
484 691 715 760 ἐξέστην
743 710 758 725 ·
813 684 968 748 οὗτοι
1022 694 1080 749 δὲ
1137 696 1262 751 οὐδὲ
1310 696 1412 767 τὴν
1473 698 1754 770 τιμωρίαν
1807 699 1896 753 δε-

294 783 573 839 δδίκασιν.

364 876 479 932 Καὶ
506 876 750 945 ἐγένετο
782 878 817 933 ὁ
847 877 1095 950 δρόμος.

364 968 683 1037 Τουτέστιν,
744 972 778 1042 ἡ
842 973 1055 1045 σπουδὴ
1120 973 1214 1028 ἐπ’
1261 975 1441 1028 οὐδενὶ
1496 975 1667 1047 καλῷ.
1730 976 1898 1030 Ὥστε

290 1061 652 1129 δσπούδαξον,
674 1061 791 1116 ἀλλ’
826 1064 929 1118 οὐκ
959 1066 1057 1117 ἐπὶ
1089 1069 1356 1137 χρηστοῖς
1390 1067 1743 1138 πράγμασιν.

372 1152 501 1208 Ὅτι
532 1154 726 1223 ιερεὺς
754 1156 857 1209 καί
889 1156 1209 1227 προφήτης
1229 1158 1688 1227 ἐμολύνθησαν.

381 1246 539 1316 Ἐμοὶ
564 1246 717 1300 δοκεῖ
743 1245 846 1311 τὰς
886 1249 1136 1319 μοιχείας
1163 1249 1347 1319 λέγειν
1363 1252 1422 1303 ὲν
1446 1250 1602 1322 αὐτῷ
1629 1250 1711 1323 τῷ
1734 1252 1893 1325 οἴκῳ,

291 1336 407 1393 ἀπὸ
435 1337 532 1392 τοῦ
585 1337 906 1409 ἀξιώματος
947 1341 1128 1413 ἱερεύς
1154 1356 1174 1374 ο
1201 1343 1314 1396 ἀπὺ
1347 1326 1445 1397 τοῦ
1489 1344 1687 1407 τόπου,
1718 1347 1778 1397 ἰν
1818 1345 1898 1415 τῷ

291 1431 462 1501 οῐκην
530 1431 761 1485 ἀπὸτοῦ
800 1433 1155 1505 πράγματος,
1198 1435 1472 1507 πονηρίας
1518 1437 1796 1508 μοιχείας.
1830 1438 1897 1492 Τί

290 1526 489 1581 τούτου
517 1525 940 1598 χαλεπώτερον;
970 1531 1022 1583 εί
1048 1530 1146 1584 καὶ
1195 1532 1314 1596 τοῖς
1361 1531 1552 1595 ἀλλοις
1600 1533 1895 1602 ἠπίστουν,

291 1616 454 1672 τοῦτο
500 1618 686 1673 ἱκανὸν
738 1618 961 1687 ἐλέγξαι
1009 1620 1194 1675 αὐτῶν
1238 1621 1341 1693 τὴν
1384 1623 1689 1694 πονηρίαν·
1741 1625 1899 1679 ἀλλος

288 1710 486 1782 τρίους
509 1710 809 1781 διώρυττον
826 1712 1060 1782 γάμους,
1086 1714 1453 1784 ὶπεμαίνοντο
1474 1717 1600 1780 ταῖς
1620 1717 1892 1786 γυναιξίν.

363 1803 471 1857 Διὰ
495 1800 674 1857 τοῦτο
712 1802 985 1873 γενέσθω
1014 1806 1053 1875 ὴ
1089 1805 1238 1872 ὁδὸς
1274 1805 1501 1862 αὐτῶν.

1411 393 1846 451 FRAGMENTA
1885 392 1953 450 IN
1991 390 2369 450 JEREHIAM.

1930 520 1977 578 Α
2078 514 2246 567 Vsus.
2276 512 2330 568 9.
2366 509 2671 566 Contritum
2694 518 2769 563 est
2805 522 2898 561 eor
2928 522 3124 560 meum.

3513 386 3617 441 ΜΕ

2072 602 2190 658 Hoc
2224 602 2601 671 ait,quoniam
2632 614 2737 670 ego
2761 600 2985 669 quidem
3024 604 3336 666 conspecta:
3366 596 3460 651 Det
3492 606 3616 651 stu-

2001 709 2136 765 pore
2163 705 2453 764 correptus
2471 708 2595 748 sum
2627 692 2842 763 gloriae,
2881 690 2935 745 hi
2963 704 3096 745 vero
3150 704 3225 745 ne
3282 689 3618 760 supplicium

1998 785 2221 855 quidem
2243 784 2462 839 timent.

2074 873 2242 929 Vsus.
2283 874 2370 931 10.
2401 874 2471 929 Ει
2492 874 2670 944 {actas
2703 884 2779 929 est
2804 889 3017 929 cursus.

2075 968 2187 1022 lloc
2206 978 2291 1023 est
2325 969 2569 1023 studium
2590 983 2782 1023 eorum
2818 966 3032 1022 nullum
3061 965 3130 1020 ad
3161 966 3388 1020 bonum.
3424 964 3619 1035 itaque

2000 1061 2317 1124 studebant,
2352 1060 2450 1114 sed
2479 1075 2593 1115 non
2616 1060 2682 1113 ad
2716 1059 2892 1114 bonas
2915 1072 3028 1114 res.
3462 1048 3465 1049 ⁷

2078 1150 2246 1205 Vsus.
2283 1151 2371 1205 11.
2408 1150 2551 1216 Quia
2583 1148 2835 1204 sacerdos
2859 1158 2907 1201 et
2943 1148 3200 1215 propheta
3224 1144 3418 1212 polluti
3468 1151 3615 1198 sunt.

2072 1244 2202 1299 Mihi
2224 1244 2440 1299 videtur
2469 1243 2699 1298 innuero
2728 1241 3000 1296 adulteria
3046 1241 3098 1293 in
3142 1238 3262 1308 ipso
3291 1235 3518 1305 templo,
3549 1252 3616 1290 ex

2000 1337 2271 1408 dignitate
2288 1340 2584 1402 sacerdos;
2616 1352 2683 1391 ex
2707 1338 2829 1390 loco
2852 1334 2909 1388 iu
2931 1333 3047 1387 aede
3069 1349 3085 1398 ;
3109 1346 3139 1385 a
3172 1344 3232 1386 re
3259 1330 3442 1386 scelus
3462 1329 3619 1383 adul-

2003 1431 2127 1486 terii
2149 1438 2328 1486 erant.
2358 1430 2475 1485 Hoc
2505 1430 2644 1484 satis
2661 1430 2730 1484 ad
2758 1428 3167 1496 coarguendam
3190 1439 3383 1479 eormn
3409 1422 3619 1493 impro-

2001 1520 2228 1577 bitatem
2250 1522 2273 1576 ‘l
2299 1522 2508 1577 alienas
2525 1520 2862 1575 eﬂodiebant
2883 1519 3134 1588 nuptias,
3164 1516 3407 1571 maximo
3429 1514 3620 1571 furore

2002 1614 2056 1669 in
2080 1613 2344 1670 mulieres
2371 1613 2717 1670 ferebantur.

2077 1791 2245 1851 Vens.
2277 1794 2366 1850 12.
2395 1793 2610 1849 Idcirco
2632 1794 2716 1848 via
2747 1792 2971 1847 illorum
3008 1792 3131 1861 ﬁat.

364 1892 534 1963 Ὀρα,
559 1893 679 1957 πῶς
711 1894 878 1950 πάλιν
909 1898 973 1951 οὐ
1006 1873 1160 1968 παρά
1212 1898 1383 1962 πόδας
1422 1898 1627 1969 ἐπάγει
1664 1901 1768 1972 τὴν
1793 1919 1899 1954 κα·-

2073 1884 2213 1941 Vide
2236 1900 2426 1941 rursus
2450 1892 2513 1941 ut
2558 1899 2668 1941 non
2702 1894 2928 1954 repente
2971 1883 3177 1938 inferat
3209 1880 3615 1942 calamitatem,

291 1982 443 2048 κίαν,
502 1984 643 2037 ἀλλά
681 1984 868 2039 δίδωσι
908 1986 1296 2057 προθεσμίας⁸
1340 1984 1466 2043 εἶτα
1522 1992 1612 2046 ἵνα
1643 1992 1720 2063 μὴ
1756 1992 1897 2045 ἀνα·
1940 2014 1945 2017 ι

291 2070 426 2142 ϐολὴ
456 2074 538 2134 είς
566 2074 828 2128 ἀπιστίαν
875 2076 1077 2139 αὐτοὺς
1115 2078 1211 2131 καὶ
1261 2080 1463 2134 κακίαν
1514 2082 1726 2154 ἀγάγῃ,
1766 2083 1899 2135 ἀνα-

294 2167 600 2235 μιμνήσκει
637 2168 765 2232 τοὺς
791 2169 861 2222 τά
885 2170 1027 2223 αὐτά
1069 2170 1534 2243 πλημμελοῦντας
1554 2174 1766 2239 αὐτοῖς,
1803 2177 1898 2229 καὶ

290 2257 658 2330 χαλεπώτερα
688 2259 986 2326 παθόντας.

361 2349 474 2403 Kal
501 2350 574 2403 ἐν
597 2350 725 2416 τοῖς
751 2352 1092 2422 προφήταις
1120 2355 1481 2425 Σαμαρείας.

379 2440 635 2508 Ἐκεῖνοι,
675 2444 724 2497 εί
756 2445 851 2497 καὶ
874 2445 1045 2516 μηδὲν
1068 2445 1282 2518 ῑτερον,
1316 2448 1410 2503 τὸν
1436 2449 1587 2505 Βάαλ
1626 2452 1896 2522 προεϐάλ-

290 2527 451 2582 λοντο
472 2546 485 2561 ⁸
522 2524 672 2585 οὗτοι
710 2532 767 2584 δὲ
796 2532 922 2603 iui.

364 2623 383 2644 ⁶
412 2620 525 2676 Kal
565 2622 639 2677 ἐν
682 2621 815 2689 τοῖς
864 2623 1406 2696 ψευδοπροφήταις
1488 2629 1899 2703 Ἰερουσαλὴμ

290 2711 529 2780 ἑώρακα
561 2713 798 2781 φρικτὰ.

373 2803 435 2858 '0
477 2804 753 2876 Ἐϐραῖος,
788 2807 1166 2878 πεφυρμένα,
1200 2809 1291 2864 ἵνα
1311 2812 1464 2884 εἴπῃ,
1495 2813 1652 2867 οὐδὲν
1693 2815 1897 2886 ἀληθὲς

287 2893 573 2963 λέγοντας,
611 2896 750 2951 ἀλλά
780 2898 925 2953 κατὰ
955 2900 1272 2971 φιλοτιμίαν
1294 2904 1426 2968 τοὺς
1472 2904 1667 2974 λόγους
1702 2923 1895 2960 ποιου-

292 2986 527 3055 μένουςο
558 2986 740 3042 ταῦτα
766 2988 823 3041 δὲ
854 2991 1000 3043 κατά
1031 2990 1328 3063 σύγκρισιν
1359 2994 1471 3049 τῶν
1509 2996 1899 3068 ψευδοπροφη·

293 3076 411 3131 τῶν
452 3077 564 3131 τῶν
595 3080 656 3132 εν
682 3080 977 3152 Σαμαρείᾳ
1018 3082 1191 3150 λέγει,
1229 3085 1314 3138 ὅτι
1368 3087 1569 3139 ἐκεῖνοι
1598 3088 1707 3140 κᾶν
1738 3088 1895 3152 τάξει

1999 1976 2096 2031 sed
2124 1991 2332 2030 moram
2366 1976 2630 2047 temporis
2678 1977 2794 2032 dat.
2831 1974 3041 2030 Deinde
3078 1989 3146 2029 ne
3184 1972 3616 2043 procrastinatio

2003 2083 2102 2123 eos
2137 2070 2191 2122 in
2230 2067 2608 2123 infidelitatem
2644 2066 3063 2137 nequitiamque
3104 2066 3412 2130 induceret,
3446 2064 3513 2117 de
3548 2062 3617 2118 iis

2001 2157 2256 2213 meminit
2313 2159 2406 2228 qui
2455 2158 2566 2214 illis
2616 2157 2822 2215 similia
2855 2157 3230 2227 deliquerant,
3271 2164 3329 2209 et
3358 2154 3617 2225 graviora

2002 2251 2147 2320 passi
2175 2260 2327 2305 sunt.

2074 2341 2243 2396 Vsus.
2276 2340 2367 2401 15.
2404 2339 2469 2396 Et
2501 2343 2557 2397 in
2589 2344 2861 2412 prophetis
2888 2340 3183 2399 Samaria.

2070 2427 2150 2484 Illi
2187 2429 2289 2486 etsi
2313 2429 2390 2485 nil
2412 2430 2585 2498 aliud,
2623 2430 2756 2486 Baal
2784 2432 3169 2503 proponebant
3195 2429 3299 2497 :hi
3330 2444 3462 2487 vero
3492 2444 3604 2486 me.

2074 2627 2242 2686 Vsus.
2274 2630 2363 2685 ﬂ.
2407 2626 2480 2683 Et
2516 2630 2576 2685 in
2614 2628 3094 2699 pseudoprophetis
3154 2626 3462 2683 Jerusalem
3500 2628 3615 2682 vidi

1999 2723 2306 2778 horribilia.

2078 2814 2339 2887 Hebraeus
2360 2815 2545 2882 habet,
2566 2814 2818 2884 confuse,
2838 2811 2998 2884 quasi
3024 2812 3258 2880 diceret,
3282 2812 3491 2868 nullam
3516 2827 3616 2869 ve-

2002 2910 2222 2965 ritatem
2249 2908 2517 2975 dicentes,
2548 2908 2645 2964 sed
2676 2914 2890 2963 tantum
2948 2916 3009 2962 ut
3042 2909 3279 2964 honores
3302 2918 3609 2974 assequen-

1998 3004 2091 3053 tur
2133 2996 2301 3053 verba
2354 2995 2659 3063 facientes,
2709 3002 2765 3050 et
2819 2995 2937 3071 hac
2986 3008 3086 3064 per
3133 2994 3609 3063 comparationem

2001 3085 2637 3156 pseudOprophetarum,
2671 3084 2765 3154 qui
2794 3093 2960 3139 erant
2995 3085 3049 3138 in
3093 3083 3349 3139 Samaria
3378 3102 3392 3136 :
3454 3082 3607 3151 quod

287 3169 402 3223 τινὶ
427 3169 652 3225 ἐδόκουν
678 3170 863 3239 λέγειν
883 3171 1032 3244 άπερ
1071 3174 1283 3242 ἔλεγον,
1315 3174 1393 3239 ὡς
1429 3175 1619 3246 βωμὸν
1650 3177 1892 3249 ἔχοντες,

2003 3179 2085 3233 illi
2120 3187 2176 3233 et
2206 3177 2406 3232 ordine
2432 3176 2673 3245 quodam
2710 3174 3038 3229 viderentur
3072 3172 3432 3243 pronuntiare
3488 3187 3613 3244 qua:

290 3262 389 3315 καὶ
412 3260 687 3331 δαμάλεσι
716 3263 1183 3333 προσκυνοῦντες,
1229 3266 1324 3320 καὶ
1365 3269 1468 3337 τὴν
1499 3267 1698 3340 λοιπὴν
1725 3270 1894 3324 εὐτα-

290 3349 414 3417 ξίαν
451 3352 742 3418 δοκοῦντες
765 3354 1088 3424 φυλάττειν,
1118 3357 1170 3411 εί
1210 3357 1305 3412 καὶ
1331 3361 1673 3431 παρανόμως
1695 3377 1710 3392 ·
1743 3356 1896 3417 οὗτοι

289 3443 351 3497 δε
394 3442 495 3514 τὴν
523 3444 752 3500 ἐκείνων
792 3448 995 3501 κακίαν
1044 3449 1405 3521 ὑπερέϐησαν
1440 3455 1506 3523 τῇ
1546 3456 1893 3527 παρανομίᾳ.

365 3538 442 3589 Οὐ
475 3539 585 3609 γάρ
641 3541 991 3611 συνεχώρουν
1048 3541 1145 3594 τὸν
1198 3542 1493 3612 παράρτοῦ
1533 3544 1675 3599 Θεοῦ
1726 3547 1896 3616 φόϐον

290 3627 589 3695 ἱγκαθίσαι
620 3631 692 3701 τῇ
726 3630 941 3703 διανοίᾳ
960 3631 1071 3686 τῶν
1105 3634 1421 3690 ἀκουόντων
1442 3651 1457 3668 ⁸
1488 3636 1591 3707 τὴν
1631 3638 1896 3695 ὑπόθεσιν

293 3721 481 3772 πᾶσαν
509 3718 606 3773 τοῦ
637 3722 900 3789 γενέσθαι
935 3724 1183 3793 βελτίους
1205 3726 1465 3797 ἀνῄρουν,
1496 3728 1593 3781 καὶ
1626 3731 1892 3801 κατεῖχον

292 3810 354 3862 ἂν
381 3812 449 3881 τῇ
480 3812 717 3885 πονηρίᾳ
746 3814 876 3878 τοὺς
895 3814 1223 3888 ἀνθρώπους
1253 3818 1533 3884 ἅπαντας.

360 3994 473 4047 Καί
501 3994 1160 4070 ἀντιλαμϐανομένους.

366 4086 444 4139 Οὐ
499 4086 685 4156 μόνον,
738 4091 912 4161 φησιν
938 4132 954 4158 ,
1013 4094 1115 4148 οὐκ
1175 4094 1499 4149 ενουθὲτουν
1565 4098 1894 4169 ἀνθρώπους
1982 4116 1989 4119 '

295 4176 429 4246 (ἀπὸ
458 4176 568 4249 γὰρ
596 4179 695 4235 τοῦ
734 4182 938 4254 μέρους
994 4185 1056 4239 τὸ
1085 4188 1196 4240 πᾶν
1250 4188 1549 4262 ἐσήμανεν)
1610 4192 1895 4265 ἀποστρὲ-

293 4287 419 4340 φειν
440 4274 551 4330 ἀπὸ
576 4275 689 4328 τῶν
740 4277 1042 4346 πονηριῶν,
1077 4279 1217 4332 ἀλλά
1253 4282 1350 4336 καὶ
1402 4283 1753 4354 συνηγόρουν
1787 4286 1892 4338 αὐ-

290 4363 430 4429 τοῖς,
462 4364 539 4431 ώς
566 4367 635 4420 ἐκ
666 4366 858 4421 τούτου
905 4371 1111 4440 μᾶλλον
1144 4372 1529 4443 ἐπιτρίϐεσθαι
1563 4375 1766 4442 αὐτοὺς
1793 4380 1883 4443 είς

294 4455 520 4512 κακίαν.

377 4547 788 4619 Ἐτενήθησιίν
800 4568 922 4621 μοι.

367 4638 505 4693 Τίνα
523 4641 623 4712 οὐχ
651 4641 815 4697 litavit
846 4643 1141 4701 παιδεῦσαι
1171 4646 1361 4701 ἐκεῖνα
1384 4665 1397 4715 ;
1429 4645 1607 4713 οὕτως
1632 4650 1888 4722 ἀτερπὴς

294 4732 394 4786 καὶ
436 4732 650 4804 φοϐερά
703 4735 737 4805 ἡ
786 4734 912 4804 ὄψις
946 4737 1049 4806 τῆς
1110 4738 1236 4807 γῆς,
1272 4740 1530 4811 καθάπερ
1591 4741 1756 4813 σῶμα
1804 4743 1898 4797 διά

294 4823 505 4888 ⁴παντὸς
534 4827 1033 4899 ἐμπεπρησμένον.

368 4912 477 4968 Διά
501 4913 704 4969 τοῦτο.

370 5007 510 5079 οὐχὶ
562 5010 629 5079 τῇ
695 5008 878 5078 φύσει,
944 5010 1083 5065 ἀλλά
1133 5015 1199 5085 τῇ
1246 5014 1491 5069 διαθισει
1542 5017 1894 5088 προϊέμενον.

299 5100 473 5153 Ὅταν
504 5097 604 5169 μὲν
627 5098 738 5170 γάρ
767 5100 908 5172 αὐτῇ
938 5104 1003 5173 τῇ
1037 5102 1200 5171 φύσει
1241 5108 1438 5176 πικρὸν
1467 5102 1524 5177 ᾖ,
1558 5107 1764 5170 πολλὰς
1812 5108 1894 5163 ενι

300 5190 661 5260 παραμυθίας
685 5189 887 5260 εὑρεῖν,
919 5193 1014 5245 καὶ
1032 5194 1233 5257 τόπους
1260 5195 1590 5267 ἀμείϐομεν,
1618 5200 1714 5251 καὶ
1740 5199 1899 5271 παρά

296 5281 409 5335 τῶν
438 5280 677 5351 ἑχόντων
720 5283 1112 5351 ἀπολαϐόντες,
1150 5286 1247 5339 καὶ
1288 5286 1477 5357 ἕτερόν
1513 5306 1567 5341 τι
1617 5291 1896 5361 προσάγοι

301 5390 425 5443 μιν.
465 5373 638 5427 Ὅταν
670 5373 730 5427 δὲ
759 5373 895 5429 αὐτὸ
922 5376 985 5428 τὸ
1003 5375 1367 5447 αἰσθητήριον
1396 5378 1801 5451 διεφθαρμένον
1832 5380 1887 5457 ᾖ,

298 5466 526 5538 οὐδεμία
559 5464 748 5519 λοιπὸν
794 5465 939 5530 facit;
989 5469 1127 5522 ἐστι.
1159 5468 1381 5524 Βέλτιον
1420 5470 1516 5526 οὖν
1556 5473 1658 5535 τὰς
1686 5473 1893 5544 αἰσθή-

302 5576 418 5625 σεις
460 5560 754 5630 ὑγιαίνειν,
799 5560 834 5629 ἢ
888 5560 959 5615 τά
1010 5564 1252 5633 στοιχεῖα
1291 5563 1465 5635 πικρά
1524 5563 1654 5619 ὅταν
1694 5563 1896 5638 [avra]

303 5650 425 5722 μεθ’
462 5650 661 5705 ἑαυτοῦ
691 5652 966 5724 περιφέρῃ
992 5650 1390 5725 [ηπεριφέρεινῖ.

372 5746 497 5799 Ὅτι
522 5744 641 5799 ἀπὸ
670 5744 789 5799 τῶν
808 5746 1141 5815 προφητῶν
1183 5748 1607 5819 Ἰερουσαλήμ.

373 5834 546 5890 Πάλιν
593 5835 698 5907 τὴν
736 5836 917 5891 αἰτίαν
958 5837 1175 5909 τίθησιν
1203 5855 1215 5869 ·
1269 5842 1370 5892 οὐκ
1421 5840 1661 5910 ἤρκεσεν
1710 5842 1894 5907 αὐτοῖς

2003 3269 2283 3335 dicebant,
2311 3282 2437 3324 cum
2475 3275 2532 3323 et
2575 3281 2735 3321 aram
2788 3266 3082 3332 haberent,
3139 3274 3198 3321 et
3249 3265 3456 3320 vitulos
3484 3266 3620 3320 ado-

2003 3372 2212 3429 rarent,
2260 3370 2317 3419 et
2365 3360 2578 3432 reliqua
2625 3374 2873 3431 congruo
2916 3359 3114 3415 ordine
3154 3356 3375 3415 tametsi
3419 3368 3617 3414 contra

1997 3457 2091 3524 jus
2139 3454 2334 3524 fasque
2394 3460 2719 3520 servarent;
2766 3451 2824 3507 hi
2863 3461 3063 3507 autem
3105 3465 3299 3507 eorum
3347 3450 3616 3507 malitiam

2006 3545 2284 3616 impietate
2309 3544 2647 3614 superarint.

2072 3637 2211 3691 Nam
2243 3652 2349 3693 non
2386 3636 2785 3706 permittebant
2820 3644 2882 3689 ut
2931 3635 2989 3690 in
3033 3633 3234 3689 animis
3274 3632 3616 3689 audientium

2002 3728 2100 3783 Dei
2128 3729 2293 3785 timor
2316 3736 2502 3798 ageret
2520 3726 2761 3791 radices,
2781 3727 3112 3781 occasiones
3129 3739 3323 3781 omnes
3352 3741 3449 3795 per
3478 3740 3617 3794 quas

2005 3820 2081 3876 illi
2115 3820 2402 3891 probiores
2432 3818 2754 3885 evaderent,
2803 3817 2905 3887 ipsi
2956 3816 3247 3883 tollebant,
3306 3830 3616 3888 omnesque

2005 3912 2257 3967 homines
2308 3913 2361 3967 in
2403 3911 2759 3981 improbitate
2796 3910 3144 3968 detinebant.

2080 4001 2151 4057 Et
2170 4002 2544 4072 suscipientes.

2077 4091 2194 4149 Non
2231 4105 2469 4159 tantum,
2526 4094 2623 4160 ait,
2665 4093 2919 4149 homines
2962 4108 3075 4149 non
3115 4094 3464 4150 instruebant
3514 4095 3614 4167 (es

2003 4195 2163 4257 parte
2183 4188 2330 4241 enim
2364 4196 2535 4242 totum
2570 4185 2892 4257 expressit),
2936 4195 2996 4242 ut
3018 4196 3337 4243 averterent
3370 4202 3432 4243 se
3471 4204 3501 4243 a
3526 4207 3607 4243 nev

2003 4278 2220 4347 qnitiis;
2249 4277 2346 4334 sed
2370 4288 2426 4333 et
2450 4276 2559 4333 illis
2588 4286 2751 4348 onem
2784 4276 3062 4344 ferebant,
3115 4287 3176 4335 ut
3206 4288 3495 4350 propterea
3530 4281 3606 4336 illi

2004 4371 2177 4439 magis
2222 4370 2278 4425 in
2332 4368 2687 4439 improbitate
2708 4370 3075 4441 fprolicerent.

1926 4566 1974 4622 ι)
2074 4553 2232 4609 Facti
2273 4565 2397 4611 sunt
2443 4555 2597 4613 mihi.

2066 4646 2240 4714 Quem
2277 4646 2371 4701 illa
2403 4661 2513 4703 non
2558 4647 2884 4705 erndirent?
2914 4650 2989 4705 ita
3025 4652 3206 4707 tristis
3249 4652 3612 4723 iniucundus-

2002 4753 2112 4809 que
2140 4749 2303 4793 terra:
2324 4749 2607 4809 aspectus,
2652 4750 2917 4813 tanquam
2962 4759 3165 4815 corpus
3191 4746 3342 4802 omni
3362 4762 3429 4802 ex
3460 4758 3613 4818 parte

2002 4830 2368 4888 combustum.

2076 4922 2244 4979 Vsus.
2278 4924 2368 4980 15.
2409 4924 2701 4997 Propterea
2751 4930 2889 4986 hac.

2073 5013 2191 5070 Non
2230 5026 2446 5084 natura,
2507 5019 2602 5074 sed
2650 5036 2719 5076 ex
2780 5020 2980 5077 affectu
3036 5023 3441 5093 abjicicntem:
3487 5042 3615 5084 cum

2002 5105 2148 5160 enim
2170 5120 2364 5177 suapte
2394 5120 2592 5165 natura
2616 5126 2807 5166 amara
2842 5125 2947 5179 est,
2980 5115 3150 5170 multa
3187 5117 3311 5172 licet
3340 5119 3611 5175 adhibere

2002 5199 2281 5267 remedia;
2308 5208 2366 5254 et
2392 5200 2513 5257 loca
2558 5213 2866 5275 mutamus,
2895 5215 2953 5261 et
2982 5206 3052 5262 ab
3076 5208 3418 5265 habentibus
3466 5212 3614 5267 acci-

2003 5290 2207 5358 pimus,
2226 5300 2283 5347 et
2314 5292 2463 5349 aliud
2494 5295 2778 5364 quidpiam
2810 5299 3168 5355 assumimus.
3207 5301 3440 5367 Quando
3473 5318 3609 5370 vero

2004 5384 2311 5439 sensorium
2347 5385 2526 5453 ipsum
2549 5394 2870 5458 corruptum
2902 5399 3005 5456 est,
3025 5407 3196 5447 ornne
3236 5396 3609 5451 medicamen-

2005 5480 2117 5525 tum
2168 5471 2357 5526 inutile
2401 5483 2508 5529 est.
2553 5473 2743 5530 Melius
2786 5477 2971 5547 itaque
3032 5490 3117 5533 est
3162 5496 3359 5535 sensus
3402 5484 3610 5540 habere

2004 5578 2190 5628 sanos,
2220 5579 2384 5633 quam
2416 5566 2687 5622 elementa
2720 5585 2908 5623 ainara
2946 5585 3137 5627 sccqu
3181 5574 3419 5630 deferre.

2076 5752 2214 5814 Quia
2262 5769 2293 5803 ιι
2331 5751 2601 5821 prop/telis
2634 5751 2961 5811 Jerusalem.

2078 5843 2287 5899 Rursus
2309 5859 2530 5899 causam
2555 5847 2810 5917 proponit
2838 5864 2851 5901 :
2890 5864 3000 5905 non
3027 5848 3129 5905 fuit
3161 5851 3267 5908 illis
3291 5852 3427 5907 satis
3458 5857 3603 5909 mala
