4226 6454
741 399 844 454 9η

1541 400 2105 458 SUPPLEMENTUM
2163 402 2255 458 AD
2292 403 2351 460 8.
2393 402 2444 459 J.
2480 403 2975 462 CllRYSOSTOMI
3016 406 3270 464 OPERA.

3896 402 3993 458 948

739 516 792 568 iu
819 514 1043 571 civitate
1076 515 1398 583 diﬁundere,
1445 518 1542 574 sed
1572 527 1629 574 ct
1650 533 1840 575 eorum
1870 534 1991 590 qua:
2034 517 2124 575 alii
2168 518 2312 590 passi
2343 521 2390 580 Δ

2343 521 2390 580 Δ
2421 519 2585 591 μέχρι
2613 522 2711 594 τῆς
2740 521 2952 586 πόλεως
2989 522 3188 593 στῆσαι
3229 521 3300 574 τά
3334 515 3506 582 δεινὰ,
3555 517 3694 572 ἀλλά
3751 517 3846 570 καὶ
3887 515 3989 571 τῶν

734 614 885 672 sunt,
917 607 1018 676 ipsi
1052 607 1200 663 fuere
1233 618 1503 666 auctores.

803 697 970 755 Vsus.
1007 699 1094 755 l6.
1124 701 1216 756 Sic
1246 701 1372 756 dicit
1413 702 1696 760 Dominus.

807 791 899 846 Hae
931 793 1219 848 sententiae
1271 803 1446 850 sunt:
1497 797 1791 862 undenam,
1842 809 2047 865 quaso,
2095 794 2314 864 liquet?

737 883 863 950 quia
893 879 1027 939 falsa
1056 884 1281 954 dicunt;
1310 887 1436 957 quis
1464 888 1686 943 malitia
1717 887 1940 955 favent;
1969 887 2096 958 quia
2131 888 2312 960 segni-

738 973 864 1027 tiem
901 983 1123 1046 augent.

811 1063 979 1119 Vsus.
1013 1065 1102 1121 18.
1137 1063 1398 1130 Quoniam
1429 1067 1545 1138 quis
1584 1078 1657 1123 est
1692 1069 1749 1124 in
1788 1069 2086 1124 substantia
2110 1066 2232 1136 Dei,
2263 1076 2314 1122 et

733 1155 891 1220 uidit,
913 1164 963 1208 et
991 1155 1193 1209 audit-it
1221 1172 1510 1213 serntonem
1533 1158 1646 1226 eius
1670 1159 1696 1212 .9

805 1246 920 1302 Hoc
945 1259 1050 1315 est,
1077 1248 1201 1317 quis
1227 1262 1416 1304 eorum
1452 1252 1544 1320 qui
1583 1266 1644 1305 se
1697 1260 2040 1322 anteponunt
2078 1251 2312 1320 prophe-

735 1339 825 1403 tis,
845 1339 1080 1392 divinam
1112 1341 1220 1395 vim
1252 1341 1493 1409 pertulit,
1523 1353 1574 1395 et
1606 1341 1812 1413 Spiritu
1839 1353 2032 1398 sancto
2064 1344 2315 1414 dignatus

732 1428 850 1484 haec
875 1430 1087 1486 locutus
1115 1431 1231 1486 est?
1255 1432 1409 1500 quasi
1440 1433 1648 1488 diceret
1680 1451 1693 1486 :
1729 1435 1914 1490 liebus
1951 1434 2082 1504 ipsis
2121 1433 2315 1487 divinae

733 1521 998 1576 voluntati
1049 1524 1368 1578 resistentes
1421 1526 1820 1592 ostenduntur,
1864 1540 1986 1580 cum
2018 1524 2160 1579 veris
2199 1538 2315 1591 pro-

733 1612 913 1682 phetis
967 1627 1027 1669 se
1080 1623 1392 1684 opponant,
1439 1626 1797 1687 c00perantes
1836 1615 2106 1672 idolorum
2154 1614 2316 1671 obse-

733 1703 896 1772 quiis.

803 1795 918 1849 Hoc
947 1803 1055 1863 est,
1111 1797 1236 1866 quis
1275 1797 1445 1853 Deum
1479 1799 1666 1854 videre
1704 1798 1925 1868 potest?
1952 1798 2315 1869 Symmachus

2415 612 2624 685 ἑτέροις
2655 614 2984 684 συμϐάντων
3012 614 3169 668 αὐτοὶ
3200 613 3491 683 γεγόνασιν
3521 611 3706 666 αῐτιοι.

2479 706 2643 760 Οὕτω
2670 707 2833 778 λέγει
2858 709 3094 776 Κύριος.

2487 797 2672 852 Ταῦτα
2702 798 3011 868 ἀποφάσεις
3033 798 3162 853 είσί·
3186 798 3373 866 πόθεν,
3395 798 3518 852 sine
3556 815 3669 870 μοι,
3701 795 3884 867 δῆλον;
3914 796 3992 848 ὅτι

2413 889 2585 960 ψευδῆ
2618 891 2890 960 λέγουσιν,
2922 893 3005 947 ὅτι
3058 894 3208 948 κακά
3249 891 3652 956 ἐπιτείνουσιν,
3697 889 3780 943 ὅτι
3830 888 3992 960 ρᾳθυ-

2417 981 2547 1050 μίαν
2585 980 2863 1047 αῦξουσιν.

2487 1075 2506 1095 ⁶
2536 1070 2670 1125 ὀτι
2708 1073 2802 1138 τίς
2847 1073 2997 1139 ἔστη
3030 1070 3102 1126 ἐν
3165 1069 3551 1141 ὐποστήματι
3597 1068 3845 1140 Κυρίου,
3896 1066 3995 1120 καὶ

2414 1154 2559 1225 side,
2591 1160 2690 1213 καί
2722 1160 2953 1229 ἤκουσε
2974 1157 3096 1214 τῶν
3120 1159 3320 1231 λόγων
3353 1158 3584 1225 αὑτοῦ;

2487 1251 2768 1317 Τουτέστι,
2830 1251 2917 1316 τίς
2958 1250 3166 1304 τούτων
3210 1251 3323 1305 τῶν
3385 1250 3818 1320 ἐναντιουμένων
3881 1250 3994 1310 τοῖς

2417 1343 2729 1412 προφήταις
2761 1341 3016 1412 ἀνέμεινε
3072 1341 3225 1395 θείαν
3272 1341 3582 1412 ἐνέργειαν,
3620 1343 3713 1394 κα)⁵
3741 1339 3994 1407 ἀξιωθεὶς

2415 1432 2737 1501 Πνεύματος
2766 1431 2995 1500 ἐλάλησε
3017 1432 3193 1486 ταῦτα
3216 1449 3232 1499 ;
3260 1431 3346 1485 ἴνα
3371 1433 3522 1505 εῐπῃ,
3559 1431 3650 1498 Ἐξ
3677 1430 3856 1485 αὐτῶν
3885 1430 3992 1482 τῶν

2416 1524 2762 1593 πραγμάτων
2796 1524 3106 1577 δείκνυνται
3150 1526 3450 1596 μαχόμενοι
3486 1523 3565 1594 τῷ
3610 1523 3741 1594 θείῳ
3796 1523 3991 1594 βουλή-

2419 1633 2571 1686 ματι,
2606 1617 2688 1672 ὅτι
2737 1619 2848 1681 τοῖς
2913 1618 3143 1687 ἀληθέσι
3190 1621 3502 1690 προφήταις
3535 1617 3801 1688 μάχονται
3851 1633 3992 1686 συμ-

2417 1708 2750 1778 πράττοντες
2781 1711 2846 1780 τῇ
2877 1708 2986 1761 τῶν
3013 1707 3252 1762 είδὼλων
3285 1708 3572 1779 θεραπείᾳ.

2489 1795 2770 1860 Τουτέστι,
2809 1796 2893 1860 τίς
2919 1795 3142 1851 δύναται
3177 1795 3270 1849 τὸν
3303 1795 3439 1849 Θεὸν
3492 1795 3659 1861 ίδεῖν;
3693 1793 3993 1864 Σύμμαχός

733 1886 840 1940 ait:
869 1886 1000 1952 Quis
1021 1887 1159 1942 enim
1176 1888 1332 1956 affuit
1355 1888 1412 1941 in
1429 1890 1670 1953 consilio,
1689 1901 1734 1943 et
1755 1889 1872 1958 quis
1897 1889 2097 1942 audiuit
2121 1889 2146 1942 ἲ
2167 1888 2308 1955 Quo-
2341 1879 2384 1934 Β

2341 1879 2384 1934 Β
2415 1904 2549 1957 φησι
2574 1903 2588 1917 ο
2616 1888 2713 1954 Τίς
2734 1888 2845 1959 γὰρ
2860 1887 3064 1957 παρῆν
3079 1889 3151 1942 ἐν
3171 1888 3394 1957 ὁμιλία,
3415 1888 3514 1942 καί
3535 1888 3628 1953 τίς
3647 1885 3715 1940 δὲ
3731 1886 3990 1955 ἦκουσσ;

732 1993 858 2032 nam
910 1979 1075 2047 igitur
1114 1981 1276 2034 modo
1303 1993 1398 2034 vos
1441 1980 1660 2035 audisse
1696 1981 2064 2035 asseveratis?

805 2068 970 2124 Vsus.
1013 2070 1103 2124 22.
1147 2070 1302 2136 Quod
1335 2073 1381 2125 si
1420 2071 1681 2126 stetissent
1709 2071 1764 2126 in
1790 2072 2110 2132 substantia,
2134 2081 2181 2125 et
2213 2089 2311 2125 au-

731 2159 930 2213 dissent
985 2162 1136 2214 verba
1190 2176 1344 2226 mea,
1398 2161 1772 2215 instruxissent
1827 2161 2006 2231 utique
2054 2162 2306 2230 populum

731 2266 926 2314 meum,
951 2260 999 2304 et
1033 2252 1343 2305 avertissent
1382 2269 1415 2305 a
1452 2253 1536 2306 uia
1571 2269 1753 2307 eorum
1779 2268 1964 2322 prava.

809 2343 923 2398 lloc
956 2354 1059 2408 est,
1118 2344 1179 2398 Si
1233 2344 1620 2415 perdurassent
1675 2344 1728 2398 in
1787 2344 1996 2414 legibus
2045 2345 2219 2410 meis,
2257 2353 2314 2398 et

735 2449 911 2489 meam
935 2436 1166 2504 gratiam
1186 2443 1585 2507 exspectarent,
1629 2435 1814 2506 utique
1847 2436 2103 2507 populum
2136 2437 2312 2508 pieta-

733 2535 840 2581 tem
872 2527 1182 2582 edocerent.

802 2616 919 2672 Non
953 2617 1237 2673 minimum
1267 2618 1523 2675 indicium
1551 2636 1564 2673 :
1588 2633 1696 2674 non
1731 2631 2070 2689 quaecunque
2123 2615 2308 2687 regula

733 2711 1050 2777 prophetam
1084 2717 1138 2764 et
1161 2710 1686 2781 pseudoprophetam
1713 2709 2019 2765 constituit.

805 2799 1009 2855 'Vens.
1049 2800 1141 2855 25.
1210 2801 1352 2856 Deus
1396 2803 1822 2871 appropinquans
1855 2817 1949 2871 ego
2006 2816 2147 2864 sunt,
2178 2800 2312 2853 dicit

737 2890 1015 2954 Dominus,
1071 2900 1120 2944 et
1172 2907 1274 2945 non
1314 2891 1452 2946 Deus
1500 2894 1565 2945 de
1624 2891 1796 2960 longe.
1851 2888 1911 2944 Si
1957 2889 2313 2943 abscondetur

735 2984 891 3036 homo
924 2983 978 3034 in
1018 2982 1380 3050 absconditis,
1421 2991 1472 3036 et
1508 2999 1600 3052 ego
1645 2998 1750 3036 non
1774 2981 1959 3036 videbo
1996 2997 2137 3046 eum,
2180 2981 2310 3033 dicit

734 3073 816 3127 Do
826 3074 996 3128 minus
1011 3077 1036 3129 ?

806 3165 921 3220 Hoc
949 3174 1055 3230 est,
1085 3165 1373 3234 loquentes
1401 3180 1520 3235 quae
1556 3164 1796 3234 jucunda
1830 3172 1978 3229 sunt,
2034 3167 2307 3234 decipere,

2416 1979 2539 2043 Πῶς
2560 1974 2654 2033 οὖν
2688 1979 2846 2049 ὑμεῖς
2873 1979 3061 2048 λέγετε
3099 1979 3397 2048 ἀκηκοέναι
3431 1995 3445 2038 ;

2483 2071 2503 2091 '
2526 2068 2636 2125 Kal
2664 2070 3006 2137 διέστησαν
3023 2069 3095 2122 ἐν
3114 2066 3189 2137 τῇ
3206 2067 3565 2130 ὑποστάσει,
3588 2067 3685 2120 καὶ
3713 2065 3992 2134 ἤκουσαν

2413 2161 2535 2215 τῶν
2561 2161 2760 2231 λόγων
2778 2177 2921 2230 μου.
2951 2159 3278 2213 ἐδίδασκον
3301 2157 3378 2213 ἂν
3411 2158 3520 2212 τὸν
3539 2158 3694 2211 λαόν
3720 2175 3859 2226 μου,
3892 2156 3993 2211 καί

2412 2251 2798 2321 ἀπέστρεφον
2827 2249 2948 2305 ἀπὸ
2977 2249 3088 2319 τῆς
3124 2248 3272 2304 ὁδοῦ
3318 2245 3520 2303 αὐτῶν
3568 2246 3673 2315 τῆς
3699 2248 3990 2315 πονηρᾶς.

2486 2343 2801 2409 Τουτέστιν,
2829 2342 2894 2395 Ei
2923 2341 3179 2411 ἐνέμενον
3227 2344 3341 2404 τοῖς
3383 2341 3537 2412 ἐμοῖς
3583 2340 3857 2411 νομίμοις,
3899 2340 3991 2394 καὶ

2415 2433 2514 2504 τὴν
2563 2435 2691 2504 παρ’
2721 2434 2856 2503 ἐμοῦ
2906 2433 3066 2504 χάριν
3099 2430 3386 2502 ἀνέμενον,
3440 2430 3659 2493 πάντως
3715 2429 3780 2484 ἂν
3836 2427 3991 2481 εὐσέ-

2415 2523 2566 2577 ϐειαν
2589 2522 2682 2574 τὸν
2710 2521 2840 2575 λαδν
2868 2521 3169 2575 ἐδίδασκον.

2482 2614 2556 2669 Οὐ
2595 2615 2794 2686 μικρὸν
2821 2614 3162 2685 τεκμήριονο
3214 2612 3314 2683 οὐχ
3363 2613 3392 2665 ό
3419 2611 3598 2682 τυχὼν
3643 2610 3825 2665 κανὼν
3867 2611 3991 2682 ὅρος

2416 2705 2756 2776 προφητείας
2788 2705 2882 2758 καὶ
2904 2702 3434 2773 ψευδοπροφητείας.

2488 2801 2502 2817 ⁸
2549 2796 2694 2859 Θεὸς
2735 2793 2977 2862 ἐγγίζων
3027 2791 3142 2860 ἐγώ
3190 2794 3340 2856 ειμι,
3394 2791 3559 2860 λέγει
3609 2790 3843 2857 Κύριος,
3892 2786 3991 2842 καὶ

2413 2887 2552 2955 οὐχι
2590 2886 2736 2951 Θεὸς
2781 2885 3104 2953 πόρρωθεν.
3149 2883 3526 2951 Κρυϐήσεται
3569 2881 3879 2948 ἅνθρωπος
3921 2877 3994 2931 ἐν

2414 2975 2712 3044 κρυφίοις,
2747 2974 2845 3028 καὶ
2882 2973 2998 3043 ἐγὼ
3026 2974 3137 3028 οὐκ
3172 2971 3395 3041 ὄψομαι
3426 2970 3633 3036 αὑτὸν,
3675 2968 3832 3038 φησι
3870 2967 3992 3021 Κύ-

2405 3085 2538 3137 ριος
2566 3084 2587 3132 ;

2486 3159 2773 3224 Τουτέστι,
2815 3157 2953 3214 Καθ’
3011 3155 3208 3228 ἡδονὴν
3265 3152 3346 3226 τῷ
3409 3151 3608 3226 πλήθει
3667 3151 3991 3219 λαλοῦντες,

731 3265 788 3308 et
818 3270 846 3308 a
874 3255 960 3309 via
989 3255 1276 3311 traducere
1303 3269 1398 3311 eos
1420 3255 1757 3322 excogitant,
1788 3261 1844 3309 ct
1869 3255 1936 3308 Iis
1959 3255 2049 3322 qui
2079 3254 2307 3309 istorum
2339 3243 2381 3268 ν

2339 3243 2381 3268 ν
2415 3251 2632 3322 ἀπατᾷν
2665 3250 2864 3312 αὐτοὺς
2899 3246 3214 3316 ἐνομίζετεο
3250 3247 3346 3300 καὶ
3377 3246 3504 3308 τοὺς
3533 3243 3634 3296 ούκ
3667 3243 3878 3306 εἰδότας
3910 3245 3991 3305 είς

739 3346 910 3414 ignari
943 3355 1071 3401 sunt
1119 3346 1173 3401 in
1207 3345 1576 3417 suspicionem
1629 3345 1792 3414 agitis
1825 3353 2084 3414 tanquam
2134 3361 2164 3399 a
2223 3360 2314 3400 me

2418 3343 2653 3413 ὑποψίαν
2683 3343 2866 3410 ἀγετε,
2897 3341 2974 3403 ὡς
2999 3340 3133 3407 παρ’
3161 3337 3297 3408 ἐμοῦ
3329 3335 3807 3404 ἀποστελλόμενοι.
3839 3332 3989 3393 Διατε

737 3438 914 3492 missi.
943 3437 1124 3504 Quare
1179 3452 1356 3493 meam
1413 3437 1598 3492 animo
1636 3452 1744 3492 non
1788 3437 2106 3508 dignitatem
2137 3437 2314 3492 volui-

2420 3435 2494 3507 μὴ
2520 3433 2805 3504 λογίζεσθε
2835 3433 2935 3503 τὴν
2981 3431 3122 3502 ἐμὴν
3155 3429 3333 3496 ἀξίαν,
3376 3430 3451 3492 ὡς
3483 3429 3699 3498 ἑκάστῳ
3737 3428 3989 3498 πάρειμι,

738 3529 861 3593 stis,
897 3527 1042 3598 quod
1085 3528 1284 3598 cuique
1318 3527 1516 3593 adsim,
1568 3528 1642 3582 ita
1680 3536 1741 3583 ut
1769 3528 2006 3594 videam,
2042 3540 2143 3582 nec
2173 3527 2315 3582 sicut

2417 3527 2557 3582 ὥστε
2586 3529 2682 3581 καὶ
2703 3525 2774 3579 τά
2811 3523 3157 3596 βουλεύματα
3181 3521 3412 3586 είδὲναι;
3444 3524 3538 3575 καὶ
3560 3521 3680 3590 οὐχὶ
3702 3521 3846 3573 κατά
3867 3519 3992 3583 τοὺς

740 3620 985 3674 homines
1011 3621 1254 3689 ignorem
1293 3635 1413 3689 quis
1441 3619 1779 3689 operamini;
1820 3619 2039 3674 tametsi
2093 3618 2251 3689 longe
2281 3633 2310 3672 a

2415 3616 2739 3689 ἀνθρώπους
2770 3611 3053 3685 πόρρωθεν
3101 3609 3176 3663 ὢν
3219 3609 3329 3663 τῶν
3362 3607 3646 3678 ὑμετέρων
3682 3606 3991 3674 λογισμῶν,

737 3709 935 3765 vestris
962 3711 1062 3764 sint
1101 3710 1544 3781 cogitationibus.
1576 3709 1710 3777 Quis
1739 3719 1821 3765 est
1853 3711 1998 3764 enim
2040 3724 2104 3765 ex
2158 3711 2312 3764 vobis

735 3801 828 3870 qui
866 3809 1046 3855 mente
1083 3799 1287 3869 aliquid
1337 3799 1652 3866 meditetur,
1688 3800 1832 3870 quod
1883 3809 1938 3854 et
1969 3815 2055 3853 me
2091 3799 2309 3870 fugiat?

737 3888 787 3942 id
814 3888 1014 3958 quippe
1047 3887 1256 3941 iudicat
1290 3904 1304 3942 :
1339 3886 1402 3942 Si
1430 3888 1781 3942 abscondetur
1807 3888 1965 3942 homo
1996 3889 2053 3941 in
2083 3890 2308 3941 abscon-

735 3980 879 4044 ditis,
921 3987 970 4033 et
992 3995 1086 4048 ego
1122 3995 1226 4032 non
1254 3978 1435 4032 videbo
1461 3994 1577 4033 eum
1607 3981 1632 4032 ?
1659 3975 1769 4034 hoc
1787 3988 1891 4044 est,
1918 3979 1964 4034 si
2002 3981 2054 4033 in
2079 3979 2315 4033 abscon-

736 4072 850 4126 dito
934 4071 1137 4140 proprii
1210 4071 1411 4140 aliquid
1467 4071 1743 4127 occultare
1794 4071 1946 4142 cupit
2012 4071 2301 4141 cogitatus,

739 4175 1024 4229 meamque
1048 4160 1213 4215 lateat
1244 4160 1539 4216 notitiam?

805 4250 961 4318 Quod
1000 4266 1094 4306 eos
1124 4251 1192 4306 ad
1226 4251 1522 4322 pravitates
1547 4251 1912 4322 compulerint
1958 4252 2091 4307 scio.
2127 4251 2314 4308 Unde-

739 4343 905 4395 nam?
956 4341 1204 4396 Prassens
1225 4357 1329 4412 ego
1381 4357 1524 4406 sum,
1584 4343 1785 4412 ubique
1836 4345 2054 4398 adsum.
2099 4343 2232 4398 Nam
2265 4345 2312 4399 si

739 4434 1014 4503 prophetis
1054 4448 1159 4487 non
1187 4434 1545 4502 praesentibus
1569 4433 1662 4487 dat
1694 4448 1837 4502 saepe
1882 4435 1998 4503 ipse
2032 4443 2090 4489 ut
2138 4437 2315 4491 sciant

2414 3708 2592 3778 ἀγνοῶ
2620 3707 2656 3762 ἃ
2686 3706 2977 3778 πράττετε.
3008 3703 3104 3767 Τίς
3157 3702 3266 3772 γάρ
3296 3703 3444 3753 ἐστιν
3473 3701 3532 3766 ἐξ
3558 3699 3733 3770 ὑμῶν,
3761 3699 3820 3762 ὃς
3850 3699 3994 3753 κατά

2418 3800 2614 3872 βουλήν
2643 3817 2696 3853 τι
2737 3797 3032 3852 σκέπτεται
3053 3835 3068 3861 ,
3105 3796 3199 3848 καὶ
3231 3791 3484 3846 λανθάνει
3516 3792 3647 3861 ἐμέ;
3694 3790 3852 3844 τοῦτο
3885 3791 3994 3860 γάρ

2419 3889 2635 3962 μηνύει,
2660 3890 2730 3943 EI
2749 3885 3111 3956 κρυϐήσεται
3137 3883 3450 3950 ἅνθρωπος
3477 3881 3546 3934 ἐν
3573 3882 3864 3949 κρυφίοις,
3895 3880 3995 3933 καὶ

2414 3981 2530 4051 ἐγὼ
2559 3983 2670 4036 οὐκ
2700 3979 2917 4048 ὄψομαι
2945 3977 3125 4032 αὐτόν
3152 3993 3172 4042 ;
3206 3974 3505 4036 τουτέστιν,
3541 3967 3577 4041 ἦ
3607 3975 3664 4025 ἐν
3689 3972 3995 4042 ἀποκρύφῳ

2415 4090 2500 4134 τις
2533 4071 2634 4136 τῆς
2673 4069 2870 4122 ἐαυτοῦ
2900 4069 3139 4130 διανοίας
3183 4065 3389 4136 κρύψαι
3421 4063 3700 4134 βούλεται,
3733 4067 3827 4118 καὶ
3865 4065 3994 4118 λαν-

2418 4162 2567 4217 θάνει
2592 4177 2694 4231 μου
2717 4159 2816 4230 τὴν
2845 4160 3063 4226 γνῶσιν;

2490 4254 2612 4308 Ὅτι
2657 4253 2738 4315 είς
2785 4250 3056 4321 πονηρίας
3100 4250 3301 4314 αὐτοὺς
3334 4251 3590 4320 ῶθησαν,
3635 4246 3773 4305 οῖδα.
3822 4248 3997 4303 Πόθεν

2416 4341 2563 4410 οἶδας
2612 4341 2811 4415 Παρὼν
2844 4342 2955 4410 ἐγώ
2999 4343 3148 4412 είμιο
3184 4344 3462 4414 πανταχοῦ
3501 4345 3753 4415 πάρειμι.
3793 4344 3854 4395 Ei
3887 4344 3996 4414 γὰρ

2415 4437 2527 4497 τοῖς
2559 4433 2634 4504 μὴ
2664 4431 2904 4505 παροῦσι
2937 4432 3250 4503 προφήυις
3278 4432 3495 4486 δίδωσιν
3525 4433 3725 4485 εἰδέναι
3756 4435 3824 4484 τά
3858 4450 3993 4484 παν-

738 4540 858 4594 qme
887 4526 1196 4595 ubicunque
1221 4534 1478 4596 aguntur,
1518 4525 1692 4580 multo
1718 4526 1890 4594 magis
1921 4526 2038 4595 ipse
2067 4527 2191 4582 scit.
2219 4527 2311 4582 .At
2344 4536 2389 4597 ι)

2344 4536 2389 4597 D
2415 4527 2583 4598 ταχοῦ
2634 4525 2926 4604 πολλάκις,
2960 4523 3141 4593 πολλῷ
3179 4523 3381 4594 μᾶλλον
3429 4523 3593 4586 αὐτὸς
3641 4519 3803 4577 οἶδεν.
3853 4522 3993 4576 Ἀλλ’

742 4631 848 4670 non
885 4617 1017 4670 dicit
1047 4617 1183 4683 hoc;
1222 4617 1339 4683 sed,
1373 4615 1514 4672 Deus
1535 4617 1970 4686 appropinquans
2029 4633 2121 4684 ego
2155 4633 2267 4670 sum
2295 4634 2312 4681 ;

743 4707 945 4777 ubique
979 4721 1218 4775 presens
1270 4722 1431 4775 sum;
1484 4709 1628 4778 quod
1664 4706 2032 4762 indubitatum
2061 4718 2148 4762 est
2177 4708 2318 4763 indi-

741 4800 905 4862 cium,
933 4798 1067 4854 nihil
1108 4799 1258 4854 illum
1288 4799 1524 4855 nescire.

809 4889 972 4944 Vens.
1015 4891 1108 4944 25.
1159 4891 1227 4944 Et
1258 4907 1362 4945 non
1392 4891 1530 4945 Deus
1558 4891 1622 4946 de
1651 4892 1820 4960 longe.

811 4982 985 5038 Sicuti
1034 4983 1179 5038 enim
1237 4981 1329 5037 lux

743 5076 904 5129 Deus.

816 5164 979 5220 Vens.
1020 5164 1113 5218 24.
1176 5161 1431 5233 Nunquid
1483 5179 1588 5218 non
1630 5163 1816 5218 coelum
1870 5177 1920 5220 et
1977 5177 2174 5220 terram
2225 5184 2318 5237 ego

747 5256 936 5325 impleo
959 5259 984 5312 2

813 5347 974 5413 Novi,
1031 5347 1223 5417 inquit,
1281 5349 1550 5416 quomodo
1584 5348 1903 5418 prophetias
1935 5359 2262 5421 componant
2302 5368 2316 5404 :

743 5435 1065 5505 suspicionis
1113 5436 1374 5490 indicium
1411 5445 1516 5502 est,
1547 5435 1749 5506 iniquis
1781 5438 1963 5508 iniqua
2007 5441 2316 5508 vaticinari,

743 5524 939 5578 deinde
966 5523 1012 5580 si
1049 5524 1376 5588 narraverit,
1408 5525 1650 5594 suspicio
1685 5526 1973 5581 manifesta
1997 5529 2125 5583 erit.

853 5615 1012 5669 Vsus.
1053 5613 1142 5667 28.
1180 5613 1319 5679 Quid
1351 5614 1505 5682 palea
1531 5615 1598 5667 ad
1627 5613 1886 5670 triticum?
1915 5619 1989 5670 ait
2015 5618 2270 5674 Dominus
2297 5620 2320 5673 ?

825 5705 1037 5774 Optime
1091 5705 1155 5760 ad
1224 5704 1686 5776 comparationem
1747 5709 2137 5776 prophetarum
2195 5725 2317 5763 cum

749 5798 1226 5867 pseudoprophetis
1252 5797 1352 5851 hoc
1394 5796 1674 5867 adjunxit;
1703 5799 1854 5867 quasi
1888 5799 2124 5855 diceret:
2162 5800 2317 5857 Nulla

1403 4983 1605 5052 ubique
1663 4999 1904 5054 presens
1955 4993 2060 5049 est,
2123 4983 2194 5038 ita
2265 4994 2319 5040 et

2415 4622 2477 4674 ού
2512 4600 2668 4688 λέγει’
2686 4617 2867 4682 τοῦτο,
2899 4616 3065 4680 ἀλλά,
3101 4616 3246 4682 Θεὸς
3278 4616 3520 4684 ἐγγίζων
3549 4615 3664 4684 ἐγὼ
3693 4619 3830 4684 εἰμι’
3865 4633 3998 4670 παν-

2415 4709 2582 4780 ταχοῦ
2627 4710 2881 4781 πάρειμι·
2915 4710 3052 4780 ὅπερ
3078 4707 3567 4779 ἀναμφισϐήτητον
3595 4708 3897 4779 τεκμήριον
3931 4704 3997 4779 ἦν

2417 4804 2509 4856 τοῦ
2543 4802 2718 4856 πάντα
2747 4801 2969 4855 ειδέναι.

2491 4896 2598 4948 Kal
2625 4893 2762 4962 οὐχὶ
2805 4892 2950 4957 Θεὸς
2975 4893 3297 4960 πόρῤωθεν.

2492 4985 2704 5055 Ὠσπερ
2732 4984 2840 5054 γάρ
2872 4983 2933 5036 τὸ
2963 4982 3078 5052 φῶς
3108 4983 3385 5054 πανταχοῦ
3419 4983 3704 5054 πάρεστιν,
3735 4981 3880 5036 οὕτω
3905 4983 3997 5038 καὶ

2419 5075 2447 5124 ὁ
2478 5074 2631 5138 Θεός.

2490 5164 2587 5233 Μὴ
2624 5165 2762 5234 οὐχὶ
2792 5164 2900 5218 τὸν
2928 5164 3191 5233 οὐρανὸν
3212 5164 3311 5220 καί
3339 5165 3452 5234 τὴν
3482 5163 3600 5235 γῆν
3617 5166 3732 5237 ἐγὼ
3761 5163 3996 5235 πληρῶς

2493 5343 2646 5413 Οἶδα,
2685 5347 2842 5417 φησὶ,
2875 5346 2992 5410 πῶς
3027 5347 3336 5401 συντιθέασι
3373 5349 3731 5419 προφητείας·
3769 5350 3999 5418 ὑποψίας

2422 5440 2722 5510 τεκμήριον
2759 5440 2818 5491 τὸ
2848 5439 2961 5500 τοῖς
2991 5441 3248 5510 πονηροῖς
3278 5439 3646 5510 προφητεύειν
3673 5440 3741 5493 τὰ
3766 5444 3996 5510 πονηράο

2422 5528 2538 5585 εἶτα
2570 5533 2662 5585 καὶ
2699 5531 2792 5585 ἐὰν
2823 5531 3173 5602 διηγήσηται,
3209 5533 3423 5602 φανερά
3454 5531 3628 5588 ἔσται.

2493 5622 2512 5643 ⁶
2550 5622 2608 5674 Τί
2636 5620 2702 5674 τὸ
2728 5619 2959 5689 ἄχυρον
2986 5618 3142 5687 πρὸς
3173 5619 3283 5673 τὸν
3327 5618 3521 5686 σῖτον,
3564 5620 3717 5689 φησι
3749 5620 4000 5690 Κύριος;

2494 5712 2693 5774 Καλῶς
2740 5714 2806 5782 τῇ
2851 5712 3139 5780 συγκρίσει
3185 5711 3294 5765 τῶν
3340 5712 3638 5782 προφητῶν
3692 5713 3829 5782 πρὸς
3875 5718 4000 5774 τοὺς

2425 5805 2876 5878 ψευδοπροφήτας
2927 5805 3171 5875 ἐπήγαγε
3205 5804 3364 5857 τοῦτο
3399 5807 3518 5858 ἀντὶ
3551 5803 3669 5874 τοῦ,
3710 5806 3998 5877 Σύγκρισις
