4226 6436
298 388 410 449 969

1416 389 1847 448 FRAGMENTA
1885 390 1956 448 ΙΝ
1992 392 2368 456 JEBEMIAM.

3499 397 3611 458 950

296 502 529 574 οὐδεμία
563 500 774 574 ἀχύρου
818 501 958 576 πρὸς
1010 503 1183 557 σῖτον.
1230 503 1291 558 '0
1341 511 1443 576 μὲν
1479 506 1591 577 γὰρ
1629 507 1887 579 τρόφιμός

2002 517 2341 587 comparatio
2356 526 2442 575 est
2458 518 2627 590 palea
2649 535 2771 576 cum
2798 520 3006 577 tritico.
3029 517 3145 576 Hoc
3168 535 3404 591 namque
3418 528 3608 593 aptum

301 596 441 660 ἰστι,
469 596 565 649 καὶ
595 596 739 668 πρὸς
767 594 1095 666 ἀνθρώπους
1126 594 1394 651 σύστασιν
1429 597 1699 654 συντελεῖ.
1734 599 1902 655 Οὐδὲν

297 688 361 741 δὲ
406 688 681 760 χρήσιμον
729 685 1042 759 ἀνθρώποις
1071 687 1299 761 ἄχυρον,
1350 688 1468 745 ἀλλ’
1500 690 1536 762 ἢ
1575 688 1899 763 ρίπτεταιή

298 777 514 846 ἀλόγων
540 777 716 850 τροφὴ
752 778 988 847 γίνεται.
1023 780 1204 847 Οὕτω,
1233 780 1389 852 φησὶ,
1422 781 1520 836 καὶ
1541 782 1653 837 τῶν
1681 799 1902 855 προφη-

297 869 416 924 τῶν
443 872 492 924 οί
526 870 676 939 λόγοι
717 871 984 943 τρέφουσι
1021 873 1225 945 ψυχάς.
1270 875 1347 929 Ού
1382 875 1491 947 μὴν
1524 877 1554 929 ὁ
1596 876 1757 945 λόγος
1786 876 1898 931 τῶν

296 958 769 1032 ψευδοπροφητῶν
793 962 1022 1018 δύναταί
1049 980 1104 1017 τι
1126 964 1402 1019 συντελεῖν
1425 965 1563 1037 πρὸς
1589 965 1782 1037 κέρδος
1804 966 1901 1020 ἀν·

300 1050 566 1123 θρὼπων,
602 1054 745 1126 πλὴν
771 1057 821 1110 εί
841 1057 915 1126 μή
947 1072 1002 1109 τι
1030 1058 1144 1121 τοῖς
1171 1055 1234 1121 ἐξ
1262 1056 1490 1125 ἀλογίας
1522 1056 1895 1127 πειθομένοις,

300 1144 666 1217 παραμυθίαν
708 1147 835 1201 τινά
886 1148 1145 1218 παρέχει,
1187 1148 1248 1202 οὐ
1270 1148 1495 1220 κέρδος,
1546 1150 1643 1203 καὶ
1672 1149 1895 1219 ἐπάγει,

302 1237 433 1307 Οὐχ
460 1236 669 1306 οὕτως*
697 1238 981 1295 τουτέστιν
1004 1239 1232 1311 οὐδεμία
1259 1238 1570 1312 σύγκρισις.

367 1519 389 1541 "
420 1521 488 1573 οι
530 1519 703 1590 λόγοι
737 1482 861 1590 μου
896 1518 1105 1589 ὥσπερ
1135 1520 1468 1592 «apparet
1504 1520 1761 1590 Κύριος,
1792 1518 1894 1575 καί

289 1609 375 1677 ὡς
409 1610 676 1679 πέλεκυς
696 1616 939 1667 κόπτων
970 1614 1221 1682 πέτραν.

360 1702 678 1766 Τουτέστιν,
720 1705 785 1759 Οἱ
829 1704 923 1759 διά
970 1704 1081 1759 τῶν
1131 1704 1434 1778 προφητῶν
1462 1704 1617 1775 λόγοι
1664 1701 1891 1775 ἀληθεῖς

288 1790 389 1845 καὶ
412 1791 699 1862 ἐνέργειαν
727 1791 970 1863 ἔχοντες.

375 1882 534 1940 Ἰδοὺ
559 1885 676 1954 ἐγὼ
703 1884 805 1940 διὰ
829 1885 1011 1940 τοῦτο
1037 1884 1192 1954 πρὸς
1225 1883 1372 1952 τοὺς
1398 1883 1739 1956 προφήτας.

364 1976 495 2040 Πῶς
523 1976 650 2050 ἐμοὶ
698 1975 920 2032 δοκοῦσι
950 1976 1059 2032 τῶν
1102 1977 1405 2049 προφητῶν
1457 1978 1755 2042 ἀκούοντες
1793 1995 1885 2048 μι-

290 2066 514 2138 μεῖσθαι
539 2067 739 2131 αὐτοὺς
769 2068 926 2131 ἔνιοι,
954 2068 987 2139 ἢ
1015 2070 1219 2140 ἐτέρων
1248 2069 1627 2141 διηγουμένων
1657 2069 1887 2124 ἀκούον-

283 2173 401 2221 τες,
436 2158 689 2231 καθάπερ
713 2158 863 2230 δφις.
891 2159 994 2214 Διά
1028 2159 1316 2215 τοῦτοκαὶ
1345 2162 1375 2215 ὁ
1418 2160 1688 2233 Ἰεζεκιήλ
1727 2176 1884 2232 φησι,

286 2250 373 2305 ὅτι
436 2249 575 2305 Ἐὰν
616 2251 803 2322 ἔλθῃ,
880 2252 1051 2324 φησι,
1104 2254 1440 2323 προφήτης,
1487 2251 1613 2323 ἐγὼ
1663 2252 1887 2321 Κύριος

285 2340 613 2412 ἑπλάνησα
642 2345 851 2399 αὐτόν·
888 2345 949 2398 οὐ
984 2345 1094 2415 γὰρ
1133 2347 1411 2417 συγχωρεῖ
1445 2344 1639 2417 μαθεῖν
1673 2343 1883 2398 λοιπόν·

288 2430 379 2487 διὰ
414 2432 577 2486 τοῦτο
600 2435 697 2488 καὶ
723 2436 787 2488 τὸ
810 2435 1008 2506 λῆμμα
1041 2436 1195 2505 λέγει
1220 2436 1457 2491 ἀνελεῖν.

375 2523 532 2579 Ἰδοὺ
556 2524 673 2596 ἐγὼ
699 2526 851 2595 πρὸς
879 2528 1025 2595 τοὺς
1046 2528 1385 2598 προφήτας.

361 2599 719 2695 Προφήτείας
743 2617 995 2690 γλώττης
1044 2620 1144 2683 τάς
1167 2618 1385 2688 ψευδεῖς
1416 2618 1595 2674 καλεῖ’
1619 2616 1683 2672 ού
1709 2616 1887 2687 γλώσ-

290 2721 391 2775 σης
414 2705 474 2759 δέ
505 2708 645 2761 εἰσιν
671 2709 728 2761 al
756 2708 980 2778 ἀληθεῖς
1003 2711 1352 2781 προφητεῖαι.

357 2797 473 2854 Καὶ
492 2798 904 2866 νυστάζοντας
927 2801 1282 2871 νυσταγμὺν
1300 2799 1523 2856 αὐτῶν.

359 2888 557 2944 Πολλοὶ
576 2890 687 2962 γάρ
708 2891 826 2961 εῑδη
849 2892 1177 2964 ἐπετήδευον
1196 2893 1540 2963 προφητείας
1564 2892 1654 2947 διὰ
1676 2892 1884 2959 ὕπνων,

283 2980 376 3037 διὰ
400 2983 692 3054 χρησμῶν.
733 2984 897 3038 Ἀλλὰ
918 2985 1419 3057 παραμυθήσονται
1442 2986 1578 3058 πρὸς
1601 2987 1663 3040 τὸ
1684 2988 1884 3058 παρόν.

356 3073 475 3128 Καὶ
493 3070 704 3144 λῆμμα
730 3075 977 3143 Κυρίου.

359 3165 476 3223 Καὶ
521 3164 651 3219 ποία
706 3165 914 3237 βλά6η;
953 3166 1143 3239 ἐπειδὴ
1192 3168 1405 3223 ἐκεῖνον
1454 3167 1885 3239 προσεποιοῦντο

284 3258 559 3332 λήψεσθαι
587 3300 602 3323 ,
633 3260 733 3332 τὴν
769 3263 1096 3333 ὁμωνυμίαν
1130 3263 1370 3333 ἀναιρεῖ.
1419 3262 1738 3331 Λαμϐἀνειν
1776 3263 1886 3334 γὰρ

283 3356 385 3407 καὶ
413 3358 463 3408 oi.
494 3353 752 3426 δαίμονες
790 3353 1059 3424 ἠδύναντο
1088 3353 1185 3407 καὶ
1231 3353 1547 3425 ἐνομίζοντο
1595 3353 1703 3407 ύπδ
1747 3352 1883 3408 Θεοῦ

283 3445 582 3519 λήψεσθαι.
625 3446 769 3501 Ἀλλ’
796 3446 898 3501 οὐκ
926 3444 1043 3500 ἐστι
1068 3445 1250 3500 τοῦτο.

859 3580 1120 3636 ΚΕΦΔΛ.
1168 3581 1296 3635 KA'.

357 3711 381 3738 ¹
410 3712 522 3768 Καὶ
557 3711 751 3776 ἔδειξέ
791 3729 896 3782 μοι
927 3711 1147 3780 Κύριος
1182 3711 1295 3767 δύο
1330 3712 1641 3779 καλὰθους
1675 3714 1885 3769 σύκων

284 3803 603 3873 κειμένους
632 3804 783 3859 κατὰ
811 3804 1145 3873 πρόσωπον
1174 3804 1329 3859 ναοῦ
1369 3806 1593 3874 Κυρίου
1626 3808 1781 3876 μετὰ
1813 3806 1883 3861 τὸ

282 3891 601 3946 ἀποικίσαι
621 3892 1160 3963 Ναϐουχοδονόσορ
1183 3894 1490 3961 ,βασιλεὺς
1520 3896 1884 3965 Βαϐυλῶνος

284 3982 398 4037 τὸν
428 3984 721 4055 ’Ῑεχονίαμ
747 3984 883 4040 υἱὸν
915 3986 1183 4057 Ἰωακεὶμ
1200 3986 1472 4052 βασιλέα
1507 3990 1726 4044 Ἰούδα.
1747 3987 1882 4044 Εἶτα

288 4077 411 4147 μετ’
456 4076 639 4145 ὀλίγαο
702 4077 766 4131 '0
809 4076 1075 4145 κάλαθος
1107 4081 1142 4133 ὁ
1188 4075 1311 4145 εἷς,
1348 4081 1558 4135 σύκων
1594 4081 1885 4151 χρηστῶν

284 4167 548 4238 σφόδρα,
578 4169 660 4234 ὡς
683 4154 849 4223 σῦκα
868 4170 1123 4240 πρώνμα,
1150 4170 1251 4224 καὶ
1278 4173 1314 4225 δ
1340 4169 1605 4237 κάλαθος
1626 4175 1659 4225 ὀ
1679 4171 1883 4241 ἔτερος

285 4258 497 4312 σύκων
516 4259 801 4328 πονηρῶν
824 4260 1083 4330 σφόδρα,
1120 4261 1238 4315 τῶν
1261 4261 1348 4331 μὴ
1369 4262 1884 4333 βιϐρωσκομένων

283 4349 408 4404 ἀπὸ
434 4351 722 4420 πονηρίας
749 4351 950 4408 αὐτῶν
969 4391 985 4419 ,
1009 4353 1105 4407 καὶ
1134 4353 1204 4407 τὰ
1224 4353 1375 4424 ἑξῆς.

357 4440 577 4511 Ταύτην
601 4443 702 4514 τὴν
725 4442 939 4497 ἔννοιαν
960 4443 1076 4515 εχει
1115 4446 1149 4516 ή
1179 4446 1418 4500 ὀπτασία
1446 4446 1587 4518 αὕτη
1613 4447 1708 4501 τοῦ
1742 4466 1881 4521 προ-

2006 618 2093 664 est
2139 610 2449 677 nutritioui,
2522 612 2956 684 substantiaque
3031 612 3318 669 hominum
3367 615 3610 671 maxime

2006 701 2337 770 proﬁcuum.
2372 700 2575 758 Verum
2616 702 2775 773 palea
2825 704 2894 757 ad
2941 703 3225 758 hominum
3259 718 3421 759 usum
3470 704 3610 760 nihil

2002 792 2242 861 confert,
2275 795 2372 850 sed
2395 794 2481 849 vel
2517 793 2790 865 rejicitur,
2825 794 2911 849 vel
2957 794 3291 849 animalibus
3341 811 3463 865 quae
3520 811 3613 852 ra-

2007 888 2156 943 tione
2172 896 2365 943 carent
2392 887 2703 943 destinatur
2728 888 2782 942 in
2809 888 3015 943 cibum.
3048 886 3143 941 Sic
3173 888 3276 952 ait,
3294 895 3351 942 et
3369 888 3608 958 prophe-

2005 984 2180 1031 tarum
2216 991 2503 1032 sermones
2530 976 2771 1031 animam
2826 976 3140 1043 enutriunt,
3182 992 3307 1031 cum
3361 979 3607 1046 pseudo-

2000 1068 2393 1139 prophetarum
2424 1068 2607 1125 oratio
2633 1068 2774 1124 nihil
2806 1068 3077 1139 prolicere
3118 1078 3286 1138 queat
3319 1071 3387 1125 ad
3422 1070 3608 1127 homi-

2000 1175 2131 1215 num
2165 1147 2481 1227 utilitatem,
2511 1162 2616 1217 nisi
2648 1160 2887 1217 fortasse
2923 1160 3129 1231 aliquid
3156 1163 3478 1218 hominibus
3533 1164 3605 1219 iis

1996 1254 2197 1323 quibus
2226 1253 2347 1329 sine
2371 1254 2584 1310 ratione
2607 1255 2892 1323 suadetur,
2925 1255 3107 1309 solatii
3137 1254 3319 1325 potius
3340 1257 3605 1326 praebeat,

1996 1361 2162 1415 quam
2188 1345 2325 1402 lucri
2384 1357 2441 1402 et
2492 1349 2776 1417 utilis,‘et
2818 1352 3030 1418 subdit,
3074 1352 3199 1408 Non
3242 1336 3338 1409 sic
3396 1368 3416 1407 :
3452 1354 3604 1409 nulla

1996 1438 2252 1495 videlicet
2277 1441 2642 1510 comparatio.

2066 1532 2087 1552 '
2124 1530 2290 1586 Vens.
2311 1531 2403 1587 29.
2454 1531 2629 1587 Verba
2665 1550 2780 1587 mea
2802 1535 2943 1589 sicut
2970 1535 3133 1605 ignis,
3156 1535 3287 1590 dicit
3316 1535 3597 1604 Dominus,

1994 1631 2049 1676 et
2083 1622 2223 1677 sicut
2249 1625 2453 1678 securis
2483 1626 2691 1680 ctedens
2719 1637 2950 1693 petram.

2069 1716 2236 1784 Quasi
2274 1716 2518 1775 diceret:
2560 1716 2859 1775 Sermones
2889 1718 3287 1790 prophetarum
3345 1734 3597 1786 veraces,

1995 1819 2053 1863 et
2078 1805 2379 1863 efficaciam
2412 1809 2637 1865 habent.
2942 1802 2959 1817 ’

1916 1868 1967 1930 Β
2076 1897 2243 1957 Vens.
2275 1899 2367 1956 ὅθ.
2390 1898 2532 1956 Ecce
2559 1919 2655 1974 ego
2683 1916 2963 1974 propterea
2995 1905 3066 1960 ad
3089 1905 3394 1973 prophetas.

2067 1993 2356 2060 Quomodo
2434 1994 2568 2050 tnihi
2646 1997 2870 2066 quidam
2950 1996 3209 2053 videntur
3300 1994 3600 2067 prophetas

1995 2086 2282 2142 audientes
2311 2100 2409 2143 eos
2434 2087 2707 2159 aemulari,
2745 2090 2831 2145 vel
2876 2089 3017 2148 alios
3068 2091 3162 2161 qui
3210 2087 3329 2145 haec
3365 2096 3601 2144 narrant

1995 2180 2311 2247 audientes,
2370 2179 2541 2236 veluti
2572 2197 2825 2252 serpens.
2854 2183 3206 2254 Quapropter
3233 2194 3292 2238 et
3338 2181 3594 2237 Ezechiel

1950 2332 1955 2338 _
1995 2269 2074 2324 ait
2100 2287 2117 2326 :
2146 2268 2205 2324 Si
2231 2271 2428 2325 venerit
2450 2272 2732 2340 propheta,
2757 2270 2873 2343 Ego
2897 2271 3163 2327 Dominus
3193 2272 3375 2341 decepi
3416 2269 3605 2335 illum,

1996 2374 2100 2415 nec
2127 2360 2276 2416 enim
2311 2361 2549 2433 amplius
2598 2363 2786 2419 dicere
2820 2364 3114 2435 permittit,
3160 2363 3394 2435 ideoque
3429 2363 3598 2418 etiam

1997 2451 2076 2506 ait
2100 2466 2159 2506 se
2178 2450 2514 2508 ablaturum.

2070 2544 2244 2599 Vens.
2271 2544 2364 2599 51.
2396 2542 2535 2600 Ecce
2563 2562 2657 2616 ego
2687 2548 2760 2601 ad
2787 2551 3097 2618 prophetas.

2063 2632 2391 2704 Prophetias
2459 2636 2696 2708 linguae,
2750 2642 3046 2695 mendaces
3083 2644 3402 2709 nuncupat;
3452 2633 3598 2691 haud

1995 2725 2142 2779 enim
2166 2727 2362 2794 lingua:
2385 2736 2512 2782 sunt
2530 2729 2835 2797 prophetiae
2870 2744 3117 2784 veraces.

2068 2815 2138 2870 Et
2176 2816 2475 2874 dormitant
2506 2820 2946 2876 dormitationem
2981 2838 3164 2878 suam.

2067 2907 2220 2964 Multi
2245 2913 2391 2965 enim
2424 2913 2830 2968 concinnabant
2861 2916 3179 2983 prophetias
3204 2930 3304 2984 per
3341 2919 3583 2979 somnia,

1993 3017 2092 3072 per
2118 3003 2362 3058 oracula.
2398 3033 2471 3043 —
2521 3002 2628 3059 Sed
2687 3006 2790 3060 huc
2835 3017 3081 3075 tempore
3135 3007 3596 3062 consolabuntur.

2067 3091 2237 3149 νεεδ.
2278 3094 2369 3149 54.
2404 3093 2472 3148 Et
2507 3100 2925 3163 assumptionem
2951 3098 3195 3152 Domini.

2068 3182 2138 3235 Et
2166 3182 2310 3251 quod
2361 3185 2487 3239 hinc
2531 3186 2837 3241 damnum?
2867 3188 3006 3241 (lum
3045 3188 3123 3243 illi
3174 3204 3235 3244 se
3265 3199 3597 3260 accepturos

1996 3271 2344 3340 simularent,
2406 3275 2746 3344 atquivocum
2817 3278 2980 3331 tollit.
3028 3278 3291 3333 Poterant
3345 3283 3494 3336 enim
3542 3292 3599 3336 et

1995 3363 2270 3418 daemones
2307 3366 2582 3436 accipere,
2616 3374 2674 3421 et
2721 3380 2753 3420 a
2804 3366 2915 3423 Deo
2948 3371 3283 3439 putabantur
3320 3372 3596 3441 accipere,

1994 3466 2049 3508 at
2082 3470 2191 3509 non
2221 3465 2308 3511 est
2346 3457 2471 3513 hoc.

2592 3594 2747 3652 CAP.
2781 3594 2977 3655 XXIV.

2064 3723 2233 3784 Vens.
2256 3728 2307 3795 1,
2328 3728 2386 3785 2.
2426 3727 2497 3784 Et
2525 3730 2759 3787 ostendit
2792 3732 2923 3785 mihi
2956 3730 3221 3786 Dominus
3264 3732 3400 3787 duos
3444 3734 3597 3787 cala-

1992 3821 2111 3877 thos
2147 3821 2347 3891 ﬁcuum
2376 3825 2579 3899 positos
2616 3826 2686 3877 ad
2715 3823 2911 3894 faciem
2945 3825 3127 3895 templi
3159 3824 3398 3892 Domini,
3444 3839 3594 3893 post-

1991 3929 2151 3983 quam
2206 3914 2487 3969 transtulit
2555 3912 3061 3969 Nabuchodonosor
3134 3933 3231 3972 res:
3296 3916 3594 3988 Babylonis
3684 3938 3687 3941 ·

1990 4007 2308 4061 Jechoniam
2345 4006 2527 4074 ﬁlium
2560 4005 2807 4061 Joachim
2842 4025 3016 4079 regem
3062 4009 3232 4065 Juda.
3295 4010 3363 4064 Et
3406 4014 3598 4081 paucis

1993 4097 2649 4167 interpositis:Calathus
2698 4116 2837 4155 unus
2883 4104 3083 4170 [intum
3116 4103 3378 4158 bonarum
3422 4106 3595 4170 valde,

1992 4191 2129 4245 sicut
2152 4189 2287 4257 ﬁcus
2330 4192 2492 4259 primi
2545 4195 2825 4261 temporis,
2863 4204 2911 4248 et
2942 4196 3190 4252 calathus
3225 4197 3364 4253 alter
3397 4199 3595 4266 [ii-unm

1990 4283 2260 4335 maturant
2286 4282 2465 4347 valde,
2521 4299 2642 4354 quin
2687 4300 2792 4338 non
2848 4288 3199 4342 comedentnr
3240 4307 3353 4355 prae
3384 4292 3596 4344 mli/ilia

1990 4390 2111 4428 sua.
2143 4373 2210 4427 Et
2236 4389 2358 4445 qua:
2384 4387 2711 4445 sequuntur.

2062 4464 2307 4521 Visionis
2357 4466 2521 4536 hujus
2550 4483 2747 4522 sensus
2784 4468 2873 4523 hic
2924 4479 3030 4524 est.
3088 4470 3444 4528 Manifestum
3499 4483 3585 4528 cst

284 4520 482 4603 φήτου.
517 4531 640 4586 Ὅτι
682 4534 781 4605 μὲν
810 4531 905 4590 οὖν
925 4537 1020 4589 ἐπὶ
1051 4536 1145 4590 τοῦ
1178 4537 1430 4591 Σεδεκίου
1462 4541 1677 4608 γέγονε,
1696 4520 1878 4611 δῆλον.

1993 4569 2172 4610 autem
2208 4571 2330 4609 eam
2386 4566 2635 4627 tempore
2670 4557 2914 4615 Sedecize
2977 4564 3299 4633 contigisse.
3332 4566 3499 4634 quue
3527 4582 3593 4619 ex

286 4623 401 4677 Καὶ
429 4624 670 4678 δείκνυσι
692 4626 763 4678 τὰ
798 4627 864 4698 ρή
876 4643 1042 4696 ματα.
1074 4627 1451 4698 Δίχμαλώτων
1479 4628 1537 4681 δὲ
1573 4633 1884 4701 γενομένων

1996 4647 2177 4701 verbis
2207 4646 2342 4714 ipsis
2394 4623 2567 4716 patet.
2628 4647 2874 4717 Captivis
2904 4623 3160 4708 adductis
3201 4654 3309 4709 illis
3358 4623 3450 4724 qui
3488 4673 3593 4710 una

282 4712 396 4766 τῶν
425 4714 556 4785 περὶ
586 4715 676 4768 τὸν
715 4716 994 4787 Ἰωακεὶμ,
1030 4717 1272 4787 ἔφασκον
1294 4718 1344 4771 οἱ
1370 4720 1465 4772 ἐπὶ
1483 4719 1576 4773 τοῦ
1604 4721 1882 4789 Σεδεκίου,

1993 4754 2113 4794 cum
2170 4737 2417 4793 Joachim
2476 4750 2634 4794 erant
2702 4741 2736 4795 ii
2784 4744 2876 4806 qui
2931 4760 3055 4799 cum
3124 4746 3353 4801 Sedecia
3414 4750 3595 4805 adhuc

284 4806 363 4868 ὡς
387 4807 556 4861 υύδὲν
586 4810 892 4881 πεισόμεθα
924 4810 1095 4864 δεινὸν
1119 4813 1288 4891 ἡμεῖς
1315 4812 1471 4880 παρά
1500 4812 1884 4883 Βαϐυλωνίων,

286 4900 626 4972 πράττοντες
680 4902 888 4967 δίκαια,
920 4902 1152 4975 ἐπείπερ
1182 4905 1344 4957 κακοὶ
1372 4905 1658 4975 γενόμενοι
1688 4908 1887 4961 ἐκεῖνοι

286 4993 383 5045 καὶ
410 4992 713 5059 άσεύεῖς,οῖ
730 5010 790 5046 τε
815 4994 1166 5065 προπάτορες
1187 4996 1237 5047 οἱ
1261 4995 1522 5067 ἡμέτεροι
1544 4998 1886 5069 αἰχμάλωτοι

284 5086 568 5150 γεγόνασι.
596 5084 695 5138 Διά
724 5084 905 5138 τοίνυν
940 5083 1146 5155 ταύτης
1181 5087 1280 5155 τῆς
1311 5085 1583 5148 ὀπτασίας
1607 5089 1886 5146 δείκνυσιν

284 5171 534 5236 ἐκείνους
561 5172 786 5242 ἀμεινον
815 5173 1039 5241 ξτούτων
1072 5175 1102 5227 ὁ
1133 5175 1290 5238 Θεός.
1322 5176 1436 5230 Καὶ
1477 5178 1690 5256 ὥσπερ,
1724 5183 1885 5255 φησι,

284 5264 356 5315 τά
384 5260 530 5316 σῦκα
552 5263 624 5319 τὰ
645 5266 862 5335 χρηστὰ
883 5267 1015 5338 περὶ
1035 5266 1234 5322 πολλοῦ
1255 5270 1320 5325 ἄν
1338 5287 1423 5335 τις
1444 5274 1755 5345 ποιήσαιτο,
1774 5276 1887 5331 οὐδ’

286 5351 545 5407 ἀπολύειν
591 5355 715 5410 οὐδὲ
754 5357 972 5427 ῥίπτειν
1002 5359 1205 5414 ἐθέλων
1246 5361 1306 5429 ἐξ
1353 5362 1537 5416 αὐτῶν
1578 5382 1665 5434 τι,
1709 5367 1886 5433 οὕτως

286 5445 385 5498 καὶ
411 5444 573 5507 αὐτὸς
607 5450 1037 5521 περιεποιήσατο
1085 5453 1213 5516 τοὺς
1241 5452 1599 5522 ἀπελθόντας·
1636 5461 1772 5528 φησὶ
1803 5460 1882 5525 δὲ,

286 5535 559 5605 κάλαθον
587 5540 796 5595 σύκων
830 5541 1117 5611 χρηστῶν
1138 5582 1154 5608 ,
1205 5547 1428 5617 ἐκείνην
1460 5549 1560 5620 τὴν
1600 5550 1882 5617 ἀποικίανσ

285 5627 591 5701 ἐπειδήπερ
628 5630 768 5700 μετὰ
810 5632 907 5687 τοῦ
956 5634 1200 5707 πλήθους
1222 5678 1236 5703 ,
1270 5640 1367 5693 καὶ
1402 5642 1431 5693 ὁ
1460 5640 1673 5706 δίκαιος
1708 5661 1884 5715 παρε-

286 5721 596 5794 λήφθησαν,
648 5724 799 5789 οἶκος
838 5730 1071 5802 Δανιὴλ,
1107 5734 1202 5787 καὶ
1247 5736 1297 5788 οἱ
1337 5738 1487 5807 τρεῖς
1521 5738 1733 5805 παῖδες,
1790 5742 1885 5795 καὶ

300 5812 582 5885 aqua»),
630 5818 723 5872 καὶ
768 5821 823 5872 ei
853 5838 939 5887 τις
973 5824 1096 5878 κατ’
1156 5827 1400 5893 ἐκείνους
1444 5829 1733 5901 ἐτύγχανε.
1769 5835 1879 5890 Καὶ

1994 4830 2269 4892 vivebant,
2301 4829 2627 4886 asserebant
2678 4846 2737 4888 se
2763 4833 2915 4887 nulla
2971 4836 3110 4889 mala
3170 4852 3532 4907 perpessnros
3561 4857 3591 4895 a

1992 4920 2328 4993 Babyloniis,
2381 4924 2677 4979 dummodo
2725 4923 2874 4992 justa
2924 4936 3324 4995 operarentur;
3374 4933 3595 4997 quando

1990 5027 2184 5069 corum
2209 5012 2452 5080 majores
2479 5012 2605 5068 ideo
2650 5014 2852 5084 captivi
2886 5016 3111 5071 abducti
3138 5016 3397 5085 fuissent,
3448 5025 3591 5089 quod

1992 5104 2140 5173 impii
2202 5105 2441 5175 malique
2494 5114 2703 5160 essent.
2768 5103 2938 5175 Igitur
3015 5108 3227 5165 visione
3290 5111 3393 5167 hac
3448 5088 3593 5170 Deus

1990 5194 2232 5250 ostendit
2267 5195 2388 5251 illos
2442 5195 2594 5249 hisce
2621 5195 2796 5251 fuisse
2822 5198 3103 5268 meliores,
3138 5209 3194 5256 et
3226 5203 3592 5271 quemadmo-

1989 5286 2119 5340 dum
2147 5288 2246 5352 ait,
2294 5287 2433 5344 llcus
2472 5287 2641 5345 bonas
2685 5290 2817 5357 quis
2852 5289 3035 5362 magni
3092 5293 3366 5354 aestimat.
3410 5294 3486 5351 ita
3534 5306 3593 5350 ut

1991 5393 2056 5433 ex
2091 5377 2179 5433 his
2210 5379 2345 5433 nihil
2382 5380 2471 5435 vel‘
2517 5380 2818 5453 relinquat,
2853 5382 2937 5437 vel
2970 5387 3207 5455 reﬁciat,
3258 5387 3338 5442 sic
3371 5398 3427 5442 et
3478 5390 3592 5458 ipse

1990 5468 2171 5538 magni
2201 5470 2356 5525 duxit
2374 5471 2677 5538 abductos;
2704 5485 2863 5529 vocat
2884 5486 3068 5530 autem
3100 5479 3377 5532 calathum
3395 5480 3591 5551 ﬁmum

1993 5557 2275 5624 bonarum,
2332 5560 2750 5617 translationem
2796 5564 2945 5618 illam
2982 5581 2998 5620 :
3055 5568 3277 5634 quando
3320 5583 3429 5623 una
3458 5584 3585 5628 cum

1990 5648 2342 5706 multitudine
2374 5660 2430 5706 et
2460 5650 2593 5719 justi
2627 5655 2846 5711 abducti
2886 5669 3041 5722 sunt,
3073 5661 3255 5728 qualis
3285 5660 3499 5727 Daniel,
3528 5673 3589 5718 et

1989 5752 2101 5799 tres
2121 5746 2295 5815 pueri,
2315 5758 2368 5801 et
2390 5747 2668 5814 Ezechiel,
2694 5760 2747 5805 ct
2770 5751 2815 5805 si
2849 5753 2975 5821 quis
3000 5753 3138 5807 alius
3154 5768 3345 5809 eorum
3366 5756 3587 5811 similis.

1999 5835 2067 5891 Et
2093 5839 2574 5908 qaemadmodum,
2617 5842 2712 5909 ait,
2748 5844 2906 5900 mala:
2944 5844 3290 5916 reiiciuntur,
3314 5862 3438 5905 cum
3466 5849 3588 5904 nul.
