4226 6450
193 382 302 441 965

1292 378 1726 436 FRAGMENTA
1759 380 1828 435 IN
1866 382 2244 442 JEREKIAH.

3400 388 3508 441 954

267 497 469 552 Μέλλει
515 496 705 550 λοιπὸν
749 496 955 569 ὁρίζειν
984 502 1085 569 τῆς
1126 500 1405 571 τιμωρίας
1437 498 1530 552 τὸν
1578 499 1795 571 χρόνον,

1979 503 2112 557 Tam
2140 504 2305 572 igitur
2341 518 2631 572 pinnarum
2668 515 2882 572 tempus
2912 510 3225 555 statuturus
3252 510 3360 567 est...
3382 516 3479 556 seu

194 592 295 647 atati.
318 592 420 660 τὴν
448 591 728 660 ἀπόφασιν
755 591 1035 661 ἐκφέρειν.

265 684 381 737 Καὶ
409 684 691 750 ἐλάλησα
720 684 873 751 πρὸς
896 683 1055 753 ὑμᾶς
1084 683 1383 754 ὀρθρίζων.
1532 744 1539 749 ,
1632 742 1635 743 ν

265 776 346 829 Δι’
379 775 499 839 ὲνὺς
535 778 820 846 προφήτου
856 777 1034 830 ταῦτα
1083 780 1355 848 συνεχής”
1401 779 1501 832 καὶ
1544 778 1657 850 γὰρ
1700 779 1797 832 καὶ

193 867 283 922 διὰ
307 867 420 920 τῶν
450 867 628 920 ἄλλων
662 867 934 937 ἐλάλησα*
973 870 1069 922 καὶ
1099 869 1161 921 οὐ
1195 869 1441 923 διέλιπον
1474 870 1562 924 ἀεὶ
1592 868 1794 935 λαλῶν,

192 960 291 1015 καὶ
320 959 561 1025 ἐλάλησα
609 959 766 1014 οὐδὲν
802 961 1087 1032 φορτικόν.
1134 961 1310 1016 Τοῦτο
1352 964 1449 1016 καὶ
1486 966 1514 1017 ὁ
1554 963 1795 1032 Χριστὸς

191 1053 344 1102 ποιεῖ
375 1050 588 1120 μέλλων
619 1051 720 1123 τὴν
752 1040 909 1105 πόλιν
942 1052 1302 1121 παραδιδόναι
1332 1056 1449 1117 τοῖς
1482 1054 1793 1123 πολεμίοις,

194 1142 482 1212 μονονουχὶ
525 1143 880 1211 ἀπολογεῖται
923 1143 1062 1215 πρὸς
1092 1145 1315 1208 αὐτούς·
1347 1144 1621 1212 Ποσάκις
1658 1145 1796 1213 ἠθέ-

190 1238 357 1302 λησα
404 1236 879 1305 ἐπισυναγαγεῖν
928 1237 1003 1291 τὰ
1048 1235 1234 1289 τέκνα
1274 1236 1479 1306 ὑμῶν,
1531 1237 1634 1292 καὶ
1681 1238 1795 1291 οὐκ

190 1328 579 1397 ἡθε.ῖήσατε;
611 1329 709 1382 καὶ
739 1329 809 1383 τὰ
835 1328 985 1398 ἑξῆς.

262 1420 369 1474 Διά
398 1419 574 1473 τοῦτο
601 1419 746 1473 τάδε
766 1419 931 1490 λέγει
960 1421 1200 1488 Κύριος.

260 1513 355 1582 Μὴ
390 1510 500 1581 γὰρ
546 1512 637 1565 διὰ
681 1511 843 1565 τοῦτο
884 1512 1095 1578 ἔδωκα,
1133 1513 1224 1567 ἵνα
1262 1513 1428 1567 πάλιν
1459 1512 1791 1582 ἀφέλωμαις

195 1601 272 1672 μὴ
300 1602 410 1671 γὰρ
444 1602 639 1670 μισθὸν
673 1603 831 1679 ὑμᾶς,
852 1604 1150 1674 ἀπῄτησας
1184 1605 1278 1658 καὶ
1322 1605 1433 1675 γὰρ
1466 1606 1695 1675 χάριτος
1723 1599 1793 1674 ἦν

190 1694 355 1760 ἔργον
382 1709 395 1721 ·
430 1693 609 1755 οὐδεὶς
636 1692 706 1746 τά
736 1695 1418 1768 Μρηθὲνταάφαιρεῖται,
1439 1694 1507 1749 ἂν
1544 1697 1622 1767 μὴ
1656 1696 1793 1764 σφό-

188 1786 293 1857 δρα
326 1784 553 1851 ἀνάξιος
640 1786 669 1838 ὁ
698 1785 903 1840 λαϐὼν.

273 1876 423 1933 Ἰδοὺ
451 1876 567 1947 ἐγὼ
586 1877 955 1932 ἀποστέλλω
975 1879 1074 1933 καὶ
1096 1880 1373 1949 λήψομαι
1397 1881 1677 1949 πατριὰν.

265 1968 439 2033 Ἀξω,
460 1970 618 2037 φησὶ,
644 1970 1252 2042 Βαϐυλωνίους,ὲπειδὴ
1281 1973 1382 2025 οὐκ
1405 1974 1795 2026 ὲπιστεύσατε”

190 2060 345 2129 ὁρᾷς.
378 2058 546 2113 πόθεν
570 2061 756 2123 αὐτοῖς
783 2060 817 2130 ἡ
849 2061 1095 2133 ῥᾳθυμία
1124 2063 1389 2130 γέγονεν;
1423 2064 1489 2117 ὲκ
1521 2064 1621 2118 τοῦ
1663 2066 1797 2118 ἀπι-

191 2153 362 2205 στεῖν.
405 2150 578 2205 Τοῦτο
617 2151 715 2205 καὶ
750 2151 846 2204 νῦν
877 2152 1091 2221 γίνεται
1121 2155 1253 2225 περὶ
1284 2155 1382 2224 τῆς
1414 2155 1677 2227 γεέννηςο
1719 2158 1796 2229 μὴ

190 2243 300 2313 γάρ
348 2245 449 2297 οὐκ
478 2245 757 2316 ἐδυνάμην
790 2246 1023 2300 κολάσαι
1072 2248 1190 2315 εἴγε
1229 2246 1458 2316 ήθελον;
1496 2249 1690 2301 τούτου
1737 2248 1797 2302 δὲ

191 2338 359 2391 αῖτιοι
388 2338 438 2390 οἱ
477 2336 949 2410 ψευδοπροφῆται.
988 2339 1103 2392 Οὐκ
1140 2340 1506 2393 ἐπιστεύσατε
1533 2343 1649 2404 τοῖς
1697 2343 1799 2413 ῥή-

194 2443 353 2497 μασι,
391 2428 726 2482 πιστεύσατε
759 2431 875 2492 τοῖς
908 2432 1256 2501 πράγμασιν.

275 2517 408 2571 Ἐπί
441 2520 640 2572 πάντα
661 2518 736 2573 τὰ
756 2520 925 2588 ἔθνη.

218 2678 227 2686 ,
260 2612 425 2676 Τίνος
458 2612 680 2680 ἓνεκεν;
713 2614 802 2666 ἵνα
854 2615 1037 2686 μάθῃς
1079 2615 1163 2669 ὅτι
1208 2616 1378 2671 αὑτοῦ
1416 2617 1648 2673 καθόλου
1700 2621 1794 2674 τοῦ

189 2701 329 2755 Θεοῦ
364 2705 394 2771 ὴ
431 2706 680 2774 πρόνοια.

262 2795 376 2848 Καὶ
399 2795 874 2852 δουλεύσουσιν.

262 2886 346 2938 Ta
377 2887 753 2959 ἐϐδομήκοντα
778 2889 872 2962 ἔτη
930 2892 1320 2963 φιλάνθρωπος
1352 2894 1453 2957 ὣν,
1489 2896 1611 2965 οὐχί
1656 2897 1799 2967 μετὰ

189 2978 295 3050 τὴν
348 2978 445 3031 τοῦ
498 2980 628 3034 ναοῦ
681 2983 1007 3052 καθαίρεσιν
1059 2986 1289 3055 ἀριθμεῖ
1341 2988 1503 3055 μόνον
1544 2988 1651 3050 ἓως
1698 2990 1801 3057 τῆς

192 3072 484 3134 ἐπανόδου,
516 3072 654 3126 ἀλλὰ
684 3075 781 3126 καὶ
811 3076 975 3147 μέχρι
1004 3077 1105 3143 τῆς
1130 3076 1484 3145 κατασκευῆς
1514 3076 1609 3131 τοῦ
1641 3078 1797 3131 ναοῦ.

1901 599 2245 665 tentiamque
2275 597 2611 665 prolaturus.

1976 686 2141 743 Vsus.
2172 689 2226 742 5.
2264 689 2331 740 Et
2369 687 2574 740 locutus
2603 702 2720 739 sum
2746 686 2815 740 ad
2840 703 2953 753 vos,
2994 695 3118 740 ante
3153 684 3351 738 lucem.
3435 676 3440 681 ’

1971 776 2076 831 Per
2108 792 2274 830 unum
2323 776 2650 845 prophetam
2702 776 2817 830 haec
2870 775 3115 839 assidue,
3146 790 3272 829 nam
3314 784 3370 828 et
3412 788 3513 842 per

1898 870 2036 924 alios
2062 869 2275 924 locutus
2326 882 2469 934 smn,
2497 877 2551 921 et
2576 882 2795 937 semper
2817 865 3306 934 loquendinullum
3340 865 3506 918 tinem

1898 959 2029 1023 feci,
2064 969 2118 1011 et
2140 957 2276 1011 nihil
2307 971 2476 1027 grave
2509 956 2727 1013 locutus
2778 972 2923 1011 sum.
2964 955 3078 1009 lloc
3127 965 3184 1009 et
3237 954 3500 1007 Christus

1898 1051 2032 1121 agit,
2078 1060 2135 1104 et
2195 1058 2404 1102 tantum
2448 1061 2555 1101 non
2606 1062 2673 1101 se
2723 1055 2953 1100 excusat
3015 1046 3266 1099 hostibus
3310 1045 3506 1097 urbem

1900 1142 2223 1203 traditurus,
2258 1142 2345 1193 his
2375 1139 2560 1194 verbis
2577 1148 2738 1193 utens
2763 1137 2829 1190 ad
2869 1137 2991 1190 illos
3033 1154 3046 1191 :
3112 1135 3334 1200 Quoties
3367 1134 3510 1187 votui

1896 1246 2216 1301 congregare
2240 1228 2382 1298 ﬁlios
2427 1241 2650 1292 vestros,
2700 1238 2746 1280 et
2791 1224 3124 1279 noluistis'?
3154 1234 3210 1278 et
3242 1239 3365 1293 quae
3420 1239 3509 1278 se.

1896 1334 2162 1395 quuntur.

1969 1417 2138 1473 Vnus.
2172 1417 2226 1473 8.
2257 1415 2547 1485 Propterea
2590 1417 2703 1469 htrc
2734 1414 2866 1468 dicit
2906 1413 3184 1469 Dominus.

1968 1510 2110 1565 Num
2140 1521 2367 1581 prapter
2403 1510 2510 1564 hoc
2541 1510 2801 1563 dederam
2834 1517 2891 1561 ut
2939 1507 3143 1560 iterum
3189 1504 3511 1559 auferrem?

1897 1621 2031 1661 num
2083 1587 2391 1661 mercedem
2428 1618 2459 1657 a
2511 1602 2665 1657 vobis
2695 1600 2895 1669 exegi?
2927 1598 3077 1668 Opus
3131 1597 3264 1651 illud
3317 1597 3511 1666 gratia:

1895 1707 2037 1765 erat,
2075 1713 2237 1753 nemo
2267 1696 2589 1751 muneribus
2629 1693 2903 1763 privatur,
2930 1690 3036 1745 nisi
3061 1690 3158 1759 qui
3193 1688 3419 1758 recepit,
3449 1702 3511 1741 se

1898 1791 2064 1845 nimis
2101 1789 2387 1860 indignum
2422 1786 2745 1842 reddiderit.

1972 1886 2145 1941 Vsus.
2176 1887 2231 1943 9.
2270 1884 2409 1939 Ecce
2440 1900 2533 1953 ego
2561 1884 2740 1945 mitto,
2775 1889 2827 1934 et
2873 1896 3084 1934 sumam
3111 1878 3505 1946 cognationem.

1973 1981 2277 2042 Adducam,
2306 1978 2404 2041 ait,
2438 1974 2794 2046 Babylonios,
2827 1975 3093 2042 quoniam
3122 1986 3229 2023 non
3256 1967 3510 2023 credidi-

1901 2072 2047 2138 stis;
2089 2071 2234 2124 unde
2288 2081 2481 2122 eorum
2533 2064 2789 2118 vecordia
2839 2072 2966 2115 nata
3022 2059 3146 2115 est?
3198 2058 3326 2125 quia
3401 2070 3509 2109 non

1908 2165 2224 2220 credebant.
2261 2160 2377 2215 Hoc
2426 2159 2595 2215 etiam
2635 2171 2781 2211 nunc
2839 2156 2899 2209 ﬁt
2946 2155 3017 2209 de
3050 2152 3339 2222 geltenna:
3380 2165 3510 2203 num

1899 2258 1950 2312 si
1980 2256 2175 2310 vellem
2206 2267 2400 2323 poenas
2437 2264 2545 2304 non
2578 2261 2796 2318 possem
2827 2244 3093 2300 sumere?
3120 2241 3283 2308 hujus
3339 2252 3514 2293 causa

1900 2358 2030 2406 sunt
2070 2343 2593 2417 pseudoprophetze.
2622 2339 2742 2395 Non
2770 2336 3097 2395 credidistis
3124 2331 3504 2392 sermonibus.

1902 2443 2065 2499 rebus
2101 2438 2233 2507 ipsis
2265 2436 2497 2492 credite.

1966 2535 2035 2588 Et
2057 2549 2215 2597 super
2241 2546 2421 2585 omnes
2452 2529 2713 2582 nationes.

1974 2628 2209 2698 Propter
2237 2624 2404 2695 quid?
2433 2632 2493 2678 ut
2528 2622 2672 2677 scias
2710 2618 2957 2675 universi
3006 2613 3411 2687 providentiam
3452 2612 3518 2664 ad

1902 2722 2082 2793 ipsum
2116 2719 2287 2774 Deum
2325 2726 2602 2788 spectare.

1978 2813 2145 2867 Vens.
2181 2810 2272 2865 ‘ll.
2306 2808 2374 2862 Et
2409 2809 2660 2861 servient.

1976 2902 2339 2972 Septuaginta
2368 2914 2565 2964 annos,
2619 2913 2743 2953 cum
2774 2897 2901 2967 pius
2922 2895 3017 2961 sit,
3056 2909 3163 2948 nou
3205 2898 3331 2963 post
3376 2898 3518 2944 tem-

1904 2996 1980 3069 pli
2020 2995 2363 3053 eversionem
2394 3000 2687 3068 enumerat
2714 2999 2925 3044 tantum
2960 3000 3136 3056 usque
3165 2985 3234 3039 ad
3257 2984 3517 3047 reditum,

1906 3066 2001 3142 sed
2062 3100 2237 3154 usque
2296 3084 2363 3137 ad
2417 3066 2891 3137 constructionem
2976 3092 3200 3147 quoque
3283 3074 3517 3144 templi:

197 3165 268 3216 '0
306 3163 365 3215 δὲ
403 3163 568 3233 λέγω,
610 3164 855 3219 τοιοῦτόν
907 3168 1062 3222 ἐστι.
1098 3168 1213 3239 Πρὸ
1258 3166 1369 3220 τῶν
1420 3167 1798 3238 ἐϐδομήκοντα

1909 3178 2088 3232 dicant
2120 3166 2374 3245 planius:
2402 3182 2530 3227 ante
2553 3170 2902 3243 septuaginta
2949 3184 3128 3223 annos
3159 3167 3378 3222 reduxit
3400 3180 3518 3229 eos,

192 3256 335 3309 ὲτῶν
374 3258 655 3326 ἀνήγαγεν
690 3258 912 3322 αὐτοὺς,
962 3259 1059 3311 καὶ
1100 3259 1423 3327 ἐλογίσατο,
1466 3259 1563 3312 καὶ
1593 3261 1663 3313 τὰ
1699 3260 1801 3331 τῆς

194 3346 387 3400 ἀνόδου
410 3349 491 3411 είς
515 3349 617 3418 τὴν
644 3350 1054 3420 αἰχμαλωσίαν.
1085 3351 1265 3404 Ὅπου
1294 3351 1405 3420 γὰρ
1426 3351 1530 3406 οὐκ
1550 3347 1621 3423 ἦν
1646 3353 1798 3419 ναὸς,

189 3438 315 3492 οὐδὲ
360 3440 563 3508 ἱερεὺς,
605 3440 729 3493 οὐδὲ
757 3440 1170 3512 θυσιαστήριον,
1203 3443 1333 3495 οὐδὲ
1384 3443 1566 3509 θυσία,
1613 3442 1667 3496 τί
1721 3444 1802 3497 δι-

190 3530 421 3599 ενήνοχε
452 3527 563 3582 τῶν
611 3532 670 3582 ὲν
714 3529 1070 3601 αἰχμαλωσίᾳ
1107 3530 1367 3598 ζώντων;
1414 3532 1511 3585 καὶ
1552 3530 1713 3585 τοῦτο
1742 3531 1800 3585 δὲ

190 3626 295 3695 τῆς
345 3619 767 3693 φιλανθρωπίας
818 3622 1133 3676 αὑτοῦ.Διὰ
1180 3621 1342 3675 τοῦτο
1394 3624 1489 3676 ἐπὶ
1540 3624 1799 3695 Δαρείου,

193 3734 271 3787 φη
282 3716 355 3782 at,
380 3716 520 3786 μετὰ
539 3715 848 3787 τὴν¹ἀνοδον
869 3714 1146 3769 τοσούτων
1170 3716 1558 3787 παρελθόντων
1589 3717 1802 3789 καιρῶν

191 3810 369 3879 λέγει,
398 3809 555 3874 Ἕως
577 3809 723 3862 πότε
743 3808 1074 3878 ὑπερεῖδες,
1101 3810 1302 3878 Κύριε,
1330 3810 1447 3877 τὴν
1486 3808 1800 3877 Ἱερουιγα-

192 3902 357 3972 alin;
379 3902 559 3957 τοῦτο
578 3902 1035 3972 ἑϐδομηκοστὸν
1057 3901 1345 3968 ἕτος,τότε
1367 3902 1713 3972 πληροῦσθαι
1734 3904 1804 3958 τὰ

196 3992 593 4062 ἕϐδομήκοντα.
628 3992 781 4044 Ποιεί
809 3992 864 4043 δὲ
910 3992 1045 4043 αὐτὸ
1077 3992 1172 4044 καὶ
1214 3992 1272 4043 ὲν
1309 3991 1552 4057 κολάσει,
1590 3993 1800 4062 λόγων·

208 4083 461 4138 Ἑκατὸν
480 4083 721 4138 εἴκοσιν
736 4084 888 4137 ἐτῶν
909 4086 1079 4139 ἔσται
1097 4088 1135 4155 ἡ
1159 4085 1270 4154 ζ’ωὴ
1302 4087 1425 4141 τῶν
1446 4088 1799 4156 ἀνθρώπων,

197 4177 295 4231 καὶ
329 4176 523 4230 ἑκατὸν
552 4176 647 4247 ἐτη
672 4176 863 4241 ζῶσιν.
908 4178 1163 4249 Ἐποίησε
1196 4179 1252 4231 δὲ
1298 4180 1431 4233 αὐτὸ
1460 4182 1557 4234 καὶ
1583 4182 1677 4234 ἐπὶ
1702 4183 1802 4251 τῆς

199 4270 580 4333 ἀναστάσεως·
604 4268 776 4322 εἰπὼν
795 4270 927 4341 γὰρ,
951 4271 1033 4323 δτι
1054 4270 1097 4324 Τ
1092 4270 1223 4337 pqu
1244 4272 1493 4341 ἡμέρας,
1518 4273 1617 4327 καί
1644 4275 1805 4343 τρεῖς

200 4362 467 4426 νύκτας,
512 4363 580 4432 τῇ
626 4361 789 4432 τρίτῃ
838 4360 1025 4432 ἡμέρᾳ
1075 4362 1385 4418 ἀνίσταται.
1443 4363 1587 4417 Ἀλλ’
1623 4366 1804 4420 ἐκεῖνο

206 4454 308 4525 μδν
339 4452 760 4525 φιλανθρωπίας
785 4449 853 4524 ἦν
877 4454 1128 4519 εἰκότως,
1160 4453 1321 4507 τοῦτο
1344 4454 1401 4508 δὲ
1430 4456 1591 4520 ποίας
1616 4457 1805 4527 φιλαν-

204 4544 496 4615 θρωπίαςλ
515 4544 663 4606 τίνος
680 4539 774 4597 οὖν
787 4544 977 4598 ἕνεκεν
994 4547 1090 4598 καὶ
1110 4546 1171 4598 τδ
1183 4547 1488 4618 τριήμερον
1503 4549 1765 4619 ἐποίησεν
1785 4567 1801 4615 ;
1839 4532 1881 4587 D

205 4626 781 4709 itszsﬁtstsuﬂﬁvat,
823 4637 905 4689 ὅτι
955 4635 1403 4709 [τε]τελεύτηκεν
1431 4658 1445 4671 ·
1474 4641 1651 4695 πολλά
1696 4644 1807 4714 γὰρ

205 4728 422 4797 γίνεται
458 4727 549 4781 διὰ
576 4728 754 4780 τοῦτο.
798 4728 959 4791 Τίνος
988 4724 1083 4783 οὖν
1115 4729 1307 4783 ἕνεκεν
1337 4732 1437 4784 οὐκ
1481 4732 1808 4803 ἐπλήρωσεν

206 4819 361 4882 αὐτὸ,
398 4821 572 4873 εἰπὼν
594 4863 610 4885 ,
639 4820 722 4873 ὅτι
762 4819 917 4873 ἔσται
950 4822 1009 4873 ὲν
1048 4823 1113 4892 τῇ
1156 4822 1358 4894 καρδίᾳ
1397 4824 1497 4893 τῆς
1525 4825 1630 4894 γῆς
1659 4830 1812 4898 τρεῖς

206 4911 431 4982 ἡμέρας
486 4913 581 4964 καὶ
629 4914 779 4980 τρεῖς
843 4911 1073 4979 νύκτας,
1114 4915 1147 4985 ἣ
1194 4914 1339 4967 ὥστε
1391 4916 1453 4968 τὸ
1503 4916 1665 4988 σῶμα
1735 4919 1811 4992 μὴ

204 5003 615 5075 διαφθαρῆναις
677 5004 742 5058 Τί
794 5007 924 5076 γὰρ,
975 5007 1077 5059 οὐκ
1132 5005 1363 5077 ἠδύνατο
1422 5012 1811 5082 συγκρατῆσαι

208 5094 346 5151 αὑτό
368 5112 383 5159 ;
413 5093 671 5165 ἠδύνατο,
696 5095 813 5148 ἀλλ’
838 5092 1095 5151 ἐϐούλετο
1124 5098 1484 5169 πιστευθῆναι
1511 5102 1614 5172 τὴν
1646 5102 1812 5170 φύσιν

208 5189 287 5249 ὡς
310 5188 527 5251 οὐδενὸς
548 5188 801 5259 ἀπήλαυε
827 5190 1004 5255 ξένου.
1028 5191 1187 5255 Τινές
1216 5210 1346 5261 φασι
1371 5193 1458 5249 διὰ
1477 5198 1607 5259 τοὺς
1634 5197 1811 5270 μαθη-

208 5277 331 5341 τὰς,
369 5277 512 5331 ὥστε
552 5279 923 5351 διακρατῆσαι
966 5281 1151 5335 αὐτῶν
1190 5283 1292 5355 τὴν
1346 5286 1671 5341 ἀσθένειαν’
1721 5290 1810 5344 διὰ

210 5370 322 5438 γάρ
350 5387 436 5423 τοι
464 5373 626 5426 τοῦτο
655 5374 779 5427 οὐδὲ
812 5374 1080 5447 ἀνέμενεν
1107 5376 1273 5443 αὐτὸς
1319 5380 1565 5450 φανῆναι
1607 5383 1816 5450 αὐτοῖς,

211 5464 353 5518 ἀλλά
379 5468 492 5530 τοῖς,
518 5467 865 5535 εὐαγγελίοις
892 5469 1210 5542 προδισχεῖ.
1239 5472 1337 5526 καλ⁵
1378 5474 1597 5543 ἀνίησιν
1636 5476 1820 5531 αὐτῶν

212 5558 317 5627 τὴν
350 5556 615 5612 διάνοιαν·
657 5560 934 5628 Ἀπελθε,
976 5564 1167 5633 φησιν,
1193 5566 1326 5620 εἰπὲ
1364 5567 1491 5633 τοῖς
1526 5568 1820 5639 ἀδελφοῖς

208 5664 366 5718 lmu‘
405 5650 502 5703 καὶ
551 5649 659 5722 μὴν
699 5652 937 5722 ἠδύνατο
990 5654 1195 5719 εὐθέως
1241 5658 1436 5727 φανεὶς
1492 5659 1699 5731 μᾶλλον
1760 5661 1822 5714 τὸ

1909 3260 2445 3331 connumeravitque
2492 3264 2558 3315 ad
2618 3263 2794 3331 ipsam
2866 3260 3246 3331 captivitatem
3305 3268 3522 3327 tempus

1912 3370 2240 3426 regressus;
2279 3352 2369 3407 ubi
2408 3352 2558 3405 enim
2598 3367 2704 3406 non
2737 3360 2859 3404 erat
2894 3350 3181 3419 templum,
3232 3348 3518 3415 sacerdos,

1909 3448 2109 3511 altare,
2149 3443 2522 3505 sacriﬁcium,
2566 3441 2700 3511 quid
2756 3438 3046 3496 differebat
3085 3439 3234 3495 inter
3287 3441 3410 3505 hoc,
3463 3448 3523 3495 et

1909 3540 2098 3594 vivere
2136 3538 2189 3592 in
2222 3532 2590 3605 captivitate?
2627 3541 2685 3586 et
2743 3533 2848 3587 hoc
2886 3547 3020 3602 ergo
3059 3531 3261 3587 divinae
3302 3530 3523 3600 pietatis

1911 3642 2055 3689 erat.
2091 3632 2439 3700 Quapropter
2474 3638 2722 3697 tempore
2743 3626 2892 3681 Darii
2928 3636 3052 3696 post
3075 3639 3391 3695 regressum
3422 3622 3522 3685 ait,

1911 3741 2037 3781 cum
2075 3732 2158 3779 tot
2189 3723 2371 3792 elapsa
2401 3729 2587 3775 essent
2619 3729 2869 3789 tempora
2901 3717 3243 3788 :Usqueqne,
3268 3716 3522 3781 Domine,

1911 3816 2200 3885 despexisti
2228 3809 2582 3868 Jerusalem?
2629 3810 2732 3865 Hic
2774 3810 2896 3879 jam
2946 3808 3372 3879 septuagesima:
3427 3823 3527 3859 an-

1912 3909 2084 3976 nus‘,;
2110 3916 2170 3960 ut
2220 3914 2346 3961 tunc
2380 3903 2767 3971 compleantur
2819 3901 3194 3971 septuaginta.
3228 3898 3345 3954 Hoc
3382 3898 3525 3953 idem

1911 4012 1967 4056 et
1994 3998 2273 4069 puniendo
2297 3996 2433 4051 facit
2456 3992 2652 4052 dicens
2703 4013 2718 4050 :
2776 3994 3002 4049 Centum
3033 3994 3222 4063 viginti
3256 4008 3524 4045 annorum

1910 4093 2014 4148 erit
2056 4094 2159 4146 vita
2200 4090 2514 4145 Itominunt'
2543 4131 2559 4156 ,
2615 4100 2671 4145 et
2695 4098 2915 4144 centum
2947 4102 3120 4143 annos
3158 4087 3377 4139 vivunt.
3410 4083 3527 4139 Hoc

1911 4196 1967 4242 et
1998 4188 2051 4241 in
2087 4186 2497 4241 resurrectione
2529 4182 2702 4250 fecit;
2741 4198 2867 4236 nam
2918 4195 3041 4236 cum
3073 4181 3306 4234 dixisset
3350 4196 3364 4232 :
3403 4181 3525 4231 Tri—

1912 4277 2008 4331 bus
2061 4276 2268 4341 diebus,
2297 4284 2344 4329 el
2374 4278 2544 4327 tribus
2585 4272 2887 4339 noctibus“,
2921 4271 3010 4326 die
3048 4271 3214 4324 tertio
3263 4268 3524 4338 resurgit.

1913 4368 2021 4423 Sed
2044 4368 2172 4421 illud
2191 4381 2325 4421 sane
2342 4365 2563 4435 pietatis
2581 4374 2725 4426 erat,
2744 4364 2849 4417 hoc
2870 4371 3052 4415 autem
3071 4360 3360 4429 cuiusnam
3410 4368 3530 4411 erat

1912 4460 2130 4531 pietatis
2153 4460 2177 4513 τ
2199 4468 2255 4512 et
2276 4473 2376 4512 cur
2393 4458 2623 4513 omnino
2656 4456 2899 4510 triduum
2921 4452 3299 4523 exspectavit?
3322 4460 3526 4505 utcqu

1915 4561 2197 4607 mortuum
2231 4548 2407 4604 fuisse
2436 4551 2796 4603 crederetur:
2831 4562 2957 4600 nam
2986 4554 3208 4615 prOpter
3230 4544 3335 4598 hoc
3360 4543 3527 4597 multa

1915 4644 2069 4698 ﬁunt.
2101 4644 2287 4709 Quare
2312 4656 2443 4711 ergo
2477 4641 2605 4694 illud
2646 4655 2754 4693 non
2785 4638 3055 4707 implevit,
3090 4651 3214 4691 cum
3243 4633 3529 4689 dixeritsc

1916 4736 2033 4792 fore
2056 4738 2109 4790 in
2140 4734 2306 4789 corde
2333 4745 2493 4789 terra:
2513 4731 2687 4785 tribus
2727 4730 2922 4784 diebus
2945 4736 3000 4782 et
3029 4727 3202 4781 tribus
3234 4724 3528 4779 noctibus?

1916 4847 2010 4896 an,
2041 4845 2109 4885 ne
2144 4842 2345 4898 corpus
2394 4836 2848 4894 corrumperetur
2883 4840 2898 4878 :
2932 4822 3178 4890 nunquid
3218 4820 3349 4873 illud
3388 4834 3527 4873 cou-

1915 4936 2143 4978 servare
2193 4935 2299 4974 non
2359 4917 2619 4988 poterat?
2646 4924 2863 4987 poterat
2900 4915 3121 4986 utique;
3174 4913 3271 4968 sed
3310 4910 3529 4967 volebat

1915 5014 2092 5079 credi,
2151 5023 2407 5067 naturam
2469 5024 2627 5064 suam
2688 5008 2825 5062 nihil
2901 5007 3177 5077 peregrini
3244 5003 3525 5060 habuisse.

1917 5110 2149 5178 Quidam
2178 5115 2373 5179 putant
2428 5104 2481 5159 id
2515 5104 2586 5159 ob
2640 5102 2941 5172 discipulos
2975 5101 3205 5165 factum,
3254 5108 3527 5153 uteorum

1922 5202 2269 5271 prospiceret
2328 5196 2754 5251 imbecillitati:
2825 5195 3036 5251 idcirco
3112 5193 3260 5248 enim
3317 5200 3374 5247 et
3423 5187 3531 5244 iiiis

1921 5308 2191 5368 apparere
2242 5292 2358 5361 ipse
2427 5306 2535 5345 non
2584 5290 2871 5354 sustinuit,
2931 5288 3029 5343 sed
3086 5286 3247 5341 bonis
3319 5283 3531 5339 nuntiis

1919 5388 2221 5448 exhilarat,
2273 5395 2579 5453 eorumque
2611 5389 2855 5437 mentem
2900 5380 3157 5435 relaxat:
3210 5377 3378 5444 Vade,
3430 5378 3530 5439 ait,

1918 5482 2009 5534 dic
2041 5479 2297 5549 fratribus
2325 5475 2519 5539 meis',
2555 5484 2611 5527 et
2643 5482 2795 5528 certe
2833 5482 3057 5542 poterat
3112 5469 3307 5525 statim
3359 5483 3531 5536 appa-

1922 5588 2049 5627 reus
2076 5569 2340 5637 majorem
2384 5581 2487 5622 suo
2536 5565 2687 5620 dicto
2741 5564 2905 5619 ﬁdem
2954 5575 3189 5634 sperare
3242 5578 3255 5614 :
3322 5560 3418 5615 sed
3474 5570 3533 5610 ut

1918 5676 2109 5716 eorum
2138 5660 2357 5715 auditus
2390 5656 2838 5729 prmpararetnr'
2863 5674 2879 5722 ;
2901 5669 3081 5725 neque
3106 5653 3254 5707 enim
3281 5651 3533 5707 sciebant

326 5807 345 5838 ³
387 5807 739 5893 ﬂaturum,
773 5812 863 5868 '57.
910 5813 931 5845 ⁸
973 5811 1207 5870 lachar.
1248 5831 1287 5882 t,
1323 5816 1404 5871 I2.
1484 5818 1503 5847 "
1544 5818 1683 5872 Gen.
1719 5834 1792 5884 γι,
1828 5818 1883 5873 '5.
1963 5820 1982 5847 "
2020 5817 2214 5872 Matth.
2248 5833 2346 5884 Ml,
2374 5817 2461 5871 ιο.
2541 5817 2562 5848 ⁷
2602 5815 2762 5873 Joan.
2798 5832 2893 5882 xx,
2938 5814 3023 5868 l7.
3102 5811 3122 5838 "
3170 5810 3299 5864 ibid.
3331 5810 3385 5864 θ.
