4226 6438
246 430 362 492 957

1352 422 1782 482 FRAGMENTA
1819 421 1889 479 ΙΝ
1925 420 2298 479 JEREMIAM.

3438 409 3545 467 958

255 536 469 612 μαστοῦ
516 538 729 613 μέλλων
768 536 1291 610 καταψηφίζεσθαι,
1335 539 1504 594 αὐτὸν
1558 537 1640 603 είς
1680 537 1846 608 μέσον

1960 536 2187 606 aliquem
2236 503 2492 608 magnum
2528 543 2584 591 et
2634 535 2917 607 egregium
2975 534 3211 598 laturus,
3270 532 3542 603 producat

251 636 454 705 ἀγάγοι
487 636 582 690 τὸν
625 635 814 707 ἀνδρα.
864 635 931 688 Τί
969 634 1190 704 λέγεις;
1220 634 1283 688 οὐ
1316 631 1611 706 προλαϐὼν
1650 627 1805 694 εἶπες
1828 669 1844 696 ,

246 732 337 786 ὅτι
367 729 581 800 Ὥσπερ
606 728 676 782 τὰ
693 727 836 782 σῦκα
864 728 935 782 τὰ
962 728 1199 800 πονηρὰ,
1228 726 1406 792 οὕτως
1432 725 1636 790 αὐτοὺς
1650 723 1844 788 δὼσως

250 821 374 884 πῶς
406 817 501 875 οὖν
529 820 688 883 δίδως
717 819 910 875 ἐλπίδα
945 819 1292 891 μεταϐολῆς;

323 910 422 976 Μὴ
458 910 719 980 ἀφέλῃς.

324 1000 484 1065 Τίνος
500 1003 690 1056 ἕνεκεν
724 1001 1176 1075 παραγγέλλεις;
1210 1003 1308 1074 οὐχ
1329 1002 1407 1066 ὡς
1434 999 1597 1055 τοῦτο
1629 999 1848 1054 ποιοῦν-

249 1107 347 1154 τος
378 1091 476 1145 τοῦ
511 1095 833 1164 προφήτου;
865 1094 942 1165 μὴ
973 1093 1191 1164 γένοιτο
1213 1110 1228 1125 ο
1257 1093 1375 1150 ἀλλ’
1409 1093 1498 1147 ἵνα
1524 1089 1848 1158 ἀξιόπιστον

249 1198 462 1257 ποιησῃ
494 1184 588 1237 τὸν
619 1184 809 1253 λόγον,
846 1186 944 1240 καὶ
978 1186 1184 1257 μᾶλλον
1214 1187 1416 1249 αὐτοὺς
1453 1184 1619 1254 πείσῃ
1675 1200 1850 1254 προσ-

250 1273 402 1346 έχειν
427 1292 440 1307 ·
491 1277 586 1330 καὶ
608 1277 748 1341 ὅλως
770 1279 1080 1349 ἀναγκαίας
1107 1279 1274 1352 οὔσης
1293 1277 1550 1350 λεχθῆναι
1579 1277 1679 1350 τῆς
1711 1293 1848 1349 προ-

250 1366 507 1437 φητείας.

328 1460 510 1524 Ἴσως
541 1457 932 1515 ἀκούσονται.

326 1547 600 1614 Πολλάκις
643 1549 934 1622 συμϐαίνει
973 1551 1050 1616 ὡς
1090 1552 1183 1605 ἐπὶ
1221 1552 1334 1606 τῶν
1373 1552 1719 1606 ἀνελπίστων
1752 1552 1848 1606 καὶ

251 1638 739 1710 ἀπεγνωσμένων·
769 1640 932 1695 τοῦτο
964 1641 1146 1696 πείθει
1174 1642 1266 1696 τὸν
1299 1643 1625 1714 προφήτην,
1665 1645 1850 1710 Ἴσως

252 1730 663 1796 ἀκούσονται,
703 1734 732 1785 6
777 1733 962 1788 πάντα
1002 1733 1270 1806 προειδώς
1305 1751 1476 1806 φησι,
1511 1735 1610 1789 καὶ
1651 1736 1732 1800 είς
1761 1736 1850 1788 έλ-

253 1821 386 1876 πίδα
419 1821 570 1890 ἄγων
603 1823 823 1886 αὐτούς.
873 1825 1033 1887 Ἴσως
1085 1826 1396 1896 συμϐαίνει.
1447 1826 1521 1880 Τὸ
1558 1827 1742 1894 ισως,
1789 1829 1849 1880 ὲν

250 1915 323 1985 τῇ
349 1913 541 1986 Γραφῇ
576 1916 669 1968 ἐπὶ
699 1915 992 1985 βεϐαιώσει
1022 1917 1260 1986 λέγεται.
1295 1920 1466 1986 Ἴσως
1495 1920 1607 1988 γὰρ
1634 1919 1841 1987 ἐντρα-

253 2004 560 2072 πήσονται
605 2008 714 2060 τὸν
750 2010 888 2063 υίόν
918 2027 1073 2080 μου,
1107 2009 1230 2065 ἀντὶ
1273 2010 1370 2064 τοῦ
1412 2010 1722 2080 ὀφείλουσιν
1754 2013 1845 2065 ὲν-

251 2099 556 2169 τραπῆναι.

327 2188 442 2242 Kal
469 2189 858 2261 ἀποστροφῇ.

331 2279 508 2334 Τοῦτο
561 2282 799 2353 μάλιστα
830 2281 1028 2355 ἢθελεν
1067 2285 1097 2338 6
1144 2287 1438 2358 προφήτης
1471 2285 1744 2341 ἀκοῦσαι·
1775 2288 1850 2342 Σὺ

258 2369 443 2440 βούλει
499 2373 988 2444 παρακινδυνεῢσα
1053 2376 1141 2430 ἐπ’
1192 2375 1370 2432 ἑλπίδι
1414 2378 1680 2450 τοιαύτῃ·
1728 2381 1852 2434 εἰπὲ

255 2457 376 2529 οὖν,
408 2463 600 2528 Οὕτως
615 2460 738 2518 εἷπε
769 2466 998 2538 Κύριος.

327 2555 443 2609 Kal
480 2555 654 2610 δώσω
691 2558 800 2612 τὸν
841 2554 1032 2616 οἷκον.

336 2648 404 2700 το
453 2647 689 2717 μάλιστα
727 2649 930 2714 αὐτοὺς
975 2649 1202 2704 ἐλύπει·
1245 2652 1390 2723 μέγα
1428 2652 1542 2725 γὰρ
1586 2653 1852 2724 ἐφρόνουν

257 2740 354 2795 επὶ
384 2739 464 2811 τῷ
497 2739 631 2813 ναῷ.

333 2839 353 2857 '
375 2836 552 2904 Πλὴν
580 2831 712 2904 χεὶρ
745 2832 998 2904 Ἀχικάμ
1023 2833 1163 2889 υίοῦ
1186 2833 1476 2905 Σαφανῆς
1489 2835 1643 2905 μετὰ
1676 2836 1852 2904 Ἰερε-

255 2930 403 3000 μίου
426 2968 443 2994 ,
474 2927 583 2982 τοῦ
607 2926 694 2998 μὴ
723 2924 1131 2996 παραδοθῆναι
1162 2928 1250 2993 είς
1287 2927 1493 2997 χεῖρας
1521 2928 1630 2984 τοῦ
1657 2928 1815 2984 λαοῦ
1834 2969 1849 2994 ,

259 3019 372 3074 τοῦ
394 3017 481 3088 μὴ
508 3017 751 3073 ἀνελεῖν
777 3017 984 3073 αὐτόν.

335 3110 600 3164 Τουτέστι
625 3151 640 3175 ,
693 3110 964 3181 ἐμήνυσεν
1003 3108 1155 3181 αύτῷ
1199 3109 1303 3175 τὰς
1345 3109 1672 3178 ἐπιϐουλὰς,
1710 3111 1853 3167 ὥστε

261 3202 536 3294 ἐκκλῖναι.
569 3201 755 3256 Ταῦτα
782 3201 1098 3266 ἀκολούθως
1123 3205 1301 3257 κεῖται
1328 3205 1394 3275 τῇ
1427 3204 1761 3276 προφητείᾳ,
1794 3207 1854 3258 ὲν
1879 3233 1925 3294 c

257 3288 349 3359 οἷς
374 3295 607 3367 ἄρχεται
646 3295 746 3365 τῆς
799 3293 1077 3365 βασιλείας
1141 3294 1432 3366 Ἰωακεὶμ,
1467 3295 1545 3360 ὡς
1593 3297 1855 3368 ἀνωτέρω

265 3384 746 3459 ἑπεσημηνάμεθα
765 3401 778 3415 ·
811 3384 942 3438 ἔνθα
967 3385 1352 3456 προεφήτευσε
1384 3384 1488 3454 τῆς
1517 3385 1732 3449 πόλεως
1757 3387 1855 3440 καὶ

260 3477 364 3532 τοῦ
408 3477 539 3531 ναοῦ
576 3477 676 3548 τὴν
712 3476 949 3542 ἀλωσιν,
988 3476 1242 3549 καθάπερ
1288 3475 1390 3549 ἤδη
1446 3478 1715 3550 πρότερον
1763 3479 1856 3533 ἐπὶ

267 3567 368 3638 τῆς
427 3564 578 3619 Σελὼ
617 3563 856 3634 ἐγένετο.
918 3565 1093 3635 Δῆλον
1149 3560 1244 3618 οὖν
1277 3566 1362 3619 ὅτι
1407 3567 1552 3637 ἅπερ
1593 3568 1855 3637 ἀνωτέρω

266 3657 395 3712 εἷπε
423 3658 565 3712 κατά
592 3655 686 3712 τοῦ
731 3657 1008 3728 Ἰωακεὶμ,
1037 3657 1120 3710 ὅτι
1146 3657 1357 3727 ταφείῳ
1389 3659 1461 3712 οὐ
1488 3658 1853 3728 ταφήσεται,

268 3750 365 3804 καὶ
397 3749 498 3804 ὅσα
521 3747 750 3803 τοιαῦτα
775 3749 916 3803 κατά
943 3747 1136 3802 τοῦτον
1165 3743 1288 3804 εἷπε
1315 3748 1410 3802 τὸν
1435 3750 1660 3820 τρόπον,
1695 3750 1859 3822 ἡνίκα

272 3837 686 3911 συλλαϐόμενος
747 3839 914 3894 αὐτὸν
962 3839 1177 3894 ἀνελεῖν
1219 3839 1544 3908 ἠϐούλοντο,
1591 3841 1670 3906 ὡς
1714 3842 1858 3898 κατά

267 3927 373 3999 τῆς
423 3928 636 3993 πόλεως
680 3928 946 4001 είρηκότα
998 3928 1166 3984 κακά.
1238 3927 1380 3983 Ἀλλ’
1421 3931 1450 3984 6
1479 3929 1718 3998 συνθεὶς,
1763 3930 1858 3984 τοῦ

270 4021 556 4092 τηοοφήτου
600 4020 670 4074 τά
716 4021 940 4092 ῥήματα
987 4023 1237 4076 τέθεικεν
1271 4021 1412 4076 αύτά
1455 4021 1752 4093 ἀνωτέρω,
1789 4022 1859 4076 δι’

266 4111 340 4184 ἢν
386 4114 568 4166 αἰτίαν
605 4111 856 4184 ἔφαμεν,
901 4111 1046 4166 ὥστε
1089 4113 1254 4182 δῆλον
1291 4114 1368 4176 ὠς
1395 4112 1457 4166 οὐ
1499 4113 1861 4183 διατέτμηται

270 4205 384 4274 τῆς·
410 4203 686 4275 προτέρας
724 4203 1056 4268 ἀκολουθίας
1087 4206 1273 4258 ἐκεῖνα
1293 4220 1307 4234 ’
1341 4207 1520 4258 κεῖται
1549 4204 1609 4259 δὲ
1649 4203 1772 4258 καθ’
1799 4204 1860 4259 δν

269 4295 709 4366 ἡρμηνεύσαμεν
739 4295 962 4369 τρόπον.

347 4387 455 4441 Kal
483 4387 602 4441 νῦν
623 4388 914 4455 ,βελτίους
947 4388 1244 4455 ποιήσατε
1271 4390 1473 4458 ὁδούς.

345 4478 491 4550 Ὅρα
529 4478 649 4542 πῶς
693 4477 945 4550 [videtur
985 4480 1321 4549 superfluere
1371 4480 1514 4554 πῶς]
1560 4482 1685 4536 ἀντὶ
1725 4481 1863 4534 ἀπο-

1953 628 2105 684 illum
2137 629 2192 684 in
2219 630 2485 684 medium.
2535 627 2678 696 Quid
2711 628 2834 683 uis?
2859 624 3053 682 Nonne
3085 634 3246 680 antea
3297 625 3541 688 dicebas,

1952 728 2007 775 te
2039 723 2186 776 sicut
2215 720 2386 775 malas
2434 719 2570 775 ﬁcus
2595 761 2610 786 ,
2647 720 2720 774 ita
2774 734 2872 775 eos
2923 715 3218 775 daturum?
3266 715 3542 787 quomodo

1946 812 2112 884 igitur
2147 827 2300 883 spem
2334 813 2655 868 mutationis
2680 811 2930 882 praebes?

2021 903 2156 958 Noli
2183 903 2520 959 subtrahere.

2015 994 2130 1049 Cur
2155 995 2230 1050 ita
2263 997 2533 1053 mandas?
2562 996 2718 1066 quasi
2746 995 2801 1050 id
2835 993 3105 1066 propheta
3147 1005 3256 1046 non
3286 986 3545 1045 faceret?

1951 1085 2126 1153 absit;
2155 1089 2250 1144 sed
2281 1099 2340 1143 ut
2367 1089 2528 1144 ﬁdem
2567 1089 2812 1145 sermoni
2835 1088 3068 1152 laceret,
3105 1098 3310 1154 eosque
3356 1089 3538 1138 atten-

1954 1180 2122 1235 tiores
2147 1180 2436 1248 redderet;
2473 1181 2708 1252 denique
2728 1181 2858 1250 quia
2883 1191 3114 1235 necesse
3141 1183 3261 1233 erat
3307 1172 3546 1245 prophe-

1949 1271 2084 1326 tiam
2115 1271 2442 1326 renuntiari.

2027 1453 2196 1510 Vens.
2238 1455 2293 1510 5.
2329 1453 2589 1510 Fortasse
2621 1454 2865 1509 audient.

2022 1546 2180 1617 Saepe
2229 1547 2430 1602 accidit
2485 1557 2546 1602 ut
2593 1548 2647 1602 in
2700 1547 2863 1602 rebus
2910 1543 3243 1616 desperatis,
3290 1548 3348 1596 et
3392 1540 3540 1596 nulla

1951 1655 2048 1710 spe
2078 1642 2414 1708 exspectatis
2460 1658 2474 1694 :
2535 1640 2638 1694 hoc
2684 1638 2962 1708 prophetae
3013 1638 3225 1693 suadet.
3287 1633 3549 1688 Fortasse

1951 1731 2194 1794 audient,
2223 1728 2425 1798 inquit,
2459 1728 2555 1796 qui
2584 1729 2769 1783 omnia
2805 1728 2978 1792 novit,
3024 1737 3078 1781 et
3127 1726 3195 1779 ad
3245 1738 3395 1793 spem
3449 1737 3548 1777 eos

1953 1821 2125 1876 ducit.
2159 1819 2324 1876 Forte
2355 1819 2587 1887 accidit;
2619 1819 2846 1888 fortasse
2895 1819 2948 1872 in
2983 1818 3182 1872 divinis
3207 1815 3432 1870 Litteris
3480 1814 3546 1867 ad

1954 1911 2389 1967 conﬁrmandum
2437 1910 2704 1980 ponitur:
2758 1907 3013 1963 Fortasse
3058 1906 3199 1962 enim
3228 1904 3551 1961 verebuntur

1954 2003 2134 2072 ﬁlium
2176 2018 2376 2068 meum,
2409 2016 2534 2073 pro,
2575 2001 2777 2057 debent
2809 1999 3014 2055 vereri.

2032 2183 2197 2241 Vnns.
2230 2185 2286 2240 4.
2311 2187 2380 2239 Et
2403 2193 2691 2239 avertetur.

2030 2278 2144 2332 Hoc
2175 2279 2450 2348 praecipue
2483 2277 2700 2333 volebat
2730 2276 2924 2332 audire
2981 2275 3250 2348 propheta
3287 2292 3300 2330 :
3330 2272 3410 2328 Tu
3466 2275 3551 2328 vis

1956 2371 2061 2427 hac
2106 2385 2203 2439 spe
2249 2369 2441 2425 subire
2498 2369 2842 2440 periculum;
2896 2368 2986 2424 die
3035 2368 3246 2439 igitur,
3281 2368 3362 2423 sic
3410 2365 3551 2420 dixit

1959 2463 2246 2518 Dominus.

2027 2553 2197 2612 Vens.
2235 2554 2291 2611 6.
2321 2553 2391 2610 Et
2413 2555 2550 2609 dabo
2578 2557 2795 2610 domum
2817 2557 2975 2610 hanc.

2030 2643 2186 2710 Quod
2220 2646 2458 2700 maxime
2488 2645 2609 2700 illos
2640 2645 2899 2714 angebat,
2942 2642 3098 2699 valde
3151 2641 3298 2698 enim
3350 2649 3554 2696 treme-

1956 2734 2108 2795 bant.
2147 2738 2293 2804 quod
2328 2735 2589 2805 templum
2630 2735 2922 2792 haberent.

2032 2824 2240 2880 'Vsns.
2294 2826 2384 2881 12.
2436 2825 2819 2881 Verumtamen
2867 2842 3059 2880 manus
3113 2825 3372 2879 Aclticam
3449 2821 3554 2883 lilii

1960 2917 2179 2988 Sapltan
2210 2935 2330 2972 cum
2357 2918 2618 2985 Jeremia,
2677 2929 2736 2972 ut
2777 2936 2885 2974 non
2924 2919 3228 2973 trade'etur
3275 2917 3330 2971 in
3365 2932 3560 2970 manus

1959 3010 2166 3080 populi,
2197 3027 2260 3065 ne
2293 3012 2651 3078 interficerent
2683 3029 2826 3068 eum.

2027 3101 2142 3157 Hoc
2164 3111 2268 3168 est,
2296 3102 2370 3155 illi
2392 3103 2671 3171 patefacit,
2692 3115 2752 3158 ut
2780 3114 3020 3159 structas
3042 3103 3280 3159 evitaret
3301 3099 3553 3155 insidias.

1961 3191 2088 3248 Haec
2119 3193 2514 3248 continuantur
2543 3203 2601 3248 ut
2653 3195 3044 3264 consequentia
3094 3193 3440 3264 prophetiam
3483 3191 3556 3245 de

1959 3282 2046 3338 his
2076 3298 2198 3353 qua:
2227 3295 2474 3353 cmperat
2502 3287 2654 3357 regni
2679 3284 2954 3351 Joachim,
2988 3294 3048 3341 ut
3086 3286 3339 3354 superius
3382 3285 3558 3340 adno-

1961 3374 2214 3437 tavimus,
2271 3375 2383 3440 ubi,
2429 3384 2486 3430 et
2516 3376 2763 3431 civitatis
2809 3387 2865 3431 et
2929 3375 3116 3445 templi
3173 3375 3542 3429 vastationem

1959 3466 2292 3521 vaticinatus
2325 3475 2434 3532 est,
2469 3467 2689 3524 sicutet
2720 3467 2882 3537 paulo
2912 3477 3043 3522 ante
3081 3468 3147 3524 de
3185 3467 3315 3522 Selo
3369 3477 3550 3521 actum

1961 3558 2160 3613 fuerat.
2242 3559 2591 3614 Manifestum
2649 3560 2836 3631 itaque
2912 3571 3018 3627 est,
3100 3575 3223 3629 qua:
3301 3560 3558 3628 superius

1967 3657 2160 3704 contra
2196 3647 2444 3705 Joachim
2475 3652 2900 3721 pronuntiaret,
2947 3651 3227 3722 sepultura
3275 3650 3557 3717 videlicet,

1963 3759 2071 3797 non
2114 3743 2416 3811 sepelietur,
2452 3753 2510 3798 et
2559 3743 2763 3799 similia
2807 3745 2911 3800 hoc
2960 3753 3123 3814 pacto
3170 3742 3399 3806 dixisse,
3430 3755 3555 3795 eum

1963 3834 2117 3889 illum
2199 3835 2602 3904 apprehensum
2676 3837 2996 3892 interimere
3065 3834 3349 3900 volebant,
3413 3835 3559 3903 quod

1964 3925 2108 3979 mala
2149 3925 2203 3979 in
2251 3925 2537 3981 civitatem
2593 3927 2940 3997 protulisset.
2976 3928 3084 3984 Sed
3139 3927 3231 3996 qui
3278 3928 3560 3997 propheta“:

1963 4017 2130 4072 verba
2159 4018 2212 4070 in
2241 4032 2408 4072 unum
2446 4018 2668 4087 collegit
2710 4022 2917 4091 posuit,
2947 4036 3010 4076 ea
3047 4021 3301 4090 superius
3340 4019 3411 4075 ob
3443 4020 3558 4091 jam

1965 4110 2165 4166 dictam
2195 4126 2449 4179 causam,
2474 4113 2548 4167 ita
2581 4121 2640 4168 ut
2665 4116 3015 4184 perspicuum
3038 4119 3132 4181 sit,
3167 4116 3283 4169 haec
3313 4130 3342 4168 a
3385 4117 3560 4185 prima

1966 4201 2115 4256 serie
2148 4218 2257 4258 non
2307 4218 2431 4260 esse
2455 4205 2690 4272 divulsa,
2723 4206 2822 4262 sed
2874 4207 3052 4278 posita
3109 4221 3176 4261 eo
3237 4221 3347 4277 quo
3384 4207 3564 4279 expli-

1967 4291 2218 4349 cavimus
2258 4297 2442 4350 modo.

2040 4385 2208 4442 Vens.
2243 4387 2331 4441 15.
2362 4385 2439 4442 Et
2466 4387 2888 4454 nuncmeliores
2915 4389 3079 4458 facile
3102 4391 3216 4445 vias
3254 4403 3482 4450 uestras.

2047 4477 2348 4534 Considera
2382 4491 2442 4533 ut
2489 4478 2610 4534 loco
2647 4478 3014 4547 defendentis,
3067 4492 3252 4551 partes
3309 4484 3412 4537 sibi
3477 4499 3568 4539 as-

271 4571 643 4642 λογουμένου,
687 4571 1010 4627 διδασκάλου
1052 4571 1291 4626 λαϐόντα
1336 4573 1514 4640 τάξιν.
1575 4575 1652 4627 Οὐ
1701 4574 1856 4644 ζητεῖ

1969 4569 2268 4640 sumpserit
2296 4570 2567 4641 magistri.
2596 4569 2716 4625 Non
2765 4575 2963 4642 quaerit
3016 4575 3290 4643 quomodo
3346 4575 3564 4646 pericu-

273 4663 427 4727 ὄπως
477 4662 568 4715 τὸν
619 4661 866 4727 κίνδυνον
918 4662 1199 4736 διαφύγῃ,
1250 4663 1366 4718 ἀλλ’
1417 4666 1567 4731 ὅπως
1614 4666 1862 4728 ἐκείνους

274 4754 372 4822 tea
381 4755 564 4828 ρπάσῃ
593 4755 704 4809 τῶν
735 4753 948 4810 δεινῶν.

352 4844 461 4900 Kal
496 4847 819 4901 ἀκούσατε.

351 4937 415 4992 El
446 4938 557 5007 γὰρ
600 4937 676 5008 μὴ
718 4937 962 5010 τιμωρία
1005 4937 1337 5010 προῦκειτο,
1376 4939 1427 4993 εί
1455 4938 1568 5010 γὰρ
1610 4938 1686 5010 μὴ
1717 4938 1868 4994 δεινά

274 5047 401 5085 τινα
428 5030 717 5101 ἡπείλητο,
741 5029 837 5084 τοῦ
862 5030 999 5084 Θεοῦ
1027 5029 1187 5102 ἡμῶν
1207 5031 1432 5087 ἀκούειν
1453 5032 1558 5085 οὐκ
1583 5030 1790 5102 εχρῆνς

351 5119 462 5176 Καί
490 5121 812 5176 παύσεται.

345 5211 412 5266 Τί
443 5211 635 5266 τούτου
680 5212 1126 5286 λυσιτελέστερον
1159 5212 1256 5267 τοῦ
1298 5213 1499 5283 λόγους
1551 5212 1693 5268 Ἀλλ’
1735 5215 1868 5269 ἀπι-

280 5306 497 5369 assist;
535 5306 614 5376 μὴ
646 5304 905 5376 γὰρ-ἑγὼ
941 5306 1115 5360 ταῦτα
1159 5305 1575 5378 ἀποφαίνομαι;
1616 5306 1676 5361 '0
1714 5306 1867 5372 Θεός.

280 5395 377 5466 Μὴ
412 5396 522 5467 γὰρ
549 5397 579 5450 6
610 5395 773 5462 Θεός;
823 5397 1017 5469 Ὑμεῖς
1054 5397 1179 5453 καθ’
1210 5397 1441 5453 ἑαυτῶν.

353 5485 464 5540 Kal
484 5484 616 5540 ίδοὺ
645 5485 791 5556 ἐγὼ,
824 5487 894 5541 ἐν
920 5489 1137 5558 χερσίν
1165 5489 1354 5559 ὑμῶν.

358 5576 424 5629 Τί
454 5575 582 5642 ούν;
617 5577 712 5631 ἔάν
734 5578 1024 5644 ἀποθάνω,
1057 5579 1159 5634 οὐκ
1191 5581 1344 5638 ἔσται
1373 5582 1584 5651 ταύτας
1610 5583 1749 5655 Περὶ
1776 5584 1873 5639 τοῦ

285 5667 564 5736 Στεφάνου
603 5665 829 5737 ελεγονο
868 5669 1000 5722 Ὅτι
1040 5670 1225 5724 λαλεῖ
1252 5672 1495 5742 ῥήματα
1531 5673 1877 5746 ,ϐλάσφημα

287 5758 439 5814 κατὰ
467 5759 578 5814 τοῦ
611 5759 801 5816 τόπου
829 5761 937 5818 τοῦ
960 5762 1136 5832 ἁγίου
1167 5766 1401 5822 τούτου.

359 5854 380 5886 ⁹
425 5853 544 5907 Act.
570 5869 645 5920 vt,
681 5853 769 5908 11.

1974 4663 2085 4719 lum
2110 4665 2285 4735 possit
2305 4666 2563 4732 evadere,
2593 4667 2688 4722 sed
2719 4675 2780 4722 ut
2808 4667 2932 4724 illos
2959 4677 3116 4724 eruat
3143 4683 3174 4725 a
3207 4669 3389 4725 malis.

2043 4849 2115 4904 Et
2149 4850 2355 4906 audite.

2044 4940 2182 4995 Nam
2212 4943 2257 4995 si
2285 4953 2445 5011 plena
2471 4954 2586 4995 non
2615 4951 2763 4998 esset
2802 4944 3103 5014 proposita,
3139 4945 3184 5001 si
3238 4946 3399 5002 mina:
3439 4963 3561 5004 ms-

1974 5033 2155 5088 lorunt
2187 5033 2350 5088 nulla:
2373 5043 2582 5101 essent,
2614 5049 2798 5092 nonne
2825 5036 3019 5091 audire
3046 5035 3218 5093 Deum
3242 5048 3518 5108 oporteret
3541 5040 3566 5095 ?

2046 5123 2115 5179 Et
2135 5126 2384 5180 cessabit.

2046 5217 2190 5284 Quid
2240 5219 2348 5275 hoc
2382 5234 2644 5279 sermone
2687 5223 3135 5280 conducibilius?
3187 5224 3256 5278 At
3287 5241 3395 5281 non
3445 5242 3570 5286 cre-

1974 5312 2271 5383 ditislego
2309 5328 2427 5368 sum
2466 5316 2562 5384 qui
2604 5317 2939 5372 sententiam
2972 5317 3239 5389 profero?
3286 5321 3430 5379 Deus
3462 5333 3567 5378 est.

1976 5403 2116 5458 Num
2161 5405 2340 5461 Deus?
2373 5407 2481 5463 Vos
2505 5408 2562 5462 in
2588 5409 2977 5480 vosmetipsos.

2047 5493 2215 5549 Vens.
2245 5495 2331 5549 14.
2352 5499 2424 5551 Et
2447 5513 2566 5551 eccs
2585 5500 2639 5552 in
2658 5500 2904 5555 manibus
2939 5503 3146 5567 vestris,
3173 5502 3354 5572 facile.

2050 5585 2189 5652 Quid
2217 5587 2444 5657 agitur?
2467 5591 2511 5644 si
2547 5606 2650 5662 ego
2693 5594 2923 5659 moriar,
2963 5596 3081 5651 hazc
3131 5611 3238 5651 non
3266 5593 3469 5650 erunt?
3510 5597 3568 5652 (St

1977 5677 2046 5732 de
2079 5677 2360 5749 Stephano
2410 5681 2704 5739 dicebant:
2736 5683 2892 5751 Quod
2950 5685 3189 5758 loquitur
3236 5687 3396 5744 verba
3425 5689 3567 5743 blas-

1978 5770 2167 5840 phema
2193 5771 2250 5825 in
2276 5773 2452 5830 locum
2479 5785 2723 5832 sanctum
2751 5777 2893 5833 latine
2925 5780 2970 5834 ⁸.
