4226 6456
279 434 385 495 9M

1419 423 1855 482 FRAGMENTA
1897 423 1966 478 1N
2003 398 2384 481 tenemur.

3496 420 3609 476 962

280 554 459 620 ταίοις
500 552 601 609 καὶ
660 554 775 617 τοῖς
818 549 1340 624 ψευδοπροφήταις·
1383 548 1462 613 ὡς
1502 550 1570 603 ἂν
1600 549 1661 614 ἐξ
1710 546 1894 601 αὐτῶν

1999 547 2177 615 phetis
2205 545 2471 609 credant;
2502 544 2597 600 sed
2628 552 2686 599 ut
2721 543 2882 598 rebus
2918 542 3053 612 ipsis
3082 539 3344 596 virtutem
3377 539 3473 595 Dei
3507 556 3607 596 co-

279 646 394 701 τῶν
422 644 777 715 πραγμάτων
815 643 998 709 γνοῖεν
1023 639 1120 694 τοῦ
1160 639 1301 692 Θεοῦ
1331 639 1433 707 τὴν
1480 639 1658 708 ἰσχὺν,
1691 638 1788 691 καὶ
1813 636 1889 699 ὡς

280 733 352 787 δι’
398 733 680 804 ἁμαρτίας
724 730 935 795 όλαδς,
987 729 1086 798 οὐχ
1138 728 1246 782 ὑπὸ
1297 728 1398 798 τῆς
1449 726 1771 791 ἀσθενείας,
1792 724 1890 777 τοῦ

281 824 645 895 προνοοῦντος
670 821 1023 893 αἰχμάλωτος
1041 820 1257 889 γέγονε·
1276 819 1481 889 δεσμὸν
1500 820 1559 872 δὲ
1580 820 1675 872 τὸν
1701 817 1889 888 ζυγὸν,

282 917 465 970 κλοιὸν
495 917 551 969 δὲ
587 915 738 983 λέγει
770 915 840 968 τὰ
873 911 1363 985 περισφιγγόμενα
1402 913 1535 983 περὶ
1573 911 1669 965 τὸν
1718 912 1891 981 ζυγὸν

283 1009 441 1075 ξύλα,
472 1008 510 1063 δ.
535 1006 750 1077 συνέχει
775 1006 887 1059 τῶν
915 1004 1055 1074 βοῶν
1085 1004 1181 1057 τὸν
1210 1003 1443 1074 αὐχένα.
1608 1074 1615 1083 Ν

362 1099 529 1171 Ὅρα,
560 1099 695 1151 πότε
726 1099 956 1168 ἤκουσε,
988 1096 1087 1149 καὶ
1120 1097 1256 1148 πότε
1285 1095 1567 1164 εποίησεν.
1610 1091 1894 1146 Ἐντεῦθεν

283 1189 473 1261 δῆλον,
522 1191 605 1244 ὅτι
641 1189 703 1242 οὐ
753 1188 940 1250 πάσας
983 1188 1088 1248 τὰς
1131 1185 1484 1254 προφητείας
1522 1182 1668 1238 κατά
1700 1183 1895 1253 καιρὸν

280 1283 508 1351 ἢκουον.
540 1280 699 1341 Τίνος
726 1278 948 1343 ἕνεκενς
977 1277 1067 1330 ἴνα
1111 1276 1251 1347 μηδὲ
1280 1274 1376 1328 τοῦ
1403 1276 1638 1346 σημείου
1664 1275 1893 1343 γένηται

282 1374 464 1444 χρεία,
494 1373 582 1426 ἵνα
614 1370 881 1441 μαθόντες
912 1373 963 1423 οἱ
994 1369 1299 1439 ἄνθρωποι,
1328 1368 1563 1422 δτιτόδε
1582 1366 1891 1438 ἐκελεύσθη

281 1468 348 1520 τὸ
378 1470 607 1539 σημεῖον
631 1466 885 1536 ποιῆσαι,
919 1463 1392 1534 σωφρονισθιῖηιν.
1411 1461 1577 1533 Ὁρᾷς
1604 1460 1720 1525 πῶς
1753 1461 1892 1514 πάν-

282 1576 397 1614 των
422 1561 644 1630 προνοεῖ
671 1560 700 1611 ό
729 1558 885 1620 Θιός.

361 1650 565 1716 Οὕτως
591 1645 748 1703 εἷπε.

356 1745 472 1800 Καὶ
519 1743 618 1796 νῦν
673 1740 790 1810 ἐγώ
837 1742 977 1811 είμι,
1040 1739 1103 1791 οὐ
1153 1737 1599 1810 μεταδέδλημαι,
1650 1735 1745 1789 ἐπὶ
1792 1734 1894 1803 τῆς

282 1837 460 1909 αὐτῆς
490 1834 779 1903 δυνάμεώς
812 1835 953 1904 εἰμι.
992 1832 1159 1903 Ὅρα,
1191 1831 1310 1894 πῶς
1346 1830 1794 1897 δικαιολογεῖται.
1828 1828 1892 1880 Ei

284 1894 711 1997 tyt‘o'imiqa'a,
745 1894 841 1978 διαὶ
869 1894 1078 1977 δοῦναι·
1100 1922 1293 1993 κύριος
1334 1920 1404 1974 ἂν
1453 1894 1615 1991 εἴην.
1646 1920 1787 1973 Ἀλλ’
1829 1918 1892 1970 οὐ
1926 1894 1969 1947 Β

282 2020 572 2082 πιστεύεις
602 2019 686 2072 ὅτι
709 2015 823 2085 ἑγὼ
852 2015 1110 2086 ἐποίησα,
1144 2015 1463 2075 πιστεύσεις
1491 2012 1581 2066 διὰ
1612 2011 1723 2065 τῶν
1753 2010 1894 2081 μετὰ

283 2108 481 2164 ταῦτα.
519 2106 711 2171 Ἔδοξὲ
741 2122 833 2176 μοι
860 2105 1048 2159 δοῦναι
1077 2104 1252 2174 αὐτὴν
1278 2103 1359 2173 τῷ
1388 2103 1891 2172 Ναϐουχοδονόσορ.

286 2201 457 2270 Ὅρα,
492 2197 614 2260 πῶς
650 2194 838 2250 αὐτῶν
879 2195 978 2249 καὶ
1020 2193 1117 2248 τὸν
1146 2193 1319 2263 τύφον
1364 2192 1744 2247 καταστέλλει.
1798 2193 1893 2263 Μὴ

281 2293 398 2363 γὰρ
451 2290 635 2362 οἰκείᾳ
684 2289 1056 2359 παραγίνεται
1094 2287 1352 2356 δυνάμει,
1404 2288 1640 2341 καὶτῶν
1684 2286 1895 2340 πόλεων

285 2383 667 2455 περιγίνεται;
700 2382 874 2445 Αὐτὸς
904 2380 1115 2434 ἀνωθεν
1142 2380 1318 2434 ταῦτα
1354 2379 1532 2433 τυπῶ.
1575 2379 1741 2449 Ὅρα,
1775 2378 1896 2441 πῶς

286 2476 492 2539 αὐτοὺς
525 2473 777 2529 παιδεύει
818 2473 1182 2542 θεογνωσίαν,
1221 2474 1307 2526 ἵνα
1341 2474 1406 2527 εκ
1436 2471 1646 2525 τούτων
1700 2470 1798 2525 καὶ.
1824 2471 1895 2525 τὰ

287 2567 539 2638 πρότερα
569 2565 839 2636 μάθωσιν.

360 2658 473 2714 Καὶ
496 2656 570 2711 τὰ
603 2656 803 2725 θηρία.

361 2752 456 2821 Μὴ
487 2749 709 2819 γίνεσθε
752 2748 963 2803 τούτων
994 2748 1343 2819 ἀνοητότεροι
1386 2748 1525 2819 μηδὲ
1563 2748 1892 2820 ἀχάριστοι·

289 2842 363 2896 τά
390 2842 565 2910 ἄλογα
594 2841 941 2911 ὑπήκουσαν,
986 2840 1149 2909 ὑμεῖς
1189 2839 1246 2892 δὲ
1287 2837 1655 2903 ἀνθίστασθες
1684 2840 1764 2909 μὴ
1786 2838 1895 2909 γὰρ

291 2935 439 3005 ὑμᾶς
460 2933 654 3002 δίδωμι
684 2933 881 3003 μόνους
906 2950 919 2997 ;
954 2933 1050 2984 καὶ
1072 2930 1172 3001 τὴν
1205 2930 1365 2984 πόλιν
1393 2930 1496 3001 τὴν
1526 2929 1688 2999 ιμήν.
1730 2928 1897 3001 Ὁρᾷς

292 3024 451 3080 κοινά
479 3025 549 3077 τὰ
581 3027 681 3095 τῆς
726 3023 988 3093 προνοίας
1022 3023 1241 3087 αὐτοῖς;
1280 3022 1499 3085 Πάντας
1540 3024 1652 3091 γάρ
1678 3020 1897 3086 ἀνθρώ-

290 3134 431 3181 πους
459 3115 624 3180 αὐτὸς
658 3116 941 3186 ὲποίησεψ
982 3115 1182 3168 οὐκοῦν
1210 3115 1436 3169 πάντων
1468 3114 1603 3177 ἴσως
1637 3114 1893 3183 προνοεῖ⁶

287 3209 354 3263 οὐ
380 3209 489 3280 γάρ
521 3210 643 3262 ἐστι
673 3207 1112 3279 προσωποληψία
1150 3207 1285 3276 ⁴παρ’
1324 3204 1498 3277 αὐτῷ.

360 3390 472 3446 Καὶ
500 3389 568 3444 τὸ
602 3389 801 3456 ἔθνος.

368 3481 513 3551 Ὅρα
544 3480 661 3545 πῶς
710 3480 898 3553 [πόση
933 3478 1076 3552 περ]
1130 3480 1441 3551 παρρησία,
1484 3480 1605 3545 πῶς
1643 3482 1897 3546 ἰλεεινῶς

164 3562 189 3567 ’ν
292 3573 393 3645 τὴν
427 3572 680 3626 δουλείαν
710 3572 961 3641 ἐνέφηνε,
993 3572 1073 3642 τῷ
1103 3572 1312 3642 σφόδρα
1338 3571 1566 3643 θαρρεῖν
1603 3576 1717 3636 τοῖς
1742 3574 1898 3642 λεγο-

294 3667 507 3738 μένοις,
546 3667 647 3719 οὐκ
693 3665 1187 3735 ὲπεσκιασμένως·
1244 3665 1420 3717 Ὅσοι
1460 3664 1548 3735 μὴ
1590 3667 1896 3735 ἐμϐάλωσι

293 3759 403 3813 τὸν
431 3758 767 3827 τράχηλον,
803 3756 1061 3827 καθάπερ
1119 3756 1247 3827 περὶ
1288 3756 1508 3825 ἀλόγων
1540 3754 1725 3823 τῖνῶν,
1754 3760 1897 3811 οὕτω

292 3848 628 3917 διαλέγεται.
1756 3890 1767 3899 .

365 3942 476 3995 Καὶ
508 3939 683 4011 ὑμεῖς
711 3938 799 4011 μὴ
833 3939 1087 3995 ἀκούετε
1117 3937 1237 3993 τῶν
1262 3940 1807 4011 ψευδοπροφητῶν.

377 4033 542 4104 Ὁρᾷς
589 4033 945 4103 δικαστήριον
988 4031 1327 4103 καθήμενον,
1358 4034 1452 4087 καὶ
1484 4034 1723 4103 βάσανον
1752 4052 1901 4103 γινο-

296 4125 470 4196 μένην
516 4124 781 4195 μαντείας
827 4125 924 4177 xui
958 4124 1333 4194 προφητείας;
1356 4125 1554 4179 ’Ταῦτα
1586 4127 1787 4178 ἐκεῖνοι
1812 4127 1899 4179 λέ-

196 4266 201 4271 ,
291 4236 507 4288 γουσιν,
575 4218 689 4287 ἐγὼ
756 4220 813 4273 δὲ
861 4218 1163 4273 τάναντία’
1212 4218 1416 4291 ῖδωμεν
1464 4221 1572 4274 τίνι
1623 4224 1900 4292 μαρτυρεῖ

291 4312 354 4366 τὸ
382 4313 558 4376 τέλος.

363 4407 474 4459 Καὶ
509 4406 575 4459 τὸ
603 4407 783 4471 ἔθνος
809 4406 841 4460 ὃ
867 4406 976 4463 ἐὰν
998 4406 1313 4477 εἰσαγάγῃ.

344 4499 457 4568 λΜὴ
490 4499 583 4552 καὶ
612 4499 771 4552 τοῦτο
819 4499 933 4569 ἔχει
964 4517 1054 4565 τι;
1106 4499 1182 4571 μὴ
1216 4500 1314 4553 καὶ
1352 4498 1514 4551 τοῦτο
1549 4501 1893 4570 στοχασμόςὲ

1996 647 2283 709 gnoscant,
2334 647 2387 693 et
2422 638 2678 707 populum
2716 644 3069 706 peccatorum
3099 649 3267 689 causa
3287 673 3301 697 ,
3333 649 3441 687 non
3471 648 3606 700 pro—

1997 731 2231 784 videntis
2267 728 2587 782 inﬁrmitate
2634 727 2835 781 factum
2870 724 3046 780 fuisse
3095 724 3397 794 captivum.
3432 721 3606 777 Porro

1996 821 2275 875 vinculum
2322 829 2485 873 vocat
2544 819 2778 887 jugum,
2843 826 3053 871 vectem
3106 829 3240 870 vero
3294 816 3439 884 ligna
3485 830 3610 885 qua;

1996 912 2143 965 circa
2186 908 2380 980 jugum
2431 909 2915 979 constringuntur,
2964 908 3166 977 quibus
3238 906 3405 961 boum
3455 922 3609 962 com-

1997 997 2254 1069 primitur
2279 999 2491 1052 cervix.

2074 1087 2209 1143 Vide
2262 1091 2480 1159 quando
2530 1088 2774 1153 audivit,
2807 1097 2863 1143 et
2902 1088 3125 1158 quando
3173 1089 3327 1145 fecit.
3372 1087 3513 1143 Hinc
3543 1086 3611 1142 ii-

1998 1188 2149 1249 quet,
2185 1194 2293 1233 non
2326 1180 2510 1234 omnia
2549 1196 2671 1251 quae
2717 1181 3150 1251 prophetareut,
3190 1182 3383 1237 solitos
3414 1196 3609 1238 recen-

1996 1286 2083 1329 ter
2137 1274 2347 1329 audire.
2399 1275 2630 1345 Propter
2662 1277 2833 1346 quid?
2867 1292 2936 1332 ne
2965 1277 3050 1332 vel
3083 1279 3243 1348 signo
3276 1294 3415 1347 opus
3446 1294 3569 1334 esse
3590 1320 3605 1343 ,

1998 1375 2056 1418 ut
2101 1376 2503 1434 cognoscentes
2543 1366 2758 1434 jussum
2804 1381 2929 1422 esse
2976 1370 3299 1436 prophetam
3332 1370 3463 1423 dare
3503 1369 3609 1423 huc

1997 1457 2242 1524 signum,
2284 1456 2534 1510 homines
2564 1456 2631 1510 ad
2674 1467 2913 1512 mentem
2955 1459 3224 1513 redirent.
3265 1459 3429 1516 Vides
3471 1475 3609 1530 quo-

1998 1550 2159 1601 modo
2195 1550 2439 1601 omnium
2478 1546 2621 1603 Deus
2656 1550 3062 1619 providentiam
3094 1552 3257 1620 gerit.

2072 1638 2241 1693 Vens.
2274 1641 2327 1693 4.
2368 1639 2460 1694 Sic
2487 1642 2647 1694 dixit.

2074 1728 2139 1783 Et
2173 1744 2315 1783 nunc
2339 1744 2441 1798 ego
2466 1746 2612 1798 sum,
2641 1745 2746 1785 non
2780 1745 2900 1784 sum
2928 1740 3190 1794 mutatus,
3211 1731 3433 1787 easdem
3460 1730 3610 1786 vires

1980 1823 2199 1908 .haheo.
2246 1823 2381 1878 Vide
2412 1825 2688 1891 quomodo
2723 1825 2989 1877 rationem
3028 1824 3245 1879 consilii
3282 1824 3498 1879 reddat.
3548 1824 3607 1877 Si

1998 1928 2098 1983 ego
2156 1913 2281 1980 feci,
2342 1916 2533 1983 utique
2561 1916 2723 1969 dandi
2756 1916 2925 1970 etiam
2959 1915 3047 1983 ius
3098 1916 3296 1971 habeo.
3356 1916 3466 1971 Sed
3499 1933 3607 1970 non

1998 2004 2177 2059 credis
2211 2020 2295 2059 me
2328 2004 2562 2072 fecisse;
2596 2007 2790 2062 credes
2836 2021 2935 2075 per
2962 2021 3025 2061 ea
3059 2022 3182 2075 qua:
3219 2006 3394 2074 ﬁunt;
3430 2008 3607 2061 visum

1998 2106 2079 2151 est
2103 2097 2235 2151 mihi
2288 2111 2408 2152 eam
2434 2102 2565 2152 dare
2593 2095 3145 2153 Nabuchodonosori.
3173 2098 3310 2154 Vide
3335 2110 3393 2153 ut
3416 2114 3607 2154 eorum

1998 2186 2270 2255 deprimat
2300 2196 2592 2242 tumorem.
2628 2184 2769 2244 Num
2804 2190 2950 2241 enim
2982 2188 3235 2257 propriis
3273 2188 3365 2242 ille
3396 2190 3609 2243 viribus

1998 2275 2251 2330 advenit?
2288 2276 2558 2346 urbesque
2602 2277 2850 2346 subigit?
2894 2279 3015 2347 ipse
3068 2280 3311 2349 desuper
3344 2280 3462 2335 haec
3496 2292 3609 2334 sta-

1996 2377 2112 2422 tuo.
2174 2368 2478 2424 Considera
2510 2377 2572 2422 ut
2600 2382 2698 2423 eos
2744 2367 2839 2427 Dei
2887 2370 3261 2437 cognitionem
3297 2372 3512 2437 doceat,
3550 2383 3609 2427 ιιι

1998 2474 2065 2514 ex
2106 2460 2191 2514 his
2220 2470 2273 2514 et
2308 2460 2620 2531 antiquiora
2651 2464 3023 2518 addiscerem.

2073 2660 2242 2715 Vsus.
2284 2661 2337 2716 6.
2380 2661 2592 2715 Bestius
2625 2662 2768 2727 agri.

2071 2750 2152 2806 Ne
2186 2753 2271 2807 his
2320 2752 2607 2808 stultiores
2638 2751 2990 2818 eiliciamini,
3044 2767 3184 2808 neve
3235 2754 3453 2823 ingrato
3489 2754 3613 2808 sitis

1998 2846 2184 2899 animo
2212 2861 2227 2909 ;
2265 2844 2496 2899 rationis
2525 2845 2773 2903 expertia
2805 2844 3283 2914 obtemperarunt,
3310 2855 3365 2899 et
3397 2862 3495 2900 vos
3525 2862 3613 2900 re.

2001 2938 2258 3005 stitistis?
2290 2954 2419 2990 num
2453 2953 2551 2991 vos
2580 2938 2726 2990 enim
2763 2947 2974 2991 tantum
3010 2937 3202 2991 trado?
3229 2949 3285 2991 et
3328 2938 3607 2992 civitatem

2000 3044 2198 3082 meam.
2232 3026 2400 3082 Vides
2428 3028 2744 3099 generalem
2774 3042 2901 3083 esse
2932 3029 3379 3098 providentiam?
3407 3030 3611 3084 Onmes

1999 3120 2146 3173 enim
2182 3121 2434 3174 homines
2475 3122 2591 3189 ipse
2624 3120 2778 3182 fecit,
2821 3138 2979 3190 teque
3014 3122 3182 3192 igitur
3215 3123 3459 3175 omnium
3509 3138 3611 3175 cu-

1924 3236 1974 3299 ρ
2007 3226 2123 3265 ram
2153 3211 2331 3281 gerit;
2367 3225 2476 3264 non
2506 3210 2654 3263 enim
2688 3221 2775 3266 est
2804 3214 2946 3281 apud
2981 3212 3161 3280 ipsum
3200 3213 3450 3281 acceptio
3482 3229 3608 3281 per-

2004 3318 2287 3359 sonarum.

2078 3394 2242 3451 Vens.
2276 3395 2333 3451 8.
2368 3392 2436 3446 Et
2465 3408 2615 3464 gens.
3250 3442 3251 3445 η

2070 3485 2405 3552 Considera,
2442 3496 2647 3554 quanta
2705 3486 2923 3539 dicendi
2967 3486 3231 3549 libertas;
3287 3494 3346 3539 ut
3407 3486 3609 3541 misere

2001 3577 2320 3632 servitutem
2359 3592 2469 3645 prze
2495 3576 2674 3632 oculis
2725 3578 2931 3646 posuit,
2964 3576 3111 3645 quod
3160 3578 3469 3631 certissima
3503 3579 3607 3631 sibi

2000 3678 2186 3723 essent
2222 3683 2345 3739 quae
2390 3670 2744 3734 dicebantur,
2801 3680 2857 3721 et
2890 3684 2997 3722 non
3037 3669 3387 3723 adumbravit
3422 3687 3436 3721 :
3475 3668 3610 3734 Qni-

2001 3776 2207 3827 cunque
2246 3777 2351 3813 non
2403 3760 2699 3815 curvaverit
2734 3760 2967 3824 collum;
3012 3770 3276 3831 tanquam
3304 3759 3374 3816 de
3410 3763 3609 3817 belluis

2002 3864 2308 3905 sermonem
2333 3849 2525 3906 habet.

2076 3941 2241 3995 Vsus.
2279 3942 2330 3997 9.
2377 3941 2447 3995 Et
2480 3961 2569 3997 vos
2600 3944 2766 3999 nolite
2802 3946 2995 3999 audire
3028 3946 3538 4015 pseudoyirapltetas.

2079 4033 2243 4088 Vides
2277 4035 2472 4089 sedere
2496 4036 2785 4104 judicium,
2826 4050 2881 4091 et
2914 4038 3275 4107 quaestionem
3311 4039 3501 4094 haberi
3545 4041 3611 4094 de

2003 4122 2364 4179 hariolatione
2411 4134 2467 4177 et
2494 4125 2816 4195 prophetia?
2841 4125 2968 4182 Haec
2993 4128 3067 4181 illi
3098 4128 3286 4183 dicunt
3310 4147 3324 4183 :
3344 4128 3456 4203 Ego
3482 4146 3613 4186 vero

2002 4216 2281 4271 contraria
2312 4234 2326 4271 :
2365 4217 2649 4274 videamus
2683 4219 2769 4273 cui
2805 4230 3101 4276 attestetur
3134 4220 3281 4276 finis.

2078 4399 2146 4455 Et
2187 4418 2311 4471 gens
2344 4419 2462 4470 qua:
2489 4402 2746 4473 injeccrit.

2074 4490 2216 4548 Num
2246 4502 2301 4548 et
2338 4495 2427 4549 hic
2457 4496 2647 4549 subest
2680 4496 2929 4566 aliquid?
2973 4513 3101 4551 num
3131 4508 3189 4554 et
3218 4499 3325 4555 hoc
3359 4510 3442 4555 est
3474 4516 3611 4557 con-

293 4590 356 4644 τδ
383 4591 512 4654 τοὺς
538 4591 640 4660 μὲν
656 4591 1026 4661 ἀναιρεῖσθαι,
1063 4592 1195 4655 τοὺς
1223 4590 1283 4643 δὲ
1315 4590 1577 4661 ἀφίεσθαι
1601 4609 1616 4657 ;
1649 4590 1778 4665 [δι]δ
1802 4594 1897 4647 καὶ

1999 4584 2256 4656 jectnra?
2288 4585 2388 4640 hos
2428 4587 2651 4655 quidem
2700 4588 2970 4653 interlici,
3008 4590 3130 4645 illos
3180 4606 3312 4646 vero
3342 4592 3616 4665 relinqui?

293 4682 455 4754 λιμός
479 4684 679 4747 αὐτοὺς
704 4682 1108 4752 καταλήψεται.

365 4777 525 4845 Πρὸς
540 4774 868 4830 Σεδεκίαν.

366 4869 462 4940 Μὴ
500 4871 795 4941 νομίσητε,
829 4871 912 4923 ὅτι
950 4870 1028 4933 ὼς
1061 4870 1261 4942 ἐχθρὸς
1287 4872 1434 4941 λέγω
1476 4873 1571 4925 καὶ
1602 4874 1894 4945 πολέμιος*

296 4962 391 5016 διαὶ
424 4964 536 5025 τοῖς
569 4964 701 5033 παρ’
728 4965 864 5033 ἡμῖν
909 4963 1086 5017 ταῦτα
1121 4966 1479 5035 προφητεύω.
1512 4962 1647 5020 Εἶτα
1680 4968 1803 5037 ὅρα,
1845 4968 1900 5019 τί

292 5054 533 5123 γίνεται·
616 5055 894 5122 ἀντιλέγει
961 5057 990 5107 ό
1049 5055 1539 5129 ψευδοπροφήτης.
1602 5057 1777 5111 Τοῦτο
1841 5057 1898 5109 δὲ

294 5146 554 5216 εποίησεν
580 5147 608 5199 ὁ
640 5145 911 5209 διάϐολος,
944 5144 1086 5199 ὥστε
1108 5146 1403 5217 ἐμποδίσαι
1432 5151 1498 5219 τῇ
1529 5151 1858 5221 προρρήσει.

418 5240 486 5292 El
514 5237 818 5308 προφῆται
855 5243 997 5305 εἱσι,
1028 5239 1125 5293 καὶ
1165 5239 1301 5293 ἐστι
1358 5242 1544 5308 λόγος
1577 5242 1801 5308 Κυρίου
1830 5240 1902 5293 ἐν

293 5330 524 5396 αὐτοῖς,
567 5331 1100 5400 ἁπαντησάτωσαν
1153 5331 1231 5399 δὴ
1276 5332 1357 5398 τῷ
1403 5334 1601 5401 Κυρίῳ
1631 5332 1752 5386 τῶν
1792 5334 1898 5387 δυ-

294 5420 535 5493 νάμεων
577 5423 728 5491 πρὸς
776 5424 845 5477 τὸ
896 5423 984 5493 μὴ
1040 5424 1411 5495 πορευθῆναι
1465 5426 1539 5478 τὰ
1592 5428 1787 5493 σκεύη
1828 5426 1902 5480 τὰ

295 5518 784 5589 ὑπολελειμμένα
803 5521 873 5575 ἐν
900 5521 1046 5586 οἴκῳ
1076 5523 1325 5588 Κυρίου,
1360 5522 1462 5575 καί
1493 5523 1565 5576 ἐν
1602 5524 1761 5590 οἰκίᾳ
1783 5524 1899 5587 ,βα-

298 5608 521 5677 σιλέως
575 5611 801 5677 Ἰούδα,
847 5612 947 5667 καὶ
993 5613 1064 5667 ἐν
1120 5612 1519 5687 Ἰερουσαλὴμ
1570 5616 1659 5680 είς
1706 5616 1900 5669 Βαϐυ-

298 5699 493 5756 ,ζῶν-α.

379 5792 605 5865 Ἐπειδὴ
644 5796 694 5847 οἱ
753 5796 1207 5869 ψευδοπροφῆται
1262 5796 1507 5867 ἔφασκον
1569 5797 1737 5869 μηδὲν
1801 5800 1901 5868 μὲν

302 5889 536 5956 πάσχειν
585 5888 711 5952 τοὺς
754 5889 1056 5960 παρόντας,
1088 5889 1149 5947 τὸ
1200 5889 1257 5944 δι
1302 5889 1568 5957 ιναντιον,
1626 5892 1720 5944 καὶ
1773 5894 1897 5955 τοὺς

2008 4676 2179 4744 igitur
2210 4686 2265 4730 et
2299 4674 2474 4730 fames
2500 4679 2777 4747 opprimet
2815 4696 2928 4735 eos.

2082 4764 2248 4821 Vens.
2296 4766 2383 4821 i2.
2420 4766 2489 4821 Et
2518 4770 2587 4821 ad
2620 4767 2915 4828 Sedeciant.

2082 4859 2160 4915 Ne
2191 4862 2393 4930 putetis
2418 4876 2505 4916 me
2531 4870 2587 4915 ut
2620 4863 2905 4920 inimicum
2940 4872 2993 4918 et
3020 4864 3238 4921 hostem
3273 4866 3390 4920 haec
3416 4864 3613 4930 eﬂ‘ari;

2004 4962 2059 5007 et
2092 4954 2294 5007 nostris
2336 4953 2501 5008 etiam
2537 4956 2653 5009 haec
2682 4956 2873 5010 eadem
2914 4957 3203 5011 vaticinor.
3247 4958 3453 5013 Deinde
3492 4960 3616 5014 vide

2007 5046 2138 5112 quid
2193 5046 2252 5099 tit
2286 5063 2299 5098 :
2333 5047 2667 5100 contradicit
2710 5048 3210 5118 pseudopropheta.
3266 5048 3379 5139 Hoc
3430 5064 3615 5106 autem

1979 5140 2277 5206 suggessit
2302 5138 2575 5203 diabolus,
2613 5149 2673 5193 ut
2709 5141 3116 5210 praedictionem
3155 5138 3465 5211 impediret.

2079 5234 2096 5249 ‘
2133 5228 2297 5285 Vens.
2327 5230 2415 5284 18.
2452 5229 2512 5285 Si
2543 5231 2815 5299 propheta:
2853 5245 2997 5295 sunt,
3052 5243 3102 5286 et
3140 5246 3215 5287 est
3250 5237 3462 5288 verbum
3500 5235 3613 5290 Do-

2004 5322 2138 5375 mini
2161 5322 2215 5374 in
2248 5322 2379 5387 illis,
2417 5334 2706 5376 occurrant
2736 5324 2856 5392 jam
2904 5324 3129 5378 Domino
3161 5326 3511 5392 enrcitnum,
3556 5339 3613 5381 ut

2008 5430 2111 5466 non
2143 5416 2247 5468 sint
2268 5430 2392 5467 vasa
2420 5430 2539 5481 qua
2567 5402 2823 5470 derelicta
2855 5416 3074 5486 fuerant
3107 5419 3161 5472 in
3188 5420 3345 5472 domo
3372 5418 3613 5483 Domini,

2005 5516 2054 5558 et
2110 5507 2161 5559 in
2206 5508 2361 5559 domo
2396 5524 2534 5576 regis
2572 5505 2721 5562 Iuda
2768 5520 2818 5564 et
2847 5514 2904 5563 in
2932 5510 3253 5575 Jerusalem,
3289 5513 3343 5566 in
3379 5511 3614 5583 Babylo-

2007 5612 2143 5649 nem.

1990 5857 1999 5862 .
2082 5808 2213 5861 Cum
2285 5808 2407 5863 falsi
2460 5811 2747 5879 propheta
2800 5822 3185 5869 asseverarent
3227 5829 3324 5871 eos
3355 5817 3447 5886 qui
3485 5826 3613 5870 tunc

2006 5900 2235 5955 aderunt
2291 5901 2367 5955 nil
2396 5916 2678 5970 passuros,
2712 5903 2960 5973 quinimo
2992 5904 3047 5959 in
3080 5907 3421 5963 contrarium
3467 5906 3607 5978 fere,
