4226 6418
773 385 877 443 963

1588 369 2154 433 SUPPLEMENTUM
2187 368 2281 426 AD
2321 369 2379 424 S.
2419 367 2469 422 J.
2507 361 3012 422 CHRYSOS‘I'OMI
3050 358 3303 419 OPEBA.

3938 351 4041 408 961

775 509 834 554 ut
857 505 912 553 et
932 497 969 552 ii
997 495 1089 567 qui
1117 492 1363 550 translati
1392 491 1611 547 fuerant
1648 491 1912 554 redirent,
1944 488 2020 542 ait
2043 485 2302 557 propheta
2329 500 2342 534 :
2379 491 2423 544 Α
2451 479 2833 535 ἀποικισθέντα

2459 479 2870 543 ἀποικισθέντας
2893 477 3190 538 ἐπανιέναι,
3206 471 3397 542 λέγειό
3418 467 3723 543 προφήτης.
3749 463 4040 536 Εἱάληθῶς

781 587 841 644 Si
875 586 988 642 veri
1020 587 1300 655 propheta:
1339 593 1467 637 sunt
1513 582 1590 649 lii,
1618 591 1690 655 ct,
1716 581 1861 636 Deus
1907 578 2058 633 misit
2086 577 2227 642 illos,
2266 589 2357 629 oe-

777 652 1160 742 currant_jam
1226 674 1496 738 Domino;
1532 652 1690 742 quasi
1746 669 2004 725 diceret:
2058 666 2358 721 Precentur

773 767 964 832 Deum,
1015 779 1082 818 ne
1121 779 1185 818 ea
1239 778 1359 833 qua:
1413 762 1751 832 possidemus
1799 758 2160 820 abducantur,
2213 751 2357 821 quod

774 871 904 909 sane
928 855 1142 910 facilius
1168 861 1252 907 est
1301 867 1464 923 quant
1497 850 1638 919 quod
1671 847 1706 901 ii
1734 846 1827 917 qui
1862 844 2112 900 translati
2144 843 2358 897 fuerant

778 947 1036 1010 redeant;
1078 953 1138 999 ut
1167 957 1234 998 ex
1277 943 1365 997 his
1399 952 1830 1011 cognoscamus.
1879 935 2121 990 futurum
2155 931 2361 1003 pariter

780 1045 838 1090 et
879 1035 1030 1089 illud.

847 1127 985 1195 Quid
1017 1125 1120 1181 sibi
1148 1123 1261 1179 vult
1291 1121 1424 1178 illud
1453 1138 1469 1176 :
1507 1118 1806 1176 Occurrant
1835 1118 1967 1171 mihi
1997 1116 2129 1181 Deo,
2163 1122 2222 1168 ut
2256 1129 2360 1168 non

776 1217 988 1272 veniant
1021 1214 1192 1268 vasa?
1222 1212 1340 1266 Hoc
1388 1219 1470 1266 est
1516 1210 1777 1278 impedire
1805 1206 1997 1270 Deum,
2034 1204 2363 1273 persuadere

778 1305 857 1361 illi
905 1308 1200 1361 ostendens
1245 1305 1412 1359 etiam
1446 1304 1799 1357 advenientes
1847 1301 1899 1354 in
1951 1313 2238 1355 occursum
2268 1311 2361 1351 ne-

779 1414 1059 1470 quaquam
1091 1400 1232 1452 scire
1265 1411 1332 1450 an
1380 1397 1447 1449 ad
1483 1395 1706 1459 bellum,
1742 1409 1808 1446 an
1850 1391 1919 1446 ad
1957 1389 2362 1460 impediendum

779 1488 1018 1544 Iudaeos.
1061 1485 1179 1540 Non
1215 1487 1360 1553 dico,
1395 1486 1494 1548 ait,
1528 1497 1588 1538 ut
1623 1483 1987 1554 persuadeant
2017 1481 2202 1536 reduci
2232 1495 2362 1536 vasa

780 1595 899 1648 quae
931 1587 1087 1647 capta
1120 1585 1277 1643 sunt,
1308 1577 1404 1632 sed
1436 1584 1498 1630 ut
1549 1573 1766 1630 valeant
1817 1572 2024 1642 reliqua
2072 1585 2204 1627 vasa
2258 1571 2364 1626 im-

781 1670 992 1740 pedite.

1353 1891 1506 1948 CAP.
1548 1889 1641 1945 XX
1655 1889 1783 1947 Vlll.

857 2033 1018 2090 Vnus.
1058 2031 1112 2086 5.
1155 2029 1221 2084 Et
1249 2029 1386 2082 dicit
1419 2026 1705 2084 Jeremiaa.

854 2124 989 2180 Cum
1019 2123 1262 2176 Ananias
1289 2119 1780 2190 pseudopropheta,
1799 2117 2049 2182 dixisset,
2080 2125 2203 2185 post
2229 2115 2365 2172 duos

785 2230 960 2271 annos
1001 2213 1116 2268 fore
1144 2222 1200 2268 ut
1243 2227 1374 2268 vasa
1407 2226 1563 2266 sacra
1615 2226 1647 2266 e
1695 2210 1968 2280 Babylone
2006 2208 2364 2275 referrentur,

786 2309 924 2363 dixit
952 2305 1220 2362 Jeremias
1244 2314 1500 2360 eventum
1539 2302 1894 2374 probaturum
1925 2304 2195 2357 sermonis
2224 2301 2368 2356 veri-

789 2409 976 2454 tatem.
1354 2450 1360 2456 .

855 2487 1026 2543 Vsus.
1055 2486 1109 2541 ϐ.
1159 2484 1312 2550 Vere,
1343 2493 1454 2540 etc.

853 2578 934 2633 Ne
961 2578 1162 2648 putetis
1189 2590 1274 2631 me
1303 2575 1456 2630 vobis
1477 2587 1600 2629 esse
1633 2571 1953 2638 inimicum;
1981 2572 2139 2643 cupio
2165 2586 2287 2642 ego,
2313 2580 2366 2628 et

789 2682 921 2738 rogo
949 2681 1063 2722 rem
1095 2667 1169 2720 ita
1197 2679 1339 2731 esse,
1373 2677 1570 2732 meque
1588 2660 1832 2716 mentiri.
2091 2665 2099 2672 '

864 2848 1031 2904 Vsus.
1070 2847 1124 2900 1.
1165 2843 1542 2899 Verumtamen
1576 2843 1778 2897 audite.

861 2939 1066 2994 Deinde
1096 2951 1164 2992 ne
1186 2951 1281 2991 eos
1307 2935 1594 3007 segniores
1623 2935 1899 2999 redderet,
1933 2934 2218 2992 considera
2260 2948 2370 3005 quo

789 3041 947 3102 pacto
983 3036 1223 3094 terreat,
1263 3038 1470 3082 tantum
1507 3043 1612 3080 non
1670 3026 1860 3081 dicens
1907 3027 2043 3081 nihil
2075 3026 2181 3082 tale
2217 3025 2366 3082 futu-

792 3137 947 3184 rum;
981 3132 1036 3176 et
1093 3121 1418 3187 ostendens,
1467 3134 1658 3172 omnes
1705 3121 1996 3188 prophetas
2037 3120 2130 3190 qui
2187 3121 2364 3176 tristia

791 3214 1143 3279 denuntiant,
1179 3211 1413 3266 maxime
1439 3225 1562 3266 esse
1591 3225 1836 3266 veraces.

857 3304 1023 3358 Vens.
1052 3303 1106 3358 9.
1151 3302 1217 3355 Et
1248 3303 1371 3354 tulit
1406 3302 1648 3356 Ananiae
1677 3302 2126 3370 pseudopropheta
2165 3305 2222 3358 in
2248 3321 2375 3359 con-

791 3406 967 3463 spectu
1023 3393 1195 3446 omnis
1248 3394 1430 3463 populi
1459 3404 1622 3447 vectes
1669 3394 1734 3448 de
1771 3394 1910 3449 collo
1953 3395 2199 3450 Ieremia:
2245 3413 2372 3466 pro-

794 3485 979 3555 pheta,
1008 3493 1058 3537 et
1091 3483 1337 3537 contrivit
1361 3498 1470 3537 eos.
1504 3480 1573 3537 Et
1596 3497 1718 3552 quae
1744 3492 2065 3552 sequuntur.

859 3662 1126 3720 Jeremias
1173 3662 1227 3716 in
1272 3661 1408 3717 collo
1454 3661 1640 3730 iugum
1696 3672 1945 3730 portans,
2003 3670 2061 3716 ut
2107 3660 2183 3716 illi
2231 3662 2371 3717 Deus

789 3761 1145 3827 praeceperat,
1192 3761 1383 3806 contra
1417 3762 1606 3822 gentes
1642 3753 2009 3821 vaticinatus;
2044 3754 2371 3807 vaticinatus

791 3855 877 3902 est
903 3855 959 3899 et
991 3852 1178 3898 contra
1210 3841 1530 3898 Jerusalem.
1564 3842 1694 3898 Erat
1721 3851 1903 3898 autem
1936 3853 2164 3913 quartus
2197 3858 2372 3897 annus

795 3934 1056 4000 Sedeciaa,
1088 3945 1146 3988 ut
1166 3935 1391 4002 ipsemet
1423 3935 1618 3988 asserit
1646 3934 1928 4003 propheta.
1958 3933 2161 4000 Quinto
2187 3936 2374 4005 itaque

795 4039 982 4081 mense
1025 4024 1184 4094 hujus
1216 4024 1340 4079 anni
1371 4024 1612 4079 Ananias
1653 4022 2121 4094 pseudopropheta
2171 4027 2224 4080 in
2261 4042 2371 4081 me-

793 4114 944 4169 dium
974 4126 1243 4180 proruens
1295 4114 1633 4181 captivorum
1669 4112 2076 4167 vaticinabatur
2114 4116 2369 4180 reditum,

793 4202 1336 4258 Nabuchodonosoris
1361 4204 1662 4267 interitum,
1689 4213 1763 4269 et,
1791 4205 1902 4259 hanc
1923 4206 2078 4274 quasi
2109 4206 2199 4260 Dei
2217 4205 2370 4275 jnssu

795 4297 1033 4360 iaceret,
1062 4295 1319 4348 contrivit
1362 4291 1572 4364 iugum.
1608 4293 1745 4347 Tum
1779 4295 2070 4364 subjicitur
2124 4295 2374 4352 Jeremiae

795 4386 1054 4440 revelatio
1087 4397 1275 4439 contra
1325 4384 1500 4450 illum,
1549 4395 1605 4439 et
1640 4385 1902 4439 revelatio
1931 4387 2211 4440 veritatem
2243 4393 2373 4441 (ξοη-

796 4475 1018 4529 llrmaus
1047 4489 1257 4540 eorum,
1287 4489 1408 4544 quae
1451 4475 1753 4545 prmliabita
1793 4474 1981 4542 luere;
2027 4475 2104 4529 ait
2134 4477 2276 4531 enim
2305 4476 2372 4531 ad

794 4584 915 4622 Clllll
947 4583 965 4621 2

865 4749 1160 4807 Considera
1185 4757 1431 4820 peccata,
1455 4751 1916 4819 reprehensiones
1950 4753 2004 4807 in
2040 4753 2200 4808 nobis
2223 4765 2367 4808 esse.

794 4841 934 4909 Quid
969 4840 1133 4911 igitur
1161 4839 1470 4896 Jeremiasl
1500 4839 1584 4894 Nil
1615 4841 1775 4910 plane
1797 4842 1930 4913 egit,
1954 4857 2076 4899 cum
2104 4841 2373 4898 sulilcien-

799 4944 907 4989 tem
943 4934 1429 5002 reprehensionem
1461 4936 1833 5001 exposuisset.

860 5023 1152 5078 Vens-lii.
1192 5021 1310 5077 Hoc
1365 5041 1505 5079 anno
1554 5035 1610 5078 tu
1647 5027 1888 5081 morieris
1919 5025 2014 5097 (tu
2047 5027 2287 5084 vindicta
2319 5027 2373 5082 in

798 5129 921 5169 eum
951 5112 1138 5183 facta),
1160 5112 1284 5181 quia
1314 5129 1368 5166 ea
1400 5113 1606 5168 locutus
1639 5124 1823 5168 contra
1856 5115 2172 5170 Dominum.‘

868 5203 980 5259 Hoc
1012 5213 1100 5258 est
1125 5204 1462 5259 contrarium
1495 5205 1762 5260 voluntati
1793 5205 2031 5273 Domini,
2062 5216 2118 5263 et
2150 5209 2370 5265 subdit:

871 5405 1034 5460 Vens.
1076 5405 1161 5460 16.
1193 5406 1260 5462 Et
1292 5419 1528 5463 mortuus
1558 5421 1631 5463 est
1662 5411 1900 5466 Ananiae
1923 5413 2373 5483 pseudoprOpheta

797 5497 855 5551 in
889 5513 1030 5551 anno
1062 5497 1154 5550 illo
1187 5507 1306 5566 post
1339 5497 1472 5552 duos
1507 5516 1708 5555 menses
1750 5517 2052 5557 sermonum
2084 5505 2370 5575 prophetw.

877 5678 973 5736 llis
1021 5698 1148 5739 vero
1194 5684 1464 5754 peractis,
1499 5684 1690 5739 scribit
1736 5683 2001 5741 .leremias
2047 5690 2117 5744 ad
2145 5702 2241 5744 eos
2281 5689 2372 5759 qui

800 5782 955 5829 erant
983 5775 1037 5830 in
1087 5777 1580 5848 transmigratione,
1617 5778 1758 5834 sicut
1794 5781 2052 5850 praecepit
2085 5781 2162 5838 illi
2193 5782 2332 5840 Deus
2353 5821 2369 5846 .

2457 575 2598 625 είσιν
2628 567 2774 626 οὗτοι
2803 569 3102 640 προφῆται,
3129 567 3225 620 καὶ
3256 562 3580 619 ἀπέστειλεν
3609 559 3810 621 αὐτοὺς
3834 559 3862 610 6
3887 557 4039 621 Θεὸς,

2458 663 2934 735 ἀπαπησάτωσαν
2962 659 3028 730 δὴ
3077 655 3157 727 τῷ
3193 653 3405 725 Κυρίῳ,
3428 651 3730 712 τουτέστιν,
3763 648 4039 715 ιίξάσθω-

2460 771 2560 809 σαν
2590 755 2728 826 πρὸς
2754 754 2845 808 τὸν
2866 749 3178 817 Θεδν,ὦστε
3203 749 3270 801 τὰ
3287 747 3415 801 ὅντα
3445 747 3520 817 μὴ
3545 744 3878 814 ἀπαχθῆναι,
3905 742 4042 811 ὅπερ

2459 845 2684 900 εὔκολον
2708 845 2912 917 μᾶλλόν
2937 846 3109 907 ἐστιν,
3135 842 3170 912 ἢ
3195 841 3321 904 τοὺς
3354 838 3780 899 ἀποικισθέντας
3813 831 4044 888 ἐπανελ-

2460 935 2596 1005 θεῖν,
2622 937 2711 991 ῖνα
2729 936 2841 991 ἀπὸ
2867 933 3076 988 τούτων
3104 932 3348 1003 γνῶμεν,
3372 931 3448 994 ὡς
3477 930 3703 984 κάκεῖνο
3725 927 3899 982 ἔσται.

2531 1123 2600 1178 Τί
2651 1125 2800 1177 ἐστιν
2825 1136 2841 1152 ο
2884 1115 3443 1187 Ἀπαντησάτωσάν
3472 1133 3569 1184 μοι
3598 1112 3678 1180 τῷ
3713 1112 3853 1177 Θεῷ,
3887 1110 4049 1165 ὥστε

2456 1217 2544 1287 μὴ
2590 1211 2935 1284 ἀπαχθῆναι
2982 1213 3057 1265 τὰ
3105 1211 3333 1275 autin;
3360 1206 3622 1262 Τουτέστι
3670 1203 3914 1260 κωλῦσαι
3952 1203 4048 1255 τὸν

2462 1309 2616 1374 Θεὸν,
2646 1309 2833 1360 πεῖσαι
2855 1305 3038 1369 αὺτδν,
3085 1302 3299 1366 δεικνὺς
3332 1302 3428 1355 καὶ
3457 1301 3574 1353 ὲκεῖ
3599 1298 3660 1352 τὸ
3689 1298 3798 1350 τῶν
3820 1295 4051 1365 εὐχομέ-

2462 1419 2571 1455 νων
2618 1399 2792 1472 [forte
2826 1397 3137 1468 ἐρχομένων
3170 1395 3191 1467 ]
3236 1396 3318 1456 είς
3359 1391 3686 1461 ἀπάντησιν,
3729 1388 3942 1458 μήποτε
3966 1387 4050 1448 είς

2463 1493 2701 1563 πόλεμον
2739 1489 2864 1563 [ῑσ.
2927 1490 3067 1560 μήτε
3108 1488 3168 1541 οὺ
3219 1487 3300 1550 είς
3352 1482 3683 1555 πόλ.]ἢείς
3704 1480 3766 1532 τὸ
3800 1476 4050 1532 κωλῦσαι

2463 1586 2592 1649 τοὺς
2642 1582 2933 1645 Ἰουδαίους
2986 1579 3238 1635 ἐπελθεῖν
3270 1577 3479 1640 αὐτοῖς.
3535 1575 3612 1628 Οὐ
3642 1573 3805 1641 λέγω,
3853 1570 4049 1642 φησιν,

2464 1677 2549 1731 ὅτι
2585 1675 2943 1730 Πεισάτωσαν
2985 1673 3283 1739 ἀναγαγεῖν
3317 1669 3389 1722 τά
3417 1667 3611 1737 σκεύη,
3649 1667 3717 1718 τά
3737 1662 4044 1736 ληφθέντα·

2465 1767 2852 1839 δυνηθήτωσαν
2874 1764 2943 1818 τὰ
2973 1762 3147 1832 σκεύη
3179 1761 3248 1815 τά
3272 1759 3543 1814 ὑπόλοιπα
3570 1755 3832 1812 κωλῦσαι.

3040 1900 3300 1956 ΚΕΦΑΛ.
3336 1898 3474 1952 KH'.

2538 2037 2650 2094 Kal
2685 2034 2859 2092 εἶπεν
2897 2035 3196 2104 Ἱερεμίας.

2548 2130 2794 2184 Ἀνανίου
2827 2128 2921 2182 τοῦ
2955 2125 3410 2198 ψευδοπροφήτου
3457 2121 3763 2194 εἰρηκότος,
3804 2119 3880 2181 ὡς
3907 2120 4054 2190 μετὰ

2466 2220 2561 2275 δύο
2601 2222 2697 2291 έτη
2743 2220 3143 2291 ὑποστρέφουσι
3169 2215 3238 2269 τὰ
3271 2215 3404 2283 am
3445 2213 3618 2280 σκεύη
3651 2212 3718 2265 ὲκ
3739 2209 3838 2278 τῆς
3863 2208 4052 2262 Βαϐυ-

2467 2313 2657 2378 λῶνος,
2703 2309 2858 2365 εἶπεν
2884 2313 2913 2364 6
2963 2308 3260 2381 Ἱερεμίας,
3297 2309 3382 2360 ὅτι
3419 2305 3482 2360 τὸ
3524 2305 3701 2376 πέρας
3735 2302 3900 2367 δείξει
3935 2300 4053 2354 τῶν

2467 2401 2642 2471 λόγων
2668 2401 2770 2472 τὴν
2792 2398 3078 2471 ἀλήθειαν.

2551 2491 2826 2561 Ἀληθῶς,
2857 2509 2914 2546 κ.
2949 2509 2999 2545 τ.
3035 2490 3086 2544 λ.

2541 2586 2657 2640 Ἵνα
2688 2584 2764 2655 μὴ
2807 2584 3068 2654 νομίσητε
3089 2623 3107 2648 ,
3139 2583 3220 2636 ὅτι
3250 2579 3364 2649 ἑγὼ
3405 2581 3535 2650 ὑμῖν
3568 2576 3789 2649 πολεμῶ
3808 2593 3823 2608 ’
3866 2574 4054 2647 βούλο-

2472 2695 2573 2748 μαι
2598 2674 2710 2746 ἐγὼ
2732 2675 2830 2730 καὶ
2866 2673 3101 2745 εὔχομαι
3129 2671 3291 2727 τοῦτο
3331 2666 3495 2736 εἶναι,
3514 2666 3619 2722 ’καὶ
3644 2667 3883 2738 ἐμαυτὸν
3912 2667 4053 2736 ψεύ-

2468 2768 2676 2822 δεσθαι.

2535 2857 2712 2925 Πλὴν
2739 2855 3058 2911 ἀκούσατε.

2538 2946 2676 3004 Εῐτα
2706 2948 2794 3002 ἵνα
2837 2948 2913 3018 μὴ
2949 2943 3358 3018 ρᾳθυμοτέρους
3396 2942 3620 3014 ποιήσῃ,
3651 2942 3753 3012 ὅρα
3789 2938 3912 3002 πῶς
3949 2938 4054 2993 αὕ-

2466 3041 2592 3104 τοὺς
2619 3038 2809 3110 φοϐεῖ,
2839 3039 3122 3109 μονονουχὶ
3159 3035 3353 3105 λέγων,
3381 3035 3463 3088 ὅτι
3490 3032 3645 3086 οὐδὲν
3695 3032 3848 3084 ἔσται
3871 3028 4055 3083 τοιοῦ-

2471 3151 2605 3199 τον,
2652 3131 2750 3185 καὶ
2801 3130 3054 3195 δεικνὺς,
3101 3129 3184 3182 ὅτι
3233 3128 3437 3190 πάντες
3477 3126 3528 3178 oi
3558 3123 3837 3194 προφῆται
3888 3123 3938 3176 οξ
3981 3122 4056 3176 τά

2470 3223 2692 3294 λυπηρὰ
2719 3223 2994 3291 λέγοντες,
3023 3213 3171 3274 οῦτοι
3199 3218 3436 3289 μάλιστα
3465 3211 3608 3287 ἦσαν
3630 3214 3869 3285 ἀληθεῖς,

2543 3317 2563 3337 ⁶
2628 3314 2743 3369 Kal
2808 3313 3030 3368 ἔλασεν
3121 3309 3394 3374 Ἀνανίας
3453 3309 3488 3362 ό
3547 3305 4053 3375 ψευδοπροφήτης

2470 3407 2678 3462 ἔναντι
2725 3403 2953 3469 παντὸς
2992 3400 3102 3457 τοῦ
3149 3399 3304 3456 λαοῦ
3356 3399 3498 3466 τοὺς
3523 3401 3766 3466 κλοιοὺς
3786 3400 3905 3455 ἀπὸ
3940 3396 4056 3455 τοῦ

2471 3497 2780 3567 τραχήλου
2827 3493 3110 3564 Ἰερεμίου
3139 3492 3245 3547 τοῦ
3272 3489 3604 3562 προφήτου,
3639 3491 3738 3545 καί
3763 3491 4058 3560 συνέτρι-

2471 3595 2594 3660 ψεν
2625 3586 2869 3652 αὐτοὺς,
2899 3585 2996 3640 καὶ
3016 3584 3086 3638 τὰ
3121 3583 3270 3652 ἑξῆς.

2552 3679 2612 3734 Ὀ
2657 3677 2927 3748 Ἱερεμίας
2958 3676 3050 3729 τὸν
3083 3673 3264 3742 ζυγὸν
3288 3674 3381 3727 ἐπὶ
3419 3672 3512 3726 τοῦ
3558 3675 3832 3745 τραχήλου
3867 3673 4054 3745 φέρων

2472 3771 2617 3825 κατὰ
2646 3771 2709 3823 τὸ
2765 3769 2862 3823 τοῦ
2909 3767 3048 3822 Θεοῦ
3090 3768 3444 3839 πρόσταγμα,
3480 3767 3870 3838 προφητεύσας
3913 3769 4055 3821 κατά

2472 3864 2581 3916 τῶν
2632 3862 2805 3915 ὲθνῶν
2848 3861 3227 3933 προεφήτευσε
3277 3859 3375 3912 καὶ
3432 3857 3578 3913 κατὰ
3619 3859 3720 3930 τῆς
3777 3859 4054 3931 Ἰερουσα-

2473 3954 2607 4025 λήμ.
2655 3949 2765 4006 Ἦν
2810 3954 2867 4006 δὲ
2892 3954 3153 4023 τέταρτον
3196 3950 3315 4015 ἔτος
3343 3950 3439 4005 τοῦ
3473 3950 3748 4018 Σεδεκίου,
3779 3950 3856 4014 ὡς
3887 3952 4052 4016 αὐτὸς

2471 4045 2502 4096 6
2562 4045 2851 4116 προφήτης
2904 4043 3074 4111 λέγει.
3143 4042 3232 4095 Ἐν
3275 4040 3457 4095 τοίνυν
3514 4041 3594 4112 τῷ
3639 4043 3876 4113 πέμπτῳ
3919 4044 4052 4112 μηνὶ

2471 4135 2662 4190 τούτου
2694 4135 2789 4190 τοῦ
2825 4135 2980 4198 ἔτους
3031 4135 3284 4198 Ἀνανίας
3315 4137 3343 4187 6
3377 4135 3836 4208 ψευδοπροφήτης
3877 4135 4052 4188 ἐλθὼν

2474 4226 2712 4298 ἐμήνυεν
2767 4225 2920 4281 ἀοδον
2975 4223 3106 4297 [τσ.
3155 4222 3379 4296 ἄνοδον]
3436 4225 3544 4278 τῶν
3584 4225 4055 4296 αἰχμαλωτισθέν-

2471 4334 2606 4383 των,
2641 4317 2854 4370 καὶτοῦ
2884 4317 3361 4388 Ναϐουχοδονόσορ
3394 4316 3692 4382 ἀπώλειαν,
3723 4319 3839 4383 καὶ,
3876 4318 3954 4380 ὼς
3988 4317 4051 4388 δὴ

2473 4408 2614 4462 κατά
2649 4410 2983 4482 πρόσταγμα
3015 4408 3152 4463 Θεοῦ
3197 4408 3388 4475 ποιῶν,
3424 4408 3712 4480 συνέτριψε
3742 4409 3832 4462 τὸν
3863 4408 4046 4478 ζυγόν.

2403 4522 2447 4577 D
2477 4499 2612 4556 Εἶτα
2652 4504 2777 4555 κατ’
2839 4501 3007 4556 αὐτοῦ
3062 4500 3410 4571 ἀποκάλυψις
3458 4499 3556 4554 τοῦ
3619 4499 3907 4572 Ἰερεμίου,
3955 4502 4050 4555 καὶ

2471 4594 2817 4664 ἀποκάλυψις
2867 4594 2971 4663 τῆς
3034 4593 3295 4665 ἀληθείας
3342 4592 3452 4646 τῶν
3507 4591 3717 4660 λόγων·
3752 4593 3890 4664 φησὶ
3944 4593 4048 4663 γὰρ

2473 4686 2610 4757 πρὸς
2639 4687 2823 4745 αὐτόν.

2545 4775 2692 4848 Ὅρα
2733 4777 2866 4849 παρ’
2893 4778 3028 4849 ήμῖν
3082 4775 3152 4828 τά
3184 4775 3584 4847 ἁμαρτήματα,
3619 4775 3746 4838 τοὺς
3771 4775 4045 4847 ὶλέγχους.

2472 4869 2538 4923 Τί
2559 4863 2651 4923 οὖν
2673 4869 2701 4922 6
2744 4867 3049 4940 Ἶερεμίαςς
3077 4866 3246 4920 Οὐδὲν
3275 4865 3436 4921 πλέον
3461 4866 3736 4936 ἐποίησεν,
3772 4866 4046 4938 ἀρκοῦντα

2471 4963 2562 5016 τὸν
2589 4962 2812 5033 ἔλεγχον
2840 4959 3275 5030 ἐπιδειξάμενος.

2543 5052 2562 5073 ¹
2595 5052 2790 5115 Τούτῳ
2828 5049 2906 5116 τῷ
2926 5050 3179 5116 ἐνιαυτῷ
3199 5049 3283 5104 σὺ
3304 5048 3580 5118 ἀποθανῇ
3637 5046 3748 5120 (ὅτε
3772 5051 4046 5124 ἐκδίκησιν

2475 5144 2742 5214 ὶποίησας
2772 5141 2970 5213 αὐτῷ),
2994 5143 3280 5218 λαλήσας
3292 5144 3444 5212 πρὸς
3467 5143 3576 5197 τὸν
3600 5143 3841 5212 Κύριον.

2543 5233 2839 5288 Τουτέστιν
2877 5233 3127 5288 ἐναντίαν
3163 5236 3228 5307 τῇ
3263 5233 3427 5306 βουλῇ
3478 5234 3570 5289 τοῦ
3622 5233 3758 5289 Θεοῦ
3779 5273 3796 5299 ,
3831 5236 3924 5290 καὶ
3950 5237 4044 5290 έπ-

2477 5323 2599 5392 άγει
2617 5340 2632 5356 ο

2545 5417 2656 5473 Kal
2688 5416 2988 5471 ἀπέθανεν
3046 5418 3315 5485 Ἀνανίας
3353 5421 3388 5474 ὁ
3433 5419 3946 5493 ψευδοπροφήτης
3982 5422 4047 5474 έν

2474 5509 2555 5574 τῷ
2583 5507 2840 5573 ἐνιαυτῷ
2872 5509 3084 5577 ἐκείνῳ
3125 5511 3196 5564 ἐν
3234 5510 3315 5577 τῷ
3335 5512 3480 5581 μηνὶ
3511 5511 3738 5582 ἑϐδόμῳ
3768 5518 3919 5583 μετὰ
3943 5515 4046 5571 δύο

2471 5601 2673 5670 μῆνας
2699 5599 2818 5654 τῶν
2845 5599 3045 5670 λόγων
3069 5601 3176 5655 τοῦ
3200 5603 3530 5672 προφήτου.

2547 5692 2766 5746 Τούτων
2813 5691 2871 5744 δὲ
2917 5693 3228 5764 γενομένων
3283 5696 3487 5766 γράφει
3526 5696 3557 5748 6
3609 5697 3880 5770 Ἱερεμίας
3915 5700 4048 5752 κατά

2477 5784 2808 5856 πρόσταγμα
2858 5784 2995 5839 Θεοῦ
3067 5786 3208 5858 πρὸς
3265 5789 3394 5852 τοὺς
3460 5789 3520 5841 ἐν
3580 5793 3646 5861 τῇ
3688 5792 3920 5863 ἀποικία
3977 5796 4047 5862 μή
