4226 6490
806 523 902 576 Ml

1551 513 2118 576 SUPPLEMENTUM
2163 511 2255 570 ΑΙ)
2302 510 2359 568 8.

2491 503 2989 565 CHRYSOSTOMI
3032 503 3279 561 OPERA.
3923 506 4007 563 921

880 640 990 694 Hoc
1009 646 1109 700 est,
1143 633 1359 707 quando
1411 633 1754 688 ambulabant
1801 632 2128 687 antecedens
2183 628 2370 698 ipsum1

2556 617 2870 683 Τουτέστιν,
2905 615 3068 687 ἡνίκα
3085 616 3334 680 ἐϐάδιζον
3366 616 3835 689 προπορευόμενος
3859 620 4006 690 αὐτοῦ,

807 745 1015 786 meum
1070 727 1411 800 requiescere
1464 725 1838 790 facerciii;sic
1890 723 2033 777 enim
2088 721 2217 792 legit
2273 719 2377 774 lle-

807 825 1004 876 ιιι-ωηο.
1033 818 1228 881 Porro,
1251 819 1343 883 ite,
1375 817 1609 872 obscure
1659 802 2072 886 interpretatum
2111 821 2218 876 est,
2253 813 2379 880 quia

806 914 1075 981 interpres
1097 919 1309 980 tempus
1336 924 1441 963 non
1466 909 1736 974 servavit;
1763 921 1861 977 pro
1889 904 2166 959 ambulans
2227 917 2350 957 nam
2364 930 2379 941 -

802 1017 908 1070 quc
935 1043 949 1068 ,
985 999 1252 1055 ambulate
1293 1001 1503 1071 posuit;
1532 1001 1612 1055 sic
1665 1001 1809 1055 enim
1849 1008 1904 1054 et
1961 995 2171 1068 Moyses
2201 995 2376 1051 dixit:

801 1091 860 1146 Si
882 1108 988 1146 non
1012 1092 1280 1154 ambulas,
1303 1107 1366 1144 ne
1388 1091 1580 1144 educas
1603 1105 1684 1143 me
1714 1087 1780 1142 ".

868 1271 1064 1329 Vides?
1088 1269 1305 1342 Ubique
1331 1271 1434 1326 hoc
1465 1269 1542 1325 illi
1576 1270 1911 1340 propositum
1952 1275 2039 1324 est
2061 1269 2375 1332 ostendere,

800 1364 871 1419 ab
929 1364 1020 1417 illo
1059 1377 1181 1419 esse
1229 1363 1488 1434 quidquid
1523 1373 1627 1417 est.
1695 1361 1860 1426 Dixit,
1914 1359 2224 1432 Babyloniis
2250 1373 2375 1430 per-

799 1455 1074 1520 euntibus,
1141 1462 1194 1509 tu
1251 1454 1433 1510 salvus
1503 1452 1633 1507 eris.
1695 1451 1897 1509 Deinde
1944 1452 2182 1506 ostendit
2233 1451 2376 1519 quod

801 1548 1002 1609 praeter
1049 1553 1200 1609 spem
1246 1549 1391 1605 erat,
1422 1541 1673 1609 quodque
1705 1540 1941 1594 buinana
1973 1539 2228 1610 cogitatio
2270 1554 2374 1594 non

799 1630 1068 1698 capiebat,
1117 1630 1236 1686 illos
1297 1646 1404 1686 non
1462 1645 1587 1688 esse
1638 1632 1932 1702 perituros.
1998 1631 2277 1702 Tanquam
2329 1630 2374 1686 si

798 1723 918 1790 quis
963 1722 1105 1774 inter
1135 1721 1301 1776 multa
1331 1722 1601 1778 cadavera
1645 1725 1881 1778 inveniat
1929 1724 2164 1791 aliquem
2191 1722 2374 1778 calen-

800 1822 931 1880 tem,
967 1813 1381 1885 spirantemque
1442 1816 1620 1870 adbuc
1645 1853 1660 1878 ,
1712 1824 2073 1883 agentemque
2115 1813 2372 1879 animam,

715 1919 718 1922 '
799 1905 998 1961 deinde
1029 1916 1239 1961 tantum
1279 1907 1508 1973 laboret,
1541 1906 1834 1976 hostesque
1864 1905 1932 1961 ab
1986 1905 2078 1960 illo
2120 1907 2372 1975 depellat,

799 2007 858 2049 ut
890 1996 1171 2052 lereillum
1205 1999 1272 2052 ad
1293 1999 1456 2069 vitam
1496 2008 1744 2067 revocet;
1784 2009 1930 2054 certe
1956 2000 2003 2055 is
2038 2012 2149 2053 rem
2184 2000 2374 2054 miram

797 2086 1020 2142 faceret.
1050 2088 1144 2143 Sic
1192 2088 1259 2143 de
1283 2098 1336 2146 te
1375 2088 1579 2146 iactum
1608 2099 1717 2157 est,
1740 2090 1857 2145 ait.
1886 2087 1929 2143 E
1960 2091 2140 2146 medio
2190 2105 2376 2147 eorum

799 2187 852 2230 te
873 2179 1152 2245 Suscitavi,
1184 2179 1250 2236 de
1275 2179 1358 2234 via
1386 2177 1623 2236 hostium
1654 2181 1951 2252 spirantem
1995 2190 2048 2237 te
2075 2181 2375 2249 inveniens,

799 2278 1083 2337 percutere
1119 2281 1171 2327 te
1200 2271 1443 2328 volentes
1475 2272 1886 2344 cohibui,spem
1936 2274 2130 2330 salutis
2175 2275 2374 2329 nullam

801 2361 1113 2418 habentem.

871 2546 885 2566 ‘
922 2541 1087 2600 Vens.
1129 2545 1182 2601 5.
1218 2545 1294 2601 De
1326 2545 1478 2620 longe
1509 2547 1763 2604 Dominus
1791 2550 2037 2618 apparuit
2067 2550 2155 2604 ei:
2183 2549 2374 2605 Chari-

799 2642 906 2688 tate
926 2647 1176 2704 perpetua
1193 2636 1361 2692 dilexi
1390 2649 1460 2693 te.

865 2724 1042 2782 Verba
1086 2738 1213 2783 sunt
1253 2729 1534 2800 Propheta
1597 2749 1614 2786 τ
1672 2731 1772 2786 hoc
1805 2742 1907 2799 est,
1950 2747 2045 2802 per
2111 2735 2372 2790 visionem

796 2817 936 2871 Deus
960 2820 1090 2873 mihi
1128 2823 1370 2876 ostendit
1400 2837 1518 2890 quae
1551 2823 1681 2877 olim
1727 2825 2073 2889 dicebantur,
2109 2835 2164 2881 et
2197 2842 2226 2880 a
2259 2841 2365 2881 ste-

797 2911 920 2967 culo
950 2926 964 2961 :
1016 2912 1288 2979 quomodo
1321 2913 1433 2967 sola
1466 2915 1736 2969 charitate
1777 2915 1831 2969 in
1875 2915 2091 2971 deserto
2122 2919 2374 2988 populum

794 3001 1052 3067 deduxit;
1086 3011 1140 3055 et
1168 3001 1304 3056 dixit
1337 3004 1466 3056 milii
1492 3018 1639 3057 nunc
1671 3022 1684 3056 :
1717 3002 1808 3059 llla
1836 3006 2106 3062 citaritate
2132 3009 2183 3061 in
2214 3020 2375 3063 teter-

794 3106 920 3144 num
954 3092 1112 3145 dilexi
1143 3106 1268 3146 eum
1304 3094 1444 3148 :lioc
1464 3103 1545 3148 est
1575 3095 1627 3148 in
1659 3096 1857 3152 linem:
1890 3107 1944 3150 et
1983 3099 2085 3152 hac
2114 3101 2179 3152 de
2213 3114 2373 3153 causa

792 3197 917 3236 cum
954 3183 1106 3251 perdi
1157 3197 1263 3236 non
1305 3185 1712 3252 permitto;sed
1760 3187 1909 3241 salvo
1970 3187 2249 3257 populum,
2281 3187 2372 3256 qui

793 3283 874 3327 cst
905 3273 958 3327 in
989 3274 1487 3343 transmigratione.

865 3364 880 3382 '
908 3358 1037 3414 Ideo
1067 3361 1267 3413 attraxi
1292 3373 1340 3415 te
1359 3363 1410 3415 in
1439 3363 1793 3418 miseratione.

863 3450 976 3506 Huc
1024 3463 1131 3515 est,
1163 3466 1383 3524 propter
1425 3453 1570 3507 illam
1617 3456 1943 3512 (-iiaritalem
1991 3458 2091 3514 lios
2138 3461 2239 3515 bac
2293 3462 2375 3516 di-

793 3557 930 3611 guos
968 3543 1094 3596 iecit
1118 3545 1318 3612 gratia,
1355 3545 1628 3601 redimens
1654 3563 1684 3599 ιι
1733 3546 2065 3618 Babyloniis.
2091 3550 2248 3616 illud,
2277 3553 2374 3607 At-

797 3635 942 3685 traxi
972 3642 1040 3697 te,
1068 3641 1125 3686 ut
1148 3636 1485 3699 ostenderet,
1515 3637 1657 3704 quod
1679 3639 1875 3692 evulsit
1896 3652 2050 3696 arcte
2074 3643 2370 3698 detentum.

794 3719 858 3773 In
887 3721 1294 3787 miserationem,
1321 3722 1520 3778 Vestivi
1557 3740 1680 3780 eum
1717 3728 1911 3795 gratia.

862 3902 977 3958 Non
1027 3903 1095 3958 ad
1130 3913 1361 3975 tempus,
1402 3917 1459 3961 ut
1501 3918 1558 3961 tu
1613 3907 1779 3976 lacis,
1825 3911 1926 3966 etsi
1960 3911 2178 3982 quidvis
2223 3928 2371 3984 agas,

791 4011 892 4065 ego
949 3998 1116 4066 diligo
1150 4007 1222 4051 te.

864 4085 1271 4144 Miserationem
1329 4091 1689 4159 impendens,
1757 4100 1866 4149 noh
1933 4095 2125 4151 merita
2195 4111 2373 4152 remu-

793 4189 1013 4230 neruus.

864 4268 880 4286 ‘
912 4266 1071 4321 Vens.
1106 4270 1161 4322 4.
1195 4266 1456 4335 Quoniam
1481 4271 1754 4340 wdiﬁcabo
1774 4283 1821 4328 te
1841 4283 1913 4340 et,
1935 4273 2310 4343 a'diﬁcaberis.

781 4422 786 4425 _
866 4358 977 4413 iloc
1004 4371 1107 4425 est,
1154 4363 1348 4416 iterum
1381 4363 1476 4418 tibi
1509 4366 1789 4435 antiquam
1834 4365 2065 4422 formam
2111 4370 2368 4433 restituo,

793 4459 914 4505 cum
946 4451 1123 4504 nullus
1156 4451 1412 4506 resistere
1443 4453 1635 4521 possit.
1797 4525 1802 4534 ³

860 4537 1100 4593 Summae
1127 4541 1274 4610 pacis
1330 4557 1664 4612 summaeque
1712 4547 2118 4617 tranquillitatis
2175 4553 2369 4610 indicia

792 4631 977 4696 ponit;
1009 4642 1062 4686 et
1094 4633 1251 4686 verba
1298 4634 1410 4702 ipsa
1439 4636 1625 4688 suavia
1652 4645 1796 4690 sunt.

869 4725 886 4741 '
939 4722 1100 4779 Vatis.
1131 4725 1187 4788 5,
1217 4725 1269 4780 6.
1307 4722 1556 4779 Plantate
1604 4726 1984 4794 plantationes,
2017 4742 2063 4784 et
2129 4733 2362 4800 laudate,

789 4816 913 4883 quia
950 4825 1022 4868 est
1092 4817 1200 4869 dies
1251 4816 1651 4882 consolationis,
1705 4821 1857 4888 quasi
1907 4825 2265 4890 respondentis
2310 4829 2364 4882 in

791 4904 1052 4958 tractatibus
1102 4902 1348 4973 Ephrem.
1380 4905 1612 4974 Surgite,
1641 4919 1688 4962 et
1747 4915 2092 4967 ascendamus
2129 4917 2181 4970 in
2235 4917 2361 4973 Sion

789 4995 857 5047 at!
898 4994 1177 5048 Dominum
1219 4994 1384 5048 Deum
1411 5007 1666 5054 nostrum.

858 5083 1063 5140 Sensus
1090 5096 1268 5143 textus
1315 5085 1489 5143 Graeci
1521 5089 1611 5144 bic
1650 5100 1773 5146 est:
1803 5093 1935 5151 Cum
1962 5099 2165 5154 reversi
2201 5100 2366 5154 lueri-

792 5178 881 5244 tis,
910 5178 1213 5233 sortiemini
1244 5177 1581 5235 lertilitatem
1623 5191 1800 5250 terrae,
1825 5201 2168 5255 possessores
2217 5192 2363 5262 ejus-

2487 714 2571 766 ἵνα
2614 710 2920 766 ἀναπαύσω
2954 709 3152 764 αὐτόν’
3183 709 3330 764 οὕτω
3382 710 3493 784 γὰρ
3540 711 3656 782 ἔχει
3710 713 3740 764 ὁ
3787 711 4007 784 Ἐϐραῖος.

2484 803 2557 857 Τὸ
2587 804 2644 856 δὲ
2669 802 2973 867 ,βαδίσατε
2997 803 3344 875 ἡρμήνευται
3375 805 3625 873 ἀσαφῶς,
3661 805 3748 860 διὰ
3769 805 3824 859 τὸ
3858 806 3921 878 μὴ
3938 807 4013 862 τὸν

2482 896 2675 968 χρόνον
2689 894 2920 964 φυλάξαι
2935 894 3028 946 τὸν
3043 893 3455 966 ἑρμηνευθέντα
3470 895 3578 968 [τσ.
3598 898 4013 972 ἐρμηνιύσαντσΓ

2483 989 2605 1040 ἀντὶ
2633 987 2737 1058 γὰρ
2771 985 3194 1054 τοῢ,βαδίζων,
3246 986 3550 1053 ,βαδίσατε
3603 989 3739 1060 ἔχει,
3773 989 3901 1044 οὕτω
3927 993 4018 1064 γὰρ

2481 1079 2732 1148 φαίνεται
2755 1080 2848 1134 καὶ
2884 1080 2913 1132 ὁ
2933 1079 3141 1149 Μωσῆς
3166 1079 3342 1150 λέγων
3366 1100 3381 1114 ·
3411 1084 3480 1137 El
3501 1083 3590 1152 μὴ
3605 1083 3689 1138 σὺ
3711 1084 4017 1154 atomumat)

2479 1171 2787 1243 ἀναγάγῃς
2805 1188 2901 1242 με.

2567 1260 2762 1330 Ὀρᾶςς
2801 1259 3086 1331 Πανταχοῦ
3126 1260 3420 1327 σπουδάζει
3451 1262 3741 1329 δεικνύειν,
3769 1266 3845 1320 δτι
3878 1267 4017 1322 αὐτοῦ

2478 1350 2540 1404 τδ
2578 1352 2688 1405 πᾶν
2722 1353 2892 1406 ἐστιν.
2943 1348 3102 1418 Eine,
3135 1351 3498 1410 Βαϐυλωνίων
3543 1357 3933 1429 ἀπολλυμένων,
3964 1361 4017 1415 σὺ

2477 1442 2818 1514 διασωθήσῃ.
2872 1437 3007 1496 Εἶτα
3039 1444 3281 1498 δείκνυσι
3322 1447 3385 1499 τὸ
3417 1450 3550 1520 παρ’
3597 1448 3806 1515 ἐλπίδα,
3835 1452 3918 1505 καὶ
3957 1452 4019 1517 ὼς

2477 1533 2578 1586 οὐκ
2604 1527 2674 1604 ἦν
2703 1532 3065 1601 ἀνθρωπίνων
3094 1534 3373 1606 λογισμῶν
3425 1537 3502 1608 μὴ
3541 1539 3637 1592 καὶ
3687 1541 3875 1606 αὐτοὺς
3907 1545 4022 1598 ἀπο-

2477 1623 2925 1696 λέσθαι.”Ωσπερ
2956 1626 3024 1680 ἀν
3057 1627 3216 1691 είτις
3247 1630 3308 1681 ἐν
3340 1629 3557 1694 πολλοῖς
3579 1630 3862 1704 πτώμασιν
3894 1635 4023 1707 εὖροι

2475 1715 2600 1769 τινὰ
2638 1714 2852 1780 ζέοντα,
2907 1715 3004 1771 καὶ
3052 1716 3134 1771 ετι
3190 1719 3528 1796 ἐμπνέοντα,
3581 1725 3677 1776 καὶ⁸
3714 1723 4026 1796 ἀναψύχοντα

2480 1805 2901 1880 [dumi/dlome
2941 1805 3061 1864 εἶτα
3096 1810 3358 1883 δυνηθείη
3387 1793 3613 1884 ποιῆσαι
3646 1793 4026 1890 τοιοῦτον-[ποι

2480 1899 2645 1970 νῆσαι
2691 1900 2991 1974 τοσοῦτον],
3028 1902 3124 1956 καὶ
3173 1904 3301 1968 τοὺς
3360 1904 3656 1976 πολεμίους
3717 1907 4029 1979 ἀποσοϐῆσαι

2410 1958 2452 2017 Β
2483 1958 2579 2044 ἀπ’
2623 1990 2858 2055 ἐκείνου,
2891 1958 3056 2063 μένον
3089 1958 3512 2065 [ι.ι.ονονοί›]›ιιιὶι
3548 1958 3654 2050 ἐπὶ⁷

2477 2080 2730 2149 ἀγαγεῖν,
2757 2080 3036 2152 θαύματος
3078 2082 3146 2136 ἀν
3179 2083 3286 2155 εῐη.
3347 2084 3507 2138 οὕτω
3566 2089 3662 2140 καὶ
3714 2088 3806 2141 ἐπὶ
3840 2089 3927 2144 σοῦ
3953 2091 4033 2159 γέ-

2476 2170 2624 2241 γονε,
2659 2175 2846 2244 φησίν.
2886 2175 2983 2228 Ἐκ
3019 2175 3188 2246 μέσου
3210 2175 3393 2230 αὐτῶν
3417 2177 3754 2252 διανέστησά
3802 2197 3858 2234 σε
3893 2197 3906 2212 ·
3936 2183 4034 2237 ἀπὺ

2475 2264 2599 2318 ὁδοῦ
2641 2265 2920 2337 πολεμίων
2950 2267 3262 2338 ἐμπνέοντά
3297 2284 3356 2321 σε
3379 2269 3580 2344 εὑρὼν,
3622 2274 3718 2324 καὶ
3746 2288 4036 2346 παρωρμη-

2477 2355 2749 2426 σαμένους
2779 2359 2972 2411 παῖσαι
3018 2357 3348 2424 διεκώλυσα,
3404 2361 3504 2414 οὐκ
3549 2360 3744 2432 ἔχοντα
3775 2363 4034 2435 σωτηρίας

2475 2446 2690 2503 ἐλπίδα.

2551 2540 2568 2557 ·
2595 2541 2908 2608 Πόρῤωθεν
2931 2541 3147 2610 Κύριος
3177 2542 3344 2612 ὤφθη
3376 2544 3564 2610 αὐτῷ·
3589 2546 3894 2616 ἀγάπησιν
3918 2551 4042 2603 αἰω-

2474 2631 2615 2683 νίαν
2637 2630 2928 2702 ἠγάπησά
2956 2648 3051 2686 σε.

2548 2720 2783 2775 Ταῦταὸ
2823 2725 3113 2795 προφήτης
3145 2724 3315 2794 λέγει,
3343 2728 3648 2794 τουτέστιν,
3683 2730 3929 2799 ύπέδειξέ
3958 2751 4044 2804 μοι

2476 2809 2544 2863 δι’
2597 2811 2869 2876 ὀπτασίας
2922 2812 3060 2877 Θεὸς
3111 2814 3182 2867 τὰ
3218 2817 3389 2870 πάλαι
3455 2817 3752 2891 λεγόμενα,
3825 2823 3918 2875 καὶ
3988 2825 4046 2887 ἐξ

2478 2903 2674 2968 αἰῶνος
2693 2919 2709 2934 °
2741 2904 2895 2985 ὅπως
2927 2907 3034 2960 ὑπὸ
3057 2908 3280 2977 ἀγάπης
3312 2911 3370 2963 ἐν
3387 2913 3453 2983 τῇ
3477 2913 3781 2985 πανερήμῳ
3805 2913 3893 2967 τὸν
3923 2915 4047 2968 λαὸν

2475 2997 2704 3069 διήγαγε
2743 3014 2757 3027 ·
2793 2983 2884 3051 καὶ
2933 2998 3037 3069 ἔφη
3079 3017 3170 3069 μοι
3219 3002 3333 3066 νῦν,
3373 3003 3621 3076 Ἐκείνην
3670 2983 3769 3077 τὴν
3832 3008 4049 3078 ἀγάπην

2477 3089 2713 3152 αἱωνίως
2764 3091 3029 3161 ἠγάπησα
3097 3091 3293 3145 αὐτόν’
3356 3095 3632 3149 τουτέστιν
3685 3097 3774 3150 διὰ
3827 3100 4048 3162 τέλου;“

2476 3181 2571 3234 καὶ
2592 3181 2795 3252 ταύτης
2833 3183 3020 3235 ἕνεκεν
3050 3183 3148 3254 τῆς
3182 3184 3364 3248 αἰτίας
3392 3187 3492 3238 οὐκ
3518 3187 3591 3239 ἐῶ
3614 3188 3779 3241 αὑτὸν
3827 3189 4054 3257 διαφθα-

2401 3296 2444 3354 C
2479 3273 2641 3342 ρῆναι
2667 3287 2684 3303 ⁸
2711 3272 2874 3337 σώζω
2899 3274 2957 3327 δὲ
2993 3275 3087 3328 τὸν
3120 3277 3200 3338 είς
3225 3277 3486 3330 ἀποικίαν
3520 3279 3670 3333 λαόν.

2554 3369 2569 3387 ⁸
2599 3367 2702 3419 Διά
2734 3365 2912 3420 τοῦτο
2931 3366 3193 3421 εἵλκυσὰ
3212 3384 3285 3422 σε
3313 3371 3400 3434 είς
3419 3371 3784 3440 οὶκτείρημα.

2548 3457 2842 3523 Τουτέστι,
2875 3458 2946 3512 δι’
2981 3460 3201 3530 ἐκείνην
3222 3461 3320 3532 τὴν
3362 3463 3585 3531 ἀγάπην
3613 3464 3850 3534 ἠξίωσεν
3894 3465 4060 3519 αὐτὸν

2475 3552 2575 3620 τῆς
2618 3549 2713 3604 νῦν
2763 3551 3012 3622 χάριτος,
3062 3552 3378 3617 ἀπαλλάξας
3421 3555 3586 3609 αὐτὸν
3618 3557 3730 3610 τῶν
3788 3559 4058 3613 Βαϐυλω-

2474 3640 2626 3695 νίων.
2677 3641 2750 3696 Τὸ
2784 3643 2841 3695 δὲ
2893 3643 3154 3697 εἶλκυσά
3190 3660 3304 3708 σε,
3358 3646 3444 3698 ἵνα
3493 3647 3645 3719 δείξῃ
3694 3649 3768 3711 ὡς
3819 3651 4064 3721 ἰσχυρῶς

2473 3730 2844 3801 κατεχόμενον
2877 3730 3171 3796 ἐξέσπασε.
3202 3732 3277 3786 Τὸ
3311 3733 3389 3799 δέ,
3429 3737 3516 3803 είς
3553 3740 3921 3808 οἱκτείρημα,
3943 3740 4068 3794 Ἑν-

2474 3821 2639 3876 έδυσα
2668 3822 2834 3876 αὑτὸν
2869 3824 3054 3895 χάριν,
3099 3824 3234 3894 ἔχει.

2545 3915 2621 3967 Οὐ
2655 3917 2791 3984 πρὸς
2819 3916 3033 3987 καιρὸν,
3066 3917 3318 3989 καθάπερ
3348 3919 3435 3984 σὺ,
3458 3917 3563 3974 κᾶν
3587 3919 3760 3991 μυρία
3783 3922 4059 3995 ποιήσῃς,

2475 4003 2586 4071 ἐγὼ
2608 4006 2748 4073 φιλῶ
2780 4023 2860 4058 σε.

2545 4097 2848 4167 Οίκτείρων
2893 4097 2986 4150 καὶ
3021 4098 3206 4164 ἐλεῶν,
3251 4101 3370 4171 οὐχὶ
3416 4102 3484 4154 τὰ
3538 4101 3662 4156 κατ’
3713 4102 3876 4170 ἀξίαν
3917 4104 4066 4158 ἀπο-

2477 4188 2676 4258 νέμων.

2547 4283 2563 4301 ·
2594 4280 2726 4334 Ὀτι
2748 4278 3131 4351 οἰκοδομήσω
3159 4299 3254 4348 σε,
3283 4283 3381 4338 καί
3405 4283 3886 4354 οίκοὸομηθήσῃ.

2546 4371 2828 4438 τουτέστι,
2861 4373 3030 4426 πάλιν
3059 4391 3141 4427 σοι
3169 4375 3228 4428 τὸ
3248 4376 3478 4446 ἀρχαῖον
3504 4376 3812 4448 ἀποδίδωμι
3836 4377 4070 4449 σχῆμα,

2473 4461 2687 4523 οὐδενὸς
2717 4461 3018 4531 δυναμένου
3056 4464 3397 4534 ἀντιστῆναι.

2557 4554 2766 4618 Ἀδείας
2798 4554 3024 4624 πολλῆς,
3069 4558 3174 4610 καὶΓ
3213 4555 3433 4625 βαθείας
3488 4557 3714 4629 είρήνης
3764 4560 4076 4629 τεκμήρια

2405 4643 2448 4698 D
2473 4646 2640 4714 λέγει,
2674 4647 2767 4701 καὶ
2792 4647 2932 4700 αὐτὰ
2949 4649 3017 4701 τὰ
3048 4647 3269 4719 ῥήματα
3298 4648 3503 4702 πιθανά
3529 4647 3638 4720 [ίσ.
3671 4647 3964 4722 ποθεινά].

2542 4739 2560 4758 ‘
2589 4738 2936 4791 Φυτεύσατε
2956 4741 3231 4807 φυτείας,
3264 4741 3360 4792 καὶ
3390 4741 3694 4804 αὶνέσατε,
3730 4740 3826 4794 ὅτι
3880 4740 4080 4794 ἐστὶν

2471 4828 2659 4897 ἡμέρα
2687 4830 3132 4896 παρακλήσεως
3164 4830 3663 4900 ἀπολογουμένου
3707 4830 3781 4884 ἐν
3845 4831 4082 4901 ὄρεσιν

2481 4919 2753 4990 Ἐφραίμ.
2805 4919 3014 4988 Στῆτε,
3067 4920 3168 4973 καὶ
3216 4918 3530 4989 ἀναδῶμεν
3570 4923 3658 4987 είς
3687 4920 3850 4975 Σιὼν
3907 4923 4080 4991 πρὸς

2469 5013 2689 5079 Κύριον
2712 5011 2820 5064 τὸν
2849 5011 2996 5065 Θεὸν
3014 5010 3204 5080 ἡμῶν.

2554 5104 2616 5155 Ἦ
2677 5104 2776 5173 μὲν
2816 5102 2995 5155 ἔννοια
3044 5101 3138 5154 τοῦ
3195 5101 3510 5174 Ἐλληνικοῦ
3562 5105 3710 5178 ἐστιν
3759 5103 3939 5174 αὕτη,
3994 5104 4086 5157 ὅτι

2465 5195 2894 5258 Ἐπανελθὸντες
2923 5193 3261 5248 ἀπολαύσετε
3282 5195 3380 5266 τῆς
3400 5195 3660 5266 εὐφορίας
3682 5195 3747 5264 τῆ
3803 5196 3950 5265 γῆς,
3985 5200 4092 5251 καί

789 5271 909 5323 dem
956 5279 1116 5324 terra:
1160 5270 1335 5326 eﬂ‘eCIi
1382 5291 1394 5326 :
1450 5273 1548 5328 hoc
1596 5290 1831 5346 namque
1872 5280 2050 5336 innuit
2085 5283 2214 5339 illud
2251 5303 2264 5340 :
2295 5285 2362 5341 In

2466 5287 2563 5356 τὴν
2594 5288 2699 5358 γῆν
2731 5287 3168 5356 κατεσχηκότεςο
3213 5287 3374 5342 τοῦτο
3423 5288 3531 5358 γὰρ
3574 5288 3773 5357 μηνύει
3820 5288 3888 5341 τό
3919 5305 3937 5318 ο
3981 5288 4092 5340 Ἐν

789 5361 1049 5415 montibus
1081 5360 1322 5430 Ephrem,
1354 5380 1418 5419 ex
1454 5377 1600 5420 certa
1655 5379 1807 5437 parte
1852 5372 2158 5429 universam
2212 5378 2363 5433 desi-

788 5469 960 5524 gnans
995 5463 1228 5519 terram;
1275 5457 1425 5523 quasi
1478 5457 1683 5513 diceret
1718 5478 1729 5513 :
1777 5459 1998 5518 Summa
2019 5480 2120 5535 ope
2159 5470 2362 5524 redibi-

791 5548 858 5602 tis
909 5546 976 5600 ad
1030 5547 1314 5616 templum,
1364 5547 1527 5603 Deum
1589 5553 1954 5612 celebrantes.
1991 5559 2059 5611 At
2105 5558 2363 5618 Hebraeus

789 5639 866 5692 sic
895 5639 1098 5693 habet:
1133 5639 1196 5693 Et
1217 5639 1554 5708 plantabunt,
1580 5657 1628 5698 et
1659 5649 1924 5702 comedent
1961 5651 2210 5718 fructum.
2244 5654 2361 5708 Erit

787 5731 922 5782 enim
944 5731 1075 5793 dies,
1101 5732 1152 5784 in
1184 5749 1285 5799 qua
1303 5734 1603 5789 clamabunt
1627 5741 1863 5795 custodes
1896 5743 2202 5813 vinctorum,
2230 5745 2362 5802 Sur-

860 5909 902 5936 υ
943 5910 1108 5962 Exod.
1151 5927 1237 5977 xx,
1276 5912 1356 5965 ιο.
1437 5972 1445 5975 ἤ

2469 5382 2676 5450 ὄρεσιν
2707 5383 2983 5452 Ἐφραὶμ,
3015 5383 3123 5438 ἀπὸ
3159 5383 3255 5438 τοῦ
3306 5383 3534 5455 μερικοῦ
3555 5385 3653 5454 τὴν
3695 5386 3889 5438 πᾶσαν
3948 5385 4092 5454 γῆν,

2473 5473 2558 5525 ἵνα
2583 5475 2734 5544 εἴπῃ·
2766 5475 2921 5528 Μετά
2951 5475 3189 5546 σπουδῆς
3216 5474 3648 5528 ἐπανελεύσεσθε
3684 5476 3764 5537 εἰς
3813 5476 3920 5527 τὸν
3945 5477 4099 5530 ναὸν

2471 5565 2770 5636 ὑμνοῦντες
2818 5567 3114 5640 τὸνθεόν.
3187 5569 3245 5623 ὐ
3290 5571 3345 5622 δὲ
3407 5568 3656 5640 Ἐϐραῖος
3697 5566 3883 5631 οὕτως
3916 5568 4094 5638 ἔχει·

2470 5659 2578 5712 Kal
2634 5661 3018 5728 φυτεύσουσι
3084 5662 3184 5715 καὶ
3247 5661 3538 5731 φάγονται
3605 5659 3714 5714 τὸν
3793 5663 4095 5728 καρπόν.

2477 5752 2685 5806 Ἔσται
2707 5752 2819 5822 γὰρ
2847 5754 2916 5807 ἐν
2946 5755 3132 5823 ἡμέρᾳ
3155 5756 3223 5809 ἐν
3248 5750 3286 5826 ᾖ
3304 5753 3694 5822 κεκράξονται
3724 5755 3780 5808 oi
3807 5754 4101 5824 φυλάσ-
