4226 6460
248 437 360 496 973

1365 420 1796 481 FRAGMENTA
1827 420 1896 475 IN
1932 417 2306 478 JLREMIAM.
2818 416 2860 434 "‘

3438 418 3572 479 ’θη

251 571 475 621 σοντες
520 550 665 619 τοὺς
712 543 1078 620 ἀμπελῶνας
1105 562 1119 579 ⁸
1155 545 1480 611 Ἀνάστητε
1514 544 1614 597 καί
1661 538 1845 596 ἀνέλ-

1969 537 2058 603 ιὶιε
2120 547 2167 590 et
2214 535 2562 591 ascendamus
2608 537 2664 589 in
2702 532 2855 591 Sion.
2903 534 2974 589 Et
3012 542 3098 589 est
3124 534 3317 590 eadem
3347 545 3543 590 senten

252 653 450 716 (θῶμεν
470 649 560 713 εις
602 644 776 701 Σιών.
808 642 1052 708 Σώζεται
1083 641 1142 695 δί
1166 642 1198 710 ή
1221 638 1362 709 αὑτὴ
1387 637 1568 691 ἔννοια
1592 654 1606 669 ο
1635 636 1704 705 τῇ
1745 634 1855 704 γὰρ

252 741 493 794 ἑκάστου
530 739 770 810 ὠφελείᾳ
797 735 897 809 τὴν
944 733 1211 806 περιττὴν
1258 730 1546 785 εὐσέϐειαν
1580 727 1850 784 δείκνυσι.

330 831 464 888 Ὅτι
481 831 882 902 ἐφυτεύσατε.

327 927 474 997 Ὅρα
498 922 780 994 πανταχοῦ
811 922 929 987 πῶς
953 920 1291 990 ἀναμίγνυσι
1337 919 1452 981 τοῖς
1485 914 1720 985 ἀγαθοῖς
1753 914 1855 986 τὴν

259 1018 561 1091 μετάνοιαν
579 1011 972 1087 [ἐπιστροφὴν]
1006 1011 1209 1065 αὐτῶν.

327 1115 345 1131 “
373 1109 794 1184 Ἀτιιλλίασθε,
846 1106 946 1159 καὶ
991 1104 1417 1174 εὐφραίνεσθε,
1481 1101 1584 1155 καί
1638 1116 1854 1169 χρεμεο

257 1204 490 1266 τίσατε,
515 1201 614 1255 ἐπὶ
636 1197 918 1269 κεφαλὴν
943 1196 1161 1252 ἐθνῶν.

329 1291 651 1356 Τουτέστιν,
700 1288 932 1343 ἑνώπιον
982 1286 1090 1341 τῶν
1151 1285 1325 1340 ἑθνῶν
1380 1285 1646 1356 βοήσατε,
1685 1284 1855 1356 μηδὲν

257 1386 463 1449 αὐτοὺς
490 1383 815 1448 δεδοικότες,
844 1382 937 1436 διὰ
956 1381 1056 1452 τὴν
1092 1379 1235 1452 ἐμὴν
1266 1380 1612 1451 συμμαχίαν.

333 1481 351 1500 ⁶
382 1476 534 1534 Ἰδοὺ
576 1474 693 1547 ἐγὼ
716 1473 840 1544 ἄγω
883 1473 1109 1540 αὐτοὺς
1167 1473 1284 1528 ἀπὸ
1325 1470 1443 1542 τῆς
1487 1469 1706 1540 Βορῤἇ.
1756 1469 1860 1524 καί

260 1568 512 1635 συνάξω
532 1566 760 1633 αὐτοὺς
781 1565 885 1621 ἀπ’
913 1564 1184 1635 ἐσχάτου
1233 1563 1346 1633 τῆς
1385 1563 1502 1635 γῆς
1549 1565 1621 1618 ἐν
1677 1561 1859 1633 ἑορτῇ

261 1661 494 1718 Φασέκ.

334 1755 651 1820 Τουτέστιν,
699 1753 776 1818 ὡς
836 1755 896 1807 ἑν
950 1753 1016 1823 τῇ
1077 1752 1241 1823 ἑορτῇ
1290 1749 1386 1806 τοῦ
1433 1751 1640 1817 Φασὲκ,
1685 1748 1860 1814 οὕτως

265 1848 519 1912 ἅπαντας
548 1845 868 1902 ἐπανελθεῖν
893 1843 1196 1916 προθύμως
1230 1844 1464 1916 ποιήσω.

1964 630 2073 696 tia;
2105 645 2175 684 ex
2232 629 2668 697 uniuscujusque
2719 628 2866 681 enim
2920 625 3160 682 utilitate
3223 639 3573 696 superamu-

1959 720 2182 777 dantem
2224 721 2485 791 pietatem
2519 721 2890 777 demonstrat.

2034 811 2180 878 Quia
2215 813 2523 884 plantariis.

2034 907 2170 962 Vide
2198 915 2258 960 ut
2280 905 2482 975 ubique
2511 917 2636 960 cum
2664 902 2824 958 bonis
2843 900 3149 972 coniungat
3181 915 3378 959 eorum
3433 916 3572 959 con-

1959 999 2292 1055 versionem.
2889 1013 2894 1018 '
3145 1037 3168 1070 ἢ.

2033 1095 2049 1114 ·
2075 1090 2245 1145 Vens.
2280 1090 2336 1144 7.
2365 1087 2646 1142 Exsultate
2670 1087 2726 1141 in
2752 1085 2971 1154 lwtitia,
2992 1097 3038 1140 et
3067 1083 3356 1151 (tutamini,
3379 1095 3425 1138 et
3449 1081 3574 1141 Itin-

1961 1186 2066 1240 uile
2085 1199 2241 1254 super
2254 1192 2411 1251 caput
2435 1183 2693 1253 gentium.

2033 1276 2151 1332 Hoc
2181 1283 2290 1342 est...
2321 1290 2507 1331 coram
2543 1273 2802 1343 gentibus
2834 1271 3095 1334 clamate,
3141 1268 3278 1325 nihil
3308 1283 3406 1326 eos
3452 1283 3575 1339 pro-

1961 1376 2080 1436 pter
2105 1381 2285 1422 meum
2311 1364 2577 1420 auxilium
2613 1365 2895 1418 timentes.
3256 1413 3257 1416 η

2032 1463 2049 1483 ⁴
2095 1460 2261 1516 Vens.
2292 1458 2347 1514 8.
2381 1459 2519 1513 Ecce
2542 1473 2634 1529 ego
2662 1457 2873 1512 adduco
2905 1471 2996 1510 eos
3038 1456 3103 1510 de
3146 1465 3290 1508 terra
3352 1453 3575 1523 Aquilo-

1961 1554 2139 1619 nis,et
2187 1555 2517 1624 congregabo
2543 1569 2632 1608 eos
2677 1553 2742 1605 ab
2787 1562 3024 1607 extremo
3065 1560 3226 1606 teme
3277 1549 3332 1602 in
3385 1547 3575 1602 solent-

1963 1649 2128 1701 nitatc
2156 1644 2388 1701 Phasec.

2034 1739 2151 1796 Hoc
2177 1746 2284 1806 est,
2306 1738 2446 1793 sicut
2501 1739 2555 1793 in
2600 1738 2951 1795 solemnitate
2999 1737 3236 1802 Phasec,
3260 1733 3346 1790 sic
3377 1744 3574 1789 omnes

1989 1832 2161 1886 alacri
2199 1833 2384 1887 animo
2414 1834 2613 1887 reverti
2650 1830 2875 1887 faciam.

338 1896 961 2011 ἓῖξοῖζιᾶιζῆζέᾷῥτήντ
978 1896 1129 2007 λέ...
1153 1896 1375 1991 tua;
1405 1896 1620 2008 καιρόν.
1671 1936 1858 2010 Ὁρᾷς,

2038 1925 2244 1981 Deinde
2277 1933 2335 1981 et
2378 1923 2784 1982 solemnitatem
2837 1926 3010 1996 ponit,
3044 1932 3101 1978 et
3135 1931 3374 1992 tempus.
3404 1917 3572 1974 Vides

263 2035 350 2108 δτι
371 2031 534 2104 ἑξίση
570 2034 629 2086 ἑν
660 2032 824 2102 ἑορτῇ
852 2030 1038 2085 Φασὲκ
1071 2029 1215 2084 κατὰ
1236 2029 1328 2082 τὸν
1350 2029 1565 2100 καιρὸν,
1613 2028 1740 2084 καθ’
1778 2030 1859 2096 ὃν,

266 2123 364 2177 καὶ
397 2122 458 2188 ἑξ
485 2121 769 2192 Αἰγύπτου
793 2123 916 2175 τότε
937 2119 1178 2189 ἐξελθεῖν
1204 2119 1560 2191 ἐλυπήθησαν
1590 2119 1701 2193 [ῑσ.
1741 2120 1863 2176 ἑδυ-

266 2213 562 2288 νήθησαν].
595 2216 709 2286 Οὐχ
732 2213 920 2278 ἁπλῶς
952 2207 1108 2278 οὗτος
1139 2213 1168 2267 ό
1189 2211 1382 2284 καιρὸς
1431 2212 1706 2285 ἑκατέρας
1743 2214 1864 2267 ἐστὶ

263 2308 364 2380 τῆς
386 2308 619 2362 εἰσόδου.
657 2307 801 2362 Ἀλλ’
836 2307 952 2362 ῐστε
988 2307 1040 2360 οι
1075 2307 1446 2378 μεμυημένοι,
1501 2305 1650 2370 τίνος
1689 2305 1863 2373 τύπος

260 2402 427 2456 τοῦτο
451 2396 540 2474 ἦν.
572 2400 840 2472 Δεύτερον
872 2401 995 2456 τότε
1022 2399 1444 2472 ἐπανέρχονται.
1785 2399 1788 2402 ’

341 2492 450 2548 Καὶ
479 2491 911 2562 τεκνοποιήσῃ.

335 2583 495 2639 Οὕτω
552 2585 648 2639 καὶ
692 2586 742 2638 οἱ
777 2585 1060 2656 ἁνάπηροι
1119 2583 1245 2638 τότε
1303 2583 1761 2658 θεραπευθέντες
1795 2586 1865 2640 τὰ

263 2671 524 2746 σώματα,
550 2673 791 2747 πατέρες
827 2674 1068 2730 ἑσονται.

337 2769 441 2822 Ἐν
464 2767 757 2838 κλαυθμῷ

350 2857 572 2932 Ἐπειδὴ
608 2859 719 2931 γὰρ
782 2858 930 2924 εἰκὸς
973 2854 1044 2930 ἦν
1106 2858 1310 2924 αὐτοὺς
1357 2857 1594 2924 είδότας,
1646 2859 1744 2912 καὶ
1804 2860 1866 2912 τὸ

268 2950 470 3022 μῆκος,
505 2951 602 3006 καὶ
679 2950 782 3023 τὴν
823 2951 1207 3024 ταλαιπωρίαν
1273 2952 1375 3023 τῆς
1429 2951 1552 3006 ὁδοῦ
1601 2951 1864 3024 ίλιγγιᾷν,

265 3042 498 3108 εἰκότως
522 3043 618 3099 καὶ
655 3043 854 3098 τοῦτον
893 3045 1117 3117 ἀναιρεῖ
1163 3044 1258 3099 τὸν
1293 3044 1463 3114 φόϐον
1527 3043 1728 3114 λέγων,
1781 3046 1866 3099 ὅτι

267 3134 346 3188 οὗ
372 3135 667 3205 φεύγοντες
708 3136 895 3206 ἥξετε,
930 3137 991 3190 οὐ
1017 3137 1074 3190 δὲ
1109 3136 1528 3208 θορυϐούμενοι,
1552 3137 1690 3192 ἀλλὰ
1728 3138 1869 3209 μετὰ

156 3281 162 3285 _
265 3226 434 3298 τιμῆς
481 3227 577 3282 καὶ
623 3228 1030 3300 παρακλήσεως
1073 3228 1169 3281 καὶ
1225 3229 1468 3294 ἀνέσεως
1517 3228 1620 3299 τῆς
1692 3247 1866 3300 προσ-

262 3317 532 3392 ηκούσης,
600 3320 779 3375 καίτοι
816 3323 970 3386 ποῖος
1003 3320 1164 3375 τοῦτο
1187 3321 1452 3391 λογισμὸς
1485 3321 1670 3393 εὑρεῖν
1701 3321 1864 3391 δυνή-

269 3431 448 3481 σεται,
478 3416 564 3469 δτι
594 3416 696 3487 τῆς
727 3415 938 3480 πόλεως
965 3416 1224 3488 ἁλούσης,
1279 3417 1375 3470 καὶ
1431 3416 1542 3471 τῶν
1583 3416 1864 3472 δεσποτῶν

267 3505 668 3578 χειρωθέντων,
722 3509 771 3560 οἱ
815 3507 995 3561 δοῦλοι
1056 3507 1207 3579 παρὰ
1256 3507 1368 3562 τῶν
1425 3507 1708 3562 δεσποτῶν
1755 3508 1866 3562 τῶν

268 3599 699 3670 χειρωσαμένων
725 3600 868 3671 μετᾶ
896 3599 1069 3671 τιμῆς
1096 3599 1326 3671 ἔμελλον
1356 3599 1695 3655 ἀπολύεσθαι
1729 3601 1867 3672 πρὸς

265 3689 369 3760 τὴν
399 3690 645 3757 οίκείαν;

340 3778 473 3832 Ὅτι
499 3779 819 3852 ἐγενόμην.

342 3870 489 3944 Ὅρα
548 3874 733 3929 αἰτίαν
791 3875 1103 3945 ἀναγκαίαν
1161 3877 1260 3947 τῆς
1304 3879 1585 3950 σωτηρίας
1656 3877 1863 3944 αὐτῶν,

268 3961 370 4014 οὐκ
403 3962 658 4031 ἀφιεῖσαν
686 3963 888 4029 αὐτοὺς
917 3965 1256 4037 τυφωθῆναι.
1311 3968 1385 4022 Οὐ
1444 3969 1552 4039 γὰρ
1591 3969 1701 4023 ἀπὸ
1731 3986 1866 4023 κατ-

265 4053 631 4126 ορθωμάτων,
700 4056 817 4111 ἀλλ’
853 4057 962 4112 ἀπὸ
991 4057 1292 4123 διαθέσεως
1326 4059 1426 4130 τῆς
1472 4060 1714 4132 φυσικῆς
1762 4062 1863 4115 aia-

270 4147 398 4212 τοὺς
431 4147 610 4215 σώζω.
651 4148 826 4204 Τοῦτο
851 4149 1148 4216 δείκνυσιν,
1181 4151 1265 4205 ὅτι
1293 4151 1389 4205 καὶ
1428 4152 1636 4218 πάντας
1672 4152 1861 4209 σώσει.

268 4239 459 4304 Οὐδεὶς
500 4240 612 4314 γὰρ
670 4241 859 4314 πατὴρ
912 4243 1235 4314 περιόψεται
1282 4244 1451 4299 παῖδα
1491 4245 1862 4315 πρωτότοκον,

268 4335 368 4384 καὶ
423 4334 575 4405 παρᾶ
612 4334 851 4405 πατέρος
911 4334 1225 4406 σωζόμενος
1271 4337 1373 4391 οὐκ
1411 4337 1479 4391 ἂν
1552 4337 1666 4410 ἔχοι
1719 4339 1866 4411 μέγα

268 4428 514 4496 φρονεῖν.

339 4517 673 4575 Ἀκούσατε
701 4522 912 4592 λόγον.

1969 2017 2022 2072 in
2056 2016 2405 2073 solemnitate
2455 2016 2670 2072 Phasec
2711 2019 2965 2073 evenisse
3005 2025 3255 2085 tempore
3300 2011 3418 2077 illo,
3459 2026 3572 2081 quo

1966 2111 2282 2166 etiamtunc
2328 2125 2396 2166 ex
2423 2109 2660 2183 Egypto
2711 2111 2899 2182 egredi
2950 2115 3271 2181 potuerunt.
3299 2103 3413 2159 Nec
3471 2103 3576 2159 l'or-

1967 2205 2104 2260 tuito
2127 2213 2344 2276 tempus
2387 2204 2490 2260 hoc
2550 2204 2838 2274 utriusque
2894 2200 3259 2274 ingressionis
3306 2207 3391 2254 est
3423 2213 3437 2250 :
3475 2197 3574 2252 sed

1968 2295 2167 2352 initiati
2200 2298 2375 2354 nostis
2406 2297 2562 2369 cuius
2621 2299 2795 2368 figura
2847 2297 2964 2352 lucc
2997 2297 3091 2352 sit.
3138 2293 3402 2351 Secundo
3441 2300 3573 2346 tunc

1967 2397 2342 2449 revertuntur.

2039 2481 2107 2537 Et
2135 2482 2427 2555 generabit.

2041 2575 2132 2632 Sic
2164 2585 2218 2632 et
2247 2576 2507 2643 mutilati,
2535 2587 2668 2635 tunc
2718 2581 2924 2637 curatis
2981 2577 3339 2650 corporibus,
3380 2589 3572 2649 patres

1970 2667 2120 2735 ﬁent.

2039 2758 2205 2816 Vens.
2243 2762 2297 2819 9.
2325 2762 2390 2817 In
2422 2761 2656 2832 ploratu.

2039 2850 2176 2908 Nam
2212 2855 2339 2926 quia
2368 2863 2800 2913 consentaneum
2830 2865 2948 2913 erat
2993 2871 3088 2915 eos
3146 2855 3364 2916 itineris
3395 2856 3578 2928 longi-

1971 2949 2214 3006 tudinem
2239 2963 2292 3007 et
2339 2952 2686 3009 incommoda
2712 2953 2955 3010 scientes
3001 2955 3344 3025 perturbari,
3377 2956 3577 3011 merito

1969 3040 2114 3099 hunc
2144 3060 2365 3116 quoque
2386 3047 2609 3117 expellit
2634 3048 2913 3114 timorem,
2938 3049 3131 3104 dicens
3162 3067 3176 3104 :
3209 3048 3331 3106 Non.
3358 3049 3576 3120 fugien-

1971 3143 2051 3190 tes
2071 3138 2322 3205 venietis,
2354 3154 2465 3195 non
2495 3141 2720 3207 turbati,
2755 3142 2850 3196 sed
2885 3156 3010 3196 cum
3055 3141 3268 3198 honore
3326 3152 3382 3198 et
3441 3158 3575 3199 con-

1970 3226 2263 3294 solatione,
2299 3236 2355 3284 et
2398 3230 2724 3286 remissione
2759 3231 2928 3285 animi
2966 3231 3355 3287 conveniente.
3388 3232 3575 3300 Quan-

1969 3333 2132 3389 quam
2169 3336 2292 3390 quze
2343 3321 2481 3376 ratio
2521 3321 2771 3380 invenire
2801 3322 2904 3379 hoc
2939 3323 3173 3394 poterit?
3205 3333 3446 3395 utcapta
3484 3326 3567 3380 ci-

1971 3411 2159 3479 vitate,
2190 3413 2430 3470 dominis
2475 3415 2529 3470 in
2564 3416 2885 3472 servitutem
2914 3416 3173 3481 redactis,
3233 3416 3378 3472 servi
3412 3431 3440 3469 a
3473 3417 3574 3472 do»

1970 3505 2134 3560 minis
2159 3505 2253 3575 qui
2282 3521 2378 3562 eos
2400 3517 2661 3578 ceperant
2687 3549 2700 3573 ,
2731 3522 2856 3564 cum
2890 3507 3102 3564 honore
3135 3507 3357 3564 domum
3382 3510 3573 3565 remit-

1972 3597 2253 3652 terentur?

2045 3779 2187 3844 Quia
2220 3779 2393 3849 factus
2416 3796 2557 3835 sum.

2046 3869 2180 3926 Vide
2227 3873 2596 3928 necessariam
2649 3872 2843 3930 salutis
2890 3888 3084 3931 eorum
3133 3889 3400 3942 causam,
3463 3893 3572 3933 non

1971 3961 2382 4032 permittentem
2419 3978 2513 4020 eos
2546 3965 2857 4035 superbire.
2891 3965 3011 4022 Non
3054 3967 3202 4021 cnim
3265 3969 3337 4024 ob
3378 3983 3572 4024 eorum

1972 4055 2187 4121 merita,
2224 4056 2320 4112 sed
2349 4071 2414 4112 ex
2441 4054 2637 4113 aﬂ'ectu
2673 4058 2804 4113 milii
2843 4060 3034 4114 innato
3079 4059 3200 4116 illos
3253 4063 3428 4118 salvo.
3463 4063 3576 4118 Hoc

1973 4153 2262 4212 monstrat,
2305 4148 2450 4217 quod
2504 4149 2670 4205 etiam
2716 4164 2911 4206 omnes
2955 4150 3152 4218 salvat,
3200 4151 3380 4208 nullus
3421 4156 3571 4209 enim

1971 4245 2128 4306 pater
2152 4247 2466 4296 contemnet
2514 4239 2681 4295 lilium
2711 4241 3160 4314 primogenitum,
3183 4253 3240 4300 et
3277 4245 3372 4317 qui
3407 4263 3435 4300 a
3474 4263 3571 4318 pa-

1973 4339 2054 4386 tre
2076 4331 2342 4401 salvator,
2370 4347 2477 4389 non
2506 4333 2671 4391 habet
2697 4335 2768 4390 de
2796 4350 2909 4406 quo
2934 4350 2993 4392 se
3017 4335 3266 4393 extollat.

2044 4516 2210 4574 Vsus.
2239 4516 2329 4573 10.
2367 4518 2561 4574 Audite
2585 4519 2762 4575 verba.

355 4608 414 4662 '0
446 4609 686 4680 μάλιστα
717 4611 1082 4684 ἡμαρτηκὼς,
1121 4614 1149 4666 ό
1169 4613 1409 4684 μάλιστα
1435 4615 1859 4689 διεφθαρμένος,

2044 4609 2145 4677 Qui
2182 4610 2424 4666 maxime
2455 4611 2729 4682 peccavit,
2758 4612 2853 4682 qui
2890 4625 3106 4668 summe
3136 4624 3433 4683 corruptus
3465 4625 3576 4681 est,

269 4699 365 4767 καὶ
391 4701 496 4756 οὐκ
514 4702 657 4774 εχων
686 4703 880 4759 ἑλπίδα
912 4705 1214 4778 σωτηρίας.

342 4791 531 4846 Πᾶσαν
585 4791 687 4864 τὴν
732 4793 1063 4866 οἰκουμένην
1110 4797 1377 4870 ποιήσατε
1441 4799 1698 4872 μάρτυρα
1753 4802 1864 4856 τῶν

265 4879 622 4953 λεγομένωνο
659 4882 806 4938 οὕτω
877 4885 1194 4959 θαρῤοὖμεν
1258 4890 1412 4962 παρὰ
1463 4888 1650 4962 [forte
1707 4893 1861 4967 περὶ]

264 4973 470 5029 αὐτῶν.

339 5065 567 5122 Ειπατε
583 5071 618 5124 ὀ
632 5069 965 5141 λικμήσας.

336 5158 482 5231 Ὅρα
512 5160 677 5226 πόσος
707 5163 940 5235 κόσμος,
984 5165 1116 5221 ὅταν
1149 5168 1318 5239 μηδὲν
1355 5171 1509 5243 παρὰ
1552 5171 1861 5244 ἀνθρώπων

267 5252 524 5323 πάσχωσι
551 5253 748 5322 δεινὸν,
776 5257 829 5310 εί
862 5274 950 5322 τις
1000 5257 1229 5314 ἀπιστεῖ
1291 5261 1383 5315 τὸν
1415 5264 1654 5334 πόλεμον
1708 5267 1863 5339 παρὰ

267 5341 363 5395 τοῦ
413 5343 552 5398 Θεοῦ
597 5347 954 5419 γεγενῆσθαι,
1002 5349 1065 5403 τὸ
1103 5351 1510 5425 δυσκολώτερον
1566 5357 1731 5428 ὁρῶν,
1765 5359 1864 5430 τὴν

266 5433 456 5488 ἄνοδον
497 5436 632 5508 παρ’
676 5439 846 5494 αὐτοῦ
886 5443 1289 5515 γεγενημένην,
1332 5447 1426 5502 καὶ
1487 5447 1616 5518 περὶ
1657 5450 1865 5523 ταύτης

267 5524 514 5602 ιτούτου]
541 5532 875 5591 πιστευέτω.

353 5619 454 5686 Ὠς
473 5623 507 5675 ό
529 5621 808 5686 βόσκων.

365 5709 529 5784 Ὁρᾷς
557 5715 640 5768 ὅτι
674 5715 813 5771 Θεοῦ
854 5719 917 5773 τὸ
949 5720 1112 5793 ἔργον
1137 5723 1314 5791 ἐστὶν,
1367 5723 1497 5779 ὅταν
1541 5725 1616 5797 μὴ
1653 5727 1867 5801 ἱσόρῤο-

271 5817 375 5866 me
406 5805 437 5874 ἡ
481 5804 652 5876 μάχη.

343 5891 648 5961 Ἐξείλατο
678 5901 885 5956 αὐτόν.

1976 4703 2179 4772 quique
2203 4700 2405 4756 nullam
2441 4701 2635 4755 salutis
2673 4715 2824 4770 spem
2859 4701 3048 4756 habet.

2047 4790 2248 4846 Totum
2281 4801 2551 4845 terrarum
2601 4792 2792 4847 orbem
2831 4791 3104 4848 dictarunt
3140 4791 3309 4850 facile
3352 4803 3573 4860 testem,

1978 4893 2186 4940 tantum
2207 4881 2276 4939 de
2304 4883 2411 4940 illis
2433 4882 2784 4938 conﬁdimus.

2049 5069 2220 5124 Dicite
2251 5068 2344 5140 qui
2372 5069 2665 5126 uentilauit.

2053 5159 2182 5216 Vide
2212 5169 2450 5231 quantus
2474 5160 2680 5226 decor,
2714 5176 2840 5216 cum
2878 5160 2948 5218 ab
2989 5162 3310 5221 hominibus
3365 5165 3572 5221 rmllum

1974 5255 2256 5324 patiuntur
2298 5251 2500 5308 malum
2539 5269 2554 5307 :
2597 5253 2642 5308 si
2683 5252 2808 5322 quis
2848 5252 3048 5309 bellum
3103 5270 3134 5310 ι
3175 5255 3287 5312 Deo
3346 5257 3572 5312 missum

1975 5364 2082 5405 non
2114 5346 2311 5414 credit,
2338 5347 2528 5403 videns
2549 5345 2849 5416 difﬁcilius,
2881 5349 3116 5407 reditum
3165 5364 3363 5423 nempe
3389 5351 3460 5408 ab
3507 5369 3574 5409 eo

1974 5441 2183 5509 datum,
2218 5450 2272 5496 et
2304 5441 2371 5496 de
2399 5439 2494 5497 illo
2519 5440 2728 5497 credat.

2048 5626 2216 5693 Quasi
2235 5636 2438 5695 pastor.

2036 5719 2205 5775 Vides
2233 5717 2327 5775 Dei
2349 5734 2475 5776 esse
2521 5734 2678 5791 opus,
2713 5735 2838 5779 cum
2878 5738 3034 5795 aqua
3073 5723 3230 5781 lance
3254 5736 3436 5796 pugna
3462 5737 3573 5778 non

1976 5814 2219 5886 procedit
2239 5813 2263 5866 ?

2049 5907 2305 5963 Lil'erarit
2334 5921 2473 5961 eam.
