4226 6454
706 379 810 434 967

1506 380 2071 438 SUPPLEMENTUM
2129 382 2221 437 AD
2257 382 2317 440 8.
2359 381 2410 438 Ι.
2445 381 2940 441 CHRYSOSTOMI
2981 385 3236 442 OPERA.

3874 380 3997 437 οιε

704 496 758 548 iu
784 495 1009 551 civitate
1042 495 1364 564 diffundere,
1410 498 1507 554 sed
1538 507 1595 554 et
1616 513 1806 555 eorum
1836 514 1957 570 qua:
2000 497 2090 555 alii
2134 497 2279 570 passi
2308 500 2356 560 Α
2386 499 2550 570 μέχρι
2579 501 2677 573 τῆς
2705 500 2918 565 πόλεως
2955 500 3154 572 στῆσαι
3195 516 3236 552 τι

2386 499 2550 570 μέχρι
2579 501 2677 573 τῆς
2705 500 2918 565 πόλεως
2955 500 3154 572 στῆσαι
3195 499 3265 552 τὰ
3299 494 3471 560 δεινὰ,
3521 496 3659 550 ἀλλὰ
3715 495 3816 548 καὶ
3863 495 3993 549 τῶν

699 594 850 653 sunt,
883 587 983 658 ipsi
1017 588 1166 643 tuere
1198 598 1468 646 auctores.

769 677 936 736 Vens.
973 679 1060 735 16.
1090 681 1181 737 Sic
1211 681 1338 737 dicit
1379 682 1661 740 Dominus.
1711 733 1725 746 .,

773 772 864 826 Hae
897 773 1186 828 sententiae
1237 783 1413 831 sunt:
1463 776 1757 841 uudenam,
1808 789 2013 845 quaeso,
2060 773 2280 844 liquet?

703 863 829 930 quia
858 861 992 919 falsa
1022 864 1247 934 dicunt;
1276 867 1402 937 quia
1430 867 1653 923 malitiae
1683 867 1906 935 favent;
1934 867 2062 938 quia
2096 867 2278 939 segni-

704 953 830 1008 tiem
867 963 1089 1026 augent.

778 1043 945 1100 Vens.
979 1045 1068 1101 18.
1103 1044 1364 1110 Quoniam
1396 1047 1512 1118 quis
1550 1058 1624 1103 est
1659 1048 1716 1103 in
1754 1048 2052 1104 substantia
2077 1046 2198 1116 Dei,
2228 1055 2280 1101 et

699 1136 857 1200 uidit,
879 1143 930 1189 et
957 1136 1160 1190 audiuit
1187 1153 1477 1193 sermonetn
1499 1138 1613 1205 eius
1637 1139 1662 1192 .’

770 1226 886 1282 Hoc
911 1239 1016 1295 est,
1042 1229 1167 1298 quis
1193 1243 1382 1284 eorum
1418 1231 1510 1300 qui
1550 1245 1610 1285 se
1664 1239 2006 1301 anteponunt
2044 1231 2278 1299 prophe-

701 1319 791 1383 tis,
812 1319 1046 1373 divinam
1079 1321 1187 1375 vim
1218 1321 1460 1390 pertulit,
1490 1333 1540 1375 et
1572 1321 1778 1393 Spiritu
1806 1316 1998 1378 sancte
2030 1323 2281 1393 dignatus

699 1409 816 1464 haec
841 1411 1053 1467 locutus
1081 1412 1197 1466 est?
1222 1412 1376 1480 quasi
1407 1412 1615 1468 diceret
1646 1430 1660 1466 :
1696 1415 1880 1470 ltebus
1917 1413 2049 1484 ipsis
2087 1412 2281 1466 divinae

698 1501 964 1557 voluntati
1015 1504 1334 1559 resistentes
1388 1507 1786 1572 ostenduntur,
1830 1520 1953 1560 cum
1985 1503 2126 1560 veris
2165 1517 2282 1571 pro-

699 1592 879 1662 phetis
933 1608 994 1649 se
1046 1603 1359 1665 opponant,
1406 1606 1763 1668 cooperantes
1803 1595 2072 1652 idolorum
2121 1594 2283 1651 obse-

700 1684 862 1752 quiis.

769 1775 885 1829 Hoe
913 1783 1021 1844 est,
1077 1777 1202 1847 quis
1241 1777 1411 1834 Deum
1445 1778 1632 1834 videre
1671 1778 1892 1848 potest?
1919 1777 2281 1849 Symmachus

2380 591 2589 674 ἑτέροις
2621 593 2950 664 συμόάντων
2977 593 3135 647 αὐτοὶ⁸
3166 592 3456 662 γεγόνασιν
3485 590 3671 645 αῐτιοι.

2444 685 2608 740 Οὕτω
2636 685 2799 757 λέγει
2823 688 3060 755 Κύριος.

2453 777 2638 831 Ταῦτα
2667 777 2976 848 ἀποφάσεις
2999 776 3128 832 είσί’
3152 777 3338 845 πόθεν,
3359 776 3484 830 εἶπέ
3522 793 3634 848 μοι,
3667 774 3859 846 δῆλονς
3893 774 3993 827 ὅτι

2378 868 2551 940 ψευδῆ
2584 869 2855 938 λέγουσιν,
2887 872 2970 925 ὅτι
3023 872 3174 926 κακά
3215 870 3617 934 ἐπιτείνουσιν,
3663 868 3745 921 ὅτι
3795 865 3992 938 ρᾳθυ-

2383 959 2513 1029 μίαν
2550 959 2829 1026 αὔξουσιν.

2453 1054 2472 1075 ⁶
2502 1050 2635 1104 Ὅτι
2674 1051 2767 1117 τίς
2813 1052 2963 1118 ἔστη
2996 1049 3068 1104 ἐν
3131 1047 3517 1120 ὑποστήματι
3563 1046 3812 1118 Κυρίου,
3872 1044 3994 1098 καὶ

2380 1133 2525 1204 εἶδε,
2557 1139 2655 1192 καί
2687 1138 2919 1208 ἢκουσε
2940 1135 3062 1193 τῶν
3086 1138 3286 1209 λόγων
3319 1135 3550 1204 αὐτοῦς

2453 1230 2734 1296 Τουτέστι,
2796 1230 2883 1294 τίς
2924 1229 3132 1284 τούτων
3177 1229 3288 1284 τῶν
3350 1228 3784 1299 ἐναντιουμένων
3854 1228 3990 1289 τοῖς

2383 1321 2696 1391 προφήταις
2727 1319 2982 1391 ἀνέμεινε
3038 1320 3192 1374 θείαν
3238 1320 3548 1391 ἐνέργειαν,
3586 1321 3679 1372 καὶ
3706 1317 3989 1385 ἀξιωθεὶς

2380 1411 2703 1480 Πνεύματος
2733 1410 2962 1480 ἐλάλησε
2983 1411 3198 1478 ταῦτα;
3226 1411 3312 1464 ἵνα
3337 1412 3488 1484 είπῃ,
3525 1409 3616 1476 Ἐξ
3642 1408 3822 1463 αὐτῶν
3856 1409 3986 1460 τῶν

2381 1504 2729 1573 πραγμάτων
2763 1503 3073 1556 δείκνυνται
3116 1504 3417 1575 μαχόμενοι
3452 1501 3531 1573 τῷ
3576 1502 3706 1572 θείῳ
3763 1501 3984 1572 βουλή-

2385 1612 2537 1665 ματι,
2572 1595 2654 1651 ὅτι
2703 1598 2814 1659 τοῖς
2880 1597 3109 1666 ἀληθέσι
3156 1599 3468 1669 προφήταις
3502 1595 3767 1666 μάχονται
3815 1611 3985 1664 συμ-

2383 1686 2717 1757 πράττοντες
2748 1691 2813 1759 τῇ
2843 1687 2952 1740 τῶν
2980 1686 3218 1741 εἰδώλων
3251 1687 3538 1758 θεραπείᾳ.

2455 1773 2737 1840 Τουτίστι,
2776 1775 2860 1839 τίς
2887 1773 3109 1830 δύναται
3144 1774 3236 1828 τὸν
3270 1773 3407 1827 Θεὸν
3459 1774 3625 1840 ἰδείν;
3659 1771 3982 1843 Σύμμαχός

700 1866 806 1920 ait:
835 1867 966 1932 Quis
987 1867 1125 1922 enim
1142 1869 1298 1937 aﬂuit
1321 1868 1379 1922 in
1395 1869 1636 1934 consilio,
1655 1881 1701 1923 et
1721 1869 1840 1938 quis
1863 1869 2064 1923 audivit
2087 1868 2113 1922 ?
2134 1867 2274 1935 Quo-
2308 1859 2350 1914 Β
2381 1882 2515 1936 φησι
2540 1882 2554 1896 ο
2582 1867 2680 1933 Τίς
2701 1867 2812 1937 γὰρ
2827 1866 3031 1936 παρῆν
3046 1868 3117 1921 ἐν
3138 1869 3236 1936 dm

2381 1882 2515 1936 φησι
2540 1882 2554 1896 ο
2582 1867 2680 1933 Τίς
2701 1867 2812 1937 γὰρ
2827 1866 3031 1936 παρῆν
3046 1868 3117 1921 ἐν
3138 1866 3361 1936 ὁμιλία,
3381 1865 3481 1921 καὶ
3502 1866 3595 1932 τίς
3614 1864 3682 1918 δὲ
3697 1865 3978 1933 ἢκουσσ;

699 1973 825 2013 nam
876 1959 1042 2027 igitur
1080 1961 1242 2014 modo
1269 1974 1364 2014 vos
1408 1959 1627 2015 audisse
1663 1961 2030 2015 asseveratis?

772 2048 937 2105 Vens.
979 2050 1070 2105 22.
1113 2050 1269 2116 Quod
1301 2052 1348 2105 si
1388 2050 1649 2106 stetissent
1675 2051 1732 2105 in
1756 2051 2078 2112 substantia,
2101 2061 2148 2105 et
2180 2067 2278 2104 au-

698 2140 896 2195 dissent
951 2143 1102 2195 verba
1157 2156 1311 2206 mea,
1365 2140 1739 2194 instruxissent
1794 2140 1972 2210 utique
2021 2141 2272 2209 pupulum

697 2247 893 2294 meum,
919 2241 966 2285 st
999 2233 1310 2286 avertissent
1349 2249 1382 2285 a
1419 2233 1503 2287 uia
1537 2249 1719 2287 eorum
1737 2247 1930 2302 praua.

775 2324 890 2379 lloe
922 2334 1026 2389 est,
1085 2324 1145 2378 Si
1200 2324 1588 2396 perdurassent
1641 2324 1696 2378 in
1754 2324 1963 2395 legibus
2012 2323 2186 2388 meis,
2223 2332 2280 2376 et

701 2429 878 2469 meam
902 2415 1132 2484 gratiam
1153 2423 1552 2487 exspectarent,
1595 2415 1782 2486 utique
1814 2415 2070 2487 populum
2103 2416 2279 2488 pieta-

701 2515 806 2562 tem
838 2508 1150 2562 educerent.

769 2596 886 2652 Non
920 2597 1204 2653 minimum
1234 2598 1490 2656 indicium
1518 2616 1531 2653 :
1555 2613 1662 2654 non
1697 2611 2038 2668 quaecunque
2090 2594 2276 2667 regula

700 2693 1018 2758 prophetam
1051 2697 1105 2744 et
1129 2690 1653 2761 pseudoprophetam
1679 2688 1986 2744 constituit.

771 2780 975 2835 ‘Vens.
1016 2780 1108 2836 23.
1177 2781 1319 2836 Deus
1363 2783 1790 2851 appropinquans
1823 2796 1916 2850 ego
1973 2795 2114 2843 sum,
2145 2779 2280 2832 dicit

704 2871 982 2934 Dominus,
1037 2880 1088 2924 et
1139 2887 1241 2925 non
1281 2870 1419 2925 Deus
1467 2873 1533 2925 de
1592 2871 1763 2940 longe.
1819 2867 1878 2924 Si
1924 2869 2280 2922 abscondctur

701 2964 857 3016 Immo
891 2963 945 3015 in
985 2962 1348 3030 absconditis,
1389 2970 1440 3016 et
1475 2978 1568 3032 ego
1612 2977 1718 3016 non
1742 2961 1926 3016 uidebo
1963 2976 2104 3026 eum,
2147 2960 2278 3013 dicit

702 3052 963 3108 Dominus
978 3057 1003 3109 .9

773 3145 888 3200 Hoc
917 3153 1022 3209 est,
1053 3145 1340 3215 loquentes
1367 3160 1487 3215 qua:
1523 3144 1764 3214 jucunda
1798 3152 1945 3209 sunt,
2002 3146 2274 3214 decipere,

699 3245 755 3288 et
785 3249 814 3289 a
840 3235 927 3289 via
957 3235 1244 3290 traducere
1270 3248 1365 3291 eos
1388 3235 1725 3301 excogitant,
1756 3240 1811 3288 ct
1837 3234 1904 3288 lis
1927 3234 2017 3302 qui
2047 3233 2274 3288 istorum

706 3326 878 3394 ignari
910 3335 1039 3381 sunt
1085 3326 1140 3381 iu
1175 3326 1542 3397 suspicionem
1595 3325 1759 3394 agitis
1793 3332 2052 3394 tanquam
2101 3339 2132 3379 a
2190 3338 2281 3379 me

704 3418 882 3473 missi.
911 3417 1092 3484 Quare
1147 3432 1324 3473 meum
1380 3416 1566 3472 animo
1603 3432 1711 3471 non
1756 3416 2073 3487 dignitatem
2105 3416 2282 3472 volui-

705 3510 829 3573 stis,
866 3507 1009 3578 quod
1053 3507 1252 3577 cuique
1286 3507 1485 3572 adsim,
1535 3507 1610 3562 ita
1647 3515 1709 3562 ut
1736 3507 1973 3573 videam,
2010 3519 2111 3562 nec
2140 3506 2284 3560 sicut

708 3599 952 3654 homines
979 3601 1221 3670 ignorem
1260 3614 1381 3668 quin
1409 3598 1747 3669 operamini;
1788 3598 2006 3654 tametsi
2061 3598 2218 3668 longe
2249 3612 2278 3651 a

705 3690 902 3746 vestris
929 3691 1030 3744 sim
1069 3690 1512 3761 cogitationibus.
1544 3689 1678 3757 Quis
1706 3699 1790 3745 est
1821 3690 1966 3744 enim
2007 3704 2072 3744 ex
2125 3689 2280 3744 vobis

703 3781 796 3851 qui
833 3791 1014 3836 mente
1051 3780 1255 3850 aliquid
1305 3779 1620 3846 meditetur,
1656 3780 1800 3849 quod
1850 3789 1906 3834 et
1937 3795 2023 3833 me
2059 3778 2277 3849 fugiat?

704 3869 755 3923 id
782 3867 981 3938 quippe
1014 3867 1224 3922 indicat
1258 3884 1272 3922 :
1308 3867 1371 3923 Si
1398 3868 1749 3922 abscondetur
1776 3868 1933 3922 homo
1964 3869 2021 3921 in
2051 3870 2276 3921 abscon-

704 3961 847 4025 ditis,
889 3967 938 4014 et
961 3974 1054 4029 ego
1090 3974 1194 4012 non
1221 3958 1404 4013 videbo
1429 3974 1546 4013 eum
1575 3959 1600 4012 ?
1627 3954 1737 4014 hoe
1754 3967 1859 4024 est,
1886 3959 1932 4012 si
1969 3960 2022 4013 in
2047 3958 2282 4013 abscon-

704 4052 818 4107 dito
902 4051 1105 4121 preprii
1177 4051 1380 4120 aliquid
1435 4051 1711 4106 occultare
1763 4050 1914 4121 cupit
1980 4051 2269 4120 cogitatus,

707 4155 992 4210 meamque
1016 4140 1181 4195 lateat
1212 4141 1460 4195 notitiam
1483 4140 1507 4194 Ἰ

774 4231 928 4298 Quod
967 4245 1063 4287 eos
1093 4231 1159 4286 ad
1193 4231 1491 4302 pravitates
1515 4231 1881 4302 compulerint
1925 4231 2059 4287 scio.
2095 4231 2282 4287 Unde-

707 4323 873 4375 nam?
923 4321 1172 4377 Praesens
1193 4337 1297 4392 ego
1349 4337 1493 4386 sum,
1552 4323 1754 4391 ubique
1805 4325 2022 4378 adsum.
2067 4322 2200 4378 Nam
2233 4325 2280 4379 si

707 4413 982 4482 prophetis
1022 4428 1127 4467 non
1155 4413 1514 4482 praesentibus
1537 4413 1630 4466 dat
1663 4428 1806 4482 saepe
1850 4415 1966 4482 ipse
2001 4423 2058 4468 ut
2107 4416 2283 4470 sciant

2382 1958 2507 2022 Πῶς
2527 1953 2619 2012 οὖν
2654 1958 2813 2028 ύμετς
2840 1957 3028 2027 λέγετε
3066 1957 3364 2027 ἀκηκοέναι
3397 1973 3412 2018 ;

2450 2049 2470 2070 '
2493 2047 2603 2104 Καί
2631 2050 2685 2102 εί
2699 2049 2973 2116 ἔστησαν
2989 2047 3062 2101 ἐν
3081 2045 3156 2116 τῇ
3173 2045 3532 2109 ὑποστάσει,
3554 2045 3652 2098 καί
3679 2044 3977 2113 ἥκουσαν

2379 2140 2501 2194 τῶν
2527 2140 2727 2210 ⁸ιόγων
2745 2156 2889 2210 μου.
2918 2137 3245 2192 ἐδίδασκον
3267 2136 3345 2192 ἂν
3379 2137 3487 2190 τὸν
3506 2137 3660 2190 ,λαόν
3686 2153 3825 2204 μου,
3861 2134 3976 2189 καί

2379 2229 2764 2300 ἀπέστρεφον
2795 2228 2915 2284 ἀπὸ
2944 2227 3055 2298 τῆς
3091 2227 3239 2283 ὀδοῦ
3285 2223 3488 2282 αὐτῶν
3535 2225 3640 2293 τῆς
3665 2226 3969 2293 πονηρᾶς.

2453 2322 2768 2388 Τουτέστιν,
2796 2321 2861 2374 Εἰ
2890 2320 3146 2390 ἐνέμενον
3194 2322 3309 2383 τοῖς
3351 2319 3505 2390 ἐμοῖς
3550 2318 3824 2389 νομίμοις,
3868 2318 3970 2372 καὶ

2381 2411 2481 2483 τὴν
2529 2413 2658 2483 παρ’
2687 2412 2822 2482 ἐμοῦ
2872 2412 3033 2483 χάριν
3066 2409 3354 2480 ἀνέμενον,
3407 2409 3626 2472 πάντως
3682 2408 3747 2462 ἂν
3803 2405 3968 2460 εὐσέ-

2382 2502 2533 2555 ϐειαν
2557 2500 2649 2554 τὸν
2677 2501 2806 2555 λαὸν
2835 2500 3137 2554 ἐδίδασκον.

2449 2593 2522 2648 Ού
2561 2593 2762 2664 μικρὸν
2788 2593 3128 2664 τεκμήριονο
3181 2591 3281 2662 ούχ
3330 2591 3360 2643 ὸ
3387 2589 3566 2660 τυχὼν
3610 2589 3792 2643 κανὼν
3835 2589 3965 2661 ὄρος

2383 2684 2723 2755 προφητείας
2754 2684 2849 2737 καὶ
2871 2681 3401 2752 ψευδοπροφητείας.

2455 2780 2470 2796 ⁸
2516 2775 2661 2838 Θεὸς
2703 2771 2944 2842 ὲγγίζων
2995 2769 3109 2839 ἐγὼ
3157 2773 3308 2835 siut,
3361 2769 3528 2839 λέγει
3576 2768 3810 2835 Κύριος,
3859 2765 3964 2820 καί

2381 2866 2518 2934 οὐχί
2557 2865 2703 2930 Θεὸς
2747 2864 3072 2933 πόρρωθεν.
3115 2861 3494 2930 Κρυόήσεται
3537 2859 3847 2926 ἄνθρωπος
3891 2855 3966 2909 ἐν

2381 2954 2680 3023 κρυφίοις,
2715 2952 2812 3006 καὶ
2850 2951 2965 3021 ἐγὼ
2993 2953 3104 3006 οὐκ
3139 2950 3363 3020 ὄψομαι
3394 2949 3601 3014 αὐτὸν,
3643 2946 3800 3016 φησι
3838 2945 3964 3000 Κύ-

2373 3064 2506 3116 ριος
2533 3063 2553 3111 ἱ

2453 3137 2740 3202 Τουτέστι,
2782 3135 2920 3192 Καθ’
2978 3133 3176 3206 ἡδονὴν
3233 3131 3314 3205 τῷ
3377 3130 3575 3204 πλήθει
3635 3129 3961 3198 λαλοῦντες,

2383 3231 2600 3301 ἀπατᾷν
2633 3228 2832 3291 αὐτοὺς
2866 3224 3181 3294 ἐνομίζετεο
3217 3224 3313 3278 καὶ
3345 3225 3472 3286 τοὺς
3501 3222 3602 3275 ούκ
3635 3222 3847 3284 εἰδότας
3879 3223 3961 3283 είς

2385 3321 2621 3392 ὑποψίαν
2650 3321 2833 3389 ἄγετε,
2864 3319 2941 3382 ὡς
2965 3318 3100 3386 παρ’
3129 3315 3265 3386 ἐμοῦ
3297 3314 3775 3383 ἀποστελλόμενοι.
3807 3310 3960 3371 Atat!

2388 3413 2461 3486 μὴ
2487 3411 2772 3483 λογίζεσθε
2802 3412 2902 3481 τὴν
2947 3409 3089 3481 ἐμὴν
3122 3407 3301 3474 ἀξίαν,
3345 3408 3419 3471 ὡς
3451 3407 3667 3477 ἑκάστῳ
3704 3407 3958 3476 πάρειμι,

2384 3506 2524 3561 ὥστε
2553 3508 2650 3560 καὶ
2671 3504 2742 3558 τὰ
2779 3501 3125 3574 βουλεύματα
3149 3500 3380 3565 είδέναι;
3413 3501 3507 3554 καὶ
3528 3499 3649 3569 οὐχὶ
3670 3499 3814 3552 κατά
3835 3497 3960 3561 τοὺς

2383 3595 2706 3668 ἀνθρώπους
2737 3589 3021 3664 πόρρωθεν
3068 3588 3144 3642 ὣν
3187 3587 3296 3642 τῶν
3329 3586 3614 3657 ὑμετέρων
3651 3584 3957 3653 λογισμῶν,

2381 3687 2560 3758 ἀγνοῶ
2587 3686 2624 3741 ἃ
2654 3686 2945 3757 πράττετε.
2975 3683 3072 3746 Τίς
3125 3681 3234 3751 γάρ
3264 3682 3412 3732 ἐστιν
3442 3678 3501 3746 ἐξ
3527 3677 3701 3748 ὑμῶν,
3729 3678 3789 3740 ὃς
3818 3677 3958 3730 κατά

2386 3779 2582 3852 βουλήν
2612 3796 2665 3832 τι
2705 3776 3000 3831 σκέπτεται
3021 3760 3048 3840 ,’
3073 3774 3166 3828 καὶ
3199 3770 3453 3824 λανθάνει
3485 3770 3615 3840 sint;
3662 3769 3820 3822 τοῦτο
3852 3769 3957 3839 γὰρ

2387 3869 2603 3942 μηνύει,
2628 3869 2698 3922 Ei
2718 3863 3079 3935 προϐήσεται
3105 3861 3417 3929 ἅνθρωπος
3445 3860 3515 3913 ἐν
3541 3860 3832 3927 κρυφίοις,
3861 3858 3957 3912 καί

2383 3960 2498 4031 ἐγὼ
2527 3962 2638 4015 οὐκ
2667 3958 2886 4027 ὄψομαι
2912 3956 3094 4010 αὐτόν
3120 3971 3141 4020 ;
3174 3953 3473 4015 τουτέστιν,
3509 3946 3545 4020 ἦ
3575 3953 3632 4003 ἐν
3658 3950 3956 4021 ἀποκρύφῳ

2383 4069 2468 4114 τις
2501 4051 2603 4116 τῆς
2641 4049 2838 4102 ἑαυτοῦ
2868 4047 3107 4109 διανοίας
3151 4044 3358 4114 κρύψαι
3389 4041 3668 4112 βούλεται,
3702 4044 3795 4096 καὶ
3832 4043 3955 4096 λαν-

2386 4141 2535 4197 θάνει
2560 4157 2662 4211 μου
2685 4139 2784 4209 τὴν
2813 4139 3032 4206 γνῶσιν;

2458 4234 2580 4287 Ὀτι
2624 4233 2706 4295 είς
2752 4229 3024 4301 πονηρίας
3068 4229 3270 4292 αὐτοὺς
3302 4229 3558 4300 ῶθησαν,
3604 4224 3742 4283 οἶδα.
3790 4227 3955 4281 Πόθεν

2383 4321 2530 4389 οἶδας
2579 4321 2779 4394 Παρὼν
2812 4321 2923 4390 ἐγώ
2967 4323 3115 4392 είμιο
3151 4322 3431 4393 πανταχοῦ
3469 4324 3721 4394 πάρειμι.
3761 4323 3820 4374 Εἰ
3852 4321 3952 4391 γάρ

2383 4417 2496 4477 τοῖς
2528 4412 2602 4483 μὴ
2632 4410 2872 4484 παροῦσι
2905 4411 3218 4483 προφήταις
3246 4411 3463 4465 δίδωσιν
3493 4412 3693 4463 εἰδέναι
3724 4413 3793 4462 τὰ
3825 4428 3949 4462 παν-

706 4521 826 4574 qute
855 4506 1164 4576 ubicunque
1190 4513 1446 4577 aguntur,
1487 4505 1660 4560 multo
1686 4505 1859 4573 magis
1889 4506 2007 4574 ipse
2036 4507 2159 4562 scit.
2187 4507 2280 4561 .At
2312 4516 2357 4576 υ
2383 4506 2552 4577 ταχοῦ
2602 4504 2894 4585 πολλάκις,
2929 4502 3109 4572 πολλῷ
3146 4502 3236 4573 μᾶί

2383 4506 2552 4577 ταχοῦ
2602 4504 2894 4585 πολλάκις,
2929 4502 3109 4572 πολλῷ
3146 4501 3349 4573 μᾶλλον
3397 4502 3560 4565 αὐτὸς
3608 4497 3772 4555 οἶδεν.
3821 4500 3950 4554 Ἀλλ’

710 4611 816 4650 non
852 4597 985 4652 dicit
1015 4598 1151 4664 hoc;
1190 4597 1308 4664 sed,
1341 4595 1482 4653 Deus
1504 4596 1940 4666 appropinquans
1998 4613 2090 4664 ego
2123 4613 2236 4650 sum
2263 4613 2280 4661 ;

711 4688 913 4757 ubique
947 4702 1186 4757 praesens
1239 4702 1399 4754 sum;
1452 4688 1596 4758 quod
1633 4686 2000 4741 indubitatum
2030 4697 2116 4742 est
2146 4688 2286 4743 iudi-

710 4780 874 4842 cium,
900 4779 1035 4834 nihil
1076 4779 1227 4835 illum
1257 4779 1493 4835 nescire.

778 4869 940 4926 Vens.
983 4872 1076 4925 23.
1127 4871 1195 4925 Et
1225 4887 1330 4926 non
1361 4870 1498 4925 Deus
1527 4871 1591 4926 de
1619 4871 1789 4940 longe.

780 4962 952 5018 Sicuti
1002 4964 1147 5018 enim
1205 4962 1296 5017 lux
1372 4963 1574 5032 ubique
1632 4979 1872 5033 praesens
1924 4973 2028 5028 est,
2091 4963 2163 5017 ita
2233 4973 2288 5020 et

711 5057 873 5111 Deus.

783 5145 947 5201 Vens.
988 5145 1081 5199 24.
1143 5142 1400 5213 Nunquid
1452 5159 1557 5197 non
1599 5143 1786 5198 caelum
1839 5156 1890 5199 et
1946 5155 2142 5201 terram
2193 5163 2286 5217 ego

714 5237 904 5305 impleo
927 5240 952 5294 τ

781 5328 943 5395 Novi,
1000 5329 1192 5398 inquit,
1249 5329 1520 5397 quomodo
1554 5328 1872 5400 prophetias
1903 5340 2231 5401 componant
2271 5348 2285 5384 :

711 5416 1034 5485 suspicionis
1081 5417 1343 5472 indicium
1380 5426 1486 5482 est,
1517 5417 1718 5486 iniquis
1749 5418 1932 5488 iniqua
1976 5421 2286 5488 vaticinari,

712 5505 908 5558 deinde
935 5504 981 5560 si
1018 5505 1344 5568 narraverit,
1377 5505 1619 5575 suapicio
1653 5507 1942 5561 manifesta
1967 5508 2094 5561 erit.

823 5595 981 5649 Vens.
1022 5593 1111 5648 28.
1149 5594 1288 5660 Quid
1320 5594 1474 5663 palea
1501 5596 1568 5648 ad
1597 5591 1855 5650 triticum?
1884 5598 1958 5649 ait
1985 5597 2239 5653 Dominus
2265 5600 2288 5653 Ρ

795 5685 1006 5754 Optime
1061 5686 1125 5739 ad
1193 5684 1655 5756 comparationem
1716 5689 2106 5755 prophetarum
2163 5704 2286 5743 cum

717 5778 1196 5848 pseudoprophetis
1221 5777 1321 5831 hoc
1363 5775 1643 5846 adjunxit;
1672 5778 1823 5846 quasi
1857 5779 2093 5835 diceret:
2131 5780 2286 5837 Nulla

2383 4601 2445 4653 οὐ
2480 4599 2627 4666 λέγει
2655 4595 2835 4662 τοῦτο,
2868 4595 3033 4659 ἀλλά,
3069 4595 3214 4661 Θεὸς
3246 4594 3487 4663 ἐγγίζων
3517 4593 3632 4663 ἐγώ
3662 4596 3798 4662 ειμι·
3832 4611 3951 4647 παν-

2384 4688 2550 4759 ταχοῦ
2595 4689 2849 4760 πάρειμν
2883 4689 3020 4759 ὅπερ
3046 4685 3535 4758 ἁναμφισὸἡτητον
3563 4687 3861 4757 τεκμήριον
3890 4682 3950 4757 ἦν

2386 4783 2477 4836 τοῦ
2512 4781 2687 4835 πάντα
2715 4780 2937 4834 εἰδέναι.

2459 4875 2567 4928 Καὶ
2594 4872 2732 4941 οὐχὶ
2775 4871 2918 4937 Θεὸς
2944 4871 3265 4939 πόρῤωθεν.

2461 4964 2673 5034 Ὠσπερ
2701 4963 2808 5034 γὰρ
2841 4962 2902 5015 τὸ
2932 4961 3046 5032 φῶς
3076 4961 3353 5033 πανταχοῦ
3387 4961 3672 5033 πάρεστιν,
3704 4959 3845 5015 οὕτω
3866 4961 3948 5016 καὶ

2388 5054 2415 5104 ό
2446 5052 2600 5116 Θεός.

2459 5146 2516 5197 Μ
2523 5144 2556 5212 ἡ
2593 5144 2730 5213 οὐχί
2761 5143 2870 5198 τὸν
2897 5143 3160 5212 οὐρανὸν
3181 5143 3279 5198 καί
3307 5143 3421 5212 τὴν
3450 5142 3568 5214 γῆν
3585 5144 3700 5216 ἐγὼ
3729 5141 3946 5213 πληρῶ;

2462 5323 2615 5392 Οἶδα,
2655 5326 2811 5396 φησὶ,
2844 5325 2961 5389 πῶς
2995 5325 3305 5380 συντιθέασι
3341 5328 3699 5398 προφητείας·
3736 5327 3946 5396 ὑποψίας

2391 5419 2692 5490 τεκμήριον
2727 5419 2787 5470 τὸ
2817 5418 2930 5480 τοῖς
2961 5419 3216 5488 πονηροῖς
3247 5418 3614 5489 προφητεύειν
3640 5417 3709 5471 τά
3733 5423 3942 5488 πονηρά·

2391 5508 2507 5564 εἶτα
2539 5511 2631 5564 καὶ
2667 5511 2762 5565 ἐὰν
2792 5509 3142 5582 διηγήσηται,
3178 5511 3392 5580 φανερά
3422 5510 3596 5566 ἔσται.

2461 5601 2481 5622 ⁴
2518 5601 2577 5654 Τί
2606 5599 2671 5654 τὸ
2697 5599 2928 5668 ἄχυρον
2955 5597 3110 5666 πρὸς
3142 5598 3252 5652 τὸν
3295 5597 3489 5664 σῖτον,
3533 5598 3685 5667 φησι
3717 5599 3944 5668 Κύριος;

2463 5692 2662 5754 Καλῶς
2709 5694 2776 5762 τῇ
2820 5690 3107 5759 συγκρίσει
3154 5690 3262 5744 τῶν
3309 5690 3606 5760 προφητῶν
3661 5692 3796 5762 πρὸς
3839 5695 3944 5752 τοὺς

2393 5784 2845 5857 ψευδοπροφήτας
2896 5785 3139 5854 ἐπήγαγε
3173 5782 3332 5836 τοῦτο
3367 5785 3486 5838 ἀντὶ
3520 5782 3636 5852 τοῦ,
3678 5784 3940 5856 Σύγκρισις
