4226 6450
298 429 406 490 949
1411 419 1842 477 FRAGMENTA
1882 417 1951 473 ΙΝ
1989 418 2364 478 JEREMIAM.
3495 410 3605 469 ξ)ὃο

297 542 527 614 οὐδεμία
562 540 771 612 ἀκύρου
817 538 954 611 πρὸς
1007 538 1179 591 σῖτον.
1227 537 1288 590 '0
1339 543 1439 607 μὲν
1476 537 1587 606 γὰρ
1625 535 1896 607 τρόφιμός

2019 541 2338 611 :omparatio
2353 549 2438 596 est
2456 539 2624 611 palea:
2646 555 2768 595 cum
2795 537 3002 594 tritico.
3025 534 3142 591 Hoc
3165 549 3400 604 namque
3415 542 3604 605 aptum

302 637 439 699 ἐστι,
468 636 564 688 καὶ
595 634 736 706 πρὸς
766 630 1093 701 ἀνθρώπους
1124 627 1391 682 σύστασιν
1426 627 1696 682 συντελεῖ.
1731 627 1900 682 Οὐδὲν

2019 642 2091 689 εει
2138 633 2447 699 nutritioni,
2521 631 2954 702 substantiaeque
3029 628 3314 684 hominum
3365 628 3606 682 maxime

300 729 358 781 δέ
405 728 680 800 χρήσιμον
728 721 1041 795 ἀνθρώποις
1071 721 1297 794 ἄχυρον,
1349 720 1466 776 ἀλλ’
1499 721 1534 792 ἢ
1574 717 1897 790 ρίπτεταιή

2019 725 2335 794 proﬁcuum.
2371 722 2574 779 Verum
2615 723 2773 793 palea
2824 722 2892 774 ad
2939 719 3223 774 hominum
3258 732 3418 772 usum
3469 715 3608 771 nihil

301 817 513 885 ἀλόγων
541 816 716 888 τροφὴ
753 815 987 884 γίνεται.
1023 815 1204 880 Οὕτω,
1233 813 1389 884 φησὶ,
1422 811 1652 866 καὶτῶν
1681 827 1900 882 προφη-

302 911 416 965 τῶν
444 911 493 964 οί
527 894 677 978 λόγοι
717 909 984 980 τρέφουσι
1022 908 1225 978 ψυχάς.
1271 907 1346 960 Oti
1383 905 1490 978 μὴν
1525 907 1554 958 6
1596 905 1757 973 λόγος
1787 903 1898 957 τῶν

302 999 771 1071 ψευδοπροφητῶν
795 998 1022 1053 δύναταί
1050 1015 1104 1051 τι
1128 996 1402 1051 συντελεῖν
1427 995 1563 1067 πρὸς
1590 994 1782 1065 κέρδος
1805 994 1901 1048 ἀν-

305 1092 568 1164 θρώπων,
604 1093 747 1163 πλὴν
774 1094 823 1146 εί
843 1093 918 1162 μή
949 1108 1004 1144 τι
1033 1092 1145 1154 τοῖς
1174 1088 1237 1153 ἐξ
1264 1088 1491 1156 ἀλογίας
1523 1086 1896 1154 πειθομένοις,

306 1182 668 1256 παραμυθίαν
712 1184 838 1237 τινὰ
890 1183 1148 1252 παρέχει,
1190 1181 1251 1234 ού
1273 1179 1497 1250 κέρδος,
1549 1179 1646 1231 καὶ
1675 1177 1897 1246 ἐπάγει,

309 1277 437 1346 οὐχ
465 1275 672 1344 οὕτως·
701 1275 984 1330 τουτέστιν
1007 1271 1235 1344 οὐδεμία
1264 1270 1573 1342 σύγκρισις.

375 1559 395 1581 "
427 1560 494 1612 Ol
537 1557 708 1627 λόγοι
744 1573 867 1627 μου
904 1553 1110 1623 ὥσπερ
1142 1551 1475 1622 πῦρ,.ιέγει
1511 1549 1766 1618 Κύριος,
1799 1544 1899 1602 καί

299 1650 382 1718 ὡς
417 1650 684 1716 πέλεκυς
704 1653 947 1703 κόπτων
977 1648 1228 1715 πέτραν.

368 1741 686 1803 Τουτέστιν,
728 1741 794 1795 Οἱ
838 1740 930 1794 διὰ
978 1738 1089 1793 τῶν
1139 1735 1441 1809 προφητῶν
1470 1735 1623 1804 λόγοι
1672 1729 1898 1802 ἀληθεῖς

299 1831 398 1886 καὶ
421 1829 708 1901 ἐνέργειαν
737 1828 978 1899 ἔχοντες.

385 1923 542 1980 Ἰδοὺ
569 1923 686 1992 ἐγὼ
713 1921 814 1976 διὰ
840 1920 1020 1975 τοῦτο
1048 1917 1201 1988 πρὸς
1235 1915 1381 1983 τοὺς
1408 1912 1748 1985 προφήτας.

375 2016 505 2079 Πῶς
533 2014 661 2088 ἐμοὶ⁸
708 2013 930 2068 δοκοῦσι
961 2011 1069 2065 τῶν
1113 2009 1415 2080 προφητῶν
1467 2007 1764 2069 ἀκούοντες
1804 2022 1895 2074 μι-

303 2106 524 2178 μεῖσθαι
551 2104 750 2167 αὐτοὺς
782 2104 937 2166 ἔνιοι,
966 2103 999 2174 ἢ
1026 2103 1230 2173 ἐτέρων
1260 2099 1638 2172 διηγουμένων
1668 2096 1898 2152 ἀκούον-

297 2214 412 2261 τες,
449 2197 702 2268 καθάπερ
726 2195 875 2266 δφις.
904 2194 1006 2248 Διὰ
1041 2193 1202 2247 τοῦτο
1231 2193 1328 2247 καλ⁵
1358 2193 1387 2245 6
1430 2189 1700 2260 ἰεζεκιήλ
1739 2203 1896 2258 φησι,

300 2291 386 2346 δτι
449 2289 588 2344 Ἐὰν
629 2289 816 2358 ἔλθῃ,
894 2287 1064 2358 φησὶ,
1118 2285 1453 2355 προφήτης,
1501 2281 1626 2352 ἐγὼ
1676 2280 1899 2348 Κύριος

301 2380 626 2449 ἐπλάνησα
656 2383 866 2436 αὐτόν’
903 2381 963 2434 οὐ
999 2379 1107 2448 γὰρ
1147 2378 1424 2447 συγχωρεῖ
1460 2374 1652 2446 μαθεῖν
1687 2371 1896 2425 λοιπόν·

303 2471 393 2526 διὰ
429 2471 592 2525 τοῦτο
617 2473 712 2525 καὶ
739 2473 801 2525 τὸ
824 2471 1023 2541 λῆμμα
1056 2469 1209 2537 λέγει
1235 2468 1472 2522 ἀνελεῖν.

391 2563 548 2617 Ἰδοὺ
572 2562 688 2633 ἐγὼ
714 2562 866 2632 πρὸς
895 2563 1040 2629 τοὺς
1062 2560 1400 2630 προφήτας.

379 2639 728 2726 Προφήτείας
759 2653 1010 2724 γλώττης
1060 2654 1160 2715 τὰς
1183 2650 1402 2720 ψευδεῖς
1433 2648 1612 2703 καλεῖ·
1635 2645 1699 2700 ού
1725 2643 1902 2714 γλώσ·

309 2762 408 2814 σης
432 2745 490 2798 δέ
523 2747 662 2798 εἰσιν
689 2727 746 2798 αῖ
773 2744 997 2812 ἀληθεῖς
1021 2743 1369 2814 προφητεῖαι.

377 2836 490 2893 Καὶ
509 2835 921 2901 νυστάζοντας
945 2833 1299 2903 νυσταγμὸν
1319 2830 1541 2886 αὐτῶν.

379 2927 576 2983 Πολλοὶ
597 2928 705 2999 γὰρ
727 2928 845 2997 εἴδη
869 2926 1196 2997 ἐπετήδευον
1216 2923 1559 2994 προφητείας
1583 2921 1673 2975 διὰ
1694 2920 1902 2984 ὕπνων,

305 3021 396 3076 διὰ
420 3020 711 3093 χρησμῶν.
753 3019 916 3072 Ἀλλὰ
938 3018 1438 3090 παραμυθήσονται
1462 3016 1598 3087 πρὸς
1621 3016 1682 3068 τὸ
1704 3015 1902 3085 παρόν.

378 3113 495 3167 Καὶ
514 3109 724 3180 λῆμμα
751 3111 998 3179 Κυρίου.

382 3205 497 3262 Καὶ
542 3203 672 3256 ποία
729 3201 935 3273 βλά6η;
975 3199 1165 3270 ἐπειδὴ
1215 3199 1427 3253 ἐκεῖνον
1476 3195 1906 3268 προσεποιοῦντο

309 3299 581 3371 λήψεσθαι
609 3337 625 3360 ,
656 3298 754 3368 τὴν
792 3297 1116 3366 ὁμωνυμίαν
1154 3295 1392 3364 ἀναιρεῖ.
1443 3291 1760 3360 Λαμϐἀνειν
1799 3290 1908 3359 γὰρ

309 3396 408 3446 καὶ
437 3397 486 3448 οί
518 3392 775 3462 δαίμονες
814 3387 1082 3460 ἠδύναντο
1112 3387 1208 3439 καὶ
1256 3384 1570 3456 ἐνομίζοντο
1619 3381 1726 3435 ὑπὸ
1771 3379 1906 3434 Θεοῦ

309 3484 605 3558 λήψεσθαι.
650 3482 793 3537 Ἀλλ’
821 3482 923 3535 οὐκ
951 3479 1067 3533 ἐστι
1093 3478 1275 3532 τοῦτο.

885 3614 1145 3669 ΚΕΦΔΑ.
1194 3614 1322 3666 KA'.

383 3751 406 3777 "
437 3750 549 3806 Kal
583 3747 777 3812 ἔδειξὲ
818 3764 922 3818 μοι
954 3746 1174 3814 Κύριος
1210 3744 1320 3798 δύο
1357 3741 1667 3807 καλάθους
1702 3741 1911 3795 σύκων

314 3841 629 3911 κειμένους
658 3839 810 3894 κατὰ
839 3839 1172 3908 πρόσωπον
1202 3835 1356 3890 ναοῦ
1397 3835 1620 3903 Κυρίου
1654 3836 1807 3904 μετά
1840 3832 1910 3886 τὸ

313 3930 627 3986 ἀποικίσαι
649 3927 1188 3998 Ναϐουχοδονόσορ
1213 3925 1518 3991 ,ϐασιλεὺς
1548 3923 1912 3990 Βαϐυλῶνος

314 4022 426 4076 τὸν
457 4022 750 4091 Ἰεχονίαμ
777 4020 912 4075 υἱὸν
946 4020 1212 4089 Ἰωακεὶμ
1230 4017 1501 4083 ⁴βασιλέα
1536 4018 1755 4072 Ἰούδα.
1778 4013 1911 4070 Εἶτα

321 4116 440 4186 μετ’
487 4115 668 4183 ὀλίγω
732 4114 796 4166 '0
840 4112 1106 4178 κάλαθος
1138 4114 1172 4165 ό
1219 4107 1340 4176 εἷς,
1379 4111 1587 4164 σύκων
1625 4107 1914 4178 χρηστῶν

317 4207 578 4276 σφόδρα,
609 4206 691 4271 ὡς
714 4189 880 4259 σῦκα
900 4204 1154 4273 πρώῖζιια,
1182 4203 1281 4256 καὶ
1310 4204 1344 4256 ό
1371 4199 1636 4264 κάλαθος
1657 4203 1688 4253 ὀ
1709 4199 1912 4267 ἕτερος

319 4298 528 4351 σύκων
548 4295 832 4364 πονηρῶν
857 4294 1115 4364 σφόδρα,
1153 4293 1270 4347 τῶν
1294 4292 1380 4361 μὴ
1401 4290 1914 4360 βιϐρωσκομένων

319 4389 439 4444 ἀπὸ
466 4388 754 4457 πονηρίας
781 4386 982 4443 αὐτῶν
1002 4425 1018 4452 ,
1042 4386 1138 4440 καὶ
1167 4386 1236 4438 τὰ
1258 4385 1408 4454 ἑξῆς.

390 4480 610 4549 Ταύτην
634 4481 735 4550 τὴν
759 4478 972 4531 ἔννοιαν
995 4476 1110 4547 ἔχει
1148 4478 1183 4546 ἠ
1213 4476 1451 4530 ὀπτασία
1480 4475 1620 4546 αὕτη
1647 4475 1741 4528 τοῦ
1776 4492 1914 4546 προ-

2002 817 2242 885 conl'ert,
2275 817 2371 872 sed
2395 816 2480 870 vel
2517 814 2788 886 rejicitur,
2825 812 2909 866 vel
2956 810 3290 865 animalibus
3340 824 3463 878 quae
3519 823 3610 863 ra-

2007 913 2156 967 tione
2173 918 2365 966 carent
2394 909 2702 965 destinatur
2729 907 2782 961 in
2810 905 3015 960 cibum.
3048 903 3142 956 Sic
3174 902 3275 966 ait,
3295 901 3606 970 etprophe-

2006 1011 2181 1056 tarum
2218 1014 2504 1055 sermones
2531 997 2772 1052 animam
2827 993 3140 1058 enutriunt,
3183 1007 3308 1046 cum
3362 991 3606 1059 pseudo-

2002 1093 2394 1165 prophetarnm
2427 1089 2607 1146 oratio
2635 1087 2775 1142 nihil
2808 1086 3077 1157 prolicere
3119 1093 3287 1153 queat
3321 1084 3389 1138 ad
3424 1082 3608 1138 homi-

2003 1201 2134 1240 num
2168 1168 2484 1249 utilitatem,
2514 1183 2618 1237 nisi
2651 1180 2889 1236 fortasse
2926 1177 3131 1246 aliquid
3158 1177 3479 1232 hominibus
3535 1175 3606 1229 iis

2001 1278 2200 1348 quibus
2230 1276 2352 1336 sine
2375 1275 2587 1330 ratione
2611 1273 2894 1339 suadetur,
2929 1271 3111 1326 solatii
3141 1269 3322 1339 potius
3344 1269 3606 1338 praebeat,

2001 1386 2166 1440 quam
2193 1370 2328 1425 lucri
2389 1379 2444 1424 et
2497 1370 2780 1436 utilis,‘et
2824 1369 3034 1434 subdit,
3079 1368 3202 1423 Non
3262 1368 3342 1422 sic
3401 1381 3420 1419 :
3456 1366 3607 1420 nulla

2002 1462 2257 1518 videlicet
2283 1462 2647 1531 comparatio.

2073 1558 2092 1576 '
2131 1554 2296 1608 Vens.
2317 1553 2409 1608 29.
2460 1553 2635 1607 Verba
2672 1569 2786 1606 mea
2809 1553 2948 1606 sicut
2976 1551 3139 1621 ignis,
3163 1550 3293 1604 dicit
3323 1549 3603 1614 Dominus,

2002 1655 2056 1700 et
2091 1647 2229 1701 sicut
2259 1647 2460 1700 securis
2490 1646 2697 1699 caedem
2727 1655 2957 1712 petram.

2077 1739 2243 1808 Quasi
2282 1738 2526 1796 diceret:
2567 1737 2867 1792 Sermones
2897 1735 3294 1806 prophetarum
3353 1747 3604 1796 veraces,

2005 1844 2061 1887 et
2087 1830 2388 1886 etlicaciam
2421 1831 2646 1884 habent.
2951 1821 2964 1832 ’

1927 1895 1976 1955 Β
2085 1922 2252 1979 Vsus.
2285 1922 2376 1977 30.
2401 1921 2542 1977 Ecce
2570 1939 2664 1994 ego
2693 1933 2972 1993 propterea
3005 1921 3074 1976 ad
3099 1919 3404 1988 prophetas.

2078 2016 2366 2084 Quomodo
2445 2016 2578 2070 tnihi
2656 2016 2880 2085 quidam
2961 2013 3218 2069 videntur
3311 2007 3609 2080 prophetas

2007 2110 2294 2164 audientes
2322 2123 2420 2164 eos
2446 2107 2718 2176 aemulari,
2756 2108 2842 2162 vel
2887 2107 3028 2163 alios
3079 2105 3172 2176 qui
3221 2102 3340 2159 haec
3377 2107 3612 2155 narrant

2008 2205 2322 2269 audientes,
2383 2201 2553 2257 veluti
2585 2217 2837 2270 serpens.
2867 2200 3218 2268 Quapropter
3245 2208 3303 2251 et
3351 2194 3605 2249 Ezechiel

2008 2293 2087 2348 ait
2114 2311 2129 2349 :
2159 2292 2218 2346 Si
2245 2293 2441 2347 venerit
2464 2293 2745 2361 propheta,
2771 2288 2886 2361 Ego
2909 2288 3175 2342 Dominus
3207 2285 3387 2353 decepi
3429 2281 3606 2346 illum,

2010 2399 2113 2439 nec
2141 2384 2289 2438 enim
2325 2382 2562 2453 amplius
2613 2383 2799 2437 dicere
2834 2380 3128 2452 permittit,
3175 2378 3406 2448 ideoque
3443 2374 3610 2429 etiam

2012 2477 2090 2530 ait
2115 2491 2174 2530 se
2192 2474 2528 2529 ablaturum.

2086 2568 2259 2623 Vsus.
2287 2566 2379 2621 5|.
2411 2563 2551 2620 Ecce
2578 2581 2672 2635 ego
2703 2567 2774 2619 ad
2803 2568 3111 2635 prophetas.

2080 2657 2407 2728 Prophetias
2475 2658 2711 2727 linguae,
2765 2659 3061 2711 mendaces
3099 2658 3417 2722 nuncupat;
3468 2644 3613 2703 haud

2012 2749 2159 2804 enim
2184 2751 2378 2816 lingua:
2403 2757 2528 2802 sunt
2548 2747 2851 2815 proiihetiae
2886 2760 3134 2800 veraces.

2087 2840 2156 2893 Et
2195 2840 2492 2894 dormitant
2524 2841 2963 2895 dormitationem
2999 2853 3181 2892 suam.

2086 2932 2238 2988 Multi
2264 2936 2409 2986 enim
2443 2933 2848 2987 concinnabant
2880 2931 3197 3000 prophetias
3223 2943 3321 2998 per
3360 2931 3601 2989 somnia,

2013 3043 2111 3098 per
2138 3026 2381 3081 oracula.
2418 3054 2490 3064 —
2541 3022 2648 3077 Sed
2707 3025 2809 3078 hoc
2855 3035 3100 3091 tempore
3155 3021 3614 3076 consolabuntur.

2089 3116 2257 3171 Vatis.
2299 3116 2388 3171 54.
2425 3114 2492 3168 Et
2528 3118 2944 3182 assumptioncm
2973 3114 3216 3167 Domini.

2090 3207 2159 3259 Et
2187 3205 2331 3273 quod
2382 3206 2508 3260 hinc
2553 3205 2858 3260 damnum?
2888 3205 3027 3258 (lum
3067 3204 3145 3257 illi
3196 3218 3256 3257 se
3287 3212 3617 3272 accepturos

2019 3296 2366 3361 simularent,
2428 3296 2768 3364 atquivocum
2840 3295 3002 3347 tollit.
3051 3294 3313 3347 Poterant
3367 3295 3514 3348 enim
3564 3303 3621 3346 et

2018 3387 2293 3441 daemones
2331 3387 2604 3456 accipere,
2639 3394 2697 3439 et
2744 3399 2776 3438 a
2827 3385 2938 3440 Deo
2972 3386 3306 3455 putabantur
3343 3384 3618 3452 accipere,

2019 3490 2073 3532 at
2107 3493 2215 3532 non
2245 3489 2332 3533 est
2371 3479 2494 3534 hoc.

2617 3613 2772 3670 CAP.
2806 3612 3002 3671 XXIV.

2091 3747 2259 3806 Vens.
2283 3749 2412 3816 με.
2453 3748 2522 3803 Et
2552 3749 2785 3806 ostendit
2819 3750 2948 3802 mihi
2983 3746 3246 3801 Dominus
3290 3746 3424 3798 duos
3471 3745 3622 3798 cala-

2020 3845 2138 3900 thos
2175 3845 2374 3914 ﬁcuum
2404 3846 2606 3918 positos
2644 3845 2713 3895 ad
2743 3842 2937 3911 faciem
2973 3841 3152 3910 templi
3186 3839 3424 3904 Domini,
3471 3850 3620 3904 post-

2020 3953 2179 4007 quam
2235 3935 2515 3988 transtulit
2583 3932 3088 3986 Nabuchodonosor
3161 3946 3258 3985 rea:
3322 3929 3621 3998 Babylonis

2020 4030 2336 4085 Jechoniam
2375 4027 2554 4095 [ilium
2590 4025 2836 4080 Joachim
2872 4041 3044 4094 regem
3090 4024 3260 4078 Juda.
3323 4023 3390 4075 Et
3435 4025 3626 4092 paucis

2023 4118 2679 4190 interpositis:Calathus
2728 4134 2865 4171 unus
2913 4121 3112 4186 lituum
3145 4118 3407 4172 bonarum
3451 4118 3624 4180 ualde,

2023 4216 2159 4269 sicut
2183 4212 2318 4280 ﬁcus
2361 4212 2522 4280 primi
2576 4213 2855 4278 temporis,
2893 4221 2940 4264 et
2973 4210 3219 4264 calathus
3255 4210 3393 4264 alter
3427 4211 3624 4278 ﬁmum

2021 4304 2496 4366 malarumvalde,
2552 4318 2672 4372 qua:
2719 4318 2823 4354 non
2880 4303 3228 4356 comedentur
3271 4319 3382 4367 prae
3415 4303 3626 4354 malitia

2023 4415 2143 4452 sua.
2175 4396 2242 4450 Et
2269 4411 2389 4466 quae
2417 4406 2743 4464 sequuntur.

2095 4487 2340 4542 Visionis
2391 4486 2553 4556 hujus
2584 4501 2779 4540 sensus
2817 4485 2904 4538 hic
2957 4494 3062 4538 est.
3119 4483 3476 4539 Manifestum
3532 4493 3617 4538 est

321 4573 515 4642 φήτου.
550 4570 673 4624 Ὅτι
716 4570 814 4641 μὲν
844 4567 939 4625 οὖν
960 4571 1054 4622 ἐπὶ
1086 4568 1179 4622 τοῦ
1213 4568 1464 4621 Σεδεκίου
1498 4568 1911 4636 γέγονε,δῆλον.

2027 4593 2205 4633 autem
2242 4593 2363 4631 eam
2420 4587 2668 4646 tempore
2704 4575 2947 4630 Sedecize
3010 4577 3332 4645 contigisse.
3364 4577 3531 4645 quue
3561 4591 3626 4628 ex

323 4664 434 4717 Kal.
463 4663 704 4715 δείκνυσι
726 4661 797 4714 τὰ
833 4663 1077 4733 ῥήματα.
1110 4657 1486 4729 Αίχμαλὼτων
1515 4657 1571 4709 δὲ
1609 4659 1911 4726 γενομένων

2031 4669 2211 4724 verbis
2242 4668 2377 4735 ipsis
2430 4677 2601 4736 patet.
2663 4665 2908 4734 Captivis
2938 4667 3187 4721 adductis
3236 4667 3342 4720 illis
3393 4668 3484 4735 qui
3523 4683 3626 4718 una

321 4751 431 4804 τῶν
460 4753 591 4822 περὶ
621 4753 711 4805 τὸν
751 4752 1030 4821 Ἰωακεὶμ,
1066 4750 1308 4819 ἔφασκον
1331 4750 1380 4801 οἱ
1407 4749 1501 4801 ἐπὶ
1519 4747 1612 4801 τοῦ
1641 4748 1911 4814 Σεδεκίου,

2019 4777 2148 4818 tcum
2206 4760 2452 4815 Joachim
2512 4768 2670 4812 erant
2737 4759 2771 4812 ii
2819 4761 2912 4823 qui
2966 4774 3090 4813 cum
3160 4759 3388 4814 Sedecia
3450 4762 3630 4813 adhuc

323 4847 398 4908 ὡς
423 4846 592 4899 υύδέν
622 4846 928 4915 πεισόμεθα
960 4844 1132 4896 δεινὸν
1157 4845 1326 4921 ἡμεῖς
1352 4841 1508 4909 παρὰ
1536 4840 1920 4908 Βαὸυλωνίων,

325 4941 663 5010 πράττοντες
717 4938 925 5001 δίκαια,
958 4936 1190 5006 ἐπείπερ
1220 4935 1382 4988 κακοὶ
1411 4934 1694 5003 γενόμενοι
1725 4935 1924 4986 ἐκεῖνοι

325 5034 420 5084 καὶ
448 5029 751 5095 ἀσεϐεῖς,οἴ
769 5047 827 5081 τε
853 5028 1205 5098 προπάτορες
1226 5027 1275 5079 οἱ
1301 5025 1560 5097 ἡμέτεροι
1583 5025 1923 5095 αἰχμάλωτοι

324 5125 607 5188 γεγόνασι.
635 5121 732 5174 Διὰ
763 5121 943 5172 τοίνυν
980 5117 1185 5187 ταύτης
1221 5118 1319 5186 τῆς
1351 5117 1621 5175 ὀπτασίας
1647 5117 1924 5170 δείκνυσιν

326 5211 572 5273 ἐκείνους
601 5210 825 5279 ἄμεινον
856 5207 1079 5276 λτούτων
1114 5208 1142 5260 6
1174 5207 1330 5268 Θεύς.
1363 5207 1477 5259 Καὶ
1517 5207 1729 5284 ὥσπερ,
1764 5209 1924 5280 φησὶ,

326 5305 397 5354 τὰ
425 5300 570 5354 σῦκα
593 5301 664 5355 τὰ
685 5302 903 5371 χρηστὰ
925 5301 1056 5371 περὶ
1077 5299 1274 5352 πολλοῦ
1297 5300 1361 5355 ἄν
1380 5317 1464 5363 τις
1486 5302 1794 5373 ποιήσαιτο,
1815 5303 1927 5356 οὐδ’

329 5390 586 5445 ἀπολύειν
633 5392 756 5446 οὐδὲ
796 5393 1013 5461 ῥίπτειν
1045 5391 1247 5446 ἐθέλων
1289 5392 1348 5458 ἐξ
1396 5391 1578 5444 αὐτῶν
1620 5410 1706 5461 τι,
1750 5393 1927 5458 οὕτως

330 5484 428 5537 καὶ
455 5483 615 5543 αὐτὸς
650 5485 1080 5555 περιεποιήσατο
1128 5485 1255 5546 τοὺς
1284 5482 1642 5548 ἀπελθόνταςο
1679 5487 1813 5554 φησὶ
1844 5486 1924 5550 δὲ,

331 5575 602 5630 κάλαθον
631 5577 838 5630 σύκων
873 5573 1159 5645 χρηστῶν
1182 5613 1197 5639 ,
1248 5576 1470 5645 ἐκείνην
1503 5577 1602 5646 τὴν
1643 5577 1924 5629 ἀποικίαν·

331 5666 634 5737 ἐπειδήπερ
673 5666 811 5736 μετὰ
854 5666 950 5721 τοῦ
1001 5667 1243 5738 πλήθους
1266 5709 1280 5734 ,
1315 5670 1410 5722 καὶ
1446 5672 1474 5722 6
1505 5669 1716 5732 δίκαιος
1751 5687 1927 5739 παρε-

331 5760 641 5830 λήφθησαν,
694 5760 843 5824 οἶκος
883 5763 1115 5834 Δανιὴλ,
1153 5765 1246 5817 καὶ
1292 5766 1341 5817 οἱ
1383 5767 1532 5835 τρεῖς
1566 5765 1777 5830 παῖδες,
1834 5768 1929 5820 κού⁴

347 5851 628 5922 Ἐζεκιὴλ,
676 5855 769 5907 καὶ
814 5856 868 5906 εἴ
899 5873 985 5920 τις
1018 5856 1141 5910 κατ’
1202 5857 1445 5921 ἐκείνους
1490 5857 1778 5928 ἐτύγχανε.
1815 5860 1923 5914 Καὶ

2030 4853 2306 4914 vivebant,
2338 4849 2662 4905 asserebant
2714 4864 2772 4904 se
2799 4849 2951 4904 nulla
3008 4850 3146 4903 mala
3207 4865 3568 4920 perpessurus
3598 4866 3627 4904 ιι

2029 4943 2364 5014 Babyloniis,
2418 4943 2714 4996 dummodo
2762 4941 2910 5009 jnsta
2961 4950 3360 5008 Operarentur;
3411 4943 3631 5008 quando

2028 5051 2221 5091 eorum
2247 5033 2489 5100 majores
2516 5032 2642 5086 ideo
2689 5031 2890 5100 captivi
2925 5031 3148 5085 abducti
3175 5030 3434 5096 fuissent,
3485 5035 3628 5100 quod

2030 5129 2178 5195 impii
2241 5126 2479 5194 malique
2533 5132 2741 5178 essent.
2807 5121 2977 5190 Igitur
3054 5122 3264 5178 visione
3329 5124 3430 5179 hac
3486 5098 3632 5179 Deus

2030 5216 2272 5272 ostendit
2307 5215 2428 5270 illos
2482 5215 2633 5267 hisce
2661 5213 2835 5268 fuisse
2861 5214 3142 5281 meliores,
3178 5223 3233 5269 et
3267 5215 3631 5282 quemadmo-

2029 5311 2158 5362 dum
2187 5311 2286 5372 ait,
2335 5307 2473 5362 licus
2511 5307 2681 5362 bonas
2726 5307 2857 5374 quis
2893 5306 3076 5376 magni
3133 5306 3406 5365 assumat,
3451 5305 3526 5361 ita
3574 5316 3632 5360 ut

2032 5416 2097 5456 ex
2132 5401 2219 5456 his
2251 5400 2386 5454 nihil
2423 5399 2512 5454 vel'
2558 5398 2858 5469 relinquat,
2894 5398 2978 5451 vel
3012 5401 3249 5468 reﬁciat,
3299 5399 3378 5453 sic
3412 5409 3468 5452 et
3519 5401 3634 5468 ipse

2032 5491 2213 5561 magni
2243 5491 2398 5544 duxit
2416 5491 2719 5555 abductos;
2746 5501 2904 5545 vocat
2925 5501 3109 5544 autem
3142 5491 3417 5544 catathum
3437 5492 3632 5562 ﬁmum

2036 5581 2317 5645 bonarum,
2375 5579 2793 5634 translationem
2839 5581 2987 5633 illam
3025 5596 3040 5635 :
3097 5581 3318 5648 quando
3363 5595 3472 5634 una
3501 5595 3628 5638 cum

2033 5671 2384 5726 multitudine
2419 5679 2474 5726 et
2504 5670 2637 5738 justi
2671 5673 2890 5726 abducti
2931 5684 3084 5736 sunt,
3117 5674 3298 5741 qualis
3330 5671 3542 5738 Daniel,
3573 5682 3632 5727 et

2033 5777 2144 5822 tres
2166 5767 2339 5836 pueri,
2360 5778 2412 5820 et
2435 5767 2712 5833 Ezechiel,
2739 5777 2790 5822 et
2815 5768 2859 5821 si
2894 5769 3018 5836 quis
3044 5769 3182 5821 alitis
3198 5781 3390 5821 eorum
3411 5765 3631 5820 similis.

2045 5859 2111 5914 Et
2138 5859 2619 5930 qacmaduiodum,
2663 5860 2758 5926 ait,
2793 5860 2952 5916 mala:
2990 5860 3334 5931 reiiciuntur,
3360 5875 3483 5917 cum
3512 5859 3632 5913 nul.
