4226 6460
205 394 315 452 95";

1305 390 1738 449 FRAGMENTA
1770 392 1839 449 IN
1878 395 2256 455 JEREHIAN.

3412 401 3519 455 954

280 510 483 564 Μέλλει
529 509 716 563 λοιπὸν
762 509 967 581 ὁρίζειν
995 515 1098 581 τῆς
1138 512 1418 583 τιμωρίας
1449 511 1542 565 τὸν
1591 512 1808 583 χρόνον,

1991 516 2125 570 Tam
2152 517 2316 586 igitur
2353 531 2642 585 pmuarum
2680 528 2894 586 tempus
2924 524 3236 569 statuturus
3263 525 3371 579 est...
3394 530 3490 569 seu

204 604 308 659 καὶ
330 604 433 671 τὴν
461 604 740 672 ἀπόφασιν
767 603 1047 674 ἐκφέρειν.

278 696 394 750 Καί
422 696 704 763 ἐλάλησα
732 696 885 764 πρὸς
908 696 1067 765 ὑμᾶς
1096 695 1395 767 ὀρθρίζων.
1542 756 1549 763 ,
1642 756 1645 757 ,

277 788 359 841 Δι’
392 788 512 850 ἑνὸς
547 790 832 859 προφήτου
868 789 1045 842 ταῦτα
1096 793 1366 861 συνεχήςο
1413 792 1512 845 καὶ
1555 791 1668 863 γὰρ
1712 792 1809 844 καὶ

202 878 297 934 διὰ
319 879 433 932 τῶν
463 879 641 932 ἄλλων
674 880 946 950 ὲλάλησα’
985 882 1081 934 καὶ
1111 882 1173 933 οὐ
1207 881 1453 936 διέλιπον
1485 882 1573 937 ἀεὶ
1604 881 1806 949 λαλῶν,

202 973 304 1026 καὶ
333 971 573 1039 ἐλάλησα
621 972 777 1027 οὐδὲν
814 973 1098 1044 φορτικόν.
1146 974 1322 1029 Τοῦτο
1364 976 1461 1029 καὶ
1497 979 1526 1029 ὁ
1566 975 1807 1045 Χριστὸς

201 1065 357 1114 ποιεί
388 1063 600 1132 μέλλων
632 1064 733 1135 τὴν
764 1050 921 1117 πόλιν
954 1064 1314 1134 παραδιδόναι
1344 1069 1461 1130 τοῖς
1493 1067 1804 1136 πολεμίοις,

204 1155 494 1224 μονονουχὶ
537 1154 892 1223 ἀπολογεῖται
935 1155 1073 1227 πρὸς
1104 1157 1327 1221 αὐτούς’
1358 1157 1633 1225 Ποσάκις
1670 1158 1808 1226 nos.

199 1251 372 1315 λησα
416 1247 891 1317 ἐπισυναγαγεῖν
939 1249 1015 1303 τὰ
1060 1248 1246 1302 τέκνα
1286 1248 1491 1319 ὑμῶν,
1542 1250 1646 1305 καί
1693 1250 1807 1305 οὐκ

200 1340 591 1408 ἠθελήσατε;
623 1341 721 1394 καὶ
751 1341 821 1395 τὰ
847 1340 997 1410 ἑξῆς.

274 1432 381 1486 Διά
411 1432 586 1486 τοῦτο
612 1431 757 1485 τάδε
777 1430 943 1502 λέγει
973 1434 1212 1501 Κύριος.

272 1524 368 1593 Μὴ
402 1522 512 1593 γὰρ
557 1524 649 1577 διὰ
693 1522 855 1577 τοῦτο
895 1524 1107 1590 ἔδωκα,
1145 1526 1236 1579 ἵνα
1274 1525 1440 1579 πάλιν
1471 1524 1803 1595 ἁφὲλωμαι;

204 1613 283 1684 μὴ
312 1614 421 1683 γὰρ
456 1614 650 1683 μισθὸν
685 1614 842 1691 ὑμᾶς⁸
863 1616 1162 1686 ἁπῄτησα;
1195 1618 1290 1671 καὶ
1333 1617 1445 1687 γὰρ
1478 1619 1707 1688 χάριτος
1735 1612 1804 1687 ἦν

199 1705 367 1772 ἔργον
394 1721 407 1733 ·
441 1705 620 1767 οὐδεὶς
648 1705 718 1758 τὰ
747 1706 1069 1777 δωρηθέντα
1081 1709 1430 1780 ἀφαιρεῖται,
1450 1707 1518 1762 ἂν
1555 1709 1633 1779 μὴ
1668 1709 1804 1777 σφό-

196 1798 305 1869 δρα
339 1796 565 1863 ἀνάξιος,
652 1799 681 1851 ὁ
710 1797 915 1853 λαϐὼν.

285 1888 435 1945 Ἰδοὺ
463 1889 578 1959 ἐγὼ
598 1889 966 1944 ἀποστέλλω
987 1891 1085 1946 καὶ
1107 1892 1385 1962 λήψομαι
1408 1893 1688 1962 πατριὰν.

276 1981 451 2045 ’Ᾱξω,
472 1982 629 2049 φησὶ,
656 1982 1264 2054 Βαδυλωνίους,ὲπειδὴ
1291 1985 1394 2038 οὐκ
1416 1987 1806 2039 ἐπιστεύσατε·

197 2072 357 2142 ὁρᾷς.
390 2070 557 2125 πόθεν
582 2073 767 2135 αὐτοῖς
794 2073 828 2143 ἡ
860 2073 1106 2145 ῥᾳθυμία
1136 2076 1401 2143 γέγονενς
1435 2077 1500 2131 ὲκ
1533 2076 1632 2131 τοῦ
1675 2079 1808 2131 ἀπι-

199 2165 373 2217 στεῖν.
416 2162 589 2217 Τοῦτο
628 2164 726 2217 καὶ
760 2163 857 2217 νῦν
888 2165 1102 2233 γίνεται
1132 2167 1264 2238 περὶ
1296 2167 1395 2237 τῆς
1425 2168 1688 2240 γεέννηςο
1731 2172 1807 2242 μὴ

196 2256 311 2325 γὰρ
360 2257 460 2309 οὐκ
489 2257 769 2329 ἐδυνάμην
802 2258 1034 2312 κολάσαι
1084 2261 1201 2328 εἴγε
1240 2259 1470 2329 ήθελον;
1507 2262 1702 2314 τούτου
1748 2260 1809 2315 δὲ

199 2350 370 2403 αίτιοι
400 2350 448 2402 οί
488 2350 960 2422 ψευδοπροφῆται.
999 2351 1115 2404 Οὐκ
1151 2353 1518 2405 ἐπιστεύσατε
1544 2355 1661 2417 τοῖς
1708 2356 1809 2426 ρή-

202 2456 364 2509 μασι,
402 2440 737 2494 πιστεύσατε
770 2444 885 2505 τοῖς
920 2445 1267 2514 πράγμασιν.

286 2530 420 2583 Ἐπὶ
453 2532 651 2585 πάντα
673 2531 747 2585 τά
767 2533 936 2600 ἔθνη.

228 2691 237 2699 θ
271 2624 437 2688 Τίνος
469 2626 691 2693 ’ἑνεκεν;
724 2626 813 2679 ἵνα
866 2627 1049 2699 μάθῃς
1090 2628 1175 2682 ὅτι
1218 2628 1389 2683 αὐτού
1427 2631 1659 2686 καθόλου
1712 2634 1805 2687 τοῦ

197 2714 340 2769 Θεοῦ
374 2718 405 2783 ἡ
442 2718 690 2787 πρόνοια.

272 2808 387 2861 Καὶ
410 2808 885 2865 δουλεύσουσιν.

272 2899 319 2951 Τ
322 2898 357 2950 ὰ
387 2900 764 2971 ἑϐδομήκοντα
789 2903 882 2974 ἔτη
940 2905 1331 2976 φιλάνθρωπος
1364 2907 1464 2970 ὣν,
1500 2910 1623 2978 οὐχὶ
1667 2910 1810 2980 μετὰ

199 2990 306 3062 τὴν
359 2991 456 3045 τοῦ
508 2993 638 3047 ναοῦ
692 2995 1018 3065 καθαίρεσιν
1070 2998 1301 3068 ἀριθμεῖ
1352 3001 1514 3067 μόνον
1556 3000 1663 3064 ἓως
1710 3003 1811 3070 τῆς

202 3085 494 3147 ἐπανόδου,
527 3085 665 3139 ἀλλὰ
695 3088 792 3140 καὶ
822 3088 985 3160 μέχρι
1015 3090 1116 3156 τῆς
1141 3090 1494 3158 κατασκευῆς
1526 3090 1621 3143 τοῦ
1653 3091 1808 3144 ναοῦ.

1913 611 2257 678 tentiamque
2287 610 2623 678 prolaturus.

1988 699 2153 755 Vens.
2184 702 2238 755 5.
2276 702 2343 753 Et
2381 700 2586 753 locutus
2614 716 2731 753 sum
2757 700 2827 753 ad
2851 718 2965 766 vos,
3005 709 3129 754 ante
3165 698 3361 752 lucem.
3446 688 3451 694 ’

1982 789 2088 845 Per
2120 805 2286 844 unum
2336 789 2662 858 prophetam
2712 789 2828 844 haec
2882 789 3126 852 assidue,
3157 803 3283 842 nam
3326 797 3381 841 et
3422 802 3525 855 per

1910 884 2048 937 alios
2074 882 2287 937 locutus
2338 896 2481 947 sum,
2508 890 2563 935 et
2588 896 2807 950 semper
2829 879 3317 948 loquendinullum
3351 879 3517 932 ﬁnem

1910 972 2040 1037 feci,
2076 981 2130 1025 et
2152 970 2288 1025 nihil
2318 984 2488 1039 grave
2520 969 2739 1026 locutus
2790 984 2934 1023 sum.
2976 968 3088 1023 lloc
3138 978 3195 1023 et
3249 968 3512 1021 Christus

1909 1064 2044 1135 agit,
2090 1073 2147 1118 et
2207 1071 2415 1116 tantum
2459 1074 2567 1115 non
2617 1075 2685 1115 se
2734 1068 2964 1113 excusat
3027 1059 3277 1112 hostibus
3322 1058 3516 1111 urbem

1911 1155 2235 1216 traditurus,
2270 1155 2356 1207 his
2387 1153 2571 1207 verbis
2588 1161 2749 1206 utens
2775 1151 2840 1203 ad
2880 1150 3002 1203 illos
3045 1167 3058 1203 :
3124 1148 3344 1213 Quoties
3378 1147 3521 1201 volui

1908 1258 2227 1314 congregare
2252 1234 2393 1312 ﬁlios
2438 1253 2662 1305 uestros,
2711 1250 2758 1293 et
2803 1237 3135 1292 noluistis“!
3166 1246 3221 1291 et
3253 1252 3375 1307 uitae
3431 1252 3519 1291 se-

1907 1346 2174 1407 quuntur.

1981 1430 2150 1486 Vens.
2183 1430 2237 1485 8.
2268 1428 2559 1498 Propterea
2601 1430 2715 1482 lure
2745 1426 2878 1480 dicit
2918 1426 3195 1482 Dominus.

1979 1523 2122 1578 Num
2150 1534 2379 1594 prapter
2414 1522 2521 1577 hoc
2552 1522 2813 1576 dederam
2845 1530 2903 1573 ut
2950 1520 3154 1573 iterum
3200 1517 3521 1572 auferrem?

1908 1633 2043 1674 num
2094 1600 2403 1673 mercedem
2440 1632 2471 1671 a
2522 1614 2677 1670 vobis
2706 1612 2907 1682 exegi?
2940 1611 3089 1680 Opus
3143 1610 3275 1664 illud
3328 1610 3521 1679 gratiae

1907 1720 2049 1778 erat,
2086 1726 2249 1766 nemo
2279 1708 2601 1765 muneribus
2641 1706 2915 1777 privatur,
2941 1703 3047 1758 nisi
3073 1703 3170 1772 qui
3205 1696 3431 1771 recepit,
3459 1715 3521 1754 se

1910 1804 2075 1858 nimis
2112 1802 2399 1873 indignum
2433 1799 2756 1855 reddiderit.

1984 1899 2156 1954 Vens.
2188 1900 2243 1956 9.
2283 1897 2420 1952 Ecce
2451 1913 2545 1967 ego
2573 1896 2752 1959 mitto,
2787 1902 2837 1947 et
2885 1908 3095 1947 sitatam
3122 1890 3516 1959 cognationem.

1984 1994 2288 2055 Adducam,
2318 1991 2415 2054 ait,
2450 1987 2806 2059 Babylonios,
2839 1989 3104 2055 quoniam
3134 1999 3240 2037 non
3268 1980 3521 2036 credidi-

1912 2085 2058 2151 stis;
2100 2084 2246 2137 unde
2299 2094 2492 2135 eorum
2544 2078 2801 2131 vecordia
2850 2085 2978 2129 nata
3034 2072 3157 2127 est?
3210 2071 3337 2138 quia
3412 2084 3520 2123 non

1919 2178 2235 2234 credebant.
2271 2173 2388 2229 Hoc
2437 2172 2606 2227 etiam
2646 2184 2792 2224 nunc
2851 2169 2910 2222 ﬁt
2958 2168 3028 2222 de
3061 2166 3350 2236 geltenua:
3391 2178 3521 2215 nunt

1911 2272 1971 2337 si
1991 2269 2186 2323 vellem
2218 2279 2411 2336 poenas
2447 2277 2556 2317 non
2589 2275 2807 2331 possem
2838 2256 3104 2313 sumere?
3130 2254 3293 2321 hujus
3351 2266 3526 2307 causa

1912 2370 2042 2419 sunt
2082 2356 2604 2430 pseudoprophetze.
2634 2352 2754 2408 Non
2781 2350 3107 2408 credidistis
3135 2344 3515 2405 sermonibus.

1914 2456 2076 2511 rebus
2112 2452 2245 2521 ipsis
2276 2446 2507 2505 credite.

1977 2548 2046 2602 Et
2069 2563 2227 2611 super
2252 2559 2432 2599 omnes
2464 2542 2724 2595 nationes.

1985 2641 2220 2711 Propter
2248 2638 2415 2709 quid?
2444 2646 2504 2692 ut
2539 2636 2683 2691 scias
2720 2631 2967 2688 universi
3016 2626 3421 2701 providentiam
3462 2625 3528 2678 ad

1913 2735 2093 2807 ipsum
2127 2733 2298 2787 Deum
2336 2740 2612 2802 spectare.

1990 2827 2157 2881 Vens.
2192 2824 2282 2879 11.
2317 2822 2385 2876 Et
2419 2823 2670 2875 servient.

1988 2915 2351 2985 Septuaginta
2378 2928 2575 2978 annos,
2629 2927 2754 2967 cum
2786 2910 2911 2981 pius
2932 2909 3027 2975 sit,
3065 2923 3173 2962 non
3215 2911 3341 2977 post
3386 2912 3527 2958 tem-

1916 3010 1991 3082 pli
2031 3008 2375 3066 eversionem
2405 3014 2699 3081 enumerat
2724 3013 2935 3058 tantum
2970 3014 3147 3070 usque
3175 2999 3244 3061 ad
3267 2997 3527 3061 reditum,

1917 3080 2013 3156 sed
2072 3113 2248 3168 usque
2307 3098 2374 3151 ad
2428 3080 2902 3151 conStructiouem
2986 3106 3210 3161 quoque
3293 3088 3527 3158 templi:

207 3177 277 3229 '0
318 3175 376 3228 δὲ
413 3176 579 3245 λέγω,
622 3177 866 3232 τοιοῦτόν
918 3181 1073 3235 ἐστι.
1108 3181 1224 3251 Πρὸ
1269 3179 1380 3233 τῶν
1431 3180 1809 3252 ἐϐδομήκοντα

1920 3192 2098 3246 dicam
2131 3178 2385 3258 planius:
2412 3197 2541 3241 ante
2564 3184 2913 3256 septuaginta
2960 3198 3139 3237 annos
3170 3180 3389 3235 reduxit
3410 3194 3528 3243 eos,

202 3268 345 3321 Ιιιιιῶν
385 3270 666 3338 ἀνήγαγεν
701 3271 923 3335 αὐτοὺς,
973 3272 1070 3325 καὶ
1110 3273 1435 3340 ἐλογίσατο,
1477 3274 1674 3327 καὶτὰ
1710 3274 1812 3344 τῆς

203 3359 397 3413 ἀνόδου
421 3362 501 3424 είς
525 3362 627 3431 τὴν
656 3362 1065 3433 αἰχμαλωσίαν.
1096 3365 1276 3417 Ὅπου
1306 3366 1416 3433 γὰρ
1438 3364 1542 3419 οὐκ
1562 3361 1632 3437 ἦν
1658 3367 1809 3433 ναὸς,

200 3451 326 3505 οὐδὲ
370 3452 573 3521 ἱερεὺς,
615 3454 740 3506 οὐδὲ
768 3453 1181 3525 θυσιαστήριον,
1214 3456 1343 3508 οὐδὲ
1396 3457 1577 3522 θυσία,
1624 3456 1679 3509 τί
1731 3457 1813 3510 δι-

200 3542 433 3611 ενήνοχε
463 3540 574 3595 τῶν
621 3544 681 3595 ὲν
724 3542 1081 3613 αἰχμαλωσίᾳ
1118 3543 1378 3611 ζὼντων;
1425 3546 1521 3599 καὶ
1563 3544 1725 3598 τοῦτο
1753 3545 1811 3599 δὲ

200 3639 306 3707 τῆς
357 3632 777 3705 φιλανθρωπίας
829 3635 1143 3689 αὐτοῦ.Διὰ
1190 3634 1353 3688 τοῦτο
1405 3637 1500 3689 ἐπὶ
1551 3637 1810 3708 Δαρείου,

203 3747 282 3799 φη
293 3728 366 3794 si,
391 3730 530 3799 μετὰ
550 3729 859 3800 τὴν¹ᾶνοδον
879 3727 1157 3783 τοσούτων
1180 3729 1569 3799 παρελθόντων
1599 3730 1813 3802 καιρῶν

202 3822 381 3891 λέγει,
409 3822 565 3887 ⁷Εως
587 3822 733 3875 πότε
754 3821 1084 3891 ὑπερεῖδες,
1111 3822 1313 3891 Κύριε,
1340 3823 1457 3890 τὴν
1496 3822 1811 3890 Ἰερουσα-

202 3914 368 3983 ship;
391 3915 569 3969 τοῦτο
589 3914 1045 3984 ἑϐδομηκοστόν
1068 3913 1355 3980 ἔτος,τότε
1378 3915 1723 3985 πληροῦσθαι
1744 3916 1814 3971 τὰ

206 4004 603 4074 ἐδδομήκοντα.
638 4005 791 4057 Ποιεῖ
819 4004 874 4056 δὲ
920 4004 1055 4057 αὐτὸ
1088 4005 1182 4056 καὶ
1224 4005 1283 4056 ὲν
1319 4004 1563 4070 κολάσει,
1601 4006 1811 4075 λέγων·

218 4096 471 4151 Ἑκατὸν
491 4096 732 4150 εἴκοσιν
747 4096 898 4150 ἐτῶν
919 4099 1089 4151 ἔσται
1108 4100 1145 4168 ἡ
1170 4097 1281 4168 ζ’ωὴ
1312 4100 1435 4153 τῶν
1457 4100 1810 4169 ἀνθρώπων,

206 4189 306 4243 καὶ
340 4188 533 4243 ἑκατὸν
562 4188 657 4259 ἔτη
682 4189 873 4253 ζῶσιν.
919 4190 1173 4261 Ἐποίησε
1206 4187 1263 4244 δὲ
1309 4193 1440 4246 αὐτὸ
1471 4195 1568 4247 καὶ
1594 4195 1688 4247 ἐπὶ
1713 4196 1812 4264 τῆς

209 4282 590 4345 ἀναστάσεως·
613 4281 787 4334 εἰπὼν
804 4282 938 4353 γὰρ,
961 4284 1043 4335 ὅτι
1064 4283 1233 4350 Τρεῖς
1254 4284 1503 4354 ἡμέρας,
1529 4286 1628 4340 καί
1654 4287 1815 4355 τρεῖς

209 4374 477 4438 νύκτας,
522 4375 590 4444 τῇ
636 4373 799 4444 τρίτῃ
849 4373 1035 4445 ἡμέρᾳ
1085 4374 1396 4431 ἀνίσταται.
1454 4376 1597 4430 Ἀλλ’
1634 4378 1815 4433 ἐκεῖνο

215 4466 319 4537 μὶν
349 4463 770 4536 φιλανθρωπίας
795 4461 864 4536 ἦν
888 4467 1138 4531 εἰκότως,
1171 4466 1331 4520 τοῦτο
1355 4468 1411 4521 δὲ
1440 4470 1601 4533 ποίας
1626 4469 1816 4540 φιλαν-

213 4556 506 4627 θρωπίαςλ
524 4557 673 4618 τίνος
691 4551 785 4609 οὖν
798 4556 987 4611 ἕνεκεν
1004 4559 1101 4611 καὶ
1120 4559 1181 4611 τδ
1193 4560 1498 4631 τριήμερον
1513 4562 1776 4633 ἐποίησεν
1796 4581 1811 4629 ;
1850 4545 1891 4600 D

214 4647 791 4719 ὥστε,πιστευθῆναι,
834 4650 916 4702 ὃτι
965 4649 1414 4722 [τε]τελεύτηκεν
1442 4670 1455 4684 ·
1484 4654 1661 4708 πολλὰ
1706 4658 1817 4728 γὰρ

214 4740 432 4809 γίνεται
468 4740 559 4794 διὰ
586 4740 764 4793 τοῦτο.
808 4741 968 4805 Τίνος
999 4738 1093 4796 οὖν
1125 4742 1317 4796 ἕνεκεν
1347 4745 1448 4797 οὐκ
1491 4746 1819 4817 ἐπλήρωσεν

216 4832 371 4894 αὐτὸ,
407 4833 581 4885 εἰπὼν
604 4876 620 4898 ,
649 4832 732 4885 ὅτι
772 4832 926 4886 ἔσται
960 4836 1019 4887 ἐν
1058 4836 1123 4905 τῇ
1165 4836 1367 4907 καρδίᾳ
1407 4838 1507 4906 τῆς
1534 4838 1639 4908 γῆς
1670 4841 1822 4911 τρεῖς

216 4923 441 4995 ἡμέρας
495 4926 591 4977 καὶ
639 4927 791 4993 τρεῖς
854 4924 1082 4991 νύκτας,
1123 4928 1156 4997 ἢ
1204 4927 1349 4981 ὥστε
1401 4929 1463 4981 τὸ
1513 4929 1675 5001 σῶμα
1746 4933 1822 5005 μὴ

214 5016 625 5087 διαφθαρῆναι;
687 5017 752 5071 Τί
804 5020 934 5089 γὰρ,
985 5020 1087 5072 οὐκ
1142 5018 1373 5090 ὴόύνατο
1433 5024 1821 5096 συγκρατῆσαι

218 5106 393 5171 αὑτός
423 5106 681 5178 ἠδύνατο,
706 5108 823 5161 ἀλλ’
848 5105 1105 5164 ὲὸούλετο
1134 5112 1495 5182 πιστευθῆναι
1521 5114 1623 5186 τὴν
1655 5116 1821 5184 φύσιν

218 5201 297 5262 ὡς
320 5200 537 5264 οὐδενὸς
558 5200 811 5272 ἀπήλαυε
838 5202 1014 5267 ξένου.
1038 5204 1197 5268 Τινές
1225 5224 1356 5274 φασι
1380 5206 1468 5261 διὰ
1487 5210 1616 5273 τοὺς
1644 5210 1821 5283 μαθη-

218 5290 341 5353 τὰς,
378 5289 523 5343 ὥστε
562 5292 933 5363 διακρατῆσαι
976 5294 1160 5349 αὐτῶν
1200 5296 1302 5368 τὴν
1356 5298 1681 5353 ἀσθένειαν·
1730 5303 1820 5357 διὰ

221 5383 332 5451 γάρ
360 5400 446 5436 τοι
475 5386 635 5439 τοῦτο
664 5386 788 5440 οὐδὲ
822 5387 1090 5459 ἀνέμενεν
1116 5389 1282 5455 αὐτὸς
1329 5393 1575 5463 φανῆναι
1616 5397 1825 5463 αὐτοῖς,

222 5476 363 5531 ἀλλᾶ
388 5480 501 5542 τοῖς,
527 5480 874 5549 εὐαγγελίοις
902 5483 1188 5555 προδισχεί
1206 5524 1220 5546 ,
1249 5485 1346 5539 καὶ
1388 5487 1607 5557 ἀνίησιν
1646 5489 1830 5544 αὐτῶν

222 5571 326 5640 τὴν
360 5568 624 5624 διάνοιαν·
667 5574 944 5641 Ἀπελθε,
986 5578 1176 5646 φησὶν,
1202 5579 1335 5633 είπὲ
1373 5580 1501 5646 τοῖς
1535 5582 1829 5652 ἀδελφοῖς

218 5675 377 5730 μου⁶
415 5663 510 5716 καὶ
561 5663 668 5735 μὴν
708 5664 946 5736 ἠδύνατο
1000 5668 1205 5733 εὐθέως
1251 5672 1445 5741 φανεὶς
1502 5673 1709 5744 μᾶλλον
1769 5674 1831 5728 τὸ

1921 3278 2455 3345 connumeravitque
2502 3278 2569 3329 ad
2628 3276 2805 3345 ipsam
2876 3274 3257 3345 captivitatem
3315 3282 3532 3341 tempus

1923 3383 2250 3439 regressus;
2290 3366 2380 3421 ubi
2419 3366 2569 3419 enim
2609 3381 2715 3419 non
2748 3374 2870 3417 erat
2904 3364 3192 3433 templum,
3242 3362 3528 3430 sacerdos,

1919 3461 2120 3524 altare,
2160 3456 2532 3520 sacriﬁcium,
2577 3455 2710 3525 quid
2766 3452 3056 3509 diﬁerebat
3096 3453 3244 3509 inter
3297 3455 3421 3519 hoc,
3475 3462 3533 3509 et

1919 3553 2108 3607 vivere
2146 3552 2199 3605 in
2232 3546 2601 3618 captivitate?
2638 3554 2695 3599 et
2754 3547 2858 3601 hoc
2897 3561 3031 3616 ergo
3070 3545 3272 3600 divinae
3312 3544 3533 3615 pietatis

1922 3655 2066 3702 erat.
2102 3645 2451 3713 Quapropter
2486 3651 2733 3711 tempore
2754 3640 2903 3694 Darii
2939 3649 3063 3710 post
3087 3652 3402 3709 regressum
3432 3636 3533 3699 ait,

1922 3754 2047 3794 cum
2086 3745 2169 3792 tot
2200 3736 2382 3806 elapsa
2411 3743 2598 3789 essent
2631 3743 2880 3803 tempora
2912 3732 3253 3802 :Usqueque,
3279 3730 3533 3795 Domine,

1922 3829 2211 3898 despexisti
2238 3825 2593 3882 Jerusalem?
2640 3824 2743 3878 Hic
2784 3824 2907 3893 jam
2956 3822 3383 3893 septuagesimus
3438 3837 3537 3873 an-

1923 3922 2095 3989 nus‘,;
2122 3929 2182 3974 ut
2231 3928 2358 3974 tunc
2391 3916 2778 3985 compleantur
2830 3915 3204 3984 septuaginta.
3238 3912 3355 3967 Hoc
3393 3912 3535 3967 idem

1922 4024 1977 4068 et
2004 4012 2284 4082 puniendo
2308 4008 2443 4065 facit
2467 4007 2662 4065 dicens
2713 4026 2729 4063 :
2786 4007 3012 4063 Centum
3043 4008 3232 4076 viginti
3266 4022 3535 4059 annorum

1921 4106 2024 4161 erit
2066 4107 2169 4159 vita
2211 4104 2524 4158 Itominum'
2553 4145 2569 4170 ,
2625 4113 2681 4158 et
2706 4112 2925 4158 centum
2957 4116 3129 4156 annos
3168 4101 3387 4153 vivunt.
3420 4097 3537 4153 lluc

1922 4208 1978 4255 et
2010 4201 2061 4254 iu
2098 4200 2507 4253 resurrectione
2540 4195 2712 4263 fecit;
2751 4211 2877 4250 nam
2928 4208 3051 4249 cum
3083 4194 3316 4248 dixisset
3360 4208 3375 4245 :
3413 4195 3535 4245 Tri-

1923 4290 2019 4344 bus
2072 4289 2279 4354 diebus,
2308 4297 2355 4342 et
2385 4291 2554 4341 tribus
2596 4287 2896 4353 noctibus‘,
2931 4285 3019 4340 die
3058 4286 3223 4338 tertio
3273 4281 3535 4352 resurgit.

1923 4381 2032 4435 Sed
2054 4381 2182 4434 illud
2201 4394 2336 4434 sane
2353 4378 2573 4449 pietatis
2592 4388 2735 4440 erat,
2754 4377 2859 4429 hoc
2880 4384 3061 4428 autem
3081 4373 3369 4443 cujusnam
3420 4380 3540 4424 erat

1923 4474 2141 4544 pietatis
2163 4473 2188 4526 ί
2209 4481 2266 4526 et
2286 4486 2386 4525 cur
2404 4472 2633 4526 omnino
2666 4470 2909 4523 triduum
2931 4467 3266 4536 exspectavit
3286 4465 3309 4519 τ
3331 4474 3391 4519 ιιι
3410 4480 3535 4519 cum

1925 4574 2207 4620 mortuum
2242 4560 2417 4617 fuisse
2446 4564 2807 4617 crederetur:
2840 4575 2967 4613 nam
2995 4567 3217 4628 prepter
3241 4558 3344 4612 hoc
3370 4557 3537 4609 nmlta

1926 4658 2080 4711 ﬁunt.
2111 4656 2297 4723 Quare
2323 4670 2454 4724 ergo
2487 4654 2615 4708 illud
2657 4668 2764 4707 nou
2794 4650 3064 4720 implevit,
3100 4665 3225 4704 cum
3252 4646 3539 4703 dixeritse

1926 4750 2043 4806 fore
2067 4751 2120 4803 in
2150 4747 2316 4803 corde
2344 4758 2503 4802 terra:
2524 4745 2698 4799 tribus
2738 4742 2932 4797 diebus
2955 4750 3010 4795 et
3039 4740 3212 4795 tribus
3244 4738 3539 4793 noctibus?

1927 4860 2020 4909 an,
2051 4858 2119 4898 ne
2154 4855 2355 4910 corpus
2405 4849 2858 4908 corrumperetur
2893 4854 2908 4892 :
2942 4836 3188 4904 nunquid
3228 4834 3359 4887 illud
3399 4848 3537 4886 cou-

1925 4950 2153 4991 servare
2204 4948 2310 4987 non
2369 4931 2630 5002 poterat?
2657 4937 2873 5001 poterat
2910 4929 3132 4999 utique;
3184 4926 3282 4982 sed
3320 4925 3539 4981 volebat

1925 5027 2101 5093 credi,
2161 5037 2417 5081 naturam
2480 5038 2637 5078 suam
2699 5022 2835 5077 nihil
2912 5020 3187 5091 peregrini
3254 5016 3535 5073 habuisse.

1926 5124 2159 5192 Quidam
2188 5130 2384 5192 putant
2438 5118 2491 5173 id
2526 5118 2596 5174 ob
2650 5115 2952 5186 discipulos
2984 5114 3215 5179 factum,
3264 5122 3537 5168 ttteoruut

1932 5215 2279 5286 prospiceret
2339 5210 2764 5266 imbecillitati:
2835 5208 3046 5265 idcirco
3123 5207 3271 5262 enim
3327 5214 3385 5261 et
3433 5199 3541 5259 iilis

1932 5322 2201 5382 apparere
2251 5306 2368 5376 ipse
2438 5320 2545 5359 non
2594 5304 2881 5369 sustinuit,
2941 5302 3039 5357 sed
3097 5300 3257 5355 bonis
3329 5298 3541 5353 nuntiis

1929 5402 2231 5463 exhilarat,
2283 5410 2589 5467 eorumque
2621 5403 2865 5451 mentem
2909 5395 3167 5449 relaxat:
3218 5392 3387 5458 Vade,
3440 5392 3540 5453 ait,

1928 5495 2019 5548 dic
2051 5493 2308 5563 fratribus
2336 5489 2529 5553 meis',
2565 5498 2621 5542 et
2653 5497 2805 5543 certe
2843 5495 3067 5557 poterat
3122 5484 3317 5539 statim
3370 5497 3541 5550 appa-

1931 5583 2351 5651 reusmajurem
2394 5595 2498 5636 suo
2546 5580 2696 5635 dicto
2751 5578 2915 5635 fidem
2963 5589 3199 5649 sperare
3252 5593 3265 5629 :
3332 5574 3428 5629 sed
3484 5584 3543 5624 ιιι

1928 5690 2119 5730 eorum
2148 5674 2367 5729 auditus
2400 5671 2847 5743 prmpararetur'
2873 5689 2889 5737 ;
2911 5684 3090 5739 neque
3115 5668 3264 5722 enim
3291 5665 3543 5721 sciebant

335 5819 354 5850 ⁵
396 5820 750 5905 Πειιιωιχιιι,
782 5825 873 5881 ⁸57.
921 5826 939 5858 ³
982 5825 1217 5884 lat-har.
1258 5844 1296 5896 ι,
1332 5830 1414 5883 l2.
1494 5832 1513 5861 "
1554 5831 1692 5887 Gen.
1728 5848 1801 5898 γι,
1838 5832 1892 5886 3.
1973 5834 1992 5863 ⁸
2029 5830 2223 5886 Matth.
2258 5848 2356 5898 an,
2384 5831 2471 5885 40.
2552 5832 2572 5863 ⁷
2612 5830 2772 5887 Ιυυιι.
2807 5846 2902 5897 ιχ,
2948 5829 3032 5882 l7.
3112 5826 3133 5853 '
3180 5823 3307 5879 ibid.
3340 5825 3393 5878 9.
