4226 6444
743 403 852 461 955

1509 377 2070 446 SUPPLEMENTUH
2109 375 2202 431 AD
2240 374 2300 429 ὃ.
2339 369 2392 426 ,1.
2424 363 2911 427 αηιιῖδοετοιιι
2950 359 3207 418 ()PERA.

742 518 894 573 illum
918 530 946 571 a
970 512 1199 570 mortuis
1225 514 1680 564 resurrecturum.
1713 501 1812 556 Vel
1839 501 1942 555 hoc
1971 496 2078 553 dici
2106 502 2304 565 p0test,
2335 490 2383 548 Α
2409 485 2574 556 ῥητὸν
2601 480 3006 573 πιστώσασθαιί
3028 477 3150 573 tm:
3174 475 3207 529 ἄ

2409 485 2574 556 ῥητὸν
2601 480 3001 538 πιστώσασθαι·
3030 477 3150 532 ἀλλ’
3174 475 3317 529 ὥστε
3345 463 3980 573 προπαρασκευιξσθῆνμι

740 605 933 664 Jonam
966 616 1179 676 quoque
1205 602 1270 658 .in
1299 607 1488 654 ventre
1520 595 1625 650 ceti
1666 592 1980 668 exstitisse;
2025 601 2148 642 nam
2182 599 2306 642 cor-

742 699 923 766 ruptio
957 675 1073 763 ipso
1117 690 1294 761 primo
1321 689 1409 742 die
1448 699 1646 754 corpus
1673 682 1846 738 inlicit
1901 696 1916 734 :
1951 687 2010 732 ut
2037 675 2308 766 suﬁiciens

743 765 940 844 sithoc
978 781 1368 846 testimonium,
1393 779 1544 833 illum
1585 777 1695 830 vita
1727 773 1972 827 iunctum
2015 768 2206 824 fuisse.
2241 765 2311 822 Et

742 880 957 946 quidem
987 875 1204 945 quando
1248 871 1487 926 minatur
1517 868 1657 924 mala
1690 874 1903 933 tempus
1939 858 2216 926 contrahi,
2249 865 2308 913 et

743 980 860 1024 arte
892 969 1090 1033 utitur;
1122 963 1341 1036 quando
1363 977 1496 1016 vero
1522 962 1663 1016 bona
1687 955 1981 1028 promittit,
2009 951 2141 1008 illud
2173 965 2307 1022 pro-

743 1059 944 1124 trahit;
1003 1059 1143 1111 bona
1192 1055 1335 1109 enim
1381 1066 1502 1122 qua
1555 1052 1669 1115 dat,
1710 1055 1995 1102 numerata
2034 1058 2143 1098 non
2194 1042 2309 1106 dat.

746 1151 876 1213 imo,
904 1162 1004 1201 nec
1030 1143 1340 1199 manifesta.
1371 1141 1650 1210 Nusquam
1680 1138 1840 1194 bonis
1860 1138 2021 1192 linem
2058 1135 2313 1205 prescri-

747 1239 842 1296 hit.
863 1238 956 1291 sed
979 1237 1054 1288 ad
1069 1237 1404 1303 propositum
1427 1232 1820 1299 cujuscunque,
1843 1237 1900 1281 at
1917 1225 2074 1282 malis
2090 1225 2310 1295 ubique:

743 1326 876 1381 Dedi
905 1328 1044 1379 vobis
1070 1335 1287 1389 terram,
1318 1324 1424 1386 ait,
1455 1340 1486 1376 α
1519 1321 1713 1375 sarculo
1747 1335 1909 1386 usque
1952 1319 2007 1372 in
2036 1317 2310 1372 saeculum.

748 1415 914 1471 Vides
943 1417 1121 1471 nullos
1138 1431 1259 1470 esse
1285 1418 1545 1468 terminos
1569 1412 1593 1464 ?
1617 1426 1740 1465 cum
1770 1408 2002 1464 remittit
2038 1409 2092 1463 in
2139 1407 2315 1478 capti-

745 1510 968 1562 vitatetn
1043 1507 1295 1578 praeﬁgit,
1355 1511 1412 1559 et
1455 1502 1727 1574 perspice,
1788 1501 2018 1569 primam
2091 1498 2314 1567 quidem

747 1598 818 1651 ad
868 1611 1020 1659 cccc,
1090 1594 1382 1649 secundam
1441 1593 1506 1646 ad
1552 1604 1687 1652 xxx.
1747 1589 1974 1644 tertiam
2007 1601 2181 1655 usque
2248 1585 2314 1640 ad

748 1703 918 1743 sunt
943 1701 1134 1750 annos,
1188 1684 1330 1739 hanc
1357 1699 1488 1738 vero
1510 1691 1632 1751 post
1662 1680 1943 1736 Christum
1975 1693 2098 1734 esse
2123 1691 2320 1747 perpe-

749 1789 922 1834 tuam.
952 1776 1158 1833 Horum
1181 1790 1448 1832 annorum
1469 1772 1716 1830 meminit
1746 1769 1955 1827 Daniel.

827 2055 987 2109 Vsus.
1039 2049 1128 2106 ιε.
1158 2048 1393 2117 Cumque
1451 2047 1652 2119 impleti
1705 2046 1931 2117 fuerint”.

822 2160 1164 2216 Punitionem
1201 2159 1517 2230 Babyloniis
1570 2158 1834 2227 pmdicit,
1891 2164 1950 2210 ut
2000 2171 2103 2212 nec
2161 2155 2324 2212 modo

752 2266 848 2307 ωε
875 2252 990 2306 [nec
1011 2251 1231 2321 proprio
1265 2253 1460 2307 robore
1493 2261 1744 2320 patrasse
1769 2251 2041 2306 addiscas.

827 2344 847 2366 '
880 2341 1043 2397 Vens.
1079 2343 1168 2397 12.
1218 2340 1451 2412 Cumque
1496 2342 1701 2405 impleti
1752 2342 1950 2411 fuerint
1983 2342 2328 2413 septuaginta

755 2433 908 2494 anni,
932 2443 979 2486 et
1002 2433 1230 2487 ulciscar
1247 2440 1403 2501 super
1432 2448 1602 2503 regem
1628 2431 1939 2504 Babylonis,
1971 2441 2027 2489 et
2064 2448 2188 2502 qua:
2242 2448 2332 2489 se-

755 2535 1023 2596 quuntur.
1898 2552 1926 2603 κ

833 2633 1188 2703 Septuaginta
1246 2632 1581 2703 captivitatis
1668 2633 1794 2687 anni
1853 2643 2216 2688 numerantur
2298 2649 2328 2688 a

761 2726 920 2779 tertio
991 2740 1136 2779 anno
1190 2727 1341 2794 regni
1387 2724 1658 2790 Joachim,
1720 2725 1810 2792 qui
1895 2725 2142 2793 regnavit
2211 2733 2334 2794 post

757 2811 995 2869 Jonchaz
1033 2814 1389 2869 constitutum
1424 2813 1479 2869 in
1505 2827 1688 2881 regem
1720 2812 1788 2866 ab
1818 2810 2099 2883 Egyptio.

836 3011 852 3030 ’
883 3008 1046 3067 Vens.
1080 3010 1167 3066 15.
1189 3009 1349 3065 Sume
1378 3011 1594 3065 calicem
1621 3011 1727 3064 uini
1750 3014 1880 3064 meri
1901 3012 2064 3079 hujus
2087 3013 2153 3065 de
2173 3029 2332 3065 manu

2409 555 2589 630 αὗτῶν
2616 574 2716 646 τὴν
2753 572 2944 642 ἀκοήν.
2976 569 3050 622 Οὐ
3082 567 3192 637 γὰρ
3214 563 3414 636 ᾔδεσαν
3436 600 3454 623 ,
3479 560 3562 613 ὅτι
3603 559 3684 610 δεῖ
3727 556 3890 611 αὐτὸν
3920 555 3979 646 tu

2409 670 2621 741 νεκρῶν
2667 645 2986 734 ἀναστῆναι.
3026 661 3096 712 Ἢ
3141 656 3300 711 τοῦτο
3345 654 3492 706 ἔστιν
3533 651 3729 712 εἰπεῖν,
3776 647 3862 700 ὅτι
3891 645 3982 698 καὶ

2422 737 2608 824 Ἰωνᾶς
2631 757 2890 828 εποίησεν
2914 755 2972 807 ὲν
2987 754 3052 825 τῇ
3075 747 3256 818 κοιλίᾳ
3280 744 3376 799 τοῦ
3401 743 3615 805 κύτους·
3640 741 3674 811 ἡ
3691 737 3984 808 γὰρφθορὰ

2411 853 2556 909 κατὰ
2588 853 2716 924 μίαν
2742 849 2954 922 ἡμέραν
2981 847 3214 918 ἄρχεται
3241 839 3337 894 τοῦ
3386 837 3666 910 σώματος·
3697 835 3837 887 ὥστε
3884 832 3986 924 ἀρξ

2412 922 2601 999 κοῦσα-
2610 941 2887 1015 μαρτυρία
2897 939 2990 993 τοῦ
3011 930 3506 1010 [τεῙτελευτηκέναι
3524 928 3686 1015 αὑτὸν
3707 922 3987 994 αὖτη.1(αὶ

2412 1037 2543 1091 ὃταν
2588 1001 2702 1107 μὲν.
2735 1001 2882 1089 κακὰ
2917 1001 3140 1101 ἀπειλῇ,
3191 1001 3472 1080 συστέλλει
3515 1001 3605 1075 ⁵δὸν
3646 1019 3839 1090 χρόνον
3892 1014 3989 1107 καὶ

2415 1105 2726 1196 σοφίζεται⁸
2775 1126 2902 1178 ὅταν
2942 1122 2998 1175 δὲ
3049 1118 3251 1188 ἀγαθὰ,
3289 1113 3520 1170 ἐκτείνει
3562 1109 3744 1166 αὐτόν’
3774 1109 3835 1161 οὐ
3877 1105 3989 1176 γὰρ

2413 1214 2695 1286 ὡρισμένα
2735 1213 2936 1266 ἔδωκεν
2973 1208 3173 1277 ἀγαθὰ,
3207 1205 3408 1276 μᾶλλον
3436 1204 3496 1257 δὲ
3523 1200 3643 1254 οὐδὲ
3679 1198 3837 1269 δῆλα.
3885 1197 3994 1250 Οὐ-

2413 1308 2586 1380 δαμοῦ
2610 1309 2722 1368 τοῖς
2747 1305 2970 1374 ἀγαθοῖς
2999 1304 3126 1373 ὅρον
3154 1299 3391 1367 τίθησιν,
3423 1293 3539 1348 ἀλλ’
3563 1292 3597 1363 ἢ
3627 1292 3725 1364 τὴν
3751 1289 3991 1380 ἑκάστου

2415 1377 2758 1474 προαίρεσιν,
2790 1400 2903 1460 τοῖς
2928 1396 2986 1449 δὲ
3011 1395 3203 1454 κακοῖς
3227 1385 3506 1458 πανταχοῦ
3527 1401 3544 1415 ο
3581 1383 3819 1438 Ἐδωκα
3846 1377 4004 1448 ὑμῖν

2415 1495 2531 1563 τὴν
2554 1491 2670 1564 γῆν
2691 1490 2809 1545 ἀπὸ
2829 1486 3044 1554 αἰῶνος
3068 1485 3180 1550 ἕως
3207 1481 3443 1547 αιῶνος,
3471 1477 3660 1549 φησίν.
3702 1474 3868 1547 Ὀρᾷς
3907 1474 3998 1525 οὑ-

2416 1583 2546 1637 δὲνα
2568 1583 2693 1654 ὅρον
2713 1597 2727 1610 ·
2760 1581 2889 1635 ὅταν
2920 1577 2978 1630 δὲ
3004 1576 3197 1646 πέμπῃ
3235 1574 3316 1636 είς
3355 1567 3756 1640 αἰχμαλωσίαν,
3799 1564 3996 1654 ὥρισε,

2417 1677 2513 1729 καὶ
2548 1652 2668 1745 ὅρα·
2711 1674 2747 1743 ἡ
2794 1670 2894 1742 μὲν
2943 1667 3157 1739 πρώτη,
3197 1671 3264 1730 ν’,
3298 1665 3333 1734 ὴ
3366 1662 3423 1716 δὲ
3451 1657 3700 1729 δευτέρα,
3745 1655 3812 1720 λ’,
3859 1655 3894 1722 ἡ
3938 1652 4000 1704 δὲ

2418 1769 2610 1838 τρίτη,
2651 1767 2782 1838 τρία
2810 1764 2907 1818 καὶ
2945 1759 2987 1816 ο⁸
3029 1761 3146 1814 ἐστι
3183 1754 3352 1830 [Em].
3389 1751 3539 1822 Αὕτη
3574 1750 3633 1804 δὲ
3676 1746 3934 1838 διηνεκὴς
3963 1746 4002 1813 ἡ

2422 1837 2517 1913 ἐπὶ
2551 1858 2642 1912 τοῦ
2681 1837 2944 1929 Χριστοῦο
2971 1849 3179 1907 τούτων
3206 1848 3482 1920 μέμνηται
3513 1842 3624 1897 τῶν
3654 1839 3794 1894 ἑτῶν
3824 1837 3856 1891 ὁ
3887 1839 3999 1890 Δα-

2423 1950 2564 2022 νιήλ.

2495 2042 2606 2097 Καὶ
2641 2042 2713 2097 ἐν
2741 2039 2824 2106 τῷ
2856 2035 3264 2107 πληρωθῆναι.

2495 2155 2761 2227 Προλέγει
2801 2150 3074 2223 τιμωρίαν
3114 2148 3228 2209 τοῖς
3264 2140 3662 2202 Βαϐυλωνίοις,
3698 2136 3785 2190 ἵνα
3821 2133 4001 2206 μάθῃς

2427 2251 2507 2304 δτι
2541 2247 2661 2302 οὐδὲ
2692 2244 2787 2300 νῦν
2817 2243 2996 2312 οίκείςι⁴
3027 2238 3174 2308 ίσχύῖ
3202 2235 3376 2289 ταῦτα
3404 2231 3689 2300 ἐποίησαν.

2499 2342 2516 2361 ’
2539 2337 2652 2392 Kal
2678 2336 2748 2390 ἐν
2778 2334 2858 2399 τῷ
2899 2328 3284 2398 πληρωθῆναι
3315 2321 3723 2392 ἐϐδομήκοντα
3751 2319 3879 2384 ἐτη,
3901 2315 4001 2369 και

2430 2428 2732 2494 ἐκδικήσω
2778 2424 2878 2478 ἐπὶ
2924 2421 3032 2476 τὸν
3057 2415 3329 2485 βασιλέα
3363 2410 3753 2477 Βαϐυλῶνος,
3799 2408 3895 2462 καὶ
3935 2405 4006 2459 τὰ

2432 2520 2579 2589 ἑξῆς.

2503 2627 2586 2681 Τὰ
2609 2623 2984 2696 ἑϐδομήκοντα
3013 2619 3114 2690 ἔτη
3138 2618 3239 2688 τῆς
3276 2613 3653 2686 αἰχμαλωσίας
3687 2607 4009 2680 ἁριθμεϊται

2435 2721 2543 2775 ἀπὸ
2588 2718 2684 2772 τοῦ
2713 2717 2898 2787 τρίτου
2947 2713 3100 2776 ἔτους
3145 2712 3246 2779 τῆς
3292 2708 3567 2780 βασιλείας
3615 2703 3906 2771 Ἰωακεὶμ,
3947 2699 4009 2762 ὃς

2441 2810 2580 2884 μετὰ
2625 2808 2714 2862 τὸν
2773 2803 3001 2876 Ἰωὰχαζ
3046 2803 3140 2857 τὸν
3196 2801 3299 2854 ὑπὸ
3341 2799 3437 2853 τοῦ
3485 2795 3781 2866 Αἰγυπτίου
3834 2809 4010 2847 κατα-

2439 2900 2701 2957 σταθέντα
2730 2894 3072 2951 ἐϐασίλευσε.

2508 3012 2526 3032 ⁶
2563 3007 2719 3063 Λάϐε
2757 3006 2823 3060 τὸ
2858 3002 3147 3072 ποτήριον
3180 3000 3287 3056 τοῦ
3311 2999 3607 3067 ἀκράτου,
3649 2996 3755 3051 τοῦ
3790 2995 3858 3050 ἐκ
3886 3012 4013 3065 χει-

762 3115 900 3161 mea,
925 3107 973 3201 et
1005 3112 1189 3168 potare
1210 3100 1375 3168 facies
1402 3100 1468 3152 de
1505 3099 1601 3152 illo
1643 3115 1820 3154 omnes
1842 3110 2043 3169 gentes,
2073 3100 2143 3154 ad
2193 3116 2329 3170 quas
2362 3146 2406 3206 ε
2431 3101 2540 3170 ρός
2569 3116 2690 3169 μου
2709 3138 2725 3165 ,
2754 3096 2852 3152 καί
2882 3094 3105 3160 ποτιεῒς
3130 3095 3206 3147 αὑ

2397 3148 2403 3167 ,
2431 3101 2540 3170 ρός
2569 3116 2690 3169 μου
2709 3138 2725 3165 ,
2754 3096 2852 3152 καί
2882 3094 3105 3160 ποτιεῒς
3130 3091 3275 3147 αὑτό
3317 3090 3513 3144 πάντα
3540 3091 3612 3143 τὰ
3636 3089 3779 3155 ἔθνη
3803 3127 3819 3153 ,
3861 3086 4015 3154 πρὸς

2397 3180 2406 3202 ι
2455 3190 2476 3206 .
2517 3191 2529 3206 .
2593 3189 2606 3206 .
2750 3181 3126 3206 ..μμῌμη
3166 3183 3309 3206 --μ
3353 3179 3499 3206 ...ι-,λ

761 3206 856 3260 ego
875 3191 1102 3246 mitto‘te
1128 3190 1198 3243 ad
1217 3206 1324 3245 eos.

845 3297 967 3353 Vini
1010 3301 1164 3364 meri,
1203 3298 1484 3366 llebraus,
1536 3301 1935 3364 amaritudinis,
1987 3299 2169 3367 habet,
2201 3315 2338 3355 con-

763 3387 1036 3458 opicitque
1069 3389 1211 3443 hanc
1241 3390 1532 3454 visionem,
1562 3390 1614 3444 in
1646 3390 1829 3458 populi
1857 3389 2132 3444 solatium.
2189 3389 2329 3444 Cum

763 3478 910 3532 enim
936 3479 1082 3533 curis
1112 3479 1536 3546 conficerentur,
1570 3481 1837 3548 potiorem
1871 3481 2143 3535 intuentes
2164 3479 2342 3550 Baby-

765 3566 1029 3632 lonicum,
1052 3570 1204 3638 quasi
1237 3569 1379 3623 nulla
1407 3583 1473 3624 ex
1511 3569 1601 3624 Dei
1631 3569 1892 3639 obsequio
1915 3580 2204 3637 pararetur
2236 3571 2341 3624 illis

769 3658 1003 3725 utilitas;
1063 3663 1360 3716 ostendens
1417 3663 1704 3731 propheta,
1747 3662 1857 3716 imo
1884 3676 1981 3730 per
2020 3661 2339 3732 prophetam

770 3754 934 3819 Deus,
973 3769 1066 3809 eos
1115 3756 1230 3810 haec
1266 3764 1484 3824 propter
1527 3765 1749 3824 peccata
1811 3756 2104 3821 sustinere,
2151 3765 2341 3810 contra

768 3852 959 3912 gentes
983 3845 1309 3898 vaticinatur
1333 3852 1388 3898 et
1415 3860 1571 3914 reges
1606 3860 1799 3900 omnes
1851 3846 2195 3916 septuaginta
2245 3859 2336 3899 se-

769 3945 939 4004 ptem,
970 3947 1234 4005 vocatque
1260 3936 1574 4001 ldumaeam,
1617 3950 1766 4006 qua.
1794 3951 1938 3992 nunc
1968 3935 2220 3991 Batanata
2259 3937 2342 3991 di-

772 4027 936 4089 citur,
961 4041 1122 4094 quam
1159 4026 1312 4095 prius
1335 4028 1683 4097 possidebant
1735 4028 1824 4097 qui
1870 4035 2028 4082 erant
2070 4042 2137 4082 ex
2197 4026 2342 4082 tribu

778 4115 986 4182 Ruben,
1015 4127 1070 4172 et
1101 4118 1273 4172 media
1307 4132 1433 4188 pars
1453 4120 1627 4175 tribus
1659 4119 1959 4186 Manasses,
1991 4119 2348 4189 progrediens

775 4221 908 4261 vero
937 4206 1112 4276 inquit
1141 4224 1156 4261 :

853 4388 1014 4444 Vens.
1041 4392 1130 4446 '50.
1169 4389 1234 4444 Et
1264 4392 1340 4454 Iti,
1365 4392 1520 4460 quasi
1544 4391 1809 4447 calcantes
1862 4395 2250 4462 respondebunt
2278 4397 2349 4450 ad

776 4496 955 4535 omnes
993 4482 1228 4537 sedentes
1262 4498 1421 4552 super
1446 4493 1665 4537 terram.

849 4667 996 4733 Οἵδε,
1052 4669 1103 4724 id
1159 4679 1264 4733 est,
1315 4669 1626 4736 tllieutem,
1680 4683 1786 4724 non
1849 4668 1991 4724 bene
2053 4670 2107 4723 in
2157 4669 2349 4728 Graeco

779 4761 1022 4832 legitur:
1055 4763 1255 4818 etenim
1282 4763 1588 4831 ponendum
1627 4770 1748 4816 erat
1801 4762 1927 4816 Δάδ.
1988 4763 2102 4817 Dad
2167 4774 2348 4818 autem

777 4863 861 4909 est
885 4853 1208 4908 calcantium
1240 4852 1582 4917 adverbium,
1608 4853 1732 4906 dum
1766 4855 2099 4924 respondent
2134 4854 2200 4906 ad
2237 4854 2351 4908 col-

782 4947 1030 5016 ligentes.
1060 4943 1524 5010 Quemadmodum
1552 4943 1736 5011 igitur,
1763 4945 1862 5008 ait,
1894 4928 2211 4999 atlverbium
2249 4944 2352 5000 hoc

779 5037 1021 5090 dicentes
1053 5036 1218 5090 alacri
1257 5036 1438 5090 animo
1495 5050 1656 5088 uvam
1709 5033 1942 5089 calcant.
1985 5035 2080 5090 Sic
2140 5045 2196 5089 et
2254 5050 2352 5090 vos

781 5125 1014 5180 calcabit
1044 5124 1398 5206 Babylonius,
1435 5133 1620 5195 utpote
1646 5125 1738 5196 qui
1770 5125 1947 5181 calcat
1985 5133 2174 5198 gentes
2221 5127 2350 5180 uni-

783 5230 992 5271 νει-ηε.

1371 5349 1524 5405 CAP.
1572 5349 1762 5406 XXVI.

851 5481 1018 5537 Vatis.
1045 5481 1100 5536 2.
1135 5479 1226 5537 Sic
1255 5481 1388 5536 dixit
1423 5481 1676 5537 Dominus
1710 5498 1730 5537 :
1762 5481 1856 5537 Sta
1889 5484 1943 5536 iu
1976 5483 2116 5538 atrio
2158 5483 2347 5539 domus

788 5573 1018 5630 Damini.

857 5678 929 5737 lit
963 5682 1327 5753 intelligerent
1353 5681 1484 5734 nihil
1516 5682 1744 5736 veritum
1791 5697 1911 5739 esse
1944 5686 2264 5754 prophetam
2300 5691 2356 5738 ct

791 5785 973 5827 coram
1003 5773 1336 5842 loquentem,
1371 5773 1493 5828 utsi
1532 5772 1655 5842 quis
1692 5778 2016 5831 sententiam
2067 5779 2119 5832 in
2177 5776 2350 5831 virum

2439 3190 2479 3246 ἁ
2505 3189 2619 3260 ἐγώ
2646 3203 2721 3242 σε
2739 3181 3131 3252 ἐξαποστελῶ
3160 3183 3312 3250 πρὸς
3347 3179 3523 3234 αὑτά.

2513 3299 2624 3354 Τοῦ
2650 3295 2934 3367 ἀκράτου,
2961 3295 2991 3348 δ
3025 3293 3276 3363 Ἐϐραῖος
3287 3289 3398 3358 τῆς
3426 3291 3684 3358 πικρίας,
3715 3289 3829 3358 ἔχει
3850 3303 3864 3318 ο
3893 3287 4018 3357 βλέ-

2441 3409 2531 3445 πει
2578 3376 2636 3444 δὲ
2687 3389 2786 3459 τὴν
2820 3385 3088 3440 ὀπτασίαν
3140 3384 3275 3456 πρὸς
3309 3379 3667 3452 παραμυθίαν
3713 3378 3807 3433 τοῦ
3858 3377 4013 3431 λαοῦ.

2453 3480 2673 3550 Ἐπειδὴ
2738 3480 2848 3550 γὰρ
2900 3476 2979 3538 είς
3041 3473 3337 3543 λογισμοὺς
3385 3470 3676 3524 ἐνέπιπτον
3727 3469 4018 3538 κρείττονα

2439 3572 2674 3642 ὁρῶντες
2718 3569 2809 3623 τδν
2868 3567 3211 3624 Βαϐυλώνιον
3235 3605 3249 3629 ,
3293 3564 3369 3629 ὡς
3417 3563 3570 3616 οὐδὲν
3601 3562 3792 3630 ὄφελος
3830 3562 4018 3624 αὐτοῖς

2438 3664 2581 3733 τάχα
2613 3661 2714 3730 τῆς
2744 3661 2825 3722 είς
2873 3659 3005 3713 Θεὸν
3035 3657 3333 3728 θεραπείας
3353 3693 3369 3719 ,
3401 3654 3619 3718 δεικνὺς
3665 3654 3696 3705 ό,
3727 3652 4020 3722 προφήτης

2445 3755 2646 3826 μᾶλλον
2666 3754 2724 3808 δὲ
2752 3756 2780 3807 ὁ
2799 3753 2932 3817 Θεὸς
2959 3751 3048 3805 διὰ
3073 3748 3169 3803 τοῦ
3196 3748 3504 3819 προφήτου,
3534 3746 3617 3799 δτι
3646 3745 3713 3798 δι’
3742 3743 4020 3814 ἁμαρτίαν

2442 3846 2616 3900 ταῦτα
2670 3843 3042 3915 ὑπομένουσι,
3097 3839 3198 3912 τὴν
3242 3838 3384 3894 κατὰ
3416 3838 3526 3893 τῶν
3562 3835 3730 3890 ἐθνῶν
3783 3837 4021 3889 ποιεῖται

2446 3933 2816 4005 προφητείαν,
2846 3932 2942 3986 καὶ
2968 3930 3178 3993 πάντας
3212 3929 3338 3990 τοὺς
3370 3924 3607 3996 βασιλεῖς
3635 3924 3763 3986 τοὺς
3790 3923 4023 3993 ὲόδομή-

2447 4044 2611 4083 κοντα
2642 4024 2800 4078 ἑπτά.
2833 4023 2996 4090 Λέγει
3024 4021 3083 4074 δὲ
3112 4019 3211 4090 τὴν
3249 4016 3557 4087 Ἰδουμαίαν
3587 4015 3684 4086 τὴν
3715 4012 3810 4068 νῦν
3845 4015 4023 4067 Βατα-

2444 4118 2604 4172 ναίαν
2645 4113 3023 4184 καλουμένην,
3066 4111 3134 4182 ἢν
3170 4105 3315 4180 εἶχον
3359 4109 3624 4178 πρότερον
3671 4109 3720 4160 οί
3751 4106 3881 4174 περὶ
3930 4105 4023 4158 τὸν

2456 4207 2734 4278 Ῥουὸὴμ,
2769 4205 2862 4258 καὶ
2890 4203 2950 4257 τὸ
2978 4202 3151 4273 ἣμισυ
3197 4199 3369 4269 φυλῆς
3399 4197 3687 4268 Μανασσῆ·
3720 4193 3926 4267 προῖὼν
3965 4195 4024 4248 δὲ

2449 4296 2615 4368 λέγει’

2523 4394 2542 4415 ⁶
2571 4388 2682 4445 Καὶ
2722 4386 2850 4441 οἵδε
2887 4384 3090 4451 ὥσπερ
3141 4384 3196 4438 οι
3246 4379 3724 4448 ληνοϐατοῦντες
3778 4378 4024 4444 ἀποκριο

2380 4493 2425 4548 ι)
2449 4483 2739 4550 θήσονται
2765 4478 2916 4546 πρὸς
2946 4473 3176 4540 πάντας
3199 4475 3343 4538 τοὺς
3379 4471 3757 4540 καθτυιένους
3788 4469 3886 4522 ἐπὶ
3913 4467 4024 4536 τῆς

2491 4591 2583 4640 ης.

2450 4592 2618 4726 Τηξδ,
2647 4658 2792 4724 οἶδε,
2830 4657 2892 4709 οὐ
2922 4655 3102 4717 καλῶς
3123 4655 3303 4707 κεῖται
3330 4649 3481 4722 παρὰ
3503 4649 3581 4719 τῷ
3623 4647 3921 4719 Ἑλληνικῷ
3942 4663 3957 4678 ·
3988 4649 4020 4718 ἡ

2452 4752 2570 4808 Δὰδ
2598 4752 2706 4822 γὰρ
2738 4751 2905 4820 ἐχρῆν
2933 4744 3168 4799 κεῖσθαι.
3201 4743 3307 4796 Δὰδ
3353 4743 3410 4796 δέ
3441 4743 3586 4795 ἔστιν
3609 4743 3894 4810 ἐπίρρημα
3917 4739 4022 4791 τῶν

2451 4842 2891 4914 ληνοὸατούντων
2946 4834 3391 4906 ἀποκρινομένων
3443 4832 3580 4904 πρὸς
3615 4832 3741 4894 τοὺς
3792 4829 4023 4884 καταλέ-

2453 4951 2668 5005 γοντας.
2689 4933 2901 5000 ’Ὠσπερ
2926 4927 3127 4993 τοίνυν,
3169 4924 3403 4998 φησὶ,τδ
3425 4925 3712 4996 ἐπίρρημα
3744 4923 3903 4975 τοῦτο
3934 4921 4018 4974 λέ-

2454 5040 2642 5093 γοντες
2691 5020 2991 5091 προθύμως
3038 5015 3275 5070 πατοῦσι
3322 5013 3423 5085 τὴν
3474 5010 3791 5080 σταφυλὴν,
3850 5009 4021 5073 οὕτως

2455 5113 2599 5182 ὑμᾶς
2640 5109 3054 5179 καταπατήσει,
3121 5105 3195 5170 ὡς
3251 5104 3556 5176 ληνοδάτης
3609 5103 3637 5155 ὁ
3687 5100 4021 5164 Βαϐυλώνιος

2455 5205 2670 5259 ἅπαντα
2700 5201 2770 5256 τὰ
2794 5200 2943 5272 ἔθνη.

3021 5329 3274 5384 ΚΕΦΑΛ.
3316 5329 3462 5395 κεῖν.

2529 5473 2727 5538 Οὕτως
2783 5465 2915 5524 εἷπε
2970 5467 3216 5535 Κύριος·
3276 5461 3459 5530 Στῆθι
3517 5460 3588 5513 ἐν
3641 5457 3804 5526 αὐλῇ
3859 5457 4022 5511 οἴκου

2457 5565 2699 5635 Κυρίου.

2530 5674 2650 5727 Ἵνα
2710 5669 2986 5741 μάθωσιν,
3038 5667 3118 5718 ὅτι
3165 5663 3290 5716 οὔτε
3335 5663 3368 5731 ὴ
3407 5659 3527 5729 ὄψις
3565 5658 3883 5728 ἐδυσώπησε
3937 5657 4021 5708 τδν

2460 5765 2745 5838 προφήτην
2764 5777 2776 5791 ’
2804 5760 2995 5828 ὥσπερ
3021 5757 3086 5811 ἂν
3119 5757 3251 5819 ein;
3290 5751 3480 5824 ἀνδρὸς
3515 5751 3747 5823 μεγάλου
3774 5751 3864 5804 καὶ
3895 5747 4019 5802 θαυ-
