4226 6454
269 428 386 489 957
1374 429 1804 489 FRAGMENTA
1842 430 1912 488 IN
1947 430 2321 490 JEREMIAM.
3461 429 3568 488 958

278 535 491 608 μαστοῦ
538 537 751 611 μέλλων
790 539 1313 613 καταψηφίζεσθαι,
1357 543 1526 600 αὐτὸν
1580 547 1661 610 είς
1701 545 1861 615 μέσον

1971 545 2208 616 aliquem
2258 563 2514 620 magnum
2550 555 2606 604 et
2657 550 2939 622 egregium
2996 550 3232 616 laturus,
3292 552 3564 621 producat

273 633 476 702 ἀγάγοι
509 635 603 689 τὸν
646 635 835 707 ἄνδρα.
885 637 952 690 Τί
991 637 1211 707 λέγεις;
1242 638 1304 692 ού
1337 636 1632 711 προλαϐὼν
1671 634 1861 705 εἶπες,

1974 638 2126 693 illum
2159 639 2213 694 in
2240 641 2506 696 medium.
2556 640 2700 708 Quid
2732 643 2855 699 ais?
2881 640 3074 698 Nonne
3107 652 3266 698 antea
3318 643 3562 708 dicebas,

267 729 358 783 ὅτι
389 728 602 799 Ὥσπερ
627 728 697 782 τὰ
713 727 856 783 σῦκα
885 729 956 783 τὰ
983 731 1220 803 πονηρὰ,
1248 730 1426 798 οὕτως
1452 731 1656 797 αὐτοὺς
1671 731 1861 797 δώσως

1972 737 2028 785 te
2060 732 2206 786 sicut
2235 731 2408 787 malas
2454 732 2630 799 iicus,
2667 734 2741 788 ita
2795 749 2892 790 eos
2944 733 3239 791 daturum?
3287 735 3563 805 quomodo

272 818 394 881 πῶς
426 815 520 872 οὖν
549 819 708 884 δίδως
737 820 930 877 ἐλπίδα
965 822 1312 894 μεταϐολῆςς

1966 822 2133 894 igitur
2167 838 2321 894 spem
2353 827 2676 882 mutationis
2701 827 2950 898 praebes?

342 907 442 974 Μὴ
477 909 738 980 ἀφέλῃς.

2041 912 2176 968 Noli
2202 915 2540 972 subtrahere.

343 998 504 1064 Τίνος
519 1001 708 1055 ἕνεκεν
744 1004 1194 1076 παραγγέλλεις;
1228 1007 1327 1079 οὐχ
1348 1007 1425 1072 ὡς
1453 1004 1616 1061 τοῦτο
1647 1006 1861 1061 ποιοῦν-

2035 1004 2148 1060 Cur
2174 1006 2249 1062 ita
2282 1010 2552 1065 mandas?
2580 1010 2737 1080 quasi
2766 1009 2820 1064 id
2854 1009 3124 1081 propheta
3166 1023 3274 1064 non
3304 1007 3562 1064 iaceret!

269 1104 366 1152 τος
397 1088 495 1143 τοῦ
529 1095 851 1165 προφήτου;
884 1096 960 1167 μὴ
991 1097 1209 1166 γένοιτο
1231 1115 1246 1130 ο
1275 1098 1393 1154 ἀλλ’
1427 1098 1516 1152 ῐνα
1542 1097 1861 1165 ἀξιόπιστον

1969 1095 2144 1163 absit;
2174 1101 2269 1155 sed
2300 1111 2359 1156 ut
2385 1101 2546 1158 iidem
2586 1104 2830 1159 sermoni
2853 1103 3086 1169 iaceret,
3123 1116 3328 1172 eosque
3375 1109 3556 1157 atten-

268 1195 479 1255 ποιησῃ
511 1183 605 1236 τὸν
637 1185 826 1253 λόγον,
864 1188 962 1241 καὶ
995 1189 1201 1259 μᾶλλον
1232 1190 1433 1255 αὐτοὺς
1470 1191 1636 1262 πείσῃ
1692 1208 1861 1263 προσ-

1972 1189 2139 1244 tiores
2165 1191 2453 1260 redderet;
2490 1194 2726 1265 denique
2745 1196 2876 1264 quia
2900 1208 3132 1252 necesse
3158 1202 3279 1250 erat
3324 1192 3563 1264 prophe-

269 1269 418 1343 ἐχειν
445 1290 458 1304 ·
508 1276 602 1329 καὶ
625 1276 764 1342 ὅλως
787 1281 1097 1350 ἀναγκαίας
1124 1281 1291 1355 οὔσης
1311 1282 1567 1356 λεχθῆναι
1596 1284 1695 1357 τῆς
1728 1301 1864 1357 προ-

270 1365 522 1434 φητείας.

343 1457 526 1522 Ἴσως
557 1456 947 1516 ἀκούσονται.

341 1545 616 1613 Πολλάκις
658 1550 950 1622 συμϐαίνει⁹
987 1552 1065 1619 ὡς
1105 1555 1199 1609 ἐπὶ
1237 1556 1348 1610 τῶν
1388 1557 1734 1614 ἀνελπίστων
1767 1560 1863 1615 καὶ

266 1635 753 1708 ἀπεγνωσμένωνο
784 1641 946 1696 τοῦτο
979 1644 1160 1698 πείθει
1189 1646 1281 1700 τὸν
1313 1649 1640 1720 προφήτην,
1680 1652 1863 1718 Ἴσως

266 1727 676 1796 ἀκούσονται,
717 1734 746 1785 ὁ
791 1733 976 1788 πάντα
1017 1737 1284 1808 προειδώς
1319 1757 1490 1812 φησι,
1525 1740 1623 1795 καὶ
1664 1744 1746 1807 είς
1775 1743 1863 1797 ἑλ-

1966 1281 2102 1336 tiam
2131 1283 2458 1339 renuntiari.

2042 1463 2212 1520 Vens.
2254 1465 2309 1521 '5.
2344 1465 2604 1523 Fortasse
2636 1469 2881 1524 audient.

2038 1556 2195 1627 Saepe
2245 1559 2444 1614 accidit
2500 1570 2561 1616 ut
2608 1562 2661 1616 in
2714 1562 2878 1617 rebus
2925 1560 3258 1633 desperatis,
3305 1568 3363 1615 et
3407 1560 3555 1616 nulla

1965 1664 2062 1720 spe
2092 1654 2428 1719 exspectatis
2474 1670 2488 1707 :
2549 1653 2652 1708 hoc
2699 1654 2977 1724 propheta
3027 1655 3239 1709 suadet.
3301 1652 3564 1708 Fortasse

1965 1741 2208 1805 audient,
2237 1740 2438 1810 inquit,
2471 1742 2568 1810 qui
2598 1742 2782 1797 omnia
2819 1743 2992 1808 novit,
3037 1754 3091 1798 et
3141 1744 3208 1797 ad
3259 1756 3408 1812 spem
3462 1756 3561 1797 eos

267 1818 400 1874 πίδα
432 1820 583 1888 ἄγων
617 1823 836 1886 αὐτούς.
886 1826 1047 1890 Ἴσως
1098 1830 1410 1900 συμϐαίνει.
1460 1832 1534 1885 Τὸ
1571 1833 1755 1901 Ζσως,
1802 1837 1861 1888 ὲν

1966 1831 2138 1886 ducit.
2172 1830 2338 1886 Forte
2368 1833 2600 1900 accidit;
2632 1833 2860 1901 fortasse
2908 1835 2961 1889 in
2996 1835 3195 1889 divinis
3221 1833 3445 1889 Litteris
3492 1835 3559 1887 ad

265 1913 334 1982 τῇ
361 1911 554 1985 Γραφῇ
588 1915 681 1968 ἐπὶ
711 1915 1005 1985 βεϐαιώσει
1035 1891 1272 1989 λέγεται.
1307 1925 1478 1991 Ἴσως
1509 1926 1619 1994 γὰρ
1646 1891 1854 1994 ea..-

1966 1922 2401 1977 conﬁrmandum
2449 1923 2716 1993 ponitur:
2770 1921 3025 1979 Fortasse
3070 1924 3212 1980 enim
3241 1923 3564 1979 verebuntur

268 2002 572 2070 κτήσονται
617 2008 726 2061 τὸν
762 2011 900 2065 υἱόν
929 2029 1084 2083 μου,
1118 2012 1242 2069 ἀντὶ
1284 2015 1382 2070 τοῦ
1423 2016 1734 2088 ὀφείλουσιν
1766 2020 1857 2072 ιν-

265 2097 566 2166 τραπῆναι.
803 2098 805 2100 ’
895 2147 898 2150 ι

337 2187 452 2240 Kal
480 2187 868 2262 ἀποστροφῇ.

342 2277 518 2332 Τοῦτο
570 2282 808 2352 μάλιστα
840 2283 1038 2356 ἤθελεν
1077 2288 1107 2341 ό
1154 2290 1448 2363 προφήτης
1481 2291 1754 2349 ἀκοῦσαι·
1785 2296 1859 2351 Σὺ

269 2367 452 2457 βούλει
507 2375 997 2443 παρακινδυνεῦσα
1062 2379 1151 2434 ἐπ’
1201 2379 1379 2437 ἑλπίδι
1423 2385 1689 2457 τοιαύτῃ·
1738 2390 1861 2443 εἰπὲ

265 2455 385 2526 οὖν,
417 2461 609 2527 Οὕτως
623 2460 747 2519 εἷπε
778 2467 1006 2540 Κύριος.

335 2554 450 2606 Καὶ
487 2554 662 2610 δώσω
699 2559 808 2612 τὸν
849 2556 1040 2618 οἷκον.

343 2646 410 2698 τΟ
460 2646 696 2716 μάλιστα
735 2650 936 2716 αὐτοὺς
981 2651 1209 2708 ἐλύπειο
1252 2656 1398 2727 μέγα
1435 2659 1548 2732 γάρ
1592 2660 1860 2732 ἐφρόνουν

265 2737 360 2792 ἰπὶ
391 2738 470 2810 τῷ
503 2739 638 2813 ναῷ.

339 2837 359 2855 ‘
380 2835 558 2903 Πλὴν
585 2832 718 2904 χεὶρ
752 2834 1003 2906 Ἀχικὰμ
1029 2837 1169 2893 υιοῦ
1192 2839 1482 2911 Σαφανῆς
1495 2842 1648 2911 μετὰ
1683 2843 1858 2912 Ἰερε-

260 2927 408 2998 μίου
430 2967 448 2994 ,
479 2926 588 2981 τοῦ
611 2925 699 2997 μὴ
728 2926 1136 2998 παραδοθῆναι
1167 2932 1256 2997 είς
1292 2933 1498 3002 χεῖρας
1527 2936 1635 2990 τοῦ
1662 2936 1820 2992 λαοῦ
1839 2977 1854 3004 ,

263 3017 376 3072 τοῦ
398 3016 485 3087 μὴ
511 3017 755 3072 ἀνελεῖν
782 3018 989 3074 αὐτόν.
1781 3028 1786 3033 ’

339 3109 603 3163 Τουτέστι
627 3150 643 3176 ,
697 3111 968 3182 ἐμήνυσεν
1008 3112 1159 3185 αύτῷ
1203 3113 1307 3179 τὰς
1349 3115 1676 3186 ἐπιϐουλὰς,
1714 3119 1857 3175 ὥστε

264 3201 539 3302 ἐκκλῖναι.
572 3201 758 3256 Ταῦτα
786 3203 1101 3269 ἀκολούθως
1126 3209 1304 3262 κεῖται
1331 3210 1398 3281 τῇ
1431 3211 1764 3284 προφητείᾳ,
1797 3215 1858 3266 ὲν
1883 3242 1928 3302 c

258 3285 351 3357 οἷς
373 3293 609 3366 ἄρχεται
648 3295 750 3364 τῆς
801 3295 1079 3366 βασιλείας
1143 3297 1436 3372 Ἰωακεὶμ,
1469 3302 1548 3367 ὡς
1595 3304 1858 3376 ἀνωτέρω

265 3385 748 3457 ὲπεσημηνάμεθα
767 3401 780 3416 ·
813 3385 944 3440 ἔνθα
969 3389 1353 3459 προεφήτευσε
1386 3390 1489 3460 τῆς
1519 3392 1734 3457 πόλεως
1759 3395 1856 3448 καὶ

261 3475 365 3530 τοῦ
409 3477 540 3530 ναοῦ
577 3477 677 3548 τὴν
713 3476 951 3544 ἅλωσιν,
990 3479 1243 3553 καθάπερ
1289 3481 1391 3554 ἤδη
1447 3484 1716 3556 πρότερον
1764 3487 1858 3541 ἐπὶ

267 3565 369 3636 τῆς
426 3563 578 3618 Σελὼ
616 3563 857 3634 ἐγένετο.
919 3568 1093 3638 Δῆλον
1149 3563 1244 3622 οὖν
1278 3571 1362 3623 ὄτι
1407 3572 1552 3643 ἅπερ
1593 3574 1856 3646 ἀνωτέρω

265 3654 395 3710 εἷπε
421 3657 564 3711 κατά
591 3656 686 3712 τοῦ
732 3658 1009 3730 Ἰωακεὶμ,
1037 3660 1120 3714 ὃτι
1146 3662 1357 3731 ταφείῳ
1389 3665 1461 3718 οὐ
1487 3664 1852 3736 ταφήσεται,

267 3748 365 3802 καὶ
396 3748 498 3802 ὅσα
521 3747 750 3803 τοιαῦτα
774 3750 916 3804 κατά
943 3749 1135 3804 τοῦτον
1165 3747 1287 3808 εἰπε
1315 3753 1408 3808 τὸν
1435 3756 1659 3826 τρόπον,
1695 3757 1858 3830 ἡνίκα

269 3837 685 3910 συλλαϐόμενος
745 3840 913 3905 αὑτὸν
960 3842 1175 3898 ἀνελεῖν
1217 3843 1542 3913 ἠϐούλοντο,
1589 3848 1668 3913 ὡς
1713 3850 1857 3906 κατά

264 3925 371 3997 τῆς
420 3927 634 3993 πόλεως
677 3929 944 4000 είρηκότα
996 3932 1164 3987 κακά.
1236 3931 1379 3987 Ἀλλ’
1418 3937 1448 3989 ό
1477 3936 1716 4005 συνθεὶς,
1760 3939 1856 3993 τοῦ

266 4019 554 4090 προφήτου
597 4021 668 4074 τὰ
713 4022 937 4093 ῥήματα
985 4025 1234 4080 τέθεικεν
1268 4026 1410 4082 αὐτὰ
1453 4027 1749 4101 ἀνωτέρω,
1787 4031 1857 4085 δι’

262 4109 338 4181 ἢν
383 4113 565 4166 αἰτίαν
602 4111 853 4184 ἔφαμεν,
897 4113 1043 4169 ὥστε
1086 4116 1252 4186 δῆλον
1288 4119 1364 4182 ὡς
1391 4118 1454 4171 ού
1496 4119 1858 4191 διατέτμηται

266 4203 380 4273 τῆς¹
407 4203 682 4275 προτέρας
721 4205 1051 4271 ἀκολουθίας
1084 4209 1269 4262 ἐκεῖνα
1289 4225 1303 4238 ·
1338 4212 1516 4264 κεῖται
1545 4211 1605 4265 δὲ
1646 4211 1769 4266 καθ’
1796 4212 1856 4267 ὃν

265 4294 704 4366 ἡρμηνεύσαμεν
735 4297 956 4370 τρόπον.
1289 4303 1293 4306 ’

341 4386 450 4439 Kal
477 4387 596 4441 νῦν
617 4389 909 4456 ,βελτίους
942 4392 1238 4459 ποιήσατε
1266 4395 1468 4462 ὁδούς.

339 4477 485 4548 Ὅρα
522 4478 643 4542 πῶς
688 4477 939 4552 [videtur
979 4484 1315 4552 superﬂuere
1365 4486 1508 4560 πῶς]
1555 4489 1679 4542 ἀντὶ
1719 4489 1857 4542 ἀπο-

1966 2013 2147 2081 ﬁlium
2187 2029 2387 2080 meum,
2421 2029 2546 2085 pro,
2587 2015 2789 2072 debent
2822 2015 3026 2072 vereri.

2044 2194 2207 2252 Vsus.
2240 2197 2296 2251 4.
2320 2199 2391 2251 Et
2414 2207 2702 2253 avertetur.

2039 2288 2154 2343 Hoc
2185 2291 2460 2360 praecipue
2492 2291 2711 2346 volebat
2740 2292 2933 2348 audire
2991 2292 3260 2364 propheta
3297 2311 3310 2348 :
3340 2292 3420 2348 Tu
3476 2295 3561 2348 vis

1966 2381 2070 2437 hac
2116 2397 2212 2450 spe
2258 2381 2450 2438 subire
2507 2383 2852 2454 periculum;
2905 2385 2996 2440 dic
3045 2385 3256 2456 igitur,
3290 2387 3372 2442 sic
3420 2386 3560 2440 dixit

1967 2472 2255 2529 Dominus.

2036 2563 2205 2623 Vens.
2243 2566 2298 2623 6.
2330 2566 2398 2622 Et
2420 2568 2558 2622 dabo
2586 2571 2803 2624 domum
2825 2572 2983 2626 lianc.

2037 2652 2193 2721 Quod
2227 2657 2464 2712 maxime
2495 2658 2616 2714 illos
2647 2660 2905 2730 angebat,
2948 2659 3104 2717 valde
3158 2660 3306 2715 enim
3358 2667 3561 2715 treme-

1963 2743 2114 2805 bant,
2154 2750 2300 2815 quod
2335 2749 2596 2818 templum
2635 2751 2928 2809 haberent.

2039 2841 2056 2857 '
2086 2835 2247 2891 Vens.
2300 2838 2389 2893 12.
2442 2838 2825 2895 Verumtamen
2873 2859 3065 2898 atauus
3117 2843 3378 2898 Achicam
3455 2842 3560 2903 lilii

1965 2926 2185 2998 Saphan
2215 2947 2334 2984 cum
2361 2931 2623 2998 Ieremia,
2682 2944 2742 2988 ut
2782 2952 2890 2990 non
2929 2937 3233 2990 trade"etur
3281 2937 3336 2990 in
3371 2951 3565 2991 manus

1963 3021 2170 3090 populi,
2202 3039 2265 3077 ne
2298 3024 2655 3092 interﬁcerent
2687 3043 2830 3083 eum.

2032 3111 2145 3168 Hoc
2168 3122 2272 3180 est,
2300 3114 2374 3168 illi
2395 3116 2674 3184 patefacit,
2696 3129 2756 3173 ut
2784 3131 3023 3175 structas
3047 3120 3284 3176 evitarei
3306 3119 3557 3175 insidias.

1965 3201 2091 3258 Hec
2123 3205 2517 3262 continuantur
2546 3217 2604 3263 ut
2657 3212 3047 3280 consequentia
3097 3212 3442 3281 prOphetiatn
3487 3211 3559 3266 de

1961 3291 2048 3348 his
2079 3308 2201 3364 quae
2229 3308 2476 3366 cmperat
2505 3301 2657 3371 regni
2682 3299 2957 3368 Joachim,
2991 3312 3051 3358 ut
3089 3305 3342 3372 superius
3385 3305 3561 3360 adno-

1963 3385 2216 3449 tavimus,
2273 3386 2385 3452 ubi,
2431 3397 2488 3444 et
2519 3391 2765 3446 civitatis
2812 3403 2867 3447 et
2931 3393 3118 3462 templi
3176 3395 3544 3450 vastationem

1961 3477 2294 3533 vaticinatus
2327 3488 2436 3545 est,
2470 3480 2615 3536 sicut
2636 3492 2690 3539 et
2721 3483 2883 3553 paulo
2913 3495 3044 3540 ante
3082 3485 3149 3542 de
3187 3486 3317 3542 Selo
3371 3497 3552 3542 actum

1962 3568 2162 3624 fuerat.
2243 3571 2592 3628 Manifestum
2650 3575 2837 3646 itaque
2913 3587 3019 3645 est,
3101 3593 3224 3647 qua:
3301 3580 3558 3648 superius

1967 3668 2160 3714 contra
2197 3658 2444 3718 Joacbim
2475 3667 2900 3735 pronuntiarat,
2948 3669 3227 3739 sepultura
3276 3670 3558 3738 videlicet,

1962 3767 2070 3807 non
2113 3754 2416 3824 sepelietur,
2452 3767 2510 3811 et
2559 3758 2762 3813 similia
2807 3761 2911 3816 hoc
2960 3772 3122 3830 pacto
3170 3761 3399 3826 dixisse,
3429 3776 3555 3816 eum

1961 3843 2117 3899 illum
2197 3847 2602 3915 apprehensum
2675 3851 2995 3908 interimere
3064 3852 3348 3920 volebant,
3411 3857 3558 3923 quod

1962 3935 2107 3989 mala
2147 3936 2200 3990 in
2250 3938 2535 3994 civitatem
2591 3942 2938 4011 protulisset.
2974 3946 3082 4000 Sed
3137 3946 3229 4014 qui
3276 3948 3558 4016 propheta

1961 4028 2128 4082 verba
2157 4029 2209 4082 in
2239 4045 2406 4084 unum
2443 4032 2666 4101 collegit
2708 4037 2914 4106 posuit,
2944 4053 3007 4092 ea
3044 4039 3298 4108 superius
3337 4039 3408 4094 ob
3441 4040 3555 4111 jam

1962 4120 2162 4177 dictam
2193 4138 2446 4191 causam,
2471 4125 2545 4180 ita
2579 4136 2637 4182 ut
2663 4132 3011 4198 perspicuum
3035 4136 3129 4199 sit,
3164 4134 3280 4188 haec
3310 4149 3340 4187 a
3381 4138 3557 4205 prima

1963 4212 2111 4267 serie
2145 4229 2253 4270 non
2303 4230 2428 4272 esse
2451 4219 2686 4286 divulsa,
2718 4221 2817 4277 sed
2870 4223 3048 4294 posita
3105 4238 3173 4279 eo
3234 4241 3343 4296 quo
3380 4228 3560 4299 expli-

1963 4302 2213 4360 cavimus
2254 4309 2437 4362 modo.

2036 4396 2204 4454 Vsus.
2238 4399 2326 4487 i3.
2357 4398 2434 4455 Et
2461 4402 2882 4468 nunetmliores
2909 4405 3074 4474 facile
3096 4408 3211 4464 vias
3249 4422 3476 4470 vestras.

2042 4488 2342 4545 Considera
2377 4505 2437 4546 ut
2483 4491 2604 4548 loco
2640 4493 3008 4564 defendentis,
3061 4510 3246 4569 partes
3303 4503 3407 4557 sibi
3471 4519 3562 4560 as-

265 4569 636 4641 λογουμένου,
680 4573 1004 4629 διδασκάλου
1045 4575 1284 4631 λαῦόντα
1329 4579 1508 4646 τάξιν.
1569 4582 1645 4635 Ού
1695 4583 1853 4653 ζητεῖ

1963 4581 2262 4651 sumpserit
2289 4583 2561 4654 magistri.
2589 4584 2710 4640 Non
2759 4591 2956 4657 quaerit
3010 4593 3284 4660 quomodo
3339 4595 3558 4665 pericu-

266 4660 418 4726 ὅπως
469 4661 560 4716 τὸν
611 4662 858 4727 κίνδυνον
910 4665 1192 4740 διαφύγῃ,
1243 4669 1360 4723 ἀλλ’
1410 4672 1560 4737 ὅπως
1607 4673 1856 4738 ἐκείνους

267 4752 365 4820 lea
373 4754 556 4828 ρπάσῃ
586 4755 696 4809 τῶν
728 4755 941 4812 δεινῶν.

343 4844 453 4899 Καὶ
487 4847 810 4903 ἀκούσατε.

341 4936 406 4991 El
438 4938 547 5008 γὰρ
591 4937 666 5010 μὴ
708 4941 952 5012 τιμωρία
997 4941 1327 5014 προύκειτο,
1367 4946 1418 5000 εί
1447 4945 1559 5017 γὰρ
1601 4946 1677 5017 μὴ
1707 4947 1860 5003 δεινά

265 5045 392 5084 τινα
418 5030 707 5102 ἡπείλητο,
731 5030 828 5086 τοῦ
852 5033 990 5087 Θεοῦ
1017 5022 1177 5106 ἡμῶν
1197 5037 1422 5092 ἀκούειν
1443 5039 1548 5091 οὐκ
1573 5039 1781 5110 ὲχρῆν;

340 5119 451 5174 Kal
479 5121 802 5178 παύσεται.

334 5210 401 5264 Τί
431 5210 624 5265 τούτου
668 5212 1115 5290 λυσιτελέστερον
1147 5217 1244 5272 τοῦ
1288 5219 1488 5289 λόγους
1540 5220 1683 5275 Ἀλλ’
1724 5223 1857 5277 ἀπι-

268 5303 485 5368 στεῖτη
524 5306 601 5376 μὴ
634 5305 893 5377 γὰρ-ἐγὼ
929 5309 1104 5364 ταῦτα
1148 5312 1563 5384 ἀποφαίνομαι;
1605 5314 1664 5369 '0
1703 5315 1855 5382 Θεός.

268 5393 364 5464 Μὴ
401 5395 509 5466 γὰρ
537 5398 566 5450 ό
598 5395 762 5463 Θεός;
811 5399 1005 5471 Ὑμεῖς
1041 5401 1166 5457 καθ’
1198 5403 1429 5459 ἑαυτῶν.

340 5484 450 5538 Kal
471 5484 603 5540 ἰδοὺ
631 5486 778 5556 ἐγὼ,
811 5489 881 5543 ἐν
907 5493 1124 5560 χερσὶν
1151 5493 1341 5563 ὑμῶν.

345 5575 412 5627 Τί
440 5575 568 5643 oin;
603 5578 698 5632 MV
721 5580 1010 5648 ἀποθάνω,
1043 5583 1145 5638 οὐκ
1177 5585 1330 5643 ἔσται
1359 5589 1571 5659 ταῦτα;
1597 5591 1734 5663 Περὶ
1762 5593 1859 5648 τοῦ

271 5666 549 5735 Στεφάνου
588 5666 778 5739 ἔλεγον
798 5685 815 5702 ο
855 5671 985 5725 Ὅτι
1025 5675 1211 5729 λαλεῖ
1238 5677 1481 5748 ῥήματα
1517 5680 1862 5754 βλάσφημα

273 5757 425 5813 κατά
453 5759 564 5814 τοῦ
596 5760 787 5818 τόπου
814 5765 922 5822 τοῦ
944 5765 1120 5835 ἁγίου
1153 5771 1386 5828 τούτου.

344 5853 366 5884 ³
410 5852 528 5907 Act.
555 5869 629 5921 vt,
665 5855 753 5910 ii.

1967 4673 2078 4729 ium
2102 4676 2278 4747 possit
2299 4680 2557 4746 evadere,
2586 4681 2682 4738 sed
2713 4691 2773 4737 ut
2801 4682 2925 4740 illos
2952 4694 3110 4741 eruat
3136 4701 3167 4743 a
3200 4688 3383 4744 malis.

2035 4859 2108 4915 Et
2141 4862 2347 4918 audite.

2036 4950 2174 5006 Nam
2203 4955 2247 5007 si
2277 4966 2436 5022 pcena
2462 4969 2578 5009 non
2606 4967 2754 5014 esset
2793 4962 3094 5031 proposita,
3130 4963 3175 5019 si
3229 4966 3391 5022 mime
3431 4983 3552 5023 ma-

1965 5043 2146 5098 lorum
2177 5045 2341 5101 nulla;
2364 5057 2572 5116 essent,
2605 5064 2788 5108 nonne
2816 5053 3010 5108 audire
3036 5053 3209 5111 Deum
3232 5061 3556 5127 oporteret?

2037 5134 2105 5190 Et
2125 5139 2375 5193 cessabit.

2035 5228 2179 5296 Quid
2230 5231 2337 5288 hoc
2371 5247 2634 5294 sermone
2676 5240 3124 5298 conducibilius?
3176 5243 3246 5297 At
3275 5261 3384 5301 non
3433 5262 3559 5306 cre~

1963 5322 2260 5395 ditisrego
2297 5341 2416 5381 sum
2455 5331 2550 5398 qui
2592 5334 2928 5389 sententiam
2961 5336 3228 5406 profero?
3275 5341 3418 5399 Deus
3449 5354 3556 5400 est.

1963 5413 2104 5470 Num
2149 5417 2329 5473 Deus?
2361 5420 2469 5476 Vos
2493 5422 2550 5476 in
2576 5426 2965 5496 vosmetipsos.

2035 5504 2203 5561 Vens.
2233 5508 2319 5562 14.
2340 5512 2410 5564 Et
2434 5526 2554 5565 ecce
2572 5514 2626 5567 in
2646 5517 2892 5571 manibus
2926 5521 3133 5586 vestris,
3161 5521 3341 5590 facite.

2036 5596 2176 5664 Quid
2205 5601 2498 5670 agiturisi
2535 5619 2637 5676 ego
2681 5609 2910 5676 moriar,
2951 5612 3067 5668 haec
3119 5629 3224 5670 non
3253 5614 3455 5670 erunt?
3497 5618 3555 5673 it‘t

1963 5687 2032 5743 de
2065 5688 2346 5761 Stephano
2396 5694 2690 5754 dicebant:
2723 5699 2878 5766 Quod
2936 5703 3175 5776 loquitur
3223 5707 3382 5764 verba
3412 5710 3553 5765 blus-

1963 5781 2152 5850 pltema
2179 5784 2235 5838 in
2261 5785 2437 5843 locum
2464 5801 2709 5847 sanctum
2737 5793 2878 5849 hunc
2910 5797 2955 5852 '.
