4226 6478
296 464 403 523 9M

1434 455 1870 514 FRAGMENTA
1911 456 1980 511 ΙΝ
2017 455 2399 515 JEREMIAM.

3512 457 3625 513 96%

297 584 476 649 ταίοις
517 582 616 639 καὶ
676 585 790 648 τοῖς
833 581 1354 655 ψευδοπροφήταις*
1398 580 1477 645 ὡς
1517 582 1585 636 ἂν
1614 581 1675 646 ἐξ
1725 580 1905 634 αὐτῶν

2014 580 2192 650 phelis
2220 579 2486 645 credam;
2516 579 2613 635 sed
2643 588 2702 634 ut
2736 578 2898 634 rebus
2934 577 3068 648 Ipsis
3099 576 3359 633 virtutem
3392 576 3489 633 Dei
3522 593 3623 633 co-

295 675 410 730 τῶν
438 673 792 745 πραγμάτων
830 674 1013 741 γνοῖεν
1038 670 1135 725 τοῦ
1175 671 1316 725 Θεοῦ
1345 672 1448 740 τὴν
1494 671 1673 740 ἰσχὺν,
1706 670 1802 724 καὶ
1828 669 1904 731 ὡς

297 762 368 816 δι’
415 763 695 833 ἁμαρτιας
738 761 949 826 ὁλαδς,
1001 760 1101 830 οὐχ
1152 760 1261 813 ὑπὸ
1311 760 1413 830 τῆς
1464 759 1785 823 ἀσθενείας,
1807 758 1905 811 τοῦ

298 853 660 925 προνοοῦντος
685 852 1038 924 αἰχμάλωτος
1055 851 1271 921 γέγονε·
1291 852 1495 921 δεσμὸν
1514 852 1573 905 δὲ
1594 852 1689 904 τὸν
1715 850 1903 921 ζυγὸν,

298 947 480 1001 κλοιὸν
510 947 566 999 δὲ
601 944 753 1013 λέγει
785 946 855 999 τὰ
887 943 1377 1017 περισφιγγόμενα
1415 946 1549 1015 περὶ
1587 944 1683 998 τὸν
1732 945 1906 1013 ζυγὸν

300 1038 455 1105 ξύλα,
486 1039 524 1093 ἃ.
549 1037 765 1109 συνέχει
789 1037 901 1090 τῶν
929 1035 1069 1105 βοῶν
1099 1035 1195 1088 τὸν
1223 1035 1456 1106 αὐχένα.
1622 1106 1629 1115 Χ

377 1130 543 1201 Ὅρα,
574 1129 709 1182 πότε
740 1130 970 1198 ῆκουσε,
1002 1127 1100 1181 καὶ
1134 1129 1269 1180 πότε
1298 1128 1580 1197 εποίησεν.
1623 1125 1908 1179 Ἐντεῦθεν

298 1220 487 1290 δῆλον,
536 1221 619 1274 ὅτι
656 1220 717 1272 οὐ
767 1218 954 1282 πάσας
996 1219 1102 1279 τὰς
1144 1217 1497 1287 προφητείας
1535 1214 1681 1271 κατὰ
1713 1216 1908 1287 καιρὸν

296 1312 522 1381 ἢκουον.
554 1310 713 1372 Τίνος
739 1308 961 1374 ἕνεκενς
991 1308 1081 1361 ἴνα
1123 1307 1263 1379 μηδὲ
1293 1307 1389 1361 τοῦ
1416 1309 1651 1379 σημείου
1677 1308 1907 1376 γένηται

297 1404 478 1474 χρεία,
506 1403 595 1457 ινα
627 1401 895 1472 μαθόντες
926 1404 975 1454 οἱ
1007 1400 1312 1471 ἄνθρωποι,
1342 1402 1426 1454 ὅτι
1452 1401 1576 1454 τόδε
1595 1399 1904 1472 ἐκελεύσθη

295 1498 360 1550 τὸ
391 1500 620 1569 σημεῖον
644 1497 898 1566 ποιῆσαι,
933 1495 1404 1565 σωφῳνισθῶσιν.
1424 1493 1589 1565 Ὁρᾷς
1616 1493 1733 1558 πῶς
1766 1494 1905 1547 πάν-

297 1606 410 1644 των
434 1592 657 1661 προνοεῖ
684 1590 713 1641 ὁ
742 1589 897 1652 Θεός.

373 1681 577 1746 Οὕτως
603 1676 761 1734 εἷπε.

368 1774 485 1830 Καὶ
531 1774 630 1826 νῦν
685 1771 802 1841 ἐγώ
849 1772 990 1842 ειμι,
1052 1770 1116 1823 οὐ
1164 1770 1612 1842 μεταϐέϐλημαι,
1663 1769 1757 1823 ἐπὶ
1804 1769 1906 1837 τῆς

296 1868 471 1939 αὐτῆς
502 1865 791 1934 δυνάμεώς
824 1866 964 1935 είμι.
1004 1864 1171 1934 Ὅρα,
1202 1863 1322 1926 πῶς
1358 1863 1807 1931 δικαιολογεῖται.
1840 1862 1905 1914 El

296 1958 413 2028 ἐγὼ
450 1958 723 2028 ἐποίησα,
757 1957 853 2009 καὶ
882 1955 1071 2008 δοῦναι
1113 1953 1306 2025 κύριος
1346 1954 1416 2006 ἂν
1465 1956 1608 2025 εἴην.
1658 1954 1799 2006 Ἀλλ’
1842 1952 1904 2005 οὐ

296 2050 583 2113 πιστεύεις
613 2050 698 2102 ὅτι
721 2046 834 2117 ἐγὼ
863 2047 1122 2117 ἐποίησα,
1156 2047 1475 2108 πιστεύσεις
1503 2046 1592 2099 διὰ
1625 2044 1735 2098 τῶν
1765 2044 1905 2115 μετὰ

296 2138 492 2194 ταῦτα.
531 2136 723 2202 Ἔδοξε
752 2154 844 2207 μοι
871 2136 1060 2191 δοῦναι
1089 2136 1265 2207 αὐτὴν
1288 2135 1370 2206 τῷ
1400 2136 1904 2205 Ναϐουχοδονόσορ.

299 2231 468 2301 Ὅρα,
503 2228 625 2292 πῶς
662 2226 848 2281 αὐτῶν
890 2227 988 2280 καὶ
1032 2225 1129 2279 τὸν
1157 2225 1331 2295 τύφον
1376 2225 1756 2280 καταστέλλει.
1811 2227 1905 2297 Μὴ

294 2323 409 2394 γὰρ
462 2321 646 2393 οἰκείᾳ
693 2320 1067 2391 παραγίνεται
1105 2319 1364 2388 δυνάμει,
1416 2320 1652 2373 καὶτῶν
1696 2320 1907 2374 πόλεων

297 2414 678 2486 περιγίνεται;
710 2414 884 2476 Αὐτὸς
913 2412 1125 2466 ἄνωθεν
1153 2413 1329 2466 ταῦτα
1365 2412 1543 2465 τυπῶ.
1587 2413 1753 2483 Ὅρα,
1786 2413 1907 2475 πῶς

297 2506 502 2569 αὐτοὺς
535 2504 787 2559 παιδεύει
828 2504 1193 2574 θεογνωσῐαν,
1232 2506 1317 2558 ἵνα
1352 2506 1417 2559 εκ
1447 2504 1657 2559 τούτων
1712 2504 1810 2559 καὶ
1836 2505 1906 2559 τὰ

298 2597 549 2669 πρότερα
580 2596 849 2667 μάθωσιν.

370 2688 483 2744 Kal
506 2687 580 2741 τὰ
613 2688 813 2756 θηρία.

371 2782 467 2853 Μὴ
497 2780 719 2850 γίνεσθε
762 2780 973 2834 τούτων
1004 2780 1353 2851 ἀνοητότεροι
1396 2782 1536 2851 μηδὲ
1573 2782 1903 2853 ἀχάριστον

299 2871 373 2927 τὰ
400 2872 575 2941 ἄλογα
604 2872 951 2942 ὑπήκουσαν,
995 2872 1160 2941 ὑμεῖς
1199 2872 1257 2925 δὲ
1298 2870 1666 2936 ἀνθίστασθες
1695 2873 1775 2942 μὴ
1797 2871 1906 2942 γὰρ

300 2966 449 3035 ὑμᾶς
468 2964 663 3033 δίδωμι
693 2965 929 3034 μόνους;
964 2965 1061 3016 καὶ
1082 2963 1182 3033 τὴν
1214 2963 1375 3017 πόλιν
1403 2962 1507 3033 τὴν
1536 2962 1699 3033 ιμήν,
1740 2962 1907 3034 Ὅρᾷς

300 3056 460 3111 κοινὰ
488 3056 557 3108 τὰ
590 3058 690 3127 τῆς
735 3054 998 3125 προνοίας
1031 3055 1251 3120 aetate;
1290 3055 1509 3117 Πάντας
1549 3057 1661 3124 γὰρ
1688 3053 1907 3120 ἀνθρώ-

298 3166 439 3213 πους
468 3147 632 3211 αὐτὸς
667 3148 950 3217 ἐποίησεν*
991 3147 1192 3201 οὐκοῦν
1220 3148 1446 3201 πάντων
1478 3147 1613 3210 ἴσως
1646 3148 1903 3217 προνοεῖο

294 3239 362 3293 οὐ
387 3240 498 3312 γάρ
530 3241 651 3293 ἔστι
681 3239 1121 3310 προσωποληψία
1159 3239 1294 3309 παρ’
1333 3236 1507 3309 αὐτῷ.

368 3421 481 3477 Kal
508 3420 577 3475 τὸ
610 3420 809 3487 ἔθνος.

375 3512 520 3583 ὐρα
552 3512 668 3575 πῶς
718 3511 906 3585 [πόση
941 3511 1084 3583 περ]
1138 3512 1449 3584 παρρησία,
1494 3513 1615 3577 πῶς
1652 3516 1906 3580 ελεεινῶς

173 3592 193 3598 ’
297 3603 401 3675 τὴν
434 3603 687 3657 δουλείαν
718 3604 970 3673 ἐνέφηνε,
1002 3604 1082 3674 τῷ
1111 3605 1320 3675 σφόδρα
1347 3604 1574 3677 θαρρεῖν
1612 3610 1726 3670 τοῖς
1751 3607 1907 3676 λεγο-

299 3698 514 3768 μένοις,
553 3698 654 3750 οὐκ
701 3696 1195 3767 ἑπεσκιασμένως·
1252 3698 1428 3771 Ὅσοι
1468 3699 1557 3768 μὴ
1598 3700 1905 3769 ἐμϐάλωσι

298 3789 410 3843 τὸν
437 3789 775 3858 τράχηλον,
812 3788 1069 3859 καθάπερ
1126 3789 1255 3860 περ)⁵
1296 3789 1516 3858 ἀλόγων
1548 3786 1734 3857 τῖνῶν,
1762 3793 1906 3846 οὕτω

297 3879 635 3947 διαλέγεται.
1764 3924 1775 3933 .

372 3974 482 4027 Kal
514 3971 690 4043 ὑμεῖς
718 3970 807 4042 μὴ
841 3972 1095 4027 ἀκούετε
1124 3970 1244 4025 τῶν
1270 3973 1814 4045 ψευδοπροφητῶν.

384 4064 548 4135 Ὁρᾷς
595 4065 952 4135 δικαστήριον
996 4064 1334 4135 καθήμενον,
1365 4068 1459 4119 καὶ
1491 4068 1729 4136 βάσανον
1759 4085 1908 4136 γινοο

301 4156 476 4227 μένην
522 4156 788 4226 μαντείας
834 4158 931 4210 καὶ
966 4158 1340 4227 προφητείας;
1363 4158 1561 4212 Ταῦτα
1593 4160 1793 4212 ἐκεῖνοι
1819 4160 1906 4213 λέ-

296 4266 513 4319 γουσιν,
581 4250 696 4319 ἐγὼ
762 4252 819 4304 δὲ
867 4251 1169 4305 τάναντία’
1216 4252 1423 4324 ίδωμεν
1472 4254 1579 4307 τίνι
1630 4258 1907 4325 μαρτυρεῖ

295 4344 361 4397 τὸ
388 4344 564 4407 τέλος.

370 4438 479 4491 Kal
514 4438 581 4490 τὸ
609 4438 789 4503 ἔθνος
816 4438 848 4491 ὃ
873 4438 984 4494 ἐὰν
1004 4439 1320 4509 εἰσαγάγῃ.

348 4530 463 4600 -Μὴ
496 4531 589 4584 καὶ
618 4530 777 4584 τοῦτο
825 4530 940 4602 ἔχει
971 4549 1061 4597 τι;
1112 4532 1189 4603 μὴ
1222 4532 1321 4585 καὶ
1357 4532 1520 4585 τοῦτο
1555 4535 1899 4603 στοχασμόςὲ

2011 681 2299 743 guosrant,
2349 682 2402 727 et
2436 672 2694 742 populum
2732 680 3085 741 peccatorum
3115 685 3317 734 causa,
3348 686 3456 724 non
3487 686 3621 737 pro-

2011 764 2246 818 videntis
2282 763 2602 816 inﬁrmitate
2649 762 2850 817 factum
2884 760 3061 816 fuisse
3110 760 3412 830 captivum.
3447 759 3621 815 Porro

2010 855 2289 909 vinculum
2334 862 2499 908 vocat
2558 854 2793 922 jugum,
2858 862 3069 907 vectem
3121 865 3254 906 vero
3308 853 3454 921 ligna
3500 867 3625 922 quae

2011 945 2157 999 circa
2201 942 2394 1015 iugum
2444 944 2930 1015 constringuntur,
2978 943 3180 1013 quibus
3253 943 3419 998 boum
3469 960 3623 999 com-

2011 1030 2268 1102 primitur
2293 1034 2505 1086 cervix.

2087 1120 2223 1177 Vide
2275 1126 2494 1193 quando
2544 1124 2788 1189 audivit,
2820 1133 2877 1179 et
2916 1124 3139 1194 quando
3187 1126 3341 1181 fecit.
3386 1124 3527 1180 Hinc
3558 1124 3625 1178 li-

2011 1222 2163 1283 quet,
2199 1228 2307 1267 non
2340 1214 2524 1287 omnia
2563 1231 2686 1286 qua;
2731 1217 3164 1287 prophetarent,
3204 1218 3396 1274 solitos
3428 1234 3624 1274 recen-

2009 1320 2097 1363 ter
2150 1308 2362 1363 audire.
2412 1309 2644 1380 Propter
2675 1313 2847 1381 quid?
2881 1328 2949 1369 ne
2979 1314 3063 1368 vel
3096 1315 3257 1385 signo
3290 1330 3429 1385 opus
3460 1331 3583 1371 esse
3604 1357 3619 1380 ,

2012 1409 2069 1452 ut
2115 1410 2517 1469 cognoscentes
2556 1401 2772 1469 jussum
2818 1417 2943 1458 esse
2990 1406 3313 1473 prophetam
3346 1408 3477 1459 dare
3517 1406 3622 1460 huc

2010 1490 2255 1558 signum,
2297 1490 2547 1545 homines
2578 1491 2645 1545 ad
2688 1503 2926 1548 mentem
2969 1496 3237 1550 redirent.
3278 1497 3442 1553 Vides
3485 1512 3622 1567 quo-

2010 1584 2173 1635 modo
2207 1585 2453 1637 omnium
2491 1582 2634 1638 Deus
2669 1586 3075 1654 providentiam
3107 1588 3270 1657 gerit.

2084 1672 2254 1728 Vens.
2287 1676 2339 1727 4.
2382 1675 2473 1729 Sic
2500 1676 2659 1729 dixit.

2087 1763 2152 1818 Et
2185 1779 2328 1818 nunc
2352 1779 2454 1834 ego
2479 1782 2624 1834 sum,
2654 1781 2759 1821 non
2793 1781 2913 1820 sum
2940 1776 3203 1831 mutatus,
3223 1769 3446 1823 easdem
3473 1769 3623 1824 vires

1992 1857 2211 1941 ‘habeo.
2258 1858 2394 1913 Vide
2426 1860 2701 1927 quomodo
2736 1861 3002 1929 rationem
3040 1861 3258 1916 consilii
3296 1861 3510 1916 reddat.
3560 1862 3619 1915 Si

2010 1963 2111 2017 ego
2168 1948 2293 2016 feci,
2355 1951 2545 2019 utique
2574 1953 2736 2006 dandi
2769 1952 2937 2006 etiam
2972 1952 3059 2021 jus
3110 1952 3308 2007 habeo.
3369 1954 3478 2009 Sed
3511 1971 3619 2007 non

2010 2040 2189 2093 credis
2223 2055 2307 2094 me
2340 2040 2575 2109 fecisse;
2610 2044 2802 2097 credes
2848 2058 2947 2112 per
2976 2058 3037 2098 ea
3072 2058 3194 2112 qua:
3231 2043 3406 2111 ﬁunt;
3442 2046 3618 2099 visum

2010 2140 2091 2185 est
2115 2132 2247 2186 mihi
2300 2146 2420 2187 eam
2447 2137 2577 2188 dare
2606 2132 3157 2190 Nabuchodonosori.
3185 2135 3322 2190 Vide
3347 2147 3405 2190 ut
3428 2151 3619 2191 eorum

2010 2220 2281 2290 deprimat
2312 2230 2604 2277 tumorem.
2641 2219 2781 2280 Num
2816 2226 2962 2277 enim
2995 2225 3247 2293 propriis
3286 2225 3377 2280 ille
3408 2227 3620 2280 viribus

2010 2310 2263 2365 advenit?
2299 2312 2569 2381 urbesque
2614 2313 2862 2382 subigit?
2908 2315 3027 2383 ipse
3080 2316 3322 2386 desuper
3356 2318 3474 2372 haec
3508 2329 3621 2372 sta-

2006 2412 2124 2457 tuo.
2186 2403 2489 2459 Considera
2523 2413 2583 2458 ut
2612 2418 2709 2459 eos
2755 2402 2850 2463 Dei
2898 2407 3273 2473 cognitionem
3308 2409 3523 2475 doceat,
3562 2420 3620 2465 ut

2009 2509 2075 2548 ex
2116 2496 2202 2549 his
2231 2504 2284 2549 et
2319 2496 2631 2566 antiquiora
2662 2499 3034 2554 addiscerent.

2083 2694 2252 2750 Vsus.
2294 2696 2347 2751 δ.
2391 2695 2602 2750 Bestiae
2635 2697 2777 2763 agri.

2082 2784 2163 2840 Ne
2196 2787 2281 2841 his
2330 2787 2617 2843 stultiores
2648 2787 3000 2855 elﬁciamini,
3054 2794 3194 2844 neve
3245 2791 3463 2860 ingrato
3499 2791 3623 2845 sitis

2009 2879 2194 2933 animo
2222 2896 2237 2943 ;
2275 2879 2505 2933 rationis
2535 2880 2783 2948 expertia
2815 2879 3293 2950 obtemperarunt,
3320 2892 3375 2937 et
3407 2899 3504 2937 vos
3535 2900 3623 2938 re-

2011 2972 2268 3039 stitistis?
2300 2988 2429 3025 num
2463 2988 2561 3026 vos
2590 2972 2735 3025 enim
2772 2982 2984 3027 tantum
3020 2973 3212 3028 trado?
3239 2985 3295 3029 et
3338 2976 3617 3029 civitatem

2011 3078 2207 3117 meam.
2243 3060 2410 3117 Vides
2437 3064 2753 3133 generalem
2783 3078 2911 3118 esse
2942 3065 3389 3134 providentiam?
3417 3066 3621 3121 Oumes

2008 3155 2155 3208 enim
2192 3156 2444 3209 homines
2484 3156 2601 3224 ipse
2634 3155 2787 3217 fecit,
2830 3173 2988 3226 aeque
3024 3158 3192 3229 igitur
3224 3160 3469 3212 omnium
3519 3174 3622 3213 cn-

1933 3271 1984 3332 ς
2017 3261 2132 3299 ram
2162 3247 2339 3315 gerit;
2376 3260 2485 3299 non
2516 3245 2663 3299 enim
2698 3256 2784 3301 est
2813 3250 2956 3317 apud
2990 3248 3170 3316 ipsum
3209 3251 3460 3319 acceptio
3492 3266 3619 3319 per-

2014 3353 2144 3393 50112
2154 3352 2296 3391 ιἠιιι.

2087 3428 2252 3485 Vens.
2285 3430 2341 3485 8.
2377 3427 2445 3482 Et
2474 3443 2624 3499 gem.
3260 3478 3265 3481 .

2079 3519 2414 3587 Considera,
2451 3532 2655 3589 quanta
2714 3522 2933 3576 dicendi
2976 3522 3239 3585 libertas;
3296 3532 3357 3576 ut
3416 3523 3619 3578 misere

2010 3612 2329 3666 servitutem
2367 3627 2478 3680 prze
2503 3612 2682 3667 oculis
2734 3614 2940 3682 posuit,
2974 3613 3120 3683 quod
3169 3616 3478 3668 certissima
3511 3616 3617 3669 sibi

2008 3713 2194 3757 essent
2230 3718 2353 3772 quae
2399 3705 2752 3770 dicebantur,
2809 3716 2864 3758 et
2899 3721 3005 3759 non
3045 3706 3397 3760 adumbravit
3431 3724 3445 3760 :
3484 3706 3619 3773 Qui-

2009 3810 2215 3861 cunque
2254 3811 2359 3847 non
2412 3797 2707 3850 curvaverit
2742 3796 2975 3862 collum;
3020 3808 3284 3868 tanquam
3313 3797 3383 3853 de
3419 3801 3617 3855 belluis

2010 3898 2315 3939 sermonem
2342 3884 2533 3941 habet.

2084 3975 2248 4029 Vsus.
2286 3976 2338 4032 9.
2385 3976 2455 4030 Et
2487 3996 2577 4033 uos
2608 3980 2774 4035 nolite
2810 3982 3003 4036 audire
3036 3983 3545 4052 pseudoprOphetas.

2087 4067 2251 4122 Vides
2284 4070 2480 4124 sedere
2503 4071 2793 4139 judicium,
2834 4086 2889 4128 et
2922 4075 3282 4143 quaestionem
3319 4076 3508 4131 haberi
3552 4078 3619 4133 de

2011 4156 2371 4214 hariolatione
2419 4169 2475 4213 et
2501 4160 2823 4230 prophetia?
2848 4162 2975 4219 Haec
3001 4164 3074 4218 illi
3106 4165 3293 4220 dicunt
3318 4165 3464 4239 :Ego
3489 4184 3621 4223 vero

2009 4250 2289 4306 contraria
2319 4269 2333 4305 :
2373 4253 2656 4310 videamus
2690 4256 2777 4310 cui
2812 4266 3108 4313 attestetur
3140 4257 3288 4313 linis.

2085 4434 2153 4488 Et
2193 4453 2318 4506 gens
2350 4454 2469 4505 qua:
2495 4438 2753 4509 injecerit.

2080 4525 2223 4582 Num
2253 4538 2307 4583 et
2344 4530 2434 4585 hic
2464 4532 2654 4585 subest
2687 4532 2935 4602 aliquid?
2980 4550 3108 4589 num
3138 4545 3196 4591 et
3225 4537 3332 4593 hoc
3365 4548 3449 4593 est
3481 4554 3618 4596 con-

298 4620 361 4675 τδ
388 4623 517 4686 τοὺς
544 4623 646 4692 μὲν
661 4623 1032 4693 ἀναιρεῖσθαι,
1069 4625 1201 4687 τοὺς
1229 4623 1288 4676 δὲ
1321 4624 1583 4695 ὑφίεσθαι
1608 4642 1621 4691 ;
1654 4624 1784 4698 [δι]δ
1807 4628 1904 4682 καὶ

2006 4618 2263 4689 jectura?
2295 4620 2394 4675 hos
2435 4622 2658 4690 quidem
2707 4624 2976 4691 interﬁci,
3014 4627 3137 4683 illos
3186 4644 3318 4684 vero
3348 4631 3623 4704 relinqui?

298 4714 461 4786 λιμὸς
483 4716 685 4779 αὐτοὺς
710 4715 1114 4785 καταλήψεται.

369 4809 529 4876 Πρὸς
557 4809 873 4863 Σεδεκίαν.

370 4901 467 4973 Μὴ
505 4903 800 4974 νομίσητε,
833 4904 917 4957 ὅτι
955 4902 1033 4966 ὡς
1067 4902 1267 4975 ἐχθρὸς
1292 4905 1439 4974 λέγω
1481 4906 1576 4959 καὶ
1606 4907 1901 4978 πολέμιος*

300 4994 396 5048 καὶ
429 4996 542 5057 τοῖς
574 4997 706 5066 παρ’
733 4998 869 5067 ἡμῖν
914 4996 1091 5050 ταῦτα
1126 4999 1483 5069 προφητεύω.
1516 4996 1651 5053 Εἶτα
1684 5002 1809 5071 ὅρα,
1851 5003 1906 5053 τί

297 5087 537 5156 γίνεται·
621 5087 899 5155 ἀντιλέγει
966 5091 995 5140 ὁ
1054 5088 1543 5162 ψευδοπροφήτης.
1606 5090 1782 5145 Τοῦτο
1846 5092 1903 5145 δὲ

298 5178 559 5249 ἐποίησεν
584 5179 613 5231 ὁ
645 5178 916 5241 διάϐολος,
948 5177 1091 5231 ὥστε
1113 5180 1407 5250 ἐμποδίσαι
1436 5184 1502 5252 τῇ
1533 5184 1863 5254 προρρήσει.

420 5272 490 5324 El
518 5270 823 5340 προφῆται
859 5275 1002 5338 είονι,
1032 5272 1129 5326 καὶ
1170 5272 1305 5325 ἐστι
1362 5275 1547 5341 λόγος
1581 5275 1806 5342 Κυρίου
1835 5275 1907 5329 ἐν

297 5362 529 5429 αὐτοῖς,
572 5363 1104 5433 ἀπαντησάτωσαν
1157 5364 1235 5433 δὴ
1280 5365 1361 5431 τῷ
1406 5368 1604 5435 Κυρίῳ
1634 5366 1756 5420 τῶν
1797 5369 1904 5423 δυ-

298 5453 540 5525 νάμεων
581 5456 732 5524 πρὸς
780 5456 849 5509 τὸ
900 5457 988 5526 μὴ
1044 5456 1414 5529 πορευθῆναι
1468 5459 1542 5511 τὰ
1595 5461 1792 5529 σκεύη
1833 5462 1907 5515 τὰ

300 5551 787 5622 ὑπολελειμμένα
807 5554 877 5607 ἐν
905 5554 1049 5619 οἴκῳ
1080 5556 1329 5621 Κυρίου,
1364 5554 1465 5609 καί
1496 5556 1567 5609 ἐν
1606 5558 1765 5625 οἰκίᾳ
1787 5558 1904 5623 ,ϐα-

302 5640 525 5709 σιλέως
580 5643 806 5710 Ἰούδα,
851 5645 950 5700 καί
997 5646 1067 5699 ἐν
1123 5644 1523 5719 Ἰερουσαλὴμ
1573 5650 1662 5714 είς
1710 5651 1904 5704 Βαϐυ-

302 5731 467 5787 λῶνα
479 5772 496 5788 .

382 5824 609 5898 Ἐπειδὴ
647 5828 697 5879 οἱ
756 5827 1210 5901 ψευδοπροφῆται
1266 5829 1510 5899 ἔφασκον
1572 5832 1741 5903 μηδὲν
1804 5835 1905 5903 μὲν

306 5922 538 5988 πάσχειν
588 5920 713 5984 τοὺς
757 5921 1058 5993 παρόντας,
1090 5922 1152 5981 τὸ
1203 5922 1259 5977 δὲ
1305 5922 1571 5991 ιναντίον,
1629 5926 1723 5978 καὶ⁵
1777 5926 1901 5990 τοὺς

2014 4710 2185 4779 igitur
2217 4721 2272 4765 et
2306 4710 2480 4765 fames
2506 4714 2784 4783 Opprimet
2822 4732 2935 4773 eos.

2087 4799 2254 4856 Vens.
2302 4802 2389 4857 12.
2425 4802 2496 4856 Et
2524 4806 2594 4857 ad
2626 4802 2921 4865 Sedeciaru.

2088 4894 2166 4950 Ne
2197 4897 2399 4966 putetis
2424 4912 2510 4952 me
2536 4907 2594 4951 ut
2627 4899 2912 4957 inimicum
2946 4909 2999 4955 et
3026 4902 3244 4958 hostem
3279 4904 3396 4959 haec
3422 4902 3618 4969 eﬂ'ari;

2010 4996 2065 5042 et
2098 4989 2301 5042 nostris
2342 4989 2507 5043 etiam
2543 4992 2658 5045 hac
2688 4993 2879 5047 eadem
2920 4995 3209 5050 vaticinor.
3252 4996 3459 5052 Deinde
3498 4998 3623 5053 vide

2012 5080 2144 5148 quid
2198 5081 2257 5134 iit
2292 5099 2305 5134 :
2339 5083 2672 5137 contradicit
2716 5085 3215 5156 pseudopropheta.
3269 5086 3385 5177 Hoc
3436 5102 3621 5146 autem

1984 5175 2282 5242 suggessit
2308 5174 2580 5240 diabolus,
2618 5186 2678 5229 ut
2714 5179 3122 5249 przedictionem
3161 5174 3471 5249 impediret.

2084 5268 2101 5284 ⁴
2138 5264 2301 5320 Vens.
2332 5266 2421 5320 18.
2458 5264 2517 5321 Si
2549 5268 2820 5336 propheta:
2858 5282 3003 5332 curat,
3057 5281 3107 5323 et
3146 5284 3221 5325 est
3254 5276 3468 5326 verbum
3505 5273 3620 5329 Do-

2009 5356 2143 5409 mini
2166 5356 2220 5410 in
2253 5357 2384 5422 illis,
2422 5369 2711 5413 occurrant
2741 5360 2861 5429 jam
2908 5362 3135 5415 Domino
3166 5364 3516 5430 exercituum,
3561 5378 3620 5419 ut

2012 5464 2115 5501 non
2147 5450 2252 5503 sint
2272 5466 2398 5503 vasa
2425 5466 2545 5517 qua
2572 5438 2827 5506 derelicta
2859 5453 3079 5522 fuerant
3110 5456 3166 5509 in
3193 5457 3351 5510 domo
3377 5457 3618 5522 Domini,

2009 5550 2058 5593 et
2114 5542 2166 5593 in
2210 5542 2367 5595 domo
2400 5560 2539 5612 regis
2577 5541 2725 5599 Iuda
2772 5550 2908 5601 etin
2936 5546 3257 5613 Jerusalem,
3294 5550 3348 5604 iu
3383 5549 3619 5621 Babylo-

2012 5647 2147 5684 nem.

1994 5892 2003 5898 .
2085 5844 2217 5898 Cum
2289 5843 2411 5899 falsi
2464 5847 2750 5916 prophetae
2803 5860 3189 5907 asseverarent
3231 5866 3329 5908 eos
3360 5854 3451 5924 qui
3490 5864 3619 5909 tunc

2010 5936 2239 5991 aderunt
2295 5936 2370 5991 nil
2399 5952 2682 6006 passuros,
2715 5939 2964 6009 quinitno
2996 5942 3050 5997 in
3084 5945 3425 6001 contrarium
3473 5944 3612 6017 fere,
