4226 6448
682 432 787 490 963

1499 403 2063 472 ευΡΡιεΜΕΝτυιι
2096 403 2190 460 AD
2230 401 2288 457 S.
2328 399 2379 454 J.
2417 388 2922 454 CHRYSOSTOMI
2960 383 3212 445 OPEBA.

3846 369 3954 426 966

685 555 745 600 ut
768 552 824 600 et
843 543 880 598 ii
909 540 1000 613 qui
1028 535 1275 595 translati
1304 532 1522 588 fuerant
1558 529 1823 592 redirent,
1855 524 1930 578 ait
1953 520 2212 592 propheta
2239 532 2253 568 :
2289 524 2333 576 Α
2362 509 2746 567 ἀποικισθέντα

2378 509 2780 572 ὶποικισθέντας
2803 503 3101 562 ἐπανιέναι,
3116 494 3308 565 λέγειό
3329 488 3634 564 προφήτης.
3658 481 3954 555 Εἱάληθῶς

2403 607 2414 613 -
2568 597 2594 613 η
2865 596 2890 608 -
2961 611 2989 613 η
3041 591 3130 613 ---ι
3173 585 3420 613 ι.-λ..-.Ἱ
3434 601 3491 613 -..
3521 579 3720 613 ...ιη-..ξω
3744 577 3773 613 Α
3797 573 3930 613 ac»

693 635 753 691 Si
785 632 900 689 veri
927 611 1212 701 prophetae
1251 632 1378 680 sunt
1424 623 1501 690 hi,
1530 630 1602 699 ct.
1628 619 1772 674 Deus
1819 614 1968 670 misit
1997 611 2138 675 illos,
2176 622 2268 663 oe-

690 731 916 780 currant
958 721 1072 787 jam
1139 716 1408 780 Domino;
1445 710 1601 782 quasi
1656 707 1916 763 diceret:
1969 702 2270 757 Precentur

687 815 878 877 Deum,
929 783 996 864 ne
1035 823 1098 862 ea
1152 821 1272 876 qua:
1326 803 1664 874 possidemus
1712 795 2072 854 abducantur,
2125 783 2270 855 quod

689 918 819 956 sane
842 900 1056 954 [acilius
1082 905 1167 952 est
1215 909 1378 966 quam
1410 890 1552 959 quod
1584 885 1620 940 ii
1647 884 1741 956 qui
1775 879 2025 937 translati
2057 877 2271 932 inerant

693 995 952 1055 redeant;
994 997 1053 1044 ut
1082 1002 1149 1042 ex
1192 964 1280 1040 his
1314 990 1744 1052 cognoscamus.
1794 972 2036 1027 futurum
2070 964 2274 1038 pariter

697 1091 755 1137 et
795 1082 947 1136 illud.

764 1173 902 1242 Quid
933 1169 1036 1226 sibi
1064 1167 1178 1223 vult
1208 1163 1341 1220 illud
1370 1179 1386 1216 :
1423 1158 1722 1217 Occurrant
1752 1154 1884 1208 mihi
1914 1152 2046 1216 Deo,
2079 1156 2138 1203 ut
2172 1162 2277 1201 non

694 1238 906 1320 veniant
939 1257 1110 1314 vasa?
1140 1255 1257 1310 Hoc
1305 1259 1387 1307 est
1434 1249 1694 1318 impedire
1722 1244 1915 1307 Deum,
1951 1238 2280 1309 persuadere

697 1351 777 1409 illi
824 1353 1118 1408 ostendens
1163 1347 1330 1403 etiam
1364 1343 1717 1398 advenientes
1765 1338 1817 1391 iu
1869 1347 2156 1391 occursum
2187 1343 2279 1384 ne-

699 1459 979 1517 quaquam
1011 1443 1151 1495 scire
1184 1453 1251 1493 an
1299 1437 1366 1491 ad
1402 1435 1625 1498 bellum,
1661 1447 1727 1484 an
1770 1428 1838 1483 ad
1876 1423 2280 1495 impediendum

699 1515 939 1591 .ludaaos.
981 1530 1098 1585 Non
1135 1529 1280 1594 dico,
1315 1527 1414 1589 ait,
1448 1536 1507 1579 ut
1543 1521 1908 1594 persuadeant
1937 1515 2122 1571 reduci
2152 1528 2282 1570 vasa

702 1641 821 1694 qua:
851 1631 1008 1692 capta
1041 1628 1199 1686 sunt,
1229 1619 1325 1674 sed
1357 1625 1419 1671 ut
1470 1613 1687 1669 valeant
1737 1609 1945 1679 reliqua
1993 1619 2125 1662 vasa
2179 1605 2284 1660 im-

704 1716 914 1788 pedire.

1277 1933 1430 1989 CAP.
1472 1928 1565 1985 XX
1578 1927 1708 1985 νιιι.

782 2079 944 2136 Vasa.
983 2075 1038 2130 5.
1081 2072 1146 2128 Et
1175 2070 1311 2125 dixit
1344 2067 1631 2124 Jersmius.

780 2170 915 2226 Cum
946 2166 1188 2221 Anauias
1215 2159 1690 2233 pseudopmpbeta
1725 2153 1974 2218 dixisset,
2006 2159 2129 2221 post
2155 2149 2291 2205 duos

712 2276 887 2318 annos
928 2258 1042 2314 fore
1071 2265 1128 2312 ut
1169 2270 1301 2312 vasa
1334 2267 1490 2307 sacra
1542 2266 1574 2306 e
1621 2248 1895 2318 Babylone
1933 2244 2291 2307 referrentur,

714 2355 852 2411 dixit
880 2350 1148 2408 Jeremias
1173 2356 1429 2403 eventum
1467 2342 1822 2414 probaturum
1852 2338 2122 2393 sermonis
2151 2335 2296 2389 veri-

718 2455 905 2501 tatem.
1283 2491 1288 2498 _

785 2533 956 2589 Vens.
985 2531 1038 2586 ϐ.
1088 2527 1241 2593 Vere,
1273 2534 1384 2581 etc.

784 2625 864 2679 Ne
892 2622 1093 2694 putetis
1120 2633 1205 2674 me
1233 2616 1387 2672 vobis
1407 2628 1531 2670 esse
1563 2609 1883 2675 inimicum;
1911 2607 2069 2678 cupio
2095 2620 2218 2676 ego,
2243 2614 2298 2659 et

720 2728 852 2784 rogo
879 2726 994 2767 rem
1027 2711 1100 2764 ita
1128 2722 1271 2773 esse,
1304 2716 1501 2773 meque
1520 2699 1763 2756 mentiri.
2022 2699 2031 2707 '

797 2895 965 2949 νεεδ.
1003 2891 1058 2944 7.
1098 2887 1475 2943 Verumtamen
1508 2882 1711 2936 audite.

795 2983 1000 3040 Deinde
1030 2995 1097 3036 ne
1119 2993 1215 3035 eos
1241 2976 1527 3048 segniores
1556 2973 1834 3037 redderet,
1866 2970 2152 3025 considera
2194 2981 2303 3038 quo

723 3087 882 3149 pacto
918 3080 1157 3137 terreat,
1197 3080 1405 3124 tantum
1442 3082 1547 3121 non
1604 3065 1794 3120 dicens
1841 3063 1977 3117 nihil
2010 3060 2116 3116 tale
2151 3059 2300 3116 futu-

728 3183 883 3230 rum;
917 3176 972 3221 et
1029 3164 1354 3229 ostendens,
1403 3173 1593 3213 omnes
1639 3157 1932 3227 prophetas
1973 3155 2065 3225 qui
2123 3153 2300 3209 tristia

727 3259 1079 3323 denuntiant,
1115 3254 1350 3309 maxime
1375 3265 1499 3307 esse
1528 3264 1772 3304 veraces.

793 3351 960 3405 Vsus.
989 3348 1044 3402 9.
1089 3345 1154 3398 Et
1185 3344 1307 3397 tulit
1343 3342 1585 3395 Ananias
1614 3339 2063 3408 pseudopropheta
2102 3338 2160 3392 in
2185 3353 2312 3392 eon-

729 3452 904 3510 spectu
962 3437 1133 3492 omnis
1187 3435 1368 3505 populi
1396 3444 1561 3486 vectes
1607 3432 1672 3486 de
1709 3431 1848 3486 collo
1891 3430 2136 3484 Ieremia:
2183 3445 2310 3498 pro-

734 3532 918 3602 phetat,
946 3538 997 3583 et
1030 3527 1276 3581 contrivit
1300 3539 1409 3579 eos.
1443 3520 1511 3576 Et
1535 3536 1657 3591 qua:
1683 3528 2004 3589 sequuntur.

800 3708 1066 3767 Jeremias
1113 3706 1168 3760 in
1212 3703 1349 3759 collo
1394 3701 1580 3770 iugum
1636 3709 1885 3768 portans,
1944 3705 2002 3751 ut
2046 3695 2123 3750 illi
2171 3694 2312 3749 Deus

731 3807 1086 3874 praeceperat,
1133 3804 1324 3850 contra
1358 3802 1547 3863 gentes
1583 3790 1950 3856 vaticinatus;
1985 3788 2313 3841 vaticinatus

733 3901 901 3950 estet
933 3896 1120 3942 contra
1151 3883 1472 3941 Jerusalem.
1506 3881 1636 3936 Erat
1663 3889 1845 3936 autem
1878 3887 2106 3948 quartus
2139 3891 2314 3930 anmts

737 3980 999 4045 Sedecia,
1030 3989 1088 4032 ut
1109 3978 1334 4046 ipsemet
1366 3974 1562 4028 asserit
1588 3971 1871 4041 propheta.
1901 3968 2104 4036 Quinto
2130 3969 2317 4039 itaque

739 4085 925 4128 mense
968 4067 1127 4137 huius
1160 4067 1283 4120 anni
1315 4065 1555 4121 Anauias
1596 4058 2065 4133 pseudopropheta
2116 4061 2168 4114 in
2204 4075 2315 4114 me-

738 4160 889 4216 dium
919 4169 1188 4225 proruens
1240 4149 2020 4222 captivorumvaticinabatur
2058 4149 2314 4213 reditum,

738 4247 1282 4305 Nabuchodonosoris
1307 4243 1607 4306 interitum,
1634 4251 1708 4308 et,
1736 4243 1848 4296 haec
1868 4240 2025 4310 quasi
2054 4241 2144 4295 Dei
2162 4240 2316 4309 jussu

742 4343 980 4404 faceret,
1008 4337 1265 4392 contrivit
1307 4329 1518 4404 iugum.
1555 4332 1692 4386 Tum
1726 4331 2016 4401 subjicitur
2070 4329 2320 4385 Jeremiaa

742 4431 1002 4486 revelatio
1035 4439 1222 4482 contra
1272 4425 1446 4491 illum,
1496 4435 1553 4478 et
1587 4422 1850 4478 revelatio
1877 4422 2158 4476 veritatem
2190 4428 2320 4475 c‘on-

2369 607 2508 657 είσιν
2539 597 2685 656 οῦτοι
2714 596 3014 668 προφῆται,
3039 591 3136 645 καὶ
3168 585 3491 644 ἀπέστειλεν
3520 579 3720 641 αὐτοὺς
3744 577 3773 629 6
3797 573 3954 640 Θεὸς,

2369 666 2845 764 ἀπαντησάτωσαν
2874 686 2940 756 δὴ
2989 681 3068 753 τῷ
3105 676 3317 749 Κυρίῳ,
3341 673 3641 732 τουτέστιν,
3675 666 3954 734 sesese...-

2373 802 2472 840 σαν
2503 760 2641 856 πρὸς
2666 782 2757 836 τὸν
2779 776 3091 843 Θεὸν,ὥστε
3116 772 3184 825 τὰ
3199 772 3328 825 ὄντα
3358 769 3434 838 μὴ
3458 764 3792 834 ἀπαχθῆναι,
3818 760 3958 828 ὅπερ

2373 849 2597 931 εὔκολον
2622 873 2825 946 μᾶλλόν
2851 873 3024 932 ἐστιν,
3049 867 3083 937 ἢ
3109 865 3235 928 τοὺς
3268 858 3693 919 ἀποικισθέντας
3726 849 3962 906 ἐπανελ-

2375 967 2511 1036 θεῖν,
2536 967 2626 1020 ἵνα
2644 964 2756 1020 ἀπὸ
2781 961 2990 1016 τούτων
3019 957 3263 1028 γνῶμεν,
3287 953 3362 1017 ὡς
3391 952 3618 1005 κάκεῖνο
3639 947 3814 1001 ἐσται.

2447 1153 2516 1208 Τί
2567 1155 2716 1207 ἐστιν
2741 1164 2758 1180 ο
2800 1138 3360 1212 Ἀπαντησάτωσάν
3388 1154 3484 1206 μοι
3514 1132 3595 1201 τῷ
3630 1131 3770 1196 Θεῷ,
3803 1129 3968 1184 ὥστε

2374 1248 2460 1318 μὴ
2507 1240 2853 1314 ἀπαχθῆναι
2900 1239 2974 1292 τὰ
3022 1235 3250 1299 amis];
3276 1228 3540 1284 Τουτέστι
3587 1223 3832 1280 κωλῦσαι
3870 1220 3968 1273 τὸν

2380 1313 2534 1405 Θεὸν,
2564 1313 2751 1390 πεῖσαι
2773 1332 2957 1394 αὑτὸν,
3003 1327 3217 1390 δεικνὺς
3250 1324 3346 1378 καὶ
3375 1323 3492 1376 ἐκεῖ
3518 1319 3578 1372 τὸ
3608 1317 3716 1371 τῶν
3738 1313 3972 1383 εὐχομέ-

2381 1449 2490 1487 νων
2537 1429 2711 1502 [forte
2745 1423 3056 1497 ἐρχομένων
3089 1420 3110 1492 ]
3155 1420 3237 1481 εἰς
3278 1413 3605 1483 ἀπάντησιν,
3648 1407 3862 1479 μήποτε
3885 1404 3971 1466 είς

2383 1495 2621 1594 πόλεμον
2659 1495 2790 1592 [τον.
2846 1517 2987 1587 μήτε
3028 1514 3087 1567 οὺ
3139 1512 3220 1574 είς
3271 1507 3392 1562 πόλ.
3417 1503 3438 1578 ]
3462 1505 3495 1574 ἢ
3521 1503 3602 1564 είς
3625 1501 3686 1552 τὺ
3720 1495 3972 1551 κωλῦσαι

2383 1587 2534 1679 τοὺς.
2563 1587 2854 1673 Ἰουδαίους
2907 1604 3159 1661 ἐπελθεῖν
3191 1601 3399 1663 αὐτοῖς.
3455 1596 3532 1650 Οὐ
3563 1594 3726 1661 λέγω,
3775 1587 3972 1660 φησὶν,

2386 1709 2471 1762 δτι
2506 1704 2864 1761 Πεισάτωσαν
2906 1698 3204 1765 ἀναγαγεῖν
3238 1692 3311 1746 τὰ
3339 1688 3532 1758 σκεύη,
3569 1687 3638 1739 τὰ
3659 1680 3968 1755 ληφθέντα·

2387 1797 2774 1870 δυνηθήτωσαν
2796 1791 2865 1846 τά
2896 1788 3069 1858 σκεύη
3101 1786 3170 1840 τὰ
3195 1782 3465 1838 ὑπόλοιπα
3493 1774 3756 1833 κωλῦσαι.

2963 1925 3224 1982 ΚΕΦΑΛ.
3259 1920 3398 1976 KH’.

2463 2067 2575 2124 Kal
2611 2063 2784 2122 εἴπεν
2821 2062 3122 2131 Ἱερεμίας.

2474 2158 2720 2215 ’Δνανίου
2752 2155 2847 2210 τοῦ
2881 2149 3336 2225 ψευδοπροφήτου
3383 2141 3689 2216 εἰρηκότος,
3729 2138 3806 2201 ὡς
3833 2136 3978 2208 μετά

2393 2252 2488 2307 δύο
2527 2251 2624 2321 ἔτη
2669 2247 3070 2318 ὑποστρέφουσι
3095 2239 3165 2294 τὰ
3198 2239 3330 2306 ἆγια
3372 2234 3546 2301 σκεύη
3578 2233 3644 2285 ἐκ
3665 2229 3764 2298 τῆς
3790 2226 3977 2280 Βαϐυ-

2395 2345 2585 2408 λῶνος,
2611 2317 2785 2394 ⁷εἶπεν
2812 2317 2859 2392 ὀί
2891 2333 3188 2407 Ἱερεμίας,
3225 2332 3310 2384 ὅτι
3346 2327 3410 2382 τὸ
3452 2327 3628 2396 πέρας
3662 2321 3826 2386 δείξει
3861 2317 3977 2371 τῶν

2396 2432 2571 2503 λόγων
2597 2431 2699 2501 τὴν
2721 2425 3005 2499 ἀλήθειαν.

2480 2521 2755 2591 Ἀληθῶς,
2786 2537 2843 2574 κ.
2878 2536 2929 2572 τ.
2965 2516 3015 2570 λ.

2471 2617 2588 2670 Ἵνα
2619 2613 2695 2685 μὴ
2737 2611 2998 2682 νομίσητε
3019 2648 3037 2673 ,
3068 2607 3150 2661 ὅτι
3180 2602 3294 2674 ἐγὼ
3335 2602 3464 2673 ὑμῖν
3498 2595 3719 2668 πολεμῶ
3738 2612 3753 2626 ·
3796 2592 3982 2665 βούλο-

2403 2725 2504 2780 μαι
2529 2703 2641 2774 ἐγὼ
2663 2703 2760 2759 καὶ
2797 2701 3032 2772 εῦχομαι
3061 2695 3222 2753 τοῦτο
3261 2689 3426 2758 εἶναι,
3446 2688 3550 2744 ’καὶ
3575 2686 3814 2759 ἐμαυτὸν
3843 2685 3982 2755 ψεύ-

2400 2799 2608 2853 δεσθαι.

2469 2887 2644 2954 Πλὴν
2671 2883 2990 2940 ἀκούσατε.

2471 2976 2609 3034 Είτα
2640 2977 2727 3031 ἵνα
2771 2975 2846 3045 μὴ
2883 2968 3291 3044 ῥᾳθυμοτέρως
3330 2964 3554 3036 ποιήσῃ,
3585 2963 3687 3032 ὅρα
3723 2957 3845 3021 πῶς
3882 2954 3984 3011 αὖ-

2400 3071 2527 3134 τοὺς
2555 3067 2743 3140 φοϐεῖ,
2773 3064 3057 3136 μονονουχὶ
3093 3060 3288 3129 λέγων,
3315 3058 3398 3110 ὅτι
3424 3054 3580 3107 οὐδὲν
3629 3052 3784 3103 ἐσται
3806 3045 3986 3101 τοιοῦ-

2406 3182 2499 3217 τον
2523 3204 2540 3230 ,
2570 3138 2686 3215 ἐκαὶ
2736 3155 2991 3221 δεικνὺς,
3036 3154 3120 3207 ὅτι
3168 3151 3372 3212 πάντες
3412 3147 3463 3200 oi
3493 3143 3773 3215 προφῆται
3824 3141 3873 3194 οἱ
3915 3138 3988 3194 τά

2406 3252 2629 3324 λυπηρά
2655 3251 2930 3319 λέγοντες,
2959 3239 3107 3301 οῦτοι
3136 3242 3372 3314 μάλιστα
3401 3232 3544 3309 ἦσαν
3565 3235 3806 3305 ἀληθεῖς.

2481 3347 2500 3368 ·
2540 3322 2681 3398 νΚαί
2745 3339 2968 3395 ἔλασεν
3058 3333 3331 3398 Ἀνανίας
3390 3331 3425 3383 ό
3484 3322 3988 3395 ψευδοπροφήτης

2407 3439 2616 3493 ἔναντι
2663 3430 2892 3496 παντὸς
2931 3426 3040 3483 τοῦ
3087 3424 3242 3481 λαοῦ
3293 3421 3436 3488 τοὺς
3461 3419 3704 3485 κλοιοὺς
3723 3419 3844 3474 ἀπὸ
3879 3413 3990 3472 τοῦ

2411 3526 2719 3598 τραχήλου
2766 3519 3049 3590 Ἱερεμίου
3079 3517 3183 3571 τοῦ
3211 3511 3542 3585 προφήτου,
3577 3511 3677 3564 καί
3701 3508 3993 3577 συνέτρι-

2410 3625 2533 3691 ψεν
2565 3614 2810 3680 αὐτοὺς,
2839 3611 2936 3666 καὶ
2956 3610 3026 3664 τὰ
3061 3607 3210 3677 ἐξῆς.

2493 3706 2554 3764 '0
2596 3705 2868 3778 Ἱερεμίας
2900 3702 2991 3755 τὸν
3024 3699 3204 3767 ζυγὸν
3229 3697 3322 3750 ἐπὶ
3359 3693 3452 3748 τοῦ
3498 3693 3772 3765 τραχήλου
3808 3691 3990 3763 φέρων

2413 3801 2558 3856 κατά
2588 3800 2650 3853 τὸ
2707 3797 2804 3851 τοῦ
2851 3794 2990 3848 Θεοῦ
3032 3793 3385 3864 πρόσταγμα,
3421 3787 3811 3859 προφητεύσας
3854 3787 3992 3838 κατά

2414 3895 2523 3948 τῶν
2574 3892 2748 3944 ἐθνῶν
2790 3888 3170 3960 προεφήτευσε
3219 3883 3317 3936 καὶ
3374 3879 3520 3936 κατὰ
3561 3879 3662 3950 τῆς
3719 3877 3991 3949 Ἰερουσα-

2416 3985 2551 4056 λήμ.
2598 3979 2708 4036 Ἦν
2753 3981 2811 4034 δὲ
2835 3981 3096 4050 τέταρτον
3139 3974 3258 4039 ἐτος
3287 3973 3382 4028 τοῦ
3415 3970 3691 4037 Σεδεκίου,
3722 3969 3799 4033 ὡς
3830 3969 3990 4032 αὐτὸς

2416 4076 2446 4127 6
2507 4073 2796 4144 προφήτης
2847 4069 3019 4138 λέγει.
3088 4067 3177 4119 Ἐν
3219 4063 3400 4118 τοίνυν
3457 4061 3537 4132 τῷ
3582 4063 3819 4131 πέμπτῳ
3862 4060 3990 4130 μηνὶ

2416 4166 2607 4221 τούτου
2639 4163 2734 4219 τοῦ
2770 4163 2925 4225 ετους
2977 4159 3228 4222 Ἀνανίας
3259 4160 3288 4211 6
3322 4155 3779 4227 ψευδοπροφήτης
3821 4151 3991 4206 ἐλθὼν

2420 4258 2657 4329 ἐμήνυεν
2713 4253 2866 4309 ἀοδον
2921 4250 3052 4324 [ῑσ.
3101 4245 3325 4319 ἄνοδον]
3381 4245 3489 4299 τῶν
3529 4242 3995 4316 αἰχμαλωτισθέν-

2418 4366 2553 4414 των,
2588 4345 2801 4400 καὶτοῦ
2831 4340 3308 4413 Ναϐουχοδονόσορ
3341 4338 3638 4401 ἀπώλειαν,
3669 4338 3784 4402 καὶ,
3822 4335 3898 4398 ὼς
3931 4331 3994 4404 δή

2420 4438 2562 4493 κατὰ
2596 4439 2931 4511 πρόσταγμα
2963 4433 3101 4488 Θεοῦ
3145 4431 3336 4498 ποιῶν,
3371 4428 3660 4500 συνέτριψε
3689 4427 3778 4480 τὸν
3809 4426 3989 4495 ζυγόν.

744 4521 967 4574 tlrmaus
994 4532 1204 4582 eorum,
1235 4530 1355 4586 quae
1399 4514 1701 4586 prmbabita
1741 4512 1929 4578 fuere;
1975 4511 2053 4564 ait
2082 4511 2225 4566 enim
2253 4509 2320 4564 ad
2351 4555 2396 4609 Β
2425 4530 2560 4586 Εἶτα
2601 4509 2726 4584 κάτ’

2378 4530 2560 4607 )Εἷτα
2601 4533 2726 4584 κατ’
2788 4527 2955 4584 αὐτοῦ
3010 4523 3357 4594 ἀποκάλυψις
3406 4520 3503 4575 τοῦ
3566 4519 3854 4592 Ἰερεμίου,
3902 4518 3994 4570 καὶ

743 4630 865 4669 eum
897 4629 914 4667 2

815 4794 1110 4853 Considera
1135 4799 1382 4863 peccata,
1406 4790 1867 4859 reprehensiones
1901 4790 1954 4844 in
1991 4787 2150 4843 nobis
2175 4799 2318 4841 esse.

746 4887 886 4957 Quid
920 4885 1085 4956 igitur
1113 4881 1421 4939 Jeremias!
1450 4879 1536 4935 Nil
1566 4881 1726 4950 plane
1749 4879 1882 4950 egit,
1906 4894 2028 4935 cum
2056 4875 2325 4934 sulﬁcien—

751 4991 859 5036 tem
896 4977 1382 5047 reprehensionem
1413 4975 1785 5041 exposuisset.

813 5069 980 5124 Vens.
1003 5068 1105 5123 45.
1146 5064 1262 5120 Hoc
1318 5081 1458 5120 anno
1507 5075 1563 5118 tu
1599 5064 1841 5118 morieris
1871 5061 1967 5133 (tu
2000 5061 2240 5117 vindicta
2272 5061 2327 5115 in

751 5175 875 5216 eum
905 5158 1091 5227 facta),
1114 5155 1238 5224 quia
1268 5171 1322 5208 es
1354 5154 1560 5208 locutus
1593 5162 1777 5206 contra
1811 5152 2126 5207 Dominum.‘

823 5249 935 5304 Hoc
968 5257 1054 5303 est
1080 5247 1416 5303 contrarium
1449 5243 1718 5300 voluntati
1748 5243 1986 5309 Domini,
2017 5252 2072 5299 et
2105 5242 2326 5298 subdit:

827 5451 991 5505 Vens.
1033 5451 1119 5505 16.
1151 5449 1217 5505 Et
1247 5460 1484 5504 mortuus
1514 5461 1587 5503 est
1619 5450 1857 5504 Ananias
1880 5447 2329 5519 pseudopropheta

756 5543 814 5597 in
847 5558 988 5596 anno
1019 5541 1112 5594 illo
1145 5550 1262 5609 post
1295 5539 1429 5594 duos
1463 5556 1664 5594 menses
1708 5555 2010 5594 sermonum
2041 5538 2328 5609 prophetae.

837 5724 933 5781 llis
981 5743 1107 5783 vero
1152 5726 1422 5797 peractis,
1458 5723 1650 5780 scribit
1696 5721 1960 5778 Jeremias
2007 5725 2076 5778 ad
2105 5736 2201 5778 eos
2241 5721 2331 5792 qui

761 5827 916 5876 erant
943 5819 996 5875 in
1047 5819 1539 5890 transmigrationis,
1576 5817 1718 5873 sicut
1754 5816 2012 5886 precepit
2045 5816 2122 5873 illi
2154 5816 2293 5872 Deus
2314 5853 2330 5878 ,

2421 4622 2766 4692 ἀποκάλυψις
2817 4621 2920 4690 τῆς
2983 4616 3246 4689 ἀληθείας
3291 4614 3402 4668 τῶν
3456 4611 3665 4680 λόγων·
3701 4610 3838 4682 φησὶ
3891 4609 3994 4679 γὰρ

2423 4717 2560 4788 πρὸς
2589 4715 2773 4773 αὐτόν.

2496 4805 2644 4878 Ὀρα
2684 4804 2817 4877 παρ’
2844 4804 2979 4876 ἡμῖν
3033 4799 3102 4853 τὰ
3135 4797 3535 4871 ἁμαρτήματα,
3569 4795 3696 4858 τοὺς
3722 4793 3993 4865 ἐλέγχους.

2423 4900 2491 4954 Τί
2512 4893 2603 4953 οῦν
2625 4899 2653 4951 6
2696 4894 3001 4968 Ἱερεμίαςς
3028 4891 3197 4945 Οὐδὲν
3227 4888 3388 4943 πλέον
3413 4887 3688 4957 ἐποίησεν,
3723 4883 3995 4956 ἀρκοῦντα

2423 4993 2516 5047 τὸν
2543 4992 2765 5062 ἔλεγχον
2793 4985 3228 5056 ἐπιδειξάμενος.

2495 5083 2515 5104 ⁶
2549 5081 2744 5144 Τούτῳ
2781 5077 2860 5144 τῷ
2880 5074 3132 5140 ἐνιαυτῷ
3153 5073 3236 5128 σὺ
3258 5069 3534 5140 ἀποθανῇ
3591 5067 3702 5140 (ὅτε
3725 5069 3996 5142 ἐκδίκησιν

2430 5174 2696 5244 ἐποίησας
2727 5168 2924 5240 αὐτῷ),
2948 5168 3234 5242 λαλήσας
3247 5166 3397 5235 πρὸς
3421 5163 3530 5218 τὸν
3553 5163 3794 5231 Κύριον.

2498 5262 2793 5318 Τουτέστιν
2834 5258 3082 5314 ἐναντίαν
3117 5260 3183 5330 τῇ
3218 5257 3382 5329 βουλῇ
3433 5255 3526 5309 τοῦ
3577 5253 3713 5309 Θεοῦ
3736 5292 3751 5317 ,
3785 5254 3878 5308 καὶ
3905 5253 3997 5307 ἐπ-

2433 5355 2556 5425 άγει
2573 5370 2588 5386 °

2502 5447 2613 5504 Kal
2645 5445 2945 5500 ἀπέθανεν
3003 5443 3272 5508 Ἀνανίας
3311 5443 3344 5496 ὁ
3390 5439 3902 5512 ¹ιιτευδοπροφήτης
3937 5439 4000 5492 έν

2433 5541 2512 5606 τῷ
2541 5536 2797 5601 ἐνιαυτῷ
2830 5536 3041 5603 ἐκείνῳ
3083 5536 3154 5589 ἐν
3193 5533 3273 5600 τῷ
3294 5533 3438 5603 μηνί
3468 5531 3696 5602 ἑϐδόμῳ
3726 5535 3876 5602 μετὰ
3900 5531 3999 5587 δύο

2430 5631 2632 5701 μῆνας
2658 5627 2777 5682 τῶν
2804 5626 3004 5696 λόγων
3027 5625 3134 5680 τοῦ
3159 5624 3488 5695 προφήτου,

2505 5722 2726 5776 Τούτων
2773 5719 2831 5772 δέ
2876 5718 3188 5790 γενομένων
3243 5718 3446 5789 γράφει
3485 5717 3516 5769 6
3569 5716 3840 5790 Ἱερεμίας
3873 5716 4002 5769 κατά

2437 5815 2768 5886 πρόσταγμα
2819 5811 2955 5866 Θεοῦ
3027 5811 3168 5882 πρὸς
3226 5811 3354 5874 τοὺς
3421 5811 3480 5862 ἐν
3540 5812 3607 5881 τῇ
3649 5810 3880 5880 ἀποικίᾳ
3936 5812 4002 5878 μή
