4226 6492
740 426 842 481 967

1510 419 2074 482 SUPPLEMENTUH
2112 425 2203 481 AD
2241 425 2298 481 S.
2339 425 2387 482 J.
2429 424 2928 484 CllliYSOSTOMl
2966 427 3220 486 OPEBA.

744 563 851 605 non
883 549 1021 604 bene
1046 547 1298 616 explicet,
1337 545 1460 600 ideo
1489 544 1610 602 loco
1634 547 2184 613 carceris,clausur:e
2213 560 2311 601 no-
2345 551 2387 606 Α
2420 563 2540 599 erat:
2563 564 2576 576 -
2625 548 2654 600 ό
2685 548 2790 620 γὰρ
2853 547 3104 617 Ἐϐραῖος
3149 567 3220 618 φυ

2420 563 2576 599 εται’
2625 548 2654 600 ό
2685 548 2790 620 γὰρ
2853 547 3104 617 Ἐϐραῖος
3149 548 3400 621 φυλακὴν
3435 549 3496 605 οὐ
3543 548 3767 606 δύναται
3816 552 4002 624 σαφῶς

741 645 890 697 mine
923 641 1112 695 utitur.

809 823 970 879 Vsus.
1001 823 1091 879 32.
1149 822 1283 878 Ecce
1310 837 1404 893 ego
1439 821 1680 876 visitabo.

803 915 942 980 Quid
972 916 1074 969 hoc
1095 910 1467 984 portentosius
1495 910 1609 964 ﬁeri
1655 909 1879 979 potest?
1925 908 2152 964 Sameas
2199 914 2318 962 erat

736 1006 828 1062 oui
863 1007 1002 1060 bona
1039 1003 1340 1060 Jerusalem
1395 1001 1613 1056 visurus
1669 1017 1775 1055 non
1807 1011 1953 1066 erat,
2010 999 2228 1069 illisque
2256 998 2317 1052 ii-

733 1112 858 1152 uem
887 1095 1037 1162 facit,
1064 1111 1170 1150 non
1194 1094 1420 1150 fortuito
1448 1093 1700 1148 evenisse
1731 1106 1854 1163 quae
1879 1099 2310 1162 praecesserant:

734 1204 857 1242 cum
885 1189 1030 1243 enim
1063 1186 1359 1243 Jecbonias
1390 1195 1583 1255 sponte
1621 1197 1682 1238 se
1708 1184 2021 1246 dedidisset,
2053 1196 2120 1236 ne
2151 1189 2315 1250 puta-

2421 638 2618 702 είπεῖν,
2656 639 2777 691 ἀντὶ⁵
2803 638 2858 691 δὲ
2887 639 3264 711 δεσμωτηρίου
3289 681 3303 707 ,
3331 644 3394 714 τῇ
3422 639 3517 697 τοῦ
3541 641 4000 713 ἐγκλειστημίου

2419 725 2620 795 χρῆται
2642 731 2816 798 φωνῇ·

2503 817 2649 872 Ἰδοὺ
2670 819 2786 889 ἐγὼ
2804 817 3237 889 ἐπισκέψομαι.

2493 905 2558 960 Τί
2592 907 2787 962 τούτου
2813 909 3014 977 γένοιτ’
3041 909 3108 963 ἂν
3134 927 3192 963 τε
3204 911 3638 984 ρατωδέστερονς
3687 913 3907 983 Σαμέας
3934 908 4000 984 ἦν

2417 1000 2445 1052 ὁ
2485 1000 2561 1072 μὴ
2588 1000 2799 1071 μέλλων
2825 1001 2959 1072 ὸρᾷν
2986 1001 3056 1055 τὰ
3098 1002 3278 1071 ἀγαθὰ
3309 1003 3672 1076 Ἰερουσαλὴμ
3704 1005 3771 1059 τὰ
3801 1003 3999 1076 προλα-

2418 1089 2609 1155 ϐόντα,
2644 1092 2919 1156 κάκείνοις
2972 1092 3154 1147 πίστιν
3199 1094 3420 1160 ἐδωκεν,
3454 1095 3537 1148 δτι
3566 1097 3668 1150 οὐκ
3717 1096 3998 1166 αὐτόματα

2420 1181 2622 1251 συνέδη
2647 1197 2663 1212 ·
2693 1181 2886 1253 ἐπειδὴ
2911 1183 3021 1255 γὰρ
3049 1185 3099 1236 oi
3141 1185 3272 1255 περὶ
3340 1186 3596 1256 Ἰεχονίαν
3623 1187 3805 1240 ἑκοντὶ
3860 1203 3997 1257 παρ-

737 1291 862 1335 rent
896 1280 1078 1335 minus
1133 1278 1395 1334 habuisse
1425 1277 1571 1346 quod
1621 1275 1732 1330 Deo
1761 1273 2075 1344 paruissent
2111 1290 2125 1328 :
2161 1270 2317 1328 Vide-
2413 1271 2627 1325 ἐδωκαν
2661 1271 2900 1340 ἑαυτοῖς,
2925 1273 3014 1326 ινα
3033 1273 3109 1344 μὴ
3130 1291 3220 1344 νομ

2413 1271 2627 1325 ἑδωκαν
2661 1271 2900 1340 ἑαυτοῖς,
2925 1273 3014 1326 ινα
3033 1273 3109 1344 μὴ
3130 1274 3430 1344 νομίσωσιν
3457 1275 3682 1329 ἔλαττον
3704 1276 3997 1348 ἐσχηκέναι

741 1371 891 1437 bitis,
921 1371 1021 1435 ait,
1051 1384 1174 1440 qua
1200 1369 1255 1425 lii
1282 1369 1421 1424 bona
1447 1365 1744 1423 habebnt.

1335 1586 1493 1644 CAP.
1549 1583 1718 1639 XXX.

803 1724 965 1779 Vens.
995 1723 1051 1777 2.
1085 1721 1178 1778 Sic
1198 1722 1330 1777 dixit
1363 1719 1642 1775 Dominus.

800 1819 950 1874 Adeo
982 1814 1186 1882 certus,
1219 1814 1416 1884 inquit,
1438 1829 1556 1868 sum
1588 1813 1654 1866 de
1693 1809 2063 1881 prmdictione,
2101 1817 2160 1862 ut
2189 1822 2310 1864 eam

2417 1358 2832 1425 ὑπακούσαντες
2876 1360 2955 1433 τῷ
2981 1361 3140 1433 Θεῷο
3183 1363 3446 1434 Ὀψεσθε,
3483 1368 3673 1439 φησιν,
3707 1368 3744 1424 ἃ
3776 1367 3997 1431 τούτους

2414 1449 2733 1515 διαδέξεται.

3014 1587 3270 1643 ΚΕΦΔΛ.
3307 1591 3384 1644 Δ’.

2489 1723 2689 1790 οὕτως
2719 1718 2851 1777 εἶπε
2879 1721 3119 1790 Κύριος.

2483 1814 2640 1868 Οὕτω
2669 1812 2880 1886 θαρρῶ,
2908 1812 3062 1883 φησι,
3092 1813 3159 1884 τῇ
3194 1811 3522 1884 προρρήσει,
3555 1814 3637 1867 ὅτι
3677 1814 3772 1868 καὶ
3793 1813 3992 1886 ἐγγρα-

733 1908 894 1963 velim
933 1907 1097 1961 etiam
1131 1904 1353 1974 scriptis
1398 1901 1682 1968 mandare,
1715 1902 1861 1971 quod
1899 1902 2168 1971 praecipue
2214 1900 2298 1953 de-
2342 1898 2383 1954 Β
2414 1923 2513 1976 φον
2536 1905 2706 1976 αὐτὴν
2729 1903 2870 1959 εῖναι
2906 1902 3200 1975 βούλομαι,

2414 1923 2513 1976 φον
2536 1905 2706 1976 αὐτὴν
2729 1903 2870 1959 εἶναι
2906 1902 3200 1975 βούλομαι,
3230 1903 3260 1956 δ
3309 1904 3544 1974 μάλιστα
3576 1905 3908 1974 ἐπιδείξεται
3933 1909 3992 1961 τὸ

730 1999 1061 2067 ntonstrabit
1093 1997 1239 2052 linis.

816 2087 998 2142 Vocem
1036 2087 1244 2141 timoris
1284 2086 1542 2143 audietis.

801 2179 991 2234 Timor
1021 2193 1183 2234 omne
1217 2177 1388 2233 robur
1419 2176 1705 2244 dissolvit;
1749 2190 1939 2248 magna
1965 2185 2049 2231 est
2080 2173 2173 2230 Dei
2209 2175 2308 2228 IIII-

732 2272 987 2336 manitas,
1026 2285 1134 2325 non
1173 2268 1318 2340 quod
1355 2277 1564 2324 tantum
1595 2269 1737 2322 mala
1766 2268 1987 2333 inferat,
2037 2267 2131 2322 sed
2161 2264 2305 2335 quod

725 2374 782 2417 et
825 2367 1071 2419 timorem
1100 2361 1332 2417 incutiat
1355 2374 1486 2418 ante
1518 2362 1684 2418 mala.
1713 2363 1772 2417 ln
1803 2359 2092 2417 mulierum
2135 2359 2307 2412 imbe-

725 2455 1008 2510 cillitatem
1041 2453 1382 2509 transibunt.

797 2546 1075 2601 Conversa
1113 2555 1255 2601 sunt.

797 2637 909 2691 Hoc
937 2636 1140 2691 etenim
1166 2634 1336 2690 eﬂlcit
1364 2635 1550 2698 timor,
1579 2641 1639 2688 ut
1664 2631 1845 2703 sapiat
1875 2629 2042 2687 homo
2069 2643 2174 2686 non
2203 2642 2304 2684 sua

728 2732 949 2792 virtute,
978 2728 1072 2783 sed
1098 2728 1167 2783 ab
1198 2724 1666 2796 impendentibus.

804 2819 967 2874 Vens.
995 2819 1050 2874 7.
1085 2819 1225 2886 Quia
1257 2834 1447 2888 magna
1473 2817 1616 2888 facta
1649 2826 1725 2872 eu
1749 2817 1860 2872 diu
1887 2814 2002 2870 illa.

797 2911 988 2982 Magna
1031 2925 1132 2980 pro
1182 2909 1448 2965 malorum
1513 2924 1724 2964 summa
1774 2907 2076 2964 acerbitate
2123 2922 2136 2959 :
2201 2919 2305 2960 nec

721 3014 807 3059 est
832 3003 1026 3059 similis
1054 3003 1194 3071 ejus.
1235 3000 1595 3070 llyperbolice
1626 3001 1856 3065 dictum,
1879 3008 1934 3054 et
1972 3008 2184 3067 tempus
2215 3013 2304 3051 an-

724 3103 941 3163 gustum
969 3101 1074 3157 est,
1108 3106 1211 3145 non
1250 3101 1335 3146 est
1365 3092 1466 3145 hoc
1495 3091 1801 3160 prophetia,
1832 3089 1927 3144 sed
1956 3089 2299 3159 experimen-

726 3197 860 3240 tum.

804 3276 965 3332 VEns.
1002 3279 1056 3331 8.
1086 3274 1369 3332 Conleram
1401 3277 1609 3344 jugum.

802 3365 910 3422 Sed
934 3378 1109 3421 tamen
1148 3382 1214 3421 ex
1243 3365 1648 3420 iuevilabilibus
1680 3365 1838 3420 malis
1866 3364 2285 3420 recreabuntur.

811 3458 875 3509 Et
910 3474 1011 3510 non
1033 3459 1276 3511 servient.

793 3547 1072 3614 Quomodo
1099 3547 1347 3601 serviunt
1378 3544 1524 3602 Deo?
1554 3545 1820 3612 Quoniam
1865 3544 2136 3613 primitias
2164 3545 2297 3601 olle-

719 3640 944 3703 rebant;
976 3636 1058 3690 sic
1087 3647 1143 3690 et
1167 3635 1222 3688 in
1258 3635 1414 3691 nobis
1446 3635 1544 3700 lit;
1571 3650 1691 3690 cum
1728 3635 1838 3689 Deo
1866 3649 1971 3689 non
2004 3636 2292 3700 servimus,

717 3744 893 3800 neque
924 3729 1154 3782 fructum
1192 3742 1222 3781 e
1260 3741 1423 3782 carne
1457 3727 1558 3797 ipsi
1605 3703 1931 3793 oderimus;
1984 3727 2078 3781 sed
2126 3729 2294 3784 animi

716 3816 1020 3881 affectibus,
1049 3815 1191 3869 sicut
1225 3813 1387 3869 idolis
1418 3815 1518 3878 illi,
1561 3815 1665 3868 alia
1703 3815 1912 3885 punitio
1947 3827 2153 3870 manet.

784 4112 947 4165 Vilis.
981 4108 1035 4164 9.
1069 4107 1136 4163 Et
1168 4109 1358 4163 Dauid.

773 4222 913 4288 Quid
951 4221 1055 4276 hoc
1082 4222 1325 4276 sanctius
1371 4236 1492 4277 esse
1526 4231 1727 4292 potest,
1783 4239 1948 4294 quam
1995 4234 2056 4280 ut
2091 4225 2294 4281 virtute

716 4313 977 4377 illustres,
1001 4322 1057 4368 et
1078 4313 1170 4383 qui
1210 4315 1351 4385 apud
1406 4314 1574 4370 Deum
1619 4319 1950 4373 auctoritate
1980 4318 2290 4383 valuerunt,

712 4403 893 4472 qualis
917 4401 1242 4469 Zorobabel,
1283 4421 1538 4476 maguum
1574 4409 1719 4464 hunc
1748 4423 1776 4462 a
1807 4407 1917 4463 Deo
1949 4425 2292 4479 consequen-

713 4504 801 4551 tur
830 4497 1120 4562 honorem,
1151 4497 1510 4567 appellatione
1529 4499 1749 4557 Davidis
1774 4503 2021 4573 insigniri
2047 4504 2069 4559 ἳ

776 4702 939 4756 Vens.
974 4704 1058 4758 12.
1094 4703 1354 4759 Snscitavi
1386 4708 1776 4761 conti-itionem.

787 4812 941 4869 Velut
969 4815 1012 4869 si
1055 4816 1177 4884 quis
1230 4816 1483 4872 dominus
1523 4818 1758 4887 aliquem
1795 4834 1826 4874 ο
1863 4820 1976 4875 suis
2028 4823 2118 4891 qui
2156 4822 2288 4878 deli-

708 4907 907 4974 querit,
939 4907 1116 4962 lictori
1152 4908 1400 4961 traderet
1426 4923 1442 4972 ;
1467 4908 1560 4962 illo
1591 4909 1738 4963 ultra
1773 4912 1992 4964 modum
2017 4911 2287 4967 amcien-te

711 4999 1026 5054 verberibus
1059 4999 1340 5063 traditum,
1370 5008 1426 5052 et
1475 4999 1596 5067 plus
1622 5015 1784 5069 quam
1823 5002 2077 5059 dominus
2105 5005 2285 5070 vellet,

711 5081 1002 5145 adveniens
1059 5090 1151 5160 qui
1191 5091 1451 5155 tradidit,
1482 5093 1595 5145 fere
1627 5104 1851 5147 excusat
1889 5109 1947 5149 se
1978 5096 2118 5165 apud
2163 5111 2283 5150 eum

708 5184 797 5247 qui
851 5181 1145 5250 vapulavit,
1180 5182 1483 5237 ostendens
1530 5182 1584 5237 id
1635 5193 1833 5252 pra-ter
1876 5201 1972 5239 sua
2029 5189 2283 5240 mandata

707 5273 932 5336 factum,
975 5284 1028 5327 ot
1073 5275 1176 5327 rite
1223 5290 1579 5344 cognoscens,
1632 5286 1692 5330 ut
1737 5277 2047 5333 vulneratus
2097 5279 2281 5345 fuerit,

705 5366 1132 5434 promitteusque
1180 5367 1469 5420 maximam
1525 5369 1841 5421 vindictam.
1893 5368 1983 5424 Sic
2027 5380 2085 5424 et
2140 5370 2282 5424 Deus

707 5457 832 5512 fecit
869 5477 881 5513 :
925 5458 1168 5512 Violenta
1193 5471 1269 5513 eat
1308 5464 1580 5518 contritio.
1613 5462 1778 5516 Vides
1803 5462 1977 5530 ipsum
2025 5477 2084 5517 se
2117 5478 2282 5516 excu-

706 5557 936 5613 santem,
979 5551 1126 5618 quod
1180 5565 1346 5622 grave
1374 5551 1536 5606 fuerit
1585 5553 1817 5607 vulnus?
1847 5551 1958 5607 Hoc
2014 5553 2159 5607 enim
2195 5561 2282 5606 es't

705 5638 1016 5708 violentum,
1043 5656 1146 5695 non
1177 5651 1440 5710 quantum
1474 5657 1608 5712 opus
1642 5653 1778 5703 erat.
1813 5642 1905 5696 sed
1957 5642 2125 5697 multo
2160 5657 2276 5696 ma-

702 5728 807 5798 ius.

2409 1997 2584 2062 τέλος.

2479 2089 2696 2157 Φωνὴν
2715 2089 2905 2159 φόϐου
2933 2088 3292 2144 ἀκούσεσθε.

2478 2180 2698 2233 Διαλύει
2731 2180 2830 2252 τὴν
2864 2181 3016 2251 ἰσχὺν
3045 2181 3226 2233 πᾶσαν
3246 2179 3275 2231 ό
3305 2178 3470 2249 φόϐος
3496 2194 3512 2210 ⁸
3543 2179 3713 2252 πολλὴ
3741 2182 3986 2252 ήφιλαν⁴

2408 2265 2627 2337 θρωπία
2652 2266 2745 2321 τοῦ
2775 2267 2934 2333 Θεοῦ,
2967 2269 3065 2337 οὐχ
3107 2268 3191 2321 ὅτι
3224 2266 3377 2321 δεινὰ
3418 2269 3616 2338 ἐπάγει
3646 2271 3830 2340 μόνον,
3860 2272 4020 2325 ἀλλά-

2407 2359 2505 2410 καὶ
2531 2358 2637 2429 πρὸ
2660 2359 2769 2413 τῶν
2807 2358 2999 2412 δεινῶν
3046 2359 3138 2411 τὸν
3189 2357 3354 2426 φόϐον
3386 2374 3399 2388 ·
3431 2360 3570 2431 πρὸς
3619 2362 3721 2432 τὴν
3749 2362 3862 2416 τῶν
3893 2379 3991 2432 γυι

2407 2451 2610 2505 ναικὼν
2640 2451 2930 2504 ἀσθένειαν
2963 2451 3422 2520 μεταστήσονται.

2489 2541 2946 2610 Ἕστράφησαν.

2477 2635 2589 2688 Καὶ
2617 2636 2726 2705 γὰρ
2747 2635 2910 2688 τοῦτο
2934 2636 2963 2688 ὁ
2980 2634 3161 2705 ,φόϐος
3189 2639 3340 2690 ποιεῖ
3365 2654 3380 2669 ο
3414 2638 3475 2690 οὐ
3493 2637 3819 2708 σωφρονίζει
3848 2637 3988 2693 οἷκο-

2407 2723 2517 2787 θεν,
2557 2724 2694 2778 ἀλλὰ
2727 2727 2879 2796 παρὰ
2907 2725 3016 2779 τῶν
3042 2727 3296 2799 πλησίον.

2479 2815 2852 2884 ὀτιμεγά-λη
2883 2817 2922 2883 ἠ
2961 2816 3174 2885 ἠμέρα-

2475 2907 2706 2979 Μεγάλη
2761 2909 2904 2962 κατὰ
2955 2910 3055 2980 τὴν
3091 2908 3198 2962 τῶν
3255 2910 3448 2965 δεινῶν
3505 2911 3836 2984 ὑπερϐολὴν.
3888 2911 3989 2966 οὐκ

2403 3001 2519 3055 ἐστι
2573 3002 2820 3072 τοιαύτη.
2895 3001 3306 3073 ’Υπερσολικῶς
3357 3004 3598 3075 εἴρηται,
3650 3005 3747 3059 καὶ
3797 3005 3988 3075 χρόνος

2404 3095 2590 3157 στενός
2624 3096 2775 3147 ἐστιν
2795 3111 2811 3129 ο
2854 3095 2957 3149 οὐκ
2977 3095 3092 3150 ἔστι
3128 3096 3437 3168 προφητεία
3465 3097 3529 3150 τὸ
3559 3099 3817 3168 πρᾶγμα,
3854 3097 3990 3152 ἀλλὰ

2327 3219 2375 3282 c
2402 3188 2589 3257 πεῖρα.

2478 3279 2800 3346 Συντρίψω
2830 3277 2939 3332 τὸν
2972 3278 3172 3349 ζυγόν.

2483 3368 2623 3420 Ἀλλ’
2662 3369 2813 3438 ὅμως
2852 3371 2917 3424 ἐκ
2940 3371 3052 3423 τῶν
3086 3370 3344 3442 ἀφύκτων
3369 3372 3561 3427 δεινῶν
3584 3360 3913 3435 ἀνοίσουσιῖρ.

2469 3459 2577 3512 Kal
2610 3461 2722 3513 οὐκ
2757 3459 3064 3529 ἐρτῶνται.

2473 3549 2599 3612 Πῶς
2648 3550 2726 3620 τῷ
2767 3551 2891 3622 Θεῷ
2936 3553 3241 3622 ἐργῶνται;
3291 3555 3512 3627 Ἐπειδὴ
3559 3558 3660 3621 τὰς
3729 3558 3986 3631 ἀπαρχὰς

2396 3639 2664 3711 ἀνέφερον
2686 3658 2700 3673 ·
2729 3643 2871 3694 οὓτω
2893 3642 2958 3713 δὴ
2997 3642 3092 3696 καὶ
3129 3645 3218 3713 ἐφ’
3269 3645 3429 3716 ήμῶν
3458 3646 3711 3714 γίνεται·
3743 3648 3875 3702 ὅταν
3907 3649 3980 3719 μὴ

2395 3731 2474 3800 τῷ
2527 3731 2646 3802 Θεῷ
2702 3732 3098 3803 ἐργαζώμεθα,
3156 3736 3292 3806 μηδὲ
3347 3737 3439 3790 τὸν
3469 3739 3580 3792 ἀπὸ
3625 3737 3728 3809 τῆς
3777 3741 3980 3811 σαρκὸς

2397 3822 2610 3892 καρπὸν
2645 3824 2796 3894 αὑτῷ
2827 3829 3310 3895 προσενέγκωμεν,
3343 3826 3481 3881 ἀλλὰ
3499 3831 3612 3891 τοίς
3650 3829 3850 3884 πάθεσι
3883 3831 3982 3900 τῆς

2395 3915 2594 3984 ψυχῆς,
2630 3916 2883 3986 καθάπερ
2911 3920 3025 3980 τοῖς
3066 3917 3311 3983 εἰδώλοις
3349 3921 3573 3984 ἐκεῖνοι,
3613 3921 3776 3994 ἐτέρα
3807 3940 3980 3996 τιμω-

2400 4006 2490 4075 ρία
2525 4007 2701 4076 μένει.

2464 4121 2570 4174 Kal
2610 4120 2719 4172 τὸν
2749 4122 2952 4175 Δαϐίδ.

2461 4233 2525 4285 Τί
2558 4233 2750 4286 τούτου
2789 4233 3088 4308 ἁγιώτερον
3131 4237 3333 4306 γένοιτ’
3360 4237 3448 4304 ἂν,
3499 4239 3628 4293 ὅταν
3665 4241 3714 4295 οἱ
3754 4238 3978 4314 διαπρίο

2391 4324 2611 4391 ψαντες,
2645 4327 2741 4378 καὶ
2783 4327 2921 4396 πρὸς
2957 4328 3049 4381 τὸν
3070 4328 3206 4384 Θεὸν
3244 4332 3559 4404 παρρησίαν
3590 4332 3890 4402 ἐσχηκότες
3925 4337 3975 4388 ot

2393 4418 2520 4486 περὶ
2579 4412 2911 4487 Ζοροϐάϐελ,
2953 4420 3144 4476 τοῦτον
3195 4422 3260 4493 δὴ
3309 4424 3484 4493 μέγαν
3519 4425 3671 4496 παρὰ
3701 4425 3797 4479 τοῦ
3837 4427 3970 4483 Θεοῦ

2389 4508 2647 4575 δέξωνται
2683 4511 2774 4562 τὸν
2816 4510 3047 4580 κόσμον,
3086 4511 3149 4566 τὸ
3177 4516 3243 4583 τῇ
3288 4515 3629 4587 προσηγορίᾳ
3671 4516 3765 4570 τοῦ
3811 4518 3972 4572 Δαόὶδ

2389 4600 2750 4670 ὀνομάζεσθαι
2776 4619 2790 4666 ;

2471 4713 2809 4782 Ἀνέστησα
2842 4717 3186 4788 σύντριμμα

2459 4825 2673 4896 ’Ὠσπερ
2691 4825 2756 4879 ἂν
2784 4826 2834 4880 εῐ
2852 4845 2935 4890 τις
2965 4827 3234 4901 δεσπότης
3258 4831 3438 4903 δημίῳ
3466 4836 3585 4889 τινὰ
3607 4838 3967 4908 ἡμαρτηκότα

2390 4916 2668 4984 παραδοὺς
2697 4917 2807 4970 τῶν
2864 4919 3107 4985 οἰκείων,
3156 4924 3371 4976 ἐκείνου
3423 4927 3564 4998 πέρα
3624 4928 3718 4982 τοῦ
3764 4932 3961 5000 μέτρον

2391 5011 2752 5077 μαστίξαντος
2805 5011 2898 5065 τὸν
2943 5015 3402 5088 παραδεδομένον,
3457 5022 3553 5073 xui.
3601 5023 3751 5092 παρὰ
3799 5025 3859 5076 τὸ

2383 5099 2619 5176 δεσπότῃ
2674 5103 2898 5167 δοκοῦν,
2950 5107 3121 5162 ἐλθων
3175 5106 3332 5175 οὗτος
3362 5115 3389 5165 ό
3446 5115 3746 5184 παραδοὺς,
3782 5118 3967 5188 σχεδὸν

2385 5191 2478 5243 καὶ
2511 5193 2866 5261 ἀπολογεῖται
2909 5197 3045 5267 πρὸς
3071 5199 3162 5252 τὸν
3199 5205 3718 5275 μεμαστιγωμένον,
3753 5208 3967 5271 δεικνὺς

2385 5280 2464 5332 ὅτι
2495 5282 2554 5333 οὐ
2587 5285 2727 5334 κατὰ
2762 5284 2859 5354 τὴν
2902 5286 3066 5340 αὐτοῦ
3102 5291 3292 5358 γέγονε
3327 5293 3486 5347 τοῦτο
3518 5295 3841 5366 ἐπιτροπὴν,
3875 5303 3966 5351 καὶ

2387 5375 2827 5442 καταμανθάνων
2878 5379 3043 5431 αὑτοῦ
3080 5379 3150 5433 τὰ
3195 5381 3489 5453 τραύματα
3536 5385 3808 5457 ἀκριϐῶς,
3873 5391 3964 5442 καὶ

2384 5462 2861 5535 ἐπαγγελλόμενος
2896 5470 3096 5539 μυρίαν
3125 5473 3321 5541 ἐκείνῳ
3350 5477 3646 5547 τιμωρίαν.
3691 5478 3848 5533 Οὕτω
3877 5483 3966 5534 καὶ

2383 5556 2410 5606 ὁ
2444 5556 2575 5619 Θεὸς
2619 5559 2785 5610 ποιεῖ.
2841 5561 3048 5615 Βίαιον
3099 5566 3162 5617 τὸ
3190 5567 3556 5638 σύντριμμα.
3607 5570 3769 5642 Ὁρᾷς
3806 5573 3966 5626 αὑτὸν

2382 5648 2848 5717 ἀπολογούμενον,
2917 5654 2999 5706 ὅτι
3046 5658 3283 5726 χαλεπὸν
3348 5661 3410 5713 τὸ
3479 5662 3704 5734 τραῦμα
3767 5663 3964 5733 ἔλασες

2383 5742 2553 5796 Τοῦτο
2582 5744 2693 5815 γάρ
2721 5746 2837 5799 ἐστι
2877 5747 3082 5816 βίαιον,
3129 5751 3228 5822 οὐχ
3255 5753 3382 5808 ὅσον
3425 5755 3557 5822 ἔδει,
3611 5755 3750 5812 ἀλλὰ
3784 5758 3964 5828 πολλῷ

2383 5834 2566 5889 πλέον.
