4226 6464
261 447 370 506 973

1374 431 1806 492 FRAGMENTA
1837 433 1907 487 IN
1943 430 2316 490 JLREMIAM.
2827 429 2871 448 ὡ

3448 433 3581 494 Ὄτῦ

262 582 484 631 σοντες
529 562 675 630 τοὺς
721 555 1088 632 ἀμπελῶνας
1115 573 1129 590 ο
1165 557 1490 623 Ἀνάστητε
1524 556 1623 609 καί
1671 550 1855 608 ἀνέλ-

1976 549 2068 617 gite
2130 559 2178 604 et
2223 548 2572 604 accendamus
2618 551 2674 602 in
2711 545 2865 605 Ston.
2913 547 2984 602 Et
3022 556 3108 603 est
3135 548 3326 604 eadem
3357 560 3551 604 semen

264 664 459 727 ιΙωμεν
479 659 570 724 εἰς
612 655 786 712 Σιών.
818 653 1062 719 Σώζεται
1092 652 1152 707 δε
1175 653 1207 722 ἡ
1231 649 1372 721 αὑτὴ
1397 649 1578 704 ἔννοια
1602 667 1617 681 ο
1644 649 1714 717 τῇ
1754 647 1865 716 γὰρ

263 751 503 804 ἑκάστου
540 749 779 821 ὠφελείᾳ
807 746 907 820 τὴν
954 744 1221 818 περιττὴν
1268 741 1556 797 εὐσέϐειαν
1590 739 1859 797 δείκνυσι.

340 842 473 897 Ὅτι
491 842 892 913 ἐφυτεύσατε.

338 939 483 1008 Ὅρα
507 932 790 1005 πανταχοῦ
821 933 939 998 πῶς
963 931 1300 1002 ἀναμίγνυσι
1347 931 1462 993 τοῖς
1495 926 1730 997 ἀγαθοῖς
1763 927 1864 999 τὴν

269 1029 571 1101 μετάνοιαν
589 1022 981 1097 [ἐπιστροφὴν]
1015 1023 1219 1076 αὐτῶν.

337 1126 355 1141 ·
383 1119 803 1194 Ἀγιιλλίασθε,
855 1117 956 1170 καὶ
1001 1116 1426 1185 εὐφραίνεσθε,
1491 1113 1593 1168 καὶ
1647 1127 1864 1181 χρεμεο

267 1215 498 1278 τίσατε,
524 1211 623 1265 ἐπὶ
645 1208 926 1281 κεφαλὴν
952 1207 1170 1263 ἐθνῶν.

338 1302 660 1367 Τουτὲστιν,
709 1298 942 1355 ἐνώπιον
991 1298 1100 1352 τῶν
1160 1297 1334 1352 ἐθνῶν
1389 1297 1656 1368 βοήσατε,
1694 1296 1864 1368 μηδὲν

267 1397 472 1459 αὐτοὺς
498 1393 824 1460 δεδοικότες,
853 1393 946 1447 διὰ
966 1393 1066 1463 τὴν
1101 1391 1243 1463 ἐμὴν
1275 1391 1621 1463 συμμαχίαν.

343 1491 360 1510 ⁶
391 1486 542 1544 Ἰδοὺ
585 1485 702 1558 ἐγὼ
725 1484 848 1555 ἄγω
892 1484 1118 1551 αὐτοὺς
1175 1485 1294 1539 ἀπὸ
1335 1482 1451 1554 γῆς
1495 1481 1715 1552 Βορῤᾶ.
1765 1481 1869 1537 καί

269 1579 521 1645 συνάξω
540 1577 769 1644 αὐτοὺς
791 1577 894 1632 ἀπ’
923 1576 1192 1647 ἐσχάτου
1242 1575 1355 1644 τῆς
1393 1575 1510 1647 τῆς
1558 1577 1629 1630 ἐν
1686 1572 1868 1646 ἐορτῇ

270 1671 502 1729 Φασέκ.

343 1765 660 1830 Τουτέστιν,
707 1765 785 1829 ὡς
845 1766 904 1819 ὲν
959 1765 1025 1835 τῇ
1085 1763 1249 1834 ἑορτῇ
1299 1761 1395 1818 τοῦ
1442 1763 1648 1829 Φασὲκ,
1693 1761 1869 1826 οὕτως

273 1858 528 1923 ἅπαντας
557 1856 876 1912 ἐπανελθεῖν
901 1855 1205 1927 προθύμως
1239 1855 1472 1927 ποιήσω.

1974 643 2083 709 tia;
2115 657 2186 696 ex
2242 641 2678 710 uniuscujusque
2728 641 2876 694 enim
2930 639 3170 695 utilitate
3233 653 3582 710 superauuu-

1969 733 2192 789 dantem
2234 735 2496 804 pietatem
2529 735 2899 790 demonstrat.

2043 823 2190 891 Quia
2224 825 2533 896 plantastis.

2043 920 2180 975 Vide
2208 928 2267 973 ut
2289 918 2492 988 ubique
2520 931 2645 973 eum
2673 915 2834 972 bonis
2852 914 3158 986 coniungat
3190 920 3387 973 eorum
3443 930 3581 972 con-

1967 1012 2302 1067 versionem.

2042 1108 2058 1126 '
2084 1102 2254 1158 Vens.
2291 1103 2345 1157 7.
2373 1099 2656 1156 Exsultate
2679 1101 2734 1154 in
2761 1099 2980 1167 latitia,
3001 1111 3048 1154 et
3076 1097 3365 1166 (tutamini,
3389 1109 3435 1152 et
3459 1096 3582 1155 Itin-

1971 1199 2075 1252 uite
2093 1212 2251 1267 super
2263 1206 2420 1264 caput
2444 1197 2702 1265 gentium.

2042 1289 2160 1345 Hoc
2190 1296 2298 1355 est,
2330 1303 2516 1344 coram
2552 1286 2811 1356 gentibus
2843 1285 3104 1350 clamate,
3149 1282 3285 1338 nihil
3317 1297 3415 1341 eos
3461 1298 3583 1353 pro-

1970 1389 2090 1449 pter
2114 1394 2294 1434 meum
2321 1377 2586 1433 auxilium
2621 1378 2903 1432 timentes.
3265 1426 3267 1429 .

2041 1474 2058 1496 ‘
2104 1472 2270 1529 Vsus.
2301 1471 2356 1528 8.
2390 1472 2527 1526 Ecce
2551 1487 2643 1542 ego
2671 1470 2882 1525 adduco
2914 1485 3004 1524 eos
3046 1470 3112 1525 de
3154 1479 3298 1523 terra
3361 1467 3583 1538 Aquilo-

1970 1567 2076 1632 nis,
2101 1574 2148 1620 et
2196 1568 2525 1636 congregabo
2552 1582 2640 1621 eos
2685 1567 2750 1619 ab
2797 1575 3032 1621 extremo
3074 1574 3234 1620 terra:
3285 1564 3342 1616 in
3393 1562 3583 1616 solem-

1972 1661 2136 1714 nitate
2165 1657 2397 1713 Pltasec.

2043 1752 2159 1808 Hoc
2186 1759 2293 1819 est,
2314 1751 2456 1806 sicut
2510 1753 2564 1806 in
2609 1751 2959 1808 solemnitate
3007 1751 3245 1816 Phasee,
3268 1747 3353 1805 sic
3385 1759 3582 1803 omnes

1997 1844 2169 1899 alacri
2207 1845 2393 1901 animo
2423 1848 2621 1901 reverti
2659 1843 2884 1901 faciam.

757 1909 961 2021 ἑορτὴν⁵
987 1909 1137 2019 λέγει
1162 1909 1259 2002 καὶ
1288 1909 1383 2002 τὸν
1413 1948 1629 2020 καιρόν.
1679 1948 1867 2022 Ὁρᾷς,

2047 1938 2253 1994 Deinde
2286 1946 2343 1994 et
2387 1937 2794 1996 solemnitatem
2846 1939 3018 2010 ponit,
3053 1945 3109 1993 et
3143 1945 3382 2006 tempus.
3413 1931 3581 1988 Vides

271 2045 358 2118 δτι
379 2042 542 2114 ἐξέϐη
578 2045 638 2097 ὲν
668 2043 833 2114 ἑορτῇ
861 2041 1046 2096 Φασὲκ
1078 2040 1224 2096 κατὰ
1243 2041 1336 2094 τὸν
1357 2041 1573 2112 καιρὸν,
1621 2041 1748 2096 καθ’
1786 2041 1866 2108 ὃν,

274 2133 372 2187 ιιιαί⁵
406 2132 466 2199 ιξ
493 2131 778 2203 Αἰγύπτου
802 2134 925 2187 τότε
945 2131 1186 2201 ἐξελθεῖν
1212 2131 1567 2203 ἐλυπήθησαν
1597 2131 1708 2205 [ισ.
1748 2132 1871 2188 ὲδυ-

273 2224 570 2298 νήθησαν].
603 2226 717 2297 Οὐχ
741 2225 929 2289 ἁπλῶς
961 2219 1117 2289 οὗτος
1147 2225 1176 2278 ό
1197 2223 1389 2296 καιρὸς
1439 2224 1714 2297 ἑκατέρας
1751 2226 1872 2280 ἐστὶ

270 2318 372 2390 τῆς
395 2319 628 2373 εἰσόδου.
665 2319 809 2373 Ἀλλ’
845 2318 960 2373 ῐστε
996 2319 1048 2372 οἰ
1083 2319 1454 2390 μεμυημένοι,
1508 2318 1658 2382 τίνος
1696 2318 1870 2385 τύπος

268 2412 434 2466 τοῦτο
459 2407 548 2484 ἦν.
580 2411 849 2482 Δεύτερον
880 2412 1003 2467 τότε
1031 2410 1451 2483 ἐπανέρχονται.

348 2503 457 2558 Kal
487 2502 919 2574 τεκνοποιήσῃ.

342 2593 503 2650 οὕτω
560 2596 656 2650 καὶ
700 2597 750 2650 οἱ
785 2596 1068 2668 ἁνάπηροι
1127 2595 1252 2651 τότε
1311 2595 1769 2670 θεραπευθέντες·
1802 2598 1872 2652 τὰ

271 2681 531 2756 σώματα,
557 2684 800 2758 πατέρες
835 2684 1077 2740 εσονται.

344 2779 449 2832 Ἐν
471 2778 764 2849 κλαυθμῷ

358 2868 580 2943 Ἐπειδὴ
615 2871 726 2942 γὰρ
790 2870 936 2935 εἰκὸς
981 2865 1051 2942 ἦν
1113 2870 1318 2936 αὐτοὺς
1364 2869 1601 2936 εἰδότας,
1653 2872 1751 2925 καὶ
1811 2873 1874 2925 τὸ

275 2961 478 3032 μῆκος,
512 2963 609 3017 καὶ
687 2961 789 3035 τὴν
831 2962 1215 3035 ταλαιπωρίαν
1280 2964 1382 3035 τῆς
1436 2963 1560 3018 όδοῦ
1608 2964 1871 3037 ἰλιγγιᾷν,

272 3053 504 3118 εἰκότως
528 3055 625 3110 καὶ
662 3055 861 3109 τοῦτον
901 3056 1125 3128 ἀναιρεῖ
1170 3055 1266 3112 τὸν
1300 3056 1470 3126 φόϐον
1534 3056 1735 3126 λέγων,
1788 3060 1874 3112 ὅτι

273 3145 352 3199 υύ
379 3147 674 3216 φεύγοντες
715 3147 902 3218 ἥξετε,
937 3149 998 3202 οὐ
1024 3148 1081 3202 δὲ
1116 3148 1535 3220 θορυϐούμενοι,
1559 3149 1698 3204 ἀλλά
1735 3151 1876 3221 μετὰ

161 3290 166 3292 .
272 3237 441 3308 τιμῆς
487 3238 584 3293 καὶ
629 3239 1037 3311 παρακλήσεως
1080 3240 1176 3293 καὶ
1232 3240 1474 3306 ἀνέσεως
1524 3241 1627 3312 τῆς
1699 3259 1873 3313 προσ-

268 3329 539 3402 ηκούσης,
606 3331 786 3386 καίτοι
823 3335 976 3397 ποῖος
1009 3332 1170 3387 τοῦτο
1194 3331 1459 3403 λογισμὸς
1492 3334 1677 3406 εὑρεῖν
1708 3335 1871 3404 δυνή-

275 3442 454 3491 σεται,
484 3427 571 3480 ότι
601 3427 703 3498 τῆς
733 3426 945 3490 πόλεως
971 3427 1231 3499 ἁλούσης,
1286 3429 1382 3482 καί⁸
1438 3429 1549 3483 τῶν
1589 3428 1871 3484 δεσποτῶν

273 3516 674 3589 χειρωθέντων,
728 3519 778 3572 οἰ
822 3518 1002 3573 δοῦλοι
1063 3519 1213 3590 παρὰ
1263 3520 1375 3573 τῶν
1431 3519 1715 3574 δεσποτῶν
1762 3520 1872 3575 τῶν

273 3610 705 3681 χειρωσαμένων
731 3612 874 3682 μετὰ
903 3611 1075 3682 τιμῆς
1103 3610 1333 3683 ἔμελλον
1363 3611 1701 3667 ἀπολύεσθαι
1736 3612 1873 3684 πρὸς

271 3701 376 3772 την
405 3701 616 3756 οἰκείαν
635 3719 652 3768 ;

345 3789 478 3844 Ὅτι
505 3790 825 3864 ἐγενόμην.

348 3881 495 3954 Ὅρα
554 3885 739 3940 αἰτίαν
797 3887 1110 3956 ἀναγκαίαν
1166 3890 1266 3959 τῆς
1310 3891 1592 3962 σωτηρίας
1662 3890 1869 3957 αὐτῶν,

272 3970 376 4025 οὐκ
409 3973 664 4042 ἀφιεῖσαν
692 3975 894 4040 αὐτοὺς
923 3977 1261 4050 τυφωθῆναι.
1317 3981 1391 4034 Οὐ
1449 3981 1559 4052 γὰρ
1597 3982 1706 4036 ἀπὸ
1738 4000 1872 4036 κατ-

269 4063 636 4137 ορθωμάτων,
706 4068 823 4122 ἀλλ’
859 4068 969 4124 ἀπὸ
997 4068 1298 4135 διαθέσεως
1331 4071 1432 4143 τῆς
1478 4073 1720 4144 φυσικῆς
1767 4075 1869 4128 αὖ-

275 4158 402 4222 τοὺς
436 4158 616 4226 σώζω.
657 4159 831 4215 Τοῦτο
857 4161 1154 4228 δείκνυσιν,
1187 4163 1271 4217 ὅτι
1298 4163 1395 4218 καὶ
1434 4165 1641 4231 πάντας
1677 4165 1866 4222 σώσει.

272 4249 464 4315 οὐδεὶς
505 4251 618 4325 γὰρ
676 4252 864 4325 πατὴρ
917 4253 1240 4326 περιόψεται
1287 4257 1456 4311 παῖδα
1497 4258 1868 4327 πρωτότοκον,

273 4345 373 4395 καὶ
429 4345 581 4416 παρὰ
618 4345 857 4417 πατέρος
916 4344 1230 4418 σωζόμενος
1276 4349 1379 4403 οὐκ
1415 4349 1485 4404 ἄν
1557 4349 1672 4422 ἔχοι
1725 4351 1872 4422 μέγα

273 4439 520 4506 φρονεῖν.

344 4528 678 4585 Ἀκούσατε
705 4533 918 4602 λόγον.

1977 2029 2030 2084 in
2064 2028 2413 2086 solemnitate
2463 2029 2679 2086 Pbasee
2721 2032 2974 2086 evenisse
3013 2039 3264 2099 tempore
3307 2025 3426 2092 illo,
3467 2041 3581 2095 quo

1974 2123 2291 2180 etiamtunc
2336 2139 2405 2179 ex
2432 2122 2669 2196 Egypto
2719 2124 2907 2195 egredi
2958 2129 3280 2195 potuerunt.
3307 2117 3421 2173 Nec
3479 2118 3584 2173 for-

1975 2217 2112 2272 tnito
2135 2227 2352 2290 tempus
2395 2218 2499 2274 hoc
2558 2218 2847 2288 utriusque
2902 2214 3266 2288 ingressionis
3313 2220 3398 2268 est
3423 2229 3445 2267 ,ε
3483 2211 3582 2267 sed

1977 2308 2175 2365 initiati
2208 2311 2382 2367 nostis
2415 2311 2570 2383 cuius
2629 2312 2804 2382 llgura
2855 2310 2972 2366 haec
3005 2310 3098 2366 sit.
3146 2307 3410 2365 Secundo
3449 2315 3581 2360 tunc

1975 2411 2350 2462 revertuntur.
2514 2477 2516 2479 _

2047 2494 2114 2550 Et
2142 2496 2434 2568 generabit.

2049 2588 2139 2645 Sic
2171 2598 2225 2645 et
2254 2590 2514 2656 mutilati,
2543 2601 2675 2649 tunc
2725 2595 2932 2651 curatis
2988 2591 3346 2664 corporibus,
3387 2603 3578 2663 patres

1978 2680 2128 2735 ﬁent.

2046 2771 2212 2830 Vens.
2249 2775 2304 2832 9.
2331 2775 2397 2830 In
2429 2775 2663 2845 ploratu.

2046 2863 2182 2921 Nam
2219 2868 2345 2939 quia
2374 2877 2806 2927 consentaneum
2837 2880 2956 2927 erat
3000 2885 3095 2928 eos
3153 2870 3371 2929 itineris
3402 2871 3584 2942 longi-

1977 2963 2221 3019 tudinem
2246 2975 2300 3020 et
2346 2965 2693 3022 incommoda
2719 2966 2962 3023 scientes
3008 2969 3351 3039 perturbari,
3384 2970 3583 3026 merito

1976 3054 2122 3111 hunc
2150 3073 2372 3129 quoque
2393 3061 2615 3130 expellit
2641 3062 2920 3128 timorem,
2945 3062 3138 3118 dicens
3168 3082 3183 3118 :
3214 3062 3338 3119 Non
3365 3063 3583 3136 fugien-

1978 3157 2058 3203 tes
2078 3151 2328 3218 venietis,
2361 3167 2471 3209 non
2501 3154 2726 3221 turbati,
2762 3156 2856 3210 sed
2891 3170 3016 3210 cum
3062 3155 3275 3212 honore
3332 3167 3389 3213 et
3449 3173 3583 3213 con-

1976 3239 2270 3307 solatione,
2305 3250 2362 3297 et
2404 3244 2730 3299 remissione
2765 3245 2934 3299 animi
2973 3245 3362 3302 conveniente.
3396 3247 3583 3315 Quan-

1976 3347 2138 3402 quam
2176 3349 2299 3404 qute
2349 3335 2487 3390 ratio
2527 3334 2777 3394 invenire
2807 3336 2911 3394 hoc
2946 3337 3180 3408 poterit?
3212 3347 3453 3410 utcapta
3491 3341 3574 3395 ci-

1977 3425 2165 3492 vitate,
2197 3426 2437 3484 dominis
2481 3429 2535 3484 in
2570 3429 2892 3486 servitutem
2921 3430 3180 3495 redactis,
3239 3431 3385 3486 servi
3419 3447 3446 3484 a
3480 3432 3580 3487 do-

1976 3517 2140 3572 minis
2165 3518 2259 3589 qui
2289 3534 2384 3575 eos
2407 3531 2667 3591 ceperant
2692 3563 2707 3588 ,
2737 3536 2862 3578 cum
2897 3521 3108 3578 honore
3141 3522 3364 3578 domum
3389 3526 3580 3579 remit-

1979 3611 2259 3665 terentur?

2052 3792 2193 3857 Quia
2226 3793 2399 3863 factus
2422 3810 2563 3849 sunt.

2053 3882 2186 3939 Vide
2233 3886 2602 3942 necessariam
2654 3887 2849 3944 salutis
2896 3902 3090 3945 eorum
3139 3903 3405 3956 causam,
3469 3907 3577 3947 non

1978 3975 2389 4045 permittentem
2424 3991 2520 4033 eos
2553 3979 2862 4048 superbire.
2897 3980 3017 4036 Non
3059 3981 3208 4036 enim
3270 3984 3343 4038 ob
3383 3997 3578 4038 eorum

1978 4068 2193 4134 merita,
2230 4069 2326 4124 sed
2354 4085 2420 4125 ex
2447 4068 2643 4127 aﬂ'ectu
2679 4072 2810 4126 mihi
2848 4073 3040 4128 innato
3084 4073 3206 4130 illos
3259 4077 3433 4132 salvo.
3469 4077 3582 4132 Hoc

1979 4166 2268 4225 monstrat,
2311 4161 2456 4230 quod
2510 4163 2675 4218 etlam
2721 4177 2916 4219 omnes
2961 4165 3158 4232 salvat,
3206 4165 3386 4222 nullus
3426 4171 3577 4224 enim

1977 4258 2134 4320 pater
2158 4261 2472 4309 contemnet
2519 4253 2687 4308 tilium
2717 4255 3165 4328 primogenitum,
3188 4267 3246 4313 et
3283 4260 3378 4331 qni
3413 4276 3440 4314 a
3479 4277 3576 4333 pa-

1978 4353 2059 4398 tre
2082 4344 2347 4415 salvatur,
2376 4361 2483 4402 non
2512 4347 2676 4404 habet
2703 4349 2773 4404 de
2802 4364 2914 4419 quo
2940 4363 2999 4406 se
3022 4349 3272 4406 extollat.

2049 4529 2215 4586 Vens.
2245 4529 2334 4586 l0.
2371 4532 2566 4587 Audite
2591 4533 2766 4588 verba.

360 4619 419 4673 '0
450 4620 691 4692 μάλιστα
721 4623 1088 4695 ἡμαρτηκὼς,
1126 4625 1154 4678 ό
1174 4625 1414 4696 μάλιστα
1440 4626 1864 4702 διεφθαρμένος,

2049 4621 2150 4690 Qui
2187 4623 2428 4680 maxime
2460 4624 2735 4696 peccavit,
2763 4626 2858 4695 qui
2895 4639 3110 4681 summe
3141 4638 3438 4696 corruptus
3470 4639 3581 4696 est,

273 4710 369 4778 καὶ
395 4712 500 4767 οὐκ
519 4713 661 4785 ἔχων
690 4715 885 4770 ἐλπίδα
917 4717 1219 4789 σωτηρίας.

346 4802 536 4857 Πᾶσαν
591 4803 691 4876 τὴν
736 4805 1068 4878 οἰκουμένην
1114 4809 1382 4880 ποιήσατε
1445 4811 1702 4884 μάρτυρα
1758 4815 1869 4868 τῶν

269 4891 626 4964 λεγομένωνο
663 4894 810 4950 οὕτω
881 4896 1200 4970 θαρροῦμεν
1263 4902 1416 4974 παρὰ
1468 4899 1653 4974 [forte
1711 4905 1866 4980 περὶ]

268 4984 474 5040 αὐτῶν.

344 5077 571 5133 Είπατε
587 5082 622 5135 ό
636 5080 969 5152 λικμήσας.

341 5169 487 5242 Ὅρα
515 5171 682 5238 πόσος
711 5175 945 5247 κόσμος,
987 5177 1120 5233 ὅταν
1153 5179 1322 5250 μηδὲν
1359 5182 1513 5254 παρὰ
1556 5183 1865 5257 ἀνθρώπων

272 5262 529 5334 πάσχωσι
555 5264 752 5334 δεινὸν,
781 5268 834 5321 εἰ
866 5285 954 5334 τις
1004 5270 1233 5325 ἀπιστεῖ
1295 5273 1386 5327 τὸν
1419 5276 1658 5347 πόλεμον
1712 5279 1867 5351 παρὰ

273 5351 367 5405 τοῦ
417 5354 556 5409 Θεοῦ
600 5359 958 5430 γεγενῆσθαι,
1005 5361 1069 5415 τὸ
1107 5362 1514 5437 δυσκολώτερον
1570 5369 1735 5440 ὀρῶν,
1769 5371 1868 5443 τὴν

272 5444 460 5498 ἄνοδον
501 5447 636 5519 παρ’
680 5449 849 5504 αὑτοῦ
889 5454 1292 5526 γεγενημένην,
1335 5458 1430 5514 καὶ
1491 5459 1620 5531 περί
1661 5463 1868 5534 ταύτης

273 5535 517 5611 ιτούτου]
545 5543 878 5603 πιστευέτω.

356 5629 458 5696 Ὠς
476 5633 510 5686 ό
533 5632 811 5697 βόσκων.

369 5720 532 5808 Ὁρᾷς
560 5726 644 5780 ὅτι
677 5726 816 5782 Θεοῦ
857 5731 920 5784 τὸ
953 5732 1114 5804 ἔργον
1141 5734 1318 5803 ἐστὶν,
1371 5735 1501 5792 ὅταν
1544 5737 1620 5810 μὴ
1656 5739 1870 5813 ἰσόρρο-

275 5828 378 5877 πης
409 5815 440 5886 ἡ
484 5816 655 5888 μάχη-

346 5902 651 5972 ἰἰξείλατο
681 5912 888 5968 αὐτόν.

1981 4715 2184 4784 quique
2209 4713 2410 4768 nullam
2445 4713 2640 4769 salutis
2678 4728 2828 4783 spem
2864 4714 3053 4770 habet.

2053 4803 2253 4859 Totum
2286 4814 2556 4858 terrarum
2606 4805 2797 4860 orbem
2836 4804 3107 4861 dictorum
3145 4804 3313 4864 facite
3356 4817 3577 4874 testem,

1982 4906 2191 4953 tantum
2212 4894 2280 4951 de
2308 4896 2416 4953 illis
2438 4895 2789 4952 conﬁdimus.

2053 5081 2225 5137 Dicite
2256 5081 2348 5153 qui
2377 5083 2669 5139 uentilauit.

2057 5173 2186 5229 Vide
2217 5182 2454 5243 quantus
2479 5173 2684 5240 decor,
2718 5190 2844 5230 cum
2882 5174 2952 5231 ab
2993 5176 3314 5235 hominibus
3369 5179 3577 5236 nullum

1978 5267 2261 5337 patiuntur
2303 5264 2504 5321 malum
2544 5283 2558 5321 :
2601 5267 2646 5321 si
2687 5265 2812 5336 quis
2852 5266 3052 5323 bellum
3107 5283 3138 5324 a
3179 5269 3292 5325 Deo
3349 5271 3575 5328 missum

1980 5375 2087 5418 non
2118 5348 2316 5427 credit,
2342 5361 2532 5417 videns
2554 5359 2852 5430 diﬂlcilius,
2885 5363 3120 5421 reditum
3169 5379 3367 5438 nempe
3393 5365 3464 5424 ab
3511 5384 3579 5424 eo

1978 5455 2187 5522 datum,
2222 5463 2277 5509 et
2309 5455 2375 5510 de
2402 5453 2498 5510 illo
2522 5453 2732 5510 credat.

2052 5639 2220 5706 Quasi
2239 5649 2442 5709 pastor.

2040 5731 2209 5789 Vides
2237 5731 2330 5788 Dei
2354 5748 2479 5790 esse
2525 5748 2682 5805 opus,
2717 5749 2841 5793 cum
2883 5752 3038 5810 aqua
3077 5737 3234 5794 lance
3257 5751 3440 5810 pugna
3465 5753 3577 5793 non

1979 5827 2223 5899 procedit
2243 5826 2267 5880 τ
3352 5828 3354 5830 ’

2053 5917 2308 5976 ιιὲίιρνηι·ἰί
2337 5934 2477 5975 eum.
