4226 6452
303 427 372 485 77
1371 416 1796 476 FRAGMENTA
1837 415 1906 474 IN
1939 414 2312 473 JEREMIAM.

3453 406 3558 466 978

270 538 655 610 κολαζὼμεθα,
712 537 1158 607 καταπίπτομεν,
1193 532 1520 606 ἀμείϐοντες
1554 531 1678 594 τοὺς
1731 547 1856 584 και-

1970 535 2361 582 connnutantes
2412 535 2675 594 tempora.
2718 523 2788 578 At
2829 524 2960 594 justi
3008 537 3114 578 non
3159 522 3263 590 ita;
3295 523 3390 578 sed
3431 523 3558 577 dum

279 636 422 708 ρούς.
470 633 611 687 Ἀλλ’
649 632 769 702 οὐχὶ
803 631 1009 685 δίκαιοι
1055 627 1253 694 οὕτως,
1306 625 1448 680 ἀλλὰ
1497 623 1857 695 κολαζόμενοι

273 727 375 799 μὲν
411 727 678 798 ἐφρόνουν
711 724 877 795 μέγα,
928 721 1185 792 καθάπερ
1218 721 1269 773 οἰ
1299 719 1628 774 ἀπόστολοι·
1662 717 1758 770 ἐπὶ
1801 715 1859 770 δὲ

267 822 371 891 τῆς
410 819 686 891 ἁμαρτίας
716 816 890 880 οὕτως
947 815 1269 888 ᾐσχύνοντο,
1318 814 1394 877 ὡς
1443 812 1518 883 μὴ
1568 810 1714 864 κατὰ
1766 807 1860 864 τὸν

270 912 466 980 καιρὸν
499 911 607 966 τῶν
637 909 1132 982 πλημμελημάτων
1166 909 1350 979 μόνον,
1382 905 1519 958 ἀλλὰ
1551 904 1645 958 καὶ
1667 901 1858 957 τούτου

273 1002 664 1073 παρελθόντος,
689 1003 784 1056 καὶ
807 1003 908 1072 τῆς
932 1001 1206 1072 τιμωρίας
1227 997 1546 1067 ἀφεθείσης,
1568 994 1858 1066 ὀδύρεσθαι

271 1094 368 1148 καὶ
397 1096 640 1165 θρηνεῖν.
1717 1163 1724 1170 ι

347 1186 458 1238 Καὶ
493 1185 609 1254 μετ’
658 1183 852 1264 extra;
904 1180 1240 1245 Ἑστέναεα
1264 1180 1342 1248 ἐν
1360 1179 1612 1250 ἡμέραις
1641 1179 1860 1248 αἰσχύ-

268 1293 385 1346 νης
409 1294 552 1348 μου.

341 1366 519 1423 Τοῦτο
546 1369 842 1440 φάρμακον
884 1367 994 1421 τῶν
1027 1365 1476 1437 ἁμαρτημάτων,
1513 1365 1576 1418 τὸ
1615 1363 1714 1434 μὲν
1749 1380 1860 1416 κω-

268 1460 415 1516 λύων
445 1462 563 1524 τοτς
602 1461 786 1524 αὐτοῖς
826 1460 1173 1531 περιπεσεῖν,
1218 1456 1280 1511 τὸ
1303 1456 1364 1510 δὲ
1392 1456 1688 1528 γενόμενον
1716 1456 1862 1509 ἀπο·

273 1555 507 1624 σμήχων
539 1556 567 1607 ὀ
602 1553 934 1623 στεναγμός.

344 1645 455 1700 Καὶ
486 1644 772 1709 ὐπέδειξά
795 1659 934 1698 σου.

354 1735 519 1806 Ὁρᾷς
554 1735 721 1790 πόσον
748 1735 955 1803 ἀγαθὸν
983 1736 1043 1788 τὸ
1087 1735 1476 1802 ἐπιγινώσκειν
1505 1733 1573 1787 τὰ
1604 1733 1864 1803 ἁμαρτή-

277 1842 459 1897 ματας
496 1827 696 1893 μᾶλλον
728 1828 873 1896 ἡμᾶς
893 1827 1295 1881 ὑποτάττεσθαι
1324 1828 1471 1880 ποιεῖ
1503 1825 1580 1896 τῷ
1606 1824 1749 1894 Θεῷ.
1785 1824 1861 1876 Ού

271 1916 338 1970 τὸ
384 1917 727 1988 ἁμαρτάνειν
773 1917 937 1986 λέγω,
977 1918 1115 1972 ἀλλὰ
1160 1919 1222 1972 τὺ
1255 1917 1398 1989 μετὰ
1448 1916 1545 1989 τὴν
1585 1915 1862 1986 ἁμαρτίαν

272 2009 600 2078 ἐπιγνῶναι.

348 2104 362 2121 ⁸
389 2100 522 2167 Υίὸς
540 2101 598 2154 εἷ
622 2103 933 2171 ἀγαπητὸς
961 2102 1218 2172 Ἐφραὶμ
1243 2102 1400 2172 ἐμοί.

337 2193 624 2260 Τουτέστι,
665 2194 846 2262 τίμιος
907 2194 1022 2258 υἱὸς
1083 2191 1152 2247 εἴ.
1223 2193 1472 2249 Παιδίον
1532 2191 1865 2262 ἐντρυφῶν,

273 2283 561 2350 τουτέστι,
593 2285 686 2338 καὶ
723 2284 938 2339 παιδίον
965 2287 1024 2339 ὲν
1061 2279 1106 2353 ᾧ
1147 2285 1613 2357 παρεκαλούμην·
1658 2287 1722 2338 ἐκ
1769 2302 1866 2356 με-

272 2376 524 2446 ταφορᾶς
564 2375 620 2429 δὲ
654 2377 788 2430 αὐτὸ
818 2376 981 2431 ἔλαϐε
1015 2377 1125 2430 τῶν
1158 2361 1435 2450 πατέρων,
1478 2377 1588 2431 τῶν
1636 2379 1774 2448 πρὸς
1798 2377 1866 2432 τὰ

279 2464 452 2535 μικρὰ
480 2464 656 2536 βρέφη
685 2465 795 2520 τῶν
837 2466 1050 2519 τέκνων
1079 2468 1409 2532 παιζόντων.
1444 2468 1679 2522 Μνείαν
1709 2486 1866 2538 μνη-

274 2555 584 2624 σθήσομαι
612 2557 821 2611 αὐτοῦ.
860 2558 918 2610 '0
952 2557 1225 2628 Ἐϐραῖος,
1247 2560 1351 2613 Διὰ
1379 2559 1558 2613 τοῦτο
1597 2560 1866 2630 ἠλέγχθη

276 2643 351 2699 τὰ
378 2645 670 2714 σπλάχνα
689 2665 810 2716 μου
825 2647 1143 2712 ἐπάὺτὸν,
1170 2649 1269 2701 καὶ
1295 2651 1636 2717 οὶκτηρήσω
1654 2649 1864 2716 αὐτὸν,

275 2733 409 2791 εἷπε
446 2739 684 2808 Κύριος.
748 2741 850 2793 Διὰ
903 2740 1083 2794 τοῦτο
1146 2741 1588 2812 ἐπεσκεψάμην
1628 2741 1818 2797 αὐτὸν
1847 2781 1862 2806 ,

276 2829 579 2894 τουτέστιν,
616 2832 682 2883 ὲκ
713 2829 814 2900 τῆς
847 2831 977 2902 περὶ
1004 2831 1169 2884 αὐτὸν
1192 2831 1490 2900 διαθέσεως
1519 2834 1622 2887 ούκ
1656 2833 1867 2903 ἧνεγκα

277 2921 444 2975 αὑτὸν
471 2922 530 2975 ἐν
562 2925 872 2993 συμφοραῖς
910 2925 1059 2977 [δεῖν.

350 3010 504 3076 Εἶδες
533 3013 712 3084 πόσην
747 3013 1054 3085 μεταϐολὴν
1081 3014 1381 3084 εἰργάσατο
1400 3032 1415 3082 ;
1436 3016 1538 3067 Τὸν
1561 3018 1619 3070 ἐν
1652 3018 1747 3086 γῇ,
1774 3018 1868 3070 τὸν

281 3102 553 3172 μυσαρὸν,
579 3102 674 3155 τὸν
709 3102 992 3173 πολέμιον,
1033 3105 1126 3156 τὸν
1158 3104 1376 3174 ἐχθρὸν,
1411 3103 1627 3159 παιδίον
1649 3107 1868 3176 ἀγαπη-

1961 620 2310 688 punirentur,
2392 627 2632 672 mentem
2704 615 3013 686 erigebant,
3096 615 3558 684 quemadmodum

1959 699 2188 780 apostoli
2216 729 2229 765 :
2254 711 2305 765 in
2337 710 2576 777 peccatis
2603 723 2734 763 vero
2763 707 2838 762 ita
2857 708 3054 762 rubore
3080 705 3560 767 suﬂ'undebantnr,

1961 812 2021 857 ut
2044 818 2149 857 non
2191 802 2370 857 solum
2402 802 2522 869 ipso
2548 810 2902 870 peccatorum
2949 809 3227 869 tempore.
3263 799 3360 853 sed
3389 799 3558 852 etiam

1960 909 2026 948 eo
2054 895 2262 966 elapso,
2297 894 2691 964 punitioncque
2732 893 2962 948 remissa
2997 891 3451 962 ingemiscerent,
3501 901 3559 946 et

1962 988 2417 1042 lamentarentur.

2037 1172 2102 1228 Et
2131 1181 2253 1244 post
2291 1187 2467 1243 pauca
2521 1188 2538 1225 ε
2574 1170 2823 1241 Ingemui
2864 1171 2922 1224 iu
2982 1171 3171 1225 diebus
3226 1169 3563 1239 confusionis

1963 1281 2114 1320 metu.

2038 1355 2164 1413 Haec
2196 1365 2553 1427 peccatorum
2587 1365 2671 1411 cst
2711 1354 3006 1420 medicina,
3045 1355 3322 1425 gemitus,
3361 1354 3562 1424 partim

1964 1449 2183 1518 quidem
2216 1448 2268 1503 in
2297 1448 2486 1503 eadem
2512 1446 2617 1501 labi
2651 1462 2755 1502 non
2782 1447 2988 1509 sinens,
3021 1447 3218 1516 partim
3253 1460 3386 1501 vero
3416 1443 3563 1514 quod

1965 1550 2049 1596 est
2073 1539 2275 1595 factum
2310 1545 2653 1610 abstergens.

2041 1631 2108 1685 Et
2149 1633 2355 1687 ostendi
2382 1633 2500 1686 tibi.

2036 1724 2197 1778 Vides
2246 1733 2510 1793 quantum
2563 1724 2765 1779 bomnn
2825 1723 2898 1777 sit
2949 1733 3174 1789 peccata
3216 1719 3565 1792 agnoscere?

1971 1817 2142 1887 magis
2170 1832 2269 1873 nos
2304 1819 2412 1873 Deo
2436 1819 2711 1886 subjectos
2740 1818 2938 1873 reddit.
2975 1817 3116 1884 Non,
3148 1817 3394 1886 inquam,
3431 1827 3560 1886 pec-

1969 1923 2121 1976 care,
2157 1910 2251 1964 sed
2281 1920 2405 1981 post
2432 1921 2740 1979 peccatum,
2774 1924 3097 1979 agnoscere.

2039 2100 2054 2117 '
2074 2094 2234 2150 Vens.
2266 2093 2357 2149 20.
2387 2094 2557 2150 Filius
2580 2111 2633 2149 es
2663 2095 2889 2150 dilectus
2912 2092 3140 2164 Ephrem
3175 2093 3329 2147 mihi.

2043 2190 2155 2243 Hoc
2185 2198 2290 2252 est,
2319 2187 2659 2242 honorabilis
2694 2187 2837 2241 lilius
2878 2187 2994 2242 sive
3024 2185 3319 2255 pretiosus.
3363 2182 3565 2237 Parvu-

1967 2281 2050 2335 lus
2096 2280 2404 2335 delicatus:
2442 2280 2543 2333 hoc
2595 2290 2685 2338 est
2710 2278 2996 2349 parvulus,
3037 2293 3147 2348 quo
3205 2275 3564 2339 delectabar;

1969 2371 2205 2442 sumpsit
2263 2380 2446 2426 autem
2502 2373 2877 2441 metaphoram
2937 2386 3004 2424 ex
3066 2368 3410 2438 parentibus.
3472 2366 3565 2434 qui

1967 2478 2090 2517 cum
2123 2461 2364 2532 parvulis
2401 2461 2702 2518 infantibus
2766 2460 2987 2516 ludunt.
3037 2461 3343 2514 Rccordans
3379 2472 3564 2510 recor-

1969 2557 2139 2610 dabar
2163 2555 2299 2625 ejus.
2323 2551 2582 2610 llebrteus
2619 2574 2632 2609 :
2673 2553 2886 2608 Idcirco
2909 2553 3178 2622 patefacta
3210 2561 3331 2605 sunt
3361 2550 3568 2604 viscera

1968 2661 2084 2698 mea
2124 2662 2282 2712 super
2309 2662 2452 2709 eum,
2497 2656 2544 2698 et
2596 2645 2886 2698 miserebor
2930 2643 3072 2713 ejus,
3108 2643 3245 2695 dixit
3282 2640 3567 2694 Dominus.

1971 2733 2184 2789 Idcirco
2220 2736 2426 2790 visitavi
2460 2750 2601 2789 eum.
2655 2731 2770 2790 Hoc
2810 2743 2917 2801 est,
2973 2744 3196 2802 propter
3239 2732 3570 2786 benevolen-

1973 2827 2099 2880 tiam
2127 2841 2232 2896 qua
2285 2841 2408 2898 eum
2438 2841 2763 2897 prosequor,
2795 2841 2901 2884 non
2928 2826 3166 2883 sustinui
3205 2826 3390 2881 videre
3419 2823 3569 2879 illum

1971 2916 2024 2970 in
2055 2916 2489 2974 calamitatibus.

2043 3006 2208 3064 Vides
2265 3024 2425 3078 quam
2477 3019 2720 3066 mutatus
2769 3009 2897 3064 sit?
2939 3007 3285 3066 Sceleratum
3330 3009 3569 3070 hostem,

1971 3100 2257 3156 inimicum
2297 3101 2466 3156 lilium
2499 3101 2782 3169 dilectum,
2818 3117 2884 3157 ne
2929 3109 3140 3155 tantum
3173 3107 3321 3156 esset
3350 3114 3438 3154 res
3469 3113 3569 3153 na-

277 3190 395 3256 τδν,
427 3190 573 3244 ὥστε
610 3189 686 3261 μὴ
715 3191 816 3262 τῆς
845 3190 1064 3262 φύσεως
1116 3185 1257 3246 εἶναι
1306 3191 1366 3244 τὸ
1394 3192 1631 3262 πρᾶγμα
1681 3190 1864 3261 μόνον,

1975 3204 2136 3261 tum,
2162 3203 2216 3250 et
2248 3192 2418 3249 lilium
2443 3193 2684 3251 nobilem
2713 3205 2769 3250 et
2795 3207 3143 3265 generosum.

280 3283 376 3337 καὶ
404 3283 618 3337 παιδίον
644 3281 951 3354 ἐλεύθερον,
983 3284 1076 3337 καὶ
1104 3283 1346 3353 εὐγενές.

340 3371 589 3443 Στῆσον
617 3374 848 3444 σεαυτῇ
884 3375 1101 3446 Σιώνιμ
1125 3377 1424 3442 σκοπούς.

352 3463 563 3536 Σιώνιμ
604 3467 809 3536 σημεῖα
857 3467 1253 3538 ἑρμηνεύεται.
1309 3468 1477 3537 Λέγει
1510 3469 1731 3535 τοίνυν,
1786 3469 1871 3524 δτι

283 3559 602 3631 Σημείωσαι
639 3560 741 3630 τὴν
771 3559 889 3612 ὁδὸν
932 3558 1125 3631 ὥσπερ
1152 3561 1390 3625 σκοποὺς
1427 3559 1544 3627 θεὶς
1586 3563 1645 3616 ιν
1674 3562 1868 3635 ἑαυτῇ,

277 3653 371 3707 διὰ
395 3652 505 3724 γὰρ
528 3651 738 3722 ταύτης
771 3650 1145 3706 ἐπανελεύσει.

352 3748 372 3770 ⁹
409 3729 678 3814 Ποίῆσον
709 3743 779 3798 δὲ
804 3745 958 3813 αὐτῇ
986 3747 1288 3814 τιμωρίαν.

358 3840 613 3908 ’Δσαφῶς
686 3842 862 3894 κεῖται
920 3841 1072 3910 παρὰ
1127 3841 1206 3910 τῷ
1255 3841 1576 3914 Ἑλληνικῷ.
1639 3843 1700 3897 '0
1761 3845 1872 3918 γὰρ

289 3929 544 4004 Ἐϐραῖος
571 3929 746 3994 οὕτως
775 3931 913 4002 ἔχει*
945 3931 1189 3999 Στῆσον
1216 3931 1450 4004 σεαυτῇ
1475 3936 1718 4006 σημεῖα,
1747 3937 1870 3991 ἀντὶ

278 4023 400 4089 τοῦ,
457 4025 772 4093 τιμωρίαν·
829 4023 960 4083 ἴσως
997 4023 1057 4077 δὲ
1096 4025 1236 4079 κατὰ
1259 4026 1322 4078 τὸ
1355 4026 1676 4097 Ἑλληνικὸν
1728 4026 1870 4100 αὕτη

282 4117 462 4170 κεῖται
514 4118 547 4189 ὴ
586 4115 790 4182 ἔννοια,
845 4117 930 4170 ὅτι
981 4116 1390 4185 Παράστησον
1433 4119 1543 4174 τὸν
1595 4122 1870 4189 σκοπὸν,

279 4207 548 4272 τουτέστι,
583 4207 644 4261 τὸ
675 4210 904 4279 σημεῖον
952 4207 1078 4262 ὅθεν
1137 4209 1420 4280 παρῆλθες
1466 4213 1869 4283 τιμωρηθεῖσα,

282 4300 372 4355 ἵνα
429 4301 732 4355 ἐπανιοῦσα
781 4302 928 4371 γνῷς
984 4300 1086 4372 τῆς
1143 4303 1458 4373 ἐνεργείας..
1496 4305 1558 4357 τὸ
1615 4305 1866 4373 μέγεθος.

280 4392 493 4448 Είδέναι
528 4391 584 4445 δὲ
615 4392 716 4457 δεῖ,
759 4393 841 4445 ὅτι
888 4392 1043 4465 παρὰ
1085 4393 1164 4465 τῷ
1195 4393 1442 4467 Ἐσραίῳ
1487 4395 1569 4460 τὸ,
1604 4397 1869 4467 τιμωρία,

279 4483 341 4536 οὐ
373 4484 573 4537 κεῖται.

354 4577 374 4598 θ
400 4571 513 4637 Δὸς
553 4570 670 4640 τὴν
696 4571 953 4640 καρδίαν
998 4587 1116 4628 σου
1168 4576 1255 4642 εις
1305 4573 1451 4641 τοὺς
1479 4573 1680 4645 ὤμους
1719 4591 1860 4646 σου,
1901 4581 1947 4638 D

281 4663 430 4721 ὁδὸν
461 4662 544 4732 ἢν
568 4663 919 4732 ἐπορεύθης.

352 4755 682 4819 Τουτέστιν,
731 4755 984 4825 ὲννόησαι
1038 4755 1139 4826 τὴν
1198 4756 1428 4827 καρδίαν
1473 4774 1568 4811 σου
1612 4759 1712 4830 τὴν
1749 4760 1868 4814 όδδν

279 4848 487 4918 ταύτην
511 4849 578 4918 ἦν
603 4847 813 4919 πορεύῃ
835 4847 1131 4918 μοχθοῦσα.

347 4942 366 4960 ⁹
405 4939 784 5008 Διὰστρεψον
813 4943 899 5007 είς
943 4941 1048 5007 τὰς
1069 4942 1281 5009 πόλεις
1310 4957 1428 4997 σου
1469 4945 1803 5001 πενθοῦσα.

351 5031 414 5084 '0
453 5030 730 5102 Ἑϐραῖος,
763 5031 1180 5102 Ἀνάστρεψιον
1215 5036 1304 5098 εὶς
1347 5034 1455 5102 τὰς
1484 5036 1697 5104 πόλεις
1748 5054 1866 5094 σου

279 5120 522 5186 ταύτας.
570 5121 717 5174 ’Δντὶ
753 5121 862 5191 γὰρ
919 5122 1035 5186 τοῦ,
1085 5125 1420 5189 πενθοῦσα,
1451 5126 1677 5193 ταύτας
1728 5127 1862 5199 ἔχει·

280 5210 565 5265 κάνταῦθα
589 5212 647 5264 δὲ
672 5213 705 5281 η
738 5213 1030 5282 ἐπωνυμία
1063 5213 1160 5283 τὴν
1192 5216 1500 5289 ἐναλλαγὴν
1543 5217 1645 5288 τῆς
1690 5221 1867 5292 ἑρμη-

276 5302 430 5366 νείας
481 5303 726 5372 ἐποίησε.
785 5302 860 5355 Τὸ
911 5303 1018 5373 γὰρ
1072 5303 1213 5370 dua,
1263 5303 1485 5372 πένθος
1541 5308 1770 5377 μηνύει,
1806 5311 1867 5363 τὸ

277 5393 334 5446 δὲ
359 5392 484 5458 eas,
506 5393 682 5461 αὕτη.
710 5393 869 5446 Οὕτω
887 5394 944 5446 δὲ
971 5395 1193 5464 νοητέον
1220 5395 1281 5448 τὸ
1321 5395 1637 5468 Ἑλληνικόν
1655 5416 1669 5430 ⁸
1703 5401 1860 5454 Ἀνά-

281 5483 513 5557 στρεψον
544 5486 624 5547 εἰς
653 5485 752 5548 τὰς
783 5485 969 5547 πόλεις
1000 5503 1119 5551 σου,
1149 5488 1181 5557 ἡ
1211 5488 1508 5556 πενθοῦσα,
1557 5491 1863 5556 τουτέστιν,

279 5577 312 5646 η
365 5577 461 5627 νῦν
503 5576 642 5645 μετὰ
702 5575 934 5641 πένθους
991 5578 1256 5645 ἀπιοῦσα,
1314 5582 1654 5652 ἀναστρέψει
1721 5585 1866 5655 μετὰ

277 5667 475 5736 χαρᾶς.

351 5763 364 5777 ⁸
400 5757 556 5824 Ἕως
588 5759 733 5811 πότε
759 5759 1164 5830 ἐπιστρέψας,
1192 5763 1453 5832 θυγάτηρ
1481 5766 1814 5836 ήτιμωμέι-ἠ
1849 5784 1862 5828 ;

361 5852 418 5904 ’0
460 5851 706 5921 Ἐϐραῖος
751 5853 922 5917 οὕτως
949 5855 1096 5926 ἔχει·
1163 5857 1310 5921 Ἕως
1359 5860 1503 5913 πότε
1533 5859 1860 5930 διασύρεις,

2047 3377 2209 3434 Vens.
2232 3375 2322 3433 9-1.
2355 3376 2540 3433 Statue
2575 3376 2672 3432 tibi
2694 3376 2903 3433 Sionim
2933 3379 3312 3448 speculatores.

2045 3467 2253 3524 Sionim
2302 3469 2699 3539 interpretatur
2763 3468 2950 3541 Signa.
3008 3470 3101 3525 Ait
3158 3470 3344 3538 igitur,
3403 3471 3570 3540 Signa

1972 3563 2144 3627 viam,
2174 3570 2434 3631 tanquam
2468 3560 2842 3629 speculatores
2871 3577 3040 3631 pones
3080 3563 3132 3618 in
3179 3577 3265 3629 ea,
3305 3577 3401 3635 per
3430 3566 3572 3622 hanc

1974 3655 2121 3708 enim
2155 3652 2467 3708 reverteris.

2047 3746 2064 3766 ⁴
2114 3739 2226 3797 Fac
2254 3758 2373 3797 vero
2398 3744 2497 3813 ipsi
2518 3760 2748 3813 plenam.

2045 3833 2294 3890 Obscure
2336 3835 2573 3906 positum
2603 3845 2690 3891 est
2719 3835 2862 3905 apud
2891 3835 3165 3891 Graecum.
3200 3837 3420 3893 Etenim
3457 3837 3566 3894 lle-

1975 3926 2154 3982 bra-us
2187 3925 2265 3980 ita
2319 3925 2471 3997 legit,
2503 3924 2692 3982 Statue
2743 3925 2842 3980 tibi
2897 3927 3076 3997 signa,
3111 3943 3212 4000 pro
3245 3944 3475 3996 pinnam,
3517 3941 3574 3984 et

1975 4016 2116 4072 forte
2144 4018 2302 4089 juxta
2328 4017 2579 4074 Gracum
2617 4019 2706 4075 hic
2734 4034 2858 4076 esse
2891 4014 3093 4090 poterit
3147 4037 3344 4077 sensus
3375 4039 3389 4075 :
3426 4019 3570 4079 Cou-

1974 4111 2135 4164 stitue
2158 4109 2563 4180 speculatorem,
2591 4110 2695 4166 hoc
2713 4120 2797 4166 est
2817 4111 3057 4182 signum,
3089 4112 3234 4169 unde
3255 4115 3572 4182 prmtcriisti

1976 4204 2153 4272 poenis
2187 4202 2421 4257 multata
2449 4241 2466 4268 ,
2519 4211 2578 4256 ut
2608 4203 2826 4258 rediens
2859 4203 3078 4258 virtutis
3126 4219 3398 4273 agnoscas
3452 4221 3573 4260 ma-

1975 4293 2340 4363 gnitudinem.
2389 4293 2684 4350 Sciendum
2717 4303 2929 4363 autem,
2972 4295 3026 4349 in
3073 4293 3328 4361 Hebraeo,
3367 4312 3575 4366 plenam

1978 4401 2083 4441 11011
2113 4397 2350 4443 exstare.

2045 4572 2062 4592 ‘
2101 4571 2182 4626 Da
2212 4588 2303 4627 cor
2340 4581 2489 4627 tuum
2525 4574 2582 4627 in
2609 4577 2858 4628 humeros
2890 4583 3033 4640 tuos,
3064 4575 3204 4629 viam
3229 4575 3286 4630 in
3315 4591 3423 4646 qua
3459 4594 3574 4630 am-

1979 4663 2194 4719 bulasti.
3203 4722 3206 4726 .

2050 4758 2164 4815 Hoc
2183 4769 2288 4827 est,
2319 4761 2484 4817 corde
2525 4769 2618 4815 tuo
2644 4760 2994 4830 apprehende
3019 4761 3163 4814 viam
3200 4759 3366 4825 hanc,
3403 4775 3570 4830 quam

1977 4852 2250 4916 ambulas,
2285 4853 2449 4909 rebus
2474 4852 2726 4909 adversis
2752 4849 2980 4909 amicta.

2047 4946 2066 4966 "
2098 4943 2368 4999 Revertere
2395 4946 2452 4999 in
2479 4945 2713 4999 civitates
2747 4956 2867 4999 tuas
2901 4943 3104 5014 lugens.

2051 5035 2332 5103 Hebraeus,
2382 5034 2654 5090 Revertere
2705 5036 2776 5090 ad
2822 5037 3062 5092 civitates
3118 5051 3238 5092 tuas
3293 5037 3410 5096 has.
3465 5038 3571 5094 Pro

1976 5128 2156 5197 lugens
2189 5129 2334 5182 enim
2371 5126 2539 5182 habet
2573 5132 2693 5191 has,
2726 5136 2783 5181 et
2822 5128 2912 5183 hic
2941 5129 3223 5184 nominum
3267 5129 3570 5184 similitudo

1975 5217 2441 5285 interpretationis
2475 5215 2850 5270 diversitatem
2898 5215 3134 5269 induxit.
3180 5215 3416 5280 Etenim,
3476 5214 3566 5268 ala

1975 5309 2175 5362 luctum
2212 5307 2487 5378 signiﬁcat
2515 5323 2529 5369 ;
2561 5306 2663 5372 ete,
2715 5305 2848 5360 hac.
2883 5305 2976 5361 Sic
3023 5305 3208 5376 itaque
3236 5317 3322 5361 est
3357 5305 3560 5361 intelli-

1976 5402 2181 5471 gendus
2209 5410 2388 5455 textus
2421 5398 2646 5454 Graccus
2681 5414 2694 5451 :
2736 5397 3033 5454 Revertere
3057 5397 3112 5453 in
3160 5398 3412 5454 civitates
3449 5407 3571 5453 tuas

1975 5494 2065 5563 qui
2119 5493 2308 5564 luges,
2359 5491 2519 5562 quasi
2590 5491 2830 5553 diceret,
2863 5489 2996 5557 Quae
3053 5505 3197 5546 nunc
3254 5490 3564 5563 lacrymans

1976 5584 2112 5647 abis,
2169 5597 2292 5638 cum
2353 5580 2552 5650 gaudio
2583 5582 2899 5636 reverteris.

2048 5769 2062 5786 ‘
2095 5764 2256 5820 Vens.
2295 5764 2384 5818 '22.
2422 5762 2701 5834 Usquequo
2722 5766 3060 5831 converteris,
3092 5764 3207 5834 ﬁlia
3230 5763 3515 5833 despecta?

2039 5861 2300 5918 Hebraeus
2353 5860 2432 5916 sic
2482 5860 2643 5915 habet
2693 5877 2707 5914 :
2757 5855 3034 5929 Usquequo
3063 5857 3400 5926 distraheris,
3429 5857 3571 5927 ﬁlia,
