4226 6434
341 390 446 450 985

340 602 759 674 συνεργοῦντος.

413 695 570 762 Ἕως
582 697 819 760 ,βουνοῦ
860 700 1052 770 Γαρὶὸ
1087 702 1281 776 (ὄνομα
1311 707 1503 781 τόπου)
1530 726 1546 741 ο
1569 712 1668 766 καί
1700 726 1943 783 περικυ-

338 787 713 854 κλωθήσεται
741 789 821 855 τῷ
851 794 1055 862 Γοαθᾲ
1087 797 1271 867 (πάλιν
1296 800 1471 871 ὄνομα
1500 803 1719 874 τόπου).

412 882 429 900 ¹
455 881 566 934 Καὶ
608 879 820 936 πᾶσαν
846 885 963 954 τὴν
1015 889 1273 944 κοιλάδα
1322 891 1446 948 τῶν
1483 898 1793 970 Φααγαρίμ
1839 901 1938 956 καί

337 972 455 1039 τὴν
477 974 744 1028 σποδιὰν
771 980 1098 1049 Φααγαρίμ.

407 1064 726 1133 Τουτέστιν,
751 1069 884 1124 ἔνθα
911 1075 978 1125 τὰ
1005 1075 1178 1146 νεκρὰ
1205 1076 1605 1149 ῥίπτεται.Καί
1631 1083 1749 1152 τὴν
1784 1101 1940 1141 σπο-

332 1155 496 1252 διὰν,
701 1161 830 1226 τοῦ,
867 1166 1059 1220 καὶτὰ
1109 1169 1340 1252 κοθὲσιαξ
1382 1155 1497 1245 [τον.
1548 1177 1873 1246 νεκροθέσια

333 1248 409 1300 Τὸ
437 1250 572 1302 αὐτὸ
600 1251 656 1305 δὲ
686 1254 944 1322 σημαίνει
973 1261 1069 1311 καὶ
1094 1260 1158 1312 τὸ
1182 1248 1556 1334 ἐπαγομενον,
1588 1270 1688 1323 καί
1720 1248 1937 1325 πᾶσαῷ

346 1342 768 1415 Ἁνασαριμὼθ,
805 1347 949 1414 ἀντὶ,
984 1352 1150 1404 τόπον
1194 1357 1458 1427 κοπρίας.

405 1437 562 1503 Ἕως
600 1439 926 1508 χειμάῤῥου
953 1444 1201 1512 Κέδρου,
1233 1448 1346 1515 ἕως
1375 1449 1488 1518 τῆς
1543 1453 1762 1523 γωνίας
1819 1457 1935 1511 πύ-

328 1532 466 1596 λης,
498 1531 701 1584 ἵππων
741 1535 1062 1604 Ἀνατολῆς
1086 1541 1360 1610 ἀνίασμα
1380 1543 1460 1606 τῷ
1484 1547 1703 1613 Κυρίῳ.

405 1622 721 1690 Τουτέστιν,
769 1627 806 1680 ἃ.
849 1629 1020 1684 πάλαι
1067 1628 1159 1702 ἦν,
1216 1634 1323 1699 ἔξω
1349 1637 1449 1706 τῆς
1503 1637 1719 1702 πόλεως
1763 1641 1843 1706 εἰς
1873 1643 1935 1696 τὸ

331 1715 626 1783 ῥίπτεσθαι
674 1720 774 1790 τὴν
803 1721 1011 1794 κόπρον
1043 1766 1056 1789 ,
1105 1725 1281 1780 ταῦτα
1320 1729 1801 1801 περιληφθήσεται
1851 1735 1934 1798 είς

326 1813 430 1877 τὴν
473 1809 652 1874 πόλιν,
707 1814 803 1864 καὶ
855 1817 1300 1887 κοσμηθήσεται,
1353 1821 1449 1873 καὶ
1501 1821 1660 1876 ἔσται
1709 1823 1858 1888 ἄπας
1903 1828 1932 1879 ὁ

325 1901 491 1964 τόπος
540 1902 790 1974 ἅγίασμα
826 1906 904 1961 τῶ
955 1910 1168 1981 Κυρίῳ,
1201 1912 1507 1980 τουτέστιν,
1558 1917 1930 1988 ἀφωρισμένα

326 1993 405 2062 τῷ
442 1993 585 2064 Θεῷ.
641 1997 715 2049 Τὸ
754 1998 834 2062 δὲ,
893 2001 1097 2054 ἵππων
1141 2004 1490 2074 Ἀνατολῆς,
1523 2010 1800 2076 τουτέστι,
1832 2014 1933 2083 τῆς

326 2085 505 2158 πύλης
532 2087 643 2143 τῶν
670 2089 855 2145 ἵππων
875 2093 976 2161 τῆς
1003 2093 1061 2160 ἐξ
1102 2096 1421 2169 Ἀνατολῆς.

536 2177 553 2191 “
910 2185 1164 2243 ΚΕΦΑΛ.
1208 2189 1333 2249 AB’.

406 2269 471 2323 Ὀ
493 2272 677 2341 λόγος
707 2275 741 2327 ό
771 2277 1123 2346 γενόμενος.

407 2359 571 2433 Ὁρᾷς
601 2362 693 2417 τοῦ
723 2365 864 2419 Θεοῦ
906 2369 1334 2441 μακροθυμίαν;
1369 2374 1631 2431 τοσοῦτον
1665 2378 1927 2450 ἠνέσχετο

320 2451 516 2523 χρόνον
556 2453 739 2508 αὐτῶν
789 2458 934 2527 μετὰ
972 2461 1075 2532 τὴν
1127 2463 1452 2531 ἀπόστασιν,
1499 2468 1596 2521 καί
1647 2470 1708 2522 τὸ
1738 2487 1924 2540 παρα-

322 2543 648 2613 σπονδῆσαι,
691 2547 788 2599 καὶ
816 2548 940 2601 οὐδὲ
966 2550 1111 2605 οὕτω
1133 2554 1328 2624 γέγονε
1365 2556 1594 2625 βελτίων
1612 2577 1626 2590 ·
1658 2561 1794 2614 ἀλλὰ
1829 2563 1924 2616 καὶ

318 2629 430 2686 τῶν
457 2634 646 2688 δεινῶν
678 2638 1118 2710 ἀπειλουμένων,
1150 2646 1268 2709 ἴσος
1297 2642 1366 2718 ἦν
1399 2646 1448 2719 [ό
1468 2649 1676 2724 αὐτόςῙ·
1701 2655 1796 2708 καὶ
1821 2655 1923 2708 οὐκ

317 2724 524 2795 ήρκεσε
557 2727 742 2792 τοῦτο,
782 2730 922 2785 ἀλλὰ
968 2733 1061 2787 καὶ
1108 2735 1203 2790 τὸν
1234 2741 1526 2812 προφήτην
1572 2745 1924 2801 κατέκλεισεν

318 2819 400 2882 είς
425 2818 828 2893 δεσμωτήριον.

387 2911 498 2966 Καὶ
539 2913 825 2983 Ἱερεμίας
847 2917 1257 2986 ἐφυλάσσετο.

390 3005 550 3069 Τίνος
575 3005 799 3076 ἓνεκεν;
840 3011 962 3062 εἰπέ
1006 3029 1118 3082 μοι.
1183 3014 1429 3084 Ἐπειδὴ
1467 3019 1695 3090 λέγεις·
1719 3023 1919 3090 Οὕτως

1435 403 1859 463 FRAGMENTA
1904 408 1971 486 is
2011 409 2392 470 mutatum.

341 509 510 579 στῆς,
573 509 650 613 ως
712 513 1160 588 περαιωθήσεται
1223 520 1286 573 τὸ
1342 525 1734 597 προκείμενον,
1796 528 1914 584 Θεοί

2045 539 2382 608 propositum
2443 544 2740 599 terminum
2823 547 3254 616 perducendum,
3313 550 3425 608 Deo
3480 555 3662 626 cpitu-

3555 435 3662 491 980i

2049 632 2216 689 laute.

2132 721 2311 794 Usque
2363 726 2433 778 ad
2489 724 2648 803 calles
2680 723 2848 781 Garib
2875 729 3100 800 (nomen
3137 730 3268 802 loci)
3297 750 3312 787 :
3345 744 3396 788 et
3435 735 3660 792 circum-

2045 813 2266 868 dabitur
2295 814 2501 870 Goatha
2535 819 2760 886 (iterum
2794 834 2993 874 nomen
3020 819 3177 892 loci).

2116 909 2133 927 '
2156 905 2320 962 Vsus.
2344 907 2436 963 40.
2473 907 2542 962 Ει
2575 925 2786 964 omnem
2812 911 3002 966 vallem
3037 910 3395 986 Pliaagarim,
3435 926 3483 972 et
3516 918 3659 972 ciue-

2045 1016 2152 1056 rem
2186 1000 2538 1073 Pliaagarim.

2130 1091 2248 1148 Hoc
2281 1104 2367 1148 est
2391 1133 2404 1155 .
2454 1110 2562 1164 quo
2589 1096 2859 1152 cadavera
2898 1097 3288 1169 projicinntur.
3315 1100 3385 1156 Et
3426 1102 3658 1158 cinerem

2044 1200 2143 1252 pro
2170 1197 2502 1241 mortuorum
2549 1206 2730 1244 arcas.
2768 1191 3050 1248 Hocidem
3082 1196 3361 1265 signiﬁcat
3399 1205 3456 1250 et
3509 1199 3657 1265 quod

2042 1279 2267 1334 subdit:
2324 1278 2391 1333 Et
2448 1297 2657 1335 omnem
2707 1281 3091 1339 Anasarimoth
3141 1302 3161 1342 :
3211 1287 3395 1342 locum
3443 1288 3658 1343 scilicet

2042 1374 2327 1429 stercoris.

2116 1464 2298 1537 Usque
2357 1471 2428 1522 ad
2485 1479 2770 1523 torrentem
2819 1466 3076 1532 Cedro»,
3124 1484 3296 1539 usque
3356 1470 3426 1521 ad
3481 1485 3653 1543 angu-

2040 1561 2148 1614 lum
2171 1572 2340 1630 poma
2383 1578 2638 1631 equorum
2679 1560 2915 1617 Orientis
2955 1570 3201 1614 sanctum
3260 1561 3510 1615 Domino.

2115 1653 2169 1707 Id
2204 1665 2317 1721 est,
2339 1670 2461 1725 qua:
2495 1654 2647 1724 prius
2676 1664 2855 1720 erant,
2896 1664 3052 1709 extra
3085 1654 3364 1708 civitatem
3398 1671 3509 1725 quo
3545 1654 3651 1725 eji-

2039 1748 2287 1804 ciebatur
2315 1756 2550 1809 stercus,
2585 1746 2703 1801 haec
2731 1746 3042 1816 cingentnr,
3072 1757 3125 1799 ct
3162 1748 3508 1802 omabuntur
3528 1789 3542 1812 ,
3594 1759 3650 1802 et

2038 1841 2144 1894 erit
2194 1841 2373 1894 omnis
2428 1839 2580 1895 locus
2631 1839 2995 1894 sanctilicium
3036 1841 3310 1905 Domino,
3359 1847 3647 1909 segregata

2038 1935 2248 1991 Srilicet
2275 1933 2407 1990 Deo.
2441 1933 2574 1988 Illud
2600 1942 2804 1998 autem,
2825 1949 3079 2000 equorum
3115 1931 3372 1995 Orientis,
3394 1931 3647 1987 videlicet.

2036 2039 2206 2100 porta:
2229 2043 2518 2099 equorum,
2551 2042 2676 2097 quae
2699 2026 2980 2083 Orientem
3013 2041 3208 2081 versus
3230 2026 3334 2081 sits
3358 2034 3500 2079 erat.

2626 2185 2780 2241 CAP.
2817 2183 3041 2240 XXXII.
3121 2258 3134 2272 .

2106 2277 2275 2333 Vnus.
2309 2280 2362 2334 1.
2406 2277 2638 2333 Verbum
2661 2279 2806 2349 quod
2845 2279 3047 2346 factum
3093 2287 3194 2332 est.

2100 2369 2290 2427 Viden'
2327 2370 2420 2426 Dei
2453 2373 2803 2426 tolerantiam
2831 2371 2854 2426 2
2883 2381 3034 2425 tanto
3072 2381 3318 2440 tempore
3348 2385 3444 2424 eos
3476 2370 3643 2425 susti-

2032 2465 2146 2517 nttit
2171 2473 2291 2534 post
2311 2462 2678 2518 defectionem
2707 2463 3054 2532 viui-alasque
3079 2463 3399 2532 pactiones;
3435 2477 3536 2516 nec
3561 2475 3641 2515 Ia-

2030 2573 2153 2611 meu
2186 2557 2275 2612 ille
2305 2556 2499 2611 melior
2530 2555 2728 2622 evasit,
2763 2557 2858 2610 sed
2921 2565 2978 2610 et
3018 2555 3146 2609 dum
3204 2555 3367 2610 mina:
3417 2555 3471 2608 in
3514 2569 3640 2609 eum

2020 2652 2367 2719 jactarentur
2399 2650 2541 2704 idem
2567 2659 2706 2713 erat,
2740 2663 2920 2718 neque
2967 2649 3071 2704 hoc
3127 2648 3263 2703 satis
3308 2647 3431 2713 fuit,
3469 2645 3564 2702 sed
3586 2653 3643 2701 et

2033 2744 2355 2815 prophetam
2392 2741 2628 2812 coniecit
2680 2742 2736 2797 in
2770 2756 3076 2798 carcerem.

2112 2929 2275 2984 Vens.
2319 2929 2377 2984 2.
2426 2928 2499 2983 Et
2532 2928 2796 2985 Ieremia:
2838 2927 3261 2983 custodiebatur.

2095 3023 2466 3090 Quamobrem
2488 3022 2643 3078 dicas
2673 3037 2882 3091 quaeso.
2917 3021 3187 3088 Quoniam
3224 3021 3359 3075 dicit
3381 3034 3401 3074 :
3436 3017 3527 3074 Sic
3549 3019 3638 3073 di-

314 3091 448 3149 εἷπε
481 3098 728 3166 Κύριος·
765 3100 923 3155 Ἰδοὺ
944 3101 1150 3174 δίδωμι
1189 3108 1307 3174 τὴν
1330 3111 1516 3163 πόλιν
1539 3113 1786 3180 ταύτην.
1821 3116 1913 3188 Μὴ

2024 3115 2092 3168 cit
2137 3114 2406 3167 Dominus
2441 3112 2622 3168 :Ecce
2665 3130 2761 3182 ego
2804 3115 2872 3165 do
2919 3114 3188 3167 civitatem
3249 3113 3430 3164 istam.
3493 3110 3637 3164 Num

314 3189 428 3282 γαρ
457 3190 569 3261 ἐμὰ
597 3192 667 3244 τὰ
698 3194 925 3264 ῥήματά
953 3197 1140 3263 ἐστιν;
1181 3198 1244 3250 El
1282 3200 1383 3270 μὲν
1415 3200 1513 3256 οὖν
1540 3205 1649 3274 ἐμὰ
1671 3245 1686 3266 .
1731 3208 1913 3274 φοϐεῖ-

2028 3209 2192 3262 verba
2245 3209 2359 3261 haec
2396 3222 2517 3261 mea
2568 3208 2748 3262 sunt?
2801 3205 2858 3260 Si
2894 3221 3014 3260 mea
3060 3214 3206 3268 sunt,
3247 3192 3489 3259 timenda
3527 3219 3636 3259 non

316 3281 440 3336 σθαι
483 3283 626 3340 αὐτὰ
658 3286 719 3337 ού
750 3288 856 3357 χρή
879 3303 893 3318 ’
924 3290 974 3342 εἰ
1000 3287 1057 3342 δὲ
1099 3290 1201 3343 οὐκ
1238 3292 1368 3362 ἐμὰ,
1399 3293 1482 3347 δεῖ
1530 3298 1811 3351 πιστεύειν
1834 3303 1914 3354 ὅτι

2024 3308 2186 3365 sunt;
2230 3301 2276 3355 si
2333 3313 2467 3355 vero
2525 3314 2633 3354 non
2673 3315 2814 3361 mea,
2862 3297 3198 3354 credendum
3229 3288 3313 3352 est
3352 3311 3475 3354 mea
3529 3313 3636 3352 non

311 3375 415 3428 οὐκ
442 3375 554 3446 ἐμά
579 3375 718 3442 ἐστι,
759 3378 854 3432 καὶ
873 3379 956 3433 ὅτι
981 3379 1166 3452 ’ἀληθῆ
1199 3382 1354 3438 ἔσται
1382 3401 1396 3414 °
1429 3385 1575 3440 Ἀλλ’
1600 3388 1723 3452 ἔθος
1756 3390 1917 3444 τοῦτο

311 3467 428 3528 τοῖς
477 3466 856 3538 ἐλεγχομένοις
895 3469 1078 3539 λέγειν
1109 3489 1121 3503 ·
1155 3472 1446 3546 Δήσωμεν
1502 3479 1608 3533 τὸν
1653 3479 1913 3550 δίκαιον,

312 3551 404 3607 ὅτι
428 3552 822 3624 δύσχρηστος
849 3558 997 3627 ἡμῖν
1023 3560 1217 3620 ἐστιν.
1268 3569 1274 3575 ’

383 3647 497 3701 Καὶ
530 3649 566 3702 ὁ
589 3649 774 3718 λόγος
805 3653 1051 3719 Κυρίου.

301 3777 303 3780 .
387 3733 525 3791 Εἶτα
559 3738 646 3792 ἶνα
695 3740 771 3812 μὴ
814 3742 1055 3815 ἀπείπῃ,
1089 3745 1356 3817 ἀγοράζει
1408 3750 1726 3816 κελευσθεὶς
1758 3756 1913 3826 παρὰ

311 3829 406 3903 ¹τοῦ
423 3829 582 3885 Θεοῦ.
613 3833 710 3897 Τίς
743 3833 902 3888 τοῦτο
935 3835 1002 3890 ἂν
1024 3838 1282 3909 emines;
1313 3843 1414 3912 τῆς
1445 3845 1658 3910 πόλεως
1685 3847 1912 3904 ἁλίσκε-

312 3919 438 4012 σθαι
495 3922 798 3996 μελλούσης
848 3919 1006 3992 οὗτος
1045 3933 1253 4002 ἀγροὺς
1287 3936 1572 4005 ἀγοράζει.
1619 3941 1726 3995 Καὶ
1778 3944 1910 4012 μετ’

312 4011 510 4082 ὀλίγα·
547 4013 833 4074 Ἐϐούλετο
857 4018 1214 4074 πιστεύεσθαι
1237 4023 1332 4077 καὶ
1356 4027 1486 4097 περὶ
1501 4026 1612 4081 τῶν
1630 4011 1906 4100 χρηστῶν.

323 4103 544 4174 Ἐπειδὴ
584 4106 694 4176 γὰρ
730 4106 892 4180 ἐξέϐη
923 4108 995 4163 τὰ
1025 4110 1266 4184 λυπηρὰ,
1288 4117 1398 4182 ,καὶ
1445 4117 1536 4170 διὰ
1569 4119 1679 4174 τῶν
1727 4139 1907 4193 πραγ-

314 4194 502 4265 μάτων
541 4195 709 4251 ἔδωκε
758 4203 957 4272 πεῖραν
1012 4204 1113 4276 τῆς
1154 4205 1320 4260 αὑτοῦ
1371 4208 1658 4282 δυνάμεως
1683 4217 1712 4269 ὁ
1739 4216 1905 4282 Θεὸς,

312 4286 729 4358 παραμυθεῖται
773 4293 978 4358 αὐτοὺς
1008 4297 1068 4348 ὲν
1101 4298 1215 4362 τοῖς
1241 4297 1520 4370 λυπηροῖς
1554 4307 1676 4368 ταῖς
1724 4307 1907 4362 ἐλπίσι

309 4376 420 4430 τῶν
456 4379 712 4450 χρηστῶν
737 4397 752 4411 ·
785 4382 884 4436 καὶ
911 4383 1098 4438 οὐκέτι
1132 4386 1380 4458 ῥήματα,
1408 4391 1547 4444 αλλά
1578 4394 1904 4465 πράγματα.

380 4469 690 4538 ’Μηνύσας
723 4471 819 4525 τοῦ
865 4473 998 4528 λαοῦ
1028 4476 1130 4547 τὴν
1180 4478 1392 4544 ἄνοδον,
1443 4483 1582 4553 πρὸς
1632 4486 1908 4558 πληροφο-

2019 3405 2165 3456 esse,
2189 3405 2428 3461 veraque
2467 3391 2672 3455 futura,
2699 3391 2792 3444 sed
2819 3406 2937 3444 mos
2963 3404 3156 3443 eorum
3186 3397 3272 3444 est
3311 3388 3402 3458 qui
3449 3390 3638 3442 redur-

2018 3491 2262 3552 guuntur
2299 3483 2482 3538 dicere
2524 3501 2538 3539 :
2583 3481 2831 3553 Ligemus
2854 3481 3085 3551 justum,
3135 3482 3391 3551 quoniam
3428 3480 3636 3535 inutilis

2016 3584 2093 3631 est
2125 3577 2192 3628 ".

2093 3668 2256 3724 Vens.
2282 3667 2339 3725 6.
2375 3665 2440 3722 Et
2467 3669 2680 3723 verbum
2705 3666 2942 3723 Domini.

2077 3765 2285 3821 Deinde
2304 3779 2370 3817 ne
2408 3764 2690 3832 desperet,
2722 3765 2857 3820 emit
2887 3780 2915 3817 a
2979 3763 3089 3817 Deo
3115 3761 3324 3832 jussus.
3359 3760 3495 3830 Quis
3533 3764 3619 3818 fa-
3655 3832 3666 3840 .

2019 3867 2171 3915 ceret
2220 3857 2364 3912 hoc?
2397 3872 2521 3910 cum
2570 3857 2704 3912 urbs
2748 3855 3055 3927 diripienda
3106 3865 3276 3921 esset,
3327 3857 3416 3913 hic
3471 3873 3634 3928 agros

2018 3949 2174 4006 emit.
2203 3947 2275 4003 Et
2299 3949 2460 4019 paulo
2510 3948 2760 4018 inferius.
2809 3946 2999 4002 Fidem
3036 3947 3138 4002 sibi
3167 3949 3333 4003 etiam
3373 3949 3441 4004 de
3473 3947 3634 4005 bonis

2017 4042 2214 4098 haberi
2232 4041 2470 4098 volebat.
2506 4041 2643 4095 Nam
2679 4040 2808 4111 quia
2872 4040 3036 4094 noxia
3081 4041 3256 4111 reipsa
3303 4051 3629 4109 evenerunt,

2017 4133 2509 4204 experimentoque
2541 4147 2697 4188 suam
2737 4132 2880 4187 Deus
2907 4133 3206 4202 potentiam
3235 4134 3413 4203 reipsa
3442 4145 3630 4190 osten-

2017 4230 2119 4294 dit,
2179 4227 2505 4283 consolatur
2547 4242 2644 4281 eos
2673 4226 2728 4280 in
2765 4226 3015 4282 adversis
3047 4239 3143 4296 spe
3182 4225 3493 4293 bonorum;
3529 4242 3629 4282 nec

2012 4317 2247 4389 amplius
2275 4316 2464 4385 verba,
2496 4318 2590 4374 sed
2615 4315 2789 4372 f-~cta.

2085 4485 2258 4544 'Cum
2297 4485 2480 4558 populi
2516 4500 2828 4556 regressum
2859 4485 3248 4555 signiﬁcasset,
3299 4485 3365 4538 ad
3408 4484 3628 4554 plenam

310 4558 435 4631 ρίαν
466 4561 574 4615 τῶν
617 4561 920 4635 λεχθέντων
958 4570 1296 4638 προστάττει
1343 4573 1422 4644 τῷ
1454 4578 1710 4649 προφήτῃ
1743 4579 1906 4648 ὲγκε-

2024 4581 2285 4637 dictorum
2345 4579 2854 4649 comprobatiouem
2924 4578 3175 4649 prtecipit
3232 4579 3517 4648 prophetae
3568 4579 3621 4631 in

309 4652 620 4726 κλεισμένῳ
662 4657 758 4710 ἐπὶ
802 4659 903 4729 τῆς
930 4659 1025 4713 τοῦ
1063 4661 1335 4730 βασιλέως
1385 4667 1639 4736 φυλακῆς
1687 4671 1780 4724 τὸν
1808 4673 1905 4726 τοῦ

2014 4674 2166 4744 regio
2224 4687 2450 4729 carcere
2503 4672 2750 4738 occluso,
2789 4681 2848 4724 ιιι
2901 4671 3082 4742 patrui
3132 4685 3352 4742 agrum.
3392 4671 3626 4725 Ananiel

310 4746 460 4800 θείου
508 4749 701 4818 ἀγρὸν,
746 4753 1018 4820 τουτέστι,
1060 4754 1154 4808 τοῦ
1194 4757 1783 4833 Ἀνανιὴλ,,πρίασθαι,
1813 4768 1906 4821 καὶ

2024 4765 2244 4830 scilicet,
2273 4775 2422 4820 emat
2448 4781 2463 4830 ;
2489 4779 2598 4835 quo
2629 4774 2876 4834 peracto,
2915 4772 2972 4817 et
3002 4763 3296 4832 scripturis
3331 4761 3623 4828 confectis,

309 4836 474 4891 τοῦτο
499 4842 759 4910 ποιήσας,
795 4843 892 4896 καὶ
940 4845 1011 4898 τὰ
1043 4847 1358 4916 γράμματα
1409 4852 1739 4918 συντελέσας
1761 4895 1776 4917 ,
1811 4859 1906 4910 καὶ

305 4930 407 5001 τὴν
451 4933 628 5004 νομὴν
688 4933 784 4988 τοῦ
833 4937 1009 5008 ἀγροῦ
1065 4937 1399 5011 δεξάμενος,
1460 4947 1765 5016 προσέταξε
1824 4950 1905 5022 τῷ

306 5022 528 5094 Βαροὺχ
555 5025 621 5078 ἐν
647 5025 966 5099 ὀστρακίνῳ
994 5030 1182 5083 σκεύει
1209 5034 1548 5090 καταθέσθαι
1574 5038 1637 5090 τὸ
1671 5039 1901 5109 βισλίον,

2013 4871 2178 4930 atque
2216 4860 2559 4928 possessione
2600 4868 2844 4926 recepta,
2871 4855 3038 4925 jussit
3075 4854 3292 4910 Bantch
3352 4864 3411 4908 ut
3445 4869 3620 4923 pone-

2013 4967 2094 5012 ret
2127 4957 2324 5011 librum
2363 4956 2414 5008 in
2447 4967 2573 5008 vase
2603 4962 2864 5015 testaceo,
2891 4951 2945 5004 in
2971 4949 3186 5021 signum
3217 4963 3414 5018 nempe
3472 4947 3624 5016 quod

2010 5050 2242 5122 populus
2299 5050 2497 5104 iterum
2545 5047 2634 5102 illa
2693 5045 2973 5116 petiturus
3015 5053 3165 5101 esset
3214 5055 3383 5096 terra.
3417 5041 3618 5095 Verum

309 5117 542 5189 μήνυμα
572 5117 673 5176 τοῦ
725 5116 885 5185 αὖθις
927 5122 1032 5187 τὴν
1057 5124 1164 5195 γῆν
1199 5127 1256 5178 ὲν
1287 5128 1594 5183 ἀπολαύσει
1645 5132 1740 5186 τοῦ
1774 5133 1903 5188 λαοῦ

2024 5160 2130 5198 :unt
2193 5141 2404 5196 Baruclt
2474 5139 2754 5196 civitatein
2804 5139 3069 5195 circuiret
3102 5178 3116 5202 ,
3183 5135 3428 5192 decimus
3467 5135 3618 5189 enim

306 5209 548 5266 ἔσεσθαι.
586 5212 696 5266 Τοῦ
727 5213 784 5267 δὲ
830 5215 1048 5289 Βαροὺχ
1084 5222 1456 5288 περιεστῶτος
1483 5224 1583 5293 τὴν
1609 5225 1788 5292 πόλιν,
1822 5228 1906 5283 δέ-

2009 5245 2131 5290 erat
2160 5249 2339 5288 annus
2372 5234 2520 5303 regni
2563 5231 2832 5296 Setleciaa,
2858 5247 2968 5301 quo
3028 5230 3359 5303 Babylonius
3409 5231 3614 5285 irrum-

307 5320 475 5358 κατον
499 5305 612 5376 γὰρ
639 5299 711 5376 ἦν
739 5305 856 5372 ἔτος
894 5310 996 5380 τῆς
1029 5310 1318 5381 βασιλείας
1349 5315 1627 5382 Σεδεκίου,
1665 5319 1724 5372 ὲν
1745 5315 1902 5394 ᾧπερ

2024 5345 2164 5396 ξειιε,
2221 5299 2524 5383 Jerusalem
2563 5299 2889 5393 obsidebat,
2943 5325 3112 5380 Deum
3142 5299 3395 5390 exorat,
3449 5325 3519 5378 de
3561 5340 3620 5378 re

305 5395 549 5450 ἀνελθὼν
581 5400 609 5451 ὁ
645 5398 992 5465 Βαϐυλώνιος
1019 5403 1338 5477 ἐπολιόρκει
1374 5409 1474 5478 τὴν
1522 5409 1898 5486 Ἰερουσαλὴμ,

309 5487 545 5541 ἱκετεύει
574 5489 665 5542 τὸν
693 5490 830 5545 Θεὸν
857 5493 1159 5564 θαυμάζων
1185 5497 1282 5552 ἐπὶ
1303 5498 1379 5570 τῷ
1400 5502 1685 5575 γενομένῳ
1715 5506 1748 5576 ἢ
1782 5508 1898 5574 πῶς

306 5577 614 5672 προσέταξε
638 5580 733 5672 τον
764 5583 936 5653 ἀγρὸν
968 5584 1159 5638 λαϐεῖν
1179 5627 1194 5651 ,
1233 5589 1397 5661 εἴπερ
1429 5597 1530 5663 τὴν
1571 5596 1727 5650 πόλιν
1761 5618 1898 5672 προ·

302 5668 510 5736 δίδωσι,
546 5673 643 5724 καὶ
670 5670 863 5745 ὥσπερ
899 5678 979 5741 είς
1009 5695 1133 5732 τινα
1169 5682 1503 5751 ἀμφιϐολίαν
1539 5690 1776 5763 κατέστη
1806 5668 1896 5747 επὶ

2015 5431 2168 5490 gesta
2199 5420 2624 5488 obstupescens,
2649 5418 2731 5473 vel
2763 5434 2874 5488 qua
2903 5418 3114 5474 ratione
3147 5432 3338 5488 agrum
3363 5417 3471 5471 emi
3497 5417 3612 5486 jus-

2013 5515 2167 5576 serit,
2197 5515 2240 5569 si
2267 5514 2546 5569 civitatein
2583 5521 2739 5576 esset
2775 5512 3100 5572 traditurus,
3140 5517 3197 5565 et
3223 5508 3380 5580 quasi
3415 5506 3616 5562 dubius

2009 5606 2340 5677 colloquitur
2382 5607 2450 5661 de
2483 5605 2645 5660 rebus
2677 5604 2837 5660 dictis
2877 5622 2891 5658 :
2930 5602 3217 5659 continuat
3276 5601 3458 5670 itaque
3484 5613 3610 5655 omn

2009 5700 2236 5760 lienem.
2269 5711 2334 5751 ac
2372 5697 2418 5751 si
2454 5698 2597 5752 Deus
2628 5694 2730 5765 ipsi
2764 5693 3141 5767 responderet.

304 5763 419 5863 τοῖς
450 5762 723 5834 λεχθεῖσι·
761 5768 910 5837 λέγει
939 5772 1117 5828 τοίνυν
1149 5773 1485 5842 ἀκολούθως,
1527 5782 1602 5846 ὼς
1632 5784 1722 5840 τοῦ
1750 5785 1886 5842 Θεοῦ
1938 5794 2071 5861 πρὸς
2101 5794 2263 5848 αὐτὸν
2285 5788 2748 5863 ἀποκρινομένου.

373 5853 420 5887 ¹⁹
455 5858 582 5929 Sep.
627 5876 688 5926 tr,
722 5860 805 5915 12.
