  <div class='ocr_page' id='page_1' title='image "/cluster/home/n/w/nwhite01/storage/ocr_20150623/64/pst.000005712632/549.png"; bbox 0 0 4226 6472; ppageno 0'>
   <div class='ocr_carea' id='block_1_1' title="bbox 615 441 719 502">
    <p class='ocr_par' dir='ltr' id='par_1_1' title="bbox 615 441 719 502">
     <span class='ocr_line' id='line_1_1' title="bbox 615 441 719 502; baseline 0 -13"><span class='ocrx_word' id='word_1_1' title='bbox 615 441 719 502; x_wconf 71' lang='grc' dir='ltr'>οδτ</span> 
     </span>
    </p>
   </div>
   <div class='ocr_carea' id='block_1_2' title="bbox 690 549 1587 619">
    <p class='ocr_par' dir='ltr' id='par_1_2' title="bbox 690 549 1587 619">
     <span class='ocr_line' id='line_1_2' title="bbox 690 549 1587 619; baseline -0.001 -12"><span class='ocrx_word' id='word_1_2' title='bbox 690 552 852 609; x_wconf 72' lang='lat' dir='ltr'><strong>&quot;v’uss.</strong></span> <span class='ocrx_word' id='word_1_3' title='bbox 886 551 970 606; x_wconf 83' lang='lat' dir='ltr'><strong>l7.</strong></span> <span class='ocrx_word' id='word_1_4' title='bbox 1021 550 1094 604; x_wconf 79' lang='lat' dir='ltr'><strong>Tu</strong></span> <span class='ocrx_word' id='word_1_5' title='bbox 1113 550 1201 619; x_wconf 77' lang='lat' dir='ltr'><strong>qui</strong></span> <span class='ocrx_word' id='word_1_6' title='bbox 1232 566 1311 615; x_wconf 77' lang='lat' dir='ltr'><strong>es,</strong></span> <span class='ocrx_word' id='word_1_7' title='bbox 1344 549 1587 606; x_wconf 85' lang='lat' dir='ltr'><strong>Domine.</strong></span> 
     </span>
    </p>
   </div>
   <div class='ocr_carea' id='block_1_3' title="bbox 683 643 2190 710">
    <p class='ocr_par' dir='ltr' id='par_1_3' title="bbox 683 643 2190 710">
     <span class='ocr_line' id='line_1_3' title="bbox 683 643 2190 710; baseline -0.002 -9"><span class='ocrx_word' id='word_1_8' title='bbox 683 645 800 700; x_wconf 79' lang='lat' dir='ltr'><strong>Non</strong></span> <span class='ocrx_word' id='word_1_9' title='bbox 833 657 1050 706; x_wconf 78' lang='lat' dir='ltr'><strong>temere</strong></span> <span class='ocrx_word' id='word_1_10' title='bbox 1072 644 1170 696; x_wconf 87' lang='lat' dir='ltr'><strong>bac</strong></span> <span class='ocrx_word' id='word_1_11' title='bbox 1191 657 1322 698; x_wconf 89' lang='lat' dir='ltr'><strong>voce</strong></span> <span class='ocrx_word' id='word_1_12' title='bbox 1345 644 1540 709; x_wconf 91' lang='lat' dir='ltr'><strong>utitur,</strong></span> <span class='ocrx_word' id='word_1_13' title='bbox 1564 644 1669 709; x_wconf 83' lang='lat' dir='ltr'><strong>Qui</strong></span> <span class='ocrx_word' id='word_1_14' title='bbox 1698 661 1774 710; x_wconf 80' lang='lat' dir='ltr'><strong>es,</strong></span> <span class='ocrx_word' id='word_1_15' title='bbox 1801 644 2042 699; x_wconf 77' lang='lat' dir='ltr'><strong>Domine.</strong></span> <span class='ocrx_word' id='word_1_16' title='bbox 2067 643 2190 700; x_wconf 80' lang='lat' dir='ltr'><strong>Non</strong></span> 
     </span>
    </p>
   </div>
   <div class='ocr_carea' id='block_1_4' title="bbox 618 735 2189 808">
    <p class='ocr_par' dir='ltr' id='par_1_4' title="bbox 618 735 2189 808">
     <span class='ocr_line' id='line_1_4' title="bbox 618 735 2189 808; baseline -0.003 -16"><span class='ocrx_word' id='word_1_17' title='bbox 618 739 724 794; x_wconf 84' lang='lat' dir='ltr'><strong>dici</strong></span> <span class='ocrx_word' id='word_1_18' title='bbox 749 744 946 808; x_wconf 86' lang='lat' dir='ltr'><strong>potest,</strong></span> <span class='ocrx_word' id='word_1_19' title='bbox 975 735 1287 789; x_wconf 65' lang='lat' dir='ltr'><strong>Prmteribit</strong></span> <span class='ocrx_word' id='word_1_20' title='bbox 1310 752 1325 789; x_wconf 89' lang='lat'><strong>:</strong></span> <span class='ocrx_word' id='word_1_21' title='bbox 1352 750 1565 804; x_wconf 82' lang='lat' dir='ltr'><strong>semper</strong></span> <span class='ocrx_word' id='word_1_22' title='bbox 1596 745 1769 806; x_wconf 80' lang='lat' dir='ltr'><strong>potes.</strong></span> <span class='ocrx_word' id='word_1_23' title='bbox 1807 750 2024 805; x_wconf 76' lang='lat' dir='ltr'><strong>setnper</strong></span> <span class='ocrx_word' id='word_1_24' title='bbox 2044 735 2189 790; x_wconf 87' lang='lat' dir='ltr'><strong>enim</strong></span> 
     </span>
    </p>
   </div>
   <div class='ocr_carea' id='block_1_5' title="bbox 619 824 1697 896">
    <p class='ocr_par' dir='ltr' id='par_1_5' title="bbox 619 824 1697 896">
     <span class='ocr_line' id='line_1_5' title="bbox 619 824 1697 896; baseline -0.002 -12"><span class='ocrx_word' id='word_1_25' title='bbox 619 827 874 884; x_wconf 83' lang='lat' dir='ltr'><strong>Dominus</strong></span> <span class='ocrx_word' id='word_1_26' title='bbox 898 841 978 881; x_wconf 86' lang='lat' dir='ltr'><strong>es.</strong></span> <span class='ocrx_word' id='word_1_27' title='bbox 1004 824 1171 896; x_wconf 90' lang='lat' dir='ltr'><strong>Igitur</strong></span> <span class='ocrx_word' id='word_1_28' title='bbox 1194 834 1390 895; x_wconf 87' lang='lat' dir='ltr'><strong>potens</strong></span> <span class='ocrx_word' id='word_1_29' title='bbox 1417 841 1596 881; x_wconf 90' lang='lat' dir='ltr'><strong>rerum</strong></span> <span class='ocrx_word' id='word_1_30' title='bbox 1616 841 1697 882; x_wconf 86' lang='lat' dir='ltr'><strong>es.</strong></span> 
     </span>
    </p>
   </div>
   <div class='ocr_carea' id='block_1_6' title="bbox 687 919 992 974">
    <p class='ocr_par' dir='ltr' id='par_1_6' title="bbox 687 919 992 974">
     <span class='ocr_line' id='line_1_6' title="bbox 687 919 992 974; baseline 0 0"><span class='ocrx_word' id='word_1_31' title='bbox 687 919 755 974; x_wconf 83' lang='lat' dir='ltr'><strong>Et</strong></span> <span class='ocrx_word' id='word_1_32' title='bbox 795 919 992 974; x_wconf 79' lang='lat' dir='ltr'><strong>reddis.</strong></span> 
     </span>
    </p>
   </div>
   <div class='ocr_carea' id='block_1_7' title="bbox 688 1008 2196 1081">
    <p class='ocr_par' dir='ltr' id='par_1_7' title="bbox 688 1008 2196 1081">
     <span class='ocr_line' id='line_1_7' title="bbox 688 1008 2196 1081; baseline 0.001 -18"><span class='ocrx_word' id='word_1_33' title='bbox 688 1009 803 1064; x_wconf 77' lang='lat' dir='ltr'><strong>Non</strong></span> <span class='ocrx_word' id='word_1_34' title='bbox 831 1011 926 1076; x_wconf 83' lang='lat' dir='ltr'><strong>ait,</strong></span> <span class='ocrx_word' id='word_1_35' title='bbox 959 1013 1028 1064; x_wconf 87' lang='lat' dir='ltr'><strong>ad</strong></span> <span class='ocrx_word' id='word_1_36' title='bbox 1054 1011 1263 1065; x_wconf 77' lang='lat' dir='ltr'><strong>tertiam</strong></span> <span class='ocrx_word' id='word_1_37' title='bbox 1293 1022 1340 1065; x_wconf 85' lang='lat' dir='ltr'><strong>et</strong></span> <span class='ocrx_word' id='word_1_38' title='bbox 1359 1025 1604 1080; x_wconf 80' lang='lat' dir='ltr'><strong>quartam</strong></span> <span class='ocrx_word' id='word_1_39' title='bbox 1647 1011 2063 1081; x_wconf 70' lang='lat' dir='ltr'><strong>generationem,</strong></span> <span class='ocrx_word' id='word_1_40' title='bbox 2097 1008 2196 1064; x_wconf 82' lang='lat' dir='ltr'><strong>sed</strong></span> 
     </span>
    </p>
   </div>
   <div class='ocr_carea' id='block_1_8' title="bbox 619 1100 2196 1172">
    <p class='ocr_par' dir='ltr' id='par_1_8' title="bbox 619 1100 2196 1172">
     <span class='ocr_line' id='line_1_8' title="bbox 619 1100 2196 1172; baseline -0.001 -17"><span class='ocrx_word' id='word_1_41' title='bbox 619 1102 836 1157; x_wconf 84' lang='lat' dir='ltr'><strong>silentio</strong></span> <span class='ocrx_word' id='word_1_42' title='bbox 864 1102 1144 1172; x_wconf 71' lang='lat' dir='ltr'><strong>pmterit;</strong></span> <span class='ocrx_word' id='word_1_43' title='bbox 1175 1100 1288 1155; x_wconf 88' lang='lat' dir='ltr'><strong>vult</strong></span> <span class='ocrx_word' id='word_1_44' title='bbox 1307 1104 1451 1155; x_wconf 89' lang='lat' dir='ltr'><strong>enim</strong></span> <span class='ocrx_word' id='word_1_45' title='bbox 1476 1101 1583 1156; x_wconf 81' lang='lat' dir='ltr'><strong>illis</strong></span> <span class='ocrx_word' id='word_1_46' title='bbox 1616 1101 2048 1157; x_wconf 79' lang='lat' dir='ltr'><strong>misericordiam</strong></span> <span class='ocrx_word' id='word_1_47' title='bbox 2073 1116 2196 1154; x_wconf 88' lang='lat' dir='ltr'><strong>rur-</strong></span> 
     </span>
    </p>
   </div>
   <div class='ocr_carea' id='block_1_9' title="bbox 619 1190 2199 1270">
    <p class='ocr_par' dir='ltr' id='par_1_9' title="bbox 619 1190 2199 1270">
     <span class='ocr_line' id='line_1_9' title="bbox 619 1190 2199 1270; baseline 0 -26"><span class='ocrx_word' id='word_1_48' title='bbox 619 1208 714 1246; x_wconf 84' lang='lat' dir='ltr'><strong>sus</strong></span> <span class='ocrx_word' id='word_1_49' title='bbox 759 1191 1014 1262; x_wconf 84' lang='lat' dir='ltr'><strong>impendi.</strong></span> <span class='ocrx_word' id='word_1_50' title='bbox 1047 1190 1308 1251; x_wconf 66' lang='lat' dir='ltr'><strong>Potentia:</strong></span> <span class='ocrx_word' id='word_1_51' title='bbox 1339 1206 1474 1261; x_wconf 87' lang='lat' dir='ltr'><strong>opus</strong></span> <span class='ocrx_word' id='word_1_52' title='bbox 1501 1192 1603 1246; x_wconf 80' lang='lat' dir='ltr'><strong>boc</strong></span> <span class='ocrx_word' id='word_1_53' title='bbox 1632 1201 1735 1252; x_wconf 87' lang='lat' dir='ltr'><strong>est.</strong></span> <span class='ocrx_word' id='word_1_54' title='bbox 1769 1201 1826 1246; x_wconf 88' lang='lat' dir='ltr'><strong>et</strong></span> <span class='ocrx_word' id='word_1_55' title='bbox 1863 1194 1916 1246; x_wconf 90' lang='lat' dir='ltr'><strong>in</strong></span> <span class='ocrx_word' id='word_1_56' title='bbox 1961 1205 2199 1270; x_wconf 51' lang='lat' dir='ltr'><strong>praesen;</strong></span> 
     </span>
    </p>
   </div>
   <div class='ocr_carea' id='block_1_10' title="bbox 623 1284 2187 1353">
    <p class='ocr_par' dir='ltr' id='par_1_10' title="bbox 623 1284 2187 1353">
     <span class='ocr_line' id='line_1_10' title="bbox 623 1284 2187 1353; baseline 0.001 -15"><span class='ocrx_word' id='word_1_57' title='bbox 623 1286 834 1338; x_wconf 74' lang='lat' dir='ltr'><strong>salvare</strong></span> <span class='ocrx_word' id='word_1_58' title='bbox 854 1290 1048 1351; x_wconf 69' lang='lat' dir='ltr'><strong>passe,</strong></span> <span class='ocrx_word' id='word_1_59' title='bbox 1083 1292 1140 1337; x_wconf 87' lang='lat' dir='ltr'><strong>et</strong></span> <span class='ocrx_word' id='word_1_60' title='bbox 1167 1295 1414 1352; x_wconf 78' lang='lat' dir='ltr'><strong>posteros</strong></span> <span class='ocrx_word' id='word_1_61' title='bbox 1461 1285 1672 1353; x_wconf 87' lang='lat' dir='ltr'><strong>punire.</strong></span> <span class='ocrx_word' id='word_1_62' title='bbox 1715 1286 1879 1352; x_wconf 81' lang='lat' dir='ltr'><strong>Quasi</strong></span> <span class='ocrx_word' id='word_1_63' title='bbox 1916 1284 2128 1342; x_wconf 74' lang='lat' dir='ltr'><strong>diceret</strong></span> <span class='ocrx_word' id='word_1_64' title='bbox 2172 1301 2187 1339; x_wconf 91' lang='lat'><strong>:</strong></span> 
     </span>
    </p>
   </div>
   <div class='ocr_carea' id='block_1_11' title="bbox 623 1373 2200 1446">
    <p class='ocr_par' dir='ltr' id='par_1_11' title="bbox 623 1373 2200 1446">
     <span class='ocr_line' id='line_1_11' title="bbox 623 1373 2200 1446; baseline 0.002 -22"><span class='ocrx_word' id='word_1_65' title='bbox 623 1373 723 1439; x_wconf 88' lang='lat' dir='ltr'><strong>Qui</strong></span> <span class='ocrx_word' id='word_1_66' title='bbox 750 1384 903 1443; x_wconf 88' lang='lat' dir='ltr'><strong>potes</strong></span> <span class='ocrx_word' id='word_1_67' title='bbox 937 1373 1075 1429; x_wconf 88' lang='lat' dir='ltr'><strong>lilios</strong></span> <span class='ocrx_word' id='word_1_68' title='bbox 1106 1375 1394 1444; x_wconf 83' lang='lat' dir='ltr'><strong>castigare,</strong></span> <span class='ocrx_word' id='word_1_69' title='bbox 1434 1375 1569 1430; x_wconf 85' lang='lat' dir='ltr'><strong>alios</strong></span> <span class='ocrx_word' id='word_1_70' title='bbox 1597 1391 1727 1431; x_wconf 87' lang='lat' dir='ltr'><strong>vero</strong></span> <span class='ocrx_word' id='word_1_71' title='bbox 1776 1391 1841 1431; x_wconf 81' lang='lat' dir='ltr'><strong>ex</strong></span> <span class='ocrx_word' id='word_1_72' title='bbox 1889 1376 2200 1446; x_wconf 85' lang='lat' dir='ltr'><strong>progenito-</strong></span> 
     </span>
    </p>
   </div>
   <div class='ocr_carea' id='block_1_12' title="bbox 625 1463 2204 1535">
    <p class='ocr_par' dir='ltr' id='par_1_12' title="bbox 625 1463 2204 1535">
     <span class='ocr_line' id='line_1_12' title="bbox 625 1463 2204 1535; baseline -0.001 -15"><span class='ocrx_word' id='word_1_73' title='bbox 625 1466 776 1520; x_wconf 86' lang='lat' dir='ltr'><strong>ribus</strong></span> <span class='ocrx_word' id='word_1_74' title='bbox 821 1466 1054 1521; x_wconf 87' lang='lat' dir='ltr'><strong>salvarc.</strong></span> <span class='ocrx_word' id='word_1_75' title='bbox 1089 1465 1268 1535; x_wconf 81' lang='lat' dir='ltr'><strong>Quare</strong></span> <span class='ocrx_word' id='word_1_76' title='bbox 1296 1466 1408 1519; x_wconf 82' lang='lat' dir='ltr'><strong>ait:</strong></span> <span class='ocrx_word' id='word_1_77' title='bbox 1462 1463 1678 1519; x_wconf 84' lang='lat' dir='ltr'><strong>Nullum</strong></span> <span class='ocrx_word' id='word_1_78' title='bbox 1713 1466 1807 1520; x_wconf 87' lang='lat' dir='ltr'><strong>tibi</strong></span> <span class='ocrx_word' id='word_1_79' title='bbox 1834 1467 2056 1520; x_wconf 82' lang='lat' dir='ltr'><strong>verbum</strong></span> <span class='ocrx_word' id='word_1_80' title='bbox 2097 1465 2204 1519; x_wconf 90' lang='lat' dir='ltr'><strong>erit</strong></span> 
     </span>
    </p>
   </div>
   <div class='ocr_carea' id='block_1_13' title="bbox 627 1554 2201 1626">
    <p class='ocr_par' dir='ltr' id='par_1_13' title="bbox 627 1554 2201 1626">
     <span class='ocr_line' id='line_1_13' title="bbox 627 1554 2201 1626; baseline -0.001 -14"><span class='ocrx_word' id='word_1_81' title='bbox 627 1556 975 1624; x_wconf 70' lang='lat' dir='ltr'><strong>impossibile,</strong></span> <span class='ocrx_word' id='word_1_82' title='bbox 1000 1558 1113 1611; x_wconf 88' lang='lat' dir='ltr'><strong>sive</strong></span> <span class='ocrx_word' id='word_1_83' title='bbox 1166 1557 1334 1611; x_wconf 86' lang='lat' dir='ltr'><strong>libeat</strong></span> <span class='ocrx_word' id='word_1_84' title='bbox 1372 1554 1645 1622; x_wconf 83' lang='lat' dir='ltr'><strong>misereri,</strong></span> <span class='ocrx_word' id='word_1_85' title='bbox 1687 1557 1801 1612; x_wconf 83' lang='lat' dir='ltr'><strong>sive</strong></span> <span class='ocrx_word' id='word_1_86' title='bbox 1831 1556 2047 1626; x_wconf 89' lang='lat' dir='ltr'><strong>punire,</strong></span> <span class='ocrx_word' id='word_1_87' title='bbox 2084 1555 2201 1611; x_wconf 84' lang='lat' dir='ltr'><strong>sive</strong></span> 
     </span>
    </p>
   </div>
   <div class='ocr_carea' id='block_1_14' title="bbox 627 1648 1218 1718">
    <p class='ocr_par' dir='ltr' id='par_1_14' title="bbox 627 1648 1218 1718">
     <span class='ocr_line' id='line_1_14' title="bbox 627 1648 1218 1718; baseline 0.002 -18"><span class='ocrx_word' id='word_1_88' title='bbox 627 1649 694 1700; x_wconf 86' lang='lat' dir='ltr'><strong>ad</strong></span> <span class='ocrx_word' id='word_1_89' title='bbox 717 1648 932 1718; x_wconf 84' lang='lat' dir='ltr'><strong>longum</strong></span> <span class='ocrx_word' id='word_1_90' title='bbox 984 1655 1218 1716; x_wconf 85' lang='lat' dir='ltr'><strong>tempus.</strong></span> 
     </span>
    </p>
   </div>
   <div class='ocr_carea' id='block_1_15' title="bbox 701 1709 1478 1808">
    <p class='ocr_par' dir='ltr' id='par_1_15' title="bbox 701 1709 1478 1808">
     <span class='ocr_line' id='line_1_15' title="bbox 701 1709 1478 1808; baseline 0.006 -19"><span class='ocrx_word' id='word_1_91' title='bbox 701 1709 860 1791; x_wconf 69' lang='lat' dir='ltr'><strong>Vsus.</strong></span> <span class='ocrx_word' id='word_1_92' title='bbox 896 1737 982 1792; x_wconf 81' lang='lat' dir='ltr'><strong>l9.</strong></span> <span class='ocrx_word' id='word_1_93' title='bbox 1015 1709 1154 1790; x_wconf 77' lang='lat' dir='ltr'><strong>Deus</strong></span> <span class='ocrx_word' id='word_1_94' title='bbox 1192 1753 1399 1808; x_wconf 81' lang='lat' dir='ltr'><strong>magne.</strong></span> <span class='ocrx_word' id='word_1_95' title='bbox 1443 1709 1478 1758; x_wconf 53' lang='grc' dir='ltr'><strong>ί</strong></span> 
     </span>
    </p>
   </div>
   <div class='ocr_carea' id='block_1_16' title="bbox 693 1827 2208 1899">
    <p class='ocr_par' dir='ltr' id='par_1_16' title="bbox 693 1827 2208 1899">
     <span class='ocr_line' id='line_1_16' title="bbox 693 1827 2208 1899; baseline 0.001 -18"><span class='ocrx_word' id='word_1_96' title='bbox 693 1830 846 1896; x_wconf 86' lang='lat' dir='ltr'><strong>Quod</strong></span> <span class='ocrx_word' id='word_1_97' title='bbox 905 1829 1046 1899; x_wconf 85' lang='lat' dir='ltr'><strong>apud</strong></span> <span class='ocrx_word' id='word_1_98' title='bbox 1095 1829 1342 1886; x_wconf 84' lang='lat' dir='ltr'><strong>homines</strong></span> <span class='ocrx_word' id='word_1_99' title='bbox 1386 1831 1613 1886; x_wconf 88' lang='lat' dir='ltr'><strong>divisum</strong></span> <span class='ocrx_word' id='word_1_100' title='bbox 1665 1839 1788 1897; x_wconf 88' lang='lat' dir='ltr'><strong>est,</strong></span> <span class='ocrx_word' id='word_1_101' title='bbox 1826 1827 2094 1899; x_wconf 81' lang='lat' dir='ltr'><strong>sapientia</strong></span> <span class='ocrx_word' id='word_1_102' title='bbox 2151 1837 2208 1885; x_wconf 88' lang='lat' dir='ltr'><strong>et</strong></span> 
     </span>
    </p>
   </div>
   <div class='ocr_carea' id='block_1_17' title="bbox 629 1923 890 1991">
    <p class='ocr_par' dir='ltr' id='par_1_17' title="bbox 629 1923 890 1991">
     <span class='ocr_line' id='line_1_17' title="bbox 629 1923 890 1991; baseline 0.011 -20"><span class='ocrx_word' id='word_1_103' title='bbox 629 1923 890 1991; x_wconf 79' lang='lat' dir='ltr'><strong>potentia.</strong></span> 
     </span>
    </p>
   </div>
   <div class='ocr_carea' id='block_1_18' title="bbox 703 2012 982 2067">
    <p class='ocr_par' dir='ltr' id='par_1_18' title="bbox 703 2012 982 2067">
     <span class='ocr_line' id='line_1_18' title="bbox 703 2012 982 2067; baseline -0.004 0"><span class='ocrx_word' id='word_1_104' title='bbox 703 2012 857 2067; x_wconf 72' lang='lat' dir='ltr'><strong>Oculi</strong></span> <span class='ocrx_word' id='word_1_105' title='bbox 882 2013 982 2066; x_wconf 83' lang='lat' dir='ltr'><strong>tui.</strong></span> 
     </span>
    </p>
   </div>
   <div class='ocr_carea' id='block_1_19' title="bbox 683 2091 2213 2171">
    <p class='ocr_par' dir='ltr' id='par_1_19' title="bbox 683 2091 2213 2171">
     <span class='ocr_line' id='line_1_19' title="bbox 683 2091 2213 2171; baseline -0.004 -16"><span class='ocrx_word' id='word_1_106' title='bbox 683 2091 766 2155; x_wconf 19' lang='lat' dir='ltr'><strong>‘Et</strong></span> <span class='ocrx_word' id='word_1_107' title='bbox 806 2110 949 2156; x_wconf 86' lang='lat' dir='ltr'><strong>recte</strong></span> <span class='ocrx_word' id='word_1_108' title='bbox 976 2101 1134 2169; x_wconf 81' lang='lat' dir='ltr'><strong>dixit,</strong></span> <span class='ocrx_word' id='word_1_109' title='bbox 1189 2100 1359 2171; x_wconf 77' lang='lat' dir='ltr'><strong>aperti</strong></span> <span class='ocrx_word' id='word_1_110' title='bbox 1407 2108 1534 2156; x_wconf 89' lang='lat' dir='ltr'><strong>sunt</strong></span> <span class='ocrx_word' id='word_1_111' title='bbox 1582 2101 1728 2154; x_wconf 90' lang='lat' dir='ltr'><strong>omni</strong></span> <span class='ocrx_word' id='word_1_112' title='bbox 1777 2110 2042 2170; x_wconf 86' lang='lat' dir='ltr'><strong>tempore,</strong></span> <span class='ocrx_word' id='word_1_113' title='bbox 2075 2115 2213 2151; x_wconf 87' lang='lat' dir='ltr'><strong>nun-</strong></span> 
     </span>
    </p>
   </div>
   <div class='ocr_carea' id='block_1_20' title="bbox 632 2191 2214 2263">
    <p class='ocr_par' dir='ltr' id='par_1_20' title="bbox 632 2191 2214 2263">
     <span class='ocr_line' id='line_1_20' title="bbox 632 2191 2214 2263; baseline 0.001 -23"><span class='ocrx_word' id='word_1_114' title='bbox 632 2209 797 2261; x_wconf 77' lang='lat' dir='ltr'><strong>qunm</strong></span> <span class='ocrx_word' id='word_1_115' title='bbox 827 2208 920 2248; x_wconf 87' lang='lat' dir='ltr'><strong>eos</strong></span> <span class='ocrx_word' id='word_1_116' title='bbox 971 2193 1218 2258; x_wconf 86' lang='lat' dir='ltr'><strong>claudis;</strong></span> <span class='ocrx_word' id='word_1_117' title='bbox 1276 2193 1466 2250; x_wconf 82' lang='lat' dir='ltr'><strong>oculus</strong></span> <span class='ocrx_word' id='word_1_118' title='bbox 1517 2192 1664 2263; x_wconf 85' lang='lat' dir='ltr'><strong>vigil,</strong></span> <span class='ocrx_word' id='word_1_119' title='bbox 1701 2192 1790 2262; x_wconf 86' lang='lat' dir='ltr'><strong>qui</strong></span> <span class='ocrx_word' id='word_1_120' title='bbox 1825 2191 1971 2246; x_wconf 89' lang='lat' dir='ltr'><strong>nullo</strong></span> <span class='ocrx_word' id='word_1_121' title='bbox 2020 2203 2214 2259; x_wconf 84' lang='lat' dir='ltr'><strong>sopore</strong></span> 
     </span>
    </p>
   </div>
   <div class='ocr_carea' id='block_1_21' title="bbox 632 2282 2216 2355">
    <p class='ocr_par' dir='ltr' id='par_1_21' title="bbox 632 2282 2216 2355">
     <span class='ocr_line' id='line_1_21' title="bbox 632 2282 2216 2355; baseline -0.003 -17"><span class='ocrx_word' id='word_1_122' title='bbox 632 2284 951 2354; x_wconf 84' lang='lat' dir='ltr'><strong>corripitur.</strong></span> <span class='ocrx_word' id='word_1_123' title='bbox 969 2308 976 2310; x_wconf 51' lang='grc' dir='ltr'><strong>·ν</strong></span> <span class='ocrx_word' id='word_1_124' title='bbox 999 2284 1110 2340; x_wconf 80' lang='lat' dir='ltr'><strong>Non</strong></span> <span class='ocrx_word' id='word_1_125' title='bbox 1148 2293 1328 2355; x_wconf 87' lang='lat' dir='ltr'><strong>potest</strong></span> <span class='ocrx_word' id='word_1_126' title='bbox 1367 2285 1657 2354; x_wconf 77' lang='lat' dir='ltr'><strong>quisquam</strong></span> <span class='ocrx_word' id='word_1_127' title='bbox 1706 2285 1912 2348; x_wconf 82' lang='lat' dir='ltr'><strong>dicere,</strong></span> <span class='ocrx_word' id='word_1_128' title='bbox 1941 2282 2127 2337; x_wconf 88' lang='lat' dir='ltr'><strong>videre</strong></span> <span class='ocrx_word' id='word_1_129' title='bbox 2164 2288 2216 2334; x_wconf 92' lang='lat' dir='ltr'><strong>tc</strong></span> 
     </span>
    </p>
   </div>
   <div class='ocr_carea' id='block_1_22' title="bbox 635 2370 2212 2440">
    <p class='ocr_par' dir='ltr' id='par_1_22' title="bbox 635 2370 2212 2440">
     <span class='ocr_line' id='line_1_22' title="bbox 635 2370 2212 2440; baseline 0.001 -17"><span class='ocrx_word' id='word_1_130' title='bbox 635 2375 874 2440; x_wconf 66' lang='lat' dir='ltr'><strong>«pridem,</strong></span> <span class='ocrx_word' id='word_1_131' title='bbox 901 2375 996 2429; x_wconf 86' lang='lat' dir='ltr'><strong>sed</strong></span> <span class='ocrx_word' id='word_1_132' title='bbox 1027 2389 1132 2428; x_wconf 90' lang='lat' dir='ltr'><strong>non</strong></span> <span class='ocrx_word' id='word_1_133' title='bbox 1159 2376 1479 2429; x_wconf 87' lang='lat' dir='ltr'><strong>retribuere.</strong></span> <span class='ocrx_word' id='word_1_134' title='bbox 1514 2373 1628 2430; x_wconf 80' lang='lat' dir='ltr'><strong>Hoc</strong></span> <span class='ocrx_word' id='word_1_135' title='bbox 1671 2375 1834 2428; x_wconf 87' lang='lat' dir='ltr'><strong>etiam</strong></span> <span class='ocrx_word' id='word_1_136' title='bbox 1867 2375 1920 2427; x_wconf 90' lang='lat' dir='ltr'><strong>in</strong></span> <span class='ocrx_word' id='word_1_137' title='bbox 1973 2370 2212 2427; x_wconf 86' lang='lat' dir='ltr'><strong>homini-</strong></span> 
     </span>
    </p>
   </div>
   <div class='ocr_carea' id='block_1_23' title="bbox 642 2464 2217 2534">
    <p class='ocr_par' dir='ltr' id='par_1_23' title="bbox 642 2464 2217 2534">
     <span class='ocr_line' id='line_1_23' title="bbox 642 2464 2217 2534; baseline -0.001 -17"><span class='ocrx_word' id='word_1_138' title='bbox 642 2464 741 2517; x_wconf 91' lang='lat' dir='ltr'><strong>bns</strong></span> <span class='ocrx_word' id='word_1_139' title='bbox 791 2474 895 2530; x_wconf 83' lang='lat' dir='ltr'><strong>est,</strong></span> <span class='ocrx_word' id='word_1_140' title='bbox 927 2480 1034 2518; x_wconf 91' lang='lat' dir='ltr'><strong>non</strong></span> <span class='ocrx_word' id='word_1_141' title='bbox 1068 2474 1245 2520; x_wconf 87' lang='lat' dir='ltr'><strong>tamen</strong></span> <span class='ocrx_word' id='word_1_142' title='bbox 1292 2466 1363 2520; x_wconf 87' lang='lat' dir='ltr'><strong>ita</strong></span> <span class='ocrx_word' id='word_1_143' title='bbox 1427 2467 1480 2520; x_wconf 85' lang='lat' dir='ltr'><strong>in</strong></span> <span class='ocrx_word' id='word_1_144' title='bbox 1533 2476 1620 2534; x_wconf 88' lang='lat' dir='ltr'><strong>te;</strong></span> <span class='ocrx_word' id='word_1_145' title='bbox 1648 2467 1741 2522; x_wconf 87' lang='lat' dir='ltr'><strong>sed</strong></span> <span class='ocrx_word' id='word_1_146' title='bbox 1773 2464 1916 2522; x_wconf 87' lang='lat' dir='ltr'><strong>oculi</strong></span> <span class='ocrx_word' id='word_1_147' title='bbox 1947 2465 2023 2519; x_wconf 91' lang='lat' dir='ltr'><strong>tui</strong></span> <span class='ocrx_word' id='word_1_148' title='bbox 2055 2477 2217 2532; x_wconf 77' lang='lat' dir='ltr'><strong>super</strong></span> 
     </span>
    </p>
   </div>
   <div class='ocr_carea' id='block_1_24' title="bbox 636 2554 1514 2618">
    <p class='ocr_par' dir='ltr' id='par_1_24' title="bbox 636 2554 1514 2618">
     <span class='ocr_line' id='line_1_24' title="bbox 636 2554 1514 2618; baseline 0.002 -11"><span class='ocrx_word' id='word_1_149' title='bbox 636 2569 828 2608; x_wconf 89' lang='lat' dir='ltr'><strong>omnes</strong></span> <span class='ocrx_word' id='word_1_150' title='bbox 858 2554 1006 2618; x_wconf 84' lang='lat' dir='ltr'><strong>vias,</strong></span> <span class='ocrx_word' id='word_1_151' title='bbox 1039 2554 1203 2609; x_wconf 87' lang='lat' dir='ltr'><strong>etiam</strong></span> <span class='ocrx_word' id='word_1_152' title='bbox 1247 2555 1514 2611; x_wconf 85' lang='lat' dir='ltr'><strong>occultas.</strong></span> 
     </span>
    </p>
   </div>
   <div class='ocr_carea' id='block_1_25' title="bbox 713 2643 1344 2716">
    <p class='ocr_par' dir='ltr' id='par_1_25' title="bbox 713 2643 1344 2716">
     <span class='ocr_line' id='line_1_25' title="bbox 713 2643 1344 2716; baseline 0.01 -20"><span class='ocrx_word' id='word_1_153' title='bbox 713 2643 878 2700; x_wconf 77' lang='lat' dir='ltr'><strong>Vens.</strong></span> <span class='ocrx_word' id='word_1_154' title='bbox 901 2645 992 2702; x_wconf 64' lang='lat' dir='ltr'><strong>QD.</strong></span> <span class='ocrx_word' id='word_1_155' title='bbox 1022 2647 1124 2712; x_wconf 81' lang='lat' dir='ltr'><strong>Qui</strong></span> <span class='ocrx_word' id='word_1_156' title='bbox 1155 2648 1344 2716; x_wconf 75' lang='lat' dir='ltr'><strong>fecisti.</strong></span> 
     </span>
    </p>
   </div>
   <div class='ocr_carea' id='block_1_26' title="bbox 712 2734 2226 2809">
    <p class='ocr_par' dir='ltr' id='par_1_26' title="bbox 712 2734 2226 2809">
     <span class='ocr_line' id='line_1_26' title="bbox 712 2734 2226 2809; baseline 0.001 -20"><span class='ocrx_word' id='word_1_157' title='bbox 712 2734 777 2789; x_wconf 81' lang='lat' dir='ltr'><strong>Et</strong></span> <span class='ocrx_word' id='word_1_158' title='bbox 807 2737 907 2791; x_wconf 89' lang='lat' dir='ltr'><strong>hoc</strong></span> <span class='ocrx_word' id='word_1_159' title='bbox 929 2737 1165 2803; x_wconf 84' lang='lat' dir='ltr'><strong>virtutis,</strong></span> <span class='ocrx_word' id='word_1_160' title='bbox 1189 2749 1244 2793; x_wconf 88' lang='lat' dir='ltr'><strong>et</strong></span> <span class='ocrx_word' id='word_1_161' title='bbox 1267 2738 1514 2808; x_wconf 70' lang='lat' dir='ltr'><strong>iustitiae,</strong></span> <span class='ocrx_word' id='word_1_162' title='bbox 1546 2746 1602 2796; x_wconf 83' lang='lat' dir='ltr'><strong>et</strong></span> <span class='ocrx_word' id='word_1_163' title='bbox 1629 2738 1869 2809; x_wconf 82' lang='lat' dir='ltr'><strong>pietatis,</strong></span> <span class='ocrx_word' id='word_1_164' title='bbox 1897 2745 1954 2793; x_wconf 91' lang='lat' dir='ltr'><strong>et</strong></span> <span class='ocrx_word' id='word_1_165' title='bbox 1978 2734 2226 2801; x_wconf 69' lang='lat' dir='ltr'><strong>scientia</strong></span> 
     </span>
    </p>
   </div>
   <div class='ocr_carea' id='block_1_27' title="bbox 643 2835 912 2898">
    <p class='ocr_par' dir='ltr' id='par_1_27' title="bbox 643 2835 912 2898">
     <span class='ocr_line' id='line_1_27' title="bbox 643 2835 912 2898; baseline 0.004 -19"><span class='ocrx_word' id='word_1_166' title='bbox 643 2842 778 2898; x_wconf 81' lang='lat' dir='ltr'><strong>opus</strong></span> <span class='ocrx_word' id='word_1_167' title='bbox 811 2835 912 2881; x_wconf 84' lang='lat' dir='ltr'><strong>est.</strong></span> 
     </span>
    </p>
   </div>
   <div class='ocr_carea' id='block_1_28' title="bbox 719 2918 2007 2973">
    <p class='ocr_par' dir='ltr' id='par_1_28' title="bbox 719 2918 2007 2973">
     <span class='ocr_line' id='line_1_28' title="bbox 719 2918 2007 2973; baseline 0.004 -5"><span class='ocrx_word' id='word_1_168' title='bbox 719 2918 876 2971; x_wconf 68' lang='lat' dir='ltr'><strong>Vens.</strong></span> <span class='ocrx_word' id='word_1_169' title='bbox 908 2919 1000 2973; x_wconf 75' lang='lat'><strong>23.</strong></span> <span class='ocrx_word' id='word_1_170' title='bbox 1043 2918 1107 2972; x_wconf 81' lang='lat' dir='ltr'><strong>Et</strong></span> <span class='ocrx_word' id='word_1_171' title='bbox 1148 2932 1252 2972; x_wconf 82' lang='lat' dir='ltr'><strong>non</strong></span> <span class='ocrx_word' id='word_1_172' title='bbox 1291 2918 1578 2972; x_wconf 76' lang='lat' dir='ltr'><strong>audierunt</strong></span> <span class='ocrx_word' id='word_1_173' title='bbox 1614 2933 1786 2973; x_wconf 77' lang='lat' dir='ltr'><strong>vocem</strong></span> <span class='ocrx_word' id='word_1_174' title='bbox 1838 2929 2007 2973; x_wconf 78' lang='lat' dir='ltr'><strong>tuam.</strong></span> 
     </span>
    </p>
   </div>
   <div class='ocr_carea' id='block_1_29' title="bbox 712 3008 2222 3064">
    <p class='ocr_par' dir='ltr' id='par_1_29' title="bbox 712 3008 2222 3064">
     <span class='ocr_line' id='line_1_29' title="bbox 712 3008 2222 3064; baseline 0 0"><span class='ocrx_word' id='word_1_175' title='bbox 712 3011 778 3064; x_wconf 85' lang='lat' dir='ltr'><strong>Et</strong></span> <span class='ocrx_word' id='word_1_176' title='bbox 835 3008 1014 3063; x_wconf 78' lang='lat' dir='ltr'><strong>fecisti</strong></span> <span class='ocrx_word' id='word_1_177' title='bbox 1053 3018 1112 3062; x_wconf 93' lang='lat' dir='ltr'><strong>ut</strong></span> <span class='ocrx_word' id='word_1_178' title='bbox 1161 3009 1445 3063; x_wconf 80' lang='lat' dir='ltr'><strong>evenirent</strong></span> <span class='ocrx_word' id='word_1_179' title='bbox 1508 3008 1613 3063; x_wconf 84' lang='lat' dir='ltr'><strong>illis</strong></span> <span class='ocrx_word' id='word_1_180' title='bbox 1657 3009 1839 3064; x_wconf 83' lang='lat' dir='ltr'><strong>omnia</strong></span> <span class='ocrx_word' id='word_1_181' title='bbox 1886 3009 2029 3064; x_wconf 81' lang='lat' dir='ltr'><strong>mala</strong></span> <span class='ocrx_word' id='word_1_182' title='bbox 2086 3010 2222 3064; x_wconf 62' lang='lat' dir='ltr'><strong>hac.</strong></span> 
     </span>
    </p>
   </div>
   <div class='ocr_carea' id='block_1_30' title="bbox 725 3184 1373 3242">
    <p class='ocr_par' dir='ltr' id='par_1_30' title="bbox 725 3184 1373 3242">
     <span class='ocr_line' id='line_1_30' title="bbox 725 3184 1373 3242; baseline 0.008 -5"><span class='ocrx_word' id='word_1_183' title='bbox 725 3184 886 3240; x_wconf 72' lang='lat' dir='ltr'><strong>Vens.</strong></span> <span class='ocrx_word' id='word_1_184' title='bbox 915 3186 1006 3240; x_wconf 62' lang='grc'><strong>24.</strong></span> <span class='ocrx_word' id='word_1_185' title='bbox 1039 3184 1176 3241; x_wconf 85' lang='lat' dir='ltr'><strong>Ecce</strong></span> <span class='ocrx_word' id='word_1_186' title='bbox 1201 3187 1373 3242; x_wconf 80' lang='lat' dir='ltr'><strong>turba.</strong></span> 
     </span>
    </p>
   </div>
   <div class='ocr_carea' id='block_1_31' title="bbox 723 3273 2225 3345">
    <p class='ocr_par' dir='ltr' id='par_1_31' title="bbox 723 3273 2225 3345">
     <span class='ocr_line' id='line_1_31' title="bbox 723 3273 2225 3345; baseline 0.008 -18"><span class='ocrx_word' id='word_1_187' title='bbox 723 3273 1007 3344; x_wconf 76' lang='lat' dir='ltr'><strong>Iioliqnum</strong></span> <span class='ocrx_word' id='word_1_188' title='bbox 1037 3286 1222 3345; x_wconf 80' lang='lat' dir='ltr'><strong>petere</strong></span> <span class='ocrx_word' id='word_1_189' title='bbox 1252 3294 1356 3332; x_wconf 90' lang='lat' dir='ltr'><strong>non</strong></span> <span class='ocrx_word' id='word_1_190' title='bbox 1389 3279 1580 3344; x_wconf 87' lang='lat' dir='ltr'><strong>audet,</strong></span> <span class='ocrx_word' id='word_1_191' title='bbox 1631 3281 1724 3334; x_wconf 76' lang='lat' dir='ltr'><strong>sed</strong></span> <span class='ocrx_word' id='word_1_192' title='bbox 1786 3283 2101 3338; x_wconf 85' lang='lat' dir='ltr'><strong>memoriam</strong></span> <span class='ocrx_word' id='word_1_193' title='bbox 2138 3299 2225 3339; x_wconf 83' lang='lat' dir='ltr'><strong>re-</strong></span> 
     </span>
    </p>
   </div>
   <div class='ocr_carea' id='block_1_32' title="bbox 654 3366 2229 3441">
    <p class='ocr_par' dir='ltr' id='par_1_32' title="bbox 654 3366 2229 3441">
     <span class='ocr_line' id='line_1_32' title="bbox 654 3366 2229 3441; baseline 0.006 -21"><span class='ocrx_word' id='word_1_194' title='bbox 654 3366 786 3437; x_wconf 86' lang='lat' dir='ltr'><strong>petit</strong></span> <span class='ocrx_word' id='word_1_195' title='bbox 810 3380 998 3421; x_wconf 87' lang='lat' dir='ltr'><strong>eorum</strong></span> <span class='ocrx_word' id='word_1_196' title='bbox 1037 3383 1158 3436; x_wconf 69' lang='lat' dir='ltr'><strong>qua:</strong></span> <span class='ocrx_word' id='word_1_197' title='bbox 1211 3369 1341 3422; x_wconf 87' lang='lat' dir='ltr'><strong>olim</strong></span> <span class='ocrx_word' id='word_1_198' title='bbox 1375 3385 1472 3438; x_wconf 88' lang='lat' dir='ltr'><strong>pro</strong></span> <span class='ocrx_word' id='word_1_199' title='bbox 1495 3372 1695 3440; x_wconf 89' lang='lat' dir='ltr'><strong>populo</strong></span> <span class='ocrx_word' id='word_1_200' title='bbox 1726 3372 1866 3427; x_wconf 78' lang='lat' dir='ltr'><strong>facta</strong></span> <span class='ocrx_word' id='word_1_201' title='bbox 1905 3384 2053 3429; x_wconf 86' lang='lat' dir='ltr'><strong>sunt.</strong></span> <span class='ocrx_word' id='word_1_202' title='bbox 2089 3376 2229 3441; x_wconf 82' lang='lat' dir='ltr'><strong>Quid</strong></span> 
     </span>
    </p>
   </div>
   <div class='ocr_carea' id='block_1_33' title="bbox 655 3458 2226 3540">
    <p class='ocr_par' dir='ltr' id='par_1_33' title="bbox 655 3458 2226 3540">
     <span class='ocr_line' id='line_1_33' title="bbox 655 3458 2226 3540; baseline 0.006 -29"><span class='ocrx_word' id='word_1_203' title='bbox 655 3458 834 3511; x_wconf 88' lang='lat' dir='ltr'><strong>dicam</strong></span> <span class='ocrx_word' id='word_1_204' title='bbox 866 3472 971 3511; x_wconf 91' lang='lat' dir='ltr'><strong>non</strong></span> <span class='ocrx_word' id='word_1_205' title='bbox 1000 3458 1379 3540; x_wconf 3' lang='lat' dir='ltr'><strong>bgtbeo;qquod</strong></span> <span class='ocrx_word' id='word_1_206' title='bbox 1417 3463 1683 3517; x_wconf 85' lang='lat' dir='ltr'><strong>mandasti</strong></span> <span class='ocrx_word' id='word_1_207' title='bbox 1716 3462 1840 3528; x_wconf 76' lang='lat' dir='ltr'><strong>feci,</strong></span> <span class='ocrx_word' id='word_1_208' title='bbox 1879 3464 2005 3520; x_wconf 86' lang='lat' dir='ltr'><strong>licet</strong></span> <span class='ocrx_word' id='word_1_209' title='bbox 2033 3466 2226 3520; x_wconf 78' lang='lat' dir='ltr'><strong>civitas</strong></span> 
     </span>
    </p>
   </div>
   <div class='ocr_carea' id='block_1_34' title="bbox 655 3546 1270 3613">
    <p class='ocr_par' dir='ltr' id='par_1_34' title="bbox 655 3546 1270 3613">
     <span class='ocr_line' id='line_1_34' title="bbox 655 3546 1270 3613; baseline 0.002 -13"><span class='ocrx_word' id='word_1_210' title='bbox 655 3546 957 3613; x_wconf 76' lang='lat' dir='ltr'><strong>Captivitati</strong></span> <span class='ocrx_word' id='word_1_211' title='bbox 1005 3548 1270 3602; x_wconf 77' lang='lat' dir='ltr'><strong>tradatur.</strong></span> 
     </span>
    </p>
   </div>
   <div class='ocr_carea' id='block_1_35' title="bbox 726 3634 2232 3706">
    <p class='ocr_par' dir='ltr' id='par_1_35' title="bbox 726 3634 2232 3706">
     <span class='ocr_line' id='line_1_35' title="bbox 726 3634 2232 3706; baseline 0.005 -17"><span class='ocrx_word' id='word_1_212' title='bbox 726 3634 921 3690; x_wconf 75' lang='lat' dir='ltr'><strong>‘Vetts.</strong></span> <span class='ocrx_word' id='word_1_213' title='bbox 949 3635 1041 3688; x_wconf 72' lang='lat'><strong>‘24.</strong></span> <span class='ocrx_word' id='word_1_214' title='bbox 1084 3634 1149 3690; x_wconf 83' lang='lat' dir='ltr'><strong>Et</strong></span> <span class='ocrx_word' id='word_1_215' title='bbox 1187 3636 1720 3706; x_wconf 74' lang='lat' dir='ltr'><strong>factumestverbum</strong></span> <span class='ocrx_word' id='word_1_216' title='bbox 1773 3640 1984 3696; x_wconf 86' lang='lat' dir='ltr'><strong>Domini</strong></span> <span class='ocrx_word' id='word_1_217' title='bbox 2036 3645 2105 3696; x_wconf 79' lang='lat' dir='ltr'><strong>ad</strong></span> <span class='ocrx_word' id='word_1_218' title='bbox 2151 3659 2232 3696; x_wconf 86' lang='lat' dir='ltr'><strong>me</strong></span> 
     </span>
    </p>
   </div>
   <div class='ocr_carea' id='block_1_36' title="bbox 654 3728 2229 3804">
    <p class='ocr_par' dir='ltr' id='par_1_36' title="bbox 654 3728 2229 3804">
     <span class='ocr_line' id='line_1_36' title="bbox 654 3728 2229 3804; baseline 0.006 -26"><span class='ocrx_word' id='word_1_219' title='bbox 654 3729 864 3783; x_wconf 81' lang='lat' dir='ltr'><strong>dicem:</strong></span> <span class='ocrx_word' id='word_1_220' title='bbox 896 3728 1011 3798; x_wconf 80' lang='lat' dir='ltr'><strong>Ego</strong></span> <span class='ocrx_word' id='word_1_221' title='bbox 1031 3728 1286 3784; x_wconf 74' lang='lat' dir='ltr'><strong>Dominus</strong></span> <span class='ocrx_word' id='word_1_222' title='bbox 1311 3729 1451 3784; x_wconf 81' lang='lat' dir='ltr'><strong>Deus</strong></span> <span class='ocrx_word' id='word_1_223' title='bbox 1475 3735 1730 3787; x_wconf 70' lang='lat' dir='ltr'><strong>universae</strong></span> <span class='ocrx_word' id='word_1_224' title='bbox 1760 3736 1964 3799; x_wconf 79' lang='lat' dir='ltr'><strong>carnis,</strong></span> <span class='ocrx_word' id='word_1_225' title='bbox 1994 3735 2229 3804; x_wconf 82' lang='lat' dir='ltr'><strong>nunquid</strong></span> 
     </span>
    </p>
   </div>
   <div class='ocr_carea' id='block_1_37' title="bbox 655 3819 1708 3880">
    <p class='ocr_par' dir='ltr' id='par_1_37' title="bbox 655 3819 1708 3880">
     <span class='ocr_line' id='line_1_37' title="bbox 655 3819 1708 3880; baseline 0.008 -8"><span class='ocrx_word' id='word_1_226' title='bbox 655 3836 688 3872; x_wconf 81' lang='grc' dir='ltr'><strong>α</strong></span> <span class='ocrx_word' id='word_1_227' title='bbox 740 3835 821 3873; x_wconf 82' lang='lat' dir='ltr'><strong>me</strong></span> <span class='ocrx_word' id='word_1_228' title='bbox 865 3819 1216 3873; x_wconf 73' lang='lat' dir='ltr'><strong>abscondetur</strong></span> <span class='ocrx_word' id='word_1_229' title='bbox 1262 3837 1413 3876; x_wconf 85' lang='lat' dir='ltr'><strong>omne</strong></span> <span class='ocrx_word' id='word_1_230' title='bbox 1446 3823 1708 3880; x_wconf 79' lang='lat' dir='ltr'><strong>verbum?</strong></span> 
     </span>
    </p>
   </div>
   <div class='ocr_carea' id='block_1_38' title="bbox 724 3910 2234 3980">
    <p class='ocr_par' dir='ltr' id='par_1_38' title="bbox 724 3910 2234 3980">
     <span class='ocr_line' id='line_1_38' title="bbox 724 3910 2234 3980; baseline 0.005 -17"><span class='ocrx_word' id='word_1_231' title='bbox 724 3910 972 3964; x_wconf 75' lang='lat' dir='ltr'><strong>Pranlicit</strong></span> <span class='ocrx_word' id='word_1_232' title='bbox 995 3922 1179 3980; x_wconf 79' lang='lat' dir='ltr'><strong>postea</strong></span> <span class='ocrx_word' id='word_1_233' title='bbox 1215 3910 1457 3965; x_wconf 87' lang='lat' dir='ltr'><strong>civitatis</strong></span> <span class='ocrx_word' id='word_1_234' title='bbox 1489 3913 1788 3980; x_wconf 82' lang='lat' dir='ltr'><strong>excidium,</strong></span> <span class='ocrx_word' id='word_1_235' title='bbox 1829 3924 1885 3969; x_wconf 89' lang='lat' dir='ltr'><strong>et</strong></span> <span class='ocrx_word' id='word_1_236' title='bbox 1927 3915 2234 3970; x_wconf 83' lang='lat' dir='ltr'><strong>revocatio-</strong></span> 
     </span>
    </p>
   </div>
   <div class='ocr_carea' id='block_1_39' title="bbox 659 4001 2233 4072">
    <p class='ocr_par' dir='ltr' id='par_1_39' title="bbox 659 4001 2233 4072">
     <span class='ocr_line' id='line_1_39' title="bbox 659 4001 2233 4072; baseline 0.004 -18"><span class='ocrx_word' id='word_1_237' title='bbox 659 4015 782 4054; x_wconf 86' lang='lat' dir='ltr'><strong>nem</strong></span> <span class='ocrx_word' id='word_1_238' title='bbox 804 4001 1007 4066; x_wconf 86' lang='lat' dir='ltr'><strong>subdit,</strong></span> <span class='ocrx_word' id='word_1_239' title='bbox 1038 4001 1139 4056; x_wconf 87' lang='lat' dir='ltr'><strong>hoc</strong></span> <span class='ocrx_word' id='word_1_240' title='bbox 1160 4003 1431 4072; x_wconf 67' lang='lat' dir='ltr'><strong>propheta:</strong></span> <span class='ocrx_word' id='word_1_241' title='bbox 1459 4001 1761 4068; x_wconf 62' lang='lat' dir='ltr'><strong>insinuans,</strong></span> <span class='ocrx_word' id='word_1_242' title='bbox 1792 4005 1990 4060; x_wconf 81' lang='lat' dir='ltr'><strong>frustra</strong></span> <span class='ocrx_word' id='word_1_243' title='bbox 2019 4021 2142 4062; x_wconf 82' lang='lat' dir='ltr'><strong>eum</strong></span> <span class='ocrx_word' id='word_1_244' title='bbox 2179 4007 2233 4060; x_wconf 89' lang='lat' dir='ltr'><strong>in</strong></span> 
     </span>
    </p>
   </div>
   <div class='ocr_carea' id='block_1_40' title="bbox 661 4090 2233 4163">
    <p class='ocr_par' dir='ltr' id='par_1_40' title="bbox 661 4090 2233 4163">
     <span class='ocr_line' id='line_1_40' title="bbox 661 4090 2233 4163; baseline 0.006 -20"><span class='ocrx_word' id='word_1_245' title='bbox 661 4105 949 4146; x_wconf 70' lang='lat' dir='ltr'><strong>tnmrorem</strong></span> <span class='ocrx_word' id='word_1_246' title='bbox 980 4090 1277 4162; x_wconf 88' lang='lat' dir='ltr'><strong>delapsum,</strong></span> <span class='ocrx_word' id='word_1_247' title='bbox 1311 4094 1456 4163; x_wconf 85' lang='lat' dir='ltr'><strong>quod</strong></span> <span class='ocrx_word' id='word_1_248' title='bbox 1506 4109 1692 4163; x_wconf 89' lang='lat' dir='ltr'><strong>agrum</strong></span> <span class='ocrx_word' id='word_1_249' title='bbox 1722 4099 1966 4153; x_wconf 87' lang='lat' dir='ltr'><strong>emisset.</strong></span> <span class='ocrx_word' id='word_1_250' title='bbox 2020 4099 2233 4153; x_wconf 86' lang='lat' dir='ltr'><strong>Etenim</strong></span> 
     </span>
    </p>
   </div>
   <div class='ocr_carea' id='block_1_41' title="bbox 658 4178 2233 4252">
    <p class='ocr_par' dir='ltr' id='par_1_41' title="bbox 658 4178 2233 4252">
     <span class='ocr_line' id='line_1_41' title="bbox 658 4178 2233 4252; baseline 0.008 -21"><span class='ocrx_word' id='word_1_251' title='bbox 658 4190 780 4231; x_wconf 91' lang='lat' dir='ltr'><strong>cum</strong></span> <span class='ocrx_word' id='word_1_252' title='bbox 807 4178 1150 4233; x_wconf 72' lang='lat' dir='ltr'><strong>exactissime</strong></span> <span class='ocrx_word' id='word_1_253' title='bbox 1179 4194 1395 4234; x_wconf 86' lang='lat' dir='ltr'><strong>nossem</strong></span> <span class='ocrx_word' id='word_1_254' title='bbox 1425 4197 1544 4251; x_wconf 72' lang='lat' dir='ltr'><strong>qua:</strong></span> <span class='ocrx_word' id='word_1_255' title='bbox 1575 4194 1696 4252; x_wconf 87' lang='lat' dir='ltr'><strong>post</strong></span> <span class='ocrx_word' id='word_1_256' title='bbox 1740 4186 1855 4239; x_wconf 75' lang='lat' dir='ltr'><strong>haec</strong></span> <span class='ocrx_word' id='word_1_257' title='bbox 1901 4185 2082 4241; x_wconf 81' lang='lat' dir='ltr'><strong>futura</strong></span> <span class='ocrx_word' id='word_1_258' title='bbox 2143 4203 2233 4243; x_wconf 82' lang='lat' dir='ltr'><strong>es-</strong></span> 
     </span>
    </p>
   </div>
   <div class='ocr_carea' id='block_1_42' title="bbox 662 4270 2233 4354">
    <p class='ocr_par' dir='ltr' id='par_1_42' title="bbox 662 4270 2233 4354">
     <span class='ocr_line' id='line_1_42' title="bbox 662 4270 2233 4354; baseline 0.009 -33"><span class='ocrx_word' id='word_1_259' title='bbox 662 4276 804 4332; x_wconf 85' lang='lat' dir='ltr'><strong>sent,</strong></span> <span class='ocrx_word' id='word_1_260' title='bbox 863 4270 1260 4326; x_wconf 85' lang='lat' dir='ltr'><strong>revocationem</strong></span> <span class='ocrx_word' id='word_1_261' title='bbox 1311 4271 1582 4354; x_wconf 78' lang='lat' dir='ltr'><strong>pollicitus</strong></span> <span class='ocrx_word' id='word_1_262' title='bbox 1629 4287 2084 4340; x_wconf 85' lang='lat' dir='ltr'><strong>sum,etcertnm</strong></span> <span class='ocrx_word' id='word_1_263' title='bbox 2136 4280 2233 4335; x_wconf 91' lang='lat' dir='ltr'><strong>tibi</strong></span> 
     </span>
    </p>
   </div>
   <div class='ocr_carea' id='block_1_43' title="bbox 666 4358 2235 4437">
    <p class='ocr_par' dir='ltr' id='par_1_43' title="bbox 666 4358 2235 4437">
     <span class='ocr_line' id='line_1_43' title="bbox 666 4358 2235 4437; baseline 0.008 -28"><span class='ocrx_word' id='word_1_264' title='bbox 666 4371 845 4410; x_wconf 88' lang='lat' dir='ltr'><strong>rerum</strong></span> <span class='ocrx_word' id='word_1_265' title='bbox 883 4358 1182 4413; x_wconf 88' lang='lat' dir='ltr'><strong>luturarum</strong></span> <span class='ocrx_word' id='word_1_266' title='bbox 1222 4360 1432 4428; x_wconf 80' lang='lat' dir='ltr'><strong>signum</strong></span> <span class='ocrx_word' id='word_1_267' title='bbox 1460 4377 1580 4417; x_wconf 87' lang='lat' dir='ltr'><strong>esse</strong></span> <span class='ocrx_word' id='word_1_268' title='bbox 1605 4374 1854 4432; x_wconf 87' lang='lat' dir='ltr'><strong>poterunt</strong></span> <span class='ocrx_word' id='word_1_269' title='bbox 1883 4382 1971 4420; x_wconf 88' lang='lat' dir='ltr'><strong>res</strong></span> <span class='ocrx_word' id='word_1_270' title='bbox 1995 4383 2235 4437; x_wconf 65' lang='lat' dir='ltr'><strong>praesen-</strong></span> 
     </span>
    </p>
   </div>
   <div class='ocr_carea' id='block_1_44' title="bbox 670 4447 2234 4526">
    <p class='ocr_par' dir='ltr' id='par_1_44' title="bbox 670 4447 2234 4526">
     <span class='ocr_line' id='line_1_44' title="bbox 670 4447 2234 4526; baseline 0.007 -26"><span class='ocrx_word' id='word_1_271' title='bbox 670 4460 770 4502; x_wconf 78' lang='lat' dir='ltr'><strong>tes.</strong></span> <span class='ocrx_word' id='word_1_272' title='bbox 806 4447 921 4501; x_wconf 80' lang='lat' dir='ltr'><strong>Dixi</strong></span> <span class='ocrx_word' id='word_1_273' title='bbox 950 4464 1181 4519; x_wconf 80' lang='lat' dir='ltr'><strong>namque</strong></span> <span class='ocrx_word' id='word_1_274' title='bbox 1207 4449 1482 4506; x_wconf 81' lang='lat' dir='ltr'><strong>civitatem</strong></span> <span class='ocrx_word' id='word_1_275' title='bbox 1505 4453 1876 4522; x_wconf 79' lang='lat' dir='ltr'><strong>expilandam,</strong></span> <span class='ocrx_word' id='word_1_276' title='bbox 1916 4465 1973 4509; x_wconf 91' lang='lat' dir='ltr'><strong>et</strong></span> <span class='ocrx_word' id='word_1_277' title='bbox 1995 4457 2234 4526; x_wconf 81' lang='lat' dir='ltr'><strong>expilata</strong></span> 
     </span>
    </p>
   </div>
   <div class='ocr_carea' id='block_1_45' title="bbox 1386 418 3096 492">
    <p class='ocr_par' dir='ltr' id='par_1_45' title="bbox 1386 418 3096 492">
     <span class='ocr_line' id='line_1_45' title="bbox 1386 418 3096 492; baseline -0.011 -2"><span class='ocrx_word' id='word_1_278' title='bbox 1386 432 1955 492; x_wconf 66' lang='lat' dir='ltr'><strong>SUPPLEMENTUI</strong></span> <span class='ocrx_word' id='word_1_279' title='bbox 1993 432 2085 488; x_wconf 81' lang='lat' dir='ltr'><strong>AD</strong></span> <span class='ocrx_word' id='word_1_280' title='bbox 2126 432 2187 492; x_wconf 83' lang='lat' dir='ltr'><strong>S.</strong></span> <span class='ocrx_word' id='word_1_281' title='bbox 2224 431 2274 489; x_wconf 75' lang='grc' dir='ltr'><strong>ι.</strong></span> <span class='ocrx_word' id='word_1_282' title='bbox 2315 423 2813 489; x_wconf 70' lang='lat' dir='ltr'><strong>CHRYSOSTOMI</strong></span> <span class='ocrx_word' id='word_1_283' title='bbox 2852 418 3096 478; x_wconf 76' lang='grc' dir='ltr'>οΡΕιιΑ.</span> 
     </span>
    </p>
   </div>
   <div class='ocr_carea' id='block_1_46' title="bbox 2219 558 2270 616">
    <p class='ocr_par' dir='ltr' id='par_1_46' title="bbox 2219 558 2270 616">
     <span class='ocr_line' id='line_1_46' title="bbox 2219 558 2270 616; baseline 0 0"><span class='ocrx_word' id='word_1_284' title='bbox 2219 558 2270 616; x_wconf 74' lang='grc' dir='ltr'><strong>Α</strong></span> 
     </span>
    </p>
   </div>
   <div class='ocr_carea' id='block_1_47' title="bbox 3774 412 3878 468">
    <p class='ocr_par' dir='ltr' id='par_1_47' title="bbox 3774 412 3878 468">
     <span class='ocr_line' id='line_1_47' title="bbox 3774 412 3878 468; baseline 0 0"><span class='ocrx_word' id='word_1_285' title='bbox 3774 412 3878 468; x_wconf 85' lang='lat'><strong>988</strong></span> 
     </span>
    </p>
   </div>
   <div class='ocr_carea' id='block_1_48' title="bbox 2370 545 2778 612">
    <p class='ocr_par' dir='ltr' id='par_1_48' title="bbox 2370 545 2778 612">
     <span class='ocr_line' id='line_1_48' title="bbox 2370 545 2778 612; baseline -0.012 -12"><span class='ocrx_word' id='word_1_286' title='bbox 2370 547 2433 600; x_wconf 86' lang='lat'><strong>&#39;0</strong></span> <span class='ocrx_word' id='word_1_287' title='bbox 2456 545 2778 612; x_wconf 80' lang='grc' dir='ltr'>ὢν,-Κύριε.</span> 
     </span>
    </p>
   </div>
   <div class='ocr_carea' id='block_1_49' title="bbox 2364 616 3874 708">
    <p class='ocr_par' dir='ltr' id='par_1_49' title="bbox 2364 616 3874 708">
     <span class='ocr_line' id='line_1_49' title="bbox 2364 616 3874 708; baseline -0.017 -15"><span class='ocrx_word' id='word_1_288' title='bbox 2364 639 2480 708; x_wconf 84' lang='grc' dir='ltr'><strong>οὐχ</strong></span> <span class='ocrx_word' id='word_1_289' title='bbox 2511 636 2700 698; x_wconf 73' lang='grc' dir='ltr'>ἀτελῶς</span> <span class='ocrx_word' id='word_1_290' title='bbox 2734 628 3184 700; x_wconf 75' lang='grc' dir='ltr'>ἐπισημαίνεται.</span> <span class='ocrx_word' id='word_1_291' title='bbox 3212 621 3302 675; x_wconf 88' lang='grc' dir='ltr'><strong>καί</strong></span> <span class='ocrx_word' id='word_1_292' title='bbox 3333 635 3519 692; x_wconf 84' lang='grc' dir='ltr'>φησιν⁸</span> <span class='ocrx_word' id='word_1_293' title='bbox 3549 618 3613 671; x_wconf 88' lang='lat'><strong>&#39;0</strong></span> <span class='ocrx_word' id='word_1_294' title='bbox 3641 616 3747 680; x_wconf 80' lang='grc' dir='ltr'><strong>ὢν,</strong></span> <span class='ocrx_word' id='word_1_295' title='bbox 3775 619 3874 670; x_wconf 67' lang='lat' dir='ltr'><strong>de.</strong></span> 
     </span>
    </p>
   </div>
   <div class='ocr_carea' id='block_1_50' title="bbox 2293 708 3871 796">
    <p class='ocr_par' dir='ltr' id='par_1_50' title="bbox 2293 708 3871 796">
     <span class='ocr_line' id='line_1_50' title="bbox 2293 708 3871 796; baseline -0.015 -11"><span class='ocrx_word' id='word_1_296' title='bbox 2293 731 2492 785; x_wconf 82' lang='grc' dir='ltr'>σπότα</span> <span class='ocrx_word' id='word_1_297' title='bbox 2510 772 2524 795; x_wconf 93' lang='grc'><strong>,</strong></span> <span class='ocrx_word' id='word_1_298' title='bbox 2557 729 2750 796; x_wconf 81' lang='grc' dir='ltr'>Κύριε.</span> <span class='ocrx_word' id='word_1_299' title='bbox 2779 723 2891 777; x_wconf 84' lang='grc' dir='ltr'><strong>Οὐκ</strong></span> <span class='ocrx_word' id='word_1_300' title='bbox 2914 719 3063 773; x_wconf 73' lang='grc' dir='ltr'>ἐστιν</span> <span class='ocrx_word' id='word_1_301' title='bbox 3087 716 3284 778; x_wconf 77' lang='grc' dir='ltr'>εἰπεῖν,</span> <span class='ocrx_word' id='word_1_302' title='bbox 3316 713 3400 766; x_wconf 81' lang='grc' dir='ltr'>ὅτι</span> <span class='ocrx_word' id='word_1_303' title='bbox 3437 708 3871 781; x_wconf 75' lang='grc' dir='ltr'><strong>παρελεύσεται·</strong></span> 
     </span>
    </p>
   </div>
   <div class='ocr_carea' id='block_1_51' title="bbox 2293 803 3768 886">
    <p class='ocr_par' dir='ltr' id='par_1_51' title="bbox 2293 803 3768 886">
     <span class='ocr_line' id='line_1_51' title="bbox 2293 803 3768 886; baseline -0.017 -8"><span class='ocrx_word' id='word_1_304' title='bbox 2293 824 2516 879; x_wconf 83' lang='grc' dir='ltr'>δύνασαι</span> <span class='ocrx_word' id='word_1_305' title='bbox 2548 822 2658 886; x_wconf 81' lang='grc' dir='ltr'>ἀεὶ,</span> <span class='ocrx_word' id='word_1_306' title='bbox 2688 817 2774 872; x_wconf 78' lang='grc' dir='ltr'><strong>ἀεὶ</strong></span> <span class='ocrx_word' id='word_1_307' title='bbox 2801 815 2911 885; x_wconf 72' lang='grc' dir='ltr'><strong>γὰρ</strong></span> <span class='ocrx_word' id='word_1_308' title='bbox 2942 811 3148 883; x_wconf 77' lang='grc' dir='ltr'>Κύριος</span> <span class='ocrx_word' id='word_1_309' title='bbox 3181 803 3251 861; x_wconf 79' lang='grc' dir='ltr'><strong>εἷ.</strong></span> <span class='ocrx_word' id='word_1_310' title='bbox 3283 803 3497 860; x_wconf 82' lang='grc' dir='ltr'>Οὐκοῦν</span> <span class='ocrx_word' id='word_1_311' title='bbox 3523 803 3768 875; x_wconf 79' lang='grc' dir='ltr'><strong>κρατεῖς.</strong></span> 
     </span>
    </p>
   </div>
   <div class='ocr_carea' id='block_1_52' title="bbox 2364 907 2854 972">
    <p class='ocr_par' dir='ltr' id='par_1_52' title="bbox 2364 907 2854 972">
     <span class='ocr_line' id='line_1_52' title="bbox 2364 907 2854 972; baseline -0.02 -3"><span class='ocrx_word' id='word_1_312' title='bbox 2364 914 2472 969; x_wconf 77' lang='grc' dir='ltr'><strong>Καὶ</strong></span> <span class='ocrx_word' id='word_1_313' title='bbox 2507 907 2854 972; x_wconf 76' lang='grc' dir='ltr'>ἀποδιδούς.</span> 
     </span>
    </p>
   </div>
   <div class='ocr_carea' id='block_1_53' title="bbox 2280 986 3876 1074">
    <p class='ocr_par' dir='ltr' id='par_1_53' title="bbox 2280 986 3876 1074">
     <span class='ocr_line' id='line_1_53' title="bbox 2280 986 3876 1074; baseline -0.016 -12"><span class='ocrx_word' id='word_1_314' title='bbox 2280 1040 2287 1044; x_wconf 96' lang='grc'><strong>-</strong></span> <span class='ocrx_word' id='word_1_315' title='bbox 2367 1008 2444 1060; x_wconf 79' lang='grc' dir='ltr'><strong>Οὐ</strong></span> <span class='ocrx_word' id='word_1_316' title='bbox 2473 1006 2643 1074; x_wconf 82' lang='grc' dir='ltr'>λέγει,</span> <span class='ocrx_word' id='word_1_317' title='bbox 2670 1001 2768 1056; x_wconf 79' lang='grc' dir='ltr'><strong>ἐπὶ</strong></span> <span class='ocrx_word' id='word_1_318' title='bbox 2795 998 2912 1065; x_wconf 78' lang='grc' dir='ltr'><strong>τὴν</strong></span> <span class='ocrx_word' id='word_1_319' title='bbox 2940 996 3146 1065; x_wconf 76' lang='grc' dir='ltr'>τρίτην</span> <span class='ocrx_word' id='word_1_320' title='bbox 3183 989 3281 1046; x_wconf 81' lang='grc' dir='ltr'><strong>καί</strong></span> <span class='ocrx_word' id='word_1_321' title='bbox 3317 988 3605 1057; x_wconf 78' lang='grc' dir='ltr'><strong>τετάρτην</strong></span> <span class='ocrx_word' id='word_1_322' title='bbox 3641 986 3876 1056; x_wconf 75' lang='grc' dir='ltr'>γενεὰν,</span> 
     </span>
    </p>
   </div>
   <div class='ocr_carea' id='block_1_54' title="bbox 2297 1077 3880 1162">
    <p class='ocr_par' dir='ltr' id='par_1_54' title="bbox 2297 1077 3880 1162">
     <span class='ocr_line' id='line_1_54' title="bbox 2297 1077 3880 1162; baseline -0.015 -12"><span class='ocrx_word' id='word_1_323' title='bbox 2297 1096 2434 1151; x_wconf 81' lang='grc' dir='ltr'><strong>ἀλλά</strong></span> <span class='ocrx_word' id='word_1_324' title='bbox 2467 1095 2628 1148; x_wconf 78' lang='grc' dir='ltr'>τοῦτο</span> <span class='ocrx_word' id='word_1_325' title='bbox 2673 1092 2820 1162; x_wconf 78' lang='grc' dir='ltr'>σιγᾷ.</span> <span class='ocrx_word' id='word_1_326' title='bbox 2856 1086 3121 1141; x_wconf 85' lang='grc' dir='ltr'>Βούλεται</span> <span class='ocrx_word' id='word_1_327' title='bbox 3170 1086 3279 1152; x_wconf 87' lang='grc' dir='ltr'><strong>γάρ</strong></span> <span class='ocrx_word' id='word_1_328' title='bbox 3323 1079 3525 1141; x_wconf 80' lang='grc' dir='ltr'>αὐτοὺς</span> <span class='ocrx_word' id='word_1_329' title='bbox 3586 1077 3880 1146; x_wconf 63' lang='grc' dir='ltr'>ἐλεηθῆναι</span> 
     </span>
    </p>
   </div>
   <div class='ocr_carea' id='block_1_55' title="bbox 2299 1165 3880 1253">
    <p class='ocr_par' dir='ltr' id='par_1_55' title="bbox 2299 1165 3880 1253">
     <span class='ocr_line' id='line_1_55' title="bbox 2299 1165 3880 1253; baseline -0.016 -13"><span class='ocrx_word' id='word_1_330' title='bbox 2299 1186 2485 1240; x_wconf 86' lang='grc' dir='ltr'>πάλιν.</span> <span class='ocrx_word' id='word_1_331' title='bbox 2523 1185 2631 1253; x_wconf 83' lang='grc' dir='ltr'><strong>Τῆς</strong></span> <span class='ocrx_word' id='word_1_332' title='bbox 2665 1181 2953 1250; x_wconf 86' lang='grc' dir='ltr'>δυνάμεως</span> <span class='ocrx_word' id='word_1_333' title='bbox 2993 1173 3156 1228; x_wconf 85' lang='grc' dir='ltr'>τοῦτο</span> <span class='ocrx_word' id='word_1_334' title='bbox 3189 1171 3353 1242; x_wconf 71' lang='grc' dir='ltr'>ἔργον</span> <span class='ocrx_word' id='word_1_335' title='bbox 3395 1169 3536 1230; x_wconf 68' lang='grc' dir='ltr'>ἐστὶ,</span> <span class='ocrx_word' id='word_1_336' title='bbox 3567 1165 3631 1219; x_wconf 83' lang='grc' dir='ltr'><strong>τδ</strong></span> <span class='ocrx_word' id='word_1_337' title='bbox 3666 1165 3760 1218; x_wconf 78' lang='grc' dir='ltr'>καὶ</span> <span class='ocrx_word' id='word_1_338' title='bbox 3791 1166 3880 1217; x_wconf 69' lang='grc' dir='ltr'><strong>ὲν-</strong></span> 
     </span>
    </p>
   </div>
   <div class='ocr_carea' id='block_1_56' title="bbox 2298 1254 3880 1334">
    <p class='ocr_par' dir='ltr' id='par_1_56' title="bbox 2298 1254 3880 1334">
     <span class='ocr_line' id='line_1_56' title="bbox 2298 1254 3880 1334; baseline -0.016 -2"><span class='ocrx_word' id='word_1_339' title='bbox 2298 1278 2474 1332; x_wconf 82' lang='grc' dir='ltr'><strong>ταῦθα</strong></span> <span class='ocrx_word' id='word_1_340' title='bbox 2521 1273 2783 1329; x_wconf 78' lang='grc' dir='ltr'>δύνασθαι</span> <span class='ocrx_word' id='word_1_341' title='bbox 2831 1254 3049 1334; x_wconf 73' lang='grc' dir='ltr'>σῶζειν,</span> <span class='ocrx_word' id='word_1_342' title='bbox 3104 1263 3200 1319; x_wconf 77' lang='grc' dir='ltr'>καὶ</span> <span class='ocrx_word' id='word_1_343' title='bbox 3264 1259 3517 1324; x_wconf 73' lang='grc' dir='ltr'><strong>κολάζειν</strong></span> <span class='ocrx_word' id='word_1_344' title='bbox 3571 1257 3699 1320; x_wconf 75' lang='grc' dir='ltr'>τοὺς</span> <span class='ocrx_word' id='word_1_345' title='bbox 3761 1255 3880 1324; x_wconf 74' lang='grc' dir='ltr'>μετ’</span> 
     </span>
    </p>
   </div>
   <div class='ocr_carea' id='block_1_57' title="bbox 2301 1347 3882 1428">
    <p class='ocr_par' dir='ltr' id='par_1_57' title="bbox 2301 1347 3882 1428">
     <span class='ocr_line' id='line_1_57' title="bbox 2301 1347 3882 1428; baseline -0.014 -9"><span class='ocrx_word' id='word_1_346' title='bbox 2301 1367 2563 1428; x_wconf 73' lang='grc' dir='ltr'>ἐκείνους.</span> <span class='ocrx_word' id='word_1_347' title='bbox 2610 1358 2759 1423; x_wconf 73' lang='grc' dir='ltr'>Οἶον,</span> <span class='ocrx_word' id='word_1_348' title='bbox 2805 1361 2888 1414; x_wconf 85' lang='grc' dir='ltr'>ὅτι</span> <span class='ocrx_word' id='word_1_349' title='bbox 2938 1357 3166 1410; x_wconf 85' lang='grc' dir='ltr'>δύνασαι</span> <span class='ocrx_word' id='word_1_350' title='bbox 3201 1353 3330 1415; x_wconf 85' lang='grc' dir='ltr'>τοὺς</span> <span class='ocrx_word' id='word_1_351' title='bbox 3384 1349 3525 1422; x_wconf 79' lang='grc' dir='ltr'>μετὰ</span> <span class='ocrx_word' id='word_1_352' title='bbox 3572 1347 3746 1401; x_wconf 81' lang='grc' dir='ltr'>ταῦτα</span> <span class='ocrx_word' id='word_1_353' title='bbox 3787 1361 3882 1398; x_wconf 83' lang='grc' dir='ltr'>κο-</span> 
     </span>
    </p>
   </div>
   <div class='ocr_carea' id='block_1_58' title="bbox 2301 1441 3881 1528">
    <p class='ocr_par' dir='ltr' id='par_1_58' title="bbox 2301 1441 3881 1528">
     <span class='ocr_line' id='line_1_58' title="bbox 2301 1441 3881 1528; baseline -0.015 -15"><span class='ocrx_word' id='word_1_354' title='bbox 2301 1462 2485 1528; x_wconf 87' lang='grc' dir='ltr'>λάσαι,</span> <span class='ocrx_word' id='word_1_355' title='bbox 2516 1459 2644 1522; x_wconf 79' lang='grc' dir='ltr'>τοὺς</span> <span class='ocrx_word' id='word_1_356' title='bbox 2668 1457 2725 1511; x_wconf 78' lang='grc' dir='ltr'>δὲ</span> <span class='ocrx_word' id='word_1_357' title='bbox 2753 1455 2924 1510; x_wconf 86' lang='grc' dir='ltr'>σῶσαι</span> <span class='ocrx_word' id='word_1_358' title='bbox 2954 1456 3019 1506; x_wconf 71' lang='lat' dir='ltr'><strong>in</strong></span> <span class='ocrx_word' id='word_1_359' title='bbox 3065 1452 3173 1505; x_wconf 84' lang='grc' dir='ltr'><strong>τῶν</strong></span> <span class='ocrx_word' id='word_1_360' title='bbox 3215 1447 3521 1518; x_wconf 85' lang='grc' dir='ltr'>προγόνων.</span> <span class='ocrx_word' id='word_1_361' title='bbox 3557 1441 3650 1496; x_wconf 88' lang='grc' dir='ltr'>Διό</span> <span class='ocrx_word' id='word_1_362' title='bbox 3681 1454 3848 1528; x_wconf 80' lang='grc' dir='ltr'>φησιν</span> <span class='ocrx_word' id='word_1_363' title='bbox 3867 1451 3881 1466; x_wconf 99' lang='grc'><strong>⁸</strong></span> 
     </span>
    </p>
   </div>
   <div class='ocr_carea' id='block_1_59' title="bbox 2304 1527 3887 1616">
    <p class='ocr_par' dir='ltr' id='par_1_59' title="bbox 2304 1527 3887 1616">
     <span class='ocr_line' id='line_1_59' title="bbox 2304 1527 3887 1616; baseline -0.014 -13"><span class='ocrx_word' id='word_1_364' title='bbox 2304 1550 2472 1604; x_wconf 78' lang='grc' dir='ltr'>Οὐδὲν</span> <span class='ocrx_word' id='word_1_365' title='bbox 2513 1546 2840 1616; x_wconf 80' lang='grc' dir='ltr'>ἀδυνατήσει</span> <span class='ocrx_word' id='word_1_366' title='bbox 2888 1559 2971 1596; x_wconf 90' lang='grc' dir='ltr'><strong>σοι</strong></span> <span class='ocrx_word' id='word_1_367' title='bbox 3030 1541 3202 1614; x_wconf 76' lang='grc' dir='ltr'>ῥῆμα,</span> <span class='ocrx_word' id='word_1_368' title='bbox 3239 1538 3344 1594; x_wconf 81' lang='grc' dir='ltr'>κᾶν</span> <span class='ocrx_word' id='word_1_369' title='bbox 3369 1535 3593 1606; x_wconf 69' lang='grc' dir='ltr'>ἐλεῆσαι</span> <span class='ocrx_word' id='word_1_370' title='bbox 3625 1531 3746 1601; x_wconf 77' lang='grc' dir='ltr'><strong>δὲῃ,</strong></span> <span class='ocrx_word' id='word_1_371' title='bbox 3780 1527 3887 1583; x_wconf 68' lang='grc' dir='ltr'>κᾶν</span> 
     </span>
    </p>
   </div>
   <div class='ocr_carea' id='block_1_60' title="bbox 2306 1630 3260 1704">
    <p class='ocr_par' dir='ltr' id='par_1_60' title="bbox 2306 1630 3260 1704">
     <span class='ocr_line' id='line_1_60' title="bbox 2306 1630 3260 1704; baseline -0.01 -13"><span class='ocrx_word' id='word_1_372' title='bbox 2306 1638 2558 1698; x_wconf 75' lang='grc' dir='ltr'><strong>κολάσαι,</strong></span> <span class='ocrx_word' id='word_1_373' title='bbox 2590 1635 2694 1689; x_wconf 73' lang='grc' dir='ltr'>κᾶν</span> <span class='ocrx_word' id='word_1_374' title='bbox 2720 1634 2813 1688; x_wconf 68' lang='grc' dir='ltr'><strong>ἐπὶ</strong></span> <span class='ocrx_word' id='word_1_375' title='bbox 2838 1633 3032 1704; x_wconf 87' lang='grc' dir='ltr'>χρόνον</span> <span class='ocrx_word' id='word_1_376' title='bbox 3064 1630 3260 1684; x_wconf 84' lang='grc' dir='ltr'>πολύν.</span> 
     </span>
    </p>
   </div>
   <div class='ocr_carea' id='block_1_61' title="bbox 2388 1723 2867 1794">
    <p class='ocr_par' dir='ltr' id='par_1_61' title="bbox 2388 1723 2867 1794">
     <span class='ocr_line' id='line_1_61' title="bbox 2388 1723 2867 1794; baseline -0.008 -14"><span class='ocrx_word' id='word_1_377' title='bbox 2388 1727 2453 1780; x_wconf 87' lang='lat'><strong>&#39;0</strong></span> <span class='ocrx_word' id='word_1_378' title='bbox 2488 1724 2632 1793; x_wconf 82' lang='grc' dir='ltr'>Θεὸς</span> <span class='ocrx_word' id='word_1_379' title='bbox 2655 1723 2867 1794; x_wconf 74' lang='grc' dir='ltr'>μέγας.</span> 
     </span>
    </p>
   </div>
   <div class='ocr_carea' id='block_1_62' title="bbox 2382 1798 3890 1889">
    <p class='ocr_par' dir='ltr' id='par_1_62' title="bbox 2382 1798 3890 1889">
     <span class='ocr_line' id='line_1_62' title="bbox 2382 1798 3890 1889; baseline -0.015 -16"><span class='ocrx_word' id='word_1_380' title='bbox 2382 1818 2561 1889; x_wconf 82' lang='grc' dir='ltr'>Ὅπερ</span> <span class='ocrx_word' id='word_1_381' title='bbox 2605 1816 2731 1870; x_wconf 78' lang='grc' dir='ltr'>καθ’</span> <span class='ocrx_word' id='word_1_382' title='bbox 2779 1813 2942 1889; x_wconf 73' lang='grc' dir='ltr'>ἑαυτὸ</span> <span class='ocrx_word' id='word_1_383' title='bbox 2985 1806 3396 1882; x_wconf 76' lang='grc' dir='ltr'><strong>κεχωρισμένον</strong></span> <span class='ocrx_word' id='word_1_384' title='bbox 3441 1803 3561 1857; x_wconf 73' lang='grc' dir='ltr'>ἐστὶ</span> <span class='ocrx_word' id='word_1_385' title='bbox 3592 1799 3746 1872; x_wconf 82' lang='grc' dir='ltr'><strong>παρά</strong></span> <span class='ocrx_word' id='word_1_386' title='bbox 3793 1798 3890 1854; x_wconf 72' lang='grc' dir='ltr'>ἀν·</span> 
     </span>
    </p>
   </div>
   <div class='ocr_carea' id='block_1_63' title="bbox 2239 1903 3181 1981">
    <p class='ocr_par' dir='ltr' id='par_1_63' title="bbox 2239 1903 3181 1981">
     <span class='ocr_line' id='line_1_63' title="bbox 2239 1903 3181 1981; baseline -0.008 -19"><span class='ocrx_word' id='word_1_387' title='bbox 2239 1908 2281 1962; x_wconf 84' lang='grc' dir='ltr'><strong>Β</strong></span> <span class='ocrx_word' id='word_1_388' title='bbox 2311 1908 2573 1981; x_wconf 83' lang='grc' dir='ltr'>θρώποις,</span> <span class='ocrx_word' id='word_1_389' title='bbox 2608 1906 2774 1977; x_wconf 76' lang='grc' dir='ltr'>σοφία</span> <span class='ocrx_word' id='word_1_390' title='bbox 2805 1906 2900 1958; x_wconf 78' lang='grc' dir='ltr'>καὶ</span> <span class='ocrx_word' id='word_1_391' title='bbox 2929 1903 3181 1973; x_wconf 80' lang='grc' dir='ltr'>δυνάμει.</span> 
     </span>
    </p>
   </div>
   <div class='ocr_carea' id='block_1_64' title="bbox 2383 1996 2934 2066">
    <p class='ocr_par' dir='ltr' id='par_1_64' title="bbox 2383 1996 2934 2066">
     <span class='ocr_line' id='line_1_64' title="bbox 2383 1996 2934 2066; baseline -0.005 -15"><span class='ocrx_word' id='word_1_392' title='bbox 2383 2002 2448 2052; x_wconf 82' lang='lat' dir='ltr'><strong>Oi</strong></span> <span class='ocrx_word' id='word_1_393' title='bbox 2471 1996 2770 2066; x_wconf 71' lang='grc' dir='ltr'>ὀφθαλμοί</span> <span class='ocrx_word' id='word_1_394' title='bbox 2796 2012 2934 2049; x_wconf 86' lang='grc' dir='ltr'>σου.</span> 
     </span>
    </p>
   </div>
   <div class='ocr_carea' id='block_1_65' title="bbox 2385 2074 3890 2152">
    <p class='ocr_par' dir='ltr' id='par_1_65' title="bbox 2385 2074 3890 2152">
     <span class='ocr_line' id='line_1_65' title="bbox 2385 2074 3890 2152; baseline -0.013 -8"><span class='ocrx_word' id='word_1_395' title='bbox 2385 2090 2497 2144; x_wconf 71' lang='grc' dir='ltr'><strong>Καὶ</strong></span> <span class='ocrx_word' id='word_1_396' title='bbox 2531 2088 2716 2150; x_wconf 84' lang='grc' dir='ltr'>καλῶς</span> <span class='ocrx_word' id='word_1_397' title='bbox 2746 2083 2924 2147; x_wconf 83' lang='grc' dir='ltr'>εἶπεν,</span> <span class='ocrx_word' id='word_1_398' title='bbox 2959 2079 3331 2152; x_wconf 72' lang='grc' dir='ltr'>Ἀνεῳγμίνοι</span> <span class='ocrx_word' id='word_1_399' title='bbox 3359 2077 3448 2132; x_wconf 81' lang='grc' dir='ltr'>διὰ</span> <span class='ocrx_word' id='word_1_400' title='bbox 3477 2074 3680 2139; x_wconf 82' lang='grc' dir='ltr'>παντός</span> <span class='ocrx_word' id='word_1_401' title='bbox 3710 2074 3851 2126; x_wconf 70' lang='grc' dir='ltr'>εἰσιν</span> <span class='ocrx_word' id='word_1_402' title='bbox 3872 2083 3890 2102; x_wconf 93' lang='grc'><strong>⁸</strong></span> 
     </span>
    </p>
   </div>
   <div class='ocr_carea' id='block_1_66' title="bbox 2311 2163 3892 2247">
    <p class='ocr_par' dir='ltr' id='par_1_66' title="bbox 2311 2163 3892 2247">
     <span class='ocr_line' id='line_1_66' title="bbox 2311 2163 3892 2247; baseline -0.014 -10"><span class='ocrx_word' id='word_1_403' title='bbox 2311 2182 2436 2238; x_wconf 84' lang='grc' dir='ltr'><strong>οὑδέ</strong></span> <span class='ocrx_word' id='word_1_404' title='bbox 2462 2197 2596 2234; x_wconf 88' lang='grc' dir='ltr'>ποτε</span> <span class='ocrx_word' id='word_1_405' title='bbox 2624 2180 2823 2242; x_wconf 77' lang='grc' dir='ltr'>αὐτοὺς</span> <span class='ocrx_word' id='word_1_406' title='bbox 2849 2176 3006 2247; x_wconf 84' lang='grc' dir='ltr'>μύεις</span> <span class='ocrx_word' id='word_1_407' title='bbox 3028 2193 3041 2206; x_wconf 84' lang='grc'><strong>⁸</strong></span> <span class='ocrx_word' id='word_1_408' title='bbox 3091 2173 3373 2244; x_wconf 81' lang='grc' dir='ltr'>ἄγρυπνος</span> <span class='ocrx_word' id='word_1_409' title='bbox 3407 2167 3707 2237; x_wconf 79' lang='grc' dir='ltr'>ὀφθαλμὸς,</span> <span class='ocrx_word' id='word_1_410' title='bbox 3733 2163 3892 2218; x_wconf 82' lang='grc' dir='ltr'>ἀκοί-</span> 
     </span>
    </p>
   </div>
   <div class='ocr_carea' id='block_1_67' title="bbox 2317 2255 3893 2349">
    <p class='ocr_par' dir='ltr' id='par_1_67' title="bbox 2317 2255 3893 2349">
     <span class='ocr_line' id='line_1_67' title="bbox 2317 2255 3893 2349; baseline -0.014 -20"><span class='ocrx_word' id='word_1_411' title='bbox 2317 2292 2487 2349; x_wconf 80' lang='grc' dir='ltr'>μητον</span> <span class='ocrx_word' id='word_1_412' title='bbox 2505 2273 2680 2343; x_wconf 72' lang='grc' dir='ltr'>ὄμμα.</span> <span class='ocrx_word' id='word_1_413' title='bbox 2706 2271 2821 2325; x_wconf 80' lang='grc' dir='ltr'><strong>Οὐκ</strong></span> <span class='ocrx_word' id='word_1_414' title='bbox 2851 2267 2964 2338; x_wconf 74' lang='grc' dir='ltr'>ἔχει</span> <span class='ocrx_word' id='word_1_415' title='bbox 2982 2282 3065 2329; x_wconf 91' lang='grc' dir='ltr'><strong>τις</strong></span> <span class='ocrx_word' id='word_1_416' title='bbox 3095 2265 3292 2327; x_wconf 80' lang='grc' dir='ltr'>εἰπεῖν,</span> <span class='ocrx_word' id='word_1_417' title='bbox 3322 2265 3406 2318; x_wconf 84' lang='grc' dir='ltr'>ὅτι</span> <span class='ocrx_word' id='word_1_418' title='bbox 3444 2260 3607 2330; x_wconf 72' lang='grc' dir='ltr'>Ὁρᾷς</span> <span class='ocrx_word' id='word_1_419' title='bbox 3643 2257 3762 2349; x_wconf 79' lang='grc' dir='ltr'>μὲν.</span> <span class='ocrx_word' id='word_1_420' title='bbox 3791 2255 3893 2308; x_wconf 70' lang='grc' dir='ltr'>οὐκ</span> 
     </span>
    </p>
   </div>
   <div class='ocr_carea' id='block_1_68' title="bbox 2315 2347 3890 2424">
    <p class='ocr_par' dir='ltr' id='par_1_68' title="bbox 2315 2347 3890 2424">
     <span class='ocr_line' id='line_1_68' title="bbox 2315 2347 3890 2424; baseline -0.016 -3"><span class='ocrx_word' id='word_1_421' title='bbox 2315 2347 2684 2424; x_wconf 79' lang='grc' dir='ltr'>ἀνταποδίδως</span> <span class='ocrx_word' id='word_1_422' title='bbox 2710 2359 2785 2415; x_wconf 81' lang='grc' dir='ltr'>δέ.</span> <span class='ocrx_word' id='word_1_423' title='bbox 2819 2359 2928 2412; x_wconf 72' lang='grc' dir='ltr'><strong>Καὶ</strong></span> <span class='ocrx_word' id='word_1_424' title='bbox 2955 2355 3088 2410; x_wconf 78' lang='grc' dir='ltr'>αὐτὸ</span> <span class='ocrx_word' id='word_1_425' title='bbox 3114 2355 3230 2418; x_wconf 79' lang='grc' dir='ltr'>τοῖς</span> <span class='ocrx_word' id='word_1_426' title='bbox 3257 2351 3571 2422; x_wconf 81' lang='grc' dir='ltr'>ἀνθρώποις</span> <span class='ocrx_word' id='word_1_427' title='bbox 3606 2347 3890 2418; x_wconf 85' lang='grc' dir='ltr'>πάρεστιν,</span> 
     </span>
    </p>
   </div>
   <div class='ocr_carea' id='block_1_69' title="bbox 2316 2435 3892 2524">
    <p class='ocr_par' dir='ltr' id='par_1_69' title="bbox 2316 2435 3892 2524">
     <span class='ocr_line' id='line_1_69' title="bbox 2316 2435 3892 2524; baseline -0.015 -14"><span class='ocrx_word' id='word_1_428' title='bbox 2316 2456 2433 2512; x_wconf 77' lang='grc' dir='ltr'>ἀλλ’</span> <span class='ocrx_word' id='word_1_429' title='bbox 2476 2455 2574 2524; x_wconf 81' lang='grc' dir='ltr'>οὐχ</span> <span class='ocrx_word' id='word_1_430' title='bbox 2599 2452 2772 2514; x_wconf 76' lang='grc' dir='ltr'>οὕτως</span> <span class='ocrx_word' id='word_1_431' title='bbox 2803 2450 2896 2503; x_wconf 66' lang='grc' dir='ltr'><strong>ἐπὶ</strong></span> <span class='ocrx_word' id='word_1_432' title='bbox 2915 2445 3031 2512; x_wconf 83' lang='grc' dir='ltr'>σοῦ,</span> <span class='ocrx_word' id='word_1_433' title='bbox 3071 2444 3186 2499; x_wconf 83' lang='grc' dir='ltr'>ἀλλ’</span> <span class='ocrx_word' id='word_1_434' title='bbox 3212 2445 3294 2507; x_wconf 87' lang='grc' dir='ltr'><strong>είς</strong></span> <span class='ocrx_word' id='word_1_435' title='bbox 3329 2441 3509 2504; x_wconf 88' lang='grc' dir='ltr'>πάσας</span> <span class='ocrx_word' id='word_1_436' title='bbox 3535 2438 3633 2503; x_wconf 80' lang='grc' dir='ltr'>τὰς</span> <span class='ocrx_word' id='word_1_437' title='bbox 3662 2437 3814 2499; x_wconf 81' lang='grc' dir='ltr'>ὁδοὺς</span> <span class='ocrx_word' id='word_1_438' title='bbox 3842 2435 3892 2487; x_wconf 78' lang='lat' dir='ltr'><strong>oi</strong></span> 
     </span>
    </p>
   </div>
   <div class='ocr_carea' id='block_1_70' title="bbox 2317 2533 3405 2615">
    <p class='ocr_par' dir='ltr' id='par_1_70' title="bbox 2317 2533 3405 2615">
     <span class='ocr_line' id='line_1_70' title="bbox 2317 2533 3405 2615; baseline -0.014 -14"><span class='ocrx_word' id='word_1_439' title='bbox 2317 2544 2588 2615; x_wconf 80' lang='grc' dir='ltr'>ὀφθαλμοί</span> <span class='ocrx_word' id='word_1_440' title='bbox 2619 2558 2737 2604; x_wconf 93' lang='grc' dir='ltr'>σου,</span> <span class='ocrx_word' id='word_1_441' title='bbox 2766 2537 2983 2603; x_wconf 73' lang='grc' dir='ltr'>καὶτὰς</span> <span class='ocrx_word' id='word_1_442' title='bbox 3012 2533 3405 2596; x_wconf 78' lang='grc' dir='ltr'>λανθανοὺσας.</span> 
     </span>
    </p>
   </div>
   <div class='ocr_carea' id='block_1_71' title="bbox 2397 2633 2839 2700">
    <p class='ocr_par' dir='ltr' id='par_1_71' title="bbox 2397 2633 2839 2700">
     <span class='ocr_line' id='line_1_71' title="bbox 2397 2633 2839 2700; baseline -0.002 -13"><span class='ocrx_word' id='word_1_443' title='bbox 2397 2637 2502 2700; x_wconf 85' lang='grc' dir='ltr'>⁸ος</span> <span class='ocrx_word' id='word_1_444' title='bbox 2524 2633 2839 2700; x_wconf 82' lang='grc' dir='ltr'>ἐποίησας.</span> 
     </span>
    </p>
   </div>
   <div class='ocr_carea' id='block_1_72' title="bbox 2391 2707 3896 2792">
    <p class='ocr_par' dir='ltr' id='par_1_72' title="bbox 2391 2707 3896 2792">
     <span class='ocr_line' id='line_1_72' title="bbox 2391 2707 3896 2792; baseline -0.013 -14"><span class='ocrx_word' id='word_1_445' title='bbox 2391 2725 2500 2777; x_wconf 71' lang='grc' dir='ltr'><strong>Καὶ</strong></span> <span class='ocrx_word' id='word_1_446' title='bbox 2524 2722 2689 2777; x_wconf 81' lang='grc' dir='ltr'>τοῦτο</span> <span class='ocrx_word' id='word_1_447' title='bbox 2714 2721 3022 2792; x_wconf 87' lang='grc' dir='ltr'>δυνάμεως,</span> <span class='ocrx_word' id='word_1_448' title='bbox 3055 2717 3152 2770; x_wconf 72' lang='grc' dir='ltr'>καὶ</span> <span class='ocrx_word' id='word_1_449' title='bbox 3180 2711 3550 2783; x_wconf 81' lang='grc' dir='ltr'>δικαιοσύνης,</span> <span class='ocrx_word' id='word_1_450' title='bbox 3586 2708 3681 2764; x_wconf 77' lang='grc' dir='ltr'>καὶ</span> <span class='ocrx_word' id='word_1_451' title='bbox 3703 2707 3896 2778; x_wconf 80' lang='grc' dir='ltr'>φιλαν-</span> 
     </span>
    </p>
   </div>
   <div class='ocr_carea' id='block_1_73' title="bbox 2323 2805 3368 2887">
    <p class='ocr_par' dir='ltr' id='par_1_73' title="bbox 2323 2805 3368 2887">
     <span class='ocr_line' id='line_1_73' title="bbox 2323 2805 3368 2887; baseline -0.011 -16"><span class='ocrx_word' id='word_1_452' title='bbox 2323 2816 2592 2887; x_wconf 80' lang='grc' dir='ltr'>θρωπίας,</span> <span class='ocrx_word' id='word_1_453' title='bbox 2624 2814 2717 2867; x_wconf 70' lang='grc' dir='ltr'>καὶ</span> <span class='ocrx_word' id='word_1_454' title='bbox 2745 2810 3002 2876; x_wconf 86' lang='grc' dir='ltr'>γνώσεως</span> <span class='ocrx_word' id='word_1_455' title='bbox 3037 2808 3200 2880; x_wconf 78' lang='grc' dir='ltr'>ἔργον</span> <span class='ocrx_word' id='word_1_456' title='bbox 3231 2805 3368 2860; x_wconf 76' lang='grc' dir='ltr'>ἐστί.</span> 
     </span>
    </p>
   </div>
   <div class='ocr_carea' id='block_1_74' title="bbox 2393 2896 3478 2972">
    <p class='ocr_par' dir='ltr' id='par_1_74' title="bbox 2393 2896 3478 2972">
     <span class='ocr_line' id='line_1_74' title="bbox 2393 2896 3478 2972; baseline -0.012 -11"><span class='ocrx_word' id='word_1_457' title='bbox 2393 2907 2503 2962; x_wconf 78' lang='grc' dir='ltr'><strong>Καὶ</strong></span> <span class='ocrx_word' id='word_1_458' title='bbox 2532 2908 2644 2960; x_wconf 78' lang='grc' dir='ltr'>οὐκ</span> <span class='ocrx_word' id='word_1_459' title='bbox 2666 2903 2941 2972; x_wconf 73' lang='grc' dir='ltr'>ἤκουσαν</span> <span class='ocrx_word' id='word_1_460' title='bbox 2971 2900 3082 2968; x_wconf 82' lang='grc' dir='ltr'>τῆς</span> <span class='ocrx_word' id='word_1_461' title='bbox 3105 2896 3312 2968; x_wconf 75' lang='grc' dir='ltr'>φωνῆς</span> <span class='ocrx_word' id='word_1_462' title='bbox 3340 2910 3478 2950; x_wconf 86' lang='grc' dir='ltr'>σου.</span> 
     </span>
    </p>
   </div>
   <div class='ocr_carea' id='block_1_75' title="bbox 2396 2979 3904 3065">
    <p class='ocr_par' dir='ltr' id='par_1_75' title="bbox 2396 2979 3904 3065">
     <span class='ocr_line' id='line_1_75' title="bbox 2396 2979 3904 3065; baseline -0.011 -14"><span class='ocrx_word' id='word_1_463' title='bbox 2396 3000 2505 3051; x_wconf 78' lang='grc' dir='ltr'><strong>Καὶ</strong></span> <span class='ocrx_word' id='word_1_464' title='bbox 2535 2997 2797 3065; x_wconf 76' lang='grc' dir='ltr'>ἒποίησας</span> <span class='ocrx_word' id='word_1_465' title='bbox 2829 2991 3109 3064; x_wconf 74' lang='grc' dir='ltr'>συμϐῆναι</span> <span class='ocrx_word' id='word_1_466' title='bbox 3156 2991 3344 3052; x_wconf 80' lang='grc' dir='ltr'>αὐτοῖς</span> <span class='ocrx_word' id='word_1_467' title='bbox 3390 2987 3612 3042; x_wconf 70' lang='grc' dir='ltr'>ἅπαντα</span> <span class='ocrx_word' id='word_1_468' title='bbox 3658 2983 3727 3037; x_wconf 81' lang='grc' dir='ltr'>τὰ</span> <span class='ocrx_word' id='word_1_469' title='bbox 3757 2979 3904 3036; x_wconf 85' lang='grc' dir='ltr'><strong>κακά</strong></span> 
     </span>
    </p>
   </div>
   <div class='ocr_carea' id='block_1_76' title="bbox 2326 3089 2524 3145">
    <p class='ocr_par' dir='ltr' id='par_1_76' title="bbox 2326 3089 2524 3145">
     <span class='ocr_line' id='line_1_76' title="bbox 2326 3089 2524 3145; baseline -0.005 -1"><span class='ocrx_word' id='word_1_470' title='bbox 2326 3089 2524 3145; x_wconf 79' lang='grc' dir='ltr'>ταῦτα.</span> 
     </span>
    </p>
   </div>
   <div class='ocr_carea' id='block_1_77' title="bbox 2409 3178 2802 3246">
    <p class='ocr_par' dir='ltr' id='par_1_77' title="bbox 2409 3178 2802 3246">
     <span class='ocr_line' id='line_1_77' title="bbox 2409 3178 2802 3246; baseline -0.015 -10"><span class='ocrx_word' id='word_1_471' title='bbox 2409 3179 2568 3237; x_wconf 81' lang='grc' dir='ltr'>Ἰδοὺ</span> <span class='ocrx_word' id='word_1_472' title='bbox 2595 3178 2802 3246; x_wconf 71' lang='grc' dir='ltr'>ὄχλος.</span> 
     </span>
    </p>
   </div>
   <div class='ocr_carea' id='block_1_78' title="bbox 2403 3255 3908 3341">
    <p class='ocr_par' dir='ltr' id='par_1_78' title="bbox 2403 3255 3908 3341">
     <span class='ocr_line' id='line_1_78' title="bbox 2403 3255 3908 3341; baseline -0.012 -15"><span class='ocrx_word' id='word_1_473' title='bbox 2403 3272 2476 3326; x_wconf 75' lang='grc' dir='ltr'><strong>Οὐ</strong></span> <span class='ocrx_word' id='word_1_474' title='bbox 2512 3271 2687 3341; x_wconf 78' lang='grc' dir='ltr'>τολμᾷ</span> <span class='ocrx_word' id='word_1_475' title='bbox 2731 3268 2791 3321; x_wconf 84' lang='grc' dir='ltr'><strong>τδ</strong></span> <span class='ocrx_word' id='word_1_476' title='bbox 2819 3263 3005 3320; x_wconf 71' lang='grc' dir='ltr'>λοιπὸν</span> <span class='ocrx_word' id='word_1_477' title='bbox 3041 3264 3288 3334; x_wconf 79' lang='grc' dir='ltr'>αἰτῆσαι,</span> <span class='ocrx_word' id='word_1_478' title='bbox 3325 3259 3441 3314; x_wconf 86' lang='grc' dir='ltr'>ἀλλ’</span> <span class='ocrx_word' id='word_1_479' title='bbox 3497 3255 3908 3328; x_wconf 77' lang='grc' dir='ltr'>ἀναμιμνήσκει</span> 
     </span>
    </p>
   </div>
   <div class='ocr_carea' id='block_1_79' title="bbox 2330 3345 3912 3432">
    <p class='ocr_par' dir='ltr' id='par_1_79' title="bbox 2330 3345 3912 3432">
     <span class='ocr_line' id='line_1_79' title="bbox 2330 3345 3912 3432; baseline -0.011 -15"><span class='ocrx_word' id='word_1_480' title='bbox 2330 3363 2440 3417; x_wconf 84' lang='grc' dir='ltr'><strong>τῶν</strong></span> <span class='ocrx_word' id='word_1_481' title='bbox 2470 3362 2756 3432; x_wconf 83' lang='grc' dir='ltr'>προτέρων</span> <span class='ocrx_word' id='word_1_482' title='bbox 2787 3357 2928 3428; x_wconf 78' lang='grc' dir='ltr'>ὑπὲρ</span> <span class='ocrx_word' id='word_1_483' title='bbox 2956 3354 3052 3409; x_wconf 80' lang='grc' dir='ltr'>τοῦ</span> <span class='ocrx_word' id='word_1_484' title='bbox 3095 3351 3230 3408; x_wconf 78' lang='grc' dir='ltr'>λαοῦ</span> <span class='ocrx_word' id='word_1_485' title='bbox 3277 3351 3610 3422; x_wconf 73' lang='grc' dir='ltr'>γενομένων.</span> <span class='ocrx_word' id='word_1_486' title='bbox 3659 3349 3779 3410; x_wconf 76' lang='grc' dir='ltr'><strong>Οὐκ</strong></span> <span class='ocrx_word' id='word_1_487' title='bbox 3803 3345 3912 3417; x_wconf 76' lang='grc' dir='ltr'>ῑχω</span> 
     </span>
    </p>
   </div>
   <div class='ocr_carea' id='block_1_80' title="bbox 2332 3437 3911 3516">
    <p class='ocr_par' dir='ltr' id='par_1_80' title="bbox 2332 3437 3911 3516">
     <span class='ocr_line' id='line_1_80' title="bbox 2332 3437 3911 3516; baseline -0.01 -9"><span class='ocrx_word' id='word_1_488' title='bbox 2332 3454 2383 3507; x_wconf 88' lang='grc' dir='ltr'><strong>τί</strong></span> <span class='ocrx_word' id='word_1_489' title='bbox 2413 3453 2589 3508; x_wconf 75' lang='grc' dir='ltr'>εἴπω·</span> <span class='ocrx_word' id='word_1_490' title='bbox 2626 3449 2764 3503; x_wconf 81' lang='grc' dir='ltr'><strong>ἀλλά</strong></span> <span class='ocrx_word' id='word_1_491' title='bbox 2804 3447 2866 3501; x_wconf 79' lang='grc' dir='ltr'>τὸ</span> <span class='ocrx_word' id='word_1_492' title='bbox 2912 3443 3208 3516; x_wconf 73' lang='grc' dir='ltr'>ἐπιταχθὲν</span> <span class='ocrx_word' id='word_1_493' title='bbox 3256 3443 3514 3513; x_wconf 69' lang='grc' dir='ltr'>ἐποίησα,</span> <span class='ocrx_word' id='word_1_494' title='bbox 3566 3438 3658 3493; x_wconf 81' lang='grc' dir='ltr'><strong>καί</strong></span> <span class='ocrx_word' id='word_1_495' title='bbox 3687 3455 3774 3492; x_wconf 87' lang='grc' dir='ltr'><strong>τοι</strong></span> <span class='ocrx_word' id='word_1_496' title='bbox 3815 3437 3911 3508; x_wconf 83' lang='grc' dir='ltr'>τῆς</span> 
     </span>
    </p>
   </div>
   <div class='ocr_carea' id='block_1_81' title="bbox 2331 3541 2827 3609">
    <p class='ocr_par' dir='ltr' id='par_1_81' title="bbox 2331 3541 2827 3609">
     <span class='ocr_line' id='line_1_81' title="bbox 2331 3541 2827 3609; baseline -0.002 -13"><span class='ocrx_word' id='word_1_497' title='bbox 2331 3543 2540 3606; x_wconf 81' lang='grc' dir='ltr'>πόλεως</span> <span class='ocrx_word' id='word_1_498' title='bbox 2568 3541 2827 3609; x_wconf 75' lang='grc' dir='ltr'>ἁλούσης.</span> 
     </span>
    </p>
   </div>
   <div class='ocr_carea' id='block_1_82' title="bbox 2406 3621 3908 3702">
    <p class='ocr_par' dir='ltr' id='par_1_82' title="bbox 2406 3621 3908 3702">
     <span class='ocr_line' id='line_1_82' title="bbox 2406 3621 3908 3702; baseline -0.009 -14"><span class='ocrx_word' id='word_1_499' title='bbox 2406 3638 2420 3655; x_wconf 84' lang='grc'><strong><em>⁸</em></strong></span> <span class='ocrx_word' id='word_1_500' title='bbox 2457 3633 2567 3689; x_wconf 75' lang='grc' dir='ltr'><strong>Καὶ</strong></span> <span class='ocrx_word' id='word_1_501' title='bbox 2612 3632 2850 3702; x_wconf 74' lang='grc' dir='ltr'>ἐγένετο</span> <span class='ocrx_word' id='word_1_502' title='bbox 2885 3631 3070 3698; x_wconf 69' lang='grc' dir='ltr'>λόγος</span> <span class='ocrx_word' id='word_1_503' title='bbox 3103 3627 3328 3696; x_wconf 80' lang='grc' dir='ltr'>Κυρίου</span> <span class='ocrx_word' id='word_1_504' title='bbox 3371 3625 3522 3695; x_wconf 77' lang='grc' dir='ltr'>πρός</span> <span class='ocrx_word' id='word_1_505' title='bbox 3569 3640 3646 3694; x_wconf 77' lang='grc' dir='ltr'><strong>με</strong></span> <span class='ocrx_word' id='word_1_506' title='bbox 3683 3621 3908 3692; x_wconf 71' lang='grc' dir='ltr'>λέγων·</span> 
     </span>
    </p>
   </div>
   <div class='ocr_carea' id='block_1_83' title="bbox 2346 3710 3913 3793">
    <p class='ocr_par' dir='ltr' id='par_1_83' title="bbox 2346 3710 3913 3793">
     <span class='ocr_line' id='line_1_83' title="bbox 2346 3710 3913 3793; baseline -0.008 -16"><span class='ocrx_word' id='word_1_507' title='bbox 2346 3721 2492 3793; x_wconf 58' lang='grc' dir='ltr'><strong>Ἐγὼ</strong></span> <span class='ocrx_word' id='word_1_508' title='bbox 2517 3721 2729 3790; x_wconf 82' lang='grc' dir='ltr'>Κύριος</span> <span class='ocrx_word' id='word_1_509' title='bbox 2760 3723 2793 3773; x_wconf 86' lang='grc' dir='ltr'><em>ὀ</em></span> <span class='ocrx_word' id='word_1_510' title='bbox 2823 3718 2967 3784; x_wconf 83' lang='grc' dir='ltr'><strong>Θεὸς</strong></span> <span class='ocrx_word' id='word_1_511' title='bbox 2991 3715 3196 3785; x_wconf 77' lang='grc' dir='ltr'>πάσης</span> <span class='ocrx_word' id='word_1_512' title='bbox 3220 3713 3466 3784; x_wconf 84' lang='grc' dir='ltr'>σαρκὸς.</span> <span class='ocrx_word' id='word_1_513' title='bbox 3507 3711 3594 3783; x_wconf 77' lang='grc' dir='ltr'>μὴ</span> <span class='ocrx_word' id='word_1_514' title='bbox 3635 3712 3738 3767; x_wconf 74' lang='grc' dir='ltr'><strong>ἀπ’</strong></span> <span class='ocrx_word' id='word_1_515' title='bbox 3767 3710 3913 3783; x_wconf 76' lang='grc' dir='ltr'>ἐμοῦ</span> 
     </span>
    </p>
   </div>
   <div class='ocr_carea' id='block_1_84' title="bbox 2333 3809 3076 3883">
    <p class='ocr_par' dir='ltr' id='par_1_84' title="bbox 2333 3809 3076 3883">
     <span class='ocr_line' id='line_1_84' title="bbox 2333 3809 3076 3883; baseline -0.009 -14"><span class='ocrx_word' id='word_1_516' title='bbox 2333 3812 2696 3883; x_wconf 77' lang='grc' dir='ltr'>κρυϐήσεται</span> <span class='ocrx_word' id='word_1_517' title='bbox 2722 3809 2842 3876; x_wconf 79' lang='grc' dir='ltr'>πᾶς</span> <span class='ocrx_word' id='word_1_518' title='bbox 2868 3811 3076 3880; x_wconf 68' lang='grc' dir='ltr'>λόγος.</span> 
     </span>
    </p>
   </div>
   <div class='ocr_carea' id='block_1_85' title="bbox 2406 3895 3914 3974">
    <p class='ocr_par' dir='ltr' id='par_1_85' title="bbox 2406 3895 3914 3974">
     <span class='ocr_line' id='line_1_85' title="bbox 2406 3895 3914 3974; baseline -0.006 -16"><span class='ocrx_word' id='word_1_519' title='bbox 2406 3903 2539 3958; x_wconf 77' lang='grc' dir='ltr'>Εἶτα</span> <span class='ocrx_word' id='word_1_520' title='bbox 2592 3902 2852 3974; x_wconf 78' lang='grc' dir='ltr'>προλέγει</span> <span class='ocrx_word' id='word_1_521' title='bbox 2898 3901 2997 3971; x_wconf 85' lang='grc' dir='ltr'><strong>τῆς</strong></span> <span class='ocrx_word' id='word_1_522' title='bbox 3041 3900 3252 3962; x_wconf 82' lang='grc' dir='ltr'>πόλεως</span> <span class='ocrx_word' id='word_1_523' title='bbox 3281 3897 3379 3970; x_wconf 80' lang='grc' dir='ltr'>τὴν</span> <span class='ocrx_word' id='word_1_524' title='bbox 3413 3897 3642 3963; x_wconf 71' lang='grc' dir='ltr'>ἂλωσιν,</span> <span class='ocrx_word' id='word_1_525' title='bbox 3672 3895 3770 3951; x_wconf 82' lang='grc' dir='ltr'>καὶ</span> <span class='ocrx_word' id='word_1_526' title='bbox 3815 3895 3914 3968; x_wconf 78' lang='grc' dir='ltr'>τὴν</span> 
     </span>
    </p>
   </div>
   <div class='ocr_carea' id='block_1_86' title="bbox 2335 3990 3913 4068">
    <p class='ocr_par' dir='ltr' id='par_1_86' title="bbox 2335 3990 3913 4068">
     <span class='ocr_line' id='line_1_86' title="bbox 2335 3990 3913 4068; baseline -0.008 -14"><span class='ocrx_word' id='word_1_527' title='bbox 2335 3997 2632 4068; x_wconf 71' lang='grc' dir='ltr'>ἀνάκλησιν</span> <span class='ocrx_word' id='word_1_528' title='bbox 2667 3995 2864 4064; x_wconf 72' lang='grc' dir='ltr'>ἐπάγει</span> <span class='ocrx_word' id='word_1_529' title='bbox 2882 4010 2898 4025; x_wconf 94' lang='grc'><strong>⁸</strong></span> <span class='ocrx_word' id='word_1_530' title='bbox 2926 3992 3085 4047; x_wconf 80' lang='grc' dir='ltr'>τοῦτο</span> <span class='ocrx_word' id='word_1_531' title='bbox 3117 3991 3291 4060; x_wconf 78' lang='grc' dir='ltr'>λέγων</span> <span class='ocrx_word' id='word_1_532' title='bbox 3322 3990 3460 4062; x_wconf 75' lang='grc' dir='ltr'>πρὸς</span> <span class='ocrx_word' id='word_1_533' title='bbox 3487 3990 3580 4044; x_wconf 76' lang='grc' dir='ltr'><strong>τὸν</strong></span> <span class='ocrx_word' id='word_1_534' title='bbox 3606 3991 3913 4061; x_wconf 75' lang='grc' dir='ltr'>προφήτην.</span> 
     </span>
    </p>
   </div>
   <div class='ocr_carea' id='block_1_87' title="bbox 2335 4079 3910 4157">
    <p class='ocr_par' dir='ltr' id='par_1_87' title="bbox 2335 4079 3910 4157">
     <span class='ocr_line' id='line_1_87' title="bbox 2335 4079 3910 4157; baseline -0.007 -13"><span class='ocrx_word' id='word_1_535' title='bbox 2335 4091 2416 4144; x_wconf 83' lang='grc' dir='ltr'>ὅτι</span> <span class='ocrx_word' id='word_1_536' title='bbox 2446 4089 2641 4157; x_wconf 83' lang='grc' dir='ltr'>Μάτην</span> <span class='ocrx_word' id='word_1_537' title='bbox 2673 4087 2754 4149; x_wconf 85' lang='grc' dir='ltr'><strong>είς</strong></span> <span class='ocrx_word' id='word_1_538' title='bbox 2783 4086 2941 4139; x_wconf 85' lang='grc' dir='ltr'>ἀνίαν</span> <span class='ocrx_word' id='word_1_539' title='bbox 2967 4084 3243 4152; x_wconf 80' lang='grc' dir='ltr'>κατέστης</span> <span class='ocrx_word' id='word_1_540' title='bbox 3274 4081 3576 4153; x_wconf 82' lang='grc' dir='ltr'>πριάμενος</span> <span class='ocrx_word' id='word_1_541' title='bbox 3606 4080 3698 4134; x_wconf 78' lang='grc' dir='ltr'>τὸν</span> <span class='ocrx_word' id='word_1_542' title='bbox 3723 4079 3910 4151; x_wconf 83' lang='grc' dir='ltr'>ἀγρόν.</span> 
     </span>
    </p>
   </div>
   <div class='ocr_carea' id='block_1_88' title="bbox 2348 4170 3916 4250">
    <p class='ocr_par' dir='ltr' id='par_1_88' title="bbox 2348 4170 3916 4250">
     <span class='ocr_line' id='line_1_88' title="bbox 2348 4170 3916 4250; baseline -0.006 -16"><span class='ocrx_word' id='word_1_543' title='bbox 2348 4179 2614 4250; x_wconf 55' lang='grc' dir='ltr'>’.ἀκριϐῶς</span> <span class='ocrx_word' id='word_1_544' title='bbox 2631 4177 2738 4248; x_wconf 85' lang='grc' dir='ltr'><strong>γὰρ</strong></span> <span class='ocrx_word' id='word_1_545' title='bbox 2762 4176 2831 4229; x_wconf 76' lang='grc' dir='ltr'><strong>τὰ</strong></span> <span class='ocrx_word' id='word_1_546' title='bbox 2859 4175 2999 4246; x_wconf 88' lang='grc' dir='ltr'><strong>μετά</strong></span> <span class='ocrx_word' id='word_1_547' title='bbox 3019 4173 3192 4227; x_wconf 81' lang='grc' dir='ltr'>ταῦτα</span> <span class='ocrx_word' id='word_1_548' title='bbox 3212 4173 3444 4243; x_wconf 68' lang='grc' dir='ltr'>ἐσόμενα</span> <span class='ocrx_word' id='word_1_549' title='bbox 3470 4171 3644 4238; x_wconf 76' lang='grc' dir='ltr'>εἰδὼς,</span> <span class='ocrx_word' id='word_1_550' title='bbox 3670 4170 3768 4242; x_wconf 80' lang='grc' dir='ltr'>τὴν</span> <span class='ocrx_word' id='word_1_551' title='bbox 3785 4170 3916 4224; x_wconf 83' lang='grc' dir='ltr'>ἀνά-</span> 
     </span>
    </p>
   </div>
   <div class='ocr_carea' id='block_1_89' title="bbox 2335 4263 3914 4339">
    <p class='ocr_par' dir='ltr' id='par_1_89' title="bbox 2335 4263 3914 4339">
     <span class='ocr_line' id='line_1_89' title="bbox 2335 4263 3914 4339; baseline -0.006 -15"><span class='ocrx_word' id='word_1_552' title='bbox 2335 4272 2527 4338; x_wconf 84' lang='grc' dir='ltr'>κλησιν</span> <span class='ocrx_word' id='word_1_553' title='bbox 2560 4268 2902 4339; x_wconf 82' lang='grc' dir='ltr'>ὑπεσχόμην.</span> <span class='ocrx_word' id='word_1_554' title='bbox 2945 4266 3179 4337; x_wconf 84' lang='grc' dir='ltr'>Σημεῖον</span> <span class='ocrx_word' id='word_1_555' title='bbox 3206 4264 3263 4316; x_wconf 80' lang='grc' dir='ltr'>δὲ</span> <span class='ocrx_word' id='word_1_556' title='bbox 3299 4263 3443 4317; x_wconf 71' lang='grc' dir='ltr'>ἔστω</span> <span class='ocrx_word' id='word_1_557' title='bbox 3480 4280 3567 4316; x_wconf 90' lang='grc' dir='ltr'><strong>σοι</strong></span> <span class='ocrx_word' id='word_1_558' title='bbox 3596 4263 3699 4332; x_wconf 86' lang='grc' dir='ltr'>τῆς</span> <span class='ocrx_word' id='word_1_559' title='bbox 3749 4264 3914 4332; x_wconf 82' lang='grc' dir='ltr'>ἀκρι-</span> 
     </span>
    </p>
   </div>
   <div class='ocr_carea' id='block_1_90' title="bbox 2337 4351 3916 4431">
    <p class='ocr_par' dir='ltr' id='par_1_90' title="bbox 2337 4351 3916 4431">
     <span class='ocr_line' id='line_1_90' title="bbox 2337 4351 3916 4431; baseline -0.007 -16"><span class='ocrx_word' id='word_1_560' title='bbox 2337 4363 2489 4425; x_wconf 77' lang='grc' dir='ltr'>ϐείας</span> <span class='ocrx_word' id='word_1_561' title='bbox 2519 4360 2614 4415; x_wconf 81' lang='grc' dir='ltr'><strong>τοῦ</strong></span> <span class='ocrx_word' id='word_1_562' title='bbox 2647 4359 2937 4431; x_wconf 83' lang='grc' dir='ltr'>μέλλοντος</span> <span class='ocrx_word' id='word_1_563' title='bbox 2969 4357 3040 4410; x_wconf 83' lang='grc' dir='ltr'><strong>τά</strong></span> <span class='ocrx_word' id='word_1_564' title='bbox 3086 4353 3330 4426; x_wconf 83' lang='grc' dir='ltr'>παρόντα</span> <span class='ocrx_word' id='word_1_565' title='bbox 3386 4353 3595 4418; x_wconf 82' lang='grc' dir='ltr'>αὐτοῖς.</span> <span class='ocrx_word' id='word_1_566' title='bbox 3664 4352 3754 4412; x_wconf 79' lang='grc' dir='ltr'>Ὠς</span> <span class='ocrx_word' id='word_1_567' title='bbox 3808 4351 3916 4420; x_wconf 73' lang='grc' dir='ltr'><strong>γὰρ</strong></span> 
     </span>
    </p>
   </div>
   <div class='ocr_carea' id='block_1_91' title="bbox 2338 4444 3911 4524">
    <p class='ocr_par' dir='ltr' id='par_1_91' title="bbox 2338 4444 3911 4524">
     <span class='ocr_line' id='line_1_91' title="bbox 2338 4444 3911 4524; baseline -0.008 -16"><span class='ocrx_word' id='word_1_568' title='bbox 2338 4455 2434 4508; x_wconf 80' lang='grc' dir='ltr'><strong>νῦν</strong></span> <span class='ocrx_word' id='word_1_569' title='bbox 2472 4453 2608 4524; x_wconf 76' lang='grc' dir='ltr'>εφην</span> <span class='ocrx_word' id='word_1_570' title='bbox 2653 4450 2962 4506; x_wconf 77' lang='grc' dir='ltr'>ἁλώσεσθαι</span> <span class='ocrx_word' id='word_1_571' title='bbox 3003 4448 3104 4520; x_wconf 79' lang='grc' dir='ltr'>τὴν</span> <span class='ocrx_word' id='word_1_572' title='bbox 3149 4446 3325 4509; x_wconf 87' lang='grc' dir='ltr'>πόλιν,</span> <span class='ocrx_word' id='word_1_573' title='bbox 3358 4448 3452 4500; x_wconf 77' lang='grc' dir='ltr'>καὶ</span> <span class='ocrx_word' id='word_1_574' title='bbox 3485 4444 3682 4515; x_wconf 80' lang='grc' dir='ltr'>γέγονε</span> <span class='ocrx_word' id='word_1_575' title='bbox 3727 4444 3911 4498; x_wconf 85' lang='grc' dir='ltr'>τοῦτο·</span> 
     </span>
    </p>
   </div>
   <div class='ocr_carea' id='block_1_92' title="bbox 664 4534 3096 4623">
    <p class='ocr_par' dir='ltr' id='par_1_92' title="bbox 664 4539 3096 4623">
     <span class='ocr_line' id='line_1_92' title="bbox 664 4539 3096 4623; baseline 0 -29"><span class='ocrx_word' id='word_1_576' title='bbox 664 4549 766 4596; x_wconf 86' lang='lat' dir='ltr'><strong>cst.</strong></span> <span class='ocrx_word' id='word_1_577' title='bbox 785 4540 884 4595; x_wconf 89' lang='lat' dir='ltr'><strong>.Sic</strong></span> <span class='ocrx_word' id='word_1_578' title='bbox 905 4552 958 4594; x_wconf 88' lang='lat' dir='ltr'><strong>et</strong></span> <span class='ocrx_word' id='word_1_579' title='bbox 976 4539 1676 4613; x_wconf 79' lang='lat' dir='ltr'><strong>revocationemannuntio,</strong></span> <span class='ocrx_word' id='word_1_580' title='bbox 1694 4545 1945 4618; x_wconf 88' lang='lat' dir='ltr'><strong>quodque</strong></span> <span class='ocrx_word' id='word_1_581' title='bbox 1960 4548 2235 4620; x_wconf 83' lang='lat' dir='ltr'><strong>polliceor.</strong></span> <span class='ocrx_word' id='word_1_582' title='bbox 2273 4567 2316 4623; x_wconf 77' lang='grc' dir='ltr'><strong>ι)</strong></span> <span class='ocrx_word' id='word_1_583' title='bbox 2343 4546 2516 4608; x_wconf 74' lang='grc' dir='ltr'>οὕτως</span> <span class='ocrx_word' id='word_1_584' title='bbox 2551 4542 2744 4614; x_wconf 80' lang='grc' dir='ltr'>μηνύω</span> <span class='ocrx_word' id='word_1_585' title='bbox 2790 4543 2884 4596; x_wconf 79' lang='grc' dir='ltr'>καὶ</span> <span class='ocrx_word' id='word_1_586' title='bbox 2933 4541 3034 4614; x_wconf 74' lang='grc' dir='ltr'>τὴν</span> <span class='ocrx_word' id='word_1_587' title='bbox 3067 4540 3096 4595; x_wconf 79' lang='grc' dir='ltr'><strong>ἀ</strong></span> 
     </span>
    </p>
   </div>
   <div class='ocr_carea' id='block_1_93' title="bbox 2280 4534 3920 4623">
    <p class='ocr_par' dir='ltr' id='par_1_93' title="bbox 2280 4534 3920 4623">
     <span class='ocr_line' id='line_1_93' title="bbox 2280 4534 3920 4623; baseline -0.007 -23"><span class='ocrx_word' id='word_1_588' title='bbox 2280 4567 2316 4623; x_wconf 74' lang='grc' dir='ltr'>ο</span> <span class='ocrx_word' id='word_1_589' title='bbox 2343 4546 2516 4608; x_wconf 74' lang='grc' dir='ltr'>οὕτως</span> <span class='ocrx_word' id='word_1_590' title='bbox 2551 4542 2744 4614; x_wconf 81' lang='grc' dir='ltr'>μηνύω</span> <span class='ocrx_word' id='word_1_591' title='bbox 2790 4543 2884 4596; x_wconf 79' lang='grc' dir='ltr'>καὶ</span> <span class='ocrx_word' id='word_1_592' title='bbox 2933 4541 3034 4614; x_wconf 74' lang='grc' dir='ltr'>τὴν</span> <span class='ocrx_word' id='word_1_593' title='bbox 3067 4539 3395 4610; x_wconf 84' lang='grc' dir='ltr'>ἀνάκλησιν,</span> <span class='ocrx_word' id='word_1_594' title='bbox 3444 4537 3540 4592; x_wconf 78' lang='grc' dir='ltr'>καὶ</span> <span class='ocrx_word' id='word_1_595' title='bbox 3565 4536 3772 4591; x_wconf 71' lang='grc' dir='ltr'>τελέσω</span> <span class='ocrx_word' id='word_1_596' title='bbox 3823 4534 3920 4604; x_wconf 69' lang='grc' dir='ltr'>τὴν</span> 
     </span>
    </p>
   </div>
   <div class='ocr_carea' id='block_1_94' title="bbox 667 4631 1179 4700">
    <p class='ocr_par' dir='ltr' id='par_1_94' title="bbox 667 4631 1179 4700">
     <span class='ocr_line' id='line_1_94' title="bbox 667 4631 1179 4700; baseline 0.008 -16"><span class='ocrx_word' id='word_1_597' title='bbox 667 4644 726 4684; x_wconf 87' lang='lat' dir='ltr'><strong>re</strong></span> <span class='ocrx_word' id='word_1_598' title='bbox 760 4631 871 4700; x_wconf 84' lang='lat' dir='ltr'><strong>ipsa</strong></span> <span class='ocrx_word' id='word_1_599' title='bbox 897 4634 1179 4700; x_wconf 69' lang='lat' dir='ltr'><strong>praestabo.</strong></span> 
     </span>
    </p>
   </div>
   <div class='ocr_carea' id='block_1_95' title="bbox 740 4719 1472 4793">
    <p class='ocr_par' dir='ltr' id='par_1_95' title="bbox 740 4719 1472 4793">
     <span class='ocr_line' id='line_1_95' title="bbox 740 4719 1472 4793; baseline 0.012 -21"><span class='ocrx_word' id='word_1_600' title='bbox 740 4719 901 4774; x_wconf 75' lang='lat' dir='ltr'><strong>Vsus.</strong></span> <span class='ocrx_word' id='word_1_601' title='bbox 924 4721 1016 4775; x_wconf 72' lang='lat'><strong>27.</strong></span> <span class='ocrx_word' id='word_1_602' title='bbox 1055 4719 1168 4793; x_wconf 84' lang='lat' dir='ltr'><strong>Ego</strong></span> <span class='ocrx_word' id='word_1_603' title='bbox 1196 4723 1472 4781; x_wconf 79' lang='lat' dir='ltr'><strong>Dominus.</strong></span> 
     </span>
    </p>
   </div>
   <div class='ocr_carea' id='block_1_96' title="bbox 737 4810 2244 4890">
    <p class='ocr_par' dir='ltr' id='par_1_96' title="bbox 737 4810 2244 4890">
     <span class='ocr_line' id='line_1_96' title="bbox 737 4810 2244 4890; baseline 0.008 -25"><span class='ocrx_word' id='word_1_604' title='bbox 737 4810 925 4875; x_wconf 80' lang='lat' dir='ltr'><strong>Vides,</strong></span> <span class='ocrx_word' id='word_1_605' title='bbox 957 4814 1057 4869; x_wconf 81' lang='lat' dir='ltr'><strong>hoc</strong></span> <span class='ocrx_word' id='word_1_606' title='bbox 1106 4830 1229 4872; x_wconf 83' lang='lat' dir='ltr'><strong>esse</strong></span> <span class='ocrx_word' id='word_1_607' title='bbox 1261 4819 1402 4887; x_wconf 87' lang='lat' dir='ltr'><strong>quod</strong></span> <span class='ocrx_word' id='word_1_608' title='bbox 1437 4818 1525 4875; x_wconf 90' lang='lat' dir='ltr'><strong>ille</strong></span> <span class='ocrx_word' id='word_1_609' title='bbox 1562 4822 1801 4890; x_wconf 89' lang='lat' dir='ltr'><strong>petebat,</strong></span> <span class='ocrx_word' id='word_1_610' title='bbox 1833 4837 1903 4878; x_wconf 88' lang='lat' dir='ltr'><strong>ne</strong></span> <span class='ocrx_word' id='word_1_611' title='bbox 1934 4823 2066 4878; x_wconf 89' lang='lat' dir='ltr'><strong>urbs</strong></span> <span class='ocrx_word' id='word_1_612' title='bbox 2132 4831 2244 4877; x_wconf 74' lang='lat' dir='ltr'><strong>tra-</strong></span> 
     </span>
    </p>
   </div>
   <div class='ocr_carea' id='block_1_97' title="bbox 667 4901 2243 4982">
    <p class='ocr_par' dir='ltr' id='par_1_97' title="bbox 667 4901 2243 4982">
     <span class='ocr_line' id='line_1_97' title="bbox 667 4901 2243 4982; baseline 0.008 -27"><span class='ocrx_word' id='word_1_613' title='bbox 667 4901 924 4957; x_wconf 80' lang='lat' dir='ltr'><strong>deretur?</strong></span> <span class='ocrx_word' id='word_1_614' title='bbox 948 4905 1019 4959; x_wconf 86' lang='lat' dir='ltr'><strong>At</strong></span> <span class='ocrx_word' id='word_1_615' title='bbox 1051 4904 1140 4961; x_wconf 86' lang='lat' dir='ltr'><strong>ille</strong></span> <span class='ocrx_word' id='word_1_616' title='bbox 1171 4906 1332 4961; x_wconf 89' lang='lat' dir='ltr'><strong>veluti</strong></span> <span class='ocrx_word' id='word_1_617' title='bbox 1367 4923 1428 4963; x_wconf 91' lang='lat' dir='ltr'><strong>se</strong></span> <span class='ocrx_word' id='word_1_618' title='bbox 1461 4924 1762 4979; x_wconf 77' lang='lat' dir='ltr'><strong>excusans,</strong></span> <span class='ocrx_word' id='word_1_619' title='bbox 1793 4912 2110 4982; x_wconf 82' lang='lat' dir='ltr'><strong>iniquitates</strong></span> <span class='ocrx_word' id='word_1_620' title='bbox 2159 4915 2243 4968; x_wconf 86' lang='lat' dir='ltr'><strong>lo-</strong></span> 
     </span>
    </p>
   </div>
   <div class='ocr_carea' id='block_1_98' title="bbox 669 4995 2244 5076">
    <p class='ocr_par' dir='ltr' id='par_1_98' title="bbox 669 4995 2244 5076">
     <span class='ocr_line' id='line_1_98' title="bbox 669 4995 2244 5076; baseline 0.006 -26"><span class='ocrx_word' id='word_1_621' title='bbox 669 5010 854 5051; x_wconf 82' lang='lat' dir='ltr'><strong>corum</strong></span> <span class='ocrx_word' id='word_1_622' title='bbox 879 4995 987 5067; x_wconf 85' lang='lat' dir='ltr'><strong>igni</strong></span> <span class='ocrx_word' id='word_1_623' title='bbox 1021 4997 1411 5055; x_wconf 86' lang='lat' dir='ltr'><strong>tradendorum</strong></span> <span class='ocrx_word' id='word_1_624' title='bbox 1437 5041 1452 5068; x_wconf 95' lang='lat'><strong>,</strong></span> <span class='ocrx_word' id='word_1_625' title='bbox 1490 5017 1816 5075; x_wconf 86' lang='lat' dir='ltr'><strong>causamque</strong></span> <span class='ocrx_word' id='word_1_626' title='bbox 1864 5005 2244 5076; x_wconf 82' lang='lat' dir='ltr'><strong>prosequitur.</strong></span> 
     </span>
    </p>
   </div>
   <div class='ocr_carea' id='block_1_99' title="bbox 746 5174 1467 5252">
    <p class='ocr_par' dir='ltr' id='par_1_99' title="bbox 746 5174 1467 5252">
     <span class='ocr_line' id='line_1_99' title="bbox 746 5174 1467 5252; baseline 0.006 -19"><span class='ocrx_word' id='word_1_627' title='bbox 746 5174 907 5234; x_wconf 75' lang='lat' dir='ltr'><strong>Vitas.</strong></span> <span class='ocrx_word' id='word_1_628' title='bbox 941 5178 1030 5234; x_wconf 75' lang='lat'><strong>30.</strong></span> <span class='ocrx_word' id='word_1_629' title='bbox 1062 5184 1201 5248; x_wconf 73' lang='lat' dir='ltr'><strong>Quia</strong></span> <span class='ocrx_word' id='word_1_630' title='bbox 1232 5181 1467 5252; x_wconf 75' lang='lat' dir='ltr'><strong>fuerunt.</strong></span> 
     </span>
    </p>
   </div>
   <div class='ocr_carea' id='block_1_100' title="bbox 743 5269 2248 5350">
    <p class='ocr_par' dir='ltr' id='par_1_100' title="bbox 743 5269 2248 5350">
     <span class='ocr_line' id='line_1_100' title="bbox 743 5269 2248 5350; baseline 0.008 -27"><span class='ocrx_word' id='word_1_631' title='bbox 743 5269 856 5336; x_wconf 89' lang='lat' dir='ltr'><strong>illa,</strong></span> <span class='ocrx_word' id='word_1_632' title='bbox 887 5269 982 5334; x_wconf 89' lang='lat' dir='ltr'><strong>ait,</strong></span> <span class='ocrx_word' id='word_1_633' title='bbox 1022 5287 1142 5341; x_wconf 68' lang='lat' dir='ltr'><strong>quae</strong></span> <span class='ocrx_word' id='word_1_634' title='bbox 1169 5275 1235 5328; x_wconf 83' lang='lat' dir='ltr'><strong>ad</strong></span> <span class='ocrx_word' id='word_1_635' title='bbox 1265 5290 1351 5330; x_wconf 89' lang='lat' dir='ltr'><strong>me</strong></span> <span class='ocrx_word' id='word_1_636' title='bbox 1379 5275 1716 5350; x_wconf 85' lang='lat' dir='ltr'><strong>spectabant,</strong></span> <span class='ocrx_word' id='word_1_637' title='bbox 1743 5275 1844 5333; x_wconf 78' lang='lat' dir='ltr'><strong>feci</strong></span> <span class='ocrx_word' id='word_1_638' title='bbox 1866 5316 1883 5344; x_wconf 93' lang='lat'><strong>,</strong></span> <span class='ocrx_word' id='word_1_639' title='bbox 1912 5278 2096 5346; x_wconf 90' lang='lat' dir='ltr'><strong>docui,</strong></span> <span class='ocrx_word' id='word_1_640' title='bbox 2122 5295 2248 5335; x_wconf 89' lang='lat' dir='ltr'><strong>eru-</strong></span> 
     </span>
    </p>
   </div>
   <div class='ocr_carea' id='block_1_101' title="bbox 673 5362 2246 5438">
    <p class='ocr_par' dir='ltr' id='par_1_101' title="bbox 673 5362 2246 5438">
     <span class='ocr_line' id='line_1_101' title="bbox 673 5362 2246 5438; baseline 0.006 -21"><span class='ocrx_word' id='word_1_641' title='bbox 673 5362 804 5418; x_wconf 89' lang='lat' dir='ltr'><strong>divi.</strong></span> <span class='ocrx_word' id='word_1_642' title='bbox 839 5364 908 5417; x_wconf 80' lang='lat' dir='ltr'><strong>At</strong></span> <span class='ocrx_word' id='word_1_643' title='bbox 940 5363 1014 5417; x_wconf 91' lang='lat' dir='ltr'><strong>illi</strong></span> <span class='ocrx_word' id='word_1_644' title='bbox 1047 5364 1100 5418; x_wconf 91' lang='lat' dir='ltr'><strong>in</strong></span> <span class='ocrx_word' id='word_1_645' title='bbox 1138 5367 1398 5420; x_wconf 85' lang='lat' dir='ltr'><strong>malitiam</strong></span> <span class='ocrx_word' id='word_1_646' title='bbox 1434 5368 1567 5438; x_wconf 85' lang='lat' dir='ltr'><strong>lapsi</strong></span> <span class='ocrx_word' id='word_1_647' title='bbox 1602 5380 1749 5424; x_wconf 82' lang='lat' dir='ltr'><strong>sunt.</strong></span> <span class='ocrx_word' id='word_1_648' title='bbox 1781 5372 2151 5427; x_wconf 86' lang='lat' dir='ltr'><strong>Ostenderunt</strong></span> <span class='ocrx_word' id='word_1_649' title='bbox 2185 5385 2246 5427; x_wconf 87' lang='lat' dir='ltr'><strong>se</strong></span> 
     </span>
    </p>
   </div>
   <div class='ocr_carea' id='block_1_102' title="bbox 678 5454 2243 5527">
    <p class='ocr_par' dir='ltr' id='par_1_102' title="bbox 678 5454 2243 5527">
     <span class='ocr_line' id='line_1_102' title="bbox 678 5454 2243 5527; baseline 0.008 -21"><span class='ocrx_word' id='word_1_650' title='bbox 678 5454 827 5523; x_wconf 76' lang='grc' dir='ltr'>(ιιιιεί</span> <span class='ocrx_word' id='word_1_651' title='bbox 860 5455 1207 5517; x_wconf 68' lang='grc' dir='ltr'>αιωυιιιιίοηε</span> <span class='ocrx_word' id='word_1_652' title='bbox 1234 5458 1468 5526; x_wconf 85' lang='lat' dir='ltr'><strong>quadam</strong></span> <span class='ocrx_word' id='word_1_653' title='bbox 1504 5460 1620 5515; x_wconf 73' lang='lat' dir='ltr'><strong>inec</strong></span> <span class='ocrx_word' id='word_1_654' title='bbox 1652 5460 1871 5527; x_wconf 81' lang='lat' dir='ltr'><strong>iecisse,</strong></span> <span class='ocrx_word' id='word_1_655' title='bbox 1900 5479 2023 5518; x_wconf 85' lang='lat' dir='ltr'><strong>aras</strong></span> <span class='ocrx_word' id='word_1_656' title='bbox 2050 5478 2243 5520; x_wconf 81' lang='lat' dir='ltr'><strong>erexe-</strong></span> 
     </span>
    </p>
   </div>
   <div class='ocr_carea' id='block_1_103' title="bbox 679 5548 2246 5634">
    <p class='ocr_par' dir='ltr' id='par_1_103' title="bbox 679 5548 2246 5634">
     <span class='ocr_line' id='line_1_103' title="bbox 679 5548 2246 5634; baseline 0.004 -33"><span class='ocrx_word' id='word_1_657' title='bbox 679 5557 802 5601; x_wconf 81' lang='lat' dir='ltr'><strong>runt</strong></span> <span class='ocrx_word' id='word_1_658' title='bbox 839 5548 894 5602; x_wconf 85' lang='lat' dir='ltr'><strong>in</strong></span> <span class='ocrx_word' id='word_1_659' title='bbox 947 5549 1145 5619; x_wconf 86' lang='lat' dir='ltr'><strong>templo</strong></span> <span class='ocrx_word' id='word_1_660' title='bbox 1183 5565 1339 5617; x_wconf 89' lang='lat' dir='ltr'><strong>meo;</strong></span> <span class='ocrx_word' id='word_1_661' title='bbox 1386 5561 1442 5606; x_wconf 87' lang='lat' dir='ltr'><strong>et</strong></span> <span class='ocrx_word' id='word_1_662' title='bbox 1483 5561 1681 5608; x_wconf 62' lang='lat' dir='ltr'><strong>cetera</strong></span> <span class='ocrx_word' id='word_1_663' title='bbox 1728 5555 1910 5634; x_wconf 87' lang='lat' dir='ltr'><strong>omnia</strong></span> <span class='ocrx_word' id='word_1_664' title='bbox 1952 5556 2246 5621; x_wconf 84' lang='lat' dir='ltr'><strong>audebant,</strong></span> 
     </span>
    </p>
   </div>
   <div class='ocr_carea' id='block_1_104' title="bbox 676 5639 2250 5718">
    <p class='ocr_par' dir='ltr' id='par_1_104' title="bbox 676 5639 2250 5718">
     <span class='ocr_line' id='line_1_104' title="bbox 676 5639 2250 5718; baseline 0.008 -28"><span class='ocrx_word' id='word_1_665' title='bbox 676 5647 730 5690; x_wconf 89' lang='lat' dir='ltr'><strong>ct</strong></span> <span class='ocrx_word' id='word_1_666' title='bbox 774 5639 922 5700; x_wconf 77' lang='lat' dir='ltr'><strong>lilios-</strong></span> <span class='ocrx_word' id='word_1_667' title='bbox 943 5642 1380 5711; x_wconf 89' lang='lat' dir='ltr'><strong>combusscrunt,</strong></span> <span class='ocrx_word' id='word_1_668' title='bbox 1431 5653 1485 5698; x_wconf 88' lang='lat' dir='ltr'><strong>et</strong></span> <span class='ocrx_word' id='word_1_669' title='bbox 1531 5653 1779 5700; x_wconf 84' lang='lat' dir='ltr'><strong>naturam</strong></span> <span class='ocrx_word' id='word_1_670' title='bbox 1824 5645 1997 5716; x_wconf 87' lang='lat' dir='ltr'><strong>ipsam</strong></span> <span class='ocrx_word' id='word_1_671' title='bbox 2032 5647 2250 5718; x_wconf 80' lang='lat' dir='ltr'><strong>ignora-</strong></span> 
     </span>
    </p>
   </div>
   <div class='ocr_carea' id='block_1_105' title="bbox 680 5739 824 5783">
    <p class='ocr_par' dir='ltr' id='par_1_105' title="bbox 680 5739 824 5783">
     <span class='ocr_line' id='line_1_105' title="bbox 680 5739 824 5783; baseline -0.007 0"><span class='ocrx_word' id='word_1_672' title='bbox 680 5739 824 5783; x_wconf 64' lang='lat' dir='ltr'><strong>&quot;IIII.</strong></span> 
     </span>
    </p>
   </div>
   <div class='ocr_carea' id='block_1_106' title="bbox 750 5819 1866 5886">
    <p class='ocr_par' dir='ltr' id='par_1_106' title="bbox 750 5819 1866 5886">
     <span class='ocr_line' id='line_1_106' title="bbox 750 5819 1866 5886; baseline 0.01 -11"><span class='ocrx_word' id='word_1_673' title='bbox 750 5819 913 5879; x_wconf 74' lang='lat' dir='ltr'><strong>Vsus.</strong></span> <span class='ocrx_word' id='word_1_674' title='bbox 946 5825 1032 5881; x_wconf 82' lang='lat'><strong>56.</strong></span> <span class='ocrx_word' id='word_1_675' title='bbox 1071 5823 1134 5881; x_wconf 84' lang='lat' dir='ltr'><strong>Et</strong></span> <span class='ocrx_word' id='word_1_676' title='bbox 1165 5845 1298 5884; x_wconf 83' lang='lat' dir='ltr'><strong>nunc</strong></span> <span class='ocrx_word' id='word_1_677' title='bbox 1324 5831 1399 5884; x_wconf 73' lang='lat' dir='ltr'><strong>sic</strong></span> <span class='ocrx_word' id='word_1_678' title='bbox 1423 5830 1558 5885; x_wconf 72' lang='lat' dir='ltr'><strong>dixit</strong></span> <span class='ocrx_word' id='word_1_679' title='bbox 1586 5829 1866 5886; x_wconf 72' lang='lat' dir='ltr'><strong>Dominus.</strong></span> 
     </span>
    </p>
   </div>
   <div class='ocr_carea' id='block_1_107' title="bbox 2345 4638 2660 4707">
    <p class='ocr_par' dir='ltr' id='par_1_107' title="bbox 2345 4638 2660 4707">
     <span class='ocr_line' id='line_1_107' title="bbox 2345 4638 2660 4707; baseline -0.01 -15"><span class='ocrx_word' id='word_1_680' title='bbox 2345 4638 2660 4707; x_wconf 80' lang='grc' dir='ltr'>ὑπόσχεσιν.</span> 
     </span>
    </p>
   </div>
   <div class='ocr_carea' id='block_1_108' title="bbox 2414 4729 2824 4798">
    <p class='ocr_par' dir='ltr' id='par_1_108' title="bbox 2414 4729 2824 4798">
     <span class='ocr_line' id='line_1_108' title="bbox 2414 4729 2824 4798; baseline -0.007 -15"><span class='ocrx_word' id='word_1_681' title='bbox 2414 4729 2564 4798; x_wconf 78' lang='grc' dir='ltr'><strong>Ἐγὼ</strong></span> <span class='ocrx_word' id='word_1_682' title='bbox 2582 4729 2824 4797; x_wconf 76' lang='grc' dir='ltr'>Κύριος.</span> 
     </span>
    </p>
   </div>
   <div class='ocr_carea' id='block_1_109' title="bbox 2426 4810 3919 4891">
    <p class='ocr_par' dir='ltr' id='par_1_109' title="bbox 2426 4810 3919 4891">
     <span class='ocr_line' id='line_1_109' title="bbox 2426 4810 3919 4891; baseline -0.005 -18"><span class='ocrx_word' id='word_1_683' title='bbox 2426 4819 2610 4891; x_wconf 79' lang='grc' dir='ltr'>Ὁρᾷς,</span> <span class='ocrx_word' id='word_1_684' title='bbox 2636 4821 2719 4873; x_wconf 82' lang='grc' dir='ltr'>ὅτι</span> <span class='ocrx_word' id='word_1_685' title='bbox 2765 4817 2928 4873; x_wconf 82' lang='grc' dir='ltr'>τοῦτο</span> <span class='ocrx_word' id='word_1_686' title='bbox 2955 4814 3119 4871; x_wconf 72' lang='grc' dir='ltr'>αὑτὸν</span> <span class='ocrx_word' id='word_1_687' title='bbox 3145 4812 3320 4886; x_wconf 72' lang='grc' dir='ltr'>ἠξίου,</span> <span class='ocrx_word' id='word_1_688' title='bbox 3361 4813 3502 4879; x_wconf 71' lang='grc' dir='ltr'>ὥστε</span> <span class='ocrx_word' id='word_1_689' title='bbox 3539 4812 3617 4885; x_wconf 75' lang='grc' dir='ltr'>μὴ</span> <span class='ocrx_word' id='word_1_690' title='bbox 3651 4810 3919 4883; x_wconf 79' lang='grc' dir='ltr'>παραδοῦ-</span> 
     </span>
    </p>
   </div>
   <div class='ocr_carea' id='block_1_110' title="bbox 2343 4903 3922 4984">
    <p class='ocr_par' dir='ltr' id='par_1_110' title="bbox 2343 4903 3922 4984">
     <span class='ocr_line' id='line_1_110' title="bbox 2343 4903 3922 4984; baseline -0.006 -18"><span class='ocrx_word' id='word_1_691' title='bbox 2343 4931 2434 4968; x_wconf 85' lang='grc' dir='ltr'><strong>ναι</strong></span> <span class='ocrx_word' id='word_1_692' title='bbox 2462 4912 2559 4984; x_wconf 76' lang='grc' dir='ltr'>τὴν</span> <span class='ocrx_word' id='word_1_693' title='bbox 2578 4912 2732 4965; x_wconf 88' lang='grc' dir='ltr'>πόλιν</span> <span class='ocrx_word' id='word_1_694' title='bbox 2755 4928 2772 4977; x_wconf 90' lang='lat'><strong>;</strong></span> <span class='ocrx_word' id='word_1_695' title='bbox 2803 4911 2832 4964; x_wconf 85' lang='grc' dir='ltr'>ὁ</span> <span class='ocrx_word' id='word_1_696' title='bbox 2853 4910 2911 4963; x_wconf 83' lang='grc' dir='ltr'>δὲ</span> <span class='ocrx_word' id='word_1_697' title='bbox 2934 4908 3216 4980; x_wconf 78' lang='grc' dir='ltr'>μονονουχὶ</span> <span class='ocrx_word' id='word_1_698' title='bbox 3240 4904 3702 4976; x_wconf 77' lang='grc' dir='ltr'>ἀπολογούμενος,</span> <span class='ocrx_word' id='word_1_699' title='bbox 3728 4903 3828 4958; x_wconf 63' lang='grc' dir='ltr'>καὶ</span> <span class='ocrx_word' id='word_1_700' title='bbox 3853 4903 3922 4977; x_wconf 73' lang='grc' dir='ltr'><strong>τά</strong></span> 
     </span>
    </p>
   </div>
   <div class='ocr_carea' id='block_1_111' title="bbox 2343 4996 3922 5076">
    <p class='ocr_par' dir='ltr' id='par_1_111' title="bbox 2343 4996 3922 5076">
     <span class='ocr_line' id='line_1_111' title="bbox 2343 4996 3922 5076; baseline -0.008 -15"><span class='ocrx_word' id='word_1_701' title='bbox 2343 5004 2719 5076; x_wconf 80' lang='grc' dir='ltr'>ἁμαρτήματα</span> <span class='ocrx_word' id='word_1_702' title='bbox 2745 5001 2897 5071; x_wconf 76' lang='grc' dir='ltr'>λέγει</span> <span class='ocrx_word' id='word_1_703' title='bbox 2927 4999 3036 5054; x_wconf 82' lang='grc' dir='ltr'><strong>τῶν</strong></span> <span class='ocrx_word' id='word_1_704' title='bbox 3068 4999 3250 5058; x_wconf 78' lang='grc' dir='ltr'>τόπων</span> <span class='ocrx_word' id='word_1_705' title='bbox 3279 4998 3387 5054; x_wconf 83' lang='grc' dir='ltr'><strong>τῶν</strong></span> <span class='ocrx_word' id='word_1_706' title='bbox 3415 4996 3727 5069; x_wconf 82' lang='grc' dir='ltr'>μελλόντων</span> <span class='ocrx_word' id='word_1_707' title='bbox 3750 5009 3922 5050; x_wconf 79' lang='grc' dir='ltr'>καταο</span> 
     </span>
    </p>
   </div>
   <div class='ocr_carea' id='block_1_112' title="bbox 2347 5093 3096 5166">
    <p class='ocr_par' dir='ltr' id='par_1_112' title="bbox 2347 5093 3096 5166">
     <span class='ocr_line' id='line_1_112' title="bbox 2347 5093 3096 5166; baseline -0.003 -16"><span class='ocrx_word' id='word_1_708' title='bbox 2347 5096 2619 5160; x_wconf 79' lang='grc' dir='ltr'>καίεσθαι,</span> <span class='ocrx_word' id='word_1_709' title='bbox 2642 5095 2737 5149; x_wconf 60' lang='grc' dir='ltr'><strong>καὶ⁹</strong></span> <span class='ocrx_word' id='word_1_710' title='bbox 2761 5094 2859 5166; x_wconf 78' lang='grc' dir='ltr'>τὴν</span> <span class='ocrx_word' id='word_1_711' title='bbox 2893 5093 3096 5148; x_wconf 76' lang='grc' dir='ltr'>αἰτίαν.</span> 
     </span>
    </p>
   </div>
   <div class='ocr_carea' id='block_1_113' title="bbox 2420 5185 2758 5260">
    <p class='ocr_par' dir='ltr' id='par_1_113' title="bbox 2420 5185 2758 5260">
     <span class='ocr_line' id='line_1_113' title="bbox 2420 5185 2758 5260; baseline 0.003 -18"><span class='ocrx_word' id='word_1_712' title='bbox 2420 5191 2540 5243; x_wconf 87' lang='grc' dir='ltr'>Ὅτι</span> <span class='ocrx_word' id='word_1_713' title='bbox 2573 5185 2758 5260; x_wconf 80' lang='grc' dir='ltr'>ἦσαν.</span> 
     </span>
    </p>
   </div>
   <div class='ocr_carea' id='block_1_114' title="bbox 2418 5272 3922 5354">
    <p class='ocr_par' dir='ltr' id='par_1_114' title="bbox 2418 5272 3922 5354">
     <span class='ocr_line' id='line_1_114' title="bbox 2418 5272 3922 5354; baseline -0.006 -18"><span class='ocrx_word' id='word_1_714' title='bbox 2418 5282 2500 5336; x_wconf 76' lang='grc' dir='ltr'><strong>Τὰ</strong></span> <span class='ocrx_word' id='word_1_715' title='bbox 2524 5282 2654 5354; x_wconf 81' lang='grc' dir='ltr'>παρ’</span> <span class='ocrx_word' id='word_1_716' title='bbox 2679 5278 2918 5353; x_wconf 79' lang='grc' dir='ltr'>ἐμαυτοῦ</span> <span class='ocrx_word' id='word_1_717' title='bbox 2950 5279 3128 5334; x_wconf 86' lang='grc' dir='ltr'>πάντα</span> <span class='ocrx_word' id='word_1_718' title='bbox 3161 5277 3415 5349; x_wconf 68' lang='grc' dir='ltr'>ἀποῐησα,</span> <span class='ocrx_word' id='word_1_719' title='bbox 3460 5275 3649 5347; x_wconf 77' lang='grc' dir='ltr'>φησὶν,</span> <span class='ocrx_word' id='word_1_720' title='bbox 3684 5272 3922 5340; x_wconf 70' lang='grc' dir='ltr'>ὶδίδαεα.</span> 
     </span>
    </p>
   </div>
   <div class='ocr_carea' id='block_1_115' title="bbox 2349 5364 3924 5434">
    <p class='ocr_par' dir='ltr' id='par_1_115' title="bbox 2349 5364 3924 5434">
     <span class='ocr_line' id='line_1_115' title="bbox 2349 5364 3924 5434; baseline -0.007 -7"><span class='ocrx_word' id='word_1_721' title='bbox 2349 5373 2646 5427; x_wconf 76' lang='grc' dir='ltr'>ἐπαίδευσα</span> <span class='ocrx_word' id='word_1_722' title='bbox 2665 5389 2679 5403; x_wconf 92' lang='grc'><strong>⁸</strong></span> <span class='ocrx_word' id='word_1_723' title='bbox 2717 5372 2768 5425; x_wconf 85' lang='lat' dir='ltr'><strong>oi</strong></span> <span class='ocrx_word' id='word_1_724' title='bbox 2793 5371 2850 5424; x_wconf 67' lang='grc' dir='ltr'>δὲ</span> <span class='ocrx_word' id='word_1_725' title='bbox 2876 5372 2957 5434; x_wconf 85' lang='grc' dir='ltr'><strong>είς</strong></span> <span class='ocrx_word' id='word_1_726' title='bbox 2989 5369 3191 5424; x_wconf 87' lang='grc' dir='ltr'>κακίαν</span> <span class='ocrx_word' id='word_1_727' title='bbox 3218 5367 3534 5433; x_wconf 70' lang='grc' dir='ltr'>ἐξώκειλαν.</span> <span class='ocrx_word' id='word_1_728' title='bbox 3571 5364 3825 5433; x_wconf 75' lang='grc' dir='ltr'>Ἔδειξαν</span> <span class='ocrx_word' id='word_1_729' title='bbox 3844 5365 3924 5418; x_wconf 85' lang='grc' dir='ltr'>ὃτι</span> 
     </span>
    </p>
   </div>
   <div class='ocr_carea' id='block_1_116' title="bbox 2349 5456 3922 5537">
    <p class='ocr_par' dir='ltr' id='par_1_116' title="bbox 2349 5456 3922 5537">
     <span class='ocr_line' id='line_1_116' title="bbox 2349 5456 3922 5537; baseline -0.006 -19"><span class='ocrx_word' id='word_1_730' title='bbox 2349 5464 2928 5537; x_wconf 78' lang='grc' dir='ltr'>προσφιλονεικοῦντες</span> <span class='ocrx_word' id='word_1_731' title='bbox 2950 5461 3125 5517; x_wconf 82' lang='grc' dir='ltr'>ταῦτα</span> <span class='ocrx_word' id='word_1_732' title='bbox 3153 5461 3398 5515; x_wconf 73' lang='grc' dir='ltr'>ἐποίουν.</span> <span class='ocrx_word' id='word_1_733' title='bbox 3431 5458 3662 5530; x_wconf 81' lang='grc' dir='ltr'>Βωμοὺς</span> <span class='ocrx_word' id='word_1_734' title='bbox 3685 5456 3922 5527; x_wconf 64' lang='grc' dir='ltr'>ἔστησαν</span> 
     </span>
    </p>
   </div>
   <div class='ocr_carea' id='block_1_117' title="bbox 2350 5548 3927 5628">
    <p class='ocr_par' dir='ltr' id='par_1_117' title="bbox 2350 5548 3927 5628">
     <span class='ocr_line' id='line_1_117' title="bbox 2350 5548 3927 5628; baseline -0.006 -17"><span class='ocrx_word' id='word_1_735' title='bbox 2350 5559 2407 5612; x_wconf 81' lang='grc' dir='ltr'>ὲν</span> <span class='ocrx_word' id='word_1_736' title='bbox 2433 5557 2512 5628; x_wconf 81' lang='grc' dir='ltr'>τῷ</span> <span class='ocrx_word' id='word_1_737' title='bbox 2542 5556 2656 5627; x_wconf 85' lang='grc' dir='ltr'>ναῷ</span> <span class='ocrx_word' id='word_1_738' title='bbox 2682 5572 2785 5624; x_wconf 89' lang='grc' dir='ltr'><strong>μου</strong></span> <span class='ocrx_word' id='word_1_739' title='bbox 2802 5570 2816 5586; x_wconf 94' lang='grc'><strong>⁸</strong></span> <span class='ocrx_word' id='word_1_740' title='bbox 2846 5554 2945 5608; x_wconf 56' lang='grc' dir='ltr'><strong>καὶ⁵</strong></span> <span class='ocrx_word' id='word_1_741' title='bbox 2973 5554 3043 5608; x_wconf 82' lang='grc' dir='ltr'>τὰ</span> <span class='ocrx_word' id='word_1_742' title='bbox 3075 5553 3212 5609; x_wconf 86' lang='grc' dir='ltr'>άλλα</span> <span class='ocrx_word' id='word_1_743' title='bbox 3235 5552 3293 5606; x_wconf 78' lang='grc' dir='ltr'>δὲ</span> <span class='ocrx_word' id='word_1_744' title='bbox 3327 5551 3508 5607; x_wconf 88' lang='grc' dir='ltr'>πάντα</span> <span class='ocrx_word' id='word_1_745' title='bbox 3532 5550 3799 5621; x_wconf 78' lang='grc' dir='ltr'>ἐτόλμων,</span> <span class='ocrx_word' id='word_1_746' title='bbox 3833 5548 3927 5602; x_wconf 77' lang='grc' dir='ltr'>καὶ</span> 
     </span>
    </p>
   </div>
   <div class='ocr_carea' id='block_1_118' title="bbox 2350 5640 3928 5716">
    <p class='ocr_par' dir='ltr' id='par_1_118' title="bbox 2350 5640 3928 5716">
     <span class='ocr_line' id='line_1_118' title="bbox 2350 5640 3928 5716; baseline -0.006 -12"><span class='ocrx_word' id='word_1_747' title='bbox 2350 5650 2477 5714; x_wconf 84' lang='grc' dir='ltr'>τοὺς</span> <span class='ocrx_word' id='word_1_748' title='bbox 2543 5650 2693 5712; x_wconf 75' lang='grc' dir='ltr'>υἱοὺς</span> <span class='ocrx_word' id='word_1_749' title='bbox 2755 5645 3136 5712; x_wconf 81' lang='grc' dir='ltr'>κατέκαυσαν,</span> <span class='ocrx_word' id='word_1_750' title='bbox 3194 5646 3289 5701; x_wconf 73' lang='grc' dir='ltr'>καὶ</span> <span class='ocrx_word' id='word_1_751' title='bbox 3354 5643 3526 5716; x_wconf 76' lang='grc' dir='ltr'>αὐτὴν</span> <span class='ocrx_word' id='word_1_752' title='bbox 3595 5643 3697 5713; x_wconf 78' lang='grc' dir='ltr'>τὴν</span> <span class='ocrx_word' id='word_1_753' title='bbox 3765 5640 3928 5710; x_wconf 74' lang='grc' dir='ltr'>φύσιν</span> 
     </span>
    </p>
   </div>
   <div class='ocr_carea' id='block_1_119' title="bbox 2353 5741 2650 5812">
    <p class='ocr_par' dir='ltr' id='par_1_119' title="bbox 2353 5741 2650 5812">
     <span class='ocr_line' id='line_1_119' title="bbox 2353 5741 2650 5812; baseline -0.003 -16"><span class='ocrx_word' id='word_1_754' title='bbox 2353 5741 2524 5812; x_wconf 72' lang='grc' dir='ltr'>ὴγνόη</span> <span class='ocrx_word' id='word_1_755' title='bbox 2532 5757 2629 5793; x_wconf 89' lang='grc' dir='ltr'><strong>σαν</strong></span> <span class='ocrx_word' id='word_1_756' title='bbox 2639 5783 2650 5795; x_wconf 91' lang='grc'><strong>.</strong></span> 
     </span>
    </p>
   </div>
   <div class='ocr_carea' id='block_1_120' title="bbox 2424 5829 3300 5898">
    <p class='ocr_par' dir='ltr' id='par_1_120' title="bbox 2424 5829 3300 5898">
     <span class='ocr_line' id='line_1_120' title="bbox 2424 5829 3300 5898; baseline -0.002 -13"><span class='ocrx_word' id='word_1_757' title='bbox 2424 5830 2530 5885; x_wconf 75' lang='grc' dir='ltr'><strong>Καὶ</strong></span> <span class='ocrx_word' id='word_1_758' title='bbox 2561 5831 2676 5886; x_wconf 80' lang='grc' dir='ltr'><em>νῦν</em></span> <span class='ocrx_word' id='word_1_759' title='bbox 2706 5829 2892 5898; x_wconf 78' lang='grc' dir='ltr'>οὕτως</span> <span class='ocrx_word' id='word_1_760' title='bbox 2917 5829 3045 5884; x_wconf 76' lang='grc' dir='ltr'>εἷπε</span> <span class='ocrx_word' id='word_1_761' title='bbox 3066 5829 3300 5898; x_wconf 74' lang='grc' dir='ltr'>Κύριος.</span> 
     </span>
    </p>
   </div>
  </div>
