4226 6462
349 416 459 477 983

1458 411 1888 470 FRAGMENTA
1927 409 1994 466 IN
2021 407 2401 475 JERENAM.

3555 409 3664 468 θοι)

438 535 581 606 Ἐγὼ
610 535 945 609 παραδώσω,
1002 536 1098 591 καὶ
1149 535 1350 590 ἀνοίσω
1411 535 1634 598 αὐτούς.
1674 533 1784 587 Καὶ
1832 532 1945 602 βίον

2127 530 2239 601 Ego
2275 530 2511 596 tradam,
2547 535 2600 582 et
2634 542 2735 599 ego
2767 541 2860 582 cos
2897 526 3176 582 reducam.
3212 525 3278 580 Et
3311 526 3660 583 admirabilia

350 629 668 700 θαυμαστὸν
707 629 1090 683 ἐπιδείκνυται
1134 628 1343 693 αὐτοῖς,
1401 627 1498 680 καὶ
1541 625 1774 698 καρδίαν
1822 625 1952 678 Θεο-

351 721 509 794 φιλῆ,
533 723 672 799 ὅπερ
702 722 795 777 ἀεὶ
829 722 979 790 λέγει
1030 720 1127 776 καὶ
1161 719 1434 791 διαθήκην
1483 718 1726 772 αἰώνιον.
1758 716 1948 771 Ταῦτα

349 814 504 879 τέλος
548 815 796 886 εἴληφεν.
854 813 919 869 Ei
955 812 1014 868 δέ
1064 814 1166 867 οὐκ
1196 811 1381 880 έλαδε,
1424 809 1559 865 πότε
1602 809 1780 875 ἐσται,
1821 807 1948 864 εἰπέ

353 921 480 978 μοις

349 1103 446 1142 ται
471 1086 544 1139 ἐν
565 1086 802 1154 βιϐλίῳ,
847 1086 946 1139 καί
991 1082 1544 1154 σφραγισθήσεται,
1569 1081 1670 1134 καὶ
1700 1081 1950 1150 διαμαρ-

347 1178 608 1248 τιιρεῖται
637 1177 967 1247 μαρτυρίας
991 1177 1062 1230 ἐν
1100 1173 1178 1243 τῇ
1216 1174 1526 1244 Βενιαμίν,
1567 1172 1667 1227 καὶ
1708 1174 1947 1226 κύκλω-

348 1275 457 1325 θεν
505 1268 932 1340 Ἰερουσαλὴμ,
966 1269 1062 1321 καί
1097 1267 1169 1320 ἐν
1193 1267 1459 1320 πόλεσιν
1489 1263 1710 1332 Ἰούδα,
1755 1266 1852 1319 καί
1876 1265 1949 1318 ἐν

347 1365 570 1418 πόλεσι
598 1362 706 1416 τοῦ
731 1361 932 1429 ὄρους.
960 1358 1061 1413 καί
1085 1359 1157 1412 ὲν
1181 1358 1403 1412 πόλεσι
1434 1355 1548 1424 τῆς
1577 1353 1824 1423 Σεφιλᾶ,
1847 1353 1948 1408 καὶ

346 1457 419 1509 ἐν
447 1457 670 1519 πόλεσι
703 1449 812 1519 τῆς
839 1451 1052 1521 Νογὲό,
1103 1451 1195 1505 ὅτι
1230 1449 1598 1520 datarer
1633 1449 1742 1515 τὰς
1776 1449 1950 1504 ἀποι-

348 1548 486 1612 κίας
513 1542 736 1606 αὐτῶν,
774 1544 929 1612 φησι
965 1543 1206 1611 Κύριος.

426 1640 524 1691 ⁸ον
547 1637 658 1708 γὰρ
683 1637 887 1708 τρόπον
913 1635 1135 1705 ἐκτήσω
1163 1635 1227 1688 σὺ
1263 1633 1359 1688 νῦν
1395 1633 1706 1704 ἀσφάλειαν
1739 1636 1805 1706 τῇ
1836 1634 1938 1706 τῆς

346 1726 521 1798 νομῆς
551 1725 851 1795 παραδόσει
874 1723 1272 1794 ποιησάμενος,
1297 1721 1474 1787 οὕτως
1504 1721 1660 1776 ἔσται
1691 1725 1786 1778 καὶ
1807 1723 1949 1794 μετά

345 1819 448 1890 τὴν
478 1817 759 1872 ἐπάνοδον.
792 1816 866 1870 Τὸ
889 1815 950 1869 δέ
979 1816 1049 1870 ἐν
1072 1817 1295 1870 πόλεσι
1332 1811 1446 1882 τῆς
1472 1812 1672 1884 Νογέϐ
1689 1814 1950 1868 ἀποκλεί-

422 998 439 1018 ’
465 995 574 1050 Καὶ
606 992 892 1063 κτήσεται
935 991 1154 1064 ἀγροὺς
1187 991 1260 1045 ἐν
1286 989 1568 1060 ἀργυρίῳ,
1595 989 1698 1043 καί
1725 988 1950 1058 γςρὰψε-

2053 624 2180 680 νίιιο
2207 623 2456 679 instituta
2485 621 2590 677 illis
2618 621 2881 686 ostendit,
2908 633 2964 675 et
2993 635 3090 674 cor
3121 621 3212 676 Dei
3250 633 3444 674 amans
3466 660 3483 687 ,
3513 623 3660 690 quod

2049 729 2271 785 semper
2295 712 2559 778 inculcat,
2581 722 2637 767 et
2663 720 3057 768 testamentum
3085 712 3506 778 sempiternum.
3533 707 3662 763 Ha-c

2051 807 2215 864 linem
2243 817 2400 862 nacta
2435 816 2584 863 sunt.
2615 803 2714 862 Sin
2745 805 2948 870 minus,
2973 805 3196 874 quando
3222 813 3406 867 etunt.
3433 803 3662 874 qua'so?

2122 991 2142 1010 ‘
2179 987 2346 1044 Vens.
2378 989 2472 1044 44.
2501 988 2564 1042 Et
2585 988 2872 1059 possidebit
2906 1005 3064 1058 agros
3094 990 3150 1042 in
3179 996 3422 1058 argento,
3443 993 3496 1042 et
3524 985 3659 1041 scri-

2050 1081 2131 1136 bet
2153 1082 2207 1136 in
2235 1083 2394 1151 libro,
2420 1091 2472 1136 et
2502 1081 2799 1152 obsignabit
2817 1121 2832 1146 ,
2859 1093 2907 1134 et
2939 1082 3320 1135 contestabitur
3350 1081 3656 1135 testimonia

2052 1178 2107 1229 in
2136 1173 2442 1243 Benjamin,
2475 1176 2605 1240 etin
2645 1175 2947 1230 civitatibus
2969 1173 3141 1239 Juda,
3183 1186 3231 1228 et
3262 1176 3317 1228 in
3350 1173 3662 1230 civitatibus

2050 1266 2268 1332 montis,
2294 1274 2345 1320 et
2368 1267 2424 1320 in
2455 1266 2759 1321 ciuitatibus
2786 1266 3026 1335 Sepltila,
3047 1278 3091 1320 et
3114 1269 3169 1320 iu
3201 1267 3502 1328 civitatibus
3536 1261 3658 1322 No-

2049 1357 2167 1427 geb,
2203 1360 2330 1426 quia
2359 1360 2532 1412 redire
2555 1359 2754 1428 faciam
2792 1359 3294 1429 transmigrationes
3328 1373 3510 1412 eorum
3535 1399 3552 1424 ,
3579 1361 3658 1412 ait

2050 1449 2333 1506 Dominus.

2123 1633 2240 1703 Qua
2270 1636 2416 1690 enim
2451 1636 2685 1699 ratione,
2718 1634 3089 1704 possessionis
3120 1634 3477 1690 securitatem
3505 1632 3655 1688 obti-

2051 1728 2253 1793 nuisti,
2290 1725 2530 1797 jnridica
2579 1727 2876 1781 traditione
2931 1742 3054 1781 eam
3095 1728 3413 1790 stabiliens,
3462 1727 3656 1782 eadem

2051 1821 2179 1881 erit,
2215 1829 2273 1874 et
2311 1828 2437 1889 post
2477 1819 2734 1874 reditum.
2768 1818 2904 1873 Illud
2935 1835 3068 1875 vero
3107 1819 3164 1873 iu
3198 1819 3500 1874 ciuitatibus
3548 1819 3660 1873 No-

351 1929 561 1984 σματος
583 1911 676 1964 τὸν
696 1911 862 1964 τόπον
888 1909 1153 1980 ἐμήνυσε,
1177 1907 1487 1970 τουτέστιν,
1519 1908 1579 1960 ἐν
1603 1909 1729 1969 ταῖς
1752 1907 1944 1960 πόλεσι

2050 1910 2174 1980 gcb,
2201 1910 2444 1965 carceris
2468 1909 2646 1965 locum
2675 1911 2960 1976 indicavit,
2981 1911 3083 1966 hoc
3109 1921 3194 1966 est
3227 1912 3279 1967 in
3337 1910 3657 1966 civitatibus

347 2005 482 2066 ταῖς
501 2002 642 2073 πρὸς
686 2001 865 2067 νότον,
913 1999 1002 2054 ἵνα
1053 2000 1209 2073 είπῃ,
1239 1997 1523 2070 πανταχοῦ
1566 1997 1666 2069 τῆς
1700 1999 1807 2068 γῆς
1843 1997 1947 2069 τῆς

346 2095 708 2165 ἐπαγγελίας.

946 2206 1202 2261 ΚΕΦΔΛ.
1243 2205 1367 2261 AI".

420 2323 530 2379 Καὶ
567 2320 798 2392 κράξον
818 2319 969 2389 πρός
988 2337 1086 2391 με.

423 2418 590 2487 Ὅρα,
622 2416 742 2478 πῶς
793 2412 1046 2486 βούλεται
1091 2410 1378 2467 οἰκειῶσαι
1401 2410 1490 2465 διά
1519 2411 1621 2482 τῆς
1651 2412 1822 2483 εὐχῆς
1855 2411 1948 2465 τὸν

348 2511 676 2581 προφήτην;
730 2505 885 2560 Ἐπεὶ
913 2504 1013 2557 καὶ
1038 2504 1283 2573 Μωῦσῆς
1306 2502 1441 2557 αὐτὸ
1460 2503 1658 2579 ἔπαθε,
1680 2504 1860 2572 λέγων
1888 2505 1947 2558 ἐν

345 2604 472 2663 ταῖς
503 2595 866 2668 ἐπαγγελίαις
889 2613 904 2627 ο
937 2593 1072 2661 Πῶς
1099 2593 1278 2648 τοῦτο
1296 2609 1313 2656 ;
1334 2592 1420 2661 μὴ
1453 2593 1520 2648 τὸ
1550 2594 1710 2662 ὄψον
1732 2593 1950 2660 δώσεις

346 2693 557 2758 αὐτοῖς
600 2689 710 2759 τῆς
751 2686 1094 2754 θαλάσσης,
1137 2685 1235 2739 καί
1269 2685 1457 2752 βόας,
1518 2687 1618 2740 καί
1678 2687 1949 2755 πρόϐατα

348 2785 561 2848 θύσεις
622 2777 965 2845 αὑτοῖς;Εί
1009 2777 1120 2848 γάρ
1161 2777 1258 2829 καὶ
1322 2776 1555 2846 μεγάλοι
1607 2771 1775 2847 ἦσαν,
1828 2777 1946 2832 ἀλλ’

345 2877 502 2945 ὅμως
530 2873 785 2944 ἠγνόουν.

423 2966 548 3019 Ὅτι
593 2964 786 3028 οὕτως
833 2958 964 3017 εἷπε
1005 2962 1218 3030 Κύριος
1255 2963 1288 3014 ό
1342 2959 1487 3026 Θεὸς
1524 2957 1779 3030 Ἰσραὴλ
1809 2960 1950 3030 περί

349 3055 564 3111 οἰκιῶν
588 3053 699 3122 τῆς
733 3055 988 3120 πόλεως,
1014 3053 1108 3106 καὶ
1137 3051 1206 3104 τὰ
1237 3051 1385 3122 ἑξῆς.

436 3144 662 3218 Ἐπειδὴ
721 3145 934 3198 ἐδέδετο
965 3147 994 3198 ό
1061 3143 1335 3213 Ἱερεμίας
1371 3142 1448 3206 ὡς
1495 3142 1806 3213 δύσφημος,
1853 3143 1945 3198 καὶ

2051 2017 2173 2072 qua:
2217 2002 2283 2056 ad
2323 2011 2570 2056 austrum
2600 2013 2852 2073 vergunt.
2887 2017 2954 2058 ac
2984 2003 3029 2058 si
3077 2003 3307 2069 diceret,
3343 2004 3658 2074 ubicunque

2051 2095 2105 2150 in
2139 2105 2288 2150 terra
2316 2095 2726 2166 promissionis.

2619 2209 2777 2268 CAP.
2823 2210 3070 2269 XXXIII.

2124 2323 2292 2380 Vens.
2325 2327 2381 2381 3.
2413 2324 2483 2379 Et
2507 2327 2681 2381 clama
2714 2328 2783 2382 ad
2811 2345 2911 2386 ius.

2122 2414 2261 2471 Vide
2285 2419 2560 2488 quomodo
2590 2419 2914 2489 prophetam
2956 2436 3055 2491 per
3084 2424 3395 2482 orationem
3423 2425 3531 2483 sibi
3559 2430 3657 2482 ad-

2049 2506 2255 2563 dictum
2309 2509 2542 2564 reddat?
2579 2510 2692 2566 lloc
2728 2513 2869 2568 idem
2902 2523 2956 2569 et
2992 2513 3210 2588 Moyses
3241 2533 3435 2589 passus
3471 2529 3559 2577 est
3599 2519 3655 2575 in

2051 2602 2552 2669 promissionibns.
2583 2605 2774 2661 dicens
2812 2624 2826 2661 :
2865 2605 3128 2679 Nunquid
3162 2612 3331 2667 maris
3376 2616 3654 2682 opsonium

2050 2692 2203 2748 dabis
2229 2693 2356 2761 illis,
2387 2707 2432 2749 et
2471 2695 2645 2761 boves,
2678 2709 2725 2751 et
2754 2714 2947 2768 pecora
2985 2704 3156 2759 caedes
3191 2704 3298 2760 illis
3319 2706 3408 2754 "'l
3435 2705 3571 2762 Nam
3601 2718 3658 2764 et

2051 2782 2095 2837 si
2132 2785 2310 2856 magni
2343 2797 2525 2852 erant,
2563 2789 2888 2857 ignorabant
2924 2803 3131 2851 tamen.

2121 2963 2291 3021 Vens.
2323 2967 2380 3022 4.
2410 2966 2551 3033 Quia
2585 2933 2674 3023 sici
2699 2970 2835 3026 dixit
2884 2973 3143 3032 Dominus
3181 2977 3324 3036 Deus
3373 2978 3550 3040 Israel
3587 2985 3657 3040 de

2049 3057 2294 3110 domibus
2331 3060 2499 3124 urbis,
2532 3070 2583 3114 et
2613 3078 2736 3131 qua:
2775 3075 3102 3134 seqnuntnr.

2118 3148 2389 3206 Jercmias
2420 3167 2544 3206 cmn
2589 3155 2805 3211 vinctus
2841 3170 2987 3215 esset
3025 3171 3086 3216 ut
3129 3163 3292 3219 homo
3316 3165 3560 3232 infamis,
3599 3179 3654 3224 et

352 3235 568 3308 βασιλεῖ
616 3234 824 3290 ἅλωσιν
879 3233 1147 3298 ἀπειλῶν,
1172 3234 1404 3304 προεῖπε
1433 3231 1492 3285 δὲ
1517 3232 1623 3302 τὴν
1643 3231 1947 3302 ἀνάκλησιν

2055 3240 2147 3307 qui
2172 3241 2534 3308 perditionem
2560 3244 2671 3314 regi
2697 3247 2940 3303 minatus
2957 3263 3103 3306 esset
3152 3252 3247 3309 Dei
3265 3266 3448 3311 autem
3468 3259 3651 3328 jusu,

348 3327 496 3383 κατὰ
533 3328 872 3398 πρόσταγμα
903 3325 1068 3389 Θεοῦ,
1103 3326 1200 3378 καὶ
1228 3327 1294 3395 τῇ
1327 3322 1423 3377 τοῦ
1449 3325 1624 3395 ἀγροῦ
1657 3327 1797 3395 νομῇ
1826 3324 1947 3377 ἐϐε-

351 3421 560 3474 ϐαίωσε
593 3420 682 3472 τὸν
714 3419 902 3487 λόγον,
928 3418 1105 3478 οὐδεὶς
1143 3417 1201 3470 δὲ
1247 3418 1330 3470 ἔτι
1357 3418 1617 3488 προσεῖχε
1645 3419 1761 3481 τοῖς
1790 3417 1948 3487 λεγο-

354 3513 562 3584 μένοις,
596 3511 838 3580 οίόμενοι
867 3510 1102 3579 κολακίᾳ
1130 3509 1355 3580 μᾶλλον,
1404 3509 1438 3580 ἢ
1474 3508 1696 3579 ἀκριϐεῖ
1744 3507 1946 3577 γνώσει

349 3604 461 3658 τῶν
501 3603 808 3674 μελλόντων
841 3601 1022 3670 λέγειν
1071 3601 1163 3655 τὸν
1205 3603 1496 3673 προφήτην
1516 3600 1717 3666 ταῦτα,
1752 3600 1946 3674 ὥσπερ

350 3699 431 3762 είς
460 3695 783 3768 ἀδημονίαν,
836 3694 932 3749 καὶ
999 3694 1336 3766 ἀμφισολίαν
1377 3693 1632 3749 ἐκπεσὼν
1690 3694 1944 3748 διετέλει.

350 3788 518 3858 Λέγει
540 3788 724 3843 τοίνυν
750 3787 899 3860 αὺτῷ
927 3789 956 3839 ὁ
985 3788 1138 3852 Θεὸς,
1165 3788 1246 3841 ὅτι
1279 3788 1565 3857 Σκόπησον
1594 3787 1693 3858 τὴν
1714 3787 1948 3858 δύναμιν

348 3881 450 3953 τὴν
483 3881 644 3952 ἐμὴν,
675 3881 772 3935 καὶ
799 3881 987 3951 ὥσπερ
1017 3882 1348 3950 παρήγαγον
1377 3881 1476 3950 τὴν
1499 3879 1701 3946 κτίσιν,
1735 3879 1830 3932 καὶ
1849 3879 1948 3933 τά·

352 3973 436 4040 ξιν
465 3972 714 4042 ἐπέθηκα
744 3973 882 4044 αὐτῇ
918 3972 1202 4042 προσνοῶν
1227 3971 1334 4025 τῶν
1367 3972 1694 4043 ἀνθρώπων,
1722 3973 1817 4026 καὶ
1850 3960 1948 4026 νῦν

353 4081 437 4119 σοι
465 4064 765 4118 καλέσαντι
805 4065 1116 4135 ὑπήκουσα,
1151 4063 1245 4116 καὶ
1279 4063 1534 4133 προλέγω
1559 4063 1628 4117 τά
1656 4064 1946 4134 μέλλοντα,

352 4159 450 4212 καὶ
480 4156 580 4229 τὴν
615 4156 887 4227 ἐσομένην
920 4155 1202 4225 εὐθηνίαν,
1243 4149 1324 4218 οἷς
1355 4157 1561 4228 ἥκιστα
1593 4158 1844 4211 άπιστεῖν
1887 4175 1947 4211 σε

354 4249 664 4320 προσήκει·
707 4248 938 4320 θαρρεῖν
983 4247 1062 4311 δὲ,
1091 4246 1165 4311 ὡς
1214 4247 1369 4301 οὐδὲν
1396 4248 1504 4302 τῶν
1536 4251 1687 4321 παρὰ
1737 4251 1831 4304 σοῦ
1860 4252 1949 4304 λε-

358 4341 608 4410 γομένων
632 4339 1002 4410 ψευσθήσεται
1026 4356 1040 4370 ο
1070 4340 1386 4394 καὶ-πείθων
1407 4342 1588 4395 αὐτῶν
1621 4343 1698 4406 ὡς
1729 4344 1852 4397 οὐδὲ
1880 4344 1948 4398 τὰ

354 4432 454 4501 τῆς
477 4430 860 4502 αἰχμαλωσίας
896 4430 1077 4502 μάτην
1104 4434 1366 4496 ποιεῖται,
1390 4433 1508 4487 ἀλλ’
1541 4435 1634 4488 ἐπὶ
1671 4452 1948 4506 σωφρονι-

356 4523 482 4594 σμῷ
501 4523 612 4576 τῶν
640 4521 1052 4593 κολαζομένων,
1087 4523 1284 4593 ἐπάγει
1315 4525 1454 4595 μετὰ
1483 4526 1546 4579 τὸ
1575 4527 1676 4598 τὴν
1706 4527 1948 4599 ἀνάκλη-

355 4631 441 4668 σιν
475 4612 738 4685 μηνύσαι.

428 4801 444 4820 ⁸
473 4797 584 4852 Καὶ
637 4797 878 4868 ἐγένετο
916 4800 1101 4870 λόγος
1153 4802 1375 4869 Κυρίου
1424 4802 1576 4869 πρὸς
1651 4803 1952 4873 Ἱερεμίαν

355 4887 572 4957 λέγων,
607 4885 823 4959 Ἄραγε
850 4893 963 4946 οὔκ
1001 4893 1230 4960 ᾐδέσθη
1268 4897 1300 4947 ό
1337 4893 1486 4959 λαὸς
1518 4890 1734 4961 οὖτος;
1773 4895 1950 4950 Ἐλά-

354 4983 514 5048 λησε
539 4982 736 5051 λέγων
755 4999 769 5015 ⁸
819 4986 888 5038 Al
921 4984 1030 5038 δύο
1055 4987 1316 5053 πατριαὶ,
1371 4985 1438 5050 ἃς
1478 4987 1802 5050 ἐξελέξατο
1831 4990 1948 5043 Κύ-

347 5090 484 5142 ριος
527 5073 599 5127 ὲν
643 5075 871 5142 αὐτοῖς,
915 5078 1013 5130 καὶ
1044 5078 1176 5132 ἰδοὺ
1221 5079 1507 5132 ἀπώσατο
1551 5079 1812 5143 αὐτοὺς,
1855 5081 1954 5135 καί

356 5164 680 5234 παρώξυνα
722 5166 830 5220 τὸν
874 5170 1031 5221 λαόν
1060 5186 1181 5237 μου
1215 5169 1321 5223 τοῦ
1348 5169 1436 5240 μὴ
1472 5166 1626 5223 εἶναι
1665 5170 1753 5224 ἔτι
1780 5173 1956 5240 ἔθνος

354 5249 616 5305 ἐνώπιόν
632 5269 778 5321 μου.

425 5341 521 5414 Μὴ
542 5342 724 5406 τοῦτο,
757 5344 914 5416 φησὶ,
949 5345 1164 5419 λογίσῃ,
1201 5347 1283 5398 ὅτι
1304 5347 1517 5401 τελείαν
1537 5349 1740 5403 ἆλωτιν
1760 5352 1952 5421 ἐπάγω

355 5439 422 5507 τῇ
462 5434 637 5500 πόλει,
681 5436 816 5490 ἀλλὰ
848 5439 1126 5506 σκὸπησον
1145 5439 1218 5502 ὡς
1249 5439 1357 5492 ἀπὸ
1389 5438 1499 5493 τῶν
1531 5443 1776 5513 μερικῶν
1809 5461 1949 5514 συμ-

358 5526 542 5600 φορῶν
590 5531 1026 5602 σωφρονέστεροι
1065 5531 1269 5601 ἥκιστα
1335 5533 1625 5600 γεγόνασιν
1680 5534 1945 5590 Ἰουδαῖοι.

357 5617 422 5672 υἱ
446 5617 579 5687 γοῦν
605 5619 1070 5692 ψευδοπροφῆται,
1107 5623 1262 5694 φησὶ,
1296 5623 1580 5694 περιόντες
1598 5625 1947 5680 διαϐάλλουσι

359 5726 451 5780 με,
483 5712 560 5776 ὼς
591 5713 833 5768 ἐναντίον
856 5716 922 5784 τῇ
972 5715 1209 5786 ἐμαυτοῦ
1237 5716 1579 5785 πεποιηκότα
1628 5718 1941 5788 ὑποσχέσει,

431 5890 476 5925 ⁸¹
511 5890 669 5947 Num.
706 5908 777 5956 st,
818 5894 905 5948 2‘2.

2052 3337 2108 3384 ct
2150 3331 2551 3388 revocationem
2598 3338 2962 3406 praedixisset,
3009 3357 3437 3419 sermonemque
3487 3365 3651 3406 suum

2051 3422 2168 3492 agri
2215 3426 2564 3491 possessione
2594 3431 3015 3498 conﬁrmasset;
3054 3443 3106 3488 ct
3139 3436 3502 3498 nihilominus
3533 3445 3654 3497 nul-

2050 3511 2136 3569 lns
2186 3516 2362 3572 adhuc
2403 3529 2569 3584 esset,
2615 3523 2709 3592 qui
2761 3523 2880 3593 cjus
2930 3529 3239 3584 attende-ret
3285 3522 3468 3598 dictis,
3507 3539 3652 3605 quod

2051 3615 2339 3659 censerent
2376 3608 2699 3677 prophetam
2743 3628 2804 3666 ea
2837 3614 3024 3670 dicere
3054 3620 3238 3687 potius
3265 3622 3332 3676 ad
3374 3625 3655 3682 adnlrtio-

2053 3710 2198 3787 nem,
2227 3712 2388 3787 quam
2420 3713 2486 3752 ex
2516 3699 2716 3756 eximia
2751 3717 2933 3760 rerum
2959 3706 3270 3767 futurarum
3304 3718 3649 3787 cognitione,

2052 3783 2294 3839 incidens
2318 3784 2372 3840 in
2399 3802 2668 3843 summum
2693 3791 2861 3846 animi
2885 3809 3199 3863 tnmrorem,
3222 3783 3458 3856 maxima
3487 3783 3652 3876 tinge;

2051 3875 2211 3930 batur
2238 3878 2620 3946 aiubignitate.
2659 3881 2800 3938 Dicit
2831 3885 2998 3955 igitur
3028 3887 3103 3941 illi
3131 3889 3311 3946 Deus:
3340 3875 3653 3953 Potentiam

2053 3984 2230 4022 meam
2259 3971 2572 4036 considera,
2610 3977 2830 4030 modum
2890 3994 3003 4048 quo
3037 3996 3126 4036 res
3151 3995 3368 4040 creatas
3396 3989 3653 4056 produxi.

2049 4057 2296 4112 ordinem
2343 4075 2452 4129 quo
2503 4077 2599 4116 eas
2641 4064 2918 4134 disposui,
2961 4068 3242 4126 hominum
3298 4089 3491 4131 curam
3557 4095 3654 4149 ge-

2054 4164 2203 4212 rens,
2241 4160 2296 4205 et
2349 4167 2493 4207 nunc
2537 4153 2882 4212 invocantem
2934 4171 2984 4216 te
3030 4167 3314 4232 cxaudivl,
3369 4179 3426 4223 et
3471 4171 3654 4227 futura

2053 4242 2312 4310 praedico,
2355 4259 2646 4315 rerumque
2694 4251 2938 4304 onmium
2980 4246 3403 4326 abundantiam,
3457 4265 3657 4331 quibus

2052 4349 2267 4402 a'quum
2312 4335 2504 4392 fuisset
2543 4352 2597 4393 ut
2634 4345 3082 4411 persuadereris,
3139 4359 3195 4404 et
3229 4353 3415 4409 animo
3459 4355 3658 4413 [idercs

2053 4425 2260 4479 nullmn
2303 4430 2645 4486 sermonibus
2675 4435 2783 4489 tuis
2815 4435 3054 4492 futurum
3103 4445 3490 4502 mendacium:
3529 4466 3657 4518 per—

2055 4531 2279 4570 suasum
2327 4534 2449 4573 eum
2484 4525 2736 4590 reddens,
2775 4529 3148 4597 captivitatem
3183 4536 3324 4590 haud
3357 4537 3558 4594 frustra
3590 4542 3657 4596 il-

1982 4587 2025 4642 D
2058 4606 2251 4674 latam,
2291 4611 2386 4665 scd
2421 4622 2476 4665 ut
2514 4616 2761 4686 castigati
2813 4620 3223 4691 resipiscerent.
3257 4627 3394 4685 Tum
3428 4647 3657 4690 revoca-

2063 4701 2225 4755 tionis
2254 4704 2502 4757 nuntium
2528 4707 2704 4762 alfert.
3197 4771 3200 4775 ,

2137 4795 2150 4815 ·
2188 4793 2354 4847 Vens.
2381 4794 2574 4852 23-24.
2613 4797 2677 4850 Et
2709 4801 2911 4868 factum
2953 4817 3030 4861 est
3073 4806 3296 4866 Verbum
3334 4814 3547 4873 Domini
3585 4822 3655 4876 ad

2056 4882 2377 4953 Jeremiam,
2407 4889 2616 4944 dii-eus:
2639 4889 2896 4959 Nunquid
2917 4914 3020 4952 non
3049 4902 3260 4956 erubuit
3286 4909 3509 4974 papulas
3531 4912 3658 4967 liic.’

2064 4975 2299 5072 faculas
2334 4989 2435 5043 est,
2464 4982 2642 5036 dicens
2671 5000 2690 5038 :
2726 4984 2856 5040 Duw
2883 4993 3244 5059 cognationes,
3267 5013 3401 5065 quas
3429 5000 3654 5072 elegerat

2061 5066 2321 5122 Dominus
2368 5071 2420 5123 in
2465 5073 2593 5140 ipsis
2616 5113 2630 5138 ,
2663 5085 2712 5128 et
2749 5093 2864 5154 ecce
2905 5083 3105 5148 expulit
3151 5103 3241 5140 eas
3265 5128 3280 5154 ,
3320 5101 3368 5144 et
3403 5066 3654 5163 populum

2059 5176 2232 5213 meum
2260 5163 2500 5230 irritavi,
2528 5175 2581 5218 ut
2615 5184 2717 5222 non
2759 5171 2825 5223 sit
2851 5171 2995 5225 ultra
3024 5192 3149 5244 gens
3185 5195 3367 5236 coram
3404 5189 3526 5242 me?

2125 5348 2204 5404 Ne
2233 5353 2337 5407 hoc
2367 5365 2567 5420 mente,
2598 5358 2694 5424 ait,
2731 5361 3034 5430 concipias,
3063 5382 3149 5421 me
3171 5371 3445 5428 excidium
3476 5390 3654 5433 extre-

2059 5459 2208 5498 mum
2269 5445 2547 5502 illaturum
2606 5451 2847 5518 civitati;
2900 5456 2998 5512 sed
3049 5461 3336 5517 considera
3384 5475 3658 5535 quomodo

2057 5535 2229 5591 Judaei
2281 5540 2711 5607 particularibus
2745 5546 3153 5607 calamitatibus
3202 5569 3483 5626 nunquam
3533 5577 3657 5630 pru-

2057 5629 2339 5686 dentiores
2393 5633 2521 5688 facti
2578 5646 2727 5690 sunt.
2774 5637 2922 5694 Επιιεί
2975 5641 3160 5713 itaque
3217 5649 3498 5717 prophetae
3536 5629 3656 5708 cir-

2057 5733 2380 5781 ctnueuntes
2428 5738 2725 5796 accusant,
2777 5732 2919 5800 quod
2951 5737 3228 5792 contraria
3262 5738 3331 5793 iis
3374 5755 3496 5812 qua:
3529 5759 3658 5813 pro-
