4226 6468
700 497 807 555 999

776 615 920 669 Vns
973 611 1065 666 28.
1094 609 1300 663 Rursus
1329 623 1496 670 sume.

773 703 909 760 Vide
950 702 1186 757 divinam
1231 694 1646 770 benignitatem,
1680 705 1806 766 post
1849 705 2051 749 tantam
2085 704 2263 750 contu-

703 797 952 856 maciam,
1003 804 1192 846 rursus
1243 789 1375 859 ipsis
1423 776 1777 843 eonsulentis.
1829 783 1943 839 Nos
1976 798 2107 839 vero
2137 796 2278 851 saepe

703 887 953 940 timentes
998 896 1067 936 ne
1117 877 1278 936 nobis
1326 893 1432 933 non
1481 885 1771 948 pareatur,
1833 889 2008 946 neque
2058 874 2278 928 omnino

699 975 1135 1030 adhortationem
1167 970 1510 1034 adhibemus,
1541 967 1626 1022 vel
1655 964 1822 1022 semel
1848 966 1992 1036 quod
2019 965 2072 1018 in
2098 973 2278 1018 mente

698 1075 816 1121 erat
831 1079 936 1120 non
959 1061 1218 1126 assecuti,
1245 1060 1500 1130 injuriam
1521 1057 1683 1113 nobis
1703 1057 2036 1112 arbitramur
2051 1055 2276 1120 illatam,

698 1171 797 1211 nec
831 1155 1025 1209 iterum
1078 1149 1280 1218 alloqui
1327 1148 1681 1210 sustinemus,
1721 1144 1832 1198 Deo
1885 1149 2092 1197 tantum
2143 1139 2280 1194 tole-

697 1260 850 1305 rante
888 1245 1273 1302 contumeliam
1328 1241 1708 1297 combustione
1754 1238 1920 1301 libri,
1970 1246 2024 1292 et
2067 1235 2279 1290 insidiis

695 1351 882 1396 contra
936 1338 1251 1408 prophetas.
1297 1334 1501 1389 Omnes
1545 1331 1723 1384 futura
1775 1329 1919 1383 scire
1964 1326 2170 1390 Volunt,
2212 1341 2276 1380 ea

697 1440 875 1483 tamen
899 1442 1020 1498 qua:
1045 1439 1203 1479 aures
1230 1438 1336 1478 non
1357 1417 1689 1485 demulcent,
1712 1419 1904 1472 audire
1927 1432 2034 1471 non
2067 1415 2272 1470 ferunt.

694 1520 978 1589 Propheta:
1014 1530 1144 1570 vero
1169 1527 1348 1569 sermo
1379 1526 1516 1566 unus
1561 1523 1778 1576 semper
1805 1518 1908 1572 est,
1936 1517 1991 1561 et
2021 1506 2073 1560 in
2106 1505 2277 1559 hono-

695 1621 880 1666 rantes
930 1607 1078 1663 omni
1117 1604 1430 1659 adulatione
1471 1615 1688 1657 carens.
1725 1597 1977 1654 Ostendit
2005 1607 2186 1651 autem
2218 1609 2277 1650 se

696 1703 825 1757 nulli
855 1701 1106 1768 injuriam
1159 1697 1364 1762 facere,
1393 1695 1521 1750 dum
1551 1708 1679 1748 vera
1730 1689 1885 1755 dicit,
1919 1703 2020 1742 nec
2051 1687 2272 1755 dignum

693 1793 785 1864 qui
819 1790 1046 1847 vinculis
1077 1788 1407 1845 detineatur.
1439 1783 1571 1840 illud
1591 1790 1770 1837 autem
1799 1777 2048 1832 Eleuioth
2078 1775 2275 1847 Aquila

691 1883 942 1954 exposuit
971 1881 1238 1936 olﬁcinas.

1486 485 2050 546 SUPI'LEHENTUH
2091 488 2180 543 AD
2221 489 2278 546 S.
2315 490 2365 545 J.
2403 487 2899 548 CllliYSOS'l'Olll
2935 494 3189 551 OPERA.

2314 614 2359 669 Α
2454 609 2650 663 Πάλιν
2675 610 2844 664 λάϐε.

3826 495 3964 556 ιουο

2456 704 2598 769 Ὅρα
2638 701 2733 755 τοῦ
2761 701 2896 754 Θεοῦ
2926 703 3024 772 τὴν
3059 699 3491 772 φιλανθρωπίαν,
3523 699 3662 770 μετὰ
3688 703 3960 773 τοσαύτην

2381 792 2668 846 ἀπείθειαν
2707 793 2870 845 πάλιν
2923 793 3109 855 αὐτοῖς
3146 790 3629 862 συμϐουλεύοντος.
3677 791 3872 862 Ἡμεῖς
3903 792 3960 846 δὲ

2383 882 2642 946 πολλάκις
2678 884 2993 939 ἀντίστασιν
3045 885 3468 950 ὑποπτεύοντες,
3517 884 3616 955 τὴν
3645 885 3818 956 ἀρχὴν
3839 885 3961 939 οὐδὲ

2382 975 2780 1046 παραινοῦμεν,
2829 975 2863 1046 ἦ
2911 975 3030 1039 πῶς
3069 976 3218 1041 ἅπαξ
3271 976 3662 1046 ἀποτυχόντες,
3701 977 3861 1050 ὕϐριν
3901 976 3962 1030 τὸ

2381 1067 2572 1137 χρῆμα
2593 1068 2908 1138 νομίζομεν,
2942 1067 3039 1120 καὶ
3087 1068 3254 1122 πάλιν
3282 1067 3464 1136 λέγειν
3492 1069 3594 1122 οὐκ
3629 1068 3957 1140 ἀνεχόμεθα,

2380 1157 2515 1211 Θεοῦ
2546 1158 2817 1230 τοσαύτην
2843 1158 3237 1230 ὑπομείναντος
3289 1159 3449 1230 ὕϐριν
3480 1159 3613 1229 περὶ
3635 1161 3736 1229 τὴν
3763 1161 3961 1214 καῦσιν

2379 1249 2474 1303 τοῦ
2504 1249 2732 1320 βιϐλίου,
2758 1250 2983 1305 καὶτῶν
3014 1250 3312 1322 προφητῶν
3335 1251 3434 1322 τὴν
3461 1250 3778 1321 ἐπιϐουλήν.
3818 1251 3960 1304 Πάν-

2379 1357 2471 1402 τες
2527 1339 2752 1409 ζητοῦσι
2802 1340 2864 1393 τὸ
2909 1339 3123 1409 μέλλον,
3156 1340 3540 1394 ὑπακούεινοδὲ
3561 1343 3674 1405 τοῖς
3717 1343 3792 1412 μὴ
3833 1342 3956 1395 καθ’

2377 1429 2576 1500 ήδονήν
2603 1429 2704 1482 οὐκ
2727 1429 3031 1499 ἀνέχονται.
3079 1425 3175 1493 Εἷς
3215 1431 3272 1485 δὲ
3321 1433 3351 1484 6
3383 1430 3543 1500 λόγος
3573 1431 3662 1486 ἀεὶ
3701 1431 3796 1484 τοῦ
3823 1447 3958 1502 προ-

2379 1521 2575 1591 φήτου,
2604 1523 2701 1574 καὶ
2747 1521 3115 1586 ἀκολάκευτος
3139 1523 3276 1589 πρὸς
3325 1523 3453 1586 τοὺς
3501 1521 3775 1592 τιμῶντας
3812 1520 3956 1595 [ἀτι-

2381 1612 2644 1685 μῶντας].
2679 1611 2932 1668 Δείκνυσι
2965 1613 3044 1677 δὲ,
3076 1615 3160 1667 ὅτι
3194 1615 3268 1684 μὴ
3301 1614 3478 1667 ἀδικεῖ
3518 1612 3691 1681 λέγων
3723 1612 3952 1681 τάληθῆ,

2381 1702 2517 1774 μηδὲ
2549 1704 2699 1770 ἄξιός
2728 1704 2848 1757 ἐστι
2879 1704 3149 1775 φυλακῆς,
3180 1705 3239 1757 τὸ
3263 1703 3323 1757 δὲ
3361 1703 3656 1768 Ἐλενιὼθ,
3723 1702 3952 1768 Ἀκύλας

2377 1795 2643 1862 ἐξέδωκεν
2671 1794 3059 1865 ἐργαστήρια.

765 1976 932 2031 Vens.
987 1973 1078 2028 52.
1130 1969 1198 2025 Et
1255 1976 1513 2039 pratsrea
1587 1962 1761 2018 additi
1831 1969 1953 2016 sunt
2015 1973 2276 2016 sermones
2308 1959 2350 2014 Β

2106 1973 2276 2013 Non“
2308 1959 2350 2014 Β
2447 1979 2557 2030 Ita:
2583 1976 3045 2045 προσετέθησαν
3082 1975 3243 2042 αὐτῷ
3270 1978 3443 2049 λόγοι
3476 1980 3775 2047 πλείονες.

690 2071 891 2141 plures.

762 2156 828 2212 lli
857 2156 963 2213 ﬁde
993 2153 1142 2227 digni
1170 2161 1347 2209 erant.

1263 2278 1416 2337 CAP.
1445 2273 1710 2332 XXXVII.

760 2425 925 2479 Vsus.
953 2422 1007 2476 4.
1047 2418 1113 2473 Et
1147 2418 1430 2473 audierunt
1459 2411 1700 2469 Chaldm’
1729 2410 1928 2480 famam
1956 2420 2161 2462 eorum.

757 2518 869 2573 Cur
911 2529 1044 2570 vero
1088 2510 1326 2567 Chaldmi
1382 2503 1681 2562 recedunt?
1725 2508 1785 2556 ut
1833 2497 1982 2555 omni
2027 2510 2096 2549 ex
2123 2499 2277 2563 parte

689 2607 891 2665 Judazis
913 2606 1133 2679 planum
1172 2601 1328 2656 ﬂeret
1363 2613 1459 2655 eos
1487 2612 1594 2652 non
1617 2593 1825 2650 viribus
1853 2587 2087 2679 propriis
2111 2599 2275 2655 expe-

691 2676 955 2756 ditionem
1010 2692 1335 2762 suscepisse,
1373 2686 1574 2744 bellum
1609 2683 1870 2754 gessisse,
1913 2677 2010 2733 sed
2041 2676 2135 2733 illo
2160 2689 2277 2746 per-

695 2794 968 2848 mittente.

761 2884 926 2938 Vsns.
971 2880 1025 2935 8.
1057 2876 1324 2944 Quoniam
1355 2859 1430 2928 sic
1460 2871 1622 2925 dixit.

764 2973 900 3028 Cum
935 2969 1081 3025 enim
1129 2967 1271 3021 Deus
1308 2979 1404 3035 per
1438 2962 1648 3030 aliquos
1692 2956 1898 3025 aliquid
1933 2947 2114 3009 facere
2139 2949 2273 3014 vult,

691 3065 867 3135 primo
897 3062 1019 3117 illos
1045 3057 1287 3113 ostendit
1332 3053 1603 3114 inﬁrmos,
1637 3055 1697 3102 ut
1727 3048 1803 3102 illi
1835 3055 2005 3100 totum
2036 3041 2278 3097 ascriba-

692 3167 798 3211 tur.
829 3153 982 3220 Quod
1019 3151 1108 3205 hic
1134 3148 1300 3202 etiam
1327 3144 1534 3201 evenit.

689 3302 692 3306 ,
767 3244 929 3300 Vens.
962 3242 1049 3305 10,
1085 3241 1172 3295 Η.
1199 3237 1268 3292 Et
1297 3239 1499 3308 factum
1534 3240 1613 3287 est
1634 3229 1846 3302 quando
1875 3223 2106 3281 ascendit
2129 3236 2278 3276 exer-

2449 2153 2608 2213 υῦτοι
2637 2156 2945 2225 ἀξιόπιστοι
2969 2154 3132 2230 ἦσαν.

2939 2289 3192 2345 ΚΕΦΔΛ.
3235 2292 3357 2345 ΛΖ¹.

2448 2427 2559 2483 Καὶ
2582 2426 2865 2496 ἤκουσαν
2887 2428 2942 2479 ol
2963 2424 3272 2480 Χαλδαῖοι.

2447 2519 2606 2581 Τίνος
2631 2518 2818 2571 ἕνεκεν
2850 2516 3228 2588 ἀναχωροῦσιν
3274 2517 3326 2571 οἱ
3377 2517 3634 2572 Χαλδαῖοι
3663 2534 3678 2584 ;
3704 2519 3791 2573 ἵνα
3821 2520 3956 2575 πᾶν·

2376 2603 2535 2658 τοθεν
2578 2601 2824 2674 μάθωσιν
2847 2603 2897 2655 οι
2946 2602 3217 2668 Ἰουδαῖοι,
3247 2603 3331 2656 ὅτι
3375 2602 3478 2657 οὐκ
3516 2605 3694 2676 οίκεία
3724 2605 3955 2676 δυνάμει

2377 2694 2615 2765 ἐπῆλθον
2645 2694 2828 2756 αὐτοῖς
2866 2694 2961 2745 καὶ
2991 2692 3361 2764 ἐπολέμησαν,
3389 2693 3505 2748 ἀλλ’
3529 2693 3697 2749 αὑτοῦ
3738 2712 3952 2768 συγχιιυ·⁵

2378 2787 2664 2857 ρήσαντος.

2453 2878 2583 2929 Ὀτι
2613 2875 2810 2939 οὕτως
2837 2871 2992 2930 εἷπε.

2450 2966 2620 3018 Ὅταν
2651 2965 2760 3036 γὰρ
2795 2963 3055 3034 βούληταί
3085 2980 3135 3016 τι
3182 2964 3272 3018 διά
3296 2982 3456 3019 τινων
3490 2968 3518 3020 6
3546 2966 3679 3027 Θεὸς
3722 2967 3954 3039 ἐργάζει

2379 3055 2526 3119 σθαι,
2563 3054 2783 3126 πρῶτον
2813 3054 3008 3117 αὐτοὺς
3036 3053 3310 3109 δείκνυσιν
3347 3056 3615 3124 ἀσθενεῖς,
3644 3058 3733 3113 ῐνα
3758 3059 3818 3112 τὸ
3848 3061 3955 3114 πᾶν

2377 3147 2544 3201 αὑτοῦ
2571 3145 2830 3217 νομισθῇ.
2866 3147 2932 3200 Ὃ
2976 3145 3069 3199 καὶ
3099 3145 3337 3201 ἐνταῦθα
3363 3148 3604 3217 γέγονεν.

2463 3237 2730 3309 Ἐγένετο
2769 3235 2858 3300 δὲ,
2899 3235 2980 3302 ὠς
3031 3233 3213 3304 ἀνέϐη
3266 3238 3304 3305 ἠ
3353 3236 3608 3307 δύναμις
3647 3235 3765 3291 τῶν
3797 3239 3956 3293 Χαλ-

631 3331 648 3348 ’
689 3305 825 3396 citus
860 3338 1232 3394 Chaldaeorum
1263 3305 1307 3384 ιι-
1322 3325 1620 3384 Jerusalem
1650 3340 1684 3376 a
1708 3320 1847 3388 facie
1868 3312 2276 3372 exercitusPha-

2303 3305 2345 3360 C
2377 3305 2563 3384 δαίων·
2589 3328 2710 3383 ἀπὸ
2751 3328 3164 3397 Ἰερουσαλὴμ.
3204 3328 3324 3382 ἀπὸ
3355 3305 3680 3395 προάώπου
3709 3327 3818 3393 τῆς
3853 3327 3956 3384 δυ.

692 3435 897 3495 raonis,
938 3443 1175 3498 egressus
1215 3434 1289 3479 est
1337 3419 1598 3476 Jeremias
1615 3411 1913 3470 Jerusalem
1933 3450 1948 3475 ,
1973 3418 2027 3462 et
2049 3419 2168 3477 quae
2191 3418 2277 3458 se-

1043 3609 1295 3660 asserunt
1341 3595 1672 3669 Babylonios
1728 3592 1783 3645 in
1832 3587 1974 3644 bello
2015 3587 2275 3640 εόνθτδυε

692 3705 975 3775 ιΕεγριίοε
1006 3712 1113 3754 non
1153 3695 1224 3749 ob
1256 3693 1454 3746 virium
1495 3684 1924 3743 imbecillitatem
1961 3678 2150 3746 pedem
2185 3690 2271 3731 re-

692 3768 906 3859 tulisse,
938 3792 1035 3846 sed
1059 3789 1126 3845 ob
1158 3785 1302 3856 regis
1328 3781 1666 3845 absentiam;
1696 3790 1882 3832 verum
1916 3773 2022 3827 hoc
2049 3768 2273 3824 minime

690 3891 758 3945 ad
813 3902 926 3942 rem
979 3883 1162 3937 facere
1209 3877 1466 3933 existimo
1503 3884 1721 3940 :nequo
1772 3868 1921 3922 enim
1972 3863 2027 3917 in
2076 3859 2275 3916 ultimo

691 3978 908 4034 excidio
940 3985 1184 4045 praesens
1215 3974 1355 4023 erat.
1384 3967 1454 4018 At
1475 3965 1528 4017 in
1563 3960 1786 4015 Deblata
1815 3963 1938 4027 post
1975 3963 2274 4009 extremam

695 4069 848 4124 urbis
895 4044 1106 4121 ruinam
1137 4059 1394 4116 Sedecias
1431 4053 1831 4108 adductus'est.
1863 4048 1932 4101 At
1962 4044 2157 4114 opinor
2182 4054 2276 4094 eos

695 4175 855 4230 pares
892 4155 1129 4211 hostium
1173 4147 1653 4204 multitudini.non
1705 4139 1962 4197 habuisse
2015 4137 2185 4196 vires,
2226 4140 2279 4184 et

696 4224 863 4307 benm
918 4248 1024 4304 illis
1069 4255 1130 4300 ut
1163 4243 1327 4314 justis
1361 4237 1683 4294 auxiliatum
1735 4231 1926 4294 fuisse,
1977 4224 2280 4282 reddidisse

696 4355 878 4398 autem
928 4338 1184 4412 populum
1217 4338 1285 4390 ob
1313 4330 1630 4402 iniquitates
1686 4321 2035 4380 imbecillem.
2086 4315 2280 4370 Dicere

696 4437 879 4502 itaque
905 4407 1016 4495 est,
1045 4427 1366 4499 praedixisse
1407 4422 1575 4478 Deum
1612 4417 1816 4479 futura,
1847 4427 1952 4468 non
1984 4408 2127 4480 quod
2164 4407 2280 4474 ipse

695 4525 1034 4582 calamitates
1094 4517 1347 4581 inferret,
1407 4523 1462 4569 et
1513 4511 1753 4566 minatus
1803 4521 1865 4560 ea
1918 4517 2042 4573 quas
2099 4499 2280 4554 futura

2376 3413 2609 3483 νὰμεως
2635 3412 2864 3480 Φαραὼ,
2892 3411 3154 3482 ἐξῆλθεν
3187 3414 3472 3483 Ἱερεμίας
3497 3415 3617 3469 ἀπὸ
3655 3415 3955 3484 Ἰερουσα-

2371 3506 2520 3575 λὴμ,
2557 3506 2650 3558 καὶ
2672 3504 2742 3558 τὰ
2763 3503 2908 3575 ἑξῆς.

2448 3595 2607 3658 Τινές
2637 3610 2822 3663 φασιν,
2849 3594 2925 3658 ὼς
2954 3594 3056 3647 οὐκ
3084 3593 3341 3664 ἀσθενείᾳ
3380 3593 3718 3648 Βασυλὼνιοι
3751 3593 3957 3666 ἀνεχώ-

2377 3703 2574 3758 ρησαν,
2601 3683 2919 3753 Αἰγυπτίων
2959 3683 3366 3755 πολεμούντων,
3408 3683 3522 3737 ἀλλ’
3550 3684 3627 3748 ὡς
3669 3685 3764 3740 τοῦ
3801 3687 3956 3756 βασι-

2376 3778 2509 3840 λέως
2535 3777 2611 3847 μὴ
2633 3775 2903 3846 παρόντος
2922 3789 2940 3806 ο
2975 3770 3130 3844 οἶμαι
3160 3775 3217 3828 δὲ
3267 3775 3528 3845 περιττὸν
3573 3773 3714 3830 εἶναι
3747 3777 3839 3830 τὸν
3867 3777 3956 3831 λόο

2377 3885 2472 3936 γον
2493 3867 2703 3920 τοῦτον·
2732 3866 2852 3920 οὐδὲ
2874 3867 2984 3936 γὰρ
3002 3869 3058 3921 ὲν
3081 3869 3147 3937 τῇ
3174 3867 3377 3938 ἐσχάτῃ
3396 3866 3596 3921 ἁλώσει
3625 3885 3700 3920 πα
3710 3868 3829 3939 ρῆν.
3864 3869 3956 3925 Ἐν

2377 3959 2509 4028 γοῦν
2525 3963 2590 4031 τῇ
2613 3958 2862 4013 Δεδλαθᾶ
2878 3960 2905 4012 ό
2929 3959 3184 4020 Σεδεκίας
3203 3958 3488 4030 ἀπηνέχθη
3516 3959 3656 4029 μετὰ
3673 3960 3772 4031 τὴν
3795 3961 3957 4030 ἐσχά-

2378 4068 2479 4122 την
2507 4051 2712 4104 ἀλωσιν
2752 4054 2851 4121 τῆς
2905 4050 3136 4112 πόλεως.
3176 4049 3447 4120 Ἠγοῦμαι
3507 4050 3706 4116 τοίνυν,
3739 4051 3814 4115 ὠς
3856 4055 3957 4106 οὐκ

2379 4141 2674 4212 ἀξιόμαχον
2714 4137 2858 4210 εἶχον
2911 4140 3143 4210 δύναμιν
3199 4139 3335 4210 πρὸς
3391 4140 3453 4193 τὸ
3507 4142 3615 4193 τῶν
3680 4142 3956 4212 πολεμίων

2381 4232 2607 4303 πλῆθος,
2641 4234 2739 4287 καὶ
2784 4232 2915 4295 Θεὸς
2949 4232 3006 4285 δὲ
3037 4232 3222 4294 αὐτοῖς
3274 4232 3350 4295 ὡς
3375 4232 3608 4296 δικαίοις
3650 4235 3954 4304 ἐπήμυνεν,

2380 4324 2767 4395 ἀσθενέστερον
2809 4324 2865 4376 δὲ
2910 4324 3001 4376 τὸν
3050 4323 3176 4376 λαὸν
3202 4323 3291 4375 διὰ
3324 4325 3423 4386 τάς
3463 4323 3743 4395 ἁμαρτίας
3769 4325 3959 4394 εἱργά-

2384 4435 2534 4470 σατο.
2575 4415 2733 4472 Ἐστι
2772 4416 2956 4472 τοίνυν
3011 4417 3077 4469 ὲκ
3119 4414 3311 4468 τούτου
3360 4417 3558 4481 είπεῖν,
3605 4416 3787 4470 ὅτιτά
3832 4417 3962 4486 μὲλ-

2382 4507 2538 4560 λοντα
2592 4507 2912 4561 ἀποϐαίνειν
2953 4508 3185 4576 προεῖπε
3212 4505 3366 4570 Θεὸς,
3392 4505 3494 4558 οὐκ
3539 4507 3700 4569 αὐτὸς
3737 4508 3960 4575 ἐπάγων

696 4627 852 4671 erant
905 4615 1208 4680 denegante
1259 4609 1374 4676 ipso
1409 4600 1694 4656 auxilium.
1749 4595 1923 4649 Porro
1954 4605 2137 4646 sermo
2176 4589 2282 4644 iste
2313 4631 2356 4685 Β

2313 4631 2356 4685 D
2383 4597 2482 4661 τὰς
2513 4599 2822 4668 συμφορὰς,
2867 4598 2983 4652 ἀλλ’
3017 4596 3260 4651 ἀπειλῶν
3289 4597 3358 4649 τά
3383 4597 3637 4667 ἐσόμενα,
3674 4600 3766 4650 καὶ
3793 4602 3868 4670 μὴ
3900 4601 3959 4652 τὸ

696 4706 994 4762 universim
1046 4679 1195 4756 utilis
1243 4705 1348 4752 est.
1386 4692 1502 4750 Non
1541 4689 1668 4760 quia
1705 4688 1848 4741 Deus
1895 4679 2162 4753 praedicit,
2194 4693 2280 4732 res

698 4797 978 4859 eveniunt,
1019 4792 1112 4848 sed
1154 4788 1444 4859 prwsciens
1479 4785 1525 4838 is
1553 4798 1614 4837 ea
1648 4775 1999 4848 praenuntiat,
2043 4771 2172 4840 quia
2207 4770 2280 4823 ita

698 4889 891 4943 futura:
921 4892 1076 4952 sunt;
1098 4883 1177 4938 sic
1200 4881 1365 4951 igitur
1389 4872 1734 4944 intelligenda
1757 4881 1811 4924 et
1829 4881 1950 4937 qum
1973 4865 2040 4919 de
2064 4862 2282 4917 Christo

700 4976 972 5050 propheta:
1019 4973 1299 5030 vaticinati
1349 4975 1507 5033 sunt,
1555 4974 1610 5020 et
1649 4977 1770 5033 quae
1815 4957 1967 5013 Iuda:
1997 4971 2026 5010 a
2060 4953 2282 5009 Christo

701 5077 844 5130 facta
876 5072 977 5126 fuit
1007 5066 1309 5140 praedictio.

768 5258 932 5315 Vxns.
971 5255 1058 5309 12.
1091 5253 1157 5308 Et
1185 5252 1284 5322 [uit
1329 5251 1440 5318 ipse
1470 5247 1526 5299 in
1561 5243 1770 5298 civitate
1798 5237 2100 5307 Benjamin,
2134 5245 2182 5289 et
2208 5233 2281 5286 ibi

699 5361 877 5414 homo,
933 5348 1074 5416 apud
1108 5360 1258 5414 quem
1308 5338 1597 5394 divertebat
1650 5333 1908 5392 Ammius,
1955 5337 2004 5382 et
2041 5341 2282 5394 compre-

595 5483 599 5491 υ
698 5445 874 5500 luendi!
916 5438 1201 5494 leremium
1254 5433 1582 5503 prophetam,
1623 5427 1801 5478 dicens
1833 5437 1851 5476 :
1883 5419 1961 5472 Ad
2001 5417 2280 5474 εάαίάωοε

891 5532 968 5567 in?

891 5536 901 5546 '
945 5535 968 5567 ν

699 5535 1096 5691 ωιίίιυθιίῒρριιά
1135 5633 1288 5689 quem
1337 5611 1650 5675 divertebat,
1691 5607 1833 5663 idem
1865 5613 1947 5659 est
1973 5619 2034 5660 ac
2065 5603 2110 5659 si
2138 5603 2282 5657 dice-

701 5727 785 5775 ret
815 5735 830 5773 :
858 5714 1009 5784 Apud
1048 5727 1230 5783 quem,
1269 5711 1395 5762 dum
1447 5705 1550 5759 iter
1598 5701 1844 5764 haberet,
1888 5710 2111 5752 manere
2155 5709 2282 5751 con-

703 5817 975 5868 sueverat.

775 5900 938 5955 Vitis.
969 5897 1058 5951 Η.
1085 5892 1154 5948 Et
1183 5891 1510 5948 tradiderunt
1556 5901 1672 5942 eum
1702 5885 1757 5938 in
1787 5885 2000 5937 domum
2050 5883 2278 5938 carceris

2385 4687 2598 4760 βοηθεῖν
2640 4689 2965 4760 ἀπειλήσας.
2999 4691 3286 4760 Χρήσιμος
3313 4688 3370 4742 δὲ
3407 4681 3561 4752 οὗτος
3588 4689 3618 4741 6
3647 4689 3804 4758 λόγος
3838 4691 3960 4744 καθ’

2382 4779 2524 4834 ὅλου.
2567 4780 2691 4838 Ὅτι
2754 4781 2853 4832 οὐκ
2899 4779 3087 4848 ἐπειδὴ
3142 4778 3398 4849 προλέγει
3459 4777 3592 4835 Θεὸς¹
3635 4779 3845 4848 γίνεται
3892 4781 3961 4834 sit

2382 4867 2706 4938 πράγματα,
2737 4867 2852 4921 ἀλλ’
2882 4867 3071 4939 ἐπειδὴ
3107 4865 3243 4921 εἶναι
3291 4868 3475 4938 μέλλει
3508 4869 3641 4934 Θεὸς
3693 4871 3960 4941 προειδὼς

2383 4958 2692 5031 προμηνύει
2718 4975 2729 4988 ·
2762 4958 2904 5012 οὕτω
2932 4960 3064 5026 γοῦν
3094 4959 3187 5013 καὶ
3212 4960 3281 5014 τά
3302 4963 3434 5032 περὶ
3456 4960 3696 5033 Χριστοῦ
3727 4963 3832 5015 ὑπὸ
3854 4962 3964 5015 τῶν

2386 5051 2688 5122 προφητῶν
2739 5051 3006 5120 εἰρημένα
3039 5050 3183 5104 ἐστιν
3216 5051 3484 5114 ἐκλαϐεῖν,
3522 5053 3619 5108 καὶ
3648 5053 3748 5124 τὴν
3790 5053 3960 5107 Ἰούδα

2385 5144 2538 5215 παρὰ
2567 5142 2662 5197 τοῦ
2699 5143 2936 5213 Χριστοῦ
2966 5143 3270 5216 πρόρρησιν
3294 5146 3616 5216 γενομένην.

2453 5236 2560 5291 Καὶ
2608 5236 2848 5305 ἐγένετο
2879 5235 3065 5301 αὐτὸς
3098 5235 3169 5288 ἐν
3195 5235 3272 5304 τῇ
3303 5238 3479 5291 πόλει
3511 5235 3816 5307 Βενιαμὶν,
3860 5240 3958 5292 καὶ

2381 5327 2509 5382 ἐκεῖ
2546 5328 2858 5396 ἄνθρωπος
2907 5328 3043 5394 παρ’
3091 5321 3140 5395 ᾧ
3205 5326 3503 5382 κατέλυεν
3537 5327 3746 5397 (ὄνομα
3799 5325 3960 5393 αὐτῷ

2395 5419 2786 5489 Ἅρουία),καὶ
2825 5418 3168 5475 συνέλαϐεν
3200 5420 3479 5490 Ἰερεμίαν
3491 5421 3599 5475 τὸν
3635 5418 3956 5489 προφήτην

2382 5509 2594 5580 λέγων·
2623 5511 2780 5579 Πρὸς
2812 5510 2956 5576 τοὺς
2987 5511 3330 5578 Χαλδαίους
3357 5511 3440 5566 σὺ
3463 5512 3742 5582 φεύγεις;

2453 5597 2546 5669 Τὸ,
2579 5603 2721 5670 Παρ⁹
2748 5596 2798 5669 ᾦ
2844 5603 3158 5669 κατέλυον,
3183 5604 3304 5657 ἀντὶ
3333 5603 3429 5658 τοῦ
3452 5644 3467 5670 ,
3502 5602 3640 5676 Παρ’
3677 5595 3722 5670 ᾧ
3751 5600 3957 5656 ὁδοιπο-

2386 5693 2492 5762 ρῶν
2529 5695 2712 5765 μένειν
2736 5693 2938 5747 εἰώθει.

2453 5880 2561 5936 Καὶ
2591 5878 2944 5949 παρέδωκαν
2972 5879 3158 5934 αὐτὸν
3207 5881 3293 5946 είς
3336 5879 3506 5935 οἷκον
3558 5879 3835 5946 φυλακῆς
3870 5880 3952 5945 είς
