4226 6468
298 459 438 519 1005

1399 449 1830 509 ΓΚΑΟΜΕΝΙΑ
1872 446 1937 498 ιιι
1973 445 2349 499 ιωιιιιιιιιιι.

3460 441 3481 490 1
3492 441 3595 490 υυιι

368 579 680 632 Ἄκουσον
710 573 788 644 δὴ
824 572 932 629 τὸν
963 572 1155 641 λόγον
1191 569 1432 641 Κυρίου,
1467 568 1542 624 ὃν
1568 566 1686 639 ἐγὼ
1720 562 1892 622 λαλῶ

2058 559 2215 644 Audi
2238 561 2452 644 verbum
2502 559 2741 626 Domini,
2771 560 2914 630 quod
2942 575 3035 630 ego
3066 560 3185 614 dico
3219 558 3290 612 ad
3313 567 3386 626 te,
3412 565 3463 613 st
3490 572 3598 612 tue-

293 668 445 738 πρὸς
474 669 571 735 σέ,
630 668 730 722 καὶ
769 664 1027 732 ,ϐέλτιον
1055 663 1230 720 ἔσται
1275 677 1397 731 σοι,
1441 659 1542 716 καί
1577 658 1822 730 ζήσεται
1848 658 1887 726 ἠ

291 760 465 832 ιιύκή
487 778 624 816 σου.

370 853 682 918 Τουτέστιν,
705 851 966 921 Ἀμεινόν
990 850 1074 904 σοί
1102 851 1219 903 ἐστι
1247 845 1542 919 πεισθῆναί
1565 863 1678 918 μοι,
1699 842 1890 916 καὶμὴ

295 947 616 1002 ἀπατᾶσθαι
645 947 764 1008 τοῖς
799 944 1029 998 ἐκείνων
1073 944 1280 1012 λόγοις,
1316 942 1401 996 ὅτι
1444 940 1502 994 δὲ
1550 937 1760 1009 ταύτην
1788 936 1890 1009 τὴν

296 1039 509 1092 ἔννοιαν
547 1036 748 1109 μᾶλλον
800 1037 920 1090 εστι
965 1035 1151 1090 λαϐεῖν
1182 1036 1249 1089 ἑκ
1266 1033 1376 1088 τῶν
1407 1031 1613 1106 ῥητῶν,
1647 1031 1758 1086 ἀπὸ
1780 1029 1890 1084 τῶν

296 1128 611 1184 ἀκολούθων
631 1129 696 1184 ἄν
730 1146 815 1191 τις
846 1127 1080 1182 κατίδοι.
1116 1126 1347 1195 Ἐπάγει
1373 1126 1484 1197 γὰρ
1509 1122 1676 1189 εὐθύς
1695 1139 1711 1155 ⁶

370 1221 481 1274 Kal
511 1223 564 1276 εί
598 1220 685 1291 μὴ
712 1219 910 1285 θέλεις
941 1216 1250 1282 ἐξελθεῖν·
1294 1213 1474 1284 οὗτος
1502 1219 1536 1272 ό
1571 1216 1776 1282 λόγος,
1818 1212 1894 1268 δν

296 1311 494 1377 ἕδειξέ
529 1331 635 1383 μοι
675 1312 926 1381 Κύριος·
972 1310 1129 1367 Ἰδοὺ
1167 1308 1360 1381 πᾶσαι
1395 1312 1456 1364 ai
1498 1307 1783 1380 γυναῖκες
1829 1306 1892 1360 αἱ

297 1405 842 1474 καταλελειμμέναι
880 1404 950 1458 ἐν
993 1403 1158 1471 olida
1193 1402 1508 1468 βασιλέως
1571 1398 1761 1456 Ἰούδα
1787 1397 1890 1463 ἐξ-

299 1495 549 1566 άγονται
625 1494 778 1564 πρὸς
828 1492 973 1560 τοὺς
1000 1492 1308 1559 βασιλέας
1355 1489 1719 1556 Βαϐυλῶνος
1738 1528 1755 1555 ,
1793 1487 1894 1542 καὶ

298 1585 479 1642 αὐταί
507 1585 822 1650 λέξουσιν·
860 1583 1219 1655 Ἥπάτησὰν
1242 1599 1338 1648 σε,
1370 1583 1470 1638 καί
1492 1579 1897 1652 ἠδυνήθησαν

298 1693 402 1731 σοι
427 1675 645 1745 ἄνδρες
671 1678 963 1746 είρηνικοί
1008 1692 1150 1741 σου,
1172 1674 1272 1731 καὶ
1297 1675 1372 1730 οὐ
1404 1673 1897 1742 κατισχύσουσιν

298 1768 371 1822 έν
395 1767 759 1838 όλισθήματι
792 1766 982 1834 ποδός
1032 1783 1175 1834 σου,
1235 1766 1337 1822 καί
1387 1763 1898 1834 ἀποστρέψουσιν

298 1859 420 1918 ἀπὸ
451 1858 594 1914 σοῦ.

1993 653 2102 709 lius
2138 643 2242 708 erit
2283 641 2401 717 tibi,
2438 661 2488 707 et
2520 653 2653 707 vivet
2687 652 2871 706 anima
2903 661 3017 705 tua.

2067 839 2180 896 Hoc
2210 848 2314 904 est,
2366 837 2565 894 melius
2605 851 2692 894 est
2749 849 2809 893 ut
2855 838 2985 893 mihi
3021 838 3236 903 credas,
3271 850 3373 892 nec
3403 850 3598 890 eorum

1995 932 2292 1003 decipiaris
2336 931 2704 988 sermonibus.
2761 929 2919 986 Hunc
2957 943 3123 1000 porro
3169 942 3392 984 sensum
3428 931 3604 997 magis

1993 1039 2300 1082 consonum
2345 1037 2470 1079 esse
2502 1024 2663 1079 dictis
2690 1038 2758 1078 ex
2785 1019 3250 1091 subsequentibus
3286 1018 3444 1075 facile
3477 1019 3603 1090 quis

1995 1116 2250 1190 percipit.
2287 1113 2486 1171 Subdit
2511 1117 2658 1170 enim
2690 1114 2878 1170 statim
2907 1131 2921 1167 :

2067 1207 2238 1265 Vens.
2265 1206 2362 1273 2i,
2387 1205 2479 1261 22.
2515 1205 2675 1273 Quod
2701 1207 2750 1260 si
2796 1204 3034 1261 nolueris
3069 1215 3126 1258 tu
3173 1203 3368 1256 exire:
3397 1195 3495 1256 iste
3527 1211 3601 1259 est

1994 1315 2188 1368 sermo,
2232 1314 2386 1369 quem
2416 1298 2646 1353 ostendit
2704 1298 2838 1351 mihi
2887 1297 3151 1351 Dominus
3182 1313 3200 1351 :
3230 1295 3369 1350 Ecce
3421 1312 3603 1354 ontnes

1995 1391 2247 1446 mulieres
2300 1406 2421 1460 qua:
2485 1401 2855 1444 remanserunt
2898 1389 2954 1443 in
3011 1391 3170 1442 domo
3223 1389 3361 1458 regis
3421 1386 3602 1452 Juda,

1996 1484 2288 1538 educentur
2338 1487 2410 1537 ad
2461 1483 2730 1554 principes
2777 1481 3093 1553 Babylonis,
3148 1492 3198 1542 et
3245 1481 3328 1536 Ita:
3376 1481 3549 1538 dicent
3584 1496 3604 1536 :

1999 1572 2338 1631 Seduxerunt
2369 1585 2441 1641 te,
2468 1584 2518 1631 et
2552 1574 2945 1643 prtevaluerunt
2992 1575 3092 1629 tibi
3126 1575 3226 1628 viri
3252 1574 3467 1645 paciﬁci
3502 1577 3608 1666 tui,

1998 1676 2045 1722 et
2068 1681 2173 1720 non
2203 1665 2561 1736 prmualsbunt
2593 1668 2647 1720 in
2668 1666 2972 1723 lubricitate
2996 1665 3145 1731 pedis
3167 1667 3269 1732 tui,
3297 1677 3346 1720 et
3365 1665 3610 1722 auerte»;

1999 1765 2088 1811 tur
2108 1773 2139 1810 a
2166 1763 2238 1809 te.

371 1911 690 2015 ὧουτέάιν,
708 1948 1066 2021 ’Υφεστὼσης
1086 1948 1189 2020 τῆς
1200 1947 1605 2024 ἁλώσεως-,τότε
1625 1945 1898 2018 ὁμολογήοο

2073 1944 2189 2001 Hoc
2212 1953 2318 2011 est,
2350 1961 2475 2002 cum
2511 1948 2668 2001 ruina
2696 1945 2811 2017 iam
2849 1945 3160 2014 immineat,
3217 1958 3347 2002 tunc
3396 1960 3614 2002 sermo-

304 2059 462 2098 οουσι
502 2043 614 2096 τῶν
648 2041 801 2114 ἐμῶν
844 2042 1020 2112 λόγων
1059 2041 1158 2114 τὴν
1208 2039 1496 2113 ἀλήθειαν,
1537 2039 1637 2094 καὶ
1679 2037 1898 2106 λέξουσι

303 2135 443 2208 πρὸς
466 2134 549 2200 σὲ,
579 2135 658 2200 ὡς
703 2137 753 2190 οἱ
802 2133 902 2204 τὴν
940 2135 1170 2207 είρήνην
1205 2150 1288 2187 σοι
1342 2130 1759 2204 προμηνύοντες
1791 2131 1900 2201 μάο

301 2243 405 2300 την
433 2227 754 2299 ἠπάτησαν,
790 2225 1140 2298 ἰσχυρότερον
1179 2225 1407 2278 ἐκείνων
1450 2223 1545 2277 τὸν
1585 2223 1763 2291 λόγων
1802 2220 1898 2276 σοῦ

304 2321 658 2388 νονομικότος
694 2318 808 2373 τῶν
849 2319 980 2388 παρ’
1023 2316 1163 2389 ἐμοῦ
1207 2333 1290 2371 σοι
1333 2314 1668 2387 λεγομένων.
1706 2313 1781 2368 Τὸ
1817 2313 1898 2382 δὲ,

301 2411 377 2468 ἐν
406 2411 770 2482 ὁλισθήματι
799 2410 984 2478 ποδός
1018 2425 1161 2477 σου,
1185 2408 1458 2475 τουτέστι,
1494 2406 1899 2481 Παρατρέψαν-

302 2501 398 2567 τις
430 2519 528 2557 σου
549 2503 652 2576 τὴν
685 2503 779 2556 ἐπὶ
799 2505 916 2568 τοῖς
946 2501 1182 2573 άληθῶς·
1209 2498 1530 2573 λεγομένοις
1578 2500 1787 2554 πίστιν.
1825 2499 1900 2553 Τὸ

304 2593 388 2660 δδ,
435 2594 546 2650 Καὶ
606 2595 1116 2666 ἀποστρέψουσιν
1173 2594 1295 2650 ἀπὸ
1350 2592 1470 2649 σοῦ
1497 2633 1513 2660 ,
1573 2593 1856 2647 τουτέστιν
1883 2631 1900 2656 ,

304 2686 658 2756 Αίχμάλωτοι
701 2685 1017 2758 ληφθεῖσαι,
1047 2686 1489 2759 άπαχθήσονται,
1544 2685 1644 2743 καὶ
1685 2685 1903 2750 οὐδενὸς

301 2777 664 2844 ἀπολαύσεις,
698 2772 773 2832 ὧν
800 2775 898 2831 νῦν
931 2777 1254 2843 ἀπολαύεις.

376 2868 491 2925 Kal
514 2864 693 2924 εἶπεν
723 2867 908 2935 αὐτῷ.

381 2963 494 3017 Καὶ
531 2961 642 3036 μὴν
672 2962 845 3034 χωρὶς
882 2961 1311 3034 προσδιορισμοῦ
1349 2962 1597 3036 ὤμοσας.

884 3077 1143 3131 ΚΕΦΔΛ.
1172 3078 1298 3134 ΛΘ.

384 3169 542 3244 ’Καὶ
581 3188 915 3247 κατέλαϐον
944 3191 1051 3248 τὸν
1092 3192 1378 3250 Σεδεκίαν
1418 3194 1490 3249 ἐν
1540 3193 1764 3252 Ῥασὼθ
1809 3196 1906 3250 Ἰε-

297 3279 474 3352 ριχώ.

382 3374 697 3440 Τουτέστιν,
728 3376 787 3430 ὲν
816 3379 885 3448 τῇ
917 3377 1133 3432 πεδιάδι
1156 3377 1259 3448 τῆς
1295 3379 1715 3451 Ἰερουχοῦντος.

382 3466 403 3486 “
423 3465 535 3520 Kal
555 3465 788 3520 ἔδωκαν
809 3468 998 3521 αὐτὸν
1019 3468 1172 3537 πρὸς
1188 3469 1494 3524 Γοδολίαν
1515 3471 1650 3526 υίὸν
1668 3471 1907 3542 unum.

311 3555 450 3611 υίοῦ
481 3556 718 3625 Σαρὰμ,
756 3557 858 3611 καί
891 3556 1197 3629 ἐξήγαγον
1221 3560 1413 3616 αὐτὸν
1443 3565 1534 3628 είς
1563 3564 1773 3632 Σαφὶς,
1807 3564 1906 3619 καὶ

313 3642 600 3700 ἐκάθισεν
629 3645 888 3717 ἐνμέσῳ
918 3648 1024 3704 τοῦ
1055 3650 1229 3705 λαοῦ.

391 3737 565 3809 Σαφὶς
595 3741 769 3812 ὄνομα
790 3740 976 3796 τόπου.

386 3831 498 3885 Kal
524 3832 916 3891 ἀπέστειλαν.

388 3922 503 3975 Καὶ
536 3923 588 3976 oi
620 3924 721 3994 μὲν
767 3924 1020 3996 πολέμιοι
1061 3927 1296 3981 δεθέντα
1334 3930 1428 3981 τὸν
1464 3930 1756 4001 προφήτην
1801 3930 1904 3984 uno

315 4011 428 4067 τῶν
458 4013 678 4068 οἰκείων
709 4015 941 4083 λύουσι,
990 4019 1089 4073 καὶ
1125 4018 1320 4090 κύριον
1350 4019 1578 4090 ἀφιᾶσιν
1620 4022 1745 4075 ὅποι
1780 4020 1909 4093 βού-

315 4104 466 4159 λοιτο
509 4106 876 4180 πορευθῆναι.
908 4110 974 4164 Ol
1015 4109 1073 4164 δὲ
1101 4111 1521 4183 τεσσαράκοντα
1565 4111 1662 4183 ἐτη
1708 4114 1908 4168 ἀπολε-

334 4195 600 4260 λαυκότες
630 4202 838 4269 φωνῆς,
889 4200 950 4253 οὐ
1007 4203 1350 4270 συγγένειαν,
1394 4203 1756 4276 ού.,πατρίδα,
1808 4205 1909 4260 οὐκ

318 4287 455 4343 ἄλλο
481 4289 826 4355 αἰδεσθέντες
851 4291 1029 4357 οὐδὲν,
1065 4292 1276 4364 θηρίων
1310 4294 1643 4367 ἀγριώτεροι
1676 4297 1906 4366 γεγόναο

317 4394 423 4433 σιν.
451 4379 566 4433 Kal
585 4381 708 4449 μετ’
743 4379 920 4451 ὀλίγα
939 4398 953 4412 ·
992 4381 1111 4436 Ἵνα
1131 4384 1259 4437 ὅταν
1285 4383 1368 4456 ἴδῃ
1382 4402 1398 4446 ;
1422 4385 1519 4438 καὶ
1548 4385 1643 4438 ἐπὶ
1667 4386 1908 4458 Χριστοῦ

315 4467 476 4524 τοῦτο
534 4471 850 4541 γενόμενον,
930 4474 1339 4545 σταυρούμενον
1420 4475 1527 4529 ὑπὸ
1594 4476 1904 4542 Ἰουδαίων,

316 4559 800 4631 προσκυνούμενον
854 4562 912 4614 δὲ
952 4563 1056 4617 ὑπὸ
1100 4563 1294 4625 ἐθνῶν,
1341 4565 1510 4636 μηδὲν
1563 4566 1716 4628 ξένον
1766 4565 1909 4624 εἶναι

317 4649 581 4722 νομίσῃς,
621 4651 758 4723 μηδὲ
807 4653 1138 4727 θορυϐηθῇς,
1180 4656 1318 4726 μηδὲ
1358 4657 1561 4731 λέγῃς·
1616 4659 1728 4712 Καὶ
1789 4661 1910 4726 πῶς

321 4743 387 4797 ἂν
419 4742 536 4814 ἔχοι
565 4744 747 4813 λόγον,
787 4746 879 4802 τὸν
909 4747 1002 4800 ἐπὶ
1036 4747 1284 4820 σωτηρίᾳ
1315 4750 1412 4802 καὶ¹
1459 4753 1768 4825 προστασίᾳ
1799 4770 1908 4809 πα-

327 4835 719 4906 ραγενόμενον,
752 4839 1036 4904 τοσούτοις
1067 4840 1337 4895 διαθεῖναι
1376 4847 1590 4908 κακοῖς.

391 4927 501 4982 Kal
527 4928 602 4982 οὐ
622 4928 710 4997 μὴ
738 4927 912 4983 δώσω
941 4946 1038 4986 σε.

391 5021 468 5074 Ub
497 5019 607 5091 γὰρ
645 5020 1045 5076 συναπόλλυται
1075 5023 1288 5088 δίκαιος
1320 5025 1460 5097 μετά
1496 5025 1778 5092 ἀσεϐείας.

926 5138 1181 5192 ΚΕΦΛΛ.
1209 5141 1300 5192 Μ’.

404 5248 521 5304 Καὶ
547 5249 768 5305 ἐλαϐεν
800 5253 1007 5307 αὐτόν.

399 5343 679 5398 Μανθάνει
711 5343 893 5399 λοιπὸκ
955 5348 1100 5400 τᾶσα
1135 5348 1169 5418 ἡ
1205 5348 1438 5418 στρατιὰ
1470 5349 1578 5419 τὴν
1614 5351 1773 5421 ἰσχὺν
1813 5352 1916 5423 τῆς

327 5436 695 5505 προφητείας.
714 5437 772 5490 '0
793 5437 850 5491 δὲ
876 5438 1134 5504 Σεδεκίας
1165 5438 1334 5508 ἔφυγε
1354 5455 1369 5471 ·
1403 5441 1778 5514 προσεδόκησε
1806 5445 1916 5516 γὰρ

328 5527 722 5598 παραγράφειν
743 5529 844 5601 τὴν
873 5533 1240 5604 προφητείαν.
1258 5533 1400 5588 Ἀλλ’
1428 5535 1596 5600 ἑάλω,
1623 5537 1720 5590 καὶ
1744 5537 1917 5594 δεινὸν

329 5617 437 5688 ὁρᾷ
458 5615 629 5680 πάθος
655 5633 668 5646 ·
696 5615 908 5691 μάρτυς
934 5622 1155 5690 ἐγένετο
1181 5622 1279 5694 τῆς
1308 5624 1527 5696 σφαγῆς
1552 5626 1662 5681 τῶν
1680 5628 1914 5684 παίδων.
1966 5628 1972 5633 ’

333 5705 601 5759 Τοσοῦτον
651 5709 836 5762 εῐασεν
874 5711 1162 5780 ἀνοιγῆναι
1206 5714 1337 5776 τοὺς
1369 5711 1689 5782 ὀφθαλμοὺς
1725 5717 1914 5785 αὐτοῦ,

331 5797 459 5850 ὅσον
490 5799 684 5868 μαθεῖν
712 5801 812 5864 τὰς
836 5802 1042 5866 οἰκείας
1075 5807 1384 5876 συμφοράς.
1417 5808 1529 5860 Καὶ
1560 5809 1684 5878 μετ’
1720 5811 1916 5876 ὀλίγα·

2002 2052 2130 2093 num
2157 2053 2402 2094 meorum
2425 2039 2835 2094 confitebuntur
2849 2037 3166 2105 veritatem,
3195 2047 3250 2093 et
3273 2039 3458 2094 dicent
3487 2038 3607 2104 tibi,

1999 2143 2096 2186 eos
2112 2131 2203 2200 qui
2229 2131 2322 2187 tibi
2354 2147 2544 2203 pacem
2573 2131 3043 2201 praenuntiabant,
3069 2131 3273 2187 frustra
3296 2131 3606 2202 decepisse;

2000 2221 2442 2291 quandoquidem
2474 2230 2530 2278 tu
2561 2235 2753 2277 eorum
2793 2237 3082 2279 sermones
3135 2221 3274 2279 meis
3321 2220 3474 2279 bisce
3519 2223 3609 2277 di-

2001 2311 2109 2368 ctis
2141 2312 2435 2369 validiores
2468 2313 2823 2369 existimasti.
2863 2312 2936 2369 In
2972 2314 3284 2370 lubricitate
3329 2315 3477 2385 pedis
3507 2315 3607 2380 tui,

2003 2415 2091 2461 tua
2124 2419 2292 2476 super
2320 2404 2610 2462 veracibus
2628 2404 2792 2463 dictis
2824 2405 2932 2462 fide
2963 2414 3322 2463 commutata.
3356 2405 3611 2467 Avernus

2003 2507 2092 2553 tur
2120 2515 2154 2553 α
2191 2507 2264 2564 te,
2311 2497 2545 2570 captiva:
2593 2511 2793 2570 nempe
2843 2498 3135 2564 ducentur,
3186 2509 3245 2553 et
3287 2511 3412 2568 quae
3466 2511 3623 2554 nunc-

2003 2593 2274 2665 possides,
2312 2609 2420 2650 non
2461 2594 2711 2667 potieris.

2079 2869 2244 2926 Vsus.
2276 2868 2370 2926 24.
2402 2868 2475 2926 Et
2501 2870 2638 2926 diuit
2661 2871 2731 2927 si.

2077 2963 2142 3018 Et
2173 2971 2352 3021 tamen
2383 2963 2593 3037 absque
2617 2962 2726 3022 ulla
2762 2965 3083 3022 conditione
3113 2965 3427 3037 juraverss.

2577 3075 2736 3132 CAP.
2776 3075 3029 3132 XXXIX.

2134 3192 2304 3250 Vens.
2340 3194 2394 3248 5.
2437 3193 2510 3248 Et
2549 3193 3057 3263 conprehenderunt
3088 3192 3371 3249 Sedeciam
3405 3192 3459 3246 in
3499 3190 3612 3246 Ra—

1931 3267 1974 3326 C
2010 3285 2131 3339 both
2160 3282 2427 3360 Ierichon

2083 3374 2140 3429 ld
2171 3385 2276 3440 est,
2306 3377 2358 3430 in
2387 3390 2582 3447 campo
2615 3375 3022 3432 Jericbuntino.

2078 3466 2102 3490 *
2137 3466 2300 3522 Vens.
2326 3466 2414 3523 14.
2440 3467 2512 3521 Et
2545 3468 2802 3522 dederunt
2854 3483 2976 3523 eum
2997 3467 3068 3522 ad
3119 3464 3400 3521 Codolium
3438 3467 3618 3536 ﬁlium

2012 3560 2263 3614 Achicam
2284 3559 2386 3628 ﬁlii
2425 3559 2692 3630 Sapham,
2725 3571 2776 3615 et
2804 3568 3110 3616 eduxerunt
3145 3576 3267 3615 eum
3305 3561 3361 3614 in
3399 3559 3619 3628 Snphis,

2011 3661 2062 3705 et
2091 3651 2226 3705 sedit
2253 3652 2309 3705 in
2338 3651 2511 3705 medio
2535 3656 2738 3720 populi.

2086 3736 2284 3806 Sapbis
2312 3753 2510 3793 nomen
2551 3749 2635 3794 est
2665 3739 2791 3795 loci.

2087 3824 2154 3877 Et
2174 3827 2454 3881 miserunt.

2085 3917 2154 3970 Et
2197 3918 2384 3974 hostes
2454 3919 2672 3986 quidem
2726 3923 2968 3977 vinctum
3039 3942 3068 3978 ιι
3117 3930 3234 3981 suis
3294 3930 3616 4002 prephetam

2013 4005 2264 4077 solvunt,
2291 4010 2516 4082 ejusque
2535 4013 2856 4084 relinquunt
2884 4016 3153 4073 voluntati
3186 4020 3270 4075 ire
3296 4035 3405 4076 nuo
3436 4021 3616 4081 vellet.

2014 4103 2116 4171 Qui
2142 4119 2274 4161 vero
2308 4120 2406 4188 per
2438 4098 2808 4178 quadraginta
2853 4124 3028 4165 annos
3068 4112 3217 4167 vocis
3242 4107 3388 4169 illius
3411 4115 3617 4171 beneﬁ-

2017 4198 2103 4252 cio
2135 4199 2216 4252 usi
2260 4209 2407 4266 sunt,
2440 4215 2548 4254 mn
2605 4201 3018 4269 cognationem,
3047 4219 3155 4258 non
3209 4206 3461 4274 patriam,
3510 4223 3617 4264 non

2015 4287 2295 4359 quidpiam
2365 4291 2511 4346 aliud
2552 4292 2738 4359 veriti,
2777 4291 2980 4348 belluis
3040 4293 3170 4359 ipsis
3229 4311 3337 4352 non
3398 4297 3618 4354 fuerunt

2016 4379 2388 4439 humaniores.
2445 4381 2517 4438 Et
2580 4402 2698 4454 post
2757 4401 2954 4455 pauca.
3046 4390 3115 4445 Ut
3170 4403 3293 4442 cum
3361 4390 3504 4445 idem
3566 4392 3619 4448 in

2016 4471 2239 4529 Christo
2257 4474 2482 4541 videris,
2507 4491 2631 4531 eum
2656 4476 2874 4532 scilicet
2897 4477 2952 4532 in
2993 4491 3218 4533 crucem
3244 4492 3273 4532 a
3292 4476 3501 4536 Judaeis
3529 4498 3617 4536 :tc-

2019 4575 2155 4631 tum,
2182 4581 2212 4621 a
2253 4568 2510 4652 gentibus
2543 4583 2672 4624 vero
2720 4569 3030 4636 adoratum,
3057 4570 3196 4626 nihil
3237 4575 3362 4627 novi
3419 4572 3620 4627 factum

2020 4659 2328 4725 arbitreris,
2366 4675 2545 4731 neque
2572 4662 2766 4717 dicas:
2804 4662 2921 4729 Qua
2960 4663 3174 4720 ratione
3212 4667 3418 4720 iactum
3447 4678 3616 4722 estut

2019 4753 2066 4808 is
2097 4753 2186 4822 qui
2221 4754 2287 4807 ad
2321 4753 2555 4810 salutem
2583 4757 3073 4828 defensionemque
3113 4759 3287 4824 venit,
3319 4761 3487 4815 tantis
3517 4777 3614 4814 ma-

2021 4845 2084 4899 lis
2112 4844 2339 4900 allecttts
2371 4845 2478 4900 sit?

2092 4937 2262 4993 Vens.
2301 4939 2388 4992 17.
2418 4931 2490 4995 Et
2517 4958 2622 4996 non
2647 4942 2859 4996 tradam
2882 4954 2952 4998 te.

2096 5032 2282 5104 Neque
2307 5035 2461 5090 enim
2501 5039 2638 5104 perit
2672 5050 2776 5089 una
2807 5050 2933 5090 cum
2962 5035 3130 5106 impio
3159 5036 3360 5107 justus.

2669 5148 2824 5205 CAP.
2853 5147 2969 5203 XL.

2110 5265 2272 5318 Vsus.
2301 5265 2355 5319 2.
2391 5264 2461 5318 Et
2485 5265 2608 5319 tulit
2640 5281 2758 5320 eum
2780 5267 3029 5336 princeps
3061 5280 3372 5335 coquorttm.

2102 5357 2342 5427 Percipit
2374 5358 2595 5414 tandem
2651 5366 2940 5415 universus
2993 5359 3276 5414 exercitus
3326 5358 3629 5428 prophetiae

2027 5449 2156 5504 vim.
2192 5447 2454 5505 Sedecias
2482 5465 2610 5505 vero
2645 5450 2820 5522 fugit;
2849 5453 3078 5522 putabat
3111 5452 3258 5507 enim
3285 5449 3626 5520 prophetiam

2029 5540 2257 5606 irritam_
2304 5539 2508 5598 facere.
2561 5541 2667 5598 Sed
2703 5556 2898 5612 captus
2940 5554 3046 5609 est,
3103 5552 3158 5597 et
3208 5541 3446 5610 ingentis
3499 5538 3629 5594 mali

2032 5627 2308 5700 spectator
2333 5631 2426 5700 tit;
2461 5634 2619 5690 testis
2650 5635 2890 5692 ﬁliorum
2944 5635 3097 5690 necis
3123 5631 3244 5697 fuit,
3273 5641 3328 5688 et
3359 5645 3426 5686 eo
3458 5644 3632 5700 usque

2029 5726 2145 5794 ejus
2186 5727 2374 5783 oculos
2417 5735 2636 5796 apertos
2682 5742 2807 5782 esse
2851 5728 3041 5793 voluit,
3086 5727 3261 5792 quoad
3322 5723 3455 5778 vidit
3501 5738 3632 5777 suas

2029 5833 2321 5873 aerumnas.
2354 5816 2420 5871 Et
2444 5829 2559 5887 post
2589 5833 2781 5886 pauca.
2811 5848 2882 5858 —
2912 5818 3175 5887 Deditqne
3211 5815 3496 5871 Jeremiam
3521 5813 3632 5870 Go-

331 5917 401 5932 --
424 5890 539 5948 Kal
567 5890 755 5949 ἔδωκε
784 5892 864 5960 τῷ
900 5896 1165 5966 Γοδολίςι
1199 5898 1303 5954 τὸν
1338 5901 1648 5970 Ἰερεμίαν.
1681 5903 1792 5960 Καὶ
1821 5906 1904 5978 ὅρα

2039 5909 2216 5965 doliw.
2244 5909 2308 5964 Et
2332 5909 2621 5966 considera
2647 5910 2884 5966 divinam
2911 5907 3311 5978 providentiam
3344 5923 3360 5962 :
3389 5915 3635 5978 spectas.
