  <div class='ocr_page' id='page_1' title='image "/cluster/home/n/w/nwhite01/storage/ocr_20150623/64/pst.000005712632/563.png"; bbox 0 0 4226 6430; ppageno 0'>
   <div class='ocr_carea' id='block_1_1' title="bbox 749 331 2418 407">
    <p class='ocr_par' dir='ltr' id='par_1_1' title="bbox 749 331 2406 402">
     <span class='ocr_line' id='line_1_1' title="bbox 749 331 2406 402; baseline 0.002 -6"><span class='ocrx_word' id='word_1_1' title='bbox 749 331 892 387; x_wconf 64' lang='lat' dir='ltr'><strong>m5</strong></span> <span class='ocrx_word' id='word_1_2' title='bbox 1517 342 2084 402; x_wconf 71' lang='lat' dir='ltr'><strong>SUPPLEMENTUI</strong></span> <span class='ocrx_word' id='word_1_3' title='bbox 2119 344 2213 400; x_wconf 78' lang='lat' dir='ltr'><strong>AD</strong></span> <span class='ocrx_word' id='word_1_4' title='bbox 2253 346 2311 402; x_wconf 82' lang='lat' dir='ltr'><strong>S.</strong></span> <span class='ocrx_word' id='word_1_5' title='bbox 2352 345 2406 401; x_wconf 69' lang='grc' dir='ltr'><strong>Ι.</strong></span> 
     </span>
    </p>
   </div>
   <div class='ocr_carea' id='block_1_2' title="bbox 1553 331 3222 407">
    <p class='ocr_par' dir='ltr' id='par_1_2' title="bbox 1553 342 3222 407">
     <span class='ocr_line' id='line_1_2' title="bbox 1553 342 3222 407; baseline 0.002 -5"><span class='ocrx_word' id='word_1_6' title='bbox 1553 342 2084 402; x_wconf 71' lang='grc' dir='ltr'><strong>ιυΡΡΙιΕΜΕΝτυΙ</strong></span> <span class='ocrx_word' id='word_1_7' title='bbox 2119 344 2213 400; x_wconf 79' lang='grc' dir='ltr'><strong>ΑΒ</strong></span> <span class='ocrx_word' id='word_1_8' title='bbox 2253 346 2311 402; x_wconf 81' lang='lat' dir='ltr'><strong>S.</strong></span> <span class='ocrx_word' id='word_1_9' title='bbox 2352 345 2406 401; x_wconf 69' lang='grc' dir='ltr'><strong>Ι.</strong></span> <span class='ocrx_word' id='word_1_10' title='bbox 2449 344 2936 404; x_wconf 71' lang='lat' dir='ltr'><strong>CHRYSOSTOMI</strong></span> <span class='ocrx_word' id='word_1_11' title='bbox 2976 350 3222 407; x_wconf 75' lang='lat' dir='ltr'><strong>OPERA.</strong></span> 
     </span>
    </p>
   </div>
   <div class='ocr_carea' id='block_1_3' title="bbox 836 453 1590 528">
    <p class='ocr_par' dir='ltr' id='par_1_3' title="bbox 836 453 1590 528">
     <span class='ocr_line' id='line_1_3' title="bbox 836 453 1590 528; baseline 0.011 -20"><span class='ocrx_word' id='word_1_12' title='bbox 836 453 1060 511; x_wconf 64' lang='lat' dir='ltr'><strong>Veram</strong></span> <span class='ocrx_word' id='word_1_13' title='bbox 1089 457 1241 528; x_wconf 78' lang='lat' dir='ltr'><strong>cujus</strong></span> <span class='ocrx_word' id='word_1_14' title='bbox 1266 471 1590 527; x_wconf 82' lang='lat' dir='ltr'><strong>permaneat.</strong></span> 
     </span>
    </p>
   </div>
   <div class='ocr_carea' id='block_1_4' title="bbox 821 547 2325 626">
    <p class='ocr_par' dir='ltr' id='par_1_4' title="bbox 821 547 2325 626">
     <span class='ocr_line' id='line_1_4' title="bbox 821 547 2325 626; baseline 0.005 -24"><span class='ocrx_word' id='word_1_15' title='bbox 821 547 978 612; x_wconf 86' lang='lat' dir='ltr'><strong>Illud,</strong></span> <span class='ocrx_word' id='word_1_16' title='bbox 1004 548 1156 612; x_wconf 85' lang='lat' dir='ltr'><strong>cujus</strong></span> <span class='ocrx_word' id='word_1_17' title='bbox 1190 565 1372 605; x_wconf 86' lang='lat' dir='ltr'><strong>sermo</strong></span> <span class='ocrx_word' id='word_1_18' title='bbox 1399 553 1783 620; x_wconf 84' lang='lat' dir='ltr'><strong>complebitur,</strong></span> <span class='ocrx_word' id='word_1_19' title='bbox 1809 556 2079 626; x_wconf 76' lang='lat' dir='ltr'><strong>signiﬁcat</strong></span> <span class='ocrx_word' id='word_1_20' title='bbox 2111 570 2208 611; x_wconf 81' lang='lat' dir='ltr'><strong>vos</strong></span> <span class='ocrx_word' id='word_1_21' title='bbox 2239 569 2325 610; x_wconf 88' lang='lat' dir='ltr'><strong>me</strong></span> 
     </span>
    </p>
   </div>
   <div class='ocr_carea' id='block_1_5' title="bbox 3866 361 4004 418">
    <p class='ocr_par' dir='ltr' id='par_1_5' title="bbox 3866 361 4004 418">
     <span class='ocr_line' id='line_1_5' title="bbox 3866 361 4004 418; baseline 0.029 -4"><span class='ocrx_word' id='word_1_22' title='bbox 3866 361 4004 418; x_wconf 70' lang='grc'><strong>1016</strong></span> 
     </span>
    </p>
   </div>
   <div class='ocr_carea' id='block_1_6' title="bbox 2353 468 3152 536">
    <p class='ocr_par' dir='ltr' id='par_1_6' title="bbox 2353 468 3152 536">
     <span class='ocr_line' id='line_1_6' title="bbox 2353 468 3152 536; baseline 0 -12"><span class='ocrx_word' id='word_1_23' title='bbox 2353 468 2400 524; x_wconf 83' lang='grc' dir='ltr'>Λ</span> <span class='ocrx_word' id='word_1_24' title='bbox 2499 469 2692 534; x_wconf 76' lang='grc' dir='ltr'><strong>Λόγος</strong></span> <span class='ocrx_word' id='word_1_25' title='bbox 2711 468 2876 534; x_wconf 83' lang='grc' dir='ltr'><strong>τίνος</strong></span> <span class='ocrx_word' id='word_1_26' title='bbox 2892 468 3152 536; x_wconf 62' lang='lat' dir='ltr'><strong>Apparet”.</strong></span> 
     </span>
    </p>
   </div>
   <div class='ocr_carea' id='block_1_7' title="bbox 2491 557 3998 632">
    <p class='ocr_par' dir='ltr' id='par_1_7' title="bbox 2491 557 3998 632">
     <span class='ocr_line' id='line_1_7' title="bbox 2491 557 3998 632; baseline 0.009 -23"><span class='ocrx_word' id='word_1_27' title='bbox 2491 557 2557 608; x_wconf 88' lang='grc' dir='ltr'><strong>Τι</strong></span> <span class='ocrx_word' id='word_1_28' title='bbox 2581 558 2660 621; x_wconf 87' lang='grc' dir='ltr'><strong>δὲ,</strong></span> <span class='ocrx_word' id='word_1_29' title='bbox 2688 559 2836 621; x_wconf 84' lang='grc' dir='ltr'><strong>τινος</strong></span> <span class='ocrx_word' id='word_1_30' title='bbox 2872 560 2900 610; x_wconf 89' lang='lat'><strong>6</strong></span> <span class='ocrx_word' id='word_1_31' title='bbox 2931 559 3088 626; x_wconf 80' lang='grc' dir='ltr'><strong>λόγος</strong></span> <span class='ocrx_word' id='word_1_32' title='bbox 3123 563 3297 629; x_wconf 84' lang='grc' dir='ltr'><strong>μενεῖ,</strong></span> <span class='ocrx_word' id='word_1_33' title='bbox 3339 561 3615 615; x_wconf 81' lang='grc' dir='ltr'><strong>δείκνυσιν</strong></span> <span class='ocrx_word' id='word_1_34' title='bbox 3649 564 3726 627; x_wconf 80' lang='grc' dir='ltr'>ὡς</span> <span class='ocrx_word' id='word_1_35' title='bbox 3776 567 3838 618; x_wconf 75' lang='grc' dir='ltr'><strong>ὲν</strong></span> <span class='ocrx_word' id='word_1_36' title='bbox 3891 572 3998 632; x_wconf 78' lang='grc' dir='ltr'><strong>τοῖς</strong></span> 
     </span>
    </p>
   </div>
   <div class='ocr_carea' id='block_1_8' title="bbox 749 639 2323 712">
    <p class='ocr_par' dir='ltr' id='par_1_8' title="bbox 749 639 2323 712">
     <span class='ocr_line' id='line_1_8' title="bbox 749 639 2323 712; baseline 0.008 -22"><span class='ocrx_word' id='word_1_37' title='bbox 749 639 1071 706; x_wconf 69' lang='lat' dir='ltr'><strong>qumituros</strong></span> <span class='ocrx_word' id='word_1_38' title='bbox 1122 641 1175 694; x_wconf 89' lang='lat' dir='ltr'><strong>in</strong></span> <span class='ocrx_word' id='word_1_39' title='bbox 1215 641 1390 707; x_wconf 86' lang='lat' dir='ltr'><strong>malis,</strong></span> <span class='ocrx_word' id='word_1_40' title='bbox 1426 659 1525 697; x_wconf 88' lang='lat' dir='ltr'><strong>nec</strong></span> <span class='ocrx_word' id='word_1_41' title='bbox 1571 645 1910 712; x_wconf 71' lang='lat' dir='ltr'><strong>inventuros,</strong></span> <span class='ocrx_word' id='word_1_42' title='bbox 1964 648 2164 702; x_wconf 86' lang='lat' dir='ltr'><strong>residui</strong></span> <span class='ocrx_word' id='word_1_43' title='bbox 2193 663 2323 704; x_wconf 83' lang='lat' dir='ltr'><strong>vero</strong></span> 
     </span>
    </p>
   </div>
   <div class='ocr_carea' id='block_1_9' title="bbox 748 731 1932 798">
    <p class='ocr_par' dir='ltr' id='par_1_9' title="bbox 748 731 1932 798">
     <span class='ocr_line' id='line_1_9' title="bbox 748 731 1932 798; baseline 0.008 -17"><span class='ocrx_word' id='word_1_44' title='bbox 748 744 845 798; x_wconf 84' lang='lat' dir='ltr'><strong>per</strong></span> <span class='ocrx_word' id='word_1_45' title='bbox 877 740 1088 784; x_wconf 84' lang='lat' dir='ltr'><strong>vestras</strong></span> <span class='ocrx_word' id='word_1_46' title='bbox 1119 731 1458 787; x_wconf 72' lang='lat' dir='ltr'><strong>calamitates</strong></span> <span class='ocrx_word' id='word_1_47' title='bbox 1491 733 1619 789; x_wconf 79' lang='lat' dir='ltr'><strong>tiéut</strong></span> <span class='ocrx_word' id='word_1_48' title='bbox 1660 737 1932 793; x_wconf 84' lang='lat' dir='ltr'><strong>meliores.</strong></span> 
     </span>
    </p>
   </div>
   <div class='ocr_carea' id='block_1_10' title="bbox 822 817 1770 892">
    <p class='ocr_par' dir='ltr' id='par_1_10' title="bbox 822 817 1770 892">
     <span class='ocr_line' id='line_1_10' title="bbox 822 817 1770 892; baseline 0.012 -21"><span class='ocrx_word' id='word_1_49' title='bbox 822 817 984 874; x_wconf 66' lang='lat' dir='ltr'><strong>Vens.</strong></span> <span class='ocrx_word' id='word_1_50' title='bbox 1012 820 1105 875; x_wconf 75' lang='lat'><strong>29.</strong></span> <span class='ocrx_word' id='word_1_51' title='bbox 1143 822 1211 875; x_wconf 81' lang='lat' dir='ltr'><strong>Et</strong></span> <span class='ocrx_word' id='word_1_52' title='bbox 1246 823 1343 876; x_wconf 81' lang='lat' dir='ltr'><strong>hoc</strong></span> <span class='ocrx_word' id='word_1_53' title='bbox 1373 824 1580 892; x_wconf 83' lang='lat' dir='ltr'><strong>signum</strong></span> <span class='ocrx_word' id='word_1_54' title='bbox 1604 827 1770 882; x_wconf 80' lang='lat' dir='ltr'><strong>vobis.</strong></span> 
     </span>
    </p>
   </div>
   <div class='ocr_carea' id='block_1_11' title="bbox 816 909 2320 990">
    <p class='ocr_par' dir='ltr' id='par_1_11' title="bbox 816 909 2320 990">
     <span class='ocr_line' id='line_1_11' title="bbox 816 909 2320 990; baseline 0.009 -28"><span class='ocrx_word' id='word_1_55' title='bbox 816 909 1135 968; x_wconf 62' lang='lat' dir='ltr'><strong>throrum</strong></span> <span class='ocrx_word' id='word_1_56' title='bbox 1159 913 1368 981; x_wconf 83' lang='lat' dir='ltr'><strong>signum</strong></span> <span class='ocrx_word' id='word_1_57' title='bbox 1409 916 1674 970; x_wconf 88' lang='lat' dir='ltr'><strong>malorum</strong></span> <span class='ocrx_word' id='word_1_58' title='bbox 1709 918 1834 982; x_wconf 87' lang='lat' dir='ltr'><strong>erit,</strong></span> <span class='ocrx_word' id='word_1_59' title='bbox 1859 915 2071 973; x_wconf 83' lang='lat' dir='ltr'><strong>Pharao</strong></span> <span class='ocrx_word' id='word_1_60' title='bbox 2099 921 2320 990; x_wconf 78' lang='lat' dir='ltr'><strong>capien-</strong></span> 
     </span>
    </p>
   </div>
   <div class='ocr_carea' id='block_1_12' title="bbox 746 992 2322 1076">
    <p class='ocr_par' dir='ltr' id='par_1_12' title="bbox 746 992 2322 1076">
     <span class='ocr_line' id='line_1_12' title="bbox 746 992 2322 1076; baseline 0.01 -26"><span class='ocrx_word' id='word_1_61' title='bbox 746 999 866 1052; x_wconf 85' lang='lat' dir='ltr'><strong>dus.</strong></span> <span class='ocrx_word' id='word_1_62' title='bbox 896 992 1035 1052; x_wconf 74' lang='lat' dir='ltr'><strong>Nam</strong></span> <span class='ocrx_word' id='word_1_63' title='bbox 1067 1009 1121 1054; x_wconf 87' lang='lat' dir='ltr'><strong>et</strong></span> <span class='ocrx_word' id='word_1_64' title='bbox 1149 1015 1269 1056; x_wconf 88' lang='lat' dir='ltr'><strong>meo</strong></span> <span class='ocrx_word' id='word_1_65' title='bbox 1311 1005 1539 1058; x_wconf 91' lang='lat' dir='ltr'><strong>consilio</strong></span> <span class='ocrx_word' id='word_1_66' title='bbox 1570 1022 1678 1061; x_wconf 88' lang='lat' dir='ltr'><strong>non</strong></span> <span class='ocrx_word' id='word_1_67' title='bbox 1712 1009 1944 1076; x_wconf 85' lang='lat' dir='ltr'><strong>propriis</strong></span> <span class='ocrx_word' id='word_1_68' title='bbox 1984 1009 2191 1065; x_wconf 82' lang='lat' dir='ltr'><strong>viribus</strong></span> <span class='ocrx_word' id='word_1_69' title='bbox 2222 1012 2322 1066; x_wconf 87' lang='lat' dir='ltr'><strong>Se-</strong></span> 
     </span>
    </p>
   </div>
   <div class='ocr_carea' id='block_1_13' title="bbox 744 1087 2319 1163">
    <p class='ocr_par' dir='ltr' id='par_1_13' title="bbox 744 1087 2319 1163">
     <span class='ocr_line' id='line_1_13' title="bbox 744 1087 2319 1163; baseline 0.011 -26"><span class='ocrx_word' id='word_1_70' title='bbox 744 1087 952 1141; x_wconf 79' lang='lat' dir='ltr'><strong>deciam</strong></span> <span class='ocrx_word' id='word_1_71' title='bbox 1009 1087 1334 1158; x_wconf 80' lang='lat' dir='ltr'><strong>Babylonius</strong></span> <span class='ocrx_word' id='word_1_72' title='bbox 1379 1097 1542 1163; x_wconf 91' lang='lat' dir='ltr'><strong>cepit,</strong></span> <span class='ocrx_word' id='word_1_73' title='bbox 1591 1096 1728 1151; x_wconf 82' lang='lat' dir='ltr'><strong>feret</strong></span> <span class='ocrx_word' id='word_1_74' title='bbox 1768 1112 1895 1152; x_wconf 85' lang='lat' dir='ltr'><strong>vero</strong></span> <span class='ocrx_word' id='word_1_75' title='bbox 1941 1109 1997 1153; x_wconf 91' lang='lat' dir='ltr'><strong>et</strong></span> <span class='ocrx_word' id='word_1_76' title='bbox 2038 1099 2127 1154; x_wconf 85' lang='lat' dir='ltr'><strong>ille</strong></span> <span class='ocrx_word' id='word_1_77' title='bbox 2180 1101 2319 1155; x_wconf 91' lang='lat' dir='ltr'><strong>mala</strong></span> 
     </span>
    </p>
   </div>
   <div class='ocr_carea' id='block_1_14' title="bbox 746 1177 2321 1260">
    <p class='ocr_par' dir='ltr' id='par_1_14' title="bbox 746 1177 2321 1260">
     <span class='ocr_line' id='line_1_14' title="bbox 746 1177 2321 1260; baseline 0.01 -29"><span class='ocrx_word' id='word_1_78' title='bbox 746 1178 884 1243; x_wconf 67' lang='lat' dir='ltr'><strong>hac,</strong></span> <span class='ocrx_word' id='word_1_79' title='bbox 923 1177 1035 1232; x_wconf 82' lang='lat' dir='ltr'><strong>tum</strong></span> <span class='ocrx_word' id='word_1_80' title='bbox 1063 1183 1188 1248; x_wconf 86' lang='lat' dir='ltr'><strong>quia</strong></span> <span class='ocrx_word' id='word_1_81' title='bbox 1225 1184 1422 1253; x_wconf 91' lang='lat' dir='ltr'><strong>impius</strong></span> <span class='ocrx_word' id='word_1_82' title='bbox 1453 1194 1555 1251; x_wconf 87' lang='lat' dir='ltr'><strong>est,</strong></span> <span class='ocrx_word' id='word_1_83' title='bbox 1592 1197 1699 1240; x_wconf 88' lang='lat' dir='ltr'><strong>tum</strong></span> <span class='ocrx_word' id='word_1_84' title='bbox 1727 1199 1784 1243; x_wconf 91' lang='lat' dir='ltr'><strong>ut</strong></span> <span class='ocrx_word' id='word_1_85' title='bbox 1825 1204 1918 1243; x_wconf 83' lang='lat' dir='ltr'><strong>vos</strong></span> <span class='ocrx_word' id='word_1_86' title='bbox 1945 1192 2197 1246; x_wconf 75' lang='lat' dir='ltr'><strong>sentiatis</strong></span> <span class='ocrx_word' id='word_1_87' title='bbox 2226 1207 2321 1260; x_wconf 86' lang='lat' dir='ltr'><strong>per</strong></span> 
     </span>
    </p>
   </div>
   <div class='ocr_carea' id='block_1_15' title="bbox 742 1267 2320 1350">
    <p class='ocr_par' dir='ltr' id='par_1_15' title="bbox 742 1267 2320 1350">
     <span class='ocr_line' id='line_1_15' title="bbox 742 1267 2320 1350; baseline 0.01 -31"><span class='ocrx_word' id='word_1_88' title='bbox 742 1282 867 1321; x_wconf 83' lang='lat' dir='ltr'><strong>eum</strong></span> <span class='ocrx_word' id='word_1_89' title='bbox 903 1286 918 1322; x_wconf 90' lang='lat'>:</span> <span class='ocrx_word' id='word_1_90' title='bbox 952 1267 1162 1325; x_wconf 88' lang='lat' dir='ltr'><strong>Bonum</strong></span> <span class='ocrx_word' id='word_1_91' title='bbox 1185 1289 1296 1327; x_wconf 84' lang='lat' dir='ltr'><strong>esse</strong></span> <span class='ocrx_word' id='word_1_92' title='bbox 1317 1291 1530 1343; x_wconf 81' lang='lat' dir='ltr'><strong>sperare</strong></span> <span class='ocrx_word' id='word_1_93' title='bbox 1552 1277 1605 1327; x_wconf 88' lang='lat' dir='ltr'><strong>in</strong></span> <span class='ocrx_word' id='word_1_94' title='bbox 1641 1275 1888 1342; x_wconf 88' lang='lat' dir='ltr'><strong>Domino,</strong></span> <span class='ocrx_word' id='word_1_95' title='bbox 1912 1296 2070 1349; x_wconf 81' lang='lat' dir='ltr'><strong>quam</strong></span> <span class='ocrx_word' id='word_1_96' title='bbox 2097 1282 2150 1333; x_wconf 85' lang='lat' dir='ltr'><strong>in</strong></span> <span class='ocrx_word' id='word_1_97' title='bbox 2171 1283 2320 1350; x_wconf 85' lang='lat' dir='ltr'><strong>prin-</strong></span> 
     </span>
    </p>
   </div>
   <div class='ocr_carea' id='block_1_16' title="bbox 743 1358 2317 1427">
    <p class='ocr_par' dir='ltr' id='par_1_16' title="bbox 743 1358 2317 1427">
     <span class='ocr_line' id='line_1_16' title="bbox 743 1358 2317 1427; baseline 0.012 -19"><span class='ocrx_word' id='word_1_98' title='bbox 743 1358 948 1425; x_wconf 80' lang='lat' dir='ltr'><strong>cipibus</strong></span> <span class='ocrx_word' id='word_1_99' title='bbox 982 1362 1051 1416; x_wconf 80' lang='lat'><strong>&quot;.</strong></span> <span class='ocrx_word' id='word_1_100' title='bbox 1087 1362 1403 1419; x_wconf 83' lang='lat' dir='ltr'><strong>Terminato</strong></span> <span class='ocrx_word' id='word_1_101' title='bbox 1430 1376 1609 1420; x_wconf 89' lang='lat' dir='ltr'><strong>autem</strong></span> <span class='ocrx_word' id='word_1_102' title='bbox 1651 1368 1754 1424; x_wconf 86' lang='lat' dir='ltr'><strong>hoc</strong></span> <span class='ocrx_word' id='word_1_103' title='bbox 1791 1371 2050 1426; x_wconf 85' lang='lat' dir='ltr'><strong>vaticinia</strong></span> <span class='ocrx_word' id='word_1_104' title='bbox 2080 1387 2202 1426; x_wconf 90' lang='lat' dir='ltr'><strong>cum</strong></span> <span class='ocrx_word' id='word_1_105' title='bbox 2229 1374 2317 1427; x_wconf 89' lang='lat' dir='ltr'><strong>bi-</strong></span> 
     </span>
    </p>
   </div>
   <div class='ocr_carea' id='block_1_17' title="bbox 744 1452 2313 1533">
    <p class='ocr_par' dir='ltr' id='par_1_17' title="bbox 744 1452 2313 1533">
     <span class='ocr_line' id='line_1_17' title="bbox 744 1452 2313 1533; baseline 0.011 -30"><span class='ocrx_word' id='word_1_106' title='bbox 744 1452 915 1505; x_wconf 86' lang='lat' dir='ltr'><strong>storia</strong></span> <span class='ocrx_word' id='word_1_107' title='bbox 959 1454 1267 1521; x_wconf 80' lang='lat' dir='ltr'><strong>conjuncta,</strong></span> <span class='ocrx_word' id='word_1_108' title='bbox 1321 1457 1652 1528; x_wconf 83' lang='lat' dir='ltr'><strong>antiquioris</strong></span> <span class='ocrx_word' id='word_1_109' title='bbox 1706 1462 1954 1517; x_wconf 86' lang='lat' dir='ltr'><strong>meminit</strong></span> <span class='ocrx_word' id='word_1_110' title='bbox 1997 1464 2313 1533; x_wconf 61' lang='lat' dir='ltr'><strong>prophetiae,</strong></span> 
     </span>
    </p>
   </div>
   <div class='ocr_carea' id='block_1_18' title="bbox 2425 646 3995 720">
    <p class='ocr_par' dir='ltr' id='par_1_18' title="bbox 2425 646 3995 720">
     <span class='ocr_line' id='line_1_18' title="bbox 2425 646 3995 720; baseline 0.009 -23"><span class='ocrx_word' id='word_1_111' title='bbox 2425 649 2618 709; x_wconf 82' lang='grc' dir='ltr'><strong>κακοῖς</strong></span> <span class='ocrx_word' id='word_1_112' title='bbox 2654 664 2724 716; x_wconf 88' lang='grc' dir='ltr'><strong>με</strong></span> <span class='ocrx_word' id='word_1_113' title='bbox 2759 646 3054 716; x_wconf 78' lang='grc' dir='ltr'><strong>ζητοῦντες</strong></span> <span class='ocrx_word' id='word_1_114' title='bbox 3080 649 3179 718; x_wconf 87' lang='grc' dir='ltr'><strong>οὐχ</strong></span> <span class='ocrx_word' id='word_1_115' title='bbox 3209 651 3472 720; x_wconf 80' lang='grc' dir='ltr'><strong>εὑρήσετε</strong></span> <span class='ocrx_word' id='word_1_116' title='bbox 3497 668 3513 683; x_wconf 88' lang='grc'><strong>·</strong></span> <span class='ocrx_word' id='word_1_117' title='bbox 3548 653 3599 704; x_wconf 80' lang='lat' dir='ltr'><strong>oi</strong></span> <span class='ocrx_word' id='word_1_118' title='bbox 3645 653 3706 705; x_wconf 80' lang='grc' dir='ltr'>δὲ</span> <span class='ocrx_word' id='word_1_119' title='bbox 3741 658 3995 710; x_wconf 84' lang='grc' dir='ltr'><strong>κατάλοι-</strong></span> 
     </span>
    </p>
   </div>
   <div class='ocr_carea' id='block_1_19' title="bbox 2425 737 3994 816">
    <p class='ocr_par' dir='ltr' id='par_1_19' title="bbox 2425 737 3994 816">
     <span class='ocr_line' id='line_1_19' title="bbox 2425 737 3994 816; baseline 0.01 -28"><span class='ocrx_word' id='word_1_120' title='bbox 2425 753 2517 788; x_wconf 89' lang='grc' dir='ltr'><strong>ποι</strong></span> <span class='ocrx_word' id='word_1_121' title='bbox 2544 737 2632 790; x_wconf 69' lang='grc' dir='ltr'><strong>διὰ</strong></span> <span class='ocrx_word' id='word_1_122' title='bbox 2660 737 2771 791; x_wconf 84' lang='grc' dir='ltr'><strong>τῶν</strong></span> <span class='ocrx_word' id='word_1_123' title='bbox 2805 739 3089 808; x_wconf 74' lang='grc' dir='ltr'><strong>ὑμετέρων</strong></span> <span class='ocrx_word' id='word_1_124' title='bbox 3133 740 3482 811; x_wconf 78' lang='grc' dir='ltr'><strong>παθημάτων</strong></span> <span class='ocrx_word' id='word_1_125' title='bbox 3520 742 3994 816; x_wconf 63' lang='grc' dir='ltr'><strong>ὠφεληθήσονται.</strong></span> 
     </span>
    </p>
   </div>
   <div class='ocr_carea' id='block_1_20' title="bbox 2495 827 3215 897">
    <p class='ocr_par' dir='ltr' id='par_1_20' title="bbox 2495 827 3215 897">
     <span class='ocr_line' id='line_1_20' title="bbox 2495 827 3215 897; baseline 0.004 -16"><span class='ocrx_word' id='word_1_126' title='bbox 2495 827 2607 881; x_wconf 77' lang='grc' dir='ltr'><strong>Καὶ</strong></span> <span class='ocrx_word' id='word_1_127' title='bbox 2641 827 2818 882; x_wconf 87' lang='grc' dir='ltr'><strong>τοῦτο</strong></span> <span class='ocrx_word' id='word_1_128' title='bbox 2851 829 2918 882; x_wconf 87' lang='grc' dir='ltr'><strong>τὸ</strong></span> <span class='ocrx_word' id='word_1_129' title='bbox 2939 829 3215 897; x_wconf 81' lang='grc' dir='ltr'><strong>σημεῖον.</strong></span> 
     </span>
    </p>
   </div>
   <div class='ocr_carea' id='block_1_21' title="bbox 2493 918 3996 996">
    <p class='ocr_par' dir='ltr' id='par_1_21' title="bbox 2493 918 3996 996">
     <span class='ocr_line' id='line_1_21' title="bbox 2493 918 3996 996; baseline 0.008 -27"><span class='ocrx_word' id='word_1_130' title='bbox 2493 918 2729 989; x_wconf 86' lang='grc' dir='ltr'><strong>Σημεῖον</strong></span> <span class='ocrx_word' id='word_1_131' title='bbox 2747 919 2858 971; x_wconf 85' lang='grc' dir='ltr'><strong>τῶν</strong></span> <span class='ocrx_word' id='word_1_132' title='bbox 2889 918 3172 990; x_wconf 80' lang='grc' dir='ltr'><strong>ὑμετέρων</strong></span> <span class='ocrx_word' id='word_1_133' title='bbox 3205 920 3391 974; x_wconf 81' lang='grc' dir='ltr'><strong>κακῶν</strong></span> <span class='ocrx_word' id='word_1_134' title='bbox 3417 923 3448 975; x_wconf 90' lang='lat'><strong>6</strong></span> <span class='ocrx_word' id='word_1_135' title='bbox 3485 924 3684 994; x_wconf 71' lang='grc' dir='ltr'><strong>Φαραὼ</strong></span> <span class='ocrx_word' id='word_1_136' title='bbox 3720 927 3996 996; x_wconf 78' lang='grc' dir='ltr'><strong>ἁλωσόμεο</strong></span> 
     </span>
    </p>
   </div>
   <div class='ocr_carea' id='block_1_22' title="bbox 2422 1012 3996 1083">
    <p class='ocr_par' dir='ltr' id='par_1_22' title="bbox 2422 1012 3996 1083">
     <span class='ocr_line' id='line_1_22' title="bbox 2422 1012 3996 1083; baseline 0.009 -21"><span class='ocrx_word' id='word_1_137' title='bbox 2422 1027 2531 1072; x_wconf 85' lang='grc' dir='ltr'><strong>νος.</strong></span> <span class='ocrx_word' id='word_1_138' title='bbox 2599 1012 2733 1082; x_wconf 86' lang='grc' dir='ltr'><strong>Ἐμῇ</strong></span> <span class='ocrx_word' id='word_1_139' title='bbox 2783 1013 2892 1082; x_wconf 84' lang='grc' dir='ltr'><strong>γὰρ</strong></span> <span class='ocrx_word' id='word_1_140' title='bbox 2951 1013 3114 1083; x_wconf 81' lang='grc' dir='ltr'><strong>βουλῇ</strong></span> <span class='ocrx_word' id='word_1_141' title='bbox 3147 1015 3243 1066; x_wconf 78' lang='grc' dir='ltr'><strong>καὶ</strong></span> <span class='ocrx_word' id='word_1_142' title='bbox 3282 1016 3310 1068; x_wconf 97' lang='lat'><strong>6</strong></span> <span class='ocrx_word' id='word_1_143' title='bbox 3347 1014 3694 1082; x_wconf 76' lang='grc' dir='ltr'><strong>Βαϐυλώνιος</strong></span> <span class='ocrx_word' id='word_1_144' title='bbox 3738 1021 3996 1076; x_wconf 78' lang='grc' dir='ltr'><strong>Σεδεκίαν</strong></span> 
     </span>
    </p>
   </div>
   <div class='ocr_carea' id='block_1_23' title="bbox 2422 1100 3994 1177">
    <p class='ocr_par' dir='ltr' id='par_1_23' title="bbox 2422 1100 3994 1177">
     <span class='ocr_line' id='line_1_23' title="bbox 2422 1100 3994 1177; baseline 0.008 -25"><span class='ocrx_word' id='word_1_145' title='bbox 2422 1100 2670 1171; x_wconf 76' lang='grc' dir='ltr'><strong>εἴληφεν,</strong></span> <span class='ocrx_word' id='word_1_146' title='bbox 2704 1103 2806 1155; x_wconf 83' lang='grc' dir='ltr'><strong>οὐκ</strong></span> <span class='ocrx_word' id='word_1_147' title='bbox 2855 1104 2961 1175; x_wconf 79' lang='grc' dir='ltr'>ἰδίᾳ</span> <span class='ocrx_word' id='word_1_148' title='bbox 2989 1104 3254 1174; x_wconf 75' lang='grc' dir='ltr'><strong>δυνάμει·</strong></span> <span class='ocrx_word' id='word_1_149' title='bbox 3293 1106 3545 1160; x_wconf 80' lang='grc' dir='ltr'><strong>πείσεται</strong></span> <span class='ocrx_word' id='word_1_150' title='bbox 3590 1108 3649 1160; x_wconf 80' lang='grc' dir='ltr'>δὲ</span> <span class='ocrx_word' id='word_1_151' title='bbox 3694 1112 3784 1162; x_wconf 80' lang='grc' dir='ltr'><strong>καὶ</strong></span> <span class='ocrx_word' id='word_1_152' title='bbox 3817 1104 3994 1177; x_wconf 71' lang='grc' dir='ltr'><strong>οὗτος,</strong></span> 
     </span>
    </p>
   </div>
   <div class='ocr_carea' id='block_1_24' title="bbox 2421 1193 3995 1270">
    <p class='ocr_par' dir='ltr' id='par_1_24' title="bbox 2421 1193 3995 1270">
     <span class='ocr_line' id='line_1_24' title="bbox 2421 1193 3995 1270; baseline 0.006 -25"><span class='ocrx_word' id='word_1_153' title='bbox 2421 1193 2539 1261; x_wconf 76' lang='grc' dir='ltr'><strong>ἅμα</strong></span> <span class='ocrx_word' id='word_1_154' title='bbox 2569 1193 2746 1263; x_wconf 83' lang='grc' dir='ltr'><strong>μένων</strong></span> <span class='ocrx_word' id='word_1_155' title='bbox 2776 1194 2999 1265; x_wconf 76' lang='grc' dir='ltr'><strong>ἀσεϐὴς,</strong></span> <span class='ocrx_word' id='word_1_156' title='bbox 3025 1194 3142 1264; x_wconf 77' lang='grc' dir='ltr'><strong>ἃμα</strong></span> <span class='ocrx_word' id='word_1_157' title='bbox 3179 1196 3234 1248; x_wconf 86' lang='grc' dir='ltr'>δὲ</span> <span class='ocrx_word' id='word_1_158' title='bbox 3272 1198 3365 1250; x_wconf 76' lang='grc' dir='ltr'><strong>καὶ</strong></span> <span class='ocrx_word' id='word_1_159' title='bbox 3398 1198 3537 1270; x_wconf 80' lang='grc' dir='ltr'><strong>πρὸς</strong></span> <span class='ocrx_word' id='word_1_160' title='bbox 3563 1199 3813 1268; x_wconf 88' lang='grc' dir='ltr'><strong>αῐσθησιν</strong></span> <span class='ocrx_word' id='word_1_161' title='bbox 3844 1202 3995 1268; x_wconf 75' lang='grc' dir='ltr'><strong>ἄγων</strong></span> 
     </span>
    </p>
   </div>
   <div class='ocr_carea' id='block_1_25' title="bbox 2420 1285 3997 1359">
    <p class='ocr_par' dir='ltr' id='par_1_25' title="bbox 2420 1285 3997 1359">
     <span class='ocr_line' id='line_1_25' title="bbox 2420 1285 3997 1359; baseline 0.007 -23"><span class='ocrx_word' id='word_1_162' title='bbox 2420 1285 2590 1353; x_wconf 80' lang='grc' dir='ltr'><strong>ἡμᾶς,</strong></span> <span class='ocrx_word' id='word_1_163' title='bbox 2637 1286 2713 1348; x_wconf 80' lang='grc' dir='ltr'>ὡς</span> <span class='ocrx_word' id='word_1_164' title='bbox 2763 1287 3017 1355; x_wconf 77' lang='grc' dir='ltr'><strong>Ἀγαθὸν</strong></span> <span class='ocrx_word' id='word_1_165' title='bbox 3062 1287 3327 1347; x_wconf 74' lang='grc' dir='ltr'><strong>ἐλπίζειν</strong></span> <span class='ocrx_word' id='word_1_166' title='bbox 3349 1289 3452 1342; x_wconf 75' lang='grc' dir='ltr'><strong>ἐπὶ</strong></span> <span class='ocrx_word' id='word_1_167' title='bbox 3484 1292 3706 1358; x_wconf 78' lang='grc' dir='ltr'><strong>Κύριον</strong></span> <span class='ocrx_word' id='word_1_168' title='bbox 3748 1292 3786 1359; x_wconf 79' lang='grc' dir='ltr'><em>ἢ</em></span> <span class='ocrx_word' id='word_1_169' title='bbox 3822 1293 3997 1347; x_wconf 68' lang='grc' dir='ltr'><strong>ἐλπι-</strong></span> 
     </span>
    </p>
   </div>
   <div class='ocr_carea' id='block_1_26' title="bbox 2419 1371 3997 1454">
    <p class='ocr_par' dir='ltr' id='par_1_26' title="bbox 2419 1371 3997 1454">
     <span class='ocr_line' id='line_1_26' title="bbox 2419 1371 3997 1454; baseline 0.006 -28"><span class='ocrx_word' id='word_1_170' title='bbox 2419 1371 2537 1434; x_wconf 79' lang='grc' dir='ltr'><strong>ζειν</strong></span> <span class='ocrx_word' id='word_1_171' title='bbox 2551 1375 2644 1428; x_wconf 77' lang='grc' dir='ltr'><strong>ἐπ’</strong></span> <span class='ocrx_word' id='word_1_172' title='bbox 2696 1376 2974 1444; x_wconf 80' lang='grc' dir='ltr'><strong>ἄρχουσι.</strong></span> <span class='ocrx_word' id='word_1_173' title='bbox 3003 1377 3368 1448; x_wconf 85' lang='grc' dir='ltr'><strong>Συμπεράνας</strong></span> <span class='ocrx_word' id='word_1_174' title='bbox 3396 1380 3453 1432; x_wconf 82' lang='grc' dir='ltr'>δὲ</span> <span class='ocrx_word' id='word_1_175' title='bbox 3485 1382 3691 1452; x_wconf 85' lang='grc' dir='ltr'><strong>ταύτην</strong></span> <span class='ocrx_word' id='word_1_176' title='bbox 3721 1382 3816 1452; x_wconf 77' lang='grc' dir='ltr'><strong>τὴν</strong></span> <span class='ocrx_word' id='word_1_177' title='bbox 3859 1401 3997 1454; x_wconf 85' lang='grc' dir='ltr'><strong>προ-</strong></span> 
     </span>
    </p>
   </div>
   <div class='ocr_carea' id='block_1_27' title="bbox 2419 1461 3996 1541">
    <p class='ocr_par' dir='ltr' id='par_1_27' title="bbox 2419 1461 3996 1541">
     <span class='ocr_line' id='line_1_27' title="bbox 2419 1461 3996 1541; baseline 0.01 -31"><span class='ocrx_word' id='word_1_178' title='bbox 2419 1461 2652 1529; x_wconf 81' lang='grc' dir='ltr'><strong>φητείαν</strong></span> <span class='ocrx_word' id='word_1_179' title='bbox 2735 1463 2950 1534; x_wconf 72' lang='grc' dir='ltr'><strong>ἱστορίᾳ</strong></span> <span class='ocrx_word' id='word_1_180' title='bbox 3009 1465 3537 1538; x_wconf 70' lang='grc' dir='ltr'><strong>συμπεπλεγμένην,</strong></span> <span class='ocrx_word' id='word_1_181' title='bbox 3616 1472 3996 1541; x_wconf 69' lang='grc' dir='ltr'><strong>πρεσϐυτέρας</strong></span> 
     </span>
    </p>
   </div>
   <div class='ocr_carea' id='block_1_28' title="bbox 741 1545 2410 1633">
    <p class='ocr_par' dir='ltr' id='par_1_28' title="bbox 741 1545 2318 1623">
     <span class='ocr_line' id='line_1_28' title="bbox 741 1545 2318 1623; baseline 0.013 -33"><span class='ocrx_word' id='word_1_182' title='bbox 741 1551 904 1606; x_wconf 85' lang='lat' dir='ltr'><strong>quam</strong></span> <span class='ocrx_word' id='word_1_183' title='bbox 971 1545 1305 1612; x_wconf 73' lang='lat' dir='ltr'><strong>temporibus</strong></span> <span class='ocrx_word' id='word_1_184' title='bbox 1363 1545 1570 1605; x_wconf 80' lang='lat' dir='ltr'><strong>Joacim</strong></span> <span class='ocrx_word' id='word_1_185' title='bbox 1621 1548 1833 1606; x_wconf 90' lang='lat' dir='ltr'><strong>Baruch</strong></span> <span class='ocrx_word' id='word_1_186' title='bbox 1889 1553 2073 1608; x_wconf 83' lang='lat' dir='ltr'><strong>dicere</strong></span> <span class='ocrx_word' id='word_1_187' title='bbox 2133 1553 2318 1623; x_wconf 79' lang='lat' dir='ltr'><strong>jussus</strong></span> 
     </span>
    </p>
   </div>
   <div class='ocr_carea' id='block_1_29' title="bbox 2326 1545 3995 1633">
    <p class='ocr_par' dir='ltr' id='par_1_29' title="bbox 2415 1551 3995 1633">
     <span class='ocr_line' id='line_1_29' title="bbox 2415 1551 3995 1633; baseline 0.009 -29"><span class='ocrx_word' id='word_1_188' title='bbox 2415 1551 2829 1623; x_wconf 71' lang='grc' dir='ltr'><strong>ἀναμιμνήσκει</strong></span> <span class='ocrx_word' id='word_1_189' title='bbox 2860 1556 3222 1626; x_wconf 77' lang='grc' dir='ltr'><strong>προφητείας,</strong></span> <span class='ocrx_word' id='word_1_190' title='bbox 3250 1559 3318 1629; x_wconf 76' lang='grc' dir='ltr'><strong>ἢν</strong></span> <span class='ocrx_word' id='word_1_191' title='bbox 3341 1559 3398 1613; x_wconf 84' lang='grc' dir='ltr'><strong>ὲν</strong></span> <span class='ocrx_word' id='word_1_192' title='bbox 3424 1562 3545 1623; x_wconf 85' lang='grc' dir='ltr'><strong>ταῖς</strong></span> <span class='ocrx_word' id='word_1_193' title='bbox 3578 1561 3812 1633; x_wconf 77' lang='grc' dir='ltr'><strong>ἡμέραις</strong></span> <span class='ocrx_word' id='word_1_194' title='bbox 3843 1565 3995 1619; x_wconf 87' lang='grc' dir='ltr'><strong>Ἰωα-</strong></span> 
     </span>
    </p>
   </div>
   <div class='ocr_carea' id='block_1_30' title="bbox 743 1629 3517 1717">
    <p class='ocr_par' dir='ltr' id='par_1_30' title="bbox 743 1629 3517 1717">
     <span class='ocr_line' id='line_1_30' title="bbox 743 1629 3517 1717; baseline 0.006 -35"><span class='ocrx_word' id='word_1_195' title='bbox 743 1629 937 1686; x_wconf 78' lang='lat' dir='ltr'><strong>fuerat.</strong></span> <span class='ocrx_word' id='word_1_196' title='bbox 2419 1643 2550 1710; x_wconf 81' lang='grc' dir='ltr'><strong>κε“ιμ</strong></span> <span class='ocrx_word' id='word_1_197' title='bbox 2587 1642 2666 1712; x_wconf 82' lang='grc' dir='ltr'><strong>τῷ</strong></span> <span class='ocrx_word' id='word_1_198' title='bbox 2699 1643 2914 1714; x_wconf 80' lang='grc' dir='ltr'><strong>Βαροὺχ</strong></span> <span class='ocrx_word' id='word_1_199' title='bbox 2941 1645 3119 1696; x_wconf 77' lang='grc' dir='ltr'><strong>εἰπεῖν</strong></span> <span class='ocrx_word' id='word_1_200' title='bbox 3142 1647 3517 1717; x_wconf 77' lang='grc' dir='ltr'><strong>προσετάχθη.</strong></span> 
     </span>
    </p>
   </div>
   <div class='ocr_carea' id='block_1_31' title="bbox 814 1718 2483 1806">
    <p class='ocr_par' dir='ltr' id='par_1_31' title="bbox 814 1718 2315 1805">
     <span class='ocr_line' id='line_1_31' title="bbox 814 1718 2315 1805; baseline 0.013 -33"><span class='ocrx_word' id='word_1_201' title='bbox 814 1718 974 1775; x_wconf 79' lang='lat' dir='ltr'><strong>Vns.</strong></span> <span class='ocrx_word' id='word_1_202' title='bbox 1007 1723 1094 1777; x_wconf 73' lang='lat'><strong>30.</strong></span> <span class='ocrx_word' id='word_1_203' title='bbox 1127 1721 1220 1781; x_wconf 90' lang='lat' dir='ltr'><strong>Sic</strong></span> <span class='ocrx_word' id='word_1_204' title='bbox 1247 1729 1382 1781; x_wconf 71' lang='lat' dir='ltr'><strong>dixit</strong></span> <span class='ocrx_word' id='word_1_205' title='bbox 1419 1728 1673 1785; x_wconf 94' lang='lat' dir='ltr'><strong>Dominus</strong></span> <span class='ocrx_word' id='word_1_206' title='bbox 1701 1746 1722 1785; x_wconf 90' lang='lat'><strong><em>:</em></strong></span> <span class='ocrx_word' id='word_1_207' title='bbox 1751 1731 1887 1787; x_wconf 85' lang='lat' dir='ltr'><strong>Ecce</strong></span> <span class='ocrx_word' id='word_1_208' title='bbox 1915 1737 2053 1788; x_wconf 86' lang='lat' dir='ltr'><strong>enim</strong></span> <span class='ocrx_word' id='word_1_209' title='bbox 2076 1753 2170 1805; x_wconf 76' lang='lat' dir='ltr'><strong>ego</strong></span> <span class='ocrx_word' id='word_1_210' title='bbox 2202 1747 2315 1790; x_wconf 84' lang='lat' dir='ltr'><strong>tra-</strong></span> 
     </span>
    </p>
   </div>
   <div class='ocr_carea' id='block_1_32' title="bbox 2324 1718 3993 1806">
    <p class='ocr_par' dir='ltr' id='par_1_32' title="bbox 2483 1732 3993 1806">
     <span class='ocr_line' id='line_1_32' title="bbox 2483 1732 3993 1806; baseline 0.005 -20"><span class='ocrx_word' id='word_1_211' title='bbox 2483 1732 2684 1800; x_wconf 82' lang='grc' dir='ltr'><strong>Οὒτως</strong></span> <span class='ocrx_word' id='word_1_212' title='bbox 2709 1732 2841 1788; x_wconf 80' lang='grc' dir='ltr'><strong>εἷπε</strong></span> <span class='ocrx_word' id='word_1_213' title='bbox 2866 1736 3102 1803; x_wconf 81' lang='grc' dir='ltr'><strong>Κύριος’</strong></span> <span class='ocrx_word' id='word_1_214' title='bbox 3147 1735 3294 1789; x_wconf 83' lang='grc' dir='ltr'>Ἰδοὺ</span> <span class='ocrx_word' id='word_1_215' title='bbox 3321 1736 3435 1803; x_wconf 71' lang='grc' dir='ltr'><strong>γὰρ</strong></span> <span class='ocrx_word' id='word_1_216' title='bbox 3467 1735 3582 1805; x_wconf 75' lang='grc' dir='ltr'><strong>ἐγὼ</strong></span> <span class='ocrx_word' id='word_1_217' title='bbox 3634 1736 3842 1806; x_wconf 78' lang='grc' dir='ltr'><strong>δίδωμι</strong></span> <span class='ocrx_word' id='word_1_218' title='bbox 3885 1741 3993 1794; x_wconf 78' lang='grc' dir='ltr'><strong>τὸν</strong></span> 
     </span>
    </p>
   </div>
   <div class='ocr_carea' id='block_1_33' title="bbox 740 1809 2409 1898">
    <p class='ocr_par' dir='ltr' id='par_1_33' title="bbox 740 1809 2385 1892">
     <span class='ocr_line' id='line_1_33' title="bbox 740 1809 2385 1892; baseline 0.014 -32"><span class='ocrx_word' id='word_1_219' title='bbox 740 1810 864 1860; x_wconf 69' lang='lat' dir='ltr'><strong>dum</strong></span> <span class='ocrx_word' id='word_1_220' title='bbox 920 1809 1257 1869; x_wconf 72' lang='lat' dir='ltr'><strong>Pharaonem</strong></span> <span class='ocrx_word' id='word_1_221' title='bbox 1318 1815 1512 1884; x_wconf 73' lang='lat' dir='ltr'><strong>Vaplrri</strong></span> <span class='ocrx_word' id='word_1_222' title='bbox 1549 1837 1717 1890; x_wconf 86' lang='lat' dir='ltr'><strong>regem</strong></span> <span class='ocrx_word' id='word_1_223' title='bbox 1777 1822 2003 1892; x_wconf 69' lang='lat' dir='ltr'><strong>Egypti</strong></span> <span class='ocrx_word' id='word_1_224' title='bbox 2037 1829 2089 1880; x_wconf 88' lang='lat' dir='ltr'><strong>in</strong></span> <span class='ocrx_word' id='word_1_225' title='bbox 2126 1845 2310 1884; x_wconf 88' lang='lat' dir='ltr'><strong>manus</strong></span> <span class='ocrx_word' id='word_1_226' title='bbox 2341 1811 2385 1867; x_wconf 74' lang='grc' dir='ltr'><strong>Β</strong></span> 
     </span>
    </p>
   </div>
   <div class='ocr_carea' id='block_1_34' title="bbox 2316 1809 3985 1898">
    <p class='ocr_par' dir='ltr' id='par_1_34' title="bbox 2341 1811 3985 1898">
     <span class='ocr_line' id='line_1_34' title="bbox 2341 1811 3985 1898; baseline 0.006 -23"><span class='ocrx_word' id='word_1_227' title='bbox 2341 1811 2385 1867; x_wconf 82' lang='grc' dir='ltr'><strong>Β</strong></span> <span class='ocrx_word' id='word_1_228' title='bbox 2419 1825 2629 1893; x_wconf 73' lang='grc' dir='ltr'><strong>Φαραὼ</strong></span> <span class='ocrx_word' id='word_1_229' title='bbox 2676 1827 2901 1894; x_wconf 72' lang='grc' dir='ltr'><strong>Οὕαςορι</strong></span> <span class='ocrx_word' id='word_1_230' title='bbox 2923 1827 3196 1890; x_wconf 75' lang='grc' dir='ltr'><strong>,βασιλέα</strong></span> <span class='ocrx_word' id='word_1_231' title='bbox 3235 1830 3542 1898; x_wconf 65' lang='grc' dir='ltr'><strong>Αἰγύπτου</strong></span> <span class='ocrx_word' id='word_1_232' title='bbox 3603 1830 3854 1885; x_wconf 73' lang='grc' dir='ltr'><strong>ἔκδοτον</strong></span> <span class='ocrx_word' id='word_1_233' title='bbox 3896 1834 3985 1896; x_wconf 72' lang='grc' dir='ltr'><strong>εἰς</strong></span> 
     </span>
    </p>
   </div>
   <div class='ocr_carea' id='block_1_35' title="bbox 734 1900 2403 1994">
    <p class='ocr_par' dir='ltr' id='par_1_35' title="bbox 734 1900 2311 1984">
     <span class='ocr_line' id='line_1_35' title="bbox 734 1900 2311 1984; baseline 0.014 -34"><span class='ocrx_word' id='word_1_234' title='bbox 734 1900 1064 1955; x_wconf 75' lang='lat' dir='ltr'><strong>inimicorum</strong></span> <span class='ocrx_word' id='word_1_235' title='bbox 1111 1905 1251 1973; x_wconf 74' lang='lat' dir='ltr'><strong>ejus,</strong></span> <span class='ocrx_word' id='word_1_236' title='bbox 1296 1918 1344 1960; x_wconf 87' lang='lat' dir='ltr'><strong>et</strong></span> <span class='ocrx_word' id='word_1_237' title='bbox 1374 1910 1429 1961; x_wconf 91' lang='lat' dir='ltr'><strong>in</strong></span> <span class='ocrx_word' id='word_1_238' title='bbox 1479 1918 2041 1984; x_wconf 78' lang='lat' dir='ltr'><strong>manus’qurerentium</strong></span> <span class='ocrx_word' id='word_1_239' title='bbox 2079 1921 2311 1973; x_wconf 80' lang='lat' dir='ltr'><strong>animum</strong></span> 
     </span>
    </p>
   </div>
   <div class='ocr_carea' id='block_1_36' title="bbox 2320 1900 3989 1994">
    <p class='ocr_par' dir='ltr' id='par_1_36' title="bbox 2411 1916 3989 1994">
     <span class='ocr_line' id='line_1_36' title="bbox 2411 1916 3989 1994; baseline 0.003 -22"><span class='ocrx_word' id='word_1_240' title='bbox 2411 1918 2618 1987; x_wconf 81' lang='grc' dir='ltr'><strong>χεῖρας</strong></span> <span class='ocrx_word' id='word_1_241' title='bbox 2648 1916 2880 1994; x_wconf 57' lang='grc' dir='ltr'><strong>ἐχθρῶν</strong></span> <span class='ocrx_word' id='word_1_242' title='bbox 2907 1919 3119 1984; x_wconf 83' lang='grc' dir='ltr'><strong>αὐτοῦ,</strong></span> <span class='ocrx_word' id='word_1_243' title='bbox 3160 1920 3262 1972; x_wconf 77' lang='grc' dir='ltr'><strong>καὶ</strong></span> <span class='ocrx_word' id='word_1_244' title='bbox 3290 1922 3380 1986; x_wconf 79' lang='grc' dir='ltr'><strong>εις</strong></span> <span class='ocrx_word' id='word_1_245' title='bbox 3407 1921 3612 1990; x_wconf 81' lang='grc' dir='ltr'><strong>χεῖρας</strong></span> <span class='ocrx_word' id='word_1_246' title='bbox 3654 1920 3989 1991; x_wconf 76' lang='grc' dir='ltr'><strong>ζητούντων</strong></span> 
     </span>
    </p>
   </div>
   <div class='ocr_carea' id='block_1_37' title="bbox 737 1992 2406 2075">
    <p class='ocr_par' dir='ltr' id='par_1_37' title="bbox 737 1992 2310 2072">
     <span class='ocr_line' id='line_1_37' title="bbox 737 1992 2310 2072; baseline 0.017 -30"><span class='ocrx_word' id='word_1_247' title='bbox 737 1992 875 2058; x_wconf 79' lang='lat' dir='ltr'><strong>ejus,</strong></span> <span class='ocrx_word' id='word_1_248' title='bbox 897 1994 1036 2047; x_wconf 88' lang='lat' dir='ltr'><strong>sicut</strong></span> <span class='ocrx_word' id='word_1_249' title='bbox 1071 1996 1191 2050; x_wconf 85' lang='lat' dir='ltr'><strong>dedi</strong></span> <span class='ocrx_word' id='word_1_250' title='bbox 1225 1997 1498 2056; x_wconf 84' lang='lat' dir='ltr'><strong>Sedeciam</strong></span> <span class='ocrx_word' id='word_1_251' title='bbox 1535 2020 1702 2072; x_wconf 82' lang='lat' dir='ltr'><strong>regem</strong></span> <span class='ocrx_word' id='word_1_252' title='bbox 1729 2004 1872 2061; x_wconf 78' lang='lat' dir='ltr'><strong>Juba</strong></span> <span class='ocrx_word' id='word_1_253' title='bbox 1895 2009 1949 2063; x_wconf 90' lang='lat' dir='ltr'><strong>in</strong></span> <span class='ocrx_word' id='word_1_254' title='bbox 1976 2028 2160 2066; x_wconf 84' lang='lat' dir='ltr'><strong>manus</strong></span> <span class='ocrx_word' id='word_1_255' title='bbox 2192 2011 2310 2068; x_wconf 79' lang='grc' dir='ltr'><strong>Να-</strong></span> 
     </span>
    </p>
   </div>
   <div class='ocr_carea' id='block_1_38' title="bbox 2323 1992 3992 2075">
    <p class='ocr_par' dir='ltr' id='par_1_38' title="bbox 2411 1992 3992 2075">
     <span class='ocr_line' id='line_1_38' title="bbox 2411 1992 3992 2075; baseline 0.004 -15"><span class='ocrx_word' id='word_1_256' title='bbox 2411 2006 2526 2074; x_wconf 82' lang='grc' dir='ltr'><strong>τὴν</strong></span> <span class='ocrx_word' id='word_1_257' title='bbox 2570 2005 2786 2075; x_wconf 68' lang='grc' dir='ltr'><strong>ψυχὴν</strong></span> <span class='ocrx_word' id='word_1_258' title='bbox 2833 1992 3044 2072; x_wconf 82' lang='grc' dir='ltr'><strong>αὑτοῦ,</strong></span> <span class='ocrx_word' id='word_1_259' title='bbox 3083 2008 3240 2064; x_wconf 82' lang='grc' dir='ltr'><strong>καθὰ</strong></span> <span class='ocrx_word' id='word_1_260' title='bbox 3285 2007 3514 2065; x_wconf 74' lang='grc' dir='ltr'><strong>δέδωκα</strong></span> <span class='ocrx_word' id='word_1_261' title='bbox 3551 2013 3664 2065; x_wconf 77' lang='grc' dir='ltr'><strong>τὸν</strong></span> <span class='ocrx_word' id='word_1_262' title='bbox 3700 2012 3992 2066; x_wconf 72' lang='grc' dir='ltr'><strong>Σεδεκίαν</strong></span> 
     </span>
    </p>
   </div>
   <div class='ocr_carea' id='block_1_39' title="bbox 733 2083 3988 2172">
    <p class='ocr_par' dir='ltr' id='par_1_39' title="bbox 733 2083 3988 2172">
     <span class='ocr_line' id='line_1_39' title="bbox 733 2083 3988 2172; baseline 0.007 -37"><span class='ocrx_word' id='word_1_263' title='bbox 733 2083 1129 2141; x_wconf 71' lang='grc' dir='ltr'><strong>ὺιιοΙιοάοηοεοῑ</strong></span> <span class='ocrx_word' id='word_1_264' title='bbox 1149 2092 1308 2159; x_wconf 79' lang='lat' dir='ltr'><strong>regis.</strong></span> <span class='ocrx_word' id='word_1_265' title='bbox 2406 2097 2671 2163; x_wconf 77' lang='grc' dir='ltr'><strong>βασιλέα</strong></span> <span class='ocrx_word' id='word_1_266' title='bbox 2709 2097 2898 2151; x_wconf 77' lang='grc' dir='ltr'><strong>Ἰούδα</strong></span> <span class='ocrx_word' id='word_1_267' title='bbox 2933 2101 3020 2164; x_wconf 82' lang='grc' dir='ltr'><strong>εις</strong></span> <span class='ocrx_word' id='word_1_268' title='bbox 3047 2098 3255 2168; x_wconf 74' lang='grc' dir='ltr'><strong>χεῖρας</strong></span> <span class='ocrx_word' id='word_1_269' title='bbox 3291 2101 3830 2172; x_wconf 79' lang='grc' dir='ltr'><strong>Ναϐουχοδονόσορ</strong></span> <span class='ocrx_word' id='word_1_270' title='bbox 3869 2106 3988 2170; x_wconf 75' lang='grc' dir='ltr'><strong>βα-</strong></span> 
     </span>
    </p>
   </div>
   <div class='ocr_carea' id='block_1_40' title="bbox 2409 2188 3042 2256">
    <p class='ocr_par' dir='ltr' id='par_1_40' title="bbox 2409 2188 3042 2256">
     <span class='ocr_line' id='line_1_40' title="bbox 2409 2188 3042 2256; baseline -0.002 -12"><span class='ocrx_word' id='word_1_271' title='bbox 2409 2190 2632 2254; x_wconf 73' lang='grc' dir='ltr'><strong>σιλέως</strong></span> <span class='ocrx_word' id='word_1_272' title='bbox 2658 2188 3042 2256; x_wconf 75' lang='grc' dir='ltr'><strong>Βαϐυλῶνος.</strong></span> 
     </span>
    </p>
   </div>
   <div class='ocr_carea' id='block_1_41' title="bbox 801 2265 2470 2356">
    <p class='ocr_par' dir='ltr' id='par_1_41' title="bbox 801 2265 2312 2356">
     <span class='ocr_line' id='line_1_41' title="bbox 801 2265 2312 2356; baseline 0.013 -34"><span class='ocrx_word' id='word_1_273' title='bbox 801 2265 974 2339; x_wconf 73' lang='lat' dir='ltr'><strong>Capta</strong></span> <span class='ocrx_word' id='word_1_274' title='bbox 1007 2269 1152 2326; x_wconf 89' lang='lat' dir='ltr'><strong>enim</strong></span> <span class='ocrx_word' id='word_1_275' title='bbox 1194 2270 1514 2342; x_wconf 81' lang='lat' dir='ltr'><strong>Jerusalem,</strong></span> <span class='ocrx_word' id='word_1_276' title='bbox 1549 2277 1616 2332; x_wconf 88' lang='lat' dir='ltr'><strong>de</strong></span> <span class='ocrx_word' id='word_1_277' title='bbox 1656 2293 1865 2334; x_wconf 88' lang='lat' dir='ltr'><strong>summa</strong></span> <span class='ocrx_word' id='word_1_278' title='bbox 1928 2295 2107 2336; x_wconf 90' lang='lat' dir='ltr'><strong>rerum</strong></span> <span class='ocrx_word' id='word_1_279' title='bbox 2139 2283 2312 2356; x_wconf 67' lang='lat' dir='ltr'><strong>Egy-</strong></span> 
     </span>
    </p>
   </div>
   <div class='ocr_carea' id='block_1_42' title="bbox 2315 2265 3984 2356">
    <p class='ocr_par' dir='ltr' id='par_1_42' title="bbox 2482 2280 3984 2354">
     <span class='ocr_line' id='line_1_42' title="bbox 2482 2280 3984 2354; baseline 0.003 -21"><span class='ocrx_word' id='word_1_280' title='bbox 2482 2281 2596 2350; x_wconf 82' lang='grc' dir='ltr'><strong>Τῆς</strong></span> <span class='ocrx_word' id='word_1_281' title='bbox 2622 2280 2732 2350; x_wconf 83' lang='grc' dir='ltr'><strong>γάρ</strong></span> <span class='ocrx_word' id='word_1_282' title='bbox 2779 2281 3137 2351; x_wconf 78' lang='grc' dir='ltr'><strong>Ἰερουσαλὴμ</strong></span> <span class='ocrx_word' id='word_1_283' title='bbox 3187 2281 3449 2353; x_wconf 82' lang='grc' dir='ltr'><strong>ἀλούσης,</strong></span> <span class='ocrx_word' id='word_1_284' title='bbox 3479 2281 3665 2346; x_wconf 80' lang='grc' dir='ltr'><strong>δείσας</strong></span> <span class='ocrx_word' id='word_1_285' title='bbox 3699 2283 3829 2354; x_wconf 80' lang='grc' dir='ltr'><strong>περὶ</strong></span> <span class='ocrx_word' id='word_1_286' title='bbox 3876 2282 3984 2338; x_wconf 75' lang='grc' dir='ltr'><strong>τῶν</strong></span> 
     </span>
    </p>
   </div>
   <div class='ocr_carea' id='block_1_43' title="bbox 731 2357 2400 2446">
    <p class='ocr_par' dir='ltr' id='par_1_43' title="bbox 731 2357 2308 2444">
     <span class='ocr_line' id='line_1_43' title="bbox 731 2357 2308 2444; baseline 0.013 -36"><span class='ocrx_word' id='word_1_287' title='bbox 731 2357 878 2424; x_wconf 82' lang='lat' dir='ltr'><strong>ptius</strong></span> <span class='ocrx_word' id='word_1_288' title='bbox 923 2359 1124 2414; x_wconf 80' lang='lat' dir='ltr'><strong>timens</strong></span> <span class='ocrx_word' id='word_1_289' title='bbox 1159 2363 1307 2416; x_wconf 87' lang='lat' dir='ltr'><strong>circa</strong></span> <span class='ocrx_word' id='word_1_290' title='bbox 1345 2365 1677 2434; x_wconf 82' lang='lat' dir='ltr'><strong>Euphratem</strong></span> <span class='ocrx_word' id='word_1_291' title='bbox 1730 2384 1835 2422; x_wconf 84' lang='lat' dir='ltr'><strong>una</strong></span> <span class='ocrx_word' id='word_1_292' title='bbox 1861 2384 1986 2424; x_wconf 87' lang='lat' dir='ltr'><strong>cum</strong></span> <span class='ocrx_word' id='word_1_293' title='bbox 2011 2370 2308 2444; x_wconf 84' lang='lat' dir='ltr'><strong>Babylonio</strong></span> 
     </span>
    </p>
   </div>
   <div class='ocr_carea' id='block_1_44' title="bbox 2314 2357 3983 2446">
    <p class='ocr_par' dir='ltr' id='par_1_44' title="bbox 2406 2371 3983 2446">
     <span class='ocr_line' id='line_1_44' title="bbox 2406 2371 3983 2446; baseline 0.001 -20"><span class='ocrx_word' id='word_1_294' title='bbox 2406 2373 2544 2426; x_wconf 79' lang='grc' dir='ltr'><strong>ὅλων</strong></span> <span class='ocrx_word' id='word_1_295' title='bbox 2584 2375 2613 2424; x_wconf 88' lang='lat'><strong>6</strong></span> <span class='ocrx_word' id='word_1_296' title='bbox 2651 2372 2980 2439; x_wconf 76' lang='grc' dir='ltr'><strong>Αἰγύπτιος,</strong></span> <span class='ocrx_word' id='word_1_297' title='bbox 3031 2373 3162 2444; x_wconf 86' lang='grc' dir='ltr'><strong>περὶ</strong></span> <span class='ocrx_word' id='word_1_298' title='bbox 3215 2374 3308 2427; x_wconf 81' lang='grc' dir='ltr'><strong>τὸν</strong></span> <span class='ocrx_word' id='word_1_299' title='bbox 3337 2374 3632 2446; x_wconf 80' lang='grc' dir='ltr'><strong>Εὐφράτην</strong></span> <span class='ocrx_word' id='word_1_300' title='bbox 3681 2371 3983 2445; x_wconf 75' lang='grc' dir='ltr'><strong>συμϐάλλει</strong></span> 
     </span>
    </p>
   </div>
   <div class='ocr_carea' id='block_1_45' title="bbox 727 2450 2396 2536">
    <p class='ocr_par' dir='ltr' id='par_1_45' title="bbox 727 2450 2302 2531">
     <span class='ocr_line' id='line_1_45' title="bbox 727 2450 2302 2531; baseline 0.015 -36"><span class='ocrx_word' id='word_1_301' title='bbox 727 2459 925 2499; x_wconf 89' lang='lat' dir='ltr'><strong>manus</strong></span> <span class='ocrx_word' id='word_1_302' title='bbox 963 2450 1206 2503; x_wconf 79' lang='lat' dir='ltr'><strong>conserit</strong></span> <span class='ocrx_word' id='word_1_303' title='bbox 1237 2466 1251 2504; x_wconf 91' lang='lat'><strong>:</strong></span> <span class='ocrx_word' id='word_1_304' title='bbox 1279 2457 1501 2520; x_wconf 84' lang='lat' dir='ltr'><strong>quando</strong></span> <span class='ocrx_word' id='word_1_305' title='bbox 1533 2465 1588 2509; x_wconf 91' lang='lat' dir='ltr'><strong>et</strong></span> <span class='ocrx_word' id='word_1_306' title='bbox 1612 2465 1803 2525; x_wconf 84' lang='lat' dir='ltr'><strong>captus</strong></span> <span class='ocrx_word' id='word_1_307' title='bbox 1828 2467 1934 2512; x_wconf 89' lang='lat' dir='ltr'><strong>est.</strong></span> <span class='ocrx_word' id='word_1_308' title='bbox 1961 2459 2151 2531; x_wconf 87' lang='lat' dir='ltr'><strong>Itaque</strong></span> <span class='ocrx_word' id='word_1_309' title='bbox 2181 2479 2302 2519; x_wconf 89' lang='lat' dir='ltr'><strong>cum</strong></span> 
     </span>
    </p>
   </div>
   <div class='ocr_carea' id='block_1_46' title="bbox 2314 2450 3983 2536">
    <p class='ocr_par' dir='ltr' id='par_1_46' title="bbox 2403 2461 3983 2536">
     <span class='ocr_line' id='line_1_46' title="bbox 2403 2461 3983 2536; baseline 0.001 -21"><span class='ocrx_word' id='word_1_310' title='bbox 2403 2463 2483 2535; x_wconf 80' lang='grc' dir='ltr'><strong>τῷ</strong></span> <span class='ocrx_word' id='word_1_311' title='bbox 2533 2462 2895 2517; x_wconf 77' lang='grc' dir='ltr'><strong>Βαϐυλωνίων</strong></span> <span class='ocrx_word' id='word_1_312' title='bbox 2944 2463 3178 2532; x_wconf 84' lang='grc' dir='ltr'><strong>βασιλεῖ,</strong></span> <span class='ocrx_word' id='word_1_313' title='bbox 3237 2465 3402 2536; x_wconf 69' lang='grc' dir='ltr'><strong>ἡνίκα</strong></span> <span class='ocrx_word' id='word_1_314' title='bbox 3445 2467 3540 2519; x_wconf 76' lang='grc' dir='ltr'><strong>καὶ</strong></span> <span class='ocrx_word' id='word_1_315' title='bbox 3611 2465 3774 2520; x_wconf 70' lang='grc' dir='ltr'><strong>ἑάλω.</strong></span> <span class='ocrx_word' id='word_1_316' title='bbox 3817 2461 3983 2519; x_wconf 72' lang='grc' dir='ltr'><strong>Οὔπω</strong></span> 
     </span>
    </p>
   </div>
   <div class='ocr_carea' id='block_1_47' title="bbox 726 2532 2395 2628">
    <p class='ocr_par' dir='ltr' id='par_1_47' title="bbox 726 2532 2308 2617">
     <span class='ocr_line' id='line_1_47' title="bbox 726 2532 2308 2617; baseline 0.013 -31"><span class='ocrx_word' id='word_1_317' title='bbox 726 2532 830 2587; x_wconf 87' lang='lat' dir='ltr'><strong>hoc</strong></span> <span class='ocrx_word' id='word_1_318' title='bbox 860 2533 1277 2605; x_wconf 63' lang='lat' dir='ltr'><strong>adhuchteret,</strong></span> <span class='ocrx_word' id='word_1_319' title='bbox 1293 2550 1349 2596; x_wconf 89' lang='lat' dir='ltr'><strong>et</strong></span> <span class='ocrx_word' id='word_1_320' title='bbox 1378 2543 1520 2599; x_wconf 86' lang='lat' dir='ltr'><strong>bello</strong></span> <span class='ocrx_word' id='word_1_321' title='bbox 1542 2544 1597 2598; x_wconf 92' lang='lat' dir='ltr'><strong>in</strong></span> <span class='ocrx_word' id='word_1_322' title='bbox 1628 2555 1915 2612; x_wconf 80' lang='lat' dir='ltr'><strong>utramque</strong></span> <span class='ocrx_word' id='word_1_323' title='bbox 1946 2560 2158 2617; x_wconf 84' lang='lat' dir='ltr'><strong>partem</strong></span> <span class='ocrx_word' id='word_1_324' title='bbox 2184 2567 2308 2606; x_wconf 82' lang='lat' dir='ltr'><strong>ver-</strong></span> 
     </span>
    </p>
   </div>
   <div class='ocr_carea' id='block_1_48' title="bbox 2311 2532 3980 2628">
    <p class='ocr_par' dir='ltr' id='par_1_48' title="bbox 2403 2555 3980 2628">
     <span class='ocr_line' id='line_1_48' title="bbox 2403 2555 3980 2628; baseline 0 -18"><span class='ocrx_word' id='word_1_325' title='bbox 2403 2555 2588 2610; x_wconf 83' lang='grc' dir='ltr'><strong>τοὶνυν</strong></span> <span class='ocrx_word' id='word_1_326' title='bbox 2615 2555 2812 2608; x_wconf 85' lang='grc' dir='ltr'><strong>τούτου</strong></span> <span class='ocrx_word' id='word_1_327' title='bbox 2845 2555 3008 2626; x_wconf 81' lang='grc' dir='ltr'>δήλου</span> <span class='ocrx_word' id='word_1_328' title='bbox 3044 2557 3435 2626; x_wconf 80' lang='grc' dir='ltr'><strong>τυγχάνοντος,</strong></span> <span class='ocrx_word' id='word_1_329' title='bbox 3473 2557 3590 2612; x_wconf 82' lang='grc' dir='ltr'><strong>ἀλλ’</strong></span> <span class='ocrx_word' id='word_1_330' title='bbox 3629 2557 3710 2610; x_wconf 76' lang='grc' dir='ltr'><strong>ἔτι</strong></span> <span class='ocrx_word' id='word_1_331' title='bbox 3770 2555 3980 2628; x_wconf 79' lang='grc' dir='ltr'><strong>μετεώ-</strong></span> 
     </span>
    </p>
   </div>
   <div class='ocr_carea' id='block_1_49' title="bbox 725 2624 2394 2721">
    <p class='ocr_par' dir='ltr' id='par_1_49' title="bbox 725 2624 2302 2708">
     <span class='ocr_line' id='line_1_49' title="bbox 725 2624 2302 2708; baseline 0.011 -31"><span class='ocrx_word' id='word_1_332' title='bbox 725 2633 907 2693; x_wconf 72' lang='lat' dir='ltr'><strong>gente,</strong></span> <span class='ocrx_word' id='word_1_333' title='bbox 936 2624 1158 2698; x_wconf 60' lang='grc' dir='ltr'><strong>Ευριί</strong></span> <span class='ocrx_word' id='word_1_334' title='bbox 1185 2631 1459 2688; x_wconf 79' lang='lat' dir='ltr'><strong>excidium</strong></span> <span class='ocrx_word' id='word_1_335' title='bbox 1482 2635 1741 2702; x_wconf 87' lang='lat' dir='ltr'><strong>minatus,</strong></span> <span class='ocrx_word' id='word_1_336' title='bbox 1762 2646 1816 2691; x_wconf 89' lang='lat' dir='ltr'><strong>et</strong></span> <span class='ocrx_word' id='word_1_337' title='bbox 1842 2636 2045 2694; x_wconf 66' lang='lat' dir='ltr'><strong>Judaeis</strong></span> <span class='ocrx_word' id='word_1_338' title='bbox 2069 2642 2302 2708; x_wconf 89' lang='lat' dir='ltr'><strong>ruinam,</strong></span> 
     </span>
    </p>
   </div>
   <div class='ocr_carea' id='block_1_50' title="bbox 2310 2624 3979 2721">
    <p class='ocr_par' dir='ltr' id='par_1_50' title="bbox 2409 2624 3979 2721">
     <span class='ocr_line' id='line_1_50' title="bbox 2409 2624 3979 2721; baseline 0.001 -21"><span class='ocrx_word' id='word_1_339' title='bbox 2409 2665 2502 2718; x_wconf 82' lang='lat' dir='ltr'><strong>pou</strong></span> <span class='ocrx_word' id='word_1_340' title='bbox 2521 2647 2616 2701; x_wconf 80' lang='grc' dir='ltr'><strong>τοῦ</strong></span> <span class='ocrx_word' id='word_1_341' title='bbox 2643 2624 3282 2718; x_wconf 37' lang='grc' dir='ltr'><strong>πολέμου-καθεστιᾝος,</strong></span> <span class='ocrx_word' id='word_1_342' title='bbox 3320 2637 3630 2720; x_wconf 82' lang='grc' dir='ltr'><strong>ἀπειλήσας</strong></span> <span class='ocrx_word' id='word_1_343' title='bbox 3653 2651 3756 2721; x_wconf 82' lang='grc' dir='ltr'><strong>τῆς</strong></span> <span class='ocrx_word' id='word_1_344' title='bbox 3772 2624 3784 2628; x_wconf 30' lang='grc' dir='ltr'>ν</span> <span class='ocrx_word' id='word_1_345' title='bbox 3805 2648 3979 2718; x_wconf 74' lang='grc' dir='ltr'><strong>Διτύ-</strong></span> 
     </span>
    </p>
   </div>
   <div class='ocr_carea' id='block_1_51' title="bbox 727 2717 2304 2796">
    <p class='ocr_par' dir='ltr' id='par_1_51' title="bbox 727 2717 2304 2796">
     <span class='ocr_line' id='line_1_51' title="bbox 727 2717 2304 2796; baseline 0.015 -28"><span class='ocrx_word' id='word_1_346' title='bbox 727 2717 781 2772; x_wconf 86' lang='lat' dir='ltr'><strong>ln</strong></span> <span class='ocrx_word' id='word_1_347' title='bbox 813 2731 1034 2772; x_wconf 85' lang='lat' dir='ltr'><strong>suorum</strong></span> <span class='ocrx_word' id='word_1_348' title='bbox 1062 2736 1374 2779; x_wconf 73' lang='lat' dir='ltr'><strong>sermonum</strong></span> <span class='ocrx_word' id='word_1_349' title='bbox 1420 2727 1795 2796; x_wconf 79' lang='lat' dir='ltr'><strong>probationem</strong></span> <span class='ocrx_word' id='word_1_350' title='bbox 1846 2730 2150 2791; x_wconf 85' lang='lat' dir='ltr'><strong>Pharaonis</strong></span> <span class='ocrx_word' id='word_1_351' title='bbox 2187 2735 2304 2793; x_wconf 82' lang='lat' dir='ltr'><strong>ela-</strong></span> 
     </span>
    </p>
   </div>
   <div class='ocr_carea' id='block_1_52' title="bbox 723 2809 1100 2868">
    <p class='ocr_par' dir='ltr' id='par_1_52' title="bbox 723 2809 1100 2868">
     <span class='ocr_line' id='line_1_52' title="bbox 723 2809 1100 2868; baseline 0.021 -8"><span class='ocrx_word' id='word_1_352' title='bbox 723 2810 851 2862; x_wconf 81' lang='lat' dir='ltr'><strong>dem</strong></span> <span class='ocrx_word' id='word_1_353' title='bbox 872 2809 1100 2868; x_wconf 71' lang='lat' dir='ltr'><strong>inducit.</strong></span> 
     </span>
    </p>
   </div>
   <div class='ocr_carea' id='block_1_53' title="bbox 1317 2951 1692 3012">
    <p class='ocr_par' dir='ltr' id='par_1_53' title="bbox 1317 2951 1692 3012">
     <span class='ocr_line' id='line_1_53' title="bbox 1317 2951 1692 3012; baseline 0.016 -6"><span class='ocrx_word' id='word_1_354' title='bbox 1317 2951 1471 3010; x_wconf 82' lang='lat' dir='ltr'><strong>CAP.</strong></span> <span class='ocrx_word' id='word_1_355' title='bbox 1529 2953 1692 3012; x_wconf 83' lang='lat' dir='ltr'><strong>XLV.</strong></span> 
     </span>
    </p>
   </div>
   <div class='ocr_carea' id='block_1_54' title="bbox 789 3076 2297 3165">
    <p class='ocr_par' dir='ltr' id='par_1_54' title="bbox 789 3076 2297 3165">
     <span class='ocr_line' id='line_1_54' title="bbox 789 3076 2297 3165; baseline 0.013 -32"><span class='ocrx_word' id='word_1_356' title='bbox 789 3078 811 3105; x_wconf 76' lang='lat'><strong>‘</strong></span> <span class='ocrx_word' id='word_1_357' title='bbox 847 3076 1013 3137; x_wconf 72' lang='lat' dir='ltr'><strong>Vns.</strong></span> <span class='ocrx_word' id='word_1_358' title='bbox 1048 3083 1100 3138; x_wconf 83' lang='grc' dir='ltr'><strong>Ι.</strong></span> <span class='ocrx_word' id='word_1_359' title='bbox 1136 3082 1369 3141; x_wconf 67' lang='lat' dir='ltr'><strong>Verbum</strong></span> <span class='ocrx_word' id='word_1_360' title='bbox 1389 3093 1528 3159; x_wconf 70' lang='lat' dir='ltr'><strong>quod</strong></span> <span class='ocrx_word' id='word_1_361' title='bbox 1545 3091 1752 3149; x_wconf 86' lang='lat' dir='ltr'><strong>locutus</strong></span> <span class='ocrx_word' id='word_1_362' title='bbox 1775 3106 1853 3149; x_wconf 83' lang='lat' dir='ltr'><strong>est</strong></span> <span class='ocrx_word' id='word_1_363' title='bbox 1872 3095 2134 3152; x_wconf 82' lang='lat' dir='ltr'><strong>Jeremias</strong></span> <span class='ocrx_word' id='word_1_364' title='bbox 2171 3114 2297 3165; x_wconf 84' lang='lat' dir='ltr'><strong>pro-</strong></span> 
     </span>
    </p>
   </div>
   <div class='ocr_carea' id='block_1_55' title="bbox 719 3171 2294 3255">
    <p class='ocr_par' dir='ltr' id='par_1_55' title="bbox 719 3171 2294 3255">
     <span class='ocr_line' id='line_1_55' title="bbox 719 3171 2294 3255; baseline 0.013 -32"><span class='ocrx_word' id='word_1_365' title='bbox 719 3171 900 3245; x_wconf 80' lang='lat' dir='ltr'><strong>pheta,</strong></span> <span class='ocrx_word' id='word_1_366' title='bbox 923 3175 994 3226; x_wconf 86' lang='lat' dir='ltr'><strong>ad</strong></span> <span class='ocrx_word' id='word_1_367' title='bbox 1022 3174 1232 3230; x_wconf 77' lang='lat' dir='ltr'><strong>Bartsch</strong></span> <span class='ocrx_word' id='word_1_368' title='bbox 1250 3178 1424 3245; x_wconf 80' lang='lat' dir='ltr'><strong>[ilium</strong></span> <span class='ocrx_word' id='word_1_369' title='bbox 1453 3181 1654 3249; x_wconf 72' lang='lat' dir='ltr'><strong>Neriaz,</strong></span> <span class='ocrx_word' id='word_1_370' title='bbox 1673 3188 1890 3254; x_wconf 85' lang='lat' dir='ltr'><strong>quando</strong></span> <span class='ocrx_word' id='word_1_371' title='bbox 1909 3189 2116 3255; x_wconf 76' lang='lat' dir='ltr'><strong>scripsit</strong></span> <span class='ocrx_word' id='word_1_372' title='bbox 2137 3191 2294 3244; x_wconf 75' lang='lat' dir='ltr'><strong>verba</strong></span> 
     </span>
    </p>
   </div>
   <div class='ocr_carea' id='block_1_56' title="bbox 719 3264 2298 3344">
    <p class='ocr_par' dir='ltr' id='par_1_56' title="bbox 719 3264 2298 3344">
     <span class='ocr_line' id='line_1_56' title="bbox 719 3264 2298 3344; baseline 0.011 -28"><span class='ocrx_word' id='word_1_373' title='bbox 719 3264 833 3318; x_wconf 73' lang='lat' dir='ltr'><strong>Itwc</strong></span> <span class='ocrx_word' id='word_1_374' title='bbox 869 3281 936 3318; x_wconf 80' lang='lat' dir='ltr'><strong>ea:</strong></span> <span class='ocrx_word' id='word_1_375' title='bbox 967 3283 1056 3319; x_wconf 90' lang='lat' dir='ltr'><strong>ore</strong></span> <span class='ocrx_word' id='word_1_376' title='bbox 1086 3267 1331 3323; x_wconf 76' lang='lat' dir='ltr'><strong>Jeremite</strong></span> <span class='ocrx_word' id='word_1_377' title='bbox 1353 3271 1406 3323; x_wconf 89' lang='lat' dir='ltr'><strong>in</strong></span> <span class='ocrx_word' id='word_1_378' title='bbox 1429 3287 1566 3325; x_wconf 90' lang='lat' dir='ltr'><strong>anno</strong></span> <span class='ocrx_word' id='word_1_379' title='bbox 1588 3286 1777 3343; x_wconf 80' lang='lat' dir='ltr'><strong>quarto</strong></span> <span class='ocrx_word' id='word_1_380' title='bbox 1801 3274 2047 3330; x_wconf 82' lang='lat' dir='ltr'><strong>Joachim</strong></span> <span class='ocrx_word' id='word_1_381' title='bbox 2073 3277 2175 3344; x_wconf 74' lang='lat' dir='ltr'><strong>ﬁlii</strong></span> <span class='ocrx_word' id='word_1_382' title='bbox 2205 3278 2298 3332; x_wconf 81' lang='lat' dir='ltr'><strong>Jo-</strong></span> 
     </span>
    </p>
   </div>
   <div class='ocr_carea' id='block_1_57' title="bbox 719 3355 1166 3425">
    <p class='ocr_par' dir='ltr' id='par_1_57' title="bbox 719 3355 1166 3425">
     <span class='ocr_line' id='line_1_57' title="bbox 719 3355 1166 3425; baseline 0.004 -17"><span class='ocrx_word' id='word_1_383' title='bbox 719 3356 815 3408; x_wconf 71' lang='lat' dir='ltr'><strong>sic</strong></span> <span class='ocrx_word' id='word_1_384' title='bbox 833 3357 968 3425; x_wconf 80' lang='lat' dir='ltr'><strong>regis</strong></span> <span class='ocrx_word' id='word_1_385' title='bbox 998 3355 1032 3409; x_wconf 81' lang='lat' dir='ltr'><strong><em>J</em></strong></span> <span class='ocrx_word' id='word_1_386' title='bbox 1040 3361 1166 3411; x_wconf 80' lang='lat' dir='ltr'><strong>uda.</strong></span> 
     </span>
    </p>
   </div>
   <div class='ocr_carea' id='block_1_58' title="bbox 796 3537 2295 3618">
    <p class='ocr_par' dir='ltr' id='par_1_58' title="bbox 796 3537 2295 3618">
     <span class='ocr_line' id='line_1_58' title="bbox 796 3537 2295 3618; baseline 0.011 -27"><span class='ocrx_word' id='word_1_387' title='bbox 796 3537 1084 3592; x_wconf 76' lang='lat' dir='ltr'><strong>Existimat</strong></span> <span class='ocrx_word' id='word_1_388' title='bbox 1106 3554 1236 3595; x_wconf 87' lang='lat' dir='ltr'><strong>sane</strong></span> <span class='ocrx_word' id='word_1_389' title='bbox 1263 3542 1483 3610; x_wconf 85' lang='lat' dir='ltr'><strong>quidam</strong></span> <span class='ocrx_word' id='word_1_390' title='bbox 1511 3544 1626 3600; x_wconf 66' lang='lat' dir='ltr'><strong>haec</strong></span> <span class='ocrx_word' id='word_1_391' title='bbox 1653 3548 1794 3615; x_wconf 88' lang='lat' dir='ltr'><strong>apud</strong></span> <span class='ocrx_word' id='word_1_392' title='bbox 1821 3548 2158 3618; x_wconf 85' lang='lat' dir='ltr'><strong>prophetam,</strong></span> <span class='ocrx_word' id='word_1_393' title='bbox 2184 3567 2295 3608; x_wconf 85' lang='lat' dir='ltr'><strong>non</strong></span> 
     </span>
    </p>
   </div>
   <div class='ocr_carea' id='block_1_59' title="bbox 719 3630 2288 3706">
    <p class='ocr_par' dir='ltr' id='par_1_59' title="bbox 719 3630 2288 3706">
     <span class='ocr_line' id='line_1_59' title="bbox 719 3630 2288 3706; baseline 0.01 -24"><span class='ocrx_word' id='word_1_394' title='bbox 719 3639 779 3683; x_wconf 90' lang='lat' dir='ltr'><strong>ut</strong></span> <span class='ocrx_word' id='word_1_395' title='bbox 811 3631 946 3684; x_wconf 82' lang='lat' dir='ltr'><strong>ordo</strong></span> <span class='ocrx_word' id='word_1_396' title='bbox 979 3630 1307 3700; x_wconf 86' lang='lat' dir='ltr'><strong>postulabat,</strong></span> <span class='ocrx_word' id='word_1_397' title='bbox 1341 3634 1514 3702; x_wconf 86' lang='lat' dir='ltr'><strong>posita</strong></span> <span class='ocrx_word' id='word_1_398' title='bbox 1540 3650 1680 3703; x_wconf 86' lang='lat' dir='ltr'><strong>esse,</strong></span> <span class='ocrx_word' id='word_1_399' title='bbox 1705 3639 1846 3694; x_wconf 86' lang='lat' dir='ltr'><strong>unde</strong></span> <span class='ocrx_word' id='word_1_400' title='bbox 1872 3640 1948 3694; x_wconf 87' lang='lat' dir='ltr'><strong>ait</strong></span> <span class='ocrx_word' id='word_1_401' title='bbox 1969 3647 2288 3706; x_wconf 86' lang='lat' dir='ltr'><strong>notandum,</strong></span> 
     </span>
    </p>
   </div>
   <div class='ocr_carea' id='block_1_60' title="bbox 700 3718 2292 3801">
    <p class='ocr_par' dir='ltr' id='par_1_60' title="bbox 700 3718 2292 3801">
     <span class='ocr_line' id='line_1_60' title="bbox 700 3718 2292 3801; baseline 0.009 -28"><span class='ocrx_word' id='word_1_402' title='bbox 700 3718 862 3774; x_wconf 76' lang='lat' dir='ltr'><strong>hunc</strong></span> <span class='ocrx_word' id='word_1_403' title='bbox 885 3719 1205 3790; x_wconf 87' lang='lat' dir='ltr'><strong>plerumque</strong></span> <span class='ocrx_word' id='word_1_404' title='bbox 1227 3735 1349 3776; x_wconf 88' lang='lat' dir='ltr'><strong>esse</strong></span> <span class='ocrx_word' id='word_1_405' title='bbox 1370 3723 1422 3777; x_wconf 91' lang='lat' dir='ltr'><strong>in</strong></span> <span class='ocrx_word' id='word_1_406' title='bbox 1449 3722 1730 3794; x_wconf 88' lang='lat' dir='ltr'><strong>Scriptura</strong></span> <span class='ocrx_word' id='word_1_407' title='bbox 1755 3743 1958 3783; x_wconf 89' lang='lat' dir='ltr'><strong>morem</strong></span> <span class='ocrx_word' id='word_1_408' title='bbox 1987 3745 2174 3785; x_wconf 89' lang='lat' dir='ltr'><strong>eorum</strong></span> <span class='ocrx_word' id='word_1_409' title='bbox 2199 3734 2292 3801; x_wconf 87' lang='lat' dir='ltr'><strong>qui</strong></span> 
     </span>
    </p>
   </div>
   <div class='ocr_carea' id='block_1_61' title="bbox 708 3811 2293 3891">
    <p class='ocr_par' dir='ltr' id='par_1_61' title="bbox 708 3811 2293 3891">
     <span class='ocr_line' id='line_1_61' title="bbox 708 3811 2293 3891; baseline 0.011 -27"><span class='ocrx_word' id='word_1_410' title='bbox 708 3811 972 3866; x_wconf 73' lang='lat' dir='ltr'><strong>historias</strong></span> <span class='ocrx_word' id='word_1_411' title='bbox 986 3816 1381 3884; x_wconf 88' lang='lat' dir='ltr'><strong>conscripsere,</strong></span> <span class='ocrx_word' id='word_1_412' title='bbox 1411 3826 1470 3871; x_wconf 92' lang='lat' dir='ltr'><strong>ut</strong></span> <span class='ocrx_word' id='word_1_413' title='bbox 1493 3835 1596 3874; x_wconf 90' lang='lat' dir='ltr'><strong>non</strong></span> <span class='ocrx_word' id='word_1_414' title='bbox 1623 3821 1819 3876; x_wconf 88' lang='lat' dir='ltr'><strong>seriem</strong></span> <span class='ocrx_word' id='word_1_415' title='bbox 1841 3825 2140 3891; x_wconf 86' lang='lat' dir='ltr'><strong>spectarint</strong></span> <span class='ocrx_word' id='word_1_416' title='bbox 2159 3836 2293 3880; x_wconf 61' lang='lat' dir='ltr'><strong>tem.</strong></span> 
     </span>
    </p>
   </div>
   <div class='ocr_carea' id='block_1_62' title="bbox 715 3902 2294 3980">
    <p class='ocr_par' dir='ltr' id='par_1_62' title="bbox 715 3902 2294 3980">
     <span class='ocr_line' id='line_1_62' title="bbox 715 3902 2294 3980; baseline 0.011 -27"><span class='ocrx_word' id='word_1_417' title='bbox 715 3903 882 3970; x_wconf 79' lang='lat' dir='ltr'><strong>puris,</strong></span> <span class='ocrx_word' id='word_1_418' title='bbox 899 3903 994 3957; x_wconf 88' lang='lat' dir='ltr'><strong>sed</strong></span> <span class='ocrx_word' id='word_1_419' title='bbox 1014 3913 1245 3968; x_wconf 85' lang='lat' dir='ltr'><strong>tantum,</strong></span> <span class='ocrx_word' id='word_1_420' title='bbox 1262 3917 1421 3974; x_wconf 89' lang='lat' dir='ltr'><strong>prout</strong></span> <span class='ocrx_word' id='word_1_421' title='bbox 1436 3923 1520 3963; x_wconf 89' lang='lat' dir='ltr'><strong>res</strong></span> <span class='ocrx_word' id='word_1_422' title='bbox 1544 3902 1771 3976; x_wconf 67' lang='lat' dir='ltr'><strong>ferebat,</strong></span> <span class='ocrx_word' id='word_1_423' title='bbox 1793 3912 1843 3965; x_wconf 90' lang='lat' dir='ltr'><strong>in</strong></span> <span class='ocrx_word' id='word_1_424' title='bbox 1863 3914 2153 3980; x_wconf 72' lang='lat' dir='ltr'><strong>legentium</strong></span> <span class='ocrx_word' id='word_1_425' title='bbox 2172 3931 2294 3970; x_wconf 84' lang='lat' dir='ltr'><strong>con-</strong></span> 
     </span>
    </p>
   </div>
   <div class='ocr_carea' id='block_1_63' title="bbox 716 3993 2291 4074">
    <p class='ocr_par' dir='ltr' id='par_1_63' title="bbox 716 3993 2291 4074">
     <span class='ocr_line' id='line_1_63' title="bbox 716 3993 2291 4074; baseline 0.01 -29"><span class='ocrx_word' id='word_1_426' title='bbox 716 3993 949 4047; x_wconf 81' lang='lat' dir='ltr'><strong>texerint</strong></span> <span class='ocrx_word' id='word_1_427' title='bbox 969 3993 1273 4049; x_wconf 88' lang='lat' dir='ltr'><strong>utilitatem.</strong></span> <span class='ocrx_word' id='word_1_428' title='bbox 1301 3995 1406 4052; x_wconf 89' lang='lat' dir='ltr'><strong>Sed</strong></span> <span class='ocrx_word' id='word_1_429' title='bbox 1429 3999 1619 4054; x_wconf 88' lang='lat' dir='ltr'><strong>melius</strong></span> <span class='ocrx_word' id='word_1_430' title='bbox 1649 4002 1764 4057; x_wconf 72' lang='lat' dir='ltr'><strong>hmc</strong></span> <span class='ocrx_word' id='word_1_431' title='bbox 1779 4017 1898 4058; x_wconf 90' lang='lat' dir='ltr'><strong>cum</strong></span> <span class='ocrx_word' id='word_1_432' title='bbox 1917 4007 2291 4074; x_wconf 85' lang='lat' dir='ltr'><strong>superioribus</strong></span> 
     </span>
    </p>
   </div>
   <div class='ocr_carea' id='block_1_64' title="bbox 712 4080 2288 4160">
    <p class='ocr_par' dir='ltr' id='par_1_64' title="bbox 712 4080 2288 4160">
     <span class='ocr_line' id='line_1_64' title="bbox 712 4080 2288 4160; baseline 0.01 -24"><span class='ocrx_word' id='word_1_433' title='bbox 712 4098 851 4136; x_wconf 78' lang='lat' dir='ltr'><strong>nexa</strong></span> <span class='ocrx_word' id='word_1_434' title='bbox 880 4080 1010 4140; x_wconf 57' lang='lat' dir='ltr'><strong>ﬁsse</strong></span> <span class='ocrx_word' id='word_1_435' title='bbox 1042 4097 1332 4143; x_wconf 82' lang='lat' dir='ltr'><strong>assereret.</strong></span> <span class='ocrx_word' id='word_1_436' title='bbox 1378 4087 1590 4144; x_wconf 85' lang='lat' dir='ltr'><strong>Etenim</strong></span> <span class='ocrx_word' id='word_1_437' title='bbox 1640 4107 1761 4146; x_wconf 87' lang='lat' dir='ltr'><strong>cum</strong></span> <span class='ocrx_word' id='word_1_438' title='bbox 1811 4093 2056 4160; x_wconf 79' lang='lat' dir='ltr'><strong>dixisset,</strong></span> <span class='ocrx_word' id='word_1_439' title='bbox 2096 4111 2288 4150; x_wconf 87' lang='lat' dir='ltr'><strong>eorum</strong></span> 
     </span>
    </p>
   </div>
   <div class='ocr_carea' id='block_1_65' title="bbox 710 4173 2288 4257">
    <p class='ocr_par' dir='ltr' id='par_1_65' title="bbox 710 4173 2288 4257">
     <span class='ocr_line' id='line_1_65' title="bbox 710 4173 2288 4257; baseline 0.013 -31"><span class='ocrx_word' id='word_1_440' title='bbox 710 4176 801 4244; x_wconf 82' lang='lat' dir='ltr'><strong>qui</strong></span> <span class='ocrx_word' id='word_1_441' title='bbox 845 4174 898 4228; x_wconf 87' lang='lat' dir='ltr'><strong>in</strong></span> <span class='ocrx_word' id='word_1_442' title='bbox 928 4173 1167 4244; x_wconf 65' lang='lat' dir='ltr'><strong>Egypto</strong></span> <span class='ocrx_word' id='word_1_443' title='bbox 1203 4189 1359 4233; x_wconf 85' lang='lat' dir='ltr'><strong>erant</strong></span> <span class='ocrx_word' id='word_1_444' title='bbox 1395 4189 1602 4236; x_wconf 86' lang='lat' dir='ltr'><strong>tantum</strong></span> <span class='ocrx_word' id='word_1_445' title='bbox 1636 4198 1730 4238; x_wconf 75' lang='lat' dir='ltr'><strong>eos</strong></span> <span class='ocrx_word' id='word_1_446' title='bbox 1765 4185 2052 4243; x_wconf 79' lang='lat' dir='ltr'><strong>salvandos</strong></span> <span class='ocrx_word' id='word_1_447' title='bbox 2087 4191 2177 4257; x_wconf 91' lang='lat' dir='ltr'><strong>qui</strong></span> <span class='ocrx_word' id='word_1_448' title='bbox 2233 4194 2288 4247; x_wconf 92' lang='lat' dir='ltr'><strong>in</strong></span> 
     </span>
    </p>
   </div>
   <div class='ocr_carea' id='block_1_66' title="bbox 718 4261 2288 4349">
    <p class='ocr_par' dir='ltr' id='par_1_66' title="bbox 718 4261 2288 4349">
     <span class='ocr_line' id='line_1_66' title="bbox 718 4261 2288 4349; baseline 0.013 -33"><span class='ocrx_word' id='word_1_449' title='bbox 718 4261 961 4317; x_wconf 65' lang='lat' dir='ltr'><strong>Judzam</strong></span> <span class='ocrx_word' id='word_1_450' title='bbox 1019 4266 1429 4336; x_wconf 75' lang='lat' dir='ltr'><strong>confugissent,</strong></span> <span class='ocrx_word' id='word_1_451' title='bbox 1477 4271 1716 4339; x_wconf 87' lang='lat' dir='ltr'><strong>reliquos</strong></span> <span class='ocrx_word' id='word_1_452' title='bbox 1755 4288 1882 4328; x_wconf 83' lang='lat' dir='ltr'><strong>vero</strong></span> <span class='ocrx_word' id='word_1_453' title='bbox 1913 4292 2106 4333; x_wconf 86' lang='lat' dir='ltr'><strong>omnes</strong></span> <span class='ocrx_word' id='word_1_454' title='bbox 2159 4295 2288 4349; x_wconf 90' lang='lat' dir='ltr'><strong>per-</strong></span> 
     </span>
    </p>
   </div>
   <div class='ocr_carea' id='block_1_67' title="bbox 713 4353 2288 4429">
    <p class='ocr_par' dir='ltr' id='par_1_67' title="bbox 713 4353 2288 4429">
     <span class='ocr_line' id='line_1_67' title="bbox 713 4353 2288 4429; baseline 0.015 -22"><span class='ocrx_word' id='word_1_455' title='bbox 713 4353 958 4417; x_wconf 84' lang='lat' dir='ltr'><strong>dendos,</strong></span> <span class='ocrx_word' id='word_1_456' title='bbox 999 4353 1067 4408; x_wconf 82' lang='lat' dir='ltr'><strong>its</strong></span> <span class='ocrx_word' id='word_1_457' title='bbox 1127 4372 1233 4410; x_wconf 88' lang='lat' dir='ltr'><strong>non</strong></span> <span class='ocrx_word' id='word_1_458' title='bbox 1282 4360 1633 4416; x_wconf 76' lang='lat' dir='ltr'><strong>erodentibus</strong></span> <span class='ocrx_word' id='word_1_459' title='bbox 1684 4364 1974 4421; x_wconf 77' lang='lat' dir='ltr'><strong>confirmat</strong></span> <span class='ocrx_word' id='word_1_460' title='bbox 2007 4353 2288 4429; x_wconf 87' lang='lat' dir='ltr'><strong>sermones</strong></span> 
     </span>
    </p>
   </div>
   <div class='ocr_carea' id='block_1_68' title="bbox 2405 2737 3980 2810">
    <p class='ocr_par' dir='ltr' id='par_1_68' title="bbox 2405 2737 3980 2810">
     <span class='ocr_line' id='line_1_68' title="bbox 2405 2737 3980 2810; baseline 0.003 -19"><span class='ocrx_word' id='word_1_461' title='bbox 2405 2754 2542 2791; x_wconf 86' lang='grc' dir='ltr'><strong>πτου</strong></span> <span class='ocrx_word' id='word_1_462' title='bbox 2577 2737 2805 2803; x_wconf 66' lang='grc' dir='ltr'><strong>ἅλωσιν,</strong></span> <span class='ocrx_word' id='word_1_463' title='bbox 2838 2739 2933 2791; x_wconf 75' lang='grc' dir='ltr'><strong>καὶ</strong></span> <span class='ocrx_word' id='word_1_464' title='bbox 2984 2737 3256 2804; x_wconf 80' lang='grc' dir='ltr'><strong>Ἰουδαίοις</strong></span> <span class='ocrx_word' id='word_1_465' title='bbox 3306 2740 3588 2810; x_wconf 81' lang='grc' dir='ltr'><strong>άπῲλειαν</strong></span> <span class='ocrx_word' id='word_1_466' title='bbox 3626 2779 3642 2808; x_wconf 89' lang='grc'><strong>,</strong></span> <span class='ocrx_word' id='word_1_467' title='bbox 3702 2739 3980 2808; x_wconf 79' lang='grc' dir='ltr'><strong>ἀπόδειξιν</strong></span> 
     </span>
    </p>
   </div>
   <div class='ocr_carea' id='block_1_69' title="bbox 2402 2822 3533 2903">
    <p class='ocr_par' dir='ltr' id='par_1_69' title="bbox 2402 2822 3533 2903">
     <span class='ocr_line' id='line_1_69' title="bbox 2402 2822 3533 2903; baseline 0.001 -21"><span class='ocrx_word' id='word_1_468' title='bbox 2402 2828 2513 2882; x_wconf 86' lang='grc' dir='ltr'><strong>τῶν</strong></span> <span class='ocrx_word' id='word_1_469' title='bbox 2535 2829 2711 2897; x_wconf 83' lang='grc' dir='ltr'><strong>λόγων</strong></span> <span class='ocrx_word' id='word_1_470' title='bbox 2735 2828 2833 2898; x_wconf 78' lang='grc' dir='ltr'><strong>τὴν</strong></span> <span class='ocrx_word' id='word_1_471' title='bbox 2858 2822 3030 2903; x_wconf 79' lang='grc' dir='ltr'><strong>ἧτταν</strong></span> <span class='ocrx_word' id='word_1_472' title='bbox 3049 2829 3145 2882; x_wconf 83' lang='grc' dir='ltr'><strong>τοῦ</strong></span> <span class='ocrx_word' id='word_1_473' title='bbox 3175 2828 3377 2901; x_wconf 60' lang='grc' dir='ltr'><strong>Φαραὼ</strong></span> <span class='ocrx_word' id='word_1_474' title='bbox 3405 2829 3533 2902; x_wconf 77' lang='grc' dir='ltr'><strong>ἔφη.</strong></span> 
     </span>
    </p>
   </div>
   <div class='ocr_carea' id='block_1_70' title="bbox 2995 2960 3424 3018">
    <p class='ocr_par' dir='ltr' id='par_1_70' title="bbox 2995 2960 3424 3018">
     <span class='ocr_line' id='line_1_70' title="bbox 2995 2960 3424 3018; baseline 0.007 -3"><span class='ocrx_word' id='word_1_475' title='bbox 2995 2960 3249 3018; x_wconf 65' lang='grc' dir='ltr'><strong>ΚΕΦΔΛ.</strong></span> <span class='ocrx_word' id='word_1_476' title='bbox 3287 2962 3424 3018; x_wconf 85' lang='lat' dir='ltr'><strong>ME’.</strong></span> 
     </span>
    </p>
   </div>
   <div class='ocr_carea' id='block_1_71' title="bbox 2471 3092 3980 3170">
    <p class='ocr_par' dir='ltr' id='par_1_71' title="bbox 2471 3092 3980 3170">
     <span class='ocr_line' id='line_1_71' title="bbox 2471 3092 3980 3170; baseline 0.006 -25"><span class='ocrx_word' id='word_1_477' title='bbox 2471 3093 2490 3112; x_wconf 85' lang='grc'><strong><em>⁸</em></strong></span> <span class='ocrx_word' id='word_1_478' title='bbox 2531 3092 2594 3146; x_wconf 88' lang='grc' dir='ltr'><em>Ὀ</em></span> <span class='ocrx_word' id='word_1_479' title='bbox 2616 3093 2823 3164; x_wconf 74' lang='grc' dir='ltr'><strong>λόγος,</strong></span> <span class='ocrx_word' id='word_1_480' title='bbox 2854 3093 2928 3148; x_wconf 78' lang='grc' dir='ltr'><strong>ὃν</strong></span> <span class='ocrx_word' id='word_1_481' title='bbox 2944 3093 3256 3162; x_wconf 73' lang='grc' dir='ltr'><strong>ἐλάλησεν</strong></span> <span class='ocrx_word' id='word_1_482' title='bbox 3299 3096 3576 3166; x_wconf 78' lang='grc' dir='ltr'><strong>Ἱερεμίας</strong></span> <span class='ocrx_word' id='word_1_483' title='bbox 3604 3099 3639 3152; x_wconf 81' lang='grc' dir='ltr'><strong>δ</strong></span> <span class='ocrx_word' id='word_1_484' title='bbox 3665 3097 3980 3170; x_wconf 75' lang='grc' dir='ltr'><strong>προφήτης</strong></span> 
     </span>
    </p>
   </div>
   <div class='ocr_carea' id='block_1_72' title="bbox 2397 3183 3979 3258">
    <p class='ocr_par' dir='ltr' id='par_1_72' title="bbox 2397 3183 3979 3258">
     <span class='ocr_line' id='line_1_72' title="bbox 2397 3183 3979 3258; baseline 0.006 -22"><span class='ocrx_word' id='word_1_485' title='bbox 2397 3183 2550 3250; x_wconf 74' lang='grc' dir='ltr'><strong>πρὸς</strong></span> <span class='ocrx_word' id='word_1_486' title='bbox 2578 3184 2818 3253; x_wconf 82' lang='grc' dir='ltr'><strong>Βαροὺχ</strong></span> <span class='ocrx_word' id='word_1_487' title='bbox 2849 3184 2986 3239; x_wconf 74' lang='grc' dir='ltr'><strong>υἱὸν</strong></span> <span class='ocrx_word' id='word_1_488' title='bbox 3011 3188 3256 3255; x_wconf 79' lang='grc' dir='ltr'><strong>Νηρίου,</strong></span> <span class='ocrx_word' id='word_1_489' title='bbox 3283 3187 3374 3241; x_wconf 86' lang='grc' dir='ltr'><strong>ὅτι</strong></span> <span class='ocrx_word' id='word_1_490' title='bbox 3395 3188 3623 3258; x_wconf 66' lang='grc' dir='ltr'><strong>ἔγραψε</strong></span> <span class='ocrx_word' id='word_1_491' title='bbox 3683 3190 3829 3257; x_wconf 86' lang='grc' dir='ltr'><strong>τοὺς</strong></span> <span class='ocrx_word' id='word_1_492' title='bbox 3875 3192 3979 3246; x_wconf 72' lang='grc' dir='ltr'><strong>λό-</strong></span> 
     </span>
    </p>
   </div>
   <div class='ocr_carea' id='block_1_73' title="bbox 2398 3274 3978 3350">
    <p class='ocr_par' dir='ltr' id='par_1_73' title="bbox 2398 3274 3978 3350">
     <span class='ocr_line' id='line_1_73' title="bbox 2398 3274 3978 3350; baseline 0.006 -23"><span class='ocrx_word' id='word_1_493' title='bbox 2398 3290 2546 3342; x_wconf 76' lang='grc' dir='ltr'><strong>τους</strong></span> <span class='ocrx_word' id='word_1_494' title='bbox 2606 3274 2859 3341; x_wconf 80' lang='grc' dir='ltr'><strong>τούτους</strong></span> <span class='ocrx_word' id='word_1_495' title='bbox 2922 3275 3041 3329; x_wconf 80' lang='grc' dir='ltr'><strong>ἀπὸ</strong></span> <span class='ocrx_word' id='word_1_496' title='bbox 3080 3278 3378 3346; x_wconf 80' lang='grc' dir='ltr'><strong>στόματος</strong></span> <span class='ocrx_word' id='word_1_497' title='bbox 3431 3279 3718 3350; x_wconf 77' lang='grc' dir='ltr'><strong>Ἰερεμίου</strong></span> <span class='ocrx_word' id='word_1_498' title='bbox 3783 3283 3853 3336; x_wconf 81' lang='grc' dir='ltr'><strong>ἐν</strong></span> <span class='ocrx_word' id='word_1_499' title='bbox 3897 3281 3978 3348; x_wconf 80' lang='grc' dir='ltr'><strong>τῷ</strong></span> 
     </span>
    </p>
   </div>
   <div class='ocr_carea' id='block_1_74' title="bbox 2397 3362 3978 3436">
    <p class='ocr_par' dir='ltr' id='par_1_74' title="bbox 2397 3362 3978 3436">
     <span class='ocr_line' id='line_1_74' title="bbox 2397 3362 3978 3436; baseline 0.006 -18"><span class='ocrx_word' id='word_1_500' title='bbox 2397 3365 2517 3418; x_wconf 76' lang='grc' dir='ltr'><strong>ἔτει</strong></span> <span class='ocrx_word' id='word_1_501' title='bbox 2555 3362 2636 3429; x_wconf 83' lang='grc' dir='ltr'><strong>τῷ</strong></span> <span class='ocrx_word' id='word_1_502' title='bbox 2661 3363 2918 3433; x_wconf 78' lang='grc' dir='ltr'><strong>τετάρτῳ</strong></span> <span class='ocrx_word' id='word_1_503' title='bbox 2979 3367 3239 3436; x_wconf 78' lang='grc' dir='ltr'><strong>ἰωακεὶμ</strong></span> <span class='ocrx_word' id='word_1_504' title='bbox 3293 3369 3432 3424; x_wconf 75' lang='grc' dir='ltr'><strong>υἱοῦ</strong></span> <span class='ocrx_word' id='word_1_505' title='bbox 3503 3369 3738 3426; x_wconf 79' lang='grc' dir='ltr'><strong>Ἰωσίου</strong></span> <span class='ocrx_word' id='word_1_506' title='bbox 3791 3373 3978 3436; x_wconf 81' lang='grc' dir='ltr'><strong>,βασι-</strong></span> 
     </span>
    </p>
   </div>
   <div class='ocr_carea' id='block_1_75' title="bbox 2395 3452 2802 3519">
    <p class='ocr_par' dir='ltr' id='par_1_75' title="bbox 2395 3452 2802 3519">
     <span class='ocr_line' id='line_1_75' title="bbox 2395 3452 2802 3519; baseline -0.005 -12"><span class='ocrx_word' id='word_1_507' title='bbox 2395 3453 2552 3519; x_wconf 74' lang='grc' dir='ltr'><strong>λέως</strong></span> <span class='ocrx_word' id='word_1_508' title='bbox 2587 3452 2802 3507; x_wconf 82' lang='grc' dir='ltr'><strong>Ἰούδα.</strong></span> 
     </span>
    </p>
   </div>
   <div class='ocr_carea' id='block_1_76' title="bbox 2467 3545 3974 3616">
    <p class='ocr_par' dir='ltr' id='par_1_76' title="bbox 2467 3545 3974 3616">
     <span class='ocr_line' id='line_1_76' title="bbox 2467 3545 3974 3616; baseline 0.008 -18"><span class='ocrx_word' id='word_1_509' title='bbox 2467 3545 2698 3616; x_wconf 77' lang='grc' dir='ltr'><strong>Οἰηθείη</strong></span> <span class='ocrx_word' id='word_1_510' title='bbox 2731 3545 2830 3616; x_wconf 72' lang='grc' dir='ltr'><strong>μὲν</strong></span> <span class='ocrx_word' id='word_1_511' title='bbox 2855 3546 2921 3600; x_wconf 84' lang='grc' dir='ltr'><strong>άν</strong></span> <span class='ocrx_word' id='word_1_512' title='bbox 2950 3564 3035 3612; x_wconf 86' lang='grc' dir='ltr'><strong>τις</strong></span> <span class='ocrx_word' id='word_1_513' title='bbox 3066 3548 3129 3601; x_wconf 82' lang='grc' dir='ltr'><strong>οὐ</strong></span> <span class='ocrx_word' id='word_1_514' title='bbox 3161 3549 3308 3603; x_wconf 84' lang='grc' dir='ltr'><strong>κατὰ</strong></span> <span class='ocrx_word' id='word_1_515' title='bbox 3333 3548 3490 3614; x_wconf 81' lang='grc' dir='ltr'><strong>τάξιν</strong></span> <span class='ocrx_word' id='word_1_516' title='bbox 3520 3552 3699 3606; x_wconf 84' lang='grc' dir='ltr'><strong>ταῦτα</strong></span> <span class='ocrx_word' id='word_1_517' title='bbox 3757 3554 3974 3610; x_wconf 83' lang='grc' dir='ltr'><strong>κεῖσθαι</strong></span> 
     </span>
    </p>
   </div>
   <div class='ocr_carea' id='block_1_77' title="bbox 2395 3631 3967 3711">
    <p class='ocr_par' dir='ltr' id='par_1_77' title="bbox 2395 3631 3967 3711">
     <span class='ocr_line' id='line_1_77' title="bbox 2395 3631 3967 3711; baseline 0.008 -27"><span class='ocrx_word' id='word_1_518' title='bbox 2395 3631 2549 3702; x_wconf 83' lang='grc' dir='ltr'><strong>παρὰ</strong></span> <span class='ocrx_word' id='word_1_519' title='bbox 2576 3632 2654 3703; x_wconf 85' lang='grc' dir='ltr'><strong>τῷ</strong></span> <span class='ocrx_word' id='word_1_520' title='bbox 2683 3635 2963 3706; x_wconf 82' lang='grc' dir='ltr'><strong>προφήτῃ,</strong></span> <span class='ocrx_word' id='word_1_521' title='bbox 2999 3635 3123 3689; x_wconf 82' lang='grc' dir='ltr'><strong>ὅθεν</strong></span> <span class='ocrx_word' id='word_1_522' title='bbox 3169 3640 3329 3709; x_wconf 75' lang='grc' dir='ltr'><strong>φησὶ,</strong></span> <span class='ocrx_word' id='word_1_523' title='bbox 3349 3638 3460 3692; x_wconf 84' lang='grc' dir='ltr'>δεῖν</span> <span class='ocrx_word' id='word_1_524' title='bbox 3480 3640 3967 3711; x_wconf 77' lang='grc' dir='ltr'><strong>ἐπισημαίνεσθαι,</strong></span> 
     </span>
    </p>
   </div>
   <div class='ocr_carea' id='block_1_78' title="bbox 2393 3722 3966 3803">
    <p class='ocr_par' dir='ltr' id='par_1_78' title="bbox 2393 3722 3966 3803">
     <span class='ocr_line' id='line_1_78' title="bbox 2393 3722 3966 3803; baseline 0.008 -31"><span class='ocrx_word' id='word_1_525' title='bbox 2393 3722 2470 3784; x_wconf 86' lang='grc' dir='ltr'>ὡς</span> <span class='ocrx_word' id='word_1_526' title='bbox 2525 3722 2801 3792; x_wconf 81' lang='grc' dir='ltr'><strong>πολλαχοῦ</strong></span> <span class='ocrx_word' id='word_1_527' title='bbox 2832 3725 2951 3776; x_wconf 77' lang='grc' dir='ltr'><strong>ἐστι</strong></span> <span class='ocrx_word' id='word_1_528' title='bbox 3002 3724 3162 3778; x_wconf 80' lang='grc' dir='ltr'><strong>τοῦτο</strong></span> <span class='ocrx_word' id='word_1_529' title='bbox 3215 3727 3319 3798; x_wconf 77' lang='grc' dir='ltr'><strong>τῆς</strong></span> <span class='ocrx_word' id='word_1_530' title='bbox 3366 3729 3594 3799; x_wconf 80' lang='grc' dir='ltr'><strong>Γραφῆς</strong></span> <span class='ocrx_word' id='word_1_531' title='bbox 3650 3730 3712 3784; x_wconf 81' lang='grc' dir='ltr'><strong>τὸ</strong></span> <span class='ocrx_word' id='word_1_532' title='bbox 3750 3732 3966 3803; x_wconf 70' lang='grc' dir='ltr'><strong>ἰδίωμα,</strong></span> 
     </span>
    </p>
   </div>
   <div class='ocr_carea' id='block_1_79' title="bbox 2394 3812 3970 3890">
    <p class='ocr_par' dir='ltr' id='par_1_79' title="bbox 2394 3812 3970 3890">
     <span class='ocr_line' id='line_1_79' title="bbox 2394 3812 3970 3890; baseline 0.01 -27"><span class='ocrx_word' id='word_1_533' title='bbox 2394 3812 2503 3864; x_wconf 83' lang='grc' dir='ltr'><strong>τῶν</strong></span> <span class='ocrx_word' id='word_1_534' title='bbox 2553 3813 2860 3868; x_wconf 82' lang='grc' dir='ltr'><strong>συνθέντων</strong></span> <span class='ocrx_word' id='word_1_535' title='bbox 2901 3814 3002 3878; x_wconf 82' lang='grc' dir='ltr'><strong>τὰς</strong></span> <span class='ocrx_word' id='word_1_536' title='bbox 3050 3816 3315 3887; x_wconf 77' lang='grc' dir='ltr'><strong>ἱστορίας,</strong></span> <span class='ocrx_word' id='word_1_537' title='bbox 3359 3819 3421 3872; x_wconf 83' lang='grc' dir='ltr'><strong>οὐ</strong></span> <span class='ocrx_word' id='word_1_538' title='bbox 3486 3820 3590 3890; x_wconf 85' lang='grc' dir='ltr'><strong>τῆς</strong></span> <span class='ocrx_word' id='word_1_539' title='bbox 3644 3822 3970 3889; x_wconf 75' lang='grc' dir='ltr'><strong>ἀκολουθίας</strong></span> 
     </span>
    </p>
   </div>
   <div class='ocr_carea' id='block_1_80' title="bbox 2395 3905 3966 3982">
    <p class='ocr_par' dir='ltr' id='par_1_80' title="bbox 2395 3905 3966 3982">
     <span class='ocr_line' id='line_1_80' title="bbox 2395 3905 3966 3982; baseline 0.01 -28"><span class='ocrx_word' id='word_1_540' title='bbox 2395 3905 2831 3974; x_wconf 78' lang='grc' dir='ltr'><strong>φροντισάντων,</strong></span> <span class='ocrx_word' id='word_1_541' title='bbox 2873 3905 3014 3960; x_wconf 78' lang='grc' dir='ltr'><strong>ἀλλὰ</strong></span> <span class='ocrx_word' id='word_1_542' title='bbox 3062 3906 3156 3960; x_wconf 78' lang='grc' dir='ltr'><strong>τοῦ</strong></span> <span class='ocrx_word' id='word_1_543' title='bbox 3211 3910 3360 3973; x_wconf 81' lang='grc' dir='ltr'><strong>ὅπως</strong></span> <span class='ocrx_word' id='word_1_544' title='bbox 3417 3910 3620 3982; x_wconf 85' lang='grc' dir='ltr'><strong>δήποτε</strong></span> <span class='ocrx_word' id='word_1_545' title='bbox 3697 3915 3966 3970; x_wconf 83' lang='grc' dir='ltr'><strong>συνθεῖναι</strong></span> 
     </span>
    </p>
   </div>
   <div class='ocr_carea' id='block_1_81' title="bbox 2396 3995 3968 4068">
    <p class='ocr_par' dir='ltr' id='par_1_81' title="bbox 2396 3995 3968 4068">
     <span class='ocr_line' id='line_1_81' title="bbox 2396 3995 3968 4068; baseline 0.01 -22"><span class='ocrx_word' id='word_1_546' title='bbox 2396 3995 2536 4065; x_wconf 86' lang='grc' dir='ltr'><strong>πρὸς</strong></span> <span class='ocrx_word' id='word_1_547' title='bbox 2582 3997 2858 4064; x_wconf 83' lang='grc' dir='ltr'><strong>ὠφέλειαν</strong></span> <span class='ocrx_word' id='word_1_548' title='bbox 2890 3997 2998 4051; x_wconf 88' lang='grc' dir='ltr'><strong>τῶν</strong></span> <span class='ocrx_word' id='word_1_549' title='bbox 3037 4000 3550 4068; x_wconf 83' lang='grc' dir='ltr'><strong>ἀναγινωσκόντων.</strong></span> <span class='ocrx_word' id='word_1_550' title='bbox 3579 4005 3801 4060; x_wconf 78' lang='grc' dir='ltr'><strong>Μᾶλλον</strong></span> <span class='ocrx_word' id='word_1_551' title='bbox 3835 4008 3879 4060; x_wconf 76' lang='grc' dir='ltr'>δ’</span> <span class='ocrx_word' id='word_1_552' title='bbox 3903 4009 3968 4063; x_wconf 75' lang='grc' dir='ltr'><strong>ἄν</strong></span> 
     </span>
    </p>
   </div>
   <div class='ocr_carea' id='block_1_82' title="bbox 2391 4087 3964 4169">
    <p class='ocr_par' dir='ltr' id='par_1_82' title="bbox 2391 4087 3964 4169">
     <span class='ocr_line' id='line_1_82' title="bbox 2391 4087 3964 4169; baseline 0.008 -30"><span class='ocrx_word' id='word_1_553' title='bbox 2391 4103 2477 4150; x_wconf 86' lang='grc' dir='ltr'><strong>τις</strong></span> <span class='ocrx_word' id='word_1_554' title='bbox 2511 4087 2939 4158; x_wconf 79' lang='grc' dir='ltr'><strong>ήρμόσθαιαὺτό</strong></span> <span class='ocrx_word' id='word_1_555' title='bbox 2968 4107 3101 4160; x_wconf 85' lang='grc' dir='ltr'><strong>φησι</strong></span> <span class='ocrx_word' id='word_1_556' title='bbox 3137 4093 3274 4163; x_wconf 79' lang='grc' dir='ltr'><strong>πρὸς</strong></span> <span class='ocrx_word' id='word_1_557' title='bbox 3305 4093 3376 4146; x_wconf 79' lang='grc' dir='ltr'><strong>τά</strong></span> <span class='ocrx_word' id='word_1_558' title='bbox 3397 4095 3698 4166; x_wconf 77' lang='grc' dir='ltr'><strong>ἡγούμενα.</strong></span> <span class='ocrx_word' id='word_1_559' title='bbox 3744 4097 3964 4169; x_wconf 77' lang='grc' dir='ltr'><strong>Ἐπειδὴ</strong></span> 
     </span>
    </p>
   </div>
   <div class='ocr_carea' id='block_1_83' title="bbox 2390 4178 3965 4253">
    <p class='ocr_par' dir='ltr' id='par_1_83' title="bbox 2390 4178 3965 4253">
     <span class='ocr_line' id='line_1_83' title="bbox 2390 4178 3965 4253; baseline 0.009 -23"><span class='ocrx_word' id='word_1_560' title='bbox 2390 4178 2501 4250; x_wconf 83' lang='grc' dir='ltr'><strong>γὰρ</strong></span> <span class='ocrx_word' id='word_1_561' title='bbox 2539 4179 2647 4250; x_wconf 79' lang='grc' dir='ltr'><strong>ἔφη</strong></span> <span class='ocrx_word' id='word_1_562' title='bbox 2695 4179 2805 4233; x_wconf 85' lang='grc' dir='ltr'><strong>τῶν</strong></span> <span class='ocrx_word' id='word_1_563' title='bbox 2841 4181 2898 4232; x_wconf 80' lang='grc' dir='ltr'><strong>ὲν</strong></span> <span class='ocrx_word' id='word_1_564' title='bbox 2936 4180 3201 4253; x_wconf 78' lang='grc' dir='ltr'><strong>Αἰγύπτῳ</strong></span> <span class='ocrx_word' id='word_1_565' title='bbox 3256 4185 3455 4253; x_wconf 84' lang='grc' dir='ltr'>μόνους</span> <span class='ocrx_word' id='word_1_566' title='bbox 3511 4187 3785 4252; x_wconf 78' lang='grc' dir='ltr'><strong>σώζεσθαι</strong></span> <span class='ocrx_word' id='word_1_567' title='bbox 3841 4192 3965 4252; x_wconf 81' lang='grc' dir='ltr'><strong>τοὺς</strong></span> 
     </span>
    </p>
   </div>
   <div class='ocr_carea' id='block_1_84' title="bbox 2389 4271 3964 4348">
    <p class='ocr_par' dir='ltr' id='par_1_84' title="bbox 2389 4271 3964 4348">
     <span class='ocr_line' id='line_1_84' title="bbox 2389 4271 3964 4348; baseline 0.007 -22"><span class='ocrx_word' id='word_1_568' title='bbox 2389 4274 2469 4336; x_wconf 71' lang='grc' dir='ltr'><strong>εἰς</strong></span> <span class='ocrx_word' id='word_1_569' title='bbox 2493 4273 2596 4343; x_wconf 82' lang='grc' dir='ltr'><strong>τὴν</strong></span> <span class='ocrx_word' id='word_1_570' title='bbox 2638 4271 2898 4327; x_wconf 80' lang='grc' dir='ltr'><strong>Ἰουδαίαν</strong></span> <span class='ocrx_word' id='word_1_571' title='bbox 2930 4278 3258 4344; x_wconf 82' lang='grc' dir='ltr'><strong>φεύγοντας,</strong></span> <span class='ocrx_word' id='word_1_572' title='bbox 3299 4279 3636 4334; x_wconf 83' lang='grc' dir='ltr'><strong>ἀπόλλυσθαι</strong></span> <span class='ocrx_word' id='word_1_573' title='bbox 3661 4282 3718 4334; x_wconf 87' lang='grc' dir='ltr'>δὲ</span> <span class='ocrx_word' id='word_1_574' title='bbox 3755 4283 3964 4348; x_wconf 80' lang='grc' dir='ltr'><strong>πάντας</strong></span> 
     </span>
    </p>
   </div>
   <div class='ocr_carea' id='block_1_85' title="bbox 2387 4364 3964 4438">
    <p class='ocr_par' dir='ltr' id='par_1_85' title="bbox 2387 4364 3964 4438">
     <span class='ocr_line' id='line_1_85' title="bbox 2387 4364 3964 4438; baseline 0.008 -20"><span class='ocrx_word' id='word_1_575' title='bbox 2387 4365 2514 4426; x_wconf 77' lang='grc' dir='ltr'><strong>τοὺς</strong></span> <span class='ocrx_word' id='word_1_576' title='bbox 2541 4364 2788 4428; x_wconf 82' lang='grc' dir='ltr'><strong>λοιποὺς,</strong></span> <span class='ocrx_word' id='word_1_577' title='bbox 2811 4365 2912 4418; x_wconf 74' lang='grc' dir='ltr'><strong>οὐκ</strong></span> <span class='ocrx_word' id='word_1_578' title='bbox 2941 4367 3280 4438; x_wconf 76' lang='grc' dir='ltr'><strong>ἐπείσθησαν</strong></span> <span class='ocrx_word' id='word_1_579' title='bbox 3330 4370 3407 4435; x_wconf 82' lang='grc' dir='ltr'><strong>δὲ,</strong></span> <span class='ocrx_word' id='word_1_580' title='bbox 3444 4373 3552 4426; x_wconf 80' lang='grc' dir='ltr'><strong>ἀπὸ</strong></span> <span class='ocrx_word' id='word_1_581' title='bbox 3574 4373 3683 4427; x_wconf 85' lang='grc' dir='ltr'><strong>τῶν</strong></span> <span class='ocrx_word' id='word_1_582' title='bbox 3716 4375 3964 4430; x_wconf 74' lang='grc' dir='ltr'><strong>παλαιιῖιν</strong></span> 
     </span>
    </p>
   </div>
   <div class='ocr_carea' id='block_1_86' title="bbox 707 4445 2376 4536">
    <p class='ocr_par' dir='ltr' id='par_1_86' title="bbox 707 4445 2361 4528">
     <span class='ocr_line' id='line_1_86' title="bbox 707 4445 2361 4528; baseline 0.013 -32"><span class='ocrx_word' id='word_1_583' title='bbox 707 4457 838 4496; x_wconf 86' lang='lat' dir='ltr'><strong>suos</strong></span> <span class='ocrx_word' id='word_1_584' title='bbox 867 4458 932 4497; x_wconf 83' lang='lat' dir='ltr'><strong>ex</strong></span> <span class='ocrx_word' id='word_1_585' title='bbox 957 4445 1356 4514; x_wconf 85' lang='lat' dir='ltr'><strong>antiquioribus</strong></span> <span class='ocrx_word' id='word_1_586' title='bbox 1386 4449 1569 4506; x_wconf 86' lang='lat' dir='ltr'><strong>rebus.</strong></span> <span class='ocrx_word' id='word_1_587' title='bbox 1606 4451 1675 4508; x_wconf 89' lang='lat' dir='ltr'><strong>Ut</strong></span> <span class='ocrx_word' id='word_1_588' title='bbox 1703 4456 1846 4508; x_wconf 87' lang='lat' dir='ltr'><strong>enim</strong></span> <span class='ocrx_word' id='word_1_589' title='bbox 1873 4455 2025 4523; x_wconf 89' lang='lat' dir='ltr'><strong>olim,</strong></span> <span class='ocrx_word' id='word_1_590' title='bbox 2059 4461 2157 4524; x_wconf 86' lang='lat' dir='ltr'><strong>ait,</strong></span> <span class='ocrx_word' id='word_1_591' title='bbox 2183 4462 2286 4517; x_wconf 86' lang='lat' dir='ltr'><strong>Ba-</strong></span> <span class='ocrx_word' id='word_1_592' title='bbox 2317 4472 2361 4528; x_wconf 81' lang='grc' dir='ltr'><strong>ι)</strong></span> 
     </span>
    </p>
   </div>
   <div class='ocr_carea' id='block_1_87' title="bbox 2292 4445 3961 4536">
    <p class='ocr_par' dir='ltr' id='par_1_87' title="bbox 2317 4453 3961 4536">
     <span class='ocr_line' id='line_1_87' title="bbox 2317 4453 3961 4536; baseline 0.012 -33"><span class='ocrx_word' id='word_1_593' title='bbox 2317 4472 2361 4528; x_wconf 78' lang='lat' dir='ltr'><strong>D</strong></span> <span class='ocrx_word' id='word_1_594' title='bbox 2390 4453 2736 4507; x_wconf 75' lang='grc' dir='ltr'><strong>ἐπιστώσατο</strong></span> <span class='ocrx_word' id='word_1_595' title='bbox 2763 4455 2826 4507; x_wconf 84' lang='grc' dir='ltr'><strong>τὸ</strong></span> <span class='ocrx_word' id='word_1_596' title='bbox 2852 4455 3172 4527; x_wconf 85' lang='grc' dir='ltr'><strong>λεγόμενον.</strong></span> <span class='ocrx_word' id='word_1_597' title='bbox 3229 4459 3317 4524; x_wconf 83' lang='grc' dir='ltr'><strong>Ὦς</strong></span> <span class='ocrx_word' id='word_1_598' title='bbox 3345 4461 3456 4533; x_wconf 81' lang='grc' dir='ltr'><strong>γάρ</strong></span> <span class='ocrx_word' id='word_1_599' title='bbox 3489 4464 3680 4525; x_wconf 81' lang='grc' dir='ltr'><strong>πάλαι,</strong></span> <span class='ocrx_word' id='word_1_600' title='bbox 3719 4469 3907 4536; x_wconf 77' lang='grc' dir='ltr'><strong>φησὶν,</strong></span> <span class='ocrx_word' id='word_1_601' title='bbox 3933 4470 3961 4524; x_wconf 88' lang='lat'><strong>6</strong></span> 
     </span>
    </p>
   </div>
   <div class='ocr_carea' id='block_1_88' title="bbox 708 4531 2281 4617">
    <p class='ocr_par' dir='ltr' id='par_1_88' title="bbox 708 4531 2281 4617">
     <span class='ocr_line' id='line_1_88' title="bbox 708 4531 2281 4617; baseline 0.013 -29"><span class='ocrx_word' id='word_1_602' title='bbox 708 4531 841 4588; x_wconf 83' lang='lat' dir='ltr'><strong>t&#39;ucb</strong></span> <span class='ocrx_word' id='word_1_603' title='bbox 873 4531 1111 4588; x_wconf 71' lang='lat' dir='ltr'><strong>infausta</strong></span> <span class='ocrx_word' id='word_1_604' title='bbox 1144 4539 1445 4605; x_wconf 73' lang='lat' dir='ltr'><strong>praedicens</strong></span> <span class='ocrx_word' id='word_1_605' title='bbox 1495 4542 1838 4610; x_wconf 88' lang='lat' dir='ltr'><strong>periclitatus</strong></span> <span class='ocrx_word' id='word_1_606' title='bbox 1885 4562 1993 4602; x_wconf 87' lang='lat' dir='ltr'><strong>non</strong></span> <span class='ocrx_word' id='word_1_607' title='bbox 2046 4559 2151 4617; x_wconf 85' lang='lat' dir='ltr'><strong>est,</strong></span> <span class='ocrx_word' id='word_1_608' title='bbox 2184 4553 2281 4608; x_wconf 85' lang='lat' dir='ltr'><strong>sed</strong></span> 
     </span>
    </p>
   </div>
   <div class='ocr_carea' id='block_1_89' title="bbox 707 4622 2286 4699">
    <p class='ocr_par' dir='ltr' id='par_1_89' title="bbox 707 4622 2286 4699">
     <span class='ocr_line' id='line_1_89' title="bbox 707 4622 2286 4699; baseline 0.016 -25"><span class='ocrx_word' id='word_1_609' title='bbox 707 4630 764 4685; x_wconf 75' lang='lat' dir='ltr'><strong>ut</strong></span> <span class='ocrx_word' id='word_1_610' title='bbox 790 4622 863 4676; x_wconf 90' lang='lat' dir='ltr'><strong>illi</strong></span> <span class='ocrx_word' id='word_1_611' title='bbox 899 4625 1041 4679; x_wconf 84' lang='lat' dir='ltr'><strong>Deus</strong></span> <span class='ocrx_word' id='word_1_612' title='bbox 1071 4627 1392 4694; x_wconf 81' lang='lat' dir='ltr'><strong>promiserat</strong></span> <span class='ocrx_word' id='word_1_613' title='bbox 1429 4631 1578 4686; x_wconf 89' lang='lat' dir='ltr'><strong>solus</strong></span> <span class='ocrx_word' id='word_1_614' title='bbox 1603 4635 1846 4689; x_wconf 89' lang='lat' dir='ltr'><strong>omnium</strong></span> <span class='ocrx_word' id='word_1_615' title='bbox 1875 4635 2132 4696; x_wconf 85' lang='lat' dir='ltr'><strong>immunis</strong></span> <span class='ocrx_word' id='word_1_616' title='bbox 2158 4657 2286 4699; x_wconf 87' lang='lat' dir='ltr'><strong>ser-</strong></span> 
     </span>
    </p>
   </div>
   <div class='ocr_carea' id='block_1_90' title="bbox 706 4717 1930 4784">
    <p class='ocr_par' dir='ltr' id='par_1_90' title="bbox 706 4717 1930 4784">
     <span class='ocr_line' id='line_1_90' title="bbox 706 4717 1930 4784; baseline 0.014 -17"><span class='ocrx_word' id='word_1_617' title='bbox 706 4723 862 4768; x_wconf 73' lang='lat' dir='ltr'><strong>vatus</strong></span> <span class='ocrx_word' id='word_1_618' title='bbox 889 4723 973 4769; x_wconf 82' lang='lat' dir='ltr'><strong>est</strong></span> <span class='ocrx_word' id='word_1_619' title='bbox 1003 4730 1020 4768; x_wconf 91' lang='lat'><strong>:</strong></span> <span class='ocrx_word' id='word_1_620' title='bbox 1048 4717 1127 4772; x_wconf 83' lang='lat' dir='ltr'><strong>sic</strong></span> <span class='ocrx_word' id='word_1_621' title='bbox 1153 4727 1206 4772; x_wconf 89' lang='lat' dir='ltr'><strong>et</strong></span> <span class='ocrx_word' id='word_1_622' title='bbox 1238 4735 1382 4776; x_wconf 90' lang='lat' dir='ltr'><strong>nunc</strong></span> <span class='ocrx_word' id='word_1_623' title='bbox 1407 4724 1693 4781; x_wconf 86' lang='lat' dir='ltr'><strong>credentes</strong></span> <span class='ocrx_word' id='word_1_624' title='bbox 1724 4737 1930 4784; x_wconf 78' lang='lat' dir='ltr'><strong>servat.</strong></span> 
     </span>
    </p>
   </div>
   <div class='ocr_carea' id='block_1_91' title="bbox 777 4891 1607 4956">
    <p class='ocr_par' dir='ltr' id='par_1_91' title="bbox 777 4891 1607 4956">
     <span class='ocr_line' id='line_1_91' title="bbox 777 4891 1607 4956; baseline 0.014 -12"><span class='ocrx_word' id='word_1_625' title='bbox 777 4891 939 4947; x_wconf 70' lang='lat' dir='ltr'><strong>Vens.</strong></span> <span class='ocrx_word' id='word_1_626' title='bbox 964 4893 1021 4947; x_wconf 73' lang='grc'><strong>2.</strong></span> <span class='ocrx_word' id='word_1_627' title='bbox 1051 4893 1140 4949; x_wconf 86' lang='lat' dir='ltr'><strong>Sic</strong></span> <span class='ocrx_word' id='word_1_628' title='bbox 1160 4898 1294 4951; x_wconf 66' lang='lat' dir='ltr'><strong>dixit</strong></span> <span class='ocrx_word' id='word_1_629' title='bbox 1327 4898 1607 4956; x_wconf 86' lang='lat' dir='ltr'><strong>Dominus.</strong></span> 
     </span>
    </p>
   </div>
   <div class='ocr_carea' id='block_1_92' title="bbox 774 4975 2274 5069">
    <p class='ocr_par' dir='ltr' id='par_1_92' title="bbox 774 4975 2274 5069">
     <span class='ocr_line' id='line_1_92' title="bbox 774 4975 2274 5069; baseline 0.015 -37"><span class='ocrx_word' id='word_1_630' title='bbox 774 4975 891 5033; x_wconf 82' lang='lat' dir='ltr'><strong>Non</strong></span> <span class='ocrx_word' id='word_1_631' title='bbox 926 4991 1126 5039; x_wconf 85' lang='lat' dir='ltr'><strong>temere</strong></span> <span class='ocrx_word' id='word_1_632' title='bbox 1156 5001 1255 5040; x_wconf 88' lang='lat' dir='ltr'><strong>nec</strong></span> <span class='ocrx_word' id='word_1_633' title='bbox 1297 4988 1604 5057; x_wconf 87' lang='lat' dir='ltr'><strong>importune</strong></span> <span class='ocrx_word' id='word_1_634' title='bbox 1634 5008 1776 5049; x_wconf 88' lang='lat' dir='ltr'><strong>nunc</strong></span> <span class='ocrx_word' id='word_1_635' title='bbox 1807 4998 2078 5054; x_wconf 85' lang='lat' dir='ltr'><strong>sermonis</strong></span> <span class='ocrx_word' id='word_1_636' title='bbox 2110 4999 2274 5069; x_wconf 87' lang='lat' dir='ltr'><strong>hujus</strong></span> 
     </span>
    </p>
   </div>
   <div class='ocr_carea' id='block_1_93' title="bbox 705 5070 2276 5151">
    <p class='ocr_par' dir='ltr' id='par_1_93' title="bbox 705 5070 2276 5151">
     <span class='ocr_line' id='line_1_93' title="bbox 705 5070 2276 5151; baseline 0.014 -30"><span class='ocrx_word' id='word_1_637' title='bbox 705 5070 975 5132; x_wconf 79' lang='lat' dir='ltr'><strong>meminit.</strong></span> <span class='ocrx_word' id='word_1_638' title='bbox 1008 5074 1103 5128; x_wconf 82' lang='lat' dir='ltr'><strong>sed</strong></span> <span class='ocrx_word' id='word_1_639' title='bbox 1131 5085 1188 5130; x_wconf 90' lang='lat' dir='ltr'><strong>ut</strong></span> <span class='ocrx_word' id='word_1_640' title='bbox 1213 5077 1479 5149; x_wconf 78' lang='lat' dir='ltr'><strong>intelligas</strong></span> <span class='ocrx_word' id='word_1_641' title='bbox 1503 5097 1614 5151; x_wconf 86' lang='lat' dir='ltr'><strong>quo</strong></span> <span class='ocrx_word' id='word_1_642' title='bbox 1641 5083 1694 5136; x_wconf 93' lang='lat' dir='ltr'><strong>in</strong></span> <span class='ocrx_word' id='word_1_643' title='bbox 1738 5099 1831 5140; x_wconf 89' lang='lat' dir='ltr'><strong>eos</strong></span> <span class='ocrx_word' id='word_1_644' title='bbox 1855 5087 2065 5143; x_wconf 86' lang='lat' dir='ltr'><strong>Barucb</strong></span> <span class='ocrx_word' id='word_1_645' title='bbox 2092 5091 2276 5144; x_wconf 86' lang='lat' dir='ltr'><strong>animo</strong></span> 
     </span>
    </p>
   </div>
   <div class='ocr_carea' id='block_1_94' title="bbox 703 5158 2272 5243">
    <p class='ocr_par' dir='ltr' id='par_1_94' title="bbox 703 5158 2272 5243">
     <span class='ocr_line' id='line_1_94' title="bbox 703 5158 2272 5243; baseline 0.017 -35"><span class='ocrx_word' id='word_1_646' title='bbox 703 5158 864 5221; x_wconf 73' lang='lat' dir='ltr'><strong>foret.</strong></span> <span class='ocrx_word' id='word_1_647' title='bbox 921 5158 992 5214; x_wconf 89' lang='lat' dir='ltr'><strong>Ut</strong></span> <span class='ocrx_word' id='word_1_648' title='bbox 1023 5163 1216 5219; x_wconf 85' lang='lat' dir='ltr'><strong>deﬂeat</strong></span> <span class='ocrx_word' id='word_1_649' title='bbox 1261 5175 1315 5221; x_wconf 90' lang='lat' dir='ltr'><strong>et</strong></span> <span class='ocrx_word' id='word_1_650' title='bbox 1347 5167 1518 5236; x_wconf 88' lang='lat' dir='ltr'><strong>ploret</strong></span> <span class='ocrx_word' id='word_1_651' title='bbox 1573 5187 1766 5240; x_wconf 74' lang='lat' dir='ltr'><strong>rogans</strong></span> <span class='ocrx_word' id='word_1_652' title='bbox 1807 5191 1904 5243; x_wconf 92' lang='lat' dir='ltr'><strong>pro</strong></span> <span class='ocrx_word' id='word_1_653' title='bbox 1938 5177 2046 5234; x_wconf 89' lang='lat' dir='ltr'><strong>illis</strong></span> <span class='ocrx_word' id='word_1_654' title='bbox 2084 5179 2272 5234; x_wconf 85' lang='lat' dir='ltr'><strong>Deum.</strong></span> 
     </span>
    </p>
   </div>
   <div class='ocr_carea' id='block_1_95' title="bbox 700 5246 1779 5331">
    <p class='ocr_par' dir='ltr' id='par_1_95' title="bbox 700 5246 1779 5331">
     <span class='ocr_line' id='line_1_95' title="bbox 700 5246 1779 5331; baseline 0.017 -32"><span class='ocrx_word' id='word_1_655' title='bbox 700 5246 794 5313; x_wconf 69' lang='lat' dir='ltr'><strong>Ille</strong></span> <span class='ocrx_word' id='word_1_656' title='bbox 825 5264 953 5304; x_wconf 81' lang='lat' dir='ltr'><strong>vero</strong></span> <span class='ocrx_word' id='word_1_657' title='bbox 982 5252 1084 5317; x_wconf 82' lang='lat' dir='ltr'><strong>ait,</strong></span> <span class='ocrx_word' id='word_1_658' title='bbox 1117 5255 1222 5308; x_wconf 86' lang='lat' dir='ltr'><strong>noli</strong></span> <span class='ocrx_word' id='word_1_659' title='bbox 1252 5273 1496 5324; x_wconf 70' lang='lat' dir='ltr'><strong>qumrere</strong></span> <span class='ocrx_word' id='word_1_660' title='bbox 1531 5264 1779 5331; x_wconf 74' lang='lat' dir='ltr'><strong>grandia.</strong></span> 
     </span>
    </p>
   </div>
   <div class='ocr_carea' id='block_1_96' title="bbox 773 5338 2268 5424">
    <p class='ocr_par' dir='ltr' id='par_1_96' title="bbox 773 5338 2268 5424">
     <span class='ocr_line' id='line_1_96' title="bbox 773 5338 2268 5424; baseline 0.013 -32"><span class='ocrx_word' id='word_1_661' title='bbox 773 5338 938 5395; x_wconf 65' lang='lat' dir='ltr'><strong>Vna.</strong></span> <span class='ocrx_word' id='word_1_662' title='bbox 966 5343 1021 5398; x_wconf 78' lang='lat'><strong>5.</strong></span> <span class='ocrx_word' id='word_1_663' title='bbox 1057 5343 1341 5416; x_wconf 86' lang='lat' dir='ltr'><strong>Postquam</strong></span> <span class='ocrx_word' id='word_1_664' title='bbox 1373 5360 1428 5403; x_wconf 82' lang='lat' dir='ltr'><strong>tu</strong></span> <span class='ocrx_word' id='word_1_665' title='bbox 1457 5349 1666 5407; x_wconf 82' lang='lat' dir='ltr'><strong>Baruch</strong></span> <span class='ocrx_word' id='word_1_666' title='bbox 1695 5355 1885 5409; x_wconf 71' lang='lat' dir='ltr'><strong>dixisti</strong></span> <span class='ocrx_word' id='word_1_667' title='bbox 1909 5370 1930 5409; x_wconf 89' lang='lat'><em>:</em></span> <span class='ocrx_word' id='word_1_668' title='bbox 1968 5355 2088 5412; x_wconf 84' lang='lat' dir='ltr'><strong>Heu</strong></span> <span class='ocrx_word' id='word_1_669' title='bbox 2119 5358 2268 5424; x_wconf 78' lang='lat' dir='ltr'><strong>mihi,</strong></span> 
     </span>
    </p>
   </div>
   <div class='ocr_carea' id='block_1_97' title="bbox 701 5430 2270 5515">
    <p class='ocr_par' dir='ltr' id='par_1_97' title="bbox 701 5430 2270 5515">
     <span class='ocr_line' id='line_1_97' title="bbox 701 5430 2270 5515; baseline 0.015 -34"><span class='ocrx_word' id='word_1_670' title='bbox 701 5430 825 5497; x_wconf 80' lang='lat' dir='ltr'><strong>quia</strong></span> <span class='ocrx_word' id='word_1_671' title='bbox 851 5433 1056 5488; x_wconf 75' lang='lat' dir='ltr'><strong>addidit</strong></span> <span class='ocrx_word' id='word_1_672' title='bbox 1081 5436 1336 5493; x_wconf 84' lang='lat' dir='ltr'><strong>Dominus</strong></span> <span class='ocrx_word' id='word_1_673' title='bbox 1359 5440 1588 5496; x_wconf 79' lang='lat' dir='ltr'><strong>laborem</strong></span> <span class='ocrx_word' id='word_1_674' title='bbox 1612 5462 1766 5515; x_wconf 85' lang='lat' dir='ltr'><strong>super</strong></span> <span class='ocrx_word' id='word_1_675' title='bbox 1788 5446 2024 5502; x_wconf 83' lang='lat' dir='ltr'><strong>dolorem</strong></span> <span class='ocrx_word' id='word_1_676' title='bbox 2054 5467 2222 5504; x_wconf 85' lang='lat' dir='ltr'><strong>meum</strong></span> <span class='ocrx_word' id='word_1_677' title='bbox 2249 5463 2270 5504; x_wconf 89' lang='lat'><strong><em>:</em></strong></span> 
     </span>
    </p>
   </div>
   <div class='ocr_carea' id='block_1_98' title="bbox 701 5522 1988 5605">
    <p class='ocr_par' dir='ltr' id='par_1_98' title="bbox 701 5522 1988 5605">
     <span class='ocr_line' id='line_1_98' title="bbox 701 5522 1988 5605; baseline 0.016 -32"><span class='ocrx_word' id='word_1_678' title='bbox 701 5522 925 5583; x_wconf 73' lang='lat' dir='ltr'><strong>dormivi</strong></span> <span class='ocrx_word' id='word_1_679' title='bbox 945 5526 998 5578; x_wconf 83' lang='lat' dir='ltr'><strong>in</strong></span> <span class='ocrx_word' id='word_1_680' title='bbox 1026 5529 1393 5598; x_wconf 80' lang='lat' dir='ltr'><strong>gemitibus,et</strong></span> <span class='ocrx_word' id='word_1_681' title='bbox 1420 5536 1641 5603; x_wconf 78' lang='lat' dir='ltr'><strong>requiem</strong></span> <span class='ocrx_word' id='word_1_682' title='bbox 1665 5555 1766 5593; x_wconf 85' lang='lat' dir='ltr'><strong>non</strong></span> <span class='ocrx_word' id='word_1_683' title='bbox 1793 5539 1988 5605; x_wconf 77' lang='lat' dir='ltr'><strong>inveni,</strong></span> 
     </span>
    </p>
   </div>
   <div class='ocr_carea' id='block_1_99' title="bbox 768 5695 1286 5766">
    <p class='ocr_par' dir='ltr' id='par_1_99' title="bbox 768 5695 1286 5766">
     <span class='ocr_line' id='line_1_99' title="bbox 768 5695 1286 5766; baseline 0.033 -29"><span class='ocrx_word' id='word_1_684' title='bbox 768 5695 814 5737; x_wconf 67' lang='grc' dir='ltr'>μ</span> <span class='ocrx_word' id='word_1_685' title='bbox 855 5696 994 5754; x_wconf 80' lang='lat' dir='ltr'><strong>Psal.</strong></span> <span class='ocrx_word' id='word_1_686' title='bbox 1027 5714 1191 5766; x_wconf 77' lang='lat' dir='ltr'><strong>mn,</strong></span> <span class='ocrx_word' id='word_1_687' title='bbox 1233 5704 1286 5757; x_wconf 84' lang='lat'><strong>9.</strong></span> 
     </span>
    </p>
   </div>
   <div class='ocr_carea' id='block_1_100' title="bbox 2383 4545 3957 4633">
    <p class='ocr_par' dir='ltr' id='par_1_100' title="bbox 2383 4545 3957 4633">
     <span class='ocr_line' id='line_1_100' title="bbox 2383 4545 3957 4633; baseline 0.008 -33"><span class='ocrx_word' id='word_1_688' title='bbox 2383 4547 2597 4616; x_wconf 84' lang='grc' dir='ltr'><strong>Βαροὺχ</strong></span> <span class='ocrx_word' id='word_1_689' title='bbox 2647 4546 2742 4599; x_wconf 78' lang='grc' dir='ltr'><strong>ἐπὶ</strong></span> <span class='ocrx_word' id='word_1_690' title='bbox 2781 4545 2879 4599; x_wconf 81' lang='grc' dir='ltr'><strong>τοῦ</strong></span> <span class='ocrx_word' id='word_1_691' title='bbox 2923 4548 3184 4620; x_wconf 73' lang='grc' dir='ltr'><strong>Ἰωακεὶμ</strong></span> <span class='ocrx_word' id='word_1_692' title='bbox 3233 4552 3523 4624; x_wconf 81' lang='grc' dir='ltr'><strong>προλέγων</strong></span> <span class='ocrx_word' id='word_1_693' title='bbox 3574 4555 3642 4609; x_wconf 80' lang='grc' dir='ltr'><strong>τά</strong></span> <span class='ocrx_word' id='word_1_694' title='bbox 3675 4557 3825 4612; x_wconf 77' lang='grc' dir='ltr'><strong>δεινὰ</strong></span> <span class='ocrx_word' id='word_1_695' title='bbox 3881 4561 3957 4633; x_wconf 72' lang='grc' dir='ltr'><strong>μὴ</strong></span> 
     </span>
    </p>
   </div>
   <div class='ocr_carea' id='block_1_101' title="bbox 2380 4638 3956 4726">
    <p class='ocr_par' dir='ltr' id='par_1_101' title="bbox 2380 4638 3956 4726">
     <span class='ocr_line' id='line_1_101' title="bbox 2380 4638 3956 4726; baseline 0.01 -34"><span class='ocrx_word' id='word_1_696' title='bbox 2380 4638 2685 4703; x_wconf 83' lang='grc' dir='ltr'><strong>ἀπολεῖται,</strong></span> <span class='ocrx_word' id='word_1_697' title='bbox 2739 4639 3209 4711; x_wconf 71' lang='grc' dir='ltr'><strong>ἐπαγγειλάμενος</strong></span> <span class='ocrx_word' id='word_1_698' title='bbox 3251 4643 3308 4698; x_wconf 83' lang='grc' dir='ltr'>δε</span> <span class='ocrx_word' id='word_1_699' title='bbox 3363 4646 3515 4719; x_wconf 83' lang='grc' dir='ltr'><strong>αὐτῷ</strong></span> <span class='ocrx_word' id='word_1_700' title='bbox 3559 4647 3691 4714; x_wconf 76' lang='grc' dir='ltr'><strong>Θεὸς</strong></span> <span class='ocrx_word' id='word_1_701' title='bbox 3744 4652 3956 4726; x_wconf 73' lang='grc' dir='ltr'><strong>ἀϐλαϐῆ</strong></span> 
     </span>
    </p>
   </div>
   <div class='ocr_carea' id='block_1_102' title="bbox 2382 4726 3960 4806">
    <p class='ocr_par' dir='ltr' id='par_1_102' title="bbox 2382 4726 3960 4806">
     <span class='ocr_line' id='line_1_102' title="bbox 2382 4726 3960 4806; baseline 0.012 -26"><span class='ocrx_word' id='word_1_702' title='bbox 2382 4726 2615 4796; x_wconf 67' lang='grc' dir='ltr'><strong>ἐφύλαξε</strong></span> <span class='ocrx_word' id='word_1_703' title='bbox 2647 4727 2810 4799; x_wconf 85' lang='grc' dir='ltr'><strong>μόνον</strong></span> <span class='ocrx_word' id='word_1_704' title='bbox 2843 4728 2903 4794; x_wconf 73' lang='grc' dir='ltr'><strong>εξ</strong></span> <span class='ocrx_word' id='word_1_705' title='bbox 2929 4731 3214 4801; x_wconf 83' lang='grc' dir='ltr'><strong>ἁπάντων,</strong></span> <span class='ocrx_word' id='word_1_706' title='bbox 3245 4733 3390 4788; x_wconf 75' lang='grc' dir='ltr'><strong>οὕτω</strong></span> <span class='ocrx_word' id='word_1_707' title='bbox 3423 4737 3520 4790; x_wconf 78' lang='grc' dir='ltr'><strong>καὶ</strong></span> <span class='ocrx_word' id='word_1_708' title='bbox 3549 4736 3645 4793; x_wconf 82' lang='grc' dir='ltr'><strong>νῦν</strong></span> <span class='ocrx_word' id='word_1_709' title='bbox 3672 4739 3802 4806; x_wconf 80' lang='grc' dir='ltr'><strong>τοὺς</strong></span> <span class='ocrx_word' id='word_1_710' title='bbox 3839 4759 3960 4798; x_wconf 87' lang='grc' dir='ltr'><strong>πει-</strong></span> 
     </span>
    </p>
   </div>
   <div class='ocr_carea' id='block_1_103' title="bbox 2383 4817 2862 4888">
    <p class='ocr_par' dir='ltr' id='par_1_103' title="bbox 2383 4817 2862 4888">
     <span class='ocr_line' id='line_1_103' title="bbox 2383 4817 2862 4888; baseline 0.004 -17"><span class='ocrx_word' id='word_1_711' title='bbox 2383 4817 2647 4888; x_wconf 79' lang='grc' dir='ltr'><strong>θομένους</strong></span> <span class='ocrx_word' id='word_1_712' title='bbox 2675 4818 2862 4883; x_wconf 78' lang='grc' dir='ltr'><strong>σώζει.</strong></span> 
     </span>
    </p>
   </div>
   <div class='ocr_carea' id='block_1_104' title="bbox 2460 4907 3078 4980">
    <p class='ocr_par' dir='ltr' id='par_1_104' title="bbox 2460 4907 3078 4980">
     <span class='ocr_line' id='line_1_104' title="bbox 2460 4907 3078 4980; baseline 0.008 -18"><span class='ocrx_word' id='word_1_713' title='bbox 2460 4911 2660 4976; x_wconf 82' lang='grc' dir='ltr'><strong>Οὕτως</strong></span> <span class='ocrx_word' id='word_1_714' title='bbox 2685 4907 2816 4964; x_wconf 76' lang='grc' dir='ltr'><strong>εἷπε</strong></span> <span class='ocrx_word' id='word_1_715' title='bbox 2844 4912 3078 4980; x_wconf 84' lang='grc' dir='ltr'><strong>Κύριος.</strong></span> 
     </span>
    </p>
   </div>
   <div class='ocr_carea' id='block_1_105' title="bbox 2455 4999 3957 5076">
    <p class='ocr_par' dir='ltr' id='par_1_105' title="bbox 2455 4999 3957 5076">
     <span class='ocr_line' id='line_1_105' title="bbox 2455 4999 3957 5076; baseline 0.009 -24"><span class='ocrx_word' id='word_1_716' title='bbox 2455 5000 2568 5069; x_wconf 76' lang='grc' dir='ltr'><strong>Οὐχ</strong></span> <span class='ocrx_word' id='word_1_717' title='bbox 2603 4999 2788 5062; x_wconf 81' lang='grc' dir='ltr'><strong>ἁπλῶς</strong></span> <span class='ocrx_word' id='word_1_718' title='bbox 2823 5001 3100 5071; x_wconf 79' lang='grc' dir='ltr'><strong>μέμνηται</strong></span> <span class='ocrx_word' id='word_1_719' title='bbox 3134 5002 3328 5057; x_wconf 79' lang='grc' dir='ltr'><strong>τούτου</strong></span> <span class='ocrx_word' id='word_1_720' title='bbox 3358 5006 3454 5059; x_wconf 83' lang='grc' dir='ltr'><strong>τοῦ</strong></span> <span class='ocrx_word' id='word_1_721' title='bbox 3484 5007 3646 5076; x_wconf 69' lang='grc' dir='ltr'><strong>λόγου</strong></span> <span class='ocrx_word' id='word_1_722' title='bbox 3673 5008 3792 5076; x_wconf 84' lang='grc' dir='ltr'><strong>νῦν,</strong></span> <span class='ocrx_word' id='word_1_723' title='bbox 3838 5011 3957 5066; x_wconf 65' lang='grc' dir='ltr'><strong>οὐδὲ</strong></span> 
     </span>
    </p>
   </div>
   <div class='ocr_carea' id='block_1_106' title="bbox 2384 5089 3958 5177">
    <p class='ocr_par' dir='ltr' id='par_1_106' title="bbox 2384 5089 3958 5177">
     <span class='ocr_line' id='line_1_106' title="bbox 2384 5089 3958 5177; baseline 0.01 -34"><span class='ocrx_word' id='word_1_724' title='bbox 2384 5089 2652 5161; x_wconf 84' lang='grc' dir='ltr'><strong>ἀκαίρως.</strong></span> <span class='ocrx_word' id='word_1_725' title='bbox 2683 5091 2800 5144; x_wconf 81' lang='grc' dir='ltr'><strong>ἀλλ’</strong></span> <span class='ocrx_word' id='word_1_726' title='bbox 2847 5092 2935 5147; x_wconf 75' lang='grc' dir='ltr'><strong>ἵνα</strong></span> <span class='ocrx_word' id='word_1_727' title='bbox 2968 5094 3170 5167; x_wconf 77' lang='grc' dir='ltr'><strong>μάθῃς,</strong></span> <span class='ocrx_word' id='word_1_728' title='bbox 3205 5096 3301 5148; x_wconf 79' lang='grc' dir='ltr'><strong>καὶ</strong></span> <span class='ocrx_word' id='word_1_729' title='bbox 3343 5091 3458 5162; x_wconf 73' lang='grc' dir='ltr'><strong>οἷος</strong></span> <span class='ocrx_word' id='word_1_730' title='bbox 3507 5101 3536 5153; x_wconf 90' lang='lat'><strong>6</strong></span> <span class='ocrx_word' id='word_1_731' title='bbox 3575 5097 3795 5173; x_wconf 78' lang='grc' dir='ltr'><strong>Βαροὺχ</strong></span> <span class='ocrx_word' id='word_1_732' title='bbox 3829 5105 3958 5177; x_wconf 73' lang='grc' dir='ltr'><strong>περὶ</strong></span> 
     </span>
    </p>
   </div>
   <div class='ocr_carea' id='block_1_107' title="bbox 2382 5177 3956 5269">
    <p class='ocr_par' dir='ltr' id='par_1_107' title="bbox 2382 5177 3956 5269">
     <span class='ocr_line' id='line_1_107' title="bbox 2382 5177 3956 5269; baseline 0.011 -37"><span class='ocrx_word' id='word_1_733' title='bbox 2382 5181 2583 5244; x_wconf 79' lang='grc' dir='ltr'><strong>αὐτοὺς</strong></span> <span class='ocrx_word' id='word_1_734' title='bbox 2610 5177 2701 5252; x_wconf 82' lang='grc' dir='ltr'><strong>ἦν,</strong></span> <span class='ocrx_word' id='word_1_735' title='bbox 2736 5182 2852 5246; x_wconf 84' lang='grc' dir='ltr'><strong>πῶς</strong></span> <span class='ocrx_word' id='word_1_736' title='bbox 2882 5183 3072 5254; x_wconf 90' lang='grc' dir='ltr'><strong>θρηνεί</strong></span> <span class='ocrx_word' id='word_1_737' title='bbox 3093 5186 3186 5238; x_wconf 69' lang='grc' dir='ltr'><strong>καὶ</strong></span> <span class='ocrx_word' id='word_1_738' title='bbox 3209 5188 3565 5259; x_wconf 81' lang='grc' dir='ltr'><strong>ἁποδύρεται,</strong></span> <span class='ocrx_word' id='word_1_739' title='bbox 3611 5192 3781 5259; x_wconf 81' lang='grc' dir='ltr'><strong>ἀξιῶν</strong></span> <span class='ocrx_word' id='word_1_740' title='bbox 3830 5199 3956 5269; x_wconf 78' lang='grc' dir='ltr'><strong>περὶ</strong></span> 
     </span>
    </p>
   </div>
   <div class='ocr_carea' id='block_1_108' title="bbox 2381 5273 3951 5355">
    <p class='ocr_par' dir='ltr' id='par_1_108' title="bbox 2381 5273 3951 5355">
     <span class='ocr_line' id='line_1_108' title="bbox 2381 5273 3951 5355; baseline 0.011 -30"><span class='ocrx_word' id='word_1_741' title='bbox 2381 5273 2563 5327; x_wconf 80' lang='grc' dir='ltr'><strong>αὐτῶν</strong></span> <span class='ocrx_word' id='word_1_742' title='bbox 2591 5274 2684 5327; x_wconf 81' lang='grc' dir='ltr'><strong>τὸν</strong></span> <span class='ocrx_word' id='word_1_743' title='bbox 2719 5274 2873 5330; x_wconf 83' lang='grc' dir='ltr'><strong>Θεόν.</strong></span> <span class='ocrx_word' id='word_1_744' title='bbox 2909 5277 3080 5340; x_wconf 74' lang='grc' dir='ltr'><strong>Αὐτὸς</strong></span> <span class='ocrx_word' id='word_1_745' title='bbox 3113 5277 3169 5330; x_wconf 84' lang='grc' dir='ltr'><em>δέ</em></span> <span class='ocrx_word' id='word_1_746' title='bbox 3198 5297 3332 5349; x_wconf 84' lang='grc' dir='ltr'><strong>φησι</strong></span> <span class='ocrx_word' id='word_1_747' title='bbox 3361 5297 3373 5310; x_wconf 89' lang='grc'><strong>·</strong></span> <span class='ocrx_word' id='word_1_748' title='bbox 3400 5281 3492 5353; x_wconf 85' lang='grc' dir='ltr'><strong>Μὴ</strong></span> <span class='ocrx_word' id='word_1_749' title='bbox 3519 5283 3673 5354; x_wconf 76' lang='grc' dir='ltr'><strong>ζήτει</strong></span> <span class='ocrx_word' id='word_1_750' title='bbox 3718 5288 3951 5355; x_wconf 78' lang='grc' dir='ltr'><strong>μεγάλα.</strong></span> 
     </span>
    </p>
   </div>
   <div class='ocr_carea' id='block_1_109' title="bbox 2464 5364 3955 5448">
    <p class='ocr_par' dir='ltr' id='par_1_109' title="bbox 2464 5364 3955 5448">
     <span class='ocr_line' id='line_1_109' title="bbox 2464 5364 3955 5448; baseline 0.013 -33"><span class='ocrx_word' id='word_1_751' title='bbox 2464 5364 2620 5418; x_wconf 77' lang='grc' dir='ltr'><strong>Ἐπεὶ</strong></span> <span class='ocrx_word' id='word_1_752' title='bbox 2648 5365 2730 5420; x_wconf 88' lang='grc' dir='ltr'><strong>σὺ</strong></span> <span class='ocrx_word' id='word_1_753' title='bbox 2759 5367 2997 5438; x_wconf 83' lang='grc' dir='ltr'><strong>Βαροὺχ</strong></span> <span class='ocrx_word' id='word_1_754' title='bbox 3027 5365 3218 5436; x_wconf 77' lang='grc' dir='ltr'><strong>εἴπας·</strong></span> <span class='ocrx_word' id='word_1_755' title='bbox 3256 5371 3425 5441; x_wconf 80' lang='grc' dir='ltr'><strong>οἴμοι</strong></span> <span class='ocrx_word' id='word_1_756' title='bbox 3470 5374 3562 5427; x_wconf 87' lang='grc' dir='ltr'><strong>ὅτι</strong></span> <span class='ocrx_word' id='word_1_757' title='bbox 3615 5379 3955 5448; x_wconf 79' lang='grc' dir='ltr'><strong>προσέθηκε</strong></span> 
     </span>
    </p>
   </div>
   <div class='ocr_carea' id='block_1_110' title="bbox 2382 5455 3955 5539">
    <p class='ocr_par' dir='ltr' id='par_1_110' title="bbox 2382 5455 3955 5539">
     <span class='ocr_line' id='line_1_110' title="bbox 2382 5455 3955 5539; baseline 0.011 -31"><span class='ocrx_word' id='word_1_758' title='bbox 2382 5455 2599 5523; x_wconf 81' lang='grc' dir='ltr'><strong>Κύριος</strong></span> <span class='ocrx_word' id='word_1_759' title='bbox 2633 5458 2828 5512; x_wconf 80' lang='grc' dir='ltr'><strong>κόπον</strong></span> <span class='ocrx_word' id='word_1_760' title='bbox 2878 5459 2979 5513; x_wconf 75' lang='grc' dir='ltr'><strong>ἐπὶ</strong></span> <span class='ocrx_word' id='word_1_761' title='bbox 3033 5465 3228 5515; x_wconf 74' lang='grc' dir='ltr'><strong>πόνον</strong></span> <span class='ocrx_word' id='word_1_762' title='bbox 3287 5480 3431 5531; x_wconf 85' lang='grc' dir='ltr'><strong>μου.</strong></span> <span class='ocrx_word' id='word_1_763' title='bbox 3489 5465 3851 5539; x_wconf 72' lang='grc' dir='ltr'><strong>Ἐκοιμήθηγ</strong></span> <span class='ocrx_word' id='word_1_764' title='bbox 3887 5470 3955 5526; x_wconf 69' lang='grc' dir='ltr'><strong>ἐν</strong></span> 
     </span>
    </p>
   </div>
   <div class='ocr_carea' id='block_1_111' title="bbox 2387 5548 3656 5626">
    <p class='ocr_par' dir='ltr' id='par_1_111' title="bbox 2387 5548 3656 5626">
     <span class='ocr_line' id='line_1_111' title="bbox 2387 5548 3656 5626; baseline 0.013 -28"><span class='ocrx_word' id='word_1_765' title='bbox 2387 5548 2767 5619; x_wconf 79' lang='grc' dir='ltr'><strong>στεναγμοῖς,</strong></span> <span class='ocrx_word' id='word_1_766' title='bbox 2804 5551 2901 5606; x_wconf 78' lang='grc' dir='ltr'><strong>καὶ</strong></span> <span class='ocrx_word' id='word_1_767' title='bbox 2935 5552 3286 5609; x_wconf 73' lang='grc' dir='ltr'><strong>ἀνάπαυσιν</strong></span> <span class='ocrx_word' id='word_1_768' title='bbox 3307 5557 3423 5624; x_wconf 83' lang='grc' dir='ltr'><strong>οὐχ</strong></span> <span class='ocrx_word' id='word_1_769' title='bbox 3454 5553 3656 5626; x_wconf 73' lang='grc' dir='ltr'><strong>εὗρον.</strong></span> 
     </span>
    </p>
   </div>
  </div>
