  <div class='ocr_page' id='page_1' title='image "/cluster/home/n/w/nwhite01/storage/ocr_20150623/64/pst.000005712632/565.png"; bbox 0 0 4226 6448; ppageno 0'>
   <div class='ocr_carea' id='block_1_1' title="bbox 738 415 876 475">
    <p class='ocr_par' dir='ltr' id='par_1_1' title="bbox 738 415 876 475">
     <span class='ocr_line' id='line_1_1' title="bbox 738 415 876 475; baseline -0.029 0"><span class='ocrx_word' id='word_1_1' title='bbox 738 415 876 475; x_wconf 71' lang='grc'><strong>1019</strong></span> 
     </span>
    </p>
   </div>
   <div class='ocr_carea' id='block_1_2' title="bbox 1483 408 3201 472">
    <p class='ocr_par' dir='ltr' id='par_1_2' title="bbox 1483 408 3201 472">
     <span class='ocr_line' id='line_1_2' title="bbox 1483 408 3201 472; baseline -0.001 -5"><span class='ocrx_word' id='word_1_2' title='bbox 1483 408 2046 468; x_wconf 65' lang='lat' dir='ltr'><strong>SUPPLEMENTUM</strong></span> <span class='ocrx_word' id='word_1_3' title='bbox 2085 409 2177 467; x_wconf 81' lang='lat' dir='ltr'><strong>AD</strong></span> <span class='ocrx_word' id='word_1_4' title='bbox 2218 410 2273 467; x_wconf 88' lang='lat' dir='ltr'><strong>S.</strong></span> <span class='ocrx_word' id='word_1_5' title='bbox 2315 410 2369 467; x_wconf 78' lang='lat' dir='ltr'><strong>J.</strong></span> <span class='ocrx_word' id='word_1_6' title='bbox 2411 409 2910 472; x_wconf 68' lang='lat' dir='ltr'><strong>CIIRYSOSTOMI</strong></span> <span class='ocrx_word' id='word_1_7' title='bbox 2947 409 3201 468; x_wconf 77' lang='lat' dir='ltr'><strong>OI’ERA.</strong></span> 
     </span>
    </p>
   </div>
   <div class='ocr_carea' id='block_1_3' title="bbox 3846 404 3990 463">
    <p class='ocr_par' dir='ltr' id='par_1_3' title="bbox 3846 404 3990 463">
     <span class='ocr_line' id='line_1_3' title="bbox 3846 404 3990 463; baseline -0.007 0"><span class='ocrx_word' id='word_1_8' title='bbox 3846 404 3990 463; x_wconf 72' lang='lat' dir='ltr'><strong>mo</strong></span> 
     </span>
    </p>
   </div>
   <div class='ocr_carea' id='block_1_4' title="bbox 737 517 2406 598">
    <p class='ocr_par' dir='ltr' id='par_1_4' title="bbox 737 523 2378 598">
     <span class='ocr_line' id='line_1_4' title="bbox 737 523 2378 598; baseline -0.002 -17"><span class='ocrx_word' id='word_1_9' title='bbox 737 528 1029 598; x_wconf 82' lang='lat' dir='ltr'><strong>discerpto,</strong></span> <span class='ocrx_word' id='word_1_10' title='bbox 1054 523 1343 598; x_wconf 69' lang='lat' dir='ltr'><strong>Egyptius</strong></span> <span class='ocrx_word' id='word_1_11' title='bbox 1363 523 1416 578; x_wconf 92' lang='lat' dir='ltr'><strong>in</strong></span> <span class='ocrx_word' id='word_1_12' title='bbox 1434 523 1768 592; x_wconf 82' lang='lat' dir='ltr'><strong>Euphratem</strong></span> <span class='ocrx_word' id='word_1_13' title='bbox 1789 536 1847 577; x_wconf 88' lang='lat' dir='ltr'><strong>se</strong></span> <span class='ocrx_word' id='word_1_14' title='bbox 1871 523 2176 589; x_wconf 73' lang='lat' dir='ltr'><strong>conferens,</strong></span> <span class='ocrx_word' id='word_1_15' title='bbox 2199 539 2302 578; x_wconf 90' lang='lat' dir='ltr'><strong>una</strong></span> <span class='ocrx_word' id='word_1_16' title='bbox 2338 533 2378 587; x_wconf 77' lang='grc' dir='ltr'><strong>Α</strong></span> 
     </span>
    </p>
   </div>
   <div class='ocr_carea' id='block_1_5' title="bbox 2318 517 3987 598">
    <p class='ocr_par' dir='ltr' id='par_1_5' title="bbox 2338 517 3987 598">
     <span class='ocr_line' id='line_1_5' title="bbox 2338 517 3987 598; baseline -0.005 -19"><span class='ocrx_word' id='word_1_17' title='bbox 2338 533 2378 587; x_wconf 78' lang='grc' dir='ltr'><strong>Α</strong></span> <span class='ocrx_word' id='word_1_18' title='bbox 2410 527 2706 598; x_wconf 77' lang='grc' dir='ltr'>σπωμένης</span> <span class='ocrx_word' id='word_1_19' title='bbox 2737 525 2766 577; x_wconf 75' lang='grc' dir='ltr'><strong><em>ὁ</em></strong></span> <span class='ocrx_word' id='word_1_20' title='bbox 2799 525 3103 595; x_wconf 76' lang='grc' dir='ltr'><strong>Αἰγύπτιος</strong></span> <span class='ocrx_word' id='word_1_21' title='bbox 3136 523 3220 584; x_wconf 81' lang='grc' dir='ltr'><strong>είς</strong></span> <span class='ocrx_word' id='word_1_22' title='bbox 3239 518 3332 575; x_wconf 81' lang='grc' dir='ltr'><strong>τδν</strong></span> <span class='ocrx_word' id='word_1_23' title='bbox 3368 517 3666 589; x_wconf 72' lang='grc' dir='ltr'><strong>Εὐφράτην</strong></span> <span class='ocrx_word' id='word_1_24' title='bbox 3692 519 3987 589; x_wconf 76' lang='grc' dir='ltr'>γενόμενος</span> 
     </span>
    </p>
   </div>
   <div class='ocr_carea' id='block_1_6' title="bbox 733 613 2303 685">
    <p class='ocr_par' dir='ltr' id='par_1_6' title="bbox 733 613 2303 685">
     <span class='ocr_line' id='line_1_6' title="bbox 733 613 2303 685; baseline -0.003 -11"><span class='ocrx_word' id='word_1_25' title='bbox 733 635 858 674; x_wconf 87' lang='lat' dir='ltr'><strong>cum</strong></span> <span class='ocrx_word' id='word_1_26' title='bbox 893 617 1423 674; x_wconf 77' lang='lat' dir='ltr'><strong>Nabuchodonosore</strong></span> <span class='ocrx_word' id='word_1_27' title='bbox 1457 631 1648 670; x_wconf 90' lang='lat' dir='ltr'><strong>manus</strong></span> <span class='ocrx_word' id='word_1_28' title='bbox 1697 618 1956 671; x_wconf 84' lang='lat' dir='ltr'><strong>conserit.</strong></span> <span class='ocrx_word' id='word_1_29' title='bbox 1988 613 2152 685; x_wconf 74' lang='lat' dir='ltr'><strong>igitur</strong></span> <span class='ocrx_word' id='word_1_30' title='bbox 2180 630 2303 670; x_wconf 90' lang='lat' dir='ltr'><strong>cum</strong></span> 
     </span>
    </p>
   </div>
   <div class='ocr_carea' id='block_1_7' title="bbox 658 707 2303 780">
    <p class='ocr_par' dir='ltr' id='par_1_7' title="bbox 658 707 2303 780">
     <span class='ocr_line' id='line_1_7' title="bbox 658 707 2303 780; baseline -0.004 -16"><span class='ocrx_word' id='word_1_31' title='bbox 658 771 660 773; x_wconf 96' lang='lat'><em>_</em></span> <span class='ocrx_word' id='word_1_32' title='bbox 732 711 904 766; x_wconf 70' lang='lat' dir='ltr'><strong>Judaei</strong></span> <span class='ocrx_word' id='word_1_33' title='bbox 939 723 1128 780; x_wconf 69' lang='lat' dir='ltr'><strong>magna</strong></span> <span class='ocrx_word' id='word_1_34' title='bbox 1157 707 1261 764; x_wconf 83' lang='lat' dir='ltr'><strong>sibi</strong></span> <span class='ocrx_word' id='word_1_35' title='bbox 1288 708 1357 764; x_wconf 90' lang='lat' dir='ltr'><strong>de</strong></span> <span class='ocrx_word' id='word_1_36' title='bbox 1380 708 1760 780; x_wconf 67' lang='lat' dir='ltr'><strong>Egyptiorum</strong></span> <span class='ocrx_word' id='word_1_37' title='bbox 1794 710 1985 762; x_wconf 86' lang='lat' dir='ltr'><strong>robore</strong></span> <span class='ocrx_word' id='word_1_38' title='bbox 2019 707 2303 776; x_wconf 82' lang='lat' dir='ltr'><strong>promitte—</strong></span> 
     </span>
    </p>
   </div>
   <div class='ocr_carea' id='block_1_8' title="bbox 735 797 2302 871">
    <p class='ocr_par' dir='ltr' id='par_1_8' title="bbox 735 797 2302 871">
     <span class='ocr_line' id='line_1_8' title="bbox 735 797 2302 871; baseline -0.004 -16"><span class='ocrx_word' id='word_1_39' title='bbox 735 810 873 866; x_wconf 87' lang='lat' dir='ltr'><strong>rent,</strong></span> <span class='ocrx_word' id='word_1_40' title='bbox 905 801 1252 871; x_wconf 77' lang='lat' dir='ltr'><strong>maximeque</strong></span> <span class='ocrx_word' id='word_1_41' title='bbox 1281 800 1337 855; x_wconf 93' lang='lat' dir='ltr'><strong>in</strong></span> <span class='ocrx_word' id='word_1_42' title='bbox 1369 814 1557 857; x_wconf 89' lang='lat' dir='ltr'><strong>eorum</strong></span> <span class='ocrx_word' id='word_1_43' title='bbox 1595 801 1826 854; x_wconf 84' lang='lat' dir='ltr'><strong>liderent</strong></span> <span class='ocrx_word' id='word_1_44' title='bbox 1857 798 2082 862; x_wconf 87' lang='lat' dir='ltr'><strong>auxilio,</strong></span> <span class='ocrx_word' id='word_1_45' title='bbox 2113 807 2168 853; x_wconf 91' lang='lat' dir='ltr'><strong>et</strong></span> <span class='ocrx_word' id='word_1_46' title='bbox 2187 797 2302 851; x_wconf 84' lang='lat' dir='ltr'><strong>cla-</strong></span> 
     </span>
    </p>
   </div>
   <div class='ocr_carea' id='block_1_9' title="bbox 733 891 2301 958">
    <p class='ocr_par' dir='ltr' id='par_1_9' title="bbox 733 891 2301 958">
     <span class='ocr_line' id='line_1_9' title="bbox 733 891 2301 958; baseline -0.001 -12"><span class='ocrx_word' id='word_1_47' title='bbox 733 894 853 947; x_wconf 76' lang='lat' dir='ltr'><strong>dem</strong></span> <span class='ocrx_word' id='word_1_48' title='bbox 885 893 1146 958; x_wconf 85' lang='lat' dir='ltr'><strong>minatur,</strong></span> <span class='ocrx_word' id='word_1_49' title='bbox 1172 903 1227 949; x_wconf 89' lang='lat' dir='ltr'><strong>et</strong></span> <span class='ocrx_word' id='word_1_50' title='bbox 1266 893 1475 948; x_wconf 86' lang='lat' dir='ltr'><strong>rninam</strong></span> <span class='ocrx_word' id='word_1_51' title='bbox 1501 893 1740 958; x_wconf 78' lang='lat' dir='ltr'><strong>Necltao,</strong></span> <span class='ocrx_word' id='word_1_52' title='bbox 1767 899 1821 946; x_wconf 91' lang='lat' dir='ltr'><strong>et</strong></span> <span class='ocrx_word' id='word_1_53' title='bbox 1842 892 2041 946; x_wconf 89' lang='lat' dir='ltr'><strong>bellum</strong></span> <span class='ocrx_word' id='word_1_54' title='bbox 2074 891 2262 946; x_wconf 89' lang='lat' dir='ltr'><strong>indicit</strong></span> <span class='ocrx_word' id='word_1_55' title='bbox 2285 906 2301 944; x_wconf 85' lang='lat'><strong>:</strong></span> 
     </span>
    </p>
   </div>
   <div class='ocr_carea' id='block_1_10' title="bbox 732 981 2306 1056">
    <p class='ocr_par' dir='ltr' id='par_1_10' title="bbox 732 981 2306 1056">
     <span class='ocr_line' id='line_1_10' title="bbox 732 981 2306 1056; baseline -0.002 -18"><span class='ocrx_word' id='word_1_56' title='bbox 732 996 786 1038; x_wconf 87' lang='lat' dir='ltr'><strong>et</strong></span> <span class='ocrx_word' id='word_1_57' title='bbox 811 984 1193 1056; x_wconf 67' lang='lat' dir='ltr'><strong>Egyptierum</strong></span> <span class='ocrx_word' id='word_1_58' title='bbox 1214 985 1477 1038; x_wconf 78' lang='lat' dir='ltr'><strong>auxilium</strong></span> <span class='ocrx_word' id='word_1_59' title='bbox 1502 984 1664 1039; x_wconf 90' lang='lat' dir='ltr'><strong>inane</strong></span> <span class='ocrx_word' id='word_1_60' title='bbox 1684 981 1802 1039; x_wconf 80' lang='lat' dir='ltr'><strong>fore</strong></span> <span class='ocrx_word' id='word_1_61' title='bbox 1826 981 2154 1037; x_wconf 88' lang='lat' dir='ltr'><strong>determinat</strong></span> <span class='ocrx_word' id='word_1_62' title='bbox 2174 997 2306 1036; x_wconf 86' lang='lat' dir='ltr'><strong>con-</strong></span> 
     </span>
    </p>
   </div>
   <div class='ocr_carea' id='block_1_11' title="bbox 736 1073 1438 1133">
    <p class='ocr_par' dir='ltr' id='par_1_11' title="bbox 736 1073 1438 1133">
     <span class='ocr_line' id='line_1_11' title="bbox 736 1073 1438 1133; baseline 0.004 -3"><span class='ocrx_word' id='word_1_63' title='bbox 736 1088 818 1130; x_wconf 85' lang='lat' dir='ltr'><strong>tra</strong></span> <span class='ocrx_word' id='word_1_64' title='bbox 852 1077 1170 1132; x_wconf 84' lang='lat' dir='ltr'><strong>resistentes</strong></span> <span class='ocrx_word' id='word_1_65' title='bbox 1201 1073 1438 1133; x_wconf 66' lang='lat' dir='ltr'><strong>Iudaeos.</strong></span> 
     </span>
    </p>
   </div>
   <div class='ocr_carea' id='block_1_12' title="bbox 804 1159 2300 1232">
    <p class='ocr_par' dir='ltr' id='par_1_12' title="bbox 804 1159 2300 1232">
     <span class='ocr_line' id='line_1_12' title="bbox 804 1159 2300 1232; baseline -0.003 -13"><span class='ocrx_word' id='word_1_66' title='bbox 804 1166 955 1222; x_wconf 84' lang='lat' dir='ltr'><strong>Alius</strong></span> <span class='ocrx_word' id='word_1_67' title='bbox 978 1175 1093 1220; x_wconf 89' lang='lat' dir='ltr'><strong>erat</strong></span> <span class='ocrx_word' id='word_1_68' title='bbox 1125 1164 1336 1219; x_wconf 88' lang='lat' dir='ltr'><strong>Pbarao</strong></span> <span class='ocrx_word' id='word_1_69' title='bbox 1366 1165 1453 1219; x_wconf 87' lang='lat' dir='ltr'><strong>l.ic</strong></span> <span class='ocrx_word' id='word_1_70' title='bbox 1482 1162 1700 1232; x_wconf 83' lang='lat' dir='ltr'><strong>Vapbre</strong></span> <span class='ocrx_word' id='word_1_71' title='bbox 1731 1179 1760 1217; x_wconf 87' lang='lat' dir='ltr'><strong>a</strong></span> <span class='ocrx_word' id='word_1_72' title='bbox 1799 1161 2038 1218; x_wconf 82' lang='lat' dir='ltr'><strong>Necbao.</strong></span> <span class='ocrx_word' id='word_1_73' title='bbox 2067 1159 2300 1232; x_wconf 83' lang='lat' dir='ltr'><strong>(Consi-</strong></span> 
     </span>
    </p>
   </div>
   <div class='ocr_carea' id='block_1_13' title="bbox 733 1252 2304 1324">
    <p class='ocr_par' dir='ltr' id='par_1_13' title="bbox 733 1252 2304 1324">
     <span class='ocr_line' id='line_1_13' title="bbox 733 1252 2304 1324; baseline -0.003 -14"><span class='ocrx_word' id='word_1_74' title='bbox 733 1259 861 1310; x_wconf 87' lang='lat' dir='ltr'><strong>dera</strong></span> <span class='ocrx_word' id='word_1_75' title='bbox 903 1256 1173 1324; x_wconf 86' lang='lat' dir='ltr'><strong>quomodo</strong></span> <span class='ocrx_word' id='word_1_76' title='bbox 1201 1264 1358 1309; x_wconf 87' lang='lat' dir='ltr'><strong>antea</strong></span> <span class='ocrx_word' id='word_1_77' title='bbox 1400 1269 1615 1324; x_wconf 89' lang='lat' dir='ltr'><strong>quoque</strong></span> <span class='ocrx_word' id='word_1_78' title='bbox 1653 1254 1796 1308; x_wconf 84' lang='lat' dir='ltr'><strong>Deus</strong></span> <span class='ocrx_word' id='word_1_79' title='bbox 1828 1252 2097 1322; x_wconf 75' lang='lat' dir='ltr'><strong>exemplis</strong></span> <span class='ocrx_word' id='word_1_80' title='bbox 2129 1252 2179 1306; x_wconf 91' lang='lat' dir='ltr'><strong>in</strong></span> <span class='ocrx_word' id='word_1_81' title='bbox 2216 1266 2304 1306; x_wconf 85' lang='lat' dir='ltr'><strong>sa-</strong></span> 
     </span>
    </p>
   </div>
   <div class='ocr_carea' id='block_1_14' title="bbox 733 1343 2308 1427">
    <p class='ocr_par' dir='ltr' id='par_1_14' title="bbox 733 1343 2308 1427">
     <span class='ocr_line' id='line_1_14' title="bbox 733 1343 2308 1427; baseline 0 -28"><span class='ocrx_word' id='word_1_82' title='bbox 733 1361 856 1399; x_wconf 89' lang='lat' dir='ltr'><strong>nam</strong></span> <span class='ocrx_word' id='word_1_83' title='bbox 886 1361 981 1427; x_wconf 62' lang='lat' dir='ltr'><strong>eos</strong></span> <span class='ocrx_word' id='word_1_84' title='bbox 1012 1354 1247 1400; x_wconf 84' lang='lat' dir='ltr'><strong>mentem</strong></span> <span class='ocrx_word' id='word_1_85' title='bbox 1289 1346 1626 1414; x_wconf 76' lang='lat' dir='ltr'><strong>revocabat.)</strong></span> <span class='ocrx_word' id='word_1_86' title='bbox 1655 1343 1901 1399; x_wconf 81' lang='lat' dir='ltr'><strong>Victoria</strong></span> <span class='ocrx_word' id='word_1_87' title='bbox 1943 1344 2029 1399; x_wconf 89' lang='lat' dir='ltr'><strong>bic</strong></span> <span class='ocrx_word' id='word_1_88' title='bbox 2071 1344 2308 1399; x_wconf 79' lang='lat' dir='ltr'><strong>maxime</strong></span> 
     </span>
    </p>
   </div>
   <div class='ocr_carea' id='block_1_15' title="bbox 731 1435 2303 1508">
    <p class='ocr_par' dir='ltr' id='par_1_15' title="bbox 731 1435 2303 1508">
     <span class='ocr_line' id='line_1_15' title="bbox 731 1435 2303 1508; baseline -0.001 -17"><span class='ocrx_word' id='word_1_89' title='bbox 731 1451 1028 1508; x_wconf 86' lang='lat' dir='ltr'><strong>oppressus</strong></span> <span class='ocrx_word' id='word_1_90' title='bbox 1049 1437 1264 1508; x_wconf 87' lang='lat' dir='ltr'><strong>quando</strong></span> <span class='ocrx_word' id='word_1_91' title='bbox 1283 1445 1337 1492; x_wconf 92' lang='lat' dir='ltr'><strong>et</strong></span> <span class='ocrx_word' id='word_1_92' title='bbox 1362 1435 1606 1491; x_wconf 83' lang='lat' dir='ltr'><strong>Joacbim</strong></span> <span class='ocrx_word' id='word_1_93' title='bbox 1639 1436 1857 1491; x_wconf 84' lang='lat' dir='ltr'><strong>occisus</strong></span> <span class='ocrx_word' id='word_1_94' title='bbox 1907 1447 2028 1505; x_wconf 86' lang='lat' dir='ltr'><strong>est;</strong></span> <span class='ocrx_word' id='word_1_95' title='bbox 2061 1436 2194 1491; x_wconf 83' lang='lat' dir='ltr'><strong>nihil</strong></span> <span class='ocrx_word' id='word_1_96' title='bbox 2221 1444 2303 1490; x_wconf 85' lang='lat' dir='ltr'><strong>ta-</strong></span> 
     </span>
    </p>
   </div>
   <div class='ocr_carea' id='block_1_16' title="bbox 734 1528 2305 1599">
    <p class='ocr_par' dir='ltr' id='par_1_16' title="bbox 734 1528 2305 1599">
     <span class='ocr_line' id='line_1_16' title="bbox 734 1528 2305 1599; baseline 0.002 -17"><span class='ocrx_word' id='word_1_97' title='bbox 734 1544 855 1583; x_wconf 88' lang='lat' dir='ltr'><strong>men</strong></span> <span class='ocrx_word' id='word_1_98' title='bbox 892 1531 1174 1599; x_wconf 70' lang='lat' dir='ltr'><strong>probiores</strong></span> <span class='ocrx_word' id='word_1_99' title='bbox 1220 1538 1538 1586; x_wconf 82' lang='lat' dir='ltr'><strong>evaserunt.</strong></span> <span class='ocrx_word' id='word_1_100' title='bbox 1573 1528 1795 1584; x_wconf 79' lang='lat' dir='ltr'><strong>Et&#39;vide</strong></span> <span class='ocrx_word' id='word_1_101' title='bbox 1825 1529 1970 1599; x_wconf 90' lang='lat' dir='ltr'><strong>quod</strong></span> <span class='ocrx_word' id='word_1_102' title='bbox 2027 1528 2305 1599; x_wconf 77' lang='lat' dir='ltr'><strong>profectus</strong></span> 
     </span>
    </p>
   </div>
   <div class='ocr_carea' id='block_1_17' title="bbox 732 1621 1256 1690">
    <p class='ocr_par' dir='ltr' id='par_1_17' title="bbox 732 1621 1256 1690">
     <span class='ocr_line' id='line_1_17' title="bbox 732 1621 1256 1690; baseline 0.004 -16"><span class='ocrx_word' id='word_1_103' title='bbox 732 1629 820 1676; x_wconf 85' lang='lat' dir='ltr'><strong>cst</strong></span> <span class='ocrx_word' id='word_1_104' title='bbox 843 1621 910 1675; x_wconf 91' lang='lat' dir='ltr'><strong>ad</strong></span> <span class='ocrx_word' id='word_1_105' title='bbox 943 1621 1054 1690; x_wconf 86' lang='lat' dir='ltr'><strong>pr</strong></span> <span class='ocrx_word' id='word_1_106' title='bbox 1064 1629 1256 1676; x_wconf 88' lang='lat' dir='ltr'><strong>ratem.</strong></span> 
     </span>
    </p>
   </div>
   <div class='ocr_carea' id='block_1_18' title="bbox 809 1709 1360 1767">
    <p class='ocr_par' dir='ltr' id='par_1_18' title="bbox 809 1709 1360 1767">
     <span class='ocr_line' id='line_1_18' title="bbox 809 1709 1360 1767; baseline 0 0"><span class='ocrx_word' id='word_1_107' title='bbox 809 1709 967 1767; x_wconf 75' lang='lat' dir='ltr'><strong>Vns.</strong></span> <span class='ocrx_word' id='word_1_108' title='bbox 996 1711 1050 1765; x_wconf 77' lang='lat'><strong>3.</strong></span> <span class='ocrx_word' id='word_1_109' title='bbox 1075 1711 1360 1767; x_wconf 80' lang='lat' dir='ltr'><strong>Assumitc.</strong></span> 
     </span>
    </p>
   </div>
   <div class='ocr_carea' id='block_1_19' title="bbox 802 1800 2306 1874">
    <p class='ocr_par' dir='ltr' id='par_1_19' title="bbox 802 1800 2306 1874">
     <span class='ocr_line' id='line_1_19' title="bbox 802 1800 2306 1874; baseline -0.001 -17"><span class='ocrx_word' id='word_1_110' title='bbox 802 1803 983 1871; x_wconf 85' lang='lat' dir='ltr'><strong>Quare</strong></span> <span class='ocrx_word' id='word_1_111' title='bbox 1008 1802 1175 1872; x_wconf 74' lang='lat' dir='ltr'><strong>igitur</strong></span> <span class='ocrx_word' id='word_1_112' title='bbox 1206 1801 1508 1874; x_wconf 76' lang='lat' dir='ltr'><strong>prophetia:</strong></span> <span class='ocrx_word' id='word_1_113' title='bbox 1533 1803 1634 1858; x_wconf 84' lang='lat' dir='ltr'><strong>hoc</strong></span> <span class='ocrx_word' id='word_1_114' title='bbox 1684 1803 1850 1858; x_wconf 85' lang='lat' dir='ltr'><strong>sumit</strong></span> <span class='ocrx_word' id='word_1_115' title='bbox 1872 1802 2085 1857; x_wconf 89' lang='lat' dir='ltr'><strong>initium</strong></span> <span class='ocrx_word' id='word_1_116' title='bbox 2117 1800 2306 1856; x_wconf 87' lang='lat' dir='ltr'><strong>dicens</strong></span> 
     </span>
    </p>
   </div>
   <div class='ocr_carea' id='block_1_20' title="bbox 2409 610 3986 689">
    <p class='ocr_par' dir='ltr' id='par_1_20' title="bbox 2409 610 3986 689">
     <span class='ocr_line' id='line_1_20' title="bbox 2409 610 3986 689; baseline -0.004 -17"><span class='ocrx_word' id='word_1_117' title='bbox 2409 619 2707 687; x_wconf 78' lang='grc' dir='ltr'>συμϐάλλει</span> <span class='ocrx_word' id='word_1_118' title='bbox 2757 618 2836 689; x_wconf 84' lang='grc' dir='ltr'>τῷ</span> <span class='ocrx_word' id='word_1_119' title='bbox 2887 613 3388 686; x_wconf 75' lang='grc' dir='ltr'>Ναϐουχοδονόσορ.</span> <span class='ocrx_word' id='word_1_120' title='bbox 3476 610 3754 665; x_wconf 73' lang='grc' dir='ltr'><strong>Ἰουδαίων</strong></span> <span class='ocrx_word' id='word_1_121' title='bbox 3801 613 3986 665; x_wconf 78' lang='grc' dir='ltr'><strong>τοίνυν</strong></span> 
     </span>
    </p>
   </div>
   <div class='ocr_carea' id='block_1_21' title="bbox 2409 697 3980 778">
    <p class='ocr_par' dir='ltr' id='par_1_21' title="bbox 2409 697 3980 778">
     <span class='ocr_line' id='line_1_21' title="bbox 2409 697 3980 778; baseline -0.005 -19"><span class='ocrx_word' id='word_1_122' title='bbox 2409 708 2623 778; x_wconf 86' lang='grc' dir='ltr'>μεγάλα</span> <span class='ocrx_word' id='word_1_123' title='bbox 2652 708 2783 778; x_wconf 78' lang='grc' dir='ltr'>περὶ</span> <span class='ocrx_word' id='word_1_124' title='bbox 2817 706 2915 776; x_wconf 84' lang='grc' dir='ltr'>τῆς</span> <span class='ocrx_word' id='word_1_125' title='bbox 2950 705 3238 774; x_wconf 87' lang='grc' dir='ltr'>δυνάμεως</span> <span class='ocrx_word' id='word_1_126' title='bbox 3267 700 3582 768; x_wconf 72' lang='grc' dir='ltr'>Αἰγυπτίων</span> <span class='ocrx_word' id='word_1_127' title='bbox 3611 697 3980 769; x_wconf 79' lang='grc' dir='ltr'>φρονούντων,</span> 
     </span>
    </p>
   </div>
   <div class='ocr_carea' id='block_1_22' title="bbox 2408 789 3986 868">
    <p class='ocr_par' dir='ltr' id='par_1_22' title="bbox 2408 789 3986 868">
     <span class='ocr_line' id='line_1_22' title="bbox 2408 789 3986 868; baseline -0.006 -17"><span class='ocrx_word' id='word_1_128' title='bbox 2408 798 2502 851; x_wconf 70' lang='grc' dir='ltr'>καὶ</span> <span class='ocrx_word' id='word_1_129' title='bbox 2533 796 2670 867; x_wconf 77' lang='grc' dir='ltr'>πρὸς</span> <span class='ocrx_word' id='word_1_130' title='bbox 2698 797 2796 868; x_wconf 81' lang='grc' dir='ltr'>τὴν</span> <span class='ocrx_word' id='word_1_131' title='bbox 2813 796 3040 849; x_wconf 67' lang='grc' dir='ltr'>ἐκείνων</span> <span class='ocrx_word' id='word_1_132' title='bbox 3069 791 3392 863; x_wconf 79' lang='grc' dir='ltr'><strong>συμμαχίαν</strong></span> <span class='ocrx_word' id='word_1_133' title='bbox 3414 790 3742 861; x_wconf 81' lang='grc' dir='ltr'>κεχηνότων,</span> <span class='ocrx_word' id='word_1_134' title='bbox 3768 789 3986 842; x_wconf 82' lang='grc' dir='ltr'>άπειλεῑ</span> 
     </span>
    </p>
   </div>
   <div class='ocr_carea' id='block_1_23' title="bbox 2406 880 3986 962">
    <p class='ocr_par' dir='ltr' id='par_1_23' title="bbox 2406 880 3986 962">
     <span class='ocr_line' id='line_1_23' title="bbox 2406 880 3986 962; baseline -0.006 -21"><span class='ocrx_word' id='word_1_135' title='bbox 2406 889 2502 941; x_wconf 73' lang='grc' dir='ltr'>καὶ</span> <span class='ocrx_word' id='word_1_136' title='bbox 2532 889 2629 959; x_wconf 82' lang='grc' dir='ltr'>τὴν</span> <span class='ocrx_word' id='word_1_137' title='bbox 2661 885 2854 962; x_wconf 79' lang='grc' dir='ltr'>ἧτταν,</span> <span class='ocrx_word' id='word_1_138' title='bbox 2900 887 2994 940; x_wconf 74' lang='grc' dir='ltr'>καὶ</span> <span class='ocrx_word' id='word_1_139' title='bbox 3032 886 3132 956; x_wconf 80' lang='grc' dir='ltr'>τὴν</span> <span class='ocrx_word' id='word_1_140' title='bbox 3175 882 3452 937; x_wconf 80' lang='grc' dir='ltr'>ἀπώλειαν</span> <span class='ocrx_word' id='word_1_141' title='bbox 3488 881 3582 934; x_wconf 85' lang='grc' dir='ltr'><strong>τοῦ</strong></span> <span class='ocrx_word' id='word_1_142' title='bbox 3635 880 3854 951; x_wconf 83' lang='grc' dir='ltr'>Νεχαὼ,</span> <span class='ocrx_word' id='word_1_143' title='bbox 3890 881 3986 933; x_wconf 70' lang='grc' dir='ltr'>καὶ</span> 
     </span>
    </p>
   </div>
   <div class='ocr_carea' id='block_1_24' title="bbox 2409 971 3986 1050">
    <p class='ocr_par' dir='ltr' id='par_1_24' title="bbox 2409 971 3986 1050">
     <span class='ocr_line' id='line_1_24' title="bbox 2409 971 3986 1050; baseline -0.006 -18"><span class='ocrx_word' id='word_1_144' title='bbox 2409 979 2654 1050; x_wconf 82' lang='grc' dir='ltr'><strong>κηρύξας</strong></span> <span class='ocrx_word' id='word_1_145' title='bbox 2689 979 2950 1049; x_wconf 88' lang='grc' dir='ltr'>πόλεμον,</span> <span class='ocrx_word' id='word_1_146' title='bbox 2989 977 3085 1030; x_wconf 77' lang='grc' dir='ltr'>καὶ</span> <span class='ocrx_word' id='word_1_147' title='bbox 3133 973 3372 1045; x_wconf 77' lang='grc' dir='ltr'>ματαίαν</span> <span class='ocrx_word' id='word_1_148' title='bbox 3409 971 3732 1041; x_wconf 76' lang='grc' dir='ltr'>συμμαχίαν</span> <span class='ocrx_word' id='word_1_149' title='bbox 3770 972 3986 1040; x_wconf 80' lang='grc' dir='ltr'>ἀποφη-</span> 
     </span>
    </p>
   </div>
   <div class='ocr_carea' id='block_1_25' title="bbox 2407 1063 3751 1142">
    <p class='ocr_par' dir='ltr' id='par_1_25' title="bbox 2407 1063 3751 1142">
     <span class='ocr_line' id='line_1_25' title="bbox 2407 1063 3751 1142; baseline -0.006 -18"><span class='ocrx_word' id='word_1_150' title='bbox 2407 1073 2639 1142; x_wconf 83' lang='grc' dir='ltr'>νάμενος</span> <span class='ocrx_word' id='word_1_151' title='bbox 2666 1071 2742 1134; x_wconf 84' lang='grc' dir='ltr'><strong>ὡς</strong></span> <span class='ocrx_word' id='word_1_152' title='bbox 2771 1070 2908 1139; x_wconf 81' lang='grc' dir='ltr'>πρὸς</span> <span class='ocrx_word' id='word_1_153' title='bbox 2949 1067 3241 1129; x_wconf 80' lang='grc' dir='ltr'>Ἰουδαίους</span> <span class='ocrx_word' id='word_1_154' title='bbox 3266 1063 3751 1133; x_wconf 81' lang='grc' dir='ltr'>άποτεινομένους.</span> 
     </span>
    </p>
   </div>
   <div class='ocr_carea' id='block_1_26' title="bbox 2483 1147 3989 1234">
    <p class='ocr_par' dir='ltr' id='par_1_26' title="bbox 2483 1147 3989 1234">
     <span class='ocr_line' id='line_1_26' title="bbox 2483 1147 3989 1234; baseline -0.006 -18"><span class='ocrx_word' id='word_1_155' title='bbox 2483 1163 2676 1226; x_wconf 82' lang='grc' dir='ltr'>Ἀλλος</span> <span class='ocrx_word' id='word_1_156' title='bbox 2717 1158 2786 1234; x_wconf 83' lang='grc' dir='ltr'>ἦν</span> <span class='ocrx_word' id='word_1_157' title='bbox 2816 1163 2844 1214; x_wconf 87' lang='grc' dir='ltr'>ὁ</span> <span class='ocrx_word' id='word_1_158' title='bbox 2871 1159 3075 1232; x_wconf 76' lang='grc' dir='ltr'><strong>⁴Ιάραὼ</strong></span> <span class='ocrx_word' id='word_1_159' title='bbox 3126 1161 3156 1212; x_wconf 81' lang='grc' dir='ltr'><strong>ὁ</strong></span> <span class='ocrx_word' id='word_1_160' title='bbox 3197 1157 3462 1228; x_wconf 83' lang='grc' dir='ltr'>Οὐαφρὴν</span> <span class='ocrx_word' id='word_1_161' title='bbox 3505 1147 3664 1218; x_wconf 72' lang='grc' dir='ltr'>οὗτος</span> <span class='ocrx_word' id='word_1_162' title='bbox 3711 1155 3740 1205; x_wconf 84' lang='grc' dir='ltr'>ὁ</span> <span class='ocrx_word' id='word_1_163' title='bbox 3789 1153 3989 1224; x_wconf 85' lang='grc' dir='ltr'>Νεχαώ</span> 
     </span>
    </p>
   </div>
   <div class='ocr_carea' id='block_1_27' title="bbox 2409 1248 3988 1328">
    <p class='ocr_par' dir='ltr' id='par_1_27' title="bbox 2409 1248 3988 1328">
     <span class='ocr_line' id='line_1_27' title="bbox 2409 1248 3988 1328; baseline -0.005 -19"><span class='ocrx_word' id='word_1_164' title='bbox 2409 1254 2528 1328; x_wconf 88' lang='grc' dir='ltr'>[τοῦ</span> <span class='ocrx_word' id='word_1_165' title='bbox 2588 1253 2831 1326; x_wconf 80' lang='grc' dir='ltr'>Νεχαώ].</span> <span class='ocrx_word' id='word_1_166' title='bbox 2869 1254 3013 1324; x_wconf 87' lang='grc' dir='ltr'>Ὅρα</span> <span class='ocrx_word' id='word_1_167' title='bbox 3071 1252 3190 1316; x_wconf 87' lang='grc' dir='ltr'>πῶς</span> <span class='ocrx_word' id='word_1_168' title='bbox 3244 1252 3333 1304; x_wconf 76' lang='grc' dir='ltr'><strong>διὰ</strong></span> <span class='ocrx_word' id='word_1_169' title='bbox 3379 1248 3841 1319; x_wconf 81' lang='grc' dir='ltr'>παραδειγμάτων</span> <span class='ocrx_word' id='word_1_170' title='bbox 3892 1249 3988 1301; x_wconf 79' lang='grc' dir='ltr'>καὶ</span> 
     </span>
    </p>
   </div>
   <div class='ocr_carea' id='block_1_28' title="bbox 2407 1336 3987 1419">
    <p class='ocr_par' dir='ltr' id='par_1_28' title="bbox 2407 1336 3987 1419">
     <span class='ocr_line' id='line_1_28' title="bbox 2407 1336 3987 1419; baseline -0.008 -17"><span class='ocrx_word' id='word_1_171' title='bbox 2407 1348 2721 1419; x_wconf 73' lang='grc' dir='ltr'>ἔμπροσθεν</span> <span class='ocrx_word' id='word_1_172' title='bbox 2773 1346 2976 1408; x_wconf 79' lang='grc' dir='ltr'>αὐτοὺς</span> <span class='ocrx_word' id='word_1_173' title='bbox 3013 1343 3383 1413; x_wconf 75' lang='grc' dir='ltr'>ὲσωφρόνιζεν</span> <span class='ocrx_word' id='word_1_174' title='bbox 3424 1343 3454 1395; x_wconf 82' lang='grc' dir='ltr'><strong>δ</strong></span> <span class='ocrx_word' id='word_1_175' title='bbox 3496 1341 3648 1404; x_wconf 74' lang='grc' dir='ltr'>Θεός.</span> <span class='ocrx_word' id='word_1_176' title='bbox 3703 1336 3987 1407; x_wconf 78' lang='grc' dir='ltr'>Ἠττηθεὶς</span> 
     </span>
    </p>
   </div>
   <div class='ocr_carea' id='block_1_29' title="bbox 2410 1430 3986 1509">
    <p class='ocr_par' dir='ltr' id='par_1_29' title="bbox 2410 1430 3986 1509">
     <span class='ocr_line' id='line_1_29' title="bbox 2410 1430 3986 1509; baseline -0.007 -16"><span class='ocrx_word' id='word_1_177' title='bbox 2410 1439 2619 1509; x_wconf 76' lang='grc' dir='ltr'>σφόδρα</span> <span class='ocrx_word' id='word_1_178' title='bbox 2653 1434 2833 1503; x_wconf 76' lang='grc' dir='ltr'>οὗτος,</span> <span class='ocrx_word' id='word_1_179' title='bbox 2868 1439 2957 1490; x_wconf 81' lang='grc' dir='ltr'>ὅτε</span> <span class='ocrx_word' id='word_1_180' title='bbox 2987 1437 3082 1490; x_wconf 77' lang='grc' dir='ltr'>καὶ</span> <span class='ocrx_word' id='word_1_181' title='bbox 3123 1434 3382 1504; x_wconf 78' lang='grc' dir='ltr'>Ἰωακεὶμ</span> <span class='ocrx_word' id='word_1_182' title='bbox 3418 1431 3662 1506; x_wconf 78' lang='grc' dir='ltr'><strong>ἀνῃρέθη</strong></span> <span class='ocrx_word' id='word_1_183' title='bbox 3691 1447 3706 1462; x_wconf 80' lang='grc' dir='ltr'><strong>ο</strong></span> <span class='ocrx_word' id='word_1_184' title='bbox 3745 1431 3841 1484; x_wconf 74' lang='grc' dir='ltr'>καὶ</span> <span class='ocrx_word' id='word_1_185' title='bbox 3892 1430 3986 1483; x_wconf 80' lang='grc' dir='ltr'>οὐ·</span> 
     </span>
    </p>
   </div>
   <div class='ocr_carea' id='block_1_30' title="bbox 2407 1524 3988 1601">
    <p class='ocr_par' dir='ltr' id='par_1_30' title="bbox 2407 1524 3988 1601">
     <span class='ocr_line' id='line_1_30' title="bbox 2407 1524 3988 1601; baseline -0.008 -14"><span class='ocrx_word' id='word_1_186' title='bbox 2407 1532 2494 1587; x_wconf 77' lang='grc' dir='ltr'>δὲν</span> <span class='ocrx_word' id='word_1_187' title='bbox 2526 1531 2928 1601; x_wconf 74' lang='grc' dir='ltr'>ἐπιεικέστεροι</span> <span class='ocrx_word' id='word_1_188' title='bbox 2969 1527 3257 1598; x_wconf 84' lang='grc' dir='ltr'>γεγόνασι.</span> <span class='ocrx_word' id='word_1_189' title='bbox 3284 1526 3396 1580; x_wconf 74' lang='grc' dir='ltr'><strong>Καὶ</strong></span> <span class='ocrx_word' id='word_1_190' title='bbox 3444 1526 3546 1596; x_wconf 77' lang='grc' dir='ltr'>ὅρα</span> <span class='ocrx_word' id='word_1_191' title='bbox 3581 1524 3686 1578; x_wconf 89' lang='grc' dir='ltr'><strong>ποῦ</strong></span> <span class='ocrx_word' id='word_1_192' title='bbox 3739 1525 3988 1593; x_wconf 80' lang='grc' dir='ltr'>ἀπήντη-</span> 
     </span>
    </p>
   </div>
   <div class='ocr_carea' id='block_1_31' title="bbox 2411 1621 2960 1693">
    <p class='ocr_par' dir='ltr' id='par_1_31' title="bbox 2411 1621 2960 1693">
     <span class='ocr_line' id='line_1_31' title="bbox 2411 1621 2960 1693; baseline -0.005 -15"><span class='ocrx_word' id='word_1_193' title='bbox 2411 1640 2525 1690; x_wconf 90' lang='grc' dir='ltr'>σεν,</span> <span class='ocrx_word' id='word_1_194' title='bbox 2549 1623 2644 1675; x_wconf 69' lang='grc' dir='ltr'><strong>ἐπὶ</strong></span> <span class='ocrx_word' id='word_1_195' title='bbox 2673 1621 2960 1693; x_wconf 76' lang='grc' dir='ltr'><strong>Εὐφράτῃ.</strong></span> 
     </span>
    </p>
   </div>
   <div class='ocr_carea' id='block_1_32' title="bbox 2492 1712 2874 1769">
    <p class='ocr_par' dir='ltr' id='par_1_32' title="bbox 2492 1712 2874 1769">
     <span class='ocr_line' id='line_1_32' title="bbox 2492 1712 2874 1769; baseline -0.016 1"><span class='ocrx_word' id='word_1_196' title='bbox 2492 1712 2874 1769; x_wconf 51' lang='grc' dir='ltr'>’Δγαλάϐετα</span> 
     </span>
    </p>
   </div>
   <div class='ocr_carea' id='block_1_33' title="bbox 2480 1796 3984 1873">
    <p class='ocr_par' dir='ltr' id='par_1_33' title="bbox 2480 1796 3984 1873">
     <span class='ocr_line' id='line_1_33' title="bbox 2480 1796 3984 1873; baseline -0.005 -15"><span class='ocrx_word' id='word_1_197' title='bbox 2480 1805 2639 1868; x_wconf 84' lang='grc' dir='ltr'>Τίνος</span> <span class='ocrx_word' id='word_1_198' title='bbox 2669 1799 2762 1858; x_wconf 81' lang='grc' dir='ltr'>οὖν</span> <span class='ocrx_word' id='word_1_199' title='bbox 2788 1803 2976 1856; x_wconf 68' lang='grc' dir='ltr'>ἕνεκεν</span> <span class='ocrx_word' id='word_1_200' title='bbox 3013 1801 3247 1873; x_wconf 71' lang='grc' dir='ltr'>ἄρχεται</span> <span class='ocrx_word' id='word_1_201' title='bbox 3279 1798 3381 1870; x_wconf 82' lang='grc' dir='ltr'>τῆς</span> <span class='ocrx_word' id='word_1_202' title='bbox 3407 1797 3769 1872; x_wconf 82' lang='grc' dir='ltr'>προφητείας,</span> <span class='ocrx_word' id='word_1_203' title='bbox 3801 1796 3984 1867; x_wconf 79' lang='grc' dir='ltr'>λέγων</span> 
     </span>
    </p>
   </div>
   <div class='ocr_carea' id='block_1_34' title="bbox 733 1877 2402 1964">
    <p class='ocr_par' dir='ltr' id='par_1_34' title="bbox 733 1877 2385 1961">
     <span class='ocr_line' id='line_1_34' title="bbox 733 1877 2385 1961; baseline -0.005 -14"><span class='ocrx_word' id='word_1_204' title='bbox 733 1902 792 1947; x_wconf 93' lang='lat' dir='ltr'><strong>ut</strong></span> <span class='ocrx_word' id='word_1_205' title='bbox 820 1908 879 1948; x_wconf 87' lang='lat' dir='ltr'><strong>se</strong></span> <span class='ocrx_word' id='word_1_206' title='bbox 901 1893 1070 1948; x_wconf 88' lang='lat' dir='ltr'><strong>armis</strong></span> <span class='ocrx_word' id='word_1_207' title='bbox 1095 1891 1421 1947; x_wconf 74' lang='lat' dir='ltr'><strong>induerent?</strong></span> <span class='ocrx_word' id='word_1_208' title='bbox 1446 1901 1501 1947; x_wconf 88' lang='lat' dir='ltr'><strong>et</strong></span> <span class='ocrx_word' id='word_1_209' title='bbox 1523 1901 1779 1947; x_wconf 76' lang='lat' dir='ltr'><strong>accurate</strong></span> <span class='ocrx_word' id='word_1_210' title='bbox 1800 1891 2062 1961; x_wconf 78' lang='lat' dir='ltr'><strong>exprimit</strong></span> <span class='ocrx_word' id='word_1_211' title='bbox 2084 1892 2306 1946; x_wconf 81' lang='lat' dir='ltr'><strong>univer-</strong></span> <span class='ocrx_word' id='word_1_212' title='bbox 2337 1877 2385 1938; x_wconf 82' lang='grc' dir='ltr'><strong>Β</strong></span> 
     </span>
    </p>
   </div>
   <div class='ocr_carea' id='block_1_35' title="bbox 2315 1877 3984 1964">
    <p class='ocr_par' dir='ltr' id='par_1_35' title="bbox 2337 1877 3984 1964">
     <span class='ocr_line' id='line_1_35' title="bbox 2337 1877 3984 1964; baseline -0.004 -14"><span class='ocrx_word' id='word_1_213' title='bbox 2337 1877 2385 1938; x_wconf 72' lang='grc' dir='ltr'><strong>Β</strong></span> <span class='ocrx_word' id='word_1_214' title='bbox 2411 1893 2875 1959; x_wconf 74' lang='grc' dir='ltr'>καθοπλίζεσθαις</span> <span class='ocrx_word' id='word_1_215' title='bbox 2939 1894 3036 1947; x_wconf 76' lang='grc' dir='ltr'>καὶ</span> <span class='ocrx_word' id='word_1_216' title='bbox 3085 1891 3226 1964; x_wconf 84' lang='grc' dir='ltr'>μετά</span> <span class='ocrx_word' id='word_1_217' title='bbox 3280 1889 3485 1962; x_wconf 81' lang='grc' dir='ltr'>πολλῆς</span> <span class='ocrx_word' id='word_1_218' title='bbox 3535 1888 3636 1958; x_wconf 83' lang='grc' dir='ltr'>τῆς</span> <span class='ocrx_word' id='word_1_219' title='bbox 3696 1887 3984 1960; x_wconf 75' lang='grc' dir='ltr'>ἀκριϐείας</span> 
     </span>
    </p>
   </div>
   <div class='ocr_carea' id='block_1_36' title="bbox 733 1979 2402 2058">
    <p class='ocr_par' dir='ltr' id='par_1_36' title="bbox 733 1983 2348 2041">
     <span class='ocr_line' id='line_1_36' title="bbox 733 1983 2348 2041; baseline -0.002 -2"><span class='ocrx_word' id='word_1_220' title='bbox 733 2000 851 2040; x_wconf 84' lang='lat' dir='ltr'><strong>sam</strong></span> <span class='ocrx_word' id='word_1_221' title='bbox 882 1997 1067 2039; x_wconf 89' lang='lat' dir='ltr'><strong>eorum</strong></span> <span class='ocrx_word' id='word_1_222' title='bbox 1096 1994 1431 2039; x_wconf 84' lang='lat' dir='ltr'><strong>armaturam</strong></span> <span class='ocrx_word' id='word_1_223' title='bbox 1467 1983 1580 2040; x_wconf 76' lang='lat' dir='ltr'><strong>fere</strong></span> <span class='ocrx_word' id='word_1_224' title='bbox 1613 1984 1787 2039; x_wconf 81' lang='lat' dir='ltr'><strong>instar</strong></span> <span class='ocrx_word' id='word_1_225' title='bbox 1817 1985 2104 2041; x_wconf 88' lang='lat' dir='ltr'><strong>ductorum</strong></span> <span class='ocrx_word' id='word_1_226' title='bbox 2136 1987 2348 2039; x_wconf 80' lang='lat' dir='ltr'><strong>exer-\</strong></span> 
     </span>
    </p>
   </div>
   <div class='ocr_carea' id='block_1_37' title="bbox 2315 1979 3984 2058">
    <p class='ocr_par' dir='ltr' id='par_1_37' title="bbox 2320 1979 3984 2058">
     <span class='ocr_line' id='line_1_37' title="bbox 2320 1979 3984 2058; baseline -0.006 -17"><span class='ocrx_word' id='word_1_227' title='bbox 2320 1987 2348 2028; x_wconf 54' lang='grc' dir='ltr'><strong>κ</strong></span> <span class='ocrx_word' id='word_1_228' title='bbox 2410 1988 2593 2042; x_wconf 68' lang='grc' dir='ltr'>ἔπεισι</span> <span class='ocrx_word' id='word_1_229' title='bbox 2640 1986 2741 2058; x_wconf 82' lang='grc' dir='ltr'>τὴν</span> <span class='ocrx_word' id='word_1_230' title='bbox 2772 1984 2989 2040; x_wconf 83' lang='grc' dir='ltr'>ὅπλισιν</span> <span class='ocrx_word' id='word_1_231' title='bbox 3032 1983 3217 2038; x_wconf 83' lang='grc' dir='ltr'>αὐτῶν</span> <span class='ocrx_word' id='word_1_232' title='bbox 3255 1983 3473 2048; x_wconf 76' lang='grc' dir='ltr'>πᾶσαν,</span> <span class='ocrx_word' id='word_1_233' title='bbox 3519 1981 3808 2051; x_wconf 78' lang='grc' dir='ltr'>μονονουχὶ</span> <span class='ocrx_word' id='word_1_234' title='bbox 3859 1979 3984 2044; x_wconf 80' lang='grc' dir='ltr'><strong>τούς</strong></span> 
     </span>
    </p>
   </div>
   <div class='ocr_carea' id='block_1_38' title="bbox 733 2071 2308 2147">
    <p class='ocr_par' dir='ltr' id='par_1_38' title="bbox 733 2071 2308 2147">
     <span class='ocr_line' id='line_1_38' title="bbox 733 2071 2308 2147; baseline -0.001 -18"><span class='ocrx_word' id='word_1_235' title='bbox 733 2071 896 2141; x_wconf 82' lang='lat' dir='ltr'><strong>citus,</strong></span> <span class='ocrx_word' id='word_1_236' title='bbox 929 2075 1024 2147; x_wconf 88' lang='lat' dir='ltr'><strong>qui</strong></span> <span class='ocrx_word' id='word_1_237' title='bbox 1074 2075 1278 2131; x_wconf 89' lang='lat' dir='ltr'><strong>milites</strong></span> <span class='ocrx_word' id='word_1_238' title='bbox 1307 2077 1376 2130; x_wconf 89' lang='lat' dir='ltr'><strong>ad</strong></span> <span class='ocrx_word' id='word_1_239' title='bbox 1425 2089 1662 2145; x_wconf 70' lang='lat' dir='ltr'><strong>pugnam</strong></span> <span class='ocrx_word' id='word_1_240' title='bbox 1713 2073 1994 2130; x_wconf 87' lang='lat' dir='ltr'><strong>instruunt</strong></span> <span class='ocrx_word' id='word_1_241' title='bbox 2023 2081 2080 2130; x_wconf 89' lang='lat' dir='ltr'><strong>et</strong></span> <span class='ocrx_word' id='word_1_242' title='bbox 2111 2074 2308 2130; x_wconf 83' lang='lat' dir='ltr'><strong>cohor-</strong></span> 
     </span>
    </p>
   </div>
   <div class='ocr_carea' id='block_1_39' title="bbox 735 2164 1858 2238">
    <p class='ocr_par' dir='ltr' id='par_1_39' title="bbox 735 2164 1858 2238">
     <span class='ocr_line' id='line_1_39' title="bbox 735 2164 1858 2238; baseline 0.001 -16"><span class='ocrx_word' id='word_1_243' title='bbox 735 2167 951 2223; x_wconf 77' lang='lat' dir='ltr'><strong>tantur!</strong></span> <span class='ocrx_word' id='word_1_244' title='bbox 982 2167 1065 2222; x_wconf 74' lang='lat' dir='ltr'><strong>An</strong></span> <span class='ocrx_word' id='word_1_245' title='bbox 1093 2180 1224 2224; x_wconf 76' lang='lat' dir='ltr'><strong>vero</strong></span> <span class='ocrx_word' id='word_1_246' title='bbox 1250 2168 1368 2224; x_wconf 75' lang='lat' dir='ltr'><strong>haec</strong></span> <span class='ocrx_word' id='word_1_247' title='bbox 1398 2167 1605 2223; x_wconf 86' lang='lat' dir='ltr'><strong>ironice</strong></span> <span class='ocrx_word' id='word_1_248' title='bbox 1628 2164 1858 2238; x_wconf 81' lang='lat' dir='ltr'><strong>profert.</strong></span> 
     </span>
    </p>
   </div>
   <div class='ocr_carea' id='block_1_40' title="bbox 805 2350 1421 2421">
    <p class='ocr_par' dir='ltr' id='par_1_40' title="bbox 805 2350 1421 2421">
     <span class='ocr_line' id='line_1_40' title="bbox 805 2350 1421 2421; baseline 0.006 -16"><span class='ocrx_word' id='word_1_249' title='bbox 805 2350 971 2405; x_wconf 79' lang='lat' dir='ltr'><strong>Vsns.</strong></span> <span class='ocrx_word' id='word_1_250' title='bbox 1000 2350 1053 2406; x_wconf 83' lang='lat'><strong>5.</strong></span> <span class='ocrx_word' id='word_1_251' title='bbox 1074 2350 1213 2416; x_wconf 80' lang='lat' dir='ltr'><strong>Quia</strong></span> <span class='ocrx_word' id='word_1_252' title='bbox 1236 2350 1421 2421; x_wconf 70' lang='lat' dir='ltr'><strong>fortes.</strong></span> 
     </span>
    </p>
   </div>
   <div class='ocr_carea' id='block_1_41' title="bbox 806 2443 2309 2519">
    <p class='ocr_par' dir='ltr' id='par_1_41' title="bbox 806 2443 2309 2519">
     <span class='ocr_line' id='line_1_41' title="bbox 806 2443 2309 2519; baseline 0.001 -22"><span class='ocrx_word' id='word_1_253' title='bbox 806 2443 964 2508; x_wconf 79' lang='lat' dir='ltr'><strong>Vide,</strong></span> <span class='ocrx_word' id='word_1_254' title='bbox 994 2445 1212 2500; x_wconf 90' lang='lat' dir='ltr'><strong>modum</strong></span> <span class='ocrx_word' id='word_1_255' title='bbox 1241 2445 1406 2500; x_wconf 85' lang='lat' dir='ltr'><strong>etiam</strong></span> <span class='ocrx_word' id='word_1_256' title='bbox 1437 2446 1558 2503; x_wconf 87' lang='lat' dir='ltr'><strong>belli</strong></span> <span class='ocrx_word' id='word_1_257' title='bbox 1583 2447 1738 2514; x_wconf 86' lang='lat' dir='ltr'><strong>quasi</strong></span> <span class='ocrx_word' id='word_1_258' title='bbox 1762 2461 2002 2519; x_wconf 68' lang='lat' dir='ltr'><strong>praesens</strong></span> <span class='ocrx_word' id='word_1_259' title='bbox 2029 2445 2309 2516; x_wconf 84' lang='lat' dir='ltr'><strong>prosequi-</strong></span> 
     </span>
    </p>
   </div>
   <div class='ocr_carea' id='block_1_42' title="bbox 736 2536 1478 2606">
    <p class='ocr_par' dir='ltr' id='par_1_42' title="bbox 736 2536 1478 2606">
     <span class='ocr_line' id='line_1_42' title="bbox 736 2536 1478 2606; baseline 0.007 -17"><span class='ocrx_word' id='word_1_260' title='bbox 736 2544 845 2599; x_wconf 86' lang='lat' dir='ltr'><strong>tur,</strong></span> <span class='ocrx_word' id='word_1_261' title='bbox 876 2536 1145 2604; x_wconf 90' lang='lat' dir='ltr'><strong>quomodo</strong></span> <span class='ocrx_word' id='word_1_262' title='bbox 1175 2536 1478 2606; x_wconf 88' lang='lat' dir='ltr'><strong>&#39;capientur.</strong></span> 
     </span>
    </p>
   </div>
   <div class='ocr_carea' id='block_1_43' title="bbox 803 2625 1430 2700">
    <p class='ocr_par' dir='ltr' id='par_1_43' title="bbox 803 2625 1430 2700">
     <span class='ocr_line' id='line_1_43' title="bbox 803 2625 1430 2700; baseline 0.008 -19"><span class='ocrx_word' id='word_1_263' title='bbox 803 2626 972 2682; x_wconf 72' lang='lat' dir='ltr'><strong>Vsus.</strong></span> <span class='ocrx_word' id='word_1_264' title='bbox 1001 2626 1057 2683; x_wconf 81' lang='grc' dir='ltr'>ϐ.</span> <span class='ocrx_word' id='word_1_265' title='bbox 1091 2625 1214 2683; x_wconf 82' lang='lat' dir='ltr'><strong>Non</strong></span> <span class='ocrx_word' id='word_1_266' title='bbox 1236 2628 1430 2700; x_wconf 77' lang='lat' dir='ltr'><strong>fugiat.</strong></span> 
     </span>
    </p>
   </div>
   <div class='ocr_carea' id='block_1_44' title="bbox 805 2718 2311 2794">
    <p class='ocr_par' dir='ltr' id='par_1_44' title="bbox 805 2718 2311 2794">
     <span class='ocr_line' id='line_1_44' title="bbox 805 2718 2311 2794; baseline 0.003 -20"><span class='ocrx_word' id='word_1_267' title='bbox 805 2718 924 2776; x_wconf 81' lang='lat' dir='ltr'><strong>Non</strong></span> <span class='ocrx_word' id='word_1_268' title='bbox 978 2720 1173 2790; x_wconf 90' lang='lat' dir='ltr'><strong>pedum</strong></span> <span class='ocrx_word' id='word_1_269' title='bbox 1221 2723 1499 2790; x_wconf 80' lang='lat' dir='ltr'><strong>celeritas,</strong></span> <span class='ocrx_word' id='word_1_270' title='bbox 1537 2739 1644 2779; x_wconf 90' lang='lat' dir='ltr'><strong>non</strong></span> <span class='ocrx_word' id='word_1_271' title='bbox 1704 2723 1954 2794; x_wconf 87' lang='lat' dir='ltr'><strong>corporis</strong></span> <span class='ocrx_word' id='word_1_272' title='bbox 1989 2724 2172 2789; x_wconf 89' lang='lat' dir='ltr'><strong>robur,</strong></span> <span class='ocrx_word' id='word_1_273' title='bbox 2207 2737 2311 2778; x_wconf 89' lang='lat' dir='ltr'><strong>nec</strong></span> 
     </span>
    </p>
   </div>
   <div class='ocr_carea' id='block_1_45' title="bbox 735 2807 2308 2882">
    <p class='ocr_par' dir='ltr' id='par_1_45' title="bbox 735 2807 2308 2882">
     <span class='ocr_line' id='line_1_45' title="bbox 735 2807 2308 2882; baseline 0.006 -24"><span class='ocrx_word' id='word_1_274' title='bbox 735 2807 1030 2876; x_wconf 80' lang='lat' dir='ltr'><strong>quidquam</strong></span> <span class='ocrx_word' id='word_1_275' title='bbox 1056 2808 1203 2865; x_wconf 87' lang='lat' dir='ltr'><strong>aliud</strong></span> <span class='ocrx_word' id='word_1_276' title='bbox 1230 2811 1473 2882; x_wconf 85' lang='lat' dir='ltr'><strong>prodest,</strong></span> <span class='ocrx_word' id='word_1_277' title='bbox 1507 2828 1631 2869; x_wconf 86' lang='lat' dir='ltr'><strong>cum</strong></span> <span class='ocrx_word' id='word_1_278' title='bbox 1659 2813 1844 2869; x_wconf 88' lang='lat' dir='ltr'><strong>omnia</strong></span> <span class='ocrx_word' id='word_1_279' title='bbox 1892 2814 2166 2880; x_wconf 78' lang='lat' dir='ltr'><strong>deﬁciant,</strong></span> <span class='ocrx_word' id='word_1_280' title='bbox 2206 2813 2308 2867; x_wconf 89' lang='lat' dir='ltr'><strong>nisi</strong></span> 
     </span>
    </p>
   </div>
   <div class='ocr_carea' id='block_1_46' title="bbox 735 2895 2090 2957">
    <p class='ocr_par' dir='ltr' id='par_1_46' title="bbox 735 2895 2090 2957">
     <span class='ocr_line' id='line_1_46' title="bbox 735 2895 2090 2957; baseline 0.012 -6"><span class='ocrx_word' id='word_1_281' title='bbox 735 2895 877 2953; x_wconf 80' lang='lat' dir='ltr'><strong>adsit</strong></span> <span class='ocrx_word' id='word_1_282' title='bbox 900 2897 993 2953; x_wconf 87' lang='lat' dir='ltr'><strong>Dei</strong></span> <span class='ocrx_word' id='word_1_283' title='bbox 1018 2900 1297 2957; x_wconf 79' lang='lat' dir='ltr'><strong>auxilium.</strong></span> <span class='ocrx_word' id='word_1_284' title='bbox 2084 2900 2090 2905; x_wconf 63' lang='grc'><em>’</em></span> 
     </span>
    </p>
   </div>
   <div class='ocr_carea' id='block_1_47' title="bbox 807 3076 1992 3151">
    <p class='ocr_par' dir='ltr' id='par_1_47' title="bbox 807 3076 1992 3151">
     <span class='ocr_line' id='line_1_47' title="bbox 807 3076 1992 3151; baseline 0.003 -19"><span class='ocrx_word' id='word_1_285' title='bbox 807 3076 972 3133; x_wconf 77' lang='lat' dir='ltr'><strong>Vns.</strong></span> <span class='ocrx_word' id='word_1_286' title='bbox 1003 3076 1057 3133; x_wconf 89' lang='lat'><strong>7.</strong></span> <span class='ocrx_word' id='word_1_287' title='bbox 1087 3076 1216 3144; x_wconf 77' lang='lat' dir='ltr'><strong>Quis</strong></span> <span class='ocrx_word' id='word_1_288' title='bbox 1253 3087 1330 3134; x_wconf 76' lang='lat' dir='ltr'><strong>cst</strong></span> <span class='ocrx_word' id='word_1_289' title='bbox 1353 3079 1452 3134; x_wconf 84' lang='lat' dir='ltr'><strong>istc</strong></span> <span class='ocrx_word' id='word_1_290' title='bbox 1483 3081 1574 3151; x_wconf 82' lang='lat' dir='ltr'><strong>qui</strong></span> <span class='ocrx_word' id='word_1_291' title='bbox 1599 3082 1754 3150; x_wconf 81' lang='lat' dir='ltr'><strong>quasi</strong></span> <span class='ocrx_word' id='word_1_292' title='bbox 1773 3082 1992 3151; x_wconf 71' lang='lat' dir='ltr'><strong>ﬂumen.</strong></span> 
     </span>
    </p>
   </div>
   <div class='ocr_carea' id='block_1_48' title="bbox 805 3165 2381 3265">
    <p class='ocr_par' dir='ltr' id='par_1_48' title="bbox 805 3165 2381 3265">
     <span class='ocr_line' id='line_1_48' title="bbox 805 3165 2381 3265; baseline 0.004 -44"><span class='ocrx_word' id='word_1_293' title='bbox 805 3165 922 3222; x_wconf 77' lang='lat' dir='ltr'><strong>Non</strong></span> <span class='ocrx_word' id='word_1_294' title='bbox 975 3177 1184 3222; x_wconf 90' lang='lat' dir='ltr'><strong>tantum</strong></span> <span class='ocrx_word' id='word_1_295' title='bbox 1238 3179 1462 3240; x_wconf 85' lang='lat' dir='ltr'><strong>propter</strong></span> <span class='ocrx_word' id='word_1_296' title='bbox 1505 3185 1694 3226; x_wconf 90' lang='lat' dir='ltr'><strong>eorum</strong></span> <span class='ocrx_word' id='word_1_297' title='bbox 1756 3171 2162 3227; x_wconf 88' lang='lat' dir='ltr'><strong>multitudinem</strong></span> <span class='ocrx_word' id='word_1_298' title='bbox 2212 3188 2305 3228; x_wconf 90' lang='lat' dir='ltr'><strong>eos</strong></span> <span class='ocrx_word' id='word_1_299' title='bbox 2334 3203 2381 3265; x_wconf 66' lang='grc' dir='ltr'>ο</span> 
     </span>
    </p>
   </div>
   <div class='ocr_carea' id='block_1_49' title="bbox 2411 2069 3981 2152">
    <p class='ocr_par' dir='ltr' id='par_1_49' title="bbox 2411 2069 3981 2152">
     <span class='ocr_line' id='line_1_49' title="bbox 2411 2069 3981 2152; baseline -0.007 -19"><span class='ocrx_word' id='word_1_300' title='bbox 2411 2079 2752 2152; x_wconf 77' lang='grc' dir='ltr'>στρατηγοὺς</span> <span class='ocrx_word' id='word_1_301' title='bbox 2785 2069 3126 2148; x_wconf 81' lang='grc' dir='ltr'>μιμούμενος</span> <span class='ocrx_word' id='word_1_302' title='bbox 3171 2075 3301 2140; x_wconf 80' lang='grc' dir='ltr'><strong>τούς</strong></span> <span class='ocrx_word' id='word_1_303' title='bbox 3342 2073 3577 2142; x_wconf 73' lang='grc' dir='ltr'>ἄγοντας</span> <span class='ocrx_word' id='word_1_304' title='bbox 3610 2074 3695 2137; x_wconf 79' lang='grc' dir='ltr'><strong>είς</strong></span> <span class='ocrx_word' id='word_1_305' title='bbox 3724 2071 3981 2142; x_wconf 80' lang='grc' dir='ltr'>πόλεμον,</span> 
     </span>
    </p>
   </div>
   <div class='ocr_carea' id='block_1_50' title="bbox 2410 2160 3986 2240">
    <p class='ocr_par' dir='ltr' id='par_1_50' title="bbox 2410 2160 3986 2240">
     <span class='ocr_line' id='line_1_50' title="bbox 2410 2160 3986 2240; baseline -0.008 -14"><span class='ocrx_word' id='word_1_306' title='bbox 2410 2173 2506 2226; x_wconf 73' lang='grc' dir='ltr'>καὶ</span> <span class='ocrx_word' id='word_1_307' title='bbox 2560 2166 3147 2240; x_wconf 75' lang='grc' dir='ltr'>παρακελευομένουςς</span> <span class='ocrx_word' id='word_1_308' title='bbox 3179 2166 3300 2238; x_wconf 70' lang='grc' dir='ltr'>ἦτοι</span> <span class='ocrx_word' id='word_1_309' title='bbox 3348 2163 3780 2237; x_wconf 79' lang='grc' dir='ltr'>είρωνευόμενος</span> <span class='ocrx_word' id='word_1_310' title='bbox 3824 2160 3986 2215; x_wconf 85' lang='grc' dir='ltr'>τοῦτὸ</span> 
     </span>
    </p>
   </div>
   <div class='ocr_carea' id='block_1_51' title="bbox 2413 2279 2572 2333">
    <p class='ocr_par' dir='ltr' id='par_1_51' title="bbox 2413 2279 2572 2333">
     <span class='ocr_line' id='line_1_51' title="bbox 2413 2279 2572 2333; baseline 0.013 -18"><span class='ocrx_word' id='word_1_311' title='bbox 2413 2279 2572 2333; x_wconf 80' lang='grc' dir='ltr'>φησι.</span> 
     </span>
    </p>
   </div>
   <div class='ocr_carea' id='block_1_52' title="bbox 2481 2350 3008 2420">
    <p class='ocr_par' dir='ltr' id='par_1_52' title="bbox 2481 2350 3008 2420">
     <span class='ocr_line' id='line_1_52' title="bbox 2481 2350 3008 2420; baseline -0.008 -14"><span class='ocrx_word' id='word_1_312' title='bbox 2481 2353 2638 2406; x_wconf 77' lang='grc' dir='ltr'>Διότι</span> <span class='ocrx_word' id='word_1_313' title='bbox 2669 2353 2724 2406; x_wconf 90' lang='grc' dir='ltr'><strong>οί</strong></span> <span class='ocrx_word' id='word_1_314' title='bbox 2748 2350 3008 2420; x_wconf 64' lang='grc' dir='ltr'>ίσχιιροί.</span> 
     </span>
    </p>
   </div>
   <div class='ocr_carea' id='block_1_53' title="bbox 2483 2436 3989 2511">
    <p class='ocr_par' dir='ltr' id='par_1_53' title="bbox 2483 2436 3989 2511">
     <span class='ocr_line' id='line_1_53' title="bbox 2483 2436 3989 2511; baseline -0.005 -14"><span class='ocrx_word' id='word_1_315' title='bbox 2483 2443 2649 2511; x_wconf 86' lang='grc' dir='ltr'>Ὅρα,</span> <span class='ocrx_word' id='word_1_316' title='bbox 2676 2441 2888 2496; x_wconf 79' lang='grc' dir='ltr'>καὶτὸν</span> <span class='ocrx_word' id='word_1_317' title='bbox 2910 2439 3112 2510; x_wconf 83' lang='grc' dir='ltr'>τρόπον</span> <span class='ocrx_word' id='word_1_318' title='bbox 3155 2438 3306 2508; x_wconf 78' lang='grc' dir='ltr'>λέγει</span> <span class='ocrx_word' id='word_1_319' title='bbox 3355 2438 3451 2492; x_wconf 88' lang='grc' dir='ltr'><strong>τοῦ</strong></span> <span class='ocrx_word' id='word_1_320' title='bbox 3507 2437 3768 2508; x_wconf 78' lang='grc' dir='ltr'>πολέμου,</span> <span class='ocrx_word' id='word_1_321' title='bbox 3797 2436 3989 2509; x_wconf 81' lang='grc' dir='ltr'>ὥσπερ</span> 
     </span>
    </p>
   </div>
   <div class='ocr_carea' id='block_1_54' title="bbox 2409 2530 3331 2607">
    <p class='ocr_par' dir='ltr' id='par_1_54' title="bbox 2409 2530 3331 2607">
     <span class='ocr_line' id='line_1_54' title="bbox 2409 2530 3331 2607; baseline -0.004 -18"><span class='ocrx_word' id='word_1_322' title='bbox 2409 2535 2624 2607; x_wconf 82' lang='grc' dir='ltr'>παρὼν,</span> <span class='ocrx_word' id='word_1_323' title='bbox 2654 2534 2761 2588; x_wconf 92' lang='grc' dir='ltr'>τίνι</span> <span class='ocrx_word' id='word_1_324' title='bbox 2795 2533 2986 2604; x_wconf 81' lang='grc' dir='ltr'>τρόπῳ</span> <span class='ocrx_word' id='word_1_325' title='bbox 3007 2530 3331 2587; x_wconf 75' lang='grc' dir='ltr'>ἁλώσονται.</span> 
     </span>
    </p>
   </div>
   <div class='ocr_carea' id='block_1_55' title="bbox 2482 2623 2905 2696">
    <p class='ocr_par' dir='ltr' id='par_1_55' title="bbox 2482 2623 2905 2696">
     <span class='ocr_line' id='line_1_55' title="bbox 2482 2623 2905 2696; baseline -0.007 -15"><span class='ocrx_word' id='word_1_326' title='bbox 2482 2625 2580 2695; x_wconf 78' lang='grc' dir='ltr'><strong>Μὴ</strong></span> <span class='ocrx_word' id='word_1_327' title='bbox 2619 2623 2905 2696; x_wconf 73' lang='grc' dir='ltr'>φευγέτω.</span> 
     </span>
    </p>
   </div>
   <div class='ocr_carea' id='block_1_56' title="bbox 2483 2709 3987 2785">
    <p class='ocr_par' dir='ltr' id='par_1_56' title="bbox 2483 2709 3987 2785">
     <span class='ocr_line' id='line_1_56' title="bbox 2483 2709 3987 2785; baseline -0.003 -16"><span class='ocrx_word' id='word_1_328' title='bbox 2483 2714 2619 2769; x_wconf 84' lang='grc' dir='ltr'>Οὐτε</span> <span class='ocrx_word' id='word_1_329' title='bbox 2662 2715 2841 2768; x_wconf 82' lang='grc' dir='ltr'>ποδῶν</span> <span class='ocrx_word' id='word_1_330' title='bbox 2868 2713 3130 2785; x_wconf 84' lang='grc' dir='ltr'>ταχύτης,</span> <span class='ocrx_word' id='word_1_331' title='bbox 3164 2713 3289 2767; x_wconf 78' lang='grc' dir='ltr'>οὔτε</span> <span class='ocrx_word' id='word_1_332' title='bbox 3337 2710 3591 2783; x_wconf 81' lang='grc' dir='ltr'>σώματος</span> <span class='ocrx_word' id='word_1_333' title='bbox 3637 2713 3810 2782; x_wconf 83' lang='grc' dir='ltr'>ίσχύς,</span> <span class='ocrx_word' id='word_1_334' title='bbox 3860 2709 3987 2765; x_wconf 74' lang='grc' dir='ltr'>οὔτε</span> 
     </span>
    </p>
   </div>
   <div class='ocr_carea' id='block_1_57' title="bbox 2413 2797 3986 2873">
    <p class='ocr_par' dir='ltr' id='par_1_57' title="bbox 2413 2797 3986 2873">
     <span class='ocr_line' id='line_1_57' title="bbox 2413 2797 3986 2873; baseline -0.002 -14"><span class='ocrx_word' id='word_1_335' title='bbox 2413 2803 2542 2859; x_wconf 73' lang='grc' dir='ltr'>ἄλλο</span> <span class='ocrx_word' id='word_1_336' title='bbox 2597 2804 2754 2858; x_wconf 79' lang='grc' dir='ltr'>οὐδὲν</span> <span class='ocrx_word' id='word_1_337' title='bbox 2807 2802 3030 2872; x_wconf 77' lang='grc' dir='ltr'>ὠφελεῖ,</span> <span class='ocrx_word' id='word_1_338' title='bbox 3078 2801 3300 2856; x_wconf 80' lang='grc' dir='ltr'>πάντων</span> <span class='ocrx_word' id='word_1_339' title='bbox 3354 2800 3837 2871; x_wconf 75' lang='grc' dir='ltr'>περιϐεϐλημένων</span> <span class='ocrx_word' id='word_1_340' title='bbox 3872 2797 3986 2873; x_wconf 80' lang='grc' dir='ltr'>[ίσ.</span> 
     </span>
    </p>
   </div>
   <div class='ocr_carea' id='block_1_58' title="bbox 2412 2888 3989 2964">
    <p class='ocr_par' dir='ltr' id='par_1_58' title="bbox 2412 2888 3989 2964">
     <span class='ocr_line' id='line_1_58' title="bbox 2412 2888 3989 2964; baseline -0.004 -16"><span class='ocrx_word' id='word_1_341' title='bbox 2412 2890 2927 2964; x_wconf 74' lang='grc' dir='ltr'>ἀποϐεϐλημένων],</span> <span class='ocrx_word' id='word_1_342' title='bbox 2963 2893 3013 2945; x_wconf 86' lang='grc' dir='ltr'><strong>εί</strong></span> <span class='ocrx_word' id='word_1_343' title='bbox 3065 2892 3142 2962; x_wconf 79' lang='grc' dir='ltr'>μὴ</span> <span class='ocrx_word' id='word_1_344' title='bbox 3174 2891 3449 2962; x_wconf 82' lang='grc' dir='ltr'>πάρεστιν</span> <span class='ocrx_word' id='word_1_345' title='bbox 3472 2892 3506 2960; x_wconf 73' lang='grc' dir='ltr'><strong>ἡ</strong></span> <span class='ocrx_word' id='word_1_346' title='bbox 3536 2889 3631 2944; x_wconf 90' lang='grc' dir='ltr'><strong>τοῦ</strong></span> <span class='ocrx_word' id='word_1_347' title='bbox 3658 2888 3798 2943; x_wconf 86' lang='grc' dir='ltr'>Θεοῦ</span> <span class='ocrx_word' id='word_1_348' title='bbox 3855 2889 3989 2962; x_wconf 79' lang='grc' dir='ltr'><strong>βοή-</strong></span> 
     </span>
    </p>
   </div>
   <div class='ocr_carea' id='block_1_59' title="bbox 2412 2985 2555 3040">
    <p class='ocr_par' dir='ltr' id='par_1_59' title="bbox 2412 2985 2555 3040">
     <span class='ocr_line' id='line_1_59' title="bbox 2412 2985 2555 3040; baseline 0.014 -2"><span class='ocrx_word' id='word_1_349' title='bbox 2412 2985 2555 3040; x_wconf 86' lang='grc' dir='ltr'>θεια.</span> 
     </span>
    </p>
   </div>
   <div class='ocr_carea' id='block_1_60' title="bbox 2488 3068 3196 3143">
    <p class='ocr_par' dir='ltr' id='par_1_60' title="bbox 2488 3068 3196 3143">
     <span class='ocr_line' id='line_1_60' title="bbox 2488 3068 3196 3143; baseline -0.003 -14"><span class='ocrx_word' id='word_1_350' title='bbox 2488 3076 2582 3140; x_wconf 84' lang='grc' dir='ltr'>Τίς</span> <span class='ocrx_word' id='word_1_351' title='bbox 2598 3068 2777 3140; x_wconf 83' lang='grc' dir='ltr'>οὗτος</span> <span class='ocrx_word' id='word_1_352' title='bbox 2804 3073 2885 3139; x_wconf 86' lang='grc' dir='ltr'><strong>ὡς</strong></span> <span class='ocrx_word' id='word_1_353' title='bbox 2908 3075 3196 3143; x_wconf 81' lang='grc' dir='ltr'>ποταμός.</span> 
     </span>
    </p>
   </div>
   <div class='ocr_carea' id='block_1_61' title="bbox 2483 3163 3993 3237">
    <p class='ocr_par' dir='ltr' id='par_1_61' title="bbox 2483 3163 3993 3237">
     <span class='ocr_line' id='line_1_61' title="bbox 2483 3163 3993 3237; baseline -0.003 -16"><span class='ocrx_word' id='word_1_354' title='bbox 2483 3167 2558 3221; x_wconf 88' lang='grc' dir='ltr'>Οὐ</span> <span class='ocrx_word' id='word_1_355' title='bbox 2586 3166 2674 3220; x_wconf 73' lang='grc' dir='ltr'><strong>διὰ</strong></span> <span class='ocrx_word' id='word_1_356' title='bbox 2715 3167 2776 3218; x_wconf 88' lang='grc' dir='ltr'><strong>τδ</strong></span> <span class='ocrx_word' id='word_1_357' title='bbox 2812 3165 3042 3237; x_wconf 85' lang='grc' dir='ltr'>μέγεθος</span> <span class='ocrx_word' id='word_1_358' title='bbox 3086 3166 3179 3218; x_wconf 77' lang='grc' dir='ltr'>καὶ</span> <span class='ocrx_word' id='word_1_359' title='bbox 3231 3164 3396 3236; x_wconf 85' lang='grc' dir='ltr'>μόνον</span> <span class='ocrx_word' id='word_1_360' title='bbox 3447 3164 3630 3218; x_wconf 82' lang='grc' dir='ltr'>αὐτῶν</span> <span class='ocrx_word' id='word_1_361' title='bbox 3667 3164 3748 3235; x_wconf 85' lang='grc' dir='ltr'><strong>τῷ</strong></span> <span class='ocrx_word' id='word_1_362' title='bbox 3807 3163 3993 3234; x_wconf 69' lang='grc' dir='ltr'>Νείλῳ</span> 
     </span>
    </p>
   </div>
   <div class='ocr_carea' id='block_1_62' title="bbox 734 3255 2403 3332">
    <p class='ocr_par' dir='ltr' id='par_1_62' title="bbox 734 3255 2380 3332">
     <span class='ocr_line' id='line_1_62' title="bbox 734 3255 2380 3332; baseline 0.004 -21"><span class='ocrx_word' id='word_1_363' title='bbox 734 3255 857 3312; x_wconf 78' lang='lat' dir='ltr'><strong>Nilo</strong></span> <span class='ocrx_word' id='word_1_364' title='bbox 884 3268 1182 3329; x_wconf 86' lang='lat' dir='ltr'><strong>comparat,</strong></span> <span class='ocrx_word' id='word_1_365' title='bbox 1226 3261 1319 3316; x_wconf 87' lang='lat' dir='ltr'><strong>sed</strong></span> <span class='ocrx_word' id='word_1_366' title='bbox 1354 3261 1521 3316; x_wconf 89' lang='lat' dir='ltr'><strong>etiam</strong></span> <span class='ocrx_word' id='word_1_367' title='bbox 1568 3263 1709 3332; x_wconf 89' lang='lat' dir='ltr'><strong>quod</strong></span> <span class='ocrx_word' id='word_1_368' title='bbox 1761 3263 1967 3318; x_wconf 86' lang='lat' dir='ltr'><strong>scirent</strong></span> <span class='ocrx_word' id='word_1_369' title='bbox 1997 3262 2219 3326; x_wconf 74' lang='lat' dir='ltr'><strong>nomen.</strong></span> <span class='ocrx_word' id='word_1_370' title='bbox 2250 3275 2308 3320; x_wconf 88' lang='lat' dir='ltr'><strong>et</strong></span> <span class='ocrx_word' id='word_1_371' title='bbox 2341 3255 2380 3265; x_wconf 57' lang='grc'>⁷</span> 
     </span>
    </p>
   </div>
   <div class='ocr_carea' id='block_1_63' title="bbox 2323 3255 3992 3332">
    <p class='ocr_par' dir='ltr' id='par_1_63' title="bbox 2341 3255 3992 3332">
     <span class='ocr_line' id='line_1_63' title="bbox 2341 3255 3992 3332; baseline -0.002 -18"><span class='ocrx_word' id='word_1_372' title='bbox 2341 3255 2380 3265; x_wconf 59' lang='grc'>⁷</span> <span class='ocrx_word' id='word_1_373' title='bbox 2413 3258 2782 3332; x_wconf 78' lang='grc' dir='ltr'>παραϐάλλει,</span> <span class='ocrx_word' id='word_1_374' title='bbox 2817 3258 2954 3312; x_wconf 65' lang='grc' dir='ltr'>ἀλλὰ</span> <span class='ocrx_word' id='word_1_375' title='bbox 2991 3259 3086 3311; x_wconf 78' lang='grc' dir='ltr'>καὶ</span> <span class='ocrx_word' id='word_1_376' title='bbox 3111 3258 3202 3312; x_wconf 83' lang='grc' dir='ltr'><strong>διά</strong></span> <span class='ocrx_word' id='word_1_377' title='bbox 3227 3257 3290 3311; x_wconf 84' lang='grc' dir='ltr'><strong>τδ</strong></span> <span class='ocrx_word' id='word_1_378' title='bbox 3319 3258 3518 3312; x_wconf 72' lang='grc' dir='ltr'>εἰδέναι</span> <span class='ocrx_word' id='word_1_379' title='bbox 3539 3258 3740 3321; x_wconf 67' lang='grc' dir='ltr'>αὐτοὺς</span> <span class='ocrx_word' id='word_1_380' title='bbox 3769 3256 3861 3310; x_wconf 75' lang='grc' dir='ltr'><strong>τὸν</strong></span> <span class='ocrx_word' id='word_1_381' title='bbox 3894 3273 3992 3310; x_wconf 85' lang='grc' dir='ltr'>πο-</span> 
     </span>
    </p>
   </div>
   <div class='ocr_carea' id='block_1_64' title="bbox 735 3349 2308 3416">
    <p class='ocr_par' dir='ltr' id='par_1_64' title="bbox 735 3349 2308 3416">
     <span class='ocr_line' id='line_1_64' title="bbox 735 3349 2308 3416; baseline 0.003 -11"><span class='ocrx_word' id='word_1_382' title='bbox 735 3349 1072 3405; x_wconf 89' lang='lat' dir='ltr'><strong>subitaneum</strong></span> <span class='ocrx_word' id='word_1_383' title='bbox 1120 3350 1241 3416; x_wconf 81' lang='lat' dir='ltr'><strong>ejus</strong></span> <span class='ocrx_word' id='word_1_384' title='bbox 1286 3351 1716 3415; x_wconf 87' lang='lat' dir='ltr'><strong>incrementum;</strong></span> <span class='ocrx_word' id='word_1_385' title='bbox 1766 3362 1821 3407; x_wconf 92' lang='lat' dir='ltr'><strong>et</strong></span> <span class='ocrx_word' id='word_1_386' title='bbox 1867 3353 2104 3407; x_wconf 87' lang='lat' dir='ltr'><strong>ostendit</strong></span> <span class='ocrx_word' id='word_1_387' title='bbox 2131 3368 2160 3407; x_wconf 93' lang='lat' dir='ltr'><strong>a</strong></span> <span class='ocrx_word' id='word_1_388' title='bbox 2198 3355 2308 3410; x_wconf 87' lang='lat' dir='ltr'><strong>Deo</strong></span> 
     </span>
    </p>
   </div>
   <div class='ocr_carea' id='block_1_65' title="bbox 733 3439 2309 3514">
    <p class='ocr_par' dir='ltr' id='par_1_65' title="bbox 733 3439 2309 3514">
     <span class='ocr_line' id='line_1_65' title="bbox 733 3439 2309 3514; baseline 0.006 -21"><span class='ocrx_word' id='word_1_389' title='bbox 733 3450 1108 3510; x_wconf 91' lang='lat' dir='ltr'><strong>comparatum</strong></span> <span class='ocrx_word' id='word_1_390' title='bbox 1133 3439 1362 3508; x_wconf 81' lang='lat' dir='ltr'><strong>bellum;</strong></span> <span class='ocrx_word' id='word_1_391' title='bbox 1401 3457 1525 3496; x_wconf 87' lang='lat' dir='ltr'><strong>nam</strong></span> <span class='ocrx_word' id='word_1_392' title='bbox 1549 3454 1606 3498; x_wconf 88' lang='lat' dir='ltr'><strong>et</strong></span> <span class='ocrx_word' id='word_1_393' title='bbox 1632 3441 1827 3499; x_wconf 83' lang='lat' dir='ltr'><strong>ﬂuvius</strong></span> <span class='ocrx_word' id='word_1_394' title='bbox 1860 3443 2122 3500; x_wconf 84' lang='lat' dir='ltr'><strong>divinitus</strong></span> <span class='ocrx_word' id='word_1_395' title='bbox 2147 3459 2309 3514; x_wconf 75' lang='lat' dir='ltr'><strong>auge-</strong></span> 
     </span>
    </p>
   </div>
   <div class='ocr_carea' id='block_1_66' title="bbox 740 3541 847 3585">
    <p class='ocr_par' dir='ltr' id='par_1_66' title="bbox 740 3541 847 3585">
     <span class='ocr_line' id='line_1_66' title="bbox 740 3541 847 3585; baseline 0.028 -3"><span class='ocrx_word' id='word_1_396' title='bbox 740 3541 847 3585; x_wconf 80' lang='lat' dir='ltr'><strong>Illl&#39;.</strong></span> 
     </span>
    </p>
   </div>
   <div class='ocr_carea' id='block_1_67' title="bbox 808 3621 1547 3680">
    <p class='ocr_par' dir='ltr' id='par_1_67' title="bbox 808 3621 1547 3680">
     <span class='ocr_line' id='line_1_67' title="bbox 808 3621 1547 3680; baseline 0.005 -6"><span class='ocrx_word' id='word_1_397' title='bbox 808 3622 968 3676; x_wconf 68' lang='lat' dir='ltr'><strong>Vens.</strong></span> <span class='ocrx_word' id='word_1_398' title='bbox 1004 3622 1092 3679; x_wconf 77' lang='grc'><strong>10.</strong></span> <span class='ocrx_word' id='word_1_399' title='bbox 1128 3621 1356 3680; x_wconf 77' lang='lat' dir='ltr'><strong>Victima</strong></span> <span class='ocrx_word' id='word_1_400' title='bbox 1387 3625 1547 3680; x_wconf 83' lang='lat' dir='ltr'><strong>cnint.</strong></span> 
     </span>
    </p>
   </div>
   <div class='ocr_carea' id='block_1_68' title="bbox 803 3713 2307 3785">
    <p class='ocr_par' dir='ltr' id='par_1_68' title="bbox 803 3713 2307 3785">
     <span class='ocr_line' id='line_1_68' title="bbox 803 3713 2307 3785; baseline 0.001 -15"><span class='ocrx_word' id='word_1_401' title='bbox 803 3713 873 3770; x_wconf 88' lang='lat' dir='ltr'><strong>Ut</strong></span> <span class='ocrx_word' id='word_1_402' title='bbox 905 3715 1222 3771; x_wconf 85' lang='lat' dir='ltr'><strong>ostenderet</strong></span> <span class='ocrx_word' id='word_1_403' title='bbox 1261 3731 1426 3784; x_wconf 89' lang='lat' dir='ltr'><strong>quam</strong></span> <span class='ocrx_word' id='word_1_404' title='bbox 1469 3716 1578 3771; x_wconf 89' lang='lat' dir='ltr'><strong>Deo</strong></span> <span class='ocrx_word' id='word_1_405' title='bbox 1606 3723 1818 3785; x_wconf 75' lang='lat' dir='ltr'><strong>gratum</strong></span> <span class='ocrx_word' id='word_1_406' title='bbox 1849 3726 1995 3772; x_wconf 85' lang='lat' dir='ltr'><strong>esset</strong></span> <span class='ocrx_word' id='word_1_407' title='bbox 2022 3718 2145 3783; x_wconf 91' lang='lat' dir='ltr'><strong>hoc,</strong></span> <span class='ocrx_word' id='word_1_408' title='bbox 2173 3717 2307 3772; x_wconf 82' lang='lat' dir='ltr'><strong>nihil</strong></span> 
     </span>
    </p>
   </div>
   <div class='ocr_carea' id='block_1_69' title="bbox 737 3807 2310 3881">
    <p class='ocr_par' dir='ltr' id='par_1_69' title="bbox 737 3807 2310 3881">
     <span class='ocr_line' id='line_1_69' title="bbox 737 3807 2310 3881; baseline 0.002 -20"><span class='ocrx_word' id='word_1_409' title='bbox 737 3807 1046 3862; x_wconf 85' lang='lat' dir='ltr'><strong>humanitus</strong></span> <span class='ocrx_word' id='word_1_410' title='bbox 1071 3808 1147 3863; x_wconf 84' lang='lat' dir='ltr'><strong>ilt.</strong></span> <span class='ocrx_word' id='word_1_411' title='bbox 1179 3807 1434 3877; x_wconf 81' lang='lat' dir='ltr'><strong>Alioquin</strong></span> <span class='ocrx_word' id='word_1_412' title='bbox 1471 3808 1820 3879; x_wconf 74' lang='lat' dir='ltr'><strong>accingimini</strong></span> <span class='ocrx_word' id='word_1_413' title='bbox 1856 3823 1949 3864; x_wconf 79' lang='lat' dir='ltr'><strong>vos</strong></span> <span class='ocrx_word' id='word_1_414' title='bbox 1987 3827 2002 3863; x_wconf 90' lang='lat'><strong>:</strong></span> <span class='ocrx_word' id='word_1_415' title='bbox 2047 3825 2151 3864; x_wconf 92' lang='lat' dir='ltr'><strong>non</strong></span> <span class='ocrx_word' id='word_1_416' title='bbox 2183 3826 2310 3881; x_wconf 88' lang='lat' dir='ltr'><strong>pro-</strong></span> 
     </span>
    </p>
   </div>
   <div class='ocr_carea' id='block_1_70' title="bbox 737 3897 2309 3963">
    <p class='ocr_par' dir='ltr' id='par_1_70' title="bbox 737 3897 2309 3963">
     <span class='ocr_line' id='line_1_70' title="bbox 737 3897 2309 3963; baseline 0.001 -11"><span class='ocrx_word' id='word_1_417' title='bbox 737 3899 926 3963; x_wconf 87' lang='lat' dir='ltr'><strong>bibeo;</strong></span> <span class='ocrx_word' id='word_1_418' title='bbox 960 3905 1017 3952; x_wconf 88' lang='lat' dir='ltr'><strong>ut</strong></span> <span class='ocrx_word' id='word_1_419' title='bbox 1064 3897 1324 3954; x_wconf 83' lang='lat' dir='ltr'><strong>noveritis</strong></span> <span class='ocrx_word' id='word_1_420' title='bbox 1353 3897 1557 3954; x_wconf 78' lang='lat' dir='ltr'><strong>[rustra</strong></span> <span class='ocrx_word' id='word_1_421' title='bbox 1608 3912 1730 3956; x_wconf 84' lang='lat' dir='ltr'><strong>esse</strong></span> <span class='ocrx_word' id='word_1_422' title='bbox 1786 3900 1899 3955; x_wconf 86' lang='lat' dir='ltr'><strong>Deo</strong></span> <span class='ocrx_word' id='word_1_423' title='bbox 1939 3901 2140 3956; x_wconf 90' lang='lat' dir='ltr'><strong>bellum</strong></span> <span class='ocrx_word' id='word_1_424' title='bbox 2170 3901 2309 3955; x_wconf 87' lang='lat' dir='ltr'><strong>indi-</strong></span> 
     </span>
    </p>
   </div>
   <div class='ocr_carea' id='block_1_71' title="bbox 735 4003 883 4042">
    <p class='ocr_par' dir='ltr' id='par_1_71' title="bbox 735 4003 883 4042">
     <span class='ocr_line' id='line_1_71' title="bbox 735 4003 883 4042; baseline -0.007 -1"><span class='ocrx_word' id='word_1_425' title='bbox 735 4003 883 4042; x_wconf 88' lang='lat' dir='ltr'><strong>cere.</strong></span> 
     </span>
    </p>
   </div>
   <div class='ocr_carea' id='block_1_72' title="bbox 809 4075 2310 4152">
    <p class='ocr_par' dir='ltr' id='par_1_72' title="bbox 809 4075 2310 4152">
     <span class='ocr_line' id='line_1_72' title="bbox 809 4075 2310 4152; baseline 0.002 -19"><span class='ocrx_word' id='word_1_426' title='bbox 809 4075 972 4133; x_wconf 70' lang='lat' dir='ltr'><strong>Vnus.</strong></span> <span class='ocrx_word' id='word_1_427' title='bbox 1014 4079 1097 4133; x_wconf 79' lang='lat' dir='ltr'><strong>Il.</strong></span> <span class='ocrx_word' id='word_1_428' title='bbox 1127 4079 1360 4135; x_wconf 76' lang='lat' dir='ltr'><strong>Ascendc</strong></span> <span class='ocrx_word' id='word_1_429' title='bbox 1383 4079 1610 4145; x_wconf 84' lang='lat' dir='ltr'><strong>Galaad,</strong></span> <span class='ocrx_word' id='word_1_430' title='bbox 1637 4090 1683 4134; x_wconf 82' lang='lat' dir='ltr'><strong>et</strong></span> <span class='ocrx_word' id='word_1_431' title='bbox 1701 4097 1845 4135; x_wconf 80' lang='lat' dir='ltr'><strong>sume</strong></span> <span class='ocrx_word' id='word_1_432' title='bbox 1867 4081 2092 4134; x_wconf 78' lang='lat' dir='ltr'><strong>resinam</strong></span> <span class='ocrx_word' id='word_1_433' title='bbox 2118 4082 2310 4152; x_wconf 67' lang='lat' dir='ltr'><strong>virgini</strong></span> 
     </span>
    </p>
   </div>
   <div class='ocr_carea' id='block_1_73' title="bbox 731 4169 2308 4242">
    <p class='ocr_par' dir='ltr' id='par_1_73' title="bbox 731 4169 2308 4242">
     <span class='ocr_line' id='line_1_73' title="bbox 731 4169 2308 4242; baseline 0.004 -20"><span class='ocrx_word' id='word_1_434' title='bbox 731 4171 861 4241; x_wconf 69' lang='lat' dir='ltr'><strong>ﬁlia:</strong></span> <span class='ocrx_word' id='word_1_435' title='bbox 896 4169 1135 4241; x_wconf 64' lang='lat' dir='ltr'><strong>.Egypti.</strong></span> <span class='ocrx_word' id='word_1_436' title='bbox 1189 4169 1259 4226; x_wconf 87' lang='lat' dir='ltr'><strong>In</strong></span> <span class='ocrx_word' id='word_1_437' title='bbox 1305 4189 1493 4227; x_wconf 73' lang='lat' dir='ltr'><strong>uanum</strong></span> <span class='ocrx_word' id='word_1_438' title='bbox 1555 4173 1917 4242; x_wconf 64' lang='lat' dir='ltr'><strong>multiplicati</strong></span> <span class='ocrx_word' id='word_1_439' title='bbox 1960 4174 2308 4229; x_wconf 76' lang='lat' dir='ltr'><strong>medicamina</strong></span> 
     </span>
    </p>
   </div>
   <div class='ocr_carea' id='block_1_74' title="bbox 735 4259 1534 4320">
    <p class='ocr_par' dir='ltr' id='par_1_74' title="bbox 735 4259 1534 4320">
     <span class='ocr_line' id='line_1_74' title="bbox 735 4259 1534 4320; baseline 0.004 -4"><span class='ocrx_word' id='word_1_440' title='bbox 735 4278 852 4318; x_wconf 83' lang='lat' dir='ltr'><strong>tua.</strong></span> <span class='ocrx_word' id='word_1_441' title='bbox 894 4259 1112 4317; x_wconf 83' lang='lat' dir='ltr'><strong>Utilitas</strong></span> <span class='ocrx_word' id='word_1_442' title='bbox 1141 4279 1243 4316; x_wconf 88' lang='lat' dir='ltr'><strong>non</strong></span> <span class='ocrx_word' id='word_1_443' title='bbox 1279 4273 1351 4317; x_wconf 83' lang='lat' dir='ltr'><strong>est</strong></span> <span class='ocrx_word' id='word_1_444' title='bbox 1383 4264 1440 4317; x_wconf 90' lang='lat' dir='ltr'><strong>in</strong></span> <span class='ocrx_word' id='word_1_445' title='bbox 1464 4273 1534 4320; x_wconf 74' lang='grc' dir='ltr'><strong>ιε.</strong></span> 
     </span>
    </p>
   </div>
   <div class='ocr_carea' id='block_1_75' title="bbox 810 4352 2303 4427">
    <p class='ocr_par' dir='ltr' id='par_1_75' title="bbox 810 4352 2303 4427">
     <span class='ocr_line' id='line_1_75' title="bbox 810 4352 2303 4427; baseline 0.006 -21"><span class='ocrx_word' id='word_1_446' title='bbox 810 4352 923 4407; x_wconf 87' lang='lat' dir='ltr'><strong>Hoc</strong></span> <span class='ocrx_word' id='word_1_447' title='bbox 949 4361 1049 4415; x_wconf 86' lang='lat' dir='ltr'><strong>est,</strong></span> <span class='ocrx_word' id='word_1_448' title='bbox 1078 4361 1136 4406; x_wconf 89' lang='lat' dir='ltr'><strong>et</strong></span> <span class='ocrx_word' id='word_1_449' title='bbox 1167 4362 1220 4405; x_wconf 93' lang='lat' dir='ltr'><strong>tu</strong></span> <span class='ocrx_word' id='word_1_450' title='bbox 1258 4368 1362 4406; x_wconf 90' lang='lat' dir='ltr'><strong>una</strong></span> <span class='ocrx_word' id='word_1_451' title='bbox 1396 4369 1520 4407; x_wconf 91' lang='lat' dir='ltr'><strong>cum</strong></span> <span class='ocrx_word' id='word_1_452' title='bbox 1551 4353 1772 4425; x_wconf 80' lang='lat' dir='ltr'><strong>reliquis</strong></span> <span class='ocrx_word' id='word_1_453' title='bbox 1810 4372 1966 4427; x_wconf 90' lang='lat' dir='ltr'><strong>opem</strong></span> <span class='ocrx_word' id='word_1_454' title='bbox 2019 4358 2161 4414; x_wconf 74' lang='lat' dir='ltr'><strong>feres</strong></span> <span class='ocrx_word' id='word_1_455' title='bbox 2206 4360 2303 4415; x_wconf 90' lang='lat' dir='ltr'><strong>illi.</strong></span> 
     </span>
    </p>
   </div>
   <div class='ocr_carea' id='block_1_76' title="bbox 736 4442 2283 4516">
    <p class='ocr_par' dir='ltr' id='par_1_76' title="bbox 736 4442 2283 4516">
     <span class='ocr_line' id='line_1_76' title="bbox 736 4442 2283 4516; baseline 0.004 -16"><span class='ocrx_word' id='word_1_456' title='bbox 736 4445 940 4500; x_wconf 81' lang='lat' dir='ltr'><strong>Galaad</strong></span> <span class='ocrx_word' id='word_1_457' title='bbox 965 4443 1110 4498; x_wconf 91' lang='lat' dir='ltr'><strong>enim</strong></span> <span class='ocrx_word' id='word_1_458' title='bbox 1143 4442 1420 4500; x_wconf 80' lang='lat' dir='ltr'><strong>lsraelitas</strong></span> <span class='ocrx_word' id='word_1_459' title='bbox 1457 4456 1754 4516; x_wconf 87' lang='lat' dir='ltr'><strong>nuncupat,</strong></span> <span class='ocrx_word' id='word_1_460' title='bbox 1787 4463 1851 4502; x_wconf 89' lang='lat' dir='ltr'><strong>ex</strong></span> <span class='ocrx_word' id='word_1_461' title='bbox 1898 4449 2017 4504; x_wconf 88' lang='lat' dir='ltr'><strong>loco</strong></span> <span class='ocrx_word' id='word_1_462' title='bbox 2065 4451 2283 4506; x_wconf 74' lang='lat' dir='ltr'><strong>noiniue</strong></span> 
     </span>
    </p>
   </div>
   <div class='ocr_carea' id='block_1_77' title="bbox 2410 3345 3992 3418">
    <p class='ocr_par' dir='ltr' id='par_1_77' title="bbox 2410 3345 3992 3418">
     <span class='ocr_line' id='line_1_77' title="bbox 2410 3345 3992 3418; baseline -0.003 -16"><span class='ocrx_word' id='word_1_463' title='bbox 2410 3347 2607 3418; x_wconf 80' lang='grc' dir='ltr'>ταμὸν,</span> <span class='ocrx_word' id='word_1_464' title='bbox 2636 3349 2734 3403; x_wconf 78' lang='grc' dir='ltr'>καὶ</span> <span class='ocrx_word' id='word_1_465' title='bbox 2779 3346 2878 3418; x_wconf 82' lang='grc' dir='ltr'>τὴν</span> <span class='ocrx_word' id='word_1_466' title='bbox 2920 3346 3129 3416; x_wconf 79' lang='grc' dir='ltr'>ἁθρόαν</span> <span class='ocrx_word' id='word_1_467' title='bbox 3185 3347 3371 3418; x_wconf 75' lang='grc' dir='ltr'>ὁρμήν</span> <span class='ocrx_word' id='word_1_468' title='bbox 3399 3361 3414 3376; x_wconf 83' lang='lat'>&#39;</span> <span class='ocrx_word' id='word_1_469' title='bbox 3469 3347 3563 3400; x_wconf 74' lang='grc' dir='ltr'>καὶ</span> <span class='ocrx_word' id='word_1_470' title='bbox 3607 3345 3842 3412; x_wconf 78' lang='grc' dir='ltr'>δεικνὺς,</span> <span class='ocrx_word' id='word_1_471' title='bbox 3903 3346 3992 3406; x_wconf 72' lang='grc' dir='ltr'>ὅτι</span> 
     </span>
    </p>
   </div>
   <div class='ocr_carea' id='block_1_78' title="bbox 2412 3436 3994 3512">
    <p class='ocr_par' dir='ltr' id='par_1_78' title="bbox 2412 3436 3994 3512">
     <span class='ocr_line' id='line_1_78' title="bbox 2412 3436 3994 3512; baseline -0.001 -18"><span class='ocrx_word' id='word_1_472' title='bbox 2412 3443 2563 3512; x_wconf 62' lang='grc' dir='ltr'>παρὰ</span> <span class='ocrx_word' id='word_1_473' title='bbox 2591 3441 2686 3495; x_wconf 80' lang='grc' dir='ltr'><strong>τοῦ</strong></span> <span class='ocrx_word' id='word_1_474' title='bbox 2715 3439 2852 3494; x_wconf 83' lang='grc' dir='ltr'>Θεοῦ</span> <span class='ocrx_word' id='word_1_475' title='bbox 2879 3440 2912 3510; x_wconf 86' lang='grc' dir='ltr'><strong>ἡ</strong></span> <span class='ocrx_word' id='word_1_476' title='bbox 2942 3438 3247 3512; x_wconf 85' lang='grc' dir='ltr'>στρατηγία</span> <span class='ocrx_word' id='word_1_477' title='bbox 3273 3455 3288 3471; x_wconf 89' lang='grc'>·</span> <span class='ocrx_word' id='word_1_478' title='bbox 3329 3440 3426 3494; x_wconf 84' lang='grc' dir='ltr'>καὶ</span> <span class='ocrx_word' id='word_1_479' title='bbox 3476 3439 3587 3510; x_wconf 77' lang='grc' dir='ltr'><strong>γάρ</strong></span> <span class='ocrx_word' id='word_1_480' title='bbox 3637 3441 3850 3504; x_wconf 65' lang='lat' dir='ltr'><strong>tutuo;</strong></span> <span class='ocrx_word' id='word_1_481' title='bbox 3883 3436 3994 3493; x_wconf 68' lang='grc' dir='ltr'><strong>ὑπὸ</strong></span> 
     </span>
    </p>
   </div>
   <div class='ocr_carea' id='block_1_79' title="bbox 2409 3532 2767 3598">
    <p class='ocr_par' dir='ltr' id='par_1_79' title="bbox 2409 3532 2767 3598">
     <span class='ocr_line' id='line_1_79' title="bbox 2409 3532 2767 3598; baseline 0 -12"><span class='ocrx_word' id='word_1_482' title='bbox 2409 3533 2548 3587; x_wconf 84' lang='grc' dir='ltr'>Θεοῦ</span> <span class='ocrx_word' id='word_1_483' title='bbox 2586 3532 2767 3598; x_wconf 79' lang='grc' dir='ltr'>αὔξει.</span> 
     </span>
    </p>
   </div>
   <div class='ocr_carea' id='block_1_80' title="bbox 2480 3624 2840 3680">
    <p class='ocr_par' dir='ltr' id='par_1_80' title="bbox 2480 3624 2840 3680">
     <span class='ocr_line' id='line_1_80' title="bbox 2480 3624 2840 3680; baseline 0 -4"><span class='ocrx_word' id='word_1_484' title='bbox 2480 3625 2611 3678; x_wconf 76' lang='grc' dir='ltr'>Ὀτι</span> <span class='ocrx_word' id='word_1_485' title='bbox 2635 3624 2840 3680; x_wconf 81' lang='grc' dir='ltr'>θυσία.</span> 
     </span>
    </p>
   </div>
   <div class='ocr_carea' id='block_1_81' title="bbox 2481 3712 3980 3788">
    <p class='ocr_par' dir='ltr' id='par_1_81' title="bbox 2481 3712 3980 3788">
     <span class='ocr_line' id='line_1_81' title="bbox 2481 3712 3980 3788; baseline -0.003 -19"><span class='ocrx_word' id='word_1_486' title='bbox 2481 3717 2603 3770; x_wconf 85' lang='grc' dir='ltr'>Ἵνα</span> <span class='ocrx_word' id='word_1_487' title='bbox 2631 3715 2804 3788; x_wconf 79' lang='grc' dir='ltr'>δείξῃ,</span> <span class='ocrx_word' id='word_1_488' title='bbox 2840 3716 2958 3780; x_wconf 84' lang='grc' dir='ltr'><strong>πῶς</strong></span> <span class='ocrx_word' id='word_1_489' title='bbox 2982 3714 3272 3786; x_wconf 77' lang='grc' dir='ltr'>εὐφραίνει</span> <span class='ocrx_word' id='word_1_490' title='bbox 3300 3713 3392 3768; x_wconf 78' lang='grc' dir='ltr'><strong>τὸν</strong></span> <span class='ocrx_word' id='word_1_491' title='bbox 3418 3712 3553 3766; x_wconf 81' lang='grc' dir='ltr'>Θεὸν</span> <span class='ocrx_word' id='word_1_492' title='bbox 3609 3712 3672 3766; x_wconf 60' lang='lat' dir='ltr'><strong>cs</strong></span> <span class='ocrx_word' id='word_1_493' title='bbox 3719 3713 3980 3786; x_wconf 80' lang='grc' dir='ltr'>πρᾶγμα,</span> 
     </span>
    </p>
   </div>
   <div class='ocr_carea' id='block_1_82' title="bbox 2410 3802 3990 3876">
    <p class='ocr_par' dir='ltr' id='par_1_82' title="bbox 2410 3802 3990 3876">
     <span class='ocr_line' id='line_1_82' title="bbox 2410 3802 3990 3876; baseline -0.001 -15"><span class='ocrx_word' id='word_1_494' title='bbox 2410 3807 2563 3861; x_wconf 78' lang='grc' dir='ltr'>οὐδὲν</span> <span class='ocrx_word' id='word_1_495' title='bbox 2611 3805 2958 3876; x_wconf 79' lang='grc' dir='ltr'>ἀνθρώπινον</span> <span class='ocrx_word' id='word_1_496' title='bbox 3004 3806 3282 3876; x_wconf 88' lang='grc' dir='ltr'>γίγνεται.</span> <span class='ocrx_word' id='word_1_497' title='bbox 3307 3805 3467 3859; x_wconf 81' lang='grc' dir='ltr'>Ἐπεὶ</span> <span class='ocrx_word' id='word_1_498' title='bbox 3501 3802 3990 3875; x_wconf 76' lang='grc' dir='ltr'>παρασκευάζεσθε</span> 
     </span>
    </p>
   </div>
   <div class='ocr_carea' id='block_1_83' title="bbox 2411 3896 3988 3970">
    <p class='ocr_par' dir='ltr' id='par_1_83' title="bbox 2411 3896 3988 3970">
     <span class='ocr_line' id='line_1_83' title="bbox 2411 3896 3988 3970; baseline 0.001 -20"><span class='ocrx_word' id='word_1_499' title='bbox 2411 3897 2590 3967; x_wconf 68' lang='grc' dir='ltr'>ὑμεῖς,</span> <span class='ocrx_word' id='word_1_500' title='bbox 2610 3897 2764 3952; x_wconf 73' lang='grc' dir='ltr'>οὐδὲν</span> <span class='ocrx_word' id='word_1_501' title='bbox 2792 3898 3011 3965; x_wconf 79' lang='grc' dir='ltr'>κωλύω,</span> <span class='ocrx_word' id='word_1_502' title='bbox 3041 3899 3129 3952; x_wconf 86' lang='grc' dir='ltr'><strong>ίνα</strong></span> <span class='ocrx_word' id='word_1_503' title='bbox 3163 3897 3398 3970; x_wconf 81' lang='grc' dir='ltr'>μάθητε,</span> <span class='ocrx_word' id='word_1_504' title='bbox 3449 3896 3514 3950; x_wconf 80' lang='grc' dir='ltr'>τὸ</span> <span class='ocrx_word' id='word_1_505' title='bbox 3570 3897 3678 3969; x_wconf 84' lang='grc' dir='ltr'>πρὸ</span> <span class='ocrx_word' id='word_1_506' title='bbox 3725 3897 3822 3952; x_wconf 83' lang='grc' dir='ltr'>τὸν</span> <span class='ocrx_word' id='word_1_507' title='bbox 3850 3896 3988 3951; x_wconf 79' lang='grc' dir='ltr'>Θεδν</span> 
     </span>
    </p>
   </div>
   <div class='ocr_carea' id='block_1_84' title="bbox 2412 3989 2978 4060">
    <p class='ocr_par' dir='ltr' id='par_1_84' title="bbox 2412 3989 2978 4060">
     <span class='ocr_line' id='line_1_84' title="bbox 2412 3989 2978 4060; baseline 0.002 -17"><span class='ocrx_word' id='word_1_508' title='bbox 2412 3989 2541 4043; x_wconf 86' lang='grc' dir='ltr'>πολε</span> <span class='ocrx_word' id='word_1_509' title='bbox 2549 3991 2672 4059; x_wconf 78' lang='grc' dir='ltr'>μεῖν</span> <span class='ocrx_word' id='word_1_510' title='bbox 2702 3989 2978 4060; x_wconf 78' lang='grc' dir='ltr'>περιττόν.</span> 
     </span>
    </p>
   </div>
   <div class='ocr_carea' id='block_1_85' title="bbox 2495 4081 3993 4152">
    <p class='ocr_par' dir='ltr' id='par_1_85' title="bbox 2495 4081 3993 4152">
     <span class='ocr_line' id='line_1_85' title="bbox 2495 4081 3993 4152; baseline 0 -16"><span class='ocrx_word' id='word_1_511' title='bbox 2495 4082 2774 4150; x_wconf 80' lang='grc' dir='ltr'>Ἀνὰϐηθι</span> <span class='ocrx_word' id='word_1_512' title='bbox 2796 4084 3065 4149; x_wconf 74' lang='grc' dir='ltr'>Γαλαὰδ,</span> <span class='ocrx_word' id='word_1_513' title='bbox 3099 4083 3198 4138; x_wconf 78' lang='grc' dir='ltr'><strong>καί</strong></span> <span class='ocrx_word' id='word_1_514' title='bbox 3225 4085 3374 4139; x_wconf 71' lang='grc' dir='ltr'>λάϐε</span> <span class='ocrx_word' id='word_1_515' title='bbox 3410 4085 3671 4152; x_wconf 76' lang='grc' dir='ltr'><strong>ῥητίνην</strong></span> <span class='ocrx_word' id='word_1_516' title='bbox 3721 4081 3993 4151; x_wconf 72' lang='grc' dir='ltr'>παρθένῳ</span> 
     </span>
    </p>
   </div>
   <div class='ocr_carea' id='block_1_86' title="bbox 2411 4173 3993 4244">
    <p class='ocr_par' dir='ltr' id='par_1_86' title="bbox 2411 4173 3993 4244">
     <span class='ocr_line' id='line_1_86' title="bbox 2411 4173 3993 4244; baseline -0.001 -14"><span class='ocrx_word' id='word_1_517' title='bbox 2411 4174 2652 4243; x_wconf 61' lang='grc' dir='ltr'>θυγατρί</span> <span class='ocrx_word' id='word_1_518' title='bbox 2679 4177 2999 4244; x_wconf 72' lang='grc' dir='ltr'>Αἰγύπτου.</span> <span class='ocrx_word' id='word_1_519' title='bbox 3036 4177 3140 4242; x_wconf 69' lang='lat' dir='ltr'><strong>an;</strong></span> <span class='ocrx_word' id='word_1_520' title='bbox 3167 4175 3351 4230; x_wconf 74' lang='grc' dir='ltr'>κενὸν</span> <span class='ocrx_word' id='word_1_521' title='bbox 3393 4175 3745 4243; x_wconf 73' lang='grc' dir='ltr'>ἐπλήθυνας</span> <span class='ocrx_word' id='word_1_522' title='bbox 3773 4173 3993 4244; x_wconf 73' lang='grc' dir='ltr'>ίάματό</span> 
     </span>
    </p>
   </div>
   <div class='ocr_carea' id='block_1_87' title="bbox 2409 4263 3310 4332">
    <p class='ocr_par' dir='ltr' id='par_1_87' title="bbox 2409 4263 3310 4332">
     <span class='ocr_line' id='line_1_87' title="bbox 2409 4263 3310 4332; baseline 0.003 -16"><span class='ocrx_word' id='word_1_523' title='bbox 2409 4277 2550 4317; x_wconf 88' lang='grc' dir='ltr'>σου.</span> <span class='ocrx_word' id='word_1_524' title='bbox 2584 4263 2860 4332; x_wconf 59' lang='grc' dir='ltr'>ἀφέλεια</span> <span class='ocrx_word' id='word_1_525' title='bbox 2893 4266 3004 4318; x_wconf 80' lang='grc' dir='ltr'><strong>οὐκ</strong></span> <span class='ocrx_word' id='word_1_526' title='bbox 3035 4267 3168 4319; x_wconf 79' lang='grc' dir='ltr'>ἐστι</span> <span class='ocrx_word' id='word_1_527' title='bbox 3187 4281 3310 4320; x_wconf 89' lang='grc' dir='ltr'>σοι.</span> 
     </span>
    </p>
   </div>
   <div class='ocr_carea' id='block_1_88' title="bbox 2480 4353 3987 4426">
    <p class='ocr_par' dir='ltr' id='par_1_88' title="bbox 2480 4353 3987 4426">
     <span class='ocr_line' id='line_1_88' title="bbox 2480 4353 3987 4426; baseline 0 -20"><span class='ocrx_word' id='word_1_528' title='bbox 2480 4354 2764 4418; x_wconf 79' lang='grc' dir='ltr'>Τουτέστι,</span> <span class='ocrx_word' id='word_1_529' title='bbox 2803 4353 3136 4424; x_wconf 82' lang='grc' dir='ltr'>Σύμπραξον</span> <span class='ocrx_word' id='word_1_530' title='bbox 3161 4355 3300 4426; x_wconf 73' lang='grc' dir='ltr'>αὐτῇ</span> <span class='ocrx_word' id='word_1_531' title='bbox 3333 4355 3430 4408; x_wconf 78' lang='grc' dir='ltr'>καὶ</span> <span class='ocrx_word' id='word_1_532' title='bbox 3462 4355 3526 4408; x_wconf 83' lang='grc' dir='ltr'><strong>σύ</strong></span> <span class='ocrx_word' id='word_1_533' title='bbox 3555 4355 3700 4424; x_wconf 75' lang='grc' dir='ltr'>μετὰ</span> <span class='ocrx_word' id='word_1_534' title='bbox 3730 4354 3841 4406; x_wconf 87' lang='grc' dir='ltr'><strong>τῶν</strong></span> <span class='ocrx_word' id='word_1_535' title='bbox 3872 4354 3987 4408; x_wconf 79' lang='grc' dir='ltr'>λοιο</span> 
     </span>
    </p>
   </div>
   <div class='ocr_carea' id='block_1_89' title="bbox 2412 4444 3988 4516">
    <p class='ocr_par' dir='ltr' id='par_1_89' title="bbox 2412 4444 3988 4516">
     <span class='ocr_line' id='line_1_89' title="bbox 2412 4444 3988 4516; baseline 0.001 -19"><span class='ocrx_word' id='word_1_536' title='bbox 2412 4444 2552 4499; x_wconf 83' lang='grc' dir='ltr'>πῶν.</span> <span class='ocrx_word' id='word_1_537' title='bbox 2580 4445 2796 4499; x_wconf 74' lang='grc' dir='ltr'>Γαλαὰδ</span> <span class='ocrx_word' id='word_1_538' title='bbox 2826 4444 2933 4515; x_wconf 80' lang='grc' dir='ltr'><strong>γὰρ</strong></span> <span class='ocrx_word' id='word_1_539' title='bbox 2966 4446 3094 4508; x_wconf 83' lang='grc' dir='ltr'><strong>τούς</strong></span> <span class='ocrx_word' id='word_1_540' title='bbox 3132 4445 3480 4516; x_wconf 79' lang='grc' dir='ltr'>Ἰσραηλίτας</span> <span class='ocrx_word' id='word_1_541' title='bbox 3524 4444 3700 4513; x_wconf 81' lang='grc' dir='ltr'>λέγει,</span> <span class='ocrx_word' id='word_1_542' title='bbox 3750 4445 3867 4499; x_wconf 83' lang='grc' dir='ltr'>άπὸ</span> <span class='ocrx_word' id='word_1_543' title='bbox 3893 4445 3988 4498; x_wconf 87' lang='grc' dir='ltr'><strong>τοῦ</strong></span> 
     </span>
    </p>
   </div>
   <div class='ocr_carea' id='block_1_90' title="bbox 737 4531 2406 4610">
    <p class='ocr_par' dir='ltr' id='par_1_90' title="bbox 737 4531 2388 4607">
     <span class='ocr_line' id='line_1_90' title="bbox 737 4531 2388 4607; baseline 0.006 -18"><span class='ocrx_word' id='word_1_544' title='bbox 737 4538 936 4592; x_wconf 78' lang='lat' dir='ltr'><strong>accolis</strong></span> <span class='ocrx_word' id='word_1_545' title='bbox 960 4539 1084 4592; x_wconf 90' lang='lat' dir='ltr'><strong>dato</strong></span> <span class='ocrx_word' id='word_1_546' title='bbox 1115 4555 1128 4591; x_wconf 90' lang='lat'><strong>:</strong></span> <span class='ocrx_word' id='word_1_547' title='bbox 1162 4546 1282 4592; x_wconf 90' lang='lat' dir='ltr'><strong>erat</strong></span> <span class='ocrx_word' id='word_1_548' title='bbox 1308 4547 1363 4593; x_wconf 87' lang='lat' dir='ltr'><strong>et</strong></span> <span class='ocrx_word' id='word_1_549' title='bbox 1391 4540 1737 4594; x_wconf 84' lang='lat' dir='ltr'><strong>sacerdotum</strong></span> <span class='ocrx_word' id='word_1_550' title='bbox 1760 4541 1975 4607; x_wconf 85' lang='lat' dir='ltr'><strong>civitas,</strong></span> <span class='ocrx_word' id='word_1_551' title='bbox 2009 4544 2151 4598; x_wconf 91' lang='lat' dir='ltr'><strong>unde</strong></span> <span class='ocrx_word' id='word_1_552' title='bbox 2181 4545 2258 4599; x_wconf 91' lang='lat' dir='ltr'><strong>ait</strong></span> <span class='ocrx_word' id='word_1_553' title='bbox 2291 4561 2305 4598; x_wconf 91' lang='lat'>:</span> <span class='ocrx_word' id='word_1_554' title='bbox 2344 4531 2388 4587; x_wconf 73' lang='lat' dir='ltr'><strong>D</strong></span> 
     </span>
    </p>
   </div>
   <div class='ocr_carea' id='block_1_91' title="bbox 2320 4531 3989 4610">
    <p class='ocr_par' dir='ltr' id='par_1_91' title="bbox 2344 4531 3989 4610">
     <span class='ocr_line' id='line_1_91' title="bbox 2344 4531 3989 4610; baseline 0.002 -22"><span class='ocrx_word' id='word_1_555' title='bbox 2344 4531 2388 4587; x_wconf 81' lang='lat' dir='ltr'><strong>D</strong></span> <span class='ocrx_word' id='word_1_556' title='bbox 2419 4541 2585 4590; x_wconf 87' lang='grc' dir='ltr'>τόπου</span> <span class='ocrx_word' id='word_1_557' title='bbox 2610 4538 2884 4608; x_wconf 87' lang='grc' dir='ltr'>ὀνομάσας</span> <span class='ocrx_word' id='word_1_558' title='bbox 2913 4537 3039 4601; x_wconf 83' lang='grc' dir='ltr'><strong>τούς</strong></span> <span class='ocrx_word' id='word_1_559' title='bbox 3073 4536 3444 4602; x_wconf 82' lang='grc' dir='ltr'>ἐνοικοῦντας.</span> <span class='ocrx_word' id='word_1_560' title='bbox 3471 4533 3580 4590; x_wconf 88' lang='grc' dir='ltr'>Ἦν</span> <span class='ocrx_word' id='word_1_561' title='bbox 3603 4538 3658 4591; x_wconf 84' lang='grc' dir='ltr'>δὲ</span> <span class='ocrx_word' id='word_1_562' title='bbox 3681 4538 3774 4592; x_wconf 77' lang='grc' dir='ltr'>καὶ</span> <span class='ocrx_word' id='word_1_563' title='bbox 3799 4538 3989 4610; x_wconf 71' lang='grc' dir='ltr'>ἱερέων</span> 
     </span>
    </p>
   </div>
   <div class='ocr_carea' id='block_1_92' title="bbox 741 4629 2306 4699">
    <p class='ocr_par' dir='ltr' id='par_1_92' title="bbox 741 4629 2306 4699">
     <span class='ocr_line' id='line_1_92' title="bbox 741 4629 2306 4699; baseline 0.006 -18"><span class='ocrx_word' id='word_1_564' title='bbox 741 4629 903 4683; x_wconf 80' lang='lat' dir='ltr'><strong>Sume</strong></span> <span class='ocrx_word' id='word_1_565' title='bbox 924 4630 1170 4695; x_wconf 81' lang='lat' dir='ltr'><strong>resinam,</strong></span> <span class='ocrx_word' id='word_1_566' title='bbox 1202 4629 1304 4684; x_wconf 88' lang='lat' dir='ltr'><strong>hoc</strong></span> <span class='ocrx_word' id='word_1_567' title='bbox 1331 4637 1438 4696; x_wconf 91' lang='lat' dir='ltr'><strong>est,</strong></span> <span class='ocrx_word' id='word_1_568' title='bbox 1467 4630 1844 4699; x_wconf 86' lang='lat' dir='ltr'><strong>emplastrum.</strong></span> <span class='ocrx_word' id='word_1_569' title='bbox 1867 4632 1947 4688; x_wconf 79' lang='lat' dir='ltr'><strong>Ac</strong></span> <span class='ocrx_word' id='word_1_570' title='bbox 1973 4635 2016 4688; x_wconf 83' lang='lat' dir='ltr'><strong>si</strong></span> <span class='ocrx_word' id='word_1_571' title='bbox 2062 4636 2267 4691; x_wconf 86' lang='lat' dir='ltr'><strong>diceret</strong></span> <span class='ocrx_word' id='word_1_572' title='bbox 2291 4653 2306 4690; x_wconf 89' lang='lat'><strong>:</strong></span> 
     </span>
    </p>
   </div>
   <div class='ocr_carea' id='block_1_93' title="bbox 740 4719 2310 4796">
    <p class='ocr_par' dir='ltr' id='par_1_93' title="bbox 740 4719 2310 4796">
     <span class='ocr_line' id='line_1_93' title="bbox 740 4719 2310 4796; baseline 0.007 -25"><span class='ocrx_word' id='word_1_573' title='bbox 740 4719 1202 4786; x_wconf 86' lang='lat' dir='ltr'><strong>Quemadmodum</strong></span> <span class='ocrx_word' id='word_1_574' title='bbox 1232 4721 1361 4776; x_wconf 92' lang='lat' dir='ltr'><strong>olim</strong></span> <span class='ocrx_word' id='word_1_575' title='bbox 1396 4723 1561 4777; x_wconf 85' lang='lat' dir='ltr'><strong>Deum</strong></span> <span class='ocrx_word' id='word_1_576' title='bbox 1593 4723 1780 4779; x_wconf 87' lang='lat' dir='ltr'><strong>colens</strong></span> <span class='ocrx_word' id='word_1_577' title='bbox 1810 4725 2006 4795; x_wconf 89' lang='lat' dir='ltr'><strong>popqu</strong></span> <span class='ocrx_word' id='word_1_578' title='bbox 2041 4741 2198 4796; x_wconf 91' lang='lat' dir='ltr'><strong>opem</strong></span> <span class='ocrx_word' id='word_1_579' title='bbox 2227 4727 2310 4782; x_wconf 80' lang='lat' dir='ltr'><strong>fe-</strong></span> 
     </span>
    </p>
   </div>
   <div class='ocr_carea' id='block_1_94' title="bbox 742 4812 2309 4888">
    <p class='ocr_par' dir='ltr' id='par_1_94' title="bbox 742 4812 2309 4888">
     <span class='ocr_line' id='line_1_94' title="bbox 742 4812 2309 4888; baseline 0.005 -22"><span class='ocrx_word' id='word_1_580' title='bbox 742 4814 897 4867; x_wconf 88' lang='lat' dir='ltr'><strong>rebas</strong></span> <span class='ocrx_word' id='word_1_581' title='bbox 925 4828 1020 4881; x_wconf 88' lang='lat' dir='ltr'><strong>per</strong></span> <span class='ocrx_word' id='word_1_582' title='bbox 1051 4812 1441 4878; x_wconf 86' lang='lat' dir='ltr'><strong>sacerdotium,</strong></span> <span class='ocrx_word' id='word_1_583' title='bbox 1464 4814 1544 4870; x_wconf 90' lang='lat' dir='ltr'><strong>sic</strong></span> <span class='ocrx_word' id='word_1_584' title='bbox 1568 4831 1730 4884; x_wconf 89' lang='lat' dir='ltr'><strong>nunc,</strong></span> <span class='ocrx_word' id='word_1_585' title='bbox 1761 4831 1885 4873; x_wconf 89' lang='lat' dir='ltr'><strong>cum</strong></span> <span class='ocrx_word' id='word_1_586' title='bbox 1915 4818 2099 4887; x_wconf 87' lang='lat' dir='ltr'><strong>iniqua</strong></span> <span class='ocrx_word' id='word_1_587' title='bbox 2126 4833 2309 4888; x_wconf 74' lang='lat' dir='ltr'><strong>geras,</strong></span> 
     </span>
    </p>
   </div>
   <div class='ocr_carea' id='block_1_95' title="bbox 740 4902 2311 4977">
    <p class='ocr_par' dir='ltr' id='par_1_95' title="bbox 740 4902 2311 4977">
     <span class='ocr_line' id='line_1_95' title="bbox 740 4902 2311 4977; baseline 0.006 -23"><span class='ocrx_word' id='word_1_588' title='bbox 740 4903 1048 4958; x_wconf 81' lang='lat' dir='ltr'><strong>vulneratos</strong></span> <span class='ocrx_word' id='word_1_589' title='bbox 1076 4902 1131 4958; x_wconf 89' lang='lat' dir='ltr'><strong>in</strong></span> <span class='ocrx_word' id='word_1_590' title='bbox 1168 4902 1310 4959; x_wconf 89' lang='lat' dir='ltr'><strong>bello</strong></span> <span class='ocrx_word' id='word_1_591' title='bbox 1357 4903 1630 4958; x_wconf 88' lang='lat' dir='ltr'><strong>medicare</strong></span> <span class='ocrx_word' id='word_1_592' title='bbox 1667 4905 1749 4960; x_wconf 80' lang='lat' dir='ltr'><strong>lac</strong></span> <span class='ocrx_word' id='word_1_593' title='bbox 1773 4906 1974 4961; x_wconf 80' lang='lat' dir='ltr'><strong>valeas.</strong></span> <span class='ocrx_word' id='word_1_594' title='bbox 2029 4905 2311 4977; x_wconf 90' lang='lat' dir='ltr'><strong>lmprope-</strong></span> 
     </span>
    </p>
   </div>
   <div class='ocr_carea' id='block_1_96' title="bbox 742 4993 2309 5063">
    <p class='ocr_par' dir='ltr' id='par_1_96' title="bbox 742 4993 2309 5063">
     <span class='ocr_line' id='line_1_96' title="bbox 742 4993 2309 5063; baseline 0.002 -15"><span class='ocrx_word' id='word_1_595' title='bbox 742 4995 930 5049; x_wconf 85' lang='lat' dir='ltr'><strong>rabant</strong></span> <span class='ocrx_word' id='word_1_596' title='bbox 959 4993 1106 5049; x_wconf 88' lang='lat' dir='ltr'><strong>enim</strong></span> <span class='ocrx_word' id='word_1_597' title='bbox 1140 4993 1247 5049; x_wconf 85' lang='lat' dir='ltr'><strong>illis</strong></span> <span class='ocrx_word' id='word_1_598' title='bbox 1289 5009 1434 5063; x_wconf 76' lang='lat' dir='ltr'><strong>saepe</strong></span> <span class='ocrx_word' id='word_1_599' title='bbox 1461 4994 1514 5049; x_wconf 91' lang='lat' dir='ltr'><strong>in</strong></span> <span class='ocrx_word' id='word_1_600' title='bbox 1557 4995 1757 5063; x_wconf 71' lang='lat' dir='ltr'><strong>praeliis</strong></span> <span class='ocrx_word' id='word_1_601' title='bbox 1778 5011 1898 5050; x_wconf 88' lang='lat' dir='ltr'><strong>cum</strong></span> <span class='ocrx_word' id='word_1_602' title='bbox 1935 4998 2183 5053; x_wconf 84' lang='lat' dir='ltr'><strong>hostibus</strong></span> <span class='ocrx_word' id='word_1_603' title='bbox 2215 4999 2309 5052; x_wconf 83' lang='lat' dir='ltr'><strong>ba-</strong></span> 
     </span>
    </p>
   </div>
   <div class='ocr_carea' id='block_1_97' title="bbox 742 5084 2309 5158">
    <p class='ocr_par' dir='ltr' id='par_1_97' title="bbox 742 5084 2309 5158">
     <span class='ocr_line' id='line_1_97' title="bbox 742 5084 2309 5158; baseline 0.001 -20"><span class='ocrx_word' id='word_1_604' title='bbox 742 5085 870 5140; x_wconf 88' lang='lat' dir='ltr'><strong>bitis</strong></span> <span class='ocrx_word' id='word_1_605' title='bbox 901 5084 1124 5140; x_wconf 87' lang='lat' dir='ltr'><strong>salutem</strong></span> <span class='ocrx_word' id='word_1_606' title='bbox 1164 5099 1258 5141; x_wconf 87' lang='lat' dir='ltr'><strong>eos</strong></span> <span class='ocrx_word' id='word_1_607' title='bbox 1287 5085 1511 5154; x_wconf 86' lang='lat' dir='ltr'><strong>adeptos</strong></span> <span class='ocrx_word' id='word_1_608' title='bbox 1541 5086 1611 5140; x_wconf 94' lang='lat' dir='ltr'><strong>ob</strong></span> <span class='ocrx_word' id='word_1_609' title='bbox 1647 5087 2052 5155; x_wconf 87' lang='lat' dir='ltr'><strong>prophetarum,</strong></span> <span class='ocrx_word' id='word_1_610' title='bbox 2106 5088 2198 5158; x_wconf 86' lang='lat' dir='ltr'><strong>qui</strong></span> <span class='ocrx_word' id='word_1_611' title='bbox 2236 5086 2309 5142; x_wconf 92' lang='lat' dir='ltr'><strong>ibi</strong></span> 
     </span>
    </p>
   </div>
   <div class='ocr_carea' id='block_1_98' title="bbox 743 5175 2310 5249">
    <p class='ocr_par' dir='ltr' id='par_1_98' title="bbox 743 5175 2310 5249">
     <span class='ocr_line' id='line_1_98' title="bbox 743 5175 2310 5249; baseline 0.002 -18"><span class='ocrx_word' id='word_1_612' title='bbox 743 5175 1078 5242; x_wconf 81' lang='lat' dir='ltr'><strong>habitabant,</strong></span> <span class='ocrx_word' id='word_1_613' title='bbox 1107 5177 1318 5242; x_wconf 85' lang='lat' dir='ltr'><strong>merita,</strong></span> <span class='ocrx_word' id='word_1_614' title='bbox 1347 5192 1412 5234; x_wconf 88' lang='lat' dir='ltr'><strong>ac</strong></span> <span class='ocrx_word' id='word_1_615' title='bbox 1444 5179 1489 5232; x_wconf 91' lang='lat' dir='ltr'><strong>si</strong></span> <span class='ocrx_word' id='word_1_616' title='bbox 1524 5178 1734 5234; x_wconf 89' lang='lat' dir='ltr'><strong>diceret</strong></span> <span class='ocrx_word' id='word_1_617' title='bbox 1764 5197 1778 5234; x_wconf 90' lang='lat'><strong>:</strong></span> <span class='ocrx_word' id='word_1_618' title='bbox 1816 5178 1973 5234; x_wconf 82' lang='lat' dir='ltr'><strong>Nunc</strong></span> <span class='ocrx_word' id='word_1_619' title='bbox 1999 5194 2118 5249; x_wconf 61' lang='lat' dir='ltr'><strong>qua</strong></span> <span class='ocrx_word' id='word_1_620' title='bbox 2146 5181 2310 5249; x_wconf 87' lang='lat' dir='ltr'><strong>impie</strong></span> 
     </span>
    </p>
   </div>
   <div class='ocr_carea' id='block_1_99' title="bbox 741 5266 2307 5340">
    <p class='ocr_par' dir='ltr' id='par_1_99' title="bbox 741 5266 2307 5340">
     <span class='ocr_line' id='line_1_99' title="bbox 741 5266 2307 5340; baseline 0.005 -21"><span class='ocrx_word' id='word_1_621' title='bbox 741 5268 879 5336; x_wconf 74' lang='lat' dir='ltr'><strong>agis,</strong></span> <span class='ocrx_word' id='word_1_622' title='bbox 919 5266 1184 5322; x_wconf 90' lang='lat' dir='ltr'><strong>idolorum</strong></span> <span class='ocrx_word' id='word_1_623' title='bbox 1219 5277 1368 5324; x_wconf 88' lang='lat' dir='ltr'><strong>utere</strong></span> <span class='ocrx_word' id='word_1_624' title='bbox 1401 5270 1607 5324; x_wconf 87' lang='lat' dir='ltr'><strong>auxilio</strong></span> <span class='ocrx_word' id='word_1_625' title='bbox 1638 5270 1691 5324; x_wconf 93' lang='lat' dir='ltr'><strong>in</strong></span> <span class='ocrx_word' id='word_1_626' title='bbox 1732 5270 1895 5325; x_wconf 87' lang='lat' dir='ltr'><strong>rebus</strong></span> <span class='ocrx_word' id='word_1_627' title='bbox 1926 5272 2307 5340; x_wconf 82' lang='lat' dir='ltr'><strong>praesentibus,</strong></span> 
     </span>
    </p>
   </div>
   <div class='ocr_carea' id='block_1_100' title="bbox 742 5357 2096 5435">
    <p class='ocr_par' dir='ltr' id='par_1_100' title="bbox 742 5357 2096 5435">
     <span class='ocr_line' id='line_1_100' title="bbox 742 5357 2096 5435; baseline 0.008 -24"><span class='ocrx_word' id='word_1_628' title='bbox 742 5368 798 5412; x_wconf 88' lang='lat' dir='ltr'><strong>et</strong></span> <span class='ocrx_word' id='word_1_629' title='bbox 824 5359 1087 5415; x_wconf 87' lang='lat' dir='ltr'><strong>auxiliare</strong></span> <span class='ocrx_word' id='word_1_630' title='bbox 1107 5357 1383 5431; x_wconf 70' lang='lat' dir='ltr'><strong>£gyptio,</strong></span> <span class='ocrx_word' id='word_1_631' title='bbox 1411 5376 1571 5431; x_wconf 87' lang='lat' dir='ltr'><strong>quem</strong></span> <span class='ocrx_word' id='word_1_632' title='bbox 1607 5365 1798 5419; x_wconf 89' lang='lat' dir='ltr'><strong>ducem</strong></span> <span class='ocrx_word' id='word_1_633' title='bbox 1832 5364 2096 5435; x_wconf 85' lang='lat' dir='ltr'><strong>sequeris.</strong></span> 
     </span>
    </p>
   </div>
   <div class='ocr_carea' id='block_1_101' title="bbox 814 5541 2308 5623">
    <p class='ocr_par' dir='ltr' id='par_1_101' title="bbox 814 5541 2308 5623">
     <span class='ocr_line' id='line_1_101' title="bbox 814 5541 2308 5623; baseline 0.008 -26"><span class='ocrx_word' id='word_1_634' title='bbox 814 5541 928 5599; x_wconf 75' lang='lat' dir='ltr'><strong>Hoc</strong></span> <span class='ocrx_word' id='word_1_635' title='bbox 955 5547 1121 5602; x_wconf 85' lang='lat' dir='ltr'><strong>etiam</strong></span> <span class='ocrx_word' id='word_1_636' title='bbox 1166 5548 1370 5604; x_wconf 89' lang='lat' dir='ltr'><strong>ironice</strong></span> <span class='ocrx_word' id='word_1_637' title='bbox 1411 5549 1507 5604; x_wconf 89' lang='lat' dir='ltr'><strong>ait.</strong></span> <span class='ocrx_word' id='word_1_638' title='bbox 1535 5549 1668 5604; x_wconf 78' lang='lat' dir='ltr'><strong>Nam</strong></span> <span class='ocrx_word' id='word_1_639' title='bbox 1691 5551 1952 5620; x_wconf 88' lang='lat' dir='ltr'><strong>quidquid</strong></span> <span class='ocrx_word' id='word_1_640' title='bbox 1991 5555 2308 5623; x_wconf 83' lang='lat' dir='ltr'><strong>tentaveris,</strong></span> 
     </span>
    </p>
   </div>
   <div class='ocr_carea' id='block_1_102' title="bbox 746 5639 2158 5705">
    <p class='ocr_par' dir='ltr' id='par_1_102' title="bbox 746 5639 2158 5705">
     <span class='ocr_line' id='line_1_102' title="bbox 746 5639 2158 5705; baseline 0.006 -19"><span class='ocrx_word' id='word_1_641' title='bbox 746 5642 800 5686; x_wconf 85' lang='lat' dir='ltr'><strong>et</strong></span> <span class='ocrx_word' id='word_1_642' title='bbox 827 5649 1174 5705; x_wconf 80' lang='lat' dir='ltr'><strong>quoscunque</strong></span> <span class='ocrx_word' id='word_1_643' title='bbox 1199 5639 1493 5695; x_wconf 87' lang='lat' dir='ltr'><strong>auxiliares</strong></span> <span class='ocrx_word' id='word_1_644' title='bbox 1521 5641 1824 5703; x_wconf 77' lang='lat' dir='ltr'><strong>vocaveris,</strong></span> <span class='ocrx_word' id='word_1_645' title='bbox 1853 5640 2013 5697; x_wconf 89' lang='lat' dir='ltr'><strong>inane</strong></span> <span class='ocrx_word' id='word_1_646' title='bbox 2035 5645 2158 5696; x_wconf 90' lang='lat' dir='ltr'><strong>erit.</strong></span> 
     </span>
    </p>
   </div>
   <div class='ocr_carea' id='block_1_103' title="bbox 821 5722 2232 5802">
    <p class='ocr_par' dir='ltr' id='par_1_103' title="bbox 821 5722 2232 5802">
     <span class='ocr_line' id='line_1_103' title="bbox 821 5722 2232 5802; baseline 0.008 -25"><span class='ocrx_word' id='word_1_647' title='bbox 821 5722 983 5781; x_wconf 67' lang='lat' dir='ltr'><strong>Vens.</strong></span> <span class='ocrx_word' id='word_1_648' title='bbox 1015 5726 1102 5780; x_wconf 74' lang='grc' dir='ltr'>η.</span> <span class='ocrx_word' id='word_1_649' title='bbox 1133 5728 1271 5793; x_wconf 83' lang='lat' dir='ltr'><strong>Quia</strong></span> <span class='ocrx_word' id='word_1_650' title='bbox 1309 5742 1571 5800; x_wconf 80' lang='lat' dir='ltr'><strong>pugnator</strong></span> <span class='ocrx_word' id='word_1_651' title='bbox 1595 5735 1842 5786; x_wconf 77' lang='lat' dir='ltr'><strong>adversus</strong></span> <span class='ocrx_word' id='word_1_652' title='bbox 1872 5745 2232 5802; x_wconf 79' lang='lat' dir='ltr'><strong>pugnatorcm.</strong></span> 
     </span>
    </p>
   </div>
   <div class='ocr_carea' id='block_1_104' title="bbox 816 5808 2312 5893">
    <p class='ocr_par' dir='ltr' id='par_1_104' title="bbox 816 5808 2312 5893">
     <span class='ocr_line' id='line_1_104' title="bbox 816 5808 2312 5893; baseline 0.009 -27"><span class='ocrx_word' id='word_1_653' title='bbox 816 5808 930 5867; x_wconf 77' lang='lat' dir='ltr'><strong>Hoc</strong></span> <span class='ocrx_word' id='word_1_654' title='bbox 962 5824 1066 5883; x_wconf 77' lang='grc' dir='ltr'>εει,</span> <span class='ocrx_word' id='word_1_655' title='bbox 1098 5824 1150 5869; x_wconf 91' lang='lat' dir='ltr'><strong>et</strong></span> <span class='ocrx_word' id='word_1_656' title='bbox 1180 5818 1493 5876; x_wconf 82' lang='lat' dir='ltr'><strong>auxiliarius</strong></span> <span class='ocrx_word' id='word_1_657' title='bbox 1522 5831 1575 5876; x_wconf 92' lang='lat' dir='ltr'><strong>ct</strong></span> <span class='ocrx_word' id='word_1_658' title='bbox 1610 5825 1856 5893; x_wconf 69' lang='lat' dir='ltr'><strong>princeps</strong></span> <span class='ocrx_word' id='word_1_659' title='bbox 1883 5827 1934 5878; x_wconf 84' lang='lat' dir='ltr'><strong>in</strong></span> <span class='ocrx_word' id='word_1_660' title='bbox 1971 5825 2195 5893; x_wconf 80' lang='lat' dir='ltr'><strong>idipsam</strong></span> <span class='ocrx_word' id='word_1_661' title='bbox 2232 5842 2312 5880; x_wconf 81' lang='lat' dir='ltr'><strong>ce-</strong></span> 
     </span>
    </p>
   </div>
   <div class='ocr_carea' id='block_1_105' title="bbox 2415 4628 3989 4701">
    <p class='ocr_par' dir='ltr' id='par_1_105' title="bbox 2415 4628 3989 4701">
     <span class='ocr_line' id='line_1_105' title="bbox 2415 4628 3989 4701; baseline 0.001 -20"><span class='ocrx_word' id='word_1_662' title='bbox 2415 4629 2705 4700; x_wconf 59' lang='lat' dir='ltr'><strong>ndkt;,_5t6</strong></span> <span class='ocrx_word' id='word_1_663' title='bbox 2732 4645 2900 4700; x_wconf 85' lang='grc' dir='ltr'>φησι·</span> <span class='ocrx_word' id='word_1_664' title='bbox 2955 4628 3112 4684; x_wconf 78' lang='grc' dir='ltr'>Λάϐε</span> <span class='ocrx_word' id='word_1_665' title='bbox 3124 4631 3405 4698; x_wconf 76' lang='grc' dir='ltr'>ῥητίνην,</span> <span class='ocrx_word' id='word_1_666' title='bbox 3439 4630 3744 4694; x_wconf 84' lang='grc' dir='ltr'>τουτέστιν,</span> <span class='ocrx_word' id='word_1_667' title='bbox 3778 4630 3989 4701; x_wconf 78' lang='grc' dir='ltr'>ἐμπλα-</span> 
     </span>
    </p>
   </div>
   <div class='ocr_carea' id='block_1_106' title="bbox 2417 4721 3986 4794">
    <p class='ocr_par' dir='ltr' id='par_1_106' title="bbox 2417 4721 3986 4794">
     <span class='ocr_line' id='line_1_106' title="bbox 2417 4721 3986 4794; baseline 0.002 -20"><span class='ocrx_word' id='word_1_668' title='bbox 2417 4738 2596 4793; x_wconf 87' lang='grc' dir='ltr'>στρον.</span> <span class='ocrx_word' id='word_1_669' title='bbox 2634 4724 2752 4776; x_wconf 86' lang='grc' dir='ltr'>Ἵνά</span> <span class='ocrx_word' id='word_1_670' title='bbox 2786 4721 2914 4792; x_wconf 84' lang='grc' dir='ltr'>είπη</span> <span class='ocrx_word' id='word_1_671' title='bbox 2935 4760 2951 4786; x_wconf 93' lang='grc'><strong>,</strong></span> <span class='ocrx_word' id='word_1_672' title='bbox 2987 4723 3077 4786; x_wconf 80' lang='grc' dir='ltr'>Ὠς</span> <span class='ocrx_word' id='word_1_673' title='bbox 3103 4723 3271 4776; x_wconf 88' lang='grc' dir='ltr'>πάλαι</span> <span class='ocrx_word' id='word_1_674' title='bbox 3300 4721 3603 4776; x_wconf 77' lang='grc' dir='ltr'>εὐσεϐοῦσα</span> <span class='ocrx_word' id='word_1_675' title='bbox 3633 4723 3880 4794; x_wconf 79' lang='grc' dir='ltr'>ὲδοηθεις</span> <span class='ocrx_word' id='word_1_676' title='bbox 3907 4723 3986 4793; x_wconf 84' lang='grc' dir='ltr'><strong>τῷ</strong></span> 
     </span>
    </p>
   </div>
   <div class='ocr_carea' id='block_1_107' title="bbox 2414 4813 3984 4886">
    <p class='ocr_par' dir='ltr' id='par_1_107' title="bbox 2414 4813 3984 4886">
     <span class='ocr_line' id='line_1_107' title="bbox 2414 4813 3984 4886; baseline 0.002 -20"><span class='ocrx_word' id='word_1_677' title='bbox 2414 4813 2526 4883; x_wconf 86' lang='grc' dir='ltr'>λαῷ</span> <span class='ocrx_word' id='word_1_678' title='bbox 2553 4814 2641 4868; x_wconf 86' lang='grc' dir='ltr'><strong>διά</strong></span> <span class='ocrx_word' id='word_1_679' title='bbox 2670 4815 2771 4884; x_wconf 82' lang='grc' dir='ltr'>τῆς</span> <span class='ocrx_word' id='word_1_680' title='bbox 2797 4815 3096 4885; x_wconf 81' lang='grc' dir='ltr'>ίερατείας,</span> <span class='ocrx_word' id='word_1_681' title='bbox 3130 4814 3274 4868; x_wconf 75' lang='grc' dir='ltr'>οὕτω</span> <span class='ocrx_word' id='word_1_682' title='bbox 3308 4813 3404 4867; x_wconf 91' lang='grc' dir='ltr'><strong>νῦν</strong></span> <span class='ocrx_word' id='word_1_683' title='bbox 3449 4815 3844 4886; x_wconf 88' lang='grc' dir='ltr'>παρανομοῦσα</span> <span class='ocrx_word' id='word_1_684' title='bbox 3893 4816 3984 4869; x_wconf 88' lang='grc' dir='ltr'>δυ-</span> 
     </span>
    </p>
   </div>
   <div class='ocr_carea' id='block_1_108' title="bbox 2414 4905 3984 4978">
    <p class='ocr_par' dir='ltr' id='par_1_108' title="bbox 2414 4905 3984 4978">
     <span class='ocr_line' id='line_1_108' title="bbox 2414 4905 3984 4978; baseline 0.002 -20"><span class='ocrx_word' id='word_1_685' title='bbox 2414 4905 2605 4975; x_wconf 73' lang='grc' dir='ltr'>νηθητι</span> <span class='ocrx_word' id='word_1_686' title='bbox 2627 4905 2880 4960; x_wconf 71' lang='grc' dir='ltr'>ἰάσασθαι</span> <span class='ocrx_word' id='word_1_687' title='bbox 2901 4908 3026 4970; x_wconf 81' lang='grc' dir='ltr'><strong>τούς</strong></span> <span class='ocrx_word' id='word_1_688' title='bbox 3044 4924 3072 4960; x_wconf 89' lang='grc' dir='ltr'><strong>τ</strong></span> <span class='ocrx_word' id='word_1_689' title='bbox 3079 4923 3183 4977; x_wconf 90' lang='grc' dir='ltr'><strong>ραυ</strong></span> <span class='ocrx_word' id='word_1_690' title='bbox 3191 4905 3552 4977; x_wconf 83' lang='grc' dir='ltr'>ματισθέντας</span> <span class='ocrx_word' id='word_1_691' title='bbox 3569 4909 3627 4960; x_wconf 78' lang='grc' dir='ltr'>ὲν</span> <span class='ocrx_word' id='word_1_692' title='bbox 3648 4907 3727 4978; x_wconf 82' lang='grc' dir='ltr'>τῷ</span> <span class='ocrx_word' id='word_1_693' title='bbox 3743 4908 3984 4978; x_wconf 82' lang='grc' dir='ltr'>πολέμῳ·</span> 
     </span>
    </p>
   </div>
   <div class='ocr_carea' id='block_1_109' title="bbox 2414 4996 3984 5070">
    <p class='ocr_par' dir='ltr' id='par_1_109' title="bbox 2414 4996 3984 5070">
     <span class='ocr_line' id='line_1_109' title="bbox 2414 4996 3984 5070; baseline 0.001 -21"><span class='ocrx_word' id='word_1_694' title='bbox 2414 4996 2688 5063; x_wconf 78' lang='grc' dir='ltr'>ὠνείδιζον</span> <span class='ocrx_word' id='word_1_695' title='bbox 2715 4998 2773 5051; x_wconf 76' lang='grc' dir='ltr'>δὲ</span> <span class='ocrx_word' id='word_1_696' title='bbox 2802 4999 3014 5062; x_wconf 85' lang='grc' dir='ltr'>αὐτοῖς,</span> <span class='ocrx_word' id='word_1_697' title='bbox 3038 4997 3114 5062; x_wconf 84' lang='grc' dir='ltr'><strong>ὡς</strong></span> <span class='ocrx_word' id='word_1_698' title='bbox 3148 4996 3410 5061; x_wconf 80' lang='grc' dir='ltr'>πολλάκις</span> <span class='ocrx_word' id='word_1_699' title='bbox 3444 4997 3534 5052; x_wconf 84' lang='grc' dir='ltr'><strong>διὰ</strong></span> <span class='ocrx_word' id='word_1_700' title='bbox 3557 4999 3855 5070; x_wconf 79' lang='grc' dir='ltr'>προφητῶν</span> <span class='ocrx_word' id='word_1_701' title='bbox 3877 5000 3984 5051; x_wconf 83' lang='grc' dir='ltr'><strong>τῶν</strong></span> 
     </span>
    </p>
   </div>
   <div class='ocr_carea' id='block_1_110' title="bbox 2415 5089 3984 5162">
    <p class='ocr_par' dir='ltr' id='par_1_110' title="bbox 2415 5089 3984 5162">
     <span class='ocr_line' id='line_1_110' title="bbox 2415 5089 3984 5162; baseline 0.002 -20"><span class='ocrx_word' id='word_1_702' title='bbox 2415 5089 2601 5143; x_wconf 79' lang='grc' dir='ltr'>αὐτόθι</span> <span class='ocrx_word' id='word_1_703' title='bbox 2627 5089 3030 5144; x_wconf 80' lang='grc' dir='ltr'>κατοικούντων</span> <span class='ocrx_word' id='word_1_704' title='bbox 3074 5089 3176 5160; x_wconf 79' lang='grc' dir='ltr'>τῆς</span> <span class='ocrx_word' id='word_1_705' title='bbox 3230 5091 3512 5162; x_wconf 86' lang='grc' dir='ltr'>σωτηρίας</span> <span class='ocrx_word' id='word_1_706' title='bbox 3550 5089 3893 5156; x_wconf 78' lang='grc' dir='ltr'>ἀξιωθέντων</span> <span class='ocrx_word' id='word_1_707' title='bbox 3927 5093 3984 5145; x_wconf 76' lang='grc' dir='ltr'>ἐν</span> 
     </span>
    </p>
   </div>
   <div class='ocr_carea' id='block_1_111' title="bbox 2411 5181 3982 5254">
    <p class='ocr_par' dir='ltr' id='par_1_111' title="bbox 2411 5181 3982 5254">
     <span class='ocr_line' id='line_1_111' title="bbox 2411 5181 3982 5254; baseline 0 -18"><span class='ocrx_word' id='word_1_708' title='bbox 2411 5185 2535 5243; x_wconf 81' lang='grc' dir='ltr'>ταῖς</span> <span class='ocrx_word' id='word_1_709' title='bbox 2551 5182 2686 5254; x_wconf 78' lang='grc' dir='ltr'>πρὸς</span> <span class='ocrx_word' id='word_1_710' title='bbox 2708 5183 2836 5246; x_wconf 86' lang='grc' dir='ltr'><strong>τούς</strong></span> <span class='ocrx_word' id='word_1_711' title='bbox 2863 5183 3144 5249; x_wconf 74' lang='grc' dir='ltr'>ἐναντίους</span> <span class='ocrx_word' id='word_1_712' title='bbox 3182 5184 3406 5254; x_wconf 86' lang='grc' dir='ltr'>μάχαις.</span> <span class='ocrx_word' id='word_1_713' title='bbox 3442 5184 3560 5237; x_wconf 81' lang='grc' dir='ltr'>Ἵνα</span> <span class='ocrx_word' id='word_1_714' title='bbox 3590 5182 3739 5254; x_wconf 75' lang='grc' dir='ltr'>εἴπῃ,</span> <span class='ocrx_word' id='word_1_715' title='bbox 3763 5183 3846 5236; x_wconf 85' lang='grc' dir='ltr'>ὅτι</span> <span class='ocrx_word' id='word_1_716' title='bbox 3870 5181 3982 5237; x_wconf 82' lang='grc' dir='ltr'>Νῦν</span> 
     </span>
    </p>
   </div>
   <div class='ocr_carea' id='block_1_112' title="bbox 2413 5273 3982 5346">
    <p class='ocr_par' dir='ltr' id='par_1_112' title="bbox 2413 5273 3982 5346">
     <span class='ocr_line' id='line_1_112' title="bbox 2413 5273 3982 5346; baseline 0.001 -18"><span class='ocrx_word' id='word_1_717' title='bbox 2413 5273 2709 5338; x_wconf 77' lang='grc' dir='ltr'>άσεὸοῦσα,</span> <span class='ocrx_word' id='word_1_718' title='bbox 2748 5274 2955 5344; x_wconf 76' lang='grc' dir='ltr'>χρῆσαι</span> <span class='ocrx_word' id='word_1_719' title='bbox 3009 5275 3074 5328; x_wconf 70' lang='grc' dir='ltr'>ὲκ</span> <span class='ocrx_word' id='word_1_720' title='bbox 3116 5277 3215 5346; x_wconf 86' lang='grc' dir='ltr'>τῆς</span> <span class='ocrx_word' id='word_1_721' title='bbox 3255 5276 3366 5330; x_wconf 83' lang='grc' dir='ltr'><strong>τῶν</strong></span> <span class='ocrx_word' id='word_1_722' title='bbox 3413 5275 3650 5331; x_wconf 84' lang='grc' dir='ltr'>εἰδώλων</span> <span class='ocrx_word' id='word_1_723' title='bbox 3690 5278 3982 5346; x_wconf 79' lang='grc' dir='ltr'>συνεργίας</span> 
     </span>
    </p>
   </div>
   <div class='ocr_carea' id='block_1_113' title="bbox 2413 5365 3984 5438">
    <p class='ocr_par' dir='ltr' id='par_1_113' title="bbox 2413 5365 3984 5438">
     <span class='ocr_line' id='line_1_113' title="bbox 2413 5365 3984 5438; baseline 0.003 -21"><span class='ocrx_word' id='word_1_724' title='bbox 2413 5368 2525 5429; x_wconf 88' lang='grc' dir='ltr'>τοῖς</span> <span class='ocrx_word' id='word_1_725' title='bbox 2554 5365 2962 5437; x_wconf 80' lang='grc' dir='ltr'>προκειμένοις,</span> <span class='ocrx_word' id='word_1_726' title='bbox 2997 5367 3093 5420; x_wconf 74' lang='grc' dir='ltr'>καὶ</span> <span class='ocrx_word' id='word_1_727' title='bbox 3135 5365 3408 5438; x_wconf 79' lang='grc' dir='ltr'>βοήθησον</span> <span class='ocrx_word' id='word_1_728' title='bbox 3451 5366 3530 5438; x_wconf 85' lang='grc' dir='ltr'>τῷ</span> <span class='ocrx_word' id='word_1_729' title='bbox 3580 5368 3882 5438; x_wconf 78' lang='grc' dir='ltr'>Αἰγυπτίῳ,</span> <span class='ocrx_word' id='word_1_730' title='bbox 3926 5367 3984 5421; x_wconf 74' lang='grc' dir='ltr'>ὃν</span> 
     </span>
    </p>
   </div>
   <div class='ocr_carea' id='block_1_114' title="bbox 2415 5456 2890 5527">
    <p class='ocr_par' dir='ltr' id='par_1_114' title="bbox 2415 5456 2890 5527">
     <span class='ocr_line' id='line_1_114' title="bbox 2415 5456 2890 5527; baseline 0 -19"><span class='ocrx_word' id='word_1_731' title='bbox 2415 5456 2725 5527; x_wconf 82' lang='grc' dir='ltr'>προστάτην</span> <span class='ocrx_word' id='word_1_732' title='bbox 2754 5459 2890 5527; x_wconf 81' lang='grc' dir='ltr'>ἡγῇ.</span> 
     </span>
    </p>
   </div>
   <div class='ocr_carea' id='block_1_115' title="bbox 2489 5548 3981 5620">
    <p class='ocr_par' dir='ltr' id='par_1_115' title="bbox 2489 5548 3981 5620">
     <span class='ocr_line' id='line_1_115' title="bbox 2489 5548 3981 5620; baseline 0.003 -21"><span class='ocrx_word' id='word_1_733' title='bbox 2489 5548 2599 5600; x_wconf 76' lang='grc' dir='ltr'><strong>Καὶ</strong></span> <span class='ocrx_word' id='word_1_734' title='bbox 2626 5548 2789 5601; x_wconf 85' lang='grc' dir='ltr'>τοῦτο</span> <span class='ocrx_word' id='word_1_735' title='bbox 2840 5548 3268 5620; x_wconf 75' lang='grc' dir='ltr'>εἰρωνευόμενος</span> <span class='ocrx_word' id='word_1_736' title='bbox 3297 5566 3311 5580; x_wconf 84' lang='lat'><strong><em>°</em></strong></span> <span class='ocrx_word' id='word_1_737' title='bbox 3351 5551 3433 5605; x_wconf 80' lang='grc' dir='ltr'>ὅτι</span> <span class='ocrx_word' id='word_1_738' title='bbox 3487 5551 3588 5604; x_wconf 85' lang='grc' dir='ltr'>ὅσα</span> <span class='ocrx_word' id='word_1_739' title='bbox 3620 5551 3685 5605; x_wconf 82' lang='grc' dir='ltr'><strong>άν</strong></span> <span class='ocrx_word' id='word_1_740' title='bbox 3730 5553 3981 5620; x_wconf 79' lang='grc' dir='ltr'>ποιήσῃς,</span> 
     </span>
    </p>
   </div>
   <div class='ocr_carea' id='block_1_116' title="bbox 2419 5639 3980 5716">
    <p class='ocr_par' dir='ltr' id='par_1_116' title="bbox 2419 5639 3980 5716">
     <span class='ocr_line' id='line_1_116' title="bbox 2419 5639 3980 5716; baseline 0.004 -25"><span class='ocrx_word' id='word_1_741' title='bbox 2419 5639 2509 5691; x_wconf 70' lang='grc' dir='ltr'>καὶ</span> <span class='ocrx_word' id='word_1_742' title='bbox 2542 5641 2864 5709; x_wconf 79' lang='grc' dir='ltr'>συμμάχους</span> <span class='ocrx_word' id='word_1_743' title='bbox 2894 5640 3054 5703; x_wconf 82' lang='grc' dir='ltr'>ὅσους</span> <span class='ocrx_word' id='word_1_744' title='bbox 3108 5641 3173 5695; x_wconf 85' lang='grc' dir='ltr'>ἂν</span> <span class='ocrx_word' id='word_1_745' title='bbox 3207 5643 3466 5716; x_wconf 79' lang='grc' dir='ltr'>καλέσῃς,</span> <span class='ocrx_word' id='word_1_746' title='bbox 3507 5643 3680 5696; x_wconf 88' lang='grc' dir='ltr'>ταῦτα</span> <span class='ocrx_word' id='word_1_747' title='bbox 3732 5643 3980 5712; x_wconf 80' lang='grc' dir='ltr'>περιττά.</span> 
     </span>
    </p>
   </div>
   <div class='ocr_carea' id='block_1_117' title="bbox 2492 5729 3773 5804">
    <p class='ocr_par' dir='ltr' id='par_1_117' title="bbox 2492 5729 3773 5804">
     <span class='ocr_line' id='line_1_117' title="bbox 2492 5729 3773 5804; baseline 0.005 -21"><span class='ocrx_word' id='word_1_748' title='bbox 2492 5731 2619 5784; x_wconf 84' lang='grc' dir='ltr'>Ὅτι</span> <span class='ocrx_word' id='word_1_749' title='bbox 2647 5729 2926 5800; x_wconf 76' lang='grc' dir='ltr'>μαχητὴς</span> <span class='ocrx_word' id='word_1_750' title='bbox 2962 5734 3113 5800; x_wconf 81' lang='grc' dir='ltr'>πρὸς</span> <span class='ocrx_word' id='word_1_751' title='bbox 3131 5735 3415 5804; x_wconf 71' lang='grc' dir='ltr'>μαχητήν</span> <span class='ocrx_word' id='word_1_752' title='bbox 3444 5735 3773 5804; x_wconf 77' lang='grc' dir='ltr'>ἠσθένησε.</span> 
     </span>
    </p>
   </div>
   <div class='ocr_carea' id='block_1_118' title="bbox 2492 5821 3980 5896">
    <p class='ocr_par' dir='ltr' id='par_1_118' title="bbox 2492 5821 3980 5896">
     <span class='ocr_line' id='line_1_118' title="bbox 2492 5821 3980 5896; baseline 0.001 -21"><span class='ocrx_word' id='word_1_753' title='bbox 2492 5821 2772 5890; x_wconf 84' lang='grc' dir='ltr'>Τουτέστι,</span> <span class='ocrx_word' id='word_1_754' title='bbox 2807 5823 2900 5876; x_wconf 76' lang='grc' dir='ltr'>καὶ</span> <span class='ocrx_word' id='word_1_755' title='bbox 2923 5826 2950 5876; x_wconf 82' lang='grc' dir='ltr'>ὁ</span> <span class='ocrx_word' id='word_1_756' title='bbox 2989 5824 3296 5896; x_wconf 78' lang='grc' dir='ltr'>σύμμαχος,</span> <span class='ocrx_word' id='word_1_757' title='bbox 3323 5828 3417 5881; x_wconf 82' lang='grc' dir='ltr'>καὶ</span> <span class='ocrx_word' id='word_1_758' title='bbox 3448 5825 3740 5893; x_wconf 75' lang='grc' dir='ltr'>ὁὲξαρχος,</span> <span class='ocrx_word' id='word_1_759' title='bbox 3773 5823 3874 5879; x_wconf 74' lang='grc' dir='ltr'><strong>ἐπὶ</strong></span> <span class='ocrx_word' id='word_1_760' title='bbox 3917 5823 3980 5878; x_wconf 82' lang='grc' dir='ltr'>τὸ</span> 
     </span>
    </p>
   </div>
  </div>
