4226 6460
300 445 447 503 1025

262 561 270 568 -
369 565 392 583 .
417 563 552 616 ,οτι
595 561 1026 630 ἐξολοθρεύσει
1049 561 1266 628 Κύριος
1284 577 1429 627 τους
1455 563 1894 631 Ἄλλοςρύλους.
1934 567 1974 627 Δ

291 653 442 720 τοὺς
469 654 882 718 καταλοίπους
907 650 1030 705 τῶν
1063 653 1277 719 νήσων
1309 653 1411 705 καί
1437 652 1890 718 Καππαδοκίας.

371 748 531 801 Ἤτοι
556 745 668 819 [τον.
694 745 896 818 οὕτως]
923 746 1025 814 τῆς
1054 746 1329 816 παραλίου
1358 745 1558 816 νήσους
1587 745 1767 812 καλεῖ,
1797 744 1894 798 καὶ

292 840 380 894 ὅτι
404 839 514 894 ἀπὸ
541 839 652 893 τῶν
681 840 863 908 νήσων
885 838 1078 892 αὐτόθι
1105 837 1440 910 κατῴκησαν
1463 835 1891 906 πολεμούμενοι,

293 933 512 994 ἑλόντες
557 932 686 994 τοὺς
737 930 838 1001 ήδη
887 931 1156 1002 πρότερον
1206 928 1604 991 κατοικοῦντας
1657 926 1849 980 αὐτόθι
1875 942 1892 959 ⁸

293 1023 661 1093 ἐμμείναντες
683 1021 741 1074 δὲ
769 1021 848 1091 τῷ
870 1023 1040 1091 τόπῳ.
1074 1020 1184 1073 Καὶ
1215 1020 1616 1082 Καππαδοκίας
1637 1019 1695 1072 δὲ
1717 1019 1891 1085 λέγει,

292 1116 370 1178 ὡς
399 1116 769 1185 νενικηκότων
798 1115 1032 1178 τούτων,
1060 1114 1154 1168 καὶ
1183 1115 1459 1183 ἑλομένων
1485 1113 1678 1166 αὐτόθι
1705 1129 1893 1165 κατοι-

299 1211 435 1262 κεῖν.
497 1208 657 1262 Οὕτω
697 1209 807 1278 γὰρ
860 1207 957 1260 καὶ
1003 1205 1073 1259 δι’
1123 1206 1317 1275 ἑτέρου
1373 1209 1658 1276 προφήτου
1711 1205 1887 1272 λέγει’

298 1299 343 1352 Τ
343 1299 452 1365 οὺς
496 1299 916 1368 Ἀλλοςρύλους
936 1297 1055 1352 ἀπὸ
1078 1296 1782 1367 Καππαδοκίαςοῆγηαγον.

366 1387 532 1444 Ἦκει
554 1389 928 1456 φαλάκρωμα
949 1389 1047 1440 ἐπὶ
1079 1387 1298 1447 Γάζαν·
1335 1380 1636 1457 Μερῤίφη
1678 1387 1890 1443 Ἁσκὰο

294 1481 442 1542 λων,
467 1478 564 1532 καί
593 1477 667 1531 τὰ
693 1479 880 1532 ,λοιπὰ
904 1478 1024 1530 τῶν
1055 1479 1127 1531 ἐν
1164 1478 1372 1548 Ἀκήμ.

373 1570 493 1623 Ἵνα
517 1571 668 1643 εἴπῃ,
695 1570 899 1632 πάντες
927 1570 977 1622 οἱ
1011 1569 1245 1641 ἰσχυροί.

366 1659 502 1726 Πῶς
522 1659 855 1729 ἡσυχάσει;

367 1714 782 1824 Πόρθησινημὲν
820 1714 922 1823 τῆς
963 1753 1272 1824 Ἰδουμαίας
1304 1714 1565 1824 προλόγει
1607 1756 1638 1809 ὀ
1673 1757 1892 1826 προφή-

1413 444 1845 502 FRAGMENTA
1893 441 1964 498 IN
1997 442 2374 500 δειιιειιιΛιι.

2077 565 2093 581 ⁹
2142 559 2310 614 Vsus.
2356 560 2410 613 4.
2468 558 2735 625 Quoniam
2791 561 3221 631 depopulabitur'
3254 561 3398 618 Deus
3455 567 3612 624 Αίίο-

1996 653 2209 722 phles,
2242 653 2500 722 reliquias
2524 652 2849 719 insularum,
2883 664 2931 707 et
2957 654 3344 724 Cappadocia'.

2071 744 2164 799 Sic
2197 747 2364 800 maris
2407 745 2572 800 vicini
2597 746 2809 802 insulas
2837 750 3106 816 nominat,
3143 758 3199 804 et
3240 753 3387 819 quod
3458 752 3603 808 bello

1999 837 2179 891 vexati
2195 852 2261 892 ex
2293 838 2486 892 insulis
2511 839 2581 893 ibi
2609 840 2950 905 habitarunt,
2974 842 3168 910 primis
3191 843 3604 900 habitatoribus

1997 929 2250 991 devictis,
2281 932 2693 1000 manserintque
2721 931 2775 985 in
2807 932 2899 986 illo
2925 933 3064 987 loco.
3092 933 3453 1004 Cappadociae
3471 953 3606 993 vero

1996 1019 2152 1082 dicit,
2185 1021 2342 1088 quasi
2364 1021 2416 1073 hi
2441 1034 2561 1074 eam
2599 1022 2882 1084 vicissent.
2904 1034 2960 1079 et
3020 1025 3092 1079 ibi
3125 1025 3377 1082 habitare
3421 1028 3605 1095 elege-

1998 1110 2128 1162 rint.
2166 1108 2262 1166 Sic
2292 1112 2439 1164 enim
2469 1119 2523 1165 ει
2554 1127 2652 1182 per
2673 1113 2838 1166 alium
2877 1118 3204 1184 prophetam
3237 1118 3413 1174 dicit:
3445 1120 3600 1173 Allo-

1992 1201 2178 1271 phylos
2207 1218 2274 1257 ea:
2302 1203 2641 1273 Cappadocia
2676 1207 2969 1263 duxerunt.

2069 1385 2236 1443 Vens.
2271 1389 2324 1443 5.
2372 1388 2522 1444 Venit
2557 1392 2832 1446 calvitium
2869 1410 3030 1464 super
3064 1395 3269 1449 Casam
3297 1412 3319 1450 :
3351 1407 3599 1468 projeeta

1992 1488 2067 1530 est
2100 1479 2327 1530 Ascalon
2359 1487 2410 1532 et
2441 1479 2665 1550 reliqua,
2686 1498 2804 1550 qua:
2825 1484 3026 1538 suntin
3056 1486 3234 1541 Acim.

2065 1566 2144 1620 Ac
2167 1567 2213 1620 si
2243 1568 2478 1636 diceret,
2513 1585 2708 1625 omnes
2734 1574 2929 1629 fortes.

2057 1655 2226 1713 Vsus.
2256 1659 2306 1713 7.
2345 1661 2624 1725 Quomodo
2651 1666 2928 1734 quiescet?

2062 1750 2299 1806 ldumem
2327 1753 2689 1826 direptionem
2730 1760 2974 1826 pranlicit
3009 1762 3303 1831 propheta,
3333 1773 3498 1831 quam
3537 1767 3596 1816 ει

292 1863 414 1916 της
437 1847 539 1917 τὴν
558 1846 616 1898 δὲ
646 1845 824 1916 αὐτήν
860 1862 996 1916 φησι
1024 1847 1120 1899 καὶ
1157 1847 1398 1916 Θαιμὰν,
1429 1848 1551 1919 ἥτις
1584 1849 1702 1901 ἐστὶ
1730 1848 1881 1920 χώρα

1993 1841 2272 1898 Thaemam
2325 1857 2506 1914 vocat,
2541 1863 2662 1919 qua:
2685 1849 2832 1906 Esau
2875 1852 3026 1925 regio
3057 1865 3166 1911 est.

289 1938 389 1993 τοῦ
437 1938 630 1992 Ἠσαῦ.

871 2072 1129 2127 ΚΕΦΑΛ.
1164 2073 1310 2128 MH’.

359 2205 380 2227 ⁶
401 2203 811 2261 Ἇνεπαύσατο
839 2204 1024 2260 Mm
1044 2205 1116 2259 ἐκ
1141 2206 1411 2272 παιδίου,
1444 2204 1544 2260 καί
1583 2203 1884 2272 πεποιθὼς

285 2292 367 2368 ἦν
388 2298 487 2352 ἐπὶ
513 2295 588 2366 τῇ
609 2297 764 2368 δόξῃ
795 2299 1008 2354 αὐτοῦ.

362 2393 486 2447 Ὀτι
526 2392 618 2446 διὰ
662 2392 868 2455 παντὸς
903 2391 1231 2461 ἀπήλαυσεν
1272 2389 1574 2463 εὐθηνίας,
1603 2389 1700 2445 καὶ
1740 2392 1849 2461 ήσυ

283 2485 434 2556 χίας,
462 2484 560 2538 καὶ
589 2483 680 2537 διὰ
707 2482 870 2536 τοῦτο
898 2482 1074 2536 ταῦτα
1103 2481 1298 2548 ἔπαθε,
1317 2484 1385 2554 τῇ
1426 2482 1700 2554 εὐπαθείᾳ
1743 2481 1884 2553 πρὸς

281 2579 440 2633 οὐδὲν
468 2578 589 2632 δέον
612 2571 983 2648 ἀρνησάμενος.

349 2669 466 2721 ’Τὸ
509 2667 922 2740 ἀπροσδόκητον
969 2664 1142 2718 κακὸν
1175 2664 1454 2736 ἠϐουλήθη
1498 2665 1877 2736 παραστῆσαι.

285 2760 548 2816 Βούλεται
585 2761 695 2832 γάρ
735 2761 936 2825 εἰπεῖν,
987 2758 1072 2811 ὃτι
1114 2756 1176 2822 ἐξ
1211 2758 1388 2828 ἀρχῆς
1437 2757 1604 2826 μέχρι
1646 2755 1743 2809 τοῦ
1783 2756 1880 2811 νῦν

283 2856 558 2912 πέπονθεν
589 2855 769 2921 οὐδὲν,
797 2854 899 2925 οὐχ
937 2854 1020 2908 ὅτι
1047 2853 1143 2908 καὶ
1176 2853 1281 2925 ήδη
1305 2852 1458 2923 παρὰ
1488 2859 1584 2906 τοῦ
1615 2853 1878 2923 Σεναχειο

285 2949 419 3020 ρεὶμ
447 2949 548 3020 οὐχ
577 2947 745 3001 ἑάλωο
776 2946 810 3019 ἢ
838 2948 950 3017 γὰρ
983 2945 1083 3015 οὐχ
1115 2943 1327 3014 ἡττήθη
1366 2944 1424 2994 ἐν
1459 2942 1743 3012 πολέμοις.
1798 2943 1880 2996 Τὰ

280 3042 392 3115 γὰρ
416 3041 517 3111 τῆς
545 3038 894 3110 προφητείας
912 3036 1008 3090 τοῦ
1048 3036 1275 3088 Ἡσαΐου
1303 3031 1450 3087 κατὰ
1476 3033 1575 3103 τῆς
1595 3033 1880 3087 Μωαϐίτι-

280 3133 403 3196 δος,
453 3131 680 3202 ἐξῆλθεν
720 3130 812 3183 ἐπὶ
844 3127 940 3181 τοῦ
986 3127 1390 3197 Σεναχειρείμ·
1432 3125 1576 3180 ἀλλὰ
1625 3124 1876 3196 βούλεται

2545 2073 2702 2130 CAP.
2742 2074 2977 2135 XLVIII.

2051 2206 2074 2230 θ
2098 2204 2265 2260 Vsus.
2293 2205 2380 2260 ll.
2419 2204 2628 2273 Quievit
2658 2207 2821 2263 Moab
2850 2227 2883 2264 a
2920 2211 3168 2280 parvulo,
3193 2223 3240 2270 et
3264 2214 3438 2283 ﬁdens
3472 2225 3592 2271 erat

1985 2313 2148 2368 super
2173 2298 2348 2368 gloria
2378 2317 2500 2354 sua.

2063 2390 2221 2456 Quod
2263 2407 2484 2465 semper
2515 2393 2762 2448 omnium
2812 2410 2998 2451 rerum
3060 2399 3218 2466 copia
3283 2401 3594 2469 tranquilli-

1987 2491 2207 2553 tateque
2259 2484 2598 2559 abundavit,
2671 2485 2881 2542 idcirco
2933 2498 2991 2544 et
3049 2491 3168 2546 haec
3224 2506 3427 2561 passus
3482 2504 3591 2560 est,

1984 2577 2358 2646 prosperitate
2401 2592 2509 2631 non
2552 2578 2763 2634 utiliter
2803 2595 2956 2636 usus.

2058 2667 2076 2686 ‘
2102 2665 2302 2720 Malum
2339 2669 2776 2738 inexspectatum
2807 2674 2981 2727 voluit
3011 2674 3278 2738 indicare,
3316 2688 3368 2731 et
3395 2692 3594 2734 sensus

1983 2766 2087 2820 est,
2114 2759 2181 2812 ab
2209 2758 2367 2813 initio
2396 2760 2464 2812 ad
2501 2760 2647 2814 hunc
2673 2760 2819 2816 diem
2841 2763 2978 2817 nihil
3001 2779 3404 2834 perpessusest
3435 2786 3452 2822 :
3484 2786 3591 2822 tum

1983 2850 2128 2918 quod
2153 2850 2204 2903 in
2227 2850 2369 2905 bello
2395 2866 2426 2904 a
2456 2851 2807 2907 Senachirim
2840 2869 2947 2909 non
2973 2854 3335 2927 l‘ueritcapta.
3364 2859 3516 2913 Isaiae
3543 2861 3593 2893 "

1983 2942 2129 2994 enim
2188 2942 2452 2998 vaticinia
2503 2951 2699 2998 contra
2749 2943 3109 3002 Moabitidem
3161 2950 3418 3005 eﬂ'ectum
3471 2967 3594 3007 sor-

1983 3034 2079 3083 tita
2137 3041 2265 3084 sunt
2326 3041 2575 3100 tempore
2636 3029 3012 3098 Senachirim,
3047 3037 3142 3090 sed
3171 3039 3316 3105 quod
3351 3037 3397 3092 si
3453 3053 3595 3106 pra:-

1981 3123 2154 3176 sentia
2201 3122 2647 3188 considerentur,
2677 3126 2818 3181 nihil
2849 3141 3007 3196 passa
3058 3139 3182 3196 est;
3240 3131 3384 3184 haud
3438 3145 3589 3186 enim

279 3224 426 3280 κατὰ
463 3225 758 3294 σύγκρισιν
795 3220 906 3275 τῶν
935 3218 1224 3290 παρόντων
1261 3217 1432 3288 μηδὲν
1462 3218 1638 3288 αὐτὴν
1669 3235 1875 3271 πεπον-

1989 3213 2105 3268 ﬁeri
2151 3223 2366 3282 poterat
2408 3225 2466 3268 ut
2504 3231 2567 3271 ea
2597 3217 2719 3272 sine
2755 3232 2994 3274 mmrore
3043 3221 3270 3276 omnino
3315 3223 3593 3293 transige-

279 3317 437 3373 θόναι
458 3333 474 3348 ⁶
510 3316 632 3371 οὐδὲ
662 3315 773 3387 γὰρ
807 3313 1087 3383 ἐνεδέχετο
1121 3311 1476 3365 παντάπασιν
1516 3310 1741 3373 ἀλύπως
1782 3310 1881 3363 αὐ-

278 3409 381 3480 τὴν
419 3409 728 3477 διαγαγεῖν.
766 3406 836 3459 Ἦ
874 3403 1126 3475 βούλεται
1155 3403 1407 3472 σημᾶναι
1436 3402 1498 3453 τὸ
1532 3402 1746 3472 χρόνιον
1775 3399 1880 3470 τῆς

280 3502 524 3563 ἀνέσεως
551 3516 566 3531 ⁸
603 3498 728 3555 οὐδὲ
758 3498 870 3569 γὰρ
904 3496 1088 3563 ὀλίγος
1128 3494 1366 3565 ἀριθμὸς
1398 3494 1538 3548 ὲτῶν
1585 3495 1735 3547 ἐστιν
1767 3493 1879 3546 ἀπὸ

277 3595 378 3652 τοῦ
437 3593 707 3660 Ἐζεκίου,
755 3590 842 3661 ἐφ’
893 3584 1066 3661 οὗπερ
1114 3589 1212 3643 καὶ
1267 3588 1444 3659 πέρας
1494 3587 1564 3640 τὰ
1599 3588 1741 3642 κατὰ
1784 3586 1878 3640 τὸν

280 3686 645 3759 Σεναχειρεὶμ
671 3682 858 3747 ἔλασε,
887 3681 1054 3752 μέχρι
1091 3683 1194 3750 τῆς
1223 3678 1480 3741 ἁλώσεως
1505 3677 1606 3747 τῆς
1635 3675 1875 3748 ἐσχάτης

291 3777 720 3850 Ἱεροσολύμων,
777 3776 873 3829 καὶ
925 3773 1028 3843 τῆς
1078 3771 1224 3826 κατὰ
1278 3770 1386 3824 τῶν
1441 3769 1650 3824 λοιπῶν
1702 3767 1875 3822 ὲθνῶν

278 3873 469 3928 ἀνόδου
519 3869 613 3923 τοῦ
659 3865 1161 3938 Ναϐουχοδονόσορ.
1215 3862 1342 3919 Ὀτι
1374 3863 1433 3916 δὲ
1474 3860 1652 3916 ταῦτα
1699 3858 1876 3926 οὕτως

277 3965 414 4037 ἔχει,
451 3962 648 4035 μηνύει
675 3959 746 4015 τὰ
771 3959 1112 4028 ὲπαγόμενα.

349 4057 460 4112 Καὶ
507 4057 621 4110 οὐκ
668 4052 917 4124 ἐνέχεεν
946 4050 1017 4116 ἐξ
1049 4050 1293 4120 ἀγγείου
1322 4050 1409 4115 εις
1437 4047 1716 4118 ἀγγεῖον,
1772 4047 1873 4102 καὶ

275 4151 365 4217 είς
409 4147 780 4217 ἀποικισμὸν
818 4146 933 4200 οὐκ
981 4143 1301 4212 ᾠχήσατο’
1332 4141 1430 4195 διὰ
1483 4140 1660 4196 τοῦτο
1697 4141 1872 4195 ἔσται

278 4240 468 4309 γεῦμα
523 4238 714 4294 αὑτοῦ
772 4237 843 4292 ἐν
889 4234 1092 4301 αὐτῷ,
1151 4234 1251 4288 καὶ
1299 4232 1459 4302 ὀσμὴ
1509 4232 1703 4288 αὑτοῦ
1757 4234 1870 4286 οὐκ

281 4332 584 4399 ἐξέλιπεν.

347 4424 767 4496 Παραδείγματι
799 4423 1076 4495 ἐχρήσατο
1110 4462 1126 4487 ,
1156 4420 1246 4473 ἵνα
1282 4417 1450 4472 αὐτοῦ
1487 4418 1587 4490 τῆς
1626 4419 1869 4484 ἀνέσεως

276 4518 369 4575 τὸν
402 4518 597 4589 χρόνον
625 4515 870 4586 σημάνῃ·
899 4514 976 4578 ὡς
1010 4512 1121 4585 γὰρ
1151 4508 1317 4576 οίνος,
1350 4512 1504 4583 φησὶ,
1541 4511 1766 4583 βληθεὶς
1788 4514 1870 4576 είς

1988 3315 2130 3360 rent.
2163 3304 2259 3360 Vel
2294 3316 2509 3376 tempus
2529 3307 2734 3377 quietis
2772 3308 3088 3377 significare
3112 3314 3245 3365 vult.
3279 3309 3394 3367 Nec
3440 3313 3588 3366 enim

1984 3397 2242 3451 minimus
2279 3406 2365 3451 est
2395 3412 2664 3452 annorum
2692 3413 2980 3463 numerus,
3004 3401 3050 3454 si
3082 3415 3111 3453 a
3144 3410 3392 3470 tempore
3448 3403 3592 3457 Eze-

1987 3489 2126 3544 chiae
2151 3498 2560 3558 computentur,
2582 3505 2690 3559 quo
2710 3505 2796 3545 res
2813 3505 2843 3545 e
2866 3489 3212 3551 Senachirim
3232 3493 3584 3562 gestteﬂnem

1984 3581 2251 3648 habuere,
2281 3597 2452 3652 usque
2481 3583 2548 3636 ad
2576 3582 2825 3637 ultimam
2866 3582 3371 3656 Hierosolymorum
3404 3588 3587 3656 capti-

1978 3672 2227 3734 vitatem,
2258 3681 2312 3724 et
2344 3671 2577 3726 reditum
2634 3671 3192 3733 Nabuchodonosoris
3222 3674 3290 3727 ad
3345 3673 3587 3744 reliquas

1979 3773 2192 3835 gentes.
2227 3763 2354 3819 llaec
2389 3779 2554 3835 porro
2582 3764 2658 3820 ita
2705 3779 2767 3821 se
2800 3765 3008 3820 habere
3053 3765 3302 3821 indicant
3349 3781 3414 3822 ea
3461 3783 3585 3838 quae

1977 3856 2306 3914 subduutur.

2046 4039 2115 4095 Et
2135 4057 2237 4095 non
2263 4041 2605 4110 e/fundelzant
2630 4040 2694 4094 de
2721 4056 2843 4094 vase
2873 4041 2929 4094 in
2962 4055 3081 4104 vas,
3106 4048 3157 4094 et
3213 4041 3269 4095 in
3320 4045 3584 4098 transmi-

1975 4134 2276 4204 grationem
2308 4149 2411 4186 non
2441 4133 2611 4196 abiit;
2638 4132 2755 4185 ideo
2793 4132 2893 4186 erit
2917 4141 3108 4202 gustus
3148 4132 3267 4202 ejus
3327 4134 3386 4189 in
3439 4138 3579 4203 ipso,

1975 4237 2022 4278 et
2055 4225 2192 4278 odor
2223 4227 2339 4293 ejus
2362 4241 2465 4278 non
2492 4223 2712 4291 defecit.

2048 4409 2316 4478 Exemplo
2346 4423 2479 4465 usus
2508 4417 2617 4475 est,
2650 4418 2708 4465 ut
2742 4408 2861 4481 ejus
2887 4410 3088 4480 quietis
3152 4420 3368 4482 tempus
3409 4413 3580 4484 signi-

1975 4503 2188 4559 ﬁcaret.
2215 4501 2396 4556 Veluti
2423 4502 2571 4556 enim
2600 4503 2812 4568 vinum,
2844 4503 2944 4568 ait,
2979 4504 3032 4558 in
3067 4519 3199 4561 vase
3229 4505 3577 4570 obseratum,

276 4579 502 4681 ἀγγείον
545 4610 640 4662 ἐπὶ
673 4579 928 4662 πλεῖστον
958 4579 1152 4677 χρόνον
1195 4579 1642 4675 φυλαττόμενος,⁷
1666 4604 1762 4657 καὶ⁵
1792 4605 1866 4675 μὴ

1984 4598 2021 4651 si
2063 4596 2220 4650 multi
2255 4594 2521 4664 temporis
2545 4594 2722 4663 spatio
2754 4596 3090 4650 custoditum
3117 4611 3228 4651 non
3276 4608 3582 4654 commute-

279 4699 755 4772 μεταϐαλλόμενος
780 4737 796 4762 ,
833 4697 932 4768 τὴν
969 4696 1070 4766 μὲν
1099 4695 1278 4765 τρύγα
1311 4694 1637 4763 καθίστησιν
1664 4695 1744 4755 εἰς
1773 4691 1867 4745 τὸν

275 4793 373 4848 τοῦ
404 4793 632 4861 ἀγγείου
669 4790 922 4862 πυθμένα
950 4832 966 4857 ,
1008 4789 1220 4859 εὐώδης
1256 4787 1315 4841 δὲ
1349 4786 1565 4854 γίνεται
1610 4788 1705 4840 καὶ
1737 4786 1870 4855 ἡδὺς

279 4882 417 4954 πρὸς
448 4883 634 4935 πότον·
665 4881 828 4944 οὕτω,
851 4880 1010 4949 φησὶ,
1039 4880 1234 4948 γέγονε
1269 4876 1364 4932 καὶ
1386 4876 1416 4928 ὀ
1441 4874 1639 4930 Μωάὸ·
1673 4875 1866 4948 ἀνείθη

277 4977 373 5031 ἐπὶ
401 4974 584 5045 πολλῷ
619 4973 699 5043 τῷ
726 4975 906 5044 χρόνῳ
936 4975 1033 5026 καὶ
1061 4971 1175 5042 ἔχει
1206 4970 1308 5042 τὴν
1341 4969 1550 5024 οίκείαν
1581 4969 1870 5039 σύστασιν,

278 5072 372 5125 καὶ
402 5072 720 5141 περὶφημος
750 5068 843 5119 ἐπὶ
877 5069 944 5138 τῇ
973 5066 1244 5136 εὐκοσμίᾳ
1274 5063 1593 5134 γεγένηται,
1626 5064 1744 5117 ἀλλ’
1780 5065 1874 5120 οὔ-

274 5173 394 5226 τιγε
438 5159 520 5221 είς
565 5155 721 5220 τέλος
772 5156 1055 5226 διαμενεῖ,
1090 5155 1248 5223 δίκην
1285 5154 1344 5207 δὲ
1380 5151 1551 5207 δώσει
1601 5153 1697 5207 τοῦ
1729 5155 1867 5210 Θεοῦ

280 5245 533 5314 ἅποφηνα
540 5244 725 5315 μένου.

347 5335 458 5388 Καί
493 5333 888 5399 ἐξαποστελῶ
917 5334 1080 5400 αὐτῷ
1109 5335 1461 5402 κλίνοντος,
1495 5335 1596 5390 καί
1623 5337 1868 5392 utro?)-

272 5437 383 5478 σιν
407 5426 616 5481 αὐτόν.

358 5511 423 5568 '0
463 5511 742 5584 Ἐϐραῖος,
796 5515 1060 5581 ’1ὧντας,
1118 5515 1255 5586 ἔχει·
1287 5518 1355 5587 τῇ
1415 5516 1528 5587 γὰρ
1580 5519 1867 5589 μεταφορᾷ

278 5607 559 5679 inausum
578 5607 715 5678 δήλη
738 5607 796 5662 δὲ
824 5610 859 5679 ή
885 5608 1083 5678 ἔννοια,
1103 5610 1198 5664 καὶ
1223 5610 1333 5665 ἀπὸ
1362 5611 1462 5681 τῆς
1485 5609 1581 5664 τοῦ
1617 5611 1868 5681 Έλληνι-

277 5695 376 5752 κοῦ
402 5697 704 5769 ἑρμηνείας

343 5873 391 5906 ¹⁹
433 5873 535 5928 lsa.
579 5889 666 5934 xv,
711 5876 762 5929 l.

1979 4696 2087 4754 tur,
2117 4686 2307 4742 {recent
2351 4688 2408 4740 in
2444 4686 2594 4742 vasis
2637 4685 2806 4741 fundo
2837 4686 3086 4757 deponit,
3111 4689 3340 4744 odorem
3397 4699 3582 4744 tamrn

1977 4780 2370 4835 etsuavitatem
2391 4779 2494 4834 sibi
2518 4789 2802 4848 comparat
2827 4799 2841 4834 :
2864 4781 2966 4843 sic,
2987 4781 3088 4844 ait,
3112 4791 3168 4836 et
3185 4779 3348 4836 Moab
3367 4783 3582 4852 quievit

1980 4872 2244 4927 immotus
2271 4873 2442 4927 multo
2474 4881 2742 4940 tempore,
2772 4874 3170 4943 propriamque
3210 4875 3579 4930 substantiam

1981 4965 2148 5020 habet
2172 4981 2186 5017 :
2215 4973 2270 5020 et
2297 4964 2530 5020 celebris
2551 4965 2621 5021 ob
2645 4965 3109 5035 pulchritudinem
3147 4967 3328 5024 factus
3352 4979 3461 5032 est,
3487 4971 3582 5024 sed

1984 5071 2092 5112 non
2115 5069 2337 5125 semper
2356 5057 2556 5112 similis
2575 5059 2701 5124 erit,
2728 5059 2861 5126 imo,
2884 5058 2997 5114 Deo
3027 5059 3109 5115 sic
3131 5069 3430 5126 statuente,
3462 5075 3582 5130 pm-

1978 5164 2079 5204 nas
2109 5149 2278 5208 dabit.

2054 5331 2218 5388 Vsus.
2242 5333 2328 5388 ιε.
2354 5331 2421 5385 Et
2445 5333 2652 5385 mittam
2677 5333 2726 5386 ei
2748 5343 3057 5400 sternenles,
3102 5343 3153 5388 et
3181 5346 3411 5390 uernent
3437 5353 3579 5394 eum.

2050 5516 2317 5572 Hebraeus
2349 5519 2663 5573 exlmurient
2697 5520 2895 5586 habet;
2927 5522 3175 5591 persistit
3197 5524 3345 5578 enim
3383 5524 3438 5578 in
3464 5540 3581 5577 me-

1980 5613 2232 5681 taphora.
2266 5611 2468 5665 Verum
2509 5624 2566 5667 et
2596 5627 2662 5668 ex
2701 5613 3156 5685 interpretatione
3187 5614 3374 5672 Greca
3409 5617 3583 5670 mani-

1976 5705 2120 5760 {esta
2147 5716 2234 5761 est
2264 5718 2562 5763 sententia.
