4226 6454
309 346 448 403 ίθίὶθ

1422 340 1849 394 FRAGMENI'A
1893 343 1956 388 ΙΝ
1995 339 2371 391 JEIiEMIAﬂ.

3471 333 3615 396 10⁸59

391 463 573 535 Ἰακὶμ
608 464 764 528 πόλις
807 460 878 536 ἦν
911 458 1144 533 μεγίστη
1174 456 1233 510 ὲν
1261 457 1328 527 τῇ
1378 453 1592 507 πεδιάδι
1640 452 1896 523 κειμένη,

2077 450 2241 507 lacim
2271 449 2469 506 civitas
2501 456 2620 505 erat
2648 449 2886 508 maxima
2933 451 2987 508 in
3025 452 3237 524 campis
3272 453 3399 519 sita,
3436 469 3605 524 quam

307 557 376 628 ἢν
399 555 740 628 ὁρμητήριον
770 555 914 610 κατὰ
941 552 1050 607 τῶν
1074 548 1352 619 πολεμίων
1382 546 1699 616 ἐκέκτηντο.
1737 545 1901 614 Λέγει

304 643 424 717 οὖν,
451 649 534 703 ὅτι
564 649 657 720 Μὴ
685 648 942 720 θαρσεῖτε
971 644 1060 698 ἐπ’
1089 642 1254 714 αὐτῇ,
1289 639 1738 713 καταστρέφεται
1763 637 1895 710 γάρ.

378 834 693 904 Διέῤῥσυσε
729 831 801 887 τὰ
825 831 1003 886 πεδία
1026 845 1166 884 σου.

376 923 695 987 Τουτέστιν,
723 923 839 976 Ούκ
871 923 1011 993 αὕτη
1047 918 1210 990 μόνον
1238 916 1512 980 ἀπώλετο,
1547 915 1686 969 ἀλλὰ
1718 914 1814 969 καὶ
1843 917 1899 968 ai

302 1013 489 1071 λοιπαὶ
518 1017 578 1069 ὲν
600 1016 724 1079 ταῖς
756 1014 974 1069 πεδιάσι
1003 1013 1259 1082 κείμεναι
1290 1009 1626 1082 μετ’,αύτῶν
1651 1010 1763 1064 τῶν
1805 1026 1902 1063 πε-

299 1107 454 1171 δίων,
484 1106 594 1161 τῶν
647 1105 928 1176 πολεμίων
979 1104 1162 1158 πάντα
1188 1102 1260 1156 τὰ
1304 1102 1696 1175 προσπεσόντα
1740 1101 1903 1174 δῃου-

352 1197 507 1251 ἐνων.

352 1216 507 1251 ςνων.

306 1216 345 1268 μ
376 1291 393 1310 ο
448 1289 571 1342 Ἐπὶ
603 1287 939 1357 κατάρωσιν
986 1283 1099 1355 τῆς
1126 1282 1336 1354 Βοσὼρ
1364 1283 1434 1337 ἐν
1475 1283 1648 1353 μέσῳ
1669 1282 1894 1354 μέρους

302 1379 521 1449 αὐτῆς.

377 1472 490 1543 Τὴν
543 1471 786 1542 Βόστραν
829 1469 1097 1540 λέγειοὴ
1157 1463 1267 1539 γὰρ
1307 1468 1405 1523 νῦν
1463 1468 1730 1538 Ἀραϐία,
1781 1467 1902 1520 τότε
1954 1516 1956 1518 ,

315 1563 590 1633 Ἰδουμαία
635 1557 726 1632 ἦν.
777 1561 852 1612 Τὸ
896 1559 953 1612 δὲ
980 1598 995 1622 ,
1038 1557 1140 1613 Ἐν
1185 1558 1356 1627 μέῠῳ
1409 1558 1635 1628 μέρους
1668 1557 1899 1626 αὐτῆς,

303 1652 841 1724 συντηιμέναςβχει
895 1649 1067 1704 διὰτὸ
1103 1645 1242 1704 εἶναι
1278 1651 1449 1720 αὐτὴν
1489 1649 1851 1721 μητρόπολιν.

385 1747 531 1802 Ἰδοὺ
564 1748 646 1814 ὡς
675 1747 834 1800 λέων
881 1742 1252 1811 ἀναϐήσεται
1284 1746 1352 1798 ἐκ
1381 1745 1579 1813 μέσου
1609 1743 1718 1797 τοῦ
1767 1743 1902 1811 Ἰορ-

2007 543 2384 614 possidebant,
2410 553 2467 596 ttt
2493 542 2618 598 belli
2653 545 3012 600 munitionem
3044 560 3166 602 eam
3193 552 3388 602 contra
3422 548 3611 604 hostes

2007 637 2296 692 haberent.
2357 636 2501 692 Dicit
2535 635 2724 709 itaque
2758 655 2772 692 :
2821 636 2900 694 Ne
2941 638 3123 696 lidatis
3157 639 3210 694 in
3265 653 3359 705 ea,
3401 641 3609 697 etenim

2007 727 2276 783 deetruitu
2286 744 2331 782 r.

2077 817 2429 887 Deﬂuxer'stnt
2458 821 2635 890 campi
2678 821 2785 875 tui.

2077 910 2136 966 id
2161 920 2271 976 est,
2307 909 2423 967 Non
2453 922 2664 967 tantum
2691 913 2808 982 ipsa
2845 911 3124 970 destructa
3152 922 3262 980 est,
3295 914 3392 970 sed
3423 923 3479 970 et
3507 929 3615 970 ca:-

2009 1010 2148 1058 terte-
2177 1004 2377 1070 urbes,
2425 1021 2548 1076 quae
2582 1014 2741 1060 erant
2783 1005 2836 1060 in
2891 1006 3100 1076 campis
3133 1021 3240 1062 una
3279 1021 3406 1063 cum
3438 1008 3574 1078 ipsis
3595 1049 3614 1075 ,

2007 1091 2256 1149 hostibus
2286 1094 2448 1149 obvia
2483 1096 2746 1150 universa
2783 1094 3195 1167 diripientibus.

2078 1284 2095 1304 '
2119 1278 2284 1338 Vens.
2315 1282 2400 1337 15.
2436 1281 2501 1337 In
2527 1281 2953 1339 maledictionent
3014 1283 3187 1340 Bosor
3212 1285 3268 1340 in
3286 1286 3460 1340 medio
3483 1303 3616 1357 par-

2009 1371 2076 1425 tis
2103 1369 2276 1426 illius.

2078 1463 2327 1520 Bostram
2357 1465 2435 1519 ait
2462 1483 2475 1519 :
2512 1479 2633 1534 qua:
2663 1466 2811 1522 enim
2866 1482 3014 1523 nunc
3047 1468 3249 1524 Arabia
3273 1507 3289 1533 ,
3324 1477 3451 1526 tunc
3487 1469 3615 1525 ldu-

2009 1569 2143 1608 mtea
2167 1565 2307 1610 erat.
2340 1554 2477 1611 Illud
2508 1571 2659 1620 vero,
2688 1556 2758 1611 In
2786 1559 2965 1614 medio
2987 1561 3160 1630 partis
3188 1561 3358 1630 illius,
3388 1563 3617 1634 conjun-

2009 1654 2139 1710 ctas,
2172 1647 2361 1711 habet,
2394 1663 2459 1704 eo
2493 1650 2641 1718 quod
2673 1660 2826 1708 esset
2859 1653 3205 1723 metropolis.

2080 1740 2247 1797 Vsus.
2285 1741 2376 1796 19.
2421 1741 2559 1797 Ecce
2585 1743 2741 1814 quasi
2776 1743 2856 1799 leo
2887 1747 3136 1801 ascendet
3172 1746 3240 1801 de
3277 1749 3452 1804 medio
3485 1750 3615 1806 Jor-

304 1837 495 1893 δάνου
520 1841 606 1904 εἰς
623 1811 816 1893 τόπον
847 1836 1052 1906 Ἐθάμ,
1074 1835 1164 1892 ὅτι
1203 1839 1354 1908 ταχὺ
1383 1811 1654 1902 *ἐκδιώξω
1675 1836 1900 1904 αὐτοὺς

2010 1830 2163 1886 donis
2196 1833 2251 1885 in
2273 1831 2446 1886 locum
2478 1811 2671 1888 Emam
2695 1872 2711 1899 ,
2749 1835 2880 1905 quia
2901 1835 3004 1890 cito
3034 1836 3296 1908 expellam
3326 1855 3413 1894 eos
3437 1839 3505 1895 ab
3527 1857 3614 1896 ea.

304 1928 408 1982 ἀπ’
439 1929 652 1997 αὐτῆς.

380 2019 458 2074 Τὸ
504 2023 679 2090 ἐθὰμ
720 2019 928 2090 ὀφείλει
987 2022 1138 2094 ἔχειν
1173 2019 1318 2073 κατά
1348 2019 1412 2072 τὸ
1452 2017 1766 2088 Ἐὄραῖκόνο
1802 2034 1899 2087 ση-

309 2114 494 2187 μαίνει
538 2113 595 2167 δὶ
643 2114 1022 2182 τὸ.ίσχυρόν’
1079 2111 1334 2184 βούλεται
1376 2111 1433 2164 δὲ
1483 2112 1701 2177 είπεῖν,
1747 2111 1831 2163 ὅτι
1869 2112 1900 2163 ὁ

308 2207 586 2278 βάρϐαρος
630 2205 882 2276 καθάπερ
913 2204 1051 2258 λέων
1081 2203 1308 2270 ἀωόἀς,
1350 2201 1618 2272 πορθήσει
1661 2198 1762 2273 τὴν
1793 2199 1899 2272 χώ-

308 2314 446 2370 ρανο
487 2295 581 2351 τοῦ
637 2296 694 2350 δὲ
753 2295 1023 2367 Ἰορδάνου
1072 2294 1508 2364 ἐμνημόνευσεν,
1554 2293 1634 2357 ὡς
1707 2292 1897 2346 αὐτόθι

310 2391 548 2462 μάλιστα
572 2388 776 2443 τούτων
800 2387 908 2442 τῶν
934 2387 1143 2459 Θηρίων
1169 2385 1567 2458 δεικνυμένων,
1603 2385 1699 2439 καὶ
1729 2384 1900 2438 ὄντων

307 2483 440 2555 φοόε
447 2483 579 2555 ρῶν.

379 2575 399 2597 ⁹
439 2573 518 2642 Τῇ
550 2571 752 2640 Κηδὰρ
776 2571 1125 2639 βασιλίσσῃ
1164 2568 1275 2637 τῆς
1306 2568 1506 2638 αὐλῆς
1541 2566 1622 2637 ἣν
1641 2567 1903 2633 ἐπάταξε

307 2665 850 2736 Ναϐουχοδονόσορ
875 2667 907 2717 ό
935 2663 1238 2728 ,βασιλεὺς
1266 2661 1650 2728 Βαϐυλῶνος.

378 2757 542 2825 Λέγει
576 2754 720 2808 κατὰ
755 2753 865 2806 τῶν
897 2751 1258 2823 Σαρακηνῶν·
1290 2748 1467 2814 οὕτως
1494 2749 1606 2821 ’τὰρ
1636 2746 1752 2819 ἔχει
1779 2747 1901 2812 ἔθος

305 2852 339 2920 ἡ
367 2849 490 2902 Θεία
521 2847 714 2919 Γριφὴ
747 2844 930 2899 καλεῖν
957 2844 1018 2897 τὸ
1048 2843 1200 2907 ἔθνος
1219 2843 1296 2913 τῷ
1315 2843 1410 2896 τοῦ
1431 2840 1627 2914 Κηδὰρ
1650 2841 1899 2911 ὀνόματι.

307 2941 383 2995 Τὸ
401 2940 458 2993 δὲ
484 2939 559 3008 τῇ
579 2939 933 3009 βασιλίσσῃ
955 2934 1066 3004 τῆς
1086 2934 1306 3004 αὐλῆς,
1329 2933 1501 3004 ὄνομά
1524 2935 1639 2989 ἐστι
1665 2933 1900 2997 πόλεως,

306 3033 337 3088 δ
382 3032 526 3087 κατά
559 3031 657 3101 μὲν
697 3029 798 3099 τὴν
859 3025 1119 3098 Ἐδραίαν
1159 3024 1344 3096 φωνὴν
1380 3023 1629 3077 ἐκαλεῖτο
1663 3021 1904 3091 Μελχὲο

322 3122 524 3190 Ἀσὼρ,
558 3123 696 3189 ὅπερ
726 3117 1068 3189 ἑρμηνεύων,
1102 3115 1355 3182 ἐποίησε
1383 3113 1794 3178 βασίλισσαν.
1828 3113 1902 3164 Τὸ

305 3172 583 3284 δῖ’·Ᾰὲιῷ
605 3172 808 3281 audiit;
849 3172 1130 3281 σημαίνειο
1171 3172 1302 3271 ἴσως
1329 3172 1422 3260 οὖν
1450 3207 1547 3260 καὶ
1587 3205 1664 3269 ὼς
1701 3204 1905 3276 μητρό-
1933 3172 1976 3230 c

304 3311 465 3364 πολιν
495 3307 672 3370 οὕτως
717 3305 952 3359 ἐκάλουν
993 3303 1093 3373 τὴν
1130 3302 1311 3365 πόλιν,
1345 3301 1421 3364 ὡς
1451 3298 1518 3352 τὰ
1551 3297 1724 3351 πολλὰ
1754 3297 1905 3366 γίνε-

309 3405 438 3460 σθαι
461 3401 629 3473 φιλεῖ,
651 3398 858 3468 ταύτην
886 3396 1078 3466 ἔλαχεν
1102 3389 1240 3448 οὖσα
1267 3391 1365 3463 τὴν
1396 3390 1739 3461 ἐπωνυμίαν.
1771 3384 1906 3443 Εἶτα

308 3495 452 3569 μιτά
476 3490 636 3547 τοῦτο
665 3487 1006 3561 προφητεύει
1046 3485 1191 3540 κατὰ
1223 3484 1326 3554 τῆς
1369 3483 1542 3538 ’Δῖλά.
1573 3483 1714 3537 Φασὶ
1742 3483 1799 3536 δὲ
1831 3477 1906 3535 εἷ-

307 3602 396 3640 ναι
440 3581 755 3653 Ἐλαμίτας,
791 3580 916 3642 τοὺς
949 3575 1045 3631 νῦν
1076 3575 1454 3646 καλουμένους
1490 3573 1731 3646 Πέρσας,

912 3712 1183 3767 ΚΕΦΑΛ.
1215 3710 1296 3764 N'.

455 3848 869 3920 Ἀναπείλατε
903 3847 969 3902 ἐν
1025 3845 1152 3913 τοῖς
1174 3845 1404 3900 ἔθνεσι.

382 3942 596 4011 Ὠσπερ
627 3937 937 4009 παραδόξου
981 3938 1309 4009 πράγματος
1331 3977 1345 4004 ,
1378 3935 1474 3991 καὶ
1501 3933 1677 3998 οὕτως
1705 3934 1904 3990 ἐκϐάν-

305 4051 423 4100 τος,
463 4033 534 4088 τά
577 4032 842 4104 προοίμια
870 4030 1012 4084 οὕτω
1043 4031 1301 4085 ποιεῖται.
1337 4029 1414 4084 Τὸ
1445 4029 1555 4101 γὰρ
1578 4030 1775 4095 εἰπεῖν,
1805 4029 1904 4099 Μὴ

311 4127 609 4197 aptium“,
682 4126 760 4189 ὼς
805 4126 939 4196 παρ’
981 4123 1142 4190 ἀξίαν
1189 4123 1362 4194 αὐτῆς
1408 4121 1712 4192 παθούσης,
1754 4123 1788 4194 ἢ
1824 4122 1906 4176 ὅτι

311 4220 408 4275 καὶ
434 4217 611 4281 οὐδεὶς
643 4217 814 4287 αὐτῆς
855 4216 1114 4286 ἀγνοήσει
1143 4216 1243 4279 τάς
1293 4216 1610 4286 συμφορὰς,
1650 4215 1904 4288 καθάπερ

311 4311 405 4367 ἰπὶ
433 4309 528 4363 τοῦ
551 4307 753 4380 Φαραὼ
783 4307 1089 4377 πεποίηκεν
1117 4309 1147 4360 ὁ
1175 4307 1328 4374 Θεὸς,
1358 4306 1444 4362 ἵνα
1475 4307 1781 4378 ἐνδείξηται
1804 4307 1904 4381 τὴν

311 4402 480 4475 ὀργὴν
509 4399 708 4464 αὑτοῦ,
744 4400 836 4453 καὶ
877 4399 1122 4473 γνωρίσῃ
1161 4399 1224 4452 τὸ
1263 4399 1490 4452 δυνατὸν
1530 4397 1730 4466 αὑτοῦ,
1760 4399 1905 4453 οὓτω

2078 2014 2240 2071 Juxta
2275 2025 2484 2072 textum
2518 2017 2876 2085 Hebraicum,
2908 2017 3107 2074 Etham
3157 2021 3444 2093 legendum
3491 2034 3613 2090 est,

2008 2109 2154 2179 quod
2186 2109 2458 2164 robustum
2501 2111 2802 2182 signiﬁcat.
2845 2111 2911 2166 Et
2937 2128 3134 2169 sensus
3176 2124 3303 2170 est:
3334 2115 3615 2174 Barbarus

2010 2198 2164 2267 quasi
2191 2198 2273 2253 leo
2306 2200 2610 2256 ascendens
2642 2207 2843 2257 terram
2874 2203 3135 2258 vastabit.
3162 2201 3412 2260 Heminit
3443 2220 3612 2278 porro

2008 2288 2300 2359 Iordanis,
2340 2306 2468 2348 cum
2511 2291 2582 2348 ibi
2609 2281 2808 2350 bellua:
2840 2295 2923 2351 hat
2963 2297 3239 2367 praecipue
3264 2299 3614 2372 maximeque

2011 2381 2306 2440 horribiles
2339 2383 2650 2440 videantur.

2082 2567 2102 2588 ⁹
2138 2565 2302 2620 Vens.
2342 2564 2436 2621 28.
2475 2569 2591 2637 Ipsi
2630 2566 2805 2623 Cedar
2840 2568 3038 2638 reginae
3072 2568 3248 2637 aulis,
3283 2586 3443 2642 quam
3479 2589 3613 2643 (per-

2011 2657 2180 2713 cussit
2212 2658 2706 2714 Nabuchodonosor
2729 2675 2821 2714 rea:
2848 2658 3162 2731 Babylonis.

2078 2749 2283 2806 Contra
2330 2752 2643 2808 Saracenos
2689 2766 3002 2808 sermonem
3049 2754 3285 2822 dirigit:
3341 2757 3413 2810 ita
3464 2758 3610 2813 enim

2012 2843 2152 2898 solet
2183 2843 2368 2898 divina
2387 2842 2672 2913 Scriptura
2702 2844 2882 2899 Cedar
2904 2845 3127 2902 nomine
3152 2847 3432 2904 nationem
3463 2848 3610 2906 illam

2014 2933 2308 3004 appellare.
2343 2934 2547 3007 Regina
2568 2935 2744 2991 aulis:
2774 2952 2970 2993 nomen
3004 2947 3089 2993 est
3117 2938 3291 3006 urbis,
3325 2956 3448 3012 quae
3481 2957 3613 2999 voce

2013 3023 2279 3081 llebraica
2313 3025 2570 3082 Melcheth
2598 3028 2761 3096 Asor,
2790 3028 3111 3096 vocabatur,
3153 3031 3298 3100 quod
3337 3033 3612 3103 interpre-

2015 3126 2162 3172 tatur
2190 3118 2315 3187 fecit
2343 3120 2602 3191 reginam.
2639 3121 2780 3174 Asor
2809 3120 2992 3174 aulam
3029 3121 3336 3193 signiﬁcat;
3373 3125 3612 3182 fortasse

2013 3206 2179 3275 igitur
2215 3206 2379 3262 veluti
2415 3209 2766 3278 ntetropolim
2799 3209 2872 3264 ita
2897 3209 3091 3268 urbem
3121 3211 3518 3278 nominabant,
3553 3225 3612 3269 ut

2010 3301 2214 3369 saepius
2251 3303 2578 3373 contingere
2606 3302 2767 3359 solet.
2801 3301 2932 3359 Post
2960 3302 3075 3360 hate
3102 3313 3293 3360 contra
3324 3305 3444 3360 Aila
3473 3308 3612 3361 vati-

2009 3395 2227 3449 cinatur
2251 3411 2266 3459 ;
2293 3405 2548 3451 asserunt
2575 3411 2705 3453 vero
2735 3396 2839 3453 hos
2869 3411 2991 3454 esse
3027 3396 3316 3464 Elamitas,
3340 3398 3432 3470 qui
3465 3414 3610 3456 nunc

2011 3486 2191 3542 Pers:e
2226 3497 2514 3544 vocantur.

2680 3712 2836 3770 CAP.
2877 3712 2941 3769 L.

2080 3842 2246 3898 Vens.
2283 3843 2339 3898 Ξ.
2371 3844 2703 3900 Annuntiate
2727 3846 2783 3900 in
2813 3845 3078 3916 gentibus.

2082 3932 2366 4004 Tanquam
2395 3933 2462 3990 de
2490 3949 2552 3990 re
2587 3935 2867 4005 inopinata
2895 3943 2952 3992 et
2983 3936 3098 4008 jam
3124 3946 3320 3994 eventa
3354 3940 3609 4009 probata,

2010 4008 2090 4080 sic
2141 4024 2460 4081 exorditur.
2509 4025 2645 4081 Nam
2692 4027 2835 4097 quod
2881 4027 3047 4096 dicit,
3102 4026 3187 4083 Ne
3243 4008 3610 4099 abscondatis,

2010 4119 2168 4187 quasi
2212 4118 2434 4188 indigna
2466 4133 2630 4189 passa
2673 4119 2769 4176 sit.
2818 4119 2915 4176 Vel
2950 4122 3095 4188 quod
3128 4136 3293 4178 nemo
3332 4124 3613 4193 ignorabit

2008 4210 2127 4279 ejus
2151 4211 2510 4277 calamitates,
2546 4212 2690 4268 sicut
2711 4213 2988 4270 Pharaoni
3021 4214 3164 4274 Deus
3186 4215 3337 4282 fecit,
3369 4227 3428 4272 ut
3450 4233 3609 4273 suam

2008 4303 2322 4360 ostenderet
2352 4303 2490 4358 iram
2514 4315 2568 4359 et
2591 4304 2894 4375 potentiam
2922 4321 3076 4361 suam
3101 4316 3286 4363 notam
3314 4309 3522 4367 faceret
3539 4313 3608 4377 ",

2011 4395 2091 4450 sic
2135 4403 2191 4450 et
2228 4395 2440 4452 civitati
2484 4394 2649 4465 hujus
2685 4396 3007 4468 Babylonis.
3049 4397 3218 4456 Vides
3267 4410 3325 4455 ut
3362 4406 3608 4472 generali

312 4496 408 4550 καί
431 4497 530 4567 τῆς
557 4493 766 4556 πόλεως
797 4492 1003 4562 ταύτης
1030 4492 1132 4560 τῆς
1156 4491 1502 4554 Βαϐυλῶνος.
1542 4491 1707 4563 Ὁρᾷς
1739 4492 1904 4546 αὐτὸν

2012 4497 2199 4543 utatur
2241 4490 2484 4560 nequitia
2533 4491 2588 4546 in
2633 4491 2976 4562 reliquorum
3021 4492 3315 4551 utilitatem
3363 4499 3433 4553 ob
3491 4501 3610 4554 cxi-

311 4587 630 4658 ὁλοκλήροις
661 4589 781 4649 ταῖς
810 4583 1105 4656 πονηρίαις
1134 4585 1215 4646 είς
1247 4583 1345 4655 τὴν
1375 4583 1770 4652 ὠφέλειαντῶν
1798 4584 1909 4638 λοι-

310 4680 430 4734 πῶν
463 4679 854 4750 ἀποχρώμενον
887 4677 975 4731 διὰ
997 4677 1096 4748 τὴν
1125 4677 1333 4730 οἰκείαν
1369 4675 1732 4747 εὐμηχανίαν.

384 4775 790 4843 Κατῃσχύνθη
821 4772 1039 4840 Βῆλος.

383 4866 670 4918 Δείκνυσιν
691 4865 772 4918 ὅτι
798 4865 898 4917 οὐκ
916 4863 1266 4934 ἀνθρωπίνης
1296 4863 1618 4928 ἀκολουθίας
1645 4866 1706 4918 τὺ
1731 4867 1910 4936 πρᾶγ-

315 4975 392 5028 μα
422 4952 514 5028 ἦν,
579 4953 690 5009 Ἦν
717 4956 828 5026 γὰρ
857 4955 1048 5010 πασῶν
1082 4957 1443 5027 ἰσχυροτέρα,
1480 4958 1578 5012 καὶ
1607 4959 1666 5010 ὲν
1701 4961 1910 5028 εὐπρα-

309 5051 407 5121 γίᾳ
436 5050 723 5118 διάγουσα.
761 5049 835 5103 Ού
879 5050 939 5102 τὸ
973 5051 1247 5120 τρυφερὸν
1274 5049 1595 5122 ὲδυσώπησε
1628 5052 1718 5106 τὸν
1751 5053 1904 5121 Θεὸν,

313 5144 413 5196 οὐκ
435 5142 562 5198 ἀλλο
594 5142 770 5195 οὐδέν.
803 5141 916 5194 Καὶ
945 5141 1123 5206 καλῶς
1163 5142 1517 5217 κατῃσχύνθη
1554 5143 1705 5216 παρὰ
1737 5162 1906 5218 προσο

312 5235 496 5288 δοκίαν
522 5235 630 5287 ὑπὸ
655 5233 916 5300 ἀναξίων.

382 5325 690 5394 Παρεδόθη
723 5325 1063 5396 Μαιρωδάκ.

377 5418 440 5472 Οἱ
476 5416 736 5481 ἐλάττους
772 5418 976 5486 αὐτῶν,
1019 5419 1114 5473 καὶ
1154 5418 1234 5482 είς
1263 5418 1418 5483 τέλος
1455 5422 1655 5486 αὐτοὺς
1693 5422 1904 5476 ἀναλώ-

313 5525 406 5564 σου
414 5525 520 5564 σιν.

393 5601 491 5655 Ἔν
518 5600 648 5668 ταῖς
672 5603 942 5672 ἡμέραις.

383 5768 430 5805 ⁸³
472 5769 632 5828 Rom.
666 5786 740 5838 tx,
769 5773 857 5828 l7.

672 5869 951 5932 PATBOL.
993 5871 1108 5933 (in.
1155 5870 1360 5930 LXIV.

2014 4583 2177 4636 mlam
2210 4595 2301 4638 res
2323 4581 2746 4640 administrandi
2774 4584 3050 4653 peritiam.

2083 4767 2350 4833 Confusus
2383 4777 2460 4823 est
2496 4768 2686 4824 Belus.

2079 4859 2336 4917 Ostendit
2394 4876 2510 4917 rem
2572 4876 2684 4916 non
2735 4861 2974 4917 humano
3023 4875 3178 4916 more
3233 4862 3606 4928 successisse;

2011 4958 2256 5012 omnium
2297 4957 2444 5012 enim
2489 4957 2787 5013 fortissima
2838 4965 2958 5012 erat
2997 4965 3052 5011 et
3096 4955 3334 5012 feliciter
3379 4956 3608 5028 degens.

2013 5050 2127 5105 Non
2160 5051 2278 5120 ejus
2323 5050 2531 5106 delicia:
2565 5029 2742 5106 beum
2779 5047 3087 5114 ﬂexerunt,
3121 5064 3226 5104 non
3272 5048 3417 5103 aliud
3450 5050 3607 5119 quid-

2011 5142 2178 5210 piam.
2212 5142 2280 5196 Et
2333 5143 2470 5198 bene
2499 5142 2764 5199 confusus
2795 5151 2880 5198 est
2913 5150 3110 5213 praeter
3139 5142 3608 5212 exspectationem

2015 5235 2084 5288 ab
2108 5235 2366 5306 indignis.

2089 5326 2309 5381 Tradita
2336 5336 2415 5382 est
2444 5327 2750 5384 Merodaclt.

2082 5415 2374 5473 Interiores
2415 5418 2566 5488 ipsis,
2595 5427 2652 5474 et
2678 5419 2896 5489 penitus
2929 5418 3049 5478 illos
3075 5418 3358 5477 delebant.

2079 5603 2239 5661 Vens.
2284 5606 2336 5660 4.
2378 5603 2444 5659 1η
2476 5605 2657 5662 diebus
2689 5607 2814 5662 illis.
