4226 6454
650 495 780 559 1631

723 620 1024 679 Considera
1060 629 1154 669 eos
1197 627 1302 667 non
1339 610 1609 679 fugientes
1631 650 1647 674 ,
1687 605 1779 659 sed
1825 602 2019 658 ordine
2049 600 2238 654 ambu-
2269 604 2311 660 Α

652 718 873 771 iantes:
931 718 1028 763 cur
1072 719 1202 760 vero
1246 701 1481 758 ﬂentes?
1537 709 1784 768 tempore
1840 688 2234 748 beneficiarum

655 806 921 873 praecipue
956 797 1305 868 peccatorum
1334 805 1556 848 sensum
1607 789 1829 850 habent,
1870 782 2015 853 quod
2044 782 2097 873 in
2124 793 2235 835 tam

542 884 543 887 “
656 871 995 950 mansuetum
1022 891 1434 954 humanumque
1458 881 1626 937 Deum
1648 872 2032 934 contumeliosi
2056 871 2231 937 fuere,

656 987 868 1055 quieos
899 982 1123 1037 omnino
1148 978 1328 1049 perire
1368 990 1474 1031 non
1513 971 1738 1045 patitur,
1785 969 1875 1039 qui
1930 964 2239 1021 ulciscendo

655 1079 839 1131 hostes
873 1072 1085 1128 reduxit
1116 1072 1281 1140 ipsos.

729 1164 922 1220 Faedus
956 1163 1092 1222 enim
1118 1169 1392 1215 internum.

717 1232 1011 1311 Considera
1039 1263 1225 1305 rursus
1253 1260 1519 1303 uteorum
1544 1240 1915 1310 arrogantiam
1937 1236 2233 1308 reprimat.

654 1362 723 1403 ne
751 1344 897 1401 enim
928 1346 1041 1400 suis
1070 1342 1286 1398 meritis
1335 1338 1613 1394 ascribunt
1674 1334 1817 1405 quod
1847 1330 2082 1404 regressi
2104 1328 2234 1393 sint,

654 1455 718 1494 ex
753 1441 922 1494 veteri
953 1437 1056 1492 hoc
1084 1436 1161 1491 ait
1194 1448 1318 1491 esse
1351 1432 1575 1488 findere.

728 1622 892 1677 Vnus.
922 1619 975 1676 6.
1012 1619 1142 1675 Oves
1162 1610 1381 1685 perditae
1405 1606 1577 1702 factus
1606 1624 1683 1668 est
1712 1610 1935 1681 populus
1964 1623 2130 1663 metu.

726 1712 861 1768 Nam
898 1726 965 1767 ne
1016 1712 1139 1780 quis
1172 1710 1417 1774 diceret,
1445 1699 1559 1761 Cur
1596 1701 1903 1774 perdidisti,
1935 1708 1990 1754 et
2018 1699 2196 1754 salvas
2222 1734 2237 1760 .

655 1815 874 1875 propter
900 1806 1055 1858 suam
1088 1801 1371 1870 segnitiem
1413 1793 1862 1866 perieruttthsi,
1896 1802 1951 1848 et
1976 1791 2067 1862 qui
2097 1804 2241 1861 pra:-

1378 480 1950 547 SUPPLEMENTUM
1990 479 2079 535 AD
2121 478 2178 532 S.
2220 475 2271 531 J.
2314 468 2798 530 CllRYSOSTOMI
2843 465 3093 527 οΡΕιιΑ.

3786 465 3936 523 103!

2415 594 2560 664 Ὀρα
2594 590 2792 652 αὐτοὺς
2833 588 2959 659 οὐχὶ
3001 585 3341 656 φεύγοντας,
3391 581 3529 637 ἀλλά
3560 582 3943 653 συντεταγμὲ-

2338 701 2482 747 νουςο
2510 685 2659 745 τίνος
2686 682 2872 735 ἕνεκεν
2902 678 3221 743 κλαίοντεςς
3252 678 3311 731 ὲν
3341 675 3419 746 τῷ
3444 673 3626 745 καιρῷ
3645 676 3756 728 τῶν
3773 675 3941 748 εὐερ-

2337 777 2541 844 γεσιῶν
2569 773 2808 846 μάλιστα
2832 771 2944 826 τῶν
2984 769 3409 840 ἁμαρτημάτων
3439 765 3816 830 αίσθάνονται,
3849 767 3941 822 ὅτι

2338 871 2421 933 είς
2461 868 2636 932 οὕτως
2663 869 2875 938 ἥμερον
2906 865 3003 917 καὶ
3031 861 3421 931 φιλάνθρωπον
3448 858 3583 912 Θεὸν
3609 858 3940 929 ἐξύϐρισαν,

2338 960 2429 1015 τὸν
2456 960 2558 1013 οὐκ
2598 958 2931 1029 ἀνεχόμενον
2962 956 3044 1018 είς
3076 953 3230 1015 τέλος
3260 952 3462 1023 αὐτοὺς
3491 949 3815 1017 ἀπολέσθαι,
3842 948 3935 1003 τοι

2340 1055 2400 1107 ὲν
2432 1055 2499 1125 τῇ
2529 1051 2638 1106 τῶν
2667 1050 2881 1123 ἰχθρῶν
2907 1049 3127 1118 ἐκδικίᾳ
3159 1044 3360 1108 αὐτοὺς
3387 1044 3762 1113 ἀναγαγόντα.

2246 1188 2249 1189 ν
2355 1182 2368 1192 -
2414 1140 2827 1218 Διαθὴκηχὰρ
2857 1140 3119 1205 αίώνιος.

2414 1236 2563 1309 Ὀρα
2595 1236 2758 1291 πάλιν
2786 1233 2969 1288 αὐτῶν
2990 1229 3067 1296 ὡς
3095 1228 3456 1286 καταστέλλει
3481 1227 3550 1283 τά
3582 1228 3937 1299 φρονήματα·

2340 1329 2431 1383 ἵνα
2454 1329 2567 1402 γὰρ
2593 1327 2694 1399 τὴν
2723 1326 2984 1381 ἐπάνοδον
3012 1327 3088 1394 μὴ
3128 1324 3243 1387 τοῖς
3280 1322 3510 1383 οἰκείοις
3541 1319 3938 1391 κατορθώμασι

2340 1419 2690 1488 λογίσωνται,
2727 1416 2895 1487 φησὶν
2924 1416 2990 1469 ὲκ
3036 1412 3279 1477 παλαιᾶς
3324 1411 3603 1482 συνθήκης
3642 1409 3802 1464 τοῦτο
3840 1425 3938 1479 γε·

2341 1513 2580 1583 γονέναι.

2405 1605 2692 1676 ὁΗρόίςαινα
2735 1602 3098 1658 ἀπολωλότα
3133 1597 3389 1668 ἐγενήθη
3423 1597 3457 1650 ὁ
3485 1596 3637 1659 λαός
3660 1610 3803 1663 μου.

2418 1699 2538 1751 Ἵνα
2572 1695 2681 1768 γάρ
2711 1696 2786 1767 μὴ
2817 1693 2948 1768 λέγῃ
2975 1710 3083 1756 τις,
3108 1691 3265 1753 Τίνος
3294 1689 3485 1742 ἕνεκεν
3518 1684 3810 1749 ἀπώλεσας
3837 1682 3938 1737 καὶ

2345 1788 2578 1853 σώζεις;
2612 1787 2701 1841 διά
2730 1786 2828 1855 τὴν
2871 1785 3082 1839 οἰκείαν
3128 1781 3409 1855 ρᾳθυμίαν
3462 1778 3744 1832 ἀπώλοντο
3779 1773 3939 1829 αὐτοὶ

652 1867 829 1953 erant.
877 1895 1045 1965 Igitur
1081 1867 1213 1947 illos
1251 1892 1385 1947 dare
1418 1902 1610 1961 pinnas
1657 1885 1984 1959 Oportebat,
2036 1883 2133 1939 sed
2185 1890 2243 1937 et
2275 1947 2315 1965 ἢ

2344 1880 2440 1934 καὶ
2463 1882 2513 1933 οἱ
2543 1879 2869 1949 προστάται.
2897 1875 3012 1929 Οὐκ
3036 1873 3130 1928 οὖν
3149 1873 3395 1935 ἐκείνους
3421 1870 3529 1924 ἔδει
3548 1868 3733 1926 δοῦναι
3754 1867 3935 1938 δίκην.

655 1990 812 2052 istos,
845 2003 912 2040 ne
939 1986 1047 2039 illis
1085 1990 1366 2054 parerent.

728 2082 893 2137 Obliti
916 2090 1038 2135 sunt
1065 2078 1253 2133 cubilia
1286 2078 1393 2132 sui.

706 2158 924 2229 Patria:
951 2172 1149 2229 oblitos
1175 2184 1319 2237 esse,
1350 2183 1538 2227 eorum
1567 2167 1850 2246 delictum.

730 2358 897 2413 Vens.
934 2358 991 2412 7.
1038 2354 1237 2411 Omnes
1280 2354 1370 2423 qui
1415 2355 1726 2408 inuenerunt
1765 2364 1852 2405 eos
1902 2343 2245 2402 absumebent

658 2470 769 2505 €03.

731 2541 866 2597 Vide
894 2552 950 2594 ut
980 2539 1248 2609 benignus
1301 2537 1419 2607 ipse
1453 2536 1548 2599 sit,
1583 2533 1775 2591 solitus
1802 2530 1872 2587 ab
1907 2531 2063 2586 initio
2086 2529 2248 2585 benc-

660 2636 778 2701 nciu
809 2635 861 2687 iu
890 2632 1007 2688 illos
1032 2630 1317 2694 conferre;
1351 2629 1426 2682 illi
1460 2638 1672 2690 contra,
1692 2627 1885 2696 iniqui.

744 2725 859 2778 lloc
892 2732 998 2786 est,
1033 2738 1101 2776 ne
1134 2722 1208 2776 sit
1266 2719 1419 2773 vobis
1466 2727 1621 2789 grata
1678 2714 1940 2770 habitatio
1981 2711 2245 2783 Babylon,

660 2815 913 2884 quoniam
946 2812 1014 2867 ibi
1047 2816 1450 2873 remanserunt,
1482 2806 1564 2861 vel
1598 2806 1643 2860 si
1676 2819 1781 2859 non
1812 2805 1953 2868 hoc,
1991 2811 2245 2869 tanquam

662 2909 947 2967 dracones,
978 2903 1032 2955 id
1064 2911 1169 2967 est,
1204 2899 1494 2954 horribiles
1526 2907 1580 2951 et
1614 2895 1822 2951 infesti.

727 2994 891 3052 Vens.
941 2993 1026 3049 12.
1066 2994 1133 3047 In
1170 2992 1337 3057 bona,
1373 2989 1681 3044 novissima.

725 3088 987 3144 Ultimaut
1030 3093 1191 3139 vocat
1225 3084 1434 3137 ratione
1458 3081 1563 3137 loci
1588 3118 1604 3144 ,
1639 3079 1780 3152 quod
1803 3091 1992 3133 omnes
2029 3075 2249 3131 device-

663 3181 734 3235 rit
774 3182 1065 3234 dcstruens
1114 3192 1229 3232 eos.
1269 3174 1367 3229 Vel
1416 3175 1541 3243 quia
1594 3172 1705 3226 Deo
1764 3170 2046 3240 peccavit"
2086 3168 2248 3237 idque

664 3272 931 3340 praecipue
972 3267 1188 3337 quidem
1224 3281 1289 3320 ex
1328 3264 1714 3333 praedictione,
1768 3261 1965 3316 deinde
2010 3273 2141 3312 vero
2180 3271 2243 3310 ex
2275 3279 2322 3341 ε

668 3363 838 3416 reditu
872 3359 1097 3415 Iudaico
1128 3357 1477 3413 manifestum
1511 3364 1619 3409 est.
1658 3353 1760 3418 Qui
1799 3352 1940 3406 enim
1980 3348 2249 3419 persuasit

662 3456 742 3507 eis
775 3454 865 3519 qui
896 3451 1169 3505 civitatem
1199 3456 1483 3515 ceperant,
1516 3455 1575 3499 ut
1601 3446 1701 3499 bos
1733 3443 2069 3497 dimitterent
2100 3448 2250 3493 tanto

663 3560 787 3599 cum
836 3544 1041 3597 honore
1065 3581 1081 3606 ,
1126 3540 1172 3593 is
1204 3540 1393 3607 utique
1419 3548 1474 3591 et
1505 3537 1789 3590 victoriam
1839 3542 2096 3602 operatus
2128 3540 2248 3593 est,

667 3637 866 3705 passim
898 3634 1127 3685 aﬂirmut
1163 3632 1304 3684 illam
1343 3644 1371 3681 a
1408 3628 1517 3683 Deo
1552 3629 1716 3681 tradi.

740 3727 895 3780 Vnus.
936 3726 1015 3778 16.
1056 3725 1094 3775 Α
1137 3723 1272 3790 [acie
1302 3721 1469 3791 gladii
1496 3719 1697 3774 (ξηροὶ.

733 3817 947 3871 Etenim
997 3816 1039 3869 si
1086 3828 1279 3868 errans
1329 3826 1434 3865 non
1484 3810 1700 3873 fuisset,
1748 3816 1903 3875 capta
1938 3821 2047 3861 non
2081 3814 2246 3867 esset,

663 3910 865 3980 quippe
907 3918 1114 3961 natura:
1145 3904 1574 3958 imbecillitatem
1630 3902 1708 3955 vis
1740 3900 1976 3971 pastoris
2014 3898 2250 3952 circurn-

665 4005 919 4055 vallabul.
954 3998 1081 4055 Ovis
1122 4006 1280 4062 erat,
1313 3996 1405 4051 sed
1450 3995 1552 4049 sub
1588 4003 1809 4064 pastore
1853 3991 1999 4055 Deo;
2035 3990 2080 4044 si
2132 3989 2251 4043 uvis

667 4094 1058 4165 pi‘rtttattsissel
1080 4088 1295 4144 subdita
1342 4097 1387 4142 et
1431 4085 1728 4148 obediens,
1776 4096 1881 4135 non
1914 4094 2075 4151 passa
2108 4086 2254 4131 esset

667 4204 785 4256 quae
810 4188 967 4255 passa‘
997 4194 1116 4246 est.
1143 4197 1245 4237 non
1277 4182 1422 4236 enim
1457 4187 1675 4248 propter
1709 4172 2121 4243 impotentiam,
2158 4168 2250 4224 sed

666 4278 809 4347 quod
844 4292 903 4329 se
934 4290 963 4329 c
1004 4275 1248 4329 Pastoris
1286 4270 1629 4343 providentia
1672 4266 1953 4327 subduxit,
1991 4261 2254 4319 suminuit

666 4384 785 4439 qua:
822 4367 1101 4421 sustinuit.

742 4459 900 4514 Vens.
936 4459 1023 4513 l7.
1068 4456 1261 4510 Leone:
1299 4453 1614 4519 expulerunt
1642 4468 1786 4505 eum.

742 4549 874 4605 Vide
908 4561 964 4603 ut
997 4550 1198 4618 passim
1234 4546 1528 4616 exprobret
1562 4556 1757 4613 pinnae.

740 4735 902 4789 Vens.
948 4730 1033 4786 18.
1078 4729 1364 4797 Propterea
1405 4728 1514 4781 ha’c
1542 4724 1690 4777 dicit.

742 4828 852 4878 Non
903 4823 1137 4877 habebas
1176 4829 1359 4888 aptum
1393 4815 1738 4885 exemplum?
1788 4812 1904 4869 Non
1952 4811 2249 4868 audiebas?

669 4916 1114 4982 Camprehendam
1166 4912 1342 4967 orbem
1398 4919 1660 4964 terrarum
1731 4908 1885 4976 quasi
1940 4907 2150 4971 nidum,
2199 4912 2251 4959 et

666 5010 819 5076 quasi
848 5006 1095 5061 derelicta
1143 5022 1237 5059 ora
1304 5017 1612 5056 consumam
1658 5000 1724 5053 ³¹.
1760 4999 1873 5053 Hoc
1908 4996 2111 5053 factum
2142 5006 2249 5062 est,

668 5110 721 5153 et
771 5097 940 5152 linem,
971 5094 1180 5152 habuit.
1236 5093 1614 5161 Vidisti-quod
1663 5105 1761 5159 ego
1813 5090 1964 5144 illum
2014 5088 2244 5155 tradidi,

669 5189 835 5244 multo
867 5187 1037 5256 magis
1067 5188 1131 5241 de
1160 5186 1331 5256 teipse
1359 5196 1542 5239 certus
1574 5184 1671 5238 sis.

737 5280 902 5336 Vsus.
933 5280 1019 5334 20.
1062 5280 1330 5345 Quaerant.

737 5373 853 5428 Non
905 5373 1038 5427 dixit
1082 5388 1095 5423 :
1128 5372 1264 5439 Quia
1299 5372 1387 5427 ille
1422 5374 1475 5425 in
1511 5370 1795 5425 meliorem
1826 5367 2033 5439 frugem
2063 5385 2123 5424 se
2156 5384 2243 5424 re-

668 5464 915 5527 vocavit;
949 5461 1043 5516 sed
1071 5479 1084 5515 :
1113 5462 1377 5527 Quoniam
1404 5475 1504 5529 ego
1529 5461 1667 5515 iram
1704 5459 1897 5527 abjeci.
1930 5459 2041 5513 Nec
2068 5460 2246 5514 dixit:

668 5554 782 5608 Erit
809 5554 1023 5623 quidem
1054 5552 1157 5617 ira,
1186 5555 1301 5617 sed,
1333 5552 1448 5608 Non
1474 5552 1793 5613 ulciscetur,
1827 5551 1922 5606 sed
1950 5551 2109 5621 plane
2142 5564 2247 5604 non

669 5646 970 5716 apparebit.
1026 5644 1254 5702 Peccata
1285 5659 1415 5716 ergo
1446 5659 1565 5701 eam
1599 5644 1961 5711 tradiderunt,
1990 5658 2095 5700 non
2140 5644 2245 5698 im-

673 5737 933 5806 potentia.

748 5909 795 5944 "
824 5910 931 5969 ιω.
961 5927 1022 5975 ι.
1050 5917 1135 5967 14.

2275 1947 2317 2003 Β
2347 1972 2483 2025 ἀλλά
2510 1947 2607 2023 καί
2632 1971 2855 2033 τούτους
2873 2008 2889 2033 ,
2923 1966 3065 2020 ὥστε
3094 1966 3195 2019 καὶ¹
3215 1960 3523 2017 πείθεσθαι.

2431 2059 2822 2115 Ἐπελάθοντο
2844 2059 3050 2125 κοίτης
3077 2054 3299 2111 αὐτῶν.

2418 2147 2593 2201 Τοῦτο
2640 2147 2823 2202 αὐτῶν
2860 2148 3149 2217 ἔγκλημα,
3186 2144 3248 2200 τὸ
3283 2144 3385 2215 τῆς
3430 2142 3691 2215 πατρίδος
3742 2139 3938 2195 ἐπιλα-

2349 2239 2562 2294 θέσθαι.
3326 2290 3329 2291 ,

2419 2332 2654 2399 Πάντες
2680 2335 2734 2386 οί
2767 2332 3163 2401 εὑρίσκοντες
3187 2327 3432 2395 αὐτούς.

2450 2516 2566 2586 Ορα
2605 2514 2724 2578 πῶς
2749 2514 2912 2579 αὐτὸς
2942 2512 3327 2585 φιλάνθρωπος
3357 2512 3567 2569 ἄνωθεν
3593 2510 3799 2578 είωθὼς
3832 2512 3935 2567 αὖ·

2346 2607 2474 2668 τοὺς
2506 2606 2839 2676 εὐεργετεῖν,
2881 2606 2933 2658 οἱ
2959 2605 3016 2658 δὲ
3051 2598 3247 2661 ἄδικοι.

2419 2698 2699 2765 Τουτέστι,
2734 2699 2809 2769 μὴ
2830 2698 3273 2771 ἐμφιλοχωρεῖτε
3313 2702 3380 2771 τῇ
3406 2699 3711 2768 Βαϐυλῶνι,
3744 2700 3934 2771 ἐπειδὴ

2350 2792 2713 2861 ὲναπέμειναν
2736 2791 2951 2843 ὶκεῖ.Ἢ
2976 2792 3026 2843 εί
3047 2790 3123 2863 μὴ
3143 2790 3323 2857 τοῦτο,
3354 2791 3431 2855 ὡς
3454 2791 3770 2863 δράκοντες,
3790 2809 3938 2849 τουτ-

2351 2881 2470 2935 έστι
2501 2883 2722 2953 φοϐεροὶ
2754 2881 2850 2935 καὶ
2878 2882 3160 2952 ἐπαχθεῖς.

2436 2973 2561 3027 Ἐπ’
2590 2973 2801 3041 ἀγαθὰ,
2831 2974 3082 3042 ἐσχάτη.

2436 3069 2568 3121 Ἀπὸ
2594 3068 2688 3120 τοῦ
2730 3072 2898 3123 τόπου
2934 3069 3101 3140 φησὶν
3140 3068 3400 3140 ἐσχάτην,
3432 3070 3515 3125 ὅτι
3549 3071 3691 3126 κατά
3718 3076 3929 3127 adimat

2349 3160 2659 3231 ἐκράτησεν
2685 3160 2985 3230 ἀναιροῦσα
3006 3159 3227 3223 αὐτούς.
3249 3162 3320 3215 Ἦ
3347 3163 3429 3216 ὃτι
3452 3162 3532 3235 τῷ
3551 3163 3671 3235 Θεῷ
3692 3164 3933 3235 ﬂuam?

2356 3250 2592 3320 μάλιστα
2626 3251 2724 3321 μὲν
2752 3250 2847 3303 καὶ
2881 3251 2945 3303 ὲκ
2974 3250 3075 3319 τῆς
3118 3252 3481 3321 προρρήσεως
3502 3294 3517 3319 ,
3552 3251 3741 3307 ἔπειτα
3778 3254 3839 3308 δὲ
3872 3258 3937 3309 ἐκ

2353 3344 2450 3412 τῆς
2480 3343 2669 3397 ἀνόδου
2692 3344 2791 3410 τῆς
2833 3343 3136 3413 Ίουδαῖκῆς
3164 3342 3328 3397 τοῦτο
3358 3344 3538 3415 δῆλον,
3587 3345 3645 3399 '0
3671 3346 3779 3419 γὰρ
3806 3349 3934 3411 τοὺς

2351 3432 2614 3497 λαϐόντας
2640 3434 2740 3504 τὴν
2774 3434 2929 3487 πόλιν
2960 3434 3265 3499 ἀναπείσας
3288 3435 3519 3501 τούτους
3550 3438 3769 3507 ἀφεῖναι
3794 3437 3937 3509 μετὰ

2352 3523 2622 3594 τοσαύτης
2674 3523 2881 3593 τιμῆς,
2922 3519 3078 3588 οὗτος
3125 3526 3220 3577 καὶ
3271 3525 3367 3596 τὴν
3411 3528 3571 3600 νίκην
3621 3517 3935 3599 εἰργάσατο,

2355 3616 2630 3685 πανταχοῦ
2667 3634 2851 3687 φησιν,
2886 3619 2968 3670 ὅτι
3007 3618 3035 3669 ὁ
3064 3617 3200 3681 Θεὸς
3235 3619 3404 3689 αὐτὴν
3435 3620 3795 3691 παραδίδωσι.

2435 3712 2569 3765 Ἀπὸ
2590 3709 2913 3779 προσώπου
2934 3714 3233 3781 μαχαίρας
3267 3714 3654 3783 Ἑλληνικῆς.

2423 3802 2486 3856 Εἰ
2528 3805 2600 3875 μὴ
2643 3805 2749 3873 γὰρ
2784 3804 3203 3877 πεπλανημένον
3235 3802 3323 3879 ἦν,
3355 3806 3455 3878 οὐχ
3486 3804 3662 3861 ἑάλων
3696 3807 3797 3879 τὴν
3829 3808 3936 3879 γάρ

2352 3896 2460 3950 ἀπὺ
2486 3896 2586 3967 τῆς
2618 3895 2835 3965 φύσεως
2876 3896 3163 3949 ἀσθένειαν
3194 3898 3459 3967 ἐτείχιζεν
3491 3900 3525 3968 ή
3552 3897 3646 3951 τοῦ
3678 3899 3937 3967 ποιμένος

2356 3987 2529 4058 ίσχύς.
2568 3988 2846 4059 Πρόϐατον
2878 3983 2967 4059 ἢν,
3000 3988 3112 4042 ἀλλ’
3144 3989 3251 4043 ὑπὸ
3284 3991 3501 4060 ποιμένι
3535 3990 3656 4061 Θεῷ
3680 4006 3693 4021 ·
3726 3992 3774 4044 εί
3804 3993 3938 4063 πρό-

2357 4080 2518 4132 ϐατον
2548 4080 2731 4149 ἔμεινε
2765 4082 2859 4133 καὶ
2893 4081 3230 4145 καταπειθὲς
3251 4123 3264 4146 ,
3294 4084 3390 4136 καὶ
3431 4082 3693 4152 ὑπήκοον,
3741 4084 3841 4137 οὐκ
3870 4086 3935 4138 ἀν

2355 4171 2557 4224 ἔπαθεν
2588 4171 2734 4240 ειπερ
2764 4171 2985 4225 ἔπαθεν·
3025 4173 3146 4226 οὐδὲ
3175 4173 3285 4244 γὰρ
3311 4172 3371 4237 ἐξ
3402 4173 3707 4237 ἀσθενείας,
3732 4174 3848 4228 ἀλλ’
3871 4178 3936 4231 ἐκ

2356 4261 2453 4314 τοῦ
2507 4264 2608 4332 τῆς
2664 4264 3031 4334 ποιμαντικῆς
3077 4264 3462 4337 ἀπορραγῆναι
3510 4266 3797 4337 προνοίας,
3834 4267 3925 4321 ὑπ-

2353 4357 2568 4425 έμεινεν
2600 4354 2743 4425 ἅπερ
2770 4356 3085 4426 ὑπέμεινεν.

2423 4447 2681 4511 Λέοντες
2722 4447 2962 4511 ἕξωσαν
2989 4450 3193 4503 αὐτόν.

2430 4539 2605 4608 Ὅρα,
2637 4538 2756 4601 πῶς
2804 4540 3081 4611 πανταχοῦ
3111 4541 3208 4612 τὴν
3248 4541 3500 4597 ἐπίτασιν
3531 4542 3631 4614 τῆς
3665 4544 3933 4617 τιμωρίας

2288 4626 2332 4681 ι)
2362 4632 2601 4700 ἐγκαλεῖ.

2425 4724 2527 4779 Διὰ
2568 4724 2741 4779 τοῦτο
2770 4725 2908 4780 τάδε
2931 4725 3114 4796 λέγει.

2423 4818 2537 4871 Ούκ
2588 4811 2742 4889 ἐἶχες
2796 4818 2980 4873 ἱκανὸν
3027 4819 3417 4891 παράδειγμας
3471 4821 3585 4875 Ούκ
3636 4822 3835 4893 ἢκουες
3887 4824 3936 4876 τί

2354 4910 2541 4980 ἔλεγεν
2565 4913 2807 4977 ὲκείνος;
2840 4911 3274 4980 Καταλήψομαι
3315 4911 3433 4981 τὴν
3468 4915 3833 4983 οἰκουμένην
3860 4916 3934 4981 ὡς

2352 5004 2615 5056 νοσσιὰν
2662 5001 2759 5055 καὶ
2812 5001 2892 5065 ὡς
2927 5002 3432 5070 καταλελειμμένα
3487 5001 3573 5056 ὠὰ
3598 5001 3741 5071 ἀρῶ.
3800 5004 3935 5062 Τού-

2353 5096 2609 5163 τογέγονε
2630 5134 2644 5157 ,
2702 5093 2795 5147 καὶ
2838 5092 2989 5155 τέλος
3038 5091 3259 5147 ἐλαϐεν·
3289 5087 3443 5157 Εἶδες
3482 5094 3564 5147 ὅτι
3593 5094 3705 5161 ἐγὼ
3729 5085 3931 5149 ἐκεῖνον

2353 5184 2666 5253 παρέδωκα,
2694 5182 2875 5254 πολλῷ
2903 5184 3104 5255 μᾶλλον
3138 5184 3231 5239 καὶ
3259 5184 3393 5255 περὶ
3424 5182 3624 5237 σαυτοῦ
3657 5184 3927 5256 πείσθητι.

2422 5276 2790 5344 Ζητήσουσι.
2978 5304 2981 5305 ν

2420 5368 2535 5420 υύκ
2558 5363 2732 5428 εἶπεν,
2764 5365 2981 5439 Ἐπειδὴ
3014 5365 3389 5437 διωρθώσατο·
3425 5366 3809 5437 ἀλλά,Ὲπειδὴ
3838 5369 3929 5436 τῆς

2352 5459 2519 5529 ὀργῆς
2566 5459 2810 5528 ἀπέστην
2843 5457 2973 5527 ἐγώ.
3002 5459 3116 5513 Οὐκ
3162 5454 3336 5525 εἶπεν,
3383 5460 3463 5513 ὅτι
3495 5461 3691 5513 Ἔσται
3718 5458 3839 5529 μὲν,
3874 5459 3929 5513 ού

2351 5551 2731 5622 τιμωρήσεται
2772 5551 2828 5604 δὲ
2849 5590 2863 5613 ,
2891 5551 3027 5616 ἀλλ’,
3066 5550 3201 5605 Οὐδὲ
3249 5553 3502 5621 φανεῖται
3537 5550 3701 5621 αὐτή⁸
3732 5549 3839 5621 ἄρα
3871 5549 3934 5603 τὰ

2354 5642 2728 5715 ἁμαρτήματα
2750 5641 2919 5714 αὐτὴν
2946 5643 3287 5714 παρέδωκεν,
3315 5643 3415 5697 οὐκ
3443 5641 3695 5697 ἀσθένεια
