4226 6482
704 473 845 532 11135

1443 465 2006 526 δυΡΡιΕΜΕΝΤωΙ
2042 466 2134 522 AD
2175 466 2232 522 5.
2272 465 2324 522 J.

3713 119 3716 122 '
3809 111 3816 114 ’
3863 115 3890 126 ’θ’
3923 121 3952 136 me;
3989 135 3996 136 κ

2366 467 2504 523 Cll-ll
2517 467 2856 526 YSOSTOMI
2896 470 3148 528 OPERA.
3833 475 3976 536 toan

773 598 936 655 Vsus.
970 595 1060 652 38.
1093 592 1267 649 Simul
1308 601 1360 646 ut
1384 591 1569 647 leones
1610 592 1812 663 rugicnl
1838 593 2055 662 juvenes
2081 609 2280 649 cornua.

2462 593 2590 646 ἐπὶ
2621 594 2686 647 τὸ
2715 596 2864 649 αὐτὸ
2886 638 2900 662 ,
2929 597 3010 662 ὡς
3043 597 3288 665 λέοντες
3318 599 3664 669 ἐρεύξονται
3691 602 3972 658 σίνται-ί-

771 784 996 853 Quidam
1036 784 1142 840 hoc
1179 781 1247 838 de
1284 779 1598 854 Babyloniis
1645 782 1926 851 percussis
1974 780 2278 852 accipiunt,

701 876 788 944 qui
831 873 1002 945 plagis
1051 873 1326 936 clament,
1372 872 1451 926 ita
1501 881 1561 925 ut
1615 870 1841 941 intelligi
1886 871 2096 942 possit,
2137 872 2280 926 sicut

701 967 784 1018 luo
832 965 1073 1035 rugiens.
1108 962 1309 1019 Verum
1349 960 1544 1019 melius
1573 970 1656 1018 est
1694 962 1797 1016 hoc
1834 963 1902 1018 de
1933 961 2110 1018 Medis
2136 963 2282 1018 accl-

693 1071 851 1123 perc,
889 1072 1010 1110 eum
1047 1053 1334 1110 horribiles
1358 1054 1493 1120 sini,
1531 1062 1584 1110 et
1629 1052 1913 1124 Scriptura
1947 1068 2126 1120 sacra,
2158 1066 2279 1109 eum

697 1149 766 1202 de
794 1147 901 1204 illis
923 1147 1184 1218 loquitur,
1211 1147 1384 1202 leonis
1409 1145 1662 1218 exemplo
1691 1146 1769 1202 uti
1800 1147 2168 1203 consueverit.

779 1331 938 1386 Vens.
976 1329 1068 1385 Η.
1104 1329 1379 1397 Quomodo
1413 1339 1600 1396 captus
1625 1340 1699 1383 est
1732 1329 1984 1385 Sisoch?~

767 1421 977 1477 Nomen
1013 1424 1157 1492 regis
1189 1424 1310 1477 esse
1353 1420 1545 1476 Sisoch
1575 1430 1877 1486 asserunt,
1905 1431 1960 1476 et
1995 1419 2280 1492 )Ethiopes

697 1509 1027 1581 signiﬁcare,
1055 1508 1285 1576 ducique
1311 1524 1339 1562 a
1362 1507 1532 1574 Cbus,
1555 1523 1584 1562 a
1617 1523 1726 1579 quo
1753 1506 2044 1579 Ethiopes
2071 1509 2277 1564 ducunt

695 1603 964 1673 originem
1001 1620 1016 1657 :
1074 1611 1330 1656 asserunt
1375 1603 1504 1656 item
1541 1597 1662 1656 ideo
1707 1615 1896 1656 eorum
1955 1602 2277 1674 prophetam

698 1693 1046 1760 meminisse,
1092 1693 1218 1762 quia
1263 1690 1557 1762 Babylonio
1587 1706 1744 1763 opem
1781 1693 1957 1749 tulere
1998 1693 2051 1748 in
2096 1693 2276 1760 bello,

695 1784 838 1855 quod
867 1793 1057 1840 contra
1085 1782 1267 1840 Medos
1293 1793 1557 1853 gesserat.
2279 1797 2314 1826 ε-

2381 699 2526 739 σκοι
2558 685 2778 742 αὐτῶν.

2456 775 2613 840 Τινὲς
2649 762 2756 845 μὲν
2776 777 2872 830 ἐπὶ
2899 777 3008 831 τῶν
3048 777 3440 851 πληττομένων
3473 781 3606 836 αὐτὸ
3631 781 3828 838 ἔλαϐον
3864 785 3972 841 τῶν

2385 865 2776 936 Βαϐυλωνίων,
2820 868 3025 923 ὡσανεὶ
3069 870 3430 929 ἀναϐοώντων
3461 874 3571 928 ἀπὺ
3617 875 3719 945 τῆς
3753 875 3970 949 πληγῆς

2383 957 2744 1025 ἐξάκουστον,
2790 959 3046 1033 καθάπερ
3107 959 3246 1016 λέων
3295 961 3536 1035 βρόχων.
3600 967 3870 1036 ΙἌμεινον
3912 969 3967 1024 δι

2383 1050 2480 1102 ἐπὶ
2529 1050 2640 1104 τῶν
2669 1050 2874 1123 Μήδων
2923 1053 3060 1108 αὐτὸ
3098 1053 3286 1109 λαϐεῖν
3309 1095 3324 1121 ,
3374 1057 3452 1119 ὡς
3496 1057 3746 1129 φοϐερῶν
3791 1059 3968 1114 αὐτῶν

2381 1141 2553 1196 δντων
2571 1185 2584 1209 ,
2613 1142 2692 1213 τῷ
2721 1142 2818 1197 τοῦ
2850 1143 3066 1211 λέοντος
3101 1147 3512 1219 παραδείγματι
3541 1148 3700 1203 εῐωθε
3729 1149 3965 1221 χρῆσθαι

2384 1234 2566 1306 ήοεια
2595 1236 2833 1308 Γραφι-

2457 1332 2474 1350 '
2496 1326 2630 1394 Πῶς
2654 1327 2813 1382 ἑάλω
2836 1329 3063 1400 Σισόχ;
3425 1384 3450 1391 _

2458 1418 2668 1488 Ὀνομα
2715 1417 2979 1488 βασιλέως
3023 1414 3164 1472 εἷναί
3209 1436 3342 1489 φασι
3384 1421 3448 1474 τὸ
3492 1422 3686 1496 Σισὺχ,
3737 1427 3967 1497 μηνύειν

2379 1511 2437 1567 δὲ
2466 1514 2594 1577 τοὺς
2636 1513 2901 1579 Αἰθίοπας
2922 1531 2937 1546 ο
2989 1514 3395 1586 ἑρμηνεύεσθαι
3426 1515 3483 1570 δὲ
3515 1517 3627 1571 ἀπὸ
3660 1519 3757 1574 τοῦ
3785 1522 3964 1590 Χοῦς,

2381 1604 2478 1674 ἀφ’
2504 1598 2565 1660 οὖ
2606 1603 2868 1670 Αἰθίοπες
2897 1605 3219 1675 γεγόνασιν·
3252 1605 3328 1670 ὡς
3359 1601 3456 1661 οὖν
3495 1609 3704 1663 τούτων
3744 1628 3967 1684 συμμα-

2381 1695 2626 1766 χούντων
2672 1695 2751 1766 τῷ
2789 1693 3123 1766 Βαϐυλωνίῳ
3159 1696 3221 1748 ὲν
3272 1694 3350 1766 τῷ
3400 1697 3539 1768 πρὸς
3584 1699 3712 1764 τοὺς
3745 1702 3964 1774 Μήδους

2382 1785 2639 1857 πολέμῳ,
2671 1786 2767 1839 καλ⁸
2798 1786 3133 1858 ἡττωμένων
3165 1788 3299 1857 φασὶ
3321 1787 3414 1844 τὸν
3456 1789 3744 1863 προφήτην
3783 1795 3965 1852 αὑτῶν

2384 1891 2491 1947 μνη
2499 1875 2779 1946 μονεῦσαι.
2874 1877 2881 1887 ”

764 1969 928 2024 Vens.
963 1967 1054 2022 M.
1092 1965 1161 2021 Et
1189 1967 1419 2022 ulciscar
1455 1984 1615 2039 super
1660 1968 1754 2022 Bel
1796 1968 1854 2022 in
1898 1966 2199 2040 Babylone,
2228 1978 2279 2025 et

2453 1965 2565 2022 Καὶ
2599 1966 2902 2035 ἐκδικήσω
2930 1967 3034 2022 ἐπὶ
3065 1970 3176 2023 τὸν
3214 1969 3346 2040 Βὴλ
3376 1971 3447 2024 ἐν
3474 1975 3808 2042 Βαϐυλῶνι,
3863 1977 3964 2035 καί

690 2061 970 2132 extraham
1007 2076 1126 2131 qua:
1160 2058 1434 2115 absorbuit
1466 2076 1534 2116 ex
1577 2078 1666 2117 ore
1721 2061 1870 2132 ejus.
1915 2074 1965 2117 et
2005 2080 2108 2119 non
2141 2080 2269 2118 con-

691 2155 1050 2225 gregabunlur
1075 2154 1217 2208 ullra
1246 2138 1316 2208 ad
1343 2166 1463 2209 eum
1488 2166 1689 2225 gentes,

764 2246 821 2301 Si
877 2248 990 2300 baec
1028 2261 1148 2300 cum
1181 2247 1555 2316 supe’rioribus
1609 2250 1970 2303 construenda
2017 2249 2162 2313 sint,
2205 2249 2272 2305 de

689 2336 1003 2409 Babyloniis
1039 2341 1328 2406 possuinus
1367 2337 1714 2410 intelligere;
1762 2340 1907 2410 quod
1953 2355 2077 2394 cum
2115 2342 2272 2397 idolis

687 2442 904 2498 neinpo,
927 2437 982 2482 ct
1006 2442 1165 2483 omne
1185 2427 1350 2482 robur
1371 2441 1558 2484 eorum
1585 2427 1917 2500 disperdam.
1948 2431 2006 2486 Si
2036 2431 2269 2486 litteram

687 2519 1117 2584 consideremus,
1141 2519 1215 2572 uti
1235 2517 1302 2572 de
1335 2517 1495 2576 idolis
1532 2518 1646 2574 lucc
1679 2520 1824 2575 dicta
1855 2531 2004 2576 sunt.
2037 2520 2267 2588 Quidam

687 2619 866 2663 autem
909 2608 1074 2672 illud,
1125 2608 1401 2662 extraham
1428 2625 1547 2680 quae
1603 2611 1908 2677 absorbuit,
1965 2615 2046 2668 sic
2096 2629 2266 2685 expo-

686 2699 953 2753 suerunt:
986 2697 1248 2753 Auferam
1283 2699 1564 2755 oraculum
1608 2700 1700 2756 Bel
1725 2742 1740 2770 ,
1787 2710 1848 2757 ut
1887 2703 2030 2773 apud
2079 2718 2269 2760 omnes

686 2782 884 2843 nullius
909 2789 981 2843 sit
1011 2789 1409 2844 :estimationis.

754 2874 929 2932 Vnus;
960 2876 1049 2932 ιϐ.
1083 2873 1350 2932 Parabola
1379 2875 1534 2946 super
1559 2879 1888 2946 parabolam.

753 2967 1007 3033 Narratio
1047 2967 1262 3024 sciliCet
1298 2981 1464 3038 super
1494 2971 1882 3035 narrationem,
1917 2981 1974 3024 ιιι
2009 2970 2214 3027 diceret
2249 2990 2262 3027 :

681 3047 904 3118 Crebra
937 3055 1098 3115 erunt
1123 3058 1468 3114 calamitates
1497 3057 1811 3132 Babylonis.

756 3152 922 3208 Vens.
973 3151 1062 3207 59.
1107 3149 1332 3205 Verbum
1363 3151 1506 3222 quod
1547 3153 1818 3206 mandarit
1870 3151 2127 3208 Dominus
2167 3155 2259 3209 Je-

683 3247 863 3301 remi:
890 3245 1155 3314 prephew
1181 3254 1237 3297 ut
1257 3245 1453 3298 dicere:
1476 3242 1656 3299 Sarrae
1684 3244 1794 3313 ﬁlio
1818 3243 2022 3307 Nerine.
2049 3246 2261 3314 quando

678 3337 849 3392 ibat-ts
890 3333 1108 3392 Salacia
1156 3351 1273 3406 rege
1309 3334 1456 3389 Iuda
1506 3337 1564 3389 in
1616 3334 1977 3407 Babylonem,
2026 3340 2083 3394 in
2125 3358 2263 3396 αιιηο

677 3435 870 3499 quarto
899 3428 1075 3496 regni,
1104 3435 1152 3480 et
1185 3424 1398 3481 Samos
1423 3427 1664 3496 princeps
1693 3431 1973 3484 donorum.

752 3612 867 3668 ﬂoc
902 3619 1010 3679 est,
1061 3610 1270 3681 primus
1322 3609 1468 3664 inter
1505 3624 1601 3666 eos
1643 3611 1734 3680 qui
1793 3612 1933 3666 dona
1980 3611 2258 3680 ferebant,

678 3717 797 3762 erat
825 3705 1035 3761 Sarmas
1067 3723 1083 3760 :
1119 3715 1174 3758 et
1201 3711 1489 3758 enumerat
1518 3703 1657 3757 dona
1697 3719 1724 3756 a
1753 3703 1986 3776 [Sedecia
2016 3706 2095 3760 uti
2128 3709 2260 3762 sub-

679 3799 795 3855 dito
873 3796 1400 3854 Nabuchodonosori
1478 3794 1680 3862 missa;
1744 3797 1835 3850 ubi
1895 3798 2142 3868 prscripit
2187 3799 2261 3853 illi

678 3904 738 3949 ut
781 3893 979 3947 librum
1011 3889 1278 3960 accipiat,
1325 3897 1382 3944 et
1430 3887 1564 3958 liget
1609 3887 1843 3958 lapidem
1900 3889 1967 3944 ad
2005 3904 2168 3956 eum,
2209 3903 2264 3946 et

679 3982 930 4056 projiciat
962 3981 1016 4036 in
1056 3980 1289 4035 medium
1325 3977 1654 4049 Euphratis,
1686 3977 1900 4047 signum
1932 3979 2130 4034 excidii
2164 3979 2266 4034 Ba-

682 4073 940 4148 hylonici.
981 4069 1058 4130 Ne
1090 4069 1235 4126 enim
1265 4071 1448 4124 omnia
1498 4070 1553 4123 in
1586 4067 1810 4123 Barbari
1852 4071 2087 4139 gratiam
2139 4088 2264 4141 pro-

683 4167 830 4223 ferre
866 4165 1160 4226 videretur,
1211 4160 1391 4216 adhuc
1432 4159 1968 4215 Nabucltodonosore
2024 4162 2262 4233 vigente,

684 4255 1002 4313 vaticinium
1029 4255 1082 4309 in
1106 4251 1434 4324 Babylonem
1461 4249 1719 4315 coniecit,
1747 4251 1832 4307 his
1860 4253 2114 4307 omnibus
2141 4269 2267 4309 cou-

684 4361 894 4406 testans
923 4346 1142 4410 lsraeli,
1181 4359 1283 4399 non
1312 4345 1380 4398 ad
1413 4343 1653 4399 hostium
1692 4344 2116 4400 assentationem
2153 4347 2294 4404 lurc-

685 4444 890 4508 dicere,
929 4435 1024 4495 sed
1055 4439 1119 4492 ut
1147 4431 1343 4492 civitas
1381 4433 1754 4503 resipisceret.
1797 4433 1908 4488 lioc
1939 4427 2099 4491 linem
2145 4453 2268 4495 csse

684 4535 808 4593 libri
851 4529 1149 4604 prophetici
1184 4528 1440 4597 signavit,
1481 4526 1571 4596 qui
1614 4525 1776 4580 verba
1811 4528 2088 4598 prephetze
2133 4545 2264 4585 con-

2375 2056 2598 2125 ἐξοίσω
2647 2058 2687 2111 d
2721 2058 3009 2113 κατέπιεν
3035 2059 3105 2114 ἐκ
3132 2059 3242 2114 τοῦ
3269 2067 3566 2132 στόματος
3601 2063 3792 2119 αὐτοῦ
3809 2107 3827 2134 ,
3863 2065 3962 2121 καί

2376 2151 2450 2204 οὺ
2476 2149 2565 2219 μὴ
2592 2147 3046 2220 συναχθήσεται
3073 2150 3164 2206 ἔτι
3193 2153 3347 2221 πρὸς
3372 2153 3560 2207 αὑτὸν
3586 2155 3660 2209 τὰ
3686 2155 3854 2223 ἔθνη.

2450 2238 2610 2292 Κατά
2641 2237 2743 2308 μὲν
2784 2239 2856 2292 τὰ
2887 2238 3026 2310 πρὸς
3053 2238 3152 2310 τὴν
3190 2240 3513 2295 ἀκολουθίαν
3536 2284 3550 2308 ,
3584 2243 3677 2297 ἐπὶ
3705 2244 3815 2298 τῶν
3851 2244 3960 2300 Βα-

2376 2329 2658 2383 ϐυλωνίων
2690 2328 2837 2383 τοῦτ’
2877 2327 3026 2384 ἔστιν
3055 2331 3311 2386 ἐκλαϐεῖν
3333 2373 3348 2398 ,
3389 2335 3474 2388 ὅτι
3507 2335 3646 2406 μετά
3675 2336 3786 2391 τῶν
3810 2337 3962 2392 εἰδώ-

2373 2421 2516 2485 λων,
2578 2419 2675 2474 καὶ
2721 2420 2903 2474 πᾶσαν
2953 2419 3054 2492 τὴν
3105 2422 3431 2477 δυναστείαν
3482 2424 3666 2479 αὐτῶν
3717 2427 3956 2485 καθελῶ.

2375 2510 2536 2565 Κατὰ
2567 2511 2625 2565 δὲ
2656 2511 2718 2564 τδ
2757 2511 2924 2582 ῥητὸν
2973 2511 3049 2576 ὡς
3082 2513 3176 2566 ἐπὶ
3221 2514 3330 2569 τῶν
3375 2515 3634 2571 εἰδώλων.
3691 2518 3848 2582 Τινὲς
3897 2520 3958 2575 δὲ

2372 2601 2547 2667 οὕτως
2576 2603 2807 2674 ἐνόησαν
2831 2603 2928 2671 τὺ,
2975 2604 3223 2670 Ἐξοίσω
3255 2605 3294 2662 ἂ
3331 2610 3572 2667 κατέπιε
3597 2654 3612 2679 ,
3644 2613 3956 2682 τουτέστιν,

2372 2689 2596 2767 Ἐξαρῶ
2623 2698 2684 2750 τδ
2716 2698 2972 2768 μαντεῖον
2999 2695 3093 2751 τοῦ
3127 2696 3259 2770 Βὴλ,
3279 2699 3421 2756 ὥστε
3449 2702 3611 2758 αὑτὸν
3642 2707 3758 2772 τοῖς
3787 2707 3956 2762 πᾶσιν

2370 2785 2511 2844 εῖναι
2543 2791 3046 2864 εὐκαταφρόνητον.

2439 2883 2762 2953 Παραϐολὴ
2793 2883 2892 2939 ἐπὶ
2923 2886 3300 2955 παραϐολήν.

2440 2973 2733 3042 Τουτέστι,
2771 2976 3019 3050 διήγημα
3049 2979 3139 3033 ἐπὶ
3169 2979 3448 3052 διήγημα,
3479 2981 3564 3036 ἵνα
3609 2984 3762 3056 εἴπῃ,
3798 2985 3956 3042 Ἀλλ-

2368 3064 2641 3137 επάλληλα
2673 3066 2827 3123 ἔσται
2859 3069 2927 3122 τὰ
2957 3070 3104 3124 κακὰ
3141 3073 3207 3143 τῇ
3244 3071 3528 3128 Βαϐυλῶνι

2438 3161 2455 3178 ‘
2491 3158 2556 3211 Ὀ
2594 3158 2780 3227 λόγος
2822 3159 2895 3213 ὃν
2932 3161 3276 3217 ἐνετείλατο
3317 3165 3534 3232 Κύριος
3590 3162 3841 3239 Ἱερεμίᾳ
3874 3167 3955 3237 τῷ

2369 3249 2647 3319 προφήτῃ
2678 3251 2870 3305 εἰπεῖν
2905 3249 2987 3317 τῷ
3014 3253 3204 3321 Σαρέα
3239 3251 3346 3320 υΙῷ
3379 3257 3608 3324 Νηρίου
3627 3297 3644 3322 ,
3679 3259 3779 3315 ὅτε
3809 3261 3952 3316 ἐπο-

2362 3340 2574 3407 ρεύετο
2596 3339 2757 3409 παρὰ
2792 3340 3073 3398 Σεδεκίου
3091 3342 3404 3410 ,βασιλέως
3433 3344 3632 3400 Ἰούδα
3651 3351 3738 3414 εὶς
3765 3352 3951 3407 Βαϐυ·
3987 3335 3998 3344 ﬁ

2365 3427 2552 3494 λῶντι,
2595 3429 2665 3484 ἐν
2688 3428 2769 3494 τῷ
2799 3431 2916 3485 ἔτει
2945 3431 3027 3498 τῷ
3051 3431 3310 3502 τετάρτῳ
3345 3434 3456 3504 τῆς
3479 3420 3952 3505 βασιλείαςρὶιαι

2365 3520 2592 3587 Σαρέας
2621 3519 2824 3591 ἅρχων
2855 3521 3080 3591 δώρων.

2436 3611 2749 3676 Τουτέστιν,
2775 3615 2804 3666 ὁ
2833 3612 3052 3684 πρῶτος
3077 3615 3188 3668 τῶν
3228 3616 3682 3688 ἀποκομιζὼτων
3709 3621 3777 3675 τά
3799 3621 3948 3696 δῶρα

2363 3696 2434 3772 ἦν
2464 3702 2494 3755 ὀ
2537 3703 2748 3774 Σαρέας
2776 3721 2792 3736 ο
2822 3704 2976 3774 λέγει
3017 3706 3075 3759 δὲ
3105 3707 3175 3760 τὰ
3208 3707 3359 3780 δῶρα
3391 3710 3462 3764 τὰ
3506 3711 3659 3782 παρὰ
3697 3713 3948 3769 Σεδεκίου

2365 3791 2815 3862 ἀποστελλόμενα
2877 3793 2956 3865 τῷ
2982 3794 3481 3870 Ναϐουχοδονόσορ,
3515 3797 3642 3853 ἔνθα
3677 3804 3950 3871 προστάτ-

2365 3901 2448 3937 τει
2488 3882 2636 3954 αὑτῷ
2679 3883 2866 3939 λαϐεῖν
2913 3886 2977 3938 τὺ
3015 3885 3269 3957 βιϐλίον,
3324 3889 3422 3942 καὶ
3461 3890 3622 3960 δῆσαι
3670 3892 3820 3946 λίθον
3862 3897 3949 3950 ἐπ’

2367 3975 2522 4040 αὐτὸ,
2559 3974 2656 4028 καὶ
2680 3975 2832 4046 ῥίψαι
2860 3978 2941 4040 είς
2961 3976 3022 4031 τδ
3055 3977 3221 4048 μέσον
3253 3978 3348 4034 τοῦ
3373 3981 3688 4053 Εὐφράτου,
3721 3987 3950 4060 μήνυμα

2368 4065 2469 4134 τῆς
2491 4065 2878 4137 ἀπωλείαςτῆς
2916 4067 3259 4134 Βαϐυλῶνος.
3294 4072 3412 4125 Ἵνα
3446 4073 3558 4144 γὰρ
3590 4074 3668 4145 μὴ
3711 4077 3947 4150 νομισθῇ

2371 4155 2512 4208 κατὰ
2549 4157 2708 4226 χάριν
2747 4156 2892 4228 ὑπὲρ
2939 4156 3031 4212 τοῦ
3071 4158 3354 4232 βαρϐάρου
3380 4162 3564 4234 λέγειν
3589 4164 3838 4232 ἀπαντα,
3867 4167 3948 4221 ἔτι

2371 4245 2660 4308 ἀνθοῦντος
2695 4245 2791 4299 τοῦ
2821 4246 3300 4322 Ναϐουχοδονόσορ
3324 4251 3424 4324 τὴν
3467 4253 3609 4308 κατά
3636 4255 3736 4326 τῆς
3775 4257 3949 4312 Βαϐυο

2369 4335 2538 4399 λῶνος
2575 4337 2918 4406 προφητείαν
2961 4339 3298 4413 ἐποιήσατο,
3330 4334 3420 4398 διὰ
3461 4345 3684 4399 πάντων
3722 4347 3945 4402 πιστούς

2373 4443 2532 4497 μενος
2576 4426 2668 4479 τὸν
2705 4425 2927 4499 Ἰσραὴλ
2957 4471 2970 4495 ,
3010 4430 3087 4494 ὡς
3126 4432 3190 4485 οὐ
3223 4432 3489 4505 κολακείᾳ
3523 4435 3633 4489 τῶν
3671 4435 3949 4505 πολεμίων

2369 4516 2730 4587 προφητεύων
2775 4518 2925 4588 λέγει
2972 4519 3040 4575 τὰ
3089 4522 3233 4576 κατά
3274 4524 3375 4594 τῆς
3420 4524 3666 4593 πόλεως,
3708 4526 3823 4581 ἀλλ’
3855 4525 3948 4583 ἐπὶ

682 4624 956 4689 cinnavit;
983 4624 1256 4693 quaevera
1282 4627 1586 4688 sequuntur
1622 4617 1808 4672 dicunt
1835 4619 2104 4689 exscripta
2140 4634 2262 4676 esse

2372 4609 2739 4681 σωφρονισμῷ
2799 4611 2908 4664 τῶν
2953 4611 3143 4668 ὄντων.
3193 4613 3365 4670 Τοῦτο
3393 4617 3548 4682 τέλος
3592 4617 3689 4672 τοῦ
3734 4619 3944 4691 βιϐλίου

683 4732 750 4773 ex
786 4714 938 4778 libris
980 4714 1223 4782 Regum,
1275 4724 1396 4764 cum
1451 4708 1677 4763 minimc
1735 4709 1800 4762 ad
1858 4709 1996 4764 hanc
2027 4711 2262 4780 prophe-

687 4810 816 4862 tiam
844 4803 1133 4861 vide‘antur
1165 4797 1375 4860 iacere.

1329 5075 1481 5132 CAP.
1525 5076 1632 5132 LII.

760 5173 920 5230 Vnus.
944 5173 1000 5226 7.
1030 5170 1094 5227 Et
1123 5172 1319 5227 iurant
1351 5172 1488 5224 uiam
1511 5185 1628 5238 qua:
1655 5169 1724 5222 ad
1752 5169 1980 5226 Araba.’

757 5267 870 5322 Hoc
902 5273 1007 5329 est,
1033 5265 1084 5318 in
1123 5276 1344 5333 campos
1369 5259 1695 5332 aufugerunt
1735 5279 1748 5316 :
1779 5262 1880 5319 hoc
1907 5265 2052 5320 enim
2092 5263 2267 5320 innuit

685 5359 883 5414 Araba.

755 5449 923 5505 Vens.
955 5448 1010 5505 9.
1043 5447 1109 5502 Et
1141 5446 1350 5502 locutus
1378 5455 1451 5500 est
1485 5447 1554 5501 ei.

755 5542 1010 5610 Perspice
1053 5539 1343 5594 barbarum
1390 5539 1698 5610 hominem,
1730 5540 2121 5596 conscientiam
2165 5557 2265 5612 pu-

688 5647 801 5685 ram
838 5633 1122 5685 habentem
1145 5670 1159 5694 ,
1205 5627 1464 5696 quoniam
1502 5643 1624 5681 cum
1661 5627 1853 5681 ﬁducia
1903 5627 2264 5699 jurisjurandi

689 5733 930 5789 venerat,
953 5732 1008 5778 et
1031 5721 1232 5792 quibus
1255 5729 1337 5774 est
1369 5728 1607 5787 potestas
1627 5720 1818 5789 iudicii
1857 5736 1960 5775 non
1990 5720 2265 5791 refugiunt

685 5814 771 5868 vel
808 5813 1156 5867 inferioribus
1197 5809 1426 5864 reddere
1471 5813 1758 5863 rationem.
1797 5811 1872 5865 Ita
1919 5812 2148 5866 inditum
2182 5820 2266 5868 est

684 5904 999 5962 hominibus
1050 5902 1260 5957 honesti
1307 5902 1566 5958 studium.
1625 5901 1809 5959 Voluit
1861 5904 2149 5960 ostendere
2204 5916 2263 5959 se

2365 4704 2460 4758 τοῦ
2488 4705 2771 4776 προφήτου
2804 4707 3210 4779 ἐπεσημήνατο,
3247 4712 3276 4764 δ
3323 4710 3536 4776 συνθεὶς
3572 4712 3643 4766 τά
3673 4712 3769 4768 τοῦ
3815 4732 3947 4786 προ-

2367 4799 2537 4867 φήτου
2571 4792 2823 4867 ῥήματα,
2869 4796 2938 4851 τά
2963 4797 3019 4851 δὲ
3052 4800 3194 4868 μετὰ
3223 4800 3396 4855 ταῦτά
3430 4819 3565 4871 φασι
3594 4805 3659 4857 ἐκ
3690 4804 3798 4858 τῶν
3843 4804 3948 4857 Βα-

2370 4888 2588 4942 σιλειῶν
2638 4887 3061 4959 μετενηνέχθαι,
3099 4889 3357 4960 οὐδεμίαν
3387 4891 3714 4947 ἀκολουθίαν
3756 4892 3945 4966 ἔχοντα

2367 4981 2506 5054 πρὸς
2532 4981 2633 5050 τὴν
2662 4978 2759 5033 τοῦ
2805 4979 3075 5051 Ἱερεμίου
3107 4981 3468 5053 προφητείαν,

2945 5074 3205 5128 ΚΕΦΑΛ.
3246 5074 3376 5129 NB’.

2437 5165 2550 5221 Kal
2578 5166 2995 5237 ἐπορεύθησαν
3020 5167 3136 5238 τὴν
3163 5167 3310 5223 ὁδὸν
3337 5168 3454 5237 τὴν
3485 5169 3574 5233 είς
3606 5168 3840 5237 ΙἌραϐα.

2437 5258 2751 5324 Τουτέστιν,
2778 5261 2872 5314 ἐπὶ
2885 5261 2987 5331 τὴν
3009 5260 3237 5316 πεδιάδα
3257 5260 3480 5331 ἔφυγον.
3506 5257 3678 5314 Τοῦτο
3703 5260 3812 5331 γὰρ
3839 5277 3947 5332 μη·

2369 5349 2489 5422 νύει,
2517 5350 2579 5404 τὸ
2617 5353 2853 5420 Ἄραϐα.
3369 5355 3372 5357 “

2437 5443 2545 5496 Καί
2570 5443 2880 5512 ἐλάλησεν
2907 5442 3086 5510 αὐτῷ.

2438 5534 2581 5606 Ὅρα
2639 5535 2917 5606 βάρϐαρον
2965 5535 3293 5609 ἄνθρωπον,
3353 5535 3414 5588 τὺ
3472 5533 3711 5597 συνειδὸς
3756 5534 3946 5604 ἔχοντα

2369 5625 2644 5698 καθαρὸν,
2680 5627 2868 5696 ἐπειδὴ
2931 5629 3068 5699 μετά
3121 5627 3436 5700 παρρησίας
3474 5625 3810 5698 παρεγένετο
3851 5626 3948 5695 τῆς

2365 5719 2476 5772 τῶν
2511 5720 2711 5791 ὅρκων.
2753 5723 2816 5772 Οἱ
2850 5719 2910 5772 δὲ
2939 5721 3038 5792 τῆς
3081 5719 3239 5790 δίκης
3275 5717 3609 5790 κρατοῦντες
3652 5719 3712 5772 οὐ
3750 5735 3938 5791 παραι-

2365 5807 2584 5862 τοῦνται
2610 5849 2626 5875 ,
2658 5809 2753 5862 καὶ
2785 5812 2901 5872 τοῖς
2938 5811 3351 5880 ὑποδεεστέροις
3381 5809 3581 5863 διδόναι
3609 5807 3770 5877 λόγον
3797 5825 3810 5838 ·
3860 5806 3946 5861 ob-

2367 5919 2478 5965 τως
2509 5901 2788 5972 πανταχοῦ
2840 5891 3149 5972 πολλητοῖς
3188 5901 3502 5999 ἀνθρώποις
3536 5903 3570 5973 ἡ
3616 5900 3825 5971 σπουδὴ
3854 5898 3946 5952 τοῦ

3775 6199 3830 6326 ,ί

3522 6469 3572 6474 ——
3664 6469 3672 6471 —
3686 6464 4107 6482 -ι-έε-ι-Ἥε
4118 6464 4157 6469 ἡ
