4226 6428
678 171 817 230 1039

678 323 3540 360 -———————-——__________________________

1452 174 2015 259 ευΡΡιΕωΕΝτωι
2048 180 2140 236 AD
2176 181 2234 238 S.
2270 181 2321 240 J.
2365 181 2855 241 CHRYSOSTOMI
2894 182 3145 241 OPERA.

3788 174 3937 239 “to

3543 342 3927 364 ﬂ

786 495 1665 617 FRAGMENTA
1750 501 1905 619 IN
1988 503 2773 625 EPISTOLAS
2856 505 3811 628 CATHOLICAS.

2018 725 2286 798 (Cum,
2324 735 2365 784 t.
2396 726 2556 800 VIII.)

1498 1051 1624 1143 ΙΝ
1694 1050 2375 1151 EPISTOLAM
2450 1059 2544 1155 S.
2620 1058 3081 1156 JACOBI.

1144 1235 1380 1299 CAPUT
1437 1242 1731 1304 PRIMUM.

724 1341 891 1403 Vna.
931 1348 986 1405 2.
1024 1348 1190 1407 Omne
1234 1353 1486 1425 gaudium
1529 1357 1846 1425 existimate,
1872 1357 2067 1429 fratres
2100 1360 2223 1427 mei,

650 1453 769 1491 cum
820 1440 877 1493 in
897 1442 1207 1497 tentationes
1229 1445 1407 1500 varias
1428 1445 1739 1502 incideritis.

722 1528 1010 1587 Vinculum
1057 1533 1403 1605 infrangibile
1426 1548 1511 1595 est
1557 1536 1799 1606 aﬂlictio,
1823 1538 2108 1596 charitatis
2144 1540 2228 1596 inc

649 1629 1010 1687 trementum,
1061 1625 1499 1694 compunctionis
1541 1636 1597 1683 et
1630 1630 1847 1699 pietatis
1898 1631 2225 1687 fundamen-

653 1719 786 1763 tum.
830 1710 969 1767 Audi
998 1716 1198 1770 etenim
1242 1717 1509 1776 dicentem
1542 1722 1844 1778 :Accedens
1880 1724 1951 1777 ad
2002 1724 2229 1780 servitu-

650 1806 750 1851 tem
793 1799 908 1869 Dei,
938 1818 1183 1875 praepara
1230 1808 1465 1865 animant
1508 1822 1653 1866 tuam
1677 1814 1747 1867 ad
1775 1815 2159 1869 tentationem'
2208 1831 2221 1869 :

651 1885 718 1945 Et
747 1891 1001 1974 Christus
1039 1899 1257 1967 quidem
1290 1912 1342 1957 et
1387 1902 1506 1974 ipse
1525 1905 1658 1960 dicit
1684 1924 1699 1961 :
1731 1906 1799 1961 In
1830 1907 2027 1962 mundo
2079 1921 2227 1976 pres-

647 1996 831 2036 surans
890 1983 1184 2056 hab'ebilis,
1238 2003 1327 2045 sea
1396 1992 1644 2062 conﬁdite
1689 1994 1733 2049 ³.
1789 1995 1860 2051 Ει
1924 2009 2144 2051 rursum
2209 2009 2222 2047 :

648 2066 887 2143 Angusta
928 2090 976 2132 et
1009 2091 1153 2134 arcta
1200 2083 1284 2137 via
1313 2093 1387 2139 est
1421 2084 1465 2141 ⁸.
1503 2082 1666 2142 Vides
1696 2088 1896 2158 ubique
1954 2087 2227 2144 laudatam

647 2159 1015 2232 all'lictionem,
1064 2170 1264 2241 ubique
1323 2182 1382 2229 ut
1439 2178 1804 2233 necessariam
1833 2194 1865 2233 a
1919 2180 2073 2235 nobis
2106 2195 2230 2238 sus-

648 2249 978 2319 cipiendam.
1014 2254 1070 2311 Si
1117 2259 1262 2314 enim
1296 2261 1349 2316 in
1398 2263 1557 2331 hujus
1593 2265 1775 2321 mundi
1806 2267 2007 2338 praeliis
2067 2282 2228 2326 nemo

645 2342 765 2399 sine
796 2345 1147 2409 tribulatione
1169 2368 1425 2411 coronam
1448 2358 1669 2431 accipit,
1721 2376 1881 2418 nemo
1910 2364 2003 2433 qui
2030 2378 2137 2419 non
2172 2376 2229 2422 et

648 2434 946 2505 laboribus,
987 2452 1042 2497 et
1071 2446 1455 2504 alimentorum
1481 2453 1884 2520 observatione,
1913 2464 1970 2510 et
2003 2457 2227 2529 regimi-

648 2528 737 2584 nis
796 2536 1211 2603 consuetudine,
1255 2548 1311 2596 et
1364 2541 1562 2612 vigiliis
1589 2584 1605 2608 ,
1654 2554 1710 2599 et
1747 2545 1868 2602 aliis
1914 2528 2120 2613 multis.
2167 2564 2228 2606 se

646 2628 825 2697 ipsum
878 2626 1288 2699 fortiﬁcaverit,
1340 2637 1509 2691 multo
1554 2639 1726 2708 magis
1779 2640 1833 2694 in
1886 2640 1992 2697 isto
2041 2652 2223 2699 certa-

645 2720 813 2774 mine.
1474 2778 1483 2790 ,

710 2810 877 2868 Vens.
908 2809 997 2867 12.
1024 2812 1217 2868 Beatus
1242 2813 1323 2870 uir
1362 2817 1451 2886 qui
1471 2815 1656 2886 sufert
1699 2821 2064 2891 tentationem,
2086 2838 2217 2895 quo-

643 2900 812 2967 niam,
844 2917 962 2956 cum
1023 2904 1275 2968 probatus
1312 2907 1492 2975 fuerit,
1522 2911 1744 2982 accipiet
1795 2926 2044 2968 coronam
2096 2917 2219 2972 vita:

641 3010 798 3065 quam
823 2997 1120 3066 repromisit
1141 2995 1281 3052 Deus
1302 2998 1642 3069 diligentibus
1680 3020 1756 3057 se.

713 3082 955 3156 (Beatus)
985 3086 1077 3155 qui
1105 3086 1391 3143 dominans
1419 3089 1525 3156 sui,
1553 3106 1614 3146 se
1640 3094 1975 3149 converterit
2008 3095 2075 3150 ad
2101 3097 2219 3152 suf-

641 3175 895 3238 ferendas
928 3177 1272 3246 tentationes,
1312 3187 1371 3235 ut
1394 3182 1701 3239 inveniatur
1732 3185 1783 3239 in
1802 3200 1868 3242 eo
1925 3187 2215 3257 probatum

640 3284 800 3339 opus,
830 3277 885 3325 et
915 3270 1171 3341 patientia
1202 3271 1475 3342 perfecta,
1495 3288 1614 3344 quae
1643 3291 1741 3346 per
1770 3279 2064 3348 semetipsa
2094 3294 2218 3350 per-

641 3360 920 3426 ﬁciuntur,
944 3375 1044 3431 nec
1064 3361 1285 3419 aliunde
1313 3364 1653 3425 obtinentur.
1684 3367 1803 3424 Alia
1830 3370 2215 3427 exhortatione

637 3450 870 3508 suadere
903 3461 1136 3507 conatur
1165 3461 1224 3508 ut
1258 3461 1408 3510 recte
1452 3456 1757 3527 dirigantur
1781 3452 2079 3529 proposita,
2111 3477 2213 3515 an-

637 3544 901 3600 nuntians
929 3544 1136 3601 scilicet
1181 3555 1237 3602 et
1252 3546 1471 3603 beatum
1501 3563 1625 3605 esse
1648 3550 1846 3617 ,dicens
1881 3554 2215 3609 tentationes

636 3636 995 3694 sustinentem
1014 3654 1030 3705 ;
1049 3638 1234 3694 evadit
1260 3639 1405 3695 enim
1429 3639 1508 3697 sic
1536 3640 1753 3698 fortiter
1778 3642 1956 3714 praelia
1979 3644 2210 3711 ducens,

636 3732 722 3785 vir
766 3731 1060 3801 probatus,
1104 3740 1161 3787 et
1213 3732 1279 3787 ad
1326 3734 1509 3789 omnia
1565 3736 1917 3792 exercitatus.
1969 3737 2037 3792 Et
2086 3752 2213 3793 cum

636 3822 1224 3892 apparebitsplendens
1243 3824 1309 3881 de
1327 3825 1430 3880 hac
1465 3827 1748 3883 tenebrosa
1783 3837 1951 3897 terra,
1984 3830 2215 3885 donabi-

2264 1252 2314 1311 Α

2752 1255 3155 1312 ΚΕΦΑΛΔΙΟΝ
3193 1254 3497 1315 ΠΡΩΤΟΝ.

2400 1365 2613 1422 Πᾶσαν
2660 1372 2854 1440 χαρὰν
2909 1372 3244 1441 ἡγήσασθε,
3301 1374 3555 1444 ἀδελφοί
3613 1393 3753 1447 μου,
3777 1377 3926 1435 ὅταν

2328 1459 2680 1530 πειρασμοῖς
2707 1463 3067 1532 περιπέσητε
3090 1464 3408 1532 ποικίλοις.

2398 1554 2607 1625 Δεσμδς
2640 1554 2751 1626 γάρ
2782 1555 2866 1619 τίς
2899 1557 3049 1609 ἐστιν
3080 1557 3115 1628 ἡ
3148 1555 3330 1627 θλίψις
3365 1559 3619 1633 ἀρραγὴς
3643 1600 3659 1626 ,
3691 1562 3919 1632 ἀγάπης

2328 1644 2576 1717 αὔξησις,
2601 1647 2947 1715 κατανύξεως
2975 1649 3070 1704 καὶ
3092 1648 3378 1715 εὐλαϐείας
3406 1651 3680 1717 ὑπόθεσις.
3713 1654 3916 1708 ’Δκουε

2328 1735 2437 1807 γὰρ
2485 1736 2578 1790 τοῦ
2634 1737 2905 1807 λέγοντος,
2962 1742 3033 1795 ει
3080 1740 3392 1811 προσέρχῃ
3450 1741 3769 1799 δουλεύειν
3839 1744 3921 1810 τῷ

2327 1825 2542 1894 Κυρίῳ.
2573 1826 2899 1898 ἐτοίμασον
2926 1828 3041 1897 τὴν
3065 1830 3278 1899 ψυχήν
3305 1848 3422 1887 σου
3445 1833 3534 1899 εις
3556 1836 3910 1903 πειρασμόν.

2329 1915 2440 1969 Καὶ
2477 1917 2506 1969 ό
2539 1918 2776 1989 Χριστὸς
2826 1919 2885 1973 δὲ
2940 1920 3104 1976 πάλιν
3151 1919 3361 1991 ἔλεγεν,
3430 1922 3536 1977 Ἕν
3585 1922 3665 1988 τῷ
3709 1925 3919 1993 κόσμῳ

2328 2010 2539 2078 θλίψιν
2566 2009 2757 2080 ἔχετε·
2800 2011 2959 2066 ἀλλὰ
3006 2011 3300 2082 θαρσεῖτε.
3348 2013 3460 2068 Καὶ
3500 2013 3685 2082 πάλιν,
3719 2015 3913 2084 Στενὴ

2328 2103 2429 2155 και
2456 2102 2813 2173 τεθλιμμένη
2848 2105 2886 2173 ή
2923 2103 3082 2171 ὁδός.
3128 2104 3294 2177 ὀρᾷς
3326 2106 3604 2175 πανταχοῦ
3653 2107 3753 2179 τὴν
3795 2106 3911 2161 θλι-

2328 2192 2422 2261 ψιν
2451 2194 2877 2263 ἐπαινουμένην,
2911 2194 3191 2265 πανταχοῦ
3225 2194 3805 2265 παραλαμϐανομένην
3835 2196 3911 2258 ὡς

2328 2285 2633 2352 ἀναγκαίαν
2657 2280 2823 2339 οὖσαν
2848 2287 3001 2356 ἡμῖν.
3039 2286 3102 2341 Εἰ
3123 2285 3231 2356 γὰρ
3258 2288 3317 2339 ἐν
3344 2288 3458 2349 τοῖς
3484 2286 3680 2350 ἔξωθεν
3702 2285 3911 2355 ἀγῶσιν

2328 2375 2505 2439 οὐδεὶς
2543 2374 2608 2429 ἂν
2638 2376 2843 2447 ταύτης
2873 2376 3044 2448 χωρὶς
3093 2376 3361 2447 στέφανον
3393 2376 3549 2431 λάῖοι
3570 2418 3585 2443 ,
3620 2378 3669 2430 εί
3705 2377 3779 2448 μὴ
3816 2376 3912 2431 καὶ

2331 2466 2516 2530 πόνοις
2546 2468 2640 2520 καὶ
2666 2468 2852 2521 σιτίων
2875 2470 3260 2540 παρατηρήσει
3287 2470 3384 2523 καὶ
3412 2469 3578 2540 νόμου
3605 2470 3787 2542 διαίτῃ
3817 2470 3911 2523 καὶ

2330 2558 2661 2627 ἀγρυπνίαις
2683 2600 2698 2625 ,
2735 2560 2831 2613 καὶ
2866 2560 3081 2631 μυρίοις
3129 2558 3342 2630 ἑτέροις
3390 2553 3583 2615 ἑαυτὸν
3612 2558 3904 2631 ὀχυρώσῃυ

2327 2652 2506 2723 πολλῳ
2537 2652 2739 2723 μᾶλλον
2771 2649 3023 2706 ἐνταῦθα.

2391 2834 2694 2906 Μακάριος
2719 2832 2875 2904 ἀνὴρ
2899 2834 2967 2901 ὃς
2985 2832 3273 2905 ὑπομένει
3301 2833 3654 2905 πειρασμὸν,
3685 2834 3774 2889 ὅτι
3808 2834 3907 2891 δό-

2321 2950 2492 3001 κιμος
2531 2930 2855 3000 γενόμενος
2872 2926 3132 2996 λήψεται
3153 2926 3262 2980 τὸν
3286 2925 3593 2996 στέφανον
3613 2925 3717 2994 τῆς
3736 2926 3906 2997 ζωῆς,

2321 3023 2395 3076 ὃν
2416 3022 2810 3091 ἐπηγγείλατο
2838 3022 2869 3073 ό
2900 3020 3115 3087 Κύριος
3133 3016 3260 3085 τοῖς
3280 3018 3597 3101 ἁγαπῶσινξ
3621 3020 3831 3075 αὐτόν.

2393 3111 2693 3185 Αὖτάρκως
2723 3109 3176 3183 προτρεψάμενος
3230 3109 3564 3179 ὑφίστασθαι
3613 3111 3742 3175 τοὺς
3782 3127 3902 3172 πει-

2324 3204 2571 3275 ρασμοὺς
2608 3202 2749 3272 μετά
2782 3204 2992 3274 χαρᾶς,
3026 3200 3114 3255 ἵνα
3146 3201 3442 3273 ἐγγένηται
3473 3202 3697 3275 δόκιμον
3744 3202 3904 3276 ἔργον

2318 3296 2413 3348 καὶ
2432 3294 2681 3365 ὑπομονὴ
2700 3295 2718 3324 ¹
2739 3293 2939 3348 τελεία’
2963 3291 3265 3347 τελειοῦται
3287 3293 3346 3347 δὲ
3365 3293 3541 3350 ταῦτα
3562 3295 3686 3349 καθ’
3708 3294 3898 3363 ὲαυτά,

2318 3386 2413 3440 καὶ
2448 3384 2524 3456 μὴ
2556 3384 2622 3438 δι’
2653 3384 2783 3439 ἄλλο
2806 3387 2826 3415 ²
2857 3385 3231 3456 πραττόμενα’
3282 3384 3351 3438 δι’
3394 3385 3587 3458 ἑτέρας
3636 3388 3903 3459 παραινέ-

2320 3494 2457 3541 σεως
2495 3477 2706 3532 πείθειν
2741 3480 3012 3549 ἐπιχειρεῖ
3058 3476 3365 3549 κατορθοῦν
3406 3479 3475 3532 τὰ
3526 3482 3897 3553 προκείμεναο

2315 3570 2384 3624 δι’
2418 3569 2757 3638 ἐπαγγελίαν
2789 3569 3061 3640 μακάριον
3099 3564 3241 3623 εῖναι
3268 3569 3444 3639 λέγων
3469 3570 3561 3626 τὸν
3592 3574 3901 3644 πειρασμὸν

2317 3662 2679 3733 ὑπομένοντα.
2706 3663 3005 3734 Γενήσεται
3030 3661 3140 3735 γὰρ
3165 3664 3186 3697 ³
3211 3661 3387 3727 οὕτως
3415 3664 3724 3736 ἀθλητικῶς
3751 3665 3899 3735 ἄγων

2316 3754 2407 3807 τὸν
2438 3753 2651 3822 ἀγῶνα,
2687 3753 2911 3824 δόκιμος
2943 3754 3082 3829 ἀνὴρ
3122 3755 3212 3809 διὰ
3250 3756 3473 3811 πάντων
3514 3760 3899 3830 γεγυμνασμέ-

2317 3863 2427 3910 νος.
2460 3844 2619 3901 Οὕτω
2654 3846 2713 3899 δὲ
2741 3846 3070 3916 ἀναφανέντι
3101 3846 3167 3901 ὲκ
3195 3847 3305 3900 τῶν
3337 3848 3704 3921 σκυθρωπῶν,
3736 3851 3896 3923 δοθή-

639 3924 729 3966 ιυΐ
759 3926 960 4009 αξξοηδ
988 3911 1239 4009 illa???“
1275 3928 1304 3968 ³
1336 3915 1779 4009 ρθο-Ρτωρδτθιθ
1820 3917 1931 3973 im“
1962 3918 2056 3988 (Ιυί
2086 3918 2207 3974 ἀί¹Ῑ⁶
2242 3938 2286 3997 C
2320 3955 2471 3991 σεται
2499 3938 2763 4008 στέφανος
2786 3911 2931 4009 ζωῆς
2960 3938 3342 4009 εὐτρεπισθεὶς
3367 3911 3596 3994 ὐπδτοῦ
3624 3911 3761 3995 Θεοῦ
3784 3911 3896 4007 rei;

638 4012 767 4074 gunt
795 4002 968 4059 illum.
1001 4001 1093 4058 Sic
1135 4003 1225 4059 ille
1256 4006 1348 4076 qui
1383 4006 1651 4065 suiferens
1702 4012 2030 4067 tentationes
2091 4026 2217 4068 con-

640 4095 834 4149 temnit
869 4093 1086 4150 labores
1120 4104 1175 4149 et
1197 4095 1368 4166 ipsam
1398 4107 1649 4164 mortem,
1678 4114 1934 4156 coronam
1995 4110 2215 4159 aeternae

635 4186 762 4239 vitm
784 4186 1037 4256 accipiet.
1072 4186 1126 4241 Si
1147 4201 1360 4258 quaeras
1384 4203 1449 4243 ex
1485 4204 1591 4260 qua
1624 4192 1847 4247 materia
1882 4196 2214 4265 praeparavit

638 4277 778 4333 Deus
808 4293 1066 4334 coronam
1096 4279 1221 4335 vitae
1270 4281 1333 4337 iis
1364 4282 1456 4353 qui
1506 4281 1733 4354 diligunt
1758 4285 1929 4353 illum,
1971 4287 2214 4345 dicemus

636 4370 779 4438 quod
846 4381 1073 4441 propter
1111 4372 1349 4427 divinam
1415 4372 1805 4431 sublimitatem
1855 4377 2046 4433 oeulus
2111 4394 2213 4435 nec

631 4459 788 4519 vidit,
823 4473 923 4515 nec
965 4461 1116 4516 auris
1143 4463 1373 4531 audivit,
1407 4478 1508 4521 nec
1533 4466 1585 4521 in
1626 4465 1798 4522 levius
1834 4483 1930 4523 cor
1972 4470 2211 4527 hominis

633 4552 881 4609 ascendit
906 4568 1024 4623 qua:
1050 4558 1373 4627 praeparavit
1401 4558 1539 4615 Deus
1563 4560 1630 4616 iis
1649 4561 1738 4632 qui
1773 4562 2006 4631 diligunt
2031 4564 2205 4621 illum.

716 4731 883 4789 Vsus.
915 4733 1002 4790 15.
1055 4735 1254 4793 Deinde
1302 4742 1744 4810 concupiscentia,
1791 4762 1911 4800 cum
1954 4764 2208 4815 concepe-

633 4822 724 4883 rit,
746 4824 887 4888 parit
915 4835 1217 4892 peccatum;
1246 4826 1513 4898 peccatum
1536 4845 1711 4890 autem
1736 4853 1853 4891 cum
1874 4856 2208 4899 consumma-

630 4919 741 4964 tum
772 4914 950 4979 fuerit,
974 4929 1181 4986 generat
1218 4931 1457 4978 mortem.

698 4998 832 5054 Dum
870 5006 1069 5060 etenim
1111 5020 1391 5079 peccatum
1428 5029 1736 5088 operamur,
1784 5023 2061 5095 voluptate
2121 5030 2205 5085 in-

626 5090 841 5158 ebriati,
867 5110 975 5151 non
1002 5098 1080 5155 sic
1111 5101 1394 5161 allicimur.
1420 5106 1714 5181 Postquam
1744 5090 1928 5172 autem
1945 5130 2124 5176 ortum
2150 5130 2205 5178 et

627 5182 787 5241 linem
816 5190 1040 5262 recepit,
1069 5200 1195 5251 tunc
1228 5210 1400 5268 certe,
1425 5206 1729 5273 przrsertim
1752 5211 1897 5265 omni
1929 5215 2199 5272 exstincta

694 5360 715 5393 ³
755 5360 920 5423 Eccli.
947 5371 1081 5435 u,l.
1156 5374 1177 5405 ³
1214 5372 1373 5433 Joan.
1400 5380 1624 5449 “1,23.
1703 5384 1723 5417 ⁸
1764 5384 1954 5444 Matth.
1980 5404 2081 5459 vn,
2114 5395 2198 5451 l-l.

695 5515 879 5617 LEM.
1111 5528 1381 5617 ὑπομονῇ.
1456 5538 1475 5569 ⁸
1506 5537 1637 5597 Cod.
1662 5540 1824 5598 Coisl.
1852 5544 2040 5617 (XXV)
2079 5518 2258 5605 ἄλλον.

620 5588 823 5660 νοήσει.
903 5592 922 5624 ⁸
949 5594 1008 5649 C.
1046 5597 1104 5654 C.
1136 5588 1309 5657 λάθοι.

2316 4030 2478 4084 αὑτὸν
2509 4030 2819 4099 ἀγαπῶσιν.
2850 4027 3037 4093 Οὕτως
3068 4031 3098 4084 ὁ
3127 4028 3205 4100 τῷ
3233 4029 3531 4100 ὑπομένειν
3564 4032 3892 4103 πειρασμὸν,

2316 4122 2678 4195 καταφρονῶν
2707 4122 2985 4177 ἐπιπόνων
3015 4122 3111 4178 καὶ
3143 4121 3309 4176 αὐτοῦ
3340 4122 3436 4177 τοῦ
3477 4123 3738 4191 θανάτου,
3776 4126 3894 4179 στέ-

2315 4232 2480 4286 φανον
2513 4215 2613 4287 τῆς
2642 4215 2862 4269 αἰωνίου
2910 4214 3059 4284 ζωῆς
3102 4213 3464 4285 ἀπολήψεται.
3499 4215 3713 4287 Ζητετς,
3746 4216 3832 4283 τίς
3860 4219 3892 4289 ἠ

2315 4304 2418 4377 ὕλη
2447 4300 2506 4361 οὗ
2542 4304 2844 4376 ἡτοίμασεν
2864 4303 2893 4356 ὁ
2919 4302 3051 4368 Θεὸς
3085 4303 3354 4372 στεφάνου
3375 4300 3398 4334 ⁸
3434 4302 3581 4373 ζωῆς
3609 4305 3724 4368 τοῖς
3754 4303 3891 4377 ἀγα·

2314 4395 2490 4450 πῶσιν
2528 4395 2727 4462 αὑτόν;
2759 4393 2911 4448 ἔστιν
2951 4411 2971 4445 ι
3000 4394 3036 4448 ἀ
3060 4393 3359 4465 ἡτοίμασεν
3390 4396 3420 4448 ό
3449 4394 3583 4459 Θεὸς
3611 4396 3724 4457 τοῖς
3755 4395 3892 4464 ἁγα-

2312 4484 2488 4538 πῶσιν
2526 4481 2719 4550 αὐτὸν,
2758 4502 2776 4535 ι
2817 4482 2853 4536 ἃ
2889 4482 2977 4537 διὰ
3026 4482 3256 4554 μέγεθος
3284 4482 3594 4555 θειότητος,
3628 4482 3751 4554 ὄψει
3796 4483 3892 4539 καί

2310 4578 2448 4648 ἀκοῇ
2478 4577 2576 4647 οὐχ
2605 4577 2915 4645 ὑπόκειται,
2949 4576 3071 4630 οὐδὲ
3101 4575 3193 4629 ἐπὶ
3220 4573 3384 4648 ψιλὴν
3409 4575 3597 4647 νόησιν
3619 4579 3641 4611 ⁸
3675 4574 3890 4646 ἀνθρώ-

2313 4684 2415 4723 που
2440 4669 2803 4742 ἀναϐἐδηκεν.
3466 4668 3469 4675 ’
3678 4676 3679 4679 “

2385 4761 2526 4814 Εἶτα
2556 4761 2595 4828 ἠ
2619 4760 2901 4829 ἐπιθυμία
2921 4758 3340 4825 συλλαϐοῦσα,
3361 4758 3547 4813 τίκτει
3574 4758 3886 4841 ἁμαρτίαν·

2310 4856 2348 4925 ἡ
2369 4854 2436 4908 δὲ
2456 4854 2709 4925 ἁμαρτία
2730 4852 3203 4909 ἀποτελεσθεῖσα
3220 4894 3235 4919 ,
3256 4853 3505 4908 ἁποκύει
3533 4852 3817 4907 θάνατον.

2392 5042 2481 5095 Ἑν
2513 5042 2613 5112 μὲν
2648 5040 2759 5112 γὰρ
2786 5039 2865 5110 τῷ
2903 5040 3168 5111 πράττειν
3207 5039 3307 5111 τὴν
3339 5039 3616 5111 ἁμαρτίαν
3652 5039 3756 5093 ὑπὸ
3786 5041 3885 5109 τῆς

2307 5129 2500 5201 ἡδονῆς
2529 5128 2842 5200 μεθύοντες,
2863 5128 2962 5199 οὐχ
2986 5128 3159 5193 οὕτως
3189 5128 3585 5200 αἰσθανόμεθα.
3632 5127 3881 5182 Ἐπειδὰν

2306 5221 2363 5275 δὲ
2392 5222 2616 5295 γένηται
2647 5222 2744 5277 καὶ
2791 5220 2933 5295 λάσῃ
2958 5221 2977 5251 ⁸
3018 5222 3173 5286 τέλος
3236 5222 3361 5276 τότε
3396 5222 3461 5281 δὴ
3505 5222 3741 5293 μάλιστα
3781 5221 3881 5293 τῆς

2340 5552 2356 5581 ³
2381 5550 2510 5606 Cod.
2538 5552 2599 5607 C.
2633 5554 2739 5624 γὰρ
2769 5554 2815 5608 ό.
2898 5554 2918 5586 ’⁸
2951 5556 3008 5612 C.
3037 5555 3097 5612 C.
3129 5558 3447 5628 στεφάνους.
3524 5559 3544 5591 ¹
3577 5557 3638 5615 (ἶ.
3669 5556 3729 5614 C.
3750 5556 3877 5631 ψιλῇ
