4226 6458
331 337 457 394 ιοιι
492 310 495 313 ’

1303 322 1733 386 ΓΒΛΟΙΕΝΤΑ
1770 322 1841 381 IN
1882 319 2273 379 EPISTOLAM
2311 323 2373 381 S:
2408 322 2663 383 JACOBI.

3513 321 3650 383 lii-t2

326 457 521 529 ἡδονῆς
578 455 901 528 σϐεσθείσης
959 455 1202 525 ἁπάσης,
1258 453 1323 507 τὸ
1366 452 1565 523 πικρὸν
1596 452 1699 521 τῆς
1730 448 1904 504 ὲννοία

2009 448 2349 518 uoluptate,
2397 463 2621 504 amarus
2665 448 2720 502 in
2766 444 3191 519 intelligentiam
3228 462 3349 503 sese
3407 446 3648 505 insinuat

324 550 706 621 ἐπεισέρχεται
727 548 976 619 κέντρον,
994 547 1326 611 ἀπεναντίας
1343 548 1469 610 ταῖς
1489 542 1813 604 ὼδινούσαις
1834 558 1935 609 γυ-

323 642 523 710 ναιξίν.
557 642 676 696 Ἐπ’
693 642 923 696 ἐκείνων
951 640 1057 711 μὲν
1088 639 1198 711 γὰρ
1227 638 1336 712 πρὸ
1363 636 1461 693 τοῦ
1485 637 1674 701 τόκου,
1712 635 1881 713 πολὺς
1904 637 1934 689 ό

323 730 487 795 πόνος
500 731 595 785 καὶ
618 728 811 793 ὠδῖνες
828 729 1072 800 δριμεῖαι
1094 728 1461 783 ὲπικόπτουσι
1481 728 1606 791 ταῖς
1632 725 1931 796 ἀλγηδόσιν

320 822 514 886 αὐτάς·
550 822 693 893 μετὰ
740 822 798 876 δὲ
843 821 935 877 τὸν
974 823 1139 877 τόκον
1186 822 1409 887 ἄνεσις,
1464 820 1545 892 τῷ
1590 820 1789 892 βρέφει
1827 818 1930 889 τῆς

318 913 517 983 ὀδύνης
548 913 1006 985 συνεξελθούσης.
1058 912 1330 968 Ἐνταῦθα
1363 913 1423 967 δὲ
1455 914 1555 984 οὐχ
1587 911 1781 976 οὕτως·
1812 910 1931 965 ἀλλ’

319 1006 430 1068 ἕως
460 1006 561 1076 μὲν
613 1006 680 1061 ἂν
727 1006 1013 1079 ὠδίνωμεν
1058 1007 1157 1061 καὶ⁵
1204 1006 1685 1079 συλλαμϐάνωμεν
1727 1008 1797 1059 τὰ
1845 1006 1927 1060 δι-

318 1095 645 1171 εφθαρμένα
690 1099 965 1170 νοήματα,
1001 1099 1419 1171 εὐφραινόμεθα
1473 1100 1572 1154 καὶ
1627 1099 1921 1171 χαίρομεψ

316 1187 542 1242 ἐπειδὰν
596 1187 657 1242 δὲ
712 1187 1080 1261 ἀποτέκωμεν
1136 1191 1200 1245 τὸ
1256 1189 1497 1263 πονηρὸν
1552 1190 1773 1245 παιδίον
1822 1188 1924 1261 τὴν

317 1279 616 1351 ἁμαρτίαν,
672 1280 795 1334 τότε
843 1281 907 1335 τὸ
955 1276 1148 1354 αἶσχος
1194 1281 1291 1337 τοῦ
1343 1283 1633 1356 τεχθέντος
1686 1284 1919 1349 ἰδόντες,

314 1370 671 1442 όδυνώμεθα,
702 1373 828 1427 τότε
866 1373 1282 1446 διακοπτόμεθα
1318 1376 1427 1431 τῶν
1457 1376 1769 1432 ὠδινουσῶν
1818 1394 1921 1446 γυ-

314 1464 523 1519 ναικῶν
569 1464 984 1538 χαλεπώτερον.
1038 1468 1132 1523 Διὸ
1184 1468 1496 1541 παρακαλῶ
1542 1470 1619 1543 μὴ
1664 1469 1919 1541 δέχεσθαι

316 1555 423 1626 μὲν
452 1555 692 1627 μάλιστα
715 1559 870 1630 παρὰ
895 1558 999 1631 τὴν
1032 1559 1211 1632 ἀρχὴν
1243 1561 1546 1634 ἐπιθυμίαν
1579 1562 1920 1633 διεφθαρμέ-

312 1665 436 1717 νην·
465 1649 515 1702 εί
541 1649 603 1703 δὲ
631 1650 1080 1723 καὶᾙῖεξὰμεθα,
1107 1654 1437 1723 ἀποπνίγειν
1464 1654 1617 1709 ἔνδον
1646 1656 1718 1709 τὰ
1743 1655 1917 1727 σπέρ-

314 1756 487 1810 ματα.
518 1742 581 1796 El
629 1742 690 1796 δὲ
719 1745 818 1799 καὶ
850 1744 1012 1817 μέχρι
1038 1746 1235 1802 τούτου
1280 1749 1719 1821 ρᾳθυμήσωμεν,
1764 1748 1916 1815 ἐξελ-

2037 541 2316 598 stimulus.
2343 541 2792 598 Parturientibus
2826 542 3170 595 contrarium
3209 542 3416 597 accidit
3445 544 3643 599 mulie-

2036 635 2210 691 ribus.
2241 634 2446 691 Matres
2474 636 2681 691 etenim
2710 644 2840 691 ante
2890 644 3130 706 partum,
3158 646 3214 692 et
3253 637 3457 693 multus
3492 639 3647 692 labor

2034 725 2379 795 etpuerperii
2404 725 2711 780 acutissimi
2754 726 2994 792 dolores,
3019 737 3272 796 premunt
3295 730 3490 795 malis;
3522 741 3646 797 post

2036 830 2167 872 vero
2182 825 2399 885 partum
2422 818 2664 886 requies,
2691 816 2872 873 fructu
2897 818 3178 890 dissipatis
3195 820 3479 875 aerumnis.
3500 820 3638 875 Pec-

2032 908 2288 985 cantibus
2318 919 2503 965 autem
2550 925 2660 966 non
2707 911 2811 966 sie.
2844 910 2952 967 Sed
2991 912 3240 982 quandiu
3288 913 3535 984 parimus
3582 925 3640 969 et

2032 1000 2377 1070 concipimus
2409 1012 2705 1072 corruptas
2744 1004 3132 1075 cogitationes,
3156 1015 3212 1061 et
3234 1005 3539 1077 gaudemus
3580 1018 3637 1063 et

2030 1091 2301 1149 laetamur.
2340 1093 2637 1165 Postquam
2668 1104 2852 1152 autem
2878 1099 3196 1168 peperimus
3228 1100 3535 1169 pessimum
3576 1102 3638 1153 tt-

2027 1184 2185 1250 lium,
2209 1194 2520 1257 peccatum,
2557 1199 2689 1243 tunc
2716 1188 2833 1257 jam
2864 1190 3117 1245 videntes
3135 1190 3303 1261 geniti
3331 1190 3633 1247 fmditatem

2026 1273 2298 1344 patimur,
2333 1283 2462 1331 tunc
2493 1277 2767 1333 crudelius
2792 1294 2957 1348 quam
2980 1282 3349 1348 parturientes
3376 1282 3636 1339 mulieres

2024 1365 2352 1434 premimur.
2413 1364 2651 1437 Propter
2698 1372 2844 1438 quod
2905 1372 3117 1425 suadeo
3175 1387 3244 1426 ne
3296 1374 3631 1442 accipiamus

2022 1456 2271 1528 quidem,
2293 1460 2600 1529 pmertim
2633 1460 2689 1516 in
2743 1464 3040 1534 principio,
3072 1465 3407 1521 desiderium
3438 1484 3634 1523 corru-

2024 1558 2201 1619 ptum.
2240 1549 2299 1606 Si
2336 1560 2521 1608 autem
2552 1552 2665 1623 jam
2701 1557 3105 1626 acceperimus,
3152 1573 3343 1614 semen
3386 1561 3441 1615 in
3474 1562 3632 1617 nobis

2022 1640 2453 1709 restinguamus.
2485 1641 2643 1709 Quod
2666 1644 2713 1699 si
2746 1660 2877 1700 vero
2909 1661 3088 1716 usque
3114 1650 3260 1703 adeo
3293 1650 3631 1721 negligentes

2024 1732 2291 1789 fuerimus
2321 1745 2380 1789 ut
2407 1733 2520 1803 iam
2552 1737 2794 1792 creverit
2815 1738 2868 1792 in
2898 1755 3037 1809 opus
3066 1725 3380 1809 peccatum,
3408 1760 3627 1799 rursum

309 1834 515 1889 θοῦσαν
544 1837 629 1900 είς
676 1834 841 1908 ἔργον
883 1838 985 1910 τὴν
1029 1840 1307 1914 ἁμαρτίαν
1365 1841 1691 1897 ἀποκτεῖναι
1749 1843 1904 1897 nam

2024 1825 2156 1880 illud
2214 1827 2614 1885 interﬁclamus
2678 1829 3027 1897 confusione,
3076 1834 3357 1905 lacrymis,
3397 1845 3453 1892 et
3483 1838 3628 1894 illius

305 1926 382 1980 δι’
411 1925 859 2000 ἐξομολογήσεως
891 1932 986 1986 καὶ
1018 1932 1301 2002 δακρύων,
1331 1932 1422 1989 διὰ
1449 1933 1548 1988 τοῦ
1580 1938 1915 2007 κατηγορεῖν

306 2017 527 2072 suum?
555 2018 709 2074 οὐδὲν
738 2020 848 2093 γὰρ
875 2021 1050 2088 οὕτως
1078 2023 1326 2096 ὀλέθριον
1355 2025 1749 2097 ἀμαρτίας,ὼς
1782 2043 1914 2080 κατ-

305 2110 510 2181 ηγορία
545 2112 642 2165 καὶ
671 2100 1046 2182 κατάγνίυσις.

380 2202 685 2269 Θρησκεία
732 2205 963 2275 καθαρὰ
1003 2206 1100 2260 καί
1131 2207 1420 2277 ἀμίαντος
1447 2209 1608 2278 παρὰ
1660 2210 1783 2276 Θεῷ
1811 2212 1910 2265 καὶ

304 2292 490 2361 "arpi
537 2294 694 2365 αὕτη
720 2295 917 2364 ἐστίν,
942 2299 1418 2356 ἐπισκέπτεσθαι
1463 2303 1768 2373 ὀρφανοὺς
1803 2305 1906 2360 καί

302 2384 499 2454 χήρας
526 2386 596 2440 ὲν
636 2387 712 2457 τῇ
744 2392 950 2460 θλίψει
983 2391 1204 2460 αὐτῶν,
1234 2394 1504 2450 ἄσπιλον
1551 2396 1773 2451 ἑαυτὸν
1803 2416 1904 2467 τηο

294 2475 433 2560 ρεῖν
461 2479 581 2533 ἀπὸ
618 2481 725 2535 τοῦ
752 2484 1007 2553 κόσμου.

375 2569 550 2624 Τοῦτό
584 2572 756 2638 ἐστιν,
790 2567 836 2643 ᾧ
869 2576 1185 2641 ἐξισοῦσθαι
1208 2579 1490 2651 δυνάμεθα
1520 2580 1599 2651 τῷ
1630 2580 1752 2652 Θεῷ
1778 2582 1858 2653 τῷ
1881 2583 1903 2616 ⁷

298 2660 477 2715 ὲλεεῖν
506 2664 603 2717 καὶ
632 2666 952 2738 οίκτείρειν.
985 2671 1159 2725 Ὅταν
1208 2669 1305 2726 οὖν
1342 2672 1503 2727 τοῦτο
1537 2674 1613 2746 μὴ
1659 2674 1899 2746 ἔχωμεν,

296 2751 394 2807 τοῦ
424 2754 630 2819 παντὸς
658 2756 1112 2832 ἀπεστερήμεθα.
1151 2764 1267 2818 Οὐκ
1291 2761 1467 2828 εἶπεν.
1518 2767 1645 2821 Ἐὰν
1676 2768 1900 2837 νηστεύο

299 2860 431 2915 σητε
454 2847 635 2917 ὅμοιοί
664 2851 790 2903 ἐστε
817 2853 897 2922 τῷ
928 2855 1107 2928 Ilath
1143 2858 1319 2927 ὑμῶν’
1360 2860 1515 2912 οὐδὲν
1542 2860 1653 2932 γὰρ
1687 2862 1899 2917 τούτων

297 2937 493 3007 rupi"
524 2938 681 3005 Θεὸν,
714 2942 840 2996 οὐδὲ
866 2945 1159 3016 ὲργάζεταί
1189 2966 1242 3003 τι
1277 2950 1485 3004 τούτων
1514 2952 1543 3003 ὁ
1567 2952 1724 3015 Θεὸς.
1759 2954 1898 3009 ἀλλὰ

293 3028 386 3097 τίς
423 3031 681 3087 Γίνεσθε
710 3037 1089 3107 οἰκτίρμονες
1116 3040 1197 3107 ὡς
1230 3044 1264 3095 ὁ
1290 3042 1493 3113 Πατὴρ
1521 3042 1692 3112 ὑμῶν
1715 3046 1737 3077 ⁹
1767 3048 1799 3099 ὁ
1824 3044 1897 3099 ἐν

2018 1920 2391 1974 accusatione.
2420 1918 2567 1976 Nihil
2595 1923 2744 1977 enim
2777 1925 2850 1978 ita
2880 1926 3092 1994 peccati
3121 1927 3437 1985 destructor
3481 1932 3625 1987 sicut

2018 2019 2072 2067 et
2092 2012 2374 2070 accusatio
2394 2023 2452 2070 et
2478 2005 2895 2073 condemnatio.

2083 2195 2251 2254 Vsus.
2301 2199 2394 2255 27.
2453 2200 2658 2272 Religio
2715 2204 2915 2258 munda
2966 2215 3013 2259 et
3062 2206 3412 2261 immaculata
3476 2211 3621 2275 apud

2014 2292 2186 2348 Deum
2220 2304 2269 2348 et
2295 2292 2517 2351 Patrem
2543 2296 2657 2351 lure
2683 2307 2760 2352 est
2788 2316 2809 2354 :
2842 2300 3062 2355 visitare
3092 2301 3282 2355 viduas
3302 2312 3350 2355 et
3386 2302 3619 2370 pupillos

2011 2387 2066 2439 in
2098 2386 2447 2444 tribulatione
2474 2404 2684 2458 eorum,
2719 2401 2769 2446 et
2802 2394 3208 2449 immaculatum
3238 2411 3295 2450 se
3346 2396 3620 2451 custodire

2009 2479 2075 2531 ab
2102 2474 2201 2533 hoc
2230 2483 2446 2539 sazculo.

2080 2574 2136 2630 ld
2162 2584 2268 2641 est,
2307 2576 2361 2631 in
2396 2577 2499 2633 hoc
2523 2577 2738 2634 similes
2771 2578 2881 2633 Deo
2912 2578 3029 2634 ﬁeri
3060 2595 3376 2649 possumus,
3415 2581 3461 2637 si
3516 2582 3620 2637 mi-

2008 2683 2259 2723 seremur
2285 2678 2340 2724 et
2370 2671 2758 2742 compatimur.
2788 2670 2844 2727 Si
2870 2672 2990 2728 haec
3017 2688 3150 2743 ergo
3184 2690 3293 2729 non
3325 2674 3611 2740 habemus,

2006 2763 2075 2815 ab
2103 2762 2220 2832 ipso
2254 2764 2480 2817 omnino
2538 2778 2884 2833 separamur.
2925 2765 3044 2822 Non
3093 2768 3230 2823 dicit
3259 2786 3271 2822 :
3306 2767 3367 2822 Si
3395 2767 3611 2838 jejuna-

2004 2852 2217 2917 veritis,
2253 2853 2465 2909 similes
2500 2854 2658 2910 eritis
2704 2854 2853 2909 Patri
2888 2868 3096 2923 vestro,
3132 2859 3268 2913 nihil
3305 2860 3452 2929 enim
3506 2861 3612 2913 tale

2002 2944 2142 3013 apud
2158 2942 2327 2998 Deum
2355 2960 2454 2999 nec
2474 2945 2675 3000 similia
2711 2946 2817 3003 illis
2837 2958 3130 3017 operatur;
3152 2950 3245 3005 sed
3264 2950 3397 3019 quid
3424 2950 3558 3005 dicit
3593 2968 3605 3003 :

2002 3035 2191 3092 Estote
2214 3037 2583 3093 misericordes
2620 3039 2755 3094 sicut
2779 3051 2825 3094 et
2862 3040 3028 3096 Pater
3064 3053 3237 3097 vester
3259 3044 3351 3113 qui
3382 3044 3435 3097 in
3466 3044 3609 3099 cmlis

292 3120 422 3188 τοῖς
452 3124 758 3193 οὐρανοῖς.
807 3128 979 3183 Τοῦτο
1008 3131 1144 3185 Θεοῦ
1189 3132 1371 3202 ἔργον.
1433 3135 1559 3189 Ἐὰν
1592 3133 1686 3193 οὖν
1731 3137 1895 3193 τοῦτο

2009 3141 2075 3185 est
2099 3130 2140 3183 ⁸.
2171 3128 2283 3184 lloc
2308 3128 2401 3185 Dei
2427 3147 2587 3199 opus.
2618 3130 2677 3186 Si
2703 3133 2835 3187 illud
2855 3148 2987 3204 ergo
3015 3150 3124 3190 non
3147 3137 3339 3204 habes,
3356 3139 3486 3209 quid
3513 3138 3610 3192 ha-

296 3210 373 3355 ll?
400 3211 553 3285 ἔχῃς.
581 3215 635 3270 τί
670 3216 817 3290 ἔχεις
836 3220 1105 3307 ἱἝλεον
1135 3227 1322 3293 θέλω,
1355 3227 1490 3299 φησὶ
1509 3268 1523 3293 ,
1554 3230 1652 3285 καί
1681 3232 1755 3284 οὺ
1787 3233 1892 3286 θυ-

296 3315 338 3355 σ
362 3318 462 3355 αν.

292 3315 462 3359 mar.

931 3428 1184 3487 ΚΕΦΛΛ.
1216 3433 1293 3489 B'.
1620 3474 1631 3483 .

376 3510 645 3583 Ἀδελφοί
704 3532 858 3585 μου,
892 3518 982 3590 μὴ
1050 3523 1123 3578 ἐν
1154 3532 1696 3601 προσωποληψίαις
1724 3534 1896 3606 ἔχετε

432 3608 643 3663 πίστιν
678 3612 786 3667 τοῦ
826 3617 1050 3685 Κυρίου
1076 3618 1249 3690 ἡμῶν
1269 3621 1475 3692 Ἰησοῦ
1500 3628 1761 3698 Χριστοῦ
1783 3631 1893 3702 τῆς

361 3791 519 3883 Τίνος
563 3794 753 3851 ἕνεκεν
800 3798 866 3853 σὺ
902 3802 1048 3873 μέγα
1078 3809 1337 3879 φρονεῖς,
1384 3812 1589 3883 φησίν;
1642 3816 1713 3870 Ἦ
1746 3817 1891 3872 διατί

286 3882 452 3981 Ῑιάλιν
490 3884 679 3981 ἔτερος
709 3890 903 3949 ἑαυτὸν
932 3895 1303 3967 ἑξευτελίζει;
1338 3882 1475 3977 Οὐχὶ
1508 3907 1671 3978 σῶμά
1716 3909 1889 3981 ἐσμεν

285 3970 529 4039 ἅπαντες
550 3975 629 4043 ἐν,
664 3981 759 4034 καὶ
786 3985 1020 4053 μεγάλοι
1048 3990 1142 4043 καὶ
1167 3994 1359 4061 μικροί
1380 4010 1394 4060 ;
1420 3970 1604 4051 τοτακέ
1618 3994 1711 4051 οὖν
1742 3970 1887 4055 κατὰ

281 4063 667 4164 τδκεφᾲλαιον
699 4072 757 4127 ἓν
785 4069 936 4147 ὦμεν
966 4082 1060 4134 καὶ
1088 4083 1339 4154 ἀλλήλων
1367 4088 1528 4159 μέλη,
1562 4090 1615 4143 τί
1653 4095 1717 4164 τῇ
1744 4093 1885 4147 ἀπο-

282 4155 405 4253 νοίᾳ
448 4159 763 4230 αῷχίξειςίθ
813 4170 1051 4238 σαυτόν;
1102 4174 1155 4226 τί
1202 4155 1439 4250 αἰσχύνῃ
1478 4155 1571 4233 τὸν
1618 4155 1880 4253 ἀδελφόη

283 4244 498 4344 Ὠσπερ
538 4254 648 4325 γὰρ
693 4258 901 4325 ἐκεῖνός
937 4279 1031 4317 σου
1073 4267 1267 4336 μέλος,
1300 4244 1462 4326 ὀὖτῶ
1493 4244 1877 4344 κάκείνου-σὺ,

280 4338 375 4393 καὶ
404 4342 574 4416 πολλὴ
603 4349 746 4403 κατὰ
772 4350 932 4407 τοῦτο
961 4355 995 4426 ὴ
1020 4356 1305 4430 ὁμοτιμία.

362 4528 445 4628 Oi)
476 4527 812 4628 διεκρίθητε
846 4538 917 4593 ἐν
943 4541 1184 4612 ἑαυτοῖς
1219 4548 1319 4602 καί
1361 4550 1645 4622 ἐγένεσθε
1678 4561 1874 4628 κριταί

272 4613 682 4692 διαλογισμῶν
706 4631 1019 4699 exemptis-,-

343 4711 418 4765 Τὸ
446 4714 582 4770 αὐτὸ
610 4720 703 4812 είς
749 4722 1016 4795 ἀλλήλους
1057 4731 1411 4803 φρονοῦντες.
1453 4740 1800 4812 Παρεγένετο
1840 4747 1866 4800 ό

271 4800 462 4909 ξένης·
493 4809 657 4909 γενοξ
691 4814 814 4867 κατ’
859 4820 1024 4873 αὑτὸν
1050 4800 1211 4898 "ea.
1246 4800 1579 4903 φρονήματί·
1743 4840 1866 4909 μεί-

268 4892 398 4956 ζονα
423 4902 742 4976 κατασιίλῃς
775 4909 943 4977 δγκον
970 4914 1059 4969 διὰ
1091 4892 1193 4973 τὸν⁷
1214 4892 1467 4980 πλοῦτόν*
1495 4929 1597 4982 οὐκ
1614 4892 1871 4987 ἐέτξπι-

266 4993 804 5098 νηςίιαὶ-πλούσιος
834 5004 909 5098 ,ὲν
952 5008 1193 5081 Χριστῷ.
1241 5016 1334 5089 Μὴ
1384 5020 1567 5075 τοίνυν
1600 5024 1868 5098 ἐπαισχὺ-

1994 3223 2140 3280 bes?
2170 3222 2602 3280 Misericordiam
2631 3224 2770 3299 volo,
2806 3226 2962 3295 dicit,
2987 3238 3037 3284 et
3072 3246 3177 3285 non
3205 3230 3529 3301 sacriﬁcium
3560 3233 3605 3288 ⁷.

2672 3438 2827 3496 CAP.
2860 3439 2926 3494 11.

2074 3550 2246 3608 Vens.
2291 3553 2342 3606 l.
2382 3550 2605 3606 Fratres
2637 3553 2763 3618 mei,
2801 3553 2963 3607 nolite
2998 3552 3055 3606 in
3107 3566 3459 3622 personarum
3507 3566 3605 3605 ae-

1999 3644 2237 3712 ceptione
2298 3644 2493 3699 habere
2524 3644 2684 3713 ﬁdem
2733 3644 2948 3700 Domini
3007 3645 3178 3699 nostri
3209 3642 3344 3701 Iesu
3400 3643 3605 3700 Christi

1995 3736 2204 3807 glorior.

2067 3831 2208 3899 Quid
2239 3841 2323 3888 est
2348 3834 2491 3905 quod
2526 3833 2593 3888 de
2630 3841 2682 3889 te
2732 3833 2971 3904 superbe
3014 3836 3209 3900 sentis,
3234 3834 3362 3889 dum
3410 3850 3441 3889 e
3470 3850 3604 3891 con-

1996 3934 2182 3990 verso;
2225 3925 2369 3982 alter
2430 3927 2669 3995 teipsum
2732 3929 3083 3984 contemnit?
3150 3927 3347 3985 Nonne
3402 3944 3601 3999 corpus

1994 4034 2163 4073 unum
2192 4033 2383 4075 sumus
2406 4033 2623 4086 omnes,
2657 4027 2712 4073 et
2740 4021 2924 4090 magni
2953 4030 3008 4076 et
3038 4021 3230 4093 parvi?
3268 4022 3410 4076 Dum
3436 4018 3615 4091 ergo,

1992 4110 2296 4166 secundum
2324 4112 2468 4181 quod
2496 4112 2832 4182 praecipuum
2863 4123 2970 4177 est,
2997 4128 3164 4168 unum
3195 4128 3407 4177 sumus,
3431 4122 3488 4167 et
3521 4114 3599 4166 ιιι»

1989 4207 2076 4253 ter
2105 4198 2331 4255 alterius
2358 4200 2631 4267 membra,
2664 4201 2796 4270 quid
2848 4211 2901 4256 tn
2940 4201 3430 4257 intolerantissime
3487 4201 3597 4271 ειοο

1990 4294 2176 4359 riaris,
2203 4295 2335 4364 quid
2381 4292 2608 4350 fratrem
2654 4296 2988 4350 contumelia
3024 4296 3232 4350 vexas?
3259 4296 3415 4351 Sicut
3444 4297 3593 4353 enim

1988 4386 2091 4442 iste
2123 4388 2430 4443 membrum
2465 4398 2638 4455 tuum,
2664 4388 2746 4444 sic
2767 4398 2823 4443 et
2853 4398 2905 4442 tu
2935 4380 3128 4459 ipsius;
3155 4398 3211 4443 et
3241 4388 3369 4443 inde
3398 4403 3591 4459 magna

1909 4487 1957 4543 ι)
1988 4480 2212 4536 honoris
2246 4481 2554 4551 aequalitas.

2060 4573 2230 4629 Vsus.
2277 4540 2333 4628 .ιῖ
2393 4574 2586 4629 Nonne
2639 4574 2903 4644 judicatis
2953 4574 3100 4643 apud
3143 4540 3505 4644 vosmetipsos,
3540 4584 3589 4628 et

1984 4664 2122 4734 facti
2154 4666 2283 4720 estis
2310 4665 2521 4737 judices
2552 4667 2931 4738 cogitationum
2962 4666 3267 4735 iniquarum
3290 4668 3318 4720 ?

2049 4758 2196 4814 ldem
2237 4758 2309 4814 de
2355 4760 2614 4814 omnibus
2655 4761 2988 4816 sentiamus.
3026 4760 3195 4817 Adest
3224 4774 3454 4832 pauper,
3487 4775 3585 4815 cu-

1980 4866 2095 4905 ram
2134 4850 2292 4906 istius
2314 4850 2457 4907 habe
2487 4851 2611 4905 forti
2644 4850 2869 4920 animo;
2913 4865 3015 4907 nec
3046 4850 3312 4921 majorem
3344 4852 3413 4907 de
3438 4850 3583 4907 divi-

1983 4943 2072 4999 tiis
2100 4940 2395 5001 elationem
2431 4943 2699 5013 accipias.
2734 4940 2925 5013 Neque
2955 4958 3166 5014 pauper
3195 4957 3379 5014 neque
3428 4943 3583 5000 dives

1976 5040 2061 5086 est
2111 5030 2165 5087 in
2200 5030 2443 5088 Christo.
2476 5031 2594 5088 Noli
2652 5034 2839 5104 itaque
2893 5035 3221 5091 erubescere
3267 5035 3320 5089 in
3363 5036 3578 5090 externi

266 5094 364 5193 νρς
386 5081 428 5193 ’ς
457 5082 547 5193 fit:
582 5087 685 5193 τῂν
718 5090 924 5157 ιεωθεν
959 5100 1279 5174 περιϐολὴν,
1315 5081 1454 5163 ἀλλὰ
1488 5112 1748 5182 ἀπόδεξαι
1772 5081 1865 5175 3a

2009 5122 2156 5191 pecie
2185 5121 2515 5187 indumenti,
2551 5121 2650 5178 sed
2681 5081 2831 5177 illum
2869 5122 3060 5193 accipe
3084 5122 3389 5180 secundum
3422 5120 3573 5179 inte-

263 5171 364 5243 τὴν
392 5172 541 5233 ἔνδον
574 5179 781 5240 πίστιν.

344 5265 693 5373 diloricare,
716 5276 993 5373 αδελφοί
1041 5302 1158 5355 μου
1175 5290 1622 5370 ἀγαπητοί,οὑχ
1652 5303 1685 5356 ό
1716 5304 1861 5373 Θεὸς

261 5356 581 5428 ἐξελέξατο
634 5368 779 5438 τοὺς
834 5379 1114 5448 πτωχοὺς
1166 5356 1274 5440 τοῦ
1332 5356 1620 5461 κόσμου’,
1663 5356 1856 5452 παίουί

329 5536 354 5570 ⁸
382 5537 513 5599 Luc.
544 5560 623 5612 Vl,
652 5548 742 5605 56.
822 5552 865 5607 '.
911 5554 1103 5616 Matth.
1133 5577 1212 5632 ix,
1247 5564 1336 5621 15.

269 5693 533 5796 ,λέξοι
564 5702 991 5796 ’ξδιςιεοιτοειο
1213 5719 1275 5775 ο.
1313 5721 1464 5796 περί.

265 5764 491 5827 tum.
575 5769 593 5799 ι
645 5772 707 5831 c.
741 5777 801 5834 c.
832 5764 1225 5856 ὲέάέάχυνόῆςζ

1546 5726 1643 5783 ’C.
1674 5727 1735 5785 (Ξ.
1772 5729 1951 5802 ἡμῶν.

1973 5216 2174 5270 riorem
2206 5213 2392 5270 iidem.

2048 5305 2215 5363 Vens.
2250 5308 2307 5376 5,
2338 5309 2396 5366 6.
2416 5309 2637 5377 Audite,
2663 5309 2860 5383 fratres
2884 5326 2986 5366 mea
3013 5309 3383 5377 dilectissimi;
3408 5326 3581 5365 nonne

1984 5399 2132 5456 Deus
2157 5401 2313 5471 elegit
2336 5419 2593 5473 pauperes
2644 5404 2700 5458 in
2749 5404 2849 5459 hoc
2887 5405 3108 5472 mundo,
3139 5404 3330 5461 divites
3363 5404 3418 5459 in
3469 5402 3579 5466 ﬁde

2072 5735 2115 5768 “
2142 5735 2199 5794 C.
2232 5735 2547 5809 (LaxiCstc.
2613 5739 3063 5815 ἁπονοιαυχίζεις
3101 5745 3239 5804 Cod.
3340 5744 3386 5779 “
3411 5746 3475 5803 C.
3502 5744 3573 5803 α.
