4226 6510
372 469 516 531 Im

1338 448 1766 528 FRAGMENTA
1803 465 1868 522 IN
1908 463 2298 523 EPISTOLAM
2340 466 2397 522 s.
2438 466 2695 538 JAGOBI.
2752 510 2755 517 .

3524 469 3670 529 ηις

366 592 541 663 ταύτῃ
571 590 712 663 μετὰ
764 590 966 660 πολλῆς
994 587 1180 650 ἀδείας
1211 587 1521 658 ἀνοίγονται
1567 588 1679 641 τῶν
1708 585 1942 658 οὒρανῶη

2064 585 2335 643 caelorum
2406 586 2733 653 aperiuntur
2801 597 2991 656 porte.
3054 618 3126 628 —
3164 586 3235 641 Et
3299 588 3460 659 paulo
3520 604 3659 657 post.

367 686 427 737 αἱ
480 683 669 737 πύλαι.
728 712 795 725 -
847 680 955 735 Kal
984 679 1115 751 μετ’
1155 680 1351 748 ὀλίγοι·
1423 679 1723 732 Βασίλισσα
1755 679 1801 710 ²²
1849 677 1959 749 γὰρ

361 774 539 839 ὅντως
590 775 740 828 ἐστὶν
793 773 998 844 ὁμοίως
1042 772 1089 804 ’³
1145 772 1470 844 ἀνθρώπους
1518 770 1752 825 ποιοῦσα
1810 771 1953 841 Θεῷ·

366 867 632 922 Ἕσεσθε
649 864 781 934 γὰρ,
796 864 985 935 φησὶν,
1004 864 1394 933 οἰκτίρμονες,
1415 863 1499 929 ὠς
1514 865 1547 917 ὁ
1568 861 1773 931 Πατὴρ
1794 861 1960 939 ὑμῶν

361 960 400 1013 δ
435 958 505 1011 ἐν
551 955 675 1022 τοῖς
722 956 1025 1025 οὐρανοῑςο
1084 955 1398 1027 ὑπόπτερός
1440 955 1559 1007 ἐστι
1598 954 1694 1008 καὶ
1733 954 1913 1024 κούφη
1939 994 1956 1021 ,

361 1053 644 1124 πτέρυγας
686 1049 888 1121 ἔχουσα
917 1049 1147 1120 χρυσᾶςε
1188 1047 1388 1118 πτῆσιν
1417 1046 1619 1118 ἔχουσα
1647 1046 1791 1100 πάνυ
1826 1046 1955 1117 τέρ-

360 1160 467 1197 που
477 1160 576 1197 σαν
596 1142 723 1206 τοὺς
736 1141 1024 1211 ἀγγέλους.
1042 1139 1192 1193 Ἐκεῖ
1207 1138 1254 1173 ⁸⁸⁵
1277 1138 1577 1210 Πτέρυτες
1601 1136 1957 1206 περιστερᾶς

357 1232 925 1305 περιηργυρωμέναι,
955 1230 1057 1288 καὶ
1098 1230 1447 1302 μετάφρενα
1478 1230 1673 1313 αὐτῆς
1705 1229 1775 1284 ἐν
1798 1232 1956 1299 χλω-

349 1327 560 1396 ρότητι
602 1326 886 1395 χρυσίου.
936 1323 1207 1394 Καθάπερ
1242 1323 1546 1395 περιστερά
1582 1338 1668 1388 τις
1701 1320 1881 1393 χρυσῆ
1906 1319 1953 1352 ⁸⁸

358 1415 456 1469 καὶ
478 1411 631 1479 ζῶσα
659 1415 904 1468 πέτεταιο
932 1413 1092 1483 ὄμμα
1116 1412 1399 1484 προσηνὲς
1425 1412 1650 1483 ἔχουσα,
1672 1409 1957 1481 ὀφθαλμὸν

356 1504 588 1575 ἥμερον
637 1504 793 1558 οὐδὲν
824 1505 871 1537 ’⁸
919 1501 1201 1573 ὀφθαλμοῦ
1242 1502 1454 1557 ἐκείνου
1493 1502 1725 1574 βέλτιον.
1772 1500 1955 1564 Καλός

357 1596 510 1647 ἐστιν
536 1596 565 1647 ὀ
609 1593 754 1659 ταὼς
780 1634 797 1660 ,
843 1591 1152 1665 ἀλλὰπρὸς
1192 1593 1411 1663 ἐκείνην
1440 1593 1672 1656 κολοιός⁸
1713 1590 1889 1655 οὕτως
1917 1592 1951 1662 ὴ

340 1687 504 1758 νδρνις
538 1686 680 1756 αὕτη
711 1688 849 1759 καλή
888 1688 974 1752 τίς
1016 1688 1137 1742 ἔστι
1176 1688 1276 1741 καὶ
1318 1673 1632 1759 θαυμαστή.
1670 1686 1819 1738 Ι’Λνω
1863 1683 1954 1739 διὰ

2064 678 2273 734 Revera
2318 679 2520 734 etenim
2574 679 2760 750 regina
2790 688 2898 744 est,
2922 680 3131 736 similes
3162 680 3415 737 homines
3456 681 3663 740 faciens

2062 773 2225 829 Deo:
2265 776 2450 828 Estote
2494 789 2618 844 ergo
2678 774 3080 838 misericordes,
3129 774 3353 843 dicitur,
3417 776 3553 831 sicut
3607 786 3664 832 et

2065 862 2228 920 Pater
2252 874 2418 919 vester
2444 866 2533 934 qui
2556 864 2611 919 in
2637 862 2781 919 caelis
2806 873 2883 919 est
2910 865 2953 920 '.
2990 864 3165 936 Agilis
3190 868 3275 921 est
3304 876 3361 923 et
3385 868 3543 932 levis,
3569 868 3662 921 de-

2059 966 2284 1013 auratas
2303 957 2510 1012 habens
2533 973 2762 1027 pennas,
2790 956 3145 1028 quae.aathera
3173 957 3336 1035 volitu
3364 959 3662 1014 verberan-

2057 1059 2166 1115 tes,
2191 1048 2422 1122 multum
2448 1048 2729 1104 lxtillcant
2745 1048 3073 1121 angelos.De
3094 1049 3184 1105 illa
3204 1050 3407 1105 dicitur
3428 1069 3441 1105 :
3463 1036 3662 1104 Penno:

2056 1140 2315 1195 columba:
2336 1140 2720 1209 deargentatw,
2756 1151 2805 1196 et
2860 1142 3156 1211 posteriora
3190 1141 3307 1212 ejus
3355 1144 3408 1196 in
3456 1141 3663 1211 pallore

2057 1232 2179 1286 auri
2230 1231 2296 1288 ’°.
2331 1230 2499 1285 Sicut-
2540 1233 2790 1300 quaedam
2832 1233 3095 1289 columba
3154 1243 3421 1289 aureaet
3473 1232 3661 1288 vivens

2055 1322 2269 1386 volitat,
2297 1322 2582 1393 pulchrqu
2617 1323 2827 1379 habens
2874 1333 3179 1393 aspectum,
3202 1323 3399 1378 dulces
3446 1322 3656 1387 oculos,

2054 1414 2254 1485 quibus
2278 1413 2353 1469 nil
2380 1414 2603 1469 melius.
2626 1413 2860 1470 Pulcher
2879 1424 2961 1470 est
2996 1424 3054 1470 et
3084 1429 3247 1491 pavo,
3281 1415 3375 1469 sed
3414 1415 3462 1469 is
3502 1427 3657 1468 com-

2055 1505 2342 1573 paratione
2371 1506 2553 1569 istius,
2579 1505 2836 1576 graculus
2862 1496 2947 1562 est
2971 1522 2986 1570 ;
3014 1503 3152 1560 adeo
3181 1504 3381 1560 decora
3406 1511 3459 1559 et
3491 1503 3655 1573 mira;

2053 1596 2179 1653 bilis
2209 1608 2294 1653 est
2315 1597 2432 1653 avis
2457 1597 2566 1653 illa.
2588 1597 2710 1652 Alta
2743 1612 2965 1666 semper
2991 1595 3419 1668 contemplatur,
3451 1593 3651 1649 multa-

2053 1704 2159 1760 que
2181 1689 2747 1762 circumdaturzgloria
2785 1688 2902 1744 Dei.
2930 1689 3101 1758 Virgo
3135 1697 3219 1743 est
3256 1688 3438 1756 aureis
3470 1686 3652 1741 dotata

358 1778 559 1842 παντὸς
584 1779 706 1851 ὀρᾷο
731 1780 903 1850 πολλῇ
928 1780 1021 1834 τοῦ
1048 1779 1187 1834 Θεοῦ
1206 1783 1273 1851 τῇ
1296 1779 1424 1852 δόξῃ
1450 1777 1941 1851 περιστοιχίζεται.

2052 1780 2266 1850 pennis,
2297 1780 2467 1836 nitide
2499 1780 2828 1850 composita,
2858 1778 2987 1834 albo
3014 1788 3069 1833 et
3102 1778 3242 1833 dulci
3279 1777 3459 1833 vultu:
3482 1776 3653 1848 Agilis

359 1870 633 1947 Παρθένος
659 1871 779 1925 ἐστὶ
829 1872 1111 1942 πτέρυγας
1137 1871 1337 1943 ἔχουσα
1362 1871 1591 1943 χρυσᾶς,
1620 1870 1948 1941 περιεσταλο

360 1958 521 2032 μινη,
550 1960 744 2016 λευκὸν
762 1962 966 2032 ἔχουσα
994 1961 1559 2033 πρόσωπον,ἦμερον.
1604 1960 1945 2031 Ὑπόπτερός

313 2109 317 2111 _
352 2052 472 2104 ἔστι
496 2051 589 2116 καὶ
620 2051 990 2124 κούφη,παρὰ
1018 2052 1111 2107 τὸν
1132 2050 1325 2123 θρόνον
1355 2052 1574 2107 ἑστῶσα
1604 2052 1697 2108 τὸν
1736 2053 1944 2125 βασιλι-

352 2140 656 2195 κόν.”οταν
685 2144 1006 2214 κρινώμεθα
1024 2146 1094 2212 ’⁷,
1119 2146 1278 2215 ἄφνω
1303 2146 1593 2215 ἐφίσταται
1624 2147 1721 2201 καὶ
1749 2147 1941 2216 φαίνε-

350 2250 474 2295 ται.
506 2232 605 2288 κα)⁸
644 2233 943 2305 ὀξαιρεῖται
972 2237 1071 2307 τῆς
1101 2237 1380 2302 κολάσεως
1410 2239 1579 2309 ἡμᾶς,
1620 2240 1742 2302 ταῖς
1770 2239 1943 2310 αὐτῆς

348 2319 579 2399 πτέρυξι
602 2321 1031 2393 περιϐάλλουσα,
1051 2325 1259 2397 ταύτην
1286 2325 1433 2380 θέλει
1456 2328 1485 2379 ὀ
1503 2326 1636 2391 Θεὸς
1662 2326 1696 2399 ἢ
1725 2327 1945 2392 θυσίας.

420 2411 585 2465 Οὕτω
608 2414 707 2466 καὶ
736 2415 775 2483 ἡ
815 2414 1042 2481 πίστις,
1076 2416 1185 2470 ἐὰν
1238 2416 1325 2487 μὴ
1386 2418 1499 2487 ἔχῃ
1559 2418 1726 2488 ἔργα,
1758 2418 1942 2487 νεκρά

347 2503 481 2559 ἐστι
497 2508 627 2562 καθ’
640 2506 887 2576 ἑαυτήν.
906 2506 1213 2577 Ἀλλ’ὲρεῖ
1235 2527 1347 2576 τις,
1375 2508 1457 2564 Σὺ
1496 2511 1708 2563 πίστιν
1739 2510 1902 2581 ἔχεις
1920 2552 1937 2575 ,

346 2595 513 2667 κάγὼ
570 2598 716 2668 ἔργα
758 2599 900 2668 ἔχω,
938 2598 1143 2665 δεῖξόν
1182 2617 1283 2670 μοι
1333 2603 1449 2668 τὴν
1479 2601 1691 2655 πίστιν
1714 2616 1834 2656 σου
1867 2600 1939 2656 ἐκ

344 2688 467 2745 τῶν
517 2690 711 2761 ἔργων
768 2684 913 2748 σουέ
941 2691 1106 2762 κάγὼ
1149 2692 1327 2758 δείξω
1358 2708 1458 2748 σοι
1498 2694 1570 2748 ἐκ
1600 2693 1721 2749 τῶν
1744 2694 1957 2763 ἔργων

339 2800 463 2852 μου
506 2783 623 2850 τὴν
664 2785 874 2838 πίστιν
920 2802 1063 2853 μου.
1100 2784 1186 2838 Σὺ
1232 2785 1539 2851 πιστεύεις
1581 2784 1675 2838 ὅτι
1726 2787 1761 2840 ό
1790 2785 1936 2852 Θεὸς

341 2869 434 2940 εἷς
480 2877 610 2931 ἐστι
634 2916 649 2942 ,
690 2876 893 2943 καλῶς
951 2877 1143 2945 ποιεῖς
1175 2895 1191 2908 ο
1237 2878 1333 2934 καὶ
1385 2879 1456 2932 τὰ
1513 2875 1795 2946 δαιμόνια
1840 2885 1941 2932 πμ

341 2968 634 3022 στεύουσι
654 3009 668 3033 ,
704 2968 803 3021 καὶ
828 2969 1185 3038 φρίσσουσι.

2049 1882 2135 1928 est
2162 1881 2217 1929 ot
2248 1871 2405 1939 levis,
2441 1872 2680 1943 regalem
2709 1882 2836 1927 ante
2867 1873 3125 1927 thronum
3149 1880 3323 1926 stans.
3346 1869 3482 1923 Cum
3502 1868 3649 1938 judi-

2050 1980 2261 2029 camur,
2295 1966 2479 2022 subito
2509 1966 2808 2035 splendens
2840 1966 3110 2035 assurgit,
3143 1972 3201 2019 et
3234 1977 3264 2017 a
3296 1960 3665 2017 damnatione.

2050 2071 2156 2110 non
2203 2056 2365 2127 eripit
2424 2071 2565 2127 quos
2624 2057 2825 2129 pennis
2874 2056 3118 2129 protegit
3165 2054 3429 2110 extensis.
3496 2051 3649 2107 Illam

2048 2148 2165 2204 vult
2188 2148 2352 2216 Deus,
2386 2158 2439 2205 et
2473 2164 2581 2206 non
2603 2149 2973 2206 sacriﬁcium.

2119 2420 2284 2477 Vsus.
2336 2420 2527 2477 {7-19.
2567 2420 2660 2476 Sic
2703 2428 2756 2475 et
2808 2420 2965 2490 ﬁdes,
2992 2420 3039 2474 si
3074 2435 3178 2473 non
3230 2416 3418 2472 habeat
3459 2430 3643 2485 opera,

2047 2524 2257 2567 mortua
2286 2523 2361 2566 est
2384 2514 2439 2565 in
2469 2514 2770 2582 semetipsa.
2800 2511 2904 2567 Sed
2930 2512 3066 2566 dicet
3085 2513 3202 2580 quis
3220 2525 3239 2564 :
3262 2513 3336 2564 Tu
3362 2508 3522 2577 ﬁdem
3548 2506 3645 2559 Ita-

2046 2592 2156 2670 bes,
2178 2614 2226 2659 et
2259 2620 2353 2673 ego
2397 2619 2558 2672 opera
2623 2602 3079 2669 Itabeo;'ostende
3114 2600 3244 2655 mihi
3285 2599 3441 2669 ﬁdem
3497 2607 3643 2651 tuam

2042 2694 2160 2747 sine
2185 2693 2451 2762 operibus,
2484 2700 2535 2747 et
2566 2707 2661 2762 ego
2690 2692 2965 2745 ostendam
2998 2691 3092 2744 tibi
3124 2704 3190 2744 ea:
3218 2688 3461 2758 operibus
3478 2686 3643 2754 ﬁdem

2041 2799 2229 2840 nicum.
2266 2782 2343 2837 Tu
2370 2783 2542 2837 credis
2573 2786 2829 2854 quoniam
2865 2799 3004 2836 unus
3046 2793 3120 2835 est
3165 2781 3302 2835 Deus
3334 2778 3511 2835 °=bene
3549 2778 3639 2847 fa-

2037 2875 2147 2938 cis;
2166 2884 2213 2928 et
2241 2874 2505 2931 demones
2531 2874 2775 2941 credunt,
2799 2889 2862 2928 ac
2885 2873 3319 2928 contremiscunt.

413 3081 538 3135 Κᾶν
566 3082 676 3151 γὰρ
716 3082 797 3144 είς
829 3081 921 3136 τὸν
962 3081 1181 3152 Πατέρα
1213 3082 1306 3133 ἰαὶ
1351 3085 1431 3143 εἰς
1463 3082 1556 3135 τὸν
1592 3081 1722 3135 Υἰόν
1754 3080 1932 3152 ὀρθῶς

2115 3079 2269 3135 Licet
2316 3079 2461 3135 enim
2499 3080 2556 3134 in
2605 3079 2827 3135 Patrem
2860 3090 2910 3135 et
2964 3080 3016 3133 in
3053 3079 3251 3137 Filium
3320 3088 3468 3135 recte
3516 3080 3639 3147 quis

339 3188 427 3236 τις
455 3171 712 3246 πιστεύῃ,
750 3175 846 3226 καὶ
867 3175 950 3236 είς
977 3175 1038 3226 τὸ
1070 3173 1298 3244 Πνεῦμα
1329 3174 1389 3249 τὸ
1414 3175 1593 3241 ἅγιον,
1621 3173 1738 3243 βίον
1772 3173 1828 3227 δὲ
1860 3175 1935 3245 μὴ

340 3262 443 3335 εχῃ
473 3263 654 3335 ὀρθὸν,
705 3264 861 3320 οὐδὲν
893 3264 1041 3334 αὐτῷ
1080 3265 1274 3336 κέρδος
1306 3267 1406 3334 τῆς
1449 3266 1687 3330 πίστεως
1717 3269 1797 3330 εἰς
1826 3285 1935 3320 σω-

339 3354 558 3427 τηρίαν.
587 3355 799 3410 Οὐκοῦν
829 3357 958 3410 ὅταν
988 3356 1149 3428 λέγῃ,
1195 3355 1306 3409 Καὶ
1347 3356 1501 3425 αὕτη
1546 3357 1655 3427 γάρ
1680 3359 1853 3412 ἐστιν
1893 3359 1932 3426 ἡ

338 3446 577 3513 ultimae
603 3445 736 3515 ζωὴ,
769 3448 870 3500 ἵνα
895 3446 1237 3517 γινώσκωσι
1264 3460 1340 3500 σε
1368 3447 1473 3501 τὸν
1494 3450 1691 3517 μόνον
1725 3450 1934 3517 ἀληθι-

338 3537 453 3592 νὸν
482 3536 652 3602 Θεὸν,
690 3539 767 3609 μὴ
796 3539 1108 3609 νομίσωμεν
1147 3540 1280 3609 ἡμῖν
1316 3540 1509 3609 ἀρκεῖν
1538 3542 1618 3611 είς
1651 3540 1932 3610 σωτηρίαν

337 3629 401 3683 τὸ
427 3629 734 3700 λεγόμενον·
765 3630 848 3683 δεῖ
888 3629 997 3700 γὰρ
1035 3629 1183 3700 ἡμᾶς
1229 3629 1322 3683 καὶ
1368 3629 1484 3700 βίου
1518 3631 1613 3685 καὶ
1653 3632 1930 3695 πολιτείας

338 3721 760 3792 καθαρωτάτης.

406 3812 567 3882 Μέγα
599 3812 697 3883 μὲν
730 3811 914 3877 πίστις
945 3811 1040 3866 καὶ
1070 3812 1364 3883 σωτήριον,
1403 3816 1497 3867 καὶ
1538 3814 1744 3885 ταύτης
1795 3811 1949 3870 ἄνευ

337 3905 436 3959 οὐκ
474 3905 554 3958 ἔνι
584 3905 824 3975 σωθῆναί
858 3920 989 3958 ποτε
1014 3921 1028 3936 ·
1065 3905 1180 3959 ἀλλ’
1222 3907 1323 3960 οὐκ
1352 3907 1517 3976 ἀρκεῖ
1552 3908 1679 3961 καθ’
1724 3909 1926 3980 ἑαυτὴν

336 3996 495 4050 τοῦτο
522 3996 885 4067 ἐργάσασθαι.
935 3995 1098 4050 Ἀλλὰ
1137 3997 1221 4051 δεῖ
1261 3999 1356 4051 καὶ
1393 3997 1673 4063 πολιτείας
1717 3999 1920 4070 ὀρθῆς·

333 4086 475 4141 ὥστε
501 4085 588 4139 διὰ
613 4084 772 4139 τοῦτο
801 4086 898 4139 καὶ
925 4084 1135 4149 Παῦλος
1165 4088 1277 4151 τοῖς
1312 4086 1411 4158 ἤδη
1442 4086 1551 4140 τῶν
1601 4089 1924 4160 μυστηρίων

335 4175 753 4241 καταξιωθεῖσι,
782 4177 1043 4247 παραινεῖ
1075 4175 1273 4246 λέγων·
1308 4176 1717 4248 Σπουδάσωμεν
1742 4178 1921 4231 είσελ-

336 4266 447 4323 θεῖν
466 4270 546 4331 εἰς
571 4268 669 4337 τὴν
689 4269 1034 4321 κατάπαυσιν
1057 4266 1276 4338 ἐκείνην
1290 4268 1354 4299 ’θ’
1378 4268 1793 4339 σπουδάσωμεν,
1818 4287 1923 4342 φη-

336 4362 440 4427 σῖν,
470 4360 547 4423 ὠς
574 4360 675 4412 οὐκ
713 4358 993 4430 ἀρκούσης
1017 4358 1119 4428 τῆς
1145 4358 1404 4425 πίστεως,
1449 4359 1564 4414 ἀλλ’
1606 4361 1919 4430 ὀφείλοντος

2041 3171 2247 3239 credat,
2279 3179 2334 3226 et
2372 3172 2430 3225 in
2468 3168 2734 3241 Spiritum
2780 3182 3056 3236 sanctum,
3090 3174 3255 3224 vitam
3311 3180 3492 3226 autem
3530 3187 3637 3226 non

2040 3246 2242 3317 habeat
2299 3273 2526 3329 rectam,
2556 3261 2704 3317 nulla
2755 3264 2804 3316 ei
2848 3262 2969 3317 ﬁdei
3016 3262 3224 3317 utilitas
3274 3263 3326 3315 in
3378 3262 3634 3317 salutem.

2038 3356 2175 3411 Dum
2204 3371 2335 3426 ergo
2365 3357 2501 3427 legis
2529 3373 2543 3409 :
2585 3354 2718 3409 Hcce
2754 3365 2830 3409 est
2851 3356 2958 3409 vita
2984 3364 3205 3420 a’terna,
3238 3366 3293 3409 ut
3316 3365 3634 3425 cognoscant

2041 3457 2092 3501 te
2116 3446 2288 3500 solum
2323 3446 2490 3518 Deum
2525 3450 2704 3501 verum
2735 3446 2801 3512 “,
2828 3464 2894 3502 ne
2923 3446 3118 3501 credas
3149 3447 3263 3502 haec
3286 3446 3429 3502 dicta
3476 3445 3634 3499 nobis

2035 3536 2283 3593 snﬂicere
2325 3540 2389 3592 ad
2420 3542 2677 3594 salutem.
2711 3536 2941 3607 Oportet
2970 3538 3116 3593 enim
3157 3553 3256 3593 uos
3303 3546 3359 3593 et
3400 3537 3511 3593 vita
3577 3545 3635 3591 et

2035 3629 2278 3685 moribus
2306 3630 2629 3699 purissimos
2660 3630 2952 3685 exsistere.

2106 3809 2359 3881 Magnum
2388 3810 2608 3881 quidem
2635 3820 2690 3866 et
2722 3810 2856 3867 ﬁdes
2883 3820 2939 3866 et
2969 3812 3136 3880 salus,
3161 3821 3216 3868 et
3243 3813 3363 3869 sine
3393 3812 3498 3867 lide
3531 3814 3635 3868 Sai-

2032 3903 2147 3957 vari
2184 3917 2460 3972 nunquam
2511 3918 2821 3971 possumus.
2858 3902 2965 3959 Sed
3007 3920 3114 3960 non
3151 3904 3347 3960 suliicit
3370 3907 3434 3959 ad
3481 3905 3628 3959 salu-

2031 4003 2160 4057 tem,
2182 3992 2341 4047 lidem
2362 3992 2461 4047 sibi
2476 3990 2815 4049 efformasse.
2838 3992 3025 4050 Rectis
3049 4004 3232 4050 autem
3263 4010 3401 4066 opus
3424 4004 3508 4052 est
3534 3996 3631 4051 ad-

2027 4083 2134 4138 huc
2156 4083 2414 4137 moribus.
2440 4081 2733 4153 Pr0pterea
2766 4094 2823 4140 et
2857 4083 3059 4141 Paulus
3086 4086 3205 4141 illos
3223 4088 3314 4157 qui
3334 4086 3446 4155 jam
3474 4087 3627 4157 digni

2026 4173 2358 4229 habitisunt
2392 4173 2777 4245 mysteriorum
2805 4177 3132 4230 exhortatur
3160 4177 3347 4231 dicens
3390 4195 3403 4232 :
3443 4175 3621 4232 Festi-

2026 4280 2220 4321 nemus
2246 4266 2454 4337 ingredi
2493 4266 2545 4319 in
2582 4266 2727 4321 illam
2765 4268 3013 4336 requiem
3047 4269 3126 4337 ¹²;
3154 4268 3476 4325 festinemus
3524 4271 3624 4337 ait,

2026 4356 2277 4426 quianon
2301 4356 2501 4412 suﬂicit
2532 4358 2685 4425 lides,
2714 4358 2812 4415 sed
2844 4360 3057 4415 ostendi
3082 4360 3247 4417 debet
3268 4364 3401 4431 vita,
3423 4371 3480 4417 et
3500 4364 3625 4427 hoc,

335 4452 663 4523 προτεθῆναι
685 4428 778 4504 καῖ
793 4451 889 4504 τοῦ
911 4428 1050 4521 βίου,
1072 4451 1165 4503 καὶ
1186 4450 1388 4524 πολλὴν
1404 4450 1501 4523 τὴν
1527 4428 1764 4525 σπουδὴν
1783 4453 1922 4523 γίνε-

2042 4449 2194 4504 inulta
2230 4466 2352 4505 cum
2385 4448 2755 4507 festinatione.
2788 4449 2987 4521 Magno
3017 4450 3164 4505 enim
3196 4466 3334 4520 opus
3380 4428 3465 4506 est
3503 4453 3627 4520 qui-

336 4541 480 4595 σθαι.
512 4543 605 4594 Δεῖ
624 4541 732 4611 γὰρ
754 4541 925 4610 δντως
948 4541 1045 4593 καὶ
1072 4539 1273 4611 πολλῆς
1304 4542 1542 4613 σπουδῆς
1570 4543 1712 4597 ὥστε
1739 4543 1918 4596 εἰσελ-

336 4628 447 4683 θεῖν
474 4630 554 4692 εἰς
583 4628 676 4681 τὸν
715 4628 967 4699 οὐρανόν.
1002 4628 1066 4681 El
1100 4628 1212 4698 γὰρ
1253 4629 1357 4700 γῆς
1397 4630 1458 4683 οὐ
1492 4631 1918 4704 κατηξιώθησαν

335 4716 383 4768 οῖ
409 4714 650 4769 τοσαῦτα
676 4714 1189 4788 ταλαιπωρηθέντες
1227 4719 1285 4770 ἐν
1317 4720 1381 4789 τῇ
1418 4719 1611 4790 ἐρήμῳ
1631 4759 1646 4785 ν
1680 4722 1775 4775 καὶ
1813 4721 1920 4791 γῆς

335 4809 520 4877 τυχεῖν
552 4807 655 4859 οὐκ
681 4807 1049 4878 ἠδυνήθησαν,
1076 4807 1200 4861 ἐπεὶ
1235 4808 1566 4877 ἐγόγγυσαν,
1600 4812 1695 4865 καὶ¹
1725 4811 1919 4883 ἐπειδὴ

335 4898 688 4969 ἐπόρνευσαν,
732 4898 851 4962 πῶς
897 4900 989 4952 τὸν
1028 4900 1254 4971 οὐρανὸν
1300 4902 1461 4972 ἡμεῖς
1504 4903 1918 4975 καταξιωσηθό-

339 4989 477 5059 μεθα
507 4990 553 5021 ¹⁹
582 4987 892 5058 ἀδιαφόρως
917 4989 1118 5055 ζῶντες
1159 4992 1253 5045 καὶ
1283 4986 1580 5064 pnituit“;
1609 4998 1704 5049 Δεῖ
1737 4997 1918 5051 τοίνυν

340 5084 464 5155 η⁹μῐν
493 5083 698 5152 πολλῆς
728 5081 991 5152 σπουδῆς.
1027 5070 1141 5136 Καὶ
1168 5084 1351 5139 πάλιν.
1930 5070 1937 5077 ’

403 5194 615 5259 Πίστις
679 5192 860 5261 χωρὶς
898 5192 1019 5247 τῶν
1069 5193 1262 5263 ἔργων
1288 5195 1471 5263 νεκρά
1497 5196 1691 5252 ἐστιν.

406 5284 665 5348 Εἰκότωςσ
713 5286 904 5356 ὥσπερ
945 5286 1054 5356 γὰρ
1097 5288 1258 5357 σῶμα
1302 5287 1469 5342 καλὸν
1514 5293 1607 5342 καὶ
1650 5291 1914 5357 εὐανθὲς,

336 5372 463 5428 ὅταν
501 5375 653 5444 ἰσχὺν
702 5375 776 5447 μὴ
826 5375 923 5446 ἔχῃ
949 5415 965 5440 ,
1012 5375 1149 5430 ἀλλὰ
1191 5380 1303 5440 τοῖς
1346 5377 1838 5452 ἐζωγραφτιμένοις

338 5466 654 5537 προσεοικὸς
686 5469 757 5533 ³⁸,
782 5467 926 5522 οῦτω
955 5468 1142 5534 πίστις
1172 5469 1310 5541 ὀρθὴ
1337 5472 1506 5543 χωρὶς
1539 5471 1741 5543 ἔργων.

405 5644 427 5676 ⁹
466 5642 596 5699 Luc.
634 5658 708 5708 Vl,
741 5643 833 5700 ⁸56.
913 5644 954 5675 ¹⁰
996 5641 1139 5698 Psal.
1182 5660 1352 5710 van,
1387 5646 1475 5700 M.
1556 5649 1597 5680 “
1630 5645 1790 5702 Jnau.
1825 5664 1959 5718 xvu,

405 5798 452 5868 ’ξ
481 5797 543 5853 C.
578 5799 640 5852 C.
676 5798 1014 5867 βασίλεισσα.
1091 5799 1137 5829 ¹³
1160 5797 1219 5852 C.
1253 5798 1316 5853 Ο.
1345 5798 1586 5868 ὁμοίους.

1662 5803 1708 5833 υ
1734 5803 1797 5876 c.
1832 5805 1894 5859 (ς.
1935 5806 2090 5876 φησὶ.

337 5867 381 5901 ³⁷
413 5866 475 5923 C.
508 5870 568 5931 C.
599 5866 916 5940 κρινόμεθα.
995 5870 1040 5901 ³⁸
1068 5868 1129 5921 C.
1163 5868 1224 5922 C.
1251 5866 1468 5941 εκείνην
1494 5871 1593 5942 τὴν
1641 5866 2013 5930 κατάπαυσὶνξ
2056 5880 2099 5909 ¹⁹
2131 5878 2193 5933 (ἶ.
2223 5880 2285 5935 C.
2330 5866 2887 5956 mansitque—39265.

2027 4542 2148 4595 dem
2180 4543 2376 4598 ardore
2404 4552 2460 4596 ut
2487 4542 2686 4597 ccelum
2720 4543 3111 4612 ingrediantur.
3135 4542 3381 4612 Nattique
3406 4544 3449 4597 si
3477 4553 3621 4596 terra

2026 4650 2134 4688 non
2164 4635 2310 4704 digni
2340 4634 2547 4689 inventi
2576 4643 2706 4689 sunt
2736 4633 2974 4697 Hebraei,
3008 4634 3102 4705 qui
3126 4643 3280 4688 tanta
3311 4636 3458 4703 passi
3494 4647 3622 4689 sunt

2026 4727 2079 4781 ἰιι
2098 4728 2346 4790 deserto;
2377 4728 2422 4781 si
2488 4737 2689 4782 terram
2746 4727 3026 4796 possidere
3068 4742 3177 4781 non
3221 4735 3537 4793 potuerunt,
3569 4734 3624 4779 ct

2027 4832 2153 4872 mox
2210 4828 2715 4885 murmuraverunt,
2771 4828 2825 4873 et
2876 4827 3064 4888 postea
3113 4814 3369 4873 fornicati
3442 4826 3616 4882 sunt,
3672 4852 3676 4855 -

2026 4909 2299 4979 quomodo
2330 4923 2427 4964 nos
2449 4909 2590 4964 caelo
2613 4910 2761 4980 digni
2793 4910 3189 4981 judicabimnr,
3216 4911 3309 4979 qui
3338 4909 3611 4978 negligen-

2029 5009 2111 5055 ter
2136 5011 2193 5055 et
2233 5000 2467 5055 molliter
2506 5002 2784 5058 vivimus?
2822 5003 3027 5074 Nempe
3080 5014 3165 5059 est
3195 5018 3327 5073 ergo
3387 5011 3447 5055 ut
3498 5016 3622 5055 cum

2027 5092 2199 5149 multo
2221 5092 2532 5149 laboremus
2560 5096 2777 5151 ardore.

2098 5200 2265 5257 Vsus.
2312 5200 2404 5257 27.
2483 5201 2549 5257 Et
2594 5206 2726 5274 ﬁdes
2774 5208 2888 5261 sine
2948 5209 3191 5277 operibus
3256 5219 3463 5263 mortua
3522 5220 3624 5263 est.

2098 5292 2165 5347 Et
2193 5290 2581 5351 convenienter
2615 5315 2629 5351 :
2660 5298 2818 5352 Sicut
2862 5300 3008 5353 enim
3045 5301 3330 5369 pulchrum
3383 5312 3437 5355 et
3477 5298 3625 5354 ﬂori-

2026 5388 2153 5442 dum
2197 5404 2396 5460 corpus
2431 5392 2572 5459 quod
2629 5393 2832 5447 nullam
2867 5394 3069 5449 habeat
3102 5396 3210 5448 vim
3241 5406 3295 5449 et
3328 5394 3505 5449 simile
3544 5394 3625 5464 pi-

2024 5481 2195 5534 cturis
2226 5492 2392 5549 esset,
2426 5483 2499 5536 ita
2531 5493 2586 5538 et
2610 5495 2756 5540 recta
2790 5487 2926 5541 lides
2959 5488 3078 5542 sine
3098 5487 3382 5555 operibus.

1998 5652 2054 5709 5.
2134 5655 2177 5689 “
2220 5654 2385 5713 Hebr.
2422 5674 2496 5723 IV,
2526 5660 2583 5715 ‘2.

3049 5818 3093 5849 "
3126 5817 3189 5873 C.
3230 5817 3291 5873 C.
3319 5820 3472 5873 οὐδὲν
3496 5819 3614 5874 τοῦ.

2170 5808 2215 5839 ³⁵
2335 5810 2397 5864 C.
2434 5815 2739 5882 περιστερά.
2767 5817 2969 5887 χρυσῆ.
3049 5818 3093 5849 ²⁶
3126 5817 3189 5873 C.
3230 5817 3291 5873 C.
3319 5820 3472 5873 οὐδὲν
3496 5819 3590 5874 τοῦ

2183 5920 2193 5933 .
2223 5882 2285 5935 L.
2330 5882 2887 5956 καταξιωθητόμεοα.
2986 5889 3031 5919 ³⁰
3060 5888 3122 5943 (2.
3150 5888 3213 5945 ϐ.
3250 5888 3593 5961 προσεοικὼς

3088 5921 3099 5939 ι
3110 5929 3122 5941 .
3151 5921 3213 5945 υ.
3256 5921 3473 5953 ιιμυυιυι
3482 5921 3593 5953 ἤωδε
3603 5930 3617 5948 ο
