4226 6454
259 261 399 326 id”

1228 255 1661 317 FRAGMENTA
1698 254 1770 313 ΙΝ
1808 253 2206 314 ΕΡιετοιΑιι
2244 254 2304 314 S.
2346 253 2600 316 JACOBI.

3418 253 3561 316 ωδο

256 374 398 448 μετὰ
447 372 512 427 τὸ
534 372 879 444 ἁμαρτάνειν
936 370 1310 443 ἀναισχυντεῖ,
1368 372 1468 442 οὐχ
1521 370 1698 435 οὕτως
1755 369 1839 423 επὶ

1955 385 2062 426 non
2098 371 2398 438 erubescit,
2450 386 2557 426 non
2592 378 2703 424 tam
2755 367 2884 437 quia
2941 364 3162 431 cecidit,
3220 364 3558 422 miserabilis

250 466 332 537 τῷ
362 465 408 498 ⁸⁸
458 467 649 519 πεσεῖν
676 466 830 518 ἐστιν
874 462 1111 528 ἐλεεινὸς
1166 463 1243 528 ώς
1273 463 1369 518 ἐπὶ
1414 463 1493 535 τῷ
1522 463 1568 495 ³⁹
1629 462 1848 517 κεῖσθαι

251 539 458 612 πεσών.
479 558 545 612 Ei
571 558 627 612 δὲ
652 556 714 610 τὸ
743 556 821 627 μὴ
857 557 1143 626 μετανοεῖν
1167 557 1253 625 ἐφ’
1284 556 1651 628 ἁμαρτήμασι
1689 540 1851 626 χαλε-

251 652 377 717 πὸν,
402 650 465 704 τδ
500 650 594 703 καὶ
613 647 967 719 πεφυσῆσθαι
996 648 1253 712 ὲπὶηυῖς
1282 649 1655 720 ἁμαρτήμασι
1684 645 1850 711 ποίας

252 738 532 804 κολάσεώς
554 739 705 793 ἐστιν
725 738 910 806 ἄξιονς
939 739 1003 794 Ei
1031 739 1144 810 γάρ
1167 740 1197 791 ό
1226 738 1323 794 ἐπὶ
1337 742 1455 803 τοίς
1478 738 1851 810 κατορθώμα-

250 851 337 888 σιν
375 832 742 905 ὲπαιρόμενος
786 831 1109 905 ἀκάθαρτός
1158 833 1333 899 ἐστιν,
1381 834 1412 887 ό
1458 832 1557 886 ιπὶ
1592 831 1848 903 ἁμαρτή-

251 940 391 997 μασι
427 922 591 978 τοῦτο
623 923 852 995 πάσχων
882 923 1047 988 ποίας
1072 921 1331 991 τεύξεται
1376 920 1750 994 συγγνώμηςς

839 1035 1098 1090 ΚΕΦΔΛ.
1171 1034 1251 1093 Ε’.

326 1130 469 1199 Ἄγε
498 1128 639 1193 νῦν,
673 1130 731 1183 οι
763 1127 1073 1191 πλούσιοι.
1104 1127 1423 1183 κλαύσατε
1448 1123 1848 1191 ὀλολύζοντες

244 1217 349 1272 ἐπὶ
375 1217 507 1284 ταῖς
546 1216 979 1286 ταλαιπωρίαις
1013 1214 1181 1287 ὑμῶν
1210 1213 1344 1284 ταῖς
1386 1216 1843 1286 ἐπερχομέναις.

257 1311 325 1364 Ὀ
374 1308 642 1375 πλοῦτος
693 1305 865 1378 ὑμῶν
907 1305 1169 1397 σέσηπε,
1205 1307 1307 1363 καί
1345 1308 1421 1363 τὰ
1447 1306 1649 1378 ιμάτια
1677 1304 1845 1377 ὑμῶν

245 1400 596 1468 σητόϐρωτα
613 1400 865 1469 γέγονεν
887 1412 904 1431 °
926 1401 961 1453 ό
988 1399 1223 1468 χρυσὸς
1261 1398 1433 1469 ὑμῶν
1463 1398 1565 1452 καί
1598 1400 1633 1453 ὁ
1662 1398 1844 1468 ἀργυ-

236 1507 351 1560 ρος
374 1490 672 1546 κατίωται.
1605 1556 1615 1564 _

331 1580 625 1654 Ἀψώμεθα
656 1584 758 1654 τῆς
782 1580 906 1637 ὁδοῦ
935 1582 1037 1653 τῆς
1064 1581 1262 1647 στενῆς
1283 1598 1298 1612 ·
1339 1583 1507 1653 μέχρι
1549 1582 1681 1635 πότε
1713 1597 1843 1651 τρυ-

243 1675 367 1778 φήὲ
397 1674 561 1745 μέχρι
613 1675 744 1779 πότε
784 1673 1010 1742 ἀνεσις;
1066 1672 1168 1727 οὐκ
1221 1673 1640 1745 δνεπλήσθημεν
1670 1673 1841 1744 ρᾳθυ-
1876 1725 1915 1780 Β

246 1766 513 1837 μοῦντες,
570 1765 878 1835 γελῶντες,
933 1763 1411 1836 ἀναϐαλλόμενοι;
1468 1765 1528 1819 ού
1572 1766 1643 1818 τά
1701 1763 1842 1819 αὐτὰ

242 1856 413 1911 πάλιν
432 1856 589 1912 ἔσται
617 1855 871 1928 τράπεζα
905 1857 1000 1911 καὶ
1034 1856 1197 1927 κόρος
1227 1856 1322 1909 καὶ
1371 1844 1696 1909 πολυτέλειᾶ
1745 1853 1842 1907 καὶ

242 1949 511 2019 χρήματα
546 1948 642 2002 καὶ
700 1948 895 2020 κτῆσις
929 1946 975 1980 ’⁵⁸
1034 1946 1132 2001 καὶ
1160 1946 1490 2017 οίκοδομαί;
1532 1944 1643 1999 Καὶ
1687 1944 1740 1998 τί
1778 1944 1841 1998 τὸ

240 2038 439 2109 κέρδος
467 2058 481 2105 ;
516 2038 752 2103 θάνατος
774 2055 789 2070 ο
820 2038 917 2093 καὶ
934 2038 988 2092 τί
1019 2036 1083 2092 τὸ
1107 2037 1264 2102 τέλος
1286 2055 1302 2106 ;
1327 2038 1507 2109 τέφρα
1542 2038 1835 2103 καὶκόνις,

241 2130 396 2201 σοροὶ
426 2131 522 2185 καὶ
554 2130 860 2201 σκώληκες.

326 2221 736 2292 Ἐτρυςρήσατε
761 2222 861 2277 ἐπὶ
884 2222 997 2292 τῆς
1025 2221 1161 2294 γῆς,
1187 2222 1288 2277 καὶ
1317 2219 1834 2287 ἐσπαταλήσατεο

233 2316 535 2390 “prii-ate
553 2318 660 2384 τὰς
678 2317 941 2397 Δκαρδίας
955 2316 1125 2389 ὑμῶν
1141 2318 1223 2384 ὡς
1248 2318 1320 2371 ἐν
1344 2316 1536 2387 ᾑμέρᾳ
1565 2312 1834 2385 σφαγῆς.

309 2497 377 2555 Τί
411 2496 544 2564 οὖνς
582 2498 898 2555 κεκώλυται
936 2501 971 2572 ἠ
1000 2501 1184 2571 τρυφή
1216 2515 1233 2567 ;
1264 2501 1360 2554 καὶ
1400 2499 1633 2573 σφόδρα.
1678 2499 1835 2552 Διατί

234 2584 333 2647 οὖν
362 2593 444 2654 είς
474 2590 779 2661 μετάληψιν
830 2590 1115 2657 ἔκτισταις
1151 2593 1237 2646 ὅτι
1280 2591 1375 2646 καὶ
1414 2592 1582 2665 ἄρτον
1616 2590 1828 2657 ἔκτισε,

236 2686 335 2739 καὶ
368 2682 677 2738 κεκώλυται
707 2683 743 2753 ή
777 2682 1016 2753 ἀμετρία
1036 2698 1051 2713 ⁸
1076 2684 1160 2738 ὅτι
1192 2684 1288 2737 κα)⁸
1319 2678 1464 2737 οἶνον
1497 2681 1707 2748 ἔκτισε,
1740 2682 1835 2737 καὶ

234 2774 548 2831 κεκώλυται
570 2776 604 2845 ἡ
634 2774 897 2844 ἀμετρία.
934 2774 1049 2845 οὐχ
1074 2773 1151 2835 ὡς
1180 2774 1500 2845 ἀκάθαρτον
1525 2774 1711 2828 τοίνυν
1734 2774 1833 2846 τὴν

232 2864 445 2938 τροφὴν
472 2864 517 2897 ⁸⁸
576 2862 967 2935 παραιτεῖσθαι
1020 2862 1261 2929 κελεύει,
1317 2864 1435 2917 ἀλλ’
1474 2863 1552 2926 ὡς
1600 2863 1834 2917 ἐκλύου-

234 2973 338 3012 σαν
356 2956 403 2989 δ’
432 2955 523 3010 διὰ
550 2954 653 3026 τῆς
676 2954 948 3025 ἀμετρίας
974 2953 1075 3024 τὴν
1103 2954 1305 3025 ψυχήν.
1339 2954 1458 3008 Πᾶν
1485 2952 1597 3025 γὰρ
1628 2953 1838 3019 κτίσμα

1953 477 2057 541 est,
2108 467 2252 522 sicut
2298 474 2355 521 et
2386 464 2514 535 quia
2558 465 2706 534 jacet
2747 462 2838 517 ubi
2879 461 3102 516 cecidit.
3165 457 3223 514 Si
3270 473 3403 514 vero
3445 474 3554 514 non

1954 560 2222 632 pmnitere
2251 567 2602 628 peccatorum
2652 552 2853 609 malum
2889 561 3011 617 est,
3048 550 3265 619 qualem
3312 558 3558 605 meretur

1953 650 2465 706 condemnationem
2500 646 2596 717 qui
2619 644 2871 715 superbit
2899 654 2955 697 et
2985 641 3222 696 exsultat
3271 640 3323 693 in
3350 652 3552 709 pecca-

1951 745 2055 800 tisl
2084 742 2154 799 Et
2177 743 2223 798 si
2251 741 2564 798 immundus
2587 747 2671 793 est
2701 736 2795 807 qui
2829 735 2881 789 in
2910 734 3067 789 bonis
3117 730 3331 787 actibus
3360 744 3557 799 supcr-

1952 834 2165 906 bit,qui
2214 830 2475 888 similiter
2501 838 2556 886 et
2576 812 2654 885 “de
2684 824 2929 899 peccatis
2955 822 3146 890 sentit,
3178 822 3267 877 ubi
3306 819 3554 875 inveniet

1952 923 2343 998 indulgentiam
2362 922 2385 975 ?

2623 1028 2783 1088 CAP.
2826 1027 2888 1083 V.

2023 1131 2190 1188 Vens.
2227 1127 2281 1197 1,
2305 1128 2363 1183 2.
2396 1126 2550 1197 Agite
2585 1141 2747 1189 nunc,
2778 1121 2988 1183 divites,
3018 1118 3228 1188 plorate
3279 1114 3550 1168 ululantes

1948 1222 2004 1278 in
2042 1220 2275 1276 miseriis
2309 1217 2496 1272 vestris
2530 1230 2650 1284 qua:
2683 1213 2975 1267 adveniunt
3015 1206 3182 1263 vobis.
3223 1204 3435 1259 Divitiae
3460 1218 3550 1257 ve—

1947 1320 2074 1366 strm
2112 1306 2428 1378 putrefactas
2469 1283 2617 1368 sunt,
2653 1313 2705 1358 et
2745 1302 3061 1355 vestimenta
3096 1306 3269 1351 uestra
3323 1312 3354 1348 a
3392 1294 3551 1347 tineis
3596 1370 3597 1373 η

1948 1410 2179 1457 comesta
2219 1410 2380 1461 sunt;
2413 1414 2607 1452 aurum
2658 1404 2887 1451 restrum
2924 1404 2971 1449 et
3012 1402 3293 1462 argentum
3353 1386 3551 1457 a‘rugi-

1947 1496 2108 1550 navu.

2019 1584 2567 1656 Compreliendamus
2603 1594 2736 1651 ergo
2769 1584 3058 1649 angustam
3101 1574 3264 1629 viam.
3334 1570 3554 1641 Usque-

1945 1695 2055 1751 quo
2087 1678 2374 1749 voluptarii
2430 1672 2668 1731 sensus?
2724 1684 3009 1741 usqueqtto
3059 1665 3359 1722 mollities?
3404 1661 3549 1719 Num

1944 1772 2321 1830 saturabimur
2355 1768 2721 1829 luxuriantes,
2759 1763 3030 1827 ridentes,
3076 1758 3385 1814 saltantes?
3415 1772 3549 1811 nunt

1945 1864 2210 1922 eteadem
2234 1876 2452 1931 semper
2478 1869 2660 1922 erunt,
2686 1867 2741 1913 et
2774 1870 2997 1919 tttensm,
3022 1862 3078 1908 et
3098 1850 3293 1915 fastus,
3321 1858 3376 1903 et
3397 1862 3551 1902 sum-

1944 1954 2216 2028 ptuositas
2246 1962 2298 2009 et
2323 1950 2569 2029 divitiae?
2596 1964 2725 2004 num
2758 1959 2979 2015 semper
3001 1954 3057 1999 et
3094 1955 3278 1997 emere
3310 1951 3366 1995 et
3413 1938 3550 1993 αξ(ιί-

1944 2048 2143 2104 iieare?
2171 2044 2238 2101 Et
2268 2044 2392 2116 quis
2426 2040 2751 2114 profectus?
2787 2053 2969 2106 mors,
3000 2035 3194 2107 etquis
3226 2031 3389 2089 ﬁnis?
3410 2031 3552 2086 cinis

1941 2152 1994 2199 et
2032 2141 2232 2212 pulvis,
2285 2138 2547 2193 feretrum
2594 2145 2650 2189 et
2698 2147 2938 2187 vermes.

2021 2231 2181 2288 Vens.
2214 2232 2268 2286 5.
2299 2228 2519 2299 Epulati
2550 2231 2676 2281 estis
2710 2239 2869 2291 super
2896 2234 3117 2299 terram,
3153 2228 3200 2274 et
3226 2218 3282 2271 in
3314 2216 3548 2272 luxuriis

1940 2324 2317 2396 ingurgitastis
2340 2294 2459 2377 eos.
2498 2317 2795 2375 Enutristis
2819 2316 2980 2371 corda
3008 2294 3182 2370 vesira
3206 2313 3346 2366 sicut
3377 2311 3431 2363 in
3461 2308 3549 2363 die

1941 2418 2248 2472 occisionis.

2013 2507 2153 2575 Quid
2195 2505 2364 2576 ergo?
2398 2503 2467 2559 ab
2498 2500 2673 2572 epulis
2704 2497 3087 2555 dimovemur?
3133 2504 3189 2551 et
3241 2494 3545 2549 vehemen-

1943 2610 2048 2657 ter.
2105 2600 2219 2655 Cur
2264 2612 2395 2669 ergo
2432 2594 2651 2666 utipsis
2710 2590 3110 2662 participemus
3147 2597 3349 2641 creata:
3373 2583 3549 2639 sunt?

1941 2693 2078 2762 Quia
2107 2700 2163 2748 et
2188 2705 2385 2762 panem
2412 2687 2623 2744 creavit
2656 2684 2802 2740 Deus
2832 2694 2889 2739 et
2919 2684 2986 2738 ab
3011 2680 3329 2737 excessibus
3363 2676 3550 2747 probi~

1940 2787 2168 2851 bemur;
2195 2786 2394 2853 quia-et
2420 2781 2606 2834 vinum
2641 2778 2872 2841 creavit,
2899 2784 2953 2828 et
2984 2783 3145 2843 potus
3178 2770 3550 2825 immoderam

1942 2879 2015 2933 tia
2045 2877 2460 2931 condemnatur.
2487 2871 2607 2927 Non
2648 2870 2870 2940 quidem
2908 2868 3053 2922 sicut
3088 2865 3221 2935 quid
3270 2864 3548 2932 impurum

1941 2970 2133 3043 epulas
2162 2982 2447 3025 removere
2472 2965 2649 3035 jubet,
2707 2965 2801 3018 sed
2833 2961 2964 3029 quia
3018 2973 3113 3029 per
3172 2957 3549 3010 immoderan-

231 3046 372 3103 Θεοῦ
400 3047 594 3109 καλὸν,
640 3047 794 3117 φησὶ,
840 3045 939 3102 καὶ⁵
978 3046 1130 3101 οὐδὲν
1160 3045 1471 3117 ἀπόϐλητον
1505 3045 1644 3117 μετά
1678 3045 1839 3129 εὐχρ-

1952 3062 2081 3115 tiam
2111 3059 2350 3114 animam
2370 3064 2661 3111 enervant.
2688 3051 2967 3121 Quidquid
2992 3048 3204 3103 creavit
3237 3046 3405 3109 Deus,
3447 3046 3551 3099 hoc

234 3139 451 3215 ριστίας
487 3137 926 3209 λαμϐανόμενον.

301 3343 826 3415 Μακροθυμήσατε
851 3342 947 3397 καὶ
975 3341 1171 3412 ὑμεῖς,
1196 3341 1525 3411 στηρίξατε
1558 3343 1667 3409 τὰς
1696 3357 1833 3410 καρ-

230 3436 368 3504 δίας
396 3435 587 3507 ὑμῶν,
631 3434 724 3489 ὅτι
773 3435 813 3502 ἡ
843 3434 1159 3502 παρουσία
1209 3434 1319 3488 τοῦ
1348 3434 1570 3501 Κυρίου
1597 3430 1829 3501 ήγγινε,

302 3527 710 3600 Μακροθυμίαν
737 3527 876 3599 πρὸς
905 3526 1196 3597 ἀλλήλους,
1223 3524 1506 3596 ὑπομονὴν
1532 3524 1671 3596 πρὸς
1700 3526 1833 3589 τοὺς

231 3620 362 3689 ἔξω.
392 3618 762 3692 Μακροθυμεί
802 3619 912 3691 γάρ
942 3636 1028 3683 τις
1072 3619 1213 3691 πρὸς
1258 3618 1519 3683 ἐκείνους,
1555 3617 1651 3674 οὓς
1669 3618 1833 3672 δυνα-

230 3713 326 3768 τδν
376 3711 474 3767 καλ⁸
528 3710 888 3783 ἀμύνασθαιο
938 3712 1202 3784 ὑπομένει
1247 3711 1304 3764 δὲ
1350 3710 1447 3775 οὓς
1487 3711 1548 3765 οὐ
1604 3710 1833 3766 δύναται

232 3802 551 3876 ἀμύνασθαι
574 3821 587 3835 ·
621 3803 709 3857 διὰ
734 3802 895 3858 τοῦτο
924 3804 1018 3856 ἐπὶ
1073 3805 1173 3876 μὲν
1205 3802 1345 3858 Θεοῦ
1377 3803 1637 3867 οὐδέποτε
1694 3804 1829 3859 ὐποο

236 3896 382 3969 μονὴ
408 3896 651 3965 λέγεται,
692 3894 1048 3968 μακροθυμία
1093 3896 1152 3950 δὲ
1186 3892 1488 3967 πολλαχοῦ.
1512 3897 1577 3950 Et
1606 3892 1704 3951 ὀὖν
1736 3897 1833 3952 καὶ

231 3984 473 4041 ινταῦθα
501 3984 754 4040 δοκοῦσιν
801 3985 1323 4055 ἐγκαταλελεῖφθαι,
1353 3985 1473 4040 ἀλλ’
1524 3987 1678 4058 ὅμως
1710 3988 1834 4043 ἐκεῖ

230 4075 439 4152 πολλῆς
495 4076 870 4131 ἀπολαύσουσι
896 4077 1020 4149 ,τῆς
1076 4074 1257 4148 δόξης.
1294 4078 1467 4133 Ὅταν
1522 4078 1582 4133 δὲ
1644 4079 1833 4135 ἴδωσιν

228 4168 281 4222 οι
314 4167 532 4239 μεγάλα
552 4168 837 4238 φυσῶντες
870 4169 998 4233 τοὺς
1028 4169 1471 4240 μαστιζομένους
1495 4170 1589 4224 ὑπ’
1622 4171 1827 4237 αὐτῶν,

228 4260 360 4323 τοὺς
394 4260 972 4331 καταφρονουμένους,
1006 4263 1136 4326 τοὺς
1178 4260 1670 4333 καταγελωμένους
1703 4264 1831 4319 τού-

226 4364 359 4450 τους
391 4349 562 4450 uti);
589 4348 935 4450 ὄντας-Θεοῦ,
977 4350 1101 4405 τότε
1142 4349 1482 4423 θρηνήσουσι
1516 4352 1615 4406 καὶ
1641 4353 1829 4409 όλολύ-
1862 4394 1905 4450 D

228 4440 436 4508 ξουσιν,
466 4441 597 4494 ὅταν
612 4442 660 4473 ⁸³
688 4442 818 4506 τοὺς
871 4443 1125 4513 οἰκτροὺς
1166 4444 1265 4496 καὶ
1305 4443 1699 4517 ταλαιπώρους
1730 4451 1829 4501 καὶ

230 4532 405 4603 μυρία
431 4532 706 4597 παθόντας
737 4533 889 4588 δεινά
925 4535 1022 4589 καὶ
1048 4536 1470 4601 πιστεύσαντας,
1503 4539 1586 4603 είς
1627 4539 1829 4593 τοσαύ-

216 4628 332 4696 την
369 4624 482 4697 ἄγῃ
504 4625 550 4658 δδ
575 4626 967 4698 λαμπρότητα.

298 4715 423 4784 Πρὸ
480 4715 725 4770 πάντων
776 4716 867 4783 δὲ,
906 4717 1165 4789 ἀδελφοί
1216 4737 1359 4790 μου,
1414 4721 1502 4791 μὴ
1548 4721 1824 4791 ὀμνύετε,

222 4805 378 4878 μήτε
406 4807 517 4861 τὸν
558 4808 844 4879 οὐρανόν,
890 4809 1047 4881 μήτε
1088 4811 1203 4881 τὴν
1244 4811 1386 4882 γῆν,
1418 4813 1575 4883 μήτε
1627 4813 1828 4869 ἄλλον

224 4898 365 4954 τινὰ
390 4898 595 4967 ὅρκον.

299 4989 368 5043 Τί
397 4984 492 5044 οὖν
526 4989 625 5045 ἐὰν
650 4991 861 5063 ἀπαιτῇ
889 5009 973 5057 τις
994 4993 1179 5064 ὅρκον,
1212 4996 1308 5049 καὶ
1329 4995 1584 5068 ἀνάγκην
1614 4996 1825 5069 indm;

240 5081 303 5134 '0
331 5080 429 5134 τοῦ
461 5081 599 5136 Θεοῦ
628 5082 794 5153 φόϐος
824 5083 925 5155 τῆς
954 5084 1203 5156 ἀνάγκης
1251 5086 1397 5142 ἔστω
1424 5086 1825 5160 δυνατώτερος.

239 5168 480 5239 Ἐπεὶεῑ
541 5172 729 5241 μέλλει
760 5173 807 5205 ⁸³
852 5174 952 5237 τὰς
979 5174 1026 5205 ⁸⁸
1085 5177 1347 5242 τοιαύτας
1412 5178 1822 5249 προϐάλλεσθαι

228 5261 537 5329 προφάσεις
556 5261 643 5329 δ”,
705 5264 864 5318 οὐδὲν
915 5265 1176 5335 φυλάξεις
1229 5268 1337 5323 τῶν
1390 5270 1821 5343 ἐπιταχθέντων.

229 5352 492 5422 Καίτοιγε
530 5354 625 5407 ἐπὶ
664 5354 775 5409 τῶν
818 5358 1000 5429 νόμων
1038 5359 1150 5415 τῶν
1184 5361 1553 5434 ἀνθρωπίνων
1584 5364 1827 5435 οὐδαμοῦ

228 5444 393 5499 τοῦτο
443 5446 657 5520 τολμᾷς
699 5449 1099 5521 προϐαλέσθαι,
1132 5452 1255 5507 οὐδὲ
1285 5456 1482 5521 είπεῖν,
1516 5456 1635 5511 ἀλλ’
1684 5456 1827 5513 ἑκὼν

322 5602 620 5691 ξ’ρ.ς.τὸ.
987 5611 1115 5691 τὸλ-
1174 5612 1219 5645 ⁸⁸
1248 5613 1340 5691 C.‘
1368 5614 1431 5669 Ct
1466 5616 1661 5680 κτίσις.
1766 5617 1806 5649 ⁵¹

1940 5619 2265 5691 ιὶετρυφήν.
2382 5621 2427 5657 ⁸³
2462 5622 2521 5676 (2.
2557 5624 2617 5677 C.
2644 5623 2964 5680 ἔκκλουσαν.

1327 5682 1375 5717 ⁸⁸
1401 5686 1465 5743 C.
1495 5686 1556 5743 C.
1598 5703 1709 5744 om.
1802 5687 1867 5721 “'
1897 5689 1960 5747 Ca.
1990 5682 2396 5763 0.’προφάσῃς.

224 5672 275 5712 ⁸⁸
299 5672 362 5734 C.
390 5673 454 5733 C.
476 5675 619 5748 ἄγει.
724 5678 771 5711 ³³
799 5680 862 5736 C.
898 5682 959 5738 C.
995 5683 1230 5752 μέλλεις.

1941 3155 2144 3209 bonum
2188 3151 2346 3217 dixit,
2368 3158 2423 3205 et
2471 3146 2607 3203 nihil
2643 3146 3109 3201 contemnendum
3146 3140 3294 3211 quod
3348 3139 3555 3210 gratias

1940 3263 2059 3301 rum
2083 3260 2207 3299 cum
2244 3243 2464 3299 actione
2492 3240 2819 3310 accipimus.

2013 3335 2180 3390 Vens.
2206 3335 2259 3390 8.
2300 3331 2574 3387 Patientes
2605 3339 2771 3385 estote
2806 3340 2854 3384 et
2892 3344 3005 3393 vos,
3037 3326 3355 3395 conﬁrmate
3378 3322 3544 3377 corda

1938 3440 2132 3494 vestra,
2154 3430 2403 3499 quoniam
2460 3424 2717 3479 adventus
2750 3421 2967 3475 Domini
2996 3416 3471 3489 apprOpinquatIit.

2014 3520 2289 3576 Patientia
2313 3520 2380 3574 ad
2412 3517 2672 3572 invicem.
2708 3513 3044 3570 Suti‘eremia
3071 3511 3138 3566 ad
3170 3526 3267 3566 eos
3290 3509 3384 3580 qui
3409 3507 3546 3563 foris

1938 3618 2093 3665 sunt.
2124 3607 2345 3663 Patiens
2377 3608 2524 3661 enim
2550 3605 2673 3675 quis
2700 3613 2784 3660 est
2816 3605 2869 3658 in
2897 3603 3007 3657 illis
3038 3604 3093 3656 in
3123 3602 3322 3670 quibus
3350 3599 3545 3655 ulcisci

1938 3699 2253 3773 potuisset?
2284 3698 2487 3754 Suﬂ'ert
2520 3707 2703 3752 autem
2738 3712 2801 3750 ea
2836 3710 2958 3767 quae
2990 3694 3275 3749 vindicare
3304 3708 3411 3747 non
3439 3706 3537 3759 po-

1940 3803 2047 3850 test
2076 3809 2092 3847 :
2130 3803 2352 3865 propter
2371 3791 2518 3862 quod
2557 3799 2611 3846 et
2643 3790 2710 3845 de
2744 3789 2855 3845 Deo
2883 3786 3206 3844 suﬂ‘erentia
3262 3799 3542 3853 nunquam

1937 3886 2161 3958 legitur,
2217 3884 2312 3940 sed
2370 3883 2575 3954 ubique
2617 3880 2901 3951 patientia.
2946 3880 3052 3947 Qui
3092 3893 3224 3948 ergo
3279 3887 3334 3932 et
3397 3890 3546 3930 nunc

1936 3980 2162 4034 omnino
2198 3976 2457 4033 videntur
2497 3973 2763 4040 derelicti,
2820 3973 2895 4028 illi
2942 3982 2998 4027 et
3041 3973 3094 4027 in
3149 3969 3338 4025 futuro
3372 3969 3543 4023 multa

1937 4070 2189 4126 fruentur
2214 4069 2406 4138 gloria.
2433 4067 2568 4124 Cum
2603 4074 2785 4121 autem
2817 4065 3101 4130 videbunt,
3132 4062 3185 4117 lii
3208 4062 3300 4132 qui
3344 4075 3541 4130 magna

1936 4161 2299 4233 superbiunt,
2355 4160 2477 4215 iilos
2533 4173 2673 4227 quos
2734 4157 3149 4228 ﬂagellaverunt
3207 4154 3351 4224 ipsi,
3406 4168 3543 4221 quos

1935 4262 2331 4324 conspuerunt,
2376 4253 2711 4315 derise:unt,
2745 4260 2957 4306 stantes
2995 4248 3153 4319 juxta
3194 4246 3393 4310 Deum,
3430 4256 3543 4299 tum

1936 4346 2239 4418 lugcbunt;
2270 4356 2326 4402 et
2352 4343 2797 4401 lamentabuntur
2828 4357 2951 4398 cum
2991 4341 3057 4396 ad
3095 4347 3301 4394 tantam
3354 4351 3547 4408 perve-

1942 4439 2095 4493 nient
2126 4437 2447 4495 felicitatem
2483 4437 2537 4492 hi
2565 4436 2753 4492 miseri
2807 4445 2863 4490 et
2894 4432 3240 4489 miserabiles
3261 4430 3355 4502 qui
3392 4437 3543 4485 tanta

1926 4532 2008 4587 ‘ab
2029 4531 2164 4602 ipsis
2195 4533 2340 4601 passi
2372 4540 2499 4586 sunt
2531 4529 2774 4586 crudelia
2795 4528 2963 4583 mala.

2010 4717 2177 4775 Vens.
2216 4718 2303 4775 i2.
2348 4717 2487 4773 Ante
2530 4718 2709 4773 omnia
2750 4726 2953 4780 autem,
2983 4715 3183 4785 fratres
3216 4714 3341 4781 mei,
3384 4714 3547 4769 nolite

1927 4830 2119 4883 Jurare
2152 4829 2315 4882 neque
2368 4828 2460 4880 per
2526 4810 2737 4877 caelum,
2783 4825 2946 4877 neque
2979 4824 3073 4878 per
3108 4816 3332 4875 terram,
3379 4823 3545 4877 neque

1933 4905 2086 4960 aliud
2114 4907 2462 4974 quodcunque
2482 4904 2867 4972 iuramentum.

2008 4995 2149 5064 Quid
2173 5010 2304 5066 ergo
2332 4996 2377 5050 si
2414 4995 2661 5065 requirat
2683 4996 2806 5065 quis
2830 4996 3234 5064 juramentum,
3256 5003 3311 5051 et
3341 5010 3539 5051 neces-

1934 5090 2151 5145 sitatem
2186 5090 2531 5159 praetendat?
2564 5088 2908 5144 Necessitate
2934 5090 3211 5159 potentior
3250 5091 3322 5146 sit
3378 5090 3543 5145 timor

1936 5182 2051 5238 Dei.
2079 5181 2135 5237 Si
2171 5182 2296 5237 talia
2326 5184 2473 5237 enim
2505 5180 2771 5236 vindicari
2792 5194 3013 5253 possent
3056 5192 3348 5254 praetexta,
3390 5184 3537 5238 nulla

1928 5286 2202 5344 praecepta
2244 5290 2519 5330 servares.
2559 5274 2856 5331 Enimvero
2897 5277 2951 5331 in
3019 5277 3274 5334 humanis
3329 5278 3539 5350 legibus

1928 5367 2151 5422 nulliter
2180 5367 2307 5423 talia
2354 5368 2591 5439 proferri
2624 5368 2862 5437 sineres,
2893 5386 2996 5426 nec
3032 5370 3153 5441 ipse
3207 5372 3395 5428 dicere
3433 5389 3537 5427 au-

1926 5458 2112 5515 deres.
2177 5457 2310 5527 Sed,
2363 5460 2499 5517 velis
2536 5460 2697 5528 nolis,
2728 5464 3076 5534 compelleris
3114 5479 3336 5521 servare
3381 5482 3537 5521 man.

3090 5625 3133 5657 "
3159 5625 3217 5680 C.
3244 5623 3301 5680 C.
3330 5623 3408 5683 ὅτ’
3446 5624 3532 5681 ἄν.
