4204 6472
670 410 804 469 lilii!)

1398 367 1962 430 SUPPLENENTUM
2007 365 2096 421 AD
2138 366 2197 421 S.
2240 365 2288 421 1.
2331 361 2831 421 CIIRYSOSTOMI
2874 361 3130 419 OPERA.

678 513 938 573 licemus;
973 502 1019 559 si
1052 499 1196 557 enim
1252 493 1731 566 lmejecerimus,
1783 499 1883 545 ista
1938 497 2117 542 autem
2165 502 2256 540 nc-
2285 491 2313 549 Α

2375 486 2760 556 ικκαϐἁρωμεν
2783 484 2890 537 τῶν
2909 481 3202 552 βιωτικῶν.
3224 482 3320 536 "Av
3338 480 3393 534 δὲ
3409 481 3477 535 τὰ
3496 500 3596 554 μεν
3619 485 3868 559 ποιῶμεν
3882 487 3952 556 ⁸⁸,

677 597 1027 671 glexerimus,
1060 590 1195 646 nihil
1222 589 1325 644 erit
1347 586 1504 641 nobis
1536 583 1790 654 amplius,
1820 591 1875 637 ct
1905 581 1950 636 si
1981 596 2086 635 non
2113 580 2255 645 istis,

679 670 786 745 illis
813 685 1002 743 saltem
1031 683 1292 753 perimus.
1327 678 1466 745 Quid
1496 690 1624 731 vero
1659 674 1882 729 interest
1908 672 1952 727 si
1983 685 2088 724 non
2116 670 2257 724 divi-

680 783 768 837 tiis
796 781 888 836 sed
914 776 1150 841 luxuria,
1202 788 1308 828 non
1343 771 1574 826 luxuriis
1608 769 1703 822 sed
1752 764 1964 835 ignavia
2011 779 2260 819 corrum-

678 870 905 943 pimur-i’
934 867 1216 939 Siquidem
1249 874 1305 921 et
1335 861 1573 934 agricola
1596 873 1924 930 quocunque
1953 857 2110 914 modo
2136 871 2260 927 per-

679 963 874 1018 diderit
901 967 1224 1024 sementem,
1253 954 1540 1027 aequaliter
1566 951 1754 1022 gemit.

1332 1153 1491 1209 CAP.
1526 1152 1594 1207 ll.

750 1277 911 1332 Vsus.
941 1274 994 1329 0.
1031 1272 1098 1327 Et
1145 1272 1384 1327 civitates
1424 1268 1775 1324 Sodomorum
1813 1275 1861 1320 et
1892 1263 2263 1319 Gomorrhteo-

683 1385 798 1422 runt
825 1369 880 1419 in
909 1366 1135 1418 cinerem
1168 1363 1432 1430 redigens,
1466 1359 1732 1412 eversione
1765 1355 2060 1421 damnauit,
2091 1369 2264 1408 exem-

680 1463 825 1531 plum
854 1475 1033 1513 eorum
1064 1457 1154 1526 qui
1181 1454 1338 1522 impie
1364 1451 1540 1504 acturi
1575 1459 1695 1504 sunt
1725 1466 1944 1518 ponens.

753 1547 921 1604 Visne
971 1545 1183 1600 discere
1230 1541 1517 1610 cuiusnam
1562 1553 1724 1595 causa
1775 1537 1940 1593 fuerit
1987 1551 2084 1592 cur
2147 1537 2263 1598 lucc

684 1649 814 1694 tunc
844 1639 982 1693 facta
1011 1635 1165 1690 sint?
1195 1634 1429 1703 Propter
1450 1639 1738 1704 peccatum
1772 1640 1930 1698 turpe
1959 1629 2176 1698 quidem
2209 1638 2265 1684 et

681 1731 1102 1786 exsecrandum.
1127 1727 1180 1786 ιη
1209 1740 1406 1796 pueros
1430 1723 1691 1779 eth-enata
1724 1722 2120 1791 concupicbant
2143 1720 2265 1775 libi-

2361 580 2427 632 τὰ
2447 580 2502 632 δὲ
2523 579 2838 650 ἁμελῶμεν,
2880 577 3035 631 οὐδὲν
3056 578 3188 648 ἡμῖν
3212 576 3366 629 ἔσται
3391 575 3556 630 πλέον
3580 593 3594 607 ⁸
3624 577 3693 634 ἂν
3725 582 3838 653 γὰρ
3872 584 3948 653 μὴ

2361 669 2556 735 οὕτως,
2583 669 2702 724 ἀλλ’
2727 669 2952 732 ἐκείνως
2982 669 3360 739 ἀπολλύμεθα.
3385 669 3449 723 Τί
3474 669 3584 739 γὰρ
3604 669 3864 744 διαφέρει
3885 674 3953 728 ἂν

2367 765 2440 832 μὴ
2473 763 2564 818 διὰ
2589 763 2846 828 πλούτου,
2876 761 3013 816 ἀλλὰ
3031 761 3119 815 διὰ
3149 761 3440 832 ῥᾳθυμίας,
3471 762 3536 816 ἂν
3560 762 3634 834 μὴ
3657 762 3745 816 διὰ
3779 765 3952 834 ῥαθυ-

2366 851 2518 920 μίας,
2546 851 2661 904 ἀλλ’
2683 849 3006 922 ἀνανδρείας
3030 849 3582 920 διαφθαρῶμενςὲπεὶ
3608 853 3702 906 καὶ
3722 853 3751 905 ό
3770 869 3950 924 γεωρ-

2362 943 2480 1009 γὸς.
2515 943 2581 997 ἄν
2611 960 2671 997 τε
2698 942 2874 1008 οὕτως
2895 943 2961 998 ἂν
2990 960 3049 998 τε
3084 943 3314 1006 ἐκείνως
3333 943 3579 1015 ἀπολέσῃ
3599 945 3690 998 τὸν
3722 945 3949 1016 σπόρον.

2361 1034 2567 1104 ὁμοίως
2590 1034 2794 1088 πενθεῖ.

2971 1146 3228 1201 ΚΕΦΔΔ.
3269 1146 3344 1201 B'.

2434 1265 2545 1317 Kal
2574 1263 2786 1328 πόλεις
2825 1261 3111 1330 Σοδόμων
3159 1261 3259 1314 καί
3293 1260 3605 1329 Γομόρρας
3637 1259 3950 1328 τεφρώσας

2364 1352 2756 1423 καταστροφῇ
2792 1353 3166 1421 κατέκρινεν,
3209 1352 3556 1421 ,ὑπόδειγμα
3595 1353 3950 1422 μελλόντων

2363 1444 2606 1499 ἀσεϐεῖν
2626 1442 2922 1510 τεθεικώς.

2435 1535 2625 1588 Βούλει
2657 1535 2755 1605 τὴν
2796 1536 2980 1588 αἰτίαν
3026 1535 3220 1606 μαθεῖν
3268 1535 3336 1587 δι’
3370 1534 3438 1604 ἦν
3474 1535 3598 1587 τότε
3623 1532 3798 1587 ταῦτα
3833 1531 3951 1600 ἑγέο

2365 1645 2515 1694 νετο;
2545 1627 2604 1681 ἓν
2644 1622 2714 1697 ἦν
2753 1626 3062 1697 ἁμάρτημα
3115 1626 3214 1696 μὲν
3247 1626 3482 1696 χαλεπὸν
3517 1626 3614 1678 καὶ
3639 1625 3945 1694 ἐπάρατον·

2369 1720 2509 1792 πλὴν
2528 1720 2643 1774 ἀλλ’
2666 1721 2723 1773 ὲν
2747 1719 2933 1773 παισὶν
2959 1717 3292 1788 ἐπεμέλοντο
3315 1720 3365 1772 οἱ
3391 1717 3512 1771 τότε
3527 1734 3542 1748 ·
3565 1717 3660 1770 καὶ
3681 1717 3767 1770 διὰ
3788 1715 3952 1770 τοῦτο

685 1823 809 1883 dine
841 1821 1088 1875 homines
1114 1821 1167 1876 lii
1192 1819 1425 1890 antiqui,
1455 1826 1511 1873 et
1537 1825 1759 1887 propter
1789 1816 1892 1870 hoc
1918 1814 2079 1868 talem
2104 1814 2266 1870 dede-
2297 1843 2313 1897 Ι

2375 1811 2577 1882 ταύτην
2606 1811 2797 1864 ἔδοσαν
2817 1810 2916 1882 τὴν
2949 1809 3129 1881 δίκην.

689 1923 818 1969 runt
848 1927 1087 1982 pinnam.

749 2004 922 2067 Vsus.
955 2003 1036 2057 l6.
1064 2001 1460 2070 Correptionem
1491 1999 1673 2053 habuit
1702 2015 1812 2054 suae
1840 1999 2090 2053 vesania.
2126 1996 2266 2052 Sub-

687 2092 866 2168 o'ugale
897 2104 1100 2148 mutum
1133 2095 1339 2148 animal
1383 2093 1611 2147 hominis
1664 2107 1786 2146 voce
1815 2090 2053 2159 laqueus,
2084 2089 2263 2158 prohi-

689 2190 798 2243 buit
829 2188 1097 2255 prophetce
1131 2186 1520 2256 insipientior».

762 2279 821 2334 Si
856 2280 908 2333 in
937 2279 1146 2333 asinum
1177 2285 1400 2346 operata
1431 2283 1514 2332 est
1542 2274 1636 2329 Dei
1675 2274 1874 2345 gratia,
1904 2283 1959 2329 et
1983 2274 2037 2329 in
2064 2288 2262 2327 vanum

690 2380 911 2441 prapter
939 2371 1292 2424 directionem
1318 2376 1374 2423 et
1405 2367 1777 2424 lsraelitarum
1809 2367 2117 2430 utilitatem,
2152 2365 2264 2420 evi-

689 2457 1004 2530 dentissima
1027 2457 1153 2510 etin
1183 2457 1341 2511 nobis
1370 2457 1584 2526 operari
1613 2465 1890 2526 poposoel,
1922 2465 1977 2510 et
2007 2456 2110 2510 boc
2135 2456 2261 2524 qui-

689 2550 813 2604 dem
843 2549 1136 2605 sustinebit
1167 2560 1391 2620 prapter
1425 2563 1544 2605 nos.

2446 1992 2727 2062 ἐλεγ-ξίν
2754 1993 2822 2047 δὲ
2852 1993 3041 2062 ἔσχεν
3073 1993 3228 2060 ιδίας
3272 1993 3646 2062 παρανομίας
3665 2008 3678 2020 ·
3732 1989 3950 2051 ὑποτύ-

2373 2105 2504 2157 τιον
2534 2084 2798 2157 ἄφωνον,
2839 2088 2910 2141 ἐν
2952 2086 3269 2156 ἀνθρώπου
3303 2084 3474 2156 φωνῇ
3513 2084 3949 2154 φθεγξάμενον,

2367 2179 2644 2235 ἐκώλυσε
2667 2180 2782 2248 τὴν
2806 2179 2912 2234 τοῦ
2940 2178 3254 2248 προφήτου
3284 2177 3724 2247 παραφρονίαν.

2437 2275 2502 2327 EE
2533 2275 2614 2337 είς
2667 2273 2787 2327 ὄνον
2834 2273 3110 2344 ἐνήργησε
3139 2273 3184 2305 "
3234 2273 3328 2326 καὶ
3369 2273 3449 2334 είς
3491 2272 3669 2341 μάτηδ
3703 2271 3812 2341 ⁶³ἡ
3858 2269 3954 2324 τοῦ

2371 2363 2510 2418 Θεοῦ
2532 2364 2718 2436 χάρις,
2753 2363 2823 2416 δι’
2858 2362 3174 2435 οἰκονομίαν
3207 2365 3306 2417 καὶ
3336 2361 3564 2434 τὴντῶν
3603 2361 3956 2432 Ἰσραηλιτῶν

2370 2455 2663 2524 ὠφέλειαν,
2704 2455 2930 2522 εὔδηλον
2978 2457 3060 2509 ὅτι
3121 2457 3164 2488 ⁶⁹
3213 2456 3292 2518 είς
3341 2455 3491 2524 ἡμᾶς
3556 2456 3956 2524 παραιτήσεται

2379 2549 2650 2618 ὲνεργεῖν,
2685 2549 2800 2602 ἀλλ’
2834 2548 3088 2614 ἀνέξεται
3112 2547 3386 2603 καὶτοῦτο
3407 2547 3472 2600 δι’
3499 2548 3645 2617 ἡμᾶς
3675 2546 3742 2600 τ’.

734 2725 3924 2755 W

1199 2888 1324 2976 IN
1400 2887 1870 2975 PRIMAM
1947 2887 2040 2977 S.
2123 2887 2642 2979 JOANNIS
2712 2887 3431 2984 EPISTOLAM.

1333 3077 1483 3133 CAP.
1524 3077 1611 3131 lll.

765 3198 934 3254 Vens.
965 3195 1021 3250 8.
1054 3192 1156 3258 Qui
1201 3192 1329 3262 facit
1372 3189 1640 3259 peculim:
1673 3210 1738 3246 ex
1761 3193 1971 3246 diabolo
2006 3202 2104 3256 est,
2136 3207 2271 3260 quo-

593 3345 596 3347 _
697 3291 839 3344 niam
891 3289 956 3339 ab
1010 3286 1159 3339 initio
1214 3282 1460 3336 diabolus
1504 3292 1706 3351 peccat.
1761 3283 1828 3335 In
1875 3283 1973 3336 hoc
2023 3283 2278 3353 apparuit

695 3379 873 3434 Filius
911 3377 1026 3444 Dei,
1054 3384 1113 3428 ut
1142 3374 1392 3429 dissolvat
1418 3389 1576 3444 opera
1601 3373 1818 3428 diaboli.

770 3569 846 3624 Es
879 3583 984 3637 quo
1009 3567 1216 3643 primus
1242 3564 1486 3620 omnium
1518 3563 1571 3617 in
1605 3562 1804 3616 malum
1836 3575 2136 3617 conversus
2167 3561 2275 3616 dia-
2303 3557 2348 3620 C

697 3661 876 3726 bolos,
924 3661 977 3714 in
1020 3667 1300 3730 peccatum
1349 3654 1524 3710 factus
1571 3661 1677 3718 est,
1739 3651 1910 3721 ipsius
1953 3667 2088 3720 Opus
2146 3651 2277 3705 facit

694 3757 877 3812 omnis
909 3753 1000 3824 qui
1033 3759 1324 3821 peccanter
1359 3748 1490 3818 agit.
1523 3745 1717 3818 Incipit
1751 3746 1898 3800 enim
1939 3745 2053 3814 ipse
2087 3745 2276 3799 diabo-

699 3846 782 3901 lus
814 3844 866 3898 in
897 3848 1205 3914 peccantem
1242 3854 1340 3909 per
1369 3836 1631 3892 malarum
1685 3835 2074 3904 cogitationum
2107 3834 2276 3888 abun—

700 3937 962 3998 dantiam,
997 3933 1138 3988 sicut
1170 3941 1224 3986 et
1252 3931 1304 3985 in
1334 3928 1497 3985 Juda.
1550 3928 1704 3984 Dicet
1755 3935 1938 3984 autem
1971 3927 2093 3995 quis
2135 3926 2280 3996 quod

702 4028 945 4082 nascitur
993 4026 1044 4079 in
1073 4021 1420 4092 peccantibus
1447 4021 1718 4085 diabolus,
1746 4034 1868 4074 cum
1904 4018 1996 4074 ille
2029 4018 2119 4088 qui
2152 4031 2280 4087 pec-

704 4118 848 4173 cavit
873 4116 1018 4170 dedit
1039 4115 1089 4170 ei
1125 4114 1321 4167 locum.
1348 4109 1455 4166 Sed
1477 4111 1542 4166 ad
1571 4112 1685 4165 haec
1712 4111 1872 4165 verba
1902 4126 1920 4163 :
1950 4110 2081 4164 dare
2105 4108 2280 4163 locum

702 4205 916 4265 diabolo
951 4207 1018 4270 ’.⁸,
1055 4204 1466 4274 intelligendum
1500 4210 1585 4257 est
1625 4200 1805 4270 facere
1835 4192 2199 4269 iniquitatem,
2229 4207 2284 4254 et

705 4313 810 4352 non
845 4310 1123 4366 peccasse.
1159 4295 1260 4348 Dat
1295 4294 1441 4348 enim
1469 4293 1555 4347 illi
1588 4292 1765 4346 locum
1799 4289 1914 4360 qui,
1938 4289 2283 4360 passionibus

704 4385 1018 4456 compulsus
1050 4384 1115 4437 ad
1154 4383 1304 4437 illum
1330 4383 1725 4451 recipiendum,
1758 4389 2042 4450 peccatum
2068 4395 2164 4450 per
2192 4394 2286 4434 ac-

711 4490 948 4533 tussuos
971 4482 1336 4530 consummat.
1358 4471 1512 4528 Unde
1542 4473 1679 4528 bene
1703 4473 1905 4526 dicitur
1941 4472 2029 4539 qui
2056 4470 2208 4535 facit,
2234 4481 2289 4525 et

709 4585 814 4625 non
846 4569 934 4638 qui
969 4567 1115 4621 fecit.
1141 4566 1242 4633 Qui
1271 4565 1416 4620 enim
1441 4565 1760 4635 paanitentia
1796 4571 2008 4618 tenetur
2034 4577 2143 4616 non
2177 4561 2288 4629 iam

710 4670 794 4717 est
822 4675 883 4713 ex
906 4659 1140 4722 diabolo,
1167 4659 1260 4713 sed
1291 4659 1463 4713 solum
1488 4658 1580 4728 qui
1611 4657 1787 4713 adhuc
1817 4665 2074 4726 operatur
2101 4669 2292 4725 pecca-

715 4764 850 4809 tum.
881 4751 943 4804 Et
974 4753 1050 4805 sic
1078 4753 1254 4807 adhuc
1281 4766 1409 4821 ergo
1442 4751 1650 4820 peccati
1699 4765 1890 4805 servus
1921 4759 2004 4804 est
2036 4750 2127 4818 qui
2159 4747 2291 4802 facit

711 4855 766 4899 et
797 4859 901 4897 non
931 4843 1020 4911 qui
1058 4842 1184 4897 fecit
1215 4843 1367 4910 illud,
1399 4844 1503 4898 hoc
1533 4846 1691 4899 modo
1715 4844 1930 4898 dicente
1965 4833 2243 4911 Scriptura
2275 4860 2286 4893 :

716 4935 819 5000 Qui
847 4934 975 5004 facit
1007 4944 1274 5003 peccatum
1305 4951 1482 4990 servus
1518 4943 1593 4989 est
1627 4937 1822 5004 peccati
1850 4934 1916 4986 “.

786 5120 954 5174 Vens.
987 5118 1072 5172 Π.
1106 5119 1206 5184 Qui
1252 5117 1489 5172 habuerit
1513 5119 1862 5173 substantiam
1895 5120 2052 5186 hujus
2081 5118 2286 5182 mundi,

719 5224 763 5268 et
794 5214 978 5267 viderit
1010 5211 1226 5279 fratrem
1252 5227 1405 5264 suum
1438 5213 1789 5266 necessitatem
1831 5213 2039 5273 habere.
2065 5223 2112 5265 et
2142 5212 2291 5265 clau-

719 5306 843 5358 serit
879 5305 1075 5357 viscera
1105 5319 1201 5356 sua
1235 5303 1298 5356 ab
1330 5319 1409 5368 eo,
1437 5305 1698 5372 quomodo
1729 5305 1960 5358 charitas
1995 5303 2086 5358 Dei
2118 5312 2291 5356 manet

721 5397 774 5449 in
804 5397 902 5449 eo?

795 5551 838 5583 "
881 5551 1078 5618 Eplies.
1118 5568 1191 5618 tr,
1231 5553 1321 5606 27.
1400 5555 1444 5584 '°
1483 5553 1639 5608 Joan.
1681 5572 1718 5620 t,
1755 5555 1843 5609 54.

2995 3079 3246 3134 ΚΕΦΔΛ.
3288 3082 3327 3133 Γ
3330 3079 3360 3132 ’.

2453 3191 2516 3244 '0
2541 3190 2731 3245 ποιῶν
2753 3191 2866 3258 τὴν
2895 3192 3190 3261 ἁμαρτίαν
3216 3192 3286 3246 ἐκ
3313 3193 3420 3248 τοῦ
3439 3193 3725 3250 διαϐόλου
3754 3195 3926 3252 ἐστίν
3943 3213 3959 3228 ·

2377 3283 2468 3337 ὅτι
2500 3285 2600 3337 ἀπ’
2632 3283 2826 3354 ἀρχῆς
2861 3286 2894 3338 ὀ
2937 3284 3218 3352 διάϐολος
3264 3286 3587 3355 ἁμαρτάνει
3611 3305 3626 3318 ’
3670 3291 3760 3356 εις
3787 3289 3963 3346 τοῦτο

2379 3377 2720 3445 ἐφανερώθη
2775 3381 2808 3432 ὀ
2855 3379 2988 3445 Υἱὸς
3031 3380 3140 3434 τοῦ
3172 3381 3342 3445 Θεοῦ,
3377 3383 3478 3436 ἵνα
3514 3384 3680 3455 λύσῃ
3721 3387 3797 3439 τά
3819 3383 3965 3458 ἔργα

2378 3469 2487 3523 τοῦ
2518 3468 2826 3523 διαϐόλου.

2461 3560 2724 3630 Ἐπείπερ
2772 3562 2878 3631 πρὸ
2905 3562 3125 3617 πάντων
3176 3563 3414 3633 τραπεὶς
3441 3567 3470 3620 ὁ
3496 3563 3744 3629 διάϐολος
3779 3567 3838 3633 ἐν
3885 3567 3966 3639 τῷ

2380 3652 2719 3723 ἁμαρτάνειν
2757 3651 3003 3721 γέγονεν,
3055 3653 3118 3719 ἐξ
3171 3655 3336 3710 αὐτοῦ
3388 3657 3716 3727 χρηματίζει
3783 3659 3891 3722 πᾶς
3934 3660 3966 3713 6

2378 3743 2775 3814 αμαρτητικῶς
2805 3744 3066 3813 ἐνεργῶν.
3090 3746 3435 3817 Προάρχεται
3457 3748 3564 3818 γὰρ
3586 3748 3645 3800 ὲν
3672 3749 3750 3819 τῷ
3781 3751 3965 3822 ἁμαρ⁴

2381 3837 2591 3888 τάνοντι
2632 3836 2699 3890 δι’
2737 3836 3048 3908 ὑπερϐολὴν
3113 3839 3370 3910 πονηρῶν
3413 3838 3716 3912 λογισμῶν,
3755 3843 3833 3906 ὡς
3873 3844 3967 3898 ἐπὶ

2382 3928 2478 3983 τοῦ
2523 3930 2719 3984 Ἰούδα.
2763 3929 2906 3983 Ἀλλ’
2940 3931 3056 4002 spe!
3098 3947 3182 3995 τις
3219 3932 3302 3986 ὃτι
3335 3932 3605 4001 γίνεταιὸ
3632 3934 3882 4000 διάϐολος
3906 3937 3967 3989 ὲν

2383 4023 2494 4085 τοῖς
2525 4021 2900 4092 ἁμαρτάνουσι
2953 4021 3064 4075 τῶν
3103 4021 3211 4093 πρὸ
3263 4023 3431 4077 αὐτοῦ
3476 4025 3880 4096 ἡμαρτηκότων
3909 4027 3967 4079 ιν

2383 4117 2461 4188 τῷ
2481 4117 2683 4172 διδόναι
2713 4117 2864 4188 αὑτῷ
2901 4117 3084 4171 τόπον.
3121 4116 3264 4188 Πρὸς
3291 4117 3321 4171 δ
3349 4116 3567 4170 λεκτέον
3590 4118 3784 4173 ταυτὸν
3829 4115 3966 4172 εἶναι

2385 4207 2446 4260 τὸ
2478 4210 2654 4261 ποιεῖν
2686 4207 2785 4279 τὴν
2817 4208 3090 4280 ἁμαρτίαν
3123 4207 3200 4280 τῷ
3237 4209 3597 4280 ἁμαρτάνειν,
3631 4211 3691 4263 ἐν
3722 4210 3800 4281 τῷ
3827 4211 3968 4264 διδόο

2384 4315 2473 4352 ναι
2502 4298 2668 4352 τόπον
2695 4297 2773 4369 τῷ
2799 4298 3059 4367 διαϐόλῳ.
3104 4299 3302 4352 Δίδωσι
3333 4299 3443 4371 γὰρ
3469 4299 3618 4370 αὐτῷ
3648 4300 3808 4354 τόπον
3843 4303 3966 4355 ὲπι-

2386 4388 2560 4459 θυμία
2581 4388 2848 4458 ὑπαχθεὶς
2875 4388 3013 4457 μετὰ
3036 4388 3097 4440 τὸ
3125 4389 3380 4454 δέξασθαι
3413 4391 3576 4444 αὐτόν
3603 4409 3617 4422 ·
3646 4393 3968 4462 πρακτικῶς

2389 4480 2654 4534 ἐπιτελῶν
2719 4482 2819 4550 τὴν
2878 4481 3177 4551 ἁμαρτίαν.
3231 4480 3403 4536 Τοῦτο
3449 4483 3556 4554 γὰρ
3614 4486 3868 4554 σημαίνει
3906 4502 3967 4539 το

2391 4575 2563 4626 ποιεῖν
2598 4573 2802 4642 αὐτήν·
2856 4567 2914 4625 εὖ
2943 4573 3000 4626 δὲ
3034 4574 3126 4626 καὶ
3165 4573 3227 4626 τὸ
3265 4577 3463 4642 εἰπεῖν,
3498 4576 3690 4641 ποιῶν,
3736 4576 3850 4630 ἀλλ’
3880 4576 3966 4642 οὐ,

2394 4664 2662 4734 ποιήσαςο
2696 4662 2792 4717 τοῦ
2846 4664 3283 4735 μετανοήσαντες
3330 4667 3517 4720 οὐκέτι
3569 4669 3719 4732 ὄντος
3761 4669 3822 4722 ὲκ
3872 4668 3968 4723 τοῦ

2393 4753 2666 4820 διαϐόλου,
2708 4755 2846 4809 ἀλλὰ
2898 4756 3061 4826 μόνου
3102 4755 3198 4810 τοῦ
3253 4756 3605 4826 ἐνεργοῦντος
3658 4759 3823 4829 αὐτὴν
3864 4757 3967 4814 ἔτι.

2395 4844 2552 4900 Οὕτω
2601 4848 2713 4916 γὰρ
2741 4849 2836 4900 καὶ
2870 4847 2970 4916 τῆς
3006 4848 3285 4917 ἁμαρτίας
3313 4849 3500 4913 δοῦλός
3546 4853 3694 4904 ἐστιν
3720 4852 3747 4903 ό
3776 4851 3967 4916 ποιῶν,

2397 4939 2509 4991 ἀλλ’
2540 4939 2636 5009 οὐχ
2675 4941 2702 4991 ὁ
2743 4939 2971 5010 ποιήσας
2999 4941 3188 5012 αὑτήν.
3224 4941 3346 5005 Πῶς
3378 4941 3508 5011 γὰρ,
3557 4940 3611 4995 Ὀ
3642 4942 3827 4996 ποιῶν
3859 4942 3975 5010 τὴν

2398 5033 2708 5102 ἁμαρτίαν,
2740 5033 2898 5101 φησὶ,
2933 5031 3152 5098 δοῦλος
3185 5031 3374 5100 αὐτῆς
3403 5034 3576 5087 ἐστιν
3588 5051 3607 5098 ;

2471 5126 2575 5191 Ὃς
2601 5124 2651 5176 δ’
2676 5125 2752 5178 ἂν
2781 5124 2892 5192 ἔχῃ
2918 5124 3027 5179 τὸν
3052 5126 3199 5190 ,βίον
3227 5125 3334 5180 τοῦ
3353 5127 3611 5196 κόσμου,
3643 5125 3744 5179 καί
3768 5124 3970 5194 θεωρεῖ

2396 5217 2502 5270 τὸν
2548 5216 2820 5285 ἀδελφὸν
2863 5217 3049 5272 αὑτοῦ
3082 5219 3293 5287 χρείαν
3329 5217 3569 5288 ἔχοντα,
3628 5217 3724 5272 καί
3753 5217 3970 5285 κλείσῃ

2401 5309 2472 5362 τὰ
2525 5309 2856 5378 σπλάγχνα
2905 5309 3112 5377 αὐτοῦ,
3149 5309 3276 5376 πῶς
3313 5312 3352 5380 ἡ
3411 5311 3611 5382 ἀγάπη
3662 5309 3768 5365 τοῦ
3823 5306 3969 5365 Θεοῦ

2391 5399 2558 5469 μένει
2592 5401 2662 5455 ἐν
2696 5397 2890 5464 αὑτῷ;

794 5707 1011 5780 σέας.
1469 5709 1796 5778 ἀμελοῡμεν.
1876 5713 1918 5743 ετ
1951 5710 2099 5766 εοεο
2149 5710 2303 5780 ένενή

2375 5726 2503 5780 ἠσε.
2580 5711 2625 5743 ⁵⁸
2654 5709 2715 5764 C.
2742 5709 2802 5765 C.
2840 5708 3052 5779 μάντιν.
3131 5711 3175 5742 ⁶⁹
3205 5709 3266 5765 C.
3292 5708 3352 5764 C.
3384 5708 3469 5762 ὅτι
3493 5705 3639 5763 οὐδὲ.
3727 5704 3774 5741 ⁷⁸
3810 5705 3873 5762 C.
3897 5706 3966 5762 C.

725 5776 886 5848 ὑμᾶς.
