4204 6498
723 451 867 512 4οὕ5

1465 449 2031 510 SUPI’LEMENTUM
2073 450 2164 506 AD
2196 451 2252 507 S.
2290 451 2341 506 J.
2377 446 2866 507 CHRYSOSTOMI
2906 444 3154 502 ΟΡΕΙὶΑ.

728 579 875 621 nunc
909 575 960 620 et
1009 579 1241 635 semper,
1272 571 1324 618 et
1355 563 1407 618 in
1443 564 1639 620 smcula
1701 564 2047 621 smculornm.
2115 567 2306 618 Amen.

2413 563 2557 634 αγίῳ
2576 605 2592 630 ,
2632 561 2727 616 καὶ
2753 561 2978 633 ἀγαθῷ,
3005 561 3102 614 καὶ
3130 557 3381 631 ζωοποιῷ
3412 575 3508 613 σου
3551 557 3871 630 Πνεῦματι·
3904 557 3994 616 νῦν

1169 747 1291 801 Alia
1317 748 1555 817 ejusdem
1582 749 1756 802 oratio
1782 747 1884 820 (6).

795 832 1080 888 Dominum
1116 848 1420 904 precemur.

796 926 1117 981 Invocamus
1139 937 1211 991 te,
1246 925 1468 982 Domine
1493 925 1637 982 Deus
1661 927 2033 996 omnipotens,
2073 926 2312 991 excelse,

727 1018 856 1072 mali
909 1018 1091 1073 cuncti
1146 1032 1362 1086 expers,
1414 1018 1640 1086 pacitlce
1675 1017 1826 1083 Rex;
1872 1019 2189 1073 invocamus
2238 1030 2313 1081 te,

725 1113 990 1168 Conditor
1028 1111 1151 1168 caeli
1202 1122 1257 1167 ct
1293 1121 1474 1175 terrae,
1509 1126 1575 1166 ex
1609 1121 1660 1167 te
1709 1128 1943 1183 namque
1985 1114 2163 1168 oritur
2194 1121 2230 1166 α
2258 1120 2315 1167 et

726 1221 793 1269 ω,
832 1203 1158 1273 principium
1188 1213 1244 1258 et
1298 1202 1440 1267 linis,
1477 1204 1569 1272 qui
1623 1204 1820 1258 dedisti
1885 1204 2200 1258 hominibus
2255 1212 2315 1260 et

727 1294 858 1362 ipsis
889 1294 1257 1364 quadrupedia
1277 1302 1333 1349 et
1361 1295 1583 1349 ratione
1606 1295 1842 1349 carentia
1877 1294 2156 1361 animalia,
2181 1295 2309 1365 quia

726 1387 808 1440 sic
822 1384 1054 1456 jussisti,
1089 1383 1338 1450 Domine,
1380 1386 1706 1441 obedirent:
1740 1401 1958 1441 manum
1992 1395 2139 1441 tuam
2194 1386 2308 1441 for-

725 1489 857 1544 tem,
908 1487 964 1532 ct
995 1478 1278 1533 brachium
1331 1486 1478 1530 tuum
1530 1478 1803 1533 excelsum
1850 1487 1905 1532 et
1935 1487 2178 1534 sanctum
2214 1491 2310 1531 ex-

726 1570 910 1633 tende,
936 1576 989 1622 et
1041 1570 1178 1622 banc
1233 1579 1538 1622 creaturam
1580 1578 1725 1622 tuam
1767 1571 1886 1623 visu
1937 1578 2026 1622 tuo
2070 1567 2303 1637 respice.

722 1660 800 1713 Da
855 1660 930 1713 illi
981 1659 1230 1729 angelum
1274 1659 1584 1730 paciﬁcum,
1625 1658 1876 1729 angelum
1912 1657 2130 1723 fortem,
2183 1673 2305 1712 cor-

723 1751 872 1820 poris
917 1760 974 1805 et
1019 1751 1216 1806 anima:
1263 1751 1568 1818 custodem,
1610 1752 1700 1819 qni
1753 1750 1994 1820 increpet
2021 1760 2078 1805 et
2124 1750 2306 1820 abigat

722 1842 792 1895 ab
838 1857 901 1896 ea
954 1857 1114 1896 omne
1162 1842 1454 1912 malignum
1505 1851 1558 1897 et
1615 1843 1885 1912 impurum
1950 1841 2298 1899 demonium.

2418 655 2512 708 καὶ
2542 653 2660 717 ἀεὶ,
2687 655 2784 708 καὶ
2813 655 2895 715 εἰς
2924 653 3053 717 τοὺς
3085 650 3287 715 αἰῶνας
3314 651 3425 705 τῶν
3453 649 3688 706 αἰώνων.
3735 649 3928 723 Ἀμήν.

2816 745 2986 815 Εὐχὴ
3027 743 3202 813 ἑτέρα
3247 742 3354 798 τοῦ
3387 739 3599 798 αὑτοῦ.
3710 805 3712 807 ,

2493 838 2602 893 Τοῦ
2625 838 2832 909 Κυρίου
2867 837 3175 908 δεηθῶμεν.

2499 929 2942 999 Ἐπικαλούμεθά
2985 945 3079 994 σε,
3129 927 3384 981 Δέσποτα
3438 925 3542 980 Oct
3576 927 3953 1000 παντοκράτορ
3974 967 3991 992 ,

2415 1019 2645 1092 ὖψιστε,
2675 1023 2978 1092 dissipate,
3011 1019 3253 1092 εἰρηνικὲ
3285 1017 3510 1090 βασιλεῦ
3531 1055 3547 1085 ,
3584 1015 3996 1090 ὲπικαλούμιθά

2415 1131 2478 1168 σε
2528 1113 2621 1167 τὸν
2673 1115 2984 1182 ποιήσαντα
3029 1110 3124 1164 τὸν
3173 1109 3408 1180 οὐρανὸν
3450 1111 3545 1162 καὶ
3580 1108 3681 1181 τὴν
3720 1111 3846 1181 γῆν.
3901 1108 3995 1164 Ἐκ

2414 1204 2512 1258 σοῦ
2548 1205 2660 1276 γὰρ
2695 1204 2907 1273 άνεφύη
2934 1242 2949 1267 ,
2985 1203 3082 1267 καὶ
3112 1203 3176 1256 τὸ
3215 1207 3263 1257 Α
3309 1202 3404 1256 καὶ
3442 1204 3505 1255 τὸ
3524 1203 3597 1267 Ω,
3632 1203 3667 1273 ἡ
3709 1204 3852 1274 ἀρχὴ
3901 1200 3994 1256 καὶ

2411 1296 2473 1351 τὸ
2516 1297 2700 1362 τέλος,
2757 1296 2881 1360 δοὺς
2929 1298 3044 1360 τοῖς
3096 1293 3414 1367 ἀνθρώποις
3468 1294 3748 1349 ὑπακούεν
3800 1295 3996 1364 τετρά-

2411 1388 2549 1442 ποδα
2576 1389 2669 1440 καὶ
2693 1385 2867 1454 ἄλογα
2899 1385 3016 1450 ζῶα
3035 1400 3047 1414 ·
3077 1386 3161 1438 ὅτι
3192 1387 3256 1439 σὺ
3285 1383 3560 1450 ὑπέταξας
3606 1383 3768 1448 αὐτὰ,
3797 1384 3992 1454 Κύριε.

2414 1479 2695 1532 Ἔκτεινον
2747 1477 2848 1548 τὴν
2882 1477 3045 1548 χεῖρά
3104 1493 3197 1530 σου
3237 1475 3338 1546 τὴν
3394 1476 3702 1548 κραταιὰν,
3759 1476 3851 1529 καὶ
3901 1473 3994 1528 τὸν

2410 1569 2676 1640 βραχίονά
2699 1585 2794 1622 σου
2826 1569 2917 1621 τὸν
2949 1567 3155 1638 ὑψηλὸν
3180 1569 3390 1622 καὶτὸν
3423 1567 3602 1635 ᾰγιον,
3641 1567 3736 1620 καί⁵
3770 1567 3993 1619 ἐπισκο-

2408 1661 2527 1714 πῶν
2557 1661 2934 1730 ἐπισκόπησον
2972 1657 3034 1711 τὸ
3073 1658 3301 1728 πλάσμα
3347 1675 3441 1710 σου
3477 1655 3655 1709 τοῦτο.
3704 1656 3996 1724 Κατάπεμ-

2405 1753 2506 1822 ψον
2563 1752 2714 1822 αὐτῴ
2767 1752 3001 1821 ἄγγελον
3048 1749 3360 1821 εἰρηνικὸν,
3417 1749 3650 1818 ἄγγελον
3698 1746 3990 1819 κραταιὸν,

2405 1843 2585 1914 ψυχῆς
2645 1841 2739 1896 καὶ
2807 1840 3063 1912 σώματος
3116 1838 3371 1910 φύλακα,
3421 1839 3480 1902 ὸς
3529 1840 3847 1909 ἐπιτιμήσει
3899 1836 3994 1890 καὶ

723 1932 861 2000 Quia
892 1943 945 1987 tu
975 1921 1123 1988 solus
1167 1935 1419 1990 excelsus
1460 1941 1516 1990 et
1568 1936 1916 2005 omnipotens
1945 1950 2028 2001 es,
2087 1935 2307 1992 benedi-

2415 1935 2682 1990 ἁπελάσει
2739 1933 2836 1986 ἀπ’
2875 1931 3042 1986 αὐτοῦ
3093 1932 3202 1985 πᾶν
3255 1929 3491 2001 πονηρὸν
3548 1929 3642 1983 καὶ
3684 1927 3992 1998 ἀκάθαρτον

720 2036 839 2080 ctus
881 2025 934 2080 in
972 2025 1165 2080 saecula
1214 2026 1554 2082 saeculorum.
1599 2027 1792 2082 Amen.

1104 2276 1224 2330 Alia
1255 2278 1492 2346 ejusdem
1525 2279 1700 2332 oratio
1745 2277 1846 2350 (5).

787 2365 1072 2421 Dominum
1105 2381 1410 2437 precemur.

790 2479 1068 2544 Divinam,
1095 2488 1365 2547 sanctam,
1401 2496 1679 2552 magnam,
1726 2482 2064 2538 tremendam
2098 2493 2152 2536 et
2182 2497 2291 2536 non

719 2567 1054 2622 tolerandam
1101 2569 1338 2624 nominis
1390 2571 1480 2625 Dei
1515 2571 1936 2642 appellationem
1977 2580 2032 2626 et
2077 2571 2297 2626 invoca-

718 2660 917 2714 tionem
947 2660 1295 2731 aggredimur
1327 2671 1381 2717 et
1417 2664 1754 2732 perticimns,
1789 2665 1864 2718 tui
1899 2663 2208 2732 expellendi
2243 2673 2299 2718 et

716 2753 1028 2820 increpandi
1067 2755 1274 2822 gratia,
1312 2764 1597 2824 apostata;
1649 2756 1725 2808 tui
1758 2756 2102 2825 disperdendi
2140 2770 2293 2826 ergo,

714 2846 950 2910 diabole,
982 2845 1125 2900 Deus
1175 2855 1419 2911 Sanctus,
1462 2848 1711 2916 principii
1749 2862 1967 2917 expers,
2004 2849 2294 2914 timendus,

714 2946 908 2990 natura
959 2936 1270 3003 invisibilis,
1304 2947 1574 3006 potestate
1615 2939 2037 3009 inexcogitatus,
2089 2939 2298 2993 Deitatc

712 3028 1229 3096 incompreltensus,
1261 3027 1376 3082 Rex
1406 3029 1589 3096 gloria:
1633 3039 1689 3084 et
1745 3031 2089 3099 omnipotens
2121 3030 2297 3085 Domi-

2417 2027 2716 2097 δαιμόνιον.
2769 2025 2892 2078 Ὀτι
2943 2023 3008 2078 σὺ
3057 2022 3265 2093 Κύριος
3311 2023 3470 2094 μόνος
3502 2020 3766 2091 ὕψιστος,
3797 2033 3992 2073 παντο-

2417 2119 2671 2189 κράτωρ,
2716 2114 3010 2186 εὐλογητὸς
3033 2155 3048 2180 ,
3097 2113 3178 2176 εἰς
3210 2114 3338 2177 τοὺς
3369 2111 3571 2176 αἰῶνας
3613 2110 3723 2165 τῶν
3755 2107 3989 2166 αἰώνων.

2445 2212 2627 2283 Αμην’
2830 2277 2999 2348 Εὐχή
3022 2275 3194 2345 ἑτέρα
3221 2274 3328 2330 τοῦ
3356 2272 3567 2329 αὐτοῦ.

2486 2372 2591 2428 Τοῦ
2624 2371 2834 2443 Κυρίου
2863 2370 3167 2442 δεηθῶμεν.

2479 2493 2593 2566 Τὴν
2628 2492 2779 2545 Θείαν
2804 2508 2865 2544 τε
2888 2490 2985 2545 καὶ
3009 2491 3110 2562 τὴν
3131 2489 3294 2558 ἁγίαν
3322 2487 3416 2543 καὶ
3450 2486 3714 2558 μεγάλην,
3748 2487 3845 2541 καὶ
3865 2504 3990 2560 φρι-

2404 2583 2558 2655 κτὴν,
2597 2584 2692 2637 καὶ
2721 2582 2987 2636 άστεκτον
3016 2580 3312 2651 ὀνομασίαν
3343 2579 3439 2634 καὶ
3463 2577 3752 2650 ἐπίκλησιν
3795 2577 3987 2631 ποιοῦ·

2406 2693 2505 2746 μεν
2539 2675 2677 2746 πρὸς
2707 2673 2807 2745 τὴν
2838 2673 2938 2745 σὴν
2963 2672 3237 2741 ἐξέλασιν,
3261 2671 3569 2736 άποστάτα,
3604 2669 3870 2734 ὡσαύτως
3890 2671 3987 2726 καὶ

2402 2769 2728 2838 ἐπιτίμησιν
2761 2769 2842 2828 εἰς
2891 2764 2993 2837 τὴν
3042 2765 3141 2836 σὴν
3195 2764 3597 2836 ὲξολόθρευσιν,
3639 2761 3880 2818 διάὸολε.
3925 2763 3985 2817 '0

2397 2859 2530 2922 Θεὸς
2561 2861 2590 2912 6
2619 2859 2798 2927 ἅγιος,
2837 2859 2866 2911 6
2899 2856 3161 2929 ἄναρχος,
3213 2857 3242 2909 6
3298 2855 3553 2925 φοϐερὸς,
3589 2857 3618 2909 6
3653 2855 3885 2927 ἀόρατος
3915 2857 3982 2924 τῇ

2394 2950 2577 3021 οὐσία,
2612 2951 2641 3002 6
2679 2950 3008 3011 άνείκαστος
3042 2951 3108 3019 τῇ
3157 2947 3413 3017 δυνάμει,
3465 2949 3562 3001 καὶ
3593 2947 3986 3018 ἀκατάληπτος

2392 3043 2459 3112 τῇ
2503 3040 2740 3112 θεότητι,
2769 3044 2797 3094 6
2837 3040 3093 3111 βασιλεὺς
3114 3039 3213 3111 τῆς
3242 3038 3423 3109 δόξης,
3458 3041 3554 3093 καὶ
3584 3039 3982 3111 παντοκράτωρ

713 3131 837 3181 nus,
867 3117 983 3184 ipse
1014 3127 1065 3172 te
1093 3117 1358 3186 increpet,
1387 3119 1627 3184 diabole,
1655 3121 1746 3190 qui
1778 3135 1808 3174 c
1859 3120 2030 3176 nihilo
2074 3121 2141 3175 ad
2169 3135 2294 3176 esse

2393 3131 2696 3202 Δεσπότης,
2716 3133 3039 3203 ἐπιτιμήσει
3061 3148 3178 3199 σου,
3203 3129 3441 3198 διάδολε,
3458 3133 3486 3184 6
3508 3131 3573 3184 ὲκ
3601 3130 3696 3184 τοῦ
3722 3131 3798 3202 μὴ
3826 3129 3984 3195 ὃντος

711 3215 902 3262 cuncta
928 3208 1092 3262 verbo
1123 3223 1361 3277 congrue
1393 3212 1736 3280 composuit,
1771 3211 1863 3280 qui
1890 3226 2055 3282 super
2085 3226 2290 3281 pennas

2393 3227 2474 3289 εἰς
2501 3225 2564 3278 τὸ
2593 3221 2734 3277 εἶναι
2769 3225 2837 3279 τὰ
2871 3225 3051 3278 πάντα
3104 3222 3401 3291 εὐπραγῶς
3442 3223 3587 3298 λόγθι
3634 3224 3984 3296 συστησάμε-

709 3307 996 3352 ventoruni
1027 3297 1291 3352 ambulat.
1342 3297 1593 3366 Increpat
1630 3308 1705 3364 te,
1734 3298 1968 3365 diabole,
1992 3301 2082 3369 qui
2121 3299 2291 3354 maris

2397 3333 2508 3382 νος,
2540 3319 2567 3369 6
2595 3314 2918 3385 περιπατῶν
2952 3316 3046 3368 ἐπὶ
3094 3316 3385 3388 πτερύγων
3432 3297 3671 3385 ἀνέμων.
3717 3313 3984 3386 *Επιτιμᾲ

711 3403 908 3458 aquam
937 3389 1188 3452 advocat,
1210 3398 1264 3441 et
1293 3403 1412 3443 eam
1445 3404 1608 3459 super
1628 3389 1893 3444 universa:
1914 3400 2070 3445 terra:
2101 3389 2293 3444 faciem

2398 3424 2501 3474 σοι,
2535 3407 2772 3467 διάϐολε.
2805 3410 2834 3461 6
2856 3407 3338 3479 προσκαλούμενος
3369 3400 3430 3460 τὸ
3460 3405 3608 3479 ὕδωρ
3635 3407 3737 3478 τῆς
3773 3406 3983 3462 θαλάσ-

709 3479 955 3534 eti‘undit.
995 3479 1253 3535 Doininus
1277 3481 1539 3535 virtutum
1571 3497 1766 3537 nomen
1811 3482 1911 3537 illi.
1962 3481 2211 3551 Increpat
2243 3492 2294 3537 te

2397 3517 2498 3569 σης
2531 3501 2623 3552 καὶ
2646 3498 2854 3568 ἐκχὲων
2879 3497 3012 3553 αὐτὸ
3048 3499 3143 3552 ἐπὶ
3171 3499 3470 3570 πρόσωπον
3506 3499 3686 3568 πάσης
3715 3485 3830 3569 τῆς
3849 3499 3978 3567 γῆς,

708 3573 990 3637 Dominus,
1024 3571 1252 3637 diabole,
1287 3573 1333 3626 is
1364 3572 1454 3627 cui
1481 3573 1751 3628 innumeri
1772 3574 2032 3629 caelestes
2069 3575 2292 3630 ordines

2393 3591 2601 3661 Κύριος
2644 3591 2754 3643 τῶν
2785 3590 3070 3661 δυνάμεων
3123 3590 3297 3661 ὄνομα
3345 3589 3534 3646 αὐτοῦ.
3580 3590 3849 3662 Ἐπιτιμᾷ
3895 3607 3980 3644 σοι

707 3664 848 3734 ignei
891 3665 943 3717 in
979 3665 1209 3719 circuitu
1261 3667 1612 3732 ministrant,
1658 3668 1750 3736 qui
1794 3667 1864 3723 ab
1915 3668 2287 3738 angelicarnm

705 3757 990 3809 turbarum
1021 3756 1177 3824 copia
1214 3766 1270 3811 et
1299 3759 1366 3811 ab
1393 3759 1734 3827 arcliangelis
1759 3773 1881 3813 cum
1917 3767 2155 3814 tremore
2199 3774 2290 3814 ce-

707 3843 973 3910 lebratur,
1002 3846 1197 3900 colitur
1218 3855 1274 3902 et
1309 3847 1588 3903 adoretur.
1635 3848 1887 3918 Increpat
1911 3859 1962 3903 te
2007 3850 2287 3915 Dominus,

707 3936 938 4001 diabole,
970 3937 1135 4006 quiet
1160 3953 1188 3991 a
1213 3941 1501 3996 virtutibus
1523 3942 1667 3997 circa
1697 3957 1756 3998 se
1778 3942 2077 3998 astantibus
2113 3943 2288 3997 bono-

710 4039 881 4094 ratur,
902 4037 960 4082 et
981 4043 1010 4080 a
1037 4031 1333 4084 tremendis
1353 4031 1631 4086 oculorum
1658 4033 1812 4102 copia
1838 4034 2136 4089 illustribus
2148 4035 2286 4090 Clie-

707 4117 908 4184 rubim,
955 4129 1008 4174 et
1038 4134 1130 4174 sex
1182 4121 1389 4176 alarum
1449 4125 1676 4194 remigio
1725 4128 1922 4182 dotatis
1974 4125 2284 4197 Serapbim,

706 4210 918 4264 duabus
950 4209 1168 4279 quidem
1218 4213 1384 4268 facies
1431 4230 1559 4271 suae
1593 4227 1818 4286 propter
1871 4218 2288 4289 incomprehen-

705 4318 823 4356 sum
856 4304 1406 4374 etimperscrutatum
1439 4305 1667 4363 Deitatis
1719 4309 2065 4378 splendorem
2100 4313 2289 4368 velan-

705 4396 953 4459 tibus,-et
977 4396 1190 4450 duabus
1219 4397 1321 4451 alis
1341 4399 1506 4466 pedes
1527 4414 1676 4468 suos,
1705 4417 1772 4457 ne
1826 4401 2082 4458 ineffabili
2112 4404 2284 4474 gloria

702 4496 756 4541 et
793 4487 1160 4558 inexcogitata
1208 4487 1496 4555 majestate
1523 4502 1937 4559 consumantur,
1991 4496 2287 4561 operienti-

2391 3679 2621 3752 Κύριος,
2648 3679 2886 3743 διάθολε,
2920 3682 2949 3734 6
2973 3680 3080 3734 ὑπὸ
3118 3680 3228 3734 τῶν
3270 3680 3663 3753 ἀναριθμήτων
3709 3681 3980 3755 οὐρανίων

2389 3773 2689 3843 ταγμάτων
2707 3772 2954 3842 πυρίνων
2974 3772 3126 3842 φόϐῳ
3142 3773 3322 3826 λειτου
3331 3772 3461 3843 ργού
3470 3790 3634 3843 μενος
3658 3775 3753 3826 καὶ
3776 3773 3978 3843 ὑμνού-

2393 3880 2575 3934 μενος,
2635 3864 2732 3916 καὶ
2792 3861 2903 3916 ἀπὸ
2958 3861 3199 3932 πλήθους
3259 3863 3439 3934 χορῶν
3499 3863 3809 3933 ἀγγελικῶν
3881 3864 3979 3918 καὶ

2388 3951 2810 4025 άρχαγγελικῶν
2854 3951 3044 4023 τρόμῳ
3077 3953 3582 4024 προσκυνούμενος,
3628 3955 3726 4008 καὶ
3755 3954 3977 4020 δοξαζὸ-

2392 4061 2574 4114 μενος.
2618 4043 2888 4114 Ἐπιτιμᾷ
2930 4061 3012 4096 σοι
3054 4045 3285 4115 Κύριος,
3318 4045 3556 4111 διάϐολε,
3601 4048 3630 4100 6
3659 4047 3976 4119 τιμώμενος

2387 4135 2493 4188 ὑπὸ
2545 4135 2656 4188 τῶν
2710 4134 2995 4188 κύκλωθεν
3073 4138 3453 4206 παρεστωσῶν
3513 4137 3821 4210 δυνάμεων,
3875 4141 3975 4196 καὶ

2388 4227 2850 4298 φρικωδεστάτων
2924 4228 3322 4299 ἑξαπτερύγων
3404 4231 3499 4283 καὶ
3563 4230 3973 4303 πολυομμάτων

2385 4317 2670 4388 Χερουϐὶμ
2697 4317 2792 4370 καὶ
2833 4318 3109 4389 Σεραφὶμ,
3165 4317 3274 4371 τῶν
3307 4317 3378 4373 τά
3430 4320 3706 4388 πρόσωπα
3752 4321 3970 4377 ἑαυτῶν

2384 4409 2507 4469 ταῖς
2556 4406 2680 4460 δυσὶ
2733 4406 2962 4479 πτέρυξι
3019 4408 3335 4465 σκεπόντων
3372 4409 3462 4464 διὰ
3501 4411 3602 4484 τὴν
3645 4411 3969 4485 ἀθεώρητον

2386 4496 2554 4550 αὐτοῦ
2603 4496 2697 4550 καὶ
2759 4495 3173 4568 ἀνεξιχνίαστον
3211 4499 3477 4572 Θεότητα,
3528 4501 3624 4555 καὶ
3672 4505 3796 4567 ταῖς
3844 4504 3972 4560 δυσὶ

702 4580 826 4645 lius,
857 4589 914 4634 et
944 4580 1151 4634 duabus
1183 4580 1286 4634 alis
1310 4581 1617 4635 volantibus
1643 4584 1952 4654 ctelnmque
1985 4589 2100 4642 suis
2130 4588 2281 4643 voci-
2315 4578 2320 4633 1

2393 4587 2616 4658 πτέρυξι
2642 4589 2772 4652 τοὺς
2801 4591 3018 4646 ἑαυτῶν
3049 4591 3218 4666 πόδας
3258 4593 3672 4662 καλυπτόντων,
3696 4598 3777 4659 εἰς
3806 4595 3867 4651 τὸ
3886 4598 3966 4668 μὴ

699 4669 804 4720 bus
845 4667 1176 4734 replentibns
1211 4687 1225 4722 :
1251 4668 1498 4732 Sanctus,
1529 4669 1781 4736 Sanctus,
1805 4672 2056 4739 Sanctus,
2091 4676 2280 4730 Domi-

701 4771 797 4809 nus
827 4754 1056 4811 Sabaoth
1111 4772 1130 4811 :
1181 4759 1390 4826 plenum
1450 4773 1524 4814 est
1576 4763 1762 4816 caelum
1791 4777 1867 4818 eet
1927 4777 2069 4820 terra
2104 4772 2280 4838 gloria

697 4846 830 4915 ejus.
873 4846 1123 4919 Increpat
1152 4859 1202 4905 te
1239 4850 1516 4916 Dominus,
1549 4853 1783 4921 diabole,
1809 4859 1900 4926 qui
1952 4874 1983 4913 e
2024 4861 2150 4914 sinu
2185 4877 2280 4930 pa-

701 4950 873 5006 terno,
907 4955 937 4994 e
961 4944 1099 4996 coelo
1137 4941 1278 4999 Deus
1309 4944 1543 5000 Verbum
1576 4946 1930 5015 descendens,
1967 4961 2021 5007 et
2056 4968 2152 5021 per
2183 4969 2277 5009 ve-

697 5030 1015 5097 nerandam,
1044 5031 1422 5102 inexplicatam
1448 5045 1502 5090 et
1537 5037 1793 5092 illibatam
1822 5055 1886 5095 ex
1919 5052 2106 5096 sancta
2143 5040 2268 5096 Vir-

695 5119 818 5186 giae
845 5120 1304 5188 incarnationem,
1343 5134 1402 5179 ut
1459 5127 1717 5182 mundum
1769 5129 2112 5185 ineliabiliter
2158 5135 2269 5187 sal-

697 5217 878 5275 varet,
932 5221 988 5266 et
1034 5221 1089 5264 te
1139 5229 1391 5284 suprema
1437 5232 1530 5270 sua
1587 5219 1784 5274 virtute
1822 5220 1884 5275 de
1939 5223 2078 5277 C(BIO
2129 5224 2269 5294 deje-

693 5309 862 5364 ctum,
889 5303 1262 5374 perditumque
1279 5308 1528 5363 omnibus
1555 5310 1973 5378 demonstraret,
1997 5317 2266 5384 apparuit.

692 5388 1026 5461 Increpat-te
1081 5395 1380 5462 Dominus,
1407 5399 1657 5468 diabole,
1716 5404 1807 5472 qui
1844 5408 1979 5460 mari
2039 5410 2216 5464 dixit‘
2252 5429 2268 5467 :

764 5545 783 5579 ί
821 5547 986 5604 Marc.
1025 5567 1095 5614 ιν,
1135 5551 1224 5606 '59.

762 5702 838 5780 (ᾗ)
872 5703 1030 5780 Deest
1066 5703 1116 5758 in
1144 5706 1394 5763 omnibus
1437 5713 1842 5780 exemplaribus
1873 5717 1986 5773 lure
2023 5722 2220 5777 oratio.

689 5841 701 5855 ο
761 5773 838 5842 (5)
870 5773 1233 5858 Legitnrcum
1261 5792 1322 5856 ea
1348 5795 1468 5858 qua;
1497 5773 1780 5858 inci'pit,_'0
1811 5785 1944 5850 Θεὸς
1970 5792 1996 5842 ὸ
2020 5773 2257 5858 αἰώνιος,

687 5844 741 5898 in
768 5859 875 5898 uno
918 5857 950 5899 e
990 5844 1300 5903 Barberinis
1338 5844 1658 5908 codicibus:
1691 5844 1766 5910 'in
1800 5844 2087 5926 quo'sicut
2117 5844 2168 5917 et
2187 5844 2255 5919 iii

1827 5935 1842 5966 λ

2386 4677 2802 4748 κατακαυθῆναι
2852 4682 2917 4733 ὲκ
2944 4680 3044 4751 τῆς
3067 4680 3313 4754 ἀρρήτου
3344 4682 3504 4754 δόξης
3532 4685 3631 4737 καὶ
3659 4687 3968 4756 ὰκατανοή-

2383 4788 2476 4824 του
2502 4771 2926 4843 μεγαλειότητος
2949 4773 3116 4828 αὐτοῦ
3140 4775 3237 4828 καὶ
3262 4777 3383 4838 ταῖς
3407 4776 3528 4830 δυσὶ
3550 4777 3779 4850 πτέρυξι
3802 4796 3966 4834 πετο-

2387 4862 2568 4931 μένων
2619 4864 2716 4916 καὶ
2739 4863 2832 4916 τὸν
2870 4865 3100 4932 οὐρανὸν
3149 4867 3508 4938 πληρούντων
3561 4871 3626 4922 ἐκ
3676 4870 3777 4939 τῆς
3832 4871 3964 4943 βοῆς

2381 4954 2562 5008 αὐτῶν
2589 4994 2604 5018 ,
2633 4955 2718 5020 τὸ,
2745 4955 2970 5025 Ἄγιος,
2997 4957 3439 5030 Ἀγιος,”Αγιος
3457 4962 3676 5030 Κύριος
3693 4964 3960 5030 Σαϐαὼθ,

2379 5046 2618 5114 πλήρης
2644 5048 2676 5100 ὀ
2700 5047 2961 5115 οὐρανὸς
2978 5049 3073 5102 καὶ
3093 5051 3130 5117 ἡ
3159 5048 3232 5120 τῆ
3256 5050 3366 5120 τῆς
3382 5052 3570 5120 δόξης
3590 5052 3800 5108 αὐτοῦ.
3815 5054 3964 5108 Ἐπι-

2377 5141 2513 5210 τιμᾷ
2559 5156 2642 5192 σοι
2690 5139 2922 5211 Κύριος,
2967 5141 3205 5209 διάῦολε,
3256 5147 3285 5198 6
3345 5147 3416 5220 ἐκ
3466 5145 3564 5201 τοῦ
3603 5146 3808 5201 κόλπου
3858 5147 3958 5202 τοῦ

2379 5230 2651 5301 πατρικοῦ
2693 5232 2942 5296 καταϐὰς
2975 5233 3034 5299 ἐξ
3064 5237 3300 5304 οὐρανοῦ
3327 5237 3460 5303 Θεὸς
3487 5241 3682 5309 Λόγος,
3724 5240 3820 5293 καὶ
3867 5239 3958 5294 διὰ

2377 5322 2475 5392 τῆς
2501 5325 2565 5375 ὲκ
2601 5323 2883 5396 Παρθένου
2919 5325 3084 5394 ἁγίας
3108 5331 3516 5401 προσκυνητῆς,
3545 5332 3831 5402 ἀφράστου
3858 5333 3959 5385 καὶ

2374 5414 2652 5486 ἁχράντου
2696 5417 3030 5486 σαρκώσεως
3085 5420 3471 5494 ἀνεκλαλήτως
3519 5428 3709 5494 φανεὶς
3762 5428 3823 5481 ἑν
3874 5425 3954 5496 τῷ

2370 5726 2554 5815 editis‘
2588 5728 2988 5815 Chrysostorﬂo
3016 5735 3110 5815 .bis
3155 5738 3346 5815 verbis
3381 5743 3703 5815 attribuitur
3735 5757 3750 5796 :
3818 5746 3951 5815 'Atp-

2369 5799 2596 5882 ορισμὸς
2613 5799 2889 5882 τοῦάγίου
2914 5803 3161 5882 Ἰωάννου
3190 5808 3661 5882 τοῦ-Χρυσοτόμου
3685 5815 3764 5879 εἰς
3790 5799 3955 5872 maiu-

2373 5870 2902 5941 ματιζομὲνουςὺπὸ
2925 5877 3249 5948 πνευμάτων
3277 5870 3622 5954 ἀκαθάρτων.
