4204 6454
243 475 386 535 1065

1398 462 1799 524 ΟΒΑΊῚΟΝΕΒ
1840 458 1979 519 PRO
2022 453 2370 515 OBSESSIS.

3407 444 3546 501 1066

236 584 559 659 κόσμῳ.τοῦ
617 584 794 640 σῶσαι
828 582 1017 649 αὐτὸν,
1074 583 1170 637 καὶ
1199 583 1264 653 τῇ
1316 581 1615 651 αὖθεντικῇ
1667 573 1836 632 αὑτοῦ

1947 569 2116 635 Tace,
2156 570 2453 625 obmutesce
2493 605 2509 629 ,
2572 572 2631 622 et
2653 562 2771 633 ejus
2812 562 2978 632 jussu
3038 560 3328 618 confestim
3382 562 3543 631 quie-

232 679 470 753 δυνάμει
513 678 679 749 ῥίψας
735 694 795 731 σε
847 675 1166 748 οὐρανόθεν,
1222 675 1319 729 καὶ
1355 673 1633 728 ἀπόλυτον
1668 669 1835 724 παντὶ

231 770 442 837 δείξας.
476 771 748 841 Ἐπιτιμᾷ
785 786 870 823 σοι
902 768 1133 840 Κύριος,
1190 766 1432 831 διάὸολε,
1481 764 1511 818 6
1542 761 1717 818 εἰπὼν
1765 762 1834 833 τῇ

235 860 489 934 θαλάσσῃ
509 878 522 892 ·
555 858 782 926 Σιώπα,
827 860 1145 930 ,πεφίμωσο
1172 875 1186 888 ’
1247 858 1345 912 καὶ
1371 855 1452 928 τῷ
1498 854 1836 925 κελεύσματι

233 952 445 1017 εὐθέως
471 952 766 1006 ἐκόπασεν.
813 949 1082 1021 Ἐπιτιμᾷ
1116 965 1202 1002 σοι
1243 948 1474 1020 Κύριος,
1521 944 1776 1009 διάϐολε,
1810 946 1838 997 ό

231 1044 318 1116 τῷ
350 1042 607 1115 ἀχράντῳ
634 1041 853 1115 πτυέλῳ
873 1041 1048 1114 πηλὸν
1072 1040 1332 1113 ποιήσας,
1363 1040 1471 1093 καὶ
1488 1038 1549 1092 τὸ
1586 1036 1837 1091 ἐλλεῖπον

236 1135 407 1206 μέλος
438 1133 518 1204 τῷ
547 1135 612 1188 ἐκ
638 1134 869 1205 γενετῆς
898 1132 1088 1203 τυφλῷ
1114 1132 1449 1194 διαπλάσας.
1497 1130 1593 1185 καὶ
1626 1130 1688 1183 τὸ
1718 1129 1836 1198 φῶς

230 1227 631 1298 χαρισάμενος.
674 1226 942 1296 Ἐπιτιμᾷ
977 1242 1062 1279 σοι
1112 1224 1345 1297 Κύριος,
1371 1222 1613 1289 διάϐολε,
1659 1224 1688 1276 6
1738 1224 1838 1295 τήν

232 1316 521 1389 θυγατέρα
554 1317 649 1371 τοῦ
670 1315 1131 1389 ἀρχισυναγώγου
1156 1317 1304 1387 λόγῳ
1344 1315 1716 1391 ζωοποιήσας.
1741 1314 1839 1369 καὶ

229 1408 343 1482 τῆς
368 1411 545 1484 χήρας
570 1408 664 1463 τὸν
699 1409 815 1463 υἱὸν
847 1410 913 1463 ὲκ
941 1409 1215 1479 στόματος
1237 1408 1334 1462 τοῦ
1366 1406 1605 1462 θανάτου
1650 1408 1838 1478 ἀφαρ-

232 1502 424 1567 πάσας
451 1503 547 1555 καὶ
574 1505 644 1573 τῇ
671 1502 781 1573 ἰδίᾳ
812 1502 986 1573 μητρὶ
1015 1501 1340 1573 ὁλόκληρον,
1370 1501 1466 1555 καὶ
1496 1499 1625 1572 ὑγιῆ
1671 1499 1839 1554 αὐτὸν

231 1594 635 1667 χαρισάμενος.
669 1594 941 1666 Ἐπιτιμᾷ
974 1610 1058 1648 σοι
1116 1592 1352 1665 Κύριος,
1394 1590 1636 1655 διάσολε,
1671 1593 1701 1646 6
1744 1591 1840 1646 τὸν

228 1686 497 1758 Λάζαρον
526 1687 592 1739 ὲκ
629 1684 848 1758 νεκρῶν
903 1685 1292 1757 τετραήμερον
1338 1685 1586 1753 ἄσηπτον
1624 1681 1703 1749 ώς
1762 1684 1839 1756 μὴ

232 1776 499 1842 θανόντα,
535 1776 633 1831 καὶ
677 1775 938 1839 ἄσπιλον,
992 1778 1076 1839 εἰς
1131 1774 1402 1846 ἔκπληξιν
1458 1774 1572 1828 τῶν
1623 1773 1839 1829 πολλῶν

231 1870 631 1941 παραστήσας.
688 1868 965 1939 Ἕπιτιμᾷ
996 1883 1082 1920 σοι
1124 1866 1355 1939 Κύριος,
1400 1866 1640 1933 διάδολε,
1683 1868 1713 1921 6
1749 1865 1840 1921 6t6

1943 661 2037 718 vit.
2078 660 2326 733 Increpat
2355 670 2410 716 te
2442 659 2732 723 Dominus,
2764 655 3005 721 diabole,
3028 656 3122 726 qui
3154 653 3366 710 illibato
3426 652 3545 714 luto

1940 769 1973 809 e
2008 762 2168 825 sputo
2192 753 2467 819 confecto,
2500 750 2765 808 deficiens
2806 765 2836 804 a
2881 748 3179 803 nativitate
3228 744 3543 802 membrum

1939 862 2088 903 caeco
2141 846 2422 911 restituit,
2474 846 2767 914 lumenque
2816 841 3003 898 videre
3045 840 3286 895 donavit.
3355 838 3545 894 lucre-

1939 947 2034 1009 pat
2068 948 2122 995 te
2158 938 2444 1004 Dominus,
2476 936 2715 1001 diabole,
2768 934 2861 1006 qui
2893 932 3062 990 verbo
3102 948 3202 988 suo
3256 930 3549 1002 arcbisyn-

1941 1031 2099 1100 agogi
2138 1028 2303 1083 tiliam
2319 1028 2499 1083 vivam
2530 1027 2682 1095 fecit,
2712 1035 2769 1082 et
2789 1024 2966 1081 vidua:
2998 1024 3171 1078 illium
3195 1022 3395 1079 mortis
3422 1021 3547 1077 fau-

1941 1120 2097 1177 cibus
2126 1129 2396 1190 ereptum,
2422 1120 2659 1189 propria:
2711 1118 2872 1173 matri
2911 1116 3246 1173 incolumem
3299 1116 3580 1171 salvum--

1943 1229 2050 1285 que
2110 1214 2374 1270 restituit.
2430 1213 2680 1282 Increpat
2720 1220 2774 1267 te
2825 1209 3121 1276 Dominus,
3172 1208 3411 1273 diabole,
3452 1208 3547 1275 qui

1942 1306 2368 1374 quatriduanum
2420 1320 2453 1361 e
2512 1303 2744 1360 mortuis
2801 1303 3075 1358 Lazarum
3138 1302 3544 1371 incorruptum,

1943 1397 2091 1453 velut
2151 1413 2264 1454 non
2342 1406 2653 1461 mortuum,
2711 1405 2768 1451 et
2823 1395 3133 1451 intabidum
3182 1395 3249 1448 ad
3296 1395 3545 1450 omnium

1941 1501 2220 1562 stuporem
2251 1492 2532 1547 excitavit.
2571 1491 2827 1561 Increpat
2880 1501 2935 1546 te
2985 1488 3271 1555 Dominus,
3307 1487 3547 1549 diabolo.

1942 1584 2035 1654 qni
2084 1598 2183 1653 per
2236 1593 2551 1650 susceptam
2614 1588 2739 1639 ase
2794 1583 3046 1652 alapam,
3108 1580 3549 1637 maledictionem

1944 1684 2187 1731 nostram
2245 1676 2457 1732 irritam
2511 1674 2641 1731 fecit
2677 1691 2693 1741 ;
2736 1684 2792 1730 et
2832 1688 2930 1744 per
2971 1674 3165 1729 illibati
3220 1674 3412 1728 lateris
3464 1672 3551 1728 sui

1943 1766 2142 1822 vulnus
2172 1766 2485 1823 ﬂammeum
2514 1767 2755 1838 gladium
2784 1768 3022 1836 paradisi
3051 1768 3260 1823 aditum
3284 1768 3554 1822 obseren-

1945 1868 2052 1913 tem
2086 1859 2372 1916 exstinxit.
2400 1858 2653 1932 Increpat
2685 1870 2739 1915 te
2771 1860 3061 1927 Dominus,
3084 1858 3435 1929 diabole,qni
3454 1873 3556 1928 per

368 1922 720 2033 ραπίσματος
750 1959 852 2032 τὴν
878 1922 1128 2031 κατάραν
1170 1922 1557 2031 καταργήσας,
1602 1922 1700 2013 καὶ
1745 1958 1836 2012 διὰ

1947 1946 2181 2001 divinam‘
2223 1946 2405 2002 vultus
2459 1922 2575 2003 sui.
2602 1946 2834 2002 formam
2894 1922 3074 2017 sputis
3123 1922 3553 2015 lmdatam,'la---

226 2055 341 2126 τῆς
368 2054 576 2125 λόγχης
635 2053 739 2122 τῆς
790 2053 1065 2126 ἀχράντου
1116 2051 1364 2124 πλευρᾶς
1396 2051 1563 2105 αὑτοῦ
1594 2051 1697 2123 τὴν
1744 2046 1836 2105 τὸν

228 2146 576 2219 παράδεισον
623 2144 1010 2215 φυλάττουσαν
1059 2144 1325 2215 φλογίνην
1377 2143 1660 2217 ῥομφαίαν
1699 2145 1836 2198 ἀνα-

229 2236 481 2301 στείλας.
524 2236 793 2309 Ἐπιτιμᾷ
840 2254 924 2292 σοι
978 2236 1207 2308 Κύριος,
1238 2236 1481 2302 διάδολε,
1530 2238 1559 2291 6
1599 2236 1689 2291 διά
1737 2234 1835 2290 τοῦ

227 2328 637 2400 ὶμπτύσματος
687 2328 785 2401 τοῦ
846 2330 1033 2401 τιμίου
1087 2328 1257 2382 αὐτοῦ
1325 2329 1679 2403 χαρακτῆρος
1724 2330 1837 2385 πᾶν

226 2417 478 2489 δάκρυον
511 2417 577 2470 ἐκ
631 2417 838 2482 παντὸς
878 2416 1179 2487 προσώπου
1229 2418 1503 2490 ὲκμάξας.
1568 2418 1838 2491 Ἐπιτιμᾷ

232 2523 326 2561 σοι
354 2505 583 2579 Κύριος,
606 2506 847 2569 διάδολε,
877 2508 906 2559 ὸ
936 2506 1117 2578 πήξας
1148 2505 1241 2560 τὸν
1270 2506 1506 2578 σταυρὸν
1532 2509 1615 2571 εἰς
1644 2507 1837 2578 στήρι-
1876 2511 1883 2518 ’

230 2615 360 2669 γμα
411 2596 471 2651 ἓν
504 2598 599 2653 καὶ⁵
632 2598 911 2669 σωτηρίαν
961 2599 1201 2669 κόσμου,
1257 2601 1339 2662 εἰς
1401 2598 1611 2652 πτῶσιν
1643 2598 1701 2652 δὲ
1737 2600 1838 2670 σήν

229 2689 337 2745 καὶ
393 2688 615 2742 πάντων
661 2687 774 2742 τῶν
832 2688 939 2741 ὑπὸ
998 2688 1059 2740 σὲ
1106 2688 1378 2757 ἀγγέλων.
1431 2687 1701 2760 Ἐπιτιμᾷ
1754 2705 1839 2742 σοι

231 2781 475 2853 Κύριος,
505 2780 748 2849 διάσολε,
772 2782 801 2834 6
827 2781 952 2845 δοὺς
984 2782 1172 2851 φωνὴν
1202 2783 1263 2834 ὲν
1294 2781 1376 2851 τῷ
1407 2782 1629 2853 σταυρῷ
1648 2781 1837 2847 αὐτοῦ,

232 2876 341 2929 καὶ
358 2874 420 2927 τδ
444 2874 853 2943 καταπέτασμα
871 2872 967 2926 τοῦ
993 2872 1126 2927 ναοῦ
1155 2870 1414 2945 ἐσχίσθη,
1436 2873 1531 2925 καὶ
1547 2873 1607 2926 αἱ
1631 2872 1839 2945 πέτραι

231 2950 637 3038 διερράγησαν,
689 2966 785 3018 καὶ
844 2964 915 3018 τά
968 2964 1215 3036 μνημεῖα
1244 2964 1627 3036 ἠνεῴχθησαν,
1654 2965 1751 3018 καὶ
1785 2964 1835 3015 oi

233 3058 341 3112 ἀπ’
381 3059 578 3121 αῑῶνος
605 3056 867 3121 θανόντες
898 3057 1233 3128 ἀνέστησαν.
1288 3057 1555 3128 Ἐπιτιμᾷ
1595 3074 1680 3111 σοι
1718 3056 1839 3109 Κύ-

239 3163 388 3225 ριος,
418 3149 659 3216 διάὸολε,
692 3149 721 3202 6
779 3149 1007 3220 θανάτῳ
1058 3149 1297 3203 θάνατον
1330 3149 1677 3214 θανατώσας,
1742 3148 1841 3203 καὶ

236 3238 396 3311 ζωήν
417 3241 487 3310 τῇ
517 3239 739 3312 ὲγὲρσει
766 3236 935 3292 αὐτοῦ
956 3239 1071 3303 τοῖς
1092 3238 1409 3311 ἀνθρώποις
1438 3227 1837 3311 χαρισάμενος.

251 3332 619 3401 Ἐπιτιμήσαι
646 3347 730 3384 σοι
756 3328 989 3400 Κύριος,
1022 3329 1268 3393 διάϐολε,
1296 3332 1324 3397 6
1360 3330 1612 3394 καταϐὰς
1642 3333 1726 3395 εἰς
1750 3331 1844 3386 τὸν

232 3420 409 3493 ᾅδην,
446 3420 543 3475 καὶ
576 3421 645 3474 τά
679 3423 923 3491 μνημεῖα
956 3418 1124 3473 αὐτοῦ
1156 3419 1471 3486 ἐκτινάξας,
1502 3431 1597 3475 καὶ
1631 3436 1845 3487 πάντας

236 3512 376 3578 τοὺς
394 3514 452 3565 ιν
490 3512 641 3583 αὐτῴ
670 3510 1077 3583 κατεχομένους
1123 3512 1384 3582 δεσμίους
1436 3513 1841 3587 ελευθερώσας,

239 3610 345 3664 καὶ
393 3609 529 3681 πρὸς
562 3608 759 3663 ἑαυτὸν
791 3608 1315 3679 ἀνακαλεσάμενος·
1382 3608 1445 3663 ὃν
1497 3611 1548 3663 0i
1602 3612 1847 3684 πυλωροὶ

244 3700 481 3766 ἰδόντες,
522 3700 771 3770 ἔφριξαν.
809 3700 904 3753 καὶ
946 3699 1160 3770 ἀγωνία
1212 3699 1310 3753 τοῦ
1366 3699 1495 3773 ᾅδου
1546 3701 1847 3772 κρυδέντες

240 3791 517 3858 ἐξέλιπον.
582 3791 951 3862 Ἐπιτιμήσαι
995 3808 1077 3844 σοι
1125 3790 1355 3863 Κύριος,
1408 3791 1656 3858 διάϐολε,
1709 3794 1740 3847 6
1775 3796 1843 3848 ὲκ

241 3872 463 3955 νεκρῶν
496 3882 741 3947 ἀναστὰς
766 3882 1005 3955 Χριστὸς
1036 3881 1065 3935 6
1092 3881 1225 3946 Θεδς
1249 3881 1407 3953 ήμῶν
1438 3883 1532 3937 καὶ
1575 3886 1713 3938 πᾶσι
1747 3883 1845 3954 τὴν

242 3975 553 4030 ἀνάστασιν
580 3972 751 4028 αὐτοῦ
771 3974 1171 4046 χαρισάμενος.
1201 3974 1569 4047 Ἐπιτιμήσαι
1598 3993 1682 4029 σοι
1728 3976 1846 4030 Κύ-

248 4084 391 4141 ριος,
422 4066 664 4130 διάδολε,
695 4068 724 4120 6
755 4067 837 4131 είς
888 4066 1159 4137 οὐρανοὺς
1206 4057 1277 4119 ὶν
1311 4067 1441 4139 δόξῃ
1504 4068 1845 4140 ἀναληφθεὶς

246 4163 395 4235 πρὸς
422 4160 513 4214 τὸν
557 4158 781 4230 Πατέρα
802 4158 994 4225 αὑτοῦ,
1026 4160 1123 4213 καὶ
1153 4160 1218 4212 ἐκ
1238 4159 1434 4226 δεξιῶν
1463 4163 1565 4231 τῆς
1600 4161 1849 4233 μεγαλω-

246 4254 421 4323 σύνης
447 4252 539 4306 ἐπὶ
567 4251 759 4325 θρόνου
790 4250 950 4323 δόξης
981 4250 1317 4321 καθήμενος.
1364 4253 1732 4325 Ἐπιτιμήσαι
1762 4270 1847 4307 σοι

244 4344 483 4417 Κύριος,
504 4344 743 4406 διάδολε,
768 4344 799 4396 6
827 4342 991 4397 πάλιν
1029 4343 1328 4415 ἐρχόμενος
1356 4344 1497 4415 μετὰ
1537 4345 1695 4416 δόξης
1752 4347 1848 4401 ἐπὶ

244 4437 365 4492 τῶν
390 4435 633 4506 νεφελῶν
662 4435 757 4489 τοῦ
806 4434 1069 4507 οὐρανοῦ,
1100 4435 1243 4505 μετά
1293 4434 1404 4489 τῶν
1444 4436 1621 4505 ἁγίων
1676 4439 1848 4507 ἀγγέ-

245 4529 361 4583 λων
390 4526 581 4595 αὑτοῦ,
608 4530 797 4598 κρῖναι
823 4525 1035 4595 ζῶντας
1069 4528 1164 4581 καὶ
1200 4527 1454 4598 νεκρούς.
1482 4528 1847 4601 Ἐπιτιμήσαι

1943 2052 2188 2111 crymam
2242 2054 2462 2095 omnem
2522 2041 2592 2097 ab
2636 2040 2888 2096 omnium
2928 2041 3079 2095 vultu
3122 2040 3407 2097 abstersit.
3459 2038 3553 2093 ln-

1944 2142 2135 2203 erepat
2166 2143 2220 2189 te
2253 2132 2547 2199 Dominus,
2578 2133 2815 2202 diabole,
2848 2134 2945 2205 qui
2977 2149 3199 2191 crucem
3233 2134 3289 2190 in
3328 2135 3551 2192 unicum

1947 2226 2227 2283 munimen
2255 2236 2311 2283 et
2347 2228 2534 2283 mundi
2558 2228 2813 2294 salutem,
2852 2227 2908 2283 in
2965 2228 3182 2283 ruinam
3218 2244 3350 2284 vero
3400 2237 3551 2286 tuam

1943 2329 1999 2376 et
2027 2321 2271 2375 omnium
2317 2320 2415 2376 tibi
2460 2320 2808 2376 subditorum
2848 2321 3170 2394 angelorum
3206 2307 3415 2378 delixit.
3464 2324 3556 2380 ln-

1944 2421 2135 2483 crepat
2164 2412 2565 2485 te~D0minus,
2612 2410 2850 2475 diabole,
2879 2428 2991 2481 quo
3043 2413 3097 2467 in
3146 2428 3311 2469 cruce
3359 2430 3550 2470 vocem

1945 2500 2229 2567 eli‘erente,
2260 2502 2438 2556 velum
2477 2501 2663 2572 templi
2711 2502 2944 2557 scissum
2981 2510 3088 2569 est,
3122 2513 3295 2575 petrae
3324 2504 3552 2561 confra-

1946 2605 2071 2659 (τισι,
2105 2602 2462 2649 monumenta
2494 2609 2713 2665 quoque
2752 2604 2944 2665 aperta
2994 2605 3146 2664 sunt,
3186 2606 3242 2652 ct
3283 2598 3483 2652 mortui
3520 2615 3553 2653 ιι

1947 2686 2153 2742 saeculo
2170 2696 2623 2741 exsurrexerunt.
2653 2685 2904 2756 Increpat
2927 2695 2982 2743 te
3009 2686 3295 2758 Dominus,
3314 2688 3552 2756 diabole,

1946 2780 2039 2849 qui
2083 2789 2260 2834 morte
2312 2787 2545 2835 mortem
2601 2782 2855 2846 necavit,
2886 2789 2945 2836 et
2988 2784 3398 2840 resurrectione
3454 2799 3553 2839 sua

1947 2872 2117 2926 vitam
2146 2871 2465 2927 hominibus
2503 2871 2737 2943 largitus
2759 2882 2863 2927 est.
2894 2872 3147 2945 lnerepet
3178 2883 3230 2929 te
3263 2875 3553 2944 Dominus,

1948 2961 2186 3027 diabole,
2205 2962 2320 3032 qui,
2355 2964 2641 3017 concussis
2664 2963 3060 3026 monumentis,
3082 2964 3135 3018 in
3163 2964 3435 3020 infernum
3455 2968 3555 3022 de-

1946 3053 2235 3119 scendens,
2248 3067 2438 3109 omnes
2453 3053 2507 3107 in
2525 3068 2590 3109 eo
2608 3055 2855 3124 captivos
2865 3056 2932 3110 ad
2951 3071 3012 3111 se
3028 3066 3236 3112 tractos
3253 3060 3553 3124 revocavit,

1949 3160 2059 3216 quo
2105 3145 2245 3213 viso,
2273 3145 2547 3216 janitores
2579 3146 2778 3201 inferni
2808 3147 3013 3203 turbati
3051 3158 3202 3216 sunt,
3236 3158 3292 3205 et
3319 3151 3371 3206 in
3415 3152 3556 3209 imas

1955 3237 2217 3292 tenebras
2255 3238 2492 3302 detrusi,
2521 3252 2634 3307 prae
2674 3238 3037 3307 trepidatione
3067 3242 3359 3296 stationem
3398 3257 3553 3299 suam

1948 3328 2642 3400 dereliqueruntJncrepet
2668 3338 2721 3385 te
2748 3329 3033 3396 Dominus,
3066 3331 3298 3398 diabole,
3320 3348 3350 3387 a
3380 3347 3556 3391 morte

1949 3436 2243 3503 resurgens
2255 3423 2506 3478 Christus
2519 3420 2664 3479 Deus
2678 3433 2887 3482 noster.
2902 3423 3118 3478 cunctis
3133 3416 3555 3483 resurrectionis

1947 3515 2295 3585 privilegium
2332 3516 2583 3584 largitus.
2620 3514 2871 3585 increpet
2899 3524 2951 3570 te
2993 3517 3281 3584 Dominus,
3310 3518 3554 3584 diabolo,

1948 3610 2040 3680 qui
2069 3612 2137 3664 ad
2168 3611 2386 3665 Patrem
2416 3625 2540 3666 cum
2572 3610 2745 3681 gloria
2788 3612 2839 3664 in
2876 3610 3051 3666 caelos
3083 3611 3356 3677 ascendit,
3392 3620 3449 3666 et
3496 3612 3552 3666 in

1904 3700 2174 3754 xdextera
2208 3698 2514 3767 majestalis
2546 3700 2598 3754 in
2622 3704 2822 3755 throno
2845 3700 3034 3771 gloriae
3069 3702 3246 3759 sedet.
3298 3700 3549 3774 lncrepet

1952 3798 2004 3845 te
2034 3790 2319 3856 Dominus,
2361 3790 2601 3856 diabole,
2636 3807 2827 3846 rursus
2852 3808 2974 3847 cum
3006 3792 3178 3863 gloria
3224 3794 3277 3847 in
3312 3795 3552 3850 nubibus

1950 3881 2097 3947 caeli,
2125 3896 2247 3936 cum
2278 3883 2489 3939 sanctis
2514 3884 2724 3954 angelis
2746 3884 2859 3938 suis
2884 3886 3042 3939 vivos
3081 3893 3138 3940 et
3183 3894 3429 3941 mortuos
3454 3888 3549 3957 jn-

1953 3972 2257 4028 dicaturus.
2290 3972 2539 4043 Increpet
2572 3984 2624 4029 te
2674 3975 2960 4041 Dominus,
2995 3977 3232 4043 diabole,
3265 3979 3359 4049 qui
3392 3982 3552 4035 ineat»

1951 4063 2320 4134 stinguibilem
2352 4064 2555 4133 ignem,
2583 4074 2639 4119 et
2681 4063 2983 4135 insopitum
3013 4080 3276 4133 vermem,
3310 4078 3367 4122 et
3399 4079 3554 4125 tene-

1950 4154 2082 4210 bras
2104 4156 2429 4219 exteriores,
2457 4156 2511 4210 in
2549 4165 2814 4211 aeternam
2847 4158 3258 4213 damnationem
3287 4160 3382 4214 tibi
3410 4177 3551 4231 prae-

1949 4249 2185 4317 paravit.
2220 4246 2472 4319 lncrepet
2500 4258 2551 4303 te
2584 4248 2869 4317 Dominus,
2899 4248 3140 4313 diabole,
3170 4266 3197 4303 a
3239 4251 3399 4319 cujus
3436 4256 3554 4307 vir-

1952 4343 2083 4397 tutis
2120 4340 2263 4397 l'acie
2311 4352 2508 4397 cuncta
2551 4350 2794 4398 tremunt
2848 4352 2905 4397 et
2943 4355 3358 4413 expavescunt,
3416 4348 3543 4417 quia

1951 4434 2329 4489 intolerandus
2368 4442 2453 4488 est
2492 4434 2782 4489 adversum
2821 4443 2874 4489 te
2903 4436 3394 4492 comminationnm
3428 4441 3550 4509 ejus

1952 4525 2126 4581 furor.
2177 4526 2295 4597 Ipse
2324 4524 2587 4607 Dominus
2622 4535 2674 4581 te
2724 4526 2995 4595 increpat,
3038 4526 3276 4595 diabole,
3312 4545 3410 4600 per
3440 4540 3548 4586 tre-

249 4636 338 4675 σοι
369 4618 597 4689 Κύριος,
620 4617 857 4681 διάϐολε,
882 4620 910 4672 6
942 4619 1004 4672 τὸ
1027 4617 1141 4691 πῦρ
1161 4618 1225 4674 τὸ
1253 4618 1543 4685 ἄσϐεστον,
1581 4621 1680 4675 καὶ
1702 4621 1843 4675 σκώ-

1954 4618 2208 4673 mendum
2256 4632 2460 4673 nomen
2503 4634 2661 4673 suum
2696 4636 2709 4673 :
2742 4616 2933 4685 treme,
2983 4628 3179 4684 treme,
3217 4634 3546 4691 exparesce.

248 4710 401 4784 ληκα
421 4710 512 4764 τὸν
529 4710 858 4780 ἀκοίμητον,
877 4711 975 4764 καὶ
1000 4710 1197 4774 σκότος
1226 4712 1287 4764 τὸ
1320 4710 1591 4784 ἐξώτερον
1621 4715 1847 4785 ἑτοιμά-

250 4819 359 4868 σας
410 4819 492 4856 σοι
562 4802 643 4865 είς
707 4801 931 4856 αἰώνιον
987 4802 1237 4857 κόλασιν.
1316 4804 1681 4876 Ἐπιτιμήσαι
1763 4825 1847 4861 σοι

249 4894 487 4965 Κύριος,
504 4893 747 4960 διάὸολε,
772 4894 832 4948 ὃν
871 4895 1053 4949 πάντα
1099 4894 1321 4966 φρίσσει
1362 4897 1457 4950 καὶ
1494 4898 1693 4969 τρέμει
1739 4900 1849 4953 ἀπὸ

251 4984 556 5057 προσώπου
578 4986 866 5057 δυνάμεως
883 4986 1052 5040 αὑτοῦ
1073 5027 1089 5052 ,
1124 4988 1206 5041 ὅτι
1233 4987 1551 5061 άστεκτοςή
1576 4992 1717 5065 όργὴ
1747 4992 1848 5063 τῆς

250 5079 352 5133 επὶ
382 5079 441 5133 σὲ
464 5080 697 5150 ἀπειλῆς
746 5079 937 5133 αὑτοῦ.
980 5080 1155 5144 Αὐτὸς
1190 5081 1424 5153 ἐπιτιμᾷ
1468 5100 1553 5135 σοι
1609 5083 1843 5155 Κύριος,

248 5170 493 5236 διάὸολε,
525 5172 615 5225 διά
642 5171 735 5225 τοῦ
764 5171 1004 5244 φοϐεροῦ
1036 5171 1207 5225 αὐτοῦ
1258 5172 1532 5244 ὀνόματος
1558 5189 1573 5204 ’
1624 5176 1845 5246 φρίξον,

236 5258 549 5337 ’τρόμαξοδη
601 5263 912 5336 φοϐήθητι,
962 5263 1345 5335 ἀναχώρησον,
1392 5265 1845 5341 ἐξολοθρεύθητι,

252 5356 631 5429 φυγαδεύθητι
660 5358 690 5410 6
721 5356 906 5412 πεσὼν
934 5356 1253 5428 οὐρανόθεν,
1296 5358 1392 5410 καὶ
1426 5359 1523 5412 σὺν
1550 5360 1633 5413 σοὶ
1667 5361 1851 5417 πάντα

251 5449 323 5503 τά
342 5449 559 5519 πονηρά
581 5448 898 5519 πνεύματα,
927 5450 1038 5501 πᾶν
1065 5448 1288 5518 πνεῦμα
1314 5465 1449 5517 πονη
1461 5448 1577 5519 ρδν,
1623 5451 1851 5523 πνεῦμα

252 5541 572 5610 ἀσελγείας,
622 5541 842 5611 πνεῦμα
893 5541 1185 5612 πονηρίας,
1240 5540 1465 5611 πνεῦμα
1527 5544 1855 5613 νυκτερινὸν

254 5634 353 5687 καὶ
408 5632 709 5704 ήμερινδν,
775 5632 1156 5703 μεσημδρινόν
1232 5650 1292 5686 τε
1357 5634 1455 5687 καὶ¹
1516 5636 1848 5705 ἑσπερινόν

259 5726 480 5797 πνεῦμα
513 5725 931 5797 μεσονυκτικὸν,
958 5724 1181 5795 πνεῦμα
1201 5725 1599 5793 φανταστικὸν,
1625 5726 1853 5798 πνεῦμα

260 5820 601 5885 συναντικδν,
647 5819 757 5871 εἴτε
813 5820 1099 5889 χερσαῖον,
1157 5818 1269 5871 είτε
1323 5817 1570 5887 ἔνυδρον,
1622 5819 1732 5872 εἴτε
1793 5821 1853 5873 ὲν

262 5908 470 5978 άλσοις,
498 5909 609 5965 εἴτε
638 5910 695 5963 ὲν
718 5909 1013 5981 καλάμοις,
1041 5907 1151 5962 εἴτε
1181 5910 1239 5962 ἐν
1292 5909 1586 5981 φάραγξιν,
1627 5908 1740 5964 εἴτε
1792 5911 1850 5964 ὲν

1952 4710 2193 4775 discede,
2224 4710 2539 4780 disperdere
2559 4750 2575 4777 ,
2607 4709 2849 4781 eﬂ'ugare
2871 4751 2886 4775 ,
2918 4711 3009 4779 qui
3041 4726 3072 4767 e
3095 4712 3235 4768 cmlo
3264 4713 3546 4783 decidisti,

1952 4808 2243 4871 tecumque
2272 4800 2492 4871 maligni
2526 4802 2706 4855 cuncti
2739 4801 2969 4871 spiritus
3004 4820 3017 4857 :
3056 4805 3285 4871 spiritus
3317 4804 3547 4874 impuri-

1953 4893 2103 4958 tatis,
2138 4895 2371 4964 spiritus
2427 4894 2702 4965 nequitia,
2757 4896 2983 4964 spiritus
3038 4906 3361 4963 nocturnus,
3394 4900 3549 4954 diur-

1952 4998 2093 5051 nus,
2144 4986 2479 5040 meridianus
2529 4996 2586 5041 et
2658 4988 3036 5056 vespertinus,
3091 4989 3317 5057 spiritus
3358 4993 3552 5048 mediae

1952 5075 2153 5140 noctis,
2201 5077 2425 5145 spiritus
2461 5077 2683 5145 spectri,
2723 5078 2951 5146 spiritus
2986 5092 3286 5135 occurrens
3312 5083 3551 5150 quicun-

1952 5183 2079 5238 que,
2110 5170 2227 5224 sive
2261 5180 2533 5235 terrenus,
2561 5171 2680 5225 sive
2706 5172 2985 5239 aquatilis.
3022 5171 3140 5227 sive
3186 5172 3240 5227 in
3293 5174 3549 5239 saltibus,

1949 5254 2067 5312 sive
2122 5258 2175 5312 in
2226 5257 2471 5323 calamis,
2516 5260 2631 5314 sive
2666 5261 2719 5313 in
2752 5260 3110 5329 convallibus,
3132 5263 3249 5318 sive
3297 5266 3349 5318 in
3390 5264 3553 5321 biviis
3608 5250 3613 5251 ί

1952 5360 2008 5406 et
2041 5352 2238 5414 triviis,
2272 5352 2325 5406 in
2358 5353 2607 5418 lacubus,
2632 5352 2684 5407 in
2706 5352 2880 5409 ﬂuviis
2901 5397 2916 5421 ,
2944 5356 2995 5408 in
3034 5356 3310 5425 domibus,
3341 5358 3395 5413 iu
3432 5360 3553 5415 bal-

1956 5446 2073 5501 neis
2102 5447 2296 5501 solitus
2325 5447 2658 5511 discurrere,
2695 5456 2757 5500 ut
2786 5447 3063 5503 hominem
3096 5448 3277 5518 laedat,
3313 5461 3371 5507 et
3400 5468 3556 5510 men-

1956 5545 2065 5591 tem
2094 5539 2215 5609 ejus
2242 5541 2543 5609 perturbet.
2579 5537 2701 5594 Uno
2726 5541 2897 5594 verbo
2936 5542 3004 5597 ab
3037 5541 3258 5611 npiiicio
3286 5548 3554 5601 creatoris

1957 5631 2160 5687 Christi
2207 5633 2302 5687 Dei
2335 5634 2506 5688 nostri
2532 5632 2820 5697 discedite,
2865 5650 2894 5687 a
2932 5650 3096 5691 servo
3143 5636 3239 5692 Dei
3276 5641 3449 5693 nostri
3479 5639 3549 5694 N.

1956 5724 2310 5793 separemini,
2352 5740 2381 5777 a
2433 5735 2636 5790 tuente,
2667 5726 2737 5778 ab
2774 5726 2986 5793 anima,
3037 5744 3066 5781 a
3113 5729 3299 5795 corde,
3331 5746 3363 5784 a
3402 5734 3552 5787 reni-

1957 5818 2081 5884 bus,
2116 5818 2455 5884 asensibus,
2504 5818 2576 5873 ab
2626 5821 2879 5877 omnibus
2944 5821 3230 5889 membris,
3263 5833 3322 5877 ut
3371 5824 3556 5881 salvus

1960 5910 2052 5978 sit,
2086 5920 2140 5967 et
2174 5910 2487 5979 incolumis,
2521 5922 2573 5967 et
2610 5912 2787 5979 liber;
2820 5914 3213 5988 propriumque
3265 5915 3557 5976 Dominum
