4204 6500
719 483 859 542 1067
1506 465 2070 527 SUPPLEMENTUM
2109 466 2200 522 AD
2235 466 2290 520 S.
2323 466 2373 520 J.
2416 459 2905 518 CIIRYSOSTOMI
2946 460 3201 519 OPERA.
3855 466 3992 523 1068

719 609 774 653 et
806 594 1148 652 conditorem
1180 587 1426 644 omnium
1463 586 1650 651 Deum,
1684 585 1775 654 qui
1812 595 2061 638 errantes
2111 584 2177 636 ad
2235 597 2296 637 se
2325 593 2368 645 Α

2325 593 2368 645 Α
2399 579 2592 642 διόδοις
2641 581 2739 632 καὶ
2787 578 3041 646 τριόδοις,
3080 581 3138 631 ὲν
3181 578 3422 648 λίμναις,
3462 579 3554 632 καὶ
3595 581 3653 633 ἐν
3699 587 3984 655 ποταμοῖς,

723 696 938 743 revocat
966 694 1019 739 et
1048 681 1290 750 colligit,
1314 679 1505 747 eisque
1543 676 1733 741 salutis
1759 676 1975 744 signum
2003 689 2098 744 per
2135 688 2292 743 rege-
2352 670 2364 690 ‘

2352 670 2364 690 ⁸
2397 677 2456 729 ὲν
2485 674 2679 736 οἴκοις,
2701 675 2760 726 ἐν
2793 671 3010 736 αὐλαῖς,
3046 673 3142 724 καὶ⁵
3183 674 3240 725 ἐν
3277 670 3586 742 βαλανετοις
3636 663 3988 746 παρατρέχον

721 779 1056 835 nerationem
1091 782 1142 828 et
1180 771 1584 828 renovationem
1623 769 1796 824 sancti
1829 767 2170 835 baptismatis
2197 766 2296 820 im-

2397 766 2494 820 καὶ
2535 765 2795 836 βλάπτον,
2826 764 2920 816 καὶ
2951 762 3200 816 ἀλλοιοῦν
3228 763 3321 818 τὸν
3364 762 3492 818 νοῦν
3534 763 3629 817 τοῦ
3675 765 3987 836 ἀνθρώπου.

719 870 953 942 pertitur
973 907 989 935 ,
1020 874 1280 937 agnoscat
1311 881 1323 918 :
1357 870 1413 916 et
1448 861 1699 926 illibatis,
1730 857 2069 923 coelestibus,
2105 866 2158 912 et
2190 867 2298 912 tre-

2397 859 2691 928 Συντόμως
2747 858 3144 926 ἀναχωρήσατε
3199 855 3310 910 ἀπὸ
3352 856 3448 910 τοῦ
3505 844 3987 928 πλάσματοςτοῦ

720 945 932 1015 mendis
985 957 1103 1027 eius
1162 955 1434 1025 mysteriis
1493 953 1684 1022 dignus
1742 950 1855 1016 ﬂat,
1896 963 2135 1019 veroque
2181 949 2298 1018 ejus

2398 951 2741 1024 δημιουργοῦ
2786 948 3032 1021 Χριστοῦ
3070 949 3168 1004 τοῦ
3200 949 3337 1004 Θεοῦ
3369 949 3548 1020 ἡμῶν,
3596 952 3693 1006 καὶ
3743 952 3989 1007 ἀπαλλά-

719 1048 846 1104 ovili
893 1048 947 1102 in
973 1046 1242 1116 refrigerii
1276 1046 1416 1108 loco,
1450 1059 1614 1112 super
1647 1058 1818 1113 aquas
1849 1042 2049 1113 quietis
2085 1042 2296 1096 enutri-

2399 1042 2568 1113 χθητε
2598 1041 2708 1096 ἀπὸ
2755 1040 2846 1097 τοῦ
2893 1041 3086 1095 δούλου
3131 1038 3227 1094 τοῦ
3258 1040 3398 1094 Θεοῦ
3446 1041 3625 1106 τοῦδε,
3683 1044 3792 1098 ἀπὸ
3843 1044 3984 1110 νοὸς,

721 1149 829 1203 tus,
853 1146 909 1192 et
935 1136 1114 1193 crucis
1162 1136 1310 1206 virga
1365 1147 1557 1188 secure
1585 1131 1807 1202 pecudis
1841 1143 1990 1184 more
2032 1129 2295 1183 deductus

2403 1135 2512 1191 ἀπὸ
2543 1136 2642 1204 τῆς
2666 1133 2865 1205 ψυχῆς,
2895 1133 3004 1188 ἀπὸ
3032 1133 3131 1205 τῆς
3168 1132 3414 1203 καρδίας,
3465 1133 3574 1187 ἀπὸ
3600 1133 3710 1187 τῶν
3745 1135 3985 1207 νεφρῶν,

720 1229 964 1294 uniatur,
999 1227 1052 1282 in
1079 1226 1450 1281 remissionem
1470 1234 1838 1292 peccatorum,
1867 1233 1921 1276 et
1947 1221 2114 1274 vitam
2139 1228 2300 1274 aeter-

2403 1223 2515 1278 ἀπὸ
2543 1225 2650 1278 τῶν
2679 1224 3012 1294 αἰσθήσεων,
3047 1223 3157 1278 ἀπὸ
3197 1224 3420 1278 πάντων
3449 1223 3560 1276 τῶν
3605 1224 3807 1294 μελῶν,
3849 1227 3987 1298 πρὸς

723 1334 868 1373 nam.
892 1316 1028 1384 Quia
1063 1317 1319 1372 convenit
1342 1316 1393 1370 ei
1424 1315 1602 1370 omnis
1625 1314 1818 1384 gloria,
1851 1314 2051 1377 honor,
2083 1320 2136 1367 et
2168 1311 2298 1364 ado-

2405 1315 2466 1368 τδ
2495 1310 2636 1368 εἶναι
2657 1314 2821 1369 αὐτὸν
2851 1313 2981 1385 ὑγιῆ
3034 1314 3127 1368 καὶ
3176 1313 3496 1384 ὀλόκληρον,
3531 1316 3628 1368 καὶ
3676 1316 3984 1390 ἐλεύθερον,

723 1410 884 1474 ratio,
910 1418 969 1464 et
999 1408 1423 1478 magniﬁcentia,
1449 1422 1570 1462 cum
1598 1405 1848 1476 principii
1897 1413 2122 1475 experte
2175 1403 2294 1472 ejus

2406 1405 2843 1474 ὲπιγινώσκοντα
2871 1406 2963 1460 τὸν
2994 1405 3126 1459 ἴδιον
3155 1404 3457 1476 Δεσπότην,
3505 1408 3598 1459 καὶ
3651 1408 3987 1481 δημιουργὸν

725 1498 923 1566 Patre,
983 1509 1039 1555 et
1094 1500 1470 1564 sanctissimo,
1505 1507 1559 1552 et
1595 1497 1765 1561 bono,
1823 1505 1878 1552 et
1931 1496 2146 1551 viviﬂco
2182 1493 2300 1564 ejus

2404 1499 2496 1552 τὸν
2529 1500 2787 1554 ἁπάντων
2821 1497 2978 1564 Θεὸν,
3021 1499 3115 1553 τὸν
3155 1499 3564 1567 ἑπισυνάγοντα
3606 1503 3732 1565 τοὺς
3771 1503 3985 1556 πεπλα-

726 1592 940 1660 Spiritu
975 1610 990 1646 :
1024 1606 1166 1648 nunc
1197 1600 1253 1648 et
1281 1606 1518 1663 semper,
1552 1601 1604 1646 ct
1641 1592 1694 1646 in
1725 1589 1923 1647 smeula
1957 1589 2298 1645 saeculorum.

2409 1590 2699 1662 νημένους,
2755 1591 2854 1644 καὶ
2902 1590 3115 1646 διδόντα
3165 1592 3353 1654 αὐτοῖς
3397 1592 3675 1662 σφραγίδα
3712 1595 3987 1667 σωτηρίας

722 1683 915 1738 Amen.
2410 1682 2499 1737 διὰ
2533 1685 2633 1754 τῆς
2668 1685 2979 1754 γεννήσεως
3003 1683 3099 1737 καὶ
3131 1683 3534 1747 ἀνακαινίσεως
3566 1684 3661 1738 τοῦ
3703 1686 3849 1740 θείου
3888 1686 3987 1758 βα-

723 1776 1053 1848 πτίσματος,
1084 1778 1164 1842 είς
1187 1778 1246 1832 τὸ
1269 1778 1677 1849 καταξιωθῆναι
1708 1779 1870 1832 αὐτὸν
1902 1777 2011 1832 τῶν
2042 1778 2347 1850 ἀχράντων,
2387 1778 2483 1831 καὶ
2512 1777 2877 1850 ἐπουρανίων,
2908 1778 3001 1831 καὶ
3041 1776 3289 1850 φρικτῶν
3327 1776 3494 1831 αὐτοῦ
3527 1781 3866 1851 μυστηρίων,
3893 1782 3987 1836 καὶ

724 1873 1087 1948 ινωθῆναιτῇ
1133 1875 1298 1930 αὑτοῦ
1355 1877 1560 1950 ποίμνῃ
1606 1879 1674 1949 τῇ
1722 1877 1952 1949 ἀληθινῇ
2033 1880 2114 1942 είς
2163 1879 2329 1932 τόπον
2366 1878 2530 1950 χλόης
2596 1878 3072 1948 κατασκηνοῦντα,
3119 1878 3212 1933 καὶ
3252 1879 3346 1932 ἐπὶ
3385 1877 3578 1942 ὓδατος
3622 1877 3988 1939 ἀναπαύσεως

725 1966 1153 2038 ἐπιτρεφόμενον,
1211 1969 1305 2023 καὶ
1360 1970 1465 2024 ὑπὸ
1538 1971 1843 2044 βακτηρίας
1903 1971 1998 2026 τοῦ
2047 1971 2285 2043 σταυροῦ
2327 1973 2705 2044 ποιμαντικῶς
2744 1973 2841 2027 κα)⁹
2889 1972 3152 2041 ἀσφαλῶς
3197 1969 3585 2043 δδηγοῦμενον,
3644 1973 3724 2035 εἰς
3788 1969 3986 2038 ἄφεσιν

726 2057 1014 2136 ἁμαρτιῶν
1047 2061 1143 2113 καὶ
1172 2061 1249 2123 είς
1275 2060 1422 2133 ζωὴν
1444 2061 1686 2117 αἰώνιον.
1741 2065 1862 2118 ’Ότι
1908 2064 2058 2135 αὐτῷ
2093 2065 2293 2136 πρέπει
2332 2066 2481 2119 πᾶσα
2521 2063 2667 2131 δόξα,
2737 2064 2894 2136 τιμὴ,
2928 2065 3024 2119 καὶ
3086 2064 3480 2137 προσκύνησις,
3515 2063 3610 2117 καὶ
3642 2060 3988 2134 μεγαλοπρέο

726 2166 880 2218 πεια,
903 2151 1002 2206 σὺν
1025 2151 1104 2224 τῷ
1133 2153 1358 2226 ἀνάρχῳ
1380 2156 1546 2210 αὐτοῦ
1571 2157 1770 2230 Πατρὶ,
1805 2157 1996 2228 καὶτῷ
2029 2158 2301 2230 παναγίῳ,
2345 2159 2439 2214 καὶ
2501 2157 2715 2230 ἀγαθῷ,
2742 2159 2840 2212 καὶ
2872 2155 3126 2228 ζωοποιῷ
3194 2157 3360 2213 αὐτοῦ
3403 2155 3717 2227 Πνεύματι·
3764 2154 3863 2210 νῦν
3891 2152 3988 2208 καὶ

725 2240 833 2309 ἀεὶ,
857 2242 953 2296 καὶ
978 2245 1060 2310 είς
1080 2246 1206 2311 τοὺς
1223 2247 1429 2313 αἰῶνας
1451 2249 1557 2304 τῶν
1589 2250 1820 2305 αἰώνων.
1860 2251 2051 2323 Ἀμήν.
