4204 6472
693 382 824 440 1071

679 952 1097 1020 Aristophanes,
1133 953 1184 1004 iu
1218 953 1398 1021 eqtit.
1431 953 1518 1006 80.

681 1045 1022 1114 Aristoteles,
1046 1043 1136 1096 68.
1531 1078 1544 1088 -

681 1135 932 1197 Basilius,
963 1136 1018 1198 2,
1051 1134 1106 1196 7,
1140 1134 1231 1198 2|,
1269 1133 1360 1198 48,
1388 1133 1479 1196 57,
1513 1133 1601 1198 72,
1631 1134 1722 1188 77.

679 1223 1070 1289 Callimachus,
1102 1225 1195 1289 65,
1225 1224 1318 1290 85,
1352 1224 1441 1291 90,
1477 1225 1592 1280 157.

679 1319 1126 1386 Chrysostornus,
1152 1319 1208 1373 2.

678 1410 940 1479 Cyrillus,
969 1411 1025 1465 2.

684 1503 1058 1572 Erupedocles,
1097 1504 1220 1558 H2.

685 1593 974 1664 Epicurus,
1005 1595 1094 1653 67.

685 1686 946 1752 Calenus,
979 1689 1032 1752 1,
1061 1689 1153 1756 68,
1193 1690 1316 1755 109,
1359 1691 1482 1745 142.

681 1782 911 1850 Gregor.
936 1780 1194 1836 Naziauz.
1240 1783 1540 1854 theologus,
1583 1784 1672 1850 67,
1709 1785 1831 1850 114,
1870 1785 1994 1841 112.

1612 387 1745 446 MC.
1783 390 2058 450 PETREH
2099 393 2441 453 EPISTOLA
2482 398 3058 460 NL'NCUPATORIA.

3824 414 3965 470 1072

684 501 1023 572 praecise-iv.
1049 501 1258 557 Prodiit
1292 512 1500 556 tantum
1537 503 1731 560 Latine
1761 507 1952 563 Venet.
2011 525 2057 564 a.
2099 511 2260 575 1552,
2292 511 2348 576 4,
2378 529 2444 570 ex
2481 518 2732 573 versione
2755 517 2872 573 Nic.
2903 519 3130 587 Petreii,
3159 519 3456 592 Corcyra-i.
3493 524 3682 582 Cra'ce
3715 528 3958 587 habetur

680 598 849 651 etiam
889 596 1181 664 aliquoties
1211 611 1315 649 ms.
1372 593 1567 650 Oxonii
1602 597 1652 660 in
1691 599 1820 653 bibl.
1869 598 2076 653 Bodlei.
2111 601 2302 656 (ΣΙ-ιιιεο
2342 605 2516 658 altero
2570 605 2702 659 bibl.
2735 605 3002 663 Caesarea;
3032 610 3221 664 codice
3257 609 3375 682 [19.
3421 610 3483 665 ν.
3542 612 3800 671 Lambec.
3857 617 3958 684 Vl,

681 700 732 755 p.
763 685 870 739 257
900 700 1041 755 seq.,
1067 695 1120 739 et
1150 685 1322 740 altero
1343 687 1396 739 in
1419 687 1540 740 eod.
1575 684 1833 740 Laurent.
1866 686 1964 758 H.]
1996 700 2161 758 caput
2195 706 2339 744 xxxv
2375 691 2440 745 de
2468 693 2647 746 anima
2673 694 2959 764 quintuplo
2991 700 3164 764 majus
3201 700 3465 753 occurrit.
3491 699 3659 756 Fana.

753 777 870 832 lluc
905 780 1160 833 reducam
1189 793 1256 831 ex
1305 778 1412 833 vol.
1446 777 1514 831 IX
1566 789 1673 831 vel.
1712 780 1800 834 ed.
1847 789 1970 848 post
2008 780 2219 849 praefat.
2276 779 2514 836 Iudicem
2542 785 2882 851 scriptorum,
2909 788 3001 855 qui
3046 789 3284 842 citantur
3319 807 3352 843 α
3394 791 3605 846 Meleu'a
3631 793 3687 844 in
3716 794 3852 850 libro
3885 796 3958 851 da

678 874 950 918 structura
980 865 1209 919 hominis
1233 881 1263 918 a
1293 864 1544 920 Fabricio
1570 871 1956 923 concinnatum
1989 869 2054 922 ad
2082 869 2312 941 paginas
2333 873 2466 927 edit.
2511 873 2729 928 Veneta:
2760 875 2920 940 1552,
2954 876 3010 930 4.

2365 961 2662 1026 Gregorius
2687 961 2985 1033 Nyssenus,
3015 964 3068 1028 2,
3101 963 3190 1032 10,
3227 966 3352 1032 111,
3386 966 3507 1023 HO.

2368 1052 2543 1108 Graeci
2578 1066 2872 1124 nugantur,
2908 1055 2994 1110 10.

2370 1145 2654 1210 Hesiodus,
2695 1147 2784 1209 59,
2813 1147 2901 1203 91.

2372 1235 2653 1301 Homerus,
2713 1238 2766 1301 9,
2798 1237 2888 1298 20.
2946 1239 3039 1304 29,
3071 1241 3160 1306 51,
3201 1241 3292 1306 61,
3324 1242 3416 1307 65,
3459 1244 3548 1307 66,
3583 1245 3673 1310 72,
3715 1245 3809 1314 75,
3855 1246 3954 1312 74,

2439 1325 2531 1392 85,
2563 1326 2652 1393 88,
2708 1327 2798 1394 89,
2851 1329 3101 1398 95,106,
3159 1331 3282 1400 109,
3332 1333 3614 1402 110,120,
3656 1336 3782 1404 121,
3815 1337 3952 1406 127,

2439 1417 2562 1479 129,
2601 1417 2723 1472 156.
2760 1419 2951 1486 Poeta,
2980 1421 3070 1476 80.

2364 1505 2582 1576 Lycopb
2592 1523 2712 1575 ron,
2746 1509 2834 1565 85.

2371 1599 2637 1655 Pindarus
2664 1602 2716 1655 in
2749 1603 3136 1675 Dithyrambis,
3167 1606 3257 1662 86.

2371 1692 2543 1758 Plato,
2573 1695 2667 1758 25,
2706 1695 2797 1750 27.
2823 1695 3051 1761 Timazo,
3087 1699 3175 1754 57.

2373 1783 2626 1840 Socrates
2651 1787 2718 1840 de
2745 1787 2983 1843 hominis
3023 1800 3215 1844 natura
3242 1792 3406 1862 (apud
3439 1795 3674 1863 Platon.)
3701 1798 3750 1850 l.
3774 1797 3952 1854 Han.

754 1874 1047 1937 Incertum,
1105 1877 1422 1930 diversusne
1453 1879 1522 1931 ab
1573 1878 1676 1934 hoc
1729 1880 1796 1933 sit
1838 1879 2120 1943 Meletius,
2150 1879 2216 1935 ad
2263 1892 2424 1949 quam
2457 1877 2727 1933 Theodori
2784 1879 3016 1936 Studitre
3041 1883 3286 1951 epistola:
3320 1897 3615 1956 supersunt
3657 1888 3801 1942 inter
3835 1890 3956 1943 ine-

680 1963 822 2014 tlitas
853 1962 973 2016 illas
1001 1963 1130 2026 277,
1163 1981 1323 2034 quas,
1360 1965 1651 2021 Sirmondo
1700 1968 1838 2022 haud
1876 1969 2040 2032 visas,
2076 1977 2259 2020 servat
2303 1967 2474 2022 codex
2509 1966 2637 2020 bibl.
2677 1967 3072 2036 Seguierianaa.
3116 1969 3284 2025 Fluxa.
3327 1970 3394 2028 V.
3432 1973 3733 2030 Montl’auc.
3800 1975 3948 2032 Bibl.

684 2045 906 2106 Coislin.
944 2068 996 2120 p.
1039 2053 1154 2117 N7,
1187 2054 1310 2116 M9,
1342 2055 1470 2118 517,
1510 2056 1650 2122 320;
1678 2066 1730 2110 et
1759 2054 1985 2111 Bandin.
2016 2054 2139 2110 Cat.
2171 2057 2329 2112 codd.
2367 2053 2462 2110 Gr.
2494 2053 2660 2111 Laur.
2694 2055 2781 2118 lll,
2824 2075 2876 2125 p.
2909 2058 3041 2113 284.
3076 2057 3250 2113 llum.

690 2230 3926 2258 .__.__..___________._.______________________________

1103 2370 1519 2446 NICULAI
1602 2370 2010 2445 PETREII
2090 2367 2599 2446 EPISTOLA
2691 2367 3501 2446 NUNCUPATORIA

1597 2564 1876 2610 amnem
1929 2565 2196 2609 vanam:
2249 2564 2404 2610 mm
2479 2546 2630 2610 1552
2694 2563 3000 2608 ΡῐίᾸίῙ-ῚΧΔ..

753 2713 1060 2783 Philippum
1101 2713 1252 2767 illum
1301 2711 1654 2768 Macedonum
1703 2729 1901 2782 regem.
1961 2713 2258 2770 Alexandri

682 2817 910 2875 patrem,
941 2806 1032 2874 qui
1076 2821 1172 2874 pro
1226 2806 1390 2860 rebus
1423 2822 1454 2860 a
1487 2821 1544 2860 se
1577 2808 1834 2870 praeclare
1879 2807 2048 2873 gestis
2078 2806 2258 2869 Magni

681 2915 880 2954 nomen
913 2900 1096 2953 sortiri
1123 2901 1320 2952 meruit
1346 2940 1361 2962 ,
1387 2899 1535 2953 Sauli
1564 2899 1864 2954 Pra-sulum
1884 2901 2256 2967 celeberrime,

680 3008 806 3048 cum
882 2990 1143 3060 temporis
1229 2989 1333 3044 sibi
1408 2990 1752 3044 occasionem
1826 2991 2250 3059 exspectandam

679 3090 916 3150 putaret,
939 3081 1120 3149 quoin
1154 3093 1213 3134 se
1243 3078 1594 3148 promeritam
1621 3078 1779 3147 digna
1809 3079 2057 3134 conferre
2090 3080 2255 3134 bene-

684 3173 802 3228 licia
842 3182 1045 3243 posset,
1099 3172 1244 3242 quod
1307 3172 1459 3225 illum
1513 3171 1665 3238 prius
1713 3179 1944 3224 mortem
2003 3180 2257 3241 oppetere

679 3264 1017 3334 contigisset,
1077 3279 1239 3333 quam
1292 3279 1321 3316 a
1359 3277 1419 3316 se
1464 3261 1624 3331 titgna
1654 3278 1753 3331 pro
1792 3264 2002 3318 meritis
2037 3268 2258 3333 praemia

681 3358 972 3428 acciperet,
1002 3357 1369 3426 illacrymasse
1419 3354 1622 3417 ferunt,
1651 3358 1780 3409 dum
1828 3356 1880 3409 id
1911 3358 2260 3426 magnanimo

683 3450 793 3522 regi
829 3451 986 3518 plane
1009 3448 1367 3502 constaret‘se
1389 3447 1594 3500 nullum
1629 3447 1850 3514 gravius
1875 3446 2105 3510 crimen,
2133 3448 2258 3502 nul-

684 3544 795 3596 lum
809 3540 1180 3596 detestabilius
1192 3554 1356 3610 quam
1373 3537 1778 3607 ingratitudinis
1792 3539 1977 3592 subire
1991 3539 2254 3606 patuisse.

683 3633 860 3699 Quod,
907 3647 1031 3687 cum
1083 3631 1307 3700 ubique,
1359 3638 1524 3698 atque
1570 3630 1711 3697 apud
1750 3644 1943 3684 omnes
1997 3631 2256 3686 mortales

683 3725 1024 3781 intolerabile
1065 3723 1235 3778 videri
1290 3723 1501 3786 debeat,
1549 3721 1695 3790 justa
1760 3723 1978 3790 quidem
2027 3724 2257 3790 ratione,

684 3817 825 3886 apud
854 3815 1238 3877 Athenienses,
1287 3816 1338 3866 in
1375 3813 1620 3867 omnium
1651 3813 1910 3867 virtutum
1947 3829 2011 3868 ac
2057 3814 2260 3868 doctrio

685 3923 878 3963 narum
929 3921 1124 3977 genere
1178 3905 1981 3975 praestantissimos,publicam
2030 3906 2261 3975 hujusce

685 4002 764 4055 rei
810 4001 1079 4055 actionem
1130 3999 1481 4052 constitutam
1529 3997 1701 4052 fuisse
1733 3998 2090 4064 crediderim;
2130 4015 2256 4052 nam

684 4094 778 4162 qui
845 4091 911 4146 de
959 4106 1017 4145 sc
1061 4091 1197 4144 bene
1248 4089 1461 4152 merito,
1523 4090 1681 4142 talem
1734 4088 1936 4144 referre
1995 4091 2257 4159 gratiam,

685 4181 1123 4251 qualemcunque
1165 4195 1258 4249 per
1310 4194 1369 4234 se
1415 4188 1609 4249 potest,
1660 4181 1902 4250 negligit,
1946 4182 2061 4249 ipse
2099 4183 2258 4250 inops

689 4287 949 4328 sensuum
995 4285 1056 4324 ac
1112 4270 1272 4338 plane
1333 4270 1738 4340 ingratissimus
1787 4271 1980 4325 merito
2033 4286 2262 4325 censen-

687 4366 789 4420 dus
829 4373 932 4419 est.
976 4361 1100 4418 Haec
1141 4362 1272 4416 mibi
1313 4361 1512 4431 saepius
1550 4377 1761 4417 meeum
1793 4364 2018 4433 agitanti
2049 4379 2174 4418 eum
2208 4364 2262 4416 in

687 4455 1007 4509 memoriam
1060 4453 1387 4507 adducerem
1437 4461 1641 4519 quanta
1701 4452 1812 4506 sint
1863 4468 1986 4522 qure
2045 4454 2098 4505 in
2154 4468 2262 4515 me,

683 4547 814 4601 dum
850 4545 1033 4600 Roma:
1075 4559 1276 4610 essem,
1331 4557 1431 4612 pro
1456 4549 1548 4597 tua
1605 4543 1870 4612 singulari
1932 4544 2266 4598 humanitate

690 4637 950 4692 beneﬁcia
987 4637 1302 4700 contuleris,
1334 4643 1711 4706 quantumque
1770 4637 1867 4691 tibi
1893 4652 1978 4691 me
2019 4635 2088 4691 ob
2113 4647 2264 4690 tuam

690 4730 745 4783 in
778 4745 864 4782 me
892 4729 1322 4782 benevolentiam
1367 4729 1645 4799 perpetuis
1691 4730 2030 4798 temporibus
2073 4730 2266 4784 devin-

689 4832 834 4875 ctum
871 4827 1326 4888 auctoratumque
1358 4818 1677 4883 reddideris,
1712 4821 1862 4874 nullo
1895 4835 2001 4873 non
2023 4829 2268 4890 tempore

690 4911 823 4965 mihi
883 4910 1234 4982 cogitandum
1284 4911 1491 4979 putavi,
1557 4926 1667 4980 quo
1718 4922 1878 4980 pacto
1914 4912 2010 4966 tibi
2061 4913 2266 4982 aliquid

690 5003 879 5071 gratia:
931 5018 1212 5072 reponam,
1266 5019 1333 5058 nc
1392 5018 1511 5066 me,
1557 5005 1700 5073 quod
1747 5015 2006 5073 perpetuo
2061 5007 2269 5074 turpis-

693 5097 892 5150 simum
927 5095 1200 5158 ducerem,
1222 5096 1419 5165 ingrati
1445 5112 1596 5149 reum
1625 5112 1932 5166 perageres.
1961 5096 2023 5148 Et
2047 5098 2266 5165 quidem

691 5203 815 5242 cum
853 5187 1241 5256 inrprznsentia,
1293 5187 1565 5242 Meletium
1611 5186 1993 5255 philosophum
2023 5189 2088 5241 de
2133 5195 2271 5240 strtt—

689 5291 846 5335 ctura
902 5289 1203 5349 naturaque
1244 5281 1498 5345 hominis,
1535 5279 1746 5349 insigne
1797 5281 1998 5350 alioqui
2039 5283 2267 5348 hujusce

693 5372 1034 5426 tractationis
1070 5387 1207 5440 opus
1227 5414 1241 5438 ,
1263 5373 1508 5442 pluribus
1535 5373 1733 5446 abhinc
1764 5373 1924 5427 annis
1951 5389 1978 5426 a
2005 5390 2089 5427 me
2117 5374 2264 5427 Lati-

694 5465 864 5520 nitate
895 5465 1177 5526 donatum,
1216 5465 1268 5518 in
1303 5466 1579 5535 publicum
1609 5465 1768 5520 edere
1797 5467 2128 5534 statuissem,
2156 5482 2270 5536 pcr-

697 5557 986 5626 tnnltisqne
1044 5572 1288 5611 meorum
1351 5558 1672 5620 amicorum,
1703 5570 1756 5612 et
1802 5576 1915 5614 sure
1943 5568 1996 5613 et
2023 5563 2268 5623 omnium

696 5647 1068 5703 studiosorum
1112 5650 1330 5703 utilitati
1364 5651 1791 5714 consulentibus,
1827 5652 1918 5720 qui
1955 5651 2115 5706 enixe
2153 5653 2202 5706 id
2241 5670 2269 5705 a

696 5755 782 5794 me
811 5740 1102 5810 impetrare
1154 5743 1567 5806 contenderant,
1602 5743 1871 5813 denegare
1908 5744 2008 5798 hoc
2035 5745 2270 5814 amplius

695 5833 842 5889 nulla
877 5833 1088 5890 ratione
1116 5849 1363 5907 possem,
1395 5835 1596 5906 duplici
1627 5835 1692 5891 de
1725 5852 1888 5892 causa
1926 5845 2030 5891 ture
2074 5838 2270 5908 ampli-

2361 2713 2535 2768 tudini
2595 2714 2697 2768 hoo
2739 2729 2876 2783 opus
2905 2728 3016 2782 pra:
3063 2713 3274 2769 caeteris
3303 2714 3659 2770 dedicandum
3711 2715 3941 2769 censui:

2359 2806 2524 2860 altera
2555 2806 2798 2875 quidem,
2839 2805 2987 2876 quod
3041 2815 3092 2860 te
3122 2806 3394 2860 nemiuem
3427 2807 3593 2859 animi
3636 2806 3944 2872 nobilitate,

2359 2907 2454 2952 aut
2502 2899 2766 2967 probitate
2816 2898 2966 2963 vitae,
3011 2905 3106 2950 aut.
3153 2897 3409 2962 consilio,
3463 2907 3557 2951 aut
3609 2899 3941 2966 optimarum

2359 2991 2557 3045 artium
2620 2992 2905 3058 utriusque
2936 2992 3130 3061 lingua:
3162 2990 3378 3055 studiis,
3429 3000 3523 3045 aut
3569 2992 3715 3044 omni
3747 3008 3944 3062 genere

2359 3079 2536 3134 laudis
2568 3079 2998 3148 pratstantiorem
3051 3096 3172 3135 esse
3221 3079 3391 3134 sciam
3423 3099 3436 3134 :
3465 3097 3697 3151 quorum
3745 3083 3943 3151 gratia,

2361 3187 2462 3226 cur
2486 3172 2698 3235 ell'erre,
2734 3173 2986 3227 laudibus
3013 3173 3210 3227 studiis
3245 3175 3521 3242 prosequi,
3567 3174 3942 3230 benevolentla

2361 3265 2648 3334 complecti
2685 3282 2791 3319 non
2833 3265 3098 3320 debeam?
3153 3265 3320 3318 altera
3373 3281 3526 3325 vero,
3551 3281 3670 3320 cum
3728 3282 3813 3320 me
3844 3265 3940 3319 tibi

2362 3365 2648 3426 tantopere
2673 3356 2871 3411 debere
2918 3357 3313 3418 existimarem,
3352 3367 3412 3409 ut
3443 3356 3588 3409 nulla
3619 3357 3829 3410 ratione
3857 3373 3944 3411 tne

2362 3448 2622 3502 solvendo
2652 3461 2774 3502 esse
2802 3447 3100 3510 crederem,
3123 3447 3225 3502 hoc
3248 3448 3440 3501 saltem
3459 3446 3641 3516 aliqua
3674 3463 3737 3502 ex
3760 3458 3935 3516 parte,

2363 3546 2470 3591 tam
2509 3537 2753 3591 benevoli
2790 3538 2866 3591 tui
2898 3553 3024 3608 erga
3057 3552 3143 3592 me
3179 3537 3347 3590 animi
3383 3537 3556 3591 vicem
3586 3549 3944 3607 repraesenta-

2363 3645 2497 3684 retn.
2534 3628 2667 3684 Nam
2705 3629 2921 3684 tametsi
2961 3630 3164 3699 Optime
3213 3629 3384 3684 sciam
3437 3638 3696 3700 quantam
3727 3646 3941 3691 curam,

2363 3720 2604 3774 studium
2673 3735 2737 3774 ac
2795 3719 3006 3789 vigilias
3060 3718 3115 3772 in
3168 3718 3599 3773 administranda
3654 3719 3800 3774 illius
3850 3734 3943 3774 ee-

2365 3811 2666 3865 leberrima:
2721 3812 2869 3866 urbis
2927 3810 3204 3879 provincia
3249 3824 3513 3878 exponas,
3565 3810 3675 3873 cui,
3737 3821 3808 3876 te,
3851 3827 3939 3865 sa-

2367 3903 2521 3972 piens
2571 3901 2813 3971 pontifex
2869 3917 2934 3956 ac
2995 3901 3411 3964 consideratus,
3467 3917 3567 3956 nec
3617 3902 3940 3957 ambientem

2364 4009 2465 4048 nec
2532 4003 2800 4062 petentem
2856 3993 3130 4063 przel'ecit,
3187 4009 3352 4062 quam
3410 4003 3462 4048 te
3519 3994 3671 4048 obire
3729 4011 3941 4048 summa

2363 4083 2671 4154 prudentia,
2718 4085 2936 4145 virtute,
2994 4084 3224 4138 consilio
3283 4099 3477 4139 omnes
3543 4086 3742 4153 passim
3805 4102 3940 4154 pra:-

2363 4177 2550 4230 tlicant
2602 4195 2615 4230 :
2667 4191 2840 4244 neque
2900 4191 2963 4228 ex
3022 4175 3126 4230 hoc
3177 4176 3438 4244 temporis
3509 4177 3602 4230 tibi
3665 4179 3941 4247 quidpiam

2368 4267 2637 4335 reliquum
2672 4280 2813 4326 eSse,
2847 4264 2990 4334 quod
3026 4266 3395 4334 pra-stantium
3430 4276 3714 4320 auctorum
3759 4268 3944 4323 lectio-

2369 4358 2531 4412 nibus
2588 4357 2670 4428 (ut
2727 4356 3114 4427 consueveras)
3171 4357 3536 4426 irnpendercs,
3595 4367 3774 4414 tamen
3816 4375 3938 4414 curn

2368 4447 2640 4502 Meletiurn
2667 4462 2847 4500 meum
2878 4448 3146 4512 evolvere,
3182 4462 3306 4502 cum
3340 4448 3700 4518 introspicere
3738 4452 3943 4505 consti-

2369 4551 2508 4605 tues,
2547 4550 2598 4595 te
2645 4540 2899 4594 meliores
2938 4540 3146 4616 otii_tui
3176 4540 3338 4594 horas
3373 4540 3426 4594 in
3465 4541 3791 4611 perlegendo
3827 4543 3942 4612 ipso

2368 4634 2741 4709 expositurum
2771 4648 2879 4687 non
2905 4647 3112 4687 vereor.
3139 4630 3188 4687 Is
3211 4634 3378 4697 enim,
3406 4635 3751 4704 magnanime
3767 4634 3939 4699 Sauli,

2371 4727 2838 4782 absolutissimum
2912 4741 3072 4795 opus,
3129 4736 3416 4780 Structurat
3462 4742 3528 4782 ac
3589 4737 3798 4785 natura:
3851 4730 3945 4784 ho-

2370 4823 2531 4878 ruinis
2572 4822 2998 4892 perscripturus,
3046 4835 3236 4874 omnes
3279 4821 3630 4892 antiquorum
3671 4823 3837 4879 libros
3866 4827 3946 4894 (ut

2371 4919 2486 4988 ipse
2534 4918 2600 4971 ad
2647 4916 2732 4970 sui
2781 4916 2962 4984 Operis
2999 4913 3152 4967 initia
3201 4914 3449 4984 testatur)
3479 4915 3582 4968 sibi
3621 4916 3942 4974 evolvendos

2371 5005 2682 5076 proposuit,
2742 5015 2828 5065 ut.
2879 5019 3002 5073 quae
3054 5003 3286 5072 sparsim
3344 5002 3396 5055 in
3447 5019 3636 5056 eorum
3685 5003 3836 5060 libris
3881 5004 3945 5060 de

2372 5099 2588 5153 homine
2618 5096 3035 5165 comprehensa,
3084 5110 3182 5148 nec
3224 5095 3479 5150 absolute
3511 5097 3780 5165 explicata
3828 5096 3943 5152 lue-

2375 5199 2519 5254 rant,
2570 5189 2623 5242 in
2677 5187 2842 5241 unius
2897 5186 3077 5254 operis
3118 5185 3316 5240 seriem
3374 5187 3770 5256 redigerentur.

2444 5283 2525 5334 Ab
2552 5279 2836 5335 elementis
2881 5279 3064 5349 itaque
3099 5277 3288 5332 mundi
3317 5293 3569 5340 exorsus,
3603 5281 3670 5333 ad
3702 5283 3947 5351 corporis

2376 5377 2642 5430 elementa
2691 5373 3062 5444 progrediens,
3114 5389 3223 5443 quo
3269 5382 3430 5442 pacto
3475 5373 3580 5428 hoc
3626 5373 3827 5428 animal
3872 5377 3948 5445 gi-

2378 5470 2560 5537 gnitur
2598 5468 3030 5535 alimentumque
3064 5465 3252 5529 sumit,
3301 5480 3366 5519 ac
3396 5475 3530 5533 quot
3574 5465 3762 5519 vitales
3799 5476 3949 5519 tratu-

2380 5561 2628 5631 ralesque
2647 5578 2709 5614 ae
2737 5561 3000 5614 animales
3025 5559 3310 5614 facultates
3329 5574 3460 5614 suas
3484 5559 3535 5613 in
3567 5561 3684 5628 ipso
3713 5548 3949 5614 actimws

2378 5654 2692 5718 ostendunt,
2723 5651 3006 5722 perspicue
3023 5652 3282 5708 declarat.
3306 5651 3467 5715 Tum,
3490 5652 3805 5720 priusquam
3829 5668 3947 5706 eor-

2379 5745 2529 5815 poris
2556 5755 2738 5814 partes
2770 5744 3087 5814 singillatim
3118 5745 3395 5812 explicare
3419 5743 3785 5814 aggrediatur,
3816 5758 3948 5813 quo-

2381 5837 2541 5896 modo
2597 5853 2748 5891 lllL‘llS
2789 5852 2884 5907 per
2920 5852 3112 5892 sensus
3153 5845 3298 5907 agat,
3339 5836 3470 5907 quid
3524 5835 3712 5906 triplex
3763 5835 3950 5892 anima
