4204 6460
279 412 422 470 1073
1560 407 1885 470 ευιτοιιιδ

1939 412 2286 472 MONITUI.
3441 413 3577 470 {0N

284 523 516 582 facultas
562 521 668 588 sit,
711 537 962 592 necnon,
1023 531 1162 597 quot
1219 524 1449 586 virtutes
1499 539 1624 597 quae
1672 526 1876 597 princi-
1977 544 2108 584 vero
2141 541 2470 584 arcanorum
2501 527 2760 600 peritum,
2813 524 3158 583 terrestrium
3199 540 3408 597 regem,
3452 526 3584 598 qui-

283 616 436 688 pales
487 615 833 687 appellantur
858 616 1000 683 sint;
1029 631 1220 686 quaeve
1269 616 1492 673 virtutis
1521 632 1587 674 ac
1611 618 1872 673 vitiorum
1977 636 2085 690 que
2113 635 2144 675 a
2171 619 2552 690 superioribus
2575 620 2824 692 regitur:
2857 628 3018 675 teme
3061 633 3128 673 ac
3172 617 3314 673 coelo
3361 632 3583 674 accom-

281 722 483 780 genera
532 721 656 776 qua;
698 721 766 760 ex
808 707 944 777 ipsis
991 707 1322 778 proveniunt
1363 709 1672 765 habeantur
1718 726 1732 762 :
1791 707 1873 764 si-
1977 710 2227 776 modum,
2267 709 2661 780 temporarium
2688 718 2853 781 atque
2885 708 3278 772 immortalem,
3307 707 3582 764 visibilem

280 797 526 868 mulque,
546 811 656 867 quo
677 804 862 866 pacto,
901 798 1187 868 gaudium,
1221 797 1467 861 tristitia,
1492 799 1663 862 risus,
1694 797 1876 868 lacryo
1977 810 2143 872 atque
2181 801 2613 874 intelligibilem,
2663 800 2906 856 medium
2967 801 3111 856 inter
3153 799 3371 856 excelsa
3414 808 3585 869 atque

278 903 404 953 tua,
427 902 495 944 ac
525 903 755 945 somnus
780 898 1200 956 constltuantur,
1225 890 1349 947 luce
1374 887 1580 945 clarius
1605 889 1872 946 ostendit.
1975 891 2237 961 humilia;
2268 894 2365 964 qui
2416 892 2561 948 idem
2612 891 2841 963 spiritus
2889 901 2945 946 et
2991 889 3123 948 caro
3151 901 3254 946 est.
3301 889 3581 960 Idemque,

278 981 422 1047 Quid
453 980 602 1035 enim
633 989 739 1046 est,
773 981 1225 1058 praesuloptime,
1249 981 1399 1053 quod
1433 981 1874 1038 animadvertere
1973 986 2070 1055 qui
2121 986 2212 1042 hic
2269 994 2542 1058 potestate
2588 986 2810 1058 praesit,
2869 985 2979 1040 alio
3039 999 3174 1039 vero
3241 984 3582 1051 migraturus

275 1089 350 1132 ac
380 1073 733 1130 considerare
780 1074 961 1143 potius
984 1056 1114 1129 cum
1159 1074 1418 1130 omnibus
1451 1074 1736 1139 studiosis,
1767 1074 1874 1131 hac
1974 1077 2070 1142 sit,
2096 1056 2348 1148 atquein
2380 1056 2628 1149 mysterii
2657 1077 2789 1140 ﬁne,
2821 1076 2892 1131 ad
2928 1075 3103 1129 Deum
3139 1075 3412 1141 innuens,
3443 1073 3584 1132 divi-

276 1181 340 1223 re
410 1167 609 1222 merito
669 1166 883 1223 debes?
956 1165 1325 1239 Posteaquam
1387 1167 1569 1238 opifex
1629 1165 1878 1222 Verbum
1976 1183 2109 1223 num
2140 1167 2428 1223 eﬂiciatur.
2468 1166 2647 1238 Hujus
2675 1168 2824 1224 enim
2859 1168 3117 1223 animalis
3141 1175 3397 1221 naturam
3431 1175 3582 1222 struv

277 1256 348 1311 ab
395 1256 779 1314 intellectualis
828 1272 893 1315 ac
935 1257 1172 1315 visibilis
1219 1259 1628 1330 materialisque
1678 1259 1872 1320 mundi
1974 1266 2301 1328 cturamque
2322 1255 2600 1312 Meietium
2630 1257 2811 1328 ipsum
2838 1257 2896 1313 in
2919 1257 3026 1313 hoc
3047 1271 3213 1327 opere
3241 1257 3586 1326 expressisse

277 1350 558 1406 creatione
603 1349 809 1404 animal
851 1349 1013 1406 edere
1057 1349 1190 1422 (quo
1211 1350 1441 1421 majoris
1471 1351 1756 1424 sapientia
1780 1366 1873 1406 ar~
1973 1346 2279 1417 perspicies
2316 1364 2332 1402 :
2372 1361 2440 1402 ex
2486 1346 2592 1403 hoc
2667 1347 2832 1417 plane
2886 1345 3299 1417 deprehendere
3377 1346 3584 1415 poteris

278 1450 600 1513 gumentum
629 1456 694 1496 ac
721 1441 870 1498 circa
903 1451 1136 1498 naturas
1179 1442 1407 1514 largitas
1443 1442 1676 1513 ejusque
1701 1442 1868 1507 boni-

1977 1434 2118 1498 nihil
2147 1450 2274 1492 esse
2305 1435 2360 1491 in
2392 1436 2649 1492 universa
2688 1445 2889 1510 natura
2925 1436 3152 1491 homine
3184 1436 3578 1506 praestabilius,

279 1530 409 1586 tatis
451 1531 750 1586 thesaurus
792 1531 1140 1587 innotescere
1171 1530 1369 1604 possit)
1418 1532 1735 1599 statuisset,
1766 1533 1871 1588 ho-
1974 1529 2069 1585 illo
2123 1529 2452 1600 praesertim,
2498 1544 2661 1600 quem
2691 1529 2950 1596 consiiio,
2982 1529 3281 1601 probitate.
3320 1529 3582 1583 humani-

278 1621 482 1676 minem
507 1623 834 1691 procreavit,
858 1622 1017 1698 quasi
1038 1622 1268 1679 alterum
1285 1623 1578 1694 quemdam
1603 1625 1874 1679 mundum
1975 1626 2110 1686 tate,
2134 1618 2473 1684 innocentia,
2499 1619 2787 1690 religione,
2824 1618 3207 1688 magnitudine
3228 1619 3421 1682 animi,
3455 1634 3582 1673 om—

278 1710 336 1765 in
364 1726 534 1781 parvo
554 1727 815 1784 magnum
850 1727 1018 1783 super
1051 1722 1254 1769 terram
1281 1714 1646 1770 constituens.
1685 1712 1865 1780 llunc,
1975 1710 2142 1765 nibus
2169 1709 2224 1764 in
2247 1709 2414 1767 rebus
2438 1709 2834 1782 quamplurimi
2879 1709 3171 1782 praeditum
3227 1724 3352 1766 esse
3410 1724 3584 1781 agno-

279 1800 538 1874 inquam,
618 1805 846 1872 creavit,
910 1805 1079 1860 alium
1169 1805 1458 1875 angelum,
1510 1805 1867 1871 adorantem,
1983 1809 2270 1865 scunt”...

279 1893 537 1960 mistum,
589 1895 827 1952 visibilis
879 1905 1093 1952 natura:
1151 1895 1440 1960 arbitrum,
1487 1893 1872 1951 intellectualis

293 2173 694 2197 ῃ*

698 2174 3458 2205 *ΜΨ-*Ἥ*

1000 2445 1528 2539 CRAMEBI
1611 2446 2196 2539 MONITUM
2278 2440 2848 2542 LECTORI.

355 2855 546 2914 Tertio
582 2853 989 2920 Anecdotorum
1019 2849 1471 2924 [Oxoniensium]
1498 2851 1773 2907 volumine
1817 2866 1965 2908 nunc
1994 2854 2229 2923 primum
2267 2852 2460 2909 Graece
2483 2851 2700 2908 edimus
2723 2850 2925 2906 Meletii
2949 2849 3393 2923 ialm-sophistae
3417 2867 3586 2922 opus-

283 2957 466 3009 culum
499 2949 636 3020 Περὶ
667 2947 768 3017 τῆς
791 2945 886 3001 τοῦ
921 2945 1216 3017 ἀνθρώπου
1247 2947 1623 3016 κατασκευῆς,
1676 2947 1943 3001 hactenus

1930 2961 1945 3001 δ
1977 2955 2189 3001 tantum
2211 2962 2279 3003 ex
2312 2940 2514 3003 L'atiua
2565 2945 2823 3000 versione
2872 2942 3081 2999 Nicolai
3111 2944 3313 3000 Petreii
3336 2986 3351 3010 ,
3386 2943 3590 3017 Corcy-

289 3046 404 3110 ra’,
434 3037 677 3097 Venetiis
713 3053 806 3091 an.
840 3035 984 3092 i552
1015 3035 1304 3105 impressa,
1338 3035 1639 3104 vulgatum.
1687 3036 1920 3091 Textum
1952 3039 2019 3092 ad
2053 3039 2216 3094 tidem
2249 3041 2419 3095 trium
2448 3040 2704 3096 codicum
2738 3035 3162 3093 Bodleianorum
3191 3035 3520 3091 exhibemus
3571 3055 3586 3092 :

287 3133 614 3193 Barocciani
650 3131 746 3186 151
789 3129 904 3201 (Α),
931 3130 1046 3184 lioe
1073 3128 1140 3182 Η
1171 3127 1258 3199 (Β)
1292 3138 1346 3183 et
1378 3126 1449 3180 15
1479 3127 1565 3196 (C)
1588 3145 1603 3194 ;
1629 3143 1862 3196 quorum
1892 3131 2053 3201 longe
2091 3132 2426 3201 antiquitate
2477 3141 2534 3187 et
2571 3129 2819 3185 bonitate
2854 3126 3208 3194 praestantior
3253 3134 3339 3179 est
3389 3125 3591 3181 Barce-

287 3228 502 3284 cianus.
535 3221 690 3278 Huuc
727 3221 950 3276 ineunte
986 3219 1202 3274 decimo
1229 3229 1424 3287 quarto
1451 3219 1653 3273 saeculo
1684 3220 1950 3289 scriptum
1984 3219 2154 3276 fuisse
2194 3220 2408 3290 judico.
2469 3219 2586 3274 Duo
2619 3218 2710 3272 alii
2760 3215 2934 3270 multo
2967 3214 3310 3270 recentiores
3341 3223 3492 3270 sunt.
3522 3213 3594 3270 Et

285 3315 684 3372 Baroccianum
709 3312 931 3383 quidem
983 3312 1154 3368 fuisse
1180 3310 1462 3380 exemplar
1499 3325 1529 3365 e
1561 3325 1671 3380 quo
1698 3309 1948 3365 Petreius
1976 3313 2287 3367 versionem
2311 3327 2466 3366 suam
2496 3309 2762 3374 confecit,
2791 3308 3108 3378 suapicatur
3129 3308 3213 3361 vir
3234 3308 3594 3366 doctissimus

287 3407 425 3464 Lud.
466 3405 851 3462 Bachmannus
873 3403 929 3458 in
976 3421 996 3456 ι
1036 3403 1348 3468 Quaestione
1375 3401 1442 3456 de
1470 3400 1686 3455 Meletio
1733 3399 1922 3458 Griece
1952 3402 2160 3458 inedita
2190 3403 2422 3473 ejusque
2456 3401 2653 3456 Latino
2686 3401 2989 3470 interprete
3030 3397 3152 3454 Nic.
3185 3394 3405 3453 Petreio
3427 3397 3530 3470 (α),
3567 3420 3587 3453 ι

287 3519 340 3575 p.
373 3503 407 3557 Δ
429 3545 444 3569 ,
477 3501 576 3556 sed
607 3499 735 3554 licet
763 3497 974 3568 optime
1028 3495 1100 3550 dc
1129 3493 1343 3550 Meletio
1379 3502 1436 3549 et
1481 3495 1765 3551 codicibus
1792 3494 1915 3564 ejus
1965 3493 2299 3564 iudicaverit
2336 3492 2755 3556 Bachmannus,
2793 3493 2849 3546 in
2887 3491 2990 3547 hac
3033 3492 3356 3562 conjectura
3399 3507 3592 3548 verum

289 3611 394 3651 non
413 3599 824 3657 estassecutus;
849 3601 977 3644 nam
1000 3588 1089 3642 vel
1110 3586 1237 3642 inde
1249 3595 1475 3657 apparet
1496 3583 1774 3641 Petreium
1801 3601 1907 3639 non
1931 3600 2089 3640 usum
2115 3585 2290 3641 fuisse
2310 3585 2501 3640 codice
2531 3583 2892 3649 Barocciano,
2919 3585 3066 3653 quod
3092 3585 3182 3640 hic
3201 3584 3362 3654 longe
3379 3585 3595 3640 auctior

288 3697 376 3744 est
403 3689 459 3743 in
491 3700 556 3741 ea
578 3685 764 3756 operis
797 3692 954 3754 parte
980 3697 1101 3752 qua
1129 3683 1200 3737 de
1234 3684 1417 3736 anima
1450 3690 1673 3736 tractat.
1725 3680 2032 3752 Aliquoties
2085 3691 2268 3735 autem
2320 3679 2570 3735 Petreius
2606 3679 2908 3735 citationes
2958 3678 3124 3735 affert
3153 3696 3277 3751 quae
3309 3681 3364 3735 in
3395 3689 3586 3736 nostro

287 3779 477 3837 codice
499 3776 906 3840 desiderantur,
935 3785 1015 3840 ut,
1041 3775 1277 3846 exempli
1301 3777 1498 3844 gratia,
1533 3791 1585 3844 p.
1619 3776 1722 3830 156
1750 3777 1880 3844 (col.
1910 3773 2048 3829 1278
2067 3775 2119 3829 in
2145 3785 2328 3841 nostra
2353 3774 2534 3845 edit.),
2563 3775 2678 3829 haec
2706 3773 3031 3829 Callimachi
3064 3776 3254 3829 verba.

505 3870 633 3933 Ἴθι,
669 3868 890 3938 πρηεῖα
923 3865 1255 3938 γυναικῶν,
1292 3867 1411 3936 τὴν
1431 3868 1579 3923 ὁδὸν
1609 3867 1690 3936 ἣν
1715 3868 1882 3924 ἀνῖαι
1912 3870 2285 3939 θυμοφθόρα
2312 3871 2386 3924 οὺ
2417 3867 2744 3935 πφόωσιν.

292 3962 562 4032 Quoniam
591 3971 774 4017 autem
802 3961 1019 4016 codices
1051 3974 1266 4026 omnes,
1300 3962 1347 4017 si
1382 3959 1668 4016 Parisinos
1700 3960 1971 4030 excipias,
1997 3975 2138 4030 quos
2169 3975 2275 4016 non
2314 3960 2550 4030 inspexi,
2589 3968 2742 4015 certe
2774 3967 3001 4029 superat
3050 3957 3450 4025 Baroccianus,
3485 3975 3595 4016 non

292 4053 540 4110 dubitavi
567 4052 689 4122 ejus
716 4053 1100 4108 auctoritatem
1140 4051 1346 4122 ubique
1379 4056 1650 4122 potiorem
1692 4055 1920 4121 habere,
1945 4054 2054 4110 nisi
2087 4054 2179 4110 ubi
2212 4052 2501 4108 maniieste
2532 4052 2896 4124 corrigendus
2927 4061 3051 4107 erat
3081 4065 3149 4106 ex
3180 4051 3328 4118 aliis,
3352 4068 3590 4122 quarunt

296 4142 340 4199 Β
366 4142 667 4200 secundum
684 4143 896 4212 obtinet
915 4143 1117 4199 locum.
1145 4142 1246 4200 Hic
1272 4146 1445 4201 codex
1472 4145 1604 4201 mihi
1635 4159 1944 4217 cengruere
1975 4146 2192 4201 videtur
2211 4160 2336 4201 cum
2361 4126 2800 4210 Vindobonensi,
2824 4160 2985 4215 quem
3008 4144 3052 4198 Β
3078 4145 3246 4200 etiam
3278 4145 3596 4202 Bachmann
3650 4193 3654 4198 .

298 4250 403 4293 nus
422 4237 661 4307 signavit
696 4235 774 4311 (p.
799 4235 880 4307 5).
915 4236 982 4292 Et
1023 4237 1166 4292 idem
1192 4237 1334 4294 forte
1357 4239 1466 4294 erit
1492 4239 1663 4294 codex
1689 4239 1759 4294 de
1811 4253 1922 4309 quo
1946 4237 2237 4294 Fabricius
2262 4239 2450 4308 (supra
2475 4237 2580 4293 col.
2617 4236 2780 4306 1157)
2813 4253 2826 4289 :
2861 4254 2880 4287 ι
2915 4235 3090 4292 altero
3113 4235 3253 4290 Bibl.
3282 4236 3486 4291 Camer.
3511 4251 3605 4292 co-

298 4327 441 4393 dice,
469 4337 633 4395 caput
655 4327 747 4397 35,
778 4329 846 4382 de
867 4328 1048 4384 anima
1081 4329 1370 4400 quintuplo
1398 4327 1576 4398 majus
1597 4330 1895 4386 occurrit.»
1921 4329 2030 4385 Sed
2055 4329 2159 4384 hoc
2183 4344 2214 4385 e
2246 4328 2585 4383 Barocciano
2616 4344 2760 4383 nunc
2785 4327 3018 4398 decuplo
3051 4326 3226 4398 majus
3249 4326 3600 4383 exhibemus.

369 4419 527 4489 Quod
563 4423 630 4478 ad
660 4421 862 4478 Meletii
900 4431 1200 4480 tractatum
1225 4424 1446 4490 attinet,
1471 4426 1690 4480 videtur
1724 4440 1862 4495 opus
1896 4439 2022 4481 esse
2063 4425 2137 4494 pii
2166 4433 2224 4480 et
2274 4425 2478 4481 eruditi
2543 4426 2809 4489 hominis,
2845 4439 2875 4479 a
2927 4425 3096 4481 variis
3142 4423 3410 4489 fontibus,
3452 4439 3600 4480 nunc

299 4512 621 4585 plerumque
657 4517 978 4585 deperditis,
1021 4515 1344 4573 conﬂatum.
1375 4517 1579 4575 Multus
1609 4528 1791 4574 autem
1819 4527 1909 4575 est
1939 4519 1993 4574 in
2017 4519 2388 4592 etymologiis,
2427 4535 2564 4589 quas
2595 4535 2660 4575 es
2709 4517 2942 4574 Socrate
2966 4531 3024 4576 et
3070 4519 3286 4573 Sorano
3338 4518 3596 4573 hausisse

300 4604 540 4662 videtur.
571 4605 685 4662 Non
712 4610 908 4664 mirum
940 4621 1027 4667 est
1061 4611 1247 4680 itaque
1270 4612 1443 4674 illum.~
1457 4613 1692 4682 plurima
1718 4614 2035 4671 communia
2057 4613 2260 4670 habere
2291 4626 2416 4668 cum
2456 4612 2835 4686 Etymologico
2879 4611 2950 4668 Μ.
2973 4655 2988 4680 ,
3025 4613 3093 4667 ad
3117 4609 3604 4682 quemcorrigcu-

301 4701 430 4758 dum
459 4702 752 4775 aliquoties
779 4705 1031 4761 inservit.

381 4884 462 4956 (α)
493 4884 754 4942 ηοειοιιις.
791 4887 951 4944 1855.
985 4890 1040 4945 t.

1361 5253 1574 5333 NOVI
1627 5256 2043 5319 EDITORIS
2089 5255 2531 5320 MONITUM.

391 5419 464 5479 In
499 5417 617 5482 hac
650 5421 865 5482 no‘stra
893 5419 1201 5495 editione,
1233 5420 1473 5485 codicis
1502 5423 1762 5503 Optima:
1795 5429 1960 5486 notae
2005 5422 2377 5486 Parisiensis
2413 5433 2476 5484 [ιο
2511 5420 2668 5484 2299
2707 5421 2799 5500 (Ρ)
2831 5420 3200 5483 varietatem
3226 5418 3609 5494 lectionum,

314 5537 506 5599 quam
528 5522 859 5586 nobiscum
905 5523 1214 5587 benevole
1243 5527 1730 5589 communicavit
1762 5528 1836 5590 ν.
1867 5527 1940 5588 Ι).
1973 5528 2108 5590 Car.
2134 5529 2543 5607 Daremberg,
2576 5532 2868 5591 accurate
2890 5523 3342 5596 adhibuimus;
3373 5527 3616 5584 textum

315 5622 587 5685 Crameri
618 5623 849 5703 passim
881 5623 1397 5698 emendavimus;
1443 5625 1802 5688 versionem
1845 5625 1984 5689 Nic.
2017 5626 2274 5700 Petreii,
2308 5626 2420 5689 ubi
2489 5641 2757 5688 necesse
2798 5623 3155 5697 videbatur,
3211 5637 3379 5683 novo
3415 5620 3616 5682 textui

317 5723 974 5795 accommodavimus;
1005 5724 1284 5805 denique
1329 5733 1648 5788 ’Λνέκδοτον
1677 5735 1816 5806 Περὶ
1845 5733 1953 5788 τῶν

1951 5735 2031 5788 ιδ’
2060 5735 2346 5805 στοιχείων
2392 5725 2539 5808 (col.
2578 5723 2755 5805 1283)
2802 5725 3228 5802 fragmentum
3283 5722 3611 5786 excedent

317 5818 542 5886 codice
576 5822 911 5888 Parisiensi
943 5824 1432 5889 describendum
1475 5825 1836 5889 curavimus
1864 5832 1925 5888 et
1964 5843 2133 5890 nunc
2176 5825 2453 5906 primum
2479 5826 2621 5890 luce
2659 5826 2997 5889 donamus.
