4204 6480
681 441 822 500 ms
1984 431 2260 507 mnu

2326 448 2614 506 ilONAClll
3807 444 3936 502 ιιι-η

2048 694 2240 757 ΑΡΧΗ
2283 697 2436 752 mv
2471 698 2612 768 ΘΕῼ

1502 842 1729 979 TA
1802 845 2151 982 ΤΟΥ
2222 839 3086 982 ΜΕΑΕΤΙΟΥ

1106 1072 1365 1166 ΠΕΡΙ
1435 1071 1653 1158 ΤΗΣ
1726 1069 1956 1158 ΤΟΥ
2027 1067 2650 1159 ΑΝΘΡΩΠΟΥ
2723 1064 3499 1157 ΚΑΤΑΣΚΕΥΗΣ..

1738 1296 1935 1361 υΕοί
1971 1296 2456 1364 ANNUENTE
2519 1275 2862 1362 INCIPIT

1529 1541 1538 1588 κ
1829 1445 2717 1588 ,ΜΕΙλΕΤΙΙ

1223 1641 1916 1745 'I‘BACTATUS
1990 1657 2140 1745 DE
2217 1657 2701 1748 NATUBA
2773 1653 3346 1748 HOMINIS.

1189 1851 1233 1921 ι
1286 1847 1704 1905 Pnomutun.
1955 1868 1957 1870 -
2268 1863 2316 1916 Α
2933 1847 3342 1903 nroomrorv.

731 1940 897 1998 Nobis
927 1941 994 1997 de
1020 1950 1216 1998 natura
1257 1943 1495 1998 hominis
1530 1941 2038 2012 interpretationem
2065 1943 2240 1999 disse-

2425 1944 2492 1998 Ἦ
2523 1941 2775 2015 παροῦσα
2803 1941 2880 2014 (Ι)
2938 1940 3164 2008 σύνοψις
3206 1939 3338 2010 περὶ
3375 1938 3598 2009 φύσεως
3630 1938 3924 2011 ἀνθρώπου

658 2047 798 2105 rere,
832 2050 897 2091 ac
927 2035 1092 2090 breve
1123 2034 1551 2104 absolutumque
1582 2049 1723 2104 opus
1769 2032 2088 2104 huiusmodi
2120 2042 2235 2089 tra-

2341 2034 2584 2107 ὲπονήθη
2616 2034 2713 2088 καὶ
2748 2032 3012 2103 συνελέγη
3045 2033 3142 2086 καὶ
3165 2030 3426 2103 συνετέθη
3462 2032 3614 2101 παρὰ
3645 2031 3922 2086 Μελετίου

654 2126 907 2182 ctationis
941 2126 1201 2182 studiosis
1243 2136 1298 2182 et
1339 2126 1434 2196 qui
1469 2134 1614 2181 recte
1647 2125 1865 2181 labores
1896 2125 2133 2181 subeunt
2177 2125 2235 2181 in

2344 2126 2579 2200 μοναχοῦ
2600 2125 2670 2180 Θέ
2677 2142 2848 2196 ματος
2867 2121 2962 2177 τοῦ
2987 2121 3236 2192 Ὀψικίου
3260 2121 3464 2176 Βάνδου
3494 2122 3784 2193 ’Δκροκοῦ,
3807 2141 3921 2194 χω-

656 2215 895 2270 mcdium
920 2215 1186 2272 adducere
1203 2216 1492 2272 consilium
1514 2225 1616 2272 est.
1647 2214 1783 2271 Nam
1805 2217 2024 2272 tametsi
2040 2233 2235 2287 quam-

2342 2217 2458 2290 ρίου
2485 2215 2983 2288 Τιϐεριουπόλεως,
3021 2214 3192 2284 μονῆς
3236 2204 3765 2286 λεγομένηςιτρεῒς,
3788 2215 3921 2286 «ἦτοι

655 2308 876 2379 plurimi
928 2309 1278 2379 antiquorum
1342 2307 1737 2380 sapientissimi
1794 2309 1881 2364 vel
1933 2309 2114 2380 longa,
2147 2311 2275 2365 vel.

2336 2311 2436 2380 τῆς
2482 2310 2644 2379 ἁγίας
2668 2308 2905 2380 Τριάδος
2925 2323 2939 2337 ⁸
2978 2307 3080 2360 οὐκ
3113 2306 3189 2370 ὡς
3224 2306 3411 2361 καινόν
3440 2323 3495 2359 τι
3529 2306 3922 2378 ὲπινοήσαντος

654 2399 802 2461 brevi
867 2408 1118 2456 naturam
1178 2410 1422 2456 nostram
1468 2401 1715 2456 oratione
1768 2401 2040 2472 complexi
2093 2401 2229 2465 sint,

2340 2403 2468 2472 περὶ
2493 2401 2710 2472 φύσεως
2728 2398 3020 2471 ἀνθρώπου
3048 2397 3474 2468 φυσιολογῆσαι,
3499 2396 3636 2451 ἀλλὰ
3654 2396 3922 2468 σύντομον

653 2493 836 2548 nullus
871 2503 1051 2547 tamen
1111 2508 1302 2548 eorum
1347 2492 1451 2548 hac
1491 2488 1644 2547 dere
1686 2489 1986 2562 perfectum
2012 2479 2233 2548 absolué

2338 2495 2434 2547 καὶ
2463 2491 2729 2562 ἀνελλιπῆ
2780 2488 3166 2562 πραγματείαν
3202 2486 3464 2542 ἐκθέσθαι
3522 2488 3635 2550 τοῖς
3685 2487 3918 2557 φιλομα.

652 2592 875 2652 tumque
908 2597 1045 2652 opus
1077 2583 1314 2654 reliquit.

2338 2585 2457 2638 θέσι
2486 2586 2583 2638 καὶ
2615 2582 2929 2654 φιλοπόνοις
2982 2581 3330 2653 βουλομένου.
3376 2579 3438 2633 El
3466 2578 3577 2650 γὰρ
3611 2579 3703 2632 καὶ
3731 2575 3916 2660 πολλοὶ

649 2674 758 2728 τῶν
791 2673 1033 2747 ἀρχαίων
1061 2675 1263 2745 σοφῶν,
1296 2675 1525 2738 πολλοὺς
1560 2675 1703 2729 κατὰ
1731 2676 2036 2747 ἁποταγὴν,
2085 2677 2120 2748 ἢ
2153 2679 2212 2730 ὲν
2250 2679 2501 2750 συντόμῳ
2547 2679 2679 2748 περὶ
2722 2679 2824 2748 τῆς
2871 2678 3088 2746 φύσεως
3153 2672 3311 2747 ἡμῶν
3379 2671 3574 2742 λόγους
3607 2660 3937 2738 συνέθεντο,’

649 2765 764 2830 ἀ>λ“
796 2766 971 2829 oblisi;
999 2767 1259 2836 ἀνελλιπῆ
1295 2769 1389 2820 καὶ
1415 2769 1782 2840 άνυστέρητον
1820 2768 2026 2838 ταύτην
2067 2771 2411 2842 ἀπήρτησεν.

725 2859 1008 2929 Siquidem
1071 2858 1430 2928 Hippocrates
1467 2899 1483 2924 ,
1525 2875 1652 2916 cum
1700 2861 1767 2916 de
1831 2870 2027 2916 natura
2095 2877 2231 2932 pue-

2415 2863 2474 2916 '0
2508 2863 2609 2933 μὲν
2639 2862 2748 2936 γάρ
2787 2862 3156 2934 Ἱπποκράτης
3185 2862 3316 2933 περὶ
3339 2861 3557 2933 φύσεως
3574 2860 3792 2914 παιδίου
3819 2862 3916 2916 καὶ

649 2955 768 3015 rllis
833 2954 1116 3025 vii-iliaque
1166 2955 1342 3008 atatis
1396 2969 1572 3024 pauca
1635 2956 1970 3020 admodum,
2017 2964 2073 3010 et
2112 2971 2236 3025 qua:

2332 2954 2527 3025 ἀνδρὸς
2556 2955 2775 3024 γράψας
2808 2954 2968 3023 ὀλίγα
3012 2954 3136 3006 τινὰ
3165 2952 3261 3009 καὶ
3287 2953 3721 3024 δυσδιάγνωστα,
3764 2951 3916 3006 οὐδὲν

649 3061 756 3102 nou
815 3044 974 3101 facile
1036 3043 1238 3116 percipi
1271 3053 1516 3116 possent,
1541 3045 1881 3115 scripsisset,
1916 3045 2062 3120 nihil
2105 3060 2234 3100 vero

2333 3047 2463 3120 περὶ
2495 3045 2591 3098 τοῦ
2617 3044 2851 3100 καθόλου
2883 3043 3174 3118 ἀνθρώπου
3199 3045 3632 3117 ἃμνημόνευσεν,
3655 3043 3829 3115 ἢστῶν
3857 3043 3915 3096 ὲν

648 3138 718 3193 de
781 3140 1076 3196 universali
1126 3140 1364 3206 homine,
1409 3148 1464 3193 et
1525 3153 1647 3209 quae
1713 3137 1767 3192 in
1826 3139 1946 3208 ipso
1999 3138 2234 3193 faculta-

2333 3139 2485 3212 αὐτῷ
2528 3140 2838 3210 δυνάμεων.
2877 3139 2911 3211 ἢ
2959 3139 3272 3210 ἐνεργειῶν,
3303 3138 3338 3209 ἢ
3383 3137 3495 3191 τῶν
3533 3137 3629 3191 τοῦ
3663 3135 3917 3208 σώματος

649 3239 733 3292 tes
777 3231 862 3286 vel
923 3232 1167 3292 actiones
1224 3238 1389 3295 sunt,
1444 3246 1620 3301 neque
1683 3231 1752 3285 dc
1797 3232 1916 3300 ejus
1987 3230 2281 3324 corporisl

2342 3232 2572 3302 μορίων.
2630 3231 2691 3284 Ὃ
2743 3231 2800 3285 δὲ
2850 3229 2867 3261 ⁸
2934 3229 3182 3301 Γαληνὸς
3232 3229 3365 3299 περὶ
3421 3227 3641 3298 φύσεως
3709 3226 3916 3298 μορίων

649 3323 897 3392 partibus
947 3320 1128 3393 ipsum
1164 3338 1519 3379 memorasse
1556 3332 1896 3392 corripertum
1946 3322 2229 3377 habemus.
2267 3319 2281 3324 “

2339 3324 2625 3396 μνησθεὶς,
2662 3325 2756 3378 καὶ
2787 3324 2920 3395 περὶ
2953 3321 3228 3394 κράσεων,
3262 3324 3323 3375 ὲν
3342 3319 3574 3392 οὐδεμιᾷ
3597 3319 3706 3374 τῶν
3731 3335 3912 3391 πραγ-

649 3415 890 3471 Galenus
938 3416 1101 3484 item,
1137 3432 1262 3472 eum
1321 3417 1388 3471 de
1422 3415 1662 3486 partium
1719 3423 1917 3469 natura
1982 3428 2046 3468 ac
2095 3421 2234 3468 tem-

2337 3416 2581 3488 ματειῶν
2603 3415 2774 3472 αὐτοῦ
2802 3415 3059 3485 φαίνεται
3107 3413 3368 3485 τοιαύτην
3425 3411 3912 3485 ὁλοκλήρωςύπό-

653 3512 1092 3574 pcramentorum
1160 3504 1425 3575 qualitate
1483 3503 1818 3559 mentionem
1884 3503 2086 3558 faceret
2114 3543 2130 3567 ,
2175 3503 2229 3556 iu

2341 3510 2493 3563 Osatv
2519 3507 2869 3579 ἀναγράψας.
2895 3506 3199 3578 Σωκράτης
3227 3505 3285 3560 δὲ
3313 3504 3679 3576 ἐτυμολογίας
3715 3489 3916 3576 μᾶλλον

652 3594 803 3653 nulla
843 3608 1075 3651 suorum
1109 3610 1339 3665 operum
1372 3596 1697 3653 tractatione
1726 3596 1867 3650 hanc
1919 3610 2036 3649 rem
2067 3594 2231 3650 abso-

651 3689 766 3743 luto
811 3689 1152 3758 perscripsit.
1209 3689 1481 3748 .Socrates
1521 3699 1728 3755 autem,
1782 3689 1838 3743 in
1877 3703 2041 3759 opere
2083 3687 2228 3757 quod

647 3777 727 3834 De
768 3779 997 3837 hominis
1035 3789 1232 3834 natura
1259 3780 1562 3850 inscripsit,
1602 3779 1839 3851 partium
1876 3780 2115 3854 hominis
2163 3793 2228 3835 ac

647 3871 934 3929 nominum
983 3871 1342 3941 proprietates
1377 3872 1723 3943 explicando,
1755 3875 1899 3943 quod
1949 3872 2017 3928 ad
2046 3889 2230 3944 gram-

650 3962 911 4019 matieum
933 3963 984 4041 ³
1015 3964 1220 4033 potius,
1249 3979 1415 4035 quam
1446 3965 1594 4035 quod
1623 3966 1691 4020 ad
1724 3956 2109 4036 philosophum
2146 3976 2229 4021 at—

650 4053 806 4116 tinet,
865 4054 1143 4114 disseruit.
1192 4055 1518 4112 Sanctorum
1572 4073 1705 4112 vero
1756 4057 2008 4124 Patrum,
2064 4067 2228 4130 atque

650 4144 906 4200 Ecclesiae
954 4147 1202 4215 magistri
1235 4149 1651 4219 quamplurimi,
1681 4135 1686 4142 ’
1712 4157 1775 4204 ut
1815 4149 2046 4219 Magnus
2085 4150 2226 4204 inter

647 4244 867 4294 sanews
892 4236 1084 4295 Patres
1102 4238 1355 4306 Basilius,
1405 4240 1686 4314 Nyssenus
1708 4242 2005 4313 Gregorius
2021 4285 2037 4310 ,
2069 4243 2228 4298 divus

646 4329 1094 4398 Chrysostomus,
1133 4328 1434 4404 beatusque
1471 4332 1727 4405 Cyrillns,
1760 4351 1825 4390 ac
1856 4334 2103 4406 plerique
2133 4335 2225 4390 alii

645 4421 742 4488 qui
777 4419 867 4474 illa
901 4429 1227 4492 tempestate
1254 4423 1579 4486 ﬂoruerunt,
1613 4441 1738 4480 eum
1783 4426 1836 4480 in
1869 4440 2061 4480 eorum
2109 4441 2226 4480 ma-

647 4515 816 4583 gistra
843 4521 962 4569 arte
1003 4515 1165 4572 editis
1199 4518 1550 4574 sermonibus
1579 4518 1648 4574 de
1681 4519 1846 4574 rebus
1884 4521 2085 4577 divinis
2113 4531 2225 4576 tra-

2336 3602 2544 3673 μορίων
2568 3601 2667 3655 καὶ
2691 3601 2974 3670 ὀνομάτων
2994 3599 3054 3652 ἰν
3075 3597 3154 3669 τῷ
3175 3597 3315 3666 Περὶ
3339 3598 3580 3666 φύσεως
3598 3596 3917 3665 ἀνθρώπου

2335 3692 2678 3763 συντάγματι
2713 3689 2882 3745 αὐτοῦ
2905 3689 3006 3764 [σε.
3044 3691 3099 3744 in
3127 3687 3380 3761 Timaeo],
3403 3689 3484 3752 ὠς
3516 3686 3916 3759 γραμματικὸς

2331 3781 2367 3854 ἢ
2397 3781 2694 3851 φιλόσοφος
2717 3779 3070 3844 συνετάξατο.
3089 3777 3156 3835 Ol
3185 3778 3244 3831 δὲ
3271 3777 3420 3848 ἅγιοι
3442 3779 3537 3832 καὶ
3562 3778 3663 3846 τῆς
3696 3777 3917 3849 Ἐκκλη-

2333 3874 2453 3937 σίας
2476 3873 2816 3939 διδάσκαλοι,
2848 3866 2960 3925 οἷον
2987 3872 3016 3924 ὁ
3063 3871 3239 3941 μέγας
3273 3870 3577 3934 Βασίλειος,
3611 3872 3642 3924 ὁ
3681 3869 3913 3938 ἁδελφὸς

2332 3967 2531 4020 αὐτοῦ’
2590 3964 2894 4037 Γρηγόριος
2938 3963 3199 4035 Νύσσης,
3247 3964 3278 4017 ὁ
3329 3962 3707 4034 χρυσολόγος³
3762 3962 3915 4033 Χρυ-

2333 4058 2596 4128 σόστομος
2646 4058 2741 4112 καὶ
2791 4061 2820 4112 ό
2881 4057 3393 4129 παμμακάριστοςδ
3464 4057 3760 4129 Κύριλλος,
3815 4059 3913 4113 καὶ

2329 4149 2479 4206 ἄλλοι
2509 4148 2697 4203 πολλοὶ
2735 4150 2847 4203 τῶν
2883 4152 3003 4204 κατ’
3035 4152 3236 4214 αὐτοὺς
3263 4152 3322 4206 ἐν
3341 4152 3458 4214 τοῖς
3497 4150 3684 4218 λόγοις
3719 4148 3906 4205 αὐτῶν

2327 4245 2438 4307 τοῖς
2458 4242 2866 4306 διδασκαλικοίς
2896 4244 2992 4296 σὺν
3024 4240 3103 4313 τῷ
3138 4242 3436 4314 βεολογικῷ
3467 4241 3682 4306 καλῶς’
3713 4258 3911 4311 (posto-

2326 4333 2684 4406 λογήσαντες,
2753 4333 2927 4387 πολλὰ
2975 4334 3106 4403 περὶ
3154 4332 3264 4386 τῶν
3307 4332 3404 4388 τοῦ
3459 4332 3716 4405 σώματος
3753 4331 3912 4405 ἡμῶν

2332 4427 2559 4497 μορίων,
2583 4427 2679 4481 καὶ
2704 4426 2814 4480 τῶν
2844 4426 3097 4498 ψυχικῶν
3130 4427 3228 4482 καὶ
3256 4425 3506 4492 ζωτικῶν
3532 4426 3630 4481 καὶ
3662 4424 3911 4496 φυσικῶν

2329 4517 2617 4588 δυνάμεων
2665 4517 2761 4571 καὶ
2804 4518 3096 4589 ἐνεργειῶν
3144 4519 3671 4589 συνεφιλοσόφησαν.
3720 4517 3911 4582 Οὐδεὶς

643 4612 855 4661 stantes
887 4604 954 4659 de
999 4615 1205 4663 natura:
1241 4609 1407 4662 etiam
1455 4609 1905 4678 interpretatione
1957 4624 2223 4682 praecepta
2253 4625 2281 4679 ε

2333 4608 2518 4680 μέντοι
2548 4627 2611 4678 γε
2641 4610 2749 4664 τῶν
2777 4612 3198 4682 προειρημένων
3238 4610 3475 4684 ἀνδρῶν,
3507 4609 3542 4681 ἢ
3586 4611 3698 4664 τῶν
3737 4609 3910 4678 ἁγίων

647 4695 941 4761 traderent,
959 4697 1362 4768 plurimumque
1380 4699 1571 4770 procul
1595 4699 1764 4755 dubio
1782 4701 1847 4755 de
1867 4702 2220 4768 animalibus,

650 4785 910 4841 vitalibus
932 4787 1385 4858 naturalibusque
1415 4788 1768 4844 facultatibus
1808 4800 1971 4860 atque
1989 4792 2221 4846 actioni-

647 4880 748 4937 bus
781 4878 1149 4950 philosophati
1183 4889 1389 4944 essent,
1414 4896 1575 4935 nemo
1603 4897 1667 4936 ex
1698 4882 1782 4937 his
1812 4897 1952 4952 quos
1980 4883 2220 4936 asserui-

645 4987 770 5026 mus
800 4971 954 5038 viris,
986 4973 1072 5026 vel
1123 4973 1330 5029 sanctis
1371 4971 1663 5040 Patrihus,
1716 4974 1790 5028 ita
1835 4972 2064 5045 hujuscé
2105 4985 2218 5027 tra-

642 5061 896 5117 ctationis
946 5076 1060 5118 rem
1100 5063 1440 5134 perscripsit,
1495 5064 1687 5118 utsnb
1735 5081 1843 5121 uno
1895 5077 2218 5135 argumento

643 5153 817 5206 solum
865 5152 968 5209 hoc
998 5169 1135 5226 opus
1179 5155 1483 5210 absolvisse
1524 5155 1816 5210 videretur.
1860 5156 1970 5211 Nos
2010 5165 2215 5220 autem,

642 5258 762 5310 quire
793 5243 844 5296 in
894 5258 1087 5299 eorum
1136 5245 1293 5301 libris
1347 5246 1580 5315 sparsim
1638 5250 1815 5316 posita
1865 5250 2218 5303 inveniuntur

641 5335 952 5404 ist-ligentes,
987 5351 1087 5406 pro
1119 5336 1261 5390 virili
1296 5339 1435 5392 hanc
1471 5339 1849 5394 tractationem
1897 5341 2217 5410 perscripsi-

640 5442 784 5510 ιιμιε,
825 5442 938 5498 quo
978 5428 1243 5485 studiosis
1277 5431 1418 5485 ratio
1447 5431 1514 5486 de
1543 5433 1710 5487 totius
1742 5434 1990 5504 corporis
2023 5445 2215 5488 natura

640 5531 802 5590 atque
855 5521 1247 5580 constitutione
1298 5533 1560 5594 perpetuo
1613 5525 1667 5580 in
1721 5535 1974 5596 promptu
2023 5527 2213 5590 ﬁeret;

640 5626 740 5665 nos
772 5628 904 5667 vero
928 5616 1417 5673 exercitamentum
1451 5617 1788 5689 inscitiacque
1838 5629 2039 5675 nostra:
2072 5619 2220 5674 relu-

718 5728 1100 5797 'YﬁpABC.

1199 5733 1218 5762 '
1247 5733 1473 5803 ἀδελφὸς
1507 5734 1669 5788 αὑτοῦ
1707 5751 1815 5789 om.
1869 5735 1929 5791 P.

637 5797 657 5830 τ
692 5799 990 5868 προφύγιον
1014 5806 1074 5856 Α.

2035 5739 2056 5766 ³
2085 5737 2226 5792 Gaio:
2261 5737 2320 5790 Ρ.
2419 5738 2437 5769 δ
2471 5737 2740 5808 μακάριος
2772 5735 2830 5793 Ρ.

2329 4702 2537 4764 τούτων
2564 4704 2892 4773 συναγαγὼν
2927 4703 3178 4773 φαίνεται
3209 4703 3311 4775 τὴν
3340 4703 3470 4773 ὅλην
3501 4702 3785 4767 ὑπόθεσιν,
3811 4699 3907 4755 τοῦ

2332 4793 2462 4862 μίαν
2476 4793 2496 4825 ⁶
2519 4795 2904 4866 πραγματείαν
2927 4795 3256 4849 ἀποτελέσαι
3279 4808 3294 4824 ⁸
3313 4796 3382 4848 τά
3396 4791 3490 4849 οὖν
3507 4793 3886 4864 διεσπαρμένα

2326 4885 2404 4949 ὼς
2448 4887 2505 4939 ὲν
2542 4887 2662 4948 ταῖς
2699 4885 2906 4940 τούτων
2955 4885 3160 4956 βίϐλοις
3195 4885 3517 4956 ὲγκείμενα,
3550 4883 3714 4945 αὐτὸς
3746 4882 3911 4937 ἐκλα-

2327 4977 2460 5044 ϐὼν,
2485 4978 2546 5030 τὸ
2566 4976 2737 5048 παρὸν
2764 4977 2841 5041 ὼς
2857 4976 2979 5030 ἐνὸν
3011 4979 3434 5048 συνεστησάμην
3458 4978 3523 5048 δὴ
3541 4977 3904 5047 σύγγραμμα.

2327 5069 2452 5132 Τοῖς
2502 5070 2621 5139 μὲν,
2672 5068 2748 5128 ὡς
2781 5069 2953 5132 εἰκὸς,
3005 5068 3152 5139 ἔχειν
3183 5070 3318 5124 αὐτὸ
3357 5069 3730 5140 βουλομένοις,
3767 5068 3903 5121 ὑπό-

2324 5177 2518 5244 μνημα
2546 5159 2647 5229 τῆς
2668 5160 2886 5228 φύσεως
2917 5160 3138 5230 καὶτῆς
3173 5150 3492 5225 συστάσειος
3522 5160 3620 5214 τοῦ
3653 5157 3902 5230 σώματος

2317 5255 2516 5317 παντὸς
2534 5253 2795 5324 ἐσόμενον
2815 5269 2828 5282 °
2853 5256 2980 5323 ἐμοὶ
3010 5255 3068 5308 δὲ
3092 5254 3399 5325 γυμνάσιον
3425 5255 3638 5323 καὶτῆς
3659 5254 3692 5305 ά
3701 5252 3903 5324 μαθίας

2319 5344 2658 5415 προσφύγιον
2673 5346 2717 5398 ⁷.
2747 5348 2838 5397 Δεῖ
2855 5345 2948 5399 οὖν
2963 5346 3056 5399 τὸν
3075 5346 3430 5419 ἀπεριέργως
3452 5346 3902 5416 ἀναγινώσκοντα

2319 5438 2459 5508 μετὰ
2472 5438 2694 5507 ἀγάπης
2710 5439 2804 5491 καὶ
2824 5438 2990 5507 φόὸου
3003 5438 3164 5504 Θεοῦ,
3179 5441 3273 5494 καὶ
3287 5443 3450 5511 χάριν
3465 5439 3732 5510 ὠφελείας
3747 5437 3904 5494 τοῦτο

2317 5531 2520 5582 ποιεῖν·
2553 5531 2648 5581 καὶ
2678 5530 2753 5598 μὴ
2783 5527 3038 5599 Θηρεύειν
3072 5530 3249 5596 λέξεις
3283 5531 3419 5603 πρδς
3448 5531 3510 5584 τὸ
3529 5530 3779 5595 κακίζειν
3803 5530 3896 5581 τὸν

2318 5619 2800 5689 συγγραψάμενον.
2837 5621 2972 5675 Οὐδὲ
3001 5622 3107 5693 γὰρ
3130 5625 3319 5690 πᾶσιν,
3346 5622 3422 5688 ὡς
3450 5617 3629 5694 οἶμαι,
3653 5620 3899 5690 εὕληπτὰ

2935 5740 2954 5771 ⁸
2991 5740 3173 5805 καλῶς
3212 5739 3249 5798 Ρ
3278 5755 3448 5811 marg.
3545 5739 3564 5769 ⁸
3599 5737 3674 5809 μὴ
3704 5737 3803 5809 τήν
3833 5741 3894 5795 Α.

711 5891 785 5964 (1)
820 5891 931 5950 lloc
964 5894 1290 5965 procemium
1317 5908 1368 5951 et
1395 5897 1632 5953 tabulam
1666 5899 1802 5953 ἱιιΙίιι
1838 5901 2071 5972 positum
2101 5901 2198 5955 Soli
2246 5901 2444 5956 habent
2477 5902 2542 5957 A.
2582 5900 2643 5957 Ρ.
