4204 6522
264 0 375 15 Ἦρα-ν

268 14 341 31 ης
364 4 877 43 W

332 36 345 43 ⁴
398 36 441 43 ’ν’
480 40 555 49 ‘--<
580 42 705 53 “-varv
724 38 877 55 any"

736 456 877 516 1095

731 581 1017 644 procreata
1046 585 1167 627 esse
1193 550 1539 632 manifestum
1592 568 1875 632 habeatur,
1930 582 1961 637 q
1992 582 2038 619 ,ο
2087 567 2290 622 alimen

2417 569 2450 639 ή
2473 567 2583 620 τῶν
2612 567 3083 639 προσφερομένων
3112 568 3237 629 τοὺς
3259 568 3511 640 καρποὺς
3528 569 3775 640 διαμένῃ
3796 569 3957 639 φύσις
3980 587 3994 599 ’

733 677 936 730 torum,
967 677 1087 733 qua:
1107 676 1204 722 cett
1229 660 1481 715 circulari
1510 660 1743 729 quadam
1762 658 2137 712 vicissitudine
2156 657 2311 710 cxlri-

733 757 949 819 bentur,
975 767 1275 824 eorumque
1306 751 1451 807 unde
1469 751 1683 806 fructus
1702 757 2083 820 suppetuntur,
2110 760 2307 803 natura

2037 452 2311 509 HELETII
2346 453 2659 511 MONACM

2414 659 2462 710 εἰ
2491 658 2590 711 καὶ
2623 658 2929 729 λεληθότως
2962 660 3236 730 ὁσημέραι
3272 661 3408 730 πρὸς
3438 662 3677 715 ικαστον
3709 661 3823 714 τῶν
3857 677 3995 715 στοι-

2410 748 2574 817 χείων
2611 749 2679 802 τὰ
2713 749 2951 818 διάφορα
2981 750 3304 819 γεννήματα
3331 750 3574 821 χωροῦσι
3594 751 3664 803 ⁸⁸.

732 847 1047 903 indelieiens
1074 854 1449 918 permaneret;
1484 860 1796 916 quanquam
1838 841 1903 897 ad
1939 838 2216 911 quodlibet
2254 856 2323 894 ex
2357 839 2641 898 elementis
2682 840 2895 896 diversa
2946 856 3147 913 genera
3194 844 3249 896 in
3309 841 3428 899 dies
3454 843 3702 914 singulos
3726 842 3867 898 clam
3905 841 4001 897 de-

728 941 983 994 miarant.

796 959 801 994 ι
844 958 983 993 fill“.

796 958 1032 1094 Ignitum,
1074 1026 1481 1082 elementorum
1543 1040 1665 1095 quze
1733 1022 1962 1078 diversa:
2026 1021 2307 1094 qualitatis

708 1132 855 1181 sunt
909 1120 1212 1175 adinvicem
1271 1126 1579 1180 conventu,
1636 1114 1799 1184 ejus,
1856 1123 2001 1183 quou
2065 1113 2135 1167 ad
2192 1127 2310 1166 eor-

722 1216 870 1285 poris
899 1212 1067 1268 nostri
1100 1208 1358 1263 fabricam
1388 1207 1602 1273 attinet,
1632 1222 1696 1261 ac
1742 1204 1987 1258 omnium
2040 1218 2303 1274 quorum-

720 1318 937 1374 cunque
980 1298 1211 1357 aliorum
1264 1314 1521 1370 generum
1579 1313 1697 1367 qua:
1756 1298 1973 1351 diversa
2006 1295 2296 1356 habentur,

718 1395 1036 1452 constitutio
1094 1392 1420 1463 perficitur:
1466 1405 1587 1459 qua:
1643 1403 1708 1443 ex
1771 1387 2021 1457 pluribus
2068 1385 2299 1441 diversis

718 1486 978 1543 concordi
1037 1483 1337 1539 adinvicem
1368 1480 1556 1535 ordine
1609 1480 1901 1549 capulatis,
1952 1480 2056 1533 rite
2110 1478 2298 1532 consi—

716 1588 887 1632 stunt.
942 1576 1077 1641 Cum
1132 1590 1262 1628 vero
1315 1580 1668 1637 conventum,
1742 1586 1852 1641 quo
1902 1570 2293 1625 elementorum

718 1666 998 1721 harmonia
1019 1665 1205 1734 juncta
1225 1663 1569 1724 constiterat,
1595 1676 1837 1731 congruo
1859 1668 2104 1730 tempore
2124 1660 2298 1713 resol-

714 1759 766 1811 vi
804 1757 1127 1827 contigerit,
1156 1753 1521 1823 compositum
1558 1766 1759 1821 corpus
1790 1752 1843 1805 in
1880 1751 2174 1821 perniciem
2198 1766 2293 1805 ac-

2494 1020 2559 1075 'H
2618 1022 2723 1093 γὰρ
2774 1022 2884 1075 τῶν
2935 1022 3254 1092 έτεροφυῶν
3299 1024 3584 1094 στοιχείων
3634 1026 3988 1097 προσάλληλα

2411 1112 2689 1187 συνδρομὴ
2726 1115 2867 1169 κατά
2895 1116 2995 1186 τὴν
3017 1116 3111 1169 τοῦ
3144 1116 3400 1185 σώματος
3428 1117 3588 1187 ὴμῶν
3620 1124 3986 1191 κατασκευὴν,

2404 1206 2500 1259 καὶ
2530 1206 2641 1259 τῶν
2664 1206 2840 1260 ἀλλων
2877 1206 3133 1261 ἁπάντων
3161 1207 3440 1278 διαφόρων
3471 1208 3668 1276 γενῶν,
3739 1212 3986 1276 σύνθεσίς

2403 1298 2486 1360 τίς
2546 1300 2665 1350 ἐστι
2720 1299 2807 1351 διά
2872 1299 3138 1352 πλειόνων
3192 1300 3467 1369 ἀνομοίων
3490 1298 3531 1331 ⁶¹
3607 1302 3982 1372 ἅρμοζομένη.

2416 1386 2772 1456 Ἐκλυθείσης
2801 1388 2858 1440 δὲ
2888 1387 2965 1458 τῷ
3000 1388 3304 1460 καθήκοντι
3323 1389 3504 1460 καιρῷ
3532 1391 3628 1460 τῆς
3658 1392 3985 1462 συνδεούσης

2400 1479 2501 1549 τὴν
2531 1479 2639 1531 τῶν
2685 1481 2966 1549 στοιχείων
3019 1481 3328 1552 συνδρομὴν
3363 1482 3659 1553 ἁρμονίας,
3713 1483 3875 1537 πάλιν
3922 1484 3983 1537 τδ

2402 1571 2657 1624 σύνθετον
2695 1574 2774 1635 εἰς
2818 1574 2887 1626 τά
2932 1574 2992 1640 ἐξ
3026 1568 3101 1628 ὧν
3122 1576 3165 1607 ⁶¹
3223 1577 3523 1646 συνέστηκε
3578 1576 3809 1647 φθαρέν,
3850 1578 3981 1632 ἀνα·

2399 1662 2583 1715 λύεται
2644 1663 2711 1730 ⁸³,
2759 1663 2990 1716 ἑκάστου
3040 1664 3148 1716 τῶν
3213 1664 3598 1729 συνελθόντων,
3646 1664 3845 1734 πρὸςοδ
3882 1664 3980 1735 τὴν

2399 1753 2609 1807 οἰκείαν
2643 1754 2829 1823 χώραν
2860 1755 3199 1815 ἐπανιόντος.
3246 1754 3419 1808 Τοῦτο
3468 1756 3526 1808 δὲ
3575 1746 3687 1808 οἷον
3720 1755 3978 1809 κυκλικόν

716 1859 852 1912 tum,
886 1826 1026 1900 inea
1054 1860 1118 1899 ex
1161 1844 1357 1914 quibus
1389 1841 1744 1897 constitutum
1782 1839 1963 1895 fuerat
1998 1840 2177 1896 denuo
2206 1856 2287 1895 re-

2402 1847 2521 1899 ἔστι
2546 1847 2730 1916 σχῆμα
2763 1863 2777 1878 ο
2805 1846 2833 1898 ὃ
2862 1848 2956 1899 καὶ
2986 1847 3085 1913 τῆς
3115 1846 3331 1914 φύσεώς
3358 1849 3507 1899 ἐστιν
3529 1846 3843 1909 ἀκολουθία,
3873 1847 3970 1900 καὶ

715 1940 963 2002 solvitur,
995 1937 1237 2007 quolibet
1258 1950 1449 1990 eorum
1488 1948 1611 2004 qua:
1634 1933 1687 1987 in
1711 1949 1877 1987 unum
1905 1946 2292 1995 convenerant,

714 2030 779 2082 ad
831 2028 933 2083 sibi
966 2025 1341 2096 praescriptum
1393 2023 1577 2077 locum
1620 2028 1953 2076 revertente.
1982 2018 2095 2074 Hoc
2138 2034 2288 2072 namo

711 2136 817 2189 que
849 2135 947 2173 ceu
993 2116 1277 2173 circularis
1327 2114 1571 2185 quadam
1638 2112 1805 2183 figura
1862 2114 2111 2176 habetur,
2146 2112 2292 2180 quod

713 2215 769 2259 ct
829 2218 1039 2259 natura:
1103 2204 1453 2258 continuatus
1528 2201 1699 2264 ordo,
1754 2212 1806 2256 et
1872 2202 2125 2270 corporis
2171 2200 2289 2254 offi-

714 2298 879 2359 citim,
915 2296 1417 2365 elementorumque
1453 2292 1642 2358 series,
1668 2308 1731 2346 ac
1773 2292 2032 2361 temporis
2088 2291 2291 2345 hebdo-

715 2387 911 2440 iuatica
963 2384 1323 2439 circulatione
1384 2383 1653 2437 dimensio
1710 2392 1794 2437 est
1844 2422 1857 2435 .
1895 2368 2035 2451 quod
2072 2396 2136 2435 ex
2199 2396 2293 2435 eo-

711 2477 831 2533 dem
873 2473 1137 2542 originem
1176 2486 1400 2526 sumens
1462 2471 1515 2523 in
1580 2470 1719 2523 idem
1773 2469 1994 2523 desiuit.
2030 2468 2095 2521 Et
2126 2468 2290 2537 quale

710 2566 988 2637 quidpiam
1047 2563 1101 2616 in
1152 2561 1484 2631 agricultura
1535 2558 1648 2612 fieri
1700 2560 2000 2622 cernimus,
2043 2575 2167 2612 cum
2220 2576 2286 2615 ex

712 2657 947 2710 nubibus
974 2654 1273 2723 procedens
1314 2652 1506 2713 imber,
1557 2650 1673 2703 sive
1729 2664 1824 2719 per
1870 2665 2026 2717 aqua:
2091 2652 2288 2703 ductus

709 2749 953 2803 defluens
989 2748 1218 2807 humor,
1248 2743 1556 2811 subjectum
1616 2742 1796 2795 locum
1858 2742 2133 2795 madidum
2169 2744 2278 2795 red-

710 2841 805 2893 dit.
867 2836 1079 2891 ﬂortus
1140 2834 1363 2903 quidam
1410 2832 1642 2900 exempli
1697 2832 1869 2901 gratia
1910 2842 2198 2897 sumatur,
2234 2833 2285 2885 in

708 2946 819 3002 quo
848 2932 1148 2983 innumerae
1184 2928 1525 2981 diversarum
1559 2928 1839 2990 arborum,
1878 2942 1942 2981 ac
1978 2928 2138 2980 variae
2167 2943 2287 2995 spe-

707 3026 819 3079 cies
850 3036 1042 3077 eorum
1074 3035 1199 3089 quae
1224 3028 1368 3073 terra
1391 3027 1663 3089 procreat,
1720 3018 1962 3083 aluntur,
1998 3019 2050 3070 in
2085 3019 2284 3087 quibus

707 3119 958 3188 singulis,
1009 3125 1123 3170 tum
1166 3114 1361 3167 forma:
1412 3110 1696 3181 qualitate,
1744 3109 2109 3179 peculiar-ique
2158 3123 2284 3177 pro-

707 3212 935 3281 prietate
975 3207 1218 3261 colorum
1272 3203 1568 3274 plurimum
1602 3200 1938 3255 discriminis
1971 3202 2280 3269 inspicitur.

705 3302 840 3357 Cum
866 3300 1028 3371 igitur
1059 3313 1168 3351 uno
1196 3297 1250 3349 in
1278 3296 1419 3357 loco,
1452 3302 1560 3346 tam
1606 3291 1773 3343 multa
1810 3290 1878 3343 ab
1910 3304 2020 3343 uno
2055 3290 2285 3343 humore

707 3396 923 3449 alantur
958 3410 969 3444 :
1000 3389 1269 3458 siquidem
1303 3385 1536 3440 facultas
1558 3399 1683 3453 qua:
1715 3383 1909 3436 borum
1940 3384 2154 3452 singula
2183 3384 2285 3435 bi;-

708 3492 905 3539 mectat
939 3496 1107 3535 unum
1153 3477 1425 3549 quoddam
1478 3484 1673 3529 natura
1731 3474 2003 3527 habetur:
2060 3472 2162 3542 15
2229 3480 2285 3525 at

705 3589 893 3630 eorum
942 3587 1061 3642 quae
1094 3571 1314 3623 aluntur
1369 3566 1673 3636 proprietas
1729 3564 1959 3618 humore
2019 3574 2282 3617 Cuttsanle

704 3667 947 3721 diversas
988 3664 1044 3717 in
1094 3662 1386 3732 qualitates
1434 3663 1839 3722 commutatur;
1897 3670 2045 3719 nam,
2090 3656 2149 3709 in
2184 3656 2281 3709 ab-

703 3760 942 3825 sinthio,
1008 3754 1153 3826 quod
1214 3754 1335 3823 ejus
1387 3751 1662 3821 peculiare
1708 3757 1791 3804 est
1841 3750 2170 3815 amarescit;
2224 3750 2276 3803 in

703 3850 921 3907 aconito
967 3854 1147 3901 autem
1190 3845 1246 3898 in
1292 3857 1544 3913 saporem
1577 3842 1671 3911 qui
1708 3840 2010 3910 perniciem
2049 3841 2277 3905 inducit,

702 3956 1120 4013 transmutatur,
1152 3961 1216 4000 ac
1259 3944 1311 3998 in
1352 3944 1475 3997 aliis
1511 3942 1725 3996 diversa
1776 3940 1931 3994 fiunt.
1971 3939 2030 3994 In
2088 3956 2272 4005 croco,

701 4042 965 4103 balsamo,
1045 4053 1109 4091 ac
1161 4050 1448 4106 papavere,
1509 4031 1698 4087 eorum
1749 4031 2026 4100 quoddam
2076 4031 2280 4085 calefa-

700 4133 895 4195 ciendi,
946 4129 1090 4184 aliud
1138 4125 1519 4196 refrigerandi,
1574 4125 1848 4193 quoddam
1907 4139 2036 4179 vero
2095 4125 2274 4180 media

696 4223 958 4291 qualitate
995 4217 1281 4289 praeditum
1321 4222 1423 4269 est.
1466 4214 1607 4267 Idem
1632 4213 1699 4267 de
1726 4213 1904 4280 lauro,
1935 4227 1998 4267 ac
2024 4212 2271 4281 lentisco,

694 4327 748 4368 et
779 4318 865 4367 bis
896 4312 1169 4365 similibus
1192 4306 1418 4363 dixeris.
1451 4306 1508 4359 in
1550 4307 1651 4360 licu
1684 4306 1925 4373 quidem,
1957 4320 2023 4359 ac
2050 4305 2271 4372 vitibus,

693 4403 923 4459 dulcedo
957 4404 1047 4457 illa
1092 4398 1285 4470 optimi
1315 4397 1527 4467 saporis
1568 4398 1891 4462 innascitur,
1938 4412 2007 4452 ex
2036 4413 2270 4467 quarum

2399 1938 2494 1989 τοῦ
2525 1939 2777 2007 σώματος
2800 1938 2961 2007 ἔργον
2988 1951 3003 1968 ⁶
3038 1938 3132 1991 καὶ
3161 1937 3271 1990 τῶν
3302 1937 3587 2007 στοιχείων
3626 1936 3819 2007 είρμός
3840 1952 3852 1964 ⁸
3881 1938 3979 1990 καὶ

2396 2031 2491 2081 τοῦ
2519 2031 2714 2100 χρόνου
2744 2032 2788 2062 ⁸⁵
2815 2031 2902 2083 διὰ
2934 2031 3037 2100 τῆς
3077 2030 3443 2101 ἑϐδομαδικῆς
3475 2030 3905 2100 ἀνακυκλήσεως
3932 2033 3979 2064 ⁸⁸

2398 2123 2603 2193 μέτρον
2628 2139 2639 2151 ·
2660 2125 2796 2193 ὅπερ
2830 2123 2889 2188 ἐξ
2919 2124 3117 2177 ἑαυτοῦ
3154 2124 3403 2195 ἄρχεται,
3451 2123 3546 2176 καὶ
3592 2125 3672 2186 είς
3707 2123 3899 2177 ἑαυτὸν
3920 2124 3963 2156 "

2393 2213 2714 2285 καταλήγει.
2745 2210 2873 2267 Οἴον
2897 2214 2959 2284 δή
2992 2231 3043 2266 τι
3070 2215 3115 2246 ⁸⁸
3156 2214 3295 2267 κατά
3326 2214 3603 2283 γεωργίαν
3654 2213 3804 2266 ἔστιν
3848 2213 3976 2266 ίδεῖν

2390 2305 2488 2372 τῆς
2512 2307 2573 2357 ἐκ
2600 2306 2781 2372 νεφῶν
2798 2304 3130 2374 ἐπομϐρίας,
3156 2305 3187 2376 ἢ
3220 2308 3317 2375 τῆς
3334 2306 3380 2336 ⁴⁹
3416 2304 3525 2357 τῶν
3551 2304 3755 2375 ὀχετῶν
3812 2307 3968 2376 ἑπιρ-

2392 2394 2522 2462 ῥοῆς
2548 2392 2837 2462 διάὅροχον
2859 2394 3125 2463 ποιούσης
3148 2393 3208 2446 τὸ
3239 2392 3628 2463 ὑποκείμενον.
3672 2394 3866 2463 Κῆπος
3916 2394 3974 2447 δέ

2389 2490 2474 2546 τις
2507 2484 2822 2536 ὑποκείσθω
2854 2484 2934 2553 τῷ
2978 2483 3123 2553 λόγῳ
3147 2498 3161 2513 ο
3202 2483 3405 2554 μυρίας
3435 2483 3671 2554 δένδρων
3708 2482 3972 2553 διαφορὰς

2390 2575 2745 2638 παντοδαπάς
2764 2592 2823 2627 τε
2846 2576 2955 2627 τῶν
2995 2577 3058 2628 ἰκ
3081 2576 3183 2643 γῆς
3206 2575 3491 2645 φυομένων
3524 2575 3669 2638 ἰδέας
3691 2576 3747 2627 έν
3790 2577 3973 2645 ἑαυτῷ

2387 2665 2602 2734 τρέφων
2624 2681 2637 2693 ·
2674 2660 2749 2717 ὧν
2773 2665 2869 2717 καὶ
2913 2665 2975 2716 τὸ
3011 2664 3196 2733 σχῆμα
3225 2665 3318 2716 καὶ
3343 2666 3376 2733 ὴ
3407 2665 3650 2733 ποιότης,
3686 2664 3779 2717 καὶ
3811 2666 3844 2734 ἡ
3874 2664 3972 2733 τῆς

2389 2757 2583 2825 χροίας
2618 2756 2819 2825 ἰδιότης
2850 2758 2907 2808 ὲν
2938 2756 3108 2825 πολλῇ
3144 2756 3381 2826 διαφορᾷ
3409 2757 3523 2816 τοῖς
3560 2755 3681 2808 καθ’
3735 2755 3969 2808 ἕκαστον

2388 2847 2756 2918 ὲνθεωρεῖται.
2798 2847 3149 2901 Τοσούτωντο
3181 2848 3360 2901 τοίνυν
3409 2846 3550 2899 κατά
3587 2847 3678 2899 τὸν
3717 2847 3814 2900 ἕνα
3861 2846 3969 2917 χῶ-

2388 2956 2481 3009 ρον
2519 2940 2596 3008 τῷ
2620 2938 2773 3009 ὑγρῷ
2816 2939 3191 3008 τρεφομένων,
3250 2941 3283 3007 ή
3317 2940 3418 3006 μὲν
3450 2937 3845 3001 ὑπονοτίζουσα
3898 2938 3968 2992 τὰ

2386 3030 2509 3083 καθ’
2526 3029 2756 3083 ἕκαστον
2776 3030 3023 3098 δύναμις,
3054 3030 3152 3100 μία
3172 3048 3251 3092 τις
3268 3030 3409 3083 κατά
3438 3031 3537 3101 τὴν
3577 3031 3741 3099 φύσιν
3774 3031 3923 3084 ἐστίν
3944 3045 3958 3059 ’

2387 3125 2418 3191 ἠ
2463 3122 2519 3174 δὲ
2547 3123 2589 3152 ⁷¹
2628 3122 2735 3174 τῶν
2766 3122 3125 3191 τρεφομένων
3184 3121 3384 3189 ἰδιότης
3438 3123 3519 3183 εἰς
3566 3120 3860 3191 διαφόρους
3906 3121 3967 3174 τδ

2389 3214 2556 3283 ὑγρὸν
2582 3214 2912 3283 μεταῦἁλλει
2939 3214 2981 3245 ⁷³
3013 3212 3309 3282 ποιότητας
3334 3230 3346 3244 ·
3373 3212 3434 3265 τὸ
3459 3212 3565 3283 γὰρ
3587 3212 3718 3266 αὐτὸ
3750 3212 3966 3284 πικραίο

2385 3324 2535 3358 νεται
2569 3306 2613 3337 ⁷³
2646 3308 2742 3375 μὲν
2770 3308 2827 3358 ὲν
2882 3309 2951 3377 τῇ
2987 3305 3196 3376 ἀψίνθῳ
3222 3322 3236 3335 ·
3270 3307 3352 3368 εἰς
3400 3304 3727 3376 φθοροποιὸν
3776 3306 3833 3357 δὲ
3868 3324 3966 3376 χυ-

2390 3397 2492 3466 μὸν
2520 3399 2578 3447 ὲν
2596 3397 2673 3463 τῷ
2707 3396 2917 3466 κωνείῳ
2949 3396 3268 3465 μεθίσταται
3303 3412 3315 3425 ·
3345 3396 3443 3449 καὶ
3464 3395 3640 3460 ἀλλως
3664 3399 3722 3449 ἐν
3751 3395 3896 3466 ἄλλῳ
3915 3397 3964 3429 ’⁸

2385 3488 2595 3553 γίνεται
2623 3504 2635 3516 ⁸
2666 3488 2724 3538 ὲν
2770 3487 2977 3556 κρόκῳ,
3030 3487 3087 3538 ὲν
3118 3486 3407 3557 βαλσάμῳ,
3470 3489 3528 3538 ὲν
3569 3489 3828 3558 μήκωνι·
3886 3487 3963 3557 τῷ

2387 3578 2487 3647 μὲν
2511 3580 2555 3609 ⁷⁵
2609 3578 2720 3646 γὰρ
2762 3576 3207 3646 ἐκθερμαίνεται,
3270 3577 3347 3646 τῷ
3391 3577 3449 3630 δὲ
3478 3577 3524 3609 ⁷⁸
3558 3577 3960 3649 καταψύχεται,

2382 3670 2460 3739 τῷ
2493 3670 2548 3721 δὲ
2582 3669 2756 3739 μέσην
2786 3668 2901 3738 ἔχει
2924 3668 3187 3738 ποιότητα
3219 3686 3231 3700 υ
3265 3669 3443 3721 καὶέν
3472 3668 3650 3741 δάφνῃ
3673 3670 3738 3733 ’⁷,
3781 3670 3875 3724 καὶ
3903 3672 3963 3724 έν

2386 3760 2606 3830 σχοίνῳ,
2645 3760 2741 3811 καὶ
2767 3762 2880 3821 τοῖς
2907 3758 3173 3821 τοιούτοις
3205 3758 3435 3813 εὖπνοόν
3453 3758 3500 3789 ⁷⁸
3524 3760 3644 3813 ἐστι
3672 3776 3686 3791 ·
3724 3760 3785 3813 ὲν
3817 3764 3959 3831 συκῇ

2381 3870 2442 3903 τε
2473 3853 2567 3903 καί
2593 3850 2831 3921 ἀμπέλῳ
2854 3850 3277 3921 κατεγλυκάνθη
3308 3869 3322 3883 ·
3347 3852 3445 3904 καὶ
3472 3852 3501 3905 ό
3526 3850 3732 3921 ταύτης
3763 3851 3963 3922 βότρυς

2380 3940 2521 4005 οἶνος
2551 3943 2823 4009 ἐγγίνεται
2852 3943 2913 3975 "-
2940 3942 3034 3995 καὶ
3057 3944 3085 3995 ό
3111 3941 3206 3995 τοῦ
3264 3942 3437 4012 μήλου
3464 3942 3625 4013 χυλός
3647 3942 3693 3974 ⁸⁸
3723 3959 3737 3973 ·
3787 3944 3883 3996 καὶ
3898 3944 3961 3997 τὸ

2380 4035 2475 4087 τοῦ
2502 4034 2655 4105 ῥόδου
2686 4033 2941 4103 ἐρύθημα
2958 4050 2979 4093 ;
3003 4034 3100 4087 καὶ
3124 4034 3185 4087 τὸ
3208 4034 3303 4088 τοῦ
3332 4034 3518 4105 κρίνου
3549 4035 3807 4108 λαμπρόν
3825 4053 3838 4066 ·
3865 4037 3960 4089 καί

2378 4127 2440 4180 τὸ
2469 4125 2727 4189 κυανίζον
2766 4125 2861 4177 τοῦ
2885 4125 2966 4177 ίου
2997 4141 3010 4155 °
3054 4126 3149 4179 καὶ
3175 4126 3353 4180 πάντα
3376 4126 3477 4180 ὅσα
3506 4127 3647 4179 κατά
3698 4127 3797 4197 τὴν
3853 4128 3959 4197 γῆν

2378 4216 2527 4268 ἔστιν
2566 4216 2716 4280 ἰδεῖν,
2738 4215 2808 4266 ὲκ
2848 4216 2980 4283 μιᾶς
3016 4214 3231 4283 καὶτῆς
3257 4213 3431 4283 αὐτῆς
3464 4213 3690 4283 ἰκμάδος
3720 4214 3957 4269 ἀναϐλα-

2379 4310 2641 4363 στάνοντα
2672 4324 2688 4341 ο
2723 4308 2803 4369 εἰς
2858 4305 3131 4368 τοσαύτας
3168 4305 3225 4358 δὲ
3264 4305 3530 4376 διαφορὰς
3584 4305 3728 4359 κατά
3769 4322 3831 4358 τε
3890 4307 3956 4359 τὸ

2378 4401 2587 4470 σχῆμα,
2621 4400 2715 4452 καὶ
2742 4398 2803 4450 τὸ
2833 4393 2995 4462 εἶδος,
3031 4398 3126 4450 καὶ
3154 4397 3253 4461 τὰς
3271 4397 3569 4467 ποιότητας
3592 4396 3949 4467 διακρίνεται,

692 4498 923 4553 racemis
946 4498 1131 4549 vinum
1164 4492 1251 4557 iit;
1287 4500 1400 4545 tum
1432 4489 1526 4557 qui
1547 4489 1599 4542 in
1618 4490 1795 4558 pomis
1811 4504 2007 4544 succus
2029 4489 2265 4557 exsistit,

2390 4494 2504 4555 iam;
2529 4491 2650 4544 οὐδὲ
2689 4489 2871 4561 ῥᾴδιον
2899 4491 2943 4520 ⁸³
2975 4487 3304 4559 ἀριθμῆσαι.

690 4599 1053 4654 rosarumque
1110 4580 1339 4643 rubedo,
1393 4578 1603 4646 liliique
1664 4576 1981 4645 splendidus
2051 4579 2275 4645 candor,
2320 4582 2584 4650 violaeque
2629 4579 3035 4634 cari-ulcscentis
3086 4578 3239 4633 color
3261 4579 3744 4651 apparet.Necnou
3765 4581 3950 4636 omnia

690 4694 811 4749 quae
844 4679 901 4732 in
951 4686 1096 4729 terra
1141 4672 1425 4732 visuntur,
1460 4683 1525 4721 ex
1556 4682 1666 4720 uno
1710 4668 2010 4735 eodemque
2064 4668 2296 4726 humore
2363 4670 2758 4742 germinantia,
2820 4670 2872 4723 in
2921 4682 3031 4724 tam
3086 4685 3414 4728 numerosas
3456 4671 3811 4742 diversasque
3859 4688 3951 4729 se-

689 4768 927 4823 cundum
960 4765 1187 4831 figuram
1216 4758 1563 4827 speciemque
1587 4755 1879 4827 qualitates
1933 4757 2367 4827 distinguuntur,
2413 4770 2472 4815 ut
2504 4775 2693 4815 eorum
2748 4776 3006 4816 numeros
3064 4775 3387 4831 percensere
3445 4763 3944 4822 laboriosissimum

730 4860 974 4913 abeatur.

690 4862 974 4915 habeatur.
1999 4870 2007 4879 ·

759 4950 888 5005 Tale
934 4946 1212 5018 quidpiam
1247 4954 1441 4997 natura
1481 4944 1619 5013 ipsa,
1660 4956 1754 4997 seu
1809 4952 2018 4997 naturae
2062 4930 2246 5013 potius

2431 4948 2681 5002 Τοιοῦτόν
2702 4966 2753 5001 τι
2774 4948 2917 5003 κατά
2942 4948 3041 5017 τὴν
3066 4947 3311 5020 ἔμψυχον
3340 4950 3373 5019 ἡ
3383 4948 3501 5017 μῶν
3532 4949 3778 5019 ἄρουραν
3808 4950 3944 5004 θαυ-

683 5043 957 5112 princeps,
1012 5039 1065 5091 in
1134 5045 1322 5091 nostro
1359 5035 1505 5104 quod
1580 5033 1759 5086 anima
1817 5033 2105 5102 praeditum
2176 5044 2262 5090 est

2390 5044 2754 5094 intentetur.
2790 5040 2944 5111 παρὰ
2988 5042 3087 5111 τῆς
3141 5040 3382 5110 φύσεως,
3438 5040 3641 5110 μᾶλλον
3686 5041 3743 5094 δὲ
3795 5036 3946 5114 παρά

683 5149 816 5189 arvo
878 5132 1125 5186 mirabile
1176 5138 1455 5199 operatur.
1502 5124 1658 5180 Unde
1708 5141 1855 5191 ossa,
1884 5126 2256 5195 cartilagines,

2390 5127 2459 5180 οὗ
2515 5129 2791 5182 Δεσπότου
2844 5130 2946 5199 τῆς
2985 5131 3201 5199 φύσεως
3240 5146 3255 5160 ⁸
3298 5132 3465 5185 ὀστέα
3499 5149 3561 5185 τε
3622 5134 3779 5187 xui.“
3818 5136 3943 5206 χόν-

680 5242 866 5291 venze,
927 5225 1174 5290 arteriaa,
1232 5230 1538 5289 cunctaque
1585 5234 1707 5287 quae
1755 5235 1927 5289 nuper
1968 5222 2257 5276 retulimus

2390 5230 2500 5289 ροι,
2560 5220 2755 5287 φλέϐες
2790 5221 2885 5274 καὶ
2940 5223 3223 5295 ἀρτηρίαι,
3258 5224 3353 5278 καὶ
3410 5224 3590 5280 πάντα
3634 5226 3704 5278 τά
3756 5227 3941 5299 μικρῷ

679 5318 845 5383 ﬁunt;
863 5333 928 5370 ex
945 5316 1144 5385 quibus
1161 5316 1361 5375 denuo,
1384 5312 1550 5376 oculi,
1572 5311 1849 5375 tuniculae,
1868 5328 2051 5378 nares,
2070 5329 2253 5378 aures,

2394 5314 2673 5383 μπροσθεν
2694 5316 2966 5387 εἰρημένα
2983 5318 3051 5352 ιν
3074 5334 3090 5348 ⁶
3124 5317 3185 5382 ἐξ
3217 5312 3294 5376 ὧν
3324 5319 3487 5373 πάλιν
3537 5318 3811 5390 ὀφθαλμοὶ
3844 5322 3939 5375 καὶ

676 5409 884 5479 lingua,
945 5408 1156 5474 dentes,
1195 5406 1445 5477 gingivae,
1477 5403 1747 5475 gurgulio,
1799 5403 2078 5459 claviculas
2134 5406 2256 5461 lbo-

2390 5406 2611 5477 ειτῶνες,
2668 5408 2816 5479 ῥῖνες
2860 5410 2966 5463 ’καὶ
2985 5410 3031 5442 ⁸³
3063 5404 3178 5465 ὧτα
3209 5427 3226 5443 ο
3276 5411 3503 5481 γλῶσσα
3552 5412 3647 5466 καὶ
3674 5411 3886 5477 ὀδόντες
3919 5431 3935 5446 ·

2534 5568 2577 5600 ⁶¹
2604 5570 2684 5630 εἰς
2709 5569 2738 5621 ὃ
2768 5566 2857 5639 Rt
2914 5570 2981 5639 7“
3000 5569 3281 5623 διαλύεται
3333 5568 3401 5639 Β,
3428 5569 3657 5639 φθορὰν
3680 5570 3837 5639 ﬁve}.
3868 5567 3932 5624 Ρ.

765 5569 813 5600 ⁸ο
840 5566 973 5636 γένη
1015 5564 1426 5650 μεταχωροῦσιν
1456 5564 1496 5617 Β
1521 5564 1580 5617 Ρ.
1690 5567 1731 5597 ⁸⁸
1768 5566 2044 5647 ἁρμονιῶν
2083 5566 2122 5618 Β
2145 5568 2207 5627 P,
2244 5566 2428 5621 interl.
2534 5568 2577 5600 ⁶¹
2604 5570 2684 5630 εἰς
2709 5569 2738 5621 ὃ
2768 5566 2826 5622 Β.
2936 5570 2981 5601 ⁸³
3000 5569 3281 5623 διαλύεται
3333 5568 3393 5629 Β.
3428 5569 3633 5639 φθορὰν
3680 5570 3837 5625 ἀναλ.
3868 5567 3932 5624 Ρ.

765 5638 885 5694 ιίςυ
909 5636 968 5689 Ρ.
1074 5637 1117 5669 ⁵⁸
1148 5654 1298 5694 γρον,
1320 5636 1375 5687 δὲ
1401 5636 1464 5689 C.
1563 5636 1607 5666 “
1639 5636 2001 5694 ἐδδοματικης
2032 5638 2383 5694 ἀνακλήσεως
2412 5638 2470 5692 Β.
2567 5640 2609 5669 ⁸⁷
2642 5640 2802 5691 ἑαυτὸ
2828 5638 2870 5691 Β
2898 5638 2939 5693 C
2973 5640 3031 5693 P.
3110 5642 3153 5673 “
3175 5640 3234 5693 δέ
3268 5657 3322 5693 τι
3354 5636 3465 5694 οἷόν
3488 5657 3541 5691 τι
3570 5639 3611 5691 Β
3638 5638 3701 5694 C.
3734 5634 3847 5693 οἷον
3878 5656 3937 5692 τι

676 5639 721 5676 ⁸⁸
746 5638 885 5699 είςο
909 5636 968 5689 Ρ.
1020 5636 1027 5637 ί
1074 5637 1117 5669 ⁵⁸
1148 5636 1298 5707 χρόν,
1320 5636 1375 5687 δὲ
1401 5636 1464 5689 C.
1563 5636 1607 5666 “
1639 5636 2001 5707 ἑϐδοματικῆς
2032 5638 2383 5705 ἀνακλήσεως
2412 5638 2470 5692 Β.

675 5707 853 5781 κᾼαὶῗι).
884 5776 895 5781 _
929 5708 1097 5781 “5ij;
1128 5706 1243 5781 om,
1276 5708 1349 5781 C._
1431 5707 1480 5781 τέ’.
1504 5707 1756 5781 τοσούτοις
1861 5706 1921 5781 P.
2067 5711 2115 5757 εἰ
2144 5707 2200 5758 δὲ
2236 5708 2290 5759 C.

2396 5710 2413 5738 ³
2452 5710 2749 5781 μεταόἀλει
2916 5710 2970 5781 7⁷³
2990 5711 3265 5781 πικραίνει
3303 5710 3387 5781 C._
3442 5710 3487 5741 7‘
3514 5710 3692 5781 xalAév

675 5779 719 5809 ⁷³
746 5775 1012 5848 τὸαμὲνβ
1041 5773 1149 5848 Ρκ
1192 5773 1417 5848 "facing
1438 5775 1492 5827 δὲ
1526 5773 1587 5848 β,
1618 5776 1679 5848 to
1709 5776 1765 5848 δὲ
1795 5775 1878 5848 I_’.,
1912 5778 1979 5848 it._
2007 5777 2101 5828 lin.
2133 5791 2248 5848 seq.

2400 5773 2535 5832 κζὲν
2557 5780 2604 5831 ὃ.
2638 5794 2748 5835 om.
2780 5779 2841 5834 C.
2885 5780 2927 5811 ⁷⁸
2954 5773 3221 5847 ἡδύπνοον
3242 5780 3301 5843 Β,
3333 5779 3568 5832 εὔπνουν
3598 5777 3661 5832 C.
3739 5778 3782 5810 "
3811 5779 3936 5848 ἐγέ-

673 5844 859 5921 νετοξΒ
892 5846 931 5900 C
957 5844 1018 5898 P.
1071 5915 1081 5921 _
1111 5846 1155 5876 ⁸⁰
1190 5845 1439 5921 longe.
1501 5844 1572 5921 ,ξ’
1606 5846 1669 5921 ού
1960 5845 2005 5921 _"
2042 5862 2101 5921 τε
2122 5846 2227 5921 grai.
2255 5860 2288 5921 ε

2390 5848 2428 5900 ii.
2458 5859 2585 5905 ante
2612 5849 2733 5921 ἀρτ.
2758 5858 2812 5907 et
2840 5844 3217 5921 δηιοχιτῶνες
3245 5859 3299 5906 et
3323 5861 3451 5907 ante
3479 5850 3696 5921 γαστήρ
3723 5864 3834 5905 om.
3853 5844 3925 5905 Ρ.

670 5886 1439 5987 ίῖ-ῖςπῑέιίρήμενῖῑῖρῖ·
1500 5915 1544 5945 ει
1579 5886 1672 5967 si
1704 5886 1764 5986 ξς
1796 5886 1855 5981 ii;
1888 5916 1981 5969 mi
2006 5886 2227 5970 τῑε-ῑοῑ
2255 5886 2313 5969 ii
