4204 6496
722 483 854 540 i099

2028 470 2311 531 MELETII
2349 470 2657 530 MONACIll

3850 470 3987 527 “('0

720 598 927 650 latione
984 592 1202 665 rigescit
1268 590 1595 660 calescitque
1626 629 1639 655 ,
1694 595 1889 641 natura
1922 585 2083 643 nobis
2141 599 2277 641 cras-

2392 582 2503 637 τῶν
2543 580 2702 653 ὡρῶν
2751 580 3100 651 μεταϐολαῖς,
3151 580 3247 635 καὶ
3284 580 3671 653 θερμαίνεται·
3704 581 3764 634 οὖ
3829 599 3989 655 περι-

719 704 836 741 s:un
898 697 1076 742 cutem
1134 693 1191 738 ut
1247 682 1454 740 bobus.
1488 695 1584 736 seu
1641 678 1769 744 aliis
1815 678 2126 750 hujusmodi
2170 677 2290 731 ani-

721 779 953 833 malibus
1019 791 1141 845 quae
1215 776 1379 830 simili
1444 774 1667 845 praedita
1728 783 1855 830 sunt
1915 781 2058 835 cute,
2121 771 2293 825 haud-

717 884 992 939 quaquam
1054 867 1471 938 superinduxit;
1536 867 1629 921 sed
1700 882 1876 937 neque
1937 864 2133 934 amplis
2165 862 2291 933 pilis

715 959 1036 1029 densisque,
1088 970 1146 1013 ut
1194 959 1429 1028 pecudes
1487 972 1885 1028 caprarumque
1926 971 2119 1026 genus,
2159 971 2290 1013 cou-

716 1052 933 1106 vestivit
970 1071 983 1106 :
1021 1067 1196 1121 neque
1251 1061 1309 1105 ut
1354 1060 1663 1120 serpentes,
1706 1049 2024 1120 piscesque,
2057 1049 2291 1105 reddidit

714 1144 1009 1198 corticatos
1029 1160 1041 1195 :
1064 1157 1163 1197 nec
1193 1150 1407 1208 testam,
1443 1150 1503 1196 ut
1527 1140 1915 1205 testudinibus,
1940 1154 2003 1195 ac
2038 1140 2288 1195 cochlea-

715 1250 836 1288 rum
870 1233 1418 1304 generi,cunctisque
1438 1248 1561 1303 qua
1614 1241 1849 1288 testacea
1877 1240 2024 1295 sunt,
2060 1231 2289 1301 largitus

712 1336 814 1379 est.
848 1324 953 1379 Sed
977 1340 1153 1394 neque
1180 1340 1477 1395 pennarum
1513 1326 1780 1388 velamen,
1814 1333 1872 1379 ut
1901 1323 2095 1379 avibus
2127 1324 2286 1379 adhi-

711 1416 850 1473 buit.
892 1415 1242 1473 Necessarius
1281 1418 1444 1487 igitur
1467 1417 1624 1473 nobis
1682 1416 2124 1473 veSIimentorum
2156 1430 2287 1470 usus

710 1509 941 1575 exstitit,
986 1517 1046 1563 ut
1073 1525 1158 1575 eo,
1186 1510 1329 1579 quod
1357 1508 1585 1566 rationis
1619 1509 1934 1581 expertibus
1959 1507 2286 1562 animalibus

714 1607 908 1653 natura
934 1598 1208 1667 impartita
1234 1607 1319 1652 est
1337 1588 1700 1668 expleremus.
1720 1598 1798 1652 Ad
1826 1598 1941 1653 haec
1970 1597 2122 1660 item,
2141 1597 2286 1651 aedi-

712 1689 817 1745 bus
835 1689 994 1745 nobis
1005 1704 1144 1759 opus
1157 1699 1296 1755 erat,
1309 1690 1513 1759 quibus
1554 1689 1810 1743 imbrium
1832 1687 2285 1758 hiemisquetem-

711 1787 978 1852 pestatem
1024 1781 1127 1851 1'7
1158 1781 1479 1852 caloresque
1521 1781 1938 1836 declinaremus.
1996 1777 2282 1845 Praeterea,

711 1873 839 1942 quia
874 1871 928 1927 id
957 1873 1102 1942 quod
1138 1872 1192 1926 in
1231 1886 1382 1926 esum
1425 1879 1725 1941 potumque
1767 1872 2115 1927 adhibemus.
2156 1885 2285 1926 con-

2399 675 2559 745 έθηκε
2586 674 2643 727 δὲ
2673 676 2804 745 ἡμῖν
2834 675 2861 726 ὁ
2880 673 3015 736 Θεὸς
3043 674 3107 725 ἐκ
3124 673 3341 742 φύσεως
3377 673 3553 744 δέρμα
3589 674 3735 743 παχὺ
3766 675 3843 738 ὡς
3871 678 3981 740 τοῖς

2399 767 2604 838 βουσὶν,
2627 767 2661 839 ἦ
2693 769 2808 830 τοῖς
2830 765 3015 829 ἄλλοις
3040 765 3201 830 ζώοις
3226 769 3340 830 τοῖς
3364 766 3739 837 παχυδέρμοις
3767 767 3831 799 ¹³’
3856 766 3979 822 οὔτε

2395 859 2586 930 τρίχας
2622 859 2865 929 μεγάλας
2907 859 3001 911 καὶ
3036 857 3250 920 πυκνάς
3299 858 3375 921 ὼς
3427 862 3541 922 τοῖς
3586 858 3979 930 προϐάτοις,ἢ

2396 952 2516 1012 ταῖς
2561 948 2736 1015 αἰξίν·
2773 946 2897 1001 οὔτε
2944 947 3194 1015 φολίδας,
3228 948 3305 1011 ὡς
3353 950 3467 1011 τοῖς
3510 948 3697 1018 ὄφεσι,
3729 951 3824 1002 καὶ
3867 951 3978 1011 τοῖς

2400 1038 2630 1111 ἰχθύσιν·
2655 1036 2777 1091 οὔτε
2805 1036 3069 1108 ὄστρακα,
3095 1036 3172 1100 ὡς
3197 1038 3321 1100 ταῖς
3352 1036 3617 1106 χελώναις
3637 1078 3651 1102 ,
3678 1039 3772 1091 καὶ
3800 1040 3910 1102 τοῖς
3934 1038 3979 1071 ³⁵

2395 1130 2657 1201 κοχλίαις,
2691 1129 2786 1184 καὶ
2826 1132 2939 1191 τοῖς
2966 1128 3430 1201 ὀστρακοδέρμοις
3470 1132 3659 1184 πᾶσιν·
3692 1130 3815 1184 οὔτε
3844 1130 3975 1183 πτέ-

2398 1222 2661 1296 ρυγαςη,
2711 1222 2787 1286 ὼς
2840 1222 2954 1285 τοῖς
2999 1221 3229 1292 ὀρνέοις.
3291 1222 3631 1291 Ἀναγκαίως
3659 1224 3704 1255 ⁸⁸
3750 1223 3977 1287 ἐσθῆτος

2392 1316 2696 1386 ἐδεήθημεν
2744 1312 3238 1385 ἀναπληρούσης¹⁷
3284 1316 3421 1385 ἡμῖν
3459 1316 3502 1348 ¹⁸
3547 1316 3687 1387 ὅπερ
3731 1318 3765 1387 ἡ
3815 1314 3976 1385 φύσις

2391 1411 2506 1472 τοῖς
2549 1408 2769 1478 ἀλόγοις
2821 1409 3139 1480 ἐδωρήσατο
3160 1411 3227 1463 ’⁸.
3274 1409 3350 1463 Οὐ
3400 1411 3562 1479 μόνον
3596 1409 3652 1463 δὲ
3704 1410 3839 1464 ἀλλά
3881 1410 3977 1464 καὶ

2392 1502 2662 1571 οἰκήσεως
2704 1499 2795 1553 διὰ
2826 1502 2954 1565 τοὺς
2988 1499 3231 1572 ὄμϐρους
3271 1502 3365 1555 καὶ
3398 1502 3678 1572 χειμῶνας
3719 1502 3814 1556 καὶ
3844 1501 3975 1555 καύ-

2399 1611 2568 1664 ματα,
2603 1592 2693 1646 διὰ
2731 1591 2893 1646 τοῦτο
2922 1593 3000 1656 ὡς
3047 1593 3475 1665 ἐξαπορούμενοι
3515 1593 3575 1658 ἐξ
3620 1594 3843 1665 ὄμϐρων
3882 1594 3978 1647 καὶ

2390 1686 2661 1760 χειμῶνος
2703 1687 2801 1741 καὶ
2853 1686 3138 1757 καύματος
3164 1689 3210 1720 ²⁹
3248 1688 3480 1757 ἐσθῆτος
3528 1687 3834 1759 ἐδεήθημεν
3882 1686 3978 1741 καὶ

2389 1779 2658 1850 οἰκήσεως
2680 1780 2722 1811 ¹¹
2746 1794 2760 1808 ·
2784 1776 2871 1831 διὰ
2899 1777 2956 1831 δὲ
2981 1779 3045 1831 τὸ
3063 1778 3438 1850 διαφορεῖσθαι
3461 1779 3560 1850 τὴν
3589 1780 3976 1852 ὲπεισερχομὲ-

2391 1886 2489 1941 νην
2530 1869 2774 1940 τροφὴν,
2817 1869 2985 1940 ἄλλης
3032 1871 3241 1941 τροφῆς
3278 1870 3373 1923 καὶ
3413 1870 3602 1924 ποτοῦ·
3639 1870 3727 1923 διὰ
3777 1869 3833 1922 δὲ
3878 1869 3977 1934 τὰς

712 1963 800 2018 ﬁci
872 1963 1093 2019 assidue
1154 1962 1441 2033 contingit,
1494 1960 1601 2018 alio
1648 1960 1991 2034 indigemus;
2045 1974 2160 2017 tum
2215 1963 2277 2017 oh

2387 1960 2723 2032 δυσκρασίας
2774 1960 2884 2013 τῶν
2935 1962 3274 2033 ποιοτήτων,
3314 1963 3405 2015 καὶ
3452 1959 3555 2031 την
3602 1962 3757 2014 λύσιν
3779 1962 3827 1993 ’⁸
3875 1961 3978 2031 τῆς

709 2053 1036 2121 qualitatum
1099 2053 1495 2123 intemperiem,
1552 2068 1616 2109 ac
1664 2069 1731 2109 ne
1791 2056 2038 2125 corporis
2090 2054 2283 2125 copula

705 2144 988 2209 solvatur,
1039 2142 1198 2197 nobis
1249 2128 1611 2198 medicorum
1645 2144 1931 2199 curatione
1990 2159 2129 2215 opus
2178 2153 2282 2201 est.

779 2232 965 2304 Neque
995 2235 1139 2289 enim
1174 2249 1263 2289 res
1300 2233 1447 2304 ipsas
1487 2233 1556 2289 ad
1608 2234 1846 2290 hominis
1903 2236 2285 2291 tantummodo

708 2324 1030 2380 alimentum
1078 2334 1290 2379 creatas
1337 2336 1478 2390 esse,
1516 2323 1612 2380 sed
1648 2323 1819 2380 multo
1851 2325 2027 2396 magis
2062 2326 2285 2381 medela:

708 2414 883 2485 ipsius
921 2413 1095 2485 gratia
1151 2414 1482 2470 censendum
1542 2425 1675 2470 est:
1725 2415 1859 2471 nihil
1902 2417 2046 2472 enim
2092 2432 2281 2473 eorum

706 2518 828 2575 quae
856 2513 999 2559 terra
1025 2505 1375 2560 continentur
1393 2506 1627 2570 exsistit,
1657 2506 1803 2577 quod
1836 2508 2122 2564 medicinae
2175 2510 2280 2565 arti

706 2610 816 2650 non
856 2595 1121 2658 conferat,
1162 2595 1477 2667 hominique
1510 2597 1805 2668 opituletur
1845 2615 1858 2651 :
1895 2599 2008 2654 sive
2041 2599 2279 2655 ferarum

706 2700 902 2754 genus,
956 2694 1360 2755 serpentumve,
1393 2694 1482 2741 aut
1532 2688 1836 2757 volucrum,
1889 2690 2006 2745 sive
2058 2691 2280 2760 stirpes.

706 2778 927 2841 herbas.
967 2765 1198 2850 lapides,
1234 2778 1318 2833 vel
1352 2778 1594 2834 omnium
1644 2795 1828 2837 rerum
1860 2798 1982 2853 quae
2010 2798 2062 2838 ιη
2112 2791 2278 2849 terra,

703 2869 866 2935 mari,
892 2884 956 2925 ac
987 2870 1240 2925 universo
1270 2870 1402 2927 orbe
1429 2870 1682 2925 visuntur
1713 2872 1919 2941 species
1948 2873 2279 2945 complecta-

704 2960 802 3017 ris.
827 2958 1046 3015 Homini
1083 2960 1247 3032 igitur
1277 2965 1350 3015 ob
1389 2962 1642 3017 assiduas
1667 2964 2069 3030 evacuationes,
2107 2968 2281 3036 quod-

702 3067 810 3124 que
843 3052 934 3107 illa
987 3066 1109 3122 quae
1161 3053 1359 3122 accipit
1410 3054 1797 3120 absumuntur,
1856 3067 2023 3126 utque
2074 3058 2279 3113 animal

700 3159 733 3199 a
761 3143 846 3200 sui
875 3143 1261 3199 constitutione
1298 3159 1403 3199 non
1430 3146 1662 3210 desinat,
1697 3148 1958 3203 alimento
1980 3148 2098 3220 jugi
2124 3164 2277 3216 esus,

698 3243 968 3305 potusque
996 3250 1133 3305 opus
1164 3235 1389 3291 exstitit.
1433 3236 1738 3307 Siquidem,
1788 3239 1963 3295 solido
1993 3241 2274 3303 alimento,

700 3324 881 3395 primo
912 3324 1345 3394 praecedentique
1372 3325 1587 3389 ordine,
1622 3325 1847 3377 humido
1880 3339 2006 3379 vero
2032 3326 2274 3380 secundo

700 3415 879 3484 ipsum
929 3414 1298 3483 subsequente
1356 3413 1583 3479 utimur,
1623 3427 1734 3482 quo
1776 3414 1981 3468 siccum
2050 3414 2275 3469 humido

698 3519 799 3575 pro
858 3504 1109 3559 vehiculo
1134 3505 1223 3570 sit,
1258 3514 1317 3559 ut
1352 3503 1530 3573 ipsum
1558 3518 1661 3559 ceu
1700 3518 1863 3559 manu
1907 3504 1976 3559 ad
2000 3506 2272 3562 exteriora

698 3593 975 3660 deducat;
1034 3593 1496 3663 quemadmodum
1559 3592 1919 3663 Hippocrates
1986 3595 2272 3651 humidum

699 3684 847 3741 sicco
880 3685 1137 3740 alimento
1165 3684 1477 3739 vehiculum
1503 3698 1626 3741 esse
1658 3694 1955 3741 asseverat.
1985 3684 2272 3753 Praeterea,

699 3784 755 3831 et
786 3776 1016 3831 vestium
1064 3791 1167 3830 usu
1216 3777 1545 3846 indigemus,
1578 3791 1702 3831 cum
1748 3777 1958 3831 nullum
1992 3778 2151 3835 nobis
2177 3794 2275 3833 va-

698 3867 872 3924 lidum
922 3877 1296 3939 tegumentum
1334 3876 1530 3922 natura
1567 3867 1844 3937 impertita
1879 3868 1985 3935 sit;
2022 3868 2278 3924 domibus

699 3975 851 4028 vero,
880 3976 988 4032 quo
1019 3960 1089 4015 ab
1120 3960 1410 4015 ambientis
1453 3975 1554 4016 nos
1583 3959 1729 4015 aeris
1759 3960 2100 4031 intemperie,
2133 3959 2280 4016 fera-

698 4064 930 4120 rumque
984 4049 1207 4105 incursu
1251 4057 1396 4105 tutos
1439 4048 1733 4105 edicerent.
1781 4048 2063 4106 Medicina:
2093 4059 2275 4107 autem

698 4141 1000 4205 curatione.
1046 4152 1162 4196 tum
1206 4140 1525 4211 qualitatum
1575 4140 1891 4196 mutationis
1922 4157 2111 4211 causa,
2159 4153 2276 4198 tum

695 4233 861 4288 etiam
906 4234 978 4289 oh
1038 4248 1259 4288 sensum
1302 4248 1410 4303 quo
1439 4248 1640 4304 corpus
1684 4241 1930 4289 nostrum
1985 4234 2272 4304 praeditum

2390 2050 2676 2120 συνεχείας
2704 2049 2798 2103 τοῦ
2830 2048 3086 2121 σώματος
3107 2093 3121 2117 ,
3162 2052 3368 2122 ἰατρῶν
3398 2051 3695 2123 θεραπείας
3726 2053 3785 2106 ὲν
3812 2052 3977 2123 χρείᾳ⁵

2385 2144 2754 2214 κατέστημεν.

2456 2232 2531 2287 Οὐ
2552 2233 2598 2265 ⁸³
2624 2235 2734 2304 γὰρ
2754 2233 2819 2304 δὴ
2844 2242 3005 2304 μόνον
3030 2237 3111 2297 εἰς
3130 2234 3341 2304 τροφὴν
3371 2232 3661 2304 ἀνθρώπου
3684 2232 3730 2264 ³⁸
3753 2233 3820 2288 τὰ
3840 2232 3974 2287 ὄντα

2384 2326 2626 2394 ἐγένετο,
2680 2326 2827 2381 ἀλλά
2861 2325 3043 2397 πολλῷ
3060 2326 3105 2358 ’³
3152 2326 3353 2396 μᾶλλον
3394 2328 3473 2389 εἰς
3524 2326 3821 2396 θεραπείαν
3868 2329 3975 2381 αὖ·-

2383 2412 2479 2465 τοῢ
2509 2413 2578 2467 “.
2603 2413 2771 2466 Οὐδὲν
2795 2412 2903 2486 γάρ
2931 2415 3049 2466 ἐστι
3075 2412 3185 2468 τῶν
3213 2414 3309 2467 ἐπὶ
3336 2414 3459 2485 γῆς,
3484 2414 3513 2466 δ
3544 2416 3620 2485 μὴ
3648 2418 3906 2489 συνεργεῖ
3925 2417 3974 2449 ⁸⁷

2385 2505 2443 2556 ἐν
2481 2506 2548 2576 τῇ
2593 2505 2812 2576 ἰατρικῇ
2862 2504 3029 2575 τέχνῃ
3073 2504 3170 2559 καὶ
3209 2506 3397 2576 βοηθεῖ
3426 2506 3504 2577 τῷ
3532 2506 3831 2579 ἀνθρώπῳο
3866 2508 3976 2562 κᾶν

2384 2592 2550 2662 θηρία
2579 2594 2764 2666 εἴπῃς,
2809 2594 2919 2649 κᾶν
2952 2595 3181 2666 έρπετά,
3230 2595 3333 2650 κᾶν
3378 2597 3629 2661 πετεινὰ,
3665 2599 3772 2652 κᾶν
3804 2601 3975 2667 φυτὰ.

2383 2682 2486 2737 κᾶν
2537 2683 2788 2755 βοτάνας,
2833 2685 2941 2739 κᾶν
2985 2684 3190 2750 λίθους,
3229 2686 3332 2740 κᾶν
3357 2688 3385 2740 ὃ
3413 2705 3466 2741 τι
3502 2683 3595 2742 οὖν
3640 2689 3748 2742 τῶν
3782 2689 3976 2759 ὄντων,

2383 2775 2442 2827 έν
2474 2776 2547 2845 γῇ
2576 2791 2637 2827 τε
2668 2775 2763 2828 καὶ
2794 2773 3065 2847 θαλάσσῃ,
3089 2776 3181 2828 καὶ
3206 2778 3264 2828 ὲν
3296 2778 3445 2847 πάσῃ
3474 2779 3549 2847 τῇ
3571 2776 3768 2831 κτίσει.
3799 2778 3978 2848 Χρεία

2383 2871 2565 2920 τοίνυν
2602 2864 2880 2937 ἀνθρώπῳ
2918 2868 3006 2920 ἀεὶ
3038 2867 3248 2938 τροφῆς
3292 2867 3393 2937 μὲν
3420 2868 3518 2920 καὶ
3548 2865 3714 2923 ποτοῦ
3756 2869 3847 2923 διά
3874 2870 3978 2934 τάς

2383 2957 2647 3022 κενώσεις
2689 2958 2785 3012 καὶ
2829 2957 3207 3029 διαφορήσεις,
3244 2960 3429 3012 καὶτὸ
3457 2961 3506 2992 ⁸⁸
3553 2961 3875 3015 συνεστάναι
3911 2961 3976 3016 τὸ

2381 3046 2540 3111 ζῶον·
2577 3047 2675 3102 καὶ
2705 3049 2815 3118 γὰρ
2843 3050 2945 3119 τὴν
2970 3048 3200 3119 στερεὰν
3225 3050 3436 3122 τροφὴν
3460 3052 3602 3106 κατά
3622 3051 3667 3083 ⁸⁸
3696 3053 3977 3124 προηγού·

2383 3156 2544 3211 μενον
2577 3142 3007 3213 προσφερόμεθα
3037 3143 3084 3175 ³⁸
3136 3144 3293 3214 λόγον
3318 3160 3332 3172 ⁸
3366 3145 3469 3215 τὴν
3514 3144 3571 3198 δὲ
3612 3145 3789 3216 ὑγρὰν
3827 3146 3974 3201 κατά

2378 3231 2667 3303 δεύτερον·
2722 3232 2867 3287 ὥστε
2919 3233 3103 3305 ὄχημα
3151 3234 3410 3303 γενέσθαι
3458 3239 3525 3307 τῇ
3578 3236 3720 3308 ξηρᾷ
3746 3237 3832 3301 ³¹,
3874 3239 3972 3291 καὶ⁵

2380 3324 2795 3394 χειραγωγῆσαι
2842 3325 3015 3396 αὐτὴν
3047 3326 3186 3396 πρὸς
3216 3328 3318 3398 τὴν
3362 3328 3640 3394 ἀνάδοσιν,
3689 3328 3765 3392 ὣς
3801 3347 3971 3402 φησιν

2395 3414 2765 3486 Ἱπποκράτης
2805 3415 2907 3487 [De
2958 3417 3237 3491 alimento]
3262 3434 3276 3450 ο
3316 3436 3334 3470 ι
3389 3418 3663 3492 Ὑγρασίη
3688 3421 3732 3453 "
3761 3423 3972 3495 τροφῆς

2383 3504 2587 3577 ὄχημα.
2660 3525 2679 3558 ι
2749 3506 3009 3577 ’Βσθῆτος
3078 3508 3136 3561 δὲ
3212 3508 3378 3563 πάλιν
3430 3510 3694 3581 δεόμεθα,
3756 3512 3847 3567 διὰ
3910 3513 3972 3568 τὸ

2386 3598 2666 3669 μηδεμίαν
2711 3597 2862 3669 ἔχειν
2934 3600 3000 3652 ἐκ
3057 3598 3273 3669 φύσεως
3338 3600 3637 3674 περιϐολὴν
3702 3605 3968 3679 ἰσχυράν

2382 3688 2533 3741 οἴκου
2567 3688 2645 3753 δὲ,
2689 3688 2777 3742 διὰ
2802 3689 2901 3751 τὰς
2929 3689 3269 3761 δυσκρασίας
3303 3691 3400 3746 τοῦ
3432 3693 3782 3764 περιέχοντος
3822 3697 3972 3767 ἡμᾶς

2384 3782 2547 3853 ἀέρος
2571 3781 2668 3835 καὶ
2691 3781 2758 3835 τά
2785 3781 2970 3854 θηρία·
3002 3782 3304 3853 θεραπείας
3334 3784 3413 3850 δὲ,
3433 3784 3520 3838 διά
3538 3786 3638 3850 τάς
3664 3787 3971 3857 μεταϐολὰς

2382 3870 2493 3923 τῶν
2531 3872 2835 3943 ποιοτήτων
2861 3871 2908 3906 ⁸⁸
2948 3874 3043 3926 καὶ
3086 3874 3186 3945 τὴν
3215 3872 3472 3946 αἴσθησιν
3511 3876 3612 3947 τὴν
3659 3878 3971 3933 ἐνδοθεῖσαν

2382 3962 2543 4033 ἡμῶν
2571 3963 2617 3995 ³⁸
2640 3963 2719 4035 τῷ
2744 3964 2985 4035 σώματι·
3008 3966 3057 4018 εἰ
3080 3964 3192 4036 γὰρ
3217 3966 3295 4037 μὴ
3322 3968 3533 4039 προσῆν
3557 3969 3746 4040 ἡμῖνή
3777 3969 3973 4042 αἰσθη-

2385 4071 2492 4119 σις,
2525 4056 2627 4110 οὐκ
2660 4055 2726 4109 ἂν
2763 4054 3042 4128 ἡλγοῦμεν
3070 4057 3137 4089 ³⁸⁸
3171 4057 3282 4112 οὐδ’
3311 4057 3378 4113 ἂν
3415 4058 3713 4129 θεραπείας
3744 4060 3971 4132 ἐδεήθη-

2386 4162 2506 4216 μεν,
2538 4145 2613 4216 μὴ
2640 4145 2953 4215 ἀλγοῦντες.
2986 4146 3098 4203 Καὶ
3119 4147 3499 4221 διεφθάρημεν
3522 4150 3610 4218 ἂν,
3644 4152 3702 4206 έν
3724 4152 3971 4225 ἀγνωσία

2380 4234 2476 4289 τοῦ
2512 4238 2686 4291 κακοῦ
2718 4237 2779 4290 τὸ
2812 4237 2989 4301 πάθος
3018 4238 3121 4293 οὐκ
3159 4238 3380 4311 ἰώμενοι
3408 4241 3475 4296 ⁸⁸.

694 4334 798 4390 est,
839 4338 1095 4395 egemus;
1121 4323 1213 4394 qui
1241 4322 1346 4379 nisi
1380 4323 1535 4379 nobis
1568 4324 1789 4389 inesset,
1840 4339 1939 4380 nec
1995 4324 2150 4380 dolor
2185 4326 2432 4394 inesset;
2473 4342 2597 4382 nam
2663 4328 2872 4384 nullum
2909 4316 3157 4386 dolorem
3211 4331 3599 4397 sentientibus,
3663 4332 3812 4388 nulla
3853 4348 3969 4391 me-

696 4423 833 4476 dica
882 4420 1019 4474 artis
1071 4434 1207 4473 cura
1263 4433 1404 4489 opus
1461 4419 1655 4475 fuerat.
1709 4418 1817 4475 Sed
1869 4420 1925 4475 in
2003 4420 2123 4491 ipsa
2180 4420 2310 4476 mali
2353 4420 2717 4493 ignoratione,
2776 4424 2913 4479 nihil
2954 4425 3264 4497 aegritudini
3312 4428 3417 4498 ipsi
3465 4428 3586 4500 opis
3634 4429 3961 4496 iniercntes.

694 4510 749 4564 in
798 4510 1093 4581 perniciem
1125 4517 1484 4565 verteremur.

763 4602 832 4657 At
854 4602 1054 4657 artium
1080 4600 1547 4671 scientiarumque
1574 4615 1760 4666 causa,
1785 4612 1948 4674 atque
1971 4604 2040 4658 ob
2060 4618 2277 4659 earum-

2457 4603 2558 4658 Διά
2583 4603 2642 4658 δὲ
2668 4604 2766 4669 τὰς
2791 4606 2986 4677 τέχνας
3011 4609 3107 4663 καὶ
3133 4608 3232 4674 τὰς
3257 4610 3593 4683 ἐπιστήμας,
3618 4613 3833 4680 καὶτὰς
3858 4617 3968 4669 ἀπὸ

693 4693 816 4748 dem
843 4702 1231 4757 usum,mutua
1254 4691 1412 4747 nobis
1455 4694 1851 4748 consuetudine
1893 4708 2032 4764 opus
2081 4703 2182 4751 est.
2207 4694 2275 4751 Et

696 4786 825 4855 quia
849 4785 1002 4839 alteri
1035 4784 1258 4839 alterius
1278 4799 1441 4853 opera
1474 4785 1801 4855 indigemus,
1841 4787 2273 4857 quamplurimos

697 4876 752 4931 in
781 4892 949 4932 unum
983 4876 1274 4931 convenire
1296 4877 1678 4948 oportuit,quo
1702 4877 1754 4931 in
1789 4878 2067 4933 communi
2098 4880 2275 4934 omni-

697 4970 799 5024 bus
813 4971 935 5023 vita:
952 4968 1272 5023 necessariis
1293 4969 1737 5025 consuleremus:
1766 4984 1928 5038 quem
1948 4979 2275 5026 conventum

696 5059 1272 5130 cohabitationemque
1311 5059 1586 5115 civitatem
1631 5062 1893 5131 appellari
1925 5061 2177 5132 placuit,
2213 5074 2274 5119 ut

696 5151 955 5220 propius,
1007 5165 1117 5204 non
1167 5159 1349 5205 autem
1406 5152 1602 5205 semoti
1653 5152 1887 5208 invicem
1944 5154 2274 5215 utilitatibus

696 5239 1131 5295 consuleremus.
1178 5238 1351 5296 Homo
1403 5240 1547 5295 enim
1602 5252 1796 5295 natura
1839 5242 2101 5298 sociabile
2138 5244 2273 5312 poli-

768 5479 812 5557 ξ’
838 5479 1263 5557 πειχύδερμαμίὲο,
1330 5485 1374 5515 “
1403 5487 1519 5548 ταῖς
1552 5486 1611 5540 Β.
1691 5489 1733 5519 ⁸⁸
1760 5488 1936 5557 πτερὰ
1962 5489 2000 5541 C
2038 5489 2094 5544 ιό

776 5620 882 5693 γάρ
911 5620 968 5675 Β.
1069 5623 1115 5653 ¹⁸
1143 5624 1251 5676 τῶν
1282 5616 1580 5693 ἀνθρώπων
1614 5628 1653 5681 C
1685 5628 1744 5683 Ρ.
1822 5630 1866 5660 ’⁵
1900 5616 2089 5681 πολλαὶ
2123 5631 2182 5684 C.

760 5489 812 5557 ξδ’
838 5489 1270 5563 παχύδερμαρ..
1330 5489 1374 5515 ιδ
1403 5489 1638 5563 ταῖς-Βὲ
1691 5489 1936 5563 ’ἧπτερά
2038 5489 2094 5544 Ι).
2158 5489 2242 5563 _'°
2268 5490 2484 5563 καὶδιά
2513 5492 2672 5548 τοῦτο
2696 5495 2895 5563 ἀναγκ.
2926 5495 2985 5551 Β.
3077 5500 3119 5531 "
3144 5499 3244 5563 τῆς
3272 5499 3469 5554 ἀναπλ.
3507 5498 3567 5555 Β.

696 5550 853 5632 τρῦτο
874 5550 912 5601 Β
933 5558 974 5605 C
1008 5550 1095 5605 P.—
1146 5554 1188 5586 ¹⁹
1214 5554 1371 5625 έδωρ.
1407 5572 1454 5606 τ.
1492 5557 1578 5610 ἀλ.
1606 5557 1664 5612 Β.
1740 5558 1783 5589 ²⁰
1808 5550 2106 5627 καυμάτων
2158 5558 2220 5613 Β.
2298 5561 2340 5593 ¹¹
2370 5562 2456 5615 διά
2485 5564 2644 5616 τοῦτο
2668 5595 2738 5604 -—
2763 5550 3033 5633 οἰκήσεως
3058 5550 3168 5623 om.

696 5616 752 5689 δε
776 5620 882 5689 γάρ
911 5620 968 5675 Β.
1069 5623 1115 5653 ¹⁸
1143 5624 1251 5676 τῶν
1282 5624 1580 5689 ἀνθρώπιον
1614 5628 1653 5681 C
1685 5628 1744 5683 P.
1822 5630 1866 5660 ’⁵
1900 5629 2089 5681 πολλαὶ
2123 5631 2182 5684 C.
2298 5632 2343 5662 “
2364 5634 2542 5685 αὐτῶν
2589 5636 2629 5689 (1
2661 5634 2719 5689 Ρ.
2833 5638 2875 5667 ’³
2907 5638 3120 5689 ἐνεργεῖ
3145 5640 3205 5689 C.

2379 4695 2589 4750 τούτων
2632 4696 2824 4768 χρείας
2851 4696 3101 4769 ἀλλήλων
3132 4700 3404 4772 δεόμεθα’
3441 4703 3529 4756 διὰ
3568 4704 3625 4758 δὲ
3658 4705 3720 4759 τὸ
3752 4705 3965 4763 δεῖσθαι

2380 4785 2628 4857 ἀλλήλων
2663 4789 2742 4853 εἰς
2772 4790 2936 4843 ταύτὺ
2965 4791 3009 4822 ³⁷
3041 4792 3230 4846 πολλοὶ⁵
3263 4792 3632 4860 συνελθόντες,
3665 4799 3960 4853 κοινωνοῦ-

2384 4896 2485 4951 μεν
2534 4879 2789 4951 ἀλλήλοις
2815 4882 2860 4917 ⁸⁸
2910 4885 3054 4939 κατά
3099 4886 3198 4950 τὰς
3229 4886 3325 4940 τοῦ
3361 4887 3477 4958 βίου
3523 4889 3713 4960 χρείας
3745 4893 3804 4944 ὲν
3849 4896 3963 4955 τοῖς

2383 4974 2830 5046 συναλλάγμασιν
2859 4978 2925 5009 ⁸⁹ο
2951 4978 3147 5049 ἥντινα
3169 4978 3216 5012 ⁸⁸
3244 4979 3462 5035 σύνοδον
3490 4982 3584 5035 καὶ
3618 4985 3897 5037 συνοικίαν
3917 4985 3958 5017 ⁸¹

2384 5065 2541 5119 πόλιν
2586 5068 2883 5138 ὠνόμασαν
2906 5068 2973 5100 δ”
3006 5070 3092 5123 ἵνα
3134 5071 3391 5140 ἐγγύθεν,
3434 5073 3529 5127 καὶ
3567 5073 3642 5144 μὴ
3674 5075 3960 5146 πόρρωθεν

2380 5157 2479 5220 τὰς
2502 5157 2549 5190 ⁸⁸
2584 5159 2715 5227 παρ’
2746 5159 2991 5229 ἀλλήλων
3024 5162 3294 5232 ὠφελείας
3330 5164 3673 5235 καρπώμεθα
3701 5165 3769 5223 ⁸⁵.
3793 5168 3958 5221 Φύσει

2382 5249 2490 5320 γὰρ
2525 5250 2991 5319 συναγελαστικδν
3030 5256 3125 5308 καὶ
3162 5256 3441 5311 πολιτικὸν
3486 5257 3623 5322 ζῶον
3647 5259 3693 5292 ⁸⁸
3733 5244 3956 5329 γέγονεν

3670 5500 3711 5533 ’⁸
3738 5502 3796 5554 ἐν
3826 5503 3954 5569 ἡμῖν

3334 5571 3378 5602 ²²
3407 5575 3471 5641 τῇ
3500 5570 3648 5623 λύσει
3691 5569 3752 5622 Β.
3828 5575 3873 5604 ³³
3892 5576 3951 5625 ού

2833 5638 2875 5667 ’³
2907 5638 3120 5709 ἐνεργεῖ
3145 5640 3205 5693 C.
3297 5640 3341 5673 ’⁸
3362 5638 3468 5693 τοῦή
3510 5642 3567 5699 Β,
3605 5641 3693 5692 διὰ
3736 5642 3795 5692 τὸ
3825 5643 3863 5694 C
3896 5644 3949 5697 l’.

698 5687 742 5783 ἒξ
782 5687 870 5741 τὸ.)
899 5700 1025 5777 apte
1054 5708 1330 5783 ﬂammant
1367 5687 1489 5783 (inte
1515 5697 1657 5750 δεύτ.
1686 5700 1807 5752 add.
1845 5701 1899 5752 l’.
1972 5701 2016 5731 ³⁸
2044 5702 2277 5771 προφερέ

2387 5703 2521 5783 περ.
2598 5687 2635 5737 ές
2668 5687 2768 5783 τῆς
2797 5687 3126 5783 ξηεειέζδτί.
3276 5687 3867 5783 ὑγριῑέεαῑξξιξρξπι
3890 5687 3947 5768 c1

698 5756 740 5845 :3
779 5756 1157 5845 παντῄτωνῧῦ.
1309 5766 1557 5817 δοθεῖσαν
1587 5769 1736 5836 ἡμῖν.
1764 5772 1802 5822 (ἒ
1827 5770 1884 5822 ιι.
1962 5770 2003 5801 ⁵⁵
2036 5756 2372 5839 ὴλγώλέενᾞ.
2416 5756 2903 5845 εείῴκειούᾷένῖίίι

1538 5838 1730 5909 ἤμασιν
1764 5840 1828 5899 Α,
1871 5838 2285 5909 συνχλὰγμασιν
2320 5842 2359 5894 Β
2409 5843 2471 5897 C.

697 5825 1021 5907 ³⁸άλλήλὶον
1066 5833 1127 5885 C.
1245 5836 1284 5866 ³³
1316 5825 1730 5907 συναλγήμὲἱσιν
1764 5840 1828 5899 Α,

698 5897 951 5968 μάσαμεν
984 5899 1045 5967 C,
1082 5904 1416 5973 ὀνομάζομεν
1442 5897 1507 5959 Ρ]
1546 5897 1578 5907 ”
1610 5907 1654 5939 ⁴³
1690 5910 1788 5980 τῆς
1818 5897 1869 5965 Γ.
1904 5911 1963 5964 ι’.

2060 5912 2105 5943 ⁸³
2140 5913 2499 5985 τυγχάνωμεν
2544 5912 2708 5985 text;
2752 5912 3093 5990 καρπώμεθα
3122 5920 3183 5990 Ρ,
3217 5938 3334 5977 ora.

2910 5818 2923 5841 ,
2952 5780 3319 5849 οἰκειούμενοι
3349 5780 3393 5835 C
3418 5782 3476 5835 Ρ.
3555 5783 3597 5813 ³⁷
3628 5782 3688 5833 τὸ
3717 5783 3848 5835 αὐτὸ
3892 5782 3947 5837 Β.

2586 5848 2630 5878 ιο
2677 5850 2742 5917 ἦν
2780 5847 2843 5917 δὴ
2877 5847 3009 5924 u_P.
3034 5919 3048 5924 _
3088 5847 3477 5924 1’[ἑςυνοίκηςμν
3507 5851 3634 5924 βμΡ-
3744 5854 3789 5885 ⁸⁸
3818 5852 3950 5924 ᾠνθ·

3434 5922 3478 5954 ⁸⁸
3509 5920 3646 5987 ζῶον
3676 5937 3787 5977 om.
3826 5922 3886 5979 B.
