4204 6462
280 415 305 468 f
318 413 417 469 l'05

1494 408 1582 462 DE
1626 406 1918 465 ΝΛΤΒΒΑ
1959 405 2274 464 ιιοιιιιιιε.

3455 402 3594 458 11οὁ

268 529 332 583 ὃν
374 527 684 597 ἐκφέρομεν
731 524 820 580 διά
861 508 1114 597 γλώσσης
1172 524 1269 578 καὶ
1322 525 1574 596 χειλέων,
1625 526 1879 597 γέννημά

1986 532 2142 594 utque
2195 521 2426 577 hominis
2483 536 2605 575 cum
2657 535 2804 574 nmis
2869 518 3119 588 rapitur,
3173 524 3230 570 et
3277 512 3410 569 alibi
3451 512 3594 566 ὥστε

270 625 392 674 ἐστι
419 617 518 673 τοῦ
544 617 638 673 νοῦ
661 635 675 650 ⁸
713 619 976 688 γεννᾶται
1019 617 1075 672 δὲ
1109 618 1211 671 οὐκ
1242 616 1395 687 ὕψει,
1430 617 1494 671 ού
1525 617 1692 672 πάθει
1713 618 1779 683 ¹⁰,
1812 620 1874 672 οὐ

270 714 446 784 πόνῳ,
481 713 544 766 οὐ
575 712 880 784 διαιρέσει·
915 711 1036 767 ἔστι
1071 711 1184 784 γὰρ
1208 714 1248 744 ’ί
1293 710 1612 782 ἀσώματος,
1642 711 1877 782 ἀόρατος

271 805 370 856 καὶ
402 805 446 836 ⁸⁸
495 804 842 874 ἀκράτητος,
899 802 1038 874 ἀκοῇ
1106 804 1269 874 μόνον
1303 803 1346 834 ³³
1392 803 1873 875 παραδεχόμενος·

270 894 455 959 οὐδεὶς
501 890 643 948 εἶδεν
677 895 720 927 ⁸⁸
765 895 889 966 ὕψει
938 894 1133 964 λόγον·
1185 895 1368 959 οὐδεὶς
1417 895 1644 966 κατέχει
1694 897 1874 968 χειρί*

273 986 394 1040 ἀλλ’
447 986 597 1042 ἔστιν
637 987 932 1059 ἀσώματος
965 990 1060 1069 καὶ
1097 989 1410 1061 ἀκράτητος
1441 987 1607 1059 φύσις
1653 989 1724 1056 ¹⁵,
1765 988 1878 1043 ὑπὸ

279 1080 412 1149 μιᾶς
442 1079 776 1151 αίσθήσεως,
827 1080 1210 1151 κρατούμενος
1246 1081 1350 1152 τῆς
1398 1082 1610 1153 ἀκοῆς·
1651 1084 1747 1136 καὶ
1777 1083 1881 1136 οὐκ

275 1171 573 1226 δκτείνασα
595 1174 638 1204 ¹⁶
672 1174 920 1245 χεῖραςή
955 1174 1095 1244 ἀκοὴ
1124 1173 1354 1245 κατέχει
1388 1175 1556 1230 αὐτόν
1577 1190 1591 1204 ⁶
1623 1175 1742 1230 ἀλλ’
1780 1174 1880 1230 αὑ-

275 1263 370 1326 τὸς
395 1265 423 1318 ό
452 1265 612 1333 λόγος
642 1267 683 1298 ⁸⁷
712 1263 974 1326 εἰσελθὼν
1002 1270 1314 1338 κρατεῖται,
1347 1269 1444 1323 καὶ
1469 1269 1533 1322 οὐ
1568 1268 1880 1340 μερίζεται,

277 1358 376 1412 καὶ
394 1357 438 1389 ⁸⁸
470 1357 565 1415 τοῦ
591 1356 686 1410 νοῦ
713 1358 1076 1429 γεννήσαντος
1103 1359 1268 1413 αὐτὸν
1298 1361 1400 1414 οὐκ
1423 1361 1784 1431 ἀποσχίζεται
1813 1364 1878 1426 ¹⁹,

276 1449 420 1504 ἀλλά
449 1450 548 1503 καὶ
595 1449 810 1514 πάντας
846 1450 1054 1522 πληροῖ
1095 1453 1225 1516 τοὺς
1262 1453 1566 1518 ἀκούοντας
1615 1454 1784 1508 αὑτοῦ
1812 1455 1881 1520 ⁸⁸,

1983 615 2189 688 πτερὸν
2234 615 2301 685 ὴὲ
2354 614 2577 686 νόημα,
2634 623 2692 664 ιιι
2743 626 2934 680 penna:
2986 625 3079 664 seu
3120 623 3286 662 mens.
3349 605 3520 676 Atqui
3561 622 3596 660 a

1982 720 2168 764 mente
2194 707 2311 777 ipsa
2337 715 2393 761 et
2437 703 2711 759 orationis
2754 711 2911 758 ortus
2965 710 3052 756 est
3086 741 3100 767 ,
3129 713 3253 770 quae
3285 707 3338 753 et
3366 697 3597 754 vocibus

1981 799 2276 864 formatur,
2324 805 2381 852 et
2409 794 2603 851 litteris
2637 793 2799 865 quasi
2829 805 3098 862 corporea
3139 789 3406 845 redditur.
3454 788 3594 845 Nam

1983 891 2186 956 oratio,
2219 905 2343 961 qua:
2391 889 2594 960 lingua:
2622 887 3008 954 labiorumque
3056 882 3367 938 ministerio
3400 898 3597 954 proce-

1982 987 2102 1053 dit,
2139 1000 2170 1040 a
2205 992 2388 1039 mente
2416 983 2536 1053 ipsa
2563 989 2961 1052 progeneratur
2995 996 3010 1032 :
3045 977 3141 1032 sed
3166 977 3242 1030 ita
3273 976 3394 1046 ejus
3430 991 3598 1048 gene-

1984 1080 2127 1136 ratio
2178 1078 2259 1144 ῆι,
2291 1085 2350 1132 ιιι
2383 1075 2536 1132 cerni
2583 1083 2822 1144 nequeat
2855 1088 2867 1123 :
2902 1087 3083 1142 neque
3117 1070 3388 1142 passioni,
3420 1069 3595 1126 labori

1986 1175 2072 1229 vel
2102 1171 2361 1228 divisioni
2413 1169 2653 1225 obnoxia
2689 1166 2979 1222 redditur:
3012 1164 3132 1234 ipsa
3164 1163 3312 1218 enim
3362 1178 3598 1234 corpore

1987 1281 2214 1330 vacans,
2247 1262 2654 1332 invisibilisque
2683 1268 2790 1324 est,
2817 1266 2872 1315 et
2896 1273 3021 1328 quas
3047 1257 3444 1327 comprehendi
3498 1273 3594 1310 ne-

1986 1360 2128 1431 quit,
2187 1359 2258 1414 ab
2311 1356 2540 1413 audibili
2577 1351 2966 1410 tantummodo
3021 1366 3189 1407 sensu
3252 1351 3594 1422 percipitur;

1989 1452 2173 1506 nullus
2196 1449 2419 1520 quidem
2443 1457 2548 1512 est,
2595 1448 2690 1518 qui
2733 1445 2910 1500 oculis
2955 1459 3054 1499 seu
3086 1458 3249 1496 manu
3289 1442 3594 1497 orationem

278 1542 376 1595 καὶ
400 1541 494 1595 τοῦ
527 1544 894 1614 γεννήσαντος
917 1541 1080 1596 αὑτὸν
1124 1543 1223 1596 οὐκ
1276 1544 1570 1612 ἀφίσταται
1598 1545 1688 1599 νοῦ
1714 1562 1728 1576 ο
1776 1545 1882 1599 ἀπὸ

1989 1541 2414 1611 deprehenderit
2460 1535 2836 1608 ;sed'natura
2891 1536 3143 1606 corporis
3192 1549 3390 1603 expers
3433 1533 3599 1588 habu-

277 1633 336 1687 δὲ
365 1634 462 1688 τοῦ
494 1634 656 1704 λόγου
683 1635 1177 1705 καταλαμϐάνεται
1214 1638 1247 1708 ἠ
1280 1635 1492 1691 διάνοια
1527 1641 1626 1693 καὶ
1654 1641 1689 1710 ἡ
1712 1638 1882 1710 βουλὴ

276 1725 380 1797 τῆς
409 1727 610 1799 ψυχῆς.
635 1728 727 1781 Διό
747 1745 915 1798 φησιν
945 1731 972 1782 6
994 1728 1170 1799 μέγας
1198 1729 1481 1795 Βασίλειος
1502 1732 1544 1763 ¹¹
1571 1749 1584 1762 ⁸
1613 1751 1631 1784 ι
1651 1733 1760 1787 Τοῦ
1794 1733 1886 1786 λό-

275 1835 378 1887 γου
406 1820 505 1891 τὴν
533 1822 734 1892 χρῆσιν
761 1821 998 1876 δέδωκεν
1019 1823 1151 1893 ἡμῖν
1172 1823 1201 1874 6
1232 1823 1430 1889 κτίσας
1461 1827 1611 1896 ἡμᾶς
1647 1827 1693 1858 ”
1726 1825 1882 1891 Θεὸς,

279 1911 368 1965 ἵνα
405 1913 506 1976 τὰς
543 1913 740 1984 βουλάς
772 1914 882 1968 τῶν
916 1915 1160 1985 καρδιῶν
1189 1916 1446 1986 ἀλλήλοις
1473 1919 1883 1974 ἀποκαλύπτω-

245 2019 418 2074 ,μεν’
457 2005 552 2058 καὶ
578 2005 666 2059 διά
702 2007 762 2059 τὸ
795 1999 1119 2060 κοινωνικὸν
1155 2009 1254 2076 τῆς
1291 2009 1512 2078 φύσεως
1543 2010 1780 2074 ἕκαστος
1807 2012 1884 2082 τῷ

278 2094 514 2166 πλησίον
546 2095 922 2167 μεταδίδωμεν
943 2097 1017 2128 ³³·
1071 2097 1266 2168 ὥσπερ
1311 2098 1376 2152 ἐκ
1423 2117 1587 2153 τινων
1637 2103 1884 2172 ταμείων

277 2185 390 2239 τῶν
442 2188 546 2256 τῆς
589 2189 822 2260 καρδίας
866 2190 1129 2260 κρυπτῶν
1177 2191 1549 2262 προφέροντες
1568 2196 1614 2226 ’δ
1641 2194 1711 2248 τὰ
1753 2195 1883 2265 βου-

277 2277 551 2350 λεύματα.
601 2281 664 2334 Εί
713 2282 813 2352 μὲν
848 2283 958 2353 γάρ
997 2283 1043 2315 ³⁸
1073 2285 1254 2356 γυμνῇ
1299 2287 1366 2356 τῇ
1399 2283 1546 2358 ψυχῇ
1585 2287 1880 2358 διεζῶμεν,

277 2370 443 2434 εὐθὺς
504 2372 571 2426 ἂν
621 2374 734 2426 ἀπὸ
780 2372 892 2427 τῶν
938 2374 1231 2445 νοημάτων
1281 2375 1538 2446 ἀλλήλοις
1602 2378 1883 2445 συνεγινὸ-

281 2463 538 2534 uelim".
585 2466 742 2518 Ἐπεὶ
807 2468 864 2520 δέ
910 2467 1016 2520 ύπό
1060 2470 1540 2539 παραπετάσματι
1591 2474 1657 2542 τῇ
1714 2472 1882 2542 σαρκὶ

278 2556 438 2635 ήμῷν
470 2558 862 2629 καλυπτομένη
884 2559 929 2590 ⁸⁷
957 2561 990 2631 ἡ
1015 2559 1164 2630 ψυχὴ
1188 2563 1288 2624 τάς
1314 2561 1527 2621 ἐννοίας
1558 2563 1878 2633 ἐργάζεται,

282 2649 548 2721 ῥημάτων
591 2650 763 2704 δεῖται
794 2651 889 2702 καὶ
918 2651 1204 2721 ὀνομάτων
1251 2651 1387 2722 πρὸς
1439 2652 1500 2705 τδ
1529 2653 1881 2722 δημοσιεύειν

279 2743 352 2796 τά
389 2744 448 2796 ἐν
502 2741 580 2813 τῷ
613 2741 769 2813 βάθει
821 2743 1053 2814 κείμενα
1077 2744 1120 2776 ⁸⁸
1145 2761 1158 2774 ο
1204 2763 1222 2795 ι
1282 2745 1420 2814 πλὴν
1453 2745 1726 2817 πρότερον
1783 2749 1809 2799 ὁ
1835 2746 1881 2778 ¹⁹

279 2834 394 2890 ἀπὸ
421 2835 530 2889 τῶν
559 2836 909 2907 γραμμάτων
937 2837 981 2868 ³⁸
1011 2837 1184 2900 τύπος
1233 2838 1516 2906 ἐγγίνεται
1560 2842 1626 2909 τῇ
1661 2841 1876 2910 νοήσει’

279 2928 475 2982 ἔπειτα
508 2931 650 3000 μετά
697 2929 756 2984 τὸ
806 2929 1275 2998 φαντασιωθῆναι,
1349 2931 1459 2984 ἀπὸ
1503 2931 1614 2984 τῶν
1651 2932 1880 2985 ὑποκει-

284 3023 465 3091 μένων
513 3023 613 3086 τὰς
647 3023 858 3086 οἰκείας
904 3024 1000 3076 καὶ
1056 3026 1361 3094 προσφυεῖς
1419 3024 1656 3078 ἑκάστου
1691 3040 1880 3094 σημα-

281 3115 404 3179 σίας
448 3115 813 3186 ἐκλεγόμενος
851 3115 1173 3185 ἐξαγγέλλει
1210 3117 1278 3170 ⁸¹.
1314 3112 1448 3170 Εἶτα
1499 3119 1566 3188 τῇ
1602 3118 1883 3189 ὑπηρεσίᾳ

277 3209 392 3263 τῶν
438 3209 766 3282 φωνητικῶν
798 3209 1063 3282 ὁργάνων
1085 3209 1354 3273 διαδιδοὺς
1381 3210 1426 3241 ³⁸
1457 3209 1528 3262 τά
1581 3210 1880 3282 νοηθέντα,

276 3298 455 3365 οὕτως
478 3301 525 3376 ’ξ
579 3302 670 3356 διὰ
728 3302 827 3372 τῆς
864 3301 961 3354 τοῦ
1017 3301 1182 3372 ἀέρος
1225 3299 1535 3364 τυπώσεως
1584 3301 1730 3356 κατά
1784 3303 1886 3372 τὴν

279 3388 549 3462 ἔναρθρον
576 3392 677 3462 τῆς
722 3391 909 3462 φωνῆς
958 3390 1176 3463 κίνησιν
1233 3390 1296 3445 τὸ
1351 3391 1411 3445 ἐν
1460 3390 1600 3462 tif)”
1651 3393 1886 3464 κρυπτῷ

282 3475 466 3545 νόημα
490 3476 536 3509 ³⁵
567 3479 888 3548 σαφηνίζει.

1991 1643 2103 1702 tur,
2133 1644 2300 1706 atque
2332 1633 2560 1690 omnino
2591 1630 2929 1701 deprehendi
2967 1629 3179 1698 nequit.
3200 1627 3282 1682 Ab
3315 1642 3428 1681 uno
3478 1637 3598 1680 tan-

1991 1737 2106 1783 tum
2138 1726 2370 1782 audibili
2441 1741 2608 1781 sensu
2645 1724 2980 1779 continetur.
3031 1724 3102 1776 At
3155 1735 3333 1791 neque
3375 1720 3598 1774 auditus

1993 1821 2168 1891 ipsam
2199 1818 2444 1874 extensis
2483 1815 2741 1872 manibus
2803 1814 3033 1879 detinet,
3067 1813 3160 1868 sed
3197 1813 3315 1883 ipsa
3352 1819 3464 1866 tota
3495 1825 3597 1866 sua

1919 1898 1964 1952 Β
1992 1921 2190 1982 Sponte
2233 1909 2550 1982 ingrediens
2587 1908 2888 1972 detinetur,
2922 1923 3102 1977 neque
3145 1921 3178 1960 a
3242 1914 3427 1960 mente
3473 1919 3598 1974 qua:

1995 2005 2169 2076 ipsam
2191 2012 2448 2075 procreat
2464 2003 2750 2066 dividitur,
2772 2011 2870 2056 aut
2893 2000 3166 2056 scinditur
3193 1997 3596 2069 sejungiturve,

1993 2099 2086 2154 sed
2114 2113 2308 2171 omnes
2335 2097 2510 2167 ipsam
2567 2096 2856 2150 audientes
2891 2093 3096 2164 replet;
3133 2093 3238 2162 21
3271 2107 3397 2146 cum
3433 2105 3535 2144 nec
3566 2106 3599 2144 a

1993 2199 2175 2245 mente
2200 2189 2318 2259 ipsa
2365 2188 2509 2245 unde
2548 2187 2822 2258 originem
2859 2187 3094 2241 duxerat
3116 2183 3306 2254 procul
3341 2182 3594 2238 exsistat.

1991 2279 2262 2351 Cogitatio
2286 2288 2468 2334 autem
2500 2289 2556 2334 et
2577 2279 2776 2334 anima:
2803 2275 3093 2332 consilium
3110 2276 3181 2329 ab
3203 2273 3456 2329 oratione
3483 2273 3600 2343 ipsa

1990 2372 2494 2442 deprehenduntur.
2554 2370 2932 2438 Quamobrem
2967 2384 3202 2438 magnus
3243 2367 3486 2423 Basilius.
3523 2366 3602 2419 in-

1991 2475 2112 2545 quit
2143 2493 2156 2529 :
2197 2473 2342 2530 Deus
2377 2475 2472 2544 qui
2530 2488 2634 2528 nos
2673 2471 2901 2536 creavit,
2937 2473 3212 2526 orationis
3239 2468 3402 2524 nobis
3433 2483 3597 2523 usum

1992 2567 2224 2638 largitus
2256 2577 2361 2633 est,
2383 2576 2445 2622 ut
2473 2566 2723 2622 cordinm
2754 2565 2988 2619 consilia
3015 2563 3252 2618 invicem
3307 2561 3596 2632 detegendi

1993 2659 2228 2715 facultas
2252 2660 2422 2725 sit,ae
2447 2657 2930 2714 communicabilis
2963 2665 3175 2710 natura:
3191 2655 3369 2724 gratia
3403 2667 3598 2708 omnes

1983 2735 2116 2823 quae
2167 2753 2366 2822 cuique
2426 2750 2618 2806 insunt
2666 2749 2900 2803 invicem
2949 2748 3304 2816 partiremur,
3339 2743 3472 2799 dum
3529 2759 3597 2798 ex

1992 2842 2178 2908 corde,
2203 2857 2303 2897 ceu
2350 2858 2418 2896 ex
2463 2856 2668 2895 arcano
2701 2839 2938 2909 quodam
2965 2838 3346 2908 promptuario
3367 2837 3599 2892 consilia

1991 2933 2465 3004 depromeremus.
2498 2933 2554 2987 Si
2585 2932 2732 2987 enim
2757 2933 2902 2987 nuda
2940 2940 3151 2986 tantum
3203 2932 3389 2985 anima
3429 2929 3596 2982 vitam

1990 3024 2450 3095 producerentus.
2483 3027 2552 3080 ab
2581 3027 2701 3094 ipso
2745 3025 3026 3078 intellectu
3061 3025 3316 3093 protinus
3361 3021 3593 3074 invicem

1992 3118 2435 3173 conveniremus.
2502 3115 2609 3171 Sed
2673 3115 2939 3185 quoniam
2991 3115 3176 3169 anima
3246 3121 3437 3167 nostra
3493 3111 3598 3166 sub

1993 3221 2180 3273 carne,
2221 3221 2318 3262 ceu
2361 3205 2632 3260 velamine
2678 3204 2916 3274 quodam
2957 3204 3198 3268 detenta,
3239 3201 3597 3273 cogitationi-

1994 3301 2098 3356 bus
2133 3301 2343 3364 utitur,
2392 3298 2577 3354 verbis
2632 3313 2930 3368 rerumque
2989 3295 3313 3351 nominibus
3364 3294 3593 3365 indiget,

1993 3408 2105 3464 quo
2126 3408 2250 3462 qua:
2285 3393 2340 3446 iu
2376 3392 2586 3447 intimis
2605 3391 2958 3454 continentur
2985 3389 3040 3444 in
3069 3389 3352 3460 publicum
3374 3389 3594 3453 ederet;

1994 3493 2222 3553 excepto
2253 3486 2400 3556 quod
2435 3485 2590 3554 prius
2633 3499 2664 3538 a
2717 3483 2882 3538 rebus
2911 3483 3046 3553 ipsis
3072 3480 3311 3537 formula
3341 3479 3594 3553 quedam

281 3569 338 3623 in
388 3570 669 3627 intellectu
719 3579 931 3641 oritur;
995 3575 1194 3630 dehinc
1262 3589 1388 3630 cum
1437 3591 1595 3632 mens
1662 3577 1783 3649 ipsa
1819 3579 2215 3651 imaginatione
2272 3596 2371 3635 usa
2414 3578 2601 3644 fuerit,
2644 3593 2742 3633 ceu
2779 3577 2993 3632 delectu
3057 3575 3301 3647 quodam
3339 3590 3370 3630 a
3405 3575 3596 3644 subjes

283 3662 390 3718 etis
417 3664 584 3722 rebus
611 3665 818 3732 habito,
864 3667 1171 3738 peculiares
1233 3667 1795 3741 accommodatasque
1830 3671 2129 3741 cujuslibet
2181 3670 2260 3726 rei
2309 3670 2740 3742 significationes
2774 3665 3084 3722 denuntiat.
3154 3665 3358 3721 Postea
3421 3680 3594 3731 vero,

281 3771 410 3813 cum
458 3775 582 3829 qua:
640 3761 952 3817 intellectus
1027 3762 1486 3832 deprehenderat,
1542 3765 1816 3820 vocalium
1865 3765 2362 3821 instrumentorum
2435 3763 2622 3819 ofﬁcio
2677 3760 2994 3826 tradiderit,
3060 3761 3166 3816 hoc
3219 3770 3384 3830 pacto
3433 3759 3586 3814 aeris

284 3851 616 3911 formatione
656 3851 1000 3909 intellectum
1043 3854 1222 3925 ipsum
1271 3854 1367 3924 qui
1417 3855 1469 3909 in
1511 3871 1718 3912 arcano
1755 3859 2102 3923 constiterat,
2133 3856 2438 3914 articulatm
2475 3855 2627 3913 vocis
2681 3865 2831 3909 motu
2877 3854 3056 3926 palam
3103 3853 3369 3908 ostendit.

355 3944 468 3998 Kal.
495 3943 655 3998 τοῦτο
685 3947 743 3998 ἐν
779 3949 849 4017 τῇ
894 3946 1057 4016 φύσει
1105 3948 1202 4002 τοῦ
1249 3949 1482 4018 λογικοῦ
1535 3950 1711 4016 ζώου,
1747 3951 1810 4004 τὸ
1836 3951 1882 3984 ⁸⁸

281 4036 373 4089 διά
400 4035 563 4106 λόγου
612 4039 988 4094 ἐκκαλύπτειν
1036 4041 1377 4115 προφορικοῦ
1428 4045 1499 4097 τά
1556 4043 1658 4114 τῆς
1699 4043 1884 4114 ψυχῆς

283 4131 616 4202 άπόκρυφα·
656 4135 690 4204 ή
715 4135 823 4205 γὰρ
852 4135 1018 4206 νοερὰ
1053 4137 1162 4189 τῶν
1193 4136 1444 4206 ἀγγέλων
1473 4137 1654 4203 οὐσία,
1688 4137 1750 4203 ἐξ
1779 4138 1882 4190 αύ-

282 4224 392 4276 τῶν
455 4225 565 4278 τῶν
615 4229 908 4298 νοημάτων
960 4227 1218 4299 ἀλλήλοις
1275 4229 1628 4297 συγγίνονται
1646 4229 1718 4284 ⁸⁷.
1777 4230 1882 4282 Τὸν

281 4316 443 4387 λόγον
491 4318 549 4371 δὲ
590 4318 682 4371 τὸν
725 4318 1077 4391 ἀνθρώπινόν
1123 4339 1270 4385 τινες
1314 4316 1551 4390 ἄγγελον
1605 4323 1882 4394 ὡρίσαντο

282 4412 580 4482 νοήματος.
627 4413 864 4481 Λέγεται
907 4414 996 4480 δὲ,
1030 4417 1058 4468 6
1094 4415 1196 4485 μὲν
1229 4416 1568 4479 ἐνδιάθετος,
1599 4421 1628 4472 ό
1653 4417 1709 4470 δὲ
1740 4434 1878 4490 προ-

2048 3950 2232 4008 Ethoe
2251 3951 2304 4006 in
2325 3959 2522 4006 natura
2540 3949 2798 4004 animalis
2820 3949 3032 4005 ratione
3049 3947 3375 4018 praediti,uti
3395 3947 3598 4001 anime

1989 4061 2193 4102 arcana
2221 4042 2651 4116 pronuntiativa:
2676 4041 2950 4097 orationis
2987 4055 3218 4096 munere
3247 4041 3595 4108 detegantur,

1989 4138 2266 4209 peculiare
2312 4138 2567 4194 habetur.
2619 4133 2758 4189 Nam
2808 4134 3130 4204 angelorum
3194 4132 3598 4187 intellectuales

1990 4230 2319 4286 substantiae
2384 4229 2508 4301 ipso
2561 4226 2844 4282 intellectu
2919 4225 3156 4281 invicem
3218 4225 3592 4291 conveniunt;

1991 4323 2292 4379 humanam
2323 4336 2454 4378 vero
2499 4320 2806 4377 orationem
2841 4319 3156 4376 intellectus
3191 4317 3446 4388 angelum
3472 4333 3597 4374 esse

1989 4415 2243 4470 nonnulli
2297 4423 2614 4472 statuerunt
2687 4415 2796 4470 Sed
2851 4413 3026 4468 altera
3070 4410 3292 4480 quidem
3351 4411 3592 4473 interna,

281 4505 532 4576 φορικός.
569 4505 681 4559 Καὶ
709 4505 1018 4570 ἐνδιάθετος
1054 4507 1156 4579 μέν
1187 4509 1359 4574 ἐστιν,
1392 4512 1421 4564 6
1449 4511 1509 4562 ἐν
1540 4510 1742 4582 καρδίᾳ
1779 4510 1876 4564 λα-

1987 4508 2162 4563 altera
2202 4523 2335 4564 vero
2359 4508 2778 4580 pronuntiativa
2813 4507 2995 4562 oratio
3022 4505 3246 4560 dicitur.
3279 4504 3346 4559 Et
3377 4504 3592 4560 interna

280 4596 544 4667 λούμενος
564 4614 579 4629 ·
608 4599 637 4652 6
665 4598 724 4652 δὲ
745 4599 884 4670 ἐντῇ
915 4601 1171 4671 προφορᾷ
1198 4601 1294 4654 καὶ
1327 4601 1526 4672 χρήσει
1552 4601 1618 4666 ⁸⁸,
1640 4602 1809 4672 ῥῆμα
1829 4603 1875 4634 ³⁸

279 4690 393 4744 άπὸ
433 4689 675 4756 διανοίας
721 4693 1150 4763 ἐκπεμπόμενον
1171 4693 1217 4726 δ⁰
1271 4695 1412 4764 μετά
1462 4695 1672 4764 φωνῆς.
1716 4695 1875 4765 Φωνὴ

278 4781 340 4836 δὲ
371 4783 432 4836 οὐ
490 4784 598 4845 πᾶς
615 4782 658 4815 ⁸¹
696 4782 857 4853 λόγος
904 4783 1157 4854 λέγεται,
1205 4784 1343 4838 ἀλλά
1395 4785 1507 4838 πᾶν
1541 4785 1569 4838 δ
1602 4785 1776 4854 ψόφον
1804 4785 1874 4839 δι’

277 4870 452 4940 ἀκοῆς
473 4873 710 4942 ἐμποιεῖ.
757 4873 882 4927 Ἐπὶ
909 4875 1012 4944 μὲν
1036 4874 1148 4944 γάρ
1168 4874 1216 4906 ⁸³
1245 4873 1348 4943 τῆς
1379 4873 1664 4943 ἡμετέρας
1692 4873 1874 4944 ψυχῆς

277 4964 456 5019 διτταί
489 4966 630 5020 εἰσιν
683 4967 742 5019 ai
786 4966 1091 5040 ἐνέργειαι·
1129 4968 1186 5021 αἱ
1236 4967 1337 5038 μὲν
1374 4968 1716 5036 γνωστικαὶ,
1763 4963 1877 5020 οἷον

277 5055 434 5123 νοῦς,
465 5056 596 5122 δόξα
617 5097 631 5123 ,
665 5060 978 5128 φαντασία,
1007 5059 1267 5129 αἴσθησις
1298 5061 1393 5114 καὶ
1415 5059 1648 5125 διάνοια,
1689 5058 1876 5124 καθὼς

280 5151 620 5223 προείπομεν
638 5169 652 5184 ο
682 5153 741 5206 al
767 5152 827 5208 δὲ
858 5151 1093 5218 ζωτικαὶ
1115 5153 1210 5206 καὶ
1234 5155 1544 5224 ὀρεκτικαὶ,
1573 5147 1708 5218 οἷον,
1745 5153 1871 5224 βού-

352 5370 395 5404 ¹⁶
446 5371 510 5424 οὐ
553 5391 614 5427 π.
659 5387 772 5428 om.
818 5373 878 5438 Β,
923 5374 1076 5429 πόοω
1124 5375 1186 5432 C.

276 5511 324 5590 ξς
355 5511 520 5590 alam
562 5514 738 5590 C._"
765 5513 1165 5590 etiarfaktc'rh;
1189 5519 1254 5590 (ζ.
1305 5522 1377 5590 7"
1399 5520 1549 5590 ἡμᾶς
1587 5533 1698 5590 om.
1733 5519 1796 5590 Δὶ

1984 4602 2208 4671 quidem
2239 4611 2345 4669 est,
2379 4619 2503 4672 quze
2537 4603 2591 4657 in
2625 4601 2792 4658 corde
2820 4600 3068 4670 quuitur
3101 4617 3114 4654 :
3165 4615 3290 4669 quae
3337 4615 3468 4658 vero
3523 4599 3591 4654 ad
3635 4665 3646 4672 _

1984 4693 2270 4764 eloquium
2319 4711 2594 4766 usumque
2661 4694 2846 4761 venit,
2917 4692 3102 4748 ﬂuxus
3165 4699 3247 4747 est
3311 4692 3408 4762 qui
3461 4707 3590 4747 eum

1987 4800 2119 4840 voce
2151 4801 2184 4840 a
2219 4786 2557 4854 cogitatione
2585 4785 2876 4840 emittitur.
2905 4781 3026 4839 Non
3050 4791 3237 4839 autem
3270 4783 3455 4838 omnis
3484 4797 3589 4838 vox

1986 4877 2167 4932 oratio
2205 4877 2427 4942 dicitur,
2481 4877 2576 4932 sed
2628 4891 2864 4947 quaeque
2911 4890 3001 4930 res
3030 4889 3154 4947 quae
3187 4875 3480 4945 strepitum
3519 4877 3588 4930 ad

1986 4970 2236 5025 auditum
2282 4969 2494 5031 defert.
2539 4985 2644 5024 vox
2695 4977 3070 5039 nuncupatur.
3125 4968 3403 5036 Quoniam
3457 4983 3590 5024 vero

1983 5062 2183 5118 animae
2231 5071 2436 5118 nostra:
2475 5061 2728 5132 duplices
2772 5061 3022 5116 actiones
3061 5060 3358 5128 habentur,
3399 5061 3590 5118 altera:

1981 5155 2199 5225 quidem
2227 5171 2349 5225 quae
2373 5155 2440 5211 ad
2475 5154 2849 5228 cognitionem
2873 5197 2888 5222 ,
2923 5162 2984 5209 ut
3014 5169 3191 5224 nuper
3219 5155 3590 5232 asseruimus,

278 5443 323 5475 ﬂ
352 5373 510 5456 "'06
550 5387 800 5475 tetanum;0
818 5373 878 5438 Β,
923 5374 1076 5429 πόοω
1124 5375 1186 5432 C.
1286 5380 1325 5411 “
1378 5377 1436 5432 δὲ
1484 5375 1548 5442 Β,
1598 5377 1736 5430 ἀλλά
1781 5375 1932 5428 ἐστὶν
1975 5378 2065 5432 ἀσ.
2114 5375 2174 5430 Ρ.
2231 5378 2277 5410 ³³
2319 5377 2414 5430 καὶ
2443 5393 2554 5431 om.
2587 5376 2628 5430 Β
2675 5377 2738 5432 Ρ.
2819 5378 2862 5410 ³³
2894 5378 3031 5475 μόνη
3059 5375 3102 5430 Β
3129 5374 3189 5430 Ρ.
3271 5377 3315 5409 ⁸⁸
3344 5373 3490 5430 οἶδεν
3521 5374 3581 5430 Β.

352 5457 508 5475 κηποι
828 5446 1145 5475 ιυ--ι......-..
1193 5447 1234 5475 Ρ
1336 5448 1379 5475 l1
1425 5448 1544 5475 ιη..-
1584 5447 1625 5475 Ρ
1673 5446 1714 5475 D
1784 5447 1944 5475 :nslnnl
2066 5447 2110 5475 18
2140 5447 2231 5475 ...Α
2283 5463 2370 5475 Α...
2441 5447 2478 5475 Ι)
2515 5449 2554 5475 Π
2692 5449 2734 5475 19
2777 5448 2838 5475 -.⁸.
2889 5465 3004 5475 ..-ιιι
3035 5447 3182 5475 7---.
3237 5447 3331 5475 ‘AA
3377 5446 3416 5475 Ω
3445 5446 3486 5475 l‘
3521 5446 3562 5475 Ι)

353 5395 393 5404 "
446 5395 510 5424 ου
553 5395 614 5427 π.
659 5395 772 5428 om.
819 5395 878 5438 ι),
923 5395 1076 5429 ποσω
1124 5395 1186 5432 υ.
1286 5395 1325 5411 ⁵⁸
1378 5395 1436 5432 οε
1484 5395 1548 5442 ὕ,
1598 5395 1736 5430 αλια
1781 5395 1876 5428 εστ

352 5440 514 5518 φύσει
550 5443 1148 5518 (ξ-Ρηβοᾷἐκτείνουσα
1193 5447 1256 5504 C.
1336 5448 1379 5480 ¹⁷
1422 5448 1544 5511 ὅλος
1584 5447 1627 5502 C
1673 5446 1734 5510 Ρ,
1784 5448 1882 5501 intr

1986 5395 2065 5432 ισ.
2116 5395 2174 5430 ι’.
2232 5395 2277 5410 η
2319 5395 2414 5430 και
2443 5395 2554 5431 oin.
2587 5395 2628 5430 υ
2675 5395 2738 5432 ι’.
2820 5395 2862 5410 ³·
2894 5395 3031 5500 now?
3059 5395 3089 5430 ι]

2066 5447 2236 5518 ’ἐκαὶ
2281 5463 2395 5518 om.
2441 5447 2480 5500 Β
2515 5449 2575 5503 Ρ.
2692 5449 2734 5480 ¹⁶³
2776 5448 2853 5518 οὑκ
2889 5465 3007 5518 χωρ
3031 5447 3089 5511 ξε

1900 5519 1946 5548 ⁸³
1969 5516 2297 5576 ἀποδίδωσιν
2351 5517 2412 5582 C,
2458 5518 2804 5586 άποδίδωμεν
2837 5516 2898 5573 Ρ.

274 5581 322 5614 ³⁸
357 5581 468 5660 γᾴρ
494 5597 607 5660 om.
645 5583 704 5638 Β.
783 5587 834 5660 “_
859 5581 1274 5660 συνεγινῲμεθα
1303 5589 1363 5644 Β.
1419 5581 1492 5622 ﬂ"
1521 5581 1644 5660 καλ.
1671 5587 1834 5660 ῄμῷν
1862 5587 1904 5642 Β
1931 5588 1987 5660 Ci

3095 5464 3186 5500 ται
3229 5447 3351 5500 add.
3377 5446 3417 5501 Β
3445 5446 3488 5501 C
3520 5446 3582 5500 Ρ.

2994 5519 3043 5589 ’γι
3076 5516 3488 5589 προσφέροντες
3519 5518 3583 5589 fl.

2572 5589 2672 5658 μὲν
2695 5588 2898 5660 όΑθεῖος
2941 5587 3081 5660 ἀνὴρ
3113 5587 3316 5660 add.__C
3336 5587 3409 5660 _P.
3463 5587 3586 5660 3:6

2066 5447 2110 5479 ³⁸
2140 5447 2236 5500 καί
2281 5463 2395 5503 om.
2441 5447 2480 5500 Β
2515 5449 2575 5503 Ρ.
2692 5449 2734 5480 ¹⁶³
2776 5448 2840 5501 οὑ

2169 5589 2216 5620 ’⁸
2251 5589 2347 5642 καὶ
2371 5586 2548 5642 ταῦτα

275 5651 464 5734 οιιιζϐ.
537 5651 584 5685 ⁸⁸
607 5651 1060 5778 πΒαγμάτωνΒϐ
1082 5651 1144 5714 ΡΖ
1221 5661 1263 5692 ³⁸
1289 5661 1577 5728 ὲξαγγέλει
1605 5658 1643 5712 Β
1671 5651 1732 5715 ΡΣ
1756 5658 1882 5710 ⁸⁸πο

276 5721 421 5778 ’δτω
476 5737 588 5778 om.
701 5763 714 5778 .
823 5729 868 5760 ³⁸
893 5729 956 5778 τὸ
1014 5732 1074 5778 ἐν
1111 5730 1248 5778 αὑτῆ
1307 5730 1481 5778 lati-ri?)
1533 5727 1622 5778 P-l
1674 5731 1882 5778 κρυπτά

1986 5657 2147 5721 ςιδοὺς
2170 5657 2211 5712 Β
2237 5660 2299 5725 C,
2323 5657 2382 5724 P,
2405 5659 2496 5728 qui
2516 5651 2677 5714 habet
2698 5657 2767 5712 τά
2786 5651 3161 5729 διανοηθέντα.
3243 5654 3504 5710 “aiith
3519 5657 3581 5710 Ρ.

1986 5745 2052 5778 νον
2121 5729 2216 5778 νόη
2228 5747 2302 5778 μα
2341 5729 2383 5778 C
2446 5727 2509 5778 Ρ.
2601 5731 2648 5762 ³⁸
2679 5727 2777 5778 τοῦ
2835 5729 2898 5778 C.
3016 5729 3060 5762 ⁸⁷
3092 5729 3412 5778 συγγίνεται
3452 5728 3495 5778 C
3520 5727 3581 5778 P.

276 5721 421 5803 ξξτῷ
476 5737 588 5779 om.
815 5729 870 5803 fil
893 5729 956 5784 τὸ
1014 5732 1074 5783 ἐν
1111 5730 1248 5803 αὐτῇ
1307 5721 1481 5803 [αὐτῷ

277 5791 396 5844 ηπ

276 5859 323 5895 δ’
347 5859 607 5937 mnam
631 5865 672 5921 Β
709 5865 766 5922 Ρ.

1674 5731 2052 5801 κρυπτόμενον
2107 5729 2302 5801 *νόημα
2341 5727 2552 5801 (ἔα-Ρ.-
2601 5731 2648 5762 ³⁸
2679 5727 2777 5782 τοῦ
2835 5729 2898 5784 C.

399 5795 688 5876 ρρφορικις
711 5795 770 5876 ξι
803 5801 832 5853 δ
857 5801 914 5854 εν
937 5804 1001 5874 τι
1035 5819 1093 5856 π.
1130 5795 1535 5876 καῖ’κρήπιιὶοί
1566 5795 1783 5874 mea
1818 5795 1907 5872 εκ]
1940 5799 2005 5856 c.

3016 5729 3060 5762 ⁸⁷
3092 5729 3412 5798 συγγίνεται
3452 5728 3495 5783 C
3520 5727 3584 5798 Ρ,

2103 5798 2147 5833 θ’
2178 5795 2357 5872 ῥεῦμα
2382 5799 2423 5854 Β
2455 5797 2497 5856 C
2523 5798 2585 5856 P.
2663 5801 2709 5834 ⁵ο
2742 5795 3257 5874 ἐκπεμπόμενοςο.
3297 5799 3342 5831 ⁵⁸
3380 5799 3492 5860 πᾶν
3514 5795 3582 5853 (ἲν
