4204 6452
295 448 432 508 HO!)

1504 432 1592 487 DE
1631 430 1926 489 NATUllA
1969 427 2276 486 IIOMINIS.

3465 414 3601 472 mo

293 557 418 610 ἀλλο
439 552 486 585 ⁷⁸
513 550 631 606 ἐστὶ
666 547 940 619 σφυγμὸς,
972 546 1006 617 ἢ
1040 546 1257 616 κίνησις
1304 543 1539 613 καρδίας
1571 544 1615 575 ⁷⁸
1650 545 1745 596 καὶ
1779 544 1881 614 ἀρ-

1988 541 2433 608 artcriarumque
2476 533 2649 590 motio
2709 530 2839 602 est),
2899 529 2993 600 qui
3041 543 3071 583 a
3114 525 3268 583 vitali
3311 524 3601 594 facultate,

289 644 501 717 τηριῶν
542 642 649 697 ὑπὸ
685 640 927 710 ζωτικῆς
971 639 1258 710 δυνάμεως
1291 635 1541 706 φυσικῶς
1589 636 1883 705 γινομένη,

293 739 435 794 κατά
458 735 745 805 διαστολὴν
771 733 867 787 καὶ
896 731 1166 802 συστολὴν
1192 730 1289 787 τοῦ
1313 728 1619 801 πνεύμονος
1653 730 1721 792 ⁷⁸,
1750 728 1889 798 πρὸς

291 831 593 901 ἐκφόρησιν
634 827 745 880 τῶν
784 824 1102 894 λιγνυωδῶν
1133 824 1594 895 περιττωμάτων,
1632 822 1725 876 καὶ
1756 824 1878 874 ἀντ-

288 921 603 990 εισαγωγὴν
634 916 730 971 τοῦ
797 916 1050 989 καθαροῦ
1082 916 1269 986 ἀέρος,
1301 914 1441 986 πρὸς
1472 915 1534 968 τὸ
1566 915 1887 986 ριπίζεσθαι

290 1015 384 1068 καὶ
408 1012 795 1079 ἀναζωπυρεῖν
828 1010 921 1063 τὸν
961 1008 1192 1074 ζωτικὸν
1223 1008 1397 1074 τόνον,
1423 1008 1451 1060 ὅ
1478 1011 1598 1062 ἐστι
1619 1009 1682 1063 τὸ
1704 1010 1886 1080 ἐμφυ-

286 1123 379 1158 τον
420 1104 623 1173 θερμὸν
650 1103 713 1155 τὸ
741 1103 787 1134 ’⁷⁸
812 1103 870 1153 ἐν
905 1105 973 1172 τῇ
1005 1100 1228 1172 καρδίᾳ.

373 1195 461 1258 Ἐξ
480 1195 691 1266 ἥπατος
715 1196 771 1249 δέ
802 1195 858 1247 αἱ
890 1193 1122 1264 φυσικαὶ
1146 1192 1413 1262 δυνάμεις
1442 1189 1730 1262 ὁρμῶνται
1751 1206 1762 1217 ·
1791 1190 1887 1245 καὶ

287 1285 400 1356 γὰρ
450 1285 539 1338 διὰ
598 1286 699 1354 τῆς
756 1283 1023 1355 ἐργασίας
1054 1283 1097 1314 ⁷⁷
1165 1279 1334 1334 αὐτοῦ
1398 1280 1666 1352 τρέφεται
1728 1278 1887 1349 ἡμῶν

287 1378 511 1434 ἅπαν⁷⁸
560 1378 623 1430 τὸ
673 1377 857 1446 σῶμα,
910 1376 1006 1428 καὶ
1057 1372 1453 1446 αύξανόμεθα’
1488 1374 1586 1427 καὶ
1636 1371 1808 1425 πάλιν
1836 1371 1882 1402 ⁷⁸

284 1471 499 1544 τροφῆς
530 1471 838 1542 ὀρεγόμεθα
865 1485 878 1500 ·
930 1468 1118 1537 πέψει,
1171 1468 1269 1523 καὶ
1305 1467 1578 1531 ἀναδόσει,
1614 1467 1709 1521 καὶ
1735 1465 1886 1531 ἐξαι-

293 1562 564 1635 ματώσει,
599 1564 696 1617 καὶ
732 1562 1054 1635 προσθέσει,
1078 1563 1176 1617 καὶ
1194 1563 1495 1632 διακρίσει,
1523 1562 1620 1616 καὶ
1649 1560 1887 1629 ἀποκρί-

290 1671 395 1707 σει.
432 1656 498 1707 Αί
529 1654 639 1726 γὰρ
664 1656 816 1726 τρεῖς
847 1645 1011 1708 αὗται
1032 1653 1299 1725 δυνάμεις
1327 1669 1345 1687 ο
1389 1654 1509 1723 rex
1543 1651 1777 1722 καρδίας
1801 1666 1815 1681 ·
1850 1651 1883 1720 ἡ

288 1743 352 1808 ἐξ
374 1744 588 1813 ἥπατος
618 1757 631 1771 '
661 1742 756 1795 καὶ
786 1743 821 1812 ἡ
858 1741 918 1807 ἐξ
964 1742 1297 1811 ἐγκεφάλου,
1331 1743 1519 1795 πᾶσαν
1553 1739 1715 1812 ἡμῶν
1745 1739 1886 1792 διοι-

288 1835 451 1888 κοῦσι
490 1834 637 1905 ζωήν
668 1850 683 1864 ⁸
721 1833 803 1887 διὸ
850 1834 945 1887 καὶ
988 1834 1089 1904 τῆς
1117 1834 1303 1905 ψυχῆς
1340 1834 1482 1905 μέρη
1511 1831 1661 1895 τινὲς
1709 1830 1887 1885 ταῦτα

288 1926 566 2000 ὡρίσαντο
596 1922 737 1980 εἶναι
769 1926 815 1958 ⁸⁸
843 1942 856 1955 ·
892 1925 953 1979 τὸ
985 1925 1094 1998 γὰρ
1131 1944 1149 1976 ι
1188 1926 1456 1997 τριμερὲς
1483 1925 1583 1996 τῆς
1615 1923 1796 1993 ψυχῆς
1826 1925 1884 1977 ἐν

289 2018 564 2082 ἀπαθείας
592 2019 637 2050 ⁸⁸
671 2017 821 2090 βυθῷ
857 2037 876 2069 ι
932 2018 1042 2071 τῶν
1075 2019 1256 2087 σοφῶν
1310 2034 1393 2079 τις
1434 2035 1452 2068 ι
1488 2014 1886 2079 καταποντίζε-

291 2111 419 2166 σθαι
464 2130 483 2163 ι
534 2110 801 2182 εῦχεταιν
833 2110 947 2163 Καὶ
994 2102 1318 2180 θαυμαστὸν
1368 2110 1492 2177 πῶς
1543 2108 1819 2180 τριμερὴς
1849 2111 1883 2180 ἡ

288 2201 607 2273 ἀσώματος.
664 2200 813 2273 Πλὴν
862 2201 1143 2272 ἐνέργειαί
1219 2200 1368 2264 τινές
1418 2202 1580 2265 εἰσιν,
1624 2200 1806 2255 εἴτουν
1831 2201 1880 2234 ⁸³

287 2292 573 2363 δυνάμεις,
607 2291 667 2346 τὸ
699 2290 954 2361 θυμικὸν,
1004 2290 1067 2344 τὸ
1108 2290 1533 2362 ἐπιθυμητικὶν,
1578 2292 1676 2345 καὶ
1702 2293 1765 2345 τὸ
1794 2294 1885 2345 λο-

285 2384 556 2454 γιστικόν.
614 2384 928 2455 Ὀρμῶνται
951 2384 1028 2448 δὲ,
1054 2383 1117 2437 τὸ
1145 2383 1378 2455 θυμικὸν
1402 2384 1505 2455 μὲν
1528 2386 1593 2439 ἐκ
1615 2384 1847 2457 καρδίας
1868 2422 1883 2445 ,

284 2475 349 2528 τὸ
380 2475 439 2530 δὲ
470 2476 870 2546 ἐπιθυμητικὸν
926 2472 985 2540 ἐξ
1014 2474 1258 2545 ἥπατος·
1290 2472 1351 2539 ἐξ
1383 2474 1695 2544 ἐγκεφάλου
1742 2475 1800 2529 δὲ
1825 2474 1887 2528 τὸ

287 2565 625 2635 λογιστικόν.
662 2567 773 2620 Καὶ
806 2568 869 2619 ἐκ
903 2568 1005 2638 μὲν
1037 2566 1134 2620 τοῦ
1157 2565 1395 2638 θυμικοῦ
1418 2567 1447 2619 ὁ
1474 2565 1649 2638 θυμὸς
1684 2569 1881 2635 γεννᾶ-

287 2673 380 2713 ται
410 2673 425 2689 ⁸
453 2658 570 2711 ἐστι
602 2656 658 2710 δὲ
689 2657 877 2728 θυμὸς
906 2656 1060 2721 ζέσις
1085 2656 1182 2711 τοῦ
1235 2657 1597 2729 περικαρδίου
1627 2659 1674 2691 ⁸³
1708 2660 1881 2729 αἵμα-

285 2766 381 2814 τος
425 2749 562 2823 πρὸς
612 2746 794 2819 ὄρεξιν
841 2748 1256 2820 ἀντιλυπήσεως
1308 2749 1416 2803 τῶν
1453 2750 1883 2823 παροξυνάντων

283 2838 630 2906 κινούμενος.
659 2837 979 2909 Παράγεται
1004 2836 1055 2869 δ’
1100 2837 1157 2890 δὲ
1194 2835 1345 2908 παρὰ
1379 2836 1440 2889 τὸ
1468 2836 1583 2890 θύω
1600 2837 1661 2889 τὸ
1687 2839 1845 2908 ὁρμῶ
1866 2855 1879 2868 ·

279 2931 315 3003 ἢ
371 2930 526 3003 παρά
562 2931 623 2984 τὸ
676 2930 829 2983 θύειν
884 2925 1023 3000 αἷμα
1056 2929 1135 2964 ⁸⁸⁸
1179 2928 1416 2999 osurus;
1460 2947 1545 2993 τις
1599 2928 1675 2983 ῶν
1707 2946 1723 2960 ’
1771 2930 1804 2999 ἢ
1855 2932 1884 2983 ὁ

287 3020 463 3087 θύειν,
495 3023 665 3094 ἡγουν
696 3023 876 3093 ὁρμᾷν
903 3019 1043 3092 αἷμα
1066 3020 1411 3091 κινούμενος,
1430 3022 1525 3073 καὶ
1548 3020 1595 3053 ⁸⁸
1616 3019 1881 3092 ὁρμώμει

287 3128 379 3176 νος
436 3110 541 3166 ὑπὸ
604 3110 861 3181 αἵματος.
924 3111 1018 3163 Ἐκ
1076 3109 1134 3161 δὲ
1188 3108 1286 3162 τοῦ
1360 3108 1771 3179 ἐπιθυμητικοῦ
1847 3110 1881 3180 ὴ

286 3205 566 3275 ἐπιθυμία
619 3206 893 3258 κινεῖται’
954 3202 1072 3255 ἐστι
1131 3200 1189 3254 δὲ
1245 3203 1279 3272 ή
1331 3200 1605 3271 ἐπιθυμία
1676 3202 1952 3296 παντὸςο

286 3296 538 3367 ἐμψύχου
560 3295 708 3366 ὁρμὴ
735 3295 930 3366 πρώτη
948 3293 992 3325 "
1017 3292 1155 3364 πρός
1187 3308 1241 3345 τι
1264 3291 1373 3345 τῶν
1401 3290 1748 3361 φιλουμένων
1770 3306 1781 3319 ⁸
1818 3291 1883 3343 ἐκ

282 3388 381 3444 τοῦ
416 3386 727 3457 λογιστικοῦ
759 3386 816 3439 δὲ
847 3388 875 3439 ὁ
905 3383 1198 3456 λογισμὸς
1229 3384 1543 3455 ἐφορμᾶται
1572 3398 1587 3414 ·
1617 3382 1882 3452 λογισμὸς

281 3479 344 3534 δέ
374 3480 492 3533 ἐστι
536 3477 598 3532 τὺ
624 3476 841 3546 πρῶτον
859 3477 916 3531 ἐν
945 3475 1028 3530 νοτ
1059 3474 1287 3530 ἀνελθὸν
1308 3475 1354 3507 ⁸⁸
1386 3475 1567 3546 νόημα
1598 3490 1612 3505 ·
1642 3475 1674 3546 ἦ
1710 3474 1883 3545 ἀόρα-

282 3589 378 3637 τος
415 3572 636 3643 κίνησις
686 3571 785 3625 καὶ
826 3570 1044 3642 ταραχὴ
1091 3569 1439 3642 πραγμάτων
1471 3588 1485 3603 ·
1519 3569 1553 3640 ἢ
1601 3569 1881 3640 αἰσθητῶν

285 3663 636 3736 πραγμάτων
674 3663 1052 3733 συνισταμένη
1109 3663 1253 3716 κατὰ
1301 3661 1543 3716 διάνοιαν
1564 3661 1611 3693 ⁸³
1663 3660 1830 3715 εικὼν
1862 3677 1878 3693 °

286 3754 408 3827 μεθ’
435 3749 508 3828 ἧς
544 3756 574 3808 ὁ
608 3753 736 3817 νοῦς
770 3754 1092 3825 κινούμενος
1127 3753 1279 3821 λέγει
1300 3770 1353 3806 τι
1386 3753 1420 3825 ἢ
1454 3753 1693 3825 πράττει
1716 3771 1881 3823 φανε-

285 3844 733 3918 ρῶςῆκρυπτῶς
764 3845 901 3916 πρὸς
934 3843 1003 3897 τὰ
1032 3843 1395 3915 μορφούμενα
1426 3844 1518 3897 ὑπ’
1542 3843 1734 3898 αὐτοῦ.
1769 3844 1881 3897 Καὶ

282 3935 381 3992 τοῦ
432 3936 533 4008 μὲν
571 3933 810 4005 θυμικοῦ
873 3938 1012 3987 εἰσιν
1087 3933 1305 4005 ἀρεταὶ,
1370 3933 1644 4005 ὑπομονὴ,
1704 3933 1801 3987 καὶ
1834 3935 1879 3966 ⁹⁰

282 4029 587 4102 ἐγκράτεια
618 4030 718 4082 καὶ⁵
762 4026 989 4098 ἀνδρεία
1013 4041 1027 4055 °
1063 4027 1256 4080 κακίαι
1278 4027 1321 4058 ⁹¹
1355 4025 1435 4093 δὲ,
1466 4027 1609 4098 ὀργὴ
1643 4028 1740 4080 καὶ
1773 4043 1881 4097 μα-

281 4125 394 4189 νία,
434 4122 531 4178 καὶ
555 4121 727 4177 δειλία
756 4121 824 4186 ’⁸,
856 4120 950 4174 καὶ¹
987 4120 1273 4192 ἀνανδρία.
1325 4119 1435 4173 Τοῦ
1464 4119 1514 4153 ⁸⁸
1549 4119 1881 4192 ἐπιθυμητι-

283 4217 382 4272 κοῦ
414 4216 615 4289 ἀρεταὶ
670 4215 794 4287 μὲν,
841 4214 1198 4286 σωφροσύνη,
1243 4214 1341 4269 καὶ
1370 4214 1554 4285 ὄρεξις
1588 4214 1699 4269 τῶν
1744 4214 1881 4269 ἀθα-

280 4310 460 4364 νάτων
499 4307 721 4376 ἀγαθῶν
749 4348 765 4373 ,
800 4310 896 4361 καὶ
945 4307 1143 4377 ἀγάπη
1196 4305 1361 4373 Θεοῦ,
1398 4307 1630 4362 καὶτῶν
1656 4308 1705 4341 ⁸⁸
1744 4309 1881 4378 πλη-

282 4404 421 4459 σίον.
450 4401 658 4457 Κακίαι
696 4402 777 4468 δὲ,
807 4401 1093 4468 ἀσέλγεια,
1122 4403 1218 4455 καὶ
1277 4400 1570 4470 ἀκολασία,
1618 4404 1710 4457 καὶ
1765 4404 1876 4457 τῶν

1997 633 2261 704 pulmone
2300 625 2681 683 dilatationem
2713 620 3261 689 contractioncmque
3303 618 3598 684 sentiente,

1992 733 2205 778 natura:
2225 720 2420 776 ordine
2461 726 2729 783 movetur,
2760 716 2865 769 hoc
2920 713 2999 777 fit,
3035 726 3147 783 quo
3170 711 3384 766 fumosa
3407 727 3600 766 excrc-

1993 824 2175 870 menta
2237 811 2304 867 ad
2356 809 2631 867 exteriora
2671 805 3015 868 deferantur,
3065 819 3130 858 ac
3195 802 3447 857 sincerus
3503 817 3599 855 aer

1990 905 2234 961 vicissim
2254 903 2596 968 admittatur,
2624 902 2793 970 utque
2824 896 3009 952 vitalis
3058 904 3235 962 tenor,
3286 894 3486 949 insitus
3514 894 3597 947 vi-

1992 1000 2187 1057 delicet
2212 997 2396 1054 cordis
2421 994 2594 1062 calor,
2623 991 2948 1049 incitarctur
2968 986 3538 1055 inﬂammareturqne.

2062 1179 2103 1233 A
2122 1176 2374 1249 jecinore
2395 1177 2581 1246 autem
2606 1166 2890 1224 naturales
2938 1163 3226 1219 facultates
3269 1167 3594 1220 moventur;

1991 1283 2117 1325 nam
2154 1276 2327 1322 totum
2349 1278 2551 1334 corpus
2582 1268 2832 1315 nostrum
2856 1254 3031 1325 ipsius
3056 1251 3242 1309 officio
3270 1250 3593 1305 alimentum

1990 1362 2197 1427 sumit;
2252 1357 2443 1414 abillo
2478 1354 2880 1410 incrementum
2925 1345 3285 1416 suscipimus,
3324 1358 3390 1399 ac
3411 1343 3596 1398 denuo

1990 1456 2151 1512 nobis
2176 1450 2424 1509 alimenti
2456 1447 2733 1518 appetitus
2761 1442 3103 1497 innascitur:
3137 1438 3185 1493 is
3208 1452 3338 1493 vero
3363 1437 3433 1489 ob
3460 1450 3596 1490 con-

1994 1547 2331 1611 coctionem,
2371 1540 2861 1614 partitionemque,
2888 1548 2952 1587 ac
2992 1528 3281 1600 sanguinis
3337 1540 3595 1599 procrea-

1992 1642 2220 1703 tionem,
2249 1644 2416 1706 atque
2441 1632 2900 1689 additamentum.
2924 1634 2979 1681 et
3008 1622 3465 1694 segregationem,
3491 1635 3595 1674 nec

1989 1750 2101 1790 non
2132 1729 2505 1799 excretionem
2563 1723 2834 1797 provenit.
2873 1719 3010 1774 Tres
3038 1730 3281 1787 namque
3314 1714 3397 1768 ha:
3426 1712 3595 1768 facul-

1993 1839 2155 1893 tates,
2186 1841 2310 1899 quae
2347 1841 2375 1879 a
2424 1820 2611 1883 corde,
2649 1817 2917 1890 jecinore,
2942 1829 3006 1869 ac
3044 1811 3272 1868 cerebro
3304 1808 3589 1874 oriuntur,

1989 1924 2160 1978 totius
2182 1920 2308 1975 vitae
2346 1927 2552 1972 nostra:
2585 1912 2830 1983 regimen
2878 1907 3128 1963 obtinent
3159 1922 3173 1959 :
3231 1899 3592 1973 quamobrem

1989 2010 2126 2071 ist:fs
2154 2013 2354 2067 animae
2387 2018 2572 2079 partes
2604 2019 2728 2061 esse
2756 1999 3008 2057 nonnulli
3050 2004 3364 2053 statuerunt
3397 2011 3413 2049 :
3461 2007 3591 2048 nam

1988 2108 2211 2180 quidam
2239 2120 2303 2160 ex
2349 2103 2435 2157 his
2466 2100 2562 2172 qui
2591 2095 2916 2167 sapientiam
2935 2094 3287 2163 profitentur,
3322 2084 3592 2156 triplicem

1989 2179 2188 2258 anima:
2216 2197 2523 2269 portionem
2552 2190 2787 2249 suhimo
2833 2182 3295 2257 impassibilitatis
3332 2179 3595 2235 barathro

1987 2296 2296 2351 demersam
2376 2289 2568 2360 jactat.
2619 2284 2807 2354 Atqui,
2851 2282 2973 2351 ejus
3011 2293 3136 2349 qua:
3167 2288 3401 2346 corpore
3439 2281 3597 2326 vacat

1987 2396 2050 2443 ιιι
2122 2384 2388 2455 triplicem
2444 2379 2753 2451 portionem
2798 2374 2965 2455 dicas
3017 2369 3273 2425 mirabile
3337 2366 3590 2420 habetur.

1989 2458 2509 2535 Verumenimvcro,
2562 2451 2881 2531 irascendi,
2928 2463 3245 2535 appetendi.
3275 2459 3594 2517 rationalis-

1987 2585 2091 2640 que
2134 2569 2238 2632 vis,
2290 2574 2447 2621 actus
2496 2562 2721 2631 quidam
2773 2559 2973 2613 animae
3046 2556 3269 2627 potius,
3302 2552 3595 2608 facultates

1990 2659 2243 2715 videlicet
2296 2664 2446 2712 sunt.
2505 2652 2789 2721 Siquidem
2866 2646 3141 2702 irascendi
3180 2646 3286 2709 vis,
3318 2659 3348 2698 a
3404 2642 3593 2706 corde,

1990 2748 2303 2821 arpetendi,
2355 2763 2384 2801 a
2431 2745 2702 2816 jecinore,
2767 2739 3076 2804 rationalis,
3126 2754 3157 2791 a
3206 2735 3434 2792 cerchro
3468 2749 3597 2804 pro-

1986 2845 2315 2899 ficiscuntur
2356 2860 2371 2894 :
2404 2851 2459 2893 et
2520 2837 2589 2890 ab
2614 2850 2685 2889 ea
2740 2833 2965 2903 quidem
3012 2846 3137 2901 qua:
3176 2828 3450 2885 irascendi
3486 2835 3593 2891 est,

1989 2936 2069 2991 ira
2120 2932 2381 3004 gignitur.
2436 2929 2523 2984 lra
2554 2943 2706 2991 vero,
2758 2940 2883 2996 quae
2923 2924 3114 2980 Grarce
3162 2921 3336 2993 θυμὸς
3373 2934 3594 2975 ιιιιιιειιι

1988 3039 2168 3097 patur,
2224 3023 2511 3093 sanguinis
2544 3019 2639 3091 qui
2672 3020 2818 3073 circa
2860 3032 2958 3073 cor
2985 3016 3200 3071 exsistit
3241 3012 3425 3068 fervor
3475 3020 3592 3072 est;

1985 3121 2079 3192 qui
2117 3118 2195 3173 uti
2221 3117 2457 3171 tristitia:
2490 3112 2927 3168 vicissitudinem
2965 3109 3175 3175 reddat,
3208 3107 3354 3163 unde
3386 3105 3597 3162 sciliCet

1987 3214 2329 3269 irritamenta
2375 3213 2710 3277 sumpserat,
2740 3203 2985 3273 appetitu
3018 3208 3301 3265 movetur,
3345 3214 3374 3251 a
3402 3197 3595 3253 Grmco

1988 3306 2157 3370 θύειν,
2217 3301 2365 3373 quod
2431 3301 2637 3369 impetu
2681 3295 2816 3352 ferri
2857 3294 3091 3358 diceres,
3139 3292 3296 3362 quasi
3355 3292 3595 3361 impetus

1987 3398 2210 3469 quidam
2266 3395 2386 3451 sit:
2431 3392 2515 3447 vel
2551 3389 2699 3461 quod
2753 3404 2865 3460 pm
2912 3388 2995 3442 sui
3039 3397 3191 3441 motu
3241 3400 3272 3440 a
3324 3385 3595 3454 sanguine

1988 3487 2324 3558 impellatur.
2374 3484 2457 3538 Ab
2509 3482 2800 3554 appetendi
2848 3494 2983 3535 vero
3046 3478 3099 3533 vi
3153 3477 3431 3548 appetitus
3476 3492 3594 3530 mo-

1988 3590 2177 3646 vetur;
2236 3577 2509 3650 siquidem
2580 3574 2854 3646 appetitus
2915 3570 3211 3641 cujuslibet
3260 3569 3347 3625 rei
3403 3570 3589 3624 anima

1986 3671 2229 3744 praeditm
2270 3672 2324 3725 in
2374 3684 2491 3724 rem
2557 3667 2802 3735 aliquam
2857 3676 3022 3739 quam
3058 3661 3348 3718 affectione
3401 3677 3596 3733 prose-

1986 3764 2174 3835 quitur
2205 3762 2419 3832 primus
2455 3760 2695 3828 impetus
2738 3766 2844 3812 est.
2924 3755 2970 3808 A
3004 3755 3059 3809 vi
3097 3763 3281 3809 autem
3335 3754 3590 3808 rationali

1987 3856 2360 3913 consideratio
2390 3852 2787 3924 proﬁciscitur;
2824 3848 3199 3903 consideratio
3230 3863 3471 3917 namque
3510 3856 3594 3901 est

1986 3950 2165 4022 prima
2197 3948 2285 4001 illa
2316 3962 2438 4017 qua:
2470 3946 2524 4000 in
2555 3956 2795 3999 mentem
2822 3944 3128 4015 ingreditur
3150 3942 3436 4013 cogitatio,
3476 3941 3593 3996 sive

1988 4049 2170 4097 motus
2218 4055 2401 4094 rerum
2442 4037 2917 4109 perturbatioque,
2975 4051 3098 4107 qua:
3152 4035 3303 4089 cerui
3366 4033 3590 4104 nequit;

1987 4132 2103 4189 sive
2130 4133 2312 4202 imago
2348 4145 2556 4195 rerum,
2587 4146 2711 4201 quae
2740 4130 2808 4184 ad
2851 4144 3075 4186 sensum
3111 4128 3449 4200 cogitatione
3473 4141 3593 4181 me-

1984 4225 2075 4279 dia
2126 4222 2334 4281 cadunt
2386 4221 2498 4293 24
2541 4221 2877 4289 constituta;
2927 4237 3055 4276 cum
3107 4236 3216 4291 qua
3267 4236 3423 4275 mens
3473 4220 3591 4289 ipsa

1985 4327 2157 4380 mota,
2194 4315 2261 4371 ad
2302 4330 2366 4370 ea
2410 4330 2530 4384 qua:
2582 4330 2770 4391 secum
2822 4314 3159 4370 formaverat
3204 4314 3344 4368 clam
3382 4312 3590 4383 aliquid

1985 4410 2248 4480 loquitur,
2301 4417 2395 4462 aut
2423 4406 2652 4479 peragit.
2689 4406 2754 4461 Et
2788 4408 3023 4462 virtutes
3050 4406 3271 4477 quidem
3315 4422 3439 4476 ejus
3470 4422 3594 4476 quae

279 4495 487 4567 γηΐνων
510 4494 557 4527 ⁵⁵
595 4492 819 4562 ἀγαθῶν
853 4492 1145 4564 ἐπιθυμία.
1180 4493 1288 4547 Τοῦ
1318 4492 1634 4561 λογιστικοῦ
1663 4494 1721 4547 δὲ
1744 4495 1877 4564 ἀρε-

1988 4504 2259 4559 irasrendi
2295 4502 2379 4557 vis
2428 4511 2531 4566 est,
2566 4501 2879 4567 tolerantia,
2909 4501 3275 4564 continentia,
3312 4514 3377 4553 ac
3435 4498 3592 4553 forti-

277 4586 372 4641 ταὶ
408 4584 529 4656 μὲν,
560 4582 802 4648 σύνεσις,
833 4583 990 4637 zeal.“
1018 4583 1296 4650 εὐσέϐεια,
1333 4585 1430 4638 καὶ
1474 4584 1643 4654 φόϐος
1687 4584 1827 4639 Θεοῦ
1858 4601 1872 4615 ·

1988 4595 2119 4650 tudo
2140 4594 2440 4649 habentur.
2464 4591 2604 4647 Vitia
2622 4608 2776 4659 vero,
2797 4592 3103 4656 iracundia,
3126 4591 3376 4658 infamia,
3397 4606 3590 4662 pavor,

280 4678 475 4734 κακίαι
503 4678 583 4744 δὲ,
602 4676 915 4747 πανουργία
947 4676 1045 4729 καὶ
1066 4676 1332 4749 δολιότης,
1359 4679 1454 4731 καὶ
1483 4679 1688 4749 ἀφοϐἱα
1711 4682 1872 4738 Θεοῦ.

1987 4687 2203 4760 ignavia
2242 4705 2255 4740 :
2295 4686 2607 4757 appetibilis
2663 4694 2848 4741 autem
2910 4684 3146 4740 virtutes
3175 4725 3190 4750 ,
3252 4687 3588 4747 castitatem,

284 4769 784 4873 immortaliumquc
822 4771 1089 4873 bonorum
1119 4770 1476 4839 desiderium,
1513 4789 1614 4830 nec
1639 4791 1747 4832 non
1784 4779 1881 4835 Dei
1923 4796 1987 4838 ac
2013 4780 2249 4851 proximi
2304 4780 2654 4863 dilectionem
2710 4779 2975 4838 dicimus.
2994 4776 3143 4835 Vitia
3171 4796 3301 4836 vero
3322 4781 3464 4850 ejus,
3500 4796 3593 4848 pe-

283 4861 535 4925 tulantia,
585 4861 1027 4933 intemperantia,
1092 4864 1547 4936 terrestriumque
1601 4868 1874 4929 desideria
1910 4876 2253 4945 voluptatum
2322 4854 2613 4929 habentur.
2643 4874 2713 4929 At
2769 4878 3004 4931 virtutes
3075 4875 3365 4931 rationalis
3397 4876 3591 4945 partis,

278 4955 594 5026 prudentia.
652 4955 828 5026 pietas
898 4968 964 5009 ac
1011 4952 1107 5011 Dei
1135 4956 1338 5022 timor;
1372 4959 1522 5025 vitia,
1575 4961 1868 5035 calliditas,
1910 4968 2095 5034 dolus,
2150 4969 2358 5024 utullus
2388 4983 2519 5039 erga
2583 4968 2753 5026 Deum
2803 4971 2987 5026 timor.

363 5048 636 5119 ὐπηνίκα
662 5048 772 5120 γὰρ
791 5050 821 5103 ὁ
853 5048 988 5113 Θεὸς
1010 5050 1102 5104 τὸν
1137 5049 1427 5121 ἄνθρωπον
1467 5056 1874 5125 κατεσκεύαζε,

276 5142 348 5197 τά
370 5143 524 5212 πάθη
554 5140 705 5212 αύτῷ
725 5144 820 5195 καὶ
848 5144 919 5196 τὰ
949 5143 1055 5215 ἤθη
1098 5144 1500 5216 περιεφύτευσε
1525 5162 1539 5175 ·
1579 5149 1785 5219 μᾶλλον
1818 5151 1875 5205 δὲ

276 5232 533 5289 δεκτικὸν
558 5233 723 5288 αὐτὸν
754 5234 927 5289 τῶν⁹⁷
975 5235 1308 5308 ἀμφοτέρων
1355 5239 1608 5310 ἐποίησε,
1647 5243 1743 5296 καὶ
1784 5244 1876 5298 διὰ

275 5324 388 5379 τῶν
420 5324 797 5396 αἰσθητηρίων
847 5324 1158 5397 ἐνεθρόνισε
1181 5326 1226 5359 ⁸⁸
1260 5328 1352 5382 τὸν
1396 5331 1646 5402 ἡγεμόνα
1698 5333 1825 5387 νοῦν
1854 5351 1868 5365 .

347 5460 396 5555 ξ’
428 5463 557 5555 ἑλλο
573 5478 691 5555 xm.
805 5465 847 5519 B
878 5467 938 5522 C.
993 5468 1057 5555 ,ξι
1091 5468 1341 5555 ἐκλκσιρδ.
1368 5471 1429 5526 C.
1493 5473 1540 5504 ⁷³
1567 5472 1884 5545 πνεύμωνος

2038 5478 2085 5510 ⁷⁶
2115 5478 2175 5531 τὺ
2204 5494 2316 5555 om.
2349 5478 2439 5555 C._
2495 5481 2543 5555 ⁷Ϊ
2574 5479 2882 5555 θερμασίας
2925 5481 2977 5555 C_
2998 5480 3039 5534 P
3066 5492 3274 5555 textus.

275 5534 523 5621 οιῐικϐ..
573 5535 617 5567 ⁷⁸
655 5537 817 5619 πάλιν
848 5554 959 5621 om.
1131 5539 1180 5621 “°_
1205 5532 1348 5621 εἶναι
1374 5557 1485 5621 om.
1525 5543 1605 5621 B._
1664 5532 1804 5600 ""ze
1837 5532 1884 5616 γξ

1988 5566 2133 5621 ςριμ.
2174 5532 2225 5604 τᾷ
2261 5532 2484 5621 ψυγξεέν
2520 5532 2689 5621 ἀπξᾜ

275 5568 390 5621 νει.
430 5568 493 5590 υ.
655 5568 817 5619 nam?
848 5568 959 5593 um.
991 5568 1051 5620 vi.
1143 5568 1172 5571 η
1205 5568 1348 5593 uvae
1374 5568 1485 5598 υιιι.
1525 5568 1587 5597 υ.
1664 5568 1707 5578 "'
1743 5568 1804 5600 το
1837 5568 1907 5616 γα

274 5604 661 5688 ουνῇδυνάμεις
726 5624 836 5688 της
891 5607 1073 5688 ψυχης
1133 5611 1244 5688 εἰοσι
1276 5610 1337 5666 Ρ.
1406 5612 1452 5645 ⁸³
1490 5616 1617 5686 περὶ
1652 5568 1952 5688 καρδίανὲ

272 5672 338 5778 ab
372 5675 426 5732 θ.
464 5668 607 5746 αἷμα
638 5668 858 5766 οηι.”Β,
894 5668 922 5733 ὂ
951 5668 1103 5735 σῦέίν
1137 5678 1281 5751 αἷμα
1318 5668 1893 5756 κινούμεύοςίίζίηψθνθ
2100 5668 2411 5746 orm—WE“

342 5745 788 5831 καξαδέάνποια“ὒ.
832 5820 846 5831 ᾗ
869 5750 915 5831 ’_°
953 5752 1183 5831 malunt.
1216 5752 1276 5831 Βἶ
1352 5756 1395 5787 ⁸⁸
1427 5758 1596 5831 κακία
1617 5757 1686 5831 _C.
1757 5761 1803 5791 "
1828 5760 2002 5817 δειλία
2036 5764 2127 5816 καὶ
2162 5763 2330 5831 μανία
2364 5762 2426 5817 Α.

1459 5828 1505 5861 θ’*
1542 5829 1638 5883 καὶ
1665 5847 1775 5885 orn.
1819 5831 1855 5883 ll
1895 5831 1952 5887 Ρ.

273 5672 338 5756 εδ
372 5675 426 5732 θ.
464 5671 607 5756 arma.
638 5671 922 5756 οηιτςΒηρ
951 5671 1103 5756 θύειν
1137 5678 1281 5756 αἷμα
1318 5671 1642 5756 κινούμενος
1676 5671 1737 5743 (ἐξ

273 5831 330 5919 τί
347 5814 728 5919 ἆξῖνέῖέἶξ,ιξ
756 5820 846 5889 qui
888 5820 1019 5893 legit
1043 5822 1354 5896 ἐπιθυμίαι.

347 5886 641 5961 ινεθρόησε
674 5888 739 5945 C.

1975 5566 2133 5619 τριμ.
2174 5567 2224 5604 τ.
2261 5549 2395 5619 ψυχ.
2425 5551 2484 5602 ἐν
2520 5549 2769 5606 amet...
2804 5552 2864 5604 Β.
2960 5553 3006 5584 ⁸³

2062 5062 2373 5127 Enimvero,
2407 5078 2531 5118 cum
2559 5062 2705 5121 Deus
2766 5066 3045 5122 hominem
3092 5066 3373 5133 formavit,
3407 5081 3591 5123 mores

1989 5152 2112 5222 ipsi.
2141 5154 2569 5226 affectionesque
2600 5156 2871 5224 adhibuit,
2894 5157 2976 5213 vel
3002 5158 3070 5213 ad
3098 5159 3217 5215 hate
3235 5167 3467 5229 utraque
3491 5173 3591 5229 po-

1985 5247 2092 5299 tius
2115 5244 2467 5314 percipienda
2496 5248 2731 5303 reddidit
2752 5248 3033 5314 idoneum,
3059 5261 3112 5305 et
3136 5262 3358 5321 preptcr
3393 5266 3588 5306 senso-

1984 5339 2064 5392 τίει
2090 5337 2228 5407 ipsa,
2273 5346 2511 5394 mentem
2537 5357 2636 5395 rcu
2664 5344 2853 5412 regina
2880 5362 2906 5393 ιι
2938 5343 2991 5397 ἱη
3037 5345 3238 5400 throno
3259 5344 3585 5408 constituit;

3368 5483 3411 5515 ⁷⁸
3437 5480 3590 5535 ἅπαν

3047 5554 3169 5625 ἦτοι
3204 5551 3267 5616 C,
3295 5553 3440 5617 τινὲς
3464 5552 3587 5625 ἤτοι

2738 5624 2837 5694 ⁸³ἦ
2870 5620 3080 5695 obrigui
3109 5620 3247 5692 αἷμα
3274 5628 3340 5695 Α,
3369 5624 3589 5695 παρὰ

2441 5693 2711 5765 tta-“911,”,
2764 5692 2913 5765 ὁρμὴ
2966 5692 3026 5747 Β,
3137 5696 3181 5727 ⁸³
3228 5692 3471 5748 ἀνελθὼν

2509 5763 2555 5796 η
2590 5766 2684 5818 τοῦ
2716 5765 2773 5819 δε
2801 5763 2869 5819 ις.
2905 5763 2911 5765 ⁷
2948 5768 2995 5798 οε
3022 5767 3116 5819 τοῦ
3148 5766 3187 5820 c
3216 5766 3271 5818 [ι.
3342 5765 3387 5797 οδ
3416 5766 3447 5835 ἡ
3476 5763 3587 5835 τῶν

2069 5835 2113 5865 ⁰⁷
2142 5834 2231 5886 τὸν
2260 5833 2326 5892 Α,
2357 5834 2538 5889 αὐτῶν
2584 5852 2643 5890 τε
2679 5837 2776 5890 καὶ
2846 5837 2956 5892 τῶν
3002 5836 3269 5892 ἐναντίων
3297 5837 3389 5891 ἐπ.
3427 5832 3469 5892 C
3518 5832 3583 5891 Ρ.

1980 5618 2041 5673 Ρ.
2078 5618 2081 5619 ⁷
2120 5620 2167 5653 ⁸³⁵
2200 5618 2567 5689 παραγίνεται
2594 5620 2656 5678 C.
