4204 6446
681 398 814 455 1113

1986 390 2266 448 κειετιι
2308 390 2616 447 ΜΟΝΛΩΠΙ

3805 386 3944 444 1116

676 526 842 579 sunt;
905 530 1029 569 nam
1096 514 1197 577 hae,
1242 524 1366 566 cum
1431 507 1756 580 cognitionis
1809 507 2055 565 aufertur
2088 509 2251 577 actio,

2373 501 2568 564 ιαῦτὶ·
2606 509 3127 580 ἐπαναλαμϐάνεται
3160 509 3218 562 δέ
3251 508 3414 562 πάλιν
3456 507 3547 561 διά
3591 508 3811 578 μνήμης
3850 507 3944 561 ναὶ

678 606 941 675 subsequi
988 602 1181 660 solent.

750 698 917 767 Atqui
946 695 1209 751 memeria
1237 710 1335 767 per
1376 694 1836 749 reminiscentiam
1888 694 2067 748 denuo
2108 710 2263 749 resu-

683 790 849 843 mitur
880 807 892 842 :
921 788 1187 857 siquidem
1218 786 1480 843 memoria
1528 788 1610 855 (ut
1635 785 1955 841 Aristoteles
1998 787 2104 856 27
2146 787 2263 856 epi-

682 888 863 941 natur,
884 878 1200 950 imaginatio
1221 888 1324 941 est,
1350 892 1471 949 qua:
1498 877 1567 932 ab
1588 877 1672 931 bis
1697 891 1818 946 qua:
1843 891 2039 930 sensus
2071 876 2264 946 depre-

682 967 945 1022 henderat
962 976 1223 1022 remanet.
1242 965 1485 1019 Platonis
1497 973 1675 1018 autem
1693 964 1980 1027 sententia,
1999 966 2262 1019 memoria

681 1069 766 1112 est
786 1074 981 1113 sensus
1006 1068 1061 1113 ct
1098 1059 1403 1113 intellectus
1434 1056 1816 1119 incolumitas;
1864 1055 2048 1109 anima
2090 1057 2261 1123 enim,

682 1166 806 1220 qua!
822 1151 927 1205 sub
948 1165 1166 1204 sensum
1192 1149 1418 1215 cadunt,
1436 1164 1695 1205 sensuum
1720 1149 1896 1203 ollicio
1919 1148 2262 1218 adipiscitur,

685 1236 829 1294 unde
856 1238 1131 1309 opinionis
1180 1239 1334 1310 origo
1368 1247 1453 1295 est
1482 1258 1495 1293 :
1528 1239 1623 1295 sed
1661 1253 1758 1308 per
1808 1248 2043 1293 mentem
2086 1238 2261 1309 ipsam

686 1332 1067 1386 intellectualia
1117 1331 1499 1385 animadvertit
1541 1338 1595 1386 et
1644 1330 1994 1402 intelligentia
2021 1330 2099 1385 lit.
2124 1330 2263 1385 Cum

684 1422 853 1493 igitur
906 1424 1022 1494 ipsa
1071 1423 1254 1477 anima
1318 1422 1585 1477 formulas
1633 1437 1826 1477 eorum
1880 1438 2001 1492 quae
2048 1422 2263 1491 opinata

685 1513 868 1570 fuerat
928 1514 1417 1582 intellexeratque,
1488 1515 1829 1576 servaverit,
1892 1511 2151 1567 memoria
2208 1511 2263 1565 id

687 1615 870 1662 tenere
921 1605 1142 1659 dicitur.
1186 1602 1256 1657 At
1303 1604 1583 1657 memoria:
1635 1602 1852 1656 amissa:
1896 1601 2259 1665 instauratio,

660 1696 1096 1753 reminiscentia
1154 1705 1279 1761 est;
1340 1694 1542 1749 oblivio
1595 1694 1741 1747 enim
1802 1694 1976 1764 ipsam
2039 1693 2267 1749 reddere

684 1790 879 1843 exilem
918 1788 1077 1844 solet.
1109 1786 1323 1842 Oblivio
1353 1794 1535 1858 autem
1572 1786 1855 1840 memoriae
1884 1784 2112 1840 amissio
2140 1793 2263 1852 est;

686 1896 919 1952 quarum
964 1880 1131 1933 altera
1172 1884 1452 1947 perpetua,
1489 1877 1659 1931 altera
1704 1892 1833 1931 vero
1914 1884 2265 1946 temporanea
2299 1895 2341 1950 Β

685 1982 793 2037 est,
843 1974 898 2025 in
951 1985 1058 2041 qua
1104 1970 1325 2040 quidem
1377 1968 1782 2023 reminiscenlia
1841 1969 1971 2037 agit.

748 2060 1013 2119 Omnium
1038 2062 1184 2117 enim
1203 2060 1549 2115 afl‘eetionum
1568 2075 1706 2131 quas
1729 2074 1760 2114 a
1784 2060 2059 2129 voluptate
2078 2060 2269 2115 dolen~

688 2156 899 2225 tiaque,
928 2163 984 2209 et
1005 2152 1300 2207 virtutibus
1327 2167 1449 2221 qua:
1471 2151 1555 2207 his
1586 2152 1827 2206 adversae
1851 2162 1978 2206 sunt
2003 2151 2269 2221 proficisci

2364 602 2744 671 ἀναμνήσεως.

2438 694 2594 747 Ἔστι
2633 694 2688 747 δέ
2713 694 2900 765 μνήμη
2922 734 2938 759 ,
2969 692 3045 756 ὡς
3081 697 3180 764 μὲν
3226 691 3631 764 Ἀριστοτέλης,
3668 696 3942 761 φαντασία

2363 787 2912 857 ἐγκαταλελειμμένη
2970 787 3079 840 ἀπό
3116 803 3266 850 τινος
3313 787 3622 857 αἰσθήσεως
3660 787 3761 856 τῆς
3818 788 3941 838 κατ’

2363 879 2647 950 ἐνεργείας
2660 879 2995 949 φαινομένης
3015 881 3059 911 ⁵⁷
3082 895 3096 909 ·
3119 878 3194 941 ὼς
3215 879 3274 932 δὲ
3294 879 3523 933 Πλάτων
3540 880 3602 945 ⁵³,
3627 878 3873 949 σωτηρία
3896 879 3943 911 ⁸⁸

2364 971 2673 1041 αἰσθήσεώς
2707 988 2768 1025 τε
2797 971 2895 1025 καὶ
2924 972 3191 1043 νοήσεως.
3232 970 3297 1023 Ἠ
3330 971 3441 1040 γὰρ
3473 972 3647 1041 ψυχὴ,
3684 972 3794 1025 τῶν
3845 970 3945 1038 μὲν

2365 1062 2641 1131 αἰσθητῶν
2693 1063 2781 1117 διά
2839 1064 2949 1116 τῶν
2998 1062 3376 1134 αἰσθητηρίων
3430 1062 3896 1132 ἀντιλαμϐάνεται
3926 1102 3942 1123 ,

2366 1156 2463 1210 καὶ
2497 1153 2877 1224 γίνεταιδόξα
2900 1172 2914 1187 ⁸
2939 1157 3050 1210 τῶν
3078 1156 3137 1210 δὲ
3167 1154 3377 1225 νοητῶν
3423 1154 3513 1209 διὰ
3558 1153 3654 1207 τοῦ
3689 1155 3803 1216 νοῦ,
3848 1153 3946 1207 καὶ

2364 1248 2581 1316 γίνεται
2614 1248 2830 1318 νόησις*
2861 1248 2993 1301 ὅταν
3029 1243 3124 1302 οὖν
3168 1247 3296 1307 τοὺς
3328 1246 3535 1309 τύπους
3556 1286 3571 1309 ,
3619 1239 3693 1299 ὧν
3724 1263 3783 1297 τε
3828 1246 3944 1298 ἐδό-

2367 1339 2547 1405 ξασεν,
2572 1334 2649 1395 ὧν
2672 1358 2731 1393 τε
2760 1341 2950 1411 ἐνόησε
2978 1339 3239 1405 διασώζει
3264 1342 3311 1373 ⁸⁸
3338 1341 3428 1394 καὶ
3453 1342 3613 1413 τηρεῖ
3636 1340 3703 1402 ⁶¹,
3727 1354 3944 1408 μνημο-

2365 1434 2542 1487 νεύειν
2562 1433 2806 1502 λέγεται.
2846 1434 3181 1505 Ἀνάμνησις
3205 1434 3263 1487 δέ
3291 1434 3408 1487 ἐστι
3438 1432 3629 1503 φήμης
3691 1430 3945 1500 ἐξιτήλου

2366 1526 2669 1598 γενομένης
2699 1526 3006 1597 ἀνάκτησις
3035 1528 3079 1561 ”
3105 1545 3119 1559 ·
3146 1527 3355 1596 γίνεται
3379 1526 3437 1580 δὲ
3465 1524 3710 1595 ἐξίτηλος
3737 1524 3806 1589 ⁸³,
3837 1522 3949 1575 ὑπὸ

2365 1620 2688 1691 τῆςλήθης.
2722 1619 2876 1691 Λήθη
2921 1619 2981 1674 δέ
3013 1622 3132 1674 ἐστι
3163 1620 3389 1690 μνήμης
3424 1617 3669 1686 ἀποϐολή
3703 1634 3718 1648 ο
3755 1614 3876 1670 ἀλλ’
3906 1615 3944 1686 ιι

2371 1711 2472 1781 μὶν
2502 1711 2835 1783 διηνεκὴς,ή
2868 1711 2927 1765 δὲ
2950 1711 3044 1764 ἐπὶ
3068 1710 3236 1764 ποσόν
3256 1726 3270 1742 ·
3302 1705 3369 1781 ἧς
3405 1709 3611 1779 ἐστινή
3638 1707 3950 1778 ἀνάμνησις

2369 1802 2551 1877 ἔργον.

2446 2060 2670 2114 Πάντων
2698 2059 2755 2113 δέ
2786 2059 3006 2129 γένεσις
3037 2060 3151 2113 τῶν
3174 2058 3590 2132 προειρημένων
3624 2036 3815 2114 παθῶν
3844 2059 3955 2112 τῶν

2374 2154 2438 2204 ἐκ
2462 2152 2563 2221 τῆς
2600 2152 2793 2223 ἡδονῆς
2824 2152 2919 2204 καὶ
2948 2151 3043 2206 τοῦ
3075 2152 3242 2205 πόνου
3267 2167 3281 2183 ·
3330 2153 3426 2204 καὶ
3470 2151 3657 2220 μέντοι
3709 2151 3804 2205 καὶ¹
3839 2150 3956 2203 τῶν

689 2246 1059 2309 asscruimus,
1100 2244 1168 2297 ab
1216 2242 1411 2313 triplici
1460 2242 1656 2296 animm
1692 2242 1767 2307 vi,
1803 2256 1868 2295 ae
1910 2242 2102 2303 libera,
2148 2256 2272 2311 qum

2374 2244 2559 2307 αὐτοῖς
2590 2243 2636 2274 ⁸⁸
2659 2243 2941 2307 ἐναντίων,
2977 2244 3226 2298 τουτέστι
3252 2243 3361 2297 τῶν
3383 2242 3594 2313 ἀρετῶν
3622 2245 3687 2297 ἐκ
3713 2241 3810 2295 τοῦ
3837 2260 3957 2315 τρι-

687 2337 743 2392 in
789 2335 949 2391 nobis
986 2344 1069 2390 est
1123 2334 1403 2389 voluntate
1433 2341 1589 2388 ortus
1634 2332 1695 2387 fit
1727 2351 1740 2387 :
1791 2332 1844 2386 in
1878 2332 1963 2387 his
2000 2332 2143 2386 enim
2176 2347 2270 2403 ge-

687 2428 959 2484 neralium
1014 2427 1277 2481 virtutum
1330 2424 1530 2481 divisio
1564 2424 1873 2495 inspicitur.
1946 2423 2154 2493 Atqui,
2214 2424 2269 2477 in

690 2520 891 2575 animae
920 2519 972 2572 vi
1000 2516 1275 2583 rationali,
1328 2516 1629 2587 prudentia:
1676 2517 1827 2570 locus
1866 2523 1982 2580 est;
2015 2514 2069 2568 in
2101 2529 2270 2585 appe-

687 2597 827 2669 tibili
877 2610 1238 2682 temperantia
1314 2610 1676 2676 continetur,
1737 2608 1791 2663 in
1846 2607 2108 2663 irascibili
2168 2623 2271 2662 au-

688 2715 798 2762 tem
841 2702 1105 2758 fortitudo
1138 2702 1413 2757 consistit.
1464 2700 1685 2756 Justitia
1722 2709 1930 2764 autem,
1962 2714 2059 2769 per
2086 2699 2273 2754 liberae

690 2810 817 2868 quae
864 2795 920 2849 in
969 2794 1129 2849 nobis
1180 2801 1265 2848 est
1317 2792 1617 2847 voluntatis
1663 2792 1967 2855 actionem,
2024 2792 2092 2847 ad
2155 2802 2267 2847 tres

691 2886 1065 2951 distribuitur;
1114 2885 1215 2939 nisi
1272 2884 1418 2939 enim
1455 2884 1727 2954 quispiam
1771 2884 1999 2953 iustitia:
2082 2885 2266 2939 locum

692 2991 912 3033 servare
942 2974 1307 3045 proposuerit,
1338 2988 1446 3028 non
1472 2982 1623 3028 recte
1652 2974 1706 3028 in
1730 2973 2110 3029 affectionibus
2140 2984 2271 3029 tem-

689 3068 950 3142 perantiae
980 3108 995 3132 ,
1044 3064 1382 3121 fortitudinis
1425 3080 1491 3121 ac
1543 3066 1815 3136 appetitus
1854 3066 2118 3121 rationem
2167 3066 2269 3122 ha-

691 3161 882 3217 buisse
913 3158 1379 3229 deprehendetur.
1399 3156 1559 3221 Nam,
1610 3173 1711 3228 pro
1741 3157 2087 3215 aﬂ‘ectionum
2122 3159 2269 3214 arbi-

2377 2335 2580 2405 μεροῦς
2628 2336 2726 2405 τῆς
2777 2335 2963 2406 ψυχῆς
2991 2335 3225 2390 καὶτῶν
3272 2336 3317 2369 ⁸⁵
3356 2337 3443 2405 ἐφ’
3475 2337 3639 2405 ήμίν·
3681 2336 3812 2405 περὶ
3844 2336 3958 2405 γὰρ

2371 2426 2544 2479 ταῦτα
2596 2427 2689 2479 καὶ
2732 2428 2791 2480 αι
2822 2427 3038 2495 γενικαὶ
3064 2427 3261 2496 ἀρετα)⁵
3308 2427 3675 2497 διανέμονται.
3740 2425 3831 2479 Ἐν
3877 2425 3956 2495 τῷ

2372 2517 2669 2587 λογιστικῷ
2698 2518 2807 2589 γάρ
2839 2520 2989 2571 ἐστιν
3034 2519 3068 2588 ή
3099 2518 3368 2588 φρόνησις
3396 2534 3411 2548 ·
3442 2519 3501 2570 ἐν
3537 2516 3623 2589 ίῷ
3674 2516 3955 2586 ἐπιθυμηο

2372 2610 2511 2679 τικῷ
2534 2647 2550 2671 ,
2586 2610 2618 2680 ή
2665 2610 2993 2681 σωφροσύνη
3016 2625 3029 2639 ·
3063 2609 3121 2664 ἐν
3150 2610 3228 2681 τῷ
3259 2610 3477 2680 θυμικῷ
3506 2651 3521 2677 ,
3550 2608 3583 2681 ἡ
3622 2608 3850 2680 ἀνδρεία
3881 2608 3951 2665 ⁸⁸.

2384 2703 2452 2755 Ἦ
2478 2701 2537 2754 δέ
2565 2701 2909 2772 δικαιοσύνη,
2944 2704 3002 2755 ἐν
3036 2705 3151 2766 τοῖς
3178 2704 3331 2773 τρισὶ
3356 2702 3699 2771 διανέμεται,
3732 2700 3828 2754 τοῦ
3862 2701 3953 2769 ἐφ’

2376 2794 2507 2867 ήμῖν
2538 2790 2889 2862 ἐνεργοῦντος
2912 2809 2925 2825 ·
2959 2793 3009 2846 sl
3043 2794 3119 2863 μὴ
3148 2793 3259 2863 γάρ
3290 2793 3382 2847 τὸν
3408 2791 3503 2846 τοῦ
3530 2792 3744 2845 δικαίου
3785 2791 3954 2845 τόπον

2376 2884 2612 2954 φυλάξαι
2662 2902 2747 2947 τις
2791 2887 3188 2957 προαιρήσεται
3234 2885 3313 2951 ⁸⁷,
3345 2885 3407 2939 ού
3461 2886 3762 2954 σωφρονεῖν
3792 2924 3808 2947 ,
3850 2885 3956 2939 οὐκ

2371 2974 2745 3046 ἀνδρίζεσθαι,
2779 2974 2924 3028 κατά
2959 2976 3073 3029 τῶν
3103 2974 3318 3039 παθῶν,
3352 2974 3414 3028 οὐ
3444 2972 3627 3038 καλῶς
3663 2972 3954 3044 ἐπιθυμεῖν

2374 3066 2616 3137 θελήσει.
2654 3066 2731 3120 Τὸ
2788 3066 2845 3120 δέ
2882 3068 3275 3140 προαιρεῖσθαι
3321 3067 3356 3139 ἢ
3407 3065 3589 3120 θέλειν
3635 3066 3729 3119 τοῦ
3781 3066 3827 3098 ⁸⁸
3864 3065 3953 3134 ἐφ’

2372 3159 2508 3228 ἡμῖν
2540 3159 2725 3213 ἐστιν⁹
2772 3160 2859 3229 ἐφ’
2904 3160 3041 3229 ἡμῖν
3070 3158 3180 3230 γάρ
3210 3160 3331 3213 ἐστι
3359 3160 3403 3193 ⁸⁸
3438 3159 3500 3213 τὺ
3531 3160 3783 3223 δικαίους
3810 3156 3956 3213 εἶναι

690 3254 799 3310 trio
853 3252 1051 3322 eligere
1099 3259 1193 3305 aut
1239 3249 1375 3305 velle
1417 3248 1715 3319 quidpiam,
1750 3250 1803 3305 id
1843 3259 2044 3317 nostrae
2074 3252 2270 3305 volun-

2373 3251 2406 3320 ἢ
2436 3250 2675 3317 ἀδίκους,
2709 3251 3031 3314 σπουδαίους
3056 3250 3091 3320 ἢ
3123 3250 3379 3320 ἀμαθεῖς,
3416 3252 3735 3321 συνετοὺςῆ
3775 3251 3956 3321 ἀφρο-

691 3342 821 3398 tatis
856 3352 972 3406 est;
1020 3341 1075 3396 in
1114 3340 1274 3395 nobis
1318 3339 1465 3394 enim
1497 3348 1618 3406 est,
1662 3350 1722 3395 ut
1753 3339 1888 3410 justi
1930 3342 2013 3396 vel
2047 3341 2269 3411 injttsti,

692 3430 926 3488 studiosi
968 3428 1053 3484 vel
1095 3441 1126 3481 a
1165 3426 1361 3482 studiis
1420 3426 1605 3491 alieni,
1662 3426 1954 3496 prudentes
1998 3435 2092 3481 aut
2138 3426 2273 3482 insi-

692 3524 907 3593 pientes
942 3519 1254 3575 reddamur.
1298 3516 1579 3588 Siquidem
1627 3517 1870 3573 studium
1902 3519 1955 3572 in
1991 3535 2049 3574 re
2086 3519 2269 3589 aliqua

694 3613 975 3675 adhibere,
1022 3625 1085 3666 ac
1126 3609 1182 3665 in
1228 3623 1294 3665 eo
1335 3609 1601 3676 exerceri,
1649 3610 1826 3666 nostri
1862 3610 2075 3665 arbitrii
2126 3626 2267 3674 esse,

695 3704 831 3759 nulli
879 3718 988 3757 non
1039 3708 1385 3772 perspectum
1431 3701 1696 3770 habetur;
1749 3718 1860 3757 non
1902 3704 2049 3773 quod
2090 3703 2273 3771 studia

696 3804 815 3875 ipsa
849 3803 1072 3859 habitus
1101 3803 1234 3867 sint,
1270 3801 1363 3859 sed
1390 3800 1536 3873 quod
1575 3800 1709 3872 ipsis
1733 3801 2121 3868 dominantur;
2148 3816 2272 3868 nam

697 3896 880 3952 studia
943 3893 1221 3950 habilibus
1272 3893 1544 3951 dominari
1607 3891 1958 3949 manifestum
2021 3893 2270 3949 habetur.

695 3987 1050 4043 Consuetudo
1093 4000 1223 4041 vero
1258 3984 1559 4041 adventitia
1608 3993 1803 4040 natura
1832 3992 1934 4040 est.
1990 3982 2047 4038 Si
2094 3993 2273 4041 autem

700 4080 940 4137 studium
995 4078 1207 4134 babitui
1259 4077 1594 4143 dominatur,
1651 4077 1797 4149 quod
1843 4077 2017 4133 nostri
2062 4076 2276 4133 arbitrii

698 4182 802 4243 est,
849 4182 904 4228 et
953 4173 1178 4228 habitus
1236 4171 1412 4228 nostri
1470 4171 1681 4227 arbitrii
1750 4182 1901 4227 sunt.
1982 4169 2277 4226 Enimvero

699 4281 933 4337 quarum
960 4279 1140 4317 rerum
1167 4272 1357 4318 nostro
1373 4262 1427 4316 in
1454 4263 1681 4339 arbitrio
1705 4262 1921 4317 habitus
1938 4271 2039 4322 est,
2060 4276 2278 4316 earum-

699 4358 820 4412 dem
850 4364 903 4409 et
940 4356 1183 4410 actiones
1226 4370 1346 4425 qua:
1381 4355 1450 4408 ab
1493 4354 1679 4408 habitu
1727 4354 2053 4423 proveniunt
2088 4361 2278 4407 nostro

702 4448 756 4503 in
804 4448 1030 4503 arbitrio
1074 4456 1202 4502 sunt
1248 4464 1261 4501 :
1320 4444 1591 4516 siquidem
1648 4446 1894 4501 actiones
1943 4445 2010 4499 ad
2059 4444 2279 4513 habitus

2380 3359 2498 3405 νας.
2540 3342 2614 3395 Τὸ
2662 3342 2773 3413 γὰρ
2822 3342 3114 3414 μελετᾷνῇ
3169 3343 3645 3414 ἐπιγυμνάζεσθαι
3702 3344 3750 3375 ⁷⁸
3805 3341 3957 3415 παρὰ

2381 3435 2549 3487 πᾶσιν
2582 3433 2934 3504 ὡμολόγηται
2966 3435 3051 3487 ὅτι
3080 3434 3165 3504 ἐφ’
3194 3436 3331 3505 ήμῖν
3358 3452 3371 3466 ο
3404 3436 3503 3505 οὐχ
3532 3435 3608 3499 ὡς
3632 3434 3801 3502 ἔξεις,
3838 3435 3956 3488 ἀλλ’

2380 3524 2455 3587 ὡς
2509 3526 2702 3595 κύριαι
2730 3524 2839 3579 τῶν
2866 3524 3034 3591 ἕξεων
3055 3541 3071 3557 ο
3122 3526 3178 3579 al
3208 3525 3310 3593 μέν
3339 3526 3448 3597 γὰρ
3487 3525 3731 3595 μελέται
3767 3525 3957 3597 κύριαι

2378 3617 2487 3671 τῶν
2515 3618 2683 3685 ἕξεων
2709 3619 2775 3672 τί.
2807 3617 2881 3671 Τὸ
2906 3617 2965 3671 δὲ
2994 3617 3138 3683 ἐθος,
3172 3618 3339 3687 φύσις
3368 3618 3687 3691 ἐπίκτητος.
3733 3620 3800 3673 'lI
3820 3620 3880 3674 δὲ
3910 3622 3957 3653 ⁷³

2382 3708 2550 3778 κυρία
2581 3708 2683 3778 τῆς
2718 3708 2886 3774 ἐξεώς
2914 3710 3064 3764 ἐστιν
3097 3710 3133 3781 ἡ
3183 3710 3383 3781 μελέτη
3414 3711 3460 3743 ’³
3487 3725 3500 3738 ·
3544 3712 3631 3779 ἐφ’
3673 3713 3806 3781 ἡμῖν
3838 3711 3893 3764 δὲ
3922 3714 3957 3782 ἡ

2386 3798 2611 3871 μελέτη,
2661 3800 2748 3870 ἐφ’
2778 3802 2912 3871 ήμῖν
2958 3800 3005 3833 ⁷⁸
3036 3801 3132 3854 καὶ
3160 3802 3193 3871 ή
3226 3801 3341 3868 ἐξις
3364 3819 3379 3833 ·
3415 3795 3491 3857 ὧν
3520 3803 3578 3856 δέ
3610 3804 3696 3873 ἐφ’
3733 3805 3868 3875 ήμῖν
3897 3804 3959 3858 αι

2380 3890 2546 3956 ἔξεις,
2575 3891 2783 3945 τούτων
2813 3891 2900 3963 ἐφ’
2928 3894 3063 3964 ήμῖν
3099 3894 3195 3948 καὶ
3225 3896 3282 3948 αῖ
3310 3894 3566 3965 πράξεις,
3593 3897 3649 3949 αῖ
3686 3896 3828 3952 κατά
3857 3896 3960 3961 τὰς

2380 3979 2525 4046 ἕξεις
2548 3996 2563 4011 ⁸
2595 3983 2717 4046 ταῖς
2760 3983 2871 4054 γάρ
2900 3983 3048 4048 ἕξεσι
3086 3984 3133 4017 ⁷³
3163 3985 3220 4038 αί
3262 3984 3491 4056 πράξεις
3538 3985 3861 4057 πρόσφοροι.
3898 3984 3960 4040 ὐ

2382 4070 2491 4141 ἀρα
2519 4070 2739 4127 δικαίαν
2784 4074 2898 4141 ἐξιν
2938 4074 3077 4145 ἔχων
3110 4077 3157 4108 ⁷⁸
3183 4076 3368 4129 δίκαια
3406 4076 3607 4148 πράξει
3628 4093 3642 4106 ’
3673 4077 3878 4146 ὁμοίως
3909 4077 3959 4109 ⁷⁷

2384 4164 2480 4217 καὶ
2513 4163 2543 4215 ὀ
2570 4162 2757 4219 ἀδικον
2786 4166 2849 4220 τδ
2878 4167 3148 4222 ἀνάπαλιν
3173 4183 3185 4197 ⁸
3227 4168 3340 4223 τῶν
3369 4168 3480 4240 γάρ
3514 4169 3713 4240 ἐπίσης
3748 4169 3963 4240 ἐνδεχο-

2388 4257 2588 4325 μένων,
2616 4259 2777 4329 ήμεῖς
2803 4259 2984 4331 κύριοι
3014 4260 3093 4332 τῷ
3121 4261 3166 4293 ⁷⁸
3193 4262 3439 4333 ἐνεργεῖν
3467 4279 3482 4293 ·
3506 4262 3707 4331 ἐπίσης
3728 4260 3789 4315 δέ
3811 4263 3961 4317 ἐστιν

2385 4348 2736 4420 ἐνδεχόμενον
2781 4350 2811 4405 ὃ
2858 4352 2991 4406 αὐτό
3032 4370 3093 4406 τε
3140 4353 3419 4423 δυνάμεθα
3466 4351 3509 4388 ⁷⁸
3534 4356 3728 4418 ποιεῖν,
3775 4355 3871 4407 καὶ
3900 4355 3964 4407 τὸ

2386 4440 2767 4512 ἀντικείμενον
2806 4443 2956 4515 αὑτῷ
2987 4444 3035 4477 ⁸⁸
3056 4460 3071 4477 ο
3109 4448 3347 4499 ποιεῖται
3377 4446 3423 4477 ⁸¹
3457 4445 3513 4498 δέ
3544 4445 3753 4499 τούτων
3782 4446 3829 4478 ⁸⁸
3862 4447 3962 4517 τὴν

702 4548 847 4595 recte
908 4538 1413 4594 accommodantur.
1463 4534 1565 4603 Qui
1625 4536 1774 4591 enim
1810 4535 2037 4605 justitire
2086 4534 2272 4589 habitu

2387 4531 2601 4603 αἵρεσιν
2639 4534 2669 4587 ὀ
2702 4534 2826 4598 νοῦς
2861 4537 2889 4589 ὁ
2920 4536 3189 4607 ἡμέτερος
3214 4550 3228 4566 ⁸
3282 4531 3438 4601 οὗτος
3493 4537 3601 4607 γάρ
3629 4540 3779 4591 ἔστιν
3816 4538 3960 4610 ἀρχὴ

702 4632 961 4702 praeditus
997 4631 1108 4701 28
1136 4640 1241 4695 est,
1275 4629 1422 4700 justa
1448 4637 1739 4699 operatur;
1778 4604 1833 4682 et
1857 4627 2049 4683 eodem
2084 4626 2271 4689 modo,

2379 4626 2635 4697 πράξεων
2661 4644 2675 4659 ο
2709 4628 2860 4700 καὶὴ
2896 4604 3060 4702 βουλὴ
3091 4604 3139 4662 δ’
3172 4629 3283 4684 τῶν
3313 4631 3399 4701 ἐφ’
3423 4604 3741 4702 ημῖν-ἐστιν
3772 4604 3961 4705 (benef;

703 4722 795 4792 qui
831 4722 1131 4792 injustitiae,
1171 4721 1385 4777 diversa
1436 4722 1595 4792 agit:
1652 4719 1921 4790 siquidem
1966 4733 2089 4788 qum
2132 4717 2280 4788 justa

705 4813 912 4867 ratione
936 4812 1252 4885 contingere
1270 4822 1522 4883 possunt,
1547 4811 1805 4881 perﬁcere
1822 4821 2022 4866 nostra!
2051 4810 2281 4866 faculta-

704 4904 774 4958 tis
792 4913 875 4959 est
896 4920 1141 4969 :verum,
1160 4904 1303 4973 quod
1320 4903 1467 4974 jusla
1500 4902 1712 4958 ratione
1732 4902 2049 4972 contingere
2078 4911 2277 4972 potest,

705 4996 836 5052 illud
856 4998 997 5068 quod
1025 5013 1125 5054 nos
1143 4998 1360 5054 efficere
1378 5012 1670 5068 possumus
1688 5008 1790 5065 est;
1811 5014 1917 5053 non
1942 5008 2122 5053 autem
2137 4996 2283 5067 quod

2382 4721 2474 4772 καὶ
2523 4720 2556 4791 ή
2609 4720 2965 4792 προαίρεσιςο
3003 4721 3282 4793 ὁρίζονται
3342 4721 3449 4791 γάρ
3480 4722 3581 4791 τὴν
3638 4723 3961 4793 προαίρεσιν

2379 4810 2559 4891 ὄρεξιν
2595 4812 2948 4891 βουλευτικήν
2978 4814 3028 4847 ⁸⁵
3054 4814 3164 4869 τῶν
3191 4814 3276 4885 ἐφ’
3308 4816 3442 4885 ήμῖν
3465 4831 3480 4847 ·
3529 4814 3824 4870 καὶταῦτα
3862 4818 3961 4883 μὲν

2380 4892 2509 4974 περὶ
2530 4905 2624 4959 τοῦ
2656 4889 2956 4977 τριμεροῦς
2984 4907 3054 4973 ⁸⁸,
3087 4908 3212 4962 ὅσον
3244 4909 3440 4980 μαθεῖν
3472 4908 3531 4976 ἐξ
3559 4910 3745 4977 ὀλίγου
3782 4908 3950 4962 πόθεν

2389 4998 2424 5068 ἡ
2456 4998 2667 5053 τούτων
2702 4998 2871 5070 ὁρμή.

704 5089 831 5144 huic
858 5092 1287 5161 contrapositum
1318 5090 1582 5146 habetur:
1616 5098 1670 5145 et
1726 5089 1944 5160 quidem
1999 5105 2155 5145 mens
2205 5098 2391 5145 nostra
2463 5090 2746 5146 voluntate
2796 5091 3031 5160 primum
3059 5092 3266 5155 utitur;
3328 5107 3455 5147 nam
3508 5072 3621 5148 haee
3678 5092 3953 5149 actionum

705 5183 1032 5255 principium
1086 5196 1168 5241 est
1205 5204 1219 5241 :
1251 5194 1305 5240 et
1342 5183 1800 5255 quemadmodum
1843 5182 2093 5239 voluntas
2139 5184 2275 5254 ipsa,
2316 5182 2504 5239 eodem
2540 5193 2699 5255 pacto
2763 5193 2816 5239 et
2848 5184 3137 5240 consilium
3166 5185 3336 5241 nostri
3399 5185 3610 5240 arbitrii
3670 5185 3901 5240 habetur
3935 5202 3951 5248 ;

707 5289 833 5332 nam
870 5281 1198 5333 voluntatem
1235 5281 1431 5350 ipsam,
1464 5295 1643 5335 reru'n
1708 5295 1829 5349 qua:
1862 5280 2029 5333 nostri
2086 5277 2299 5333 arbitrii
2360 5290 2487 5333 sunt
2546 5280 2865 5349 appetitum,
2914 5279 3006 5350 qui
3031 5296 3155 5335 eum
3192 5280 3424 5336 consilio
3449 5281 3527 5347 lit,
3558 5294 3681 5337 esse
3710 5277 3955 5335 nonnulli

780 5438 825 5511 ’τ
857 5404 1559 5511 κατὰᾴμένᾼἈριστοτέλην
1602 5450 1871 5511 φαντασία
1920 5444 2042 5499 κατ’
2082 5442 2367 5509 ἐνέργειαν
2398 5441 2697 5511 φαινομένη
2733 5439 2775 5494 Β
2803 5438 2845 5494 C
2876 5437 2935 5505 P,
2961 5438 3463 5511 ἐγκαταλελειμένη
3623 5437 3709 5511 ’⁸⁸
3739 5434 3878 5511 κατά

710 5509 973 5586 Πλάτ-ωνα
1004 5506 1099 5586 Β,ςῇ
1130 5509 1207 5586 ως
1231 5506 1323 5586 ζδὲ
1382 5513 1478 5586 mi,
1513 5506 1648 5586 ἐρηάὶ
1711 5518 1752 5571 ί]
1812 5518 1871 5573 ι),
1963 5517 2009 5550 ιο

2076 5512 2226 5569 αίτία
2280 5523 2480 5574 textus,
2534 5532 2603 5581 γρ

2681 5504 2927 5583 σύρροιαν
2959 5504 3027 5583 Ρ.
3072 5581 3080 5583 ᾗ
3126 5510 3172 5583 ⁶⁴ξ
3222 5504 3465 5583 διασῷξῄ
3520 5506 3680 5583 Β-Ρ.
3712 5578 3747 5583 ῃ
3776 5507 3817 5583 °_'
3865 5504 3960 5583 καὶ

1131 5552 1205 5657 ξ’
1367 5552 2025 5657 Ξῖημνῒιιῖπιλῖληοξιένης
2044 5585 2054 5654 1

2959 5552 3032 5657 ’ἑ
3067 5552 3488 5657 ἐπιλεληῖσσιξένῗι-
3576 5552 3642 5631 P:
3666 5552 3680 5561 '
3710 5552 3959 5657 “ﬁve;

711 5652 826 5711 τοῖς
860 5650 922 5701 Α.
1015 5650 1059 5681 ⁸⁸
1092 5650 1187 5703 τοῦ
1221 5652 1261 5705 Β
1296 5655 1334 5705 (Σ
1367 5652 1427 5709 Ρ.

1553 5656 1599 5688 ⁸⁸
1629 5656 1823 5726 ἀνδρία
1862 5657 1920 5711 Β.

713 5789 761 5823 ⁷⁸
786 5788 929 5855 ἔξεις
964 5789 1028 5843 Δ.

711 5654 826 5711 τοῖς
860 5654 922 5701 Α.
1015 5654 1059 5681 ⁵³
1092 5654 1187 5703 τοῦ
1221 5654 1261 5705 Β
1296 5655 1334 5705 (Σ
1367 5654 1427 5709 Ρ.
1460 5654 1467 5655 “
1553 5656 1599 5688 ⁶⁶
1629 5654 1823 5726 ἀνδρία
1862 5657 1920 5711 Β.
1983 5654 1992 5657 ⁷
2052 5657 2094 5688 ⁸⁷
2137 5654 2543 5723 προειρήσηται

711 5719 759 5799 ξς
786 5717 880 5799 ἐπί
915 5721 1466 5799 τιΔγυμνάζεμσθαι
1517 5728 1561 5799 '_‘
1599 5726 1835 5799 penem.
1866 5729 1909 5799 Α
1950 5727 1988 5781 Β
2016 5726 2078 5781 C.
2139 5722 2435 5799 "Aelndhnﬂ.
2498 5724 2557 5799 1'

1144 5793 1191 5879 ."
1228 5794 1366 5879 ἔχων
1391 5793 1660 5879 ἔξελθε..
1680 5797 1722 5879 ⁷1
1756 5798 2122 5879 besem!"-
2172 5797 2221 5879 ἒ
2248 5794 2298 5879 ."
2329 5793 2390 5879 (ἑ-

2381 5653 2543 5723 σηται
2571 5653 2633 5708 C.

2744 5653 2788 5683 ⁸⁸
2818 5651 2928 5704 τῶν
2965 5649 3025 5705 C.
3104 5653 3147 5685 "
3174 5645 3415 5721 ἐφ’ίήμῖν
3444 5645 3502 5704 δὲ
3530 5650 3720 5721 ἀρχειν

2594 5724 2780 5804 ἠμελ.
2815 5722 2872 5775 δέ
2900 5722 3066 5791 κυρία
3094 5723 3193 5846 τῇς
3219 5716 3392 5786 ἐξλ).
3468 5721 3515 5752 ⁷⁸
3545 5716 3631 5789 ἐφ*
3660 5720 3794 5788 ήμῖν
3825 5716 3959 5771 δέΑ.

2594 5812 2673 5846 του
2721 5794 2761 5846 (Σ
2815 5792 2871 5846 Ι).
2980 5793 3025 5825 ’⁸
3051 5792 3118 5845 αὐ
3160 5819 3182 5844 δ
3214 5791 3245 5846 ὃ
3278 5791 3394 5846 δυν.
3438 5792 3479 5844 C
3528 5791 3588 5846 Ρ.
3665 5789 3711 5825 ⁸⁸
3740 5787 3872 5846 αὐτὸ
3898 5783 3959 5841 Β.

2498 5795 2543 5826 ⁷⁸
2577 5783 2673 5847 τού
2721 5794 2761 5847 (Σ
2815 5792 2871 5849 Ι).
2974 5783 3025 5825 "”
3051 5783 3182 5846 αὐτὶ
3214 5791 3245 5846 ὃ
3268 5783 3394 5846 δυν.
3438 5792 3479 5844 C
3528 5783 3599 5846 P.’
3665 5783 3715 5825 “
3740 5787 3872 5847 αὐτὸ
3898 5783 3959 5841 Β.

716 5861 759 5895 ⁸³
798 5864 945 5916 ποιεῖ
969 5858 1029 5915 Β.
1107 5864 1152 5896 ⁸⁸
1186 5858 1377 5921 τούτου
1407 5858 1448 5923 C
1479 5868 1539 5923 Ρ.
1616 5868 1661 5902 ⁸³
1690 5858 1856 5943 βουλὴ
1883 5858 2001 5923 δέΒ
2028 5866 2087 5922 Ρ.
2171 5867 2217 5900 ⁸⁵
2246 5862 2425 5937 ὄρεξις
2452 5864 2771 5937 βουλευτική
2804 5864 2869 5919 Λ.
2945 5864 2989 5898 ⁸⁸
3020 5864 3080 5918 τὸ
3114 5862 3374 5937 τριμερὲς
3405 5864 3449 5917 Δ
3475 5861 3516 5919 C
3551 5861 3610 5917 l‘.
