  <div class='ocr_page' id='page_1' title='image "/cluster/home/n/w/nwhite01/storage/ocr_20150623/64/pst.000005712632/614.png"; bbox 0 0 4204 6444; ppageno 0'>
   <div class='ocr_carea' id='block_1_1' title="bbox 323 388 467 446">
    <p class='ocr_par' dir='ltr' id='par_1_1' title="bbox 323 388 467 446">
     <span class='ocr_line' id='line_1_1' title="bbox 323 388 467 446; baseline 0.028 -4"><span class='ocrx_word' id='word_1_1' title='bbox 323 388 467 446; x_wconf 79' lang='grc' dir='ltr'><strong>ΗΠ</strong></span> 
     </span>
    </p>
   </div>
   <div class='ocr_carea' id='block_1_2' title="bbox 1542 375 2313 436">
    <p class='ocr_par' dir='ltr' id='par_1_2' title="bbox 1542 375 2313 436">
     <span class='ocr_line' id='line_1_2' title="bbox 1542 375 2313 436; baseline -0.001 -1"><span class='ocrx_word' id='word_1_2' title='bbox 1542 379 1630 435; x_wconf 87' lang='lat' dir='ltr'><strong>DE</strong></span> <span class='ocrx_word' id='word_1_3' title='bbox 1668 376 1959 436; x_wconf 78' lang='lat' dir='ltr'><strong>NATURA</strong></span> <span class='ocrx_word' id='word_1_4' title='bbox 2000 375 2313 434; x_wconf 83' lang='lat' dir='ltr'><strong>IIOMINIS.</strong></span> 
     </span>
    </p>
   </div>
   <div class='ocr_carea' id='block_1_3' title="bbox 3484 383 3625 446">
    <p class='ocr_par' dir='ltr' id='par_1_3' title="bbox 3484 383 3625 446">
     <span class='ocr_line' id='line_1_3' title="bbox 3484 383 3625 446; baseline 0.035 -5"><span class='ocrx_word' id='word_1_5' title='bbox 3484 383 3625 446; x_wconf 78' lang='grc' dir='ltr'><strong>ΙΙΙΒ</strong></span> 
     </span>
    </p>
   </div>
   <div class='ocr_carea' id='block_1_4' title="bbox 315 489 3625 569">
    <p class='ocr_par' dir='ltr' id='par_1_4' title="bbox 315 489 3625 569">
     <span class='ocr_line' id='line_1_4' title="bbox 315 489 3625 569; baseline -0.002 -9"><span class='ocrx_word' id='word_1_6' title='bbox 315 509 730 560; x_wconf 68' lang='grc' dir='ltr'>εισιιιιετυιιιιοι</span> <span class='ocrx_word' id='word_1_7' title='bbox 759 502 874 556; x_wconf 79' lang='lat' dir='ltr'><strong>haec</strong></span> <span class='ocrx_word' id='word_1_8' title='bbox 904 498 1123 569; x_wconf 87' lang='lat' dir='ltr'><strong>quidem</strong></span> <span class='ocrx_word' id='word_1_9' title='bbox 1169 494 1427 565; x_wconf 80' lang='lat' dir='ltr'><strong>atriplici</strong></span> <span class='ocrx_word' id='word_1_10' title='bbox 1484 492 1684 547; x_wconf 83' lang='lat' dir='ltr'><strong>animae</strong></span> <span class='ocrx_word' id='word_1_11' title='bbox 1710 492 1761 545; x_wconf 89' lang='lat' dir='ltr'><strong>vi</strong></span> <span class='ocrx_word' id='word_1_12' title='bbox 1812 490 2261 562; x_wconf 85' lang='lat' dir='ltr'><strong>proﬁciscuntur,</strong></span> <span class='ocrx_word' id='word_1_13' title='bbox 2312 504 2435 559; x_wconf 71' lang='lat' dir='ltr'><strong>quae</strong></span> <span class='ocrx_word' id='word_1_14' title='bbox 2498 489 2777 546; x_wconf 88' lang='lat' dir='ltr'><strong>undenam</strong></span> <span class='ocrx_word' id='word_1_15' title='bbox 2836 493 3189 565; x_wconf 85' lang='lat' dir='ltr'><strong>proveniant,</strong></span> <span class='ocrx_word' id='word_1_16' title='bbox 3231 510 3337 551; x_wconf 88' lang='lat' dir='ltr'><strong>non</strong></span> <span class='ocrx_word' id='word_1_17' title='bbox 3386 496 3625 554; x_wconf 87' lang='lat' dir='ltr'><strong>multum</strong></span> 
     </span>
    </p>
   </div>
   <div class='ocr_carea' id='block_1_5' title="bbox 315 595 1134 674">
    <p class='ocr_par' dir='ltr' id='par_1_5' title="bbox 315 595 1134 674">
     <span class='ocr_line' id='line_1_5' title="bbox 315 595 1134 674; baseline -0.009 -18"><span class='ocrx_word' id='word_1_18' title='bbox 315 610 442 674; x_wconf 82' lang='lat' dir='ltr'><strong>post</strong></span> <span class='ocrx_word' id='word_1_19' title='bbox 474 608 821 671; x_wconf 85' lang='lat' dir='ltr'><strong>perspectum</strong></span> <span class='ocrx_word' id='word_1_20' title='bbox 856 595 1134 651; x_wconf 67' lang='lat' dir='ltr'><strong>reddetur.</strong></span> 
     </span>
    </p>
   </div>
   <div class='ocr_carea' id='block_1_6' title="bbox 389 675 1895 764">
    <p class='ocr_par' dir='ltr' id='par_1_6' title="bbox 389 678 1895 764">
     <span class='ocr_line' id='line_1_6' title="bbox 389 678 1895 764; baseline -0.014 -14"><span class='ocrx_word' id='word_1_21' title='bbox 389 696 453 750; x_wconf 84' lang='grc' dir='ltr'>Δί</span> <span class='ocrx_word' id='word_1_22' title='bbox 482 695 539 749; x_wconf 83' lang='grc' dir='ltr'>δὲ</span> <span class='ocrx_word' id='word_1_23' title='bbox 573 692 805 764; x_wconf 73' lang='grc' dir='ltr'>φυσικαὶ</span> <span class='ocrx_word' id='word_1_24' title='bbox 830 690 877 722; x_wconf 78' lang='grc'><strong>⁸⁸</strong></span> <span class='ocrx_word' id='word_1_25' title='bbox 902 687 1166 759; x_wconf 85' lang='grc' dir='ltr'>δυνάμεις</span> <span class='ocrx_word' id='word_1_26' title='bbox 1209 686 1306 739; x_wconf 70' lang='grc' dir='ltr'><strong>καὶ</strong></span> <span class='ocrx_word' id='word_1_27' title='bbox 1347 681 1580 749; x_wconf 71' lang='grc' dir='ltr'>ζωτικαὶ</span> <span class='ocrx_word' id='word_1_28' title='bbox 1617 680 1713 734; x_wconf 73' lang='grc' dir='ltr'>καὶ</span> <span class='ocrx_word' id='word_1_29' title='bbox 1742 678 1895 750; x_wconf 79' lang='grc' dir='ltr'>ψυχι·</span> 
     </span>
    </p>
   </div>
   <div class='ocr_carea' id='block_1_7' title="bbox 2001 675 3629 764">
    <p class='ocr_par' dir='ltr' id='par_1_7' title="bbox 2086 675 3629 753">
     <span class='ocr_line' id='line_1_7' title="bbox 2086 675 3629 753; baseline 0.008 -24"><span class='ocrx_word' id='word_1_30' title='bbox 2086 675 2382 733; x_wconf 81' lang='lat' dir='ltr'><strong>Naturales</strong></span> <span class='ocrx_word' id='word_1_31' title='bbox 2406 683 2612 743; x_wconf 91' lang='lat' dir='ltr'><strong>autem,</strong></span> <span class='ocrx_word' id='word_1_32' title='bbox 2640 677 2833 735; x_wconf 78' lang='lat' dir='ltr'><strong>vitales</strong></span> <span class='ocrx_word' id='word_1_33' title='bbox 2852 687 2908 735; x_wconf 90' lang='lat' dir='ltr'><strong>et</strong></span> <span class='ocrx_word' id='word_1_34' title='bbox 2929 680 3199 738; x_wconf 89' lang='lat' dir='ltr'><strong>animales</strong></span> <span class='ocrx_word' id='word_1_35' title='bbox 3221 681 3535 753; x_wconf 69' lang='lat' dir='ltr'><strong>facultates,</strong></span> <span class='ocrx_word' id='word_1_36' title='bbox 3555 686 3629 743; x_wconf 91' lang='lat' dir='ltr'><strong>ab</strong></span> 
     </span>
    </p>
   </div>
   <div class='ocr_carea' id='block_1_8' title="bbox 312 773 1905 853">
    <p class='ocr_par' dir='ltr' id='par_1_8' title="bbox 312 773 1905 853">
     <span class='ocr_line' id='line_1_8' title="bbox 312 773 1905 853; baseline -0.012 -9"><span class='ocrx_word' id='word_1_37' title='bbox 312 790 409 844; x_wconf 70' lang='grc' dir='ltr'>καὶ</span> <span class='ocrx_word' id='word_1_38' title='bbox 438 789 484 821; x_wconf 82' lang='grc'><strong>⁸⁷</strong></span> <span class='ocrx_word' id='word_1_39' title='bbox 530 789 596 840; x_wconf 81' lang='grc' dir='ltr'>ἐκ</span> <span class='ocrx_word' id='word_1_40' title='bbox 640 783 849 838; x_wconf 82' lang='grc' dir='ltr'>τούτων</span> <span class='ocrx_word' id='word_1_41' title='bbox 875 780 988 835; x_wconf 88' lang='grc' dir='ltr'><strong>τῶν</strong></span> <span class='ocrx_word' id='word_1_42' title='bbox 1017 781 1189 853; x_wconf 81' lang='grc' dir='ltr'>τριῶν</span> <span class='ocrx_word' id='word_1_43' title='bbox 1228 778 1275 812; x_wconf 80' lang='grc'>⁸⁸</span> <span class='ocrx_word' id='word_1_44' title='bbox 1305 775 1660 848; x_wconf 83' lang='grc' dir='ltr'>ὲφορμῶνται</span> <span class='ocrx_word' id='word_1_45' title='bbox 1690 789 1705 805; x_wconf 80' lang='grc' dir='ltr'><strong><em>ο</em></strong></span> <span class='ocrx_word' id='word_1_46' title='bbox 1743 773 1801 825; x_wconf 81' lang='grc' dir='ltr'>ἐν</span> <span class='ocrx_word' id='word_1_47' title='bbox 1838 774 1905 843; x_wconf 80' lang='grc' dir='ltr'><strong>τῇ</strong></span> 
     </span>
    </p>
   </div>
   <div class='ocr_carea' id='block_1_9' title="bbox 314 868 1907 955">
    <p class='ocr_par' dir='ltr' id='par_1_9' title="bbox 314 868 1907 955">
     <span class='ocr_line' id='line_1_9' title="bbox 314 868 1907 955; baseline -0.011 -18"><span class='ocrx_word' id='word_1_48' title='bbox 314 881 515 955; x_wconf 78' lang='grc' dir='ltr'>καρδίᾳ</span> <span class='ocrx_word' id='word_1_49' title='bbox 550 880 659 948; x_wconf 85' lang='grc' dir='ltr'><strong>γάρ</strong></span> <span class='ocrx_word' id='word_1_50' title='bbox 702 879 821 932; x_wconf 85' lang='grc' dir='ltr'>ὲστι</span> <span class='ocrx_word' id='word_1_51' title='bbox 851 876 914 931; x_wconf 75' lang='grc' dir='ltr'>τὸ</span> <span class='ocrx_word' id='word_1_52' title='bbox 944 875 1190 947; x_wconf 76' lang='grc' dir='ltr'>ἔμφυτον</span> <span class='ocrx_word' id='word_1_53' title='bbox 1235 871 1473 942; x_wconf 74' lang='grc' dir='ltr'>θερμόνο</span> <span class='ocrx_word' id='word_1_54' title='bbox 1514 872 1572 923; x_wconf 81' lang='grc' dir='ltr'>ὲν</span> <span class='ocrx_word' id='word_1_55' title='bbox 1612 868 1693 940; x_wconf 79' lang='grc' dir='ltr'>τῷ</span> <span class='ocrx_word' id='word_1_56' title='bbox 1732 869 1907 938; x_wconf 79' lang='grc' dir='ltr'>ἥπατι</span> 
     </span>
    </p>
   </div>
   <div class='ocr_carea' id='block_1_10' title="bbox 312 960 1906 1040">
    <p class='ocr_par' dir='ltr' id='par_1_10' title="bbox 312 960 1906 1040">
     <span class='ocr_line' id='line_1_10' title="bbox 312 960 1906 1040; baseline -0.013 -10"><span class='ocrx_word' id='word_1_57' title='bbox 312 975 370 1030; x_wconf 68' lang='grc' dir='ltr'>δὲ</span> <span class='ocrx_word' id='word_1_58' title='bbox 400 974 446 1006; x_wconf 79' lang='grc'><strong>⁸⁸</strong></span> <span class='ocrx_word' id='word_1_59' title='bbox 468 973 734 1039; x_wconf 83' lang='grc' dir='ltr'><strong>γεννᾶται</strong></span> <span class='ocrx_word' id='word_1_60' title='bbox 759 969 821 1023; x_wconf 80' lang='grc' dir='ltr'>τὸ</span> <span class='ocrx_word' id='word_1_61' title='bbox 849 964 989 1040; x_wconf 76' lang='grc' dir='ltr'>αἷμα</span> <span class='ocrx_word' id='word_1_62' title='bbox 1015 984 1028 1000; x_wconf 90' lang='grc'><strong>·</strong></span> <span class='ocrx_word' id='word_1_63' title='bbox 1061 968 1157 1022; x_wconf 77' lang='grc' dir='ltr'>καὶ</span> <span class='ocrx_word' id='word_1_64' title='bbox 1198 965 1260 1030; x_wconf 80' lang='grc' dir='ltr'><strong>ἐξ</strong></span> <span class='ocrx_word' id='word_1_65' title='bbox 1296 962 1607 1033; x_wconf 77' lang='grc' dir='ltr'>ἐγκεφάλου</span> <span class='ocrx_word' id='word_1_66' title='bbox 1644 960 1677 1031; x_wconf 83' lang='grc' dir='ltr'><strong>ἡ</strong></span> <span class='ocrx_word' id='word_1_67' title='bbox 1705 976 1906 1031; x_wconf 86' lang='grc' dir='ltr'>προαι-</span> 
     </span>
    </p>
   </div>
   <div class='ocr_carea' id='block_1_11' title="bbox 314 1052 1902 1136">
    <p class='ocr_par' dir='ltr' id='par_1_11' title="bbox 314 1052 1902 1136">
     <span class='ocr_line' id='line_1_11' title="bbox 314 1052 1902 1136; baseline -0.009 -19"><span class='ocrx_word' id='word_1_68' title='bbox 314 1064 509 1136; x_wconf 83' lang='grc' dir='ltr'>ρετικὴ</span> <span class='ocrx_word' id='word_1_69' title='bbox 530 1062 750 1133; x_wconf 81' lang='grc' dir='ltr'>κίνησις</span> <span class='ocrx_word' id='word_1_70' title='bbox 774 1065 821 1096; x_wconf 76' lang='grc' dir='ltr'><strong>⁸ο</strong></span> <span class='ocrx_word' id='word_1_71' title='bbox 844 1062 1192 1132; x_wconf 78' lang='grc' dir='ltr'>ἐνεργεῖται·</span> <span class='ocrx_word' id='word_1_72' title='bbox 1216 1057 1340 1112; x_wconf 84' lang='grc' dir='ltr'>ὅθεν</span> <span class='ocrx_word' id='word_1_73' title='bbox 1362 1057 1395 1127; x_wconf 77' lang='grc' dir='ltr'>ἡ</span> <span class='ocrx_word' id='word_1_74' title='bbox 1424 1055 1524 1127; x_wconf 86' lang='grc' dir='ltr'>μὲν</span> <span class='ocrx_word' id='word_1_75' title='bbox 1538 1052 1831 1108; x_wconf 82' lang='grc' dir='ltr'>διαθάλπει</span> <span class='ocrx_word' id='word_1_76' title='bbox 1857 1052 1902 1083; x_wconf 78' lang='grc'><strong><em>³³</em></strong></span> 
     </span>
    </p>
   </div>
   <div class='ocr_carea' id='block_1_12' title="bbox 307 1144 1903 1229">
    <p class='ocr_par' dir='ltr' id='par_1_12' title="bbox 307 1144 1903 1229">
     <span class='ocr_line' id='line_1_12' title="bbox 307 1144 1903 1229; baseline -0.008 -21"><span class='ocrx_word' id='word_1_77' title='bbox 307 1157 372 1209; x_wconf 82' lang='grc' dir='ltr'>τὸ</span> <span class='ocrx_word' id='word_1_78' title='bbox 390 1156 500 1210; x_wconf 83' lang='grc' dir='ltr'>πᾶν</span> <span class='ocrx_word' id='word_1_79' title='bbox 526 1159 595 1228; x_wconf 85' lang='grc' dir='ltr'><strong>τῇ</strong></span> <span class='ocrx_word' id='word_1_80' title='bbox 628 1155 928 1229; x_wconf 87' lang='grc' dir='ltr'>Θερμότητι</span> <span class='ocrx_word' id='word_1_81' title='bbox 947 1169 963 1185; x_wconf 75' lang='grc' dir='ltr'><strong>ο</strong></span> <span class='ocrx_word' id='word_1_82' title='bbox 987 1153 1020 1224; x_wconf 77' lang='grc' dir='ltr'><strong>η</strong></span> <span class='ocrx_word' id='word_1_83' title='bbox 1049 1151 1108 1205; x_wconf 77' lang='grc' dir='ltr'>δὲ</span> <span class='ocrx_word' id='word_1_84' title='bbox 1127 1151 1189 1204; x_wconf 83' lang='grc' dir='ltr'>τὸ</span> <span class='ocrx_word' id='word_1_85' title='bbox 1218 1150 1516 1222; x_wconf 84' lang='grc' dir='ltr'>Θερμαϊνον</span> <span class='ocrx_word' id='word_1_86' title='bbox 1541 1147 1588 1181; x_wconf 74' lang='grc'><strong>⁸⁸</strong></span> <span class='ocrx_word' id='word_1_87' title='bbox 1610 1148 1678 1217; x_wconf 79' lang='grc' dir='ltr'>τῇ</span> <span class='ocrx_word' id='word_1_88' title='bbox 1715 1144 1903 1215; x_wconf 78' lang='grc' dir='ltr'>ἰκμάδι</span> 
     </span>
    </p>
   </div>
   <div class='ocr_carea' id='block_1_13' title="bbox 310 1235 1905 1316">
    <p class='ocr_par' dir='ltr' id='par_1_13' title="bbox 310 1235 1905 1316">
     <span class='ocr_line' id='line_1_13' title="bbox 310 1235 1905 1316; baseline -0.007 -16"><span class='ocrx_word' id='word_1_89' title='bbox 310 1244 625 1311; x_wconf 77' lang='grc' dir='ltr'>ὐπονοτίζει</span> <span class='ocrx_word' id='word_1_90' title='bbox 650 1262 664 1277; x_wconf 89' lang='grc'><strong>·</strong></span> <span class='ocrx_word' id='word_1_91' title='bbox 710 1246 787 1309; x_wconf 87' lang='grc' dir='ltr'>ὼς</span> <span class='ocrx_word' id='word_1_92' title='bbox 814 1243 883 1298; x_wconf 79' lang='grc' dir='ltr'>ἂν</span> <span class='ocrx_word' id='word_1_93' title='bbox 923 1246 991 1316; x_wconf 75' lang='grc' dir='ltr'>τῇ</span> <span class='ocrx_word' id='word_1_94' title='bbox 1043 1241 1333 1314; x_wconf 68' lang='grc' dir='ltr'>ίσοκρατίᾳ</span> <span class='ocrx_word' id='word_1_95' title='bbox 1356 1240 1458 1310; x_wconf 82' lang='grc' dir='ltr'>τῆς</span> <span class='ocrx_word' id='word_1_96' title='bbox 1492 1238 1603 1304; x_wconf 83' lang='grc' dir='ltr'><strong>τῶν</strong></span> <span class='ocrx_word' id='word_1_97' title='bbox 1639 1235 1905 1291; x_wconf 72' lang='grc' dir='ltr'>ἐναντίων</span> 
     </span>
    </p>
   </div>
   <div class='ocr_carea' id='block_1_14' title="bbox 308 1328 1900 1409">
    <p class='ocr_par' dir='ltr' id='par_1_14' title="bbox 308 1328 1900 1409">
     <span class='ocr_line' id='line_1_14' title="bbox 308 1328 1900 1409; baseline -0.006 -17"><span class='ocrx_word' id='word_1_98' title='bbox 308 1338 601 1409; x_wconf 77' lang='grc' dir='ltr'><strong>ποιότητος</strong></span> <span class='ocrx_word' id='word_1_99' title='bbox 634 1336 729 1390; x_wconf 77' lang='grc' dir='ltr'><strong>ἐπὶ</strong></span> <span class='ocrx_word' id='word_1_100' title='bbox 763 1336 861 1389; x_wconf 86' lang='grc' dir='ltr'><strong>τοῦ</strong></span> <span class='ocrx_word' id='word_1_101' title='bbox 896 1335 1067 1406; x_wconf 85' lang='grc' dir='ltr'>μέσου</span> <span class='ocrx_word' id='word_1_102' title='bbox 1115 1335 1161 1367; x_wconf 77' lang='grc'><em>’³</em></span> <span class='ocrx_word' id='word_1_103' title='bbox 1206 1333 1528 1405; x_wconf 81' lang='grc' dir='ltr'>συντηροϊτο</span> <span class='ocrx_word' id='word_1_104' title='bbox 1554 1330 1602 1364; x_wconf 70' lang='grc'><strong>⁸⁸</strong></span> <span class='ocrx_word' id='word_1_105' title='bbox 1632 1330 1693 1383; x_wconf 80' lang='grc' dir='ltr'>τὸ</span> <span class='ocrx_word' id='word_1_106' title='bbox 1726 1328 1866 1394; x_wconf 81' lang='grc' dir='ltr'>ζῶον</span> <span class='ocrx_word' id='word_1_107' title='bbox 1886 1342 1900 1359; x_wconf 79' lang='grc'><strong><em>⁸</em></strong></span> 
     </span>
    </p>
   </div>
   <div class='ocr_carea' id='block_1_15' title="bbox 312 1421 1904 1504">
    <p class='ocr_par' dir='ltr' id='par_1_15' title="bbox 312 1421 1904 1504">
     <span class='ocr_line' id='line_1_15' title="bbox 312 1421 1904 1504; baseline -0.006 -19"><span class='ocrx_word' id='word_1_108' title='bbox 312 1433 454 1504; x_wconf 80' lang='grc' dir='ltr'>μήτε</span> <span class='ocrx_word' id='word_1_109' title='bbox 482 1430 575 1484; x_wconf 83' lang='grc' dir='ltr'>τοῦ</span> <span class='ocrx_word' id='word_1_110' title='bbox 628 1428 799 1500; x_wconf 82' lang='grc' dir='ltr'>ύγροῦ</span> <span class='ocrx_word' id='word_1_111' title='bbox 834 1426 1334 1499; x_wconf 82' lang='grc' dir='ltr'>καταφρυγομένου</span> <span class='ocrx_word' id='word_1_112' title='bbox 1380 1426 1426 1458; x_wconf 79' lang='grc'>⁸⁸</span> <span class='ocrx_word' id='word_1_113' title='bbox 1455 1424 1534 1493; x_wconf 81' lang='grc' dir='ltr'>τῷ</span> <span class='ocrx_word' id='word_1_114' title='bbox 1572 1421 1904 1495; x_wconf 80' lang='grc' dir='ltr'><strong>πλεονασμῷ</strong></span> 
     </span>
    </p>
   </div>
   <div class='ocr_carea' id='block_1_16' title="bbox 305 1516 1900 1596">
    <p class='ocr_par' dir='ltr' id='par_1_16' title="bbox 305 1516 1900 1596">
     <span class='ocr_line' id='line_1_16' title="bbox 305 1516 1900 1596; baseline -0.005 -19"><span class='ocrx_word' id='word_1_115' title='bbox 305 1524 407 1596; x_wconf 80' lang='grc' dir='ltr'>τῆς</span> <span class='ocrx_word' id='word_1_116' title='bbox 439 1522 786 1594; x_wconf 81' lang='grc' dir='ltr'><strong>θερμότητος</strong></span> <span class='ocrx_word' id='word_1_117' title='bbox 808 1561 823 1587; x_wconf 88' lang='grc'><strong><em>,</em></strong></span> <span class='ocrx_word' id='word_1_118' title='bbox 869 1521 1008 1591; x_wconf 86' lang='grc' dir='ltr'>μήτε</span> <span class='ocrx_word' id='word_1_119' title='bbox 1038 1517 1133 1574; x_wconf 82' lang='grc' dir='ltr'><strong>τοῦ</strong></span> <span class='ocrx_word' id='word_1_120' title='bbox 1178 1516 1389 1589; x_wconf 82' lang='grc' dir='ltr'>θερμοῦ</span> <span class='ocrx_word' id='word_1_121' title='bbox 1438 1517 1806 1588; x_wconf 83' lang='grc' dir='ltr'>σϐεννυμένου</span> <span class='ocrx_word' id='word_1_122' title='bbox 1834 1519 1900 1587; x_wconf 78' lang='grc' dir='ltr'>τῇ</span> 
     </span>
    </p>
   </div>
   <div class='ocr_carea' id='block_1_17' title="bbox 307 1604 1900 1687">
    <p class='ocr_par' dir='ltr' id='par_1_17' title="bbox 307 1604 1900 1687">
     <span class='ocr_line' id='line_1_17' title="bbox 307 1604 1900 1687; baseline -0.003 -18"><span class='ocrx_word' id='word_1_123' title='bbox 307 1616 675 1687; x_wconf 63' lang='grc' dir='ltr'>ἐπικρατήσει</span> <span class='ocrx_word' id='word_1_124' title='bbox 711 1612 809 1668; x_wconf 79' lang='grc' dir='ltr'>τοῦ</span> <span class='ocrx_word' id='word_1_125' title='bbox 842 1604 1328 1684; x_wconf 85' lang='grc' dir='ltr'>καθυγραίνοντος.</span> <span class='ocrx_word' id='word_1_126' title='bbox 1374 1611 1439 1665; x_wconf 84' lang='grc' dir='ltr'><em>Ἢ</em></span> <span class='ocrx_word' id='word_1_127' title='bbox 1470 1612 1525 1665; x_wconf 70' lang='grc' dir='ltr'>δὲ</span> <span class='ocrx_word' id='word_1_128' title='bbox 1550 1610 1713 1683; x_wconf 81' lang='grc' dir='ltr'>τρίτη</span> <span class='ocrx_word' id='word_1_129' title='bbox 1738 1609 1900 1664; x_wconf 86' lang='grc' dir='ltr'>δύνα-</span> 
     </span>
    </p>
   </div>
   <div class='ocr_carea' id='block_1_18' title="bbox 308 1706 1901 1780">
    <p class='ocr_par' dir='ltr' id='par_1_18' title="bbox 308 1706 1901 1780">
     <span class='ocr_line' id='line_1_18' title="bbox 308 1706 1901 1780; baseline -0.002 -18"><span class='ocrx_word' id='word_1_130' title='bbox 308 1726 404 1779; x_wconf 89' lang='grc' dir='ltr'><strong>μις</strong></span> <span class='ocrx_word' id='word_1_131' title='bbox 438 1708 655 1780; x_wconf 84' lang='grc' dir='ltr'>συνέχει</span> <span class='ocrx_word' id='word_1_132' title='bbox 686 1707 754 1761; x_wconf 81' lang='grc' dir='ltr'>δι’</span> <span class='ocrx_word' id='word_1_133' title='bbox 788 1708 961 1778; x_wconf 81' lang='grc' dir='ltr'>αὐτῆς</span> <span class='ocrx_word' id='word_1_134' title='bbox 988 1708 1035 1740; x_wconf 76' lang='grc'><strong>⁸⁸</strong></span> <span class='ocrx_word' id='word_1_135' title='bbox 1062 1706 1208 1762; x_wconf 86' lang='grc' dir='ltr'>κατά</span> <span class='ocrx_word' id='word_1_136' title='bbox 1238 1724 1366 1761; x_wconf 91' lang='grc' dir='ltr'>τινα</span> <span class='ocrx_word' id='word_1_137' title='bbox 1396 1706 1679 1778; x_wconf 80' lang='grc' dir='ltr'>συμϐολήν</span> <span class='ocrx_word' id='word_1_138' title='bbox 1714 1723 1776 1760; x_wconf 86' lang='grc' dir='ltr'><strong>τε</strong></span> <span class='ocrx_word' id='word_1_139' title='bbox 1804 1706 1901 1762; x_wconf 72' lang='grc' dir='ltr'><strong>καὶ</strong></span> 
     </span>
    </p>
   </div>
   <div class='ocr_carea' id='block_1_19' title="bbox 306 1799 1899 1873">
    <p class='ocr_par' dir='ltr' id='par_1_19' title="bbox 306 1799 1899 1873">
     <span class='ocr_line' id='line_1_19' title="bbox 306 1799 1899 1873; baseline -0.001 -19"><span class='ocrx_word' id='word_1_140' title='bbox 306 1800 582 1871; x_wconf 76' lang='grc' dir='ltr'>ἁρμονίαν</span> <span class='ocrx_word' id='word_1_141' title='bbox 608 1801 677 1855; x_wconf 81' lang='grc' dir='ltr'>τὰ</span> <span class='ocrx_word' id='word_1_142' title='bbox 694 1800 1099 1873; x_wconf 80' lang='grc' dir='ltr'>διακεκριμένα</span> <span class='ocrx_word' id='word_1_143' title='bbox 1130 1802 1179 1833; x_wconf 75' lang='grc'><strong>’⁷</strong></span> <span class='ocrx_word' id='word_1_144' title='bbox 1201 1800 1312 1854; x_wconf 89' lang='grc' dir='ltr'><strong>τῶν</strong></span> <span class='ocrx_word' id='word_1_145' title='bbox 1350 1799 1596 1873; x_wconf 72' lang='grc' dir='ltr'>ἄρθρων,</span> <span class='ocrx_word' id='word_1_146' title='bbox 1622 1801 1742 1863; x_wconf 87' lang='grc' dir='ltr'>τοῖς</span> <span class='ocrx_word' id='word_1_147' title='bbox 1765 1800 1899 1871; x_wconf 84' lang='grc' dir='ltr'>παρ’</span> 
     </span>
    </p>
   </div>
   <div class='ocr_carea' id='block_1_20' title="bbox 305 1891 1897 1965">
    <p class='ocr_par' dir='ltr' id='par_1_20' title="bbox 305 1891 1897 1965">
     <span class='ocr_line' id='line_1_20' title="bbox 305 1891 1897 1965; baseline 0 -19"><span class='ocrx_word' id='word_1_148' title='bbox 305 1893 511 1965; x_wconf 79' lang='grc' dir='ltr'>ἑαυτῆς</span> <span class='ocrx_word' id='word_1_149' title='bbox 551 1894 880 1963; x_wconf 78' lang='grc' dir='ltr'>συνδέσμοις</span> <span class='ocrx_word' id='word_1_150' title='bbox 910 1893 956 1925; x_wconf 81' lang='grc'><strong>³⁸</strong></span> <span class='ocrx_word' id='word_1_151' title='bbox 993 1891 1313 1964; x_wconf 75' lang='grc' dir='ltr'>ἁρμόζουσα</span> <span class='ocrx_word' id='word_1_152' title='bbox 1333 1910 1347 1924; x_wconf 77' lang='grc' dir='ltr'><strong>ο</strong></span> <span class='ocrx_word' id='word_1_153' title='bbox 1378 1894 1473 1947; x_wconf 77' lang='grc' dir='ltr'>καὶ</span> <span class='ocrx_word' id='word_1_154' title='bbox 1500 1894 1670 1947; x_wconf 81' lang='grc' dir='ltr'>πᾶσιν</span> <span class='ocrx_word' id='word_1_155' title='bbox 1696 1894 1743 1926; x_wconf 82' lang='grc'><strong>⁹⁹</strong></span> <span class='ocrx_word' id='word_1_156' title='bbox 1773 1894 1897 1946; x_wconf 84' lang='grc' dir='ltr'>ὲπι-</span> 
     </span>
    </p>
   </div>
   <div class='ocr_carea' id='block_1_21' title="bbox 305 1984 1897 2058">
    <p class='ocr_par' dir='ltr' id='par_1_21' title="bbox 305 1984 1897 2058">
     <span class='ocr_line' id='line_1_21' title="bbox 305 1984 1897 2058; baseline 0.002 -21"><span class='ocrx_word' id='word_1_157' title='bbox 305 1984 603 2053; x_wconf 84' lang='grc' dir='ltr'>πέμπουσα</span> <span class='ocrx_word' id='word_1_158' title='bbox 628 1986 729 2056; x_wconf 81' lang='grc' dir='ltr'>τὴν</span> <span class='ocrx_word' id='word_1_159' title='bbox 762 1986 1124 2055; x_wconf 85' lang='grc' dir='ltr'>αὐτοκίνητον</span> <span class='ocrx_word' id='word_1_160' title='bbox 1155 1986 1249 2040; x_wconf 75' lang='grc' dir='ltr'>καὶ</span> <span class='ocrx_word' id='word_1_161' title='bbox 1287 1985 1690 2058; x_wconf 80' lang='grc' dir='ltr'>προαιρετικὴν</span> <span class='ocrx_word' id='word_1_162' title='bbox 1731 1986 1897 2041; x_wconf 77' lang='grc' dir='ltr'>δύνα-</span> 
     </span>
    </p>
   </div>
   <div class='ocr_carea' id='block_1_22' title="bbox 2018 768 3628 840">
    <p class='ocr_par' dir='ltr' id='par_1_22' title="bbox 2018 768 3628 840">
     <span class='ocr_line' id='line_1_22' title="bbox 2018 768 3628 840; baseline 0.007 -16"><span class='ocrx_word' id='word_1_163' title='bbox 2018 768 2105 825; x_wconf 91' lang='lat' dir='ltr'><strong>his</strong></span> <span class='ocrx_word' id='word_1_164' title='bbox 2142 769 2321 824; x_wconf 88' lang='lat' dir='ltr'><strong>tribus</strong></span> <span class='ocrx_word' id='word_1_165' title='bbox 2366 770 2736 840; x_wconf 89' lang='lat' dir='ltr'><strong>proveniunt;</strong></span> <span class='ocrx_word' id='word_1_166' title='bbox 2769 786 2898 827; x_wconf 87' lang='lat' dir='ltr'><strong>nam</strong></span> <span class='ocrx_word' id='word_1_167' title='bbox 2930 774 3082 829; x_wconf 90' lang='lat' dir='ltr'><strong>calor</strong></span> <span class='ocrx_word' id='word_1_168' title='bbox 3116 774 3318 833; x_wconf 88' lang='lat' dir='ltr'><strong>insitus</strong></span> <span class='ocrx_word' id='word_1_169' title='bbox 3370 778 3425 834; x_wconf 92' lang='lat' dir='ltr'><strong>in</strong></span> <span class='ocrx_word' id='word_1_170' title='bbox 3457 780 3628 836; x_wconf 88' lang='lat' dir='ltr'><strong>corde</strong></span> 
     </span>
    </p>
   </div>
   <div class='ocr_carea' id='block_1_23' title="bbox 2015 860 3627 936">
    <p class='ocr_par' dir='ltr' id='par_1_23' title="bbox 2015 860 3627 936">
     <span class='ocr_line' id='line_1_23' title="bbox 2015 860 3627 936; baseline 0.006 -20"><span class='ocrx_word' id='word_1_171' title='bbox 2015 860 2306 930; x_wconf 76' lang='lat' dir='ltr'><strong>consiStit;</strong></span> <span class='ocrx_word' id='word_1_172' title='bbox 2335 861 2624 932; x_wconf 73' lang='lat' dir='ltr'><strong>sanguinis</strong></span> <span class='ocrx_word' id='word_1_173' title='bbox 2659 871 2843 917; x_wconf 87' lang='lat' dir='ltr'><strong>autem</strong></span> <span class='ocrx_word' id='word_1_174' title='bbox 2875 863 2930 918; x_wconf 89' lang='lat' dir='ltr'><strong>iu</strong></span> <span class='ocrx_word' id='word_1_175' title='bbox 2987 863 3235 936; x_wconf 83' lang='lat' dir='ltr'><strong>jecinore</strong></span> <span class='ocrx_word' id='word_1_176' title='bbox 3270 866 3330 922; x_wconf 98' lang='lat' dir='ltr'><strong>ﬁt</strong></span> <span class='ocrx_word' id='word_1_177' title='bbox 3354 870 3627 927; x_wconf 90' lang='lat' dir='ltr'><strong>constitu-</strong></span> 
     </span>
    </p>
   </div>
   <div class='ocr_carea' id='block_1_24' title="bbox 2017 950 3625 1033">
    <p class='ocr_par' dir='ltr' id='par_1_24' title="bbox 2017 950 3625 1033">
     <span class='ocr_line' id='line_1_24' title="bbox 2017 950 3625 1033; baseline 0.006 -24"><span class='ocrx_word' id='word_1_178' title='bbox 2017 955 2114 1010; x_wconf 90' lang='lat' dir='ltr'><strong>tio.</strong></span> <span class='ocrx_word' id='word_1_179' title='bbox 2157 953 2515 1011; x_wconf 74' lang='lat' dir='ltr'><strong>Voluntarius</strong></span> <span class='ocrx_word' id='word_1_180' title='bbox 2566 969 2698 1010; x_wconf 82' lang='lat' dir='ltr'><strong>vero</strong></span> <span class='ocrx_word' id='word_1_181' title='bbox 2748 966 2933 1012; x_wconf 90' lang='lat' dir='ltr'><strong>motus</strong></span> <span class='ocrx_word' id='word_1_182' title='bbox 2972 972 3003 1013; x_wconf 87' lang='lat' dir='ltr'><strong>a</strong></span> <span class='ocrx_word' id='word_1_183' title='bbox 3038 960 3266 1016; x_wconf 84' lang='lat' dir='ltr'><strong>cerebro</strong></span> <span class='ocrx_word' id='word_1_184' title='bbox 3307 950 3453 1032; x_wconf 70' lang='lat' dir='ltr'><strong>agit;</strong></span> <span class='ocrx_word' id='word_1_185' title='bbox 3486 972 3625 1033; x_wconf 73' lang='lat' dir='ltr'><strong>Qua-</strong></span> 
     </span>
    </p>
   </div>
   <div class='ocr_carea' id='block_1_25' title="bbox 2014 1048 3624 1123">
    <p class='ocr_par' dir='ltr' id='par_1_25' title="bbox 2014 1048 3624 1123">
     <span class='ocr_line' id='line_1_25' title="bbox 2014 1048 3624 1123; baseline 0.004 -20"><span class='ocrx_word' id='word_1_186' title='bbox 2014 1056 2258 1120; x_wconf 84' lang='lat' dir='ltr'><strong>propter,</strong></span> <span class='ocrx_word' id='word_1_187' title='bbox 2288 1063 2320 1103; x_wconf 91' lang='lat' dir='ltr'><strong>a</strong></span> <span class='ocrx_word' id='word_1_188' title='bbox 2354 1048 2523 1104; x_wconf 90' lang='lat' dir='ltr'><strong>corde</strong></span> <span class='ocrx_word' id='word_1_189' title='bbox 2569 1049 2691 1118; x_wconf 87' lang='lat' dir='ltr'><strong>ipso</strong></span> <span class='ocrx_word' id='word_1_190' title='bbox 2731 1056 2907 1105; x_wconf 89' lang='lat' dir='ltr'><strong>totum</strong></span> <span class='ocrx_word' id='word_1_191' title='bbox 2948 1065 3151 1123; x_wconf 88' lang='lat' dir='ltr'><strong>corpus</strong></span> <span class='ocrx_word' id='word_1_192' title='bbox 3198 1062 3453 1109; x_wconf 84' lang='lat' dir='ltr'><strong>nostrum</strong></span> <span class='ocrx_word' id='word_1_193' title='bbox 3484 1056 3624 1111; x_wconf 89' lang='lat' dir='ltr'><strong>cali-</strong></span> 
     </span>
    </p>
   </div>
   <div class='ocr_carea' id='block_1_26' title="bbox 2014 1140 3623 1217">
    <p class='ocr_par' dir='ltr' id='par_1_26' title="bbox 2014 1140 3623 1217">
     <span class='ocr_line' id='line_1_26' title="bbox 2014 1140 3623 1217; baseline 0.005 -22"><span class='ocrx_word' id='word_1_194' title='bbox 2014 1140 2145 1195; x_wconf 89' lang='lat' dir='ltr'><strong>dum</strong></span> <span class='ocrx_word' id='word_1_195' title='bbox 2193 1140 2474 1209; x_wconf 81' lang='lat' dir='ltr'><strong>redditur;</strong></span> <span class='ocrx_word' id='word_1_196' title='bbox 2514 1140 2585 1195; x_wconf 90' lang='lat' dir='ltr'><strong>ab</strong></span> <span class='ocrx_word' id='word_1_197' title='bbox 2620 1140 2851 1197; x_wconf 91' lang='lat' dir='ltr'><strong>humido</strong></span> <span class='ocrx_word' id='word_1_198' title='bbox 2879 1157 3015 1199; x_wconf 89' lang='lat' dir='ltr'><strong>vero</strong></span> <span class='ocrx_word' id='word_1_199' title='bbox 3047 1144 3279 1212; x_wconf 91' lang='lat' dir='ltr'><strong>cerebri,</strong></span> <span class='ocrx_word' id='word_1_200' title='bbox 3299 1145 3434 1201; x_wconf 90' lang='lat' dir='ltr'><strong>illud</strong></span> <span class='ocrx_word' id='word_1_201' title='bbox 3475 1147 3623 1217; x_wconf 91' lang='lat' dir='ltr'><strong>quod</strong></span> 
     </span>
    </p>
   </div>
   <div class='ocr_carea' id='block_1_27' title="bbox 2014 1234 3623 1312">
    <p class='ocr_par' dir='ltr' id='par_1_27' title="bbox 2014 1234 3623 1312">
     <span class='ocr_line' id='line_1_27' title="bbox 2014 1234 3623 1312; baseline 0.004 -23"><span class='ocrx_word' id='word_1_202' title='bbox 2014 1234 2251 1289; x_wconf 89' lang='lat' dir='ltr'><strong>calorem</strong></span> <span class='ocrx_word' id='word_1_203' title='bbox 2269 1234 2471 1290; x_wconf 82' lang='lat' dir='ltr'><strong>emittit</strong></span> <span class='ocrx_word' id='word_1_204' title='bbox 2498 1234 2883 1303; x_wconf 88' lang='lat' dir='ltr'><strong>humectatur;</strong></span> <span class='ocrx_word' id='word_1_205' title='bbox 2916 1234 3044 1292; x_wconf 88' lang='lat' dir='ltr'><strong>inde</strong></span> <span class='ocrx_word' id='word_1_206' title='bbox 3075 1239 3135 1292; x_wconf 85' lang='lat' dir='ltr'><strong>ﬁt</strong></span> <span class='ocrx_word' id='word_1_207' title='bbox 3178 1248 3258 1305; x_wconf 91' lang='lat' dir='ltr'><strong>ut,</strong></span> <span class='ocrx_word' id='word_1_208' title='bbox 3293 1238 3349 1294; x_wconf 91' lang='lat' dir='ltr'><strong>in</strong></span> <span class='ocrx_word' id='word_1_209' title='bbox 3373 1242 3623 1312; x_wconf 85' lang='lat' dir='ltr'><strong>compari</strong></span> 
     </span>
    </p>
   </div>
   <div class='ocr_carea' id='block_1_28' title="bbox 2013 1326 3625 1400">
    <p class='ocr_par' dir='ltr' id='par_1_28' title="bbox 2013 1326 3625 1400">
     <span class='ocr_line' id='line_1_28' title="bbox 2013 1326 3625 1400; baseline 0.004 -18"><span class='ocrx_word' id='word_1_210' title='bbox 2013 1327 2080 1382; x_wconf 90' lang='lat' dir='ltr'><strong>ad</strong></span> <span class='ocrx_word' id='word_1_211' title='bbox 2106 1326 2340 1382; x_wconf 85' lang='lat' dir='ltr'><strong>invicem</strong></span> <span class='ocrx_word' id='word_1_212' title='bbox 2362 1326 2708 1383; x_wconf 86' lang='lat' dir='ltr'><strong>diversarum</strong></span> <span class='ocrx_word' id='word_1_213' title='bbox 2748 1328 3077 1399; x_wconf 90' lang='lat' dir='ltr'><strong>qualitatum</strong></span> <span class='ocrx_word' id='word_1_214' title='bbox 3104 1338 3393 1400; x_wconf 83' lang='lat' dir='ltr'><strong>potestate,</strong></span> <span class='ocrx_word' id='word_1_215' title='bbox 3413 1342 3625 1389; x_wconf 89' lang='lat' dir='ltr'><strong>utrum-</strong></span> 
     </span>
    </p>
   </div>
   <div class='ocr_carea' id='block_1_29' title="bbox 2012 1418 3622 1491">
    <p class='ocr_par' dir='ltr' id='par_1_29' title="bbox 2012 1418 3622 1491">
     <span class='ocr_line' id='line_1_29' title="bbox 2012 1418 3622 1491; baseline 0.006 -19"><span class='ocrx_word' id='word_1_216' title='bbox 2012 1434 2119 1489; x_wconf 86' lang='lat' dir='ltr'><strong>que</strong></span> <span class='ocrx_word' id='word_1_217' title='bbox 2148 1418 2424 1474; x_wconf 86' lang='lat' dir='ltr'><strong>incolume</strong></span> <span class='ocrx_word' id='word_1_218' title='bbox 2459 1428 2733 1486; x_wconf 87' lang='lat' dir='ltr'><strong>servetur,</strong></span> <span class='ocrx_word' id='word_1_219' title='bbox 2758 1420 2892 1475; x_wconf 90' lang='lat' dir='ltr'><strong>dum</strong></span> <span class='ocrx_word' id='word_1_220' title='bbox 2922 1436 3032 1476; x_wconf 87' lang='lat' dir='ltr'><strong>non</strong></span> <span class='ocrx_word' id='word_1_221' title='bbox 3058 1436 3157 1491; x_wconf 88' lang='lat' dir='ltr'><strong>per</strong></span> <span class='ocrx_word' id='word_1_222' title='bbox 3186 1423 3393 1480; x_wconf 88' lang='lat' dir='ltr'><strong>caloris</strong></span> <span class='ocrx_word' id='word_1_223' title='bbox 3430 1439 3622 1482; x_wconf 88' lang='lat' dir='ltr'><strong>exces-</strong></span> 
     </span>
    </p>
   </div>
   <div class='ocr_carea' id='block_1_30' title="bbox 2011 1511 3620 1588">
    <p class='ocr_par' dir='ltr' id='par_1_30' title="bbox 2011 1511 3620 1588">
     <span class='ocr_line' id='line_1_30' title="bbox 2011 1511 3620 1588; baseline 0.005 -22"><span class='ocrx_word' id='word_1_224' title='bbox 2011 1525 2158 1577; x_wconf 87' lang='lat' dir='ltr'><strong>sum,</strong></span> <span class='ocrx_word' id='word_1_225' title='bbox 2197 1511 2342 1581; x_wconf 86' lang='lat' dir='ltr'><strong>quod</strong></span> <span class='ocrx_word' id='word_1_226' title='bbox 2400 1511 2694 1567; x_wconf 89' lang='lat' dir='ltr'><strong>humidum</strong></span> <span class='ocrx_word' id='word_1_227' title='bbox 2748 1521 2834 1568; x_wconf 87' lang='lat' dir='ltr'><strong>est</strong></span> <span class='ocrx_word' id='word_1_228' title='bbox 2886 1513 3122 1582; x_wconf 86' lang='lat' dir='ltr'><strong>arescit;</strong></span> <span class='ocrx_word' id='word_1_229' title='bbox 3166 1516 3429 1588; x_wconf 89' lang='lat' dir='ltr'><strong>quodque</strong></span> <span class='ocrx_word' id='word_1_230' title='bbox 3481 1519 3620 1574; x_wconf 87' lang='lat' dir='ltr'><strong>cali-</strong></span> 
     </span>
    </p>
   </div>
   <div class='ocr_carea' id='block_1_31' title="bbox 2009 1603 3617 1684">
    <p class='ocr_par' dir='ltr' id='par_1_31' title="bbox 2009 1603 3617 1684">
     <span class='ocr_line' id='line_1_31' title="bbox 2009 1603 3617 1684; baseline 0.006 -27"><span class='ocrx_word' id='word_1_231' title='bbox 2009 1603 2141 1657; x_wconf 90' lang='lat' dir='ltr'><strong>dum</strong></span> <span class='ocrx_word' id='word_1_232' title='bbox 2182 1612 2305 1667; x_wconf 87' lang='lat' dir='ltr'><strong>est,</strong></span> <span class='ocrx_word' id='word_1_233' title='bbox 2357 1603 2594 1660; x_wconf 85' lang='lat' dir='ltr'><strong>humore</strong></span> <span class='ocrx_word' id='word_1_234' title='bbox 2649 1613 3019 1675; x_wconf 78' lang='lat' dir='ltr'><strong>exsuperante</strong></span> <span class='ocrx_word' id='word_1_235' title='bbox 3064 1620 3175 1661; x_wconf 93' lang='lat' dir='ltr'><strong>non</strong></span> <span class='ocrx_word' id='word_1_236' title='bbox 3220 1609 3617 1684; x_wconf 76' lang='lat' dir='ltr'><strong>exstinguitur.</strong></span> 
     </span>
    </p>
   </div>
   <div class='ocr_carea' id='block_1_32' title="bbox 2010 1694 3619 1766">
    <p class='ocr_par' dir='ltr' id='par_1_32' title="bbox 2010 1694 3619 1766">
     <span class='ocr_line' id='line_1_32' title="bbox 2010 1694 3619 1766; baseline 0.006 -16"><span class='ocrx_word' id='word_1_237' title='bbox 2010 1694 2145 1763; x_wconf 61' lang='lat' dir='ltr'><strong>Quae</strong></span> <span class='ocrx_word' id='word_1_238' title='bbox 2176 1710 2309 1752; x_wconf 89' lang='lat' dir='ltr'><strong>vero</strong></span> <span class='ocrx_word' id='word_1_239' title='bbox 2357 1697 2519 1752; x_wconf 84' lang='lat' dir='ltr'><strong>tertia</strong></span> <span class='ocrx_word' id='word_1_240' title='bbox 2570 1696 2771 1752; x_wconf 87' lang='lat' dir='ltr'><strong>harum</strong></span> <span class='ocrx_word' id='word_1_241' title='bbox 2818 1697 3144 1754; x_wconf 84' lang='lat' dir='ltr'><strong>facultatum</strong></span> <span class='ocrx_word' id='word_1_242' title='bbox 3196 1710 3317 1766; x_wconf 86' lang='lat' dir='ltr'><strong>est,</strong></span> <span class='ocrx_word' id='word_1_243' title='bbox 3358 1701 3619 1761; x_wconf 86' lang='lat' dir='ltr'><strong>distincta</strong></span> 
     </span>
    </p>
   </div>
   <div class='ocr_carea' id='block_1_33' title="bbox 2010 1789 3615 1864">
    <p class='ocr_par' dir='ltr' id='par_1_33' title="bbox 2010 1789 3615 1864">
     <span class='ocr_line' id='line_1_33' title="bbox 2010 1789 3615 1864; baseline 0.007 -21"><span class='ocrx_word' id='word_1_244' title='bbox 2010 1789 2257 1843; x_wconf 83' lang='lat' dir='ltr'><strong>membra</strong></span> <span class='ocrx_word' id='word_1_245' title='bbox 2311 1804 2412 1845; x_wconf 87' lang='lat' dir='ltr'><strong>sua</strong></span> <span class='ocrx_word' id='word_1_246' title='bbox 2453 1789 2719 1860; x_wconf 85' lang='lat' dir='ltr'><strong>peculiari</strong></span> <span class='ocrx_word' id='word_1_247' title='bbox 2746 1790 2822 1857; x_wconf 87' lang='lat' dir='ltr'><strong>vi,</strong></span> <span class='ocrx_word' id='word_1_248' title='bbox 2853 1805 3155 1864; x_wconf 87' lang='lat' dir='ltr'><strong>congressu</strong></span> <span class='ocrx_word' id='word_1_249' title='bbox 3201 1795 3445 1864; x_wconf 88' lang='lat' dir='ltr'><strong>quodam</strong></span> <span class='ocrx_word' id='word_1_250' title='bbox 3484 1796 3615 1853; x_wconf 89' lang='lat' dir='ltr'><strong>har-</strong></span> 
     </span>
    </p>
   </div>
   <div class='ocr_carea' id='block_1_34' title="bbox 2010 1881 3616 1959">
    <p class='ocr_par' dir='ltr' id='par_1_34' title="bbox 2010 1881 3616 1959">
     <span class='ocr_line' id='line_1_34' title="bbox 2010 1881 3616 1959; baseline 0.006 -23"><span class='ocrx_word' id='word_1_251' title='bbox 2010 1881 2306 1953; x_wconf 87' lang='lat' dir='ltr'><strong>moniaque</strong></span> <span class='ocrx_word' id='word_1_252' title='bbox 2346 1882 2632 1948; x_wconf 88' lang='lat' dir='ltr'><strong>continet;</strong></span> <span class='ocrx_word' id='word_1_253' title='bbox 2668 1898 2794 1939; x_wconf 92' lang='lat' dir='ltr'><strong>cum</strong></span> <span class='ocrx_word' id='word_1_254' title='bbox 2831 1883 2951 1955; x_wconf 88' lang='lat' dir='ltr'><strong>ipsa</strong></span> <span class='ocrx_word' id='word_1_255' title='bbox 2984 1886 3222 1956; x_wconf 87' lang='lat' dir='ltr'><strong>propriis</strong></span> <span class='ocrx_word' id='word_1_256' title='bbox 3261 1885 3463 1945; x_wconf 87' lang='lat' dir='ltr'><strong>ofﬁciis</strong></span> <span class='ocrx_word' id='word_1_257' title='bbox 3492 1903 3616 1959; x_wconf 77' lang='lat' dir='ltr'><strong>usa,</strong></span> 
     </span>
    </p>
   </div>
   <div class='ocr_carea' id='block_1_35' title="bbox 2009 1974 3618 2059">
    <p class='ocr_par' dir='ltr' id='par_1_35' title="bbox 2009 1974 3618 2059">
     <span class='ocr_line' id='line_1_35' title="bbox 2009 1974 3618 2059; baseline 0.003 -27"><span class='ocrx_word' id='word_1_258' title='bbox 2009 1974 2127 2032; x_wconf 83' lang='lat' dir='ltr'><strong>suis</strong></span> <span class='ocrx_word' id='word_1_259' title='bbox 2155 1990 2220 2032; x_wconf 81' lang='lat' dir='ltr'><strong>ea</strong></span> <span class='ocrx_word' id='word_1_260' title='bbox 2244 1974 2427 2032; x_wconf 90' lang='lat' dir='ltr'><strong>modis</strong></span> <span class='ocrx_word' id='word_1_261' title='bbox 2446 1977 2695 2047; x_wconf 90' lang='lat' dir='ltr'><strong>adaptat,</strong></span> <span class='ocrx_word' id='word_1_262' title='bbox 2732 1992 2835 2033; x_wconf 90' lang='lat' dir='ltr'><strong>nec</strong></span> <span class='ocrx_word' id='word_1_263' title='bbox 2863 1980 3289 2059; x_wconf 39' lang='lat' dir='ltr'><strong>non‘spontanci</strong></span> <span class='ocrx_word' id='word_1_264' title='bbox 3322 1995 3389 2035; x_wconf 85' lang='lat' dir='ltr'><strong>ac</strong></span> <span class='ocrx_word' id='word_1_265' title='bbox 3417 1980 3618 2037; x_wconf 85' lang='lat' dir='ltr'><strong>volun—</strong></span> 
     </span>
    </p>
   </div>
   <div class='ocr_carea' id='block_1_36' title="bbox 307 2057 1895 2151">
    <p class='ocr_par' dir='ltr' id='par_1_36' title="bbox 307 2072 1895 2151">
     <span class='ocr_line' id='line_1_36' title="bbox 307 2072 1895 2151; baseline 0.003 -22"><span class='ocrx_word' id='word_1_266' title='bbox 307 2094 403 2146; x_wconf 89' lang='grc' dir='ltr'><strong>μιν</strong></span> <span class='ocrx_word' id='word_1_267' title='bbox 423 2092 436 2105; x_wconf 76' lang='grc'><strong>⁸</strong></span> <span class='ocrx_word' id='word_1_268' title='bbox 465 2072 536 2148; x_wconf 82' lang='grc' dir='ltr'>ἦς</span> <span class='ocrx_word' id='word_1_269' title='bbox 558 2078 961 2149; x_wconf 77' lang='grc' dir='ltr'>ἐπιλειπούσης</span> <span class='ocrx_word' id='word_1_270' title='bbox 994 2079 1007 2109; x_wconf 88' lang='grc'>¹</span> <span class='ocrx_word' id='word_1_271' title='bbox 1036 2079 1279 2149; x_wconf 76' lang='grc' dir='ltr'>πάρετον</span> <span class='ocrx_word' id='word_1_272' title='bbox 1312 2078 1525 2146; x_wconf 85' lang='grc' dir='ltr'>γίνεται</span> <span class='ocrx_word' id='word_1_273' title='bbox 1561 2080 1658 2132; x_wconf 78' lang='grc' dir='ltr'><strong>καὶ</strong></span> <span class='ocrx_word' id='word_1_274' title='bbox 1686 2079 1895 2151; x_wconf 87' lang='grc' dir='ltr'>νεκρῶ-</span> 
     </span>
    </p>
   </div>
   <div class='ocr_carea' id='block_1_37' title="bbox 2001 2057 3617 2151">
    <p class='ocr_par' dir='ltr' id='par_1_37' title="bbox 2008 2057 3617 2143">
     <span class='ocr_line' id='line_1_37' title="bbox 2008 2057 3617 2143; baseline 0.004 -20"><span class='ocrx_word' id='word_1_275' title='bbox 2008 2068 2133 2123; x_wconf 89' lang='lat' dir='ltr'><strong>tarii</strong></span> <span class='ocrx_word' id='word_1_276' title='bbox 2166 2076 2354 2125; x_wconf 91' lang='lat' dir='ltr'><strong>motus</strong></span> <span class='ocrx_word' id='word_1_277' title='bbox 2385 2068 2704 2125; x_wconf 85' lang='lat' dir='ltr'><strong>facultatem</strong></span> <span class='ocrx_word' id='word_1_278' title='bbox 2727 2057 2993 2126; x_wconf 81' lang='lat' dir='ltr'><strong>omnibus</strong></span> <span class='ocrx_word' id='word_1_279' title='bbox 3004 2071 3346 2141; x_wconf 88' lang='lat' dir='ltr'><strong>impartitur,</strong></span> <span class='ocrx_word' id='word_1_280' title='bbox 3381 2087 3492 2143; x_wconf 89' lang='lat' dir='ltr'><strong>qua</strong></span> <span class='ocrx_word' id='word_1_281' title='bbox 3520 2077 3617 2129; x_wconf 81' lang='lat' dir='ltr'><strong>de-</strong></span> 
     </span>
    </p>
   </div>
   <div class='ocr_carea' id='block_1_38' title="bbox 301 2168 1899 2246">
    <p class='ocr_par' dir='ltr' id='par_1_38' title="bbox 301 2168 1899 2246">
     <span class='ocr_line' id='line_1_38' title="bbox 301 2168 1899 2246; baseline 0.003 -25"><span class='ocrx_word' id='word_1_282' title='bbox 301 2168 393 2232; x_wconf 86' lang='grc' dir='ltr'><strong>δες</strong></span> <span class='ocrx_word' id='word_1_283' title='bbox 421 2168 483 2222; x_wconf 83' lang='grc' dir='ltr'>τὸ</span> <span class='ocrx_word' id='word_1_284' title='bbox 514 2170 706 2242; x_wconf 86' lang='grc' dir='ltr'>σῶμα,</span> <span class='ocrx_word' id='word_1_285' title='bbox 736 2170 835 2224; x_wconf 81' lang='grc' dir='ltr'>τοῦ</span> <span class='ocrx_word' id='word_1_286' title='bbox 872 2170 1264 2243; x_wconf 84' lang='grc' dir='ltr'>προαιρετικοῦ</span> <span class='ocrx_word' id='word_1_287' title='bbox 1306 2172 1625 2242; x_wconf 88' lang='grc' dir='ltr'>πνεύματος</span> <span class='ocrx_word' id='word_1_288' title='bbox 1657 2173 1899 2246; x_wconf 81' lang='grc' dir='ltr'>ἀμοιρῆ-</span> 
     </span>
    </p>
   </div>
   <div class='ocr_carea' id='block_1_39' title="bbox 305 2262 1898 2336">
    <p class='ocr_par' dir='ltr' id='par_1_39' title="bbox 305 2262 1898 2336">
     <span class='ocr_line' id='line_1_39' title="bbox 305 2262 1898 2336; baseline 0.004 -23"><span class='ocrx_word' id='word_1_289' title='bbox 305 2277 428 2314; x_wconf 91' lang='grc' dir='ltr'>σαν.</span> <span class='ocrx_word' id='word_1_290' title='bbox 473 2262 586 2315; x_wconf 74' lang='grc' dir='ltr'><strong>Καὶ</strong></span> <span class='ocrx_word' id='word_1_291' title='bbox 616 2262 729 2333; x_wconf 84' lang='grc' dir='ltr'><strong>γὰρ</strong></span> <span class='ocrx_word' id='word_1_292' title='bbox 762 2263 1113 2336; x_wconf 79' lang='grc' dir='ltr'>ἀναισθήτων</span> <span class='ocrx_word' id='word_1_293' title='bbox 1146 2264 1322 2318; x_wconf 87' lang='grc' dir='ltr'>δντων</span> <span class='ocrx_word' id='word_1_294' title='bbox 1354 2262 1518 2333; x_wconf 85' lang='grc' dir='ltr'>φύσει</span> <span class='ocrx_word' id='word_1_295' title='bbox 1556 2263 1669 2319; x_wconf 89' lang='grc' dir='ltr'><strong>τῶν</strong></span> <span class='ocrx_word' id='word_1_296' title='bbox 1698 2266 1898 2333; x_wconf 80' lang='grc' dir='ltr'>ὀστῶν,</span> 
     </span>
    </p>
   </div>
   <div class='ocr_carea' id='block_1_40' title="bbox 300 2352 1900 2431">
    <p class='ocr_par' dir='ltr' id='par_1_40' title="bbox 300 2352 1900 2431">
     <span class='ocr_line' id='line_1_40' title="bbox 300 2352 1900 2431; baseline 0.004 -24"><span class='ocrx_word' id='word_1_297' title='bbox 300 2352 649 2425; x_wconf 81' lang='grc' dir='ltr'>αίσθητικοϊς</span> <span class='ocrx_word' id='word_1_298' title='bbox 689 2356 833 2411; x_wconf 81' lang='grc' dir='ltr'>αὑτά</span> <span class='ocrx_word' id='word_1_299' title='bbox 876 2357 1096 2428; x_wconf 82' lang='grc' dir='ltr'>νεύροις</span> <span class='ocrx_word' id='word_1_300' title='bbox 1147 2357 1181 2428; x_wconf 77' lang='grc' dir='ltr'><strong>η</strong></span> <span class='ocrx_word' id='word_1_301' title='bbox 1226 2358 1395 2427; x_wconf 74' lang='grc' dir='ltr'>φύσις</span> <span class='ocrx_word' id='word_1_302' title='bbox 1434 2359 1799 2431; x_wconf 78' lang='grc' dir='ltr'>προσήρμοσέ</span> <span class='ocrx_word' id='word_1_303' title='bbox 1840 2376 1900 2413; x_wconf 78' lang='grc' dir='ltr'><strong>τε</strong></span> 
     </span>
    </p>
   </div>
   <div class='ocr_carea' id='block_1_41' title="bbox 300 2446 1900 2522">
    <p class='ocr_par' dir='ltr' id='par_1_41' title="bbox 300 2446 1900 2522">
     <span class='ocr_line' id='line_1_41' title="bbox 300 2446 1900 2522; baseline 0.002 -22"><span class='ocrx_word' id='word_1_304' title='bbox 300 2446 398 2502; x_wconf 87' lang='grc' dir='ltr'>καὶ</span> <span class='ocrx_word' id='word_1_305' title='bbox 423 2447 605 2517; x_wconf 75' lang='grc' dir='ltr'>ἢνωσε</span> <span class='ocrx_word' id='word_1_306' title='bbox 630 2463 643 2477; x_wconf 81' lang='grc'><em>’</em></span> <span class='ocrx_word' id='word_1_307' title='bbox 689 2448 892 2520; x_wconf 77' lang='grc' dir='ltr'>μᾶλλον</span> <span class='ocrx_word' id='word_1_308' title='bbox 931 2448 990 2503; x_wconf 77' lang='grc' dir='ltr'>δὲ</span> <span class='ocrx_word' id='word_1_309' title='bbox 1018 2451 1047 2503; x_wconf 87' lang='grc' dir='ltr'><strong>ὀ</strong></span> <span class='ocrx_word' id='word_1_310' title='bbox 1091 2449 1365 2521; x_wconf 77' lang='grc' dir='ltr'>δεσπότης</span> <span class='ocrx_word' id='word_1_311' title='bbox 1401 2450 1505 2522; x_wconf 80' lang='grc' dir='ltr'>τῆς</span> <span class='ocrx_word' id='word_1_312' title='bbox 1550 2451 1772 2521; x_wconf 84' lang='grc' dir='ltr'>φύσεως</span> <span class='ocrx_word' id='word_1_313' title='bbox 1803 2451 1900 2505; x_wconf 79' lang='grc' dir='ltr'><strong>καὶ</strong></span> 
     </span>
    </p>
   </div>
   <div class='ocr_carea' id='block_1_42' title="bbox 300 2539 1899 2615">
    <p class='ocr_par' dir='ltr' id='par_1_42' title="bbox 300 2539 1899 2615">
     <span class='ocr_line' id='line_1_42' title="bbox 300 2539 1899 2615; baseline 0.004 -24"><span class='ocrx_word' id='word_1_314' title='bbox 300 2539 669 2610; x_wconf 83' lang='grc' dir='ltr'>Δημιουργός.</span> <span class='ocrx_word' id='word_1_315' title='bbox 702 2541 814 2595; x_wconf 81' lang='grc' dir='ltr'><strong>Καὶ</strong></span> <span class='ocrx_word' id='word_1_316' title='bbox 841 2540 933 2595; x_wconf 83' lang='grc' dir='ltr'><strong>διὰ</strong></span> <span class='ocrx_word' id='word_1_317' title='bbox 952 2542 1053 2613; x_wconf 81' lang='grc' dir='ltr'><strong>τῆς</strong></span> <span class='ocrx_word' id='word_1_318' title='bbox 1081 2541 1404 2615; x_wconf 83' lang='grc' dir='ltr'>προσφυοῦς</span> <span class='ocrx_word' id='word_1_319' title='bbox 1432 2542 1686 2608; x_wconf 73' lang='grc' dir='ltr'>ἑνώσεώς</span> <span class='ocrx_word' id='word_1_320' title='bbox 1715 2562 1778 2599; x_wconf 87' lang='grc' dir='ltr'><strong>τε</strong></span> <span class='ocrx_word' id='word_1_321' title='bbox 1803 2545 1899 2598; x_wconf 74' lang='grc' dir='ltr'>καὶ</span> 
     </span>
    </p>
   </div>
   <div class='ocr_carea' id='block_1_43' title="bbox 301 2629 1897 2705">
    <p class='ocr_par' dir='ltr' id='par_1_43' title="bbox 301 2629 1897 2705">
     <span class='ocr_line' id='line_1_43' title="bbox 301 2629 1897 2705; baseline 0.006 -23"><span class='ocrx_word' id='word_1_322' title='bbox 301 2629 573 2701; x_wconf 76' lang='grc' dir='ltr'>ἁρμονίας</span> <span class='ocrx_word' id='word_1_323' title='bbox 595 2631 695 2696; x_wconf 80' lang='grc' dir='ltr'><strong>τὰς</strong></span> <span class='ocrx_word' id='word_1_324' title='bbox 730 2632 1011 2703; x_wconf 83' lang='grc' dir='ltr'>συμϐολὰς</span> <span class='ocrx_word' id='word_1_325' title='bbox 1040 2634 1226 2689; x_wconf 82' lang='grc' dir='ltr'>αὐτῶν</span> <span class='ocrx_word' id='word_1_326' title='bbox 1254 2634 1590 2705; x_wconf 73' lang='grc' dir='ltr'>ἐπισφίγξας</span> <span class='ocrx_word' id='word_1_327' title='bbox 1610 2638 1653 2700; x_wconf 82' lang='grc'><strong>²,</strong></span> <span class='ocrx_word' id='word_1_328' title='bbox 1677 2636 1767 2691; x_wconf 63' lang='grc' dir='ltr'>διὰ</span> <span class='ocrx_word' id='word_1_329' title='bbox 1786 2636 1897 2692; x_wconf 89' lang='grc' dir='ltr'><strong>τῶν</strong></span> 
     </span>
    </p>
   </div>
   <div class='ocr_carea' id='block_1_44' title="bbox 302 2722 1897 2801">
    <p class='ocr_par' dir='ltr' id='par_1_44' title="bbox 302 2722 1897 2801">
     <span class='ocr_line' id='line_1_44' title="bbox 302 2722 1897 2801; baseline 0.005 -25"><span class='ocrx_word' id='word_1_330' title='bbox 302 2722 622 2795; x_wconf 70' lang='grc' dir='ltr'>συνδέσμων</span> <span class='ocrx_word' id='word_1_331' title='bbox 649 2723 752 2798; x_wconf 79' lang='grc' dir='ltr'><strong>τὴν</strong></span> <span class='ocrx_word' id='word_1_332' title='bbox 779 2726 1042 2798; x_wconf 77' lang='grc' dir='ltr'>δεκτικὴν</span> <span class='ocrx_word' id='word_1_333' title='bbox 1079 2727 1191 2781; x_wconf 91' lang='grc' dir='ltr'><strong>τῶν</strong></span> <span class='ocrx_word' id='word_1_334' title='bbox 1223 2727 1539 2801; x_wconf 71' lang='grc' dir='ltr'>αἰσθήσεων</span> <span class='ocrx_word' id='word_1_335' title='bbox 1565 2729 1752 2793; x_wconf 80' lang='grc' dir='ltr'>αὐτοῖς</span> <span class='ocrx_word' id='word_1_336' title='bbox 1792 2747 1897 2784; x_wconf 80' lang='grc' dir='ltr'>πε-</span> 
     </span>
    </p>
   </div>
   <div class='ocr_carea' id='block_1_45' title="bbox 300 2814 1897 2890">
    <p class='ocr_par' dir='ltr' id='par_1_45' title="bbox 300 2814 1897 2890">
     <span class='ocr_line' id='line_1_45' title="bbox 300 2814 1897 2890; baseline 0.005 -23"><span class='ocrx_word' id='word_1_337' title='bbox 300 2814 632 2887; x_wconf 73' lang='grc' dir='ltr'>ρςεφύτευσε</span> <span class='ocrx_word' id='word_1_338' title='bbox 663 2815 686 2849; x_wconf 88' lang='grc'><strong><em>⁸</em></strong></span> <span class='ocrx_word' id='word_1_339' title='bbox 719 2818 905 2890; x_wconf 84' lang='grc' dir='ltr'>σάρκα</span> <span class='ocrx_word' id='word_1_340' title='bbox 926 2835 941 2849; x_wconf 77' lang='grc' dir='ltr'><strong>ο</strong></span> <span class='ocrx_word' id='word_1_341' title='bbox 988 2817 1161 2890; x_wconf 78' lang='grc' dir='ltr'>ἄλλην</span> <span class='ocrx_word' id='word_1_342' title='bbox 1193 2836 1255 2874; x_wconf 92' lang='grc' dir='ltr'><strong>τε</strong></span> <span class='ocrx_word' id='word_1_343' title='bbox 1299 2820 1757 2889; x_wconf 82' lang='grc' dir='ltr'>δυσπαθεστέραν</span> <span class='ocrx_word' id='word_1_344' title='bbox 1800 2824 1897 2876; x_wconf 77' lang='grc' dir='ltr'>καὶ</span> 
     </span>
    </p>
   </div>
   <div class='ocr_carea' id='block_1_46' title="bbox 298 2908 1897 2984">
    <p class='ocr_par' dir='ltr' id='par_1_46' title="bbox 298 2908 1897 2984">
     <span class='ocr_line' id='line_1_46' title="bbox 298 2908 1897 2984; baseline 0.002 -21"><span class='ocrx_word' id='word_1_345' title='bbox 298 2908 677 2981; x_wconf 76' lang='grc' dir='ltr'>εὐτονωτέραν</span> <span class='ocrx_word' id='word_1_346' title='bbox 711 2910 736 2943; x_wconf 76' lang='grc'><strong>’⁵</strong></span> <span class='ocrx_word' id='word_1_347' title='bbox 779 2909 907 2982; x_wconf 88' lang='grc' dir='ltr'>δίχα</span> <span class='ocrx_word' id='word_1_348' title='bbox 964 2912 987 2944; x_wconf 84' lang='grc'><strong><em>³</em></strong></span> <span class='ocrx_word' id='word_1_349' title='bbox 1039 2913 1215 2983; x_wconf 84' lang='grc' dir='ltr'>μυῶν,</span> <span class='ocrx_word' id='word_1_350' title='bbox 1265 2912 1300 2984; x_wconf 69' lang='grc' dir='ltr'>ἢ</span> <span class='ocrx_word' id='word_1_351' title='bbox 1337 2914 1437 2967; x_wconf 82' lang='grc' dir='ltr'>σὺν</span> <span class='ocrx_word' id='word_1_352' title='bbox 1487 2914 1676 2977; x_wconf 81' lang='grc' dir='ltr'>αὐτοῖς</span> <span class='ocrx_word' id='word_1_353' title='bbox 1724 2913 1747 2946; x_wconf 78' lang='grc'><strong><em>⁸</em></strong></span> <span class='ocrx_word' id='word_1_354' title='bbox 1788 2913 1897 2981; x_wconf 79' lang='grc' dir='ltr'>πρὸ</span> 
     </span>
    </p>
   </div>
   <div class='ocr_carea' id='block_1_47' title="bbox 298 3000 1896 3078">
    <p class='ocr_par' dir='ltr' id='par_1_47' title="bbox 298 3000 1896 3078">
     <span class='ocr_line' id='line_1_47' title="bbox 298 3000 1896 3078; baseline 0.002 -22"><span class='ocrx_word' id='word_1_355' title='bbox 298 3000 401 3074; x_wconf 81' lang='grc' dir='ltr'>τῆς</span> <span class='ocrx_word' id='word_1_356' title='bbox 433 3001 765 3073; x_wconf 78' lang='grc' dir='ltr'>ιπιφανείας</span> <span class='ocrx_word' id='word_1_357' title='bbox 804 3004 1087 3077; x_wconf 74' lang='grc' dir='ltr'>ἐνείλησεν</span> <span class='ocrx_word' id='word_1_358' title='bbox 1115 3006 1166 3039; x_wconf 75' lang='grc' dir='ltr'><strong>ὀ</strong></span> <span class='ocrx_word' id='word_1_359' title='bbox 1214 3000 1337 3060; x_wconf 72' lang='grc' dir='ltr'>εἶτα</span> <span class='ocrx_word' id='word_1_360' title='bbox 1394 3006 1518 3075; x_wconf 83' lang='grc' dir='ltr'>μετ’</span> <span class='ocrx_word' id='word_1_361' title='bbox 1568 3004 1791 3078; x_wconf 73' lang='grc' dir='ltr'>ἐκείνην</span> <span class='ocrx_word' id='word_1_362' title='bbox 1833 3005 1896 3059; x_wconf 85' lang='grc' dir='ltr'>τὸ</span> 
     </span>
    </p>
   </div>
   <div class='ocr_carea' id='block_1_48' title="bbox 298 3094 505 3168">
    <p class='ocr_par' dir='ltr' id='par_1_48' title="bbox 298 3094 505 3168">
     <span class='ocr_line' id='line_1_48' title="bbox 298 3094 505 3168; baseline 0.014 -19"><span class='ocrx_word' id='word_1_363' title='bbox 298 3094 505 3168; x_wconf 79' lang='grc' dir='ltr'>δέρμα.</span> 
     </span>
    </p>
   </div>
   <div class='ocr_carea' id='block_1_49' title="bbox 368 3255 1893 3338">
    <p class='ocr_par' dir='ltr' id='par_1_49' title="bbox 368 3255 1893 3338">
     <span class='ocr_line' id='line_1_49' title="bbox 368 3255 1893 3338; baseline -0.003 -20"><span class='ocrx_word' id='word_1_364' title='bbox 368 3262 558 3338; x_wconf 77' lang='grc' dir='ltr'>Ταύτῃ</span> <span class='ocrx_word' id='word_1_365' title='bbox 585 3264 770 3318; x_wconf 87' lang='grc' dir='ltr'>τοίνυν</span> <span class='ocrx_word' id='word_1_366' title='bbox 801 3265 870 3335; x_wconf 74' lang='grc' dir='ltr'>τῇ</span> <span class='ocrx_word' id='word_1_367' title='bbox 922 3263 1133 3334; x_wconf 79' lang='grc' dir='ltr'>στερρᾷ</span> <span class='ocrx_word' id='word_1_368' title='bbox 1162 3260 1270 3315; x_wconf 91' lang='grc' dir='ltr'><strong>τῶν</strong></span> <span class='ocrx_word' id='word_1_369' title='bbox 1302 3260 1509 3315; x_wconf 85' lang='grc' dir='ltr'>ὀστέων</span> <span class='ocrx_word' id='word_1_370' title='bbox 1555 3260 1743 3331; x_wconf 80' lang='grc' dir='ltr'>φύσει,</span> <span class='ocrx_word' id='word_1_371' title='bbox 1777 3255 1893 3314; x_wconf 77' lang='grc' dir='ltr'>οἷον</span> 
     </span>
    </p>
   </div>
   <div class='ocr_carea' id='block_1_50' title="bbox 297 3350 1892 3426">
    <p class='ocr_par' dir='ltr' id='par_1_50' title="bbox 297 3350 1892 3426">
     <span class='ocr_line' id='line_1_50' title="bbox 297 3350 1892 3426; baseline -0.003 -17"><span class='ocrx_word' id='word_1_372' title='bbox 297 3354 515 3420; x_wconf 75' lang='grc' dir='ltr'>στύλοις</span> <span class='ocrx_word' id='word_1_373' title='bbox 555 3355 699 3409; x_wconf 75' lang='grc' dir='ltr'>τισὶν</span> <span class='ocrx_word' id='word_1_374' title='bbox 744 3353 1079 3426; x_wconf 78' lang='grc' dir='ltr'>ἀχθοφόροις</span> <span class='ocrx_word' id='word_1_375' title='bbox 1124 3352 1244 3407; x_wconf 78' lang='grc' dir='ltr'>ὅλον</span> <span class='ocrx_word' id='word_1_376' title='bbox 1282 3350 1305 3383; x_wconf 83' lang='grc'><strong><em>⁸</em></strong></span> <span class='ocrx_word' id='word_1_377' title='bbox 1336 3352 1432 3407; x_wconf 81' lang='grc' dir='ltr'><strong>τοῦ</strong></span> <span class='ocrx_word' id='word_1_378' title='bbox 1478 3352 1737 3425; x_wconf 87' lang='grc' dir='ltr'>σώματος</span> <span class='ocrx_word' id='word_1_379' title='bbox 1769 3354 1892 3406; x_wconf 70' lang='grc' dir='ltr'>ἑπι-</span> 
     </span>
    </p>
   </div>
   <div class='ocr_carea' id='block_1_51' title="bbox 2001 2159 3614 2232">
    <p class='ocr_par' dir='ltr' id='par_1_51' title="bbox 2001 2159 3614 2232">
     <span class='ocr_line' id='line_1_51' title="bbox 2001 2159 3614 2232; baseline 0.004 -17"><span class='ocrx_word' id='word_1_380' title='bbox 2001 2159 2241 2229; x_wconf 87' lang='lat' dir='ltr'><strong>ﬁciente,</strong></span> <span class='ocrx_word' id='word_1_381' title='bbox 2272 2176 2473 2232; x_wconf 88' lang='lat' dir='ltr'><strong>corpus</strong></span> <span class='ocrx_word' id='word_1_382' title='bbox 2514 2161 2831 2219; x_wconf 87' lang='lat' dir='ltr'><strong>voluntario</strong></span> <span class='ocrx_word' id='word_1_383' title='bbox 2889 2162 3088 2232; x_wconf 87' lang='lat' dir='ltr'><strong>spiritu</strong></span> <span class='ocrx_word' id='word_1_384' title='bbox 3136 2163 3484 2231; x_wconf 88' lang='lat' dir='ltr'><strong>destitutum,</strong></span> <span class='ocrx_word' id='word_1_385' title='bbox 3521 2180 3614 2222; x_wconf 86' lang='lat' dir='ltr'><strong>re-</strong></span> 
     </span>
    </p>
   </div>
   <div class='ocr_carea' id='block_1_52' title="bbox 2000 2252 3611 2324">
    <p class='ocr_par' dir='ltr' id='par_1_52' title="bbox 2000 2252 3611 2324">
     <span class='ocr_line' id='line_1_52' title="bbox 2000 2252 3611 2324; baseline 0.003 -16"><span class='ocrx_word' id='word_1_386' title='bbox 2000 2252 2232 2308; x_wconf 89' lang='lat' dir='ltr'><strong>missum</strong></span> <span class='ocrx_word' id='word_1_387' title='bbox 2282 2253 2453 2310; x_wconf 90' lang='lat' dir='ltr'><strong>simul</strong></span> <span class='ocrx_word' id='word_1_388' title='bbox 2508 2252 2974 2324; x_wconf 88' lang='lat' dir='ltr'><strong>mortiferumque</strong></span> <span class='ocrx_word' id='word_1_389' title='bbox 3025 2255 3287 2312; x_wconf 88' lang='lat' dir='ltr'><strong>efﬁcitur.</strong></span> <span class='ocrx_word' id='word_1_390' title='bbox 3354 2254 3611 2323; x_wconf 84' lang='lat' dir='ltr'><strong>Etenim,</strong></span> 
     </span>
    </p>
   </div>
   <div class='ocr_carea' id='block_1_53' title="bbox 2000 2346 3612 2418">
    <p class='ocr_par' dir='ltr' id='par_1_53' title="bbox 2000 2346 3612 2418">
     <span class='ocr_line' id='line_1_53' title="bbox 2000 2346 3612 2418; baseline 0.005 -20"><span class='ocrx_word' id='word_1_391' title='bbox 2000 2357 2129 2398; x_wconf 90' lang='lat' dir='ltr'><strong>cum</strong></span> <span class='ocrx_word' id='word_1_392' title='bbox 2158 2358 2287 2399; x_wconf 89' lang='lat' dir='ltr'><strong>ossa</strong></span> <span class='ocrx_word' id='word_1_393' title='bbox 2325 2359 2525 2401; x_wconf 79' lang='lat' dir='ltr'><strong>sensus</strong></span> <span class='ocrx_word' id='word_1_394' title='bbox 2553 2346 2802 2416; x_wconf 79' lang='lat' dir='ltr'><strong>expertia</strong></span> <span class='ocrx_word' id='word_1_395' title='bbox 2829 2353 3030 2401; x_wconf 88' lang='lat' dir='ltr'><strong>natura</strong></span> <span class='ocrx_word' id='word_1_396' title='bbox 3061 2346 3395 2418; x_wconf 72' lang='lat' dir='ltr'><strong>habeantur,</strong></span> <span class='ocrx_word' id='word_1_397' title='bbox 3418 2349 3612 2405; x_wconf 87' lang='lat' dir='ltr'><strong>eadem</strong></span> 
     </span>
    </p>
   </div>
   <div class='ocr_carea' id='block_1_54' title="bbox 1999 2435 3614 2509">
    <p class='ocr_par' dir='ltr' id='par_1_54' title="bbox 1999 2435 3614 2509">
     <span class='ocr_line' id='line_1_54' title="bbox 1999 2435 3614 2509; baseline 0.007 -20"><span class='ocrx_word' id='word_1_398' title='bbox 1999 2444 2196 2489; x_wconf 86' lang='lat' dir='ltr'><strong>natura</strong></span> <span class='ocrx_word' id='word_1_399' title='bbox 2224 2437 2365 2507; x_wconf 90' lang='lat' dir='ltr'><strong>ipsa,</strong></span> <span class='ocrx_word' id='word_1_400' title='bbox 2395 2435 2481 2493; x_wconf 86' lang='lat' dir='ltr'><strong>vel</strong></span> <span class='ocrx_word' id='word_1_401' title='bbox 2535 2437 2721 2507; x_wconf 86' lang='lat' dir='ltr'><strong>potius</strong></span> <span class='ocrx_word' id='word_1_402' title='bbox 2753 2439 2850 2509; x_wconf 90' lang='lat' dir='ltr'><strong>qui</strong></span> <span class='ocrx_word' id='word_1_403' title='bbox 2912 2438 3019 2509; x_wconf 86' lang='lat' dir='ltr'><strong>ipsi</strong></span> <span class='ocrx_word' id='word_1_404' title='bbox 3074 2438 3417 2509; x_wconf 87' lang='lat' dir='ltr'><strong>dominatur,</strong></span> <span class='ocrx_word' id='word_1_405' title='bbox 3456 2457 3614 2499; x_wconf 84' lang='lat' dir='ltr'><strong>eam-</strong></span> 
     </span>
    </p>
   </div>
   <div class='ocr_carea' id='block_1_55' title="bbox 1999 2529 3612 2607">
    <p class='ocr_par' dir='ltr' id='par_1_55' title="bbox 1999 2529 3612 2607">
     <span class='ocr_line' id='line_1_55' title="bbox 1999 2529 3612 2607; baseline 0.007 -24"><span class='ocrx_word' id='word_1_406' title='bbox 1999 2542 2110 2598; x_wconf 87' lang='lat' dir='ltr'><strong>que</strong></span> <span class='ocrx_word' id='word_1_407' title='bbox 2170 2529 2403 2592; x_wconf 73' lang='lat' dir='ltr'><strong>crcarit,</strong></span> <span class='ocrx_word' id='word_1_408' title='bbox 2462 2530 2818 2587; x_wconf 90' lang='lat' dir='ltr'><strong>sensualibus</strong></span> <span class='ocrx_word' id='word_1_409' title='bbox 2873 2532 3060 2589; x_wconf 89' lang='lat' dir='ltr'><strong>nervis</strong></span> <span class='ocrx_word' id='word_1_410' title='bbox 3113 2534 3391 2605; x_wconf 86' lang='lat' dir='ltr'><strong>coaptavit</strong></span> <span class='ocrx_word' id='word_1_411' title='bbox 3441 2542 3612 2607; x_wconf 86' lang='lat' dir='ltr'><strong>atque</strong></span> 
     </span>
    </p>
   </div>
   <div class='ocr_carea' id='block_1_56' title="bbox 1998 2621 3612 2696">
    <p class='ocr_par' dir='ltr' id='par_1_56' title="bbox 1998 2621 3612 2696">
     <span class='ocr_line' id='line_1_56' title="bbox 1998 2621 3612 2696; baseline 0.004 -20"><span class='ocrx_word' id='word_1_412' title='bbox 1998 2621 2309 2692; x_wconf 82' lang='lat' dir='ltr'><strong>conjunxit.</strong></span> <span class='ocrx_word' id='word_1_413' title='bbox 2352 2621 2421 2677; x_wconf 88' lang='lat' dir='ltr'><strong>Et</strong></span> <span class='ocrx_word' id='word_1_414' title='bbox 2457 2637 2585 2678; x_wconf 90' lang='lat' dir='ltr'><strong>cum</strong></span> <span class='ocrx_word' id='word_1_415' title='bbox 2626 2624 3038 2680; x_wconf 90' lang='lat' dir='ltr'><strong>accommodata</strong></span> <span class='ocrx_word' id='word_1_416' title='bbox 3080 2626 3447 2696; x_wconf 88' lang='lat' dir='ltr'><strong>connexione,</strong></span> <span class='ocrx_word' id='word_1_417' title='bbox 3475 2642 3612 2684; x_wconf 87' lang='lat' dir='ltr'><strong>cou-</strong></span> 
     </span>
    </p>
   </div>
   <div class='ocr_carea' id='block_1_57' title="bbox 1997 2711 3611 2788">
    <p class='ocr_par' dir='ltr' id='par_1_57' title="bbox 1997 2711 3611 2788">
     <span class='ocr_line' id='line_1_57' title="bbox 1997 2711 3611 2788; baseline 0.005 -21"><span class='ocrx_word' id='word_1_418' title='bbox 1997 2711 2260 2782; x_wconf 89' lang='lat' dir='ltr'><strong>cordique</strong></span> <span class='ocrx_word' id='word_1_419' title='bbox 2284 2712 2519 2767; x_wconf 82' lang='lat' dir='ltr'><strong>invicem</strong></span> <span class='ocrx_word' id='word_1_420' title='bbox 2563 2713 2855 2770; x_wconf 87' lang='lat' dir='ltr'><strong>harmonia</strong></span> <span class='ocrx_word' id='word_1_421' title='bbox 2889 2714 3370 2788; x_wconf 86' lang='lat' dir='ltr'><strong>constringantur,</strong></span> <span class='ocrx_word' id='word_1_422' title='bbox 3426 2726 3485 2773; x_wconf 80' lang='lat' dir='ltr'><strong>et</strong></span> <span class='ocrx_word' id='word_1_423' title='bbox 3514 2733 3611 2775; x_wconf 84' lang='lat' dir='ltr'><strong>co-</strong></span> 
     </span>
    </p>
   </div>
   <div class='ocr_carea' id='block_1_58' title="bbox 1998 2803 3607 2879">
    <p class='ocr_par' dir='ltr' id='par_1_58' title="bbox 1998 2803 3607 2879">
     <span class='ocr_line' id='line_1_58' title="bbox 1998 2803 3607 2879; baseline 0.006 -21"><span class='ocrx_word' id='word_1_424' title='bbox 1998 2803 2280 2860; x_wconf 69' lang='lat' dir='ltr'><strong>haerentia:</strong></span> <span class='ocrx_word' id='word_1_425' title='bbox 2312 2820 2506 2860; x_wconf 87' lang='lat' dir='ltr'><strong>eorum</strong></span> <span class='ocrx_word' id='word_1_426' title='bbox 2544 2805 2860 2878; x_wconf 80' lang='lat' dir='ltr'><strong>ligamentis</strong></span> <span class='ocrx_word' id='word_1_427' title='bbox 2907 2821 3172 2863; x_wconf 72' lang='lat' dir='ltr'><strong>connexze</strong></span> <span class='ocrx_word' id='word_1_428' title='bbox 3232 2807 3365 2878; x_wconf 82' lang='lat' dir='ltr'><strong>sint,</strong></span> <span class='ocrx_word' id='word_1_429' title='bbox 3414 2824 3607 2879; x_wconf 80' lang='lat' dir='ltr'><strong>carne,</strong></span> 
     </span>
    </p>
   </div>
   <div class='ocr_carea' id='block_1_59' title="bbox 1998 2898 3612 2972">
    <p class='ocr_par' dir='ltr' id='par_1_59' title="bbox 1998 2898 3612 2972">
     <span class='ocr_line' id='line_1_59' title="bbox 1998 2898 3612 2972; baseline 0.006 -23"><span class='ocrx_word' id='word_1_430' title='bbox 1998 2910 2126 2965; x_wconf 63' lang='lat' dir='ltr'><strong>qua</strong></span> <span class='ocrx_word' id='word_1_431' title='bbox 2171 2911 2398 2952; x_wconf 87' lang='lat' dir='ltr'><strong>sensum</strong></span> <span class='ocrx_word' id='word_1_432' title='bbox 2437 2898 2726 2968; x_wconf 87' lang='lat' dir='ltr'><strong>percipere</strong></span> <span class='ocrx_word' id='word_1_433' title='bbox 2786 2898 2982 2953; x_wconf 89' lang='lat' dir='ltr'><strong>idonea</strong></span> <span class='ocrx_word' id='word_1_434' title='bbox 3025 2909 3133 2963; x_wconf 90' lang='lat' dir='ltr'><strong>est,</strong></span> <span class='ocrx_word' id='word_1_435' title='bbox 3168 2900 3287 2972; x_wconf 82' lang='lat' dir='ltr'><strong>ipsa</strong></span> <span class='ocrx_word' id='word_1_436' title='bbox 3364 2902 3612 2959; x_wconf 88' lang='lat' dir='ltr'><strong>circum-</strong></span> 
     </span>
    </p>
   </div>
   <div class='ocr_carea' id='block_1_60' title="bbox 1997 2986 3608 3063">
    <p class='ocr_par' dir='ltr' id='par_1_60' title="bbox 1997 2986 3608 3063">
     <span class='ocr_line' id='line_1_60' title="bbox 1997 2986 3608 3063; baseline 0.006 -22"><span class='ocrx_word' id='word_1_437' title='bbox 1997 2986 2188 3056; x_wconf 86' lang='lat' dir='ltr'><strong>sepsit,</strong></span> <span class='ocrx_word' id='word_1_438' title='bbox 2214 2987 2491 3057; x_wconf 84' lang='lat' dir='ltr'><strong>aliamque</strong></span> <span class='ocrx_word' id='word_1_439' title='bbox 2532 2988 2903 3044; x_wconf 85' lang='lat' dir='ltr'><strong>robustiorem</strong></span> <span class='ocrx_word' id='word_1_440' title='bbox 2940 2998 2996 3044; x_wconf 88' lang='lat' dir='ltr'><strong>et</strong></span> <span class='ocrx_word' id='word_1_441' title='bbox 3019 2988 3306 3047; x_wconf 89' lang='lat' dir='ltr'><strong>fortiorem</strong></span> <span class='ocrx_word' id='word_1_442' title='bbox 3357 3007 3457 3063; x_wconf 89' lang='lat' dir='ltr'><strong>per</strong></span> <span class='ocrx_word' id='word_1_443' title='bbox 3480 3009 3608 3050; x_wconf 84' lang='lat' dir='ltr'><strong>mu-</strong></span> 
     </span>
    </p>
   </div>
   <div class='ocr_carea' id='block_1_61' title="bbox 1995 3075 3602 3154">
    <p class='ocr_par' dir='ltr' id='par_1_61' title="bbox 1995 3075 3602 3154">
     <span class='ocr_line' id='line_1_61' title="bbox 1995 3075 3602 3154; baseline 0.005 -22"><span class='ocrx_word' id='word_1_444' title='bbox 1995 3075 2181 3132; x_wconf 88' lang='lat' dir='ltr'><strong>sculos</strong></span> <span class='ocrx_word' id='word_1_445' title='bbox 2207 3086 2262 3131; x_wconf 89' lang='lat' dir='ltr'><strong>et</strong></span> <span class='ocrx_word' id='word_1_446' title='bbox 2297 3077 2593 3148; x_wconf 86' lang='lat' dir='ltr'><strong>ligamenta</strong></span> <span class='ocrx_word' id='word_1_447' title='bbox 2623 3078 2728 3134; x_wconf 93' lang='lat' dir='ltr'><strong>sub</strong></span> <span class='ocrx_word' id='word_1_448' title='bbox 2754 3079 2871 3149; x_wconf 86' lang='lat' dir='ltr'><strong>ipsa</strong></span> <span class='ocrx_word' id='word_1_449' title='bbox 2909 3079 3205 3148; x_wconf 88' lang='lat' dir='ltr'><strong>superﬁcie</strong></span> <span class='ocrx_word' id='word_1_450' title='bbox 3237 3083 3561 3154; x_wconf 88' lang='lat' dir='ltr'><strong>complicuit</strong></span> <span class='ocrx_word' id='word_1_451' title='bbox 3583 3125 3602 3153; x_wconf 94' lang='lat'><strong>,</strong></span> 
     </span>
    </p>
   </div>
   <div class='ocr_carea' id='block_1_62' title="bbox 1994 3166 3106 3239">
    <p class='ocr_par' dir='ltr' id='par_1_62' title="bbox 1994 3166 3106 3239">
     <span class='ocr_line' id='line_1_62' title="bbox 1994 3166 3106 3239; baseline 0.005 -18"><span class='ocrx_word' id='word_1_452' title='bbox 1994 3177 2051 3221; x_wconf 87' lang='lat' dir='ltr'><strong>et</strong></span> <span class='ocrx_word' id='word_1_453' title='bbox 2074 3166 2159 3221; x_wconf 87' lang='lat' dir='ltr'><strong>his</strong></span> <span class='ocrx_word' id='word_1_454' title='bbox 2180 3178 2458 3237; x_wconf 80' lang='lat' dir='ltr'><strong>postremo</strong></span> <span class='ocrx_word' id='word_1_455' title='bbox 2482 3179 2664 3225; x_wconf 88' lang='lat' dir='ltr'><strong>cutem</strong></span> <span class='ocrx_word' id='word_1_456' title='bbox 2697 3171 3106 3239; x_wconf 87' lang='lat' dir='ltr'><strong>superinduxit.</strong></span> 
     </span>
    </p>
   </div>
   <div class='ocr_carea' id='block_1_63' title="bbox 2065 3257 3607 3335">
    <p class='ocr_par' dir='ltr' id='par_1_63' title="bbox 2065 3257 3607 3335">
     <span class='ocr_line' id='line_1_63' title="bbox 2065 3257 3607 3335; baseline 0.008 -22"><span class='ocrx_word' id='word_1_457' title='bbox 2065 3257 2206 3314; x_wconf 81' lang='lat' dir='ltr'><strong>Cum</strong></span> <span class='ocrx_word' id='word_1_458' title='bbox 2239 3260 2407 3331; x_wconf 87' lang='lat' dir='ltr'><strong>igitur</strong></span> <span class='ocrx_word' id='word_1_459' title='bbox 2430 3271 2642 3317; x_wconf 79' lang='lat' dir='ltr'><strong>naturae</strong></span> <span class='ocrx_word' id='word_1_460' title='bbox 2664 3262 2840 3333; x_wconf 87' lang='lat' dir='ltr'><strong>ipsius</strong></span> <span class='ocrx_word' id='word_1_461' title='bbox 2860 3263 3142 3335; x_wconf 89' lang='lat' dir='ltr'><strong>princeps,</strong></span> <span class='ocrx_word' id='word_1_462' title='bbox 3176 3264 3265 3322; x_wconf 86' lang='lat' dir='ltr'><strong>his</strong></span> <span class='ocrx_word' id='word_1_463' title='bbox 3293 3266 3488 3325; x_wconf 85' lang='lat' dir='ltr'><strong>solidis</strong></span> <span class='ocrx_word' id='word_1_464' title='bbox 3519 3282 3607 3327; x_wconf 85' lang='lat' dir='ltr'><strong>os-</strong></span> 
     </span>
    </p>
   </div>
   <div class='ocr_carea' id='block_1_64' title="bbox 1996 3348 3603 3430">
    <p class='ocr_par' dir='ltr' id='par_1_64' title="bbox 1996 3348 3603 3430">
     <span class='ocr_line' id='line_1_64' title="bbox 1996 3348 3603 3430; baseline 0.007 -25"><span class='ocrx_word' id='word_1_465' title='bbox 1996 3348 2152 3405; x_wconf 89' lang='lat' dir='ltr'><strong>sibus</strong></span> <span class='ocrx_word' id='word_1_466' title='bbox 2176 3363 2276 3405; x_wconf 92' lang='lat' dir='ltr'><strong>ceu</strong></span> <span class='ocrx_word' id='word_1_467' title='bbox 2298 3350 2573 3407; x_wconf 85' lang='lat' dir='ltr'><strong>columnis</strong></span> <span class='ocrx_word' id='word_1_468' title='bbox 2597 3352 2929 3422; x_wconf 87' lang='lat' dir='ltr'><strong>quibusdam</strong></span> <span class='ocrx_word' id='word_1_469' title='bbox 2958 3354 3070 3427; x_wconf 71' lang='lat'><strong>29</strong></span> <span class='ocrx_word' id='word_1_470' title='bbox 3097 3356 3343 3427; x_wconf 87' lang='lat' dir='ltr'><strong>pondera</strong></span> <span class='ocrx_word' id='word_1_471' title='bbox 3376 3368 3603 3430; x_wconf 85' lang='lat' dir='ltr'><strong>gestan-</strong></span> 
     </span>
    </p>
   </div>
   <div class='ocr_carea' id='block_1_65' title="bbox 296 3420 1895 3519">
    <p class='ocr_par' dir='ltr' id='par_1_65' title="bbox 296 3420 1891 3519">
     <span class='ocr_line' id='line_1_65' title="bbox 296 3420 1891 3519; baseline -0.002 -16"><span class='ocrx_word' id='word_1_472' title='bbox 296 3447 415 3513; x_wconf 78' lang='grc' dir='ltr'>οεὶς</span> <span class='ocrx_word' id='word_1_473' title='bbox 444 3450 466 3482; x_wconf 80' lang='grc'><strong><em>⁸</em></strong></span> <span class='ocrx_word' id='word_1_474' title='bbox 496 3448 557 3502; x_wconf 88' lang='grc' dir='ltr'><strong>τδ</strong></span> <span class='ocrx_word' id='word_1_475' title='bbox 583 3420 908 3519; x_wconf 26' lang='grc' dir='ltr'>βάροςξούκ.</span> <span class='ocrx_word' id='word_1_476' title='bbox 938 3420 1249 3517; x_wconf 78' lang='grc' dir='ltr'>άδιαίρετον</span> <span class='ocrx_word' id='word_1_477' title='bbox 1279 3445 1517 3514; x_wconf 73' lang='grc' dir='ltr'>ἐνέφυσε</span> <span class='ocrx_word' id='word_1_478' title='bbox 1542 3420 1623 3515; x_wconf 78' lang='grc' dir='ltr'>τῷ</span> <span class='ocrx_word' id='word_1_479' title='bbox 1646 3447 1811 3500; x_wconf 73' lang='grc' dir='ltr'>παντὶ</span> <span class='ocrx_word' id='word_1_480' title='bbox 1848 3446 1891 3478; x_wconf 87' lang='grc'><strong>¹⁶</strong></span> 
     </span>
    </p>
   </div>
   <div class='ocr_carea' id='block_1_66' title="bbox 2001 3420 3604 3519">
    <p class='ocr_par' dir='ltr' id='par_1_66' title="bbox 2001 3420 3604 3519">
     <span class='ocr_line' id='line_1_66' title="bbox 2001 3420 3604 3519; baseline 0.009 -24"><span class='ocrx_word' id='word_1_481' title='bbox 2001 3441 2144 3498; x_wconf 89' lang='lat' dir='ltr'><strong>tibus</strong></span> <span class='ocrx_word' id='word_1_482' title='bbox 2166 3443 2339 3498; x_wconf 89' lang='lat' dir='ltr'><strong>totius</strong></span> <span class='ocrx_word' id='word_1_483' title='bbox 2370 3420 2698 3500; x_wconf 78' lang='lat' dir='ltr'><strong>acclinasset</strong></span> <span class='ocrx_word' id='word_1_484' title='bbox 2718 3420 3227 3519; x_wconf 68' lang='lat' dir='ltr'><strong>corporis—molem,</strong></span> <span class='ocrx_word' id='word_1_485' title='bbox 3258 3420 3604 3509; x_wconf 48' lang='lat' dir='ltr'><strong>non&#39;indivi-</strong></span> 
     </span>
    </p>
   </div>
   <div class='ocr_carea' id='block_1_67' title="bbox 296 3538 1892 3610">
    <p class='ocr_par' dir='ltr' id='par_1_67' title="bbox 296 3538 1892 3610">
     <span class='ocr_line' id='line_1_67' title="bbox 296 3538 1892 3610; baseline -0.001 -15"><span class='ocrx_word' id='word_1_486' title='bbox 296 3542 358 3595; x_wconf 82' lang='grc' dir='ltr'>τὸ</span> <span class='ocrx_word' id='word_1_487' title='bbox 385 3540 606 3594; x_wconf 71' lang='grc' dir='ltr'>ὀστέον*</span> <span class='ocrx_word' id='word_1_488' title='bbox 637 3540 898 3610; x_wconf 81' lang='grc' dir='ltr'>ἀκίνητος</span> <span class='ocrx_word' id='word_1_489' title='bbox 928 3538 1040 3609; x_wconf 86' lang='grc' dir='ltr'><strong>γὰρ</strong></span> <span class='ocrx_word' id='word_1_490' title='bbox 1091 3538 1159 3593; x_wconf 81' lang='grc' dir='ltr'>ἂν</span> <span class='ocrx_word' id='word_1_491' title='bbox 1190 3540 1287 3591; x_wconf 80' lang='grc' dir='ltr'>καὶ</span> <span class='ocrx_word' id='word_1_492' title='bbox 1329 3538 1635 3609; x_wconf 84' lang='grc' dir='ltr'>ἀνέργητος</span> <span class='ocrx_word' id='word_1_493' title='bbox 1671 3539 1713 3570; x_wconf 82' lang='grc'>¹¹</span> <span class='ocrx_word' id='word_1_494' title='bbox 1745 3538 1892 3610; x_wconf 78' lang='grc' dir='ltr'>ἔμει-</span> 
     </span>
    </p>
   </div>
   <div class='ocr_carea' id='block_1_68' title="bbox 296 3628 1891 3705">
    <p class='ocr_par' dir='ltr' id='par_1_68' title="bbox 296 3628 1891 3705">
     <span class='ocr_line' id='line_1_68' title="bbox 296 3628 1891 3705; baseline -0.001 -17"><span class='ocrx_word' id='word_1_495' title='bbox 296 3651 411 3702; x_wconf 78' lang='grc' dir='ltr'>νεν,</span> <span class='ocrx_word' id='word_1_496' title='bbox 440 3636 488 3688; x_wconf 79' lang='grc' dir='ltr'><strong>εί</strong></span> <span class='ocrx_word' id='word_1_497' title='bbox 525 3633 671 3693; x_wconf 74' lang='grc' dir='ltr'>οὕτω</span> <span class='ocrx_word' id='word_1_498' title='bbox 698 3632 1052 3701; x_wconf 83' lang='grc' dir='ltr'>κατασκευῆς</span> <span class='ocrx_word' id='word_1_499' title='bbox 1075 3632 1118 3664; x_wconf 80' lang='grc'>¹²</span> <span class='ocrx_word' id='word_1_500' title='bbox 1145 3630 1438 3702; x_wconf 80' lang='grc' dir='ltr'>ἄνθρωπος</span> <span class='ocrx_word' id='word_1_501' title='bbox 1466 3628 1604 3702; x_wconf 76' lang='grc' dir='ltr'>εἶχε,</span> <span class='ocrx_word' id='word_1_502' title='bbox 1635 3631 1891 3705; x_wconf 83' lang='grc' dir='ltr'>καθάπερ</span> 
     </span>
    </p>
   </div>
   <div class='ocr_carea' id='block_1_69' title="bbox 294 3723 1891 3797">
    <p class='ocr_par' dir='ltr' id='par_1_69' title="bbox 294 3723 1891 3797">
     <span class='ocr_line' id='line_1_69' title="bbox 294 3723 1891 3797; baseline -0.001 -18"><span class='ocrx_word' id='word_1_503' title='bbox 294 3741 348 3779; x_wconf 89' lang='grc' dir='ltr'><strong>τι</strong></span> <span class='ocrx_word' id='word_1_504' title='bbox 383 3724 605 3797; x_wconf 65' lang='grc' dir='ltr'>δένδρον</span> <span class='ocrx_word' id='word_1_505' title='bbox 648 3725 735 3794; x_wconf 73' lang='grc' dir='ltr'><strong>ἐφ’</strong></span> <span class='ocrx_word' id='word_1_506' title='bbox 766 3726 889 3788; x_wconf 82' lang='grc' dir='ltr'>ἑνὸς</span> <span class='ocrx_word' id='word_1_507' title='bbox 918 3726 1089 3778; x_wconf 89' lang='grc' dir='ltr'>τόπου</span> <span class='ocrx_word' id='word_1_508' title='bbox 1137 3724 1317 3794; x_wconf 87' lang='grc' dir='ltr'>μένων</span> <span class='ocrx_word' id='word_1_509' title='bbox 1354 3723 1435 3755; x_wconf 69' lang='grc' dir='ltr'><strong>’³ο</strong></span> <span class='ocrx_word' id='word_1_510' title='bbox 1469 3726 1609 3795; x_wconf 82' lang='grc' dir='ltr'>μήτε</span> <span class='ocrx_word' id='word_1_511' title='bbox 1639 3723 1737 3795; x_wconf 83' lang='grc' dir='ltr'>τῆς</span> <span class='ocrx_word' id='word_1_512' title='bbox 1778 3724 1891 3778; x_wconf 86' lang='grc' dir='ltr'><strong>τῶν</strong></span> 
     </span>
    </p>
   </div>
   <div class='ocr_carea' id='block_1_70' title="bbox 298 3814 1890 3886">
    <p class='ocr_par' dir='ltr' id='par_1_70' title="bbox 298 3814 1890 3886">
     <span class='ocr_line' id='line_1_70' title="bbox 298 3814 1890 3886; baseline 0 -18"><span class='ocrx_word' id='word_1_513' title='bbox 298 3814 513 3869; x_wconf 78' lang='grc' dir='ltr'>σκελῶν</span> <span class='ocrx_word' id='word_1_514' title='bbox 544 3814 803 3886; x_wconf 84' lang='grc' dir='ltr'>διαδοχῆς</span> <span class='ocrx_word' id='word_1_515' title='bbox 852 3814 898 3847; x_wconf 67' lang='grc' dir='ltr'>ιδ</span> <span class='ocrx_word' id='word_1_516' title='bbox 932 3814 1027 3869; x_wconf 70' lang='grc' dir='ltr'>ἐπὶ</span> <span class='ocrx_word' id='word_1_517' title='bbox 1056 3814 1119 3867; x_wconf 83' lang='grc' dir='ltr'>τὸ</span> <span class='ocrx_word' id='word_1_518' title='bbox 1154 3814 1199 3848; x_wconf 78' lang='grc'><strong>³⁸</strong></span> <span class='ocrx_word' id='word_1_519' title='bbox 1232 3814 1423 3884; x_wconf 83' lang='grc' dir='ltr'>πρόσω</span> <span class='ocrx_word' id='word_1_520' title='bbox 1461 3814 1819 3886; x_wconf 85' lang='grc' dir='ltr'>προαγούσης</span> <span class='ocrx_word' id='word_1_521' title='bbox 1848 3814 1890 3847; x_wconf 74' lang='grc'>⁸⁸</span> 
     </span>
    </p>
   </div>
   <div class='ocr_carea' id='block_1_71' title="bbox 295 3904 1889 3979">
    <p class='ocr_par' dir='ltr' id='par_1_71' title="bbox 295 3904 1889 3979">
     <span class='ocr_line' id='line_1_71' title="bbox 295 3904 1889 3979; baseline 0.001 -20"><span class='ocrx_word' id='word_1_522' title='bbox 295 3906 395 3978; x_wconf 75' lang='grc' dir='ltr'>τὴν</span> <span class='ocrx_word' id='word_1_523' title='bbox 425 3908 678 3977; x_wconf 87' lang='grc' dir='ltr'>κίνησιν·</span> <span class='ocrx_word' id='word_1_524' title='bbox 719 3908 861 3978; x_wconf 82' lang='grc' dir='ltr'>μήτε</span> <span class='ocrx_word' id='word_1_525' title='bbox 890 3906 991 3977; x_wconf 88' lang='grc' dir='ltr'>τῆς</span> <span class='ocrx_word' id='word_1_526' title='bbox 1032 3906 1142 3960; x_wconf 91' lang='grc' dir='ltr'><strong>τῶν</strong></span> <span class='ocrx_word' id='word_1_527' title='bbox 1171 3904 1377 3977; x_wconf 87' lang='grc' dir='ltr'>χειρῶν</span> <span class='ocrx_word' id='word_1_528' title='bbox 1410 3905 1719 3979; x_wconf 84' lang='grc' dir='ltr'>ὑπουργίας</span> <span class='ocrx_word' id='word_1_529' title='bbox 1753 3923 1889 3979; x_wconf 84' lang='grc' dir='ltr'>χρη-</span> 
     </span>
    </p>
   </div>
   <div class='ocr_carea' id='block_1_72' title="bbox 298 3995 1886 4073">
    <p class='ocr_par' dir='ltr' id='par_1_72' title="bbox 298 3995 1886 4073">
     <span class='ocr_line' id='line_1_72' title="bbox 298 3995 1886 4073; baseline -0.001 -19"><span class='ocrx_word' id='word_1_530' title='bbox 298 3995 472 4072; x_wconf 78' lang='grc' dir='ltr'>όίμης</span> <span class='ocrx_word' id='word_1_531' title='bbox 509 4000 681 4072; x_wconf 78' lang='grc' dir='ltr'>οῠσης</span> <span class='ocrx_word' id='word_1_532' title='bbox 709 4001 752 4033; x_wconf 72' lang='grc'><strong>⁸⁷</strong></span> <span class='ocrx_word' id='word_1_533' title='bbox 789 3999 871 4072; x_wconf 85' lang='grc' dir='ltr'>τῷ</span> <span class='ocrx_word' id='word_1_534' title='bbox 913 4000 1043 4073; x_wconf 84' lang='grc' dir='ltr'><strong>βίῳ,</strong></span> <span class='ocrx_word' id='word_1_535' title='bbox 1078 4000 1197 4054; x_wconf 84' lang='grc' dir='ltr'>ἀλλ’</span> <span class='ocrx_word' id='word_1_536' title='bbox 1234 4002 1318 4063; x_wconf 77' lang='grc' dir='ltr'>εἰς</span> <span class='ocrx_word' id='word_1_537' title='bbox 1357 4000 1555 4071; x_wconf 77' lang='grc' dir='ltr'>μηρὸν,</span> <span class='ocrx_word' id='word_1_538' title='bbox 1597 3999 1692 4054; x_wconf 72' lang='grc' dir='ltr'>καὶ</span> <span class='ocrx_word' id='word_1_539' title='bbox 1714 4000 1845 4068; x_wconf 87' lang='grc' dir='ltr'>γόνυ</span> <span class='ocrx_word' id='word_1_540' title='bbox 1870 4040 1886 4067; x_wconf 88' lang='grc'><em>,</em></span> 
     </span>
    </p>
   </div>
   <div class='ocr_carea' id='block_1_73' title="bbox 294 4089 1890 4162">
    <p class='ocr_par' dir='ltr' id='par_1_73' title="bbox 294 4089 1890 4162">
     <span class='ocr_line' id='line_1_73' title="bbox 294 4089 1890 4162; baseline -0.001 -17"><span class='ocrx_word' id='word_1_541' title='bbox 294 4091 392 4146; x_wconf 77' lang='grc' dir='ltr'>καὶ</span> <span class='ocrx_word' id='word_1_542' title='bbox 418 4091 773 4161; x_wconf 70' lang='grc' dir='ltr'>ἑπιγονατίδα</span> <span class='ocrx_word' id='word_1_543' title='bbox 803 4092 870 4159; x_wconf 83' lang='grc'><strong>¹⁸,</strong></span> <span class='ocrx_word' id='word_1_544' title='bbox 902 4092 998 4146; x_wconf 76' lang='grc' dir='ltr'>καὶ</span> <span class='ocrx_word' id='word_1_545' title='bbox 1024 4090 1241 4154; x_wconf 82' lang='grc' dir='ltr'>σκέλος,</span> <span class='ocrx_word' id='word_1_546' title='bbox 1266 4090 1361 4145; x_wconf 74' lang='grc' dir='ltr'>καὶ</span> <span class='ocrx_word' id='word_1_547' title='bbox 1396 4089 1767 4162; x_wconf 83' lang='grc' dir='ltr'>ἀστράγαλον,</span> <span class='ocrx_word' id='word_1_548' title='bbox 1794 4090 1890 4143; x_wconf 77' lang='grc' dir='ltr'>καὶ</span> 
     </span>
    </p>
   </div>
   <div class='ocr_carea' id='block_1_74' title="bbox 292 4183 1891 4257">
    <p class='ocr_par' dir='ltr' id='par_1_74' title="bbox 292 4183 1891 4257">
     <span class='ocr_line' id='line_1_74' title="bbox 292 4183 1891 4257; baseline 0.001 -19"><span class='ocrx_word' id='word_1_549' title='bbox 292 4184 621 4251; x_wconf 79' lang='grc' dir='ltr'>δακτύλους,</span> <span class='ocrx_word' id='word_1_550' title='bbox 647 4184 741 4239; x_wconf 81' lang='grc' dir='ltr'>τὸν</span> <span class='ocrx_word' id='word_1_551' title='bbox 764 4184 905 4239; x_wconf 88' lang='grc' dir='ltr'>πόδα</span> <span class='ocrx_word' id='word_1_552' title='bbox 935 4184 1321 4257; x_wconf 85' lang='grc' dir='ltr'>καταμερίσας</span> <span class='ocrx_word' id='word_1_553' title='bbox 1350 4185 1417 4248; x_wconf 57' lang='grc' dir='ltr'><strong>ξ’,</strong></span> <span class='ocrx_word' id='word_1_554' title='bbox 1453 4186 1550 4239; x_wconf 74' lang='grc' dir='ltr'>καὶ</span> <span class='ocrx_word' id='word_1_555' title='bbox 1579 4184 1672 4239; x_wconf 83' lang='grc' dir='ltr'>διὰ</span> <span class='ocrx_word' id='word_1_556' title='bbox 1696 4183 1807 4239; x_wconf 90' lang='grc' dir='ltr'><strong>τῶν</strong></span> <span class='ocrx_word' id='word_1_557' title='bbox 1830 4183 1891 4250; x_wconf 77' lang='grc' dir='ltr'><strong>ἐξ</strong></span> 
     </span>
    </p>
   </div>
   <div class='ocr_carea' id='block_1_75' title="bbox 293 4277 1890 4349">
    <p class='ocr_par' dir='ltr' id='par_1_75' title="bbox 293 4277 1890 4349">
     <span class='ocr_line' id='line_1_75' title="bbox 293 4277 1890 4349; baseline 0.001 -19"><span class='ocrx_word' id='word_1_558' title='bbox 293 4277 474 4331; x_wconf 80' lang='grc' dir='ltr'>ὀστῶν</span> <span class='ocrx_word' id='word_1_559' title='bbox 530 4278 850 4349; x_wconf 80' lang='grc' dir='ltr'>συνδέσμων</span> <span class='ocrx_word' id='word_1_560' title='bbox 895 4278 1062 4333; x_wconf 83' lang='grc' dir='ltr'>πάλιν</span> <span class='ocrx_word' id='word_1_561' title='bbox 1106 4278 1379 4349; x_wconf 81' lang='grc' dir='ltr'>τεχνικῶς</span> <span class='ocrx_word' id='word_1_562' title='bbox 1447 4277 1729 4349; x_wconf 80' lang='grc' dir='ltr'>συνδήσας</span> <span class='ocrx_word' id='word_1_563' title='bbox 1793 4279 1890 4332; x_wconf 84' lang='grc' dir='ltr'>καὶ</span> 
     </span>
    </p>
   </div>
   <div class='ocr_carea' id='block_1_76' title="bbox 294 4367 1886 4444">
    <p class='ocr_par' dir='ltr' id='par_1_76' title="bbox 294 4367 1886 4444">
     <span class='ocr_line' id='line_1_76' title="bbox 294 4367 1886 4444; baseline 0 -20"><span class='ocrx_word' id='word_1_564' title='bbox 294 4370 635 4442; x_wconf 65' lang='grc' dir='ltr'>ἐναρμόσας,</span> <span class='ocrx_word' id='word_1_565' title='bbox 669 4372 1039 4442; x_wconf 81' lang='grc' dir='ltr'>μεταϐατικὸν</span> <span class='ocrx_word' id='word_1_566' title='bbox 1072 4367 1330 4425; x_wconf 75' lang='grc' dir='ltr'>εἶναικαὶ</span> <span class='ocrx_word' id='word_1_567' title='bbox 1364 4370 1675 4441; x_wconf 79' lang='grc' dir='ltr'>πρακτικὸν</span> <span class='ocrx_word' id='word_1_568' title='bbox 1696 4372 1758 4425; x_wconf 85' lang='grc' dir='ltr'>τὸ</span> <span class='ocrx_word' id='word_1_569' title='bbox 1791 4372 1886 4444; x_wconf 84' lang='grc' dir='ltr'>δρ-</span> 
     </span>
    </p>
   </div>
   <div class='ocr_carea' id='block_1_77' title="bbox 294 4461 1889 4534">
    <p class='ocr_par' dir='ltr' id='par_1_77' title="bbox 294 4461 1889 4534">
     <span class='ocr_line' id='line_1_77' title="bbox 294 4461 1889 4534; baseline -0.001 -18"><span class='ocrx_word' id='word_1_570' title='bbox 294 4479 462 4532; x_wconf 84' lang='grc' dir='ltr'>γανον</span> <span class='ocrx_word' id='word_1_571' title='bbox 489 4464 591 4534; x_wconf 77' lang='grc' dir='ltr'>τῆς</span> <span class='ocrx_word' id='word_1_572' title='bbox 620 4463 805 4534; x_wconf 81' lang='grc' dir='ltr'>ψυχῆς</span> <span class='ocrx_word' id='word_1_573' title='bbox 835 4465 926 4517; x_wconf 81' lang='grc' dir='ltr'>διὰ</span> <span class='ocrx_word' id='word_1_574' title='bbox 946 4464 1047 4534; x_wconf 83' lang='grc' dir='ltr'>τῆς</span> <span class='ocrx_word' id='word_1_575' title='bbox 1075 4463 1325 4527; x_wconf 76' lang='grc' dir='ltr'>ἐπινοίας</span> <span class='ocrx_word' id='word_1_576' title='bbox 1354 4461 1564 4533; x_wconf 88' lang='grc' dir='ltr'>ταύτης</span> <span class='ocrx_word' id='word_1_577' title='bbox 1595 4464 1889 4534; x_wconf 76' lang='grc' dir='ltr'>ἐμηχανή-</span> 
     </span>
    </p>
   </div>
   <div class='ocr_carea' id='block_1_78' title="bbox 296 4552 1890 4627">
    <p class='ocr_par' dir='ltr' id='par_1_78' title="bbox 296 4552 1890 4627">
     <span class='ocr_line' id='line_1_78' title="bbox 296 4552 1890 4627; baseline 0 -18"><span class='ocrx_word' id='word_1_578' title='bbox 296 4570 454 4609; x_wconf 87' lang='grc' dir='ltr'>σατο.</span> <span class='ocrx_word' id='word_1_579' title='bbox 478 4553 653 4608; x_wconf 80' lang='grc' dir='ltr'>Τοῦτο</span> <span class='ocrx_word' id='word_1_580' title='bbox 672 4555 769 4608; x_wconf 76' lang='grc' dir='ltr'>καὶ</span> <span class='ocrx_word' id='word_1_581' title='bbox 795 4555 1015 4608; x_wconf 74' lang='grc' dir='ltr'>ἐπὶτῶν</span> <span class='ocrx_word' id='word_1_582' title='bbox 1059 4554 1287 4627; x_wconf 88' lang='grc' dir='ltr'>χειρῶν,</span> <span class='ocrx_word' id='word_1_583' title='bbox 1327 4554 1422 4608; x_wconf 78' lang='grc' dir='ltr'>καὶ</span> <span class='ocrx_word' id='word_1_584' title='bbox 1451 4552 1682 4624; x_wconf 81' lang='grc' dir='ltr'>αὐχένος</span> <span class='ocrx_word' id='word_1_585' title='bbox 1711 4557 1757 4586; x_wconf 84' lang='grc'><strong>²⁰</strong></span> <span class='ocrx_word' id='word_1_586' title='bbox 1795 4556 1890 4609; x_wconf 76' lang='grc' dir='ltr'>καὶ</span> 
     </span>
    </p>
   </div>
   <div class='ocr_carea' id='block_1_79' title="bbox 296 4645 1886 4718">
    <p class='ocr_par' dir='ltr' id='par_1_79' title="bbox 296 4645 1886 4718">
     <span class='ocr_line' id='line_1_79' title="bbox 296 4645 1886 4718; baseline 0 -18"><span class='ocrx_word' id='word_1_587' title='bbox 296 4645 545 4717; x_wconf 79' lang='grc' dir='ltr'>στέρνου,</span> <span class='ocrx_word' id='word_1_588' title='bbox 588 4648 684 4701; x_wconf 78' lang='grc' dir='ltr'>καὶ</span> <span class='ocrx_word' id='word_1_589' title='bbox 714 4646 966 4718; x_wconf 74' lang='grc' dir='ltr'>ῥάχεως,</span> <span class='ocrx_word' id='word_1_590' title='bbox 1000 4647 1097 4701; x_wconf 74' lang='grc' dir='ltr'>καὶ</span> <span class='ocrx_word' id='word_1_591' title='bbox 1132 4647 1226 4701; x_wconf 70' lang='grc' dir='ltr'><strong>ἐπὶ</strong></span> <span class='ocrx_word' id='word_1_592' title='bbox 1250 4646 1475 4700; x_wconf 82' lang='grc' dir='ltr'>πάντων</span> <span class='ocrx_word' id='word_1_593' title='bbox 1510 4646 1620 4699; x_wconf 68' lang='grc' dir='ltr'><strong>τῶν</strong></span> <span class='ocrx_word' id='word_1_594' title='bbox 1642 4645 1738 4700; x_wconf 83' lang='grc' dir='ltr'><strong>τοῦ</strong></span> <span class='ocrx_word' id='word_1_595' title='bbox 1780 4646 1886 4700; x_wconf 52' lang='lat' dir='ltr'><strong>cui»</strong></span> 
     </span>
    </p>
   </div>
   <div class='ocr_carea' id='block_1_80' title="bbox 1995 3534 3606 3608">
    <p class='ocr_par' dir='ltr' id='par_1_80' title="bbox 1995 3534 3606 3608">
     <span class='ocr_line' id='line_1_80' title="bbox 1995 3534 3606 3608; baseline 0.007 -20"><span class='ocrx_word' id='word_1_596' title='bbox 1995 3534 2142 3589; x_wconf 87' lang='lat' dir='ltr'><strong>sihili</strong></span> <span class='ocrx_word' id='word_1_597' title='bbox 2187 3549 2313 3590; x_wconf 90' lang='lat' dir='ltr'><strong>osse</strong></span> <span class='ocrx_word' id='word_1_598' title='bbox 2354 3536 2599 3607; x_wconf 86' lang='lat' dir='ltr'><strong>undique</strong></span> <span class='ocrx_word' id='word_1_599' title='bbox 2642 3536 2776 3595; x_wconf 90' lang='lat' dir='ltr'><strong>illud</strong></span> <span class='ocrx_word' id='word_1_600' title='bbox 2825 3537 3107 3608; x_wconf 86' lang='lat' dir='ltr'><strong>formavit,</strong></span> <span class='ocrx_word' id='word_1_601' title='bbox 3157 3556 3228 3598; x_wconf 88' lang='lat' dir='ltr'><strong>ne</strong></span> <span class='ocrx_word' id='word_1_602' title='bbox 3265 3542 3371 3599; x_wconf 89' lang='lat' dir='ltr'><strong>sibi</strong></span> <span class='ocrx_word' id='word_1_603' title='bbox 3416 3551 3606 3602; x_wconf 84' lang='lat' dir='ltr'><strong>motus</strong></span> 
     </span>
    </p>
   </div>
   <div class='ocr_carea' id='block_1_81' title="bbox 1994 3626 3604 3703">
    <p class='ocr_par' dir='ltr' id='par_1_81' title="bbox 1994 3626 3604 3703">
     <span class='ocr_line' id='line_1_81' title="bbox 1994 3626 3604 3703; baseline 0.006 -22"><span class='ocrx_word' id='word_1_604' title='bbox 1994 3628 2386 3698; x_wconf 90' lang='lat' dir='ltr'><strong>aetionumque</strong></span> <span class='ocrx_word' id='word_1_605' title='bbox 2421 3626 2657 3685; x_wconf 86' lang='lat' dir='ltr'><strong>facultas</strong></span> <span class='ocrx_word' id='word_1_606' title='bbox 2693 3629 3138 3703; x_wconf 86' lang='lat' dir='ltr'><strong>interciperetur,</strong></span> <span class='ocrx_word' id='word_1_607' title='bbox 3166 3642 3284 3701; x_wconf 88' lang='lat' dir='ltr'><strong>aut,</strong></span> <span class='ocrx_word' id='word_1_608' title='bbox 3307 3636 3481 3692; x_wconf 88' lang='lat' dir='ltr'><strong>veluti</strong></span> <span class='ocrx_word' id='word_1_609' title='bbox 3512 3652 3604 3693; x_wconf 84' lang='lat' dir='ltr'><strong>ar-</strong></span> 
     </span>
    </p>
   </div>
   <div class='ocr_carea' id='block_1_82' title="bbox 1993 3718 3605 3799">
    <p class='ocr_par' dir='ltr' id='par_1_82' title="bbox 1993 3718 3605 3799">
     <span class='ocr_line' id='line_1_82' title="bbox 1993 3718 3605 3799; baseline 0.007 -25"><span class='ocrx_word' id='word_1_610' title='bbox 1993 3719 2097 3775; x_wconf 89' lang='lat' dir='ltr'><strong>bor</strong></span> <span class='ocrx_word' id='word_1_611' title='bbox 2118 3737 2227 3776; x_wconf 88' lang='lat' dir='ltr'><strong>uno</strong></span> <span class='ocrx_word' id='word_1_612' title='bbox 2246 3721 2298 3775; x_wconf 89' lang='lat' dir='ltr'><strong>in</strong></span> <span class='ocrx_word' id='word_1_613' title='bbox 2322 3721 2445 3777; x_wconf 92' lang='lat' dir='ltr'><strong>loco</strong></span> <span class='ocrx_word' id='word_1_614' title='bbox 2465 3724 2759 3788; x_wconf 88' lang='lat' dir='ltr'><strong>exsistens,</strong></span> <span class='ocrx_word' id='word_1_615' title='bbox 2783 3718 2966 3779; x_wconf 87' lang='lat' dir='ltr'><strong>omnis</strong></span> <span class='ocrx_word' id='word_1_616' title='bbox 2993 3726 3231 3783; x_wconf 91' lang='lat' dir='ltr'><strong>actionis</strong></span> <span class='ocrx_word' id='word_1_617' title='bbox 3261 3742 3460 3799; x_wconf 87' lang='lat' dir='ltr'><strong>expers</strong></span> <span class='ocrx_word' id='word_1_618' title='bbox 3481 3729 3605 3785; x_wconf 80' lang='lat' dir='ltr'><strong>efﬁ-</strong></span> 
     </span>
    </p>
   </div>
   <div class='ocr_carea' id='block_1_83' title="bbox 1994 3814 3604 3889">
    <p class='ocr_par' dir='ltr' id='par_1_83' title="bbox 1994 3814 3604 3889">
     <span class='ocr_line' id='line_1_83' title="bbox 1994 3814 3604 3889; baseline 0.006 -20"><span class='ocrx_word' id='word_1_619' title='bbox 1994 3824 2229 3881; x_wconf 89' lang='lat' dir='ltr'><strong>ceretur,</strong></span> <span class='ocrx_word' id='word_1_620' title='bbox 2250 3825 2310 3869; x_wconf 91' lang='lat' dir='ltr'><strong>ut</strong></span> <span class='ocrx_word' id='word_1_621' title='bbox 2330 3830 2507 3885; x_wconf 89' lang='lat' dir='ltr'><strong>neque</strong></span> <span class='ocrx_word' id='word_1_622' title='bbox 2530 3815 2730 3886; x_wconf 88' lang='lat' dir='ltr'><strong>pedum</strong></span> <span class='ocrx_word' id='word_1_623' title='bbox 2753 3814 3064 3874; x_wconf 88' lang='lat' dir='ltr'><strong>ministerio</strong></span> <span class='ocrx_word' id='word_1_624' title='bbox 3094 3820 3161 3874; x_wconf 90' lang='lat' dir='ltr'><strong>ad</strong></span> <span class='ocrx_word' id='word_1_625' title='bbox 3195 3821 3458 3889; x_wconf 84' lang='lat' dir='ltr'><strong>ulteriora</strong></span> <span class='ocrx_word' id='word_1_626' title='bbox 3483 3838 3604 3878; x_wconf 88' lang='lat' dir='ltr'><strong>mo-</strong></span> 
     </span>
    </p>
   </div>
   <div class='ocr_carea' id='block_1_84' title="bbox 1994 3905 3603 3980">
    <p class='ocr_par' dir='ltr' id='par_1_84' title="bbox 1994 3905 3603 3980">
     <span class='ocr_line' id='line_1_84' title="bbox 1994 3905 3603 3980; baseline 0.006 -20"><span class='ocrx_word' id='word_1_627' title='bbox 1994 3913 2109 3960; x_wconf 86' lang='lat' dir='ltr'><strong>tum</strong></span> <span class='ocrx_word' id='word_1_628' title='bbox 2141 3905 2519 3976; x_wconf 88' lang='lat' dir='ltr'><strong>promovendo</strong></span> <span class='ocrx_word' id='word_1_629' title='bbox 2549 3907 2624 3962; x_wconf 89' lang='lat' dir='ltr'><strong>uti</strong></span> <span class='ocrx_word' id='word_1_630' title='bbox 2665 3915 2851 3977; x_wconf 86' lang='lat' dir='ltr'><strong>queat,</strong></span> <span class='ocrx_word' id='word_1_631' title='bbox 2877 3923 3055 3980; x_wconf 90' lang='lat' dir='ltr'><strong>neque</strong></span> <span class='ocrx_word' id='word_1_632' title='bbox 3082 3925 3350 3965; x_wconf 87' lang='lat' dir='ltr'><strong>manuum</strong></span> <span class='ocrx_word' id='word_1_633' title='bbox 3398 3912 3470 3967; x_wconf 85' lang='lat' dir='ltr'><strong>ad</strong></span> <span class='ocrx_word' id='word_1_634' title='bbox 3534 3927 3603 3970; x_wconf 82' lang='lat' dir='ltr'><strong>ea</strong></span> 
     </span>
    </p>
   </div>
   <div class='ocr_carea' id='block_1_85' title="bbox 1992 3998 3599 4075">
    <p class='ocr_par' dir='ltr' id='par_1_85' title="bbox 1992 3998 3599 4075">
     <span class='ocr_line' id='line_1_85' title="bbox 1992 3998 3599 4075; baseline 0.005 -22"><span class='ocrx_word' id='word_1_635' title='bbox 1992 4013 2118 4070; x_wconf 72' lang='lat' dir='ltr'><strong>quae</strong></span> <span class='ocrx_word' id='word_1_636' title='bbox 2138 3999 2262 4054; x_wconf 70' lang='lat' dir='ltr'><strong>vita:</strong></span> <span class='ocrx_word' id='word_1_637' title='bbox 2290 3999 2606 4056; x_wconf 89' lang='lat' dir='ltr'><strong>conducant</strong></span> <span class='ocrx_word' id='word_1_638' title='bbox 2633 3998 2880 4056; x_wconf 86' lang='lat' dir='ltr'><strong>ofﬁcium</strong></span> <span class='ocrx_word' id='word_1_639' title='bbox 2908 4009 3244 4072; x_wconf 88' lang='lat' dir='ltr'><strong>suppeteret.</strong></span> <span class='ocrx_word' id='word_1_640' title='bbox 3279 4001 3386 4058; x_wconf 86' lang='lat' dir='ltr'><strong>Sed</strong></span> <span class='ocrx_word' id='word_1_641' title='bbox 3406 4005 3599 4075; x_wconf 88' lang='lat' dir='ltr'><strong>pedem</strong></span> 
     </span>
    </p>
   </div>
   <div class='ocr_carea' id='block_1_86' title="bbox 1992 4086 3603 4165">
    <p class='ocr_par' dir='ltr' id='par_1_86' title="bbox 1992 4086 3603 4165">
     <span class='ocr_line' id='line_1_86' title="bbox 1992 4086 3603 4165; baseline 0.006 -22"><span class='ocrx_word' id='word_1_642' title='bbox 1992 4088 2172 4161; x_wconf 88' lang='lat' dir='ltr'><strong>ipsum</strong></span> <span class='ocrx_word' id='word_1_643' title='bbox 2204 4088 2259 4144; x_wconf 92' lang='lat' dir='ltr'><strong>in</strong></span> <span class='ocrx_word' id='word_1_644' title='bbox 2278 4086 2481 4155; x_wconf 89' lang='lat' dir='ltr'><strong>femur,</strong></span> <span class='ocrx_word' id='word_1_645' title='bbox 2507 4104 2670 4159; x_wconf 86' lang='lat' dir='ltr'><strong>genu,</strong></span> <span class='ocrx_word' id='word_1_646' title='bbox 2700 4089 2981 4161; x_wconf 85' lang='lat' dir='ltr'><strong>patellam,</strong></span> <span class='ocrx_word' id='word_1_647' title='bbox 3003 4090 3191 4147; x_wconf 89' lang='lat' dir='ltr'><strong>tibiam</strong></span> <span class='ocrx_word' id='word_1_648' title='bbox 3216 4092 3521 4165; x_wconf 86' lang='lat' dir='ltr'><strong>talumque,</strong></span> <span class='ocrx_word' id='word_1_649' title='bbox 3546 4107 3603 4153; x_wconf 84' lang='lat' dir='ltr'><strong>et</strong></span> 
     </span>
    </p>
   </div>
   <div class='ocr_carea' id='block_1_87' title="bbox 1992 4182 3601 4256">
    <p class='ocr_par' dir='ltr' id='par_1_87' title="bbox 1992 4182 3601 4256">
     <span class='ocr_line' id='line_1_87' title="bbox 1992 4182 3601 4256; baseline 0.005 -19"><span class='ocrx_word' id='word_1_650' title='bbox 1992 4182 2195 4253; x_wconf 85' lang='lat' dir='ltr'><strong>digitos</strong></span> <span class='ocrx_word' id='word_1_651' title='bbox 2229 4183 2465 4252; x_wconf 86' lang='lat' dir='ltr'><strong>partitus</strong></span> <span class='ocrx_word' id='word_1_652' title='bbox 2487 4191 2609 4251; x_wconf 88' lang='lat' dir='ltr'><strong>est;</strong></span> <span class='ocrx_word' id='word_1_653' title='bbox 2642 4184 2738 4255; x_wconf 89' lang='lat' dir='ltr'><strong>qui</strong></span> <span class='ocrx_word' id='word_1_654' title='bbox 2779 4184 2974 4256; x_wconf 89' lang='lat' dir='ltr'><strong>optimi</strong></span> <span class='ocrx_word' id='word_1_655' title='bbox 2999 4184 3227 4242; x_wconf 88' lang='lat' dir='ltr'><strong>artiﬁcis</strong></span> <span class='ocrx_word' id='word_1_656' title='bbox 3250 4184 3437 4242; x_wconf 89' lang='lat' dir='ltr'><strong>ofﬁcio</strong></span> <span class='ocrx_word' id='word_1_657' title='bbox 3472 4186 3601 4245; x_wconf 84' lang='lat' dir='ltr'><strong>fun-</strong></span> 
     </span>
    </p>
   </div>
   <div class='ocr_carea' id='block_1_88' title="bbox 1993 4277 3603 4351">
    <p class='ocr_par' dir='ltr' id='par_1_88' title="bbox 1993 4277 3603 4351">
     <span class='ocr_line' id='line_1_88' title="bbox 1993 4277 3603 4351; baseline 0.003 -19"><span class='ocrx_word' id='word_1_658' title='bbox 1993 4284 2137 4340; x_wconf 90' lang='lat' dir='ltr'><strong>ctus,</strong></span> <span class='ocrx_word' id='word_1_659' title='bbox 2165 4277 2376 4332; x_wconf 89' lang='lat' dir='ltr'><strong>ossium</strong></span> <span class='ocrx_word' id='word_1_660' title='bbox 2409 4278 2593 4333; x_wconf 88' lang='lat' dir='ltr'><strong>denuo</strong></span> <span class='ocrx_word' id='word_1_661' title='bbox 2615 4277 2929 4350; x_wconf 87' lang='lat' dir='ltr'><strong>ligamentis</strong></span> <span class='ocrx_word' id='word_1_662' title='bbox 2961 4279 3305 4335; x_wconf 86' lang='lat' dir='ltr'><strong>conserendo</strong></span> <span class='ocrx_word' id='word_1_663' title='bbox 3333 4280 3603 4351; x_wconf 81' lang='lat' dir='ltr'><strong>adaptan-</strong></span> 
     </span>
    </p>
   </div>
   <div class='ocr_carea' id='block_1_89' title="bbox 1994 4368 3601 4442">
    <p class='ocr_par' dir='ltr' id='par_1_89' title="bbox 1994 4368 3601 4442">
     <span class='ocr_line' id='line_1_89' title="bbox 1994 4368 3601 4442; baseline 0.004 -19"><span class='ocrx_word' id='word_1_664' title='bbox 1994 4368 2200 4440; x_wconf 87' lang='lat' dir='ltr'><strong>doque,</strong></span> <span class='ocrx_word' id='word_1_665' title='bbox 2234 4368 2484 4424; x_wconf 88' lang='lat' dir='ltr'><strong>mutandi</strong></span> <span class='ocrx_word' id='word_1_666' title='bbox 2517 4369 2650 4437; x_wconf 85' lang='lat' dir='ltr'><strong>loci,</strong></span> <span class='ocrx_word' id='word_1_667' title='bbox 2699 4369 3081 4440; x_wconf 83' lang='lat' dir='ltr'><strong>eﬁiciendique</strong></span> <span class='ocrx_word' id='word_1_668' title='bbox 3117 4370 3304 4442; x_wconf 87' lang='lat' dir='ltr'><strong>operis</strong></span> <span class='ocrx_word' id='word_1_669' title='bbox 3337 4371 3601 4429; x_wconf 84' lang='lat' dir='ltr'><strong>idoneum</strong></span> 
     </span>
    </p>
   </div>
   <div class='ocr_carea' id='block_1_90' title="bbox 1994 4461 3601 4523">
    <p class='ocr_par' dir='ltr' id='par_1_90' title="bbox 1994 4461 3601 4523">
     <span class='ocr_line' id='line_1_90' title="bbox 1994 4461 3601 4523; baseline 0.006 -9"><span class='ocrx_word' id='word_1_670' title='bbox 1994 4462 2194 4516; x_wconf 68' lang='lat' dir='ltr'><strong>anima:</strong></span> <span class='ocrx_word' id='word_1_671' title='bbox 2224 4461 2652 4517; x_wconf 88' lang='lat' dir='ltr'><strong>instrumentum</strong></span> <span class='ocrx_word' id='word_1_672' title='bbox 2680 4470 2956 4518; x_wconf 81' lang='lat' dir='ltr'><strong>structura</strong></span> <span class='ocrx_word' id='word_1_673' title='bbox 2972 4462 3077 4517; x_wconf 88' lang='lat' dir='ltr'><strong>hac</strong></span> <span class='ocrx_word' id='word_1_674' title='bbox 3092 4462 3317 4520; x_wconf 90' lang='lat' dir='ltr'><strong>molitus</strong></span> <span class='ocrx_word' id='word_1_675' title='bbox 3337 4472 3440 4521; x_wconf 88' lang='lat' dir='ltr'><strong>est.</strong></span> <span class='ocrx_word' id='word_1_676' title='bbox 3468 4462 3601 4523; x_wconf 85' lang='lat' dir='ltr'><strong>Tale</strong></span> 
     </span>
    </p>
   </div>
   <div class='ocr_carea' id='block_1_91' title="bbox 1993 4552 3600 4625">
    <p class='ocr_par' dir='ltr' id='par_1_91' title="bbox 1993 4552 3600 4625">
     <span class='ocr_line' id='line_1_91' title="bbox 1993 4552 3600 4625; baseline 0.005 -19"><span class='ocrx_word' id='word_1_677' title='bbox 1993 4552 2160 4606; x_wconf 91' lang='lat' dir='ltr'><strong>etiam</strong></span> <span class='ocrx_word' id='word_1_678' title='bbox 2190 4552 2245 4606; x_wconf 88' lang='lat' dir='ltr'><strong>in</strong></span> <span class='ocrx_word' id='word_1_679' title='bbox 2270 4553 2529 4608; x_wconf 90' lang='lat' dir='ltr'><strong>manibus</strong></span> <span class='ocrx_word' id='word_1_680' title='bbox 2548 4593 2564 4617; x_wconf 89' lang='lat'><strong>,</strong></span> <span class='ocrx_word' id='word_1_681' title='bbox 2584 4554 2819 4621; x_wconf 88' lang='lat' dir='ltr'><strong>cervice,</strong></span> <span class='ocrx_word' id='word_1_682' title='bbox 2846 4563 3091 4625; x_wconf 85' lang='lat' dir='ltr'><strong>pectore,</strong></span> <span class='ocrx_word' id='word_1_683' title='bbox 3125 4554 3420 4625; x_wconf 75' lang='lat' dir='ltr'><strong>spinaque,</strong></span> <span class='ocrx_word' id='word_1_684' title='bbox 3444 4564 3499 4611; x_wconf 89' lang='lat' dir='ltr'><strong>et</strong></span> <span class='ocrx_word' id='word_1_685' title='bbox 3524 4557 3600 4614; x_wconf 87' lang='lat' dir='ltr'><strong>si-</strong></span> 
     </span>
    </p>
   </div>
   <div class='ocr_carea' id='block_1_92' title="bbox 1995 4642 3599 4717">
    <p class='ocr_par' dir='ltr' id='par_1_92' title="bbox 1995 4642 3599 4717">
     <span class='ocr_line' id='line_1_92' title="bbox 1995 4642 3599 4717; baseline 0.005 -20"><span class='ocrx_word' id='word_1_686' title='bbox 1995 4642 2111 4698; x_wconf 91' lang='lat' dir='ltr'><strong>mul</strong></span> <span class='ocrx_word' id='word_1_687' title='bbox 2142 4644 2405 4700; x_wconf 86' lang='lat' dir='ltr'><strong>omnibus</strong></span> <span class='ocrx_word' id='word_1_688' title='bbox 2442 4646 2695 4717; x_wconf 85' lang='lat' dir='ltr'><strong>corporis</strong></span> <span class='ocrx_word' id='word_1_689' title='bbox 2728 4647 2978 4716; x_wconf 89' lang='lat' dir='ltr'><strong>partibus</strong></span> <span class='ocrx_word' id='word_1_690' title='bbox 3007 4645 3142 4716; x_wconf 86' lang='lat' dir='ltr'><strong>egit,</strong></span> <span class='ocrx_word' id='word_1_691' title='bbox 3182 4646 3354 4716; x_wconf 90' lang='lat' dir='ltr'><strong>quod,</strong></span> <span class='ocrx_word' id='word_1_692' title='bbox 3393 4648 3465 4703; x_wconf 93' lang='lat' dir='ltr'><strong>oh</strong></span> <span class='ocrx_word' id='word_1_693' title='bbox 3498 4663 3599 4705; x_wconf 91' lang='lat' dir='ltr'><strong>na-</strong></span> 
     </span>
    </p>
   </div>
   <div class='ocr_carea' id='block_1_93' title="bbox 297 4736 1895 4820">
    <p class='ocr_par' dir='ltr' id='par_1_93' title="bbox 297 4736 1885 4811">
     <span class='ocr_line' id='line_1_93' title="bbox 297 4736 1885 4811; baseline 0.001 -20"><span class='ocrx_word' id='word_1_694' title='bbox 297 4753 472 4808; x_wconf 85' lang='grc' dir='ltr'>ματος</span> <span class='ocrx_word' id='word_1_695' title='bbox 501 4737 706 4809; x_wconf 89' lang='grc' dir='ltr'>μορίων</span> <span class='ocrx_word' id='word_1_696' title='bbox 740 4739 1070 4811; x_wconf 83' lang='grc' dir='ltr'>είργάσατο’</span> <span class='ocrx_word' id='word_1_697' title='bbox 1103 4738 1181 4811; x_wconf 82' lang='grc' dir='ltr'>τῷ</span> <span class='ocrx_word' id='word_1_698' title='bbox 1210 4737 1588 4810; x_wconf 84' lang='grc' dir='ltr'>προαιρετικῷ</span> <span class='ocrx_word' id='word_1_699' title='bbox 1614 4736 1885 4809; x_wconf 87' lang='grc' dir='ltr'>πνεύματι</span> 
     </span>
    </p>
   </div>
   <div class='ocr_carea' id='block_1_94' title="bbox 2001 4736 3596 4820">
    <p class='ocr_par' dir='ltr' id='par_1_94' title="bbox 2001 4737 3596 4810">
     <span class='ocr_line' id='line_1_94' title="bbox 2001 4737 3596 4810; baseline 0.004 -20"><span class='ocrx_word' id='word_1_700' title='bbox 2001 4744 2133 4791; x_wconf 69' lang='lat' dir='ltr'><strong>tura:</strong></span> <span class='ocrx_word' id='word_1_701' title='bbox 2162 4737 2407 4793; x_wconf 88' lang='lat' dir='ltr'><strong>studium</strong></span> <span class='ocrx_word' id='word_1_702' title='bbox 2430 4740 2725 4810; x_wconf 86' lang='lat' dir='ltr'><strong>quodpiam</strong></span> <span class='ocrx_word' id='word_1_703' title='bbox 2753 4737 3052 4794; x_wconf 87' lang='lat' dir='ltr'><strong>voluntarii</strong></span> <span class='ocrx_word' id='word_1_704' title='bbox 3076 4738 3305 4809; x_wconf 87' lang='lat' dir='ltr'><strong>spiritus</strong></span> <span class='ocrx_word' id='word_1_705' title='bbox 3326 4739 3507 4796; x_wconf 84' lang='lat' dir='ltr'><strong>oﬂlcio</strong></span> <span class='ocrx_word' id='word_1_706' title='bbox 3539 4742 3596 4797; x_wconf 93' lang='lat' dir='ltr'><strong>in</strong></span> 
     </span>
    </p>
   </div>
   <div class='ocr_carea' id='block_1_95' title="bbox 293 4829 1890 4903">
    <p class='ocr_par' dir='ltr' id='par_1_95' title="bbox 293 4829 1890 4903">
     <span class='ocr_line' id='line_1_95' title="bbox 293 4829 1890 4903; baseline 0 -16"><span class='ocrx_word' id='word_1_707' title='bbox 293 4830 443 4887; x_wconf 89' lang='grc' dir='ltr'>κατά</span> <span class='ocrx_word' id='word_1_708' title='bbox 469 4848 596 4886; x_wconf 90' lang='grc' dir='ltr'>τινα</span> <span class='ocrx_word' id='word_1_709' title='bbox 625 4831 843 4901; x_wconf 82' lang='grc' dir='ltr'>φύσεως</span> <span class='ocrx_word' id='word_1_710' title='bbox 886 4831 1207 4903; x_wconf 78' lang='grc' dir='ltr'>οἰκονομίαν</span> <span class='ocrx_word' id='word_1_711' title='bbox 1248 4831 1310 4885; x_wconf 80' lang='grc' dir='ltr'>ἐν</span> <span class='ocrx_word' id='word_1_712' title='bbox 1353 4832 1466 4893; x_wconf 83' lang='grc' dir='ltr'>τοῖς</span> <span class='ocrx_word' id='word_1_713' title='bbox 1498 4829 1622 4883; x_wconf 81' lang='grc' dir='ltr'>καθ’</span> <span class='ocrx_word' id='word_1_714' title='bbox 1654 4829 1890 4888; x_wconf 71' lang='grc' dir='ltr'>ἕκαστον</span> 
     </span>
    </p>
   </div>
   <div class='ocr_carea' id='block_1_96' title="bbox 291 4924 1222 4996">
    <p class='ocr_par' dir='ltr' id='par_1_96' title="bbox 291 4924 1222 4996">
     <span class='ocr_line' id='line_1_96' title="bbox 291 4924 1222 4996; baseline -0.001 -17"><span class='ocrx_word' id='word_1_715' title='bbox 291 4924 403 4979; x_wconf 83' lang='grc' dir='ltr'><strong>τῶν</strong></span> <span class='ocrx_word' id='word_1_716' title='bbox 430 4925 706 4996; x_wconf 81' lang='grc' dir='ltr'>ἁρμονιῶν</span> <span class='ocrx_word' id='word_1_717' title='bbox 727 4924 1133 4996; x_wconf 76' lang='grc' dir='ltr'>ἐνεργουμένην</span> <span class='ocrx_word' id='word_1_718' title='bbox 1154 4925 1222 4978; x_wconf 75' lang='grc'><strong>’³.</strong></span> 
     </span>
    </p>
   </div>
   <div class='ocr_carea' id='block_1_97' title="bbox 366 5013 1880 5089">
    <p class='ocr_par' dir='ltr' id='par_1_97' title="bbox 366 5013 1880 5089">
     <span class='ocr_line' id='line_1_97' title="bbox 366 5013 1880 5089; baseline -0.003 -16"><span class='ocrx_word' id='word_1_719' title='bbox 366 5018 481 5073; x_wconf 76' lang='grc' dir='ltr'><strong>Καὶ</strong></span> <span class='ocrx_word' id='word_1_720' title='bbox 519 5018 619 5072; x_wconf 80' lang='grc' dir='ltr'>θέα</span> <span class='ocrx_word' id='word_1_721' title='bbox 664 5035 755 5088; x_wconf 87' lang='grc' dir='ltr'><strong>μοι</strong></span> <span class='ocrx_word' id='word_1_722' title='bbox 796 5019 842 5050; x_wconf 81' lang='grc'>¹¹</span> <span class='ocrx_word' id='word_1_723' title='bbox 882 5018 1082 5089; x_wconf 89' lang='grc' dir='ltr'>τέχνην</span> <span class='ocrx_word' id='word_1_724' title='bbox 1130 5015 1384 5086; x_wconf 82' lang='grc' dir='ltr'>έντέχνου</span> <span class='ocrx_word' id='word_1_725' title='bbox 1413 5015 1461 5047; x_wconf 73' lang='grc'><strong>⁸³</strong></span> <span class='ocrx_word' id='word_1_726' title='bbox 1494 5013 1880 5087; x_wconf 64' lang='grc' dir='ltr'>Δημιουργοῦη</span> 
     </span>
    </p>
   </div>
   <div class='ocr_carea' id='block_1_98' title="bbox 294 5105 1886 5180">
    <p class='ocr_par' dir='ltr' id='par_1_98' title="bbox 294 5105 1886 5180">
     <span class='ocr_line' id='line_1_98' title="bbox 294 5105 1886 5180; baseline -0.003 -17"><span class='ocrx_word' id='word_1_727' title='bbox 294 5107 363 5163; x_wconf 76' lang='grc' dir='ltr'>τὰ</span> <span class='ocrx_word' id='word_1_728' title='bbox 394 5107 443 5142; x_wconf 66' lang='grc'><strong>’⁸</strong></span> <span class='ocrx_word' id='word_1_729' title='bbox 474 5110 572 5179; x_wconf 82' lang='grc' dir='ltr'>μὲν</span> <span class='ocrx_word' id='word_1_730' title='bbox 598 5108 710 5180; x_wconf 83' lang='grc' dir='ltr'>γὰρ</span> <span class='ocrx_word' id='word_1_731' title='bbox 739 5108 845 5163; x_wconf 86' lang='grc' dir='ltr'><strong>τῶν</strong></span> <span class='ocrx_word' id='word_1_732' title='bbox 887 5109 1062 5161; x_wconf 88' lang='grc' dir='ltr'>ὀστῶν</span> <span class='ocrx_word' id='word_1_733' title='bbox 1091 5108 1341 5161; x_wconf 81' lang='grc' dir='ltr'>ὲκοίλανε</span> <span class='ocrx_word' id='word_1_734' title='bbox 1365 5148 1380 5172; x_wconf 88' lang='grc'><strong><em>,</em></strong></span> <span class='ocrx_word' id='word_1_735' title='bbox 1412 5108 1484 5161; x_wconf 83' lang='grc' dir='ltr'>τὰ</span> <span class='ocrx_word' id='word_1_736' title='bbox 1508 5108 1554 5139; x_wconf 67' lang='grc'><strong>’⁸</strong></span> <span class='ocrx_word' id='word_1_737' title='bbox 1583 5107 1640 5161; x_wconf 83' lang='grc' dir='ltr'>δὲ</span> <span class='ocrx_word' id='word_1_738' title='bbox 1665 5105 1727 5160; x_wconf 76' lang='grc' dir='ltr'>οὔ</span> <span class='ocrx_word' id='word_1_739' title='bbox 1750 5120 1765 5136; x_wconf 74' lang='grc'><strong>⁸</strong></span> <span class='ocrx_word' id='word_1_740' title='bbox 1792 5108 1886 5160; x_wconf 74' lang='grc' dir='ltr'>καὶ</span> 
     </span>
    </p>
   </div>
   <div class='ocr_carea' id='block_1_99' title="bbox 293 5202 1885 5276">
    <p class='ocr_par' dir='ltr' id='par_1_99' title="bbox 293 5202 1885 5276">
     <span class='ocr_line' id='line_1_99' title="bbox 293 5202 1885 5276; baseline -0.001 -19"><span class='ocrx_word' id='word_1_741' title='bbox 293 5202 365 5257; x_wconf 72' lang='grc' dir='ltr'><strong>τὰ</strong></span> <span class='ocrx_word' id='word_1_742' title='bbox 398 5204 498 5275; x_wconf 76' lang='grc' dir='ltr'>μὲν</span> <span class='ocrx_word' id='word_1_743' title='bbox 532 5205 781 5276; x_wconf 83' lang='grc' dir='ltr'>μεγάλα,</span> <span class='ocrx_word' id='word_1_744' title='bbox 821 5203 891 5258; x_wconf 77' lang='grc' dir='ltr'>τὰ</span> <span class='ocrx_word' id='word_1_745' title='bbox 921 5204 978 5257; x_wconf 79' lang='grc' dir='ltr'>δὲ</span> <span class='ocrx_word' id='word_1_746' title='bbox 1009 5202 1222 5273; x_wconf 80' lang='grc' dir='ltr'>σμικρὰ</span> <span class='ocrx_word' id='word_1_747' title='bbox 1266 5203 1494 5274; x_wconf 77' lang='grc' dir='ltr'>ἐποίησε</span> <span class='ocrx_word' id='word_1_748' title='bbox 1532 5203 1598 5256; x_wconf 73' lang='grc'><strong>’⁸.</strong></span> <span class='ocrx_word' id='word_1_749' title='bbox 1632 5203 1741 5256; x_wconf 74' lang='grc' dir='ltr'>Καὶ</span> <span class='ocrx_word' id='word_1_750' title='bbox 1772 5206 1885 5267; x_wconf 85' lang='grc' dir='ltr'>τοῖς</span> 
     </span>
    </p>
   </div>
   <div class='ocr_carea' id='block_1_100' title="bbox 369 5362 1222 5432">
    <p class='ocr_par' dir='ltr' id='par_1_100' title="bbox 369 5362 1222 5432">
     <span class='ocr_line' id='line_1_100' title="bbox 369 5362 1222 5432; baseline -0.002 -16"><span class='ocrx_word' id='word_1_751' title='bbox 369 5364 418 5399; x_wconf 82' lang='grc'><strong>⁸⁸</strong></span> <span class='ocrx_word' id='word_1_752' title='bbox 452 5363 545 5416; x_wconf 76' lang='grc' dir='ltr'>καὶ</span> <span class='ocrx_word' id='word_1_753' title='bbox 573 5381 631 5432; x_wconf 88' lang='grc' dir='ltr'><strong>φ.</strong></span> <span class='ocrx_word' id='word_1_754' title='bbox 663 5362 718 5415; x_wconf 76' lang='grc' dir='ltr'>δὲ</span> <span class='ocrx_word' id='word_1_755' title='bbox 749 5363 805 5417; x_wconf 85' lang='grc' dir='ltr'><strong>Β.</strong></span> <span class='ocrx_word' id='word_1_756' title='bbox 898 5362 945 5394; x_wconf 82' lang='grc'><strong>⁸⁷</strong></span> <span class='ocrx_word' id='word_1_757' title='bbox 974 5363 1068 5416; x_wconf 71' lang='grc' dir='ltr'>καὶ</span> <span class='ocrx_word' id='word_1_758' title='bbox 1090 5362 1222 5432; x_wconf 76' lang='grc' dir='ltr'>ψυχ.</span> 
     </span>
    </p>
   </div>
   <div class='ocr_carea' id='block_1_101' title="bbox 1266 5359 2516 5416">
    <p class='ocr_par' dir='ltr' id='par_1_101' title="bbox 1266 5359 2516 5416">
     <span class='ocr_line' id='line_1_101' title="bbox 1266 5359 2516 5416; baseline -0.001 -1"><span class='ocrx_word' id='word_1_759' title='bbox 1266 5375 1377 5415; x_wconf 89' lang='lat' dir='ltr'><strong>om.</strong></span> <span class='ocrx_word' id='word_1_760' title='bbox 1402 5362 1442 5416; x_wconf 77' lang='grc' dir='ltr'>Α</span> <span class='ocrx_word' id='word_1_761' title='bbox 1485 5362 1526 5413; x_wconf 85' lang='grc' dir='ltr'><strong>Β</strong></span> <span class='ocrx_word' id='word_1_762' title='bbox 1554 5360 1615 5415; x_wconf 91' lang='lat' dir='ltr'><strong>C.</strong></span> <span class='ocrx_word' id='word_1_763' title='bbox 1704 5360 1751 5394; x_wconf 81' lang='grc'><strong>⁸⁸</strong></span> <span class='ocrx_word' id='word_1_764' title='bbox 1786 5362 1881 5414; x_wconf 72' lang='grc' dir='ltr'>καὶ</span> <span class='ocrx_word' id='word_1_765' title='bbox 1911 5362 1975 5414; x_wconf 82' lang='grc' dir='ltr'>ὲκ</span> <span class='ocrx_word' id='word_1_766' title='bbox 2008 5379 2058 5416; x_wconf 92' lang='grc' dir='ltr'><strong>τ.</strong></span> <span class='ocrx_word' id='word_1_767' title='bbox 2080 5360 2207 5414; x_wconf 77' lang='grc' dir='ltr'>οτῶν</span> <span class='ocrx_word' id='word_1_768' title='bbox 2240 5361 2431 5414; x_wconf 82' lang='grc' dir='ltr'>αἰτίων</span> <span class='ocrx_word' id='word_1_769' title='bbox 2458 5359 2516 5414; x_wconf 81' lang='grc' dir='ltr'><strong>Β.</strong></span> 
     </span>
    </p>
   </div>
   <div class='ocr_carea' id='block_1_102' title="bbox 1997 4830 3592 4905">
    <p class='ocr_par' dir='ltr' id='par_1_102' title="bbox 1997 4830 3592 4905">
     <span class='ocr_line' id='line_1_102' title="bbox 1997 4830 3592 4905; baseline 0.001 -18"><span class='ocrx_word' id='word_1_770' title='bbox 1997 4831 2242 4903; x_wconf 86' lang='lat' dir='ltr'><strong>qualibet</strong></span> <span class='ocrx_word' id='word_1_771' title='bbox 2278 4840 2435 4903; x_wconf 88' lang='lat' dir='ltr'><strong>parte</strong></span> <span class='ocrx_word' id='word_1_772' title='bbox 2464 4830 2724 4890; x_wconf 87' lang='lat' dir='ltr'><strong>concordi</strong></span> <span class='ocrx_word' id='word_1_773' title='bbox 2752 4846 2899 4888; x_wconf 82' lang='lat' dir='ltr'><strong>nexu</strong></span> <span class='ocrx_word' id='word_1_774' title='bbox 2946 4830 3224 4902; x_wconf 84' lang='lat' dir='ltr'><strong>copulata,</strong></span> <span class='ocrx_word' id='word_1_775' title='bbox 3254 4833 3592 4905; x_wconf 86' lang='lat' dir='ltr'><strong>exsequitur.</strong></span> 
     </span>
    </p>
   </div>
   <div class='ocr_carea' id='block_1_103' title="bbox 2065 5016 3592 5089">
    <p class='ocr_par' dir='ltr' id='par_1_103' title="bbox 2065 5016 3592 5089">
     <span class='ocr_line' id='line_1_103' title="bbox 2065 5016 3592 5089; baseline 0.001 -18"><span class='ocrx_word' id='word_1_776' title='bbox 2065 5017 2180 5089; x_wconf 89' lang='lat' dir='ltr'><strong>Age</strong></span> <span class='ocrx_word' id='word_1_777' title='bbox 2204 5016 2317 5087; x_wconf 85' lang='lat' dir='ltr'><strong>jam</strong></span> <span class='ocrx_word' id='word_1_778' title='bbox 2341 5018 2558 5086; x_wconf 82' lang='lat' dir='ltr'><strong>insigne</strong></span> <span class='ocrx_word' id='word_1_779' title='bbox 2580 5017 2858 5075; x_wconf 85' lang='lat' dir='ltr'><strong>Creatoris</strong></span> <span class='ocrx_word' id='word_1_780' title='bbox 2885 5018 3022 5074; x_wconf 83' lang='lat' dir='ltr'><strong>artis</strong></span> <span class='ocrx_word' id='word_1_781' title='bbox 3047 5032 3187 5089; x_wconf 90' lang='lat' dir='ltr'><strong>opus</strong></span> <span class='ocrx_word' id='word_1_782' title='bbox 3211 5017 3592 5089; x_wconf 86' lang='lat' dir='ltr'><strong>inspiciamus.</strong></span> 
     </span>
    </p>
   </div>
   <div class='ocr_carea' id='block_1_104' title="bbox 1993 5107 3591 5179">
    <p class='ocr_par' dir='ltr' id='par_1_104' title="bbox 1993 5107 3591 5179">
     <span class='ocr_line' id='line_1_104' title="bbox 1993 5107 3591 5179; baseline -0.001 -16"><span class='ocrx_word' id='word_1_783' title='bbox 1993 5107 2131 5165; x_wconf 86' lang='lat' dir='ltr'><strong>Nam</strong></span> <span class='ocrx_word' id='word_1_784' title='bbox 2148 5108 2397 5179; x_wconf 80' lang='lat' dir='ltr'><strong>quaedam</strong></span> <span class='ocrx_word' id='word_1_785' title='bbox 2413 5124 2537 5164; x_wconf 85' lang='lat' dir='ltr'><strong>ossa</strong></span> <span class='ocrx_word' id='word_1_786' title='bbox 2551 5111 2922 5174; x_wconf 83' lang='lat' dir='ltr'><strong>concava,alia</strong></span> <span class='ocrx_word' id='word_1_787' title='bbox 2938 5124 3069 5165; x_wconf 86' lang='lat' dir='ltr'><strong>vero</strong></span> <span class='ocrx_word' id='word_1_788' title='bbox 3086 5108 3312 5163; x_wconf 89' lang='lat' dir='ltr'><strong>minime</strong></span> <span class='ocrx_word' id='word_1_789' title='bbox 3324 5121 3591 5174; x_wconf 82' lang='lat' dir='ltr'><strong>concava,</strong></span> 
     </span>
    </p>
   </div>
   <div class='ocr_carea' id='block_1_105' title="bbox 1992 5198 3588 5273">
    <p class='ocr_par' dir='ltr' id='par_1_105' title="bbox 1992 5198 3588 5273">
     <span class='ocr_line' id='line_1_105' title="bbox 1992 5198 3588 5273; baseline -0.005 -15"><span class='ocrx_word' id='word_1_790' title='bbox 1992 5210 2047 5258; x_wconf 88' lang='lat' dir='ltr'><strong>et</strong></span> <span class='ocrx_word' id='word_1_791' title='bbox 2096 5201 2347 5273; x_wconf 75' lang='lat' dir='ltr'><strong>quaedam</strong></span> <span class='ocrx_word' id='word_1_792' title='bbox 2388 5201 2637 5273; x_wconf 87' lang='lat' dir='ltr'><strong>grandia,</strong></span> <span class='ocrx_word' id='word_1_793' title='bbox 2673 5198 2779 5255; x_wconf 87' lang='lat' dir='ltr'><strong>alia</strong></span> <span class='ocrx_word' id='word_1_794' title='bbox 2808 5208 2993 5255; x_wconf 86' lang='lat' dir='ltr'><strong>autem</strong></span> <span class='ocrx_word' id='word_1_795' title='bbox 3032 5213 3202 5271; x_wconf 81' lang='lat' dir='ltr'><strong>parva</strong></span> <span class='ocrx_word' id='word_1_796' title='bbox 3260 5199 3588 5269; x_wconf 83' lang='lat' dir='ltr'><strong>procreavit.</strong></span> 
     </span>
    </p>
   </div>
   <div class='ocr_carea' id='block_1_106' title="bbox 2621 5356 3592 5429">
    <p class='ocr_par' dir='ltr' id='par_1_106' title="bbox 2621 5356 3592 5429">
     <span class='ocr_line' id='line_1_106' title="bbox 2621 5356 3592 5429; baseline 0.001 -18"><span class='ocrx_word' id='word_1_797' title='bbox 2621 5358 2667 5392; x_wconf 77' lang='lat'><strong>”</strong></span> <span class='ocrx_word' id='word_1_798' title='bbox 2692 5359 2748 5412; x_wconf 81' lang='grc' dir='ltr'>δὲ</span> <span class='ocrx_word' id='word_1_799' title='bbox 2777 5372 2889 5413; x_wconf 92' lang='lat' dir='ltr'><strong>om.</strong></span> <span class='ocrx_word' id='word_1_800' title='bbox 2920 5358 2962 5410; x_wconf 88' lang='grc' dir='ltr'>Β</span> <span class='ocrx_word' id='word_1_801' title='bbox 2988 5357 3048 5412; x_wconf 82' lang='grc' dir='ltr'><strong>Ρ.</strong></span> <span class='ocrx_word' id='word_1_802' title='bbox 3140 5358 3186 5390; x_wconf 75' lang='grc' dir='ltr'><strong>’θ</strong></span> <span class='ocrx_word' id='word_1_803' title='bbox 3217 5356 3449 5429; x_wconf 80' lang='grc' dir='ltr'>δύναμις</span> <span class='ocrx_word' id='word_1_804' title='bbox 3473 5357 3592 5429; x_wconf 68' lang='grc' dir='ltr'><strong>ΟΡ</strong></span> 
     </span>
    </p>
   </div>
   <div class='ocr_carea' id='block_1_107' title="bbox 299 5428 1895 5503">
    <p class='ocr_par' dir='ltr' id='par_1_107' title="bbox 299 5428 1875 5503">
     <span class='ocr_line' id='line_1_107' title="bbox 299 5428 1875 5503; baseline -0.004 -14"><span class='ocrx_word' id='word_1_805' title='bbox 299 5445 433 5491; x_wconf 83' lang='lat' dir='ltr'><strong>text.</strong></span> <span class='ocrx_word' id='word_1_806' title='bbox 495 5433 540 5465; x_wconf 83' lang='lat'><strong>&quot;</strong></span> <span class='ocrx_word' id='word_1_807' title='bbox 579 5428 779 5487; x_wconf 76' lang='grc' dir='ltr'>Θάλπει</span> <span class='ocrx_word' id='word_1_808' title='bbox 811 5432 869 5503; x_wconf 78' lang='lat' dir='ltr'><strong>C.</strong></span> <span class='ocrx_word' id='word_1_809' title='bbox 926 5434 972 5464; x_wconf 82' lang='lat'><strong>&quot;</strong></span> <span class='ocrx_word' id='word_1_810' title='bbox 1010 5433 1070 5485; x_wconf 83' lang='grc' dir='ltr'>τὸ</span> <span class='ocrx_word' id='word_1_811' title='bbox 1096 5428 1529 5503; x_wconf 77' lang='grc' dir='ltr'>θερμαινόμενον</span> <span class='ocrx_word' id='word_1_812' title='bbox 1563 5431 1627 5503; x_wconf 69' lang='grc' dir='ltr'><strong>ϐ.</strong></span> <span class='ocrx_word' id='word_1_813' title='bbox 1682 5431 1751 5503; x_wconf 20' lang='grc' dir='ltr'><strong>ᾲ⁹³</strong></span> <span class='ocrx_word' id='word_1_814' title='bbox 1772 5432 1875 5503; x_wconf 57' lang='grc' dir='ltr'><strong>ὲπλ⁵</strong></span> 
     </span>
    </p>
   </div>
   <div class='ocr_carea' id='block_1_108' title="bbox 2001 5428 3586 5503">
    <p class='ocr_par' dir='ltr' id='par_1_108' title="bbox 2001 5428 3586 5503">
     <span class='ocr_line' id='line_1_108' title="bbox 2001 5428 3586 5503; baseline -0.001 -18"><span class='ocrx_word' id='word_1_815' title='bbox 2001 5447 2104 5485; x_wconf 87' lang='lat' dir='ltr'><strong>:um</strong></span> <span class='ocrx_word' id='word_1_816' title='bbox 2133 5432 2281 5503; x_wconf 88' lang='lat' dir='ltr'><strong>hiatu</strong></span> <span class='ocrx_word' id='word_1_817' title='bbox 2313 5432 2376 5485; x_wconf 86' lang='lat' dir='ltr'><strong>C.</strong></span> <span class='ocrx_word' id='word_1_818' title='bbox 2454 5430 2517 5503; x_wconf 39' lang='grc' dir='ltr'><strong>’ᾗ</strong></span> <span class='ocrx_word' id='word_1_819' title='bbox 2540 5432 2802 5503; x_wconf 59' lang='grc' dir='ltr'>συντηροζ</span> <span class='ocrx_word' id='word_1_820' title='bbox 2837 5429 2983 5503; x_wconf 25' lang='lat' dir='ltr'><strong>Ba&quot;</strong></span> <span class='ocrx_word' id='word_1_821' title='bbox 3014 5428 3505 5503; x_wconf 73' lang='grc' dir='ltr'>καταφλεγομένου</span> 
     </span>
    </p>
   </div>
   <div class='ocr_carea' id='block_1_109' title="bbox 296 5501 1727 5573">
    <p class='ocr_par' dir='ltr' id='par_1_109' title="bbox 296 5501 1727 5573">
     <span class='ocr_line' id='line_1_109' title="bbox 296 5501 1727 5573; baseline -0.004 -12"><span class='ocrx_word' id='word_1_822' title='bbox 296 5508 345 5539; x_wconf 87' lang='grc'><strong>⁹⁶</strong></span> <span class='ocrx_word' id='word_1_823' title='bbox 374 5507 444 5560; x_wconf 91' lang='grc' dir='ltr'><strong>δι’</strong></span> <span class='ocrx_word' id='word_1_824' title='bbox 501 5503 703 5573; x_wconf 74' lang='grc' dir='ltr'>ἑαυτῆς</span> <span class='ocrx_word' id='word_1_825' title='bbox 753 5503 796 5558; x_wconf 87' lang='lat' dir='ltr'><strong>C</strong></span> <span class='ocrx_word' id='word_1_826' title='bbox 850 5502 909 5556; x_wconf 88' lang='lat' dir='ltr'><strong>P.</strong></span> <span class='ocrx_word' id='word_1_827' title='bbox 1008 5504 1053 5535; x_wconf 74' lang='lat'><strong>’7</strong></span> <span class='ocrx_word' id='word_1_828' title='bbox 1083 5501 1549 5573; x_wconf 24' lang='lat' dir='ltr'><strong>ota‘xexpuppéva</strong></span> 
     </span>
    </p>
   </div>
   <div class='ocr_carea' id='block_1_110' title="bbox 297 5571 2231 5643">
    <p class='ocr_par' dir='ltr' id='par_1_110' title="bbox 297 5571 2231 5643">
     <span class='ocr_line' id='line_1_110' title="bbox 297 5571 2231 5643; baseline -0.002 -13"><span class='ocrx_word' id='word_1_829' title='bbox 297 5576 344 5610; x_wconf 82' lang='lat'>”</span> <span class='ocrx_word' id='word_1_830' title='bbox 374 5578 558 5630; x_wconf 81' lang='grc' dir='ltr'>πᾶσαν</span> <span class='ocrx_word' id='word_1_831' title='bbox 585 5571 668 5629; x_wconf 57' lang='lat' dir='ltr'><strong>C.</strong></span> <span class='ocrx_word' id='word_1_832' title='bbox 727 5574 743 5603; x_wconf 85' lang='grc'>¹</span> <span class='ocrx_word' id='word_1_833' title='bbox 775 5573 1139 5643; x_wconf 71' lang='grc' dir='ltr'>ἐπιλιπούσης</span> <span class='ocrx_word' id='word_1_834' title='bbox 1154 5574 1218 5627; x_wconf 73' lang='grc' dir='ltr'><strong>ι).</strong></span> <span class='ocrx_word' id='word_1_835' title='bbox 1286 5571 1316 5605; x_wconf 22' lang='grc' dir='ltr'><strong>ν’</strong></span> <span class='ocrx_word' id='word_1_836' title='bbox 1338 5571 1631 5643; x_wconf 72' lang='grc' dir='ltr'>ἐπισφίξας</span> <span class='ocrx_word' id='word_1_837' title='bbox 1656 5572 1714 5643; x_wconf 74' lang='grc' dir='ltr'><strong>Β.</strong></span> <span class='ocrx_word' id='word_1_838' title='bbox 1777 5572 1798 5603; x_wconf 90' lang='grc'><em>³</em></span> <span class='ocrx_word' id='word_1_839' title='bbox 1829 5573 2141 5643; x_wconf 79' lang='grc' dir='ltr'>περιέφυσε</span> <span class='ocrx_word' id='word_1_840' title='bbox 2169 5571 2231 5643; x_wconf 58' lang='grc' dir='ltr'><strong>(ξ.</strong></span> 
     </span>
    </p>
   </div>
   <div class='ocr_carea' id='block_1_111' title="bbox 1309 5642 2258 5697">
    <p class='ocr_par' dir='ltr' id='par_1_111' title="bbox 1309 5642 2258 5697">
     <span class='ocr_line' id='line_1_111' title="bbox 1309 5642 2258 5697; baseline -0.002 -1"><span class='ocrx_word' id='word_1_841' title='bbox 1309 5645 1330 5675; x_wconf 83' lang='grc'>⁸</span> <span class='ocrx_word' id='word_1_842' title='bbox 1354 5642 1491 5697; x_wconf 80' lang='grc' dir='ltr'>ὅὶον</span> <span class='ocrx_word' id='word_1_843' title='bbox 1518 5659 1628 5696; x_wconf 80' lang='lat' dir='ltr'><strong>orn.</strong></span> <span class='ocrx_word' id='word_1_844' title='bbox 1666 5642 1727 5695; x_wconf 82' lang='grc' dir='ltr'><strong>Β.</strong></span> <span class='ocrx_word' id='word_1_845' title='bbox 1791 5643 1812 5674; x_wconf 82' lang='grc'><strong>⁹</strong></span> <span class='ocrx_word' id='word_1_846' title='bbox 1846 5642 2095 5695; x_wconf 78' lang='grc' dir='ltr'>ἐπιθεῖσα</span> <span class='ocrx_word' id='word_1_847' title='bbox 2128 5642 2166 5693; x_wconf 83' lang='grc' dir='ltr'>Β</span> <span class='ocrx_word' id='word_1_848' title='bbox 2200 5642 2258 5695; x_wconf 86' lang='grc' dir='ltr'><strong>Ρ.</strong></span> 
     </span>
    </p>
   </div>
   <div class='ocr_carea' id='block_1_112' title="bbox 369 5710 2233 5787">
    <p class='ocr_par' dir='ltr' id='par_1_112' title="bbox 369 5710 2233 5787">
     <span class='ocr_line' id='line_1_112' title="bbox 369 5710 2233 5787; baseline -0.003 -18"><span class='ocrx_word' id='word_1_849' title='bbox 369 5715 839 5787; x_wconf 74' lang='grc' dir='ltr'>κατασκευασθεὶς</span> <span class='ocrx_word' id='word_1_850' title='bbox 863 5730 982 5787; x_wconf 56' lang='grc' dir='ltr'>[ισοξ</span> <span class='ocrx_word' id='word_1_851' title='bbox 1008 5710 1044 5765; x_wconf 73' lang='grc' dir='ltr'><strong>ὀ</strong></span> <span class='ocrx_word' id='word_1_852' title='bbox 1310 5713 1475 5787; x_wconf 55' lang='grc' dir='ltr'><strong>ἄνθρἱ</strong></span> <span class='ocrx_word' id='word_1_853' title='bbox 1521 5710 1669 5787; x_wconf 64' lang='grc' dir='ltr'>εἶχεν</span> <span class='ocrx_word' id='word_1_854' title='bbox 1823 5712 1867 5744; x_wconf 85' lang='grc'><strong>¹³</strong></span> <span class='ocrx_word' id='word_1_855' title='bbox 1895 5714 2057 5782; x_wconf 90' lang='grc' dir='ltr'>μένον</span> <span class='ocrx_word' id='word_1_856' title='bbox 2104 5712 2141 5764; x_wconf 82' lang='grc' dir='ltr'>Β</span> <span class='ocrx_word' id='word_1_857' title='bbox 2174 5712 2233 5787; x_wconf 52' lang='grc' dir='ltr'><strong>Ρ.</strong></span> 
     </span>
    </p>
   </div>
   <div class='ocr_carea' id='block_1_113' title="bbox 296 5640 1208 5751">
    <p class='ocr_par' dir='ltr' id='par_1_113' title="bbox 296 5640 1208 5751">
     <span class='ocr_line' id='line_1_113' title="bbox 296 5640 1208 5751; baseline -0.002 -52"><span class='ocrx_word' id='word_1_858' title='bbox 296 5648 367 5751; x_wconf 58' lang='lat' dir='ltr'><strong>ﬂ&quot;)</strong></span> <span class='ocrx_word' id='word_1_859' title='bbox 394 5646 491 5699; x_wconf 87' lang='grc' dir='ltr'><strong>σύν</strong></span> <span class='ocrx_word' id='word_1_860' title='bbox 515 5645 638 5700; x_wconf 87' lang='grc' dir='ltr'>αύτ.</span> <span class='ocrx_word' id='word_1_861' title='bbox 666 5643 729 5699; x_wconf 91' lang='lat' dir='ltr'><strong>C.</strong></span> <span class='ocrx_word' id='word_1_862' title='bbox 789 5646 807 5675; x_wconf 85' lang='grc'>⁷</span> <span class='ocrx_word' id='word_1_863' title='bbox 837 5640 1120 5712; x_wconf 78' lang='grc' dir='ltr'>ὲνείληφεν</span> <span class='ocrx_word' id='word_1_864' title='bbox 1146 5645 1208 5697; x_wconf 85' lang='lat' dir='ltr'><strong>C.</strong></span> 
     </span>
     <span class='ocr_line' id='line_1_114' title="bbox 299 5712 1208 5751; baseline -0.001 -1"><span class='ocrx_word' id='word_1_865' title='bbox 299 5718 317 5750; x_wconf 75' lang='grc' dir='ltr'><strong>ι</strong></span> <span class='ocrx_word' id='word_1_866' title='bbox 369 5715 839 5751; x_wconf 62' lang='grc' dir='ltr'><strong>νΛς-ηηνεηηιτῆςῒρ</strong></span> <span class='ocrx_word' id='word_1_867' title='bbox 864 5730 976 5751; x_wconf 62' lang='lat' dir='ltr'><strong>inn!</strong></span> <span class='ocrx_word' id='word_1_868' title='bbox 1010 5716 1038 5751; x_wconf 65' lang='grc' dir='ltr'><strong>Α</strong></span> <span class='ocrx_word' id='word_1_869' title='bbox 1069 5712 1169 5751; x_wconf 64' lang='lat' dir='ltr'><strong>(uin</strong></span> <span class='ocrx_word' id='word_1_870' title='bbox 1207 5742 1208 5748; x_wconf 55' lang='grc' dir='ltr'><strong>η</strong></span> 
     </span>
    </p>
   </div>
   <div class='ocr_carea' id='block_1_114' title="bbox 297 5784 1002 5857">
    <p class='ocr_par' dir='ltr' id='par_1_114' title="bbox 297 5784 1002 5857">
     <span class='ocr_line' id='line_1_115' title="bbox 297 5784 1002 5857; baseline 0.004 -21"><span class='ocrx_word' id='word_1_871' title='bbox 297 5789 342 5821; x_wconf 74' lang='grc' dir='ltr'><strong>ιτ</strong></span> <span class='ocrx_word' id='word_1_872' title='bbox 374 5785 823 5857; x_wconf 58' lang='grc' dir='ltr'>χρησεμευούσης</span> <span class='ocrx_word' id='word_1_873' title='bbox 859 5785 898 5836; x_wconf 82' lang='grc' dir='ltr'><strong>Β</strong></span> <span class='ocrx_word' id='word_1_874' title='bbox 942 5784 1002 5839; x_wconf 89' lang='lat' dir='ltr'><strong>C.</strong></span> 
     </span>
    </p>
   </div>
   <div class='ocr_carea' id='block_1_115' title="bbox 1829 5499 2948 5572">
    <p class='ocr_par' dir='ltr' id='par_1_115' title="bbox 1829 5499 2948 5572">
     <span class='ocr_line' id='line_1_116' title="bbox 1829 5499 2948 5572; baseline -0.002 -16"><span class='ocrx_word' id='word_1_875' title='bbox 1829 5502 1875 5532; x_wconf 82' lang='grc'><strong>⁸⁸</strong></span> <span class='ocrx_word' id='word_1_876' title='bbox 1925 5520 1974 5556; x_wconf 90' lang='grc' dir='ltr'><strong>τ.</strong></span> <span class='ocrx_word' id='word_1_877' title='bbox 2026 5502 2433 5572; x_wconf 15' lang='grc' dir='ltr'>παρ’ίέαυτοῖς</span> <span class='ocrx_word' id='word_1_878' title='bbox 2499 5499 2948 5572; x_wconf 41' lang='grc' dir='ltr'>δεσμοῖς-[συνδ.</span> 
     </span>
    </p>
   </div>
   <div class='ocr_carea' id='block_1_116' title="bbox 1102 5780 2958 5859">
    <p class='ocr_par' dir='ltr' id='par_1_116' title="bbox 1102 5780 2958 5859">
     <span class='ocr_line' id='line_1_117' title="bbox 1102 5780 2958 5859; baseline 0 0"><span class='ocrx_word' id='word_1_879' title='bbox 1102 5780 1525 5859; x_wconf 56' lang='grc' dir='ltr'>¹⁸έ1τὲγονοὲίδσι</span> <span class='ocrx_word' id='word_1_880' title='bbox 1564 5780 1623 5836; x_wconf 71' lang='grc' dir='ltr'><strong>Β·</strong></span> <span class='ocrx_word' id='word_1_881' title='bbox 1705 5780 1981 5859; x_wconf 45' lang='lat' dir='ltr'><strong>{mea</strong></span> <span class='ocrx_word' id='word_1_882' title='bbox 2033 5800 2085 5859; x_wconf 72' lang='lat'><strong>:=-</strong></span> <span class='ocrx_word' id='word_1_883' title='bbox 2133 5784 2270 5859; x_wconf 55' lang='lat'><strong>“05-.</strong></span> <span class='ocrx_word' id='word_1_884' title='bbox 2318 5780 2676 5859; x_wconf 61' lang='grc' dir='ltr'><strong>[Ξοὺς-πόξάς</strong></span> <span class='ocrx_word' id='word_1_885' title='bbox 2707 5780 2790 5859; x_wconf 60' lang='lat' dir='ltr'><strong>Pl</strong></span> <span class='ocrx_word' id='word_1_886' title='bbox 2824 5781 2866 5859; x_wconf 72' lang='grc' dir='ltr'><strong>(Ξ</strong></span> <span class='ocrx_word' id='word_1_887' title='bbox 2896 5780 2958 5859; x_wconf 68' lang='lat' dir='ltr'><strong>P.-</strong></span> 
     </span>
    </p>
   </div>
   <div class='ocr_carea' id='block_1_117' title="bbox 3023 5498 3587 5561">
    <p class='ocr_par' dir='ltr' id='par_1_117' title="bbox 3023 5498 3587 5561">
     <span class='ocr_line' id='line_1_118' title="bbox 3023 5498 3587 5561; baseline 0.005 -10"><span class='ocrx_word' id='word_1_888' title='bbox 3023 5499 3060 5551; x_wconf 84' lang='lat' dir='ltr'>P</span> <span class='ocrx_word' id='word_1_889' title='bbox 3107 5498 3221 5554; x_wconf 81' lang='lat' dir='ltr'><strong>see.</strong></span> <span class='ocrx_word' id='word_1_890' title='bbox 3266 5498 3390 5561; x_wconf 77' lang='grc' dir='ltr'>ιιι.].</span> <span class='ocrx_word' id='word_1_891' title='bbox 3442 5500 3482 5552; x_wconf 83' lang='lat' dir='ltr'><strong>C</strong></span> <span class='ocrx_word' id='word_1_892' title='bbox 3528 5498 3587 5554; x_wconf 84' lang='lat' dir='ltr'><strong>l&#39;.</strong></span> 
     </span>
    </p>
   </div>
   <div class='ocr_carea' id='block_1_118' title="bbox 2290 5567 3589 5641">
    <p class='ocr_par' dir='ltr' id='par_1_118' title="bbox 2290 5567 3589 5641">
     <span class='ocr_line' id='line_1_119' title="bbox 2290 5567 3589 5641; baseline -0.002 -18"><span class='ocrx_word' id='word_1_893' title='bbox 2290 5574 2311 5603; x_wconf 68' lang='grc' dir='ltr'><strong>δ</strong></span> <span class='ocrx_word' id='word_1_894' title='bbox 2342 5567 2700 5641; x_wconf 83' lang='grc' dir='ltr'>εὐτονοτέραν</span> <span class='ocrx_word' id='word_1_895' title='bbox 2724 5567 2794 5624; x_wconf 70' lang='grc' dir='ltr'><strong>ΒΪ</strong></span> <span class='ocrx_word' id='word_1_896' title='bbox 2836 5570 2869 5641; x_wconf 58' lang='grc' dir='ltr'><em>ξ</em></span> <span class='ocrx_word' id='word_1_897' title='bbox 2900 5570 2990 5623; x_wconf 82' lang='grc' dir='ltr'>διὰ</span> <span class='ocrx_word' id='word_1_898' title='bbox 3016 5568 3061 5623; x_wconf 80' lang='grc' dir='ltr'>Α</span> <span class='ocrx_word' id='word_1_899' title='bbox 3084 5567 3126 5625; x_wconf 89' lang='lat' dir='ltr'><strong>C</strong></span> <span class='ocrx_word' id='word_1_900' title='bbox 3161 5570 3220 5624; x_wconf 84' lang='lat' dir='ltr'><strong>P.</strong></span> <span class='ocrx_word' id='word_1_901' title='bbox 3283 5570 3305 5601; x_wconf 82' lang='grc'>⁸</span> <span class='ocrx_word' id='word_1_902' title='bbox 3339 5567 3371 5639; x_wconf 82' lang='grc' dir='ltr'>ἢ</span> <span class='ocrx_word' id='word_1_903' title='bbox 3403 5569 3497 5641; x_wconf 56' lang='grc' dir='ltr'>καὶ</span> <span class='ocrx_word' id='word_1_904' title='bbox 3525 5570 3589 5641; x_wconf 62' lang='lat' dir='ltr'><strong>f3,</strong></span> 
     </span>
    </p>
   </div>
   <div class='ocr_carea' id='block_1_119' title="bbox 2340 5637 3651 5724">
    <p class='ocr_par' dir='ltr' id='par_1_119' title="bbox 2340 5637 3651 5724">
     <span class='ocr_line' id='line_1_120' title="bbox 2340 5637 3651 5724; baseline 0 0"><span class='ocrx_word' id='word_1_905' title='bbox 2340 5642 2503 5724; x_wconf 54' lang='grc' dir='ltr'><strong>ἐἰτοῦ</strong></span> <span class='ocrx_word' id='word_1_906' title='bbox 2538 5637 2739 5724; x_wconf 47' lang='lat' dir='ltr'><strong>“ire;</strong></span> <span class='ocrx_word' id='word_1_907' title='bbox 2770 5641 2810 5695; x_wconf 75' lang='grc' dir='ltr'>ο</span> <span class='ocrx_word' id='word_1_908' title='bbox 2836 5640 2899 5724; x_wconf 72' lang='grc' dir='ltr'><strong>Ρ·</strong></span> <span class='ocrx_word' id='word_1_909' title='bbox 2933 5711 2944 5724; x_wconf 85' lang='grc'><strong>.</strong></span> <span class='ocrx_word' id='word_1_910' title='bbox 2978 5640 3025 5724; x_wconf 67' lang='lat' dir='ltr'><strong>L‘</strong></span> <span class='ocrx_word' id='word_1_911' title='bbox 3052 5637 3415 5724; x_wconf 56' lang='grc' dir='ltr'><strong>ἀιξνέργτῑτδς</strong></span> <span class='ocrx_word' id='word_1_912' title='bbox 3455 5640 3497 5724; x_wconf 67' lang='grc' dir='ltr'>ἕξ</span> <span class='ocrx_word' id='word_1_913' title='bbox 3525 5637 3592 5724; x_wconf 66' lang='grc' dir='ltr'><strong>ἐξ·</strong></span> <span class='ocrx_word' id='word_1_914' title='bbox 3648 5666 3651 5667; x_wconf 51' lang='grc' dir='ltr'>ί</span> 
     </span>
    </p>
   </div>
   <div class='ocr_carea' id='block_1_120' title="bbox 2317 5709 3587 5781">
    <p class='ocr_par' dir='ltr' id='par_1_120' title="bbox 2317 5709 3587 5781">
     <span class='ocr_line' id='line_1_121' title="bbox 2317 5709 3587 5781; baseline -0.004 -13"><span class='ocrx_word' id='word_1_915' title='bbox 2317 5715 2361 5743; x_wconf 71' lang='grc'><strong>³⁵</strong></span> <span class='ocrx_word' id='word_1_916' title='bbox 2382 5712 2667 5781; x_wconf 71' lang='grc' dir='ltr'>διαγωγῆς</span> <span class='ocrx_word' id='word_1_917' title='bbox 2691 5710 2750 5763; x_wconf 85' lang='grc' dir='ltr'><strong>Ρ.</strong></span> <span class='ocrx_word' id='word_1_918' title='bbox 2778 5780 2783 5781; x_wconf 17' lang='grc' dir='ltr'><em>ν</em></span> <span class='ocrx_word' id='word_1_919' title='bbox 2813 5714 2857 5745; x_wconf 80' lang='grc'><strong>’⁸</strong></span> <span class='ocrx_word' id='word_1_920' title='bbox 2887 5711 2957 5781; x_wconf 80' lang='grc' dir='ltr'>τὰ</span> <span class='ocrx_word' id='word_1_921' title='bbox 2986 5709 3048 5765; x_wconf 84' lang='grc' dir='ltr'><strong>Β.</strong></span> <span class='ocrx_word' id='word_1_922' title='bbox 3108 5712 3153 5741; x_wconf 76' lang='grc'>⁸⁸</span> <span class='ocrx_word' id='word_1_923' title='bbox 3180 5709 3496 5781; x_wconf 32' lang='grc' dir='ltr'>ἀγούσηςμϐ</span> <span class='ocrx_word' id='word_1_924' title='bbox 3527 5710 3587 5781; x_wconf 53' lang='lat' dir='ltr'><strong>P3</strong></span> 
     </span>
    </p>
   </div>
   <div class='ocr_carea' id='block_1_121' title="bbox 3072 5779 3591 5834">
    <p class='ocr_par' dir='ltr' id='par_1_121' title="bbox 3072 5779 3591 5834">
     <span class='ocr_line' id='line_1_122' title="bbox 3072 5779 3591 5834; baseline -0.004 1"><span class='ocrx_word' id='word_1_925' title='bbox 3072 5783 3119 5813; x_wconf 82' lang='grc'><strong>¹⁹</strong></span> <span class='ocrx_word' id='word_1_926' title='bbox 3154 5783 3249 5834; x_wconf 77' lang='grc' dir='ltr'>καὶ</span> <span class='ocrx_word' id='word_1_927' title='bbox 3293 5779 3462 5833; x_wconf 81' lang='grc' dir='ltr'>αὑτοῦ</span> <span class='ocrx_word' id='word_1_928' title='bbox 3493 5779 3591 5833; x_wconf 75' lang='grc' dir='ltr'>τοῦ</span> 
     </span>
    </p>
   </div>
   <div class='ocr_carea' id='block_1_122' title="bbox 296 5849 3585 5929">
    <p class='ocr_par' dir='ltr' id='par_1_122' title="bbox 296 5849 3585 5929">
     <span class='ocr_line' id='line_1_123' title="bbox 296 5849 3585 5929; baseline -0.003 -15"><span class='ocrx_word' id='word_1_929' title='bbox 296 5849 425 5929; x_wconf 57' lang='lat' dir='ltr'><strong>abi:</strong></span> <span class='ocrx_word' id='word_1_930' title='bbox 455 5849 497 5913; x_wconf 87' lang='lat' dir='ltr'><strong>C</strong></span> <span class='ocrx_word' id='word_1_931' title='bbox 526 5849 588 5910; x_wconf 80' lang='grc' dir='ltr'><strong>Ρ.</strong></span> <span class='ocrx_word' id='word_1_932' title='bbox 665 5857 707 5887; x_wconf 83' lang='grc'>¹¹</span> <span class='ocrx_word' id='word_1_933' title='bbox 744 5849 1150 5928; x_wconf 72' lang='grc' dir='ltr'>ἐνεργουμένης</span> <span class='ocrx_word' id='word_1_934' title='bbox 1183 5854 1224 5913; x_wconf 88' lang='lat' dir='ltr'><strong>C</strong></span> <span class='ocrx_word' id='word_1_935' title='bbox 1254 5849 1315 5910; x_wconf 76' lang='grc' dir='ltr'><strong>Ρ.</strong></span> <span class='ocrx_word' id='word_1_936' title='bbox 1393 5856 1438 5888; x_wconf 74' lang='grc'><strong>’³</strong></span> <span class='ocrx_word' id='word_1_937' title='bbox 1472 5854 1689 5926; x_wconf 78' lang='grc' dir='ltr'>θέμενοι</span> <span class='ocrx_word' id='word_1_938' title='bbox 1726 5852 1787 5910; x_wconf 88' lang='grc' dir='ltr'><strong>Β.</strong></span> <span class='ocrx_word' id='word_1_939' title='bbox 1864 5849 2197 5924; x_wconf 68' lang='grc' dir='ltr'>¹⁸ὶντέχνως</span> <span class='ocrx_word' id='word_1_940' title='bbox 2234 5852 2294 5909; x_wconf 88' lang='grc' dir='ltr'><strong>Β.</strong></span> <span class='ocrx_word' id='word_1_941' title='bbox 2318 5849 2385 5886; x_wconf 66' lang='grc'><strong>’⁸⁸</strong></span> <span class='ocrx_word' id='word_1_942' title='bbox 2410 5855 2526 5918; x_wconf 80' lang='grc' dir='ltr'>τοῖς</span> <span class='ocrx_word' id='word_1_943' title='bbox 2565 5852 2626 5908; x_wconf 84' lang='grc' dir='ltr'><strong>Β.</strong></span> <span class='ocrx_word' id='word_1_944' title='bbox 2704 5855 2747 5887; x_wconf 74' lang='grc'><strong>’⁸</strong></span> <span class='ocrx_word' id='word_1_945' title='bbox 2776 5849 2891 5916; x_wconf 72' lang='grc' dir='ltr'>τοῖς</span> <span class='ocrx_word' id='word_1_946' title='bbox 2919 5850 2982 5906; x_wconf 87' lang='grc' dir='ltr'><strong>Β.</strong></span> <span class='ocrx_word' id='word_1_947' title='bbox 3060 5853 3109 5885; x_wconf 83' lang='grc'><strong>²⁶</strong></span> <span class='ocrx_word' id='word_1_948' title='bbox 3137 5851 3409 5921; x_wconf 74' lang='grc' dir='ltr'>πεποίηκε</span> <span class='ocrx_word' id='word_1_949' title='bbox 3447 5849 3489 5905; x_wconf 82' lang='lat' dir='ltr'><strong>C</strong></span> <span class='ocrx_word' id='word_1_950' title='bbox 3522 5849 3585 5905; x_wconf 86' lang='grc' dir='ltr'><strong>Ρ.</strong></span> 
     </span>
    </p>
   </div>
  </div>
