4204 6504
702 442 842 500 H35

698 665 807 719 quc
836 649 1171 705 vehementia
1190 648 1414 705 obtundi
1441 650 1597 706 solet.
1623 649 1848 723 Quin,et
1879 652 2047 706 animi
2070 652 2275 709 sollici-

699 742 934 802 tudines,
966 740 1310 810 doloresque,
1329 741 1515 807 solari,
1544 753 1600 798 et
1614 735 1737 798 esse
1754 743 1935 814 gaudii
1948 759 2110 799 causa
2129 758 2275 800 som-

699 848 800 888 nus
824 832 992 886 novit.
1016 832 1151 888 Cum
1170 832 1313 887 enim
1340 832 1584 889 diﬂiciles
1604 834 1779 888 morbi
1804 835 1870 888 ad
1884 833 2094 890 felicem
2123 836 2272 891 vale-

697 923 905 977 tudinis
930 933 1180 978 eveotum
1203 933 1506 989 mutantur,
1539 926 1865 990 amicorum,
1890 938 2269 999 cognatorum.

692 1028 823 1082 que,
848 1021 1011 1081 atque
1032 1011 1403 1080 familiarium,
1442 1020 1556 1067 tum
1583 1015 1756 1085 ipsius
1785 1015 1983 1080 affecti,
2012 1017 2275 1084 gaudium

642 1092 658 1103 ’
693 1104 1068 1175 subsequitur,
1098 1105 1240 1172 quod
1268 1120 1375 1159 non
1408 1120 1475 1160 ex
1514 1108 1733 1178 pr0pria
1774 1109 1943 1163 nostri
1969 1109 2267 1175 voluntate,

692 1197 786 1253 sed
824 1211 1012 1252 eorum
1060 1211 1181 1265 quae
1236 1196 1552 1253 acciderunt
1599 1214 1760 1253 causa
1813 1200 2101 1269 provenire
2145 1215 2268 1257 cer--

693 1296 806 1341 tum
850 1296 953 1342 est.
974 1287 1086 1354 Qui
1128 1290 1273 1343 enim
1322 1290 1517 1345 valenti
1564 1306 1793 1361 corpore
1826 1291 1994 1347 vitam
2036 1295 2264 1364 peragit,

689 1378 849 1448 eique
899 1390 1097 1435 cuncta
1140 1396 1264 1451 quae
1311 1380 1487 1437 oculis
1530 1383 1868 1453 auribusque
1920 1384 2261 1440 animadver-

690 1470 773 1535 tit,
800 1470 1043 1525 animum
1086 1472 1379 1537 oblectant,
1409 1487 1511 1527 nec
1554 1473 1655 1528 sihi
1707 1475 2005 1545 quidquam
2050 1476 2263 1531 adversi

687 1560 1021 1629 suspicatur,
1058 1562 1257 1628 gaudio
1296 1562 1549 1618 adicitur.
1574 1565 1685 1631 Qui
1736 1581 1883 1630 vero,
1928 1571 2011 1621 vel
2058 1580 2259 1624 contu-

690 1649 866 1703 meliis
909 1650 1189 1706 insecutus
1223 1661 1327 1717 est,
1357 1653 1438 1707 vel
1475 1652 1733 1706 damnum
1769 1653 1958 1718 sentit,
1986 1655 2101 1710 sive
2125 1672 2262 1725 pau—

687 1747 893 1809 pertate
934 1741 1219 1810 premitur,
1242 1756 1417 1812 neque
1442 1743 1591 1796 illum
1618 1758 1859 1813 unquam
1885 1759 2009 1815 spes
2040 1747 2264 1803 laetioris

687 1830 921 1886 furtunae
984 1830 1178 1885 fovet:
1239 1848 1364 1888 eum
1429 1832 1647 1889 tristitia
1690 1833 1828 1889 allici
1881 1849 2103 1893 necesse
2155 1846 2258 1892 cst.

2006 440 2291 500 κειετιι
2329 441 2639 503 ΜΟΝΔΕΙΙΙ

773 556 817 612 Α
838 572 1034 615 somno
1048 559 1232 624 etiam,
1251 557 1568 615 morborum
1589 558 2081 632 agritudinumque
2098 558 2182 617 vis
2201 569 2253 616 at

2354 616 2358 627 _
2457 557 2580 616 οἶδε
2617 560 2676 615 δι
2703 560 2749 594 ³⁸
2792 562 2821 614 ό
2858 558 3025 623 ὕπνος
3066 560 3161 614 καὶ
3208 558 3536 631 νοσημάτων
3587 559 3957 633 σφοδρότητας

2380 651 2703 723 ἀμϐλύνειν,
2737 650 2833 706 καὶ
2881 651 3120 722 ψυχικὰς
3159 650 3401 720 ἀγωνίας
3431 652 3527 709 καὶ
3562 649 3744 716 λύπας
3775 668 3957 725 παρα-

2380 742 2703 813 μυθεῖσθαι,
2732 743 2828 797 καὶ
2856 742 3033 814 χαρὰν
3076 743 3345 813 ἐμποιεῖν.
3386 743 3452 796 Ἦ
3481 741 3591 813 γὰρ
3622 744 3688 797 ἑκ
3711 736 3955 814 χαλεπῆς

2374 834 2692 904 ἀρρωστίας
2748 833 2886 903 πρὸς
2948 832 3141 901 ὑγείαν
3194 832 3240 864 ³⁸
3302 822 3574 902 γενομένη
3628 833 3811 904 κρίσις
3863 834 3952 888 ἀπ’

2374 924 2564 995 ἁγαθῷ
2587 926 2652 989 ³⁸,
2684 927 2780 978 καὶ
2820 925 2994 994 φίλων
3023 925 3116 977 καὶ
3149 926 3429 992 συγγενῶν
3464 926 3559 978 καὶ
3589 925 3826 987 οίκείων,
3856 924 3952 979 καὶ

2372 1016 2540 1069 αὐτοῦ
2569 1016 2665 1069 τοῦ
2699 1016 3003 1086 κάμνοντος
3025 1016 3070 1047 ⁸⁸
3112 1015 3347 1085 ὑπάρχει
3381 1015 3548 1085 χαρά.
3574 1013 3732 1085 Δύπη
3763 1015 3819 1067 δὲ
3856 1015 3949 1070 καὶ

2370 1106 2517 1178 χαρά
2565 1108 2642 1173 ³⁷,
2686 1108 2789 1161 οὐκ
2816 1108 2860 1140 ³⁸
2891 1109 2955 1160 ὲκ
3000 1107 3410 1178 προαιρέσεως,
3453 1105 3568 1158 ἀλλ’
3606 1108 3671 1159 εκ
3713 1107 3813 1177 τῆς
3838 1104 3949 1160 τῶν

2372 1198 2783 1267 συμϐαινόντων
2835 1194 3165 1258 ἀκολουθίας
3191 1195 3236 1226 ³⁹
3291 1192 3663 1246 συνίστανται.
3728 1191 3790 1246 '0
3837 1190 3949 1261 γὰρ

2367 1290 2510 1343 κατὰ
2544 1289 2637 1341 τὸν
2676 1287 2789 1358 βίον
2823 1286 3222 1358 εὐθηνούμενος
3244 1284 3323 1349 ⁸⁸,
3365 1282 3583 1338 ἀκούων
3612 1300 3672 1337 τε
3700 1282 3797 1337 καὶ
3825 1282 3948 1353 βλε.

2368 1398 2486 1435 πων
2526 1381 2597 1434 τά
2628 1381 2782 1448 αύτῷ
2830 1378 3187 1447 καταθύμια,
3235 1376 3345 1430 τῶν
3371 1375 3646 1429 δυσκόλων
3691 1373 3749 1427 δέ
3778 1390 3833 1427 τι
3869 1372 3947 1445 μὴ

2367 1471 2685 1544 προσδοκῶν
2707 1469 2859 1541 αύτῷ
2886 1470 2932 1502 ’⁸⁸
2962 1468 3295 1539 γενήσεσθαι
3318 1467 3365 1501 ⁸³
3398 1466 3580 1539 χαίρει
3602 1482 3617 1498 ·
3648 1468 3678 1520 ό
3703 1466 3760 1521 δι
3788 1464 3945 1519 πινό-

2368 1579 2549 1633 μενος,
2599 1562 2641 1637 η
2681 1561 3059 1631 τυπτόμενος,
3106 1559 3141 1629 ἢ
3191 1556 3601 1629 ζημιούμενος,
3641 1556 3677 1626 η
3726 1572 3782 1608 τι
3831 1552 3945 1608 τῶν

2364 1653 2464 1706 οὐκ
2489 1652 2533 1685 ⁵³
2562 1650 2788 1721 ἀγαθῶν
2814 1650 2906 1705 ἀεὶ
2936 1648 3277 1721 προσδοκῶν,
3311 1646 3528 1716 ἀνάγκη
3557 1643 3850 1699 λυπεῖσθαι
3868 1642 3939 1698 ⁸⁵.

751 1966 886 2022 Nam
913 1967 1059 2023 risus
1092 1969 1336 2026 deﬂuens
1367 1986 1397 2024 a
1425 1971 1622 2040 gaudio
1658 1970 1904 2027 nascitur
1930 1989 1945 2037 ;
1981 1987 2011 2026 a
2039 1952 2253 2028 tristitia

2432 1975 2689 2028 Τίκτεται
2710 1973 2756 2005 ⁸⁸
2779 1970 2898 2037 οὖν,
2924 1972 2990 2026 ἐκ
3011 1942 3059 2005 ⁸-⁸
3095 1972 3195 2044 μὲν
3219 1973 3319 2044 τῆς
3346 1972 3544 2042 χαρᾶς,
3571 1968 3817 2039 διάχυσις
3845 1967 3941 2022 καὶ

680 2077 811 2115 vero
854 2065 1092 2132 gemitus
1134 2071 1188 2117 ct
1233 2064 1490 2134 laerymte
1538 2074 1990 2135 progenerantur.
2069 2063 2258 2134 Siqui-

680 2154 802 2207 dem
870 2152 1101 2210 affectus
1172 2154 1369 2209 animae
1438 2153 1549 2225 ω
1599 2155 1694 2224 qui
1753 2154 2030 2224 voluptate
2085 2167 2255 2218 caret,

679 2244 902 2299 tristitia
940 2253 1046 2307 est,
1077 2261 1201 2316 qua:
1229 2261 1354 2302 eum
1394 2245 1580 2301 Grtece
1631 2245 1775 2317 λύπη
1833 2246 2069 2314 dicatur,
2105 2247 2259 2319 παρὰ

675 2334 739 2388 τὸ
764 2333 934 2402 λύειν,
974 2337 1124 2406 quod
1192 2337 1389 2391 solvere
1445 2336 1683 2401 diceres,
1730 2352 1798 2391 ex
1827 2351 1894 2391 eo
1926 2336 2095 2402 dicta,
2126 2339 2257 2408 quia

676 2428 865 2482 oculos
925 2426 979 2482 iu
1048 2427 1317 2499 lacrymas
1369 2429 1564 2483 solvat.
1631 2426 1757 2483 Sive
1806 2444 1837 2482 a
1876 2427 2252 2498 λυμαίνεσθαι,

674 2517 823 2587 quod
878 2516 1006 2571 lardi
1056 2518 1383 2587 explicares,
1447 2521 1605 2589 quasi
1666 2520 1914 2589 quaedam
1968 2521 2253 2577 oculorum

676 2607 830 2663 laesio
855 2608 947 2663 sit.
981 2606 1172 2665 Passio
1198 2609 1347 2677 enim
1376 2609 1533 2679 plena
1557 2609 1785 2678 doloris,
1821 2612 2023 2667 solutio
2056 2612 2254 2667 anima:

673 2707 777 2755 est.
808 2699 1081 2755 Gaudium
1129 2716 1279 2769 vero,
1336 2702 1593 2757 atl‘ectum
1650 2712 1900 2761 votorum
1940 2710 2251 2772 compotem

671 2806 814 2853 esse,
879 2791 1104 2861 quidam
1185 2800 1450 2848 statuunt.
1507 2791 1787 2864 Lacrymte
1834 2802 2060 2855 autem.
2130 2807 2254 2863 quae

671 2879 864 2937 Graeco
893 2885 1115 2939 nomine
1161 2883 1371 2955 δάκρυα
1402 2895 1809 2954 nuncupantur,
1868 2879 1980 2939 οἷον
2018 2884 2251 2955 δάκρυον

668 2970 725 3023 τί
744 2960 883 3036 ἐστι,
913 2974 1070 3042 quasi
1098 2989 1358 3027 remorata:
1396 2977 1613 3044 quidam
1652 2977 1720 3029 sit
1768 2990 1788 3029 :
1815 2986 1940 3030 nam
1999 2976 2252 3045 lncrytna

671 3078 701 3119 a
734 3077 980 3118 remorso
1006 3064 1171 3119 corde
1228 3066 1557 3135 proveniunt
1592 3084 1605 3119 :
1644 3068 1727 3122 hze
1764 3077 1943 3121 autem
2005 3067 2248 3136 sic’pro-

671 3162 948 3207 creantur.
980 3153 1115 3209 Cum
1150 3155 1313 3211 homo
1372 3158 1592 3215 tristitia
1626 3169 1947 3229 occupatur,
1979 3174 2101 3230 qua:
2124 3159 2248 3213 ani-

671 3258 816 3299 mam
849 3247 1140 3312 contrahit,
1197 3248 1487 3303 concussio
1534 3265 1657 3320 quae
1684 3252 1992 3321 angustiam
2057 3250 2242 3317 infert,

668 3350 791 3405 qua:
825 3336 976 3393 intus
1006 3346 1134 3393 sunt
1169 3339 1378 3393 viscera
1401 3349 1654 3410 occupat,
1689 3341 1835 3397 unde
1869 3341 2102 3412 plurima
2147 3342 2246 3397 hu-

672 3443 886 3483 merum
941 3430 1214 3486 exhalatio
1260 3430 1331 3486 ad
1394 3432 1680 3487 cerebrum
1730 3433 1917 3493 tendit.
1947 3433 2085 3489 Cum
2118 3449 2247 3490 vero

670 3534 803 3576 cava
839 3521 959 3591 ejus
1017 3521 1364 3577 exhalatione
1419 3538 1485 3577 ex
1521 3522 1740 3578 tristitia
1769 3526 2122 3595 proveniente
2157 3539 2246 3582 re-

670 3612 902 3679 plentur,
933 3613 999 3666 ad
1031 3612 1314 3667 oculorum
1350 3613 1560 3669 tunicas
1588 3613 1783 3669 humor
1832 3615 2148 3687 impellitur,
2188 3625 2244 3673 et

668 3702 735 3756 ad
788 3704 1209 3759 ostentationem
1271 3705 1425 3760 inviti
1461 3715 1644 3763 motus
1695 3706 1958 3777 disjeetus
1993 3710 2240 3765 humoris

669 3794 904 3861 pondus,
937 3809 1035 3850 ceu
1063 3810 1188 3851 cum
1240 3798 1529 3883 nubecula
1562 3799 1616 3852 in
1647 3814 1827 3854 rorem
1872 3801 2113 3856 converti
2154 3817 2245 3857 so-

670 3888 801 3951 lent,
829 3887 896 3941 ad
933 3887 1040 3943 ima
1063 3888 1254 3955 tendit,
1274 3897 1330 3944 et
1361 3889 1465 3946 hoc
1491 3899 1651 3959 pacto
1679 3900 2088 3947 crassescentes
2120 3893 2244 3949 illos

666 3992 895 4049 vapores
925 3979 979 4033 iu
1000 3980 1269 4051 lacrymas
1301 3981 1501 4036 resolvi
1536 3980 1821 4052 contingit.
1853 3980 2009 4038 Unde
2026 3982 2242 4051 netues,

2360 2069 2565 2136 γέλως·
2602 2066 2667 2117 ἐκ
2689 2063 2746 2120 δὲ
2776 2064 2876 2135 τῆς
2905 2064 3115 2135 λύπης,
3150 2062 3451 2131 στεναγμοί
3481 2077 3541 2114 τε
3580 2062 3675 2113 καὶ
3701 2060 3939 2131 δάκρυα.

2362 2162 2519 2217 Ἔστι
2542 2162 2600 2217 δὲ
2625 2163 2774 2235 λύπη
2792 2159 3034 2220 διάθεσις
3054 2156 3235 2229 ψυχῆς
3258 2155 3463 2227 ἡδονῶν
3486 2152 3827 2224 ἑστερημένη
3858 2153 3904 2184 ⁸⁷
3920 2168 3936 2183 ο

2358 2255 2673 2327 παράγεται
2706 2256 2765 2310 δὲ
2804 2254 2972 2319 λύπη
3005 2250 3157 2323 παρά
3208 2248 3270 2303 τὺ
3315 2247 3466 2301 λύειν
3494 2248 3620 2309 τοὺς
3656 2237 3813 2309 ὦπας
3858 2246 3939 2308 είς

2354 2348 2569 2419 δάκρυα
2591 2348 2636 2379 ⁸⁸
2662 2387 2679 2411 ,
2710 2345 2807 2400 καὶ
2832 2340 3196 2415 λυμαίνεσθαι
3221 2338 3448 2403 τούτους
3475 2354 3489 2369 °
3529 2336 3721 2407 λυώπη
3765 2336 3811 2369 ⁸⁸
3852 2334 3939 2399 τίς

2355 2435 2517 2494 οὖσα.
2548 2437 2721 2502 Λύσις
2748 2437 2859 2509 γὰρ
2895 2437 2996 2505 τῆς
3022 2433 3201 2504 ψυχῆς
3228 2434 3345 2488 ἔστι
3378 2430 3441 2487 τὸ
3468 2429 3642 2493 πάθος
3675 2429 3736 2481 τδ
3767 2428 3937 2496 λυπη-

2358 2527 2450 2597 ρόν
2476 2543 2489 2557 ·
2527 2527 2707 2599 χαρὰν
2757 2527 2814 2581 δὲ
2854 2524 3128 2595 ὁρίζονται
3161 2523 3260 2594 τὴν
3289 2521 3399 2574 τῶν
3444 2518 3801 2592 καταθυμίων
3845 2520 3938 2571 ἐκ·

2353 2614 2664 2686 πλήρωσιν.
2703 2614 2775 2666 Τὸ
2811 2613 2869 2671 δὲ
2918 2611 3187 2680 δάκρυον
3214 2605 3327 2664 οἷόν
3358 2624 3411 2662 τι
3441 2609 3672 2663 δάκνυόν
3702 2610 3821 2661 ἐστι
3844 2607 3893 2639 ⁸⁸
3916 2622 3932 2639 ·

2352 2702 2693 2773 δακνομένης
2712 2704 2757 2735 ³¹
2786 2702 2910 2772 ,γὰρ
2957 2700 3059 2771 τῆς
3113 2697 3294 2769 ψυχῆς
3322 2697 3366 2729 ³³
3417 2696 3703 2767 ἐξέρχεται
3747 2694 3808 2747 τὸ
3836 2693 3931 2748 δά-

2355 2810 2541 2864 κρυον.
2588 2793 2653 2846 Ἦ
2686 2793 2743 2848 δὲ
2770 2792 2983 2861 γένεσις
3015 2789 3181 2844 αὑτοῦ
3207 2790 3407 2842 τοιάδε·
3456 2787 3572 2857 Τῆς
3595 2782 3929 2853 ἐπελθούσης

2352 2884 2507 2950 ἀνίας
2526 2884 2603 2956 τῷ
2624 2883 2898 2956 ἀνθρώπῳ
2920 2883 2967 2916 ⁸³
2989 2883 3089 2953 τὴν
3112 2883 3289 2951 ψυχὴν
3315 2878 3728 2950 συστελλούσης,
3760 2875 3930 2947 βρασ-

2357 2976 2543 3048 μὼδης
2598 2975 2931 3045 στενοχωρία
2967 2976 3080 3034 τοῖς
3126 2971 3340 3029 ἔνδοθεν
3386 2970 3687 3037 ἐπιγίνεται
3719 2965 3927 3035 σπλάγε

2349 3085 2500 3140 χνοις
2521 3083 2537 3097 ·
2579 3064 2641 3132 ἐξ
2671 3061 2741 3139 ἦς
2772 3065 3139 3135 ἀναθυμίασις
3175 3063 3401 3133 πλείστη
3436 3061 3621 3132 ὑγρῶν
3669 3058 3807 3129 πρὸς
3834 3058 3927 3112 τὸν

2347 3146 2653 3232 ἐγκέφαλον
2696 3160 2903 3229 γίνεται
2927 3172 2942 3188 ο
2972 3159 3102 3215 ὅταν
3143 3156 3201 3210 δὲ
3231 3155 3398 3209 αὐτοῦ
3440 3153 3510 3207 τά
3538 3152 3694 3206 κοῖλα
3724 3150 3835 3204 τῶν
3862 3152 3927 3203 tu

2350 3254 2452 3325 τῆς
2500 3254 2679 3324 λύπης
2723 3250 3144 3321 ἀναθυμιάσεων
3185 3246 3519 3322 πληρωθῶσι
3545 3286 3561 3313 ,
3620 3245 3763 3317 πρὸς
3800 3243 3927 3307 τοὺς

2352 3344 2649 3414 ὀφθαλμῶν
2670 3344 2718 3376 ⁸⁵
2751 3343 3055 3398 ἀπωθεῖται
3094 3339 3333 3413 χιτῶνας
3361 3340 3463 3410 τὴν
3492 3337 3761 3411 ὑγρασίαν
3787 3352 3803 3367 ·
3834 3336 3928 3391 καὶ

2351 3440 2418 3509 τῇ
2446 3436 2537 3491 τοῦ
2569 3435 2870 3507 άϐουλήτου
2892 3436 2940 3467 ⁸⁸
2969 3433 3119 3504 δήξει
3147 3434 3194 3467 ⁸⁸
3216 3432 3312 3488 τοῦ
3343 3431 3515 3505 ὑγροῦ
3556 3428 3929 3495 ἀποσκευαζό-

2355 3545 2517 3601 μενον
2558 3529 2623 3582 τδ
2654 3528 2820 3600 βάρος
2851 3526 3257 3597 καταφέρεται,
3292 3524 3483 3600 ὥσπερ
3528 3524 3690 3593 νέφος
3717 3522 3798 3584 εἰς
3826 3519 3929 3591 ψε-

2352 3619 2512 3680 κάδα.
2567 3615 2742 3682 οὕτως
2786 3615 2883 3672 τοῦ
2913 3615 3120 3687 πάχους
3137 3615 3181 3649 ⁸⁷
3221 3611 3333 3668 τῶν
3362 3610 3554 3683 ἀτμῶν
3585 3607 3927 3668 διαλυθέντος
4028 3616 4031 3617 ⁷

2349 3712 2430 3774 είς
2468 3709 2727 3781 δάκρυον.
2786 3708 2958 3764 Ἔνθα
3002 3705 3099 3760 καὶ
3149 3703 3318 3776 ἠδονὴ
3348 3702 3433 3768 τίς
3480 3703 3637 3766 ἔστι,
3693 3698 3861 3768 φησὶν
3896 3698 3928 3751 δ

2350 3803 2524 3874 μέγας
2555 3800 2859 3866 Βασίλειος,
2886 3802 3001 3863 τοῖς
3026 3796 3393 3868 λυπουμένοις
3418 3794 3549 3865 περὶ
3574 3793 3665 3846 τὸν
3688 3790 3889 3864 θρῆνον
3905 3802 3923 3819 ⁸

2345 3890 2720 3956 λανθανόντως
2747 3890 2836 3944 διὰ
2860 3888 2957 3943 τοῦ
2990 3887 3203 3943 κλαίειν
3231 3885 3565 3958 κενουμένου
3597 3883 3781 3949 αὐτοῖς
3827 3878 3924 3935 τοῦ

2346 3982 2698 4053 βαρύνοντος.

669 4085 728 4129 ιιι
756 4090 987 4144 magnus
1016 4074 1248 4131 Basilius
1296 4084 1591 4140 asseverat,
1656 4076 1786 4132 dum
1838 4077 1972 4148 ipsis
2001 4079 2144 4149 quod
2176 4078 2459 4137 cerebrum
2509 4078 2769 4150 degravat
2824 4076 3157 4140 exinanitur,
3214 4073 3496 4144 voluptate
3553 4070 3789 4143 quadam
3821 4067 3929 4129 sub

668 4174 817 4227 luctu
857 4171 1057 4226 latente
1103 4170 1435 4228 adiciuntur.

740 4327 814 4380 Ex
837 4327 941 4383 liae
964 4367 980 4392 ,
1001 4328 1247 4397 inquam,
1277 4330 1802 4405 quantasseruimus
1836 4330 2104 4386 viseerum
2137 4347 2239 4386 an-

665 4418 867 4488 gustia,
899 4433 965 4474 ae
997 4418 1229 4485 plurima
1265 4419 1633 4485 exhalatione,
1667 4437 1792 4476 cum
1840 4432 1894 4476 et
1921 4423 2241 4493 respiratio-

664 4510 751 4568 nis
804 4501 1169 4564 inst'rumenta
1232 4509 1689 4579 comprimantur,
1746 4527 2124 4582 saepenumero
2171 4513 2241 4568 ab

665 4605 779 4675 ipsa
809 4609 1002 4659 natura
1023 4601 1251 4672 spiritus
1281 4609 1490 4658 tractus
1517 4602 1867 4659 violentiores
1888 4605 2235 4672 emittuntur,

667 4711 773 4764 quo
793 4695 880 4752 his
901 4710 1023 4765 qua:
1058 4704 1354 4751 evenerant
1382 4696 1675 4751 dilatandis
1740 4698 2017 4767 suppetias
2076 4676 2235 4754 ades-

664 4796 763 4843 set.
823 4786 924 4843 Cui
972 4787 1190 4857 quidem
1233 4788 1500 4844 accidenti
1560 4788 1820 4857 tristitiae,
1861 4804 2062 4845 nomen
2132 4788 2236 4843 im-

661 4894 869 4946 ponas;
904 4880 1592 4950 Quapropter,_gemitum,
1650 4880 1758 4935 hoc
1812 4880 2238 4936 exhalationem-

657 4985 762 5040 que
802 4982 1203 5042 nuncupamus.
1260 4971 1456 5025 Anima
1514 4988 1749 5042 namque
1791 4974 1907 5043 ipsa
1958 4987 2054 5043 per
2095 4973 2237 5027 hunc

658 5063 918 5127 gemitum
952 5078 1072 5123 sese
1115 5064 1274 5137 quasi
1318 5063 1511 5126 reﬁcit,
1565 5063 1634 5118 ab
1678 5065 1771 5119 illo
1794 5066 1993 5119 ardore
2026 5064 2120 5132 qui
2165 5063 2236 5117 ob

658 5152 1387 5225 supervenienlemtristitite
1446 5169 1736 5211 maerorem
1774 5154 1825 5207 in
1874 5154 2039 5209 corde
2073 5170 2225 5207 cras-

727 5373 771 5403 ³³
803 5372 910 5445 γάρ
941 5371 1029 5445 Β.ν
1075 5371 1467 5445 ⁸¹⁸ᾲύγξίανΒν
1532 5372 1577 5445 ’ξ
1611 5370 1696 5424 ἐπ’
1729 5373 1949 5445 ἀγαθῶν
2107 5376 2151 5406 ³⁸
2180 5392 2232 5427 κ.
2276 5393 2330 5427 α.
2363 5373 2455 5428 τοῦ
2507 5374 2957 5445 κάμνοντοςοηι.
2986 5375 3047 5427 Β.
3126 5374 3171 5406 ³⁷
3196 5374 3261 5445 λ.
3296 5373 3351 5445 δὲ
3386 5372 3480 5427 καὶ

951 5444 1064 5499 καὶ.
1095 5443 1197 5497 οὐκ
1232 5440 1292 5494 P.
1372 5442 1414 5475 ⁸³
1448 5441 1603 5495 ἀκολ.
1644 5458 1756 5495 om.
1788 5443 1850 5497 Β.
1886 5459 2005 5498 mox
2039 5446 2375 5497 συνίσταται.

654 5444 700 5474 ³³
721 5443 868 5523 χαρά
888 5444 922 5511 ἡ

2427 4331 2521 4385 Ἐκ
2539 4330 2597 4385 δι
2622 4330 2725 4401 τῆς
2751 4329 3051 4401 εἰρημένης
3069 4329 3180 4383 τῶν
3211 4327 3536 4399 σπλάγχνων
3559 4327 3922 4398 στενοχωρίας

2344 4423 2568 4493 καὶτῆς
2616 4422 2820 4493 πολλῆς
2864 4420 3321 4491 ἀναθυμιάσεως,
3358 4419 3453 4493 καὶ
3501 4416 3613 4473 τῶν
3642 4421 3921 4475 ἀναπνεύ-

2344 4515 2546 4570 στικῶν
2619 4512 3146 4585 στενοχωρουμένων
3200 4512 3449 4582 ὀργάνων
3489 4511 3537 4544 ⁵⁸
3560 4552 3577 4578 ,
3641 4510 3923 4584 βιαιοτέρα

2343 4603 2604 4670 πολλάκις
2635 4607 2669 4678 ἡ
2702 4604 2837 4676 ὁλκὴ
2862 4603 2956 4659 τοῦ
3012 4602 3327 4675 πνεύματος
3380 4602 3630 4671 γίνεται,
3680 4601 3789 4656 ὑπὸ
3820 4601 3935 4672 τῆς

2341 4700 2559 4770 φύσεως
2591 4699 2725 4769 πρὸς
2756 4698 2855 4768 τὴν
2905 4696 3016 4750 τῶν
3052 4694 3535 4767 συμπεπτωκότων
3553 4696 3600 4729 ⁸³
3631 4694 3921 4766 διαστολὴν

2334 4790 2399 4843 τὸ
2442 4789 2718 4843 στενωθὲν
2747 4786 3104 4861 εύρυνούσης.
3134 4786 3209 4840 Τὸ
3234 4786 3293 4840 δὲ
3322 4785 3566 4839 τοιοῦτον
3598 4783 3919 4856 σύμπτωμα

2335 4882 2515 4953 λύπης
2545 4881 2664 4935 ἐστί
2689 4898 2703 4914 ’
2740 4881 2823 4934 διὸ
2854 4878 3161 4949 στεναγμὸν
3197 4877 3332 4931 αὐτὸ
3376 4878 3471 4932 καὶ
3504 4877 3849 4947 ἀποπιισμδν
3870 4876 3916 4908 ⁸⁸

2333 4975 2697 5045 ὀνομάζομεν.
2742 4972 3067 5028 ’Δνακτᾶται
3095 4971 3204 5042 γάρ
3225 4972 3284 5024 ὲν
3311 4971 3488 5042 τούτῳ
3508 4970 3587 5041 τῷ
3621 4967 3913 5039 στεναγμῷ

2333 5060 2444 5118 οἷον
2474 5065 2674 5135 ἑαυτὴν
2703 5066 2737 5135 ἡ
2773 5062 2945 5135 ψυχὴ,
2988 5065 3055 5135 τῇ
3092 5062 3384 5135 ἀποκρίσει
3408 5063 3509 5133 τῆς
3542 5061 3911 5132 παχυνθείσης

2334 5159 2391 5210 ἐν
2416 5160 2484 5229 τῇ
2518 5158 2716 5229 καρδίᾳ
2737 5156 2826 5210 διὰ
2847 5157 2949 5226 τῆς
2983 5155 3160 5228 λύπης
3182 5157 3226 5189 ⁶¹
3265 5155 3497 5227 αἱθάλης
3519 5196 3534 5221 ,
3564 5154 3661 5210 καὶ
3691 5157 3758 5227 τῇ
3792 5154 3909 5209 ἀντ·

2451 5374 2455 5422 ὲ
2507 5374 2809 5445 κάμνοντος
2848 5388 2957 5429 om.
2986 5375 3047 5427 Β.
3126 5374 3171 5406 ³⁷
3210 5374 3261 5427 λ.
3296 5374 3351 5426 δὲ
3386 5374 3480 5427 καὶ
3523 5392 3576 5442 χ.
3618 5388 3727 5427 om.
3775 5374 3817 5427 Β
3846 5374 3906 5431 C.

2451 5446 2497 5476 ⁵⁸
2540 5442 2998 5515 ὲνευθηνούμενος
3030 5446 3089 5497 Β.
3122 5442 3516 5515 εὐθυνούμενος
3548 5444 3609 5498 C.
3680 5444 3721 5475 “
3764 5445 3913 5515 αὐτῷ

652 5511 753 5584 τοῦ
783 5511 992 5584 γενηΒ.
1070 5512 1116 5543 ⁸³
1157 5511 1414 5584 γενέσθαι
1452 5514 1513 5565 Ρ.
1593 5512 1638 5544 ⁸⁸
1677 5514 1776 5566 οὐκ
1811 5532 1919 5567 υιιι.
1952 5516 2013 5567 Α.
2092 5516 2137 5546 ⁸³
2164 5532 2262 5584 πρ.
2290 5515 2513 5583 εὔδηλον
2550 5516 2633 5567 ὅτι
2655 5511 2903 5566 λυπεῖται
2932 5515 2997 5568 Ρ.
3072 5515 3117 5546 ⁸³
3156 5518 3386 5584 τήκεται
3415 5514 3481 5566 Α.
3528 5515 3775 5566 τίκτεται
3817 5511 3913 5584 μὲν

651 5583 744 5639 οὖν
785 5583 847 5635 Β.
872 5582 1116 5637 τίκτεται
1151 5583 1210 5635 δὲ
1236 5583 1277 5635 C
1306 5584 1369 5635 P.

652 5651 695 5723 ξ’
730 5655 810 5716 εἰς
844 5653 894 5705 δι
923 5656 1049 5715 τοὺς
1071 5647 1225 5716 ὦπας
1268 5653 1329 5708 Β.
1406 5653 1450 5685 δ’
1494 5647 1665 5723 iuriam
1690 5654 1749 5706 Β.
1778 5696 1781 5701 .

1482 5584 1528 5615 ⁸⁸
1567 5585 1658 5651 qui
1693 5584 1856 5638 habet
1884 5584 1991 5636 ἀπό
2022 5602 2119 5649 pro
2142 5581 2238 5638 οὖν
2264 5589 2346 5639 ἐκ.

1857 5655 1902 5684 ⁵⁸
1933 5655 2219 5709 τίδάκνιον
2265 5657 2317 5707 τί
2349 5658 2462 5709 ἐστι
2507 5658 2571 5718 Α,
2600 5649 2725 5715 ἶοῖον
2778 5652 3006 5707 δάκνυον
3052 5649 3256 5719 ἐστι’Β,
3294 5649 3407 5708 οἷόν
3431 5670 3484 5706 τι
3521 5649 3754 5707 δάκνυον
3781 5656 3821 5708 ι)
3848 5649 3908 5708 Ρ.

2459 5586 2503 5617 ⁸⁷
2547 5587 2670 5655 haec~
2708 5584 2914 5655 onnA.
2976 5584 3372 5655 ἑστεριγμένης
3431 5584 3471 5637 Ρ
3507 5584 3652 5655 λύπη
3705 5600 3817 5637 om.
3849 5586 3910 5651 P,

721 5723 1075 5797 Gatsywttévn;
1100 5725 1162 5786 Α·
1209 5722 1286 5797 _"
1316 5724 1541 5797 καρδίας
1641 5722 1768 5797 (ΞΡ.
1844 5724 1892 5797 ’ξ
1930 5725 2019 5797 τὸν
2052 5726 2342 5797 ἄνθρωπον
2381 5728 2440 5778 Β.
2515 5727 2562 5758 ⁸⁸
2587 5725 2698 5777 τῶν
2738 5722 2860 5797 ὀφθ.
2894 5724 2934 5774 Β
3033 5726 3095 5778 P.
3172 5724 3542 5797 "_d60u).€tou
3569 5725 3631 5778 C.
3694 5725 3753 5797 _“
3784 5724 3910 5795 δόξη

805 5793 849 5826 ³⁷
890 5791 949 5846 τὸ
984 5796 1157 5863 πάχος
1203 5791 1426 5865 Baulos
1480 5793 1751 5865 διαλυθέν.

1850 5794 1897 5826 ⁵⁸
1929 5796 1997 5847 τά
2018 5793 2427 5850 ἀναπνευστικά
2459 5793 2936 5866 στενοχωρούμενοι
2968 5794 3177 5866 ὄργανα
3232 5795 3288 5849 Β.
3358 5797 3403 5828 ⁸⁸
3446 5795 3817 5850 πεπτωκότων
3845 5793 3906 5851 A.

652 5863 698 5895 "
727 5865 1051 5935 ποτνιατμον
1080 5867 1139 5932 Α,
1175 5863 1583 5933 ἀποπνειασμὸν
1620 5863 1676 5919 Β.
1756 5864 1793 5894 δ’
1834 5864 1879 5915 δ.
1920 5881 1966 5917 ν.
2002 5866 2179 5937 λύπης
2204 5883 2312 5922 om.
2350 5869 2408 5919 Β.
2443 5869 2546 5920 ὑπὸ
2580 5863 2713 5918 τζλ.
2736 5865 2774 5916 ιι
2798 5864 2860 5917 Ρ.

3732 102 3811 119 .W'”
3862 112 3881 119 μγ
4064 108 4069 113 ⁸
