4204 6446
252 395 400 454 "65

1506 395 1596 452 DE
1635 395 1925 456 NATURA
1966 396 2276 456 HOMINIS.

3419 388 3589 449 ιιισ·

249 510 427 575 οὕτως
446 526 460 540 ⁸
511 508 744 581 δύναμις
774 508 953 584 ψυχῆς
1004 511 1374 584 ἀντιληπτικὴ
1401 513 1511 568 τῶν
1545 516 1840 587 αἰσθητῶν.

1957 514 2402 574 instrumentalia
2458 513 2761 586 porrigitur
2811 531 2826 581 ;
2859 509 2977 568 sive
3013 510 3123 565 hoc
3173 517 3350 586 pacto.
3385 524 3403 562 :
3437 523 3564 565 sen-

260 607 324 659 'O
356 605 416 658 δὲ
463 603 692 658 Πλάτων
720 605 823 674 τὴν
867 603 1123 676 αἴσθησιν
1155 605 1447 676 δυνάμεως
1485 607 1581 660 καὶ
1606 603 1846 678 ὀργάνου

249 696 539 749 κοινωνίαν
574 696 711 767 πρὸς
757 696 825 750 τά
854 696 1012 759 ὲκτδς
1052 696 1300 768 ὁρίζεται
1321 713 1335 729 ⁶
1389 699 1636 752 τουτέστι
1665 699 1847 768 ψυχῆς

248 787 348 838 καὶ
373 785 662 855 σώματος’
698 787 733 856 ή
766 786 876 858 γάρ
922 787 1154 858 δύναμις
1181 787 1390 857 ψυχῆς,
1423 789 1485 841 τὸ
1529 789 1588 841 δὲ
1613 788 1846 860 ὄργανον

250 878 505 947 σώματος
531 895 546 909 ο
575 878 745 948 ἄμφω
781 879 840 933 δὲ
867 878 955 933 διά
997 879 1301 950 φαντασίας
1334 880 1704 951 ἀντιληπτικὰ
1734 878 1846 934 τῶν

247 967 473 1034 ἔξωθεν.
1677 958 1683 966 ’

316 1235 686 1308 Δίσθητήριον
747 1235 804 1289 δέ
852 1237 1004 1289 ἐστιν
1058 1234 1292 1306 ὄργανον
1345 1235 1448 1306 τῆς
1498 1235 1842 1307 ἀντιλήψεως

246 1328 356 1382 τῶν
384 1327 680 1398 αἰσθητῶν,
718 1327 752 1395 ἢ
777 1326 837 1380 τὸ
875 1326 1130 1394 αἴσθησιν
1159 1326 1284 1379 τινὰ
1321 1327 1842 1396 ὲμπεπιστευμένον

246 1421 480 1491 ὄργανον
502 1421 585 1452 ’θ’
643 1417 903 1489 αἰσθητὸν
963 1418 1022 1471 δὲ
1067 1417 1128 1470 τὸ
1172 1416 1429 1489 αἰσθήσει
1490 1418 1837 1472 ὑποπίπτον·

246 1510 570 1582 αἰσθητικὸν
595 1509 676 1575 δὲ,
703 1508 839 1564 αὐτὸ
865 1509 929 1562 τὸ
960 1509 1355 1578 αἰσθανόμενον
1385 1510 1540 1574 ζῶον.
1573 1511 1841 1581 Αἴσθησις

248 1606 350 1674 μιν
393 1597 510 1669 οὖν,
541 1598 655 1655 οἷον
686 1603 908 1672 ὅρασις,
942 1601 1235 1672 ὄσφρησις,
1280 1603 1421 1670 ἀκοὴ
1442 1642 1456 1665 ,
1491 1602 1713 1670 γεῦσις,
1747 1604 1840 1658 καὶ

245 1697 382 1766 ἁφή.
433 1694 804 1766 Δίσθητήριον
847 1693 927 1756 δὲ,
979 1694 1100 1764 ἢτοι
1131 1696 1159 1747 6
1187 1693 1492 1764 ὀφθαλμὸς,
1533 1698 1566 1764 ή
1592 1697 1637 1728 ⁸¹
1666 1698 1772 1766 ῥὶς,
1803 1700 1835 1768 ή

243 1787 467 1856 γλῶσσα
529 1785 626 1839 καὶ
675 1784 744 1838 τά
795 1785 953 1855 χείλη
974 1786 1045 1850 ³¹,
1077 1785 1113 1838 ἃ
1160 1785 1254 1837 καὶ
1285 1784 1495 1857 ὄργανα
1542 1786 1840 1856 αἰσθητικά

1953 625 2051 664 sus
2119 616 2205 664 est
2268 607 2469 663 anima:
2533 607 2666 670 vis,
2722 621 2846 676 quae
2889 613 3112 659 sensata
3173 601 3559 672 deprehendit.

1951 702 2103 758 Plato
2133 716 2263 756 vero
2309 715 2532 755 sensum
2569 700 2775 769 ipsum,
2815 695 3092 753 facultatis
3128 702 3184 750 et
3229 695 3564 749 instrumen-

1950 794 2013 858 ti,
2038 794 2142 848 hoc
2171 803 2257 848 est
2282 791 2481 846 anima:
2506 798 2564 845 et
2589 789 2860 859 corporis,
2895 787 2962 842 ad
2991 803 3054 841 ea
3087 801 3211 856 quae
3242 793 3398 839 extra
3431 794 3562 839 sunt

1948 882 2508 940 communicationem
2536 897 2660 937 esse
2718 880 2912 935 statuit
2948 895 2965 933 :
3015 894 3142 931 nam
3177 877 3281 940 vis,
3337 876 3556 938 animae,

1949 975 2379 1045 instrumeulum
2423 973 2570 1026 vero
2610 969 2866 1038 corporis
2928 969 3162 1022 habetur
3199 985 3213 1020 :
3256 975 3561 1033 utrumque

1947 1064 2093 1118 enim
2127 1078 2222 1132 per
2249 1060 2700 1129 imaginationem
2732 1073 2796 1113 ea
2826 1072 2950 1128 qua:
2979 1055 3257 1112 exteriora
3284 1061 3433 1107 .sunt
3460 1051 3559 1105 de-

1946 1155 2286 1226 prehendere
2333 1160 2533 1222 potest.

2015 1244 2342 1300 Sensorium
2417 1256 2656 1312 namque
2709 1241 3149 1294 instrumentum
3232 1243 3349 1299 est,
3406 1233 3556 1302 quod

1946 1344 2170 1390 scnsata
2219 1333 2633 1403 deprehendere
2694 1336 2923 1401 potest;
2977 1327 3062 1382 vel
3120 1325 3554 1381 instrumentum

1945 1427 2195 1498 aliquod,
2238 1425 2386 1496 quod
2425 1420 2625 1481 sensus
2671 1423 2897 1494 quidam
2938 1435 3062 1476 esse
3095 1419 3362 1474 creditur.
3415 1416 3557 1472 Sen-

1943 1529 2124 1575 satum
2176 1525 2360 1572 autem
2421 1526 2548 1578 est,
2597 1513 2743 1584 quod
2797 1512 2906 1568 sub
2972 1525 3196 1567 sensum
3259 1509 3426 1564 cadit.
3481 1509 3553 1564 At

1944 1611 2228 1673 sensibile,
2275 1609 2481 1664 animal
2523 1607 2704 1677 ipsum
2755 1604 2901 1674 quod
2961 1611 3244 1658 sensatum
3296 1601 3550 1677 percipit.

1946 1701 2157 1758 Sensus
2205 1700 2374 1770 igitur
2429 1711 2514 1753 est
2543 1737 2560 1763 ,
2608 1706 2670 1753 ut
2717 1696 2871 1750 verbi
2933 1694 3110 1764 gratia
3170 1693 3366 1759 visus,
3413 1691 3554 1747 olfa-

1943 1805 2064 1849 ctus
2085 1833 2100 1856 ,
2138 1793 2389 1856 auditus,
2413 1800 2608 1860 gustus
2654 1797 2710 1843 et
2743 1797 2946 1842 tactus.
2973 1784 3298 1841 Sensorium
3317 1799 3468 1850 vero,
3494 1793 3554 1838 ut

246 1874 742 1944 προσαγορεύεται.
790 1873 1064 1944 Αἰσθητὺν
1102 1874 1228 1928 δὲη
1259 1877 1289 1928 6
1334 1875 1506 1942 λίθος,
1559 1877 1620 1930 1:6
1651 1878 1832 1945 ξύλον,

1942 1883 2156 1946 oculus,
2191 1896 2382 1946 nasus,
2417 1858 2625 1950 lingua,
2647 1888 2702 1933 et
2733 1892 2858 1948 quae.
2881 1876 3116 1946 reliqua,
3154 1891 3275 1944 quae
3297 1875 3552 1952 sensoria

245 1971 342 2028 καὶ
368 1969 548 2024 πάντα
586 1967 655 2021 τά
690 1967 944 2036 αἰσθήσει
976 1968 1022 2000 ⁸⁸
1051 1967 1428 2023 ὑποπίπτοντα
1453 1985 1467 2001 ⁸
1513 1971 1836 2041 αἰσθητικὸν

241 2060 301 2114 δὲ
325 2060 355 2113 6
383 2056 676 2126 Στέφανος,
722 2059 752 2109 6
799 2056 1003 2127 Πέτρος
1027 2056 1094 2121 ³⁵,
1129 2057 1157 2108 6
1192 2057 1480 2122 Μελέτιος,
1514 2059 1608 2111 καὶ
1658 2059 1839 2113 πάντα

242 2153 345 2205 ὅσα
376 2149 514 2204 ἄλλα.
545 2148 867 2202 αἰσθάνεται
901 2147 1016 2211 ζῶα
1038 2165 1051 2179 ·
1092 2149 1293 2216 Ἔγνω
1314 2149 1447 2218 γὰρ,
1480 2148 1648 2219 φησὶ,
1677 2149 1838 2216 βοῦς

243 2241 352 2298 τὸν
377 2238 766 2308 κτησάμενον
784 2239 832 2271 ⁸⁸
862 2239 963 2293 καί
1001 2239 1144 2305 ὄνος
1173 2239 1286 2307 τὴν
1319 2239 1562 2309 φάτνην
1589 2241 1696 2295 τοῦ
1723 2259 1833 2295 κυ-

233 2332 374 2397 ρίου
403 2331 615 2389 αὐτοῦ.
649 2331 713 2387 Ei
740 2330 798 2383 δὲ
829 2329 974 2384 κατὰ
1003 2331 1103 2401 τήν
1132 2331 1390 2401 αἴσθησιν
1418 2333 1485 2386 τά
1525 2333 1695 2402 ἄλογα
1724 2337 1838 2397 τοῖς

242 2424 480 2494 λογικοῖς
508 2423 823 2494 ἀνθρώποις
847 2426 1116 2486 κοινωνεῖ,
1142 2423 1326 2484 καλῶς
1349 2441 1500 2489 τινες
1520 2426 1627 2478 τῶν
1649 2427 1838 2479 ἀνατοο

245 2515 424 2586 μικῶς
458 2514 863 2586 ῖστορησάντων
919 2515 1055 2584 μηδὲ
1098 2515 1242 2568 κατὰ
1285 2513 1386 2587 τήν
1437 2517 1532 2570 τοῦ
1581 2516 1836 2587 σώματος

243 2606 382 2662 πολὺ
402 2606 686 2678 διαφέρειν
709 2604 828 2659 ἔνια
852 2605 960 2658 τῶν
989 2604 1144 2668 ζώων
1176 2604 1431 2672 σύνταξιν
1453 2609 1548 2660 καὶ
1570 2609 1838 2679 ἁρμονίαν

243 2698 357 2754 τῶν
381 2699 580 2765 ὀστῶν,
606 2698 700 2752 καὶ
727 2699 827 2768 τὴν
850 2696 962 2752 τῶν
989 2696 1241 2766 ὲγκάτων
1273 2696 1527 2753 σύνθεσιν
1560 2700 1831 2772 ἔγραψαν·

243 2793 342 2850 καὶ
371 2791 576 2862 μᾶλλον
603 2791 713 2846 τῶν
744 2789 922 2845 ἄλλων
953 2789 1110 2854 ζώων
1137 2789 1230 2843 τὸν
1252 2782 1348 2844 ὗνο
1391 2793 1474 2845 ὅτι
1510 2795 1607 2846 καὶ
1639 2795 1706 2847 ὲκ
1726 2795 1837 2848 τῶν

245 2882 428 2937 αὐτῶν
477 2882 762 2953 στοιχείων
787 2879 857 2935 τὰ
888 2878 1095 2935 τούτων
1141 2880 1373 2952 σώματα
1409 2884 1738 2956 συνεστάθη,
1777 2883 1837 2952 ἐξ

242 2968 322 3030 ὧν
357 2975 454 3029 καὶ
478 2974 550 3028 τὰ
574 2973 685 3029 τῶν
721 2973 1034 3045 ἀνθρώπων
1059 2989 1074 3004 ο
1107 2972 1179 3026 τά
1209 2972 1320 3045 γὰρ
1348 2975 1663 3046 ὁμοιομερῆ
1682 2976 1838 3030 οὐδὲν

241 3067 496 3140 διαφέρει
526 3065 636 3120 τῶν
675 3066 1008 3137 ἀμφοτέρων
1051 3066 1203 3134 παρὰ
1250 3066 1476 3138 μικρόν·
1533 3067 1583 3119 εί
1633 3068 1730 3120 καὶ
1767 3067 1837 3122 τά

243 3161 348 3232 τῆς
371 3155 784 3230 διοργανὼσεως
824 3156 1172 3228 ἐνήλλακται,
1204 3157 1301 3212 καὶ
1336 3157 1407 3212 τὰ
1439 3158 1539 3231 τῆς
1568 3158 1834 3228 γεύσεως.
1865 3195 1907 3253 C

257 3251 318 3306 '0
359 3251 470 3323 γὰρ
490 3251 538 3284 ⁸⁷
569 3249 703 3313 Θεὸς
743 3249 898 3303 ἔθετο
935 3247 1005 3302 τά
1037 3249 1177 3320 μέλη
1204 3249 1263 3304 ἒν
1291 3249 1527 3304 εκαστον
1570 3249 1750 3304 αὐτῶν
1776 3251 1833 3304 ἑν

241 3345 322 3421 τῷ
352 3343 568 3416 σώματι
596 3340 780 3404 καθὼς
807 3341 1066 3413 ἠθέλησε.

1941 1973 2312 2026 instrumenta
2370 1977 2782 2040 nuncupantur.
2817 1967 2888 2022 At
2911 1961 3327 2033 sensatum,-.ut
3384 1965 3549 2036 lapis,

1938 2064 2168 2135 lignum,
2202 2072 2514 2133 cunctaque
2537 2076 2661 2132 qua:
2683 2060 2880 2116 cadere
2909 2060 3016 2115 sub
3055 2073 3282 2120 sensum
3309 2065 3548 2130 queunt.

1940 2155 2214 2210 Sensibile
2239 2165 2444 2218 autem,
2475 2165 2535 2209 ut
2591 2153 2811 2217 Petrus,
2867 2151 3202 2222 Stephanus,
3234 2179 3238 2184 -
3265 2149 3548 2214 Heluius,

1937 2255 1992 2301 et
2021 2246 2292 2316 reliquum
2333 2260 2497 2300 omne
2536 2245 2858 2300 animalium
2909 2244 3262 2299 sensibilium
3317 2257 3494 2313 genus
3530 2258 3547 2295 :

1939 2336 2152 2405 agnovit
2187 2336 2333 2389 enim
2364 2333 2785 2406 (utScriptura
2824 2334 3107 2403 loquitur)
3149 2332 3242 2387 bos
3273 2347 3548 2402 possesso-

1941 2440 2048 2477 rem
2093 2441 2271 2488 suum,
2315 2437 2366 2479 et
2405 2425 2589 2479 asinus
2622 2441 2853 2495 prwsepe
2882 2424 3090 2479 domini
3125 2423 3213 2477 sui
3238 2424 3278 2476 ι.
3319 2421 3377 2476 Si
3418 2435 3554 2476 vero

1938 2515 2169 2571 rationis
2203 2516 2446 2587 expertia
2499 2516 2818 2572 hominibus
2867 2515 2984 2586 ipsa
3017 2516 3262 2587 praeditis
3299 2529 3398 2585 per
3419 2529 3552 2570 sen-

1939 2623 2064 2663 sum
2100 2607 2281 2677 ipsum
2332 2608 2770 2676 communicant,
2821 2617 2975 2665 recte
3030 2608 3252 2678 quidem
3294 2606 3549 2662 nonnulli

1937 2701 2032 2770 qui
2085 2699 2487 2755 dissectionum
2547 2700 2807 2756 historias
2858 2700 3324 2772 perscripserunt,
3357 2712 3463 2754 nec
3491 2698 3549 2753 in

1938 2793 2192 2861 corporis
2229 2791 2465 2858 fabrica,
2498 2808 2677 2862 neque
2707 2792 2762 2847 in
2796 2792 3010 2848 ossium
3043 2800 3345 2855 structura,
3368 2791 3552 2846 visce—

1940 2899 2178 2954 rumque
2204 2884 2809 2953 compositioneinesse
2842 2885 3177 2955 quibusdam
3211 2899 3336 2938 cum
3367 2882 3550 2937 homi-

1941 2989 2012 3029 ne
2076 2975 2377 3045 plurimnm
2450 2974 2792 3031 discriminis
2842 2975 3151 3029 litterarum
3213 2970 3550 3027 mandarunt

1941 3067 2339 3130 monumentis,
2387 3066 2534 3136 quod
2596 3067 2773 3136 magis
2816 3067 2872 3120 in
2933 3067 3020 3120 his
3052 3079 3178 3136 quae
3221 3063 3388 3134 paulo
3418 3068 3550 3116 ante

1943 3164 2373 3216 memoravimus
2445 3162 2782 3215 animalibus
2834 3169 3022 3230 patet;
3096 3155 3547 3229 qdandoquidem

1941 3254 2135 3310 iisdem
2162 3269 2230 3309 ex
2275 3253 2564 3309 elementis
2609 3269 2800 3309 eorum
2831 3268 3086 3324 corpora,
3132 3251 3336 3322 quibus
3360 3259 3417 3306 et
3449 3251 3550 3305 ho-

1944 3347 2156 3401 minum
2186 3345 2495 3416 composita
2528 3351 2690 3412 sunt;
2733 3360 2930 3414 parum
2965 3343 3266 3399 admodum
3304 3342 3363 3397 in
3389 3341 3551 3398 simi-

241 3437 451 3499 laribus
497 3435 639 3492 inter
670 3444 963 3506 utrumque
991 3450 1166 3503 genus
1194 3437 1536 3494 discriminis
1579 3440 1836 3507 habetur,
1899 3444 2004 3497 etsi
2058 3442 2556 3497 instrumentorum
2597 3441 3003 3511 compositione
3076 3439 3311 3494 invicem
3353 3445 3551 3509 gustu-

243 3543 353 3597 que
379 3527 708 3597 discrepent.
755 3524 1040 3597 Siquidem
1071 3525 1251 3592 Deus,
1281 3529 1347 3583 ad
1382 3531 1616 3600 prOpria:
1683 3531 1988 3588 voluntatis
2051 3533 2366 3600 arbitrium,
2396 3532 2772 3603 pulcherrimo
2840 3531 3038 3587 ordine
3068 3531 3123 3586 in
3163 3546 3360 3586 eorum
3393 3544 3539 3601 quo-

242 3621 375 3676 libet
401 3633 633 3689 corpore
671 3618 779 3694 47
807 3618 1055 3674 membra
1093 3619 1386 3690 disposuit.

314 3713 388 3770 T6
425 3712 586 3785 σῶμα
631 3712 690 3770 δὲ
737 3711 833 3765 τοῦ
880 3711 1170 3784 ἀνθρώπου
1221 3713 1324 3768 οὐκ
1374 3713 1523 3769 ἐστιν
1560 3715 1617 3768 ἓν
1651 3716 1834 3787 μέλος,

241 3804 380 3863 ἀλλὰ
413 3803 604 3864 πολλά.
642 3803 765 3859 Ὀτι
796 3802 893 3862 καὶ
941 3805 1024 3866 εἰς
1071 3802 1316 3874 κεφαλὴν
1370 3805 1695 3876 διαιρεῖται,
1739 3809 1838 3860 καὶ

243 3900 326 3962 είς
365 3897 588 3967 στέρνον
630 3895 726 3948 καὶ
769 3895 1129 3965 ἐπιγάστριον
1176 3895 1268 3950 καὶ
1311 3896 1703 3969 ὑπογάστριον,
1741 3901 1837 3952 καὶ

244 3991 401 4063 ῥάχιν
428 3990 523 4043 καὶ
565 3987 761 4058 ὀσφὺν,
806 3989 902 4045 καὶ
935 3990 1126 4058 χεῖρας
1157 3988 1253 4042 καὶ
1295 3987 1486 4051 πόδας.
1520 3991 1633 4045 Καὶ
1663 3991 1698 4060 ή
1736 3991 1838 4061 μὲν

243 4080 456 4154 κεφαλὴ
485 4079 731 4152 περιέχει
761 4078 1086 4148 ἐγκέφαλον,
1126 4078 1464 4150 ὀφθαλμοὺς,
1503 4082 1655 4152 ῥῖνα,
1692 4075 1831 4146 ὦτα,

243 4173 423 4242 στόμα
453 4170 548 4225 καὶ
576 4171 647 4225 τὰ
689 4169 800 4223 ἔσω
826 4167 923 4223 τοῦ
968 4169 1273 4240 στόματος·
1305 4169 1556 4238 γλῶτταν
1579 4172 1624 4204 ³³
1655 4171 1833 4239 λέγω,

243 4265 338 4319 καὶ
363 4263 619 4327 ὀδόντας,
665 4262 762 4315 καὶ
812 4260 1106 4331 φάρυγγα,
1145 4262 1241 4316 καὶ
1269 4262 1341 4314 τὰ
1370 4262 1512 4316 κατά
1544 4264 1736 4334 μέρος.
1761 4261 1836 4316 Τὸ

239 4354 300 4410 6's
331 4354 581 4424 στέρνον,
630 4351 914 4422 πνεύμονα
960 4353 1056 4406 καὶ
1105 4350 1358 4424 καρδίαν.
1425 4352 1486 4407 '0
1533 4354 1833 4426 τράχηλος,

241 4447 598 4510 κατακλεῖδα.
645 4447 713 4500 Al
743 4445 1002 4518 πλευραὶ,
1031 4445 1124 4498 τὸν
1157 4445 1485 4511 ύπεξωκότα
1504 4464 1520 4480 ο
1590 4449 1624 4518 ή
1654 4449 1833 4520 ῥάχις,
1868 4426 1918 4485 ί)

242 4539 576 4602 σπονδύλους
606 4542 698 4592 καὶ
729 4537 929 4610 μυελόν
950 4537 1019 4591 ⁵⁹.
1065 4538 1132 4590 Ἦ
1160 4537 1216 4591 δὲ
1246 4538 1441 4608 ὀσφὺς,
1476 4540 1712 4612 νεφροὺς
1741 4542 1836 4594 καὶ

237 4633 312 4692 τά
347 4631 619 4704 ούρηδόχα
645 4630 690 4662 ⁸⁸
742 4631 967 4700 ἀγγεῖα.
998 4629 1072 4682 Τὸ
1111 4629 1169 4682 δὲ
1201 4629 1582 4700 ἐπιγάστριον,
1631 4633 1837 4702 στόμα-

239 4744 358 4798 χον,
402 4722 580 4798 ἧπαρ,
615 4725 865 4796 σπλῆνα,
912 4725 1008 4778 καὶ
1036 4723 1136 4794 τὴν
1184 4721 1299 4777 ἄνω
1347 4723 1614 4794 γαστέρα.
1669 4725 1743 4778 T6
1775 4725 1835 4779 δὲ

243 4820 638 4888 ὑπογάστριον,
691 4817 916 4889 ἔντερα,
958 4814 1217 4887 πιμελὴν,
1266 4814 1702 4886 περιττώματα,
1739 4817 1836 4870 καὶ

240 4912 312 4968 τὰ
339 4909 485 4965 κατὰ
530 4908 630 4968 τὴν
677 4909 840 4982 ἥϐην.
889 4909 956 4960 Αἱ
984 4910 1190 4977 χεῖρες,
1245 4905 1576 4977 βραχίονας,
1624 4907 1831 4980 ὤμους,

240 5003 471 5073 πήχεις,
517 5001 796 5070 καρποὺς,
845 4998 1170 5062 δακτύλους.
1223 4999 1288 5051 Ol
1341 4998 1540 5065 πόδες,
1596 5001 1831 5072 μηροὺς,

239 5097 467 5163 γόνατα,
498 5095 710 5165 σφυρὰ,
738 5093 1062 5158 δακτύλους.

2016 3717 2270 3774 Hominis
2319 3728 2504 3775 autem
2557 3735 2760 3790 corpus
2802 3735 2912 3774 non
2977 3732 3148 3773 unum
3211 3715 3551 3780 membrum,

1944 3812 2040 3867 sed
2073 3813 2230 3882 plura
2259 3813 2512 3869 habetur.
2541 3811 2607 3867 Et
2637 3812 2900 3882 quoniam
2935 3812 2990 3866 in
3023 3819 3210 3880 caput,
3241 3818 3302 3865 et
3331 3816 3548 3878 pectus,

1942 3908 1997 3955 et
2033 3901 2374 3971 superiorem
2440 3917 2505 3957 ac
2535 3900 2860 3957 inferiorem
2899 3911 3170 3965 ventrem,
3197 3900 3549 3969 suinamque,

1939 4004 1996 4049 et
2033 3993 2288 4057 lumbos,
2345 4009 2412 4050 ac
2461 4010 2662 4050 manus
2716 3995 2996 4065 pedesque
3046 3993 3333 4048 dividitur.
3372 3991 3553 4062 Caput

1941 4087 2162 4158 quidem
2229 4089 2557 4153 cerebrum,
2612 4087 2842 4153 oculos,
2888 4102 3121 4153 nasum,
3182 4099 3370 4149 aures,
3433 4084 3552 4140 oris

1943 4188 2177 4253 hiatum,
2210 4198 2264 4243 et
2303 4203 2428 4259 qua
2469 4188 2524 4242 in
2566 4204 2662 4242 ore
2699 4188 2851 4243 intus
2877 4185 3211 4250 consistunt,
3249 4192 3310 4238 ut
3337 4185 3549 4254 lingua,

1944 4278 2159 4345 dentes,
2206 4277 2398 4335 fauces
2447 4277 2710 4350 gutturis,
2751 4286 2807 4333 et
2854 4293 2978 4348 qua:
3030 4274 3405 4347 particulatim
3445 4288 3540 4328 no-

1947 4367 2233 4422 minantur
2285 4367 2552 4422 continet.
2612 4365 2672 4420 In
2714 4375 2941 4438 pectore
2975 4379 3111 4420 vero
3159 4363 3440 4434 pulmonis
3495 4371 3552 4418 et

1943 4457 2128 4514 cordis
2179 4458 2357 4513 locus.
2395 4457 2612 4513 Collum
2649 4458 2980 4514 claviculam
3027 4456 3294 4511 continet.
3353 4453 3464 4510 Sed
3493 4462 3549 4509 et

1943 4559 2135 4613 costae,
2176 4551 2558 4606 membranam
2611 4566 2736 4622 qua:
2783 4551 2933 4621 ipsas
2969 4551 3138 4622 tegit;
3185 4548 3344 4618 spina
3395 4563 3546 4615 vero,

1943 4642 2228 4697 vertebras
2291 4657 2357 4698 ac
2412 4641 2734 4697 medullam.
2781 4641 2852 4695 At
2884 4642 3079 4706 lumbi,
3129 4655 3316 4703 renes,
3352 4648 3405 4694 et
3437 4637 3547 4692 hu-

1946 4733 2077 4789 midi
2112 4733 2475 4800 excrementi,
2506 4750 2601 4790 seu
2633 4734 2810 4789 urinae
2865 4733 3231 4804 receptacula.
3281 4730 3550 4801 Superior

1945 4837 2076 4878 vero
2127 4832 2320 4880 venter
2373 4825 2428 4878 in
2475 4825 2848 4889 stomachum,
2884 4823 3061 4894 jecur,
3108 4824 3332 4890 lienem,
3369 4837 3425 4878 et
3452 4838 3547 4877 su-

1943 4915 2218 4984 periorent
2291 4916 2399 4971 alvi
2471 4925 2684 4988 partem
2755 4917 3041 4972 dividitur.
3110 4915 3344 4972 lnlerior
3414 4929 3546 4970 vero

1939 5017 2151 5072 venter,
2191 5008 2245 5062 in
2293 5008 2580 5074 intestina,
2619 5009 3031 5081 pinguedinem,
3067 5018 3446 5072 excrementa,
3492 5016 3547 5063 et

1941 5113 2064 5168 qua:
2105 5100 2174 5155 ad
2228 5100 2404 5170 pubes
2441 5101 2620 5172 posita
2671 5113 2821 5158 sunt.
2880 5101 3099 5166 Manus,
3136 5103 3191 5156 in
3228 5101 3545 5163 brachium,

243 5189 509 5246 humeros
537 5228 552 5254 ,
596 5189 851 5256 cubitos,
891 5189 1157 5260 palmam,
1202 5189 1425 5260 digitos.
1473 5188 1647 5250 Pedes
1683 5207 1836 5261 vero,
1877 5193 1931 5248 in
1971 5193 2170 5263 femur,
2240 5213 2443 5268 genua,
2466 5213 2657 5263 crura,
2699 5199 3007 5264 malleolos,
3076 5199 3238 5265 talos,
3281 5213 3347 5254 ac
3404 5197 3547 5266 digi-

244 5291 332 5338 tos
369 5280 712 5336 dividuntur.

311 5373 499 5429 Ταῦτα
537 5374 597 5430 δὲ
639 5375 818 5433 πάντα
845 5375 940 5428 καὶ
970 5374 1106 5431 ἄλλα
1154 5376 1404 5443 πλείονα,
1451 5379 1545 5431 καὶ
1578 5381 1717 5450 μέλη
1745 5381 1834 5434 λέ-

243 5483 433 5537 γονται
459 5467 551 5521 καὶ
589 5466 754 5538 μέρη,
777 5467 871 5520 καὶ
902 5468 1090 5540 μόρια,
1125 5468 1219 5522 καὶ
1238 5469 1394 5524 τόποι
1447 5473 1572 5524 κατ’
1601 5473 1736 5526 αὐτό
1770 5491 1828 5526 τε

316 5581 334 5612 ¹
365 5577 468 5635 lsa.
507 5595 546 5647 ι,
579 5579 632 5634 5.

314 5695 362 5728 ι’
403 5694 519 5749 haec
547 5692 751 5764 omni).
832 5696 872 5726 ⁵¹
905 5697 936 5764 ἡ
977 5713 1088 5750 om.
1126 5696 1167 5748 Β
1199 5697 1260 5752 Ρ.

245 5768 314 5821 Π.
346 5763 565 5837 ὀ-Στέφ.
599 5764 640 5818 Β
671 5763 730 5820 Ρ.
821 5767 866 5797 ⁸⁸
902 5763 1234 5837 κτισάμενον
1264 5771 1322 5824 Β.

268 5834 390 5894 καθ’
426 5835 596 5890 ἑαυτά
625 5853 682 5888 τε
716 5837 808 5889 καὶ
846 5834 1171 5909 συνημμένα
1201 5838 1258 5894 Ρ.

1366 5701 1425 5731 "'"
1449 5701 1540 5754 καὶ
1576 5701 1645 5754 τὰ
1667 5701 1833 5755 λοιπᾶ
1875 5703 1916 5755 Β
1951 5701 2015 5756 Ρ.
2093 5705 2140 5736 ⁵³
2171 5707 2434 5766 αἰσθητὸν
2463 5709 2520 5764 δὲ
2552 5708 2668 5765 οἷον
2706 5712 2766 5766 Ρ.
2851 5713 2894 5744 ⁸⁸⁵
2928 5715 2995 5766 τῆ
3026 5713 3174 5766 αἰσθ.
3211 5712 3252 5765 Β
3279 5713 3337 5765 ι».

1449 5727 1540 5754 και.
1576 5727 1645 5754 τα
1668 5727 1833 5755 aunt:
1877 5727 1916 5755 D
1951 5727 2015 5756 ι’.
2093 5727 2140 5736 "
2171 5727 2296 5760 αισυ
2341 5727 2434 5762 τον
2463 5727 2520 5764 οε
2552 5727 2668 5765 οιον
2706 5727 2766 5766 l'.
2851 5727 2894 5744 "
2928 5727 2995 5781 τη

1420 5773 1462 5803 ⁸⁷
1497 5775 1578 5826 ὅτι
1607 5772 1714 5841 γάρ
1745 5773 1808 5825 Α.
1881 5774 1927 5805 ⁸⁸
1964 5775 2218 5841 γλῶσσαν
2254 5727 2382 5832 ΒΊἋ
2459 5783 2506 5813 ⁵³
2541 5781 2798 5841 μυελούς.
2831 5782 2891 5837 Β.
2971 5769 2991 5816 δ

2016 5381 2143 5437 Haec
2191 5392 2375 5440 autem
2427 5386 2635 5451 omnia,
2664 5397 2720 5442 et
2759 5391 2864 5445 alia
2897 5390 3176 5461 pleraque,
3208 5397 3326 5442 tum
3372 5400 3547 5440 mem-

1941 5473 2038 5528 bra
2081 5513 2096 5537 ,
2145 5483 2260 5528 tum
2321 5486 2504 5546 partes
2557 5482 2951 5553 particulaeque
3015 5497 3079 5537 ac
3133 5483 3251 5535 loca
3322 5493 3545 5547 separa-

2373 5716 2434 5762 ὸν
2463 5716 2520 5764 δὲ
2552 5716 2668 5765 οἱον
2706 5716 2766 5766 Ρ.
2851 5716 2894 5744 ⁵³
2928 5716 2995 5782 τῇ
3026 5716 3174 5766 αἰσθ.
3211 5716 3252 5765 Β
3279 5716 3337 5765 Ρ.
3430 5716 3475 5746 ⁸³
3513 5719 3545 5770 ὁ

2369 5819 2382 5832 .
2459 5783 2506 5813 ⁵³
2541 5781 2798 5853 μυελούς.
2831 5782 2891 5837 Β.
2972 5786 3015 5816 ⁶⁶⁹
3043 5783 3307 5854 ούροδόχα
3335 5783 3375 5838 Β
3401 5787 3442 5842 C
3473 5786 3538 5852 Ρ,
