4204 6466
2186 36 2895 44 Μ

2018 44 2053 45 7
2066 44 2089 45 ην
2102 44 2167 48 if
2186 36 2895 45 Μ

290 459 431 519 ms
1512 424 1631 513 ‘DE
1669 445 1962 513 MTURA
2002 441 2315 501 HOMINIS.
3456 448 3600 506 n5;

288 571 357 628 τά
379 564 498 627 ὦτα
525 567 799 640 κειμένων
822 562 1266 630 άποτελευτῶσα,
1296 562 1555 636 καὶπρὸς
1581 561 1685 634 τὴν
1712 579 1882 634 κορυο

2005 560 2202 617 issium
2258 574 2383 629 qua:
2440 558 2689 630 lapidosa
2731 555 2982 617 diximus
3022 569 3153 627 pars
3183 557 3406 629 quidem
3435 577 3605 619 saxea

288 664 397 736 φὴν
418 659 842 733 ἑπισχιξομένη,
878 655 1249 729 σταυροειδῶς
1287 657 1471 709 ἐκεῖσε
1501 652 1887 711 διατυποῦταυ

2005 662 2101 717 est,
2127 667 2257 723 pars
2271 663 2404 705 vero
2427 650 2495 705 ad
2519 647 3094 720 osseaquualitatem.
3110 649 3382 707 laxiorem
3405 654 3602 724 vergit.

290 756 348 808 ai
377 754 437 809 δὲ
479 752 732 807 τοιαῦται
770 749 951 822 ῥαφαὶ
987 749 1086 811 τὰς
1127 747 1378 802 κάτωθεν
1414 745 1793 817 ἁνερχομένας
1824 746 1890 797 ὲκ

2005 744 2068 801 At
2122 744 2425 799 cerbellum
2466 739 2723 798 eumdem
2756 749 2941 797 ortum
2979 756 3145 811 quem
3185 752 3240 797 et
3287 744 3601 809 cerebrum,

290 845 567 915 στομάχου
599 842 696 897 καὶ
716 840 956 913 γαστρὸς
978 838 1365 909 ὲξατμίξουσιν
1388 837 1795 905 ἀναθυμιάσεις
1818 837 1886 888 ¹³.

2005 851 2064 890 ac
2095 836 2333 890 colorem
2387 833 2571 890 habet.
2631 832 2749 887 Alia
2805 838 2991 886 autern
3048 841 3241 888 sutura
3289 850 3414 905 qua:
3436 850 3605 905 supra

287 935 527 1005 sinciput
549 932 817 1004 procedit,
860 939 914 986 et
946 931 1011 985 ad
1038 944 1166 985 ossa
1194 944 1316 998 quae
1342 927 1625 1005 foliorum,
1662 924 2083 982 similitudinem
2148 942 2259 997 pra:
2287 941 2347 982 se
2410 924 2618 990 ferunt,
2680 924 2789 996 53
2813 940 3049 996 qumque
3071 925 3139 985 ad
3162 941 3330 982 aures
3356 927 3461 982 sita
3479 936 3610 983 sunt

286 1029 509 1093 desinit,
537 1043 662 1083 cum
690 1027 745 1081 in
771 1026 975 1082 vertice
1004 1024 1265 1088 ﬁndatur,
1292 1024 1429 1078 inibi
1449 1004 1633 1079 crucis
1689 1021 1921 1092 cﬂigiem
1962 1022 2163 1094 ﬁgurat
2200 1042 2215 1078 ι
2252 1036 2351 1094 per
2401 1022 2506 1079 bas
2554 1037 2797 1092 namque
2861 1031 3109 1086 suturas,
3162 1022 3613 1081 exhalationibus

289 1135 411 1190 qua
478 1136 510 1174 a
573 1118 860 1175 stomacho
945 1132 1166 1173 sursum
1250 1116 1483 1187 alvoque
1537 1115 1890 1182 deferuntur,
1926 1126 2082 1171 extra
2138 1113 2474 1184 evaporandi
2532 1114 2783 1183 pervium
2843 1114 2961 1169 iter.
3008 1121 3176 1184 patet.

360 1211 763 1281 Περιείληπται
798 1210 856 1263 δὲ
889 1212 918 1264 ὀ
954 1211 1262 1287 ἐγκέφαλος
1293 1210 1400 1262 ὑπὸ
1432 1208 1528 1263 δύο
1561 1209 1815 1279 ὑμένωνο
1864 1209 1893 1261 ὁ

2068 1208 2373 1272 Ccrebrum
2398 1215 2585 1263 autem
2615 1207 2819 1278 duplici
2856 1208 3197 1264 membranae
3234 1210 3605 1279 comprehen-

294 1305 394 1374 μὲν
422 1304 532 1374 γὰρ
557 1302 908 1373 ὑπέστρωται
950 1302 1105 1372 αὐτῷ
1133 1301 1201 1366 ’⁵,
1247 1304 1275 1354 ὁ
1306 1301 1364 1354 δὲ
1396 1294 1700 1355 ’ἐπίκειταιο
1728 1300 1757 1352 ὃ
1800 1301 1899 1354 καὶ

2005 1300 2169 1363 ditur,
2203 1300 2377 1355 altera
2407 1299 2629 1370 quidem
2683 1300 2786 1369 ipsi
2838 1314 2939 1355 ceu
3000 1300 3182 1356 cubile
3206 1302 3608 1369 substernitur,

292 1392 620 1460 δικτυῶὸες
645 1394 688 1425 ⁸⁸
736 1394 975 1463 πλέγμα
1024 1393 1180 1463 παρὰ
1229 1392 1340 1445 τῶν
1396 1392 1601 1464 ἰατρῶν
1649 1392 1897 1461 λέγεται.

2005 1392 2171 1447 altera
2218 1406 2454 1461 superne
2486 1392 2785 1457 accumbit,
2830 1407 2996 1462 quam
3050 1392 3347 1449 reticulare
3395 1402 3609 1450 textum

294 1484 700 1557 Περιπλέκεται
729 1480 824 1539 οὖν
870 1486 930 1538 τὸ
952 1484 1150 1538 ὀστοῦν
1184 1485 1333 1539 ἅπαν
1372 1486 1401 1537 ὀ
1438 1484 1827 1552 περικράνιος
1856 1485 1899 1516 ¹⁶

2005 1484 2198 1539 medici
2231 1483 2506 1539 dictitant.
2527 1481 2653 1538 Ossi
2686 1484 2910 1552 quidem
2951 1485 3101 1554 quod
3125 1486 3282 1540 calva
3313 1500 3609 1557 nuncupa-

293 1577 590 1647 λεγόμενος
634 1577 741 1645 μῦς
766 1594 780 1607 ι
815 1575 1041 1640 τούτους
1068 1577 1125 1629 δὲ
1154 1577 1288 1639 τοὺς
1310 1576 1475 1645 μῦας
1495 1576 1537 1607 ¹⁷
1575 1577 1670 1629 καί⁵
1687 1575 1895 1646 μήνιγ-

2005 1584 2133 1639 tur,
2169 1574 2409 1630 musculi
2450 1590 2592 1644 quos
2648 1576 2922 1632 calvarios
2965 1577 3158 1632 dicunt
3218 1579 3607 1649 obducuntur,

294 1684 406 1737 τας
439 1667 693 1722 καλοῦσι.

2005 1669 2107 1724 bos
2132 1669 2352 1739 quidem
2379 1670 2665 1724 musculos
2692 1680 2745 1724 et
2777 1670 3132 1726 membranas
3164 1673 3475 1727 nominant.

368 1760 479 1814 Καὶ
511 1761 613 1830 ὅρα
660 1752 764 1812 ὦδε
798 1758 994 1827 σοφίαν
1030 1756 1403 1833 Δημιουργοῦ,
1444 1756 1588 1811 διατί
1614 1757 1657 1789 ¹⁸
1691 1757 1769 1829 μὴ
1812 1758 1900 1812 διὰ

2076 1758 2246 1828 Atqui
2313 1758 2369 1812 in
2422 1759 2543 1814 ‘boc
2597 1759 2732 1813 item
2801 1758 3083 1815 Creatoris
3136 1762 3465 1834 sapientiam
3511 1761 3613 1816 ad-

299 1855 431 1923 μιᾶς
481 1855 751 1923 μήνιγγος
789 1853 883 1906 τὸν
930 1852 1239 1922 ἐγκέφαλον
1285 1836 1715 1922 περιεφύλαξεν,
1761 1851 1899 1905 ἀλλὰ

2005 1847 2299 1903 miratione
2380 1848 2643 1919 prosequi
2726 1848 2919 1915 decet,
2990 1865 3232 1920 quanam
3298 1850 3369 1906 de
3440 1866 3610 1910 causa

294 1917 389 1996 ὀιά
424 1917 557 1996 δύοί
586 1917 682 1997 καί
728 1941 941 1997 τούτων
972 1917 1403 2013 ένηλλαγμένων
1448 1917 1694 2012 ἐχουσῶν
1722 1941 1764 1973 ¹⁹
1793 1941 1894 2011 τὴν

2005 1942 2287 2003 cerebrum
2343 1917 2526 2010 ipsum
2565 1917 2784 1995 —tutel:e
2844 1917 3021 1997 unius
3076 1941 3413 1998 membrana:
3472 1958 3612 1999 neu-

294 2034 511 2088 οἰκείαν
534 2034 797 2089 διάθεσιν.
832 2034 897 2090 Ἦ
925 2035 1025 2105 μὲν
1048 2033 1159 2105 γάρ
1178 2036 1297 2087 ἐστι
1315 2035 1548 2104 παχεῖα,
1566 2036 1600 2104 ὴ
1621 2034 1679 2088 δὲ
1702 2034 1899 2106 λεπτή.

296 2126 361 2180 Et
399 2126 509 2197 γάρ
550 2126 626 2197 μὴ
667 2125 841 2190 οὓτως
874 2126 1049 2183 ,αὑτὸν
1091 2126 1153 2179 ὲν
1201 2126 1433 2189 ταύταις
1472 2126 1720 2199 ἐνείλησὲ
1744 2128 1791 2159 ³⁸
1840 2145 1900 2180 τε

296 2217 393 2273 καὶ
423 2218 807 2288 περιέσφιγξε,
838 2218 935 2271 καὶ
961 2212 1073 2271 οἷον
1100 2217 1595 2288 διεσπαργάνωσεν
1615 2258 1631 2284 ,
1654 2218 1898 2290 ἔμελλεν

295 2310 551 2365 ἀνιᾶσθαι
592 2310 834 2381 ύπδςτῆς
862 2310 959 2363 τοῦ
1002 2308 1164 2363 ὀστοῦ
1206 2309 1636 2380 προσψαύσεως,
1685 2328 1901 2383 τραχυ-

2004 2032 2257 2103 tiquam,
2308 2033 2404 2087 sed
2477 2034 2715 2087 duarum
2788 2032 3129 2099 crediderit,
3176 2048 3302 2104 qua:
3362 2035 3610 2092 vicissim

2004 2125 2221 2195 propria
2276 2126 2363 2180 sui
2423 2124 2788 2196 dispositione
2852 2135 3104 2182 utuntur.
3178 2125 3386 2182 Harum
3459 2128 3609 2187 enim

2004 2217 2177 2277 altera
2230 2230 2440 2281 crassa,
2481 2218 2655 2272 altera
2720 2218 2882 2273 exilis
2920 2228 3026 2274 est.
3079 2217 3198 2273 Nisi
3238 2219 3387 2274 enim
3444 2234 3477 2273 a
3526 2235 3614 2274 rc-

2005 2321 2125 2359 rum
2156 2306 2352 2375 opiﬁce
2401 2306 2508 2361 hoc
2553 2315 2715 2376 pacto
2756 2308 2863 2362 sub
2908 2303 3116 2378 duplici
3162 2307 3485 2362 membrana
3523 2309 3610 2362 in-

294 2399 456 2471 τέρου
485 2402 525 2431 ’⁸
550 2400 702 2463 ὄντος
733 2402 829 2454 καὶ
856 2400 1244 2470 σκληροτέρου.
1271 2400 1372 2453 Διὰ
1401 2400 1559 2455 τοῦτο
1587 2400 1795 2471 μεταξὺ
1822 2402 1899 2433 “-

2006 2397 2893 2470 volutum.comprehcnsumque,
2955 2412 3011 2454 ct
3061 2415 3162 2454 ceu
3226 2397 3418 2455 fasciis
3477 2413 3613 2455 con-

296 2492 391 2547 τοῦ
414 2492 574 2546 ὀστοῦ
610 2494 707 2546 καὶ
734 2492 828 2545 τοῦ
866 2493 1178 2561 ἐγκεφάλου
1210 2494 1310 2561 τὴν
1344 2493 1551 2564 λεπτὴν
1583 2492 1751 2564 ἔθηκε
1787 2496 1897 2565 μή·

297 2602 482 2655 νιγγα.
523 2586 685 2640 Ἀλλὰ
728 2586 869 2656 αὐτὴ
895 2588 915 2616 ¹
962 2587 995 2656 ή
1044 2586 1272 2661 ημήνιγξ
1313 2589 1414 2655 τῆς
1458 2585 1557 2657 μὲν
1607 2583 1702 2638 τοῦ
1743 2586 1902 2653 ἐγκε-

302 2672 475 2746 φάλου
506 2677 697 2740 οὐσίας
723 2677 742 2707 ³
768 2676 953 2745 ὀλίγον
981 2678 1097 2729 ἐστὶ
1134 2676 1497 2748 σκληροτέρα,
1526 2674 1621 2729 τοῦ
1656 2675 1713 2728 δὲ
1741 2674 1901 2729 ὀστοῦ

297 2770 536 2840 ὑπάρχει
610 2768 1018 2839 μαλακωτέρα’
1105 2767 1337 2838 ἔμελλεν
1415 2763 1511 2822 οὖν
1588 2768 1685 2822 καὶ
1757 2766 1899 2836 αύτὴ

297 2861 588 2931 πάσχουσά
620 2878 671 2913 τι
707 2860 814 2914 ὑπὸ
843 2861 954 2913 τῶν
988 2859 1210 2926 ἔξωθεν,
1258 2860 1418 2928 ἄγειν
1446 2859 1539 2914 τὸν
1588 2858 1898 2929 ἐγκέφαλον

294 2952 381 3014 είς
422 2951 775 3021 συμπάθειαν

2008 2491 2259 2547 strictum
2287 2493 2575 2548 cerebrum
2622 2504 2788 2559 esset,
2839 2494 2909 2549 ab
2964 2494 3179 2550 ossium
3228 2494 3488 2550 contactu
3542 2494 3615 2548 ob

2008 2596 2200 2636 eorum
2262 2583 2522 2637 duritiem
2577 2584 3053 2654 asperitatemque
3113 2585 3305 2640 laesum
3352 2584 3422 2639 iri
3477 2582 3613 2638 illud

2008 2675 2271 2730 credibile
2296 2676 2495 2731 fuerat.
2550 2674 2729 2747 Hujus
2792 2679 2968 2749 gratia
3025 2679 3170 2734 inter
3200 2695 3265 2735 os
3320 2678 3615 2749 ipsumque

2005 2767 2291 2823 cerebrum
2335 2768 2570 2822 mediam
2630 2769 2828 2824 exilem
2873 2766 3257 2827 membranam
3304 2771 3609 2827 constituit.

2010 2855 2497 2913 Verumenimvero
2531 2898 2545 2923 ,
2625 2861 2949 2916 membrana
3033 2863 3151 2917 haec
3222 2864 3342 2933 ipsa
3404 2861 3613 2917 cerebri

2003 2945 2314 3001 substantia
2360 2946 2524 3014 paulo
2571 2948 2841 3017 asperior,
2898 2964 3027 3005 osse
3059 2966 3191 3005 vero
3216 2951 3437 3006 mollior
3479 2959 3611 3014 est;

294 3060 464 3117 quam
505 3045 549 3101 si
582 3046 652 3101 ab
681 3047 767 3102 bis
796 3062 919 3117 quae
946 3053 1100 3101 extra
1145 3045 1405 3100 eveniunt.
1446 3046 1775 3118 quandoque
1805 3044 2000 3101 oblzedi
2031 3042 2341 3113 contigerit,
2396 3042 2579 3112 ipsum
2639 3045 2836 3101 iisdem
2890 3047 3248 3115 passiouibus
3306 3047 3612 3103 obnoxium

296 3138 638 3193 redderetur.

368 3231 471 3283 Διὰ
514 3229 676 3283 τοῦτο
705 3232 963 3300 ἐποίησεν
1008 3235 1069 3286 ὲν
1114 3232 1191 3303 τῷ
1233 3234 1385 3304 μέσῳ
1428 3232 1597 3303 ἄλλην
1650 3232 1897 3303 μήνιγγα

2072 3222 2185 3279 Ilac
2221 3225 2408 3294 itaque
2440 3223 2508 3278 de
2541 3238 2731 3286 causa,
2772 3223 2937 3277 aliam
2964 3224 3298 3279 crassiorem
3334 3228 3611 3283 membra-

301 3325 621 3393 παχυτέραν
639 3340 653 3353 ο
680 3323 777 3397 τοῦ
804 3326 905 3394 μὲν
932 3325 1244 3395 ἐγκεφάλου
1279 3324 1423 3378 κατὰ
1450 3324 1589 3377 πολὺ
1617 3321 1900 3393 ὑπάρχου-

301 3430 403 3468 σαν
436 3414 833 3485 σκληροτέραν,
862 3416 958 3469 τοῦ
989 3418 1045 3469 δὲ
1078 3406 1240 3470 ὀστοῦ
1273 3418 1438 3471 πάλιν
1468 3415 1893 3486 μαλακωτέραν.

303 3505 464 3567 ’Ὧςτε
493 3504 587 3557 τὸν
620 3505 928 3574 ἐγκέφαλον
979 3506 1404 3577 μεσολαόεἶσθαι
1433 3506 1540 3560 ὑπὸ
1566 3507 1665 3577 τῆς
1690 3505 1901 3575 λεπτῆς

300 3598 398 3651 καὶ
432 3598 669 3667 παχείας
698 3601 987 3669 μήνιγγος·
1012 3601 1222 3670 ὁμιλεῖν
1246 3600 1304 3654 δὲ
1334 3600 1434 3669 τὴν
1466 3598 1569 3668 μὲν
1592 3598 1798 3669 λεπτὴν
1823 3598 1901 3667 τῷ

301 3689 613 3761 ἐγκεφάλῳ,
649 3690 751 3763 τὴν
783 3692 840 3745 δὲ
872 3696 1107 3762 παχεῖαν
1129 3691 1205 3763 τῷ
1236 3691 1400 3763 ὀστᾷν
1427 3690 1573 3745 ῶστε
1610 3688 1777 3765 ἦττον
1805 3691 1898 3744 ὑπ’

300 3782 469 3837 αὑτοῦ
500 3784 754 3854 πάσχειν.
805 3786 871 3838 Ἦ
919 3785 977 3838 δὲ
1024 3785 1198 3857 λεπτὴ
1248 3785 1454 3857 μήνιγξ
1498 3784 1902 3856 περιλαμϐάνει

302 3876 393 3931 τὸν
420 3876 727 3946 ἰγκέφαλον
759 3878 821 3931 ού
855 3878 1016 3948 μόνον
1051 3879 1196 3944 ὅλον,
1230 3880 1371 3934 ἀλλὰ
1396 3878 1492 3933 καὶ
1523 3877 1592 3933 τὰ
1632 3878 1774 3951 μέσα
1804 3878 1903 3932 αὐ-

300 3966 419 4023 τοῦ.
459 3969 571 4023 Καὶ
603 3970 661 4022 ὲν
690 3970 768 4041 τῷ
813 3971 982 4023 παντὶ
1017 3969 1404 4042 μεσολαϐοῦσα
1434 3971 1767 4042 περικρατεῖ
1804 3969 1904 4039 τὴν

300 4060 495 4115 οὐσίαν
539 4062 745 4115 αὐτοῦ·
792 4061 937 4117 ὥστε
967 4063 1042 4134 μὴ
1083 4063 1467 4118 διολισθαίνειν
1510 4064 1606 4116 καὶ
1660 4063 1904 4135 διαρρεῖν

297 4151 389 4205 διὰ
413 4152 516 4221 τὴν
544 4153 784 4223 φυσικὴν
810 4153 1109 4223 ὑγρότητα.
1137 4153 1407 4225 Καθάπερ
1437 4153 1547 4225 γὰρ
1572 4153 1793 4225 ὁρῶμεν
1823 4155 1905 4207 ὄτι

300 4244 399 4299 καὶ
432 4247 527 4298 ἐπὶ
568 4245 682 4299 τῶν
714 4246 880 4315 ῥοιῶν
911 4246 1114 4316 ὑμένες
1162 4245 1559 4317 διαφράττουσι
1609 4244 1739 4308 τοὺς
1771 4244 1905 4298 κόκ-

298 4354 434 4400 κους
454 4377 469 4399 ,
502 4340 599 4392 καὶ
643 4338 775 4410 ὅλην
810 4338 983 4409 αὐτὴν
1028 4336 1507 4407 περιλαμϐάνουσι
1538 4336 1559 4367 ⁸
1592 4334 1692 4406 τὴν
1727 4335 1902 4405 ῥοιὰν,

297 4426 476 4492 οὕτως
523 4430 618 4482 καὶ
665 4430 760 4482 ἐπὶ
801 4429 895 4483 τοῦ
938 4428 1250 4498 ἐγκεφάλου
1305 4428 1401 4481 καὶ
1452 4425 1559 4497 τῆς
1604 4426 1903 4497 εἰρημένης

2002 3330 2131 3370 nam
2156 3314 2226 3369 de
2250 3313 2431 3368 medio
2456 3312 2765 3385 constituit,
2787 3328 2910 3382 quae
2934 3312 3164 3367 cerebro
3182 3313 3341 3385 longe
3371 3319 3614 3374 crassior

2003 3406 2381 3476 asperiorque,
2407 3418 2535 3460 osse
2565 3420 2698 3459 vero
2735 3405 2857 3474 ipso
2885 3404 3107 3460 mollior
3134 3414 3241 3462 est.
3270 3407 3484 3479 Itaque,
3519 3425 3613 3467 ce-

2004 3500 2225 3554 rebrum
2268 3497 2372 3552 sub
2399 3507 2661 3567 utraque,
2694 3498 2822 3552 exili
2852 3498 3109 3555 videlicet
3149 3508 3205 3555 et
3226 3515 3414 3557 crassa
3438 3519 3612 3559 mem-

2005 3593 2197 3658 brana,
2218 3591 2459 3647 medium
2481 3591 2753 3657 consistit,
2784 3606 3020 3661 quarum
3071 3608 3207 3663 quas
3224 3594 3384 3650 exilis
3407 3604 3494 3651 est
3519 3612 3610 3653 ce-

2007 3684 2166 3739 rebro
2197 3683 2527 3753 applicatur,
2562 3682 2807 3736 crassior
2842 3696 2975 3736 vero
3020 3683 3133 3738 ossi
3170 3686 3438 3750 occurrit,
3471 3703 3613 3759 quo-

2005 3774 2189 3829 minus
2219 3774 2289 3829 ab
2317 3774 2437 3844 ipso
2489 3774 2783 3828 cerebrum
2838 3772 3042 3829 damna
3099 3777 3349 3832 sentiret.
3404 3776 3611 3835 Verum

2005 3866 2164 3922 exilis
2201 3868 2520 3922 membrana
2543 3907 2556 3932 ,
2594 3881 2698 3921 nor
2745 3864 2912 3923 modo
2951 3869 3050 3922 toti
3085 3870 3317 3925 cerebro
3365 3872 3614 3927 obvolvi-

2008 3970 2120 4027 tur,
2177 3976 2366 4016 verum
2394 3959 2560 4015 etiam
2592 3974 2689 4029 per
2711 3960 2890 4014 media
2931 3962 3104 4030 ipsius
3132 3962 3329 4033 pergit.
3388 3962 3457 4017 Et
3483 3979 3609 4018 cum

2008 4053 2191 4108 media
2252 4052 2375 4122 ejus
2436 4052 2696 4107 universa
2750 4052 3174 4122 complectatur,
3240 4054 3611 4111 substantiam

2006 4145 2157 4201 illius
2211 4146 2453 4215 undique
2503 4144 2768 4209 continet,
2805 4160 2875 4200 ne
2904 4159 3019 4215 prae
3069 4162 3137 4202 eo
3183 4147 3279 4217 qui
3310 4148 3366 4203 in
3392 4150 3511 4219 ipso
3530 4161 3616 4206 est

2007 4238 2247 4295 naturali
2274 4239 2507 4293 humore
2522 4238 2801 4293 dilabatur
2817 4253 2884 4292 ac
2907 4238 3173 4309 proﬂuat;
3193 4241 3356 4311 cujus
3374 4244 3453 4299 rei
3469 4245 3614 4300 mala

2007 4348 2131 4405 qua:
2151 4332 2350 4403 punica
2366 4341 2759 4403 nuncupantur
2774 4347 2897 4387 esse
2908 4332 3161 4403 exemplo
3180 4344 3435 4404 possunt.
3449 4334 3611 4403 Nam,

2010 4435 2126 4479 tum
2162 4439 2335 4495 grana
2380 4440 2506 4495 qua:
2536 4424 2590 4478 in
2622 4424 2744 4494 ipso
2770 4433 2900 4479 sunt
2929 4424 3324 4481 membranula:
3356 4428 3610 4497 quaedam

302 4522 565 4592 μήνιγγος
609 4520 759 4574 ἐστιν
805 4522 955 4575 ίδεῑν.
1006 4520 1179 4573 Τοῦτο
1206 4521 1303 4574 καὶ
1338 4521 1431 4574 ἐπὶ
1473 4518 1571 4573 τοῦ
1602 4520 1900 4589 λεγομένου

2010 4518 2264 4588 saepiunt,
2296 4526 2409 4573 tum
2442 4527 2619 4573 totum
2653 4517 2867 4589 malum
2902 4518 3315 4588 amplectuntur
3344 4535 3358 4573 :
3394 4519 3500 4592 53
3531 4523 3613 4576 sic

300 4614 557 4679 κρανίου
581 4608 739 4666 ἔστιΙι
770 4613 1051 4683 σκοπῆσαι
1071 4630 1086 4645 ·
1112 4612 1304 4667 ὀστοῦν
1345 4612 1404 4665 δέ
1433 4613 1551 4665 ἐστι
1577 4610 1741 4665 τοῦτο
1761 4651 1775 4676 ,
1803 4612 1900 4682 τὴν

2011 4618 2065 4664 et
2103 4610 2156 4663 in
2192 4610 2441 4675 cerebro,
2482 4625 2548 4664 ac
2593 4610 2647 4663 in
2690 4611 2810 4681 ipsa
2854 4611 2923 4666 de
2977 4627 3085 4683 qua
3140 4613 3386 4669 diximus
3435 4630 3611 4671 mem-

206 4996 211 4997 '
302 4982 401 5036 καὶ
428 4982 562 5035 αὐτὸ
583 4984 918 5055 κυκλοτερὲς
940 4983 1023 5047 ὃν,
1054 4983 1149 5037 τὸν
1179 4982 1488 5051 ἐγκέφαλον
1512 4980 1898 5050 ἀσφαλίζεται.

299 4703 398 4758 τοῦ
437 4704 741 4775 πολεμικοῦ
774 4705 1002 4777 κρανίου
1045 4706 1504 4776 ἀπομιμούμενον
1528 4704 1679 4758 θέσιν
1700 4721 1761 4757 τε
1805 4705 1900 4757 καὶ

2011 4702 2184 4756 brana
2230 4716 2459 4757 cernere
2489 4710 2575 4757 est
2616 4720 2629 4756 :
2674 4703 2791 4757 haec
2855 4714 3039 4759 autem
3094 4705 3401 4762 similitudo
3456 4717 3511 4763 et
3552 4709 3607 4764 in

299 4800 516 4867 χρείαν.
559 4800 774 4872 Ὠσπερ
801 4800 912 4871 γὰρ
957 4801 1142 4858 ὲκεῖνο
1177 4784 1513 4869 κυκλοτερές
1540 4799 1599 4851 τέ
1626 4800 1777 4861 ἐστι,
1809 4798 1900 4851 καὶ

2006 4794 2160 4849 calva
2206 4793 2427 4859 visitur,
2478 4809 2602 4864 quae
2647 4794 2817 4865 galea}
2849 4811 2959 4865 qua
2997 4797 3052 4851 in
3106 4798 3252 4853 bello
3286 4800 3498 4854 utimur
3532 4801 3608 4856 si-

299 4889 401 4961 τὴν
422 4891 552 4961 ὅλην
575 4893 937 4960 ἁσφαλίζεται
963 4890 1233 4962 κεφαλὴν,
1260 4890 1438 4952 οὕτως
1466 4890 1561 4943 καί
1585 4889 1647 4941 τὸ
1679 4888 1900 4959 κρανίον

2005 4885 2151 4941 milis
2190 4895 2307 4953 est,
2355 4898 2412 4940 et
2452 4880 2711 4942 eumdem
2759 4888 2927 4943 situm
2997 4904 3063 4945 ac
3121 4890 3365 4947 colorem
3421 4893 3607 4948 habet.

2002 4978 2481 5046 Quemadmodum
2522 4979 2668 5033 enim
2709 4980 2864 5050 galea
2905 4980 3024 5050 ipsa
3074 4982 3333 5038 circulari
3374 4982 3608 5039 formata

300 5072 467 5130 Ὅθεν
506 5075 599 5128 καὶ
639 5076 814 5143 αὐτῆς
848 5077 952 5146 τῆς
986 5075 1366 5146 προσηγορίας
1394 5076 1414 5106 ⁶
1447 5075 1659 5144 ἔτυχεν.

2005 5074 2213 5129 ambitu
2278 5072 2380 5128 toti
2429 5072 2575 5141 quod
2634 5070 2782 5127 intus
2829 5081 2914 5128 est
2959 5073 3129 5129 tutela
3174 5076 3608 5130 munimentum-

298 5180 408 5235 que
456 5166 692 5229 exsistit,
751 5168 826 5221 ita
878 5175 932 5221 et
971 5167 1147 5231 calva,
1203 5183 1326 5221 eum
1366 5164 1615 5220 eamdem
1664 5163 1898 5219 formam
1938 5180 2051 5235 prae
2085 5181 2145 5221 se
2188 5164 2348 5231 ferat,
2380 5166 2670 5222 cerebrum
2701 5166 2807 5222 sub
2867 5181 2929 5223 se
2960 5167 3032 5222 ab
3058 5167 3212 5223 omni
3280 5168 3402 5225 labe
3428 5169 3609 5225 reddit

299 5269 637 5328 exemptum.
666 5257 823 5313 Unde
851 5259 1139 5314 cerebrum
1175 5260 1321 5329 quod
1354 5258 1407 5312 in
1437 5258 1615 5328 capite
1649 5261 1723 5313 slt
1744 5257 2046 5327 ἐγκέφαλος
2093 5258 2501 5314 denominatur.

368 5350 511 5403 Οὐδὲ
536 5344 820 5403 τοῦτοόὗν
861 5348 922 5415 ἐξ
948 5350 1068 5414 ἑνὸς
1108 5350 1268 5404 ὀστοῦ
1301 5349 1743 5416 κατεσκεύασεν,
1777 5349 1894 5405 ἀλλ’

2074 5350 2195 5407 Non
2265 5353 2413 5407 enim
2480 5352 2633 5409 calva
2712 5352 2833 5423 ipsa
2888 5351 3111 5424 singulo
3168 5366 3297 5410 osse
3342 5364 3601 5421 constat,

297 5441 364 5496 ἐκ
390 5442 667 5515 διαφόρων
704 5443 905 5511 ὀστῶν,
935 5444 1031 5497 καὶ
1063 5443 1124 5497 ού
1155 5444 1583 5516 κεχωρισμένων
1615 5442 1890 5516 ἀλλήλων,

2005 5443 2098 5499 sed
2148 5442 2382 5499 diversis
2442 5443 2667 5501 ossibus
2729 5443 3131 5514 distinguitur,
3183 5461 3307 5516 quae
3364 5446 3603 5505 discreta

371 5600 417 5633 “
564 5600 792 5688 (Ζοιῑκϐιἶ
818 5598 1356 5688 orditursecundu‘m
1382 5612 1564 5688 caput.
1616 5603 1746 5688 nep}
1772 5604 1900 5688 ὲγξε

2005 5618 2083 5688 too
2123 5600 2241 5673 (sic
2275 5599 2353 5685 Β)
2384 5601 2504 5688 καὶ.
2524 5601 2940 5688 μηνίγγωνῃκαὶ
2967 5602 3119 5688 ξιατί
3145 5603 3503 5688 σφαιροειδῂς
3534 5609 3598 5688 κῆ

296 5672 512 5746 κεφαλὴ
554 5673 852 5746 κεφαλαίον
884 5672 942 5746 β.
1019 5674 1065 5705 ¹⁵
1098 5674 1265 5728 αὐτοῦ
1295 5674 1356 5729 Β.
1436 5676 1481 5707 ¹⁵
1514 5672 1806 5738 δυκτιῶδες
1834 5676 1895 5729 Β.
1923 5672 1931 5675 Ἴ
1977 5677 2021 5708 ⁵⁸
2056 5672 2195 5745 ὅπερ
2219 5672 2540 5746 κράνιοςῗΑ.
2589 5672 2600 5675 ⁷
2631 5674 2706 5746 Αξτγ
2732 5672 3030 5746 ὑμένας-Β.
3084 5680 3088 5683 ‘
3127 5672 3363 5746 ν¹⁸⁷διατί
3390 5672 3504 5746 γάρ
3534 5672 3598 5731 ΒΣ

299 5745 345 5819 ff
365 5742 613 5819 “raritate
636 5743 1079 5819 ἐνηλλαγμένως
1086 5815 1095 5819 _
1121 5746 1379 5819 ἐχούσαις
1413 5746 1479 5819 ᾼ,
1506 5746 1713 5819 ταύτας
1742 5742 2423 5819 ἐνηλλαγμέναςίὲχούσας
2455 5745 2517 5819 Β.
2625 5744 2674 5819 _'°
2694 5743 2928 5819 ὲνείλισε
2940 5744 3014 5819 _B_.
3092 5745 3156 5819 ’ξ
3187 5742 3505 5819 παχυτέρου
3534 5750 3596 5819 ᾼ.

300 5763 344 5777 ··
365 5763 593 5806 ταύταις
636 5763 1070 5814 ενηΑΛαγμεναις
1121 5763 1379 5866 εχουσαις
1413 5763 1479 5811 Α,
1506 5763 1713 5811 ταυτας
1742 5763 2159 5819 ενηλλαγμενας
2186 5763 2423 5817 εχουσας
2455 5763 2517 5799 ιι.
2626 5763 2674 5776 ·-
2694 5763 2928 5798 ενειΑισε
2952 5763 3014 5798 υ.
3093 5763 3139 5779 υ
3187 5763 3505 5817 παχυτερου
3534 5763 3596 5801 Α.

297 5815 397 5891 ξω
424 5814 519 5891 καὶ
548 5812 712 5891 μέσου
738 5815 858 5891 ἦτοι
908 5814 1114 5886 μεταξὺ
1171 5858 1208 5891 _.
1238 5885 1267 5891 Α
1303 5816 1325 5849 ⁸
1353 5817 1449 5871 καὶ
1475 5818 1616 5891 αὑτὴ
1645 5818 1707 5873 Β.
1804 5819 1825 5852 ³
1857 5820 2049 5884 οὐσίας
2104 5818 2198 5874 τοῦ
2240 5821 2435 5889 ὲγκεφ.
2467 5817 2530 5874 Β.
2624 5816 2648 5849 ⁸
2678 5815 3086 5888 περιλαμϐάνει
3120 5813 3184 5873 Β.
3276 5813 3507 5874 ’ἔνεστι
3533 5815 3598 5875 Β.

262 5924 263 5927 η
294 5883 318 5917 ⁸
340 5882 729 5957 ταύτηςὲτυχς
762 5882 866 5958 ἧς
890 5882 1126 5958 προσηγ.
1168 5885 1211 5940 Β
1233 5885 1296 5944 Ρ.
