4204 6470
273 428 412 485 1157

1512 418 1602 474 DE
1640 412 1929 473 NATURA
1967 409 2273 469 HOMINIS.‘

3408 408 3547 465 H58

271 544 366 599 καὶ
394 539 593 613 ἐκροὰς
624 538 706 592 ὅτι
740 535 1000 599 πλείστας
1030 537 1107 598 ὡς
1139 534 1350 607 κυρίως
1380 532 1643 605 ἐποίησεν
1676 531 1847 602 ἔχειν,
1878 531 1899 588 Α

1966 541 2116 596 quam
2172 525 2414 581 diximus
2462 538 2628 580 causa
2662 523 2910 579 habetur.
2964 521 3044 577 Ad
3097 522 3246 589 hac,
3299 520 3550 579 ﬂuxuum

268 636 359 690 ἵνα
400 632 446 666 ⁸⁸
478 631 553 703 μὴ
589 630 660 685 τὰ
705 626 1099 701 περιττώματα
1148 626 1424 696 γενόμενα
1474 626 1521 658 ’⁸
1570 624 1846 678 πλείστων

267 725 420 796 αύτῷ
453 722 882 794 συμπτωμάτων
908 718 1059 773 αίτια
1090 718 1320 787 γένηται
1348 716 1418 770 ³⁸.

338 898 554 967 Ὥσπερ
586 894 770 949 τοίνυν
801 891 899 946 ἐπὶ
920 892 1024 962 τῆς
1072 892 1117 923 ³¹
1141 889 1381 960 γαστρὸς
1412 888 1709 960 βλέπομεν,
1750 887 1849 942 καὶ

267 987 701 1057 διαγινώσκομεν
737 984 840 1054 τὴν
879 982 1169 1053 ἐνέργειαν
1215 979 1390 1049 αὐτῆς
1421 981 1486 1043 ἐκ
1518 978 1631 1033 τῶν
1660 996 1851 1050 περιτ-

266 1079 542 1149 τωμάτων
565 1092 580 1106 ·
611 1074 708 1129 καὶ
736 1074 906 1144 εἰμὲν
939 1067 1278 1137 πεπεμμένα
1311 1069 1357 1101 ³³
1401 1068 1519 1122 ἐστὶ
1550 1066 1620 1120 τὰ
1643 1066 1845 1136 διαχω-

270 1172 511 1242 ρήματα.
535 1165 769 1236 λέγομεν
790 1163 889 1234 τὴν
910 1163 1160 1231 γαστέρα
1181 1160 1365 1225 καλῶς
1389 1158 1609 1213 πέττειν
1628 1175 1642 1189 ο
1674 1156 1851 1222 οὕτως

269 1265 364 1318 καὶ
398 1262 492 1316 ἐπὶ
517 1261 614 1313 τοῦ
647 1257 952 1327 ἐγκεφάλου
979 1258 1045 1311 ἐκ
1067 1255 1179 1310 τῶν
1212 1252 1653 1326 περιττωμάτων
1683 1248 1851 1305 αὐτοῦ

268 1352 366 1415 τὰς
392 1349 679 1421 ἐνεργείας
699 1345 1046 1418 γνωρίζομεν
1073 1360 1089 1376 ο
1124 1344 1263 1416 πρὸς
1296 1342 1406 1412 γὰρ
1437 1342 1562 1404 ταῖς
1586 1337 1851 1411 ἀνωτέρω

270 1441 594 1513 εἰρημέναις
635 1438 862 1509 ῥαφαῐς,
893 1431 1257 1503 καθαίρεσθαι
1281 1430 1446 1485 αὐτὸν
1484 1430 1579 1483 καὶ
1615 1426 1705 1481 διὰ
1744 1444 1849 1497 μυ-

168 1595 172 1598 ς
196 1584 201 1585 ν
270 1534 491 1604 κτήρων
521 1531 618 1585 καλ⁵
648 1528 803 1581 ὢτων
832 1528 930 1581 καὶ
952 1524 1272 1596 ὀφθαλμῶν,
1291 1522 1389 1576 καὶ
1416 1521 1507 1574 τοῦ
1545 1518 1847 1589 λεγομένου

270 1626 551 1696 τρήματος
572 1666 587 1693 ,
619 1620 649 1673 ὃ
674 1617 880 1689 χώνην
918 1615 1066 1680 τινὲς
1094 1613 1388 1684 ὠνόμασαν
1421 1610 1532 1667 ἀπὸ
1570 1611 1670 1680 τῆς
1713 1608 1851 1679 πρὸς

272 1716 490 1786 ἐκείνην
523 1710 910 1783 ὀμοιώσεως,ὀ
936 1709 1038 1778 τῆς
1066 1706 1287 1777 φύσεως
1313 1704 1705 1775 ἐμηχανήσατο
1735 1701 1851 1756 Κύ-

274 1826 392 1878 ριος
426 1808 493 1860 ⁸³.
526 1804 722 1874 Χώνην
767 1803 825 1857 δέ
853 1802 915 1856 τὸ
960 1802 1151 1872 τρῆμα
1187 1798 1467 1867 λέγουσιν,
1520 1794 1714 1866 ἐπειδὴ
1744 1793 1856 1848 ἀπὸ

273 1870 575 1970 εὐρυτέρας
620 1870 833 1963 βάσεως
878 1870 1208 1964 ἀρχόμενον,
1256 1888 1335 1950 εἰς
1386 1886 1855 1957 στενοχωρὸτερον
1887 1870 1929 1925 Β

272 1988 501 2059 τελευτᾷ
531 1986 694 2056 πόρον
735 1984 799 2040 ³³.

361 2162 517 2217 Ἐπεὶ
542 2160 599 2214 δὲ
630 2159 729 2213 καὶ
769 2156 904 2228 μῦες
944 2155 1133 2210 πολλοὶ
1160 2154 1304 2209 κατὰ
1336 2151 1436 2225 τὴν
1477 2151 1722 2222 κεφαλὴν
1764 2152 1862 2205 καὶ

272 2250 421 2307 κατὰ
448 2250 541 2303 τδν
573 2245 877 2317 ἐγκέφαλόν
898 2246 1025 2311 εἰσι,
1060 2243 1265 2313 μᾶλλον
1286 2242 1343 2296 δέ
1366 2241 1629 2296 καὶκατὰ
1656 2240 1860 2302 παντὸς

272 2345 369 2401 τοῦ
401 2344 653 2415 σώματος
679 2382 695 2406 ,
727 2343 972 2413 εἴπωμεν
1002 2340 1105 2411 τὴν
1132 2338 1327 2392 τούτου
1358 2337 1403 2370 ³⁸
1435 2335 1722 2406 ἐνέργειαν
1766 2335 1862 2387 καὶ

273 2438 466 2509 χρείαν
495 2435 543 2467 ⁸⁸
580 2433 700 2488 οἵαν
731 2432 813 2505 τῷ
856 2432 1062 2502 ⁴ἡνιόχῳ
1089 2432 1119 2484 6
1150 2428 1370 2501 χαλινὸς
1403 2429 1463 2481 ἐν
1509 2426 1588 2496 τῷ
1627 2426 1856 2497 ἅρματι.

276 2529 491 2599 ’Ὥσπερ
518 2526 629 2597 γὰρ
669 2526 757 2578 ἐπ’
788 2523 968 2578 ἐκεῖνό
1000 2525 1120 2576 ἐστι
1163 2521 1265 2593 μὲν
1301 2522 1330 2575 6
1362 2519 1581 2592 ἡνίοχος
1602 2559 1618 2585 ,
1662 2520 1772 2571 είσὶ
1803 2518 1861 2572 δέ

274 2622 373 2675 καὶ
422 2621 573 2691 ήνίαι
601 2660 616 2686 ,
652 2619 749 2673 καὶ
787 2617 926 2687 μετὰ
961 2615 1063 2680 τὰς
1097 2614 1256 2687 ἡνίας
1302 2614 1331 2667 6
1379 2613 1601 2684 χαλινὸς
1630 2650 1647 2677 ,
1687 2612 1857 2682 ήρτηυ

278 2711 438 2784 μένος
478 2713 521 2743 ³⁷
560 2710 661 2781 μὲν
694 2710 803 2764 ἀπὸ
845 2707 958 2761 τῶν
1004 2706 1195 2775 ἠνίων,
1228 2704 1620 2776 συνδεδεμένος
1650 2703 1708 2757 δὲ
1746 2705 1863 2765 τοῖς

277 2806 467 2867 ἵπποις
485 2844 501 2868 ,
530 2803 638 2856 εἰσὶ
661 2802 718 2856 δὲ
746 2802 839 2856 καὶ
868 2801 1025 2855 αὐτοὶ
1042 2802 1091 2853 οἱ
1116 2801 1302 2854 ἵπποι·
1329 2797 1507 2859 οὕτως
1526 2797 1624 2850 καὶ
1644 2795 1738 2849 ἐπὶ
1764 2794 1861 2849 τοῦ

272 2898 549 2969 ἡμετέρου
586 2895 874 2966 σώματος’
913 2895 1124 2965 ἡνιοχεῖ
1162 2893 1262 2964 μέν
1294 2891 1430 2945 αὐτὸ
1464 2893 1492 2945 6
1527 2888 1861 2958 ἐγκέφαλος,

276 2988 428 3059 ήνίαι
478 2988 523 3020 ³⁸
553 2987 610 3040 δὲ
661 2985 829 3041 αὑτοῦ
868 2985 938 3037 τὰ
995 2985 1198 3055 νεῦραο
1238 2984 1451 3054 χαλινοὶ
1497 2984 1555 3036 δὲ
1588 2980 1758 3035 αὐτοῦ
1813 2984 1863 3035 oi

280 3079 417 3150 μῦες
441 3092 457 3110 ο
492 3076 648 3130 ίπποὶ
678 3075 737 3128 δὲ
760 3074 829 3128 τὰ
857 3074 1024 3127 λοιπὰ
1055 3073 1246 3144 μόρια.
1285 3072 1394 3125 Καὶ
1421 3072 1448 3123 ὁ
1485 3071 1586 3140 μὲν
1618 3069 1864 3139 ἐγκέφα-

1953 614 2298 671 excretiones
2349 615 2516 684 capiti
2559 622 2619 668 ut
2670 612 2906 683 principi
2939 619 3079 683 parti
3130 628 3314 667 rerum
3356 612 3549 683 Opifex

1954 706 2184 778 largitus
2205 716 2310 772 est,
2349 722 2417 762 ne
2438 707 2647 763 scilicet
2680 710 2727 760 si
2766 714 3116 761 excrementa
3141 706 3441 777 intercepta
3467 706 3548 760 fo.

1957 808 2100 866 rent,
2118 799 2372 869 plurimis
2399 798 2623 854 casibus
2652 798 2954 853 obnoxium
2981 797 3321 853 redderetur.

2027 888 2500 955 Quemadmodum
2542 889 2708 961 igitur
2746 888 2801 942 in
2836 888 2943 943 alvi
2972 890 3340 944 excrementis
3392 888 3552 945 nobis

1955 982 2244 1052 perspicue
2289 990 2440 1052 patet
2490 981 2739 1048 (etenim,
2775 981 2822 1036 si
2845 989 3262 1037 excrementum
3304 983 3451 1051 quod
3483 984 3545 1037 al

1956 1074 2073 1144 ipsa
2103 1074 2375 1129 emittitur
2407 1084 2731 1129 concoctum
2772 1072 2969 1135 fuerit,
3021 1082 3168 1128 recte
3203 1073 3377 1144 ipsam
3416 1088 3553 1128 con-

1954 1177 2194 1233 coquere
2227 1161 2501 1227 dicimus;
2526 1161 2574 1217 si
2607 1175 2736 1216 vero
2760 1160 3170 1227 inconcuctum,
3208 1177 3317 1216 non
3344 1165 3553 1228 recte),

1954 1251 2029 1305 ita
2083 1261 2139 1306 ct
2171 1251 2224 1306 in
2276 1252 2503 1307 cerebro
2543 1250 2787 1307 visitur:
2828 1251 2897 1307 ab
2941 1252 3356 1308 excrementitia
3407 1254 3553 1309 enim

1954 1344 2078 1412 ejus
2106 1344 2355 1411 materia,
2391 1347 2637 1401 actiones
2665 1343 2841 1414 ipsius
2876 1343 3034 1400 nobis
3066 1344 3368 1415 perspicua:
3396 1344 3553 1399 fiunt.

1956 1432 2075 1490 Hoc
2102 1445 2308 1500 autem,
2343 1450 2453 1489 non
2490 1435 2656 1491 modo
2695 1436 2903 1492 suturis
2936 1452 3077 1507 quas
3107 1437 3264 1507 prius
3293 1437 3555 1502 diximus,

1956 1526 2052 1580 sed
2079 1534 2136 1579 et
2177 1539 2336 1591 naso,
2368 1527 2626 1592 auribus,
2669 1527 2871 1593 oculis,
2897 1537 3256 1598 purgamenta
3289 1528 3555 1584 excernit.

1955 1615 2038 1671 Ad
2060 1618 2175 1673 haec
2196 1616 2322 1672 item
2346 1634 2410 1674 ea
2442 1627 2596 1689 parte
2616 1634 2778 1689 quam
2806 1618 2979 1674 αι’ωοί
3002 1618 3212 1690 τρῆμα,
3241 1620 3325 1673 vel
3354 1622 3556 1690 χώνην,

1956 1710 2105 1781 quod
2162 1725 2193 1765 a
2246 1710 2525 1781 plerisque
2588 1710 2998 1765 infundibulum
3054 1717 3436 1780 nuncupatur;
3491 1711 3557 1764 ad

1956 1802 2079 1873 ejus
2125 1802 2273 1857 enim
2330 1802 2746 1858 similitudinem
2782 1811 2994 1857 naturae
3028 1800 3228 1872 Opifex
3263 1801 3392 1856 illud
3427 1816 3561 1856 con-

1960 1893 2157 1949 stituit.
2200 1893 2353 1947 illam
2386 1893 2534 1949 enim
2561 1904 2772 1964 partem
2805 1893 3216 1949 infundibulum
3252 1893 3555 1963 appellant.

1959 1998 2027 2038 eo
2076 1983 2222 2052 quod
2282 1982 2388 2053 55
2421 1983 2491 2038 ab
2523 1983 2794 2055 ampliore
2838 1991 3015 2040 tractu
3053 1984 3109 2039 in
3136 1982 3559 2040 contractiorem

1960 2085 2199 2129 meatum
2242 2074 2462 2130 desinit.

2031 2163 2327 2232 Quoniam,
2377 2173 2492 2219 tum
2555 2174 2750 2235 caput,
2815 2173 2930 2219 tum
2985 2163 3309 2232 cerebrum,
3345 2166 3597 2220 necnon'

1963 2262 2134 2309 totum
2160 2270 2363 2324 corpus
2406 2264 2656 2310 nostrum
2705 2254 2957 2325 pluribus
2998 2254 3267 2310 musculis
3323 2247 3560 2309 obsitum

1961 2359 2079 2412 est,
2122 2349 2318 2403 horum
2357 2348 2605 2403 actiones
2657 2345 2932 2417 ofﬁciique
2978 2345 3355 2409 functionem,
3395 2360 3564 2415 quam

1963 2456 2071 2495 una
2114 2455 2239 2495 cum
2274 2443 2502 2496 cerebro
2555 2448 2847 2510 peragunt,
2907 2438 3062 2509 prius
3109 2437 3374 2493 diximus.
3434 2435 3568 2491 Tale

1962 2532 2108 2587 enim
2142 2531 2247 2601 ipsi
2278 2531 2509 2587 cerebro
2534 2530 2771 2586 cilicium
2792 2530 3076 2596 exhibent,
3096 2530 3257 2600 quale
3277 2529 3481 2599 auriga:
3512 2531 3565 2583 in

1962 2619 2201 2691 regendo
2266 2634 2436 2675 curru
2497 2617 2655 2674 frena
2716 2617 3013 2673 sufﬁciunt.
3086 2616 3567 2684 Quemadmodum

1962 2711 2109 2765 enim
2148 2709 2203 2764 in
2230 2725 2398 2764 curru
2456 2709 2651 2779 auriga
2684 2708 3001 2778 inspicitur,
3046 2717 3159 2763 tum
3202 2716 3257 2762 et
3300 2707 3417 2762 lora
3450 2707 3569 2777 ipsa

1965 2816 2087 2871 quae
2116 2817 2147 2856 a
2180 2800 2335 2858 freno
2364 2801 2676 2872 dependent
2718 2816 2830 2872 quo
2863 2802 2991 2872 equi
3017 2801 3314 2873 alligantur
3342 2814 3572 2855 cernere

1964 2902 2078 2959 est;
2105 2891 2201 2948 sed
2240 2901 2296 2947 et
2320 2894 2448 2963 equi
2479 2893 2535 2948 in
2568 2908 2635 2949 eo
2667 2894 2921 2950 visuntur
2948 2913 2962 2947 :
2994 2893 3187 2947 eodem
3231 2900 3416 2963 pacto,
3445 2904 3573 2947 cor-

1967 2986 2118 3055 poris
2143 2985 2317 3041 nostri
2346 2984 2571 3040 habitus
2596 2993 2837 3041 constat.
2864 2985 3167 3041 Cercbrum
3212 2984 3433 3054 quidem
3468 2998 3568 3038 au-

1967 3074 2104 3141 riga;
2131 3072 2249 3125 vice
2280 3071 2553 3142 fungitur,
2580 3074 2732 3127 nervi
2760 3088 2892 3127 vero
2921 3075 3023 3128 lori
3054 3073 3291 3128 cilicium
3327 3073 3569 3143 explent.

276 3169 369 3232 λος
395 3166 611 3238 πρῶτος
639 3165 763 3227 ταῖς
800 3163 985 3234 ἡνίαις
1027 3160 1409 3234 χρώμενος,ἢ
1440 3159 1685 3231 παράγει
1717 3161 1761 3191 ³⁹
1803 3159 1866 3212 r6
1894 3221 1899 3254 1

1968 3179 2069 3232 pro
2116 3162 2288 3218 frenis
2335 3163 2615 3218 musculos
2644 3163 2984 3227 constituas;
3018 3164 3169 3232 equi,
3196 3163 3421 3232 reliquae
3448 3178 3573 3217 cor-

280 3260 441 3329 σῶμα
470 3257 622 3328 παρὰ
649 3258 719 3311 τὰ
755 3254 967 3324 πλάγια
989 3254 1060 3325 ,ἢ
1099 3254 1181 3317 εἰς
1215 3254 1462 3307 τούπίσω
1495 3250 1858 3322 ἀναχαιτίζει,

277 3352 314 3423 ἢ
346 3350 534 3421 πρόσω
562 3346 853 3416 ἐπιτρέπει
880 3344 1144 3417 φέρεσθαι
1170 3361 1184 3374 ο
1209 3346 1238 3397 6
1258 3345 1317 3398 δὲ
1346 3343 1562 3414 χαλινὸς
1596 3344 1864 3412 ἑπόμενος

277 3447 401 3506 ταῖς
436 3443 633 3513 ἡνίαις,
657 3439 802 3494 κατὰ
836 3436 1191 3509 συμϐεϐηκὸς
1217 3435 1451 3489 ἔπεσθαι
1484 3436 1633 3488 ποιεῖ
1665 3434 1733 3486 τὰ
1770 3433 1868 3502 μό-

283 3553 376 3607 ρια
416 3534 497 3604 τῷ
527 3532 732 3605 πρώτῳ
774 3529 989 3603 πρῶτον
1019 3528 1261 3583 κινοῦντι
1296 3527 1363 3580 ⁸ο.
1406 3526 1617 3579 Οὐκοῦν
1650 3526 1700 3579 οί
1732 3524 1869 3594 μῦες

282 3626 474 3697 χρείαν
514 3623 733 3695 χαλινοῦ
761 3624 839 3693 τῷ
865 3620 1158 3691 ἐγκεφάλῳ
1181 3618 1550 3690 παρέχουσινο
1580 3616 1867 3686 ἐνέργειαν

281 3713 338 3767 δὲ
377 3712 659 3766 ποιοῦνται
695 3711 796 3782 τὴν
834 3709 1148 3779 κινητικὴν.

1972 3255 2122 3324 poris
2172 3262 2356 3323 partes
2404 3250 2715 3309 habentur.
2772 3252 3090 3318 Enimvero,
3147 3268 3275 3309 cum
3328 3253 3571 3323 primum

1970 3364 2176 3419 corpus
2227 3354 2605 3403 transversum
2667 3345 3047 3411 circumferre,
3105 3362 3204 3402 seu
3268 3345 3570 3405 retrahere.

1968 3440 2085 3494 sive
2134 3439 2187 3492 in
2236 3438 2516 3492 anteriora
2568 3451 2790 3491 movere
2844 3437 3159 3508 contigerit,
3195 3438 3422 3493 cerebro
3466 3437 3571 3507 ipsi

1970 3530 2149 3594 nervi,
2180 3542 2321 3599 quos
2370 3527 2490 3582 lora
2520 3527 2782 3592 diximus,
2818 3528 3139 3598 huiusmodi
3170 3527 3355 3584 ofﬁcio
3390 3528 3571 3583 inscr-

1969 3622 2163 3687 viunt;
2217 3622 2430 3674 frenum
2482 3635 2652 3686 vero,
2684 3635 2810 3676 cum
2861 3621 3135 3676 trahentia
3195 3637 3256 3678 se
3316 3622 3433 3677 lora
3484 3636 3573 3675 se-

1970 3720 2204 3781 quatur,
2265 3720 2446 3781 partes
2500 3712 2651 3781 ipsas
2708 3712 2861 3767 illum
2911 3714 3007 3783 qui
3069 3714 3329 3785 primitus
3388 3722 3576 3767 movet

285 3806 439 3876 sequi
470 3804 693 3876 subigit.
725 3802 865 3858 Hinc
918 3803 1083 3873 igitur
1111 3810 1282 3872 patet,
1307 3801 1454 3872 quod
1493 3802 1730 3858 musculi
1794 3805 1898 3875 ipsi
1941 3806 2081 3863 freni
2148 3807 2325 3861 vicem
2375 3807 2602 3863 cerebro
2631 3808 2896 3878 explent;
2937 3808 3032 3864 sed
3077 3820 3130 3865 ct
3157 3810 3261 3881 ipsi
3306 3810 3571 3865 motivam

286 3895 554 3950 actionem
594 3892 902 3964 perﬁciunt.

366 3988 425 4042 '0
467 3987 523 4040 δὲ
552 3985 824 4057 νωτιαῖος
852 3983 1150 4054 λεγόμενος
1188 3982 1413 4052 μυελὸς
1433 4022 1447 4043 ,
1473 3982 1749 4054 ἁπόρῥοιά
1784 3986 1871 4050 τίς

285 4082 401 4133 ἐστι
452 4076 544 4131 τοῦ
603 4074 945 4144 ἐγκεφάλου·
1012 4077 1105 4135 καὶ
1162 4067 1275 4125 οἷον
1333 4074 1443 4126 ἀπὸ
1492 4076 1677 4144 πηγῆς
1724 4094 1871 4141 τινος

287 4170 467 4241 ῥύακα
512 4169 763 4238 μιμεῖται
804 4166 1064 4237 προϊόντα
1086 4181 1100 4195 ο
1134 4165 1232 4234 τῆς
1266 4165 1364 4234 μὲν
1408 4167 1593 4237 πηγῆς
1621 4168 1792 4239 αὐτῆς
1822 4171 1871 4222 εἰ

284 4262 441 4332 τύχοι
479 4258 775 4330 περιφερὲς
822 4256 1056 4326 ἐχούσης
1094 4257 1280 4327 σχῆμα
1326 4258 1413 4345 ⁸ιῄ,
1448 4259 1541 4345 τοῦ
1575 4259 1632 4312 δέ
1669 4260 1873 4329 ῥύακος

285 4358 365 4416 εις
422 4352 598 4422 μῆκος
648 4348 1055 4419 ἐκτεινομένου.
1119 4348 1275 4401 Ἐπεὶ
1321 4343 1415 4401 οὖν
1463 4343 1508 4381 ’δ’
1551 4351 1580 4403 6
1620 4354 1873 4415 νωτιαῖος

284 4436 441 4506 οὗτος
474 4442 565 4494 τοῦ
596 4438 904 4508 ἐγκεφάλου
948 4438 1115 4507 μοίρα
1158 4438 1240 4500 τίς
1269 4439 1387 4491 ἐστι
1413 4480 1428 4505 ,
1466 4441 1783 4513 περιέχεται
1815 4441 1874 4495 δέ

2044 3982 2284 4036 Medulla
2349 3992 2533 4040 autem
2597 3999 2719 4055 qum
2815 3984 2963 4039 dorsi
2998 3986 3339 4056 appellatur,
3418 3993 3580 4061 quasi

1976 4074 2211 4130 etlluxns
2260 4074 2484 4130 cerebri.
2507 4075 2728 4145 quidam
2765 4084 2872 4137 est.
2913 4085 2967 4131 et
3002 4091 3101 4132 ceu
3143 4078 3297 4134 rivus
3351 4094 3378 4132 ιι
3432 4081 3583 4138 fonte

1977 4165 2254 4235 proﬂuens
2304 4164 2600 4236 efligiatur.
2638 4165 2787 4222 Fons
2817 4166 3061 4237 quidem,
3094 4177 3155 4224 nt
3200 4170 3274 4224 ita
3323 4171 3581 4239 dixerim,

1978 4255 2307 4312 circularem
2351 4256 2579 4328 ﬁguram
2623 4273 2738 4329 praa
2772 4273 2831 4314 se
2865 4258 2992 4322 fert,
3044 4261 3195 4316 rivus
3226 4275 3359 4317 vero
3399 4272 3581 4319 tractu

1982 4350 2036 4403 in
2095 4349 2320 4417 longum
2373 4358 2630 4418 porrecto
2685 4349 2878 4405 fertur.
2932 4349 3203 4417 Quoniam
3248 4352 3417 4422 igitur
3467 4354 3587 4409 hmc

1983 4438 2137 4493 dorsi
2192 4438 2433 4494 medulla
2471 4438 2683 4494 cerebri
2739 4454 2867 4510 pars
2914 4450 3019 4507 est,
3051 4440 3195 4497 hanc
3243 4443 3313 4497 ab
3363 4445 3587 4499 ossibus

287 4538 346 4589 ἐν
376 4535 551 4597 ὀστοῖς
579 4572 594 4596 ,
640 4533 807 4602 ἤγουν
850 4536 908 4585 ἐν
936 4534 1051 4593 τοῖς
1098 4531 1421 4596 σπονδύλοις
1459 4534 1559 4604 τῆς
1620 4536 1836 4606 ῥάχεως
1860 4577 1875 4601 ,

1984 4529 2156 4599 spinae
2202 4528 2660 4599 comprehensam
2708 4544 2830 4585 esse
2882 4531 3183 4586 cernimus.
3243 4532 3355 4588 Has
3401 4543 3588 4589 autem

286 4626 509 4693 ἀνάγκη
576 4622 672 4676 καὶ
724 4621 853 4684 τοὺς
900 4620 1231 4683 σπονδύλους
1287 4621 1567 4686 τοιούτους
1617 4624 1727 4678 ἀπὸ
1777 4625 1880 4693 τῆς

1981 4620 2289 4685 vertebras,
2323 4620 2403 4674 uti
2435 4627 2488 4674 et
2522 4619 2822 4674 medullam
2858 4620 3033 4690 ipsam
3057 4629 3270 4676 naturas
3295 4637 3589 4693 procreare

288 4715 504 4786 φύσεως
552 4713 924 4784 γεγενῆσθαι,
958 4706 1071 4773 οἷος
1127 4712 1222 4764 καὶ
1264 4714 1293 4764 ὀ
1349 4712 1591 4781 μυελός’
1638 4716 1735 4767 καὶ
1791 4716 1880 4769 διά

1986 4711 2363 4767 necessarium
2410 4711 2644 4778 exstitit,
2671 4720 2726 4767 et
2767 4712 2870 4767 hac
2917 4711 2985 4766 de
3051 4727 3219 4768 causa
3275 4715 3588 4770 communi-

287 4808 447 4862 τοῦτο
496 4806 588 4859 καὶ
622 4803 912 4867 κοινωνίας
948 4805 1207 4874 μετέχειν
1254 4803 1419 4857 αὐτὸν
1454 4807 1701 4876 φυσικῆς
1734 4808 1880 4877 μετὰ

1984 4804 2259 4859 rationem
2312 4803 2611 4874 quamdam
2666 4820 2791 4860 cum
2842 4806 3065 4861 ossibus
3098 4806 3409 4862 naturalem
3441 4808 3588 4863 obti-

287 4899 400 4952 τῶν
428 4898 605 4951 ὀστῶν
628 4916 641 4929 ·
678 4898 819 4968 πρὸς
851 4897 960 4968 γὰρ
991 4896 1093 4966 τὴν
1124 4895 1221 4949 τοῦ
1254 4897 1657 4968 περιεχομένου
1697 4898 1883 4969 φύσιν,

290 4992 384 5046 καὶ
415 4990 475 5044 τό
505 4990 765 5061 περιέχον
799 4988 933 5042 αὐτὸ
963 4987 1011 5020 ⁸³
1049 4988 1492 5060 δημιουργεῖται.

361 5171 473 5225 Καὶ
511 5170 614 5241 ὅρα
646 5170 764 5232 πῶς
812 5168 1027 5222 ἅπαντα
1055 5166 1124 5220 τὰ
1157 5166 1251 5220 τοῦ
1286 5169 1543 5236 σώματος
1568 5167 1704 5220 ὀστᾶ
1742 5168 1880 5237 πρὸς

299 5260 482 5316 τοῦτον
528 5258 640 5328 ἔχει
686 5257 788 5329 τὴν
832 5256 1170 5327 οἰκειότητα.
1225 5255 1347 5307 Τῶν
1406 5255 1518 5326 γὰρ
1560 5254 1876 5309 σπονδύλων

291 5353 548 5407 ἁπάντων
580 5352 611 5420 ὴ
642 5348 858 5412 σύνοδος
910 5349 1008 5419 τὴν
1032 5347 1206 5419 ἀρχὴν
1227 5348 1292 5399 ἐκ
1321 5347 1417 5415 τῆς
1439 5346 1655 5416 ῥάχεως
1687 5346 1877 5416 ἐποιήρ

1987 4905 2075 4949 net
2103 4911 2117 4959 ;
2156 4909 2282 4949 nam
2324 4894 2392 4949 ad
2429 4903 2687 4950 naturam
2720 4896 2869 4953 illius
2896 4898 3042 4967 quod
3074 4901 3589 4971 comprehenditur,

1991 4993 2047 5040 ct
2085 4985 2220 5039 illud
2251 4984 2400 5056 quod
2452 4987 2874 5057 comprehendit
2903 5000 3253 5060 procreatum
3303 5008 3427 5050 esse
3466 5009 3591 5051 cer-

1997 5082 2111 5129 tum
2153 5083 2260 5129 est.

2065 5166 2177 5237 Age
2204 5167 2316 5236 jam
2351 5183 2462 5239 quo
2490 5180 2652 5240 pacto
2680 5172 2962 5243 proprium
2989 5174 3265 5245 quoddam
3288 5178 3595 5247 peculiare-

1993 5272 2102 5326 que
2136 5260 2302 5313 totius
2331 5260 2578 5329 corporis
2607 5277 2735 5318 ossa
2761 5263 2827 5318 ad
2858 5263 3009 5319 dorsi
3040 5267 3295 5323 vertebra
3320 5269 3593 5335 obtinent.

1989 5349 2369 5419 inspiciamus.
2405 5349 2684 5407 Vertebrae
2707 5354 2853 5409 enim
2896 5370 3091 5413 omnes
3116 5358 3448 5416 cohaerentia
3482 5364 3596 5418 ori-

365 5465 412 5551 ξ’
443 5464 701 5551 πέείσταῖ
727 5466 754 5516 δ
786 5465 908 5544 ii”
943 5462 1061 5551 EX“,
1098 5462 1195 5551 ῖνσξ
1217 5463 1305 5551 Ρζ.
1350 5461 1836 5551 ν²ΪηίῗῖέΪέξὲένΞβέ
1857 5462 2323 5551 Ῡυῖτνξλξέμεναβ
2358 5464 2417 5550 P:
2498 5468 2543 5551 ῗ⁰
2565 5468 2784 5551 γίνηται
2828 5472 2891 5551 Ba
2917 5472 3161 5551 γίνοῖται
3187 5476 3256 5551 Cx
3294 5477 3595 5551 __",_¢361=‘P

292 5537 389 5590 ἐπὶ
453 5537 551 5601 τῆς
593 5550 644 5600 γ.
680 5536 744 5586 ἐκ
782 5535 889 5586 τῶν
917 5549 1224 5653 περιττωέ.
1253 5532 1355 5600 τὴν
1380 5532 1661 5600 ἐνεργείαν
1699 5532 1872 5601 αὐτῆς
1914 5532 2275 5602 γνωρίζωμεν
2298 5550 2315 5566 ο
2359 5537 2408 5588 εἰ

293 5607 355 5653 οὐ
389 5604 576 5653 καλῶς
611 5605 673 5653 Ρ.
728 5605 769 5634 ³⁸
812 5603 1099 5653 πεπεμένα
1207 5641 1221 5653 .
1287 5603 1330 5632 ³³
1362 5601 1566 5653 Κύριος
1631 5601 1756 5653 ἐπεὶ
1790 5606 1899 5653 γὰο
1953 5601 2012 5653 τὸ
2034 5604 2221 5653 τοῇιια
2246 5604 2408 5653 (irer

293 5607 355 5660 οὐ
389 5604 576 5673 καλῶς
611 5605 673 5655 Ρ.
728 5605 777 5673 ³ῗῄ
812 5603 1099 5673 πεπεμένα

1287 5603 1330 5680 ξ³
1362 5601 1566 5671 Κύριος
1631 5601 1756 5683 ἐπεὶ
1790 5606 1899 5683 γάρ
1953 5601 2012 5654 τὸ
2034 5601 2221 5683 τρῆμα
2246 5604 2358 5683 άπὸ
2378 5604 2440 5659 Ρ.
2572 5609 2741 5683 πόρον
2773 5611 2938 5683 ἐκλήθ

2450 5536 2728 5614 vili-parsit.
2767 5536 3186 5614 ἐστὶ.ξ...ᾼέχειν
3210 5547 3259 5598 εί
3288 5546 3344 5600 δὲ
3376 5536 3595 5602 ἄπεπτα

3016 5612 3101 5666 Ρ(
3144 5616 3190 5646 ³³
3213 5616 3422 5679 τούτων
3452 5616 3493 5669 Β
3531 5620 3590 5672 ιι.

298 5630 355 5660 ου
389 5630 573 5666 καιιως
612 5630 673 5655 ι’.
730 5630 777 5681 ’ζ
812 5630 1099 5673 πιπιμινοι
1160 5630 1221 5655 υ.
1363 5630 1564 5671 nuptas
1631 5630 1756 5683 ξιιει
1800 5630 1899 5672 γαρ
1953 5630 2012 5654 'w
2034 5630 2221 5683 Tt)qu
2246 5630 2358 5657 α.πο
2378 5630 2440 5659 r.
2492 5630 2537 5638 "
2572 5630 2741 5677 πορον
2773 5630 2938 5683 εκληυ
3016 5630 3073 5666 Υ.
3144 5630 3190 5646 ’⁵⁸
3213 5634 3422 5679 τουτων
3452 5630 3493 5669 Π
3531 5630 3590 5672 I'.

298 5676 343 5757 1‘
378 5669 491 5757 οῖιι
526 5673 781 5757 μειξάλεου
806 5671 1115 5757 ily-svis“
1158 5687 1765 5757 ξοελυχταιῖητοιαιέτηγ
1789 5671 1896 5757 γάρ
1924 5671 2221 5757 ﬁdem“?
2249 5675 2561 5757 ἐγκεφάλῳ
2593 5630 3057 5757 παρέχουσαἘο
3088 5685 3196 5757 P-_
3227 5686 3272 5757 '1
3299 5688 3594 5757 ἡρημένος

298 5745 358 5798 Β.
438 5745 482 5774 ³⁸
557 5745 643 5795 νία
671 5745 730 5795 Β.
806 5745 847 5774 ³³
876 5745 1129 5811 περιάγει
1159 5745 1198 5793 Β
1237 5745 1268 5793 (έ

298 5815 359 5879 Β,
387 5745 575 5879 ἐπειᾶ
601 5812 664 5865 C.
766 5810 809 5841 “
840 5812 969 5863 αὐτὸ
1001 5825 1109 5863 om.
1142 5808 1182 5861 Β
1209 5808 1268 5862 Ρ.

617 5906 896 5965 Ρετιιοι.
946 5904 1066 5961 Gn.
1112 5903 1330 5963 LXIV.

557 5740 643 5795 νία
671 5740 730 5795 Β.
770 5738 1278 5811 μ³⁹ίπεριάγειῌΒΔΟ
1314 5740 1375 5793 Ρ.
1453 5741 1497 5771 ⁸ο
1524 5738 1603 5810 τῷ
1639 5738 1875 5811 πρώτως
1898 5738 2008 5795 κιν.
2040 5740 2080 5794 Β
2101 5742 2143 5795 Ρ

2163 5781 2179 5808 ,
2208 5750 2285 5815 τῷ
2310 5750 2531 5813 πρῶτος
2562 5766 2667 5803 κιν.
2710 5750 2775 5805 (ἐξ
2869 5750 2912 5782 ⁸¹
2941 5751 3002 5803 τὸ
3040 5769 3128 5822 σχ.
3164 5754 3205 5806 Β
3228 5753 3293 5809 C.
3322 5750 3349 5756 ’⁷
3383 5750 3445 5788 δ”
3460 5758 3595 5823 γοῦν

3192 5914 3275 5976 39
