4204 6498
706 432 845 489 1139

705 656 879 703 totum
913 658 1112 712 corpus
1147 651 1400 716 nostrum
1433 642 1786 711 respondere,
1817 657 1924 713 qua
1958 645 2112 698 navis
2143 645 2285 698 cari-

705 754 831 793 nam
867 735 931 790 ad
957 735 1210 788 universa
1239 749 1362 802 qua:
1386 732 1489 802 ipsi
1518 731 1680 786 afﬁxa
1710 742 1841 787 sunt
1867 734 2030 802 ligna,
2051 747 2281 787 censen-

702 829 826 881 dum
872 831 977 879 est.-
1027 823 1095 877 Et
1159 823 1621 894 quemadmodum
1676 825 2000 878 neceSsitate
2049 825 2282 894 quadam

703 917 845 987 ligna
874 915 942 968 ad
967 914 1234 978 carinam,
1256 913 1372 968 sive
1409 928 1603 982 magna
1630 914 1743 975 illa,
1775 929 1871 968 seu
1904 929 2068 983 parra
2100 913 2279 976 fuerit,

695 1009 845 1076 justa
888 1005 1241 1075 proportione
1287 1002 1622 1067 referuntur,
1668 1002 1777 1073 56
1817 1003 1887 1057 ita
1921 1013 1976 1058 et
2011 1005 2078 1058 de
2127 1004 2281 1072 spina

697 1099 882 1154 dicere
909 1109 1234 1167 possumus;
1261 1110 1386 1148 nam
1417 1096 1632 1163 qualem
1669 1095 1757 1148 illa
1788 1095 1853 1150 ad
1889 1104 2092 1161 costas,
2123 1096 2281 1149 talem

699 1190 866 1243 etiam
898 1196 953 1242 et
983 1194 1151 1241 costa:
1185 1185 1252 1238 ad
1281 1185 1628 1253 scapularum
1657 1199 1783 1239 ossa
1820 1191 2067 1239 tenorem
2097 1199 2282 1240 serva-

699 1264 1035 1344 buntﬂum,
1083 1279 1150 1332 ad
1173 1276 1450 1346 scapulas,
1491 1269 1808 1340 brachium,
1843 1276 2006 1341 ulnas,
2053 1285 2108 1330 et
2140 1275 2283 1330 radi-

697 1371 813 1425 cale
834 1385 919 1432 os,
939 1384 1174 1439 ossaque
1194 1368 1247 1422 in
1271 1372 1393 1438 quae
1419 1381 1615 1421 manus
1637 1375 1880 1420 extrema
1903 1367 2129 1430 desinit;
2154 1381 2281 1435 prae-

699 1474 844 1517 terea
882 1463 1104 1516 illorum
1139 1476 1298 1523 ossa,
1330 1461 1500 1528 spina
1536 1458 1637 1528 ipsi
1673 1457 1887 1514 inferne
1915 1457 2277 1526 applicantur.

697 1553 808 1609 Illis
840 1566 967 1608 vero
995 1553 1200 1608 femora
1242 1550 1697 1614 dearticulantur,
1743 1557 1798 1605 et
1825 1550 2000 1613 tibiae,
2031 1558 2086 1602 et
2126 1565 2277 1612 sura,

695 1655 751 1698 et
772 1641 924 1713 pedis
948 1643 1121 1711 ipsius
1155 1655 1304 1696 ossa.
1334 1639 1616 1709 Siquidem
1642 1637 1874 1707 pedibus
1914 1637 2046 1706 ipsis
2081 1652 2277 1690 nervo-

694 1749 815 1788 rum
868 1734 1359 1798 musculorumque
1410 1729 1737 1790 ministerio,
1767 1728 1862 1797 qui
1918 1727 2154 1781 maxima
2185 1725 2278 1779 Dei

692 1823 1033 1894 providentia
1089 1829 1252 1890 atque
1301 1818 1532 1873 consilio
1579 1832 1610 1871 a
1661 1819 1889 1872 cerebro
1924 1825 2134 1871 motum
2187 1831 2279 1870 ca-

695 1915 871 1984 piunt,
906 1912 1158 1968 movendi
1210 1909 1442 1964 facultas
1487 1908 1960 1964 subministratur.

762 2098 896 2152 Nam
933 2095 1190 2160 musculi,
1219 2108 1360 2163 quos
1400 2093 1575 2148 Graeci
1611 2093 1755 2164 μύας
1808 2107 1839 2146 a
1902 2093 2068 2147 verbo
2120 2094 2277 2162 μύειν

693 2189 902 2253 dicunt,
920 2189 1064 2259 quod
1091 2188 1338 2242 claudere
1360 2186 1824 2256 interpretareris,
1841 2187 1912 2242 ob
1932 2187 1982 2240 id
2009 2187 2080 2243 ita
2098 2188 2276 2255 appel-

694 2280 898 2344 lantur,
918 2279 1047 2348 quia
1069 2277 1291 2348 propria
1316 2275 1402 2331 sui
1428 2276 1615 2330 munia
1642 2275 1992 2342 exsequendo
2013 2273 2276 2328 claudun-

692 2380 780 2422 tur
818 2388 830 2422 :
863 2369 918 2422 hi
967 2383 1204 2437 namque
1251 2382 1364 2438 pra:
1413 2367 1497 2420 sui
1542 2366 1950 2431 contractione,
1986 2377 2040 2422 et
2069 2367 2136 2421 ad
2172 2365 2273 2421 sibi

691 2460 1012 2528 praescripta
1060 2457 1330 2527 principia
1378 2457 1718 2520 extensione,
1772 2456 2024 2526 partibus
2053 2471 2175 2525 quae
2206 2456 2275 2509 ab

688 2550 820 2618 ipsis
850 2555 1138 2602 mOVentur
1170 2554 1377 2600 motum
1410 2545 1679 2599 tribuunt.
1707 2544 1847 2598 Sunt
1869 2544 1963 2613 qui
1995 2558 2090 2598 eos
2117 2547 2186 2597 ob
2218 2544 2273 2597 id

688 2639 972 2695 musculos
1010 2638 1282 2702 dictitant,
1327 2635 1474 2703 quod
1511 2639 1564 2690 in
1597 2636 1741 2690 exile
1761 2634 2039 2696 desinunt,
2064 2643 2177 2688 tum
2203 2635 2271 2689 ad

685 2730 940 2785 animalis
967 2739 1168 2783 nervos
1197 2725 1558 2783 similitudine
1592 2724 1920 2793 respondere
1951 2725 2269 2778 creduntur.

688 2821 794 2877 Sed
817 2833 869 2876 et
892 2833 1014 2875 eum
1043 2819 1226 2874 nervis
1241 2818 1372 2887 ipsis
1393 2815 1746 2887 preportioue
1760 2814 2113 2871 conveniunt.
2134 2813 2270 2868 Nam

685 2910 1147 2984 quemadmoddm
1194 2911 1344 2965 nervi
1372 2948 1385 2972 ,
1429 2908 1524 2977 qui
1563 2907 1634 2961 ab
1673 2906 1782 2962 illis
1817 2906 1986 2978 νεῦρα
2019 2905 2279 2977 παρὰτοῦ

682 3013 859 3067 νεύειν
878 3012 1014 3085 πρὸς
1031 3010 1220 3070 ἑαυτὰ.
1244 3009 1390 3079 quod
1414 3010 1467 3062 in
1487 3023 1545 3062 se
1562 3009 1676 3077 ipsa
1695 3008 1927 3063 innuant
1946 3023 2144 3063 nomen
2161 3024 2271 3064 sor-

685 3105 770 3158 titi
802 3111 953 3162 sunt.
979 3102 1060 3157 sic
1083 3111 1137 3155 et
1163 3100 1266 3170 ipsi
1287 3098 1477 3153 eadem
1498 3109 1618 3166 quas
1638 3104 1694 3151 et
1717 3097 1951 3152 musculi
1977 3106 2164 3168 agunt,
2181 3097 2292 3152 vel‘

2015 427 2297 484 MELETH
2344 428 2650 485 MONACIH

3831 415 3966 492 mo

702 560 883 626 ginem
909 567 938 606 a
963 552 1117 622 spina
1146 547 1404 604 trahunt:
1432 562 1596 617 quam
1623 546 1812 602 eadem
1839 549 2192 618 proportione
2218 563 2269 603 at

2397 566 2561 602 σατο’
2595 550 2717 620 ήτις
2770 549 2872 619 τήν
2921 547 3093 617 αὐτὴν
3123 543 3526 616 ἀναλογίαψτῷ
3563 545 3818 620 ἡμετέρῳ
3859 546 3963 603 σώ-

2391 661 2522 713 ματι
2557 641 2845 712 φυλάττει,
2877 640 3068 693 ὁποίαν
3099 641 3194 692 καὶ
3229 640 3260 708 ή
3302 637 3498 708 τρόπις
3531 629 3788 709 τῆςνηδς
3821 639 3954 712 πρὸς

2385 735 2453 787 τὰ
2482 735 2561 797 εἰς
2613 733 2784 803 αὐτὴν
2821 731 3202 802 ἐμϐαλλόμενοι
3227 729 3388 795 ξύλα.
3422 729 3638 794 Ὠσπερ
3688 730 3798 801 γὰρ
3831 729 3958 802 πρὸς

2385 825 2601 895 ἐκείνην
2638 824 2852 891 ἀνάγκη
2910 822 3087 874 πάντα
3118 819 3186 871 τὰ
3223 819 3355 883 ξύλα
3407 814 3554 872 εἶναι
3581 859 3594 883 ,
3633 831 3730 872 και
3775 821 3821 870 εἰ
3866 819 3962 890 μὲν

2386 919 2417 987 ἡ
2449 916 2643 986 τρόπις
2681 912 2894 985 μεγάλη
2930 913 3040 981 εἴη,
3100 909 3314 980 μεγάλα
3363 911 3456 962 καὶ
3504 910 3574 961 τὰ
3609 907 3740 971 ξύλα
3763 925 3775 937 ·
3809 910 3857 960 εἰ
3905 909 3958 960 δὲ

2388 1007 2560 1078 μικρὰ
2585 1047 2599 1070 ,
2628 1005 2831 1076 ὁμοίως
2863 1004 2960 1057 καὶ
3002 1002 3067 1056 τὰ
3099 1001 3234 1067 ξύλα
3260 1017 3273 1031 ο
3320 999 3496 1063 οὕτως
3547 1003 3661 1070 ἔχει
3695 1003 3793 1053 καὶ
3822 999 3962 1052 κατά

2382 1099 2483 1168 τήν
2513 1100 2672 1168 ῥάχιν
2697 1111 2714 1129 ο
2749 1095 2846 1148 καὶ
2872 1094 2918 1126 ⁸⁸
2942 1094 3017 1156 ὡς
3049 1093 3115 1148 ἂν
3145 1092 3248 1163 ἔχῃ
3277 1092 3440 1161 αὐτὴ,
3481 1091 3578 1142 καὶ
3609 1093 3666 1144 αἱ
3701 1090 3839 1161 πρὸς
3862 1091 3958 1142 αὖ·

2383 1190 2485 1260 τὴν
2514 1189 2928 1260 διηρθρωμέναι
2976 1187 3212 1256 πλευραί⁸
3252 1183 3436 1249 ἕξουσι
3462 1221 3478 1246 ,
3515 1183 3609 1235 καὶ
3649 1183 3705 1235 αἰ
3743 1183 3788 1214 ⁵⁸
3812 1182 3962 1248 dipo-

2383 1283 2608 1345 πλάται,
2659 1281 2798 1350 πρὸς
2828 1279 2888 1331 δὲ
2912 1277 3011 1340 τὰς
3042 1277 3086 1308 ⁸⁸
3116 1276 3449 1346 ὠμοπλάτας
3485 1272 3728 1343 βραχίων
3755 1290 3813 1326 τε
3869 1274 3958 1325 καὶ

2384 1372 2588 1442 πῆχυς,
2631 1372 2725 1424 καὶ
2753 1369 2967 1440 κερκὶς,
3006 1368 3102 1421 καὶ
3129 1367 3200 1419 τὰ
3229 1367 3327 1437 τῆς
3353 1365 3526 1435 ἄκρας
3555 1363 3736 1434 χειρὸς
3761 1365 3922 1417 ὀστέα
3943 1381 3956 1393 ·

2382 1466 2476 1517 καὶ
2507 1463 2672 1517 πάλιν
2703 1462 2840 1529 πρὸς
2869 1460 2969 1530 τὴν
2995 1461 3156 1530 ῥάχιν
3181 1459 3300 1512 ἐστὶ
3326 1458 3396 1510 τὰ
3425 1458 3524 1527 τῆς
3553 1454 3779 1524 λαγόνος
3806 1457 3957 1516 ὀστᾶ.

2382 1555 2523 1626 πρὸς
2560 1555 2595 1608 ἃ
2623 1553 2962 1625 διήρθρωται
2996 1553 3024 1602 ὁ
3076 1550 3254 1621 μηρός
3278 1567 3292 1580 ·
3344 1550 3439 1602 καὶ
3479 1549 3616 1618 πρὸς
3663 1549 3878 1601 ἐκεῖνον
3925 1551 3958 1617 ή

2381 1648 2564 1716 κνήμη
2597 1663 2656 1697 τε
2694 1645 2788 1698 καὶ
2827 1645 2858 1713 ή
2893 1643 3100 1713 περόνη
3121 1680 3136 1704 ,
3171 1640 3431 1710 καὶπρὸς
3461 1638 3664 1699 ταύτας
3693 1638 3735 1668 ⁸⁷
3773 1637 3842 1690 τὰ
3867 1637 3959 1690 τοῦ

2380 1738 2540 1802 ποδὸς
2569 1737 2754 1789 ὀστέα.
2802 1733 3084 1787 Ἐντεῦθεν
3115 1732 3302 1806 αὐτοῖς
3334 1730 3429 1784 καί
3449 1731 3484 1801 ή
3516 1730 3731 1800 κίνησις
3763 1728 3959 1784 δίδοται

2380 1831 2469 1884 διὰ
2508 1831 2719 1900 νεύρων
2747 1827 2840 1880 καὶ
2871 1827 3023 1896 μυῶν
3051 1825 3109 1888 ἐξ
3140 1824 3443 1894 ἐγκεφάλου
3475 1839 3489 1852 ⁸
3522 1823 3616 1874 καὶ
3641 1821 3851 1874 τούτων
3877 1841 3959 1876 κι-

2381 1923 2660 1993 νουμένων
2690 1919 2832 1972 κατὰ
2853 1921 2953 1988 τὴν
2983 1915 3230 1986 μεγάλην
3260 1914 3456 1986 βουλὴν
3485 1910 3580 1964 τοῦ
3604 1911 3743 1966 Θεοῦ
3777 1914 3822 1944 ⁸⁸
3864 1915 3959 1969 καὶ

2379 2015 2660 2086 πρόνοιαν.

2451 2105 2611 2169 Μῦες
2639 2103 2695 2156 δὲ
2726 2102 2981 2170 λέγονται
3018 2102 3169 2170 παρὰ
3198 2099 3258 2152 τὸ
3282 2099 3441 2169 μύειν
3476 2101 3534 2153 ἐν
3559 2103 3682 2163 ταῖς
3713 2099 3955 2160 οἰκείαις

2378 2196 2686 2265 ἐνεργείαις
2715 2209 2728 2222 ·
2765 2194 3185 2262 συστελλόμενοι
3217 2191 3346 2261 γὰρ,
3383 2191 3479 2244 καὶ
3503 2192 3597 2244 ἐπὶ
3627 2192 3725 2261 τὴν
3747 2191 3956 2244 οἰκείαν

2378 2290 2557 2359 ἀρχὴν
2587 2287 2987 2358 ἀνατρέχοντες
3013 2323 3030 2347 ,
3066 2283 3156 2337 διὰ
3202 2285 3302 2354 τῆς
3335 2283 3601 2354 συστολῆς
3643 2281 3857 2336 κινοῦσι
3886 2282 3951 2334 τὲ

2382 2382 2471 2434 ὑπ’
2502 2380 2684 2433 αὐτῶν
2714 2378 3013 2448 κινούμενα
3049 2375 3235 2445 μόρια.
3273 2373 3429 2437 Τινὲς
3463 2375 3521 2428 δὲ
3551 2375 3803 2442 λέγουσιν
3824 2413 3840 2437 ,
3872 2374 3954 2426 δτι

2380 2473 2652 2544 μυοειδετς
2683 2474 2826 2534 εἰσι,
2863 2469 2959 2523 καὶ
2993 2469 3071 2531 εἰς
3099 2467 3274 2520 λεπτὰ
3299 2465 3346 2497 δ’
3375 2464 3845 2517 ἀποτελευτῶσινο
3878 2462 3956 2524 ὡς

2376 2561 2680 2632 ἐμφερείαν
2716 2559 2864 2629 ἔχειν
2909 2557 3047 2628 πρὸς
3076 2557 3175 2627 τὴν
3206 2555 3375 2627 οὐρὰν
3423 2555 3520 2608 τοῦ
3569 2554 3709 2619 ζὼου
3745 2555 3792 2586 ⁸⁸
3825 2554 3955 2616 τοὺς

2377 2653 2524 2721 μῦας
2547 2651 2612 2704 ⁸¹.
2635 2652 2744 2704 Καὶ
2767 2649 2877 2720 γὰρ
2900 2648 2968 2702 τὰ
2995 2647 3179 2715 νεῦρα
3195 2647 3293 2717 τὴν
3323 2645 3622 2717 ὀνομασίαν
3653 2645 3776 2716 ἔσχε
3801 2645 3955 2714 παρὰ

2373 2745 2467 2797 τοῦ
2499 2741 2683 2798 νεύειν
2727 2742 2869 2811 πρὸς
2916 2739 3122 2794 ἑαυτόιο
3172 2738 3266 2792 τὸν
3299 2738 3462 2792 αὑτὸν
3505 2738 3562 2790 δὲ
3605 2739 3809 2810 τρόπον
3857 2737 3951 2790 καὶ

2374 2833 2515 2888 αὐτὰ
2548 2835 2661 2895 τοῖς
2707 2831 2871 2902 μυσὶν
2923 2831 3179 2899 ἐνεργεῖν
3220 2828 3422 2897 μᾶλλον
3473 2828 3532 2881 δὲ
3580 2829 3630 2881 οἰ
3673 2829 3809 2898 μῦες
3839 2827 3949 2880 τῶν

2373 2927 2581 2997 νεύρων
2603 2941 2616 2955 °
2672 2924 2826 2993 παρά
2870 2919 2965 2976 οῦν
2994 2922 3055 2975 τὸ
3105 2919 3283 2976 νεύειν
3312 2919 3530 2992 νεῦρον,
3570 2922 3661 2974 καὶ
3695 2922 3848 2990 παρά
3884 2919 3948 2974 τὸ

2373 3017 2533 3088 μύειν
2567 3016 2723 3087 μῦες.
2773 3016 2886 3086 Ολύκ
2932 3014 3048 3066 ἐστι
3095 3013 3154 3066 δὲ
3193 3011 3341 3083 ἁπλῆ
3373 3015 3408 3083 ή
3441 3012 3551 3065 τῶν
3585 3013 3738 3082 μυῶν
3764 3014 3944 3074 οὐσία,

2367 3109 2506 3163 ἀλλὰ
2551 3106 2810 3169 σύνθετος
2849 3105 2913 3158 ἐκ
2961 3121 3023 3158 τε
3063 3089 3190 3157 ἰνῶν
3225 3104 3321 3157 καὶ
3367 3101 3683 3173 σαρκὼδους
3731 3105 3944 3166 οὐσίας.

683 3191 919 3247 musculi
954 3191 1139 3259 potius
1170 3188 1312 3242 idem
1338 3186 1484 3255 quod
1506 3195 1561 3242 et
1590 3186 1762 3241 nervi.
1798 3185 1871 3241 Ut
1889 3188 2036 3242 enim
2065 3203 2266 3244 nervus

2367 3201 2488 3254 Τῶν
2519 3199 2576 3252 δὲ
2619 3198 2766 3264 ἰνῶν,
2815 3199 2872 3251 αἰ
2923 3196 3023 3267 μὲν
3051 3195 3167 3270 ἀπδλ
3193 3210 3303 3248 των
3344 3195 3555 3266 νεύρων
3590 3195 3765 3258 εἰσιν,
3799 3197 3854 3248 αἰ
3886 3196 3944 3248 δὲ

680 3282 827 3353 quod
857 3284 1068 3344 innuat,
1093 3277 1432 3340 utdiximus,
1462 3284 1834 3346 nuncupatur,
1859 3277 1933 3330 ita
1951 3287 2004 3332 et
2024 3279 2263 3333 musculi

2367 3293 2472 3347 ἀπὸ
2498 3291 2607 3344 τῶν
2636 3289 2979 3355 συνδέσμων,
3007 3267 3388 3355 οίςίινύφανεν
3418 3287 3452 3356 ή
3479 3288 3643 3356 φύσις
3675 3286 3774 3357 τήν
3808 3303 3942 3357 σαρς

677 3373 827 3444 quod
853 3372 1208 3437 clauduntur,
1239 3369 1493 3440 appellati
1522 3375 1670 3424 sunt.
1712 3366 1831 3421 Non
1862 3368 2008 3423 enim
2041 3385 2265 3425 muscu-

677 3467 856 3519 lorum
880 3463 1186 3517 substantia
1204 3463 1458 3530 simplex,
1478 3462 1573 3515 sed
1591 3461 1893 3528 composita
1913 3469 2024 3525 :zst;
2050 3477 2174 3514 nam
2197 3477 2265 3516 ex

676 3553 938 3607 fibrarum
979 3563 1320 3620 carnosaque
1346 3548 1652 3604 substantia
1677 3551 2010 3619 compositos
2027 3562 2262 3607 constat.

675 3646 748 3700 At
780 3643 1221 3716 fibrasg’quasdam
1247 3656 1277 3698 a
1306 3644 1508 3706 nervis,
1544 3643 1820 3698 nonnullae
1850 3659 1980 3698 vero
2014 3659 2044 3698 a
2081 3646 2260 3710 nodis,

675 3737 794 3792 sive
827 3751 858 3790 a
887 3735 1196 3807 ligamentis
1228 3736 1384 3798 fiunt,
1414 3735 1615 3805 quibus
1647 3744 1841 3790 natura
1878 3736 1993 3805 ipsa
2021 3753 2089 3793 ne
2111 3741 2262 3795 dam-

2364 3383 2511 3452 κὼδη
2557 3381 2785 3436 οὐσίανο
2833 3379 2928 3435 καὶ
2968 3378 3062 3433 διὰ
3104 3378 3167 3432 τὸ
3197 3378 3276 3450 μή
3307 3378 3643 3449 βλάπτεσθαι
3700 3379 3897 3450 ῥᾳδίως
3925 3416 3942 3441 .

2362 3474 2480 3527 ἀλλ’
2517 3474 2592 3535 ὡς
2627 3471 2722 3526 ἐπὶ
2761 3471 2981 3542 ποισῆς
3026 3469 3410 3525 ἀναπαύεσθαι
3435 3485 3451 3502 ο
3484 3471 3580 3524 καὶ
3609 3470 3697 3523 ἴνα
3723 3471 3781 3523 ιν
3820 3471 3944 3532 ταῖς

2359 3565 2621 3636 ἀμέτροις
2669 3564 2954 3634 κινήσεσιν
2986 3561 3407 3634 αύχμηρότεραι
3459 3562 3751 3632 γενόμεναι
3806 3562 3940 3616 καθ-

2356 3655 2816 3725 υγραίνωνται¹¹,
2843 3653 2939 3708 καί
2963 3655 3060 3724 τὴν
3089 3656 3155 3708 ἐκ
3187 3653 3298 3708 τῶν
3345 3653 3642 3725 σαρκωδῶν
3675 3654 3937 3725 δέχωνται

2366 3747 2743 3819 παραμυθίαν.

673 3835 764 3888 nis
795 3832 1014 3888 facilius
1047 3833 1298 3887 obnoxias
1326 3831 1643 3895 reddantur,
1709 3832 1805 3886 sed
1843 3848 1939 3887 ceu
1996 3835 2051 3888 in
2103 3841 2290 3895 stratis
2325 3845 2689 3911 quiescerent,
2764 3857 3051 3899 carnosam
3099 3844 3461 3901 substantiam
3500 3845 3801 3911 contemnit,
3828 3858 3937 3915 quo

673 3939 785 3993 prae
810 3924 1079 3978 immenso
1103 3932 1250 3978 motu
1271 3922 1336 3976 ad
1368 3921 1670 3976 siccitatem
1703 3922 1960 3990 redactae,
1987 3939 2053 3979 ex
2073 3930 2256 3985 carnis
2293 3933 2524 3990 humore
2553 3935 2831 4005 suppetias
2853 3933 3045 3991 adesse
3077 3935 3366 3992 sentirent.

747 4015 890 4070 Sunt
930 4016 1024 4084 qui
1049 4024 1296 4084 quaerant
1327 4026 1564 4082 quanam
1595 4013 1663 4068 de
1689 4029 1863 4071 causa
1894 4027 2058 4088 caput
2080 4021 2257 4076 homi-

671 4109 760 4163 nis
780 4107 922 4178 globi
951 4107 1141 4175 figura,
1162 4119 1268 4159 non
1296 4113 1476 4158 autem
1495 4105 1838 4175 triangulari,
1857 4108 1940 4161 vel
1962 4110 2252 4180 quadrata,

669 4207 768 4252 aut
799 4197 1133 4261 acuminata,
1165 4195 1248 4249 vel
1283 4194 1338 4248 in
1370 4194 1490 4248 coni
1524 4196 1744 4249 modum
1770 4206 2022 4261 protensa
2049 4201 2140 4255 sit.
2169 4200 2253 4257 Ad

669 4303 793 4357 quae
832 4287 1010 4341 tribus
1054 4283 1363 4340 rationibus
1397 4287 1795 4354 respondemus
1833 4305 1844 4341 :
1877 4303 2111 4359 quarum
2143 4308 2250 4348 una

668 4388 772 4444 est,
791 4379 936 4450 quod
956 4376 1076 4432 talis
1093 4378 1260 4447 figura
1277 4378 1450 4443 magis
1466 4389 1629 4446 quam
1652 4379 1770 4434 alia:
1784 4382 2130 4449 passionibus
2144 4385 2246 4439 im-

667 4470 855 4540 pervia
873 4470 1126 4523 habetur.
1146 4466 1282 4521 Nam
1300 4481 1431 4537 qua:
1445 4469 1498 4521 in
1515 4469 1745 4538 angulos
1760 4470 2035 4540 desinunt,
2067 4489 2094 4527 a
2112 4477 2242 4544 qui—

2431 4027 2670 4096 Ζητοῢσι
2721 4027 2779 4081 δέ
2819 4044 2966 4092 τινες
3007 4027 3152 4081 διατί
3197 4027 3260 4082 τὸ
3313 4026 3418 4098 τῆς
3447 4027 3693 4096 κεφαλῆς
3739 4028 3931 4099 σχῆμα

2361 4118 2701 4188 σφαιροειδές
2733 4120 2848 4171 ἐστι
2877 4160 2891 4183 ,
2947 4119 3042 4172 καὶ
3097 4121 3172 4188 μὴ
3220 4118 3423 4190 μᾶλλον
3482 4121 3847 4187 τετράγωνον,
3895 4122 3928 4190 ἢ

2357 4208 2650 4276 ὀξύγωνον,
2690 4208 2723 4279 ἢ
2761 4209 3029 4280 τρίγωνον
3055 4249 3069 4272 ,
3102 4211 3135 4274 ἢ
3195 4212 3500 4271 κωνοειδές.
3546 4211 3656 4262 Καὶ
3697 4210 3930 4279 λέγομεν

2357 4299 2549 4353 τούτου
2587 4300 2741 4369 τρεῖς
2784 4299 2968 4363 αἰτίας
2993 4299 3040 4332 ⁸³
3064 4314 3078 4329 ’
3116 4301 3246 4370 μίαν
3296 4300 3431 4368 μὲν,
3463 4301 3545 4354 ὅτι
3585 4299 3646 4352 τὸ
3683 4300 3928 4354 τοιοῦτον

2353 4391 2542 4461 σχῆμα
2580 4390 3024 4461 δυσπαθέστερόν
3075 4388 3192 4442 ἐστι
3239 4390 3352 4443 τῶν
3393 4389 3566 4444 ἀλλων
3605 4390 3921 4461 σχημάτων.

2348 4482 2490 4535 ’Ὅσα
2513 4480 2624 4551 γὰρ
2649 4481 2765 4549 ἔχει
2785 4479 3011 4548 γωνίας,
3041 4480 3276 4544 ἑτοίμως
3293 4482 3410 4543 τοῖς
3437 4480 3635 4544 ἔξωθεν
3658 4481 3924 4544 ἐναντίοις

667 4561 903 4617 buslibet
932 4577 1052 4640 qua:
1081 4559 1240 4614 obvia
1270 4558 1764 4615 ferunturacumen
1783 4559 2024 4632 ipsarum
2043 4565 2240 4621 obtun-

2367 4573 2648 4636 ιπαντῶσι,
2683 4573 2778 4625 καὶ
2807 4573 3227 4642 ὲντυγχάνονται
3270 4574 3402 4643 ῥᾷον
3428 4572 3474 4604 ⁸⁵
3503 4574 3599 4626 καὶ
3629 4573 3918 4643 θραύονται

665 4651 813 4705 diu"
876 4659 931 4704 ei
958 4649 1113 4703 Γδοίίθ
1137 4648 1428 4718 Γηηίζίίυνι
1462 4644 1646 4703 Altera
1676 4653 1762 4704 θεῖ
1785 4689 1800 4714 ν
1836 4651 1981 4718 (ιυοά
2015 4650 2120 4721 57
2144 4655 2239 4722 (ἰιιί
2271 4644 2309 4654 ⁷
2343 4666 2435 4719 ὑπ’
2466 4663 2671 4720 αὐτῶν.
2719 4662 2983 4736 Δεύτερον
3023 4666 3068 4698 ⁸⁸
3116 4665 3176 4718 δι
3203 4696 3219 4727 -,
3251 4665 3335 4717 ὅτι
3382 4663 3766 4717 ἀποδέδεικται
3806 4666 3919 4728 τοίς

551 4765 569 4774 ι
667 4739 1051 4792 mensuranda:
1108 4743 1267 4792 terra:
1323 4737 1608 4792 scientiam
1667 4738 2013 4807 profitentur,
2064 4743 2241 4799 circu-

667 4835 836 4891 larem
884 4833 1115 4905 figurant
1162 4835 1422 4891 omnibus
1471 4836 1616 4900 aliis,
1661 4837 1779 4893 sive
1824 4839 1879 4892 in
1939 4848 2072 4904 tres,
2125 4843 2242 4898 sive

664 4929 926 4995 quatitur.
951 4931 1052 4982 aut
1069 4931 1188 4990 sex,
1219 4927 1476 4996 pluresve
1519 4929 1772 4984 eumdem
1806 4931 2070 4987 ambitum
2110 4949 2241 4988 con-

663 5021 898 5074 tinentes
938 5021 1168 5091 angulos
1217 5021 1561 5087 scindantur,
1599 5027 1940 5094 capaciorem
1993 5045 2117 5086 esse
2146 5031 2239 5085 de-

662 5119 1056 5165 monstrarunt.
1089 5109 1224 5166 Nam
1251 5126 1376 5167 cum
1401 5112 1498 5167 Dei
1521 5117 1858 5184 providentia
1891 5121 2234 5176 animadver-

660 5203 795 5250 teret
843 5207 1005 5266 eaput
1047 5200 1492 5256 constituendum
1550 5201 1689 5267 fore,
1747 5209 1829 5260 uti
1891 5209 1944 5262 in
1986 5224 2046 5265 se
2083 5225 2233 5264 cere-

657 5286 838 5346 brum.
879 5299 933 5341 et
964 5291 1032 5342 ab
1058 5291 1174 5358 ipso
1216 5294 1591 5348 membranam
1642 5310 1878 5351 crassam
1905 5299 2228 5370 exilemque,

657 5395 866 5433 necnon
927 5383 1213 5437 rcticnlare
1262 5395 1466 5440 textum
1501 5427 1515 5452 ,
1581 5397 1895 5458 septemque
1937 5405 2227 5446 nervorum

2337 4756 2685 4828 γεωμέτραις
2699 4755 2770 4808 τὰ
2798 4754 3035 4808 κυκλικὰ
3063 4755 3324 4825 σχήματα
3344 4754 3456 4808 τῶν
3478 4756 3914 4828 ἰσοπεριμέτρων

2339 4847 2640 4918 σχημάτων
2671 4845 2934 4899 ἁπάντων
2957 4887 2972 4911 ,
3021 4847 3330 4916 τριγώνων,
3390 4846 3484 4899 καὶ
3531 4847 3912 4916 τετραγώνων,

2339 4937 2434 4989 καὶ
2468 4934 2800 5001 πολυγώνων
2829 4935 2898 5002 ⁸⁸,
2938 4936 3362 5008 πολυχωρότερα
3389 4937 3539 4992 ὄντα.
3590 4937 3654 4990 Ἦ
3689 4939 3913 5008 πρόνοια

2337 5024 2431 5081 οὖν
2478 5028 2654 5080 εἰδυῖα
2683 5028 2765 5080 ὅτι
2798 5030 2830 5099 ή
2860 5029 3075 5100 κεφαλῆ
3107 5029 3200 5083 τὸν
3243 5015 3549 5099 ἐγκέφαλον
3582 5029 3728 5099 ἔχειν
3762 5032 3911 5101 opel-

2339 5120 2422 5173 λει
2455 5121 2522 5183 ⁸⁷,
2561 5121 2655 5172 καὶ
2696 5122 2938 5190 μήνιγγα
2971 5122 3087 5191 μετ’
3124 5120 3289 5175 αὑτοῦ
3319 5121 3553 5192 παχείἀν
3586 5139 3644 5174 τε
3688 5122 3782 5175 καὶ
3825 5124 3905 5176 λε·

2337 5212 2502 5282 πτὴν,
2531 5212 2624 5265 καὶ
2649 5212 2709 5265 τὺ
2737 5213 3030 5277 δικτυῶδες
3068 5215 3114 5247 ⁸⁸
3143 5214 3380 5285 πλέγμα,
3411 5217 3618 5279 καὶτὰς
3650 5216 3760 5268 τῶν
3788 5216 3902 5268 νεύ-

2339 5319 2448 5369 ρων
2475 5301 2617 5355 ἑπτά
2658 5303 2946 5372 συζυγίας,
2980 5306 3075 5358 καὶ
3105 5305 3175 5358 τὰ
3207 5306 3316 5359 τῶν
3348 5307 3656 5377 αἰσθήσεων
3684 5309 3906 5379 οἰκητή-

2340 5413 2432 5463 ρια
2456 5412 2470 5426 ·
2517 5395 2868 5465 ὀφθαλμοὺς,
2895 5391 3028 5461 ὦτα,
3063 5399 3246 5467 ῥίναςο
3284 5400 3380 5452 καὶ
3406 5400 3475 5453 τὰ
3508 5400 3616 5452 law
3648 5399 3743 5454 τσῦ
3785 5403 3903 5455 0:6-

723 5555 766 5586 “
798 5558 889 5644 καὶ
929 5571 1036 5644 om.
1065 5556 1122 5640 fl.
1201 5558 1244 5590 "
1278 5559 1325 5610 οἰ
1363 5560 1404 5613 Β
1429 5560 1469 5614 C
1494 5562 1553 5615 P.
1633 5562 1678 5594 ⁸⁸
1705 5563 1832 5625 τοὺς
1870 5564 1908 5616 Β
1948 5563 2007 5618 C.
2076 5564 2120 5596 ’⁸⁷
2154 5553 2269 5616 ταύ·

2367 5584 2379 5628 ;
2412 5568 2450 5620 B
2472 5567 2530 5622 Ρ.
2595 5569 2640 5644 ‘f
2663 5586 2713 5624 τ.
2742 5571 2807 5644 Θ.
2835 5571 3038 5644 ’βουλὴν
3075 5575 3112 5627 Β
3141 5577 3198 5630 Ρ.
3256 5577 3299 5611 ⁸⁸
3330 5579 3498 5634 λευτά
3527 5580 3587 5643 ti,
3616 5579 3809 5633 λεπτὸν
3837 5579 3895 5633 Ρ.

649 5620 693 5653 ⁵⁸
726 5626 861 5694 πρὸς
898 5627 994 5686 τὰς
1028 5627 1168 5694 μύας
1191 5629 1258 5680 τὰ
1292 5629 1405 5690 ζῶα
1435 5633 1500 5698 Α,
1533 5632 1624 5695 qui
1653 5635 1774 5687 add.
1808 5620 1922 5686 ἔστι
1947 5634 2005 5686 δὲ
2035 5633 2249 5703 ἄλογον.

649 5707 826 5772 νολιται
990 5696 1174 5772 ⁸³-αἰτ.
1206 5701 1357 5772 τρεῖς
1391 5699 1448 5772 Β.
1507 5770 1516 5772 4
1544 5702 1592 5733 ⁸⁵
1630 5702 1952 5757 ἀπακῶντα
1980 5703 2086 5772 καὶ,
2107 5705 2269 5772 ὲντυγ

2367 5620 2375 5628 ’
2402 5620 2526 5706 post
2570 5620 2713 5708 μύας
3050 5620 3109 5698 δῖ
3137 5620 3423 5713 ἀλογονηῖί

2367 5723 2507 5760 νοντα
2529 5749 2543 5772 ,
2581 5710 2711 5772 ῥᾷον
2746 5710 2818 5772 Β,
2860 5711 3186 5768 ἀπαντῶντα
3217 5721 3346 5772 όᾶον
3395 5718 3423 5770 Θ

648 5707 826 5765 νονται
990 5696 1036 5726 ⁸³
1066 5698 1174 5748 αἰτ.
1206 5701 1357 5765 τρεῖς
1391 5699 1448 5752 Β.

648 5761 786 5844 ευϐεν
804 5763 991 5844 αίῖιοξ
1028 5761 1472 5844 ἀπαντῶντίτὴν
1501 5770 1708 5824 ἑαυτῶν
1730 5772 1770 5827 εἰ
1795 5773 1920 5844 ιμὴν
1953 5761 2250 5843 θραύονται

648 5827 730 5899 εχ.
803 5831 846 5866 ³³
877 5832 934 5885 Β.
964 5833 1298 5898 δυκτυοειδὲς
1329 5836 1389 5890 Β.

2294 5705 2507 5791 ςάγοντα
2529 5749 2543 5772 ,
2572 5705 2711 5780 ’ῥᾷον
2746 5710 2784 5761 Β
2804 5750 2818 5772 ,
2860 5711 3186 5768 ἀπαντῶντα
3217 5705 3346 5788 ῥᾷον
3395 5718 3687 5786 Θραύυνται
3715 5705 3796 5782 (ξ’
3821 5719 3895 5784 εε-

2294 5793 2526 5848 ιευτερον
2553 5776 2615 5832 Ρ.
2694 5781 2740 5812 ⁸³
2770 5780 3031 5854 δευτέραν
3059 5784 3118 5838 Β.
3194 5787 3242 5819 ⁸⁸
3272 5786 3582 5856 πολυγόνων
3609 5789 3670 5846 Β.
3729 5792 3776 5822 ⁸⁷
3811 5791 3895 5866 όςρ.

3528 5649 3575 5681 "
3605 5651 3898 5719 καθυγραί-

2581 5710 2818 5788 ῥᾷον-ΒΔ,
2860 5710 3353 5788 ἀπαντῶνταρᾷονᾲ
3395 5718 3687 5786 Θραύυνται
3715 5710 3796 5782 (1,
3821 5719 3895 5784 ἐε-
