  <div class='ocr_page' id='page_1' title='image "/cluster/home/n/w/nwhite01/storage/ocr_20150623/64/pst.000005712632/637.png"; bbox 0 0 4204 6522; ppageno 0'>
   <div class='ocr_carea' id='block_1_1' title="bbox 705 477 847 531">
    <p class='ocr_par' dir='ltr' id='par_1_1' title="bbox 705 477 847 531">
     <span class='ocr_line' id='line_1_1' title="bbox 705 477 847 531; baseline -0.014 0"><span class='ocrx_word' id='word_1_1' title='bbox 705 477 847 531; x_wconf 64' lang='lat' dir='ltr'><strong>Mli?»</strong></span> 
     </span>
    </p>
   </div>
   <div class='ocr_carea' id='block_1_2' title="bbox 2018 470 2647 530">
    <p class='ocr_par' dir='ltr' id='par_1_2' title="bbox 2018 470 2647 530">
     <span class='ocr_line' id='line_1_2' title="bbox 2018 470 2647 530; baseline -0.008 0"><span class='ocrx_word' id='word_1_2' title='bbox 2018 471 2298 530; x_wconf 73' lang='lat' dir='ltr'><strong>HELETII</strong></span> <span class='ocrx_word' id='word_1_3' title='bbox 2341 470 2647 528; x_wconf 71' lang='lat' dir='ltr'><strong>MONACHI</strong></span> 
     </span>
    </p>
   </div>
   <div class='ocr_carea' id='block_1_3' title="bbox 3821 483 3950 538">
    <p class='ocr_par' dir='ltr' id='par_1_3' title="bbox 3821 483 3950 538">
     <span class='ocr_line' id='line_1_3' title="bbox 3821 483 3950 538; baseline 0.016 -2"><span class='ocrx_word' id='word_1_4' title='bbox 3821 483 3950 538; x_wconf 76' lang='lat' dir='ltr'><strong>“Gl</strong></span> 
     </span>
    </p>
   </div>
   <div class='ocr_carea' id='block_1_4' title="bbox 699 585 2251 666">
    <p class='ocr_par' dir='ltr' id='par_1_4' title="bbox 699 585 2245 659">
     <span class='ocr_line' id='line_1_4' title="bbox 699 585 2245 659; baseline -0.005 -12"><span class='ocrx_word' id='word_1_5' title='bbox 699 601 1045 654; x_wconf 82' lang='lat' dir='ltr'><strong>cernuntur;</strong></span> <span class='ocrx_word' id='word_1_6' title='bbox 1095 588 1185 659; x_wconf 86' lang='lat' dir='ltr'><strong>qui</strong></span> <span class='ocrx_word' id='word_1_7' title='bbox 1232 602 1357 642; x_wconf 76' lang='lat' dir='ltr'><strong>vero</strong></span> <span class='ocrx_word' id='word_1_8' title='bbox 1407 585 1584 657; x_wconf 87' lang='lat' dir='ltr'><strong>frigidi</strong></span> <span class='ocrx_word' id='word_1_9' title='bbox 1621 594 1781 651; x_wconf 89' lang='lat' dir='ltr'><strong>sunt,</strong></span> <span class='ocrx_word' id='word_1_10' title='bbox 1842 602 1991 641; x_wconf 77' lang='lat' dir='ltr'><strong>venae</strong></span> <span class='ocrx_word' id='word_1_11' title='bbox 2037 588 2089 642; x_wconf 92' lang='lat' dir='ltr'><strong>in</strong></span> <span class='ocrx_word' id='word_1_12' title='bbox 2142 586 2245 656; x_wconf 91' lang='lat' dir='ltr'><strong>ipsi</strong></span> 
     </span>
    </p>
   </div>
   <div class='ocr_carea' id='block_1_5' title="bbox 2350 585 3955 666">
    <p class='ocr_par' dir='ltr' id='par_1_5' title="bbox 2381 585 3955 666">
     <span class='ocr_line' id='line_1_5' title="bbox 2381 585 3955 666; baseline 0.008 -29"><span class='ocrx_word' id='word_1_13' title='bbox 2381 585 2602 656; x_wconf 80' lang='grc' dir='ltr'>χρότης,</span> <span class='ocrx_word' id='word_1_14' title='bbox 2648 586 2708 639; x_wconf 74' lang='grc' dir='ltr'>οὗ</span> <span class='ocrx_word' id='word_1_15' title='bbox 2764 585 3026 657; x_wconf 68' lang='grc' dir='ltr'>φανερὰς,</span> <span class='ocrx_word' id='word_1_16' title='bbox 3083 586 3217 641; x_wconf 83' lang='grc' dir='ltr'>ἀλλὰ</span> <span class='ocrx_word' id='word_1_17' title='bbox 3260 590 3617 662; x_wconf 83' lang='grc' dir='ltr'>κερυμμένας</span> <span class='ocrx_word' id='word_1_18' title='bbox 3645 593 3711 648; x_wconf 78' lang='grc'><strong>’⁸.</strong></span> <span class='ocrx_word' id='word_1_19' title='bbox 3760 594 3869 666; x_wconf 81' lang='grc' dir='ltr'><strong>Τὴν</strong></span> <span class='ocrx_word' id='word_1_20' title='bbox 3899 595 3955 649; x_wconf 68' lang='grc' dir='ltr'>δὶ</span> 
     </span>
    </p>
   </div>
   <div class='ocr_carea' id='block_1_6' title="bbox 698 676 2251 754">
    <p class='ocr_par' dir='ltr' id='par_1_6' title="bbox 698 677 2245 748">
     <span class='ocr_line' id='line_1_6' title="bbox 698 677 2245 748; baseline -0.002 -12"><span class='ocrx_word' id='word_1_21' title='bbox 698 683 1063 743; x_wconf 72' lang='lat' dir='ltr'><strong>occultantur,</strong></span> <span class='ocrx_word' id='word_1_22' title='bbox 1101 694 1161 732; x_wconf 91' lang='lat' dir='ltr'><strong>ac</strong></span> <span class='ocrx_word' id='word_1_23' title='bbox 1200 678 1389 733; x_wconf 91' lang='lat' dir='ltr'><strong>latent.</strong></span> <span class='ocrx_word' id='word_1_24' title='bbox 1424 680 1493 732; x_wconf 81' lang='lat' dir='ltr'><strong>At</strong></span> <span class='ocrx_word' id='word_1_25' title='bbox 1530 677 1793 733; x_wconf 81' lang='lat' dir='ltr'><strong>siccitatis</strong></span> <span class='ocrx_word' id='word_1_26' title='bbox 1829 677 2245 748; x_wconf 88' lang='lat' dir='ltr'><strong>humiditatisqu</strong></span> 
     </span>
    </p>
   </div>
   <div class='ocr_carea' id='block_1_7' title="bbox 2350 676 3957 754">
    <p class='ocr_par' dir='ltr' id='par_1_7' title="bbox 2384 676 3957 754">
     <span class='ocr_line' id='line_1_7' title="bbox 2384 676 3957 754; baseline 0.008 -27"><span class='ocrx_word' id='word_1_27' title='bbox 2384 676 2658 747; x_wconf 76' lang='grc' dir='ltr'><strong>ξηρότητα</strong></span> <span class='ocrx_word' id='word_1_28' title='bbox 2714 678 2824 730; x_wconf 84' lang='grc' dir='ltr'><strong>τῶν</strong></span> <span class='ocrx_word' id='word_1_29' title='bbox 2856 678 3155 747; x_wconf 83' lang='grc' dir='ltr'><strong>ὀφθαλμῶν</strong></span> <span class='ocrx_word' id='word_1_30' title='bbox 3210 681 3304 734; x_wconf 72' lang='grc' dir='ltr'>καὶ</span> <span class='ocrx_word' id='word_1_31' title='bbox 3360 682 3641 754; x_wconf 78' lang='grc' dir='ltr'><strong>ὑγρότητα</strong></span> <span class='ocrx_word' id='word_1_32' title='bbox 3662 684 3957 753; x_wconf 77' lang='grc' dir='ltr'>διαγνωσό·</span> 
     </span>
    </p>
   </div>
   <div class='ocr_carea' id='block_1_8' title="bbox 697 764 2277 841">
    <p class='ocr_par' dir='ltr' id='par_1_8' title="bbox 697 764 2277 841">
     <span class='ocr_line' id='line_1_8' title="bbox 697 764 2277 841; baseline -0.002 -11"><span class='ocrx_word' id='word_1_33' title='bbox 697 790 885 831; x_wconf 82' lang='lat' dir='ltr'><strong>eorum</strong></span> <span class='ocrx_word' id='word_1_34' title='bbox 932 772 1129 827; x_wconf 87' lang='lat' dir='ltr'><strong>indicia</strong></span> <span class='ocrx_word' id='word_1_35' title='bbox 1176 770 1247 825; x_wconf 87' lang='lat' dir='ltr'><strong>ita</strong></span> <span class='ocrx_word' id='word_1_36' title='bbox 1296 764 1814 841; x_wconf 82' lang='lat' dir='ltr'><strong>deprehenduntur.</strong></span> <span class='ocrx_word' id='word_1_37' title='bbox 1858 784 1982 824; x_wconf 92' lang='lat' dir='ltr'><strong>cum</strong></span> <span class='ocrx_word' id='word_1_38' title='bbox 2047 770 2277 827; x_wconf 81' lang='lat' dir='ltr'><strong>durities</strong></span> 
     </span>
    </p>
   </div>
   <div class='ocr_carea' id='block_1_9' title="bbox 699 858 2276 925">
    <p class='ocr_par' dir='ltr' id='par_1_9' title="bbox 699 858 2276 925">
     <span class='ocr_line' id='line_1_9' title="bbox 699 858 2276 925; baseline -0.003 -3"><span class='ocrx_word' id='word_1_39' title='bbox 699 870 750 922; x_wconf 91' lang='lat' dir='ltr'><strong>in</strong></span> <span class='ocrx_word' id='word_1_40' title='bbox 806 867 887 921; x_wconf 90' lang='lat' dir='ltr'><strong>eis</strong></span> <span class='ocrx_word' id='word_1_41' title='bbox 942 864 1023 918; x_wconf 80' lang='lat' dir='ltr'><strong>vel</strong></span> <span class='ocrx_word' id='word_1_42' title='bbox 1090 862 1357 925; x_wconf 85' lang='lat' dir='ltr'><strong>ariditas.</strong></span> <span class='ocrx_word' id='word_1_43' title='bbox 1421 876 1485 917; x_wconf 89' lang='lat' dir='ltr'><strong>ac</strong></span> <span class='ocrx_word' id='word_1_44' title='bbox 1542 860 1798 916; x_wconf 89' lang='lat' dir='ltr'><strong>mollities</strong></span> <span class='ocrx_word' id='word_1_45' title='bbox 1850 874 1915 915; x_wconf 90' lang='lat' dir='ltr'><strong>ac</strong></span> <span class='ocrx_word' id='word_1_46' title='bbox 1977 858 2276 917; x_wconf 87' lang='lat' dir='ltr'><strong>humiditas</strong></span> 
     </span>
    </p>
   </div>
   <div class='ocr_carea' id='block_1_10' title="bbox 696 949 2275 1026">
    <p class='ocr_par' dir='ltr' id='par_1_10' title="bbox 696 949 2275 1026">
     <span class='ocr_line' id='line_1_10' title="bbox 696 949 2275 1026; baseline -0.003 -16"><span class='ocrx_word' id='word_1_47' title='bbox 696 955 993 1026; x_wconf 60' lang='lat' dir='ltr'><strong>perspicua:</strong></span> <span class='ocrx_word' id='word_1_48' title='bbox 1024 954 1199 1014; x_wconf 82' lang='lat' dir='ltr'><strong>fiunt;</strong></span> <span class='ocrx_word' id='word_1_49' title='bbox 1252 967 1441 1007; x_wconf 86' lang='lat' dir='ltr'><strong>verum</strong></span> <span class='ocrx_word' id='word_1_50' title='bbox 1487 951 1675 1005; x_wconf 76' lang='lat' dir='ltr'><strong>molles</strong></span> <span class='ocrx_word' id='word_1_51' title='bbox 1736 949 2099 1019; x_wconf 85' lang='lat' dir='ltr'><strong>humidosque</strong></span> <span class='ocrx_word' id='word_1_52' title='bbox 2141 964 2275 1006; x_wconf 87' lang='lat' dir='ltr'><strong>ocu-</strong></span> 
     </span>
    </p>
   </div>
   <div class='ocr_carea' id='block_1_11' title="bbox 692 1041 2270 1115">
    <p class='ocr_par' dir='ltr' id='par_1_11' title="bbox 692 1041 2270 1115">
     <span class='ocr_line' id='line_1_11' title="bbox 692 1041 2270 1115; baseline 0.001 -15"><span class='ocrx_word' id='word_1_53' title='bbox 692 1049 775 1103; x_wconf 87' lang='lat' dir='ltr'><strong>los</strong></span> <span class='ocrx_word' id='word_1_54' title='bbox 839 1046 997 1101; x_wconf 89' lang='lat' dir='ltr'><strong>facile</strong></span> <span class='ocrx_word' id='word_1_55' title='bbox 1055 1057 1391 1115; x_wconf 85' lang='lat' dir='ltr'><strong>cegnosces,</strong></span> <span class='ocrx_word' id='word_1_56' title='bbox 1454 1051 1507 1097; x_wconf 91' lang='lat' dir='ltr'><strong>at</strong></span> <span class='ocrx_word' id='word_1_57' title='bbox 1575 1041 1745 1099; x_wconf 88' lang='lat' dir='ltr'><strong>duros</strong></span> <span class='ocrx_word' id='word_1_58' title='bbox 1808 1052 1863 1099; x_wconf 90' lang='lat' dir='ltr'><strong>et</strong></span> <span class='ocrx_word' id='word_1_59' title='bbox 1918 1045 2101 1100; x_wconf 90' lang='lat' dir='ltr'><strong>aridos</strong></span> <span class='ocrx_word' id='word_1_60' title='bbox 2161 1061 2270 1101; x_wconf 92' lang='lat' dir='ltr'><strong>non</strong></span> 
     </span>
    </p>
   </div>
   <div class='ocr_carea' id='block_1_12' title="bbox 691 1140 2270 1212">
    <p class='ocr_par' dir='ltr' id='par_1_12' title="bbox 691 1140 2270 1212">
     <span class='ocr_line' id='line_1_12' title="bbox 691 1140 2270 1212; baseline 0 -12"><span class='ocrx_word' id='word_1_61' title='bbox 691 1147 985 1202; x_wconf 81' lang='lat' dir='ltr'><strong>admodum</strong></span> <span class='ocrx_word' id='word_1_62' title='bbox 1050 1141 1244 1206; x_wconf 79' lang='lat' dir='ltr'><strong>facile,</strong></span> <span class='ocrx_word' id='word_1_63' title='bbox 1304 1141 1400 1196; x_wconf 80' lang='lat' dir='ltr'><strong>sed</strong></span> <span class='ocrx_word' id='word_1_64' title='bbox 1457 1140 1526 1195; x_wconf 87' lang='lat' dir='ltr'><strong>ab</strong></span> <span class='ocrx_word' id='word_1_65' title='bbox 1590 1141 1675 1196; x_wconf 89' lang='lat' dir='ltr'><strong>his</strong></span> <span class='ocrx_word' id='word_1_66' title='bbox 1742 1156 1864 1212; x_wconf 73' lang='lat' dir='ltr'><strong>quae</strong></span> <span class='ocrx_word' id='word_1_67' title='bbox 1927 1144 2270 1200; x_wconf 80' lang='lat' dir='ltr'><strong>extrinsecus</strong></span> 
     </span>
    </p>
   </div>
   <div class='ocr_carea' id='block_1_13' title="bbox 689 1231 2267 1304">
    <p class='ocr_par' dir='ltr' id='par_1_13' title="bbox 689 1231 2267 1304">
     <span class='ocr_line' id='line_1_13' title="bbox 689 1231 2267 1304; baseline -0.003 -9"><span class='ocrx_word' id='word_1_68' title='bbox 689 1240 961 1302; x_wconf 80' lang='lat' dir='ltr'><strong>eveniunt,</strong></span> <span class='ocrx_word' id='word_1_69' title='bbox 995 1234 1502 1291; x_wconf 80' lang='lat' dir='ltr'><strong>animadvertimus.</strong></span> <span class='ocrx_word' id='word_1_70' title='bbox 1538 1231 1675 1287; x_wconf 89' lang='lat' dir='ltr'><strong>Sunt</strong></span> <span class='ocrx_word' id='word_1_71' title='bbox 1701 1233 1793 1304; x_wconf 90' lang='lat' dir='ltr'><strong>qui</strong></span> <span class='ocrx_word' id='word_1_72' title='bbox 1830 1234 1883 1288; x_wconf 93' lang='lat' dir='ltr'><strong>in</strong></span> <span class='ocrx_word' id='word_1_73' title='bbox 1928 1234 2137 1289; x_wconf 90' lang='lat' dir='ltr'><strong>fumum</strong></span> <span class='ocrx_word' id='word_1_74' title='bbox 2180 1236 2267 1291; x_wconf 92' lang='lat' dir='ltr'><strong>in-</strong></span> 
     </span>
    </p>
   </div>
   <div class='ocr_carea' id='block_1_14' title="bbox 687 1325 2263 1397">
    <p class='ocr_par' dir='ltr' id='par_1_14' title="bbox 687 1325 2263 1397">
     <span class='ocr_line' id='line_1_14' title="bbox 687 1325 2263 1397; baseline -0.003 -10"><span class='ocrx_word' id='word_1_75' title='bbox 687 1333 951 1393; x_wconf 83' lang='lat' dir='ltr'><strong>cidentes,</strong></span> <span class='ocrx_word' id='word_1_76' title='bbox 970 1326 1313 1392; x_wconf 82' lang='lat' dir='ltr'><strong>avertuntur,</strong></span> <span class='ocrx_word' id='word_1_77' title='bbox 1330 1341 1394 1381; x_wconf 86' lang='lat' dir='ltr'><strong>ac</strong></span> <span class='ocrx_word' id='word_1_78' title='bbox 1413 1325 1663 1397; x_wconf 82' lang='lat' dir='ltr'><strong>plurimis</strong></span> <span class='ocrx_word' id='word_1_79' title='bbox 1682 1326 2263 1397; x_wconf 88' lang='lat' dir='ltr'><strong>lacrymisopplentur,</strong></span> 
     </span>
    </p>
   </div>
   <div class='ocr_carea' id='block_1_15' title="bbox 685 1417 2263 1480">
    <p class='ocr_par' dir='ltr' id='par_1_15' title="bbox 685 1417 2263 1480">
     <span class='ocr_line' id='line_1_15' title="bbox 685 1417 2263 1480; baseline -0.003 0"><span class='ocrx_word' id='word_1_80' title='bbox 685 1427 777 1480; x_wconf 83' lang='lat' dir='ltr'><strong>alii</strong></span> <span class='ocrx_word' id='word_1_81' title='bbox 817 1438 946 1480; x_wconf 88' lang='lat' dir='ltr'><strong>vero</strong></span> <span class='ocrx_word' id='word_1_82' title='bbox 980 1423 1035 1476; x_wconf 94' lang='lat' dir='ltr'><strong>in</strong></span> <span class='ocrx_word' id='word_1_83' title='bbox 1073 1419 1225 1475; x_wconf 89' lang='lat' dir='ltr'><strong>fumo</strong></span> <span class='ocrx_word' id='word_1_84' title='bbox 1252 1419 1447 1474; x_wconf 88' lang='lat' dir='ltr'><strong>obtutu</strong></span> <span class='ocrx_word' id='word_1_85' title='bbox 1478 1417 1651 1472; x_wconf 87' lang='lat' dir='ltr'><strong>libero</strong></span> <span class='ocrx_word' id='word_1_86' title='bbox 1693 1426 1927 1472; x_wconf 91' lang='lat' dir='ltr'><strong>utuntur</strong></span> <span class='ocrx_word' id='word_1_87' title='bbox 1962 1420 2096 1474; x_wconf 88' lang='lat' dir='ltr'><strong>:sed</strong></span> <span class='ocrx_word' id='word_1_88' title='bbox 2119 1420 2263 1475; x_wconf 89' lang='lat' dir='ltr'><strong>oculi</strong></span> 
     </span>
    </p>
   </div>
   <div class='ocr_carea' id='block_1_16' title="bbox 683 1508 2260 1588">
    <p class='ocr_par' dir='ltr' id='par_1_16' title="bbox 683 1508 2260 1588">
     <span class='ocr_line' id='line_1_16' title="bbox 683 1508 2260 1588; baseline -0.005 -15"><span class='ocrx_word' id='word_1_89' title='bbox 683 1533 825 1588; x_wconf 85' lang='lat' dir='ltr'><strong>quos</strong></span> <span class='ocrx_word' id='word_1_90' title='bbox 869 1515 1055 1571; x_wconf 86' lang='lat' dir='ltr'><strong>fumus</strong></span> <span class='ocrx_word' id='word_1_91' title='bbox 1104 1511 1273 1575; x_wconf 65' lang='lat' dir='ltr'><strong>laedit,</strong></span> <span class='ocrx_word' id='word_1_92' title='bbox 1306 1508 1514 1565; x_wconf 85' lang='lat' dir='ltr'><strong>humidi</strong></span> <span class='ocrx_word' id='word_1_93' title='bbox 1550 1522 1615 1563; x_wconf 84' lang='lat' dir='ltr'><strong>ac</strong></span> <span class='ocrx_word' id='word_1_94' title='bbox 1658 1508 2009 1578; x_wconf 86' lang='lat' dir='ltr'><strong>passionibus</strong></span> <span class='ocrx_word' id='word_1_95' title='bbox 2040 1510 2260 1565; x_wconf 82' lang='lat' dir='ltr'><strong>obnoxii</strong></span> 
     </span>
    </p>
   </div>
   <div class='ocr_carea' id='block_1_17' title="bbox 683 1599 2261 1669">
    <p class='ocr_par' dir='ltr' id='par_1_17' title="bbox 683 1599 2261 1669">
     <span class='ocr_line' id='line_1_17' title="bbox 683 1599 2261 1669; baseline -0.013 -5"><span class='ocrx_word' id='word_1_96' title='bbox 683 1609 843 1664; x_wconf 76' lang='lat' dir='ltr'><strong>facile</strong></span> <span class='ocrx_word' id='word_1_97' title='bbox 912 1615 1079 1669; x_wconf 81' lang='lat' dir='ltr'><strong>sunt,</strong></span> <span class='ocrx_word' id='word_1_98' title='bbox 1153 1601 1309 1657; x_wconf 80' lang='lat' dir='ltr'><strong>alteri</strong></span> <span class='ocrx_word' id='word_1_99' title='bbox 1377 1614 1508 1655; x_wconf 78' lang='lat' dir='ltr'><strong>vero</strong></span> <span class='ocrx_word' id='word_1_100' title='bbox 1574 1599 1696 1655; x_wconf 90' lang='lat' dir='ltr'><strong>duri</strong></span> <span class='ocrx_word' id='word_1_101' title='bbox 1770 1616 1807 1654; x_wconf 83' lang='lat' dir='ltr'><strong>-a</strong></span> <span class='ocrx_word' id='word_1_102' title='bbox 1884 1600 2261 1666; x_wconf 76' lang='lat' dir='ltr'><strong>passionibus.</strong></span> 
     </span>
    </p>
   </div>
   <div class='ocr_carea' id='block_1_18' title="bbox 680 1689 2258 1769">
    <p class='ocr_par' dir='ltr' id='par_1_18' title="bbox 680 1689 2258 1769">
     <span class='ocr_line' id='line_1_18' title="bbox 680 1689 2258 1769; baseline -0.006 -16"><span class='ocrx_word' id='word_1_103' title='bbox 680 1715 786 1769; x_wconf 88' lang='lat' dir='ltr'><strong>que</strong></span> <span class='ocrx_word' id='word_1_104' title='bbox 828 1695 1146 1750; x_wconf 82' lang='lat' dir='ltr'><strong>remotiores</strong></span> <span class='ocrx_word' id='word_1_105' title='bbox 1191 1692 1461 1746; x_wconf 83' lang='lat' dir='ltr'><strong>habentur</strong></span> <span class='ocrx_word' id='word_1_106' title='bbox 1492 1707 1506 1744; x_wconf 88' lang='lat'><strong>:</strong></span> <span class='ocrx_word' id='word_1_107' title='bbox 1543 1697 1598 1744; x_wconf 90' lang='lat' dir='ltr'><strong>et</strong></span> <span class='ocrx_word' id='word_1_108' title='bbox 1628 1689 1743 1744; x_wconf 81' lang='lat' dir='ltr'><strong>haec</strong></span> <span class='ocrx_word' id='word_1_109' title='bbox 1801 1689 2087 1744; x_wconf 91' lang='lat' dir='ltr'><strong>oculorum</strong></span> <span class='ocrx_word' id='word_1_110' title='bbox 2124 1690 2258 1745; x_wconf 57' lang='lat' dir='ltr'><strong>sui)-</strong></span> 
     </span>
    </p>
   </div>
   <div class='ocr_carea' id='block_1_19' title="bbox 678 1781 2259 1848">
    <p class='ocr_par' dir='ltr' id='par_1_19' title="bbox 678 1781 2259 1848">
     <span class='ocr_line' id='line_1_19' title="bbox 678 1781 2259 1848; baseline -0.004 -2"><span class='ocrx_word' id='word_1_111' title='bbox 678 1790 953 1846; x_wconf 85' lang='lat' dir='ltr'><strong>stantialia</strong></span> <span class='ocrx_word' id='word_1_112' title='bbox 997 1786 1199 1841; x_wconf 90' lang='lat' dir='ltr'><strong>indicia</strong></span> <span class='ocrx_word' id='word_1_113' title='bbox 1256 1791 1404 1839; x_wconf 88' lang='lat' dir='ltr'><strong>sunt.</strong></span> <span class='ocrx_word' id='word_1_114' title='bbox 1438 1781 1570 1848; x_wconf 77' lang='lat' dir='ltr'><strong>Qua:</strong></span> <span class='ocrx_word' id='word_1_115' title='bbox 1602 1796 1731 1835; x_wconf 90' lang='lat' dir='ltr'><strong>vero</strong></span> <span class='ocrx_word' id='word_1_116' title='bbox 1779 1796 1845 1836; x_wconf 80' lang='lat' dir='ltr'><strong>ex</strong></span> <span class='ocrx_word' id='word_1_117' title='bbox 1879 1781 2259 1839; x_wconf 89' lang='lat' dir='ltr'><strong>accidentibus</strong></span> 
     </span>
    </p>
   </div>
   <div class='ocr_carea' id='block_1_20' title="bbox 680 1871 2255 1949">
    <p class='ocr_par' dir='ltr' id='par_1_20' title="bbox 680 1871 2255 1949">
     <span class='ocr_line' id='line_1_20' title="bbox 680 1871 2255 1949; baseline -0.006 -12"><span class='ocrx_word' id='word_1_118' title='bbox 680 1882 879 1937; x_wconf 89' lang='lat' dir='ltr'><strong>indicia</strong></span> <span class='ocrx_word' id='word_1_119' title='bbox 930 1877 1271 1949; x_wconf 90' lang='lat' dir='ltr'><strong>proveniunt,</strong></span> <span class='ocrx_word' id='word_1_120' title='bbox 1315 1873 1417 1929; x_wconf 92' lang='lat' dir='ltr'><strong>hoc</strong></span> <span class='ocrx_word' id='word_1_121' title='bbox 1467 1871 1632 1927; x_wconf 89' lang='lat' dir='ltr'><strong>modo</strong></span> <span class='ocrx_word' id='word_1_122' title='bbox 1691 1887 2012 1942; x_wconf 88' lang='lat' dir='ltr'><strong>cognosces.</strong></span> <span class='ocrx_word' id='word_1_123' title='bbox 2064 1872 2173 1943; x_wconf 80' lang='lat'><strong>59</strong></span> <span class='ocrx_word' id='word_1_124' title='bbox 2209 1874 2255 1929; x_wconf 95' lang='lat' dir='ltr'><strong>si</strong></span> 
     </span>
    </p>
   </div>
   <div class='ocr_carea' id='block_1_21' title="bbox 2383 766 3958 845">
    <p class='ocr_par' dir='ltr' id='par_1_21' title="bbox 2383 766 3958 845">
     <span class='ocr_line' id='line_1_21' title="bbox 2383 766 3958 845; baseline 0.006 -26"><span class='ocrx_word' id='word_1_125' title='bbox 2383 766 2525 836; x_wconf 86' lang='grc' dir='ltr'>μεθα</span> <span class='ocrx_word' id='word_1_126' title='bbox 2570 770 2683 822; x_wconf 78' lang='grc' dir='ltr'><strong>ἀπό</strong></span> <span class='ocrx_word' id='word_1_127' title='bbox 2710 785 2771 822; x_wconf 84' lang='grc' dir='ltr'><strong>τε</strong></span> <span class='ocrx_word' id='word_1_128' title='bbox 2806 768 2904 822; x_wconf 86' lang='grc' dir='ltr'><strong>τοῦ</strong></span> <span class='ocrx_word' id='word_1_129' title='bbox 2937 770 3177 840; x_wconf 67' lang='grc' dir='ltr'>σκληρδν</span> <span class='ocrx_word' id='word_1_130' title='bbox 3225 772 3257 842; x_wconf 76' lang='grc' dir='ltr'>ἢ</span> <span class='ocrx_word' id='word_1_131' title='bbox 3295 773 3607 844; x_wconf 73' lang='grc' dir='ltr'>αὐχμηρὸν,</span> <span class='ocrx_word' id='word_1_132' title='bbox 3644 774 3677 845; x_wconf 84' lang='grc' dir='ltr'><strong>ἦ</strong></span> <span class='ocrx_word' id='word_1_133' title='bbox 3712 776 3958 845; x_wconf 74' lang='grc' dir='ltr'>μαλακόν</span> 
     </span>
    </p>
   </div>
   <div class='ocr_carea' id='block_1_22' title="bbox 2378 859 3956 936">
    <p class='ocr_par' dir='ltr' id='par_1_22' title="bbox 2378 859 3956 936">
     <span class='ocr_line' id='line_1_22' title="bbox 2378 859 3956 936; baseline 0.006 -26"><span class='ocrx_word' id='word_1_134' title='bbox 2378 874 2437 910; x_wconf 87' lang='grc' dir='ltr'><strong>τε</strong></span> <span class='ocrx_word' id='word_1_135' title='bbox 2470 859 2563 912; x_wconf 82' lang='grc' dir='ltr'>καὶ</span> <span class='ocrx_word' id='word_1_136' title='bbox 2598 859 2765 930; x_wconf 72' lang='grc' dir='ltr'>ὑγρὸν</span> <span class='ocrx_word' id='word_1_137' title='bbox 2806 859 2948 914; x_wconf 77' lang='grc' dir='ltr'>εἶναι</span> <span class='ocrx_word' id='word_1_138' title='bbox 2982 860 3075 913; x_wconf 85' lang='grc' dir='ltr'>τὸν</span> <span class='ocrx_word' id='word_1_139' title='bbox 3103 860 3421 931; x_wconf 73' lang='grc' dir='ltr'>ὀφθαλμόνο</span> <span class='ocrx_word' id='word_1_140' title='bbox 3452 866 3546 918; x_wconf 77' lang='grc' dir='ltr'>καὶ</span> <span class='ocrx_word' id='word_1_141' title='bbox 3571 867 3599 918; x_wconf 94' lang='grc' dir='ltr'><strong>ὀ</strong></span> <span class='ocrx_word' id='word_1_142' title='bbox 3642 866 3739 934; x_wconf 85' lang='grc' dir='ltr'>μὲν</span> <span class='ocrx_word' id='word_1_143' title='bbox 3788 865 3956 936; x_wconf 73' lang='grc' dir='ltr'>ὑγρὸς</span> 
     </span>
    </p>
   </div>
   <div class='ocr_carea' id='block_1_23' title="bbox 2376 950 3956 1025">
    <p class='ocr_par' dir='ltr' id='par_1_23' title="bbox 2376 950 3956 1025">
     <span class='ocr_line' id='line_1_23' title="bbox 2376 950 3956 1025; baseline 0.004 -23"><span class='ocrx_word' id='word_1_144' title='bbox 2376 950 2472 1002; x_wconf 80' lang='grc' dir='ltr'>καὶ</span> <span class='ocrx_word' id='word_1_145' title='bbox 2498 950 2527 1001; x_wconf 90' lang='grc' dir='ltr'><strong>ὀ</strong></span> <span class='ocrx_word' id='word_1_146' title='bbox 2552 952 2594 981; x_wconf 77' lang='grc'><strong>⁷⁸</strong></span> <span class='ocrx_word' id='word_1_147' title='bbox 2630 950 2877 1020; x_wconf 84' lang='grc' dir='ltr'>μαλακὸς</span> <span class='ocrx_word' id='word_1_148' title='bbox 2924 951 3323 1020; x_wconf 75' lang='grc' dir='ltr'>εὐδιάγνωστὸς</span> <span class='ocrx_word' id='word_1_149' title='bbox 3350 954 3500 1007; x_wconf 80' lang='grc' dir='ltr'>ἐστιν</span> <span class='ocrx_word' id='word_1_150' title='bbox 3530 970 3542 984; x_wconf 83' lang='grc'><strong>’</strong></span> <span class='ocrx_word' id='word_1_151' title='bbox 3575 957 3602 1008; x_wconf 90' lang='grc' dir='ltr'><strong>ὀ</strong></span> <span class='ocrx_word' id='word_1_152' title='bbox 3635 956 3690 1009; x_wconf 81' lang='grc' dir='ltr'>δὲ</span> <span class='ocrx_word' id='word_1_153' title='bbox 3719 956 3956 1025; x_wconf 75' lang='grc' dir='ltr'>σκληρὸς</span> 
     </span>
    </p>
   </div>
   <div class='ocr_carea' id='block_1_24' title="bbox 2376 1041 3953 1120">
    <p class='ocr_par' dir='ltr' id='par_1_24' title="bbox 2376 1041 3953 1120">
     <span class='ocr_line' id='line_1_24' title="bbox 2376 1041 3953 1120; baseline 0.006 -27"><span class='ocrx_word' id='word_1_154' title='bbox 2376 1042 2473 1094; x_wconf 78' lang='grc' dir='ltr'><strong>καὶ</strong></span> <span class='ocrx_word' id='word_1_155' title='bbox 2512 1041 2802 1120; x_wconf 71' lang='grc' dir='ltr'>αὐχμηρδς</span> <span class='ocrx_word' id='word_1_156' title='bbox 2831 1043 2893 1098; x_wconf 76' lang='grc' dir='ltr'>οὐ</span> <span class='ocrx_word' id='word_1_157' title='bbox 2931 1043 3139 1116; x_wconf 83' lang='grc' dir='ltr'>σφόδρα</span> <span class='ocrx_word' id='word_1_158' title='bbox 3160 1061 3176 1077; x_wconf 80' lang='grc'><em>’</em></span> <span class='ocrx_word' id='word_1_159' title='bbox 3209 1046 3310 1099; x_wconf 82' lang='grc' dir='ltr'>οὐκ</span> <span class='ocrx_word' id='word_1_160' title='bbox 3338 1041 3435 1100; x_wconf 85' lang='grc' dir='ltr'><strong>οῦν</strong></span> <span class='ocrx_word' id='word_1_161' title='bbox 3460 1049 3524 1101; x_wconf 80' lang='grc' dir='ltr'>ἐκ</span> <span class='ocrx_word' id='word_1_162' title='bbox 3547 1048 3647 1117; x_wconf 81' lang='grc' dir='ltr'>τῆς</span> <span class='ocrx_word' id='word_1_163' title='bbox 3684 1047 3886 1113; x_wconf 74' lang='grc' dir='ltr'>ἔξωθεν</span> <span class='ocrx_word' id='word_1_164' title='bbox 3910 1050 3953 1082; x_wconf 82' lang='grc'><strong>⁷⁵</strong></span> 
     </span>
    </p>
   </div>
   <div class='ocr_carea' id='block_1_25' title="bbox 2373 1130 3953 1211">
    <p class='ocr_par' dir='ltr' id='par_1_25' title="bbox 2373 1130 3953 1211">
     <span class='ocr_line' id='line_1_25' title="bbox 2373 1130 3953 1211; baseline 0.005 -26"><span class='ocrx_word' id='word_1_165' title='bbox 2373 1130 2611 1201; x_wconf 83' lang='grc' dir='ltr'><strong>βασάνου</strong></span> <span class='ocrx_word' id='word_1_166' title='bbox 2660 1134 3107 1204; x_wconf 80' lang='grc' dir='ltr'>διαγινώσκεται.</span> <span class='ocrx_word' id='word_1_167' title='bbox 3167 1137 3409 1202; x_wconf 75' lang='grc' dir='ltr'>Πολλοὺς</span> <span class='ocrx_word' id='word_1_168' title='bbox 3446 1137 3556 1209; x_wconf 80' lang='grc' dir='ltr'><strong>γὰρ</strong></span> <span class='ocrx_word' id='word_1_169' title='bbox 3611 1140 3831 1211; x_wconf 84' lang='grc' dir='ltr'>ὀρῶμεν</span> <span class='ocrx_word' id='word_1_170' title='bbox 3878 1141 3953 1211; x_wconf 78' lang='grc' dir='ltr'>μὴ</span> 
     </span>
    </p>
   </div>
   <div class='ocr_carea' id='block_1_26' title="bbox 2368 1224 3952 1302">
    <p class='ocr_par' dir='ltr' id='par_1_26' title="bbox 2368 1224 3952 1302">
     <span class='ocr_line' id='line_1_26' title="bbox 2368 1224 3952 1302; baseline 0.005 -25"><span class='ocrx_word' id='word_1_171' title='bbox 2368 1224 2705 1295; x_wconf 79' lang='grc' dir='ltr'><strong>δυναμένους</strong></span> <span class='ocrx_word' id='word_1_172' title='bbox 2743 1227 2803 1279; x_wconf 82' lang='grc' dir='ltr'><strong>έν</strong></span> <span class='ocrx_word' id='word_1_173' title='bbox 2848 1227 3040 1298; x_wconf 83' lang='grc' dir='ltr'>καπνῷ</span> <span class='ocrx_word' id='word_1_174' title='bbox 3072 1228 3268 1298; x_wconf 83' lang='grc' dir='ltr'>στῆναι</span> <span class='ocrx_word' id='word_1_175' title='bbox 3316 1230 3389 1293; x_wconf 71' lang='grc'><strong>⁷³,</strong></span> <span class='ocrx_word' id='word_1_176' title='bbox 3436 1230 3576 1284; x_wconf 75' lang='grc' dir='ltr'>ἀλλὰ</span> <span class='ocrx_word' id='word_1_177' title='bbox 3613 1230 3952 1302; x_wconf 70' lang='grc' dir='ltr'>δακρύοντας</span> 
     </span>
    </p>
   </div>
   <div class='ocr_carea' id='block_1_27' title="bbox 2372 1316 3953 1392">
    <p class='ocr_par' dir='ltr' id='par_1_27' title="bbox 2372 1316 3953 1392">
     <span class='ocr_line' id='line_1_27' title="bbox 2372 1316 3953 1392; baseline 0.004 -23"><span class='ocrx_word' id='word_1_178' title='bbox 2372 1316 2576 1370; x_wconf 80' lang='grc' dir='ltr'>πολλά’</span> <span class='ocrx_word' id='word_1_179' title='bbox 2606 1317 2802 1382; x_wconf 73' lang='grc' dir='ltr'>ἄλλους</span> <span class='ocrx_word' id='word_1_180' title='bbox 2826 1317 2883 1371; x_wconf 79' lang='grc' dir='ltr'>δὲ</span> <span class='ocrx_word' id='word_1_181' title='bbox 2911 1320 3119 1390; x_wconf 87' lang='grc' dir='ltr'>σφόδρα</span> <span class='ocrx_word' id='word_1_182' title='bbox 3173 1319 3313 1392; x_wconf 85' lang='grc' dir='ltr'>πρὸς</span> <span class='ocrx_word' id='word_1_183' title='bbox 3342 1319 3436 1373; x_wconf 80' lang='grc' dir='ltr'>τὸν</span> <span class='ocrx_word' id='word_1_184' title='bbox 3480 1321 3687 1375; x_wconf 63' lang='grc' dir='ltr'>καπνὸν</span> <span class='ocrx_word' id='word_1_185' title='bbox 3718 1322 3953 1375; x_wconf 78' lang='grc' dir='ltr'>ἀντιτείο</span> 
     </span>
    </p>
   </div>
   <div class='ocr_carea' id='block_1_28' title="bbox 2366 1415 3950 1488">
    <p class='ocr_par' dir='ltr' id='par_1_28' title="bbox 2366 1415 3950 1488">
     <span class='ocr_line' id='line_1_28' title="bbox 2366 1415 3950 1488; baseline 0.003 -22"><span class='ocrx_word' id='word_1_186' title='bbox 2366 1430 2593 1478; x_wconf 79' lang='grc' dir='ltr'><strong>νοντας·</strong></span> <span class='ocrx_word' id='word_1_187' title='bbox 2626 1416 2733 1468; x_wconf 70' lang='grc' dir='ltr'>ικαὶ</span> <span class='ocrx_word' id='word_1_188' title='bbox 2785 1416 2925 1468; x_wconf 73' lang='grc' dir='ltr'>είσὶν</span> <span class='ocrx_word' id='word_1_189' title='bbox 2984 1417 3035 1468; x_wconf 78' lang='lat' dir='ltr'><strong>ei</strong></span> <span class='ocrx_word' id='word_1_190' title='bbox 3082 1417 3183 1487; x_wconf 80' lang='grc' dir='ltr'>μὲν</span> <span class='ocrx_word' id='word_1_191' title='bbox 3241 1415 3473 1485; x_wconf 84' lang='grc' dir='ltr'>πρῶτοι,</span> <span class='ocrx_word' id='word_1_192' title='bbox 3529 1416 3687 1488; x_wconf 81' lang='grc' dir='ltr'>ὑγροί</span> <span class='ocrx_word' id='word_1_193' title='bbox 3738 1433 3797 1470; x_wconf 83' lang='grc' dir='ltr'><strong>τε</strong></span> <span class='ocrx_word' id='word_1_194' title='bbox 3855 1419 3950 1472; x_wconf 79' lang='grc' dir='ltr'>καὶ</span> 
     </span>
    </p>
   </div>
   <div class='ocr_carea' id='block_1_29' title="bbox 2364 1506 3946 1581">
    <p class='ocr_par' dir='ltr' id='par_1_29' title="bbox 2364 1506 3946 1581">
     <span class='ocr_line' id='line_1_29' title="bbox 2364 1506 3946 1581; baseline 0.004 -23"><span class='ocrx_word' id='word_1_195' title='bbox 2364 1506 2626 1571; x_wconf 72' lang='grc' dir='ltr'>εὐπειθεῖς</span> <span class='ocrx_word' id='word_1_196' title='bbox 2645 1523 2659 1537; x_wconf 78' lang='grc'><em>’</em></span> <span class='ocrx_word' id='word_1_197' title='bbox 2695 1510 2744 1561; x_wconf 86' lang='grc' dir='ltr'>οἱ</span> <span class='ocrx_word' id='word_1_198' title='bbox 2764 1508 2823 1561; x_wconf 74' lang='grc' dir='ltr'>δὲ</span> <span class='ocrx_word' id='word_1_199' title='bbox 2848 1508 3121 1580; x_wconf 77' lang='grc' dir='ltr'><strong>δεύτεροι,</strong></span> <span class='ocrx_word' id='word_1_200' title='bbox 3163 1508 3395 1581; x_wconf 86' lang='grc' dir='ltr'>σκληροί</span> <span class='ocrx_word' id='word_1_201' title='bbox 3412 1528 3471 1564; x_wconf 90' lang='grc' dir='ltr'><strong>τε</strong></span> <span class='ocrx_word' id='word_1_202' title='bbox 3491 1512 3585 1564; x_wconf 76' lang='grc' dir='ltr'>καὶ</span> <span class='ocrx_word' id='word_1_203' title='bbox 3610 1510 3909 1574; x_wconf 72' lang='grc' dir='ltr'>δυσπαθεῖς</span> <span class='ocrx_word' id='word_1_204' title='bbox 3933 1528 3946 1546; x_wconf 90' lang='grc'><strong>·</strong></span> 
     </span>
    </p>
   </div>
   <div class='ocr_carea' id='block_1_30' title="bbox 2362 1597 3948 1673">
    <p class='ocr_par' dir='ltr' id='par_1_30' title="bbox 2362 1597 3948 1673">
     <span class='ocr_line' id='line_1_30' title="bbox 2362 1597 3948 1673; baseline 0.003 -23"><span class='ocrx_word' id='word_1_205' title='bbox 2362 1597 2535 1652; x_wconf 82' lang='grc' dir='ltr'>ταῦτα</span> <span class='ocrx_word' id='word_1_206' title='bbox 2566 1597 2801 1669; x_wconf 80' lang='grc' dir='ltr'>οὐσιὼδη</span> <span class='ocrx_word' id='word_1_207' title='bbox 2829 1601 2873 1633; x_wconf 66' lang='grc'><strong>⁷³</strong></span> <span class='ocrx_word' id='word_1_208' title='bbox 2909 1603 3117 1671; x_wconf 81' lang='grc' dir='ltr'>σημεῖα</span> <span class='ocrx_word' id='word_1_209' title='bbox 3147 1602 3257 1655; x_wconf 86' lang='grc' dir='ltr'><strong>τῶν</strong></span> <span class='ocrx_word' id='word_1_210' title='bbox 3281 1602 3602 1673; x_wconf 86' lang='grc' dir='ltr'>ὀφθαλμῶν.</span> <span class='ocrx_word' id='word_1_211' title='bbox 3635 1604 3715 1657; x_wconf 80' lang='grc' dir='ltr'><strong>Τὰ</strong></span> <span class='ocrx_word' id='word_1_212' title='bbox 3744 1603 3802 1656; x_wconf 68' lang='grc' dir='ltr'>δὲ</span> <span class='ocrx_word' id='word_1_213' title='bbox 3836 1604 3948 1657; x_wconf 80' lang='grc' dir='ltr'>ἀπὸ</span> 
     </span>
    </p>
   </div>
   <div class='ocr_carea' id='block_1_31' title="bbox 2364 1685 3948 1765">
    <p class='ocr_par' dir='ltr' id='par_1_31' title="bbox 2364 1685 3948 1765">
     <span class='ocr_line' id='line_1_31' title="bbox 2364 1685 3948 1765; baseline 0.004 -25"><span class='ocrx_word' id='word_1_214' title='bbox 2364 1688 2797 1761; x_wconf 77' lang='grc' dir='ltr'>συμϐεϐηκότων</span> <span class='ocrx_word' id='word_1_215' title='bbox 2825 1685 2927 1746; x_wconf 79' lang='grc' dir='ltr'>ὧδε</span> <span class='ocrx_word' id='word_1_216' title='bbox 2951 1710 2965 1724; x_wconf 75' lang='grc' dir='ltr'><strong>ο</strong></span> <span class='ocrx_word' id='word_1_217' title='bbox 2998 1694 3027 1746; x_wconf 87' lang='grc' dir='ltr'><strong>ὀ</strong></span> <span class='ocrx_word' id='word_1_218' title='bbox 3061 1694 3105 1725; x_wconf 86' lang='grc'><strong>⁷⁸</strong></span> <span class='ocrx_word' id='word_1_219' title='bbox 3132 1695 3316 1748; x_wconf 82' lang='grc' dir='ltr'>τοίνυν</span> <span class='ocrx_word' id='word_1_220' title='bbox 3349 1692 3649 1763; x_wconf 77' lang='grc' dir='ltr'>ὀφθαλμὸς,</span> <span class='ocrx_word' id='word_1_221' title='bbox 3690 1695 3723 1765; x_wconf 77' lang='grc' dir='ltr'>ἢ</span> <span class='ocrx_word' id='word_1_222' title='bbox 3770 1696 3948 1763; x_wconf 80' lang='grc' dir='ltr'><strong>μέγας</strong></span> 
     </span>
    </p>
   </div>
   <div class='ocr_carea' id='block_1_32' title="bbox 2358 1781 3945 1856">
    <p class='ocr_par' dir='ltr' id='par_1_32' title="bbox 2358 1781 3945 1856">
     <span class='ocr_line' id='line_1_32' title="bbox 2358 1781 3945 1856; baseline 0.003 -24"><span class='ocrx_word' id='word_1_223' title='bbox 2358 1781 2510 1833; x_wconf 74' lang='grc' dir='ltr'>ἐστὶν</span> <span class='ocrx_word' id='word_1_224' title='bbox 2539 1782 2572 1853; x_wconf 77' lang='grc' dir='ltr'>ἢ</span> <span class='ocrx_word' id='word_1_225' title='bbox 2609 1784 2807 1853; x_wconf 84' lang='grc' dir='ltr'>μικρός</span> <span class='ocrx_word' id='word_1_226' title='bbox 2826 1800 2844 1819; x_wconf 75' lang='grc' dir='ltr'><strong><em>ο</em></strong></span> <span class='ocrx_word' id='word_1_227' title='bbox 2875 1785 2969 1837; x_wconf 81' lang='grc' dir='ltr'>καὶ</span> <span class='ocrx_word' id='word_1_228' title='bbox 2999 1784 3031 1854; x_wconf 81' lang='grc' dir='ltr'>ἢ</span> <span class='ocrx_word' id='word_1_229' title='bbox 3064 1785 3338 1855; x_wconf 80' lang='grc' dir='ltr'>εὕρυθμος</span> <span class='ocrx_word' id='word_1_230' title='bbox 3368 1785 3401 1855; x_wconf 74' lang='grc' dir='ltr'>ἢ</span> <span class='ocrx_word' id='word_1_231' title='bbox 3438 1786 3687 1856; x_wconf 79' lang='grc' dir='ltr'>ἄρυθμος</span> <span class='ocrx_word' id='word_1_232' title='bbox 3710 1802 3723 1815; x_wconf 75' lang='grc'><strong><em>⁸</em></strong></span> <span class='ocrx_word' id='word_1_233' title='bbox 3749 1784 3868 1840; x_wconf 81' lang='grc' dir='ltr'>ἀλλ’</span> <span class='ocrx_word' id='word_1_234' title='bbox 3895 1789 3945 1840; x_wconf 71' lang='grc' dir='ltr'>εἰ</span> 
     </span>
    </p>
   </div>
   <div class='ocr_carea' id='block_1_33' title="bbox 2360 1874 3945 1948">
    <p class='ocr_par' dir='ltr' id='par_1_33' title="bbox 2360 1874 3945 1948">
     <span class='ocr_line' id='line_1_33' title="bbox 2360 1874 3945 1948; baseline 0.01 -23"><span class='ocrx_word' id='word_1_235' title='bbox 2360 1874 2461 1942; x_wconf 83' lang='grc' dir='ltr'>μὲν</span> <span class='ocrx_word' id='word_1_236' title='bbox 2487 1875 2571 1945; x_wconf 79' lang='grc' dir='ltr'>εῖη</span> <span class='ocrx_word' id='word_1_237' title='bbox 2608 1874 2782 1945; x_wconf 77' lang='grc' dir='ltr'>μέγας</span> <span class='ocrx_word' id='word_1_238' title='bbox 2815 1876 2914 1929; x_wconf 79' lang='grc' dir='ltr'>σὺν</span> <span class='ocrx_word' id='word_1_239' title='bbox 2944 1876 3243 1947; x_wconf 72' lang='grc' dir='ltr'>εὐρυθμίᾳ,</span> <span class='ocrx_word' id='word_1_240' title='bbox 3276 1876 3428 1948; x_wconf 87' lang='grc' dir='ltr'><strong>δηλοί</strong></span> <span class='ocrx_word' id='word_1_241' title='bbox 3453 1876 3547 1929; x_wconf 78' lang='grc' dir='ltr'>καὶ</span> <span class='ocrx_word' id='word_1_242' title='bbox 3572 1876 3777 1947; x_wconf 77' lang='grc' dir='ltr'>πλῆθος</span> <span class='ocrx_word' id='word_1_243' title='bbox 3801 1876 3945 1946; x_wconf 74' lang='grc' dir='ltr'>ὕλης</span> 
     </span>
    </p>
   </div>
   <div class='ocr_carea' id='block_1_34' title="bbox 677 1963 2251 2041">
    <p class='ocr_par' dir='ltr' id='par_1_34' title="bbox 677 1963 2251 2041">
     <span class='ocr_line' id='line_1_34' title="bbox 677 1963 2251 2041; baseline -0.006 -12"><span class='ocrx_word' id='word_1_244' title='bbox 677 1974 821 2029; x_wconf 92' lang='lat' dir='ltr'><strong>oculi</strong></span> <span class='ocrx_word' id='word_1_245' title='bbox 870 1967 1205 2041; x_wconf 74' lang='lat' dir='ltr'><strong>magnitudo,</strong></span> <span class='ocrx_word' id='word_1_246' title='bbox 1260 1974 1356 2020; x_wconf 93' lang='lat' dir='ltr'><strong>aut</strong></span> <span class='ocrx_word' id='word_1_247' title='bbox 1379 1963 1647 2034; x_wconf 77' lang='lat' dir='ltr'><strong>exiguitas</strong></span> <span class='ocrx_word' id='word_1_248' title='bbox 1687 1979 1950 2034; x_wconf 80' lang='lat' dir='ltr'><strong>congrua,</strong></span> <span class='ocrx_word' id='word_1_249' title='bbox 1989 1965 2073 2019; x_wconf 91' lang='lat' dir='ltr'><strong>vel</strong></span> <span class='ocrx_word' id='word_1_250' title='bbox 2100 1981 2251 2020; x_wconf 86' lang='lat' dir='ltr'><strong>econ-</strong></span> 
     </span>
    </p>
   </div>
   <div class='ocr_carea' id='block_1_35' title="bbox 2350 1963 3945 2041">
    <p class='ocr_par' dir='ltr' id='par_1_35' title="bbox 2361 1967 3945 2041">
     <span class='ocr_line' id='line_1_35' title="bbox 2361 1967 3945 2041; baseline 0.003 -22"><span class='ocrx_word' id='word_1_251' title='bbox 2361 1967 2455 2019; x_wconf 76' lang='grc' dir='ltr'>κσὶ</span> <span class='ocrx_word' id='word_1_252' title='bbox 2504 1967 2808 2038; x_wconf 77' lang='grc' dir='ltr'><strong>εὐκρασίαν</strong></span> <span class='ocrx_word' id='word_1_253' title='bbox 2858 1968 3057 2037; x_wconf 79' lang='grc' dir='ltr'>αὐτῆς·</span> <span class='ocrx_word' id='word_1_254' title='bbox 3103 1972 3151 2023; x_wconf 87' lang='grc' dir='ltr'><strong>εί</strong></span> <span class='ocrx_word' id='word_1_255' title='bbox 3199 1969 3257 2022; x_wconf 78' lang='grc' dir='ltr'>δὲ</span> <span class='ocrx_word' id='word_1_256' title='bbox 3309 1969 3487 2039; x_wconf 77' lang='grc' dir='ltr'>μέγας</span> <span class='ocrx_word' id='word_1_257' title='bbox 3535 1971 3634 2039; x_wconf 70' lang='grc' dir='ltr'>μὲν</span> <span class='ocrx_word' id='word_1_258' title='bbox 3673 1971 3757 2041; x_wconf 79' lang='grc' dir='ltr'><strong>εἴη</strong></span> <span class='ocrx_word' id='word_1_259' title='bbox 3805 1969 3945 2023; x_wconf 65' lang='grc' dir='ltr'>ἀλλὰ</span> 
     </span>
    </p>
   </div>
   <div class='ocr_carea' id='block_1_36' title="bbox 676 2056 2251 2132">
    <p class='ocr_par' dir='ltr' id='par_1_36' title="bbox 676 2056 2251 2127">
     <span class='ocr_line' id='line_1_36' title="bbox 676 2056 2251 2127; baseline -0.005 -7"><span class='ocrx_word' id='word_1_260' title='bbox 676 2077 756 2121; x_wconf 91' lang='lat' dir='ltr'><strong>tra</strong></span> <span class='ocrx_word' id='word_1_261' title='bbox 782 2064 964 2119; x_wconf 84' lang='lat' dir='ltr'><strong>fuerit.</strong></span> <span class='ocrx_word' id='word_1_262' title='bbox 998 2059 1134 2114; x_wconf 87' lang='lat' dir='ltr'><strong>Nam</strong></span> <span class='ocrx_word' id='word_1_263' title='bbox 1170 2059 1216 2113; x_wconf 88' lang='lat' dir='ltr'><strong>si</strong></span> <span class='ocrx_word' id='word_1_264' title='bbox 1253 2057 1435 2127; x_wconf 87' lang='lat' dir='ltr'><strong>magni</strong></span> <span class='ocrx_word' id='word_1_265' title='bbox 1468 2064 1523 2111; x_wconf 91' lang='lat' dir='ltr'><strong>et</strong></span> <span class='ocrx_word' id='word_1_266' title='bbox 1544 2070 1786 2125; x_wconf 90' lang='lat' dir='ltr'><strong>congrue</strong></span> <span class='ocrx_word' id='word_1_267' title='bbox 1820 2056 2076 2126; x_wconf 86' lang='lat' dir='ltr'><strong>dispositi</strong></span> <span class='ocrx_word' id='word_1_268' title='bbox 2104 2058 2251 2113; x_wconf 88' lang='lat' dir='ltr'><strong>oculi</strong></span> 
     </span>
    </p>
   </div>
   <div class='ocr_carea' id='block_1_37' title="bbox 2350 2056 3940 2132">
    <p class='ocr_par' dir='ltr' id='par_1_37' title="bbox 2350 2059 3940 2132">
     <span class='ocr_line' id='line_1_37' title="bbox 2350 2059 3940 2132; baseline 0.002 -19"><span class='ocrx_word' id='word_1_269' title='bbox 2350 2059 2617 2129; x_wconf 81' lang='grc' dir='ltr'>άρυθμος,</span> <span class='ocrx_word' id='word_1_270' title='bbox 2650 2062 2909 2131; x_wconf 80' lang='grc' dir='ltr'>σημαίνει</span> <span class='ocrx_word' id='word_1_271' title='bbox 2934 2061 3139 2131; x_wconf 83' lang='grc' dir='ltr'>πλῆθος</span> <span class='ocrx_word' id='word_1_272' title='bbox 3175 2061 3277 2131; x_wconf 76' lang='grc' dir='ltr'>μὲν</span> <span class='ocrx_word' id='word_1_273' title='bbox 3308 2061 3443 2132; x_wconf 76' lang='grc' dir='ltr'>ὕλης</span> <span class='ocrx_word' id='word_1_274' title='bbox 3469 2062 3607 2115; x_wconf 70' lang='grc' dir='ltr'>ἀλλὰ</span> <span class='ocrx_word' id='word_1_275' title='bbox 3633 2061 3940 2132; x_wconf 78' lang='grc' dir='ltr'>μοχθηρᾶς,</span> 
     </span>
    </p>
   </div>
   <div class='ocr_carea' id='block_1_38' title="bbox 676 2149 2251 2224">
    <p class='ocr_par' dir='ltr' id='par_1_38' title="bbox 676 2149 2249 2219">
     <span class='ocr_line' id='line_1_38' title="bbox 676 2149 2249 2219; baseline -0.004 -7"><span class='ocrx_word' id='word_1_276' title='bbox 676 2159 897 2218; x_wconf 84' lang='lat' dir='ltr'><strong>fuerint,</strong></span> <span class='ocrx_word' id='word_1_277' title='bbox 962 2150 1203 2207; x_wconf 67' lang='lat' dir='ltr'><strong>materiae</strong></span> <span class='ocrx_word' id='word_1_278' title='bbox 1234 2149 1427 2219; x_wconf 90' lang='lat' dir='ltr'><strong>optimi</strong></span> <span class='ocrx_word' id='word_1_279' title='bbox 1461 2149 1872 2218; x_wconf 85' lang='lat' dir='ltr'><strong>temperamenti</strong></span> <span class='ocrx_word' id='word_1_280' title='bbox 1916 2151 2129 2219; x_wconf 90' lang='lat' dir='ltr'><strong>copiam</strong></span> <span class='ocrx_word' id='word_1_281' title='bbox 2164 2152 2249 2205; x_wconf 86' lang='lat' dir='ltr'><strong>in-</strong></span> 
     </span>
    </p>
   </div>
   <div class='ocr_carea' id='block_1_39' title="bbox 2350 2149 3943 2224">
    <p class='ocr_par' dir='ltr' id='par_1_39' title="bbox 2350 2150 3943 2224">
     <span class='ocr_line' id='line_1_39' title="bbox 2350 2150 3943 2224; baseline 0.001 -21"><span class='ocrx_word' id='word_1_282' title='bbox 2350 2151 2444 2203; x_wconf 75' lang='grc' dir='ltr'><strong>καὶ</strong></span> <span class='ocrx_word' id='word_1_283' title='bbox 2473 2150 2763 2221; x_wconf 87' lang='grc' dir='ltr'>δυνάμεως</span> <span class='ocrx_word' id='word_1_284' title='bbox 2799 2151 3113 2215; x_wconf 77' lang='grc' dir='ltr'>ἀσθένειαν,</span> <span class='ocrx_word' id='word_1_285' title='bbox 3165 2154 3311 2207; x_wconf 75' lang='grc' dir='ltr'>καθὰ</span> <span class='ocrx_word' id='word_1_286' title='bbox 3342 2154 3438 2206; x_wconf 83' lang='grc' dir='ltr'>καὶ</span> <span class='ocrx_word' id='word_1_287' title='bbox 3466 2153 3597 2224; x_wconf 79' lang='grc' dir='ltr'>περὶ</span> <span class='ocrx_word' id='word_1_288' title='bbox 3628 2152 3729 2222; x_wconf 83' lang='grc' dir='ltr'>τῆς</span> <span class='ocrx_word' id='word_1_289' title='bbox 3763 2170 3943 2222; x_wconf 81' lang='grc' dir='ltr'>κεφα-</span> 
     </span>
    </p>
   </div>
   <div class='ocr_carea' id='block_1_40' title="bbox 671 2238 2251 2315">
    <p class='ocr_par' dir='ltr' id='par_1_40' title="bbox 671 2238 2251 2312">
     <span class='ocr_line' id='line_1_40' title="bbox 671 2238 2251 2312; baseline -0.006 -6"><span class='ocrx_word' id='word_1_290' title='bbox 671 2251 879 2306; x_wconf 84' lang='lat' dir='ltr'><strong>dicant.</strong></span> <span class='ocrx_word' id='word_1_291' title='bbox 947 2244 1005 2299; x_wconf 90' lang='lat' dir='ltr'><strong>Si</strong></span> <span class='ocrx_word' id='word_1_292' title='bbox 1070 2251 1251 2297; x_wconf 90' lang='lat' dir='ltr'><strong>autem</strong></span> <span class='ocrx_word' id='word_1_293' title='bbox 1310 2238 1491 2310; x_wconf 90' lang='lat' dir='ltr'><strong>magni</strong></span> <span class='ocrx_word' id='word_1_294' title='bbox 1541 2248 1596 2293; x_wconf 92' lang='lat' dir='ltr'><strong>et</strong></span> <span class='ocrx_word' id='word_1_295' title='bbox 1651 2239 1950 2310; x_wconf 90' lang='lat' dir='ltr'><strong>incongrue</strong></span> <span class='ocrx_word' id='word_1_296' title='bbox 1999 2242 2251 2312; x_wconf 85' lang='lat' dir='ltr'><strong>dispositi</strong></span> 
     </span>
    </p>
   </div>
   <div class='ocr_carea' id='block_1_41' title="bbox 2350 2238 3941 2315">
    <p class='ocr_par' dir='ltr' id='par_1_41' title="bbox 2350 2242 3941 2315">
     <span class='ocr_line' id='line_1_41' title="bbox 2350 2242 3941 2315; baseline 0.001 -22"><span class='ocrx_word' id='word_1_297' title='bbox 2350 2242 2446 2312; x_wconf 76' lang='grc' dir='ltr'>λῆς</span> <span class='ocrx_word' id='word_1_298' title='bbox 2462 2242 2708 2313; x_wconf 80' lang='grc' dir='ltr'>εἴρηται·</span> <span class='ocrx_word' id='word_1_299' title='bbox 2734 2243 2784 2296; x_wconf 88' lang='grc' dir='ltr'><strong>εί</strong></span> <span class='ocrx_word' id='word_1_300' title='bbox 2816 2243 2873 2297; x_wconf 83' lang='grc' dir='ltr'>δὲ</span> <span class='ocrx_word' id='word_1_301' title='bbox 2894 2245 3091 2314; x_wconf 79' lang='grc' dir='ltr'>μικρὸς</span> <span class='ocrx_word' id='word_1_302' title='bbox 3122 2245 3208 2313; x_wconf 87' lang='grc' dir='ltr'><strong>εῐη</strong></span> <span class='ocrx_word' id='word_1_303' title='bbox 3238 2245 3334 2299; x_wconf 80' lang='grc' dir='ltr'>καὶ</span> <span class='ocrx_word' id='word_1_304' title='bbox 3363 2244 3659 2315; x_wconf 76' lang='grc' dir='ltr'>εὔρυθμος,</span> <span class='ocrx_word' id='word_1_305' title='bbox 3683 2244 3941 2314; x_wconf 76' lang='grc' dir='ltr'>σημαίνει</span> 
     </span>
    </p>
   </div>
   <div class='ocr_carea' id='block_1_42' title="bbox 672 2329 2251 2405">
    <p class='ocr_par' dir='ltr' id='par_1_42' title="bbox 672 2329 2251 2401">
     <span class='ocr_line' id='line_1_42' title="bbox 672 2329 2251 2401; baseline -0.006 -5"><span class='ocrx_word' id='word_1_306' title='bbox 672 2349 865 2400; x_wconf 90' lang='lat' dir='ltr'><strong>erunt,</strong></span> <span class='ocrx_word' id='word_1_307' title='bbox 919 2338 969 2390; x_wconf 87' lang='lat' dir='ltr'><strong>id</strong></span> <span class='ocrx_word' id='word_1_308' title='bbox 1024 2336 1095 2389; x_wconf 86' lang='lat' dir='ltr'><strong>ob</strong></span> <span class='ocrx_word' id='word_1_309' title='bbox 1145 2333 1383 2388; x_wconf 75' lang='lat' dir='ltr'><strong>materia:</strong></span> <span class='ocrx_word' id='word_1_310' title='bbox 1412 2330 1825 2386; x_wconf 79' lang='lat' dir='ltr'><strong>exuberantiam</strong></span> <span class='ocrx_word' id='word_1_311' title='bbox 1870 2329 2251 2401; x_wconf 85' lang='lat' dir='ltr'><strong>facultatisque</strong></span> 
     </span>
    </p>
   </div>
   <div class='ocr_carea' id='block_1_43' title="bbox 2350 2329 3942 2405">
    <p class='ocr_par' dir='ltr' id='par_1_43' title="bbox 2350 2330 3942 2405">
     <span class='ocr_line' id='line_1_43' title="bbox 2350 2330 3942 2405; baseline 0.001 -22"><span class='ocrx_word' id='word_1_312' title='bbox 2350 2330 2559 2385; x_wconf 76' lang='grc' dir='ltr'>ἔνδειαν</span> <span class='ocrx_word' id='word_1_313' title='bbox 2590 2332 2689 2403; x_wconf 83' lang='grc' dir='ltr'>μὲν</span> <span class='ocrx_word' id='word_1_314' title='bbox 2720 2331 2875 2400; x_wconf 83' lang='grc' dir='ltr'>ῦλης,</span> <span class='ocrx_word' id='word_1_315' title='bbox 2903 2334 3312 2404; x_wconf 74' lang='grc' dir='ltr'>εὑχρηστότητα</span> <span class='ocrx_word' id='word_1_316' title='bbox 3340 2333 3399 2386; x_wconf 79' lang='grc' dir='ltr'><strong>δέ</strong></span> <span class='ocrx_word' id='word_1_317' title='bbox 3429 2334 3473 2365; x_wconf 85' lang='grc'><strong>⁷⁸</strong></span> <span class='ocrx_word' id='word_1_318' title='bbox 3492 2350 3507 2365; x_wconf 81' lang='grc' dir='ltr'><strong><em>ο</em></strong></span> <span class='ocrx_word' id='word_1_319' title='bbox 3550 2334 3597 2385; x_wconf 86' lang='grc' dir='ltr'><strong>εί</strong></span> <span class='ocrx_word' id='word_1_320' title='bbox 3643 2333 3698 2385; x_wconf 74' lang='grc' dir='ltr'>δὲ</span> <span class='ocrx_word' id='word_1_321' title='bbox 3741 2334 3942 2405; x_wconf 82' lang='grc' dir='ltr'>μικρὸς</span> 
     </span>
    </p>
   </div>
   <div class='ocr_carea' id='block_1_44' title="bbox 672 2421 2251 2495">
    <p class='ocr_par' dir='ltr' id='par_1_44' title="bbox 672 2421 2249 2493">
     <span class='ocr_line' id='line_1_44' title="bbox 672 2421 2249 2493; baseline -0.007 -5"><span class='ocrx_word' id='word_1_322' title='bbox 672 2432 1128 2491; x_wconf 85' lang='lat' dir='ltr'><strong>imbecillitatem,</strong></span> <span class='ocrx_word' id='word_1_323' title='bbox 1183 2423 1647 2493; x_wconf 81' lang='lat' dir='ltr'><strong>quemadmodum</strong></span> <span class='ocrx_word' id='word_1_324' title='bbox 1688 2421 1755 2476; x_wconf 90' lang='lat' dir='ltr'><strong>de</strong></span> <span class='ocrx_word' id='word_1_325' title='bbox 1787 2421 1965 2491; x_wconf 87' lang='lat' dir='ltr'><strong>capite</strong></span> <span class='ocrx_word' id='word_1_326' title='bbox 1996 2424 2249 2491; x_wconf 88' lang='lat' dir='ltr'><strong>superius</strong></span> 
     </span>
    </p>
   </div>
   <div class='ocr_carea' id='block_1_45' title="bbox 2350 2421 3940 2495">
    <p class='ocr_par' dir='ltr' id='par_1_45' title="bbox 2354 2423 3940 2495">
     <span class='ocr_line' id='line_1_45' title="bbox 2354 2423 3940 2495; baseline 0.001 -19"><span class='ocrx_word' id='word_1_327' title='bbox 2354 2424 2440 2494; x_wconf 80' lang='grc' dir='ltr'><strong>εἴη</strong></span> <span class='ocrx_word' id='word_1_328' title='bbox 2473 2423 2567 2477; x_wconf 78' lang='grc' dir='ltr'>καὶ</span> <span class='ocrx_word' id='word_1_329' title='bbox 2596 2423 2864 2495; x_wconf 79' lang='grc' dir='ltr'>ἄρυθμος,</span> <span class='ocrx_word' id='word_1_330' title='bbox 2897 2424 3153 2495; x_wconf 80' lang='grc' dir='ltr'>σημαίνει</span> <span class='ocrx_word' id='word_1_331' title='bbox 3184 2426 3277 2478; x_wconf 74' lang='grc' dir='ltr'>καὶ</span> <span class='ocrx_word' id='word_1_332' title='bbox 3300 2424 3505 2479; x_wconf 71' lang='grc' dir='ltr'>ἔνδειαν</span> <span class='ocrx_word' id='word_1_333' title='bbox 3538 2424 3692 2493; x_wconf 73' lang='grc' dir='ltr'>ὕλης,</span> <span class='ocrx_word' id='word_1_334' title='bbox 3727 2424 3823 2477; x_wconf 78' lang='grc' dir='ltr'>καὶ</span> <span class='ocrx_word' id='word_1_335' title='bbox 3847 2424 3940 2477; x_wconf 84' lang='grc' dir='ltr'>δυ-</span> 
     </span>
    </p>
   </div>
   <div class='ocr_carea' id='block_1_46' title="bbox 668 2512 2247 2587">
    <p class='ocr_par' dir='ltr' id='par_1_46' title="bbox 668 2512 2247 2587">
     <span class='ocr_line' id='line_1_46' title="bbox 668 2512 2247 2587; baseline -0.008 -8"><span class='ocrx_word' id='word_1_336' title='bbox 668 2526 873 2579; x_wconf 89' lang='lat' dir='ltr'><strong>dictum</strong></span> <span class='ocrx_word' id='word_1_337' title='bbox 928 2530 1031 2583; x_wconf 85' lang='lat' dir='ltr'><strong>est,</strong></span> <span class='ocrx_word' id='word_1_338' title='bbox 1071 2515 1355 2587; x_wconf 85' lang='lat' dir='ltr'><strong>provenire</strong></span> <span class='ocrx_word' id='word_1_339' title='bbox 1388 2512 1688 2583; x_wconf 79' lang='lat' dir='ltr'><strong>putandum</strong></span> <span class='ocrx_word' id='word_1_340' title='bbox 1738 2521 1842 2567; x_wconf 92' lang='lat' dir='ltr'><strong>est.</strong></span> <span class='ocrx_word' id='word_1_341' title='bbox 1876 2514 1931 2566; x_wconf 90' lang='lat' dir='ltr'><strong>Si</strong></span> <span class='ocrx_word' id='word_1_342' title='bbox 1969 2529 2096 2568; x_wconf 88' lang='lat' dir='ltr'><strong>vero</strong></span> <span class='ocrx_word' id='word_1_343' title='bbox 2124 2530 2247 2583; x_wconf 88' lang='lat' dir='ltr'><strong>par-</strong></span> 
     </span>
    </p>
   </div>
   <div class='ocr_carea' id='block_1_47' title="bbox 668 2603 2246 2680">
    <p class='ocr_par' dir='ltr' id='par_1_47' title="bbox 668 2603 2246 2680">
     <span class='ocr_line' id='line_1_47' title="bbox 668 2603 2246 2680; baseline -0.006 -11"><span class='ocrx_word' id='word_1_344' title='bbox 668 2633 789 2680; x_wconf 78' lang='lat' dir='ltr'><strong>vus,</strong></span> <span class='ocrx_word' id='word_1_345' title='bbox 826 2613 919 2669; x_wconf 81' lang='lat' dir='ltr'><strong>sed</strong></span> <span class='ocrx_word' id='word_1_346' title='bbox 958 2613 1058 2667; x_wconf 91' lang='lat' dir='ltr'><strong>rite</strong></span> <span class='ocrx_word' id='word_1_347' title='bbox 1102 2608 1407 2664; x_wconf 85' lang='lat' dir='ltr'><strong>consistens</strong></span> <span class='ocrx_word' id='word_1_348' title='bbox 1452 2604 1646 2659; x_wconf 87' lang='lat' dir='ltr'><strong>oculus</strong></span> <span class='ocrx_word' id='word_1_349' title='bbox 1708 2603 1891 2667; x_wconf 86' lang='lat' dir='ltr'><strong>fuerit,</strong></span> <span class='ocrx_word' id='word_1_350' title='bbox 1946 2603 2103 2659; x_wconf 62' lang='lat' dir='ltr'><strong>bona!</strong></span> <span class='ocrx_word' id='word_1_351' title='bbox 2132 2621 2246 2659; x_wconf 90' lang='lat' dir='ltr'><strong>ma-</strong></span> 
     </span>
    </p>
   </div>
   <div class='ocr_carea' id='block_1_48' title="bbox 2355 2514 3943 2587">
    <p class='ocr_par' dir='ltr' id='par_1_48' title="bbox 2355 2514 3943 2587">
     <span class='ocr_line' id='line_1_48' title="bbox 2355 2514 3943 2587; baseline 0.001 -19"><span class='ocrx_word' id='word_1_352' title='bbox 2355 2514 2573 2585; x_wconf 84' lang='grc' dir='ltr'>νάμεως</span> <span class='ocrx_word' id='word_1_353' title='bbox 2590 2516 2834 2569; x_wconf 80' lang='grc' dir='ltr'>ἀτονίαν.</span> <span class='ocrx_word' id='word_1_354' title='bbox 2866 2515 3053 2569; x_wconf 85' lang='grc' dir='ltr'>Ταῦτα</span> <span class='ocrx_word' id='word_1_355' title='bbox 3075 2515 3205 2584; x_wconf 77' lang='grc' dir='ltr'>περὶ</span> <span class='ocrx_word' id='word_1_356' title='bbox 3230 2516 3329 2585; x_wconf 85' lang='grc' dir='ltr'>τῆς</span> <span class='ocrx_word' id='word_1_357' title='bbox 3357 2515 3452 2570; x_wconf 87' lang='grc' dir='ltr'><strong>τοῦ</strong></span> <span class='ocrx_word' id='word_1_358' title='bbox 3475 2515 3757 2587; x_wconf 81' lang='grc' dir='ltr'>ὀφθαλμοῦ</span> <span class='ocrx_word' id='word_1_359' title='bbox 3803 2514 3913 2587; x_wconf 79' lang='grc' dir='ltr'><strong>κρά</strong></span> <span class='ocrx_word' id='word_1_360' title='bbox 3929 2543 3943 2555; x_wconf 67' lang='grc' dir='ltr'><strong>ε</strong></span> 
     </span>
    </p>
   </div>
   <div class='ocr_carea' id='block_1_49' title="bbox 2355 2605 3424 2677">
    <p class='ocr_par' dir='ltr' id='par_1_49' title="bbox 2355 2605 3424 2677">
     <span class='ocr_line' id='line_1_49' title="bbox 2355 2605 3424 2677; baseline 0.003 -20"><span class='ocrx_word' id='word_1_361' title='bbox 2355 2622 2513 2669; x_wconf 80' lang='grc' dir='ltr'>σεως,</span> <span class='ocrx_word' id='word_1_362' title='bbox 2546 2605 2642 2659; x_wconf 72' lang='grc' dir='ltr'>καὶ</span> <span class='ocrx_word' id='word_1_363' title='bbox 2678 2607 2977 2677; x_wconf 83' lang='grc' dir='ltr'>σχήματος,</span> <span class='ocrx_word' id='word_1_364' title='bbox 3010 2607 3104 2661; x_wconf 71' lang='grc' dir='ltr'>καὶ</span> <span class='ocrx_word' id='word_1_365' title='bbox 3132 2606 3424 2677; x_wconf 83' lang='grc' dir='ltr'>μεγέθους.</span> 
     </span>
    </p>
   </div>
   <div class='ocr_carea' id='block_1_50' title="bbox 664 2695 3933 2773">
    <p class='ocr_par' dir='ltr' id='par_1_50' title="bbox 664 2695 3933 2773">
     <span class='ocr_line' id='line_1_50' title="bbox 664 2695 3933 2773; baseline -0.003 -8"><span class='ocrx_word' id='word_1_366' title='bbox 664 2710 833 2772; x_wconf 71' lang='lat' dir='ltr'><strong>terim,</strong></span> <span class='ocrx_word' id='word_1_367' title='bbox 854 2707 944 2762; x_wconf 86' lang='lat' dir='ltr'><strong>sed</strong></span> <span class='ocrx_word' id='word_1_368' title='bbox 975 2701 1153 2773; x_wconf 81' lang='lat' dir='ltr'><strong>inepis</strong></span> <span class='ocrx_word' id='word_1_369' title='bbox 1188 2700 1385 2754; x_wconf 86' lang='lat' dir='ltr'><strong>indicia</strong></span> <span class='ocrx_word' id='word_1_370' title='bbox 1412 2712 1522 2767; x_wconf 72' lang='lat' dir='ltr'><strong>prae</strong></span> <span class='ocrx_word' id='word_1_371' title='bbox 1561 2713 1620 2751; x_wconf 92' lang='lat' dir='ltr'><strong>se</strong></span> <span class='ocrx_word' id='word_1_372' title='bbox 1684 2695 1805 2750; x_wconf 88' lang='lat' dir='ltr'><strong>fert.</strong></span> <span class='ocrx_word' id='word_1_373' title='bbox 1834 2697 2019 2766; x_wconf 87' lang='lat' dir='ltr'><strong>Atqui</strong></span> <span class='ocrx_word' id='word_1_374' title='bbox 2056 2713 2276 2767; x_wconf 89' lang='lat' dir='ltr'><strong>parvus,</strong></span> <span class='ocrx_word' id='word_1_375' title='bbox 2318 2697 2412 2753; x_wconf 90' lang='lat' dir='ltr'><strong>sed</strong></span> <span class='ocrx_word' id='word_1_376' title='bbox 2450 2698 2817 2755; x_wconf 87' lang='lat' dir='ltr'><strong>inconcinnus</strong></span> <span class='ocrx_word' id='word_1_377' title='bbox 2859 2698 3045 2765; x_wconf 86' lang='lat' dir='ltr'><strong>fuerit,</strong></span> <span class='ocrx_word' id='word_1_378' title='bbox 3125 2709 3238 2753; x_wconf 92' lang='lat' dir='ltr'><strong>tum</strong></span> <span class='ocrx_word' id='word_1_379' title='bbox 3284 2701 3526 2754; x_wconf 79' lang='lat' dir='ltr'><strong>materia:</strong></span> <span class='ocrx_word' id='word_1_380' title='bbox 3555 2699 3933 2770; x_wconf 80' lang='lat' dir='ltr'><strong>indigentiam,</strong></span> 
     </span>
    </p>
   </div>
   <div class='ocr_carea' id='block_1_51' title="bbox 664 2786 3934 2862">
    <p class='ocr_par' dir='ltr' id='par_1_51' title="bbox 664 2786 3934 2862">
     <span class='ocr_line' id='line_1_51' title="bbox 664 2786 3934 2862; baseline -0.003 -8"><span class='ocrx_word' id='word_1_381' title='bbox 664 2812 778 2854; x_wconf 86' lang='lat' dir='ltr'><strong>tum</strong></span> <span class='ocrx_word' id='word_1_382' title='bbox 818 2794 1096 2851; x_wconf 80' lang='lat' dir='ltr'><strong>facultatis</strong></span> <span class='ocrx_word' id='word_1_383' title='bbox 1138 2789 1568 2845; x_wconf 90' lang='lat' dir='ltr'><strong>imbecillitatem</strong></span> <span class='ocrx_word' id='word_1_384' title='bbox 1634 2786 1832 2857; x_wconf 82' lang='lat' dir='ltr'><strong>arguit.</strong></span> <span class='ocrx_word' id='word_1_385' title='bbox 1866 2787 1998 2854; x_wconf 76' lang='lat' dir='ltr'><strong>Qua:</strong></span> <span class='ocrx_word' id='word_1_386' title='bbox 2048 2789 2193 2843; x_wconf 90' lang='lat' dir='ltr'><strong>enim</strong></span> <span class='ocrx_word' id='word_1_387' title='bbox 2235 2788 2304 2844; x_wconf 85' lang='lat' dir='ltr'><strong>de</strong></span> <span class='ocrx_word' id='word_1_388' title='bbox 2362 2787 2647 2845; x_wconf 86' lang='lat' dir='ltr'><strong>oculorum</strong></span> <span class='ocrx_word' id='word_1_389' title='bbox 2709 2800 3161 2860; x_wconf 85' lang='lat' dir='ltr'><strong>temperamento.</strong></span> <span class='ocrx_word' id='word_1_390' title='bbox 3219 2806 3282 2846; x_wconf 90' lang='lat' dir='ltr'><strong>ac</strong></span> <span class='ocrx_word' id='word_1_391' title='bbox 3338 2790 3532 2862; x_wconf 87' lang='lat' dir='ltr'><strong>figura,</strong></span> <span class='ocrx_word' id='word_1_392' title='bbox 3601 2792 3934 2861; x_wconf 83' lang='lat' dir='ltr'><strong>magnitudi-</strong></span> 
     </span>
    </p>
   </div>
   <div class='ocr_carea' id='block_1_52' title="bbox 662 2878 1922 2957">
    <p class='ocr_par' dir='ltr' id='par_1_52' title="bbox 662 2878 1922 2957">
     <span class='ocr_line' id='line_1_52' title="bbox 662 2878 1922 2957; baseline -0.009 -14"><span class='ocrx_word' id='word_1_393' title='bbox 662 2902 841 2957; x_wconf 72' lang='lat' dir='ltr'><strong>neque</strong></span> <span class='ocrx_word' id='word_1_394' title='bbox 890 2884 1119 2939; x_wconf 84' lang='lat' dir='ltr'><strong>dicenda</strong></span> <span class='ocrx_word' id='word_1_395' title='bbox 1174 2880 1411 2943; x_wconf 88' lang='lat' dir='ltr'><strong>fuerant,</strong></span> <span class='ocrx_word' id='word_1_396' title='bbox 1462 2878 1576 2932; x_wconf 75' lang='lat' dir='ltr'><strong>iure</strong></span> <span class='ocrx_word' id='word_1_397' title='bbox 1631 2878 1922 2932; x_wconf 85' lang='lat' dir='ltr'><strong>habentur.</strong></span> 
     </span>
    </p>
   </div>
   <div class='ocr_carea' id='block_1_53' title="bbox 734 2991 2245 3062">
    <p class='ocr_par' dir='ltr' id='par_1_53' title="bbox 734 2991 2245 3062">
     <span class='ocr_line' id='line_1_53' title="bbox 734 2991 2245 3062; baseline -0.005 -8"><span class='ocrx_word' id='word_1_398' title='bbox 734 3002 837 3054; x_wconf 81' lang='lat' dir='ltr'><strong>Sed</strong></span> <span class='ocrx_word' id='word_1_399' title='bbox 862 3009 913 3053; x_wconf 90' lang='lat' dir='ltr'><strong>et</strong></span> <span class='ocrx_word' id='word_1_400' title='bbox 940 3004 1003 3051; x_wconf 89' lang='lat' dir='ltr'><strong>de</strong></span> <span class='ocrx_word' id='word_1_401' title='bbox 1034 2995 1277 3050; x_wconf 89' lang='lat' dir='ltr'><strong>colorum</strong></span> <span class='ocrx_word' id='word_1_402' title='bbox 1300 2992 1393 3062; x_wconf 92' lang='lat' dir='ltr'><strong>qui</strong></span> <span class='ocrx_word' id='word_1_403' title='bbox 1425 2993 1476 3044; x_wconf 91' lang='lat' dir='ltr'><strong>in</strong></span> <span class='ocrx_word' id='word_1_404' title='bbox 1502 2991 1633 3060; x_wconf 90' lang='lat' dir='ltr'><strong>ipsis</strong></span> <span class='ocrx_word' id='word_1_405' title='bbox 1657 2991 1907 3045; x_wconf 91' lang='lat' dir='ltr'><strong>visuntur</strong></span> <span class='ocrx_word' id='word_1_406' title='bbox 1929 2991 2245 3046; x_wconf 81' lang='lat' dir='ltr'><strong>diversitate</strong></span> 
     </span>
    </p>
   </div>
   <div class='ocr_carea' id='block_1_54' title="bbox 657 3082 2243 3153">
    <p class='ocr_par' dir='ltr' id='par_1_54' title="bbox 657 3082 2243 3153">
     <span class='ocr_line' id='line_1_54' title="bbox 657 3082 2243 3153; baseline -0.006 -6"><span class='ocrx_word' id='word_1_407' title='bbox 657 3108 854 3148; x_wconf 81' lang='lat' dir='ltr'><strong>causas</strong></span> <span class='ocrx_word' id='word_1_408' title='bbox 907 3086 1295 3145; x_wconf 82' lang='lat' dir='ltr'><strong>scrutabimur.</strong></span> <span class='ocrx_word' id='word_1_409' title='bbox 1330 3084 1392 3137; x_wconf 86' lang='lat' dir='ltr'><strong>Et</strong></span> <span class='ocrx_word' id='word_1_410' title='bbox 1426 3083 1655 3153; x_wconf 82' lang='lat' dir='ltr'><strong>quidem</strong></span> <span class='ocrx_word' id='word_1_411' title='bbox 1710 3082 2003 3137; x_wconf 91' lang='lat' dir='ltr'><strong>nonnullos</strong></span> <span class='ocrx_word' id='word_1_412' title='bbox 2059 3083 2243 3152; x_wconf 83' lang='lat' dir='ltr'><strong>nigros</strong></span> 
     </span>
    </p>
   </div>
   <div class='ocr_carea' id='block_1_55' title="bbox 660 3173 2241 3243">
    <p class='ocr_par' dir='ltr' id='par_1_55' title="bbox 660 3173 2241 3243">
     <span class='ocr_line' id='line_1_55' title="bbox 660 3173 2241 3243; baseline -0.007 -3"><span class='ocrx_word' id='word_1_413' title='bbox 660 3187 920 3240; x_wconf 78' lang='lat' dir='ltr'><strong>habentes</strong></span> <span class='ocrx_word' id='word_1_414' title='bbox 945 3179 1156 3243; x_wconf 83' lang='lat' dir='ltr'><strong>oculos,</strong></span> <span class='ocrx_word' id='word_1_415' title='bbox 1191 3176 1328 3231; x_wconf 89' lang='lat' dir='ltr'><strong>alios</strong></span> <span class='ocrx_word' id='word_1_416' title='bbox 1356 3175 1571 3236; x_wconf 68' lang='grc' dir='ltr'>οεεείοε,</span> <span class='ocrx_word' id='word_1_417' title='bbox 1610 3174 1875 3243; x_wconf 89' lang='lat' dir='ltr'><strong>quosdam</strong></span> <span class='ocrx_word' id='word_1_418' title='bbox 1908 3189 2037 3228; x_wconf 82' lang='lat' dir='ltr'><strong>vero</strong></span> <span class='ocrx_word' id='word_1_419' title='bbox 2064 3173 2241 3230; x_wconf 85' lang='lat' dir='ltr'><strong>fulvos</strong></span> 
     </span>
    </p>
   </div>
   <div class='ocr_carea' id='block_1_56' title="bbox 2420 2993 3932 3065">
    <p class='ocr_par' dir='ltr' id='par_1_56' title="bbox 2420 2993 3932 3065">
     <span class='ocr_line' id='line_1_56' title="bbox 2420 2993 3932 3065; baseline 0 -21"><span class='ocrx_word' id='word_1_420' title='bbox 2420 2994 2753 3063; x_wconf 79' lang='grc' dir='ltr'>Ζητήσωμεν</span> <span class='ocrx_word' id='word_1_421' title='bbox 2799 2993 2855 3047; x_wconf 85' lang='grc' dir='ltr'>δὲ</span> <span class='ocrx_word' id='word_1_422' title='bbox 2899 2994 2994 3045; x_wconf 79' lang='grc' dir='ltr'><strong>καὶ</strong></span> <span class='ocrx_word' id='word_1_423' title='bbox 3043 2995 3142 3055; x_wconf 71' lang='grc' dir='ltr'><strong>τὰς</strong></span> <span class='ocrx_word' id='word_1_424' title='bbox 3194 2994 3303 3046; x_wconf 79' lang='grc' dir='ltr'>τῶν</span> <span class='ocrx_word' id='word_1_425' title='bbox 3348 2994 3624 3065; x_wconf 81' lang='grc' dir='ltr'>διαφόρων</span> <span class='ocrx_word' id='word_1_426' title='bbox 3664 2996 3725 3047; x_wconf 81' lang='grc' dir='ltr'>ὲν</span> <span class='ocrx_word' id='word_1_427' title='bbox 3781 2994 3932 3063; x_wconf 78' lang='grc' dir='ltr'>αὐτῷ</span> 
     </span>
    </p>
   </div>
   <div class='ocr_carea' id='block_1_57' title="bbox 2345 3085 3932 3157">
    <p class='ocr_par' dir='ltr' id='par_1_57' title="bbox 2345 3085 3932 3157">
     <span class='ocr_line' id='line_1_57' title="bbox 2345 3085 3932 3157; baseline 0.002 -20"><span class='ocrx_word' id='word_1_428' title='bbox 2345 3085 2657 3155; x_wconf 79' lang='grc' dir='ltr'>χρωμάτων</span> <span class='ocrx_word' id='word_1_429' title='bbox 2681 3086 2727 3118; x_wconf 87' lang='grc'><strong>⁷⁷</strong></span> <span class='ocrx_word' id='word_1_430' title='bbox 2754 3085 2955 3149; x_wconf 71' lang='grc' dir='ltr'>αἰτίας.</span> <span class='ocrx_word' id='word_1_431' title='bbox 3001 3086 3253 3157; x_wconf 80' lang='grc' dir='ltr'>Ὀρῶμεν</span> <span class='ocrx_word' id='word_1_432' title='bbox 3284 3086 3395 3155; x_wconf 74' lang='grc' dir='ltr'>γάρ</span> <span class='ocrx_word' id='word_1_433' title='bbox 3434 3088 3559 3150; x_wconf 78' lang='grc' dir='ltr'>τοὺς</span> <span class='ocrx_word' id='word_1_434' title='bbox 3618 3087 3717 3157; x_wconf 72' lang='grc' dir='ltr'>μὲν</span> <span class='ocrx_word' id='word_1_435' title='bbox 3764 3087 3932 3156; x_wconf 81' lang='grc' dir='ltr'>μέλα-</span> 
     </span>
    </p>
   </div>
   <div class='ocr_carea' id='block_1_58' title="bbox 2345 3176 3928 3246">
    <p class='ocr_par' dir='ltr' id='par_1_58' title="bbox 2345 3176 3928 3246">
     <span class='ocr_line' id='line_1_58' title="bbox 2345 3176 3928 3246; baseline 0.001 -18"><span class='ocrx_word' id='word_1_436' title='bbox 2345 3194 2444 3240; x_wconf 87' lang='grc' dir='ltr'><strong>νας</strong></span> <span class='ocrx_word' id='word_1_437' title='bbox 2476 3177 2698 3245; x_wconf 80' lang='grc' dir='ltr'>ἔχοντας</span> <span class='ocrx_word' id='word_1_438' title='bbox 2725 3176 3063 3246; x_wconf 80' lang='grc' dir='ltr'>ὀφθαλμοὺς,</span> <span class='ocrx_word' id='word_1_439' title='bbox 3103 3178 3227 3242; x_wconf 75' lang='grc' dir='ltr'>τοὺς</span> <span class='ocrx_word' id='word_1_440' title='bbox 3276 3179 3331 3231; x_wconf 83' lang='grc' dir='ltr'>δὲ</span> <span class='ocrx_word' id='word_1_441' title='bbox 3363 3180 3636 3246; x_wconf 70' lang='grc' dir='ltr'>γλαυκοὺς</span> <span class='ocrx_word' id='word_1_442' title='bbox 3657 3219 3673 3242; x_wconf 85' lang='grc'><em>,</em></span> <span class='ocrx_word' id='word_1_443' title='bbox 3716 3179 3840 3240; x_wconf 73' lang='grc' dir='ltr'>τοὺς</span> <span class='ocrx_word' id='word_1_444' title='bbox 3868 3178 3928 3230; x_wconf 67' lang='grc' dir='ltr'>δὲ</span> 
     </span>
    </p>
   </div>
   <div class='ocr_carea' id='block_1_59' title="bbox 656 3265 2251 3345">
    <p class='ocr_par' dir='ltr' id='par_1_59' title="bbox 656 3265 2233 3345">
     <span class='ocr_line' id='line_1_59' title="bbox 656 3265 2233 3345; baseline -0.006 -15"><span class='ocrx_word' id='word_1_445' title='bbox 656 3275 1000 3345; x_wconf 64' lang='lat' dir='ltr'><strong>inspicimus.</strong></span> <span class='ocrx_word' id='word_1_446' title='bbox 1017 3269 1202 3339; x_wconf 82' lang='lat' dir='ltr'><strong>Neque</strong></span> <span class='ocrx_word' id='word_1_447' title='bbox 1216 3268 1360 3322; x_wconf 80' lang='lat' dir='ltr'><strong>enim</strong></span> <span class='ocrx_word' id='word_1_448' title='bbox 1376 3267 1547 3320; x_wconf 85' lang='lat' dir='ltr'><strong>latere</strong></span> <span class='ocrx_word' id='word_1_449' title='bbox 1568 3281 1667 3319; x_wconf 89' lang='lat' dir='ltr'><strong>nos</strong></span> <span class='ocrx_word' id='word_1_450' title='bbox 1683 3265 1838 3320; x_wconf 84' lang='lat' dir='ltr'><strong>decet</strong></span> <span class='ocrx_word' id='word_1_451' title='bbox 1852 3266 2043 3320; x_wconf 86' lang='lat' dir='ltr'><strong>oculos</strong></span> <span class='ocrx_word' id='word_1_452' title='bbox 2063 3266 2233 3336; x_wconf 89' lang='lat' dir='ltr'><strong>ipsos,</strong></span> 
     </span>
    </p>
   </div>
   <div class='ocr_carea' id='block_1_60' title="bbox 2350 3265 3926 3345">
    <p class='ocr_par' dir='ltr' id='par_1_60' title="bbox 2350 3268 3926 3339">
     <span class='ocr_line' id='line_1_60' title="bbox 2350 3268 3926 3339; baseline 0.002 -21"><span class='ocrx_word' id='word_1_453' title='bbox 2350 3268 2620 3338; x_wconf 71' lang='grc' dir='ltr'>χαροπούς</span> <span class='ocrx_word' id='word_1_454' title='bbox 2646 3268 2727 3321; x_wconf 82' lang='grc'><strong>⁷⁸.</strong></span> <span class='ocrx_word' id='word_1_455' title='bbox 2760 3270 2853 3321; x_wconf 70' lang='grc' dir='ltr'>Δεῖ</span> <span class='ocrx_word' id='word_1_456' title='bbox 2879 3269 3063 3322; x_wconf 83' lang='grc' dir='ltr'>τοίνυν</span> <span class='ocrx_word' id='word_1_457' title='bbox 3092 3269 3295 3323; x_wconf 79' lang='grc' dir='ltr'>εἰδέναι</span> <span class='ocrx_word' id='word_1_458' title='bbox 3324 3271 3405 3323; x_wconf 85' lang='grc' dir='ltr'>ὅτι</span> <span class='ocrx_word' id='word_1_459' title='bbox 3437 3274 3464 3324; x_wconf 87' lang='grc' dir='ltr'>ὁ</span> <span class='ocrx_word' id='word_1_460' title='bbox 3516 3270 3796 3339; x_wconf 73' lang='grc' dir='ltr'>ὀφθαλμὸς</span> <span class='ocrx_word' id='word_1_461' title='bbox 3830 3271 3926 3323; x_wconf 72' lang='grc' dir='ltr'>καὶ</span> 
     </span>
    </p>
   </div>
   <div class='ocr_carea' id='block_1_61' title="bbox 655 3355 2233 3434">
    <p class='ocr_par' dir='ltr' id='par_1_61' title="bbox 655 3355 2233 3434">
     <span class='ocr_line' id='line_1_61' title="bbox 655 3355 2233 3434; baseline -0.006 -14"><span class='ocrx_word' id='word_1_462' title='bbox 655 3380 767 3420; x_wconf 76' lang='lat' dir='ltr'><strong>tum</strong></span> <span class='ocrx_word' id='word_1_463' title='bbox 812 3364 1045 3434; x_wconf 90' lang='lat' dir='ltr'><strong>plurima</strong></span> <span class='ocrx_word' id='word_1_464' title='bbox 1076 3359 1295 3416; x_wconf 90' lang='lat' dir='ltr'><strong>nomina</strong></span> <span class='ocrx_word' id='word_1_465' title='bbox 1346 3355 1552 3418; x_wconf 92' lang='lat' dir='ltr'><strong>sortiri,</strong></span> <span class='ocrx_word' id='word_1_466' title='bbox 1583 3363 1697 3409; x_wconf 86' lang='lat' dir='ltr'><strong>tum</strong></span> <span class='ocrx_word' id='word_1_467' title='bbox 1729 3369 1851 3410; x_wconf 88' lang='lat' dir='ltr'><strong>esse</strong></span> <span class='ocrx_word' id='word_1_468' title='bbox 1889 3355 2138 3424; x_wconf 84' lang='lat' dir='ltr'><strong>pluribus</strong></span> <span class='ocrx_word' id='word_1_469' title='bbox 2167 3371 2233 3410; x_wconf 76' lang='lat' dir='ltr'><strong>ex</strong></span> 
     </span>
    </p>
   </div>
   <div class='ocr_carea' id='block_1_62' title="bbox 658 3445 2234 3530">
    <p class='ocr_par' dir='ltr' id='par_1_62' title="bbox 658 3445 2234 3530">
     <span class='ocr_line' id='line_1_62' title="bbox 658 3445 2234 3530; baseline -0.006 -21"><span class='ocrx_word' id='word_1_470' title='bbox 658 3458 903 3530; x_wconf 75' lang='lat' dir='ltr'><strong>partibus</strong></span> <span class='ocrx_word' id='word_1_471' title='bbox 950 3451 1307 3522; x_wconf 90' lang='lat' dir='ltr'><strong>compositos,</strong></span> <span class='ocrx_word' id='word_1_472' title='bbox 1356 3449 1610 3518; x_wconf 87' lang='lat' dir='ltr'><strong>quodque</strong></span> <span class='ocrx_word' id='word_1_473' title='bbox 1660 3445 1953 3511; x_wconf 89' lang='lat' dir='ltr'><strong>tuniculas,</strong></span> <span class='ocrx_word' id='word_1_474' title='bbox 1990 3446 2081 3501; x_wconf 89' lang='lat' dir='ltr'><strong>alii</strong></span> <span class='ocrx_word' id='word_1_475' title='bbox 2129 3448 2234 3501; x_wconf 84' lang='lat' dir='ltr'><strong>hu-</strong></span> 
     </span>
    </p>
   </div>
   <div class='ocr_carea' id='block_1_63' title="bbox 657 3534 2234 3621">
    <p class='ocr_par' dir='ltr' id='par_1_63' title="bbox 657 3534 2234 3621">
     <span class='ocr_line' id='line_1_63' title="bbox 657 3534 2234 3621; baseline -0.005 -20"><span class='ocrx_word' id='word_1_476' title='bbox 657 3548 851 3612; x_wconf 87' lang='lat' dir='ltr'><strong>midas,</strong></span> <span class='ocrx_word' id='word_1_477' title='bbox 888 3545 976 3598; x_wconf 92' lang='lat' dir='ltr'><strong>alii</strong></span> <span class='ocrx_word' id='word_1_478' title='bbox 1026 3556 1154 3597; x_wconf 88' lang='lat' dir='ltr'><strong>vero</strong></span> <span class='ocrx_word' id='word_1_479' title='bbox 1192 3539 1365 3595; x_wconf 87' lang='lat' dir='ltr'><strong>siccas</strong></span> <span class='ocrx_word' id='word_1_480' title='bbox 1408 3536 1627 3590; x_wconf 89' lang='lat' dir='ltr'><strong>habent.</strong></span> <span class='ocrx_word' id='word_1_481' title='bbox 1680 3534 1788 3590; x_wconf 92' lang='lat' dir='ltr'><strong>Sed</strong></span> <span class='ocrx_word' id='word_1_482' title='bbox 1837 3536 1915 3621; x_wconf 70' lang='lat' dir='ltr'><strong>uti</strong></span> <span class='ocrx_word' id='word_1_483' title='bbox 1964 3537 2125 3591; x_wconf 86' lang='lat' dir='ltr'><strong>nobis</strong></span> <span class='ocrx_word' id='word_1_484' title='bbox 2166 3538 2234 3593; x_wconf 93' lang='lat' dir='ltr'><strong>de</strong></span> 
     </span>
    </p>
   </div>
   <div class='ocr_carea' id='block_1_64' title="bbox 652 3627 2228 3696">
    <p class='ocr_par' dir='ltr' id='par_1_64' title="bbox 652 3627 2228 3696">
     <span class='ocr_line' id='line_1_64' title="bbox 652 3627 2228 3696; baseline -0.008 -3"><span class='ocrx_word' id='word_1_485' title='bbox 652 3654 841 3695; x_wconf 87' lang='lat' dir='ltr'><strong>eorum</strong></span> <span class='ocrx_word' id='word_1_486' title='bbox 888 3632 1202 3690; x_wconf 89' lang='lat' dir='ltr'><strong>nominibus</strong></span> <span class='ocrx_word' id='word_1_487' title='bbox 1258 3627 1607 3696; x_wconf 89' lang='lat' dir='ltr'><strong>numerisque</strong></span> <span class='ocrx_word' id='word_1_488' title='bbox 1644 3635 1701 3680; x_wconf 92' lang='lat' dir='ltr'><strong>et</strong></span> <span class='ocrx_word' id='word_1_489' title='bbox 1750 3635 1979 3691; x_wconf 77' lang='lat' dir='ltr'><strong>exortu,</strong></span> <span class='ocrx_word' id='word_1_490' title='bbox 2012 3642 2228 3682; x_wconf 89' lang='lat' dir='ltr'><strong>necnon</strong></span> 
     </span>
    </p>
   </div>
   <div class='ocr_carea' id='block_1_65' title="bbox 653 3718 2227 3790">
    <p class='ocr_par' dir='ltr' id='par_1_65' title="bbox 653 3718 2227 3790">
     <span class='ocr_line' id='line_1_65' title="bbox 653 3718 2227 3790; baseline -0.007 -7"><span class='ocrx_word' id='word_1_491' title='bbox 653 3732 846 3785; x_wconf 85' lang='lat' dir='ltr'><strong>usibus</strong></span> <span class='ocrx_word' id='word_1_492' title='bbox 897 3738 952 3783; x_wconf 87' lang='lat' dir='ltr'><strong>et</strong></span> <span class='ocrx_word' id='word_1_493' title='bbox 987 3724 1297 3780; x_wconf 87' lang='lat' dir='ltr'><strong>actionibus</strong></span> <span class='ocrx_word' id='word_1_494' title='bbox 1333 3720 1494 3790; x_wconf 91' lang='lat' dir='ltr'><strong>plane</strong></span> <span class='ocrx_word' id='word_1_495' title='bbox 1527 3727 1759 3784; x_wconf 87' lang='lat' dir='ltr'><strong>constet,</strong></span> <span class='ocrx_word' id='word_1_496' title='bbox 1787 3718 1855 3773; x_wconf 90' lang='lat' dir='ltr'><strong>ab</strong></span> <span class='ocrx_word' id='word_1_497' title='bbox 1884 3718 1986 3773; x_wconf 91' lang='lat' dir='ltr'><strong>hoc</strong></span> <span class='ocrx_word' id='word_1_498' title='bbox 2035 3718 2227 3774; x_wconf 90' lang='lat' dir='ltr'><strong>subin-</strong></span> 
     </span>
    </p>
   </div>
   <div class='ocr_carea' id='block_1_66' title="bbox 650 3813 1337 3890">
    <p class='ocr_par' dir='ltr' id='par_1_66' title="bbox 650 3813 1337 3890">
     <span class='ocr_line' id='line_1_66' title="bbox 650 3813 1337 3890; baseline -0.013 -15"><span class='ocrx_word' id='word_1_499' title='bbox 650 3824 716 3875; x_wconf 84' lang='lat' dir='ltr'><strong>de</strong></span> <span class='ocrx_word' id='word_1_500' title='bbox 740 3816 1008 3890; x_wconf 91' lang='lat' dir='ltr'><strong>principio</strong></span> <span class='ocrx_word' id='word_1_501' title='bbox 1039 3813 1337 3869; x_wconf 88' lang='lat' dir='ltr'><strong>ordiemur.</strong></span> 
     </span>
    </p>
   </div>
   <div class='ocr_carea' id='block_1_67' title="bbox 722 3922 2229 4001">
    <p class='ocr_par' dir='ltr' id='par_1_67' title="bbox 722 3922 2229 4001">
     <span class='ocr_line' id='line_1_67' title="bbox 722 3922 2229 4001; baseline -0.007 -15"><span class='ocrx_word' id='word_1_502' title='bbox 722 3931 1031 3988; x_wconf 83' lang='lat' dir='ltr'><strong>Notandum</strong></span> <span class='ocrx_word' id='word_1_503' title='bbox 1072 3926 1293 4001; x_wconf 86' lang='lat' dir='ltr'><strong>quidem</strong></span> <span class='ocrx_word' id='word_1_504' title='bbox 1343 3933 1459 3991; x_wconf 89' lang='lat' dir='ltr'><strong>est,</strong></span> <span class='ocrx_word' id='word_1_505' title='bbox 1491 3923 1635 3995; x_wconf 90' lang='lat' dir='ltr'><strong>quod</strong></span> <span class='ocrx_word' id='word_1_506' title='bbox 1691 3922 1892 3993; x_wconf 84' lang='lat' dir='ltr'><strong>gemini</strong></span> <span class='ocrx_word' id='word_1_507' title='bbox 1933 3938 1963 3977; x_wconf 88' lang='lat' dir='ltr'><strong>a</strong></span> <span class='ocrx_word' id='word_1_508' title='bbox 2004 3922 2229 3980; x_wconf 86' lang='lat' dir='ltr'><strong>cerebro</strong></span> 
     </span>
    </p>
   </div>
   <div class='ocr_carea' id='block_1_68' title="bbox 651 4016 2226 4094">
    <p class='ocr_par' dir='ltr' id='par_1_68' title="bbox 651 4016 2226 4094">
     <span class='ocr_line' id='line_1_68' title="bbox 651 4016 2226 4094; baseline -0.007 -13"><span class='ocrx_word' id='word_1_509' title='bbox 651 4028 802 4081; x_wconf 70' lang='lat' dir='ltr'><strong>nervi</strong></span> <span class='ocrx_word' id='word_1_510' title='bbox 834 4023 1288 4094; x_wconf 77' lang='lat' dir='ltr'><strong>protenduntur,</strong></span> <span class='ocrx_word' id='word_1_511' title='bbox 1330 4018 1422 4088; x_wconf 89' lang='lat' dir='ltr'><strong>qui</strong></span> <span class='ocrx_word' id='word_1_512' title='bbox 1476 4033 1504 4071; x_wconf 86' lang='lat' dir='ltr'><strong>a</strong></span> <span class='ocrx_word' id='word_1_513' title='bbox 1550 4016 1753 4083; x_wconf 66' lang='lat' dir='ltr'><strong>Graecis</strong></span> <span class='ocrx_word' id='word_1_514' title='bbox 1803 4016 2049 4081; x_wconf 84' lang='grc' dir='ltr'>ὀπτικοί,</span> <span class='ocrx_word' id='word_1_515' title='bbox 2081 4016 2226 4086; x_wconf 88' lang='lat' dir='ltr'><strong>quod</strong></span> 
     </span>
    </p>
   </div>
   <div class='ocr_carea' id='block_1_69' title="bbox 650 4107 2227 4179">
    <p class='ocr_par' dir='ltr' id='par_1_69' title="bbox 650 4107 2227 4179">
     <span class='ocr_line' id='line_1_69' title="bbox 650 4107 2227 4179; baseline -0.007 -7"><span class='ocrx_word' id='word_1_516' title='bbox 650 4120 790 4174; x_wconf 85' lang='lat' dir='ltr'><strong>visui</strong></span> <span class='ocrx_word' id='word_1_517' title='bbox 833 4116 1087 4170; x_wconf 77' lang='lat' dir='ltr'><strong>videlicet</strong></span> <span class='ocrx_word' id='word_1_518' title='bbox 1137 4109 1471 4174; x_wconf 83' lang='lat' dir='ltr'><strong>inserviant,</strong></span> <span class='ocrx_word' id='word_1_519' title='bbox 1515 4118 1921 4179; x_wconf 86' lang='lat' dir='ltr'><strong>nuncupantur.</strong></span> <span class='ocrx_word' id='word_1_520' title='bbox 1984 4107 2227 4162; x_wconf 84' lang='lat' dir='ltr'><strong>Primum</strong></span> 
     </span>
    </p>
   </div>
   <div class='ocr_carea' id='block_1_70' title="bbox 649 4198 2227 4277">
    <p class='ocr_par' dir='ltr' id='par_1_70' title="bbox 649 4198 2227 4277">
     <span class='ocr_line' id='line_1_70' title="bbox 649 4198 2227 4277; baseline -0.006 -14"><span class='ocrx_word' id='word_1_521' title='bbox 649 4209 869 4277; x_wconf 86' lang='lat' dir='ltr'><strong>quidem</strong></span> <span class='ocrx_word' id='word_1_522' title='bbox 933 4205 1062 4260; x_wconf 80' lang='lat' dir='ltr'><strong>huic</strong></span> <span class='ocrx_word' id='word_1_523' title='bbox 1117 4202 1333 4267; x_wconf 81' lang='lat' dir='ltr'><strong>sensui,</strong></span> <span class='ocrx_word' id='word_1_524' title='bbox 1384 4200 1668 4257; x_wconf 87' lang='lat' dir='ltr'><strong>cerebrum</strong></span> <span class='ocrx_word' id='word_1_525' title='bbox 1719 4199 1899 4269; x_wconf 91' lang='lat' dir='ltr'><strong>ipsum</strong></span> <span class='ocrx_word' id='word_1_526' title='bbox 1949 4198 2050 4254; x_wconf 88' lang='lat' dir='ltr'><strong>hos</strong></span> <span class='ocrx_word' id='word_1_527' title='bbox 2100 4214 2227 4254; x_wconf 85' lang='lat' dir='ltr'><strong>ner-</strong></span> 
     </span>
    </p>
   </div>
   <div class='ocr_carea' id='block_1_71' title="bbox 651 4292 2226 4369">
    <p class='ocr_par' dir='ltr' id='par_1_71' title="bbox 651 4292 2226 4369">
     <span class='ocr_line' id='line_1_71' title="bbox 651 4292 2226 4369; baseline -0.006 -13"><span class='ocrx_word' id='word_1_528' title='bbox 651 4298 1150 4369; x_wconf 51' lang='lat' dir='ltr'><strong>vos,,postmodum</strong></span> <span class='ocrx_word' id='word_1_529' title='bbox 1182 4294 1279 4349; x_wconf 90' lang='lat' dir='ltr'><strong>toti</strong></span> <span class='ocrx_word' id='word_1_530' title='bbox 1313 4292 1529 4363; x_wconf 90' lang='lat' dir='ltr'><strong>corpori</strong></span> <span class='ocrx_word' id='word_1_531' title='bbox 1572 4292 1882 4357; x_wconf 85' lang='lat' dir='ltr'><strong>impertitur</strong></span> <span class='ocrx_word' id='word_1_532' title='bbox 1917 4310 1931 4346; x_wconf 91' lang='lat'><strong>:</strong></span> <span class='ocrx_word' id='word_1_533' title='bbox 1967 4293 2062 4347; x_wconf 89' lang='lat' dir='ltr'><strong>sed</strong></span> <span class='ocrx_word' id='word_1_534' title='bbox 2086 4293 2226 4347; x_wconf 89' lang='lat' dir='ltr'><strong>inter</strong></span> 
     </span>
    </p>
   </div>
   <div class='ocr_carea' id='block_1_72' title="bbox 649 4380 2225 4458">
    <p class='ocr_par' dir='ltr' id='par_1_72' title="bbox 649 4380 2225 4458">
     <span class='ocr_line' id='line_1_72' title="bbox 649 4380 2225 4458; baseline -0.006 -12"><span class='ocrx_word' id='word_1_535' title='bbox 649 4394 753 4447; x_wconf 82' lang='lat' dir='ltr'><strong>bos</strong></span> <span class='ocrx_word' id='word_1_536' title='bbox 777 4387 1130 4458; x_wconf 86' lang='lat' dir='ltr'><strong>corporisque</strong></span> <span class='ocrx_word' id='word_1_537' title='bbox 1165 4398 1358 4438; x_wconf 86' lang='lat' dir='ltr'><strong>nervos</strong></span> <span class='ocrx_word' id='word_1_538' title='bbox 1392 4383 1495 4435; x_wconf 88' lang='lat' dir='ltr'><strong>hoc</strong></span> <span class='ocrx_word' id='word_1_539' title='bbox 1536 4381 1782 4445; x_wconf 85' lang='lat' dir='ltr'><strong>interest,</strong></span> <span class='ocrx_word' id='word_1_540' title='bbox 1808 4380 1953 4451; x_wconf 89' lang='lat' dir='ltr'><strong>quod</strong></span> <span class='ocrx_word' id='word_1_541' title='bbox 1979 4380 2225 4450; x_wconf 91' lang='lat' dir='ltr'><strong>corporis</strong></span> 
     </span>
    </p>
   </div>
   <div class='ocr_carea' id='block_1_73' title="bbox 649 4473 2220 4545">
    <p class='ocr_par' dir='ltr' id='par_1_73' title="bbox 649 4473 2220 4545">
     <span class='ocr_line' id='line_1_73' title="bbox 649 4473 2220 4545; baseline -0.008 -5"><span class='ocrx_word' id='word_1_542' title='bbox 649 4486 800 4541; x_wconf 73' lang='lat' dir='ltr'><strong>nervi</strong></span> <span class='ocrx_word' id='word_1_543' title='bbox 862 4480 1042 4545; x_wconf 86' lang='lat' dir='ltr'><strong>solidi,</strong></span> <span class='ocrx_word' id='word_1_544' title='bbox 1098 4492 1197 4533; x_wconf 87' lang='lat' dir='ltr'><strong>nec</strong></span> <span class='ocrx_word' id='word_1_545' title='bbox 1256 4475 1374 4530; x_wconf 87' lang='lat' dir='ltr'><strong>cavi</strong></span> <span class='ocrx_word' id='word_1_546' title='bbox 1429 4482 1589 4539; x_wconf 86' lang='lat' dir='ltr'><strong>sunt;</strong></span> <span class='ocrx_word' id='word_1_547' title='bbox 1639 4474 1693 4527; x_wconf 90' lang='lat' dir='ltr'><strong>hi</strong></span> <span class='ocrx_word' id='word_1_548' title='bbox 1732 4489 1860 4527; x_wconf 87' lang='lat' dir='ltr'><strong>vero</strong></span> <span class='ocrx_word' id='word_1_549' title='bbox 1917 4473 2220 4538; x_wconf 82' lang='lat' dir='ltr'><strong>fistulares,</strong></span> 
     </span>
    </p>
   </div>
   <div class='ocr_carea' id='block_1_74' title="bbox 648 4565 2298 4651">
    <p class='ocr_par' dir='ltr' id='par_1_74' title="bbox 648 4565 2298 4651">
     <span class='ocr_line' id='line_1_74' title="bbox 648 4565 2298 4651; baseline -0.008 -18"><span class='ocrx_word' id='word_1_550' title='bbox 648 4575 1019 4644; x_wconf 88' lang='lat' dir='ltr'><strong>terebratique</strong></span> <span class='ocrx_word' id='word_1_551' title='bbox 1066 4579 1227 4632; x_wconf 72' lang='lat' dir='ltr'><strong>Sunt,</strong></span> <span class='ocrx_word' id='word_1_552' title='bbox 1261 4582 1371 4637; x_wconf 89' lang='lat' dir='ltr'><strong>quo</strong></span> <span class='ocrx_word' id='word_1_553' title='bbox 1420 4567 1657 4622; x_wconf 72' lang='lat' dir='ltr'><strong>visibilis</strong></span> <span class='ocrx_word' id='word_1_554' title='bbox 1702 4565 1929 4635; x_wconf 87' lang='lat' dir='ltr'><strong>spiritus</strong></span> <span class='ocrx_word' id='word_1_555' title='bbox 1969 4581 2063 4635; x_wconf 88' lang='lat' dir='ltr'><strong>per</strong></span> <span class='ocrx_word' id='word_1_556' title='bbox 2092 4566 2220 4631; x_wconf 86' lang='lat' dir='ltr'><strong>hos,</strong></span> <span class='ocrx_word' id='word_1_557' title='bbox 2257 4598 2298 4651; x_wconf 70' lang='grc' dir='ltr'><strong>ι)</strong></span> 
     </span>
    </p>
   </div>
   <div class='ocr_carea' id='block_1_75' title="bbox 646 4655 2219 4735">
    <p class='ocr_par' dir='ltr' id='par_1_75' title="bbox 646 4655 2219 4735">
     <span class='ocr_line' id='line_1_75' title="bbox 646 4655 2219 4735; baseline -0.007 -13"><span class='ocrx_word' id='word_1_558' title='bbox 646 4684 743 4722; x_wconf 80' lang='lat' dir='ltr'><strong>ceu</strong></span> <span class='ocrx_word' id='word_1_559' title='bbox 799 4681 894 4735; x_wconf 85' lang='lat' dir='ltr'><strong>per</strong></span> <span class='ocrx_word' id='word_1_560' title='bbox 950 4661 1304 4732; x_wconf 68' lang='lat' dir='ltr'><strong>aqumductus</strong></span> <span class='ocrx_word' id='word_1_561' title='bbox 1346 4656 1423 4712; x_wconf 83' lang='lat' dir='ltr'><strong>ad</strong></span> <span class='ocrx_word' id='word_1_562' title='bbox 1477 4656 1665 4711; x_wconf 89' lang='lat' dir='ltr'><strong>oculos</strong></span> <span class='ocrx_word' id='word_1_563' title='bbox 1727 4666 2057 4724; x_wconf 86' lang='lat' dir='ltr'><strong>penetraret.</strong></span> <span class='ocrx_word' id='word_1_564' title='bbox 2112 4655 2219 4711; x_wconf 90' lang='lat' dir='ltr'><strong>llos</strong></span> 
     </span>
    </p>
   </div>
   <div class='ocr_carea' id='block_1_76' title="bbox 647 4746 2217 4829">
    <p class='ocr_par' dir='ltr' id='par_1_76' title="bbox 647 4746 2217 4829">
     <span class='ocr_line' id='line_1_76' title="bbox 647 4746 2217 4829; baseline -0.006 -17"><span class='ocrx_word' id='word_1_565' title='bbox 647 4760 809 4829; x_wconf 84' lang='lat' dir='ltr'><strong>igitur</strong></span> <span class='ocrx_word' id='word_1_566' title='bbox 833 4769 1026 4810; x_wconf 82' lang='lat' dir='ltr'><strong>nervos</strong></span> <span class='ocrx_word' id='word_1_567' title='bbox 1060 4754 1115 4806; x_wconf 92' lang='lat' dir='ltr'><strong>in</strong></span> <span class='ocrx_word' id='word_1_568' title='bbox 1158 4750 1299 4805; x_wconf 84' lang='lat' dir='ltr'><strong>oculi</strong></span> <span class='ocrx_word' id='word_1_569' title='bbox 1329 4749 1597 4803; x_wconf 90' lang='lat' dir='ltr'><strong>thalamos</strong></span> <span class='ocrx_word' id='word_1_570' title='bbox 1624 4747 1827 4817; x_wconf 88' lang='lat' dir='ltr'><strong>ingredi</strong></span> <span class='ocrx_word' id='word_1_571' title='bbox 1868 4746 2217 4802; x_wconf 89' lang='lat' dir='ltr'><strong>manifestum</strong></span> 
     </span>
    </p>
   </div>
   <div class='ocr_carea' id='block_1_77' title="bbox 645 4839 2216 4908">
    <p class='ocr_par' dir='ltr' id='par_1_77' title="bbox 645 4839 2216 4908">
     <span class='ocr_line' id='line_1_77' title="bbox 645 4839 2216 4908; baseline -0.008 -4"><span class='ocrx_word' id='word_1_572' title='bbox 645 4850 893 4904; x_wconf 88' lang='lat' dir='ltr'><strong>habetur.</strong></span> <span class='ocrx_word' id='word_1_573' title='bbox 940 4844 1237 4899; x_wconf 80' lang='lat' dir='ltr'><strong>Thalamus</strong></span> <span class='ocrx_word' id='word_1_574' title='bbox 1293 4842 1440 4896; x_wconf 76' lang='lat' dir='ltr'><strong>enim</strong></span> <span class='ocrx_word' id='word_1_575' title='bbox 1486 4839 1630 4895; x_wconf 89' lang='lat' dir='ltr'><strong>oeuli</strong></span> <span class='ocrx_word' id='word_1_576' title='bbox 1680 4839 1977 4908; x_wconf 84' lang='lat' dir='ltr'><strong>penetrale,</strong></span> <span class='ocrx_word' id='word_1_577' title='bbox 2020 4840 2075 4893; x_wconf 93' lang='lat' dir='ltr'><strong>in</strong></span> <span class='ocrx_word' id='word_1_578' title='bbox 2106 4854 2216 4908; x_wconf 90' lang='lat' dir='ltr'><strong>quo</strong></span> 
     </span>
    </p>
   </div>
   <div class='ocr_carea' id='block_1_78' title="bbox 647 4929 2216 4999">
    <p class='ocr_par' dir='ltr' id='par_1_78' title="bbox 647 4929 2216 4999">
     <span class='ocr_line' id='line_1_78' title="bbox 647 4929 2216 4999; baseline -0.006 -6"><span class='ocrx_word' id='word_1_579' title='bbox 647 4940 843 4993; x_wconf 71' lang='lat' dir='ltr'><strong>tunica:</strong></span> <span class='ocrx_word' id='word_1_580' title='bbox 890 4942 1105 4997; x_wconf 88' lang='lat' dir='ltr'><strong>coeunt,</strong></span> <span class='ocrx_word' id='word_1_581' title='bbox 1166 4932 1461 4999; x_wconf 89' lang='lat' dir='ltr'><strong>lumenque</strong></span> <span class='ocrx_word' id='word_1_582' title='bbox 1524 4929 1797 4992; x_wconf 83' lang='lat' dir='ltr'><strong>consistit,</strong></span> <span class='ocrx_word' id='word_1_583' title='bbox 1849 4940 2216 4998; x_wconf 90' lang='lat' dir='ltr'><strong>nuncupatur.</strong></span> 
     </span>
    </p>
   </div>
   <div class='ocr_carea' id='block_1_79' title="bbox 647 5020 2217 5095">
    <p class='ocr_par' dir='ltr' id='par_1_79' title="bbox 647 5020 2217 5095">
     <span class='ocr_line' id='line_1_79' title="bbox 647 5020 2217 5095; baseline -0.008 -8"><span class='ocrx_word' id='word_1_584' title='bbox 647 5032 939 5087; x_wconf 84' lang='lat' dir='ltr'><strong>Thalamus</strong></span> <span class='ocrx_word' id='word_1_585' title='bbox 988 5023 1293 5095; x_wconf 85' lang='lat' dir='ltr'><strong>siquidem.</strong></span> <span class='ocrx_word' id='word_1_586' title='bbox 1348 5022 1505 5091; x_wconf 89' lang='lat' dir='ltr'><strong>quasi</strong></span> <span class='ocrx_word' id='word_1_587' title='bbox 1567 5020 1910 5089; x_wconf 78' lang='lat' dir='ltr'><strong>thalpamus,</strong></span> <span class='ocrx_word' id='word_1_588' title='bbox 1962 5020 2102 5074; x_wconf 92' lang='lat' dir='ltr'><strong>unde</strong></span> <span class='ocrx_word' id='word_1_589' title='bbox 2160 5028 2217 5075; x_wconf 90' lang='lat' dir='ltr'><strong>et</strong></span> 
     </span>
    </p>
   </div>
   <div class='ocr_carea' id='block_1_80' title="bbox 640 5108 2216 5190">
    <p class='ocr_par' dir='ltr' id='par_1_80' title="bbox 640 5108 2216 5190">
     <span class='ocr_line' id='line_1_80' title="bbox 640 5108 2216 5190; baseline -0.006 -15"><span class='ocrx_word' id='word_1_590' title='bbox 640 5125 866 5190; x_wconf 84' lang='lat' dir='ltr'><strong>juvenes</strong></span> <span class='ocrx_word' id='word_1_591' title='bbox 912 5120 966 5173; x_wconf 90' lang='lat' dir='ltr'><strong>in</strong></span> <span class='ocrx_word' id='word_1_592' title='bbox 1008 5113 1263 5171; x_wconf 86' lang='lat' dir='ltr'><strong>thalamis</strong></span> <span class='ocrx_word' id='word_1_593' title='bbox 1292 5113 1525 5180; x_wconf 82' lang='lat' dir='ltr'><strong>degunt;</strong></span> <span class='ocrx_word' id='word_1_594' title='bbox 1557 5110 1711 5164; x_wconf 83' lang='lat' dir='ltr'><strong>decet</strong></span> <span class='ocrx_word' id='word_1_595' title='bbox 1756 5110 1897 5163; x_wconf 88' lang='lat' dir='ltr'><strong>enim</strong></span> <span class='ocrx_word' id='word_1_596' title='bbox 1944 5108 2216 5166; x_wconf 73' lang='lat' dir='ltr'><strong>ﬂorentes</strong></span> 
     </span>
    </p>
   </div>
   <div class='ocr_carea' id='block_1_81' title="bbox 644 5200 2216 5283">
    <p class='ocr_par' dir='ltr' id='par_1_81' title="bbox 644 5200 2216 5283">
     <span class='ocr_line' id='line_1_81' title="bbox 644 5200 2216 5283; baseline -0.008 -15"><span class='ocrx_word' id='word_1_597' title='bbox 644 5226 892 5283; x_wconf 88' lang='lat' dir='ltr'><strong>corpore,</strong></span> <span class='ocrx_word' id='word_1_598' title='bbox 930 5225 1037 5263; x_wconf 91' lang='lat' dir='ltr'><strong>non</strong></span> <span class='ocrx_word' id='word_1_599' title='bbox 1067 5207 1157 5275; x_wconf 91' lang='lat' dir='ltr'><strong>qui</strong></span> <span class='ocrx_word' id='word_1_600' title='bbox 1185 5203 1437 5259; x_wconf 74' lang='lat' dir='ltr'><strong>exstincti</strong></span> <span class='ocrx_word' id='word_1_601' title='bbox 1470 5200 1669 5256; x_wconf 87' lang='lat' dir='ltr'><strong>caloris</strong></span> <span class='ocrx_word' id='word_1_602' title='bbox 1703 5211 1831 5253; x_wconf 80' lang='lat' dir='ltr'><strong>sunt</strong></span> <span class='ocrx_word' id='word_1_603' title='bbox 1863 5201 1915 5254; x_wconf 91' lang='lat' dir='ltr'><strong>in</strong></span> <span class='ocrx_word' id='word_1_604' title='bbox 1961 5201 2216 5257; x_wconf 88' lang='lat' dir='ltr'><strong>thalamis</strong></span> 
     </span>
    </p>
   </div>
   <div class='ocr_carea' id='block_1_82' title="bbox 645 5293 2218 5366">
    <p class='ocr_par' dir='ltr' id='par_1_82' title="bbox 645 5293 2218 5366">
     <span class='ocr_line' id='line_1_82' title="bbox 645 5293 2218 5366; baseline -0.001 -18"><span class='ocrx_word' id='word_1_605' title='bbox 645 5306 825 5366; x_wconf 61' lang='lat' dir='ltr'><strong>coire,</strong></span> <span class='ocrx_word' id='word_1_606' title='bbox 869 5311 927 5356; x_wconf 84' lang='lat' dir='ltr'><strong>ut</strong></span> <span class='ocrx_word' id='word_1_607' title='bbox 980 5298 1295 5354; x_wconf 80' lang='lat' dir='ltr'><strong>Hesiodus:</strong></span> <span class='ocrx_word' id='word_1_608' title='bbox 1342 5293 1444 5349; x_wconf 79' lang='lat' dir='ltr'><strong>Sed</strong></span> <span class='ocrx_word' id='word_1_609' title='bbox 1491 5293 1804 5360; x_wconf 79' lang='lat' dir='ltr'><strong>tempestivis</strong></span> <span class='ocrx_word' id='word_1_610' title='bbox 1855 5293 2103 5347; x_wconf 82' lang='lat' dir='ltr'><strong>thalamis</strong></span> <span class='ocrx_word' id='word_1_611' title='bbox 2152 5296 2218 5347; x_wconf 84' lang='lat' dir='ltr'><strong>sit</strong></span> 
     </span>
    </p>
   </div>
   <div class='ocr_carea' id='block_1_83' title="bbox 710 5460 2171 5569">
    <p class='ocr_par' dir='ltr' id='par_1_83' title="bbox 710 5460 2171 5569">
     <span class='ocr_line' id='line_1_83' title="bbox 710 5460 2171 5569; baseline -0.005 -18"><span class='ocrx_word' id='word_1_612' title='bbox 710 5503 755 5533; x_wconf 81' lang='grc' dir='ltr'><strong>⁷ο</strong></span> <span class='ocrx_word' id='word_1_613' title='bbox 804 5497 1161 5569; x_wconf 77' lang='grc' dir='ltr'>κεκρωμένας</span> <span class='ocrx_word' id='word_1_614' title='bbox 1190 5493 1247 5549; x_wconf 83' lang='grc' dir='ltr'>Ρ.</span> <span class='ocrx_word' id='word_1_615' title='bbox 1317 5495 1364 5569; x_wconf 40' lang='grc'><strong>·⁷¹</strong></span> <span class='ocrx_word' id='word_1_616' title='bbox 1412 5494 1439 5545; x_wconf 82' lang='grc' dir='ltr'><strong>ὀ</strong></span> <span class='ocrx_word' id='word_1_617' title='bbox 1496 5493 1672 5569; x_wconf 30' lang='grc' dir='ltr'><strong>[ξηιλ-[ἶ</strong></span> <span class='ocrx_word' id='word_1_618' title='bbox 1726 5492 1781 5543; x_wconf 79' lang='lat' dir='ltr'><strong>l’.</strong></span> <span class='ocrx_word' id='word_1_619' title='bbox 1860 5494 1919 5569; x_wconf 37' lang='grc' dir='ltr'><strong>τί.</strong></span> <span class='ocrx_word' id='word_1_620' title='bbox 1968 5492 2073 5557; x_wconf 74' lang='grc' dir='ltr'><strong>ἔξω</strong></span> 
     </span>
    </p>
   </div>
   <div class='ocr_carea' id='block_1_84' title="bbox 2248 5486 3718 5561">
    <p class='ocr_par' dir='ltr' id='par_1_84' title="bbox 2248 5486 3718 5561">
     <span class='ocr_line' id='line_1_84' title="bbox 2248 5486 3718 5561; baseline -0.003 -17"><span class='ocrx_word' id='word_1_621' title='bbox 2248 5492 2291 5561; x_wconf 77' lang='grc'><strong>⁷³</strong></span> <span class='ocrx_word' id='word_1_622' title='bbox 2322 5494 2404 5561; x_wconf 83' lang='grc' dir='ltr'><strong>ὀρ.</strong></span> <span class='ocrx_word' id='word_1_623' title='bbox 2439 5492 2496 5543; x_wconf 79' lang='grc' dir='ltr'>ἐν</span> <span class='ocrx_word' id='word_1_624' title='bbox 2538 5508 2607 5561; x_wconf 49' lang='grc' dir='ltr'><strong>κἒ</strong></span> <span class='ocrx_word' id='word_1_625' title='bbox 2648 5490 2806 5559; x_wconf 78' lang='grc' dir='ltr'>στῆν.</span> <span class='ocrx_word' id='word_1_626' title='bbox 2843 5492 2916 5559; x_wconf 81' lang='grc' dir='ltr'><strong>μὴ</strong></span> <span class='ocrx_word' id='word_1_627' title='bbox 2960 5492 3075 5544; x_wconf 88' lang='grc' dir='ltr'>δυν.</span> <span class='ocrx_word' id='word_1_628' title='bbox 3182 5488 3271 5561; x_wconf 21' lang='grc' dir='ltr'><strong>Ρ.-</strong></span> <span class='ocrx_word' id='word_1_629' title='bbox 3387 5488 3454 5541; x_wconf 77' lang='grc' dir='ltr'><strong>τὰ</strong></span> <span class='ocrx_word' id='word_1_630' title='bbox 3508 5489 3626 5561; x_wconf 33' lang='grc' dir='ltr'>οῦ-σ.</span> <span class='ocrx_word' id='word_1_631' title='bbox 3660 5486 3718 5561; x_wconf 84' lang='grc' dir='ltr'><strong>Β.</strong></span> 
     </span>
    </p>
   </div>
   <div class='ocr_carea' id='block_1_85' title="bbox 2341 3357 3924 3428">
    <p class='ocr_par' dir='ltr' id='par_1_85' title="bbox 2341 3357 3924 3428">
     <span class='ocr_line' id='line_1_85' title="bbox 2341 3357 3924 3428; baseline 0.003 -21"><span class='ocrx_word' id='word_1_632' title='bbox 2341 3357 3216 3428; x_wconf 81' lang='grc' dir='ltr'>πολλοῖςόνόμασι-ὀνομάζεται,</span> <span class='ocrx_word' id='word_1_633' title='bbox 3258 3359 3355 3412; x_wconf 77' lang='grc' dir='ltr'><strong>καὶ</strong></span> <span class='ocrx_word' id='word_1_634' title='bbox 3382 3362 3445 3411; x_wconf 82' lang='grc' dir='ltr'>ἐκ</span> <span class='ocrx_word' id='word_1_635' title='bbox 3496 3358 3757 3410; x_wconf 85' lang='grc' dir='ltr'>πλειόνων</span> <span class='ocrx_word' id='word_1_636' title='bbox 3789 3358 3924 3425; x_wconf 76' lang='grc' dir='ltr'><strong>σύγ-</strong></span> 
     </span>
    </p>
   </div>
   <div class='ocr_carea' id='block_1_86' title="bbox 2340 3449 3917 3522">
    <p class='ocr_par' dir='ltr' id='par_1_86' title="bbox 2340 3449 3917 3522">
     <span class='ocr_line' id='line_1_86' title="bbox 2340 3449 3917 3522; baseline 0.001 -20"><span class='ocrx_word' id='word_1_637' title='bbox 2340 3467 2519 3502; x_wconf 80' lang='grc' dir='ltr'>κειται</span> <span class='ocrx_word' id='word_1_638' title='bbox 2547 3450 2753 3521; x_wconf 85' lang='grc' dir='ltr'>μορίων</span> <span class='ocrx_word' id='word_1_639' title='bbox 2776 3465 2791 3479; x_wconf 74' lang='grc'><strong><em>⁸</em></strong></span> <span class='ocrx_word' id='word_1_640' title='bbox 2823 3450 2885 3502; x_wconf 78' lang='grc' dir='ltr'>τὸ</span> <span class='ocrx_word' id='word_1_641' title='bbox 2920 3450 3018 3521; x_wconf 73' lang='grc' dir='ltr'>μὲν</span> <span class='ocrx_word' id='word_1_642' title='bbox 3053 3452 3096 3482; x_wconf 86' lang='grc'><strong>⁷⁹</strong></span> <span class='ocrx_word' id='word_1_643' title='bbox 3118 3451 3324 3522; x_wconf 82' lang='grc' dir='ltr'><strong>ὑγρῶν,</strong></span> <span class='ocrx_word' id='word_1_644' title='bbox 3347 3450 3410 3504; x_wconf 77' lang='grc' dir='ltr'>τὸ</span> <span class='ocrx_word' id='word_1_645' title='bbox 3428 3451 3483 3505; x_wconf 84' lang='grc' dir='ltr'>δὲ</span> <span class='ocrx_word' id='word_1_646' title='bbox 3507 3451 3553 3484; x_wconf 77' lang='grc'><strong><em>⁸⁸</em></strong></span> <span class='ocrx_word' id='word_1_647' title='bbox 3581 3449 3829 3521; x_wconf 84' lang='grc' dir='ltr'>χιτώνων</span> <span class='ocrx_word' id='word_1_648' title='bbox 3850 3449 3917 3503; x_wconf 72' lang='grc'><strong>⁸³.</strong></span> 
     </span>
    </p>
   </div>
   <div class='ocr_carea' id='block_1_87' title="bbox 2339 3540 3922 3613">
    <p class='ocr_par' dir='ltr' id='par_1_87' title="bbox 2339 3540 3922 3613">
     <span class='ocr_line' id='line_1_87' title="bbox 2339 3540 3922 3613; baseline -0.002 -17"><span class='ocrx_word' id='word_1_649' title='bbox 2339 3541 2451 3596; x_wconf 78' lang='grc' dir='ltr'><strong>Καὶ</strong></span> <span class='ocrx_word' id='word_1_650' title='bbox 2485 3542 2571 3595; x_wconf 81' lang='grc' dir='ltr'>ἵνα</span> <span class='ocrx_word' id='word_1_651' title='bbox 2623 3542 2829 3595; x_wconf 81' lang='grc' dir='ltr'>τούτων</span> <span class='ocrx_word' id='word_1_652' title='bbox 2871 3542 3119 3612; x_wconf 78' lang='grc' dir='ltr'>εἴπωμεν</span> <span class='ocrx_word' id='word_1_653' title='bbox 3164 3542 3234 3596; x_wconf 90' lang='grc' dir='ltr'><strong>τά</strong></span> <span class='ocrx_word' id='word_1_654' title='bbox 3274 3559 3335 3596; x_wconf 88' lang='grc' dir='ltr'><strong>τε</strong></span> <span class='ocrx_word' id='word_1_655' title='bbox 3370 3543 3642 3613; x_wconf 83' lang='grc' dir='ltr'>ὀνόματα,</span> <span class='ocrx_word' id='word_1_656' title='bbox 3695 3542 3789 3595; x_wconf 76' lang='grc' dir='ltr'>καὶ</span> <span class='ocrx_word' id='word_1_657' title='bbox 3826 3540 3922 3594; x_wconf 71' lang='grc' dir='ltr'>τὸν</span> 
     </span>
    </p>
   </div>
   <div class='ocr_carea' id='block_1_88' title="bbox 2336 3631 3919 3705">
    <p class='ocr_par' dir='ltr' id='par_1_88' title="bbox 2336 3631 3919 3705">
     <span class='ocr_line' id='line_1_88' title="bbox 2336 3631 3919 3705; baseline 0.001 -21"><span class='ocrx_word' id='word_1_658' title='bbox 2336 3632 2595 3702; x_wconf 86' lang='grc' dir='ltr'>ἀριθμὸν,</span> <span class='ocrx_word' id='word_1_659' title='bbox 2637 3634 2734 3685; x_wconf 74' lang='grc' dir='ltr'>καὶ</span> <span class='ocrx_word' id='word_1_660' title='bbox 2780 3632 2880 3695; x_wconf 81' lang='grc' dir='ltr'>τὰς</span> <span class='ocrx_word' id='word_1_661' title='bbox 2912 3632 3179 3702; x_wconf 79' lang='grc' dir='ltr'>ἐκφύσεις</span> <span class='ocrx_word' id='word_1_662' title='bbox 3202 3634 3271 3699; x_wconf 73' lang='grc' dir='ltr'><strong>υ,</strong></span> <span class='ocrx_word' id='word_1_663' title='bbox 3312 3634 3539 3697; x_wconf 75' lang='grc' dir='ltr'>καὶτὰς</span> <span class='ocrx_word' id='word_1_664' title='bbox 3574 3631 3785 3705; x_wconf 81' lang='grc' dir='ltr'>χρείας,</span> <span class='ocrx_word' id='word_1_665' title='bbox 3821 3632 3919 3685; x_wconf 77' lang='grc' dir='ltr'>καὶ</span> 
     </span>
    </p>
   </div>
   <div class='ocr_carea' id='block_1_89' title="bbox 2333 3723 3384 3795">
    <p class='ocr_par' dir='ltr' id='par_1_89' title="bbox 2333 3723 3384 3795">
     <span class='ocr_line' id='line_1_89' title="bbox 2333 3723 3384 3795; baseline 0.004 -20"><span class='ocrx_word' id='word_1_666' title='bbox 2333 3723 2436 3787; x_wconf 75' lang='grc' dir='ltr'><strong>τὰς</strong></span> <span class='ocrx_word' id='word_1_667' title='bbox 2456 3724 2765 3795; x_wconf 71' lang='grc' dir='ltr'>ἐνεργείας.</span> <span class='ocrx_word' id='word_1_668' title='bbox 2788 3723 3040 3777; x_wconf 74' lang='grc' dir='ltr'>ἐντεῦθεν</span> <span class='ocrx_word' id='word_1_669' title='bbox 3065 3723 3384 3795; x_wconf 79' lang='grc' dir='ltr'>ἀρξώμεθα.</span> 
     </span>
    </p>
   </div>
   <div class='ocr_carea' id='block_1_90' title="bbox 2404 3915 3914 3989">
    <p class='ocr_par' dir='ltr' id='par_1_90' title="bbox 2404 3915 3914 3989">
     <span class='ocr_line' id='line_1_90' title="bbox 2404 3915 3914 3989; baseline 0.001 -18"><span class='ocrx_word' id='word_1_670' title='bbox 2404 3920 2496 3971; x_wconf 77' lang='grc' dir='ltr'>Δεῖ</span> <span class='ocrx_word' id='word_1_671' title='bbox 2526 3917 2727 3971; x_wconf 77' lang='grc' dir='ltr'>εἰδέναι</span> <span class='ocrx_word' id='word_1_672' title='bbox 2774 3919 2856 3971; x_wconf 82' lang='grc' dir='ltr'>ὅτι</span> <span class='ocrx_word' id='word_1_673' title='bbox 2901 3918 3009 3971; x_wconf 82' lang='grc' dir='ltr'><strong>ἀπὸ</strong></span> <span class='ocrx_word' id='word_1_674' title='bbox 3047 3915 3143 3971; x_wconf 88' lang='grc' dir='ltr'><strong>τοῦ</strong></span> <span class='ocrx_word' id='word_1_675' title='bbox 3197 3916 3505 3987; x_wconf 77' lang='grc' dir='ltr'>ἐγκεφάλου</span> <span class='ocrx_word' id='word_1_676' title='bbox 3540 3917 3835 3989; x_wconf 72' lang='grc' dir='ltr'>ἐκφέρεται</span> <span class='ocrx_word' id='word_1_677' title='bbox 3864 3920 3914 3951; x_wconf 82' lang='grc'><strong><em>⁸³</em></strong></span> 
     </span>
    </p>
   </div>
   <div class='ocr_carea' id='block_1_91' title="bbox 2332 4009 3913 4083">
    <p class='ocr_par' dir='ltr' id='par_1_91' title="bbox 2332 4009 3913 4083">
     <span class='ocr_line' id='line_1_91' title="bbox 2332 4009 3913 4083; baseline -0.001 -18"><span class='ocrx_word' id='word_1_678' title='bbox 2332 4011 2427 4065; x_wconf 78' lang='grc' dir='ltr'>δύο</span> <span class='ocrx_word' id='word_1_679' title='bbox 2451 4011 2618 4082; x_wconf 80' lang='grc' dir='ltr'>νεῦρα</span> <span class='ocrx_word' id='word_1_680' title='bbox 2646 4011 2716 4064; x_wconf 81' lang='grc' dir='ltr'>τὰ</span> <span class='ocrx_word' id='word_1_681' title='bbox 2737 4009 2954 4064; x_wconf 82' lang='grc' dir='ltr'>ὀπτικὰ</span> <span class='ocrx_word' id='word_1_682' title='bbox 2976 4011 3497 4082; x_wconf 85' lang='grc' dir='ltr'>προσαγορευόμενα</span> <span class='ocrx_word' id='word_1_683' title='bbox 3519 4027 3534 4042; x_wconf 79' lang='grc' dir='ltr'><strong>ο</strong></span> <span class='ocrx_word' id='word_1_684' title='bbox 3565 4010 3785 4083; x_wconf 84' lang='grc' dir='ltr'>πρῶτον</span> <span class='ocrx_word' id='word_1_685' title='bbox 3813 4012 3913 4082; x_wconf 76' lang='grc' dir='ltr'>μὲν</span> 
     </span>
    </p>
   </div>
   <div class='ocr_carea' id='block_1_92' title="bbox 2332 4102 3909 4175">
    <p class='ocr_par' dir='ltr' id='par_1_92' title="bbox 2332 4102 3909 4175">
     <span class='ocr_line' id='line_1_92' title="bbox 2332 4102 3909 4175; baseline 0.001 -21"><span class='ocrx_word' id='word_1_686' title='bbox 2332 4103 2441 4173; x_wconf 79' lang='grc' dir='ltr'><strong>γὰρ</strong></span> <span class='ocrx_word' id='word_1_687' title='bbox 2467 4103 2641 4173; x_wconf 79' lang='grc' dir='ltr'>ταύτῃ</span> <span class='ocrx_word' id='word_1_688' title='bbox 2672 4104 2737 4173; x_wconf 80' lang='grc' dir='ltr'><strong>τῇ</strong></span> <span class='ocrx_word' id='word_1_689' title='bbox 2768 4102 3020 4173; x_wconf 81' lang='grc' dir='ltr'>αἰσθήσει</span> <span class='ocrx_word' id='word_1_690' title='bbox 3049 4103 3259 4173; x_wconf 80' lang='grc' dir='ltr'>πέμπει</span> <span class='ocrx_word' id='word_1_691' title='bbox 3294 4105 3323 4156; x_wconf 92' lang='grc' dir='ltr'><strong>ὀ</strong></span> <span class='ocrx_word' id='word_1_692' title='bbox 3353 4102 3660 4172; x_wconf 76' lang='grc' dir='ltr'>ἐγκέφαλος</span> <span class='ocrx_word' id='word_1_693' title='bbox 3696 4103 3865 4175; x_wconf 79' lang='grc' dir='ltr'>νεῦρα</span> <span class='ocrx_word' id='word_1_694' title='bbox 3893 4118 3909 4134; x_wconf 76' lang='grc' dir='ltr'><strong>ο</strong></span> 
     </span>
    </p>
   </div>
   <div class='ocr_carea' id='block_1_93' title="bbox 2332 4193 3910 4267">
    <p class='ocr_par' dir='ltr' id='par_1_93' title="bbox 2332 4193 3910 4267">
     <span class='ocr_line' id='line_1_93' title="bbox 2332 4193 3910 4267; baseline 0.001 -20"><span class='ocrx_word' id='word_1_695' title='bbox 2332 4196 2524 4248; x_wconf 76' lang='grc' dir='ltr'>ἔπειτα</span> <span class='ocrx_word' id='word_1_696' title='bbox 2557 4194 2615 4247; x_wconf 78' lang='grc' dir='ltr'>δὲ</span> <span class='ocrx_word' id='word_1_697' title='bbox 2644 4193 2853 4264; x_wconf 51' lang='grc' dir='ltr'>καντῷ</span> <span class='ocrx_word' id='word_1_698' title='bbox 2882 4194 3048 4248; x_wconf 76' lang='grc' dir='ltr'>παντὶ</span> <span class='ocrx_word' id='word_1_699' title='bbox 3083 4196 3319 4265; x_wconf 86' lang='grc' dir='ltr'>σώματι.</span> <span class='ocrx_word' id='word_1_700' title='bbox 3362 4194 3621 4267; x_wconf 77' lang='grc' dir='ltr'>Διαφέρει</span> <span class='ocrx_word' id='word_1_701' title='bbox 3657 4195 3713 4248; x_wconf 81' lang='grc' dir='ltr'>δὲ</span> <span class='ocrx_word' id='word_1_702' title='bbox 3735 4197 3910 4249; x_wconf 84' lang='grc' dir='ltr'>ταῦτα</span> 
     </span>
    </p>
   </div>
   <div class='ocr_carea' id='block_1_94' title="bbox 2329 4284 3910 4357">
    <p class='ocr_par' dir='ltr' id='par_1_94' title="bbox 2329 4284 3910 4357">
     <span class='ocr_line' id='line_1_94' title="bbox 2329 4284 3910 4357; baseline -0.001 -18"><span class='ocrx_word' id='word_1_703' title='bbox 2329 4286 2439 4339; x_wconf 85' lang='grc' dir='ltr'>τῶν</span> <span class='ocrx_word' id='word_1_704' title='bbox 2469 4285 2646 4340; x_wconf 79' lang='grc' dir='ltr'>ἄλλων</span> <span class='ocrx_word' id='word_1_705' title='bbox 2673 4284 2886 4357; x_wconf 84' lang='grc' dir='ltr'>νεύρων</span> <span class='ocrx_word' id='word_1_706' title='bbox 2906 4303 2921 4317; x_wconf 78' lang='grc' dir='ltr'><strong><em>ο</em></strong></span> <span class='ocrx_word' id='word_1_707' title='bbox 2945 4286 3029 4339; x_wconf 84' lang='grc' dir='ltr'>ὅτι</span> <span class='ocrx_word' id='word_1_708' title='bbox 3052 4284 3119 4339; x_wconf 82' lang='grc' dir='ltr'><strong>τὰ</strong></span> <span class='ocrx_word' id='word_1_709' title='bbox 3149 4286 3246 4356; x_wconf 79' lang='grc' dir='ltr'>μὲν</span> <span class='ocrx_word' id='word_1_710' title='bbox 3268 4286 3325 4339; x_wconf 73' lang='grc' dir='ltr'><strong>έν</strong></span> <span class='ocrx_word' id='word_1_711' title='bbox 3346 4285 3425 4356; x_wconf 82' lang='grc' dir='ltr'>τῷ</span> <span class='ocrx_word' id='word_1_712' title='bbox 3446 4287 3608 4339; x_wconf 81' lang='grc' dir='ltr'>παντὶ</span> <span class='ocrx_word' id='word_1_713' title='bbox 3629 4284 3841 4355; x_wconf 86' lang='grc' dir='ltr'>σώματι</span> <span class='ocrx_word' id='word_1_714' title='bbox 3860 4286 3910 4317; x_wconf 65' lang='grc'><strong>⁸⁸</strong></span> 
     </span>
    </p>
   </div>
   <div class='ocr_carea' id='block_1_95' title="bbox 2330 4375 3908 4447">
    <p class='ocr_par' dir='ltr' id='par_1_95' title="bbox 2330 4375 3908 4447">
     <span class='ocr_line' id='line_1_95' title="bbox 2330 4375 3908 4447; baseline -0.001 -16"><span class='ocrx_word' id='word_1_715' title='bbox 2330 4381 2502 4432; x_wconf 87' lang='grc' dir='ltr'>ναστά</span> <span class='ocrx_word' id='word_1_716' title='bbox 2559 4379 2621 4431; x_wconf 83' lang='grc' dir='ltr'><em>τέ</em></span> <span class='ocrx_word' id='word_1_717' title='bbox 2674 4380 2789 4431; x_wconf 67' lang='grc' dir='ltr'>ἔστι</span> <span class='ocrx_word' id='word_1_718' title='bbox 2844 4377 2938 4430; x_wconf 75' lang='grc' dir='ltr'>καὶ</span> <span class='ocrx_word' id='word_1_719' title='bbox 2989 4376 3246 4431; x_wconf 84' lang='grc' dir='ltr'>άκοίλια·</span> <span class='ocrx_word' id='word_1_720' title='bbox 3276 4375 3427 4429; x_wconf 79' lang='grc' dir='ltr'>τὰδὲ</span> <span class='ocrx_word' id='word_1_721' title='bbox 3456 4375 3567 4429; x_wconf 85' lang='grc' dir='ltr'><strong>τῶν</strong></span> <span class='ocrx_word' id='word_1_722' title='bbox 3610 4376 3908 4447; x_wconf 80' lang='grc' dir='ltr'>ὀφθαλμῶν</span> 
     </span>
    </p>
   </div>
   <div class='ocr_carea' id='block_1_96' title="bbox 2328 4449 3908 4539">
    <p class='ocr_par' dir='ltr' id='par_1_96' title="bbox 2328 4449 3908 4539">
     <span class='ocr_line' id='line_1_96' title="bbox 2328 4449 3908 4539; baseline -0.002 -15"><span class='ocrx_word' id='word_1_723' title='bbox 2328 4449 2579 4539; x_wconf 44' lang='grc' dir='ltr'>αὐλοειιδῆ</span> <span class='ocrx_word' id='word_1_724' title='bbox 2610 4469 2706 4523; x_wconf 73' lang='grc' dir='ltr'><strong>καὶ</strong></span> <span class='ocrx_word' id='word_1_725' title='bbox 2754 4466 3071 4539; x_wconf 82' lang='grc' dir='ltr'>τετρημένα</span> <span class='ocrx_word' id='word_1_726' title='bbox 3102 4467 3168 4535; x_wconf 81' lang='grc'><strong>⁸⁸,</strong></span> <span class='ocrx_word' id='word_1_727' title='bbox 3220 4468 3307 4521; x_wconf 81' lang='grc' dir='ltr'>ἵνα</span> <span class='ocrx_word' id='word_1_728' title='bbox 3365 4468 3623 4539; x_wconf 81' lang='grc' dir='ltr'>σωλήνων</span> <span class='ocrx_word' id='word_1_729' title='bbox 3656 4467 3814 4538; x_wconf 85' lang='grc' dir='ltr'>δίκην</span> <span class='ocrx_word' id='word_1_730' title='bbox 3845 4470 3908 4521; x_wconf 81' lang='grc' dir='ltr'>τὸ</span> 
     </span>
    </p>
   </div>
   <div class='ocr_carea' id='block_1_97' title="bbox 2330 4557 3903 4629">
    <p class='ocr_par' dir='ltr' id='par_1_97' title="bbox 2330 4557 3903 4629">
     <span class='ocr_line' id='line_1_97' title="bbox 2330 4557 3903 4629; baseline 0.001 -17"><span class='ocrx_word' id='word_1_731' title='bbox 2330 4560 2552 4615; x_wconf 79' lang='grc' dir='ltr'>ὀπτικδν</span> <span class='ocrx_word' id='word_1_732' title='bbox 2596 4558 3011 4629; x_wconf 80' lang='grc' dir='ltr'>πνεῦμα,παρόι</span> <span class='ocrx_word' id='word_1_733' title='bbox 3041 4559 3134 4613; x_wconf 81' lang='grc' dir='ltr'>τὸν</span> <span class='ocrx_word' id='word_1_734' title='bbox 3163 4558 3533 4629; x_wconf 61' lang='grc' dir='ltr'>ὀφθαλμδνἮ</span> <span class='ocrx_word' id='word_1_735' title='bbox 3586 4557 3903 4627; x_wconf 82' lang='grc' dir='ltr'>ὀχετεύωσι.</span> 
     </span>
    </p>
   </div>
   <div class='ocr_carea' id='block_1_98' title="bbox 2328 4649 3897 4720">
    <p class='ocr_par' dir='ltr' id='par_1_98' title="bbox 2328 4649 3897 4720">
     <span class='ocr_line' id='line_1_98' title="bbox 2328 4649 3897 4720; baseline -0.001 -15"><span class='ocrx_word' id='word_1_736' title='bbox 2328 4652 2511 4707; x_wconf 85' lang='grc' dir='ltr'>Ταῦτα</span> <span class='ocrx_word' id='word_1_737' title='bbox 2545 4653 2729 4705; x_wconf 88' lang='grc' dir='ltr'>τοίνυν</span> <span class='ocrx_word' id='word_1_738' title='bbox 2760 4651 3126 4720; x_wconf 72' lang='grc' dir='ltr'>ἐμϐάλλονται</span> <span class='ocrx_word' id='word_1_739' title='bbox 3158 4651 3241 4713; x_wconf 87' lang='grc' dir='ltr'><strong>είς</strong></span> <span class='ocrx_word' id='word_1_740' title='bbox 3270 4650 3369 4713; x_wconf 86' lang='grc' dir='ltr'>τὰς</span> <span class='ocrx_word' id='word_1_741' title='bbox 3400 4649 3701 4720; x_wconf 83' lang='grc' dir='ltr'>λεγομένας</span> <span class='ocrx_word' id='word_1_742' title='bbox 3729 4649 3897 4703; x_wconf 82' lang='grc' dir='ltr'>θαλά-</span> 
     </span>
    </p>
   </div>
   <div class='ocr_carea' id='block_1_99' title="bbox 2328 4737 3903 4811">
    <p class='ocr_par' dir='ltr' id='par_1_99' title="bbox 2328 4737 3903 4811">
     <span class='ocr_line' id='line_1_99' title="bbox 2328 4737 3903 4811; baseline -0.002 -18"><span class='ocrx_word' id='word_1_743' title='bbox 2328 4758 2459 4811; x_wconf 86' lang='grc' dir='ltr'>μους</span> <span class='ocrx_word' id='word_1_744' title='bbox 2480 4741 2522 4772; x_wconf 82' lang='grc'><strong>⁸⁷</strong></span> <span class='ocrx_word' id='word_1_745' title='bbox 2558 4740 2670 4792; x_wconf 87' lang='grc' dir='ltr'><strong>τῶν</strong></span> <span class='ocrx_word' id='word_1_746' title='bbox 2705 4739 3023 4810; x_wconf 85' lang='grc' dir='ltr'>ὀφθαλμῶν.</span> <span class='ocrx_word' id='word_1_747' title='bbox 3064 4739 3323 4808; x_wconf 87' lang='grc' dir='ltr'>Θάλαμος</span> <span class='ocrx_word' id='word_1_748' title='bbox 3360 4738 3418 4792; x_wconf 83' lang='grc' dir='ltr'>δὲ</span> <span class='ocrx_word' id='word_1_749' title='bbox 3452 4737 3671 4806; x_wconf 78' lang='grc' dir='ltr'>λέγεται</span> <span class='ocrx_word' id='word_1_750' title='bbox 3698 4738 3759 4791; x_wconf 79' lang='grc' dir='ltr'>τὸ</span> <span class='ocrx_word' id='word_1_751' title='bbox 3796 4738 3903 4790; x_wconf 73' lang='grc' dir='ltr'>ἔσω</span> 
     </span>
    </p>
   </div>
   <div class='ocr_carea' id='block_1_100' title="bbox 2323 4823 3902 4902">
    <p class='ocr_par' dir='ltr' id='par_1_100' title="bbox 2323 4823 3902 4902">
     <span class='ocr_line' id='line_1_100' title="bbox 2323 4823 3902 4902; baseline -0.001 -17"><span class='ocrx_word' id='word_1_752' title='bbox 2323 4831 2415 4886; x_wconf 79' lang='grc' dir='ltr'><strong>τοῦ</strong></span> <span class='ocrx_word' id='word_1_753' title='bbox 2444 4829 2753 4902; x_wconf 81' lang='grc' dir='ltr'>ὀφθαλμοῦ,</span> <span class='ocrx_word' id='word_1_754' title='bbox 2779 4830 2837 4883; x_wconf 81' lang='grc' dir='ltr'>ὲν</span> <span class='ocrx_word' id='word_1_755' title='bbox 2855 4823 2899 4898; x_wconf 82' lang='grc' dir='ltr'>ᾧ</span> <span class='ocrx_word' id='word_1_756' title='bbox 2925 4832 2974 4883; x_wconf 79' lang='lat' dir='ltr'><strong>oi</strong></span> <span class='ocrx_word' id='word_1_757' title='bbox 3006 4829 3236 4901; x_wconf 86' lang='grc' dir='ltr'>χιτῶνες</span> <span class='ocrx_word' id='word_1_758' title='bbox 3263 4829 3536 4893; x_wconf 83' lang='grc' dir='ltr'>ὲνοῦνται,</span> <span class='ocrx_word' id='word_1_759' title='bbox 3566 4829 3660 4884; x_wconf 79' lang='grc' dir='ltr'>καὶ</span> <span class='ocrx_word' id='word_1_760' title='bbox 3688 4830 3819 4883; x_wconf 83' lang='grc' dir='ltr'>αὐτὸ</span> <span class='ocrx_word' id='word_1_761' title='bbox 3837 4830 3902 4883; x_wconf 77' lang='grc' dir='ltr'>τὸ</span> 
     </span>
    </p>
   </div>
   <div class='ocr_carea' id='block_1_101' title="bbox 2326 4920 3899 4994">
    <p class='ocr_par' dir='ltr' id='par_1_101' title="bbox 2326 4920 3899 4994">
     <span class='ocr_line' id='line_1_101' title="bbox 2326 4920 3899 4994; baseline -0.003 -17"><span class='ocrx_word' id='word_1_762' title='bbox 2326 4925 2441 4994; x_wconf 81' lang='grc' dir='ltr'><strong>φῶς</strong></span> <span class='ocrx_word' id='word_1_763' title='bbox 2494 4922 2712 4976; x_wconf 74' lang='grc' dir='ltr'>ἐνοικεῖ.</span> <span class='ocrx_word' id='word_1_764' title='bbox 2745 4922 2905 4992; x_wconf 80' lang='grc' dir='ltr'>Παρὰ</span> <span class='ocrx_word' id='word_1_765' title='bbox 2931 4922 3041 4993; x_wconf 81' lang='grc' dir='ltr'><strong>γὰρ</strong></span> <span class='ocrx_word' id='word_1_766' title='bbox 3073 4923 3135 4973; x_wconf 84' lang='grc' dir='ltr'>τὸ</span> <span class='ocrx_word' id='word_1_767' title='bbox 3164 4921 3394 4975; x_wconf 81' lang='grc' dir='ltr'>θάλπειν</span> <span class='ocrx_word' id='word_1_768' title='bbox 3441 4921 3651 4989; x_wconf 82' lang='grc' dir='ltr'>γίνεται</span> <span class='ocrx_word' id='word_1_769' title='bbox 3693 4920 3899 4974; x_wconf 84' lang='grc' dir='ltr'>θάλπα-</span> 
     </span>
    </p>
   </div>
   <div class='ocr_carea' id='block_1_102' title="bbox 2328 5006 3894 5087">
    <p class='ocr_par' dir='ltr' id='par_1_102' title="bbox 2328 5006 3894 5087">
     <span class='ocr_line' id='line_1_102' title="bbox 2328 5006 3894 5087; baseline -0.004 -18"><span class='ocrx_word' id='word_1_770' title='bbox 2328 5034 2427 5087; x_wconf 87' lang='grc' dir='ltr'><strong>μος</strong></span> <span class='ocrx_word' id='word_1_771' title='bbox 2454 5015 2499 5048; x_wconf 81' lang='grc'><strong>⁸⁸</strong></span> <span class='ocrx_word' id='word_1_772' title='bbox 2533 5013 2630 5068; x_wconf 68' lang='grc' dir='ltr'>καὶ</span> <span class='ocrx_word' id='word_1_773' title='bbox 2652 5013 2895 5083; x_wconf 84' lang='grc' dir='ltr'>θάλαμος</span> <span class='ocrx_word' id='word_1_774' title='bbox 2917 5029 2931 5045; x_wconf 68' lang='grc' dir='ltr'><strong>ν</strong></span> <span class='ocrx_word' id='word_1_775' title='bbox 2960 5011 3021 5076; x_wconf 80' lang='grc' dir='ltr'>ἐξ</span> <span class='ocrx_word' id='word_1_776' title='bbox 3046 5006 3106 5066; x_wconf 73' lang='grc' dir='ltr'><strong>οὗ</strong></span> <span class='ocrx_word' id='word_1_777' title='bbox 3126 5012 3221 5066; x_wconf 75' lang='grc' dir='ltr'>καὶ</span> <span class='ocrx_word' id='word_1_778' title='bbox 3248 5013 3298 5065; x_wconf 83' lang='lat' dir='ltr'><strong>oi</strong></span> <span class='ocrx_word' id='word_1_779' title='bbox 3324 5013 3437 5066; x_wconf 90' lang='grc' dir='ltr'>νέοι</span> <span class='ocrx_word' id='word_1_780' title='bbox 3468 5010 3862 5081; x_wconf 84' lang='grc' dir='ltr'>θαλαμεύονται</span> <span class='ocrx_word' id='word_1_781' title='bbox 3883 5028 3894 5042; x_wconf 92' lang='grc'><strong>·</strong></span> 
     </span>
    </p>
   </div>
   <div class='ocr_carea' id='block_1_103' title="bbox 2322 5103 3895 5178">
    <p class='ocr_par' dir='ltr' id='par_1_103' title="bbox 2322 5103 3895 5178">
     <span class='ocr_line' id='line_1_103' title="bbox 2322 5103 3895 5178; baseline -0.004 -17"><span class='ocrx_word' id='word_1_782' title='bbox 2322 5110 2404 5161; x_wconf 87' lang='grc' dir='ltr'>δεῖ</span> <span class='ocrx_word' id='word_1_783' title='bbox 2428 5107 2538 5178; x_wconf 84' lang='grc' dir='ltr'><strong>γὰρ</strong></span> <span class='ocrx_word' id='word_1_784' title='bbox 2584 5104 2848 5159; x_wconf 83' lang='grc' dir='ltr'>θάλλοντα</span> <span class='ocrx_word' id='word_1_785' title='bbox 2895 5104 2964 5158; x_wconf 83' lang='grc' dir='ltr'><strong>τὰ</strong></span> <span class='ocrx_word' id='word_1_786' title='bbox 2996 5103 3225 5175; x_wconf 83' lang='grc' dir='ltr'>σώματα</span> <span class='ocrx_word' id='word_1_787' title='bbox 3252 5104 3479 5175; x_wconf 74' lang='grc' dir='ltr'>ἔχοντας</span> <span class='ocrx_word' id='word_1_788' title='bbox 3521 5106 3603 5167; x_wconf 83' lang='grc' dir='ltr'><strong>είς</strong></span> <span class='ocrx_word' id='word_1_789' title='bbox 3630 5103 3823 5163; x_wconf 74' lang='grc' dir='ltr'>ταύτὸν</span> <span class='ocrx_word' id='word_1_790' title='bbox 3850 5104 3895 5135; x_wconf 78' lang='grc'>⁸⁸</span> 
     </span>
    </p>
   </div>
   <div class='ocr_carea' id='block_1_104' title="bbox 2325 5195 3895 5275">
    <p class='ocr_par' dir='ltr' id='par_1_104' title="bbox 2325 5195 3895 5275">
     <span class='ocr_line' id='line_1_104' title="bbox 2325 5195 3895 5275; baseline -0.004 -22"><span class='ocrx_word' id='word_1_791' title='bbox 2325 5201 2589 5264; x_wconf 81' lang='grc' dir='ltr'>συνιέναι,</span> <span class='ocrx_word' id='word_1_792' title='bbox 2623 5198 2722 5251; x_wconf 71' lang='grc' dir='ltr'>καὶ</span> <span class='ocrx_word' id='word_1_793' title='bbox 2757 5198 2803 5228; x_wconf 81' lang='grc'><strong>⁹⁰</strong></span> <span class='ocrx_word' id='word_1_794' title='bbox 2845 5197 2917 5268; x_wconf 79' lang='grc' dir='ltr'>μὴ</span> <span class='ocrx_word' id='word_1_795' title='bbox 2943 5197 3395 5268; x_wconf 74' lang='grc' dir='ltr'>ἀποϐεϐηκότας’</span> <span class='ocrx_word' id='word_1_796' title='bbox 3420 5196 3532 5275; x_wconf 69' lang='grc' dir='ltr'><strong>¹καὶ</strong></span> <span class='ocrx_word' id='word_1_797' title='bbox 3565 5195 3670 5267; x_wconf 70' lang='grc' dir='ltr'>γὰρ</span> <span class='ocrx_word' id='word_1_798' title='bbox 3716 5195 3895 5248; x_wconf 82' lang='grc' dir='ltr'>Ἠσίο-</span> 
     </span>
    </p>
   </div>
   <div class='ocr_carea' id='block_1_105' title="bbox 2324 5287 3895 5363">
    <p class='ocr_par' dir='ltr' id='par_1_105' title="bbox 2324 5287 3895 5363">
     <span class='ocr_line' id='line_1_105' title="bbox 2324 5287 3895 5363; baseline -0.004 -17"><span class='ocrx_word' id='word_1_799' title='bbox 2324 5293 2412 5355; x_wconf 82' lang='grc' dir='ltr'>δός</span> <span class='ocrx_word' id='word_1_800' title='bbox 2443 5308 2600 5363; x_wconf 83' lang='grc' dir='ltr'>φησι,</span> <span class='ocrx_word' id='word_1_801' title='bbox 2664 5290 2892 5358; x_wconf 79' lang='grc' dir='ltr'>Ὠραῑος</span> <span class='ocrx_word' id='word_1_802' title='bbox 2936 5289 3003 5343; x_wconf 85' lang='grc' dir='ltr'>δὲ</span> <span class='ocrx_word' id='word_1_803' title='bbox 3030 5289 3289 5359; x_wconf 81' lang='grc' dir='ltr'>γυναῖκα</span> <span class='ocrx_word' id='word_1_804' title='bbox 3318 5290 3386 5355; x_wconf 84' lang='grc'><strong>⁹¹,</strong></span> <span class='ocrx_word' id='word_1_805' title='bbox 3432 5288 3700 5357; x_wconf 67' lang='grc' dir='ltr'>θάλαμος</span> <span class='ocrx_word' id='word_1_806' title='bbox 3739 5287 3783 5319; x_wconf 81' lang='grc'><strong><em>⁹²</em></strong></span> <span class='ocrx_word' id='word_1_807' title='bbox 3812 5290 3895 5352; x_wconf 79' lang='grc' dir='ltr'>εις</span> 
     </span>
    </p>
   </div>
   <div class='ocr_carea' id='block_1_106' title="bbox 3795 5488 3899 5540">
    <p class='ocr_par' dir='ltr' id='par_1_106' title="bbox 3795 5488 3899 5540">
     <span class='ocr_line' id='line_1_106' title="bbox 3795 5488 3899 5540; baseline 0 -24"><span class='ocrx_word' id='word_1_808' title='bbox 3795 5488 3899 5540; x_wconf 68' lang='grc' dir='ltr'><strong>τιὸ</strong></span> 
     </span>
    </p>
   </div>
   <div class='ocr_carea' id='block_1_107' title="bbox 642 5557 2251 5635">
    <p class='ocr_par' dir='ltr' id='par_1_107' title="bbox 642 5557 2251 5635">
     <span class='ocr_line' id='line_1_107' title="bbox 642 5557 2251 5635; baseline -0.008 -13"><span class='ocrx_word' id='word_1_809' title='bbox 642 5587 750 5624; x_wconf 83' lang='lat' dir='ltr'><strong>om.</strong></span> <span class='ocrx_word' id='word_1_810' title='bbox 786 5574 847 5621; x_wconf 80' lang='grc' dir='ltr'>Λ.</span> <span class='ocrx_word' id='word_1_811' title='bbox 912 5557 967 5599; x_wconf 77' lang='grc'><strong>’⁷⁸</strong></span> <span class='ocrx_word' id='word_1_812' title='bbox 993 5557 1435 5635; x_wconf 76' lang='grc' dir='ltr'>εὐχρηστοτάτης</span> <span class='ocrx_word' id='word_1_813' title='bbox 1458 5633 1468 5635; x_wconf 66' lang='lat'><strong><em>_</em></strong></span> <span class='ocrx_word' id='word_1_814' title='bbox 1494 5563 1548 5613; x_wconf 82' lang='grc' dir='ltr'>δὲ</span> <span class='ocrx_word' id='word_1_815' title='bbox 1698 5572 1813 5627; x_wconf 79' lang='lat' dir='ltr'><strong>post</strong></span> <span class='ocrx_word' id='word_1_816' title='bbox 1850 5560 2014 5635; x_wconf 25' lang='grc' dir='ltr'><strong>Δῦᾼλης</strong></span> <span class='ocrx_word' id='word_1_817' title='bbox 2060 5562 2185 5613; x_wconf 82' lang='lat' dir='ltr'><strong>add.</strong></span> <span class='ocrx_word' id='word_1_818' title='bbox 2222 5560 2251 5635; x_wconf 18' lang='grc' dir='ltr'>με</span> 
     </span>
    </p>
   </div>
   <div class='ocr_carea' id='block_1_108' title="bbox 2350 5557 3897 5635">
    <p class='ocr_par' dir='ltr' id='par_1_108' title="bbox 2350 5557 3897 5635">
     <span class='ocr_line' id='line_1_108' title="bbox 2350 5557 3897 5635; baseline -0.002 -23"><span class='ocrx_word' id='word_1_819' title='bbox 2350 5557 2442 5635; x_wconf 25' lang='grc' dir='ltr'>Δίιι.</span> <span class='ocrx_word' id='word_1_820' title='bbox 2472 5562 2552 5635; x_wconf 72' lang='lat' dir='ltr'><strong>iu_</strong></span> <span class='ocrx_word' id='word_1_821' title='bbox 2585 5560 2641 5614; x_wconf 84' lang='lat' dir='ltr'><strong>P.</strong></span> <span class='ocrx_word' id='word_1_822' title='bbox 2675 5578 2687 5613; x_wconf 92' lang='lat'><strong>:</strong></span> <span class='ocrx_word' id='word_1_823' title='bbox 2721 5557 3193 5635; x_wconf 45' lang='grc' dir='ltr'>ε’ίιχρηστίανῃδέο</span> <span class='ocrx_word' id='word_1_824' title='bbox 3226 5558 3274 5611; x_wconf 88' lang='grc' dir='ltr'><strong>εί</strong></span> <span class='ocrx_word' id='word_1_825' title='bbox 3319 5557 3377 5635; x_wconf 57' lang='grc' dir='ltr'><strong>δε</strong></span> <span class='ocrx_word' id='word_1_826' title='bbox 3423 5557 3630 5635; x_wconf 42' lang='grc' dir='ltr'>μικρὸς-</span> <span class='ocrx_word' id='word_1_827' title='bbox 3681 5560 3763 5635; x_wconf 56' lang='lat' dir='ltr'><strong>sit,</strong></span> <span class='ocrx_word' id='word_1_828' title='bbox 3804 5560 3897 5635; x_wconf 76' lang='grc' dir='ltr'><strong>καί</strong></span> 
     </span>
    </p>
   </div>
   <div class='ocr_carea' id='block_1_109' title="bbox 643 5630 2977 5710">
    <p class='ocr_par' dir='ltr' id='par_1_109' title="bbox 643 5630 2977 5710">
     <span class='ocr_line' id='line_1_109' title="bbox 643 5630 2977 5710; baseline -0.003 -19"><span class='ocrx_word' id='word_1_829' title='bbox 643 5640 970 5710; x_wconf 77' lang='grc' dir='ltr'>ἀνάριθμος,</span> <span class='ocrx_word' id='word_1_830' title='bbox 998 5630 1252 5710; x_wconf 62' lang='grc' dir='ltr'>σημαίνὲ</span> <span class='ocrx_word' id='word_1_831' title='bbox 1274 5636 1370 5710; x_wconf 41' lang='grc' dir='ltr'><strong>καὶ</strong></span> <span class='ocrx_word' id='word_1_832' title='bbox 1392 5633 1599 5685; x_wconf 74' lang='grc' dir='ltr'>ἔνδειαν</span> <span class='ocrx_word' id='word_1_833' title='bbox 1623 5631 1753 5710; x_wconf 72' lang='grc' dir='ltr'>ὕλης</span> <span class='ocrx_word' id='word_1_834' title='bbox 1776 5631 1869 5710; x_wconf 54' lang='grc' dir='ltr'>καὶ</span> <span class='ocrx_word' id='word_1_835' title='bbox 1894 5630 2178 5710; x_wconf 61' lang='grc' dir='ltr'>δονάμεως</span> <span class='ocrx_word' id='word_1_836' title='bbox 2212 5630 2451 5710; x_wconf 65' lang='grc' dir='ltr'>ἀτονίαν.</span> <span class='ocrx_word' id='word_1_837' title='bbox 2507 5632 2552 5661; x_wconf 90' lang='grc'><strong>⁷⁷</strong></span> <span class='ocrx_word' id='word_1_838' title='bbox 2582 5632 2880 5710; x_wconf 57' lang='grc' dir='ltr'>χρημάτων</span> <span class='ocrx_word' id='word_1_839' title='bbox 2911 5632 2977 5710; x_wconf 69' lang='grc' dir='ltr'>Α.</span> 
     </span>
    </p>
   </div>
   <div class='ocr_carea' id='block_1_110' title="bbox 645 5702 1945 5771">
    <p class='ocr_par' dir='ltr' id='par_1_110' title="bbox 645 5702 1945 5771">
     <span class='ocr_line' id='line_1_110' title="bbox 645 5702 1945 5771; baseline 0.012 -27"><span class='ocrx_word' id='word_1_840' title='bbox 645 5709 681 5760; x_wconf 62' lang='grc' dir='ltr'>ις</span> <span class='ocrx_word' id='word_1_841' title='bbox 711 5702 768 5762; x_wconf 55' lang='grc' dir='ltr'><strong>νζ</strong></span> <span class='ocrx_word' id='word_1_842' title='bbox 844 5702 889 5738; x_wconf 72' lang='lat' dir='ltr'><strong>i0</strong></span> <span class='ocrx_word' id='word_1_843' title='bbox 919 5707 1023 5760; x_wconf 71' lang='grc' dir='ltr'><strong>τῶν</strong></span> <span class='ocrx_word' id='word_1_844' title='bbox 1056 5707 1111 5758; x_wconf 73' lang='grc' dir='ltr'>δὲ</span> <span class='ocrx_word' id='word_1_845' title='bbox 1146 5706 1182 5757; x_wconf 80' lang='grc' dir='ltr'>Β</span> <span class='ocrx_word' id='word_1_846' title='bbox 1212 5703 1271 5755; x_wconf 80' lang='grc' dir='ltr'>Ρ.</span> <span class='ocrx_word' id='word_1_847' title='bbox 1352 5702 1393 5733; x_wconf 76' lang='grc'><strong>⁸⁷</strong></span> <span class='ocrx_word' id='word_1_848' title='bbox 1429 5704 1655 5771; x_wconf 81' lang='grc' dir='ltr'>χιτόνων</span> <span class='ocrx_word' id='word_1_849' title='bbox 1686 5702 1750 5755; x_wconf 79' lang='grc' dir='ltr'>Α.</span> <span class='ocrx_word' id='word_1_850' title='bbox 1829 5702 1873 5731; x_wconf 70' lang='grc' dir='ltr'>θ’</span> <span class='ocrx_word' id='word_1_851' title='bbox 1906 5718 1945 5771; x_wconf 74' lang='grc' dir='ltr'><strong>φ</strong></span> 
     </span>
    </p>
   </div>
   <div class='ocr_carea' id='block_1_111' title="bbox 641 5774 1468 5842">
    <p class='ocr_par' dir='ltr' id='par_1_111' title="bbox 641 5774 1468 5842">
     <span class='ocr_line' id='line_1_111' title="bbox 641 5774 1468 5842; baseline 0 -16"><span class='ocrx_word' id='word_1_852' title='bbox 641 5796 751 5830; x_wconf 80' lang='lat' dir='ltr'><strong>nui.</strong></span> <span class='ocrx_word' id='word_1_853' title='bbox 816 5778 877 5839; x_wconf 73' lang='grc' dir='ltr'><strong>Α,</strong></span> <span class='ocrx_word' id='word_1_854' title='bbox 931 5792 1050 5828; x_wconf 71' lang='lat' dir='ltr'><strong>mox</strong></span> <span class='ocrx_word' id='word_1_855' title='bbox 1104 5774 1468 5842; x_wconf 55' lang='lat' dir='ltr'><strong>triumpis-:1.</strong></span> 
     </span>
    </p>
   </div>
   <div class='ocr_carea' id='block_1_112' title="bbox 642 5841 1825 5914">
    <p class='ocr_par' dir='ltr' id='par_1_112' title="bbox 642 5841 1825 5914">
     <span class='ocr_line' id='line_1_112' title="bbox 642 5841 1825 5914; baseline -0.004 -16"><span class='ocrx_word' id='word_1_856' title='bbox 642 5849 686 5879; x_wconf 75' lang='grc'><strong>³³</strong></span> <span class='ocrx_word' id='word_1_857' title='bbox 748 5848 1013 5914; x_wconf 76' lang='grc' dir='ltr'>θάλπιμος</span> <span class='ocrx_word' id='word_1_858' title='bbox 1050 5846 1091 5895; x_wconf 78' lang='grc' dir='ltr'><strong>Β</strong></span> <span class='ocrx_word' id='word_1_859' title='bbox 1118 5847 1155 5893; x_wconf 74' lang='lat' dir='ltr'><strong>l2</strong></span> <span class='ocrx_word' id='word_1_860' title='bbox 1188 5841 1279 5895; x_wconf 44' lang='grc' dir='ltr'><strong>Ρ(</strong></span> <span class='ocrx_word' id='word_1_861' title='bbox 1340 5845 1399 5914; x_wconf 73' lang='lat'><strong>_&quot;&quot;</strong></span> <span class='ocrx_word' id='word_1_862' title='bbox 1436 5842 1597 5895; x_wconf 64' lang='grc' dir='ltr'>αὑτὸν</span> <span class='ocrx_word' id='word_1_863' title='bbox 1631 5842 1667 5893; x_wconf 71' lang='grc' dir='ltr'>Β</span> <span class='ocrx_word' id='word_1_864' title='bbox 1700 5844 1737 5891; x_wconf 75' lang='lat' dir='ltr'><strong>l‘.</strong></span> <span class='ocrx_word' id='word_1_865' title='bbox 1769 5841 1825 5893; x_wconf 81' lang='grc' dir='ltr'>Ρ.</span> 
     </span>
    </p>
   </div>
   <div class='ocr_carea' id='block_1_113' title="bbox 642 5912 1377 5972">
    <p class='ocr_par' dir='ltr' id='par_1_113' title="bbox 642 5912 1377 5972">
     <span class='ocr_line' id='line_1_113' title="bbox 642 5912 1377 5972; baseline -0.007 0"><span class='ocrx_word' id='word_1_866' title='bbox 642 5919 897 5972; x_wconf 70' lang='lat' dir='ltr'><strong>citatione</strong></span> <span class='ocrx_word' id='word_1_867' title='bbox 921 5912 1089 5968; x_wconf 24' lang='lat' dir='ltr'><strong>VOIlllli</strong></span> <span class='ocrx_word' id='word_1_868' title='bbox 1133 5923 1281 5966; x_wconf 78' lang='lat' dir='ltr'><strong>caret</strong></span> <span class='ocrx_word' id='word_1_869' title='bbox 1315 5912 1377 5967; x_wconf 81' lang='lat' dir='ltr'><strong>C.</strong></span> 
     </span>
    </p>
   </div>
   <div class='ocr_carea' id='block_1_114' title="bbox 1953 5699 2872 5769">
    <p class='ocr_par' dir='ltr' id='par_1_114' title="bbox 1953 5699 2872 5769">
     <span class='ocr_line' id='line_1_114' title="bbox 1953 5699 2872 5769; baseline 0.001 -17"><span class='ocrx_word' id='word_1_870' title='bbox 1953 5699 2100 5763; x_wconf 74' lang='grc' dir='ltr'>ύσεις</span> <span class='ocrx_word' id='word_1_871' title='bbox 2142 5701 2203 5752; x_wconf 77' lang='grc' dir='ltr'>Β.</span> <span class='ocrx_word' id='word_1_872' title='bbox 2281 5700 2325 5730; x_wconf 68' lang='grc'><strong>⁸³</strong></span> <span class='ocrx_word' id='word_1_873' title='bbox 2362 5699 2628 5769; x_wconf 76' lang='grc' dir='ltr'>φέρονται</span> <span class='ocrx_word' id='word_1_874' title='bbox 2684 5701 2719 5751; x_wconf 67' lang='grc' dir='ltr'><strong>[ι</strong></span> <span class='ocrx_word' id='word_1_875' title='bbox 2746 5699 2786 5753; x_wconf 89' lang='lat' dir='ltr'>C</span> <span class='ocrx_word' id='word_1_876' title='bbox 2814 5700 2872 5753; x_wconf 85' lang='lat' dir='ltr'><strong>P.</strong></span> 
     </span>
    </p>
   </div>
   <div class='ocr_carea' id='block_1_115' title="bbox 1549 5765 3893 5839">
    <p class='ocr_par' dir='ltr' id='par_1_115' title="bbox 1549 5765 3893 5839">
     <span class='ocr_line' id='line_1_115' title="bbox 1549 5765 3893 5839; baseline -0.003 -15"><span class='ocrx_word' id='word_1_877' title='bbox 1549 5773 1594 5802; x_wconf 79' lang='grc'><strong>⁸³</strong></span> <span class='ocrx_word' id='word_1_878' title='bbox 1642 5765 1985 5839; x_wconf 67' lang='grc' dir='ltr'>τετριμμένα</span> <span class='ocrx_word' id='word_1_879' title='bbox 2018 5770 2077 5823; x_wconf 80' lang='grc' dir='ltr'>Β.</span> <span class='ocrx_word' id='word_1_880' title='bbox 2156 5769 2203 5799; x_wconf 72' lang='grc'><strong>⁸⁸</strong></span> <span class='ocrx_word' id='word_1_881' title='bbox 2232 5765 2719 5838; x_wconf 59' lang='grc' dir='ltr'>τοῦςόφθαλμοῦς</span> <span class='ocrx_word' id='word_1_882' title='bbox 2749 5769 2806 5831; x_wconf 76' lang='grc' dir='ltr'><strong>Β,</strong></span> <span class='ocrx_word' id='word_1_883' title='bbox 2860 5773 2972 5832; x_wconf 84' lang='grc' dir='ltr'>τοῖς</span> <span class='ocrx_word' id='word_1_884' title='bbox 3015 5765 3316 5838; x_wconf 60' lang='grc' dir='ltr'>ὀφθαλμοῖς</span> <span class='ocrx_word' id='word_1_885' title='bbox 3344 5767 3400 5821; x_wconf 80' lang='grc' dir='ltr'>Ρ.</span> <span class='ocrx_word' id='word_1_886' title='bbox 3478 5767 3521 5798; x_wconf 86' lang='grc'><strong>⁸⁷</strong></span> <span class='ocrx_word' id='word_1_887' title='bbox 3554 5765 3801 5837; x_wconf 69' lang='grc' dir='ltr'>θαλάμας</span> <span class='ocrx_word' id='word_1_888' title='bbox 3834 5766 3893 5819; x_wconf 81' lang='grc' dir='ltr'>Β.</span> 
     </span>
    </p>
   </div>
   <div class='ocr_carea' id='block_1_116' title="bbox 1896 5840 3193 5909">
    <p class='ocr_par' dir='ltr' id='par_1_116' title="bbox 1896 5840 3193 5909">
     <span class='ocr_line' id='line_1_116' title="bbox 1896 5840 3193 5909; baseline -0.001 -17"><span class='ocrx_word' id='word_1_889' title='bbox 1896 5841 1941 5871; x_wconf 78' lang='lat'><strong>‘~‘°</strong></span> <span class='ocrx_word' id='word_1_890' title='bbox 1970 5842 2060 5892; x_wconf 61' lang='grc' dir='ltr'>καὶ</span> <span class='ocrx_word' id='word_1_891' title='bbox 2099 5855 2207 5894; x_wconf 89' lang='lat' dir='ltr'><strong>om.</strong></span> <span class='ocrx_word' id='word_1_892' title='bbox 2253 5840 2315 5895; x_wconf 80' lang='grc' dir='ltr'>Α.</span> <span class='ocrx_word' id='word_1_893' title='bbox 2394 5842 2434 5872; x_wconf 73' lang='grc' dir='ltr'><strong>ε³¹</strong></span> <span class='ocrx_word' id='word_1_894' title='bbox 2469 5843 2707 5909; x_wconf 69' lang='grc' dir='ltr'>γυναῖκα</span> <span class='ocrx_word' id='word_1_895' title='bbox 2737 5840 2794 5907; x_wconf 87' lang='lat' dir='ltr'><strong>B,</strong></span> <span class='ocrx_word' id='word_1_896' title='bbox 2823 5840 3101 5907; x_wconf 82' lang='grc' dir='ltr'>γυναικῶν</span> <span class='ocrx_word' id='word_1_897' title='bbox 3129 5842 3193 5891; x_wconf 84' lang='grc' dir='ltr'>Λ.</span> 
     </span>
    </p>
   </div>
   <div class='ocr_carea' id='block_1_117' title="bbox 3053 5627 3897 5699">
    <p class='ocr_par' dir='ltr' id='par_1_117' title="bbox 3053 5627 3897 5699">
     <span class='ocr_line' id='line_1_117' title="bbox 3053 5627 3897 5699; baseline -0.004 -18"><span class='ocrx_word' id='word_1_898' title='bbox 3053 5629 3098 5660; x_wconf 83' lang='grc'><strong>⁷⁸</strong></span> <span class='ocrx_word' id='word_1_899' title='bbox 3132 5628 3424 5699; x_wconf 75' lang='grc' dir='ltr'>χαρωποῦς</span> <span class='ocrx_word' id='word_1_900' title='bbox 3451 5628 3511 5681; x_wconf 91' lang='grc' dir='ltr'>Β.</span> <span class='ocrx_word' id='word_1_901' title='bbox 3588 5628 3632 5699; x_wconf 61' lang='grc' dir='ltr'><strong>’ξ</strong></span> <span class='ocrx_word' id='word_1_902' title='bbox 3658 5628 3765 5699; x_wconf 70' lang='grc' dir='ltr'>τῶν</span> <span class='ocrx_word' id='word_1_903' title='bbox 3798 5627 3897 5695; x_wconf 72' lang='grc' dir='ltr'>μὲν</span> 
     </span>
    </p>
   </div>
   <div class='ocr_carea' id='block_1_118' title="bbox 2972 5695 3897 5769">
    <p class='ocr_par' dir='ltr' id='par_1_118' title="bbox 2972 5695 3897 5769">
     <span class='ocr_line' id='line_1_118' title="bbox 2972 5695 3897 5769; baseline -0.004 -17"><span class='ocrx_word' id='word_1_904' title='bbox 2972 5700 3017 5731; x_wconf 61' lang='grc'>⁸⁸</span> <span class='ocrx_word' id='word_1_905' title='bbox 3051 5695 3305 5769; x_wconf 77' lang='grc' dir='ltr'>διαφέρει</span> <span class='ocrx_word' id='word_1_906' title='bbox 3343 5711 3520 5769; x_wconf 70' lang='lat' dir='ltr'><strong>usque</strong></span> <span class='ocrx_word' id='word_1_907' title='bbox 3560 5695 3638 5769; x_wconf 68' lang='lat' dir='ltr'><strong>ad</strong></span> <span class='ocrx_word' id='word_1_908' title='bbox 3675 5696 3897 5769; x_wconf 73' lang='grc' dir='ltr'>σώματι</span> 
     </span>
    </p>
   </div>
   <div class='ocr_carea' id='block_1_119' title="bbox 3307 5839 3892 5906">
    <p class='ocr_par' dir='ltr' id='par_1_119' title="bbox 3307 5839 3892 5906">
     <span class='ocr_line' id='line_1_119' title="bbox 3307 5839 3892 5906; baseline 0.009 -18"><span class='ocrx_word' id='word_1_909' title='bbox 3307 5839 3351 5870; x_wconf 82' lang='grc'><strong>⁹²</strong></span> <span class='ocrx_word' id='word_1_910' title='bbox 3378 5846 3649 5906; x_wconf 80' lang='lat' dir='ltr'><strong>postrema</strong></span> <span class='ocrx_word' id='word_1_911' title='bbox 3680 5853 3789 5892; x_wconf 85' lang='lat' dir='ltr'><strong>0tu.</strong></span> <span class='ocrx_word' id='word_1_912' title='bbox 3830 5840 3892 5902; x_wconf 77' lang='grc' dir='ltr'><strong>Α,</strong></span> 
     </span>
    </p>
   </div>
  </div>
