4204 6468
312 439 455 496 "($5
1562 427 1653 484 DE
1692 425 1984 483 NATURA
2020 422 2331 480 llOMlNIS.
3461 415 3603 471 1166

312 559 475 628 ὥραν
499 556 602 625 ἔχε
624 552 725 624 (ι).
758 550 1168 623 Διασχίζεται⁹⁸
1186 550 1241 604 δέ
1277 549 1344 603 τὰ
1367 546 1542 620 νεῦρα
1567 545 1649 610 είς
1671 545 1769 609 τὰς
1802 547 1889 599 00t-

2006 538 2170 614 ηὐρια
2200 540 2467 613 paranda.
2496 538 2662 595 Nervi
2701 545 2886 595 autem
2922 537 2976 592 in
3011 535 3284 591 thalamos
3319 535 3467 605 ipsos
3494 534 3600 587 nn~

309 650 541 720 λάμους,
588 647 780 717 ὥσπερ
836 645 890 699 εί
910 661 995 707 τις
1039 642 1226 696 λαϐὼν
1270 641 1547 711 πάπυρον,
1579 640 1786 709 ταύτην
1820 640 1899 702 εἰς

310 736 487 792 λεπτὰ
525 734 855 805 κατατεμὼν
910 734 1200 805 διασχίζει,
1252 732 1558 788 ἀναπλέκει
1603 748 1662 785 τε
1710 730 1921 797 πάλιν,

312 830 407 884 καὶ
437 831 583 883 ποιεί
611 827 818 899 χιτῶνα
846 826 937 881 τὸν
973 826 1269 897 λεγόμενον
1306 822 1897 894 ἁμφιϐληστροειόῆ,

311 922 496 992 ὅμοιον
527 921 930 993 ἀμφιϐλήστρῳ
962 919 1009 953 ⁸⁸
1029 936 1044 950 ·
1075 920 1312 990 ὄργανον
1344 918 1403 970 δέ
1452 918 1615 971 τοῦτο
1645 916 1902 987 θηρευτι-

312 1010 408 1065 κὸν
443 1008 663 1080 ἰχθύων.
690 1009 848 1065 Μετὰ
881 1008 1072 1064 τοῦτον
1100 1009 1159 1063 δέ
1196 1009 1289 1062 τὸν
1320 1008 1530 1079 χιτῶνά
1553 1009 1677 1061 ἐστι
1718 1008 1902 1062 δεύτε-

314 1117 406 1170 ρος
433 1098 600 1170 χιτὼν
621 1100 917 1172 λεγόμενος
976 1098 1287 1171 ραγοειδὴς,
1321 1100 1403 1153 ὅτι
1437 1101 1569 1170 ραγὶ
1609 1100 1897 1169 σταφυλῆς

312 1190 456 1244 ἔοικε
486 1190 631 1245 κατὰ
651 1191 712 1245 τὸ
735 1192 948 1262 σχῆμα.
980 1191 1091 1245 Καὶ
1130 1190 1386 1261 καθάπερ
1413 1190 1510 1243 ἐπὶ
1536 1190 1639 1261 τῆς
1690 1205 1900 1259 σταφυο

312 1280 412 1352 λῆς
439 1281 658 1353 ὁρῶμεν
692 1281 761 1335 τὰ
804 1281 904 1351 μὲν
931 1279 1042 1333 ἔσω
1075 1279 1374 1351 δασύτερα,
1407 1280 1476 1334 τὰ
1516 1281 1574 1334 δὲ
1610 1280 1717 1349 ἔξω
1754 1282 1898 1346 λεῖα,

312 1371 491 1437 οὕτως
527 1373 624 1427 καὶ
659 1372 754 1427 ἐπὶ
805 1369 901 1427 τοῦ
937 1371 1255 1444 ραγοειδοῦς
1285 1371 1437 1429 ἐστιν
1485 1373 1635 1426 ἰδεῖν.
1700 1373 1901 1429 Ἐκπέ-

314 1481 453 1533 φυκε
475 1464 533 1517 δέ
563 1458 719 1528 οὗτος
743 1464 808 1531 ἐκ
844 1463 945 1533 τῆς
973 1463 1177 1534 λεπτῆς
1202 1464 1763 1558 προσαγορευομένης
1798 1466 1902 1537 μή-

313 1572 527 1625 νιγγος·
569 1556 636 1609 ἐκ
664 1554 723 1608 δέ
757 1555 857 1626 τῆς
883 1554 1116 1626 παχείας
1153 1556 1182 1609 δ
1228 1554 1643 1624 κερατοὰδήῳ
1684 1556 1903 1628 ὠνόμα-

316 1664 441 1702 σται
474 1648 531 1700 δὲ
561 1645 760 1711 οὕτως,
810 1647 902 1700 διὰ
929 1646 991 1699 τὸ
1021 1646 1406 1722 παρεμφερειν
1438 1648 1486 1681 ³⁸
1514 1651 1628 1712 τοῖς
1682 1648 1897 1720 κέρασι,

314 1740 455 1793 κατά
478 1756 537 1792 τε
574 1738 637 1792 τὸ
694 1737 895 1810 χρῶμα
921 1754 935 1769 ⁶
977 1737 1171 1793 λευκὸν
1193 1739 1304 1810 γάρ
1359 1740 1478 1793 ἐστι
1501 1756 1516 1771 ·
1547 1740 1644 1793 καὶ
1692 1741 1773 1794 ὅτι
1819 1742 1901 1805 είς

315 1832 579 1903 κτηδόνας
608 1832 655 1865 ⁸⁵
678 1830 970 1885 ἀναλύεται
996 1830 1191 1902 ὥσπερ
1220 1833 1443 1886 ἐκεῖνα·
1472 1833 1567 1885 καὶ
1599 1833 1680 1886 ὅτι
1714 1835 1902 1905 μιμεῖ-

2004 637 2234 702 duntur,
2262 634 2435 691 veluti
2465 635 2513 689 si
2547 634 2672 703 quis
2734 645 3000 702 papyrum
3029 629 3085 683 in
3114 628 3284 684 exiles
3318 629 3600 682 membran

2005 730 2164 785 nulas
2204 727 2411 784 incidat
2453 726 2733 796 ﬁndatque
2758 764 2772 788 ,
2824 731 2884 779 et‘
2934 738 3130 778 rursus
3188 719 3513 791 compliect,
3548 727 3603 771 et

2005 821 2305 877 tuniculam
2352 820 2464 891 60
2501 818 2756 875 conﬁciat
2807 816 2876 871 ad
2910 814 3126 871 reticuli
3159 812 3597 871 similitudinem.

2003 928 2114 984 quo
2167 912 2235 968 ad
2293 912 2473 983 pisces
2528 909 2825 980 capiendos
2895 907 2975 962 uti
3032 907 3310 972 solemus;
3378 915 3432 959 et
3485 904 3604 960 haec

2004 1006 2180 1074 prima
2210 1003 2353 1059 oculi
2393 1002 2638 1057 tunicula
2668 1000 2921 1056 habetur.
2947 999 3031 1054 Ab
3068 1000 3172 1053 hac
3198 996 3303 1052 alia
3335 1006 3439 1063 est,
3474 1011 3600 1066 quae

2004 1105 2179 1160 uvalis
2235 1103 2575 1174 appellatur,
2620 1117 2687 1158 ex
2734 1117 2801 1159 eo
2837 1101 2985 1173 quod
3021 1116 3193 1172 grano
3250 1115 3367 1155 uvae
3393 1100 3596 1155 similis

2003 1198 2094 1253 sit.
2137 1195 2204 1252 Et
2250 1195 2715 1267 quemadmodum
2766 1196 2823 1248 in
2876 1208 3003 1259 uva,
3033 1208 3155 1264 quae
3205 1192 3419 1267 interne
3465 1202 3600 1249 sunt

2002 1288 2274 1353 densiora
2318 1303 2441 1358 quae
2473 1302 2604 1343 vero
2632 1293 2790 1343 extra
2818 1285 3134 1342 consistunt
3160 1284 3301 1339 levia
3318 1283 3598 1347 visuntur,

2004 1379 2077 1434 ita
2119 1388 2173 1434 et
2202 1379 2260 1433 in
2297 1378 2442 1433 uvali
2472 1392 2698 1435 cernere
2733 1391 2925 1447 queas.
2965 1374 3092 1432 Haec
3140 1376 3289 1431 enim
3338 1391 3369 1430 a
3422 1390 3599 1430 mem-

2002 1470 2176 1525 brana
2202 1483 2326 1538 quae
2356 1468 2513 1524 exilis
2534 1476 2904 1539 nuncupatur,
2944 1469 3213 1538 provenit.
3248 1465 3317 1522 At
3336 1482 3598 1524 corneum

2003 1562 2149 1619 oculi
2184 1562 2309 1617 inde
2336 1561 2666 1633 appellatum
2700 1569 2804 1628 est,
2838 1560 2984 1632 quod
3021 1560 3284 1616 cornibus
3336 1562 3600 1618 similitu-

2002 1654 2129 1710 dine
2157 1654 2486 1725 respondeai
2511 1660 2660 1724 (nam
2735 1653 2921 1708 album
2953 1638 3087 1708 illud
3129 1662 3261 1723 est),
3298 1659 3416 1707 tum
3450 1654 3599 1723 quod

2009 1746 2067 1801 in
2096 1754 2345 1801 extrema
2380 1745 2670 1799 cacumina
2699 1751 2759 1799 ut
2780 1759 2989 1799 cornua
3031 1742 3257 1808 desinit,
3293 1759 3601 1814 eorumque

2003 1837 2323 1894 discrimina
2375 1837 2643 1892 imitatur.
2681 1834 2951 1892 Tunieula
2991 1845 3175 1891 autem
3233 1834 3510 1906 superior,
3569 1851 3601 1889 ι

312 1940 403 1977 ται
432 1924 539 1994 τὴν
570 1923 799 1978 ἐκείνων
826 1923 1115 1995 διαφοράν.
1159 1924 1219 1977 'O
1240 1923 1296 1977 δὲ
1323 1923 1684 1994 ἐπιπεφυκὼς
1717 1903 1762 1958 θτ
1786 1903 1902 1980 ’ἀπὸ

2006 1931 2329 1988 membrana
2363 1944 2489 2000 quae
2526 1928 2753 1985 calvalis
2778 1927 3001 1994 dicitur,
3040 1903 3367 1997 processum
3402 1942 3604 1999 quem-

312 2016 410 2069 τοῦ
443 2015 669 2088 κρανίου
692 2016 739 2049 ’⁸
765 2016 1068 2086 λεγομένου
1102 2017 1301 2088 ὑμένος
1332 2017 1445 2087 ἔχει
1476 2018 1601 2071 τινὰ
1640 2018 1895 2087 ἔκφυσιψ

314 2107 433 2177 ἤτοι
463 2107 643 2179 ἀρχὴν
693 2108 877 2179 EXEI."
910 2109 1020 2163 ἀπό
1056 2125 1201 2172 τινος
1254 2110 1456 2180 μοίρας
1510 2111 1607 2180 τῆς
1665 2111 1901 2181 παχείας

316 2198 585 2269 μήνιγγος
619 2196 874 2270 ἐξιούσης
893 2198 984 2253 διὰ
1017 2199 1130 2252 τῶν
1159 2199 1476 2272 εἰρημένων
1512 2199 1611 2253 τοῦ
1657 2202 1899 2271 ἐγκεφά-

312 2285 407 2340 λου
448 2288 661 2359 ραφῶν,
698 2289 798 2359 τῆς
855 2291 871 2322 ¹
903 2290 1311 2361 στεφανιαίας,·
1336 2291 1566 2360 καὶτῆς
1611 2291 1903 2362 λαμϐδοει-

311 2378 437 2443 δοῦς
464 2382 508 2435 ³.

389 2471 545 2525 Ἐστι
572 2472 631 2526 δέ
661 2474 694 2545 ἠ
719 2475 879 2547 χρεία
906 2476 1015 2531 τῶν
1042 2476 1354 2549 εἰρημένων
1382 2478 1628 2551 χιτώνων
1653 2481 1898 2553 τοιαύτηο

326 2559 386 2613 ὐ
418 2560 1031 2634 ἀμφιόληστροειδὴς,
1069 2568 1352 2638 στήριγμα
1377 2571 1528 2624 ἐστιν
1554 2571 1769 2626 ἔνδοθεν
1796 2572 1895 2626 τοῦ

314 2652 521 2716 παντὸς
552 2652 812 2725 σώματος
856 2656 952 2710 τοῦ
998 2656 1312 2730 ὀφθαλμοῦ*
1348 2661 1378 2714 δ
1425 2660 1483 2715 δὲ
1540 2664 1903 2735 ἐπιπεφυκὼς

313 2738 550 2807 ἔξωθεν·
587 2744 795 2815 μεταξὺ
825 2746 883 2799 δὲ
904 2746 1114 2803 τούτων
1136 2749 1299 2818 είσὶν,
1328 2752 1357 2805 ὁ
1393 2754 1493 2823 μὲν
1517 2740 1906 2824 κερατοειὸὴς

315 2832 454 2900 πρὸς
481 2832 559 2904 τῷ
588 2836 956 2906 ἐπιπεφυκότι
1018 2838 1147 2906 ἔξω,
1174 2840 1288 2916 δ’δὲ
1310 2842 1637 2914 ραγοειόὴς
1660 2846 1797 2918 πρὸς
1824 2849 1904 2919 τῷ

315 2921 841 2995 ἀμφιϐληστροειδεϊ
878 2926 989 2980 ἐσω
1022 2928 1062 2980 ⁸.
1095 2928 1273 3000 Χρεία
1303 2930 1362 2983 δέ
1396 2932 1491 2985 τοῦ
1527 2934 1627 3003 μέν
1677 2937 1902 3006 ραγοει-

315 3016 460 3083 δοῦς,
500 3018 585 3071 ἵνα
619 3022 743 3073 κατ’
776 3020 945 3075 αὑτοῦ
984 3021 1081 3075 τοῦ
1128 3023 1418 3094 τρήματος
1449 3026 1548 3094 τῆς
1588 3028 1763 3101 κόρης
1808 3030 1903 3098 γέ·

315 3131 474 3187 νηται
498 3132 512 3147 ’
562 3117 633 3172 δι’
664 3114 728 3175 οὖ
764 3121 828 3174 τὸ
868 3123 1097 3178 ὀπτικδν
1122 3122 1290 3188 ἔξεισι
1315 3123 1466 3194 φῶςο
1524 3121 1904 3193 συμϐάλλεται

2002 2023 2128 2079 dam
2165 2022 2328 2077 habet
2361 2020 2457 2091 qui
2500 2035 2532 2075 a
2563 2034 2767 2075 crassae
2808 2018 3143 2075 membrana
3170 2018 3424 2090 portione
3472 2033 3603 2090 qua-

2002 2114 2129 2169 dam
2152 2128 2248 2185 per
2271 2120 2519 2168 suturam
2549 2110 2798 2169 Graecum
2834 2112 2882 2167 Λ
2911 2110 3333 2182 exprimentem,
3357 2120 3413 2167 et
3439 2126 3600 2167 coro-

2004 2206 2185 2262 nalem
2205 2205 2272 2262 de
2299 2204 2501 2277 quibus
2511 2203 2667 2276 prius
2688 2202 2933 2289 diximus
2957 2203 3294 2278 egrediente,
3323 2203 3598 2276 originem

2004 2298 2177 2356 ducit.

2077 2475 2303 2534 Tunicae
2360 2476 2525 2549 igitur
2566 2491 2707 2547 quas
2760 2475 3185 2549 explicavimus,
3219 2474 3313 2530 tali
3350 2477 3473 2531 usui
3507 2491 3600 2531 ac—

2005 2570 2449 2629 commodantur.
2502 2568 2597 2625 Illa
2644 2579 2827 2625 autem
2874 2585 2998 2641 qua:
3044 2569 3178 2625 retis
3224 2576 3430 2625 textum
3473 2567 3599 2622 imi-

2006 2672 2185 2731 tatur,
2237 2664 2409 2720 totius
2440 2663 2689 2734 corporis
2738 2663 2886 2718 oculi
2940 2662 3158 2719 interne
3192 2660 3602 2717 ﬁrmamentum

2004 2766 2091 2813 est
2135 2775 2150 2812 :
2184 2764 2242 2812 at
2290 2756 2547 2827 superior
2573 2754 2821 2827 ejusdem
2852 2754 3024 2810 robur
3050 2753 3298 2810 exterius
3346 2752 3601 2809 habetur.

2007 2849 2153 2904 Inter
2211 2848 2312 2905 has
2350 2847 2511 2914 duas,
2569 2848 2688 2904 alia;
2754 2847 2978 2903 totidem
3020 2847 3216 2918 posita:
3279 2854 3447 2911 sunt,
3498 2862 3603 2900 una

2006 2930 2208 2995 cornea
2268 2954 2393 3011 qua:
2442 2938 2715 3010 superiori
2771 2938 3016 2994 exterius
3072 2938 3398 3008 applicatur,
3432 2938 3604 2993 altera

2006 3045 2137 3085 vero
2163 3030 2361 3096 uvalis,
2395 3045 2519 3099 qua:
2551 3029 2836 3084 reticulari
2871 3029 3085 3084 interne
3115 3030 3378 3085 adhaeret.
3415 3024 3605 3083 Uvalis

2003 3119 2227 3190 quidem
2258 3134 2394 3177 usus
2417 3128 2519 3185 est,
2543 3118 2642 3185 uti,
2674 3135 2799 3176 cum
2842 3114 2984 3174 raraé‘
3011 3126 3241 3174 texturae
3261 3119 3354 3183 sit,
3386 3134 3507 3174 sese
3536 3119 3604 3173 ad

314 3206 370 3309 δέ
404 3208 496 3260 καὶ
516 3208 693 3274 ἄλλως
719 3212 1077 3284 περιθάλπων
1103 3215 1166 3268 τὸ
1193 3212 1647 3286 κρυσταλλπιδές
1666 3215 1688 3243 ⁸
1711 3212 1900 3284 ύγρόν’

2008 3209 2270 3281 pupillam
2297 3211 2577 3276 extendat,
2597 3226 2710 3281 quo
2728 3210 2929 3266 visibili
2954 3209 3148 3264 lumini
3173 3226 3268 3279 per
3290 3225 3411 3265 eam
3448 3220 3601 3264 extra

315 3298 398 3353 διὸ
422 3301 517 3353 καὶ
555 3300 724 3366 δασὺς
783 3302 1002 3358 ἔνδοθεν
1048 3306 1268 3373 ἐγένετο
1299 3307 1396 3360 καὶ
1432 3305 1781 3375 σπογγώδης,
1813 3305 1902 3359 ἵνα

2010 3317 2267 3374 egressus
2296 3311 2499 3373 pateat.
2557 3301 2662 3359 Sed
2697 3312 2753 3359 et
2803 3302 2960 3359 aliter
3000 3302 3191 3368 etiam,
3218 3303 3378 3358 uvale
3420 3302 3603 3374 ipsum

319 3392 449 3463 μήτι
481 3392 796 3465 λυμάνηται
847 3396 949 3466 τῆς
986 3398 1188 3467 κόρης’
1229 3397 1369 3453 ἀλλὰ
1400 3398 1498 3453 καὶ
1525 3397 1613 3451 διὰ
1641 3396 1705 3450 τὸ
1741 3397 1901 3465 δυνη·

316 3483 475 3553 θῆναι
504 3484 708 3553 φλέϐας
736 3487 758 3519 ⁸
781 3487 1147 3552 ὐποδέξασθαι
1182 3489 1437 3553 πλείονας
1467 3490 1508 3544 ⁸.
1544 3484 1681 3541 Εἶτα
1714 3487 1906 3559 ἐπειδὴ

316 3573 558 3637 τοιοῦτος
578 3574 655 3628 ὢν
677 3575 903 3645 ἔμελλεν
926 3578 1242 3647 ἐμποδίζειν
1257 3578 1336 3649 τῷ
1356 3578 1572 3649 ὀπτικῷ
1589 3578 1864 3650 πνεύματι
1886 3582 1905 3611 ⁷

318 3665 399 3727 εἰς
444 3666 504 3720 τὸ
540 3666 768 3735 ἐξιέναι,
806 3668 899 3723 διὰ
956 3670 1116 3724 τοῦτο
1166 3671 1428 3743 τέτρηται
1481 3670 1706 3736 ἔξωθεν,
1771 3672 1904 3725 καὶ⁸

319 3758 525 3820 πυκνός
554 3760 692 3823 ἐστι,
732 3762 869 3833 πρὸς
902 3760 964 3815 τὸ
1001 3761 1078 3834 μὴ
1102 3765 1409 3835 συγχωρεῖν
1438 3762 1815 3834 διαφορεῖσθαι
1845 3763 1906 3815 τὸ

317 3852 557 3925 πνεῦμα.
600 3856 761 3911 Ἀλλὰ
802 3857 899 3911 καὶ
940 3860 1085 3913 κατὰ
1143 3859 1205 3913 τὸ
1243 3858 1444 3931 χρῶμα
1493 3859 1903 3930 παραμυθεῖται

315 3942 415 4007 τὰς
447 3945 513 3997 ἐκ
553 3944 661 4000 τῶν
709 3947 969 4019 ἀμέτρων
1020 3948 1351 4020 διακρίσεων
1406 3950 1501 4004 καὶ
1559 3950 1903 4020 συγκρίσεων

319 4033 544 4104 βλάϐας,
574 4035 653 4107 τῷ
682 4035 709 4067 '
738 4038 906 4108 μέλας
937 4057 998 4093 τε
1026 4039 1145 4111 ἅμα
1173 4041 1217 4072 ¹⁰
1246 4036 1391 4096 εἶναι
1414 4043 1509 4095 καὶ
1539 4040 1759 4106 λευκός·
1794 4042 1904 4095 δια-

320 4127 567 4197 κρίνεται
587 4130 696 4201 γὰρ
727 4131 832 4184 ὑπὸ
863 4132 977 4187 τῶν
1006 4133 1148 4201 ἄγαν
1180 4134 1395 4187 λευκῶν
1416 4150 1429 4164 °
1457 4134 1815 4203 συγκρίνεται
1843 4133 1902 4186 δὲ

317 4218 425 4272 ὑπὸ
457 4220 567 4274 τῶν
609 4219 753 4291 ἄγαν
788 4222 1057 4294 μελανῶν.
1093 4224 1201 4278 Τοῦ
1232 4225 1288 4279 δὲ
1322 4226 1526 4280 κυανοῦ
1562 4225 1594 4298 ἢ
1626 4227 1723 4281 καὶ
1770 4229 1902 4279 ἐκα-

317 4308 477 4381 τέρου
496 4310 539 4341 υ
565 4310 810 4383 μετέχων
832 4312 1126 4384 χρώματος
1155 4316 1241 4378 εἰς
1266 4314 1613 4386 συμμετρίαν
1635 4315 1832 4383 ἀνάγει
1860 4316 1905 4345 ¹³

318 4400 408 4453 τὸν
439 4400 722 4471 ὀφθαλμὸν
749 4403 844 4456 καὶ
873 4402 1309 4475 παραμυθεῖται.

2007 3392 2151 3448 visui
2181 3393 2462 3459 conducit,
2490 3407 2556 3449 eo
2582 3392 2734 3464 quod
2778 3392 3162 3465 crystallinum
3232 3393 3376 3448 oculi
3406 3391 3605 3448 humo-

2007 3495 2124 3536 rem
2157 3478 2338 3547 fovet;
2379 3488 2735 3552 quapropter,
2774 3480 2909 3536 illud
2939 3480 3173 3535 densum
3212 3480 3603 3550 spongiosum-

2007 3587 2115 3643 que
2143 3581 2339 3628 natura
2373 3573 2617 3644 protulit,
2648 3588 2721 3630 ne
2745 3572 2954 3645 pupilla
3000 3571 3119 3642 ipsa
3151 3571 3337 3642 aliqua
3360 3585 3429 3627 ex
3448 3580 3606 3641 parte

2009 3664 2294 3721 laederetur
2317 3705 2331 3730 ,
2366 3674 2482 3721 tum
2509 3666 2677 3721 etiam
2735 3666 2817 3721 uti
2854 3665 3092 3736 plurium
3132 3678 3398 3719 venarum
3429 3679 3604 3733 capax

2010 3759 2182 3815 ﬁeret.
2217 3757 2508 3824 Prmterea,
2544 3771 2673 3812 eum
2725 3755 2882 3812 uvale
2914 3756 3042 3821 tale,
3072 3765 3133 3810 ut
3161 3755 3421 3818 diximus.
3452 3756 3601 3809 exsi-

2015 3860 2145 3915 stat,
2169 3851 2313 3914 ideo,
2328 3864 2398 3906 ne
2418 3848 2663 3904 visibilis
2677 3847 2902 3919 spiritus
2922 3862 3206 3917 egressum
3223 3846 3601 3915 interciperet.

2016 3942 2350 3997 terebratum
2394 3948 2500 3996 est.
2530 3940 2599 3995 At
2640 3938 2909 4003 exterius,
2968 3938 3203 3995 densum
3236 3946 3435 3992 natura
3467 3954 3605 3991 con-

2013 4033 2213 4097 stituit,
2249 4047 2318 4087 ne
2363 4032 2573 4088 scilicet
2623 4031 2767 4087 oeuli
2800 4046 3003 4103 corpus
3035 4029 3248 4086 absumi
3300 4038 3602 4100 pateretur,

2012 4125 2107 4180 sed
2166 4124 2391 4195 potius,
2449 4139 2575 4180 cum
2624 4122 2754 4179 illud
2815 4125 2869 4177 in
2930 4122 3209 4179 coloribus
3259 4122 3381 4189 plus
3433 4122 3606 4175 nimio

2012 4217 2246 4273 distrahi
2296 4232 2362 4273 ac
2405 4216 2657 4271 contrahi
2706 4215 2996 4279 accideret,
3056 4214 3330 4270 laboranti
3387 4213 3607 4269 adesset

2014 4311 2312 4383 suppetias.
2338 4311 2476 4367 Cum
2527 4314 2749 4368 oculum
2797 4310 2982 4366 album
3023 4319 3186 4381 atque
3224 4310 3441 4378 nigrum
3480 4323 3608 4363 esse

2015 4402 2318 4474 contingat,
2342 4402 2388 4459 si
2416 4403 2472 4458 in
2500 4418 2591 4459 res
2611 4401 2835 4473 plurimi
2861 4401 3124 4458 candoris
3144 4399 3422 4463 inciderit,
3456 4398 3606 4469 pari-

318 4502 401 4549 ter
436 4493 761 4551 distrahitur
786 4497 1224 4568 dissipaturque;
1260 4498 1405 4555 inea
1435 4513 1567 4555 vero
1589 4513 1711 4569 quae
1741 4498 1892 4569 nigra
1931 4507 2062 4554 sunt
2084 4498 2351 4565 incidens,
2404 4499 2751 4555 contrahitur
2793 4514 2860 4556 ac
2912 4507 3297 4571 congregatur.
3320 4495 3606 4553 Caruieus

317 4605 448 4645 vero
482 4591 695 4658 oculus,
730 4608 855 4648 eum
888 4594 1027 4652 inter
1058 4607 1353 4667 utrumque
1377 4596 1619 4651 colorem
1667 4612 1963 4652 commune
1993 4598 2271 4668 quoddam
2298 4598 2599 4668 possideat,
2627 4598 2695 4653 ad
2730 4597 3071 4654 moderatam
3116 4595 3436 4666 temperiem
3465 4609 3605 4649 ocu-

317 4684 429 4741 lum
460 4685 638 4754 ipsum
671 4687 886 4760 redigit,
921 4699 1087 4762 atque
1119 4692 1224 4763 61
1249 4692 1543 4749 demulcet.

396 4779 457 4833 Ὀ
503 4782 858 4853 κερατοειδὴς
912 4783 970 4839 δέ
1009 4784 1252 4851 ἐγένετο,
1284 4787 1375 4842 ἵνα
1403 4792 1611 4864 σφίγγῃ
1644 4794 1736 4846 καὶ
1763 4792 1900 4847 ἀπο-

2081 4789 2355 4845 Cor-neum
2398 4789 2665 4859 siquidem
2720 4789 2865 4845 oculi
2916 4789 3022 4843 hac
3071 4788 3137 4843 de
3181 4801 3349 4843 causa
3398 4784 3603 4842 factum

318 4872 535 4945 φράττῃ
564 4873 626 4926 τὸ
660 4874 839 4943 στόμα
863 4876 960 4945 τῆς
990 4877 1179 4949 κόρης,
1200 4879 1287 4933 ἵνα
1323 4881 1399 4952 μὴ
1421 4882 1488 4935 δι’
1508 4884 1641 4938 αὐτὸ
1664 4883 1735 4937 τὰ
1758 4883 1907 4954 ὑγρὰ

317 4966 626 5036 ἐκχέοιντο⁹
660 4967 777 5019 ἀλλ’
807 4967 1035 5037 ἔμελλεν
1066 4972 1383 5041 ἐμποδίζειν
1405 4975 1481 5044 τῷ
1510 4975 1725 5045 ὀπτικῷ
1743 4976 1905 5029 πνεύ-

321 5075 453 5127 ματι
478 5060 522 5091 ¹³
552 5060 643 5113 καὶ
664 5053 819 5123 οὗτος
849 5063 987 5133 πρὸς
1017 5063 1077 5117 τὸ
1100 5065 1330 5129 ἐξιέναι·
1361 5067 1451 5121 διὰ
1478 5068 1638 5123 τοῦτο
1667 5071 1904 5139 μάλιστα

318 5146 515 5217 ἐδεήθη
542 5150 607 5202 ἐκ
635 5150 1070 5223 διαφανεστάτης
1098 5156 1289 5219 οὐσίας
1309 5159 1401 5213 τὸν
1433 5160 1756 5232 κερατοειδῆ
1792 5177 1896 5229 γε·

320 5238 528 5295 νέσθαι.
553 5242 662 5296 Καὶ
696 5242 886 5316 ὥσπερ
921 5247 1140 5319 ὁρῶμεν
1170 5250 1251 5303 ὅτι
1279 5252 1389 5305 τῶν
1424 5254 1729 5324 κερατίνων
1752 5254 1898 5308 ἔνδο-

2006 4896 2130 4952 est,
2190 4885 2271 4941 uti
2327 4886 2544 4957 pupillae
2605 4882 2878 4941 oriﬁcium
2937 4883 3212 4955 stringat,
3275 4880 3601 4953 sapiatque,

2006 4979 2304 5049 quominus
2346 4980 2548 5034 humor
2606 4994 2703 5049 per
2756 4977 2935 5048 ipsum
2984 4976 3210 5041 deﬂuat,
3261 4974 3353 5046 qui
3398 4973 3601 5030 visibiti

2003 5075 2220 5145 spiritui
2270 5084 2423 5132 extra
2467 5074 2765 5146 egredienti
2817 5076 3097 5146 negOtium
3158 5072 3501 5135 facesseret,
3550 5077 3605 5124 et

2001 5167 2105 5223 hac
2134 5169 2201 5223 de
2249 5184 2435 5233 causa,
2465 5183 2577 5238 prae
2611 5167 2949 5224 lucidissima
2990 5164 3299 5221 substantia
3339 5177 3602 5221 corneum

1999 5259 2255 5314 constitui
2304 5260 2569 5328 oportuit.
2626 5257 2690 5314 Et
2739 5256 3205 5329 quemadmodum
3262 5256 3317 5311 in
3374 5253 3597 5311 corneis

391 5419 437 5449 ⁸³
470 5418 916 5506 διασχίςονῖαιῇΒ
962 5424 1023 5506 1:.
1061 5425 1145 5506 “9‘
1182 5426 1264 5506 his
1292 5439 1436 5506 caret
1615 5432 1678 5506 "_
1697 5433 2102 5506 παρεμφαίνειν
2139 5436 2199 5506 Β,
2276 5438 2322 5468 ⁸⁸
2348 5436 2606 5506 κτιδόμας
2631 5435 2701 5506 Α.
2739 5434 2824 5506 7"
2861 5433 3204 5506 ἐπιπεφυξεδς
3258 5433 3313 5487 Bo
3414 5435 3461 5506 Ϊῗ
3500 5452 3599 5506 πξέέ

323 5490 607 5590 ρικρανίου
668 5493 708 5545 Β
747 5493 789 5546 C
839 5493 901 5547 P.
977 5496 1021 5526 θ’
1058 5495 1115 5560 ὃς
1170 5496 1269 5567 τὴν
1331 5499 1455 5572 ἀρχ.
1494 5500 1577 5569 ἔγ.

376 5561 792 5611 κρυσταλοειδὲς
824 5564 861 5611 Α
898 5563 936 5611 Β
965 5564 1003 5611 (Σ
1033 5566 1092 5611 P-
1170 5569 1189 5599 ³
1222 5569 1312 5611 xa‘:
1355 5570 1491 5611 τολέϐ
1544 5559 1577 5611 il

1643 5501 1695 5575 B_
1720 5502 1781 5575 Ο,
1837 5501 1877 5575 ς¹
1909 5503 2010 5575 τῆς
2042 5520 2101 5557 τε
2138 5505 2197 5561 Β.
2275 5508 2295 5537 ³
2326 5501 2684 5575 λαμϐοέιδοῦς
2737 5505 2796 5564 Β.
2824 5505 2879 5558 λε
2892 5501 3172 5575 μϐοειὸοῦς
3204 5506 3264 5558 C.
3346 5506 3365 5535 ³
3398 5504 3503 5575 ἔξω

326 5518 607 5590 [ιιιριινιυυ
668 5518 708 5545 υ
737 5518 789 5589 :1
839 5518 901 5547 ιό
979 5518 1019 5580 2'
1058 5518 1115 5560 ος
1170 5518 1269 5567 την
1293 5569 1303 5582 ι
1331 5518 1455 5579 αριχ.
1494 5518 1577 5569 εγ.
1644 5518 1683 5552 ὕ
1720 5518 1781 5556 LI.
1865 5518 1877 5534 ¹
1909 5521 2010 5572 της
2042 5520 2101 5557 τε
2138 5518 2197 5561 β.
2276 5518 2295 5537 ³
2327 5518 2684 5575 λαμϋοειοους
2737 5518 2796 5564 ὕ.
2827 5518 3172 5575 λεμῠοειοους
3204 5518 3264 5558 υ.
3346 5518 3365 5535 ⁶
3398 5518 3503 5570 εςω
3542 5518 3597 5559 U.

326 5561 936 5659 ...*r?3r?;°a=?=<e§
965 5559 1601 5659 ξιιιῖτ,,,³λ,ξει.εεςέεξοίι-
1667 5571 1942 5659 ξπλεέορε
1972 5574 2031 5627 B-
2110 5576 2224 5659 te
2250 5576 2498 5659 δεκτικὸν.
2524 5574 2743 5659 πνεῡημα
2772 5576 2821 5659 r.
2846 5576 2911 5659 (έ-
2985 5575 3166 5659 te.“
3198 5576 3261 5659 '3;
3329 5575 3443 5659 33a
3468 5574 3507 5625 Β
3543 5574 3598 5659 r-

395 5632 511 5717 ᾅέια
533 5632 752 5717 ειεξιτβζι
813 5633 849 5663 ¹¹
877 5633 935 5686 τὸ
965 5634 1020 5688 δὲ
1064 5638 1295 5691 κοιμῶν
1323 5632 1428 5692 ὑπὸ
1477 5641 1626 5694 ἐκατ.
1666 5640 1720 5695 Β.
1761 5643 1851 5695 τοῦ
1877 5632 1938 5697 δὲ’
1972 5646 2171 5700 κυανοῦ
2203 5648 2305 5701 ὑπὸ
2338 5646 2615 5717 ἑκατέρων
2643 5632 2705 5701 C.
2782 5647 2822 5677 "
2854 5644 2976 5714 ἄγει
3009 5645 3049 5699 Β
3080 5647 3136 5701 l‘.
3220 5645 3263 5677 ¹³
3294 5643 3354 5697 τὸ
3375 5644 3603 5698 ὀπτικὸν

321 5697 533 5766 πνεῦμα
572 5700 610 5752 Β
644 5704 684 5756 (ὲ
714 5702 769 5753 l’.

393 5855 467 5922 (ε)
501 5855 615 5926 ονε»
672 5856 893 5920 11,515.
