4204 6448
684 385 824 442 4167

683 598 1054 666 impedimenti
1120 597 1457 665 sentientes,
1520 599 1802 670 proprium
1859 599 2038 653 lumen
2101 609 2256 652 extra

680 690 953 755 emittunt,
987 691 1058 745 ita
1089 690 1234 746 oculi
1266 707 1550 758 corneum,
1581 708 1705 748 cum
1737 689 2130 745 translucidum
2160 694 2254 756 sit,

679 781 907 836 \isiliilis
961 783 1190 852 spiritus
1241 784 1552 840 facultatem
1604 785 1920 854 neutiquam
1961 784 2252 853 intercipit.

680 873 853 943 llujus
895 877 1104 945 gratia,
1159 877 1342 932 tunica
1388 891 1551 947 quam
1597 876 1934 948 superiorem
1973 875 2214 930 diximus
2240 916 2254 937 .

679 972 849 1017 towm
897 979 1161 1020 corneum
1210 965 1638 1036 haudquaquam
1687 965 2110 1035 complectitur,
2161 965 2255 1020 sed

676 1053 807 1106 dum
845 1053 1022 1123 ipsum
1087 1055 1430 1111 circnlariter
1487 1055 1846 1128 constringit,
1893 1058 2256 1126 comprehen-

676 1144 863 1213 tlitque
887 1186 903 1210 ,
939 1161 1102 1200 unam
1149 1154 1360 1202 tantum
1415 1146 1536 1217 ejus
1572 1146 1880 1218 portionem
1929 1149 2253 1205 eircnlarem

677 1235 953 1304 relinquit,
1004 1252 1112 1307 qua
1146 1237 1414 1294 visibilem
1452 1239 1704 1308 spiritum
1733 1249 1886 1295 extra
1929 1241 2252 1311 ejaculetur.

673 1326 828 1392 Quod
885 1337 1068 1383 autent
1121 1345 1379 1386 corneum
1429 1341 1624 1386 natura
1655 1332 1838 1386 album
1882 1334 1974 1397 sit,
2027 1335 2128 1388 hoc
2158 1350 2256 1387 nu-

675 1418 759 1473 his
797 1430 1121 1491 argumento
1149 1433 1252 1486 est,
1284 1422 1409 1492 quia
1455 1437 1580 1476 cum
1628 1423 1888 1478 densatur
1925 1425 2106 1478 album
2149 1427 2207 1477 lit
2238 1440 2250 1474 :

674 1510 851 1576 ipsum
897 1512 1079 1576 enim,
1133 1513 1188 1566 in
1239 1513 1324 1568 his
1373 1514 1468 1583 qui
1526 1514 1666 1569 albis
1717 1525 1845 1569 sunt
1890 1515 2065 1570 oculis
2115 1531 2252 1585 pra:-

672 1600 789 1664 diti,
826 1601 1057 1656 densum
1093 1601 1324 1683 efficitur
1362 1623 1375 1659 ;
1411 1619 1600 1659 verum
1637 1620 1744 1660 non
1789 1604 1875 1660 sui
1908 1617 2124 1671 natura,
2158 1608 2252 1662 sed

673 1693 846 1747 ll“:]ilS
900 1695 1072 1764 gratia
1109 1695 1252 1765 quod
1287 1695 1388 1750 sibi
1421 1696 1727 1766 subjectum
1768 1704 1872 1760 est,
1919 1713 1950 1750 a
1993 1714 2102 1768 quo
2128 1714 2252 1753 cum

2002 386 2288 443 MELE'I‘II
2329 388 2643 445 MONAClU

680 505 907 561 laternis
956 507 1192 560 lucerna:
1239 520 1502 570 accensa,
1550 505 1687 560 nihil
1741 521 1770 559 a
1821 520 1990 560 cornu
2031 521 2253 574 corpore

2364 507 2453 559 θεν
2489 509 2672 574 φανῶν
2699 508 3092 578 περιεχόμενος
3129 509 3155 560 ὀ
3182 508 3375 576 λύχνος
3403 506 3465 560 τὸ
3505 505 3624 576 φῶς

3506 596 3676 668 λύχνῳ
3707 589 3840 654 τιιῒέ¹
3851 599 3866 664 χ

2364 596 2470 662 ἔξω
2503 604 2737 669 πέμπει,
2777 600 2946 669 μηδὲν
2977 599 3367 668 ἐμποδίζοντος
3390 598 3470 668 τῷ
3496 596 3676 668 λύχνῳ
3707 589 3866 664 τειξῖ

2365 709 2536 761 ματος
2555 710 2570 725 ·
2601 693 2742 746 οὕτω
2785 691 3066 747 κάνταῦθα
3096 693 3124 743 ὀ
3151 693 3525 762 κερατοειδὴς,
3557 691 3826 763 διαφανὴς
3843 685 3941 759 δν,

2362 785 2461 838 οὐκ
2487 785 2770 856 ἐμποδίζει
2799 785 2858 837 τὸ
2881 784 3104 837 ὀπτικόν
3132 783 3353 855 πνεῦμα
3379 785 3542 850 διεξιε
3557 802 3656 838 ναι.
3683 785 3780 838 Διὰ
3809 783 3942 837 ταύ-

2360 896 2461 948 την
2497 879 2598 949 τὴν
2631 877 2812 933 αίτίαν
2861 878 2957 932 καὶ
2990 880 3016 931 6
3059 876 3418 946 ἐπιπεφυκὼς
3459 879 3520 930 οὐ
3553 879 3732 932 πάντα
3782 893 3942 948 περι-

2361 970 2632 1041 λαμϐάνει
2660 970 2753 1024 τὸν
2793 970 3136 1043 κερατοειδῆ,
3169 969 3306 1023 ἀλλὰ
3342 970 3533 1039 κυκλῷ
3560 969 3942 1040 περισφίγγων

2361 1065 2545 1130 αὐτὸν,
2578 1064 2674 1117 καὶ
2705 1063 3155 1134 περιλαμϐάνων,
3192 1062 3390 1133 μοῖράν
3406 1078 3528 1114 τινα
3550 1060 3718 1114 αὐτοῦ
3749 1061 3945 1115 κυκλο-

2359 1157 2492 1228 τερῆ
2532 1157 2791 1226 ἀφίησιν·
2829 1157 2918 1210 ἵνα
2942 1155 3008 1208 δι’
3047 1155 3221 1224 αὐτῆς
3259 1153 3587 1226 ἐξακοντίζει
3620 1153 3683 1204 τὺ
3715 1152 3945 1206 ὀπτικδν

2361 1251 2602 1320 πνεῦμα.
2657 1250 2862 1303 Ὅτιδὲ
2893 1251 2988 1303 καὶ
3038 1251 3067 1302 ὀ
3120 1247 3476 1318 κερατοειδὴς
3535 1245 3696 1316 φύσει
3751 1245 3945 1310 λευκός

2359 1345 2497 1407 ἐστι,
2527 1345 2686 1415 δῆλον
2716 1346 2779 1396 ἐκ
2801 1343 2895 1396 τοῦ
2923 1341 3303 1412 παχυνόμενον
3332 1340 3498 1392 αὐτὸν
3528 1337 3940 1392 λευκαίνεσθαι·

2362 1436 2664 1505 παχύνεται
2691 1435 2749 1489 δὲ
2777 1438 2836 1490 ἐν
2869 1437 2983 1499 τοῖς
3016 1433 3336 1502 λευκώμασι
3363 1448 3377 1461 ·
3413 1432 3667 1500 φαίνεται
3703 1430 3762 1483 δὲ
3789 1430 3941 1499 ὅμως

2366 1529 2554 1600 μέλας,
2596 1530 2657 1580 οὑ
2680 1528 2769 1581 διὰ
2798 1527 2897 1598 τὴν
2932 1528 3141 1580 οἰκείαν
3170 1526 3356 1594 φύσιν,
3384 1524 3503 1578 ἀλλ’
3542 1527 3623 1577 ὅτι
3647 1521 3943 1591 ὑποκείμε-

2361 1638 2450 1681 νος
2495 1619 2646 1687 αὐτῷ
2710 1621 2738 1671 6
2791 1607 3101 1689 ραγοειδὴς,
3159 1615 3370 1669 νοθεύει
3420 1613 3585 1668 αὐτοῦ
3619 1613 3682 1665 τὸ
3719 1611 3938 1681 χρῶμα.

2362 1714 2515 1766 Εἰσὶν
2549 1709 2643 1766 οὖν
2673 1713 2722 1766 οἱ
2747 1711 2841 1764 δύο
2869 1711 2969 1782 μὲν
2992 1710 3200 1773 λευκοὶ,
3225 1709 3397 1779 ἤγουν
3421 1710 3450 1761 6
3478 1705 3829 1777 κερατοειδὴς
3849 1701 3944 1754 καὶ

673 1781 823 1836 color
854 1782 974 1852 ejus
1023 1782 1383 1847 adulteretur,
1430 1784 1645 1855 nigrum
1683 1800 1803 1840 esse
1836 1787 2070 1841 videtur.
2107 1787 2253 1843 Duas

2359 1810 2387 1859 6
2431 1805 2789 1876 ἐπιπεφυκὼς
2817 1824 2829 1836 ·
2874 1781 3108 1874 μέλανες
3141 1803 3198 1854 δὲ
3232 1804 3282 1856 οἱ
3313 1801 3408 1854 δύο
3433 1817 3445 1830 ·
3487 1801 3514 1852 ὅ
3552 1816 3611 1851 τι
3676 1795 3946 1866 ἀμφιϐληο

673 1875 837 1944 igitur
888 1875 1203 1938 tuniculas,
1263 1890 1522 1931 corneam
1575 1889 1630 1932 et
1680 1877 2044 1948 superiorem,
2099 1881 2253 1935 allaas

2361 1869 2663 1971 στροειδὴς,
2700 1898 2795 1950 καὶ
2836 1869 3186 1967 ὀ-ραγοειδής
3207 1911 3224 1926 ·
3262 1894 3391 1963 περὶ
3421 1892 3521 1963 μὲν
3559 1891 3603 1922 ¹δ
3633 1889 3744 1941 τῶν
3776 1886 3942 1956 χιτώ-

671 1982 792 2021 cssc
825 1975 1042 2021 constat
1081 1986 1095 2020 :
1128 1967 1296 2038 nigrae
1333 1983 1464 2022 vero
1504 1970 1751 2035 totidem,
1782 1971 2088 2026 reticularis
2123 1989 2254 2026 υκαι

605 2105 614 2110 .
671 2060 847 2130 lisque
870 2069 1036 2127 sunt;
1069 2061 1137 2116 de
1173 2076 1361 2115 earum
1396 2061 1581 2130 itaque
1617 2061 1828 2132 origine
1858 2103 1870 2126 ,
1913 2080 1975 2117 ac
2023 2079 2253 2117 numero

670 2151 985 2223 coloreque,
1026 2169 1238 2210 necnon
1283 2171 1422 2227 quas
1469 2157 1860 2226 appellationes
1921 2159 2249 2222 sortiuntur,

670 2243 805 2298 satis
848 2245 1181 2313 explicatum
1222 2257 1326 2303 est.
2037 2263 2042 2266 '

741 2336 936 2391 Restat
967 2340 1044 2392 uti
1101 2339 1167 2393 de
1210 2342 1536 2397 humoribus
1571 2343 1858 2396 oculorum
1900 2343 2102 2412 quibus
2151 2342 2250 2408 ipsi

669 2435 798 2483 sunt
817 2428 1029 2497 praediti
1056 2429 1420 2498 disseramus;
1444 2433 1543 2487 hos
1565 2433 1710 2486 enim
1737 2442 1845 2487 tres
1874 2447 1995 2488 esse
2022 2446 2252 2486 numero

667 2519 920 2575 dicimus.
960 2520 1179 2577 Primus
1214 2523 1435 2592 quidem
1467 2523 1671 2580 vitreus
1697 2524 1894 2578 humor
1929 2531 2034 2584 est,
2069 2519 2161 2591 qui
2197 2523 2250 2576 in

669 2607 849 2664 medio
869 2609 1102 2666 visibilis
1126 2620 1337 2667 meatus
1365 2613 1640 2676 consistit,
1665 2612 1808 2666 unde
1840 2611 1989 2666 nervi
2014 2612 2250 2678 sparsim

666 2701 828 2770 positi
864 2701 1213 2758 reticularem
1254 2704 1496 2758 tunicam
1537 2704 1899 2758 constituunt.
1941 2701 2040 2758 llic
2070 2713 2250 2757 autem

671 2793 866 2847 humor
884 2793 1090 2849 vitreus
1117 2802 1487 2863 nuncupatur,
1520 2795 1664 2864 quod
1701 2809 1810 2863 pra:
1845 2795 1928 2849 sui
1956 2794 2102 2849 ﬂuxu
2137 2803 2250 2848 tum

668 2884 884 2951 colore,
919 2894 1032 2939 tum
1076 2883 1469 2940 constitutione
1512 2885 1712 2938 vitrum
1761 2884 1978 2954 efﬁgiet.
2025 2886 2106 2939 Ab
2149 2886 2252 2940 hoc

666 2977 829 3036 alius.
853 2977 945 3046 qui
968 2975 1269 3048 crystallini
1297 2991 1494 3031 nomen
1519 2976 1748 3040 obtinet,
1775 2976 1976 3029 humor
2000 2984 2103 3036 est.
2126 2976 2251 3031 inde

665 3069 940 3134 videlicet,
965 3068 1108 3139 quod
1135 3068 1325 3140 glaciei
1346 3083 1467 3138 qua:
1484 3083 1514 3122 a
1531 3067 1736 3124 Graecis
1757 3066 2090 3139 κρύσταλλος
2116 3066 2248 3121 dicio

667 3173 776 3227 tur,
817 3160 1012 3216 similis
1038 3161 1129 3216 sit.
1169 3161 1379 3230 Aquam
1416 3173 1655 3229 namque
1701 3155 1900 3228 frigore
1931 3169 2244 3213 concretam
2281 3198 2328 3257 Ο

666 3253 892 3323 glaciem
923 3262 1070 3308 recte
1092 3253 1319 3308 dixeris.
1353 3251 1505 3306 Talis
1535 3250 1806 3320 siquidem
1837 3250 2036 3305 humor
2057 3250 2247 3321 διοίξῖεὶ

666 3345 806 3414 ipsi,
843 3344 1047 3400 coloris
1087 3342 1607 3412 constitutionisque
1637 3341 1996 3397 similitudine
2020 3357 2248 3412 respon-

666 3439 776 3492 det.
817 3435 917 3492 Hic
946 3446 1129 3491 autem
1181 3436 1377 3489 humor
1433 3433 1752 3489 dimidiatus
1782 3448 1904 3488 cum
1934 3434 2108 3488 vitreo
2143 3434 2247 3488 hu-

669 3545 854 3596 more,
908 3543 973 3585 ac
1025 3526 1269 3583 vicissim
1327 3526 1622 3583 transfixus
1679 3525 1978 3581 confertur.
2027 3525 2248 3582 Tertius

667 3633 848 3676 autem
877 3621 1076 3676 humor
1102 3620 1246 3676 oculi
1275 3619 1448 3675 ovalis
1478 3619 1698 3682 dicitur,
1729 3619 1875 3689 quod
1908 3619 2091 3675 subtili
2125 3635 2248 3689 qua:

669 3717 722 3768 in
755 3729 861 3770 ovo
890 3722 975 3770 est
1012 3722 1066 3770 et
1101 3713 1347 3770 candida:
1378 3713 1520 3784 parti
1547 3712 1746 3768 similis
1772 3722 1874 3779 est.
1907 3713 1974 3767 Et
2025 3713 2247 3783 quidem

669 3809 866 3864 humor
907 3808 1146 3862 vitreus-
1175 3806 1379 3878 duplici
1429 3804 1552 3862 usui
1588 3806 1698 3877 62
1751 3805 2201 3861 accommodatur
2236 3825 2247 3859 :

668 3915 793 3955 nam
838 3901 1160 3972 crystallin
1203 3908 1318 3955 tum
1347 3914 1583 3970 superne
1628 3899 1956 3963 obducitur,
2004 3909 2118 3954 tum
2146 3899 2250 3969 ipsi

670 3993 993 4048 alimentum
1021 3992 1288 4064 suggerit.
1351 3992 1424 4046 At
1459 3991 1634 4048 ovalis
1682 3999 2048 4063 praeterquam
2099 3991 2250 4061 quod

669 4084 1043 4155 crystallinum
1071 4084 1141 4140 ob
1163 4083 1419 4141 assiduas
1447 4084 1693 4140 actiones
1723 4084 2109 4140 siccescentem
2135 4099 2252 4138 ma-

669 4173 889 4236 defacit,
915 4173 1386 4244 prapugnaculum
1409 4172 1572 4229 etiam
1604 4173 1725 4242 ejus
1750 4182 1853 4240 est,
1877 4188 1946 4229 ne
1972 4173 2181 4230 scilicet
2199 4182 2253 4229 et

671 4267 726 4320 iu
749 4264 1081 4320 ambientem
1111 4279 1238 4320 aera
1267 4273 1488 4335 repente
1523 4265 1792 4331 incidens,
1829 4265 1898 4320 ab
1918 4265 2038 4336 ipso
2065 4266 2250 4336 aliqua

669 4371 736 4410 ex
761 4365 914 4427 parte
931 4354 1255 4424 laederetur;
1277 4355 1426 4422 talis,
1443 4357 1689 4427 inquam,
1713 4357 1887 4413 ovalis
1909 4357 2107 4414 humor
2122 4357 2253 4414 sub-

672 4450 782 4506 tilis
801 4459 855 4506 et
888 4463 1086 4506 aereus
1105 4447 1359 4513 habetur,
1378 4448 1458 4505 sic
1481 4458 1538 4504 ut
1565 4448 1768 4506 visibili
1792 4449 2008 4521 spiritui
2035 4465 2130 4520 per
2149 4465 2252 4520 pu-

2358 2012 2464 2045 νων
2511 1992 2610 2059 τῆς
2664 2007 2721 2042 τε
2757 1989 3066 2058 ἐκφύσεως,
3119 1987 3216 2040 καὶ
3244 1985 3339 2038 τοῦ
3394 1982 3655 2054 ἀριθμοῦ,
3713 1977 3941 2044 καὶτῆς

2356 2084 2547 2153 χρείας
2613 2081 2814 2143 αὐτῶν,
2871 2079 2968 2132 καὶ
3023 2079 3122 2147 τῆς
3178 2076 3479 2146 ὀνομασίας
3544 2073 3836 2142 αὐτάρκως
3871 2069 3942 2120 εἰσ

2357 2190 2536 2246 ρηταμ

2431 2330 2696 2398 Εἶπωμεν
2731 2328 2788 2380 δὲ
2829 2329 2870 2360 ¹⁵
2905 2325 3035 2394 περὶ
3073 2323 3182 2375 τῶν
3218 2323 3274 2375 ἐν
3305 2321 3492 2381 αὐτοῖς
3529 2321 3699 2370 ὄντων
3739 2315 3935 2385 ὑγρῶν·

2356 2424 2462 2476 εἰσὶ
2510 2422 2566 2474 δὲ
2607 2421 2674 2473 τὰ
2735 2419 2826 2472 τοῦ
2866 2417 3151 2486 ὀφθαλμοῦ
3199 2413 3345 2483 ὑγρὰ
3393 2411 3485 2464 τὸν
3518 2411 3752 2482 ἀριθμὸν
3793 2408 3936 2478 τρία.

2357 2516 2467 2569 Καὶ
2498 2512 2724 2583 πρῶτον
2763 2512 2866 2580 μέν
2906 2513 3021 2563 ἐστι
3071 2507 3131 2559 τό
3163 2506 3394 2568 ὑελῶδες
3415 2523 3427 2534 ·
3456 2505 3483 2557 ὃ
3513 2504 3608 2556 καὶ
3648 2502 3688 2531 ¹⁶
3712 2501 3854 2553 κατὰ
3880 2500 3940 2552 τὸ

2359 2610 2525 2680 μέσον
2550 2607 2798 2674 ἔγκειται
2820 2603 2915 2656 τοῦ
2939 2600 3171 2654 ὀπτικοῦ
3205 2600 3376 2670 πόρου
3403 2616 3415 2627 ·
3449 2597 3570 2650 ὅθεν
3593 2597 3651 2647 αἱ
3679 2596 3937 2663 διεσπαρ-

2360 2703 2522 2772 μέναι
2555 2694 2670 2761 ἶνες
2698 2695 2916 2752 ποιοῦσι
2943 2693 3037 2748 τὸν
3063 2689 3593 2763 ἁμφιϐληστροειδῆ·
3630 2685 3854 2741 καλοῦσι
3882 2684 3937 2738 δὲ

2357 2791 2621 2854 ὑελῶδες
2655 2789 2815 2842 τοῦτο
2865 2787 2928 2839 τὸ
2974 2785 3161 2856 ὑγρὸν,
3198 2786 3417 2853 ὅτιπερ
3469 2782 3511 2812 ⁸⁷
3558 2777 3936 2849 παραπλήσιόν

2356 2889 2505 2940 ἐστιν
2541 2885 2705 2953 ὑέλῳ,
2740 2881 2886 2934 κατὰ
2909 2895 2968 2931 τε
2997 2877 3059 2930 τὺ
3087 2875 3286 2948 χρῶμα
3322 2873 3417 2928 καὶ
3443 2872 3584 2926 κατὰ
3605 2871 3705 2935 τὴν
3737 2866 3935 2920 σύστα-

2359 3002 2462 3037 σιν.
2501 2981 2635 3036 Μετ’
2663 2978 2842 3030 ὲκεῖνο
2867 2973 2924 3028 δέ
2961 2975 3078 3024 ἐστι
3107 2971 3168 3023 τὸ
3187 2968 3486 3037 λεγόμενον
3515 2963 3937 3032 κρυσταλλοειο

2355 3076 2458 3141 δὲς
2491 3075 2535 3105 ¹⁸
2571 3071 2771 3140 ὑγρόν·
2807 3069 2901 3122 καὶ
2934 3065 3049 3134 ἔχει
3093 3060 3262 3114 αὑτοῦ
3306 3059 3407 3127 τὴν
3446 3053 3746 3125 ὀνομα“σῐαν
3792 3050 3939 3120 παρὰ

2357 3167 2420 3219 το
2451 3164 2688 3218 ἐοικέναι
2719 3158 3048 3233 κρυστάλλῳ
3080 3157 3147 3188 ¹⁹·
3174 3151 3518 3225 κρύσταλλος
3551 3149 3596 3179 ³⁸
3620 3145 3676 3199 δέ
3703 3147 3820 3198 ἐστι
3847 3160 3939 3233 πεῖ

2361 3256 2538 3328 πηγὸς
2567 3254 2712 3324 ὕδωρ
2736 3230 2933 3303 (ἔοικε
2963 3247 3019 3300 δὲ
3049 3246 3227 3315 τούτῳ
3258 3242 3403 3295 κατά
3439 3256 3497 3291 τε
3529 3237 3588 3290 τὸ
3618 3234 3818 3328 χρῶμα
3848 3230 3940 3328 καλ

2357 3324 2502 3402 κατά
2532 3347 2631 3415 τὴν
2669 3335 2978 3397 σύστασιν·
3009 3336 3313 3408 συμϐάλλει
3345 3334 3402 3386 δὲ
3443 3332 3503 3384 τὸ
3527 3331 3703 3401 ἣμισυ
3739 3327 3806 3391 ³⁸,
3848 3324 3939 3378 καὶ

2356 3433 2469 3493 οἷον
2500 3437 2859 3508 ὲμπέπαρται
2906 3433 2968 3486 τὸ
3011 3429 3245 3493 ὑελῶδες
3277 3427 3445 3496 ὑγρὸν
3486 3424 3624 3495 μετὰ
3663 3421 3760 3475 τοῦ
3807 3437 3938 3492 κρυ-

2359 3527 2740 3591 σταλλοειδοῦς
2795 3527 2865 3580 ¹¹.
2903 3525 3060 3578 Ἔστι
3091 3522 3148 3576 δὲ
3201 3521 3297 3574 καὶ
3327 3518 3513 3591 τρίτον
3543 3515 3710 3586 ὑγρὸν
3759 3515 3817 3566 ὲν
3865 3511 3941 3581 τῷ

2355 3621 2655 3694 ὀφθαλμῷ·
2692 3622 2787 3675 καὶ
2833 3618 3084 3673 καλεῖται
3119 3613 3381 3686 ὠοειδὲςν,
3427 3610 3580 3680 παρὰ
3613 3607 3674 3661 τὸ
3707 3605 3941 3659 ἐοικέναι

2357 3719 2435 3788 τῷ
2471 3715 2658 3787 λεπτῷ
2688 3715 2782 3769 καὶ
2811 3712 2994 3783 λευκῷ
3031 3713 3098 3744 ⁸¹⁴
3123 3709 3224 3762 τοῦ
3247 3705 3381 3761 ὠοῦ.
3407 3703 3583 3775 λρεία
3615 3702 3672 3754 δέ
3701 3701 3819 3753 ἔστι
3848 3694 3938 3750 τοῦ

2359 3808 2628 3872 ὑελὼδους
2670 3808 2858 3877 διττή·
2915 3805 3010 3858 καὶ
3040 3803 3147 3873 γὰρ
3181 3801 3276 3855 καὶ
3315 3797 3665 3868 ὑπέστρωται
3691 3791 3770 3862 τῷ
3811 3805 3940 3861 κρυο

2362 3898 2694 3954 σταλλοειδεϊ
2725 3897 2794 3964 ³³,
2838 3896 2938 3952 καὶ
2965 3893 3157 3966 τρέφει
3193 3889 3349 3945 αὑτό.
3377 3887 3452 3940 Τὸ
3480 3885 3538 3939 δὲ
3584 3882 3804 3944 ὠοειδὲς
3829 3880 3941 3932 ἐπι-

2357 3993 2543 4063 τέγγει
2575 4009 2636 4045 τε
2681 3989 2744 4044 τὸ
2787 3971 3238 4058 κρυσταλλοειδὲς
3291 3986 3358 4046 ³⁵,
3401 3976 3641 4048 συνεχῶς
3689 3971 3794 4027 ὑπὸ
3834 3970 3939 4024 τῶν

2357 4085 2652 4158 ἐνεργειῶν
2688 4084 3085 4154 ξηραινόμενον
3105 4092 3118 4107 ³
3159 4075 3301 4132 ἀλλὰ
3329 4073 3438 4146 μὴν
3473 4072 3570 4125 καὶ
3599 4066 3863 4139 πρόϐολος
3893 4065 3934 4158 ’ξ

2359 4155 2522 4235 αὑτοῦ
2561 4178 2810 4248 γίνεται,
2870 4178 3014 4230 ὥστε
3071 4172 3148 4244 μὴ
3195 4163 3607 4240 apinae-absit
3653 4161 3732 4232 τῷ
3781 4155 3941 4229 πέριξ

2358 4271 2561 4345 ὁμιλῶν
2609 4272 2735 4344 ἀέρι
2773 4267 3109 4341 βλάπτεσθαι
3148 4264 3240 4319 ὑπ’
3270 4259 3460 4317 αὐτοῦ.
3497 4258 3655 4313 Ἔστι
3697 4255 3755 4308 δὲ
3781 4252 3938 4345 τοῦτο

2357 4344 2419 4424 τό
2470 4366 2689 4430 ὼοειδὲς
2719 4361 2920 4417 λεπτὸν
2969 4359 3066 4414 καὶ
3095 4357 3361 4429 ἀερῶδες,
3411 4353 3488 4416 ὼς
3520 4351 3596 4423 μὴ
3625 4344 3938 4419 ἐμποδίζειν

2359 4457 2436 4528 τῷ
2466 4453 2682 4526 ὀπτικῷ
2712 4453 2988 4524 πνεύματι
3015 4447 3302 4521 φερομένῳ
3331 4443 3487 4517 παρὰ
3514 4442 3615 4514 τὴν
3645 4439 3837 4510 κόρην.
3867 4435 3939 4488 Τδ

672 4542 859 4612 pillam
885 4541 1203 4612 procedenti
1234 4541 1385 4596 nullo
1422 4541 1814 4611 impedimento
1843 4541 1933 4596 sit.
1969 4540 2253 4612 Crystalli-

2358 4551 2414 4606 δὲ
2444 4547 2898 4623 κρυσταλλοειδές
2928 4546 2975 4577 ³⁸
3017 4545 3136 4598 ἔστι
3168 4540 3497 4614 μεσαίτατον
3529 4528 3932 4607 περιλαμϐανό-

672 4649 804 4690 num
832 4648 964 4690 vero
992 4633 1279 4689 humorem
1305 4675 1320 4698 ,
1352 4633 1591 4688 medium
1621 4634 1732 4688 duo
1757 4633 1952 4704 reliqui
1991 4633 2253 4689 humores

2359 4661 2543 4715 μενον,
2571 4641 2680 4696 ὑπὸ
2704 4639 2815 4694 τῶν
2840 4637 2936 4693 δύο
2957 4635 3144 4706 ὑγρῶν
3162 4631 3388 4688 καὶτῶν
3406 4628 3615 4684 λοιπῶν
3632 4623 3936 4715 εἰρημένων

672 4741 734 4780 ac
750 4739 874 4782 cum
898 4725 985 4782 his
1011 4724 1080 4780 de
1100 4725 1300 4795 quibus
1316 4723 1554 4779 diximus
1575 4723 1835 4779 tunicula:
1851 4725 2186 4794 suscipiunt,
2201 4733 2253 4779 et

2358 4712 2638 4808 χιτώνων·
2694 4732 2792 4788 καὶ
2818 4731 2952 4787 αὑτό
2999 4733 3118 4783 ἐστι
3146 4729 3210 4782 τὸ
3259 4720 3799 4794 ἀντιλαμϐανόμενον
3843 4712 3932 4769 καὶ

676 4821 794 4889 ipse
819 4827 904 4876 est
929 4819 1023 4891 qui
1052 4817 1284 4875 visibilis
1308 4818 1563 4888 potentiae
1583 4827 1786 4888 partes,
1821 4827 1877 4872 et
1899 4832 2024 4888 quae
2060 4817 2255 4887 primi-

675 4922 762 4968 tus
792 4922 1086 4983 operantur
1106 4909 1300 4966 obvius
1324 4910 1572 4977 suscipit.

746 5003 1036 5060 Enimvero
1075 5003 1308 5061 visibilis
1347 5003 1444 5074 qui
1495 5002 1550 5057 in
1592 5001 1767 5059 oculis
1806 5013 1889 5059 est
1933 5002 2182 5074 spiritus.
2219 5019 2250 5058 a

673 5097 902 5153 cerebro
938 5098 1004 5153 ad
1043 5098 1421 5170 crystallinnm
1468 5094 1663 5158 fertur,
1703 5103 1756 5150 et
1789 5093 2061 5165 duplicem
2089 5093 2252 5150 ofﬁcii

675 5185 1012 5243 functionem
1067 5189 1284 5259 explet,
1330 5187 1556 5242 alteram
1594 5185 1850 5256 quidem,
1904 5186 1983 5241 uti
2032 5186 2253 5242 oculum

674 5279 893 5348 plenum
939 5278 1165 5346 reddat,
1219 5281 1378 5350 eique
1419 5279 1623 5350 justam
1679 5279 2106 5347 magnitudinem
2153 5280 2256 5334 int-

676 5373 981 5440 pertiatur,
1039 5383 1095 5429 et
1154 5371 1444 5444 plurimam
1503 5370 1818 5426 distantiam
1884 5370 2080 5427 elllciat
2143 5388 2254 5444 quo

2354 4829 2466 4885 τῶν
2494 4823 2868 4900 πρωτουργιῖη
2901 4821 3112 4896 μορίων
3141 4822 3187 4854 ’⁷
3214 4819 3311 4891 τῆς
3340 4815 3576 4886 ὀπτικῆς
3601 4811 3903 4880 δυνάμεως.

2428 5007 2505 5061 Τὸ
2527 5004 2587 5060 δὲ
2616 5003 2844 5058 ὀπτικδν
2872 5001 3093 5073 πνεῦμα
3122 4999 3186 5054 τδ
3217 4999 3277 5052 ἐν
3320 4998 3436 5060 τοῖς
3462 4991 3786 5065 ὀφθαλμοῖς,
3830 4985 3935 5042 ἀπὸ

2361 5098 2670 5169 ἐγκεφάλου
2705 5097 2751 5130 ³⁸
2776 5095 3004 5167 φέρεται
3033 5093 3094 5148 ἐν
3123 5092 3333 5157 αὐτοῖς,
3371 5089 3472 5143 καὶ
3515 5084 3701 5155 διττὴν
3734 5081 3932 5136 ἀποτε-

2362 5193 2445 5246 λεῖ
2469 5191 2568 5262 τὴν
2604 5187 2797 5262 χρείαν
2819 5205 2835 5221 ·
2875 5187 3005 5258 μίαν
3040 5186 3162 5258 μὲν,
3194 5184 3284 5238 ἵνα
3315 5181 3519 5253 πληροῖ
3546 5177 3636 5232 τὸν
3663 5169 3937 5244 ὀφθαλμὸν

2363 5285 2458 5337 καὶ
2494 5284 2661 5352 ὄγκον
2720 5280 3140 5353 ἀπεργάζηται·
3193 5277 3292 5332 καὶ
3350 5274 3618 5342 πλείστην
3668 5268 3795 5334 ποιῇ
3840 5263 3935 5334 τὴν

2362 5374 2676 5428 διάστασιν·
2717 5370 2793 5435 ὼς
2821 5371 2888 5425 ἂν
2921 5370 2995 5443 μὴ
3024 5370 3090 5424 δι’
3129 5367 3313 5438 ὀλίγου
3340 5368 3386 5400 ¹⁹
3414 5363 3496 5436 τῷ
3534 5361 3701 5434 πέριξ
3730 5359 3850 5430 ἀέρι
3877 5355 3937 5408 τὸ

749 5547 802 5638 ιζ,
832 5547 1068 5638 μὲγ,οὖν
1101 5545 1232 5638 BP;
1312 5549 1874 5638 ³·,δξ,λειπδγ,και,θ
1905 5555 1967 5637 P:
2047 5554 2368 5638 “nator-
2401 5551 2532 5638 Ψ·
2613 5554 2783 5638 ff"
2835 5552 3120 5638 κεχυμένη»
3175 5548 3372 5638 “53'3-
3452 5536 3936 5638 ¹⁸ἕρξὲ⁶τ⁰ξ⁷λθῗξῗξ³

675 5613 720 5670 Β
903 5620 948 5689 ξ’
997 5617 1241 5689 κρυστὰλ

679 5686 1576 5765 φαλρειδρ-ὖςΔη-σκλληροειό-οὖς
1613 5692 1672 5745 Β.
1753 5686 1819 5725 ¹’¹⁰
1852 5695 1928 5765 τῷ
1961 5686 2113 5758 ἐντός
2163 5695 2252 5745 και
2300 5693 2477 5762 λευκῷ
2498 5692 2560 5746 Ρ.

675 5755 848 5836 gladii.
923 5759 1017 5836 ’16
1044 5757 1211 5836 πρόϐἱ
1237 5757 1295 5836 β,
1320 5755 1626 5836 πρόϐλημα
1657 5763 1716 5817 1³.
1791 5765 1835 5796 ³⁸
1867 5755 2284 5836 κρυσταλοειδὲς
2318 5755 2485 5819 Codd.

674 5823 766 5878 λου
798 5825 860 5882 B.
937 5829 980 5860 ιο
1022 5823 1140 5898 μήδ’
1168 5826 1347 5896 ὀλίγον
1377 5831 1441 5886 Α.

1343 5620 1387 5674 Α
1426 5619 1475 5694 Β,
1614 5624 1687 5694 j"
1732 5623 2031 5694 κρύσταλος
2081 5625 2252 5680 Codd.
2424 5623 2468 5694 ’ξ
2497 5622 2830 5694 συμϐὰλεται
2868 5614 2933 5677 δὲ’
2971 5614 3165 5694 τούτου
3203 5623 3265 5694 τὸ
3295 5621 3487 5694 ἣμισυ
3524 5614 3661 5669 ΒῬ.
3731 5614 3778 5694 ’,³
3809 5624 3936 5694 κξξ-

2669 5693 2714 5723 ³³
2747 5693 3152 5763 κρυσταλοειδεῖ
3196 5679 3381 5763 Codd:
3439 5679 3935 5763 "'jgoq‘tfﬂ-Oil'zij;

2567 5761 2609 5794 ”
2643 5762 2699 5816 τί
2731 5755 3084 5835 πρωτουργὸν
3129 5762 3318 5833 μόριον
3365 5759 3425 5814 Β.
3504 5757 3547 5790 ³⁸
3574 5755 3668 5809 ἀπ’
3703 5755 3934 5824 ὲγκεφὰ·
