4204 6444
238 18 253 25 -γ
690 12 761 19 πνμιι
772 12 869 20 ναι-...-

710 363 841 418 “7|

778 474 915 529 Cum
976 472 1139 543 igitur
1202 472 1361 527 nobis
1428 471 1496 525 de
1562 469 1738 526 oculis
1812 472 2045 526 scrutari
2099 472 2279 527 visum
2308 486 2353 541 Α

708 575 881 630 esset,
925 578 1045 634 quae
1115 563 1248 628 ipsis
1293 562 1673 616 substantialia
1725 564 1946 629 insunt,
1980 578 2167 632 quaeve
2212 577 2279 617 ex

708 654 1077 713 accidentibus
1130 654 1503 724 provenientia
1557 655 1710 718 sint,
1762 662 1873 707 tum
1908 654 2278 709 tunicularum

706 754 904 810 ortus,
973 744 1284 813 quibusque
1363 743 1511 812 ipsae.
1567 743 1885 797 nominibus
1957 757 2279 813 nuncupen-

706 848 817 901 tur,
856 850 1069 891 necnon
1125 836 1218 905 qui
1271 846 1462 889 eorum
1520 850 1782 889 numerus
1827 834 1918 901 sit,
1954 845 2008 890 et
2039 850 2278 905 quonam

701 937 865 999 pacto
906 926 1211 981 reticularis
1246 925 1425 979 tunica
1448 965 1465 991 ,
1504 933 1559 979 et
1599 925 1849 994 superior
1878 926 2162 994 uvalisque
2191 939 2280 979 ve-

704 1020 790 1073 nis
816 1016 1050 1083 refertae,
1092 1030 1293 1072 cornea
1337 1031 1466 1070 vero
1498 1016 1740 1086 ipsarum
1774 1031 1969 1087 expers
2007 1017 2274 1084 habetur;

703 1106 771 1159 ad
824 1106 936 1158 haec
976 1104 1103 1157 item
1153 1116 1340 1158 earum
1375 1116 1511 1157 usus
1545 1102 1873 1172 perspicuos
1920 1102 2271 1157 reddidimus.

705 1195 832 1259 Sed,
863 1209 963 1248 nec
989 1202 1123 1263 quot
1158 1194 1415 1250 humores
1449 1192 1771 1256 habeantur,
1825 1201 2065 1263 quotque
2087 1208 2275 1248 eorum

702 1284 915 1341 colores
938 1284 1294 1353 actionesque
1330 1292 1478 1347 sunt,
1498 1292 1552 1337 et
1571 1298 1822 1353 quamam
1856 1282 2034 1349 vitrei,
2056 1283 2277 1354 crystal-

702 1376 798 1429 lini
855 1375 1134 1446 ovalisque
1177 1374 1449 1429 habentur
1494 1374 1659 1430 missa
1697 1374 1948 1429 fecimus.
1987 1372 2275 1440 Praeterea,

702 1467 770 1521 de
815 1466 1016 1520 visibili
1069 1464 1265 1534 spiritu
1314 1463 1462 1533 quod
1518 1480 1550 1519 a
1607 1464 1833 1520 cerebro
1900 1462 2010 1535 65
2059 1479 2279 1534 progre-

703 1557 851 1609 ditur
877 1596 893 1622 ,
929 1554 1185 1625 quodque
1216 1555 1451 1625 duplicis
1510 1555 1679 1609 utitur
1727 1553 1895 1610 ofﬁcii
1950 1555 2234 1609 functione
2257 1595 2276 1622 ,

704 1663 873 1702 causa
924 1663 953 1702 a
986 1647 1146 1702 nobis
1192 1648 1329 1702 satis
1379 1647 1643 1716 explicata
1702 1655 1804 1702 est.
1851 1644 2007 1711 Nam,
2062 1647 2277 1701 tametsi

703 1739 929 1807 spiritus
955 1738 1023 1792 ab
1046 1738 1299 1793 omnibus
1319 1739 1561 1806 corporis
1594 1736 1835 1806 partibus
1873 1746 2082 1791 natura:
2120 1746 2275 1800 nutu,

2014 361 2295 417 MELETII
2337 361 2647 420 MONACHI

3810 352 3959 411 ll?!

2464 471 2619 525 Ἐπεὶ
2676 467 2770 525 οὖν
2816 471 2881 525 τὰ
2940 471 3069 541 περὶ
3120 470 3229 522 τῶν
3276 466 3568 539 ὀφθαλμῶν
3624 466 3967 535 ἐρευνῶντας

2381 561 2677 632 ὲξεθέμεθα
2712 564 2779 616 τὰ
2816 562 3089 624 οὑσιωδῶς
3140 561 3324 622 αὐτοῖς
3380 559 3711 628 ὑπάρχοντα,
3759 556 3851 611 καὶ
3882 554 3960 609 τὰ

2381 652 2523 706 κατὰ
2572 652 2923 723 συμὸεσηκδς
2963 652 3404 723 προσγινόμενα·
3450 650 3670 711 καὶτὰς
3721 646 3829 700 τῶν
3866 664 3961 717 χι-

2378 742 2564 797 τώνων
2594 743 2870 813 ἐκφύσεις,
2918 743 3012 797 καὶ
3038 743 3137 807 τὰς
3178 742 3477 810 ὀνομασίας
3516 741 3714 803 αὐτῶν,
3741 740 3832 791 καὶ
3858 739 3959 790 τὸν

2379 835 2647 905 ἀριθμόν·
2684 836 2779 890 καὶ
2832 835 2950 898 πῶς
2993 838 3022 889 6
3074 836 3173 905 μὲν
3224 831 3773 905 ἀμφιόληστροειὸὴς,
3804 832 3899 883 καὶ
3924 831 3957 881 6

2377 925 2763 995 ἐπιπεφυκὼς,
2802 927 2898 980 καὶ
2934 927 2962 977 ὁ
3011 926 3296 994 ραγοειδὴς
3331 921 3513 993 ἔχουσι
3556 922 3757 990 φλέϐας
3781 937 3795 950 ·
3826 921 3855 971 6
3892 917 3955 970 δὲ

2378 1016 2728 1088 κερατοειδὴς
2764 1016 2995 1085 ἄφλεὸός
3051 1017 3205 1068 ἐστι·
3255 1017 3350 1067 καὶ
3397 1015 3497 1076 τὰς
3542 1012 3733 1083 χρείας
3774 1008 3955 1062 αὑτῶν

2376 1107 2821 1180 ὲσαφηνίσαμεν·
2859 1109 2954 1161 καὶ
3001 1107 3110 1160 τῶν
3141 1107 3322 1178 ὑγρῶν
3377 1106 3475 1176 τὴν
3521 1102 3821 1170 ποσότητα,
3856 1100 3954 1152 καὶ

2376 1197 2475 1261 τὰς
2507 1200 2717 1271 χροίας,
2747 1200 2843 1253 καὶ
2891 1198 3206 1269 ἐνεργείας·
3242 1198 3336 1251 καὶ
3382 1194 3484 1250 ποῦ
3542 1196 3639 1264 μὲν
3677 1195 3852 1245 κεῖται
3887 1192 3952 1241 τὸ

2379 1291 2663 1355 ὑελοειδὲς,
2709 1291 2815 1344 ποῦ
2860 1290 2917 1343 δὲ
2944 1291 3006 1344 τὸ
3051 1289 3501 1361 κρυσταλλοειδὲς
3528 1287 3595 1351 “,
3639 1284 3741 1339 ποῦ
3784 1282 3841 1336 δὲ
3886 1281 3951 1334 τὸ

2375 1382 2593 1445 ὠοειδές
2618 1398 2631 1413 ⁸
2666 1384 2764 1436 καὶ
2802 1385 2935 1453 περὶ
2960 1382 3054 1435 τοῦ
3090 1382 3320 1436 ὀπτικοῦ
3365 1380 3674 1449 πνεύματος
3713 1374 3948 1439 ἐδιδάξα-

2380 1490 2499 1544 μεν,
2528 1473 2611 1527 ὃτι
2642 1476 2706 1527 ἐκ
2725 1474 2817 1527 τοῦ
2845 1475 3149 1545 ἐγκεφάλου
3177 1476 3446 1545 ὁρμᾶταιο
3479 1471 3575 1526 καὶ
3614 1470 3710 1540 τὴν
3745 1466 3940 1529 αἰτίαν,

2369 1568 2457 1620 δτι
2488 1567 2672 1638 διττὴν
2694 1569 2897 1639 ταύτην
2928 1571 3197 1622 ποιεῖται·
3231 1568 3277 1619 εί
3307 1569 3415 1636 γὰρ
3456 1566 3549 1617 καὶ
3583 1565 3641 1615 ὲν
3674 1562 3809 1614 πᾶσι
3834 1560 3946 1620 τοῖς

2379 1657 2588 1727 μορίοις
2610 1656 2704 1712 τοῦ
2735 1657 2987 1728 σώματος
3010 1657 3099 1713 ἀεὶ
3121 1656 3341 1725 πνεῦμα
3364 1653 3675 1726 περιέχεται
3706 1647 3946 1720 φυσικῶς

2378 1749 2433 1799 ἐν
2463 1748 2647 1810 αὐτοῖς
2668 1747 2758 1799 διὰ
2788 1746 2889 1817 τὴν
2917 1747 3110 1817 χρείαν
3146 1745 3486 1815 γεννώμενον
3512 1744 3577 1808 ⁸⁷,
3606 1740 3718 1796 ἀλλ’
3749 1742 3805 1792 ὲν
3836 1739 3947 1800 τοῖς

703 1838 865 1899 atque
898 1829 1158 1898 obsequio
1189 1843 1295 1898 quo
1327 1843 1511 1883 earum
1544 1829 1734 1883 usibus
1775 1828 2035 1883 inserviat
2075 1844 2273 1898 usque-

2377 1836 2683 1907 ὀφθαλμοῖς
2707 1839 2735 1889 6
2759 1837 3066 1907 ἐγκέφαλος
3093 1838 3225 1891 αὑτὸ
3249 1838 3475 1906 χορηγεῖ
3494 1836 3583 1888 διὰ
3608 1833 3706 1896 τὰς
3728 1829 3945 1902 εἰρημέ-

702 1936 917 1990 quaque
959 1921 1323 1985 contineatur,
1361 1919 1530 1973 nihilo
1574 1927 1751 1974 tamen
1788 1918 1988 1983 secius,
2024 1933 2146 1972 eum
2181 1921 2272 1987 qui

703 2012 755 2064 in
784 2011 958 2065 oculis
984 2021 1068 2064 est
1130 2010 1201 2064 ob
1227 2025 1368 2079 quas
1405 2009 1733 2065 adduximus
1765 2024 1960 2065 causas
1988 2011 2272 2064 cerebrum

700 2103 1096 2157 subministrat.
1130 2100 1235 2156 Sed
1263 2102 1516 2170 quoniam
1578 2111 1791 2156 cuncta.
1812 2102 1927 2157 haec
1958 2116 2079 2171 qua:
2101 2102 2275 2157 disse-

703 2193 913 2247 ruimus
946 2194 1022 2246 uti
1056 2193 1225 2246 totius
1254 2192 1600 2247 instrumenti
1649 2191 1955 2247 ministerio
1999 2190 2275 2247 sufﬁciant

699 2292 881 2337 creata
905 2292 1053 2347 sunt,
1076 2284 1180 2337 alia
1199 2284 1590 2339 madefaciendi
1616 2284 1757 2339 oculi
1779 2284 1974 2355 gratia,
2001 2284 2270 2353 quaedam,

698 2374 1020 2444 suggerendi
1077 2375 1347 2440 alimenti,
1406 2375 1666 2429 nonnulla
1710 2375 2022 2430 securitatis
2075 2389 2270 2436 causa,

700 2466 805 2519 alia
844 2476 902 2519 ut
931 2466 1191 2536 pupillam
1229 2467 1399 2535 ipsam
1431 2465 1740 2521 custodiant
1765 2472 1945 2520 creata
1965 2478 2270 2519 censemus.

698 2557 860 2612 Decet
893 2558 1079 2627 utique
1112 2572 1213 2613 nos
1266 2557 1639 2612 admirabilem
1671 2556 1766 2611 Dei
1816 2556 2140 2627 sapientiam
2169 2558 2276 2611 mi-

696 2658 879 2704 rantes
907 2650 1199 2719 prudenter
1219 2665 1341 2703 cum
1369 2649 1635 2718 PrOpheta
1660 2649 1864 2718 precari
1889 2665 1901 2700 :
1932 2647 2151 2703 Custodi
2174 2664 2273 2713 me,

2376 1945 2472 1991 νας
2510 1929 2692 1992 αἰτίας
2713 1946 2727 1959 ·
2764 1930 2857 1983 καὶ
2880 1930 2962 1982 ὅτι
2993 1930 3063 1982 τὰ
3090 1930 3355 2000 εἰρημένα
3386 1928 3563 1982 πάντα
3599 1925 3686 1978 διὰ
3723 1923 3822 1995 τὴν
3855 1919 3948 1974 τοῦ

2375 2020 2500 2071 ὅλου
2530 2019 2765 2088 ὀργάνου
2789 2021 3097 2091 ὑπηρεσίαν
3130 2020 3175 2051 ⁸⁸
3209 2020 3490 2089 γινόμενα,
3524 2018 3593 2070 τὰ
3622 2016 3719 2085 μὲν
3740 2014 3945 2081 τέγγει,

2374 2108 2445 2161 τὰ
2477 2109 2535 2161 δὲ
2564 2108 2778 2179 τρέφει,
2813 2111 2884 2164 τὰ
2913 2110 2971 2162 δὲ
3009 2110 3275 2180 περιέχει,
3304 2110 3375 2162 τὰ
3402 2109 3457 2161 δὲ
3479 2105 3855 2175 ἀσφαλίξεται,
3880 2102 3945 2155 τὰ

2373 2197 2432 2250 δὲ
2464 2198 2561 2268 τὴν
2593 2201 2761 2270 κόρην
2795 2201 2837 2233 ⁶⁹
2867 2201 3150 2270 φυλάττειο
3192 2201 3373 2267 σοφῶς
3402 2198 3495 2253 καὶ
3528 2195 3811 2266 ἐντέχνως,
3852 2195 3945 2247 καὶ

2376 2288 2705 2359 θαυμαστῶς
2759 2290 2859 2361 τὴν
2892 2292 3203 2363 ὑπέρσοφον
3238 2292 3431 2359 σοφίαν
3476 2288 3574 2341 τοῦ
3619 2285 3755 2340 Θεοῦ
3796 2284 3945 2349 ἄξιον

2371 2380 2713 2450 ἐκπλαγῆναι
2738 2420 2753 2445 ,
2785 2382 2880 2435 καὶ
2913 2383 3150 2445 συνετῶς
3187 2382 3323 2451 μετὰ
3352 2382 3448 2434 τοῦ
3473 2379 3760 2451 Προφητοῦ
3784 2376 3945 2431 ἐπεύ-

2381 2468 2575 2533 ξασθαι
2602 2486 2613 2499 ·
2641 2472 2922 2537 Φύλαξόν
2941 2490 3039 2543 με,
3067 2475 3263 2543 Κύριε,
3288 2474 3367 2539 ὼς
3400 2474 3589 2542 κόρην
3610 2470 3946 2542 ὀφθαλμοῦ.

2372 2558 2541 2631 Οἶμαι
2568 2562 2677 2633 γὰρ
2706 2565 2803 2617 καὶ
2830 2565 2923 2617 τὸν
2958 2566 3252 2636 Προφήτην
3301 2566 3400 2636 τὴν
3454 2564 3725 2637 τοσαύτην
3776 2562 3941 2616 αὑτοῦ

2375 2651 2676 2719 ἀσφαλείαν
2705 2657 3114 2725 κατανοήσαντα
3139 2654 3299 2708 τοῦτο
3325 2657 3517 2709 εἰπεῖν.

698 2746 920 2798 Domine
958 2784 973 2809 ,
1025 2754 1081 2796 ut
1132 2745 1391 2814 pupillam
1449 2744 1585 2797 oculi
1613 2756 1661 2798 α.
1720 2743 1853 2809 Quis
1910 2760 2016 2798 non
2083 2745 2245 2799 facile
2279 2759 2596 2815 persuasum
2646 2748 2843 2803 habeat
2878 2750 3056 2818 ipsum
3117 2749 3632 2820 Prophetam,cum
3696 2748 3942 2805 animad-

698 2840 951 2895 vertisset
981 2839 1197 2893 oculum
1228 2846 1375 2892 tanta
1405 2838 1605 2907 talique
1633 2851 1754 2893 esse
1786 2838 1948 2891 tutela
1998 2837 2265 2904 fulcitum,
2305 2840 2407 2894 hoc
2438 2854 2655 2896 carmen
2686 2842 2970 2898 cecinisse.

684 2964 689 2971 α
763 2935 875 3003 Age
894 2932 1004 3003 jam
1026 2932 1091 2987 de
1108 2932 1389 2987 oculorum
1414 2931 1815 2996 definitione,et
1834 2946 2073 3002 quonam
2109 2941 2267 3002 pacto

2449 2933 2680 3005 ’Ίδωμεν
2700 2931 2794 2990 οὖν
2823 2938 2917 2991 καὶ
2941 2938 3034 2992 τὸν
3065 2940 3192 3011 ὅρον
3225 2941 3335 2995 τῶν
3369 2939 3687 3010 ὀφθαλμῶν,
3718 2937 3815 2993 καὶ
3844 2938 3943 3000 τὰς

697 3034 1084 3097 nuncupantur
1108 3065 1122 3088 ,
1170 3040 1235 3079 ac
1278 3022 1421 3078 unde
1460 3023 1684 3078 nomina
1730 3037 1918 3077 eorum
1951 3023 2271 3093 proveniant

2377 3022 2671 3093 ὀνομασίας
2696 3026 2900 3092 αὐτῶν,
2945 3028 3168 3092 καὶτὰς
3212 3028 3571 3100 παραγωγάς.
3622 3024 3940 3095 Ὁφθαλμοὶ,

696 3121 1051 3174 disseramus.
1077 3115 1256 3182 Tales,
1293 3116 1543 3185 inquam,
1569 3115 1757 3169 oculos
1795 3128 1917 3170 esse
1947 3116 2261 3183 opinamur,

694 3209 788 3280 qui
818 3218 1052 3279 quatuor
1086 3206 1345 3262 tuniculis
1377 3221 1441 3260 ac
1476 3205 1650 3260 tribus
1681 3204 1911 3259 diversis
1939 3204 2265 3260 humoribus

693 3300 1118 3361 constituuntur,
1150 3296 1352 3365 quique
1378 3310 1573 3350 nervos
1630 3295 1685 3348 in
1733 3308 1792 3350 se
1843 3294 2158 3359 continent,
2213 3304 2269 3351 et

696 3390 795 3459 qui
830 3388 1070 3459 obiectos
1108 3387 1208 3441 sibi
1243 3385 1473 3449 colores,
1520 3398 1812 3453 rerumque
1843 3383 2265 3452 magnitudines,

699 3492 916 3535 necnon
976 3478 1175 3548 figuras
1216 3474 1619 3545 deprehendere
1683 3481 1905 3543 queant.
1937 3469 2057 3526 Non
2106 3473 2267 3529 modo

696 3569 840 3626 oeuli
869 3569 970 3639 ipsi
1005 3569 1109 3623 hoc
1163 3576 1396 3629 tantum,
1440 3581 1471 3619 a
1507 3564 1709 3619 Graecis
1745 3565 1966 3618 nomine
2002 3562 2269 3634 ὀφθαλμοὶ

694 3658 1057 3729 appellantur,
1099 3657 1191 3711 sed
1223 3656 1345 3711 aliis
1368 3656 1495 3709 item
1521 3652 1835 3709 nominibus
1862 3666 1958 3707 eos
1980 3653 2057 3707 illi
2089 3652 2268 3710 dicere

694 3758 1117 3804 consueverunt.
1146 3746 1377 3813 Quidam
1411 3761 1505 3801 eos
1530 3745 1665 3815 φάη,
1700 3753 1763 3798 ιιι
1792 3742 1937 3812 apud
1970 3742 2266 3798 Homerum

693 3850 795 3903 est,
855 3848 1192 3909 nuncupant.
1259 3837 1363 3892 Alii
1420 3836 1647 3906 ὄμματα
1713 3833 1922 3888 dicunt.
1972 3832 2074 3888 Alii
2118 3833 2264 3887 ὄσσε.

694 3927 799 3980 Alii
826 3920 992 3989 ῶπες.
1024 3927 1089 3981 Ει
1123 3926 1193 3981 ob
1216 3925 1266 3980 id
1294 3939 1389 3981 eos
1424 3924 1497 3978 illi
1544 3922 1852 3993 ὀφθαλμούς
1888 3922 2071 3978 dixere
2094 3963 2108 3988 ,
2158 3924 2266 3977 ἀπὺ

2370 3112 2560 3184 φησιν,
2594 3116 2733 3170 είσὶν
2776 3117 2824 3168 oi
2876 3117 3214 3181 συνεστῶτες
3256 3119 3321 3172 ὲκ
3364 3118 3647 3187 τεσσάρων
3675 3112 3939 3185 χιτώνων,

2372 3207 2468 3257 καὶ
2496 3206 2681 3276 ὑγρῶν
2706 3206 3078 3277 διαφερόντων
3109 3207 3277 3279 τριῶν
3296 3223 3310 3237 ·
3341 3206 3631 3278 νευρώδεις
3649 3222 3664 3237 ·
3695 3202 3941 3271 αἰσθητι-

2372 3296 2461 3348 κοὶ
2487 3296 2596 3350 τῶν
2623 3299 3003 3369 ὑποκειμένων
3054 3300 3389 3369 χρωμάτων,
3419 3298 3515 3352 καὶ
3547 3295 3813 3367 μεγεθῶν,
3845 3292 3939 3347 καὶ

2373 3387 2671 3458 σχημάτων
2705 3390 2773 3443 ⁸ο.
2804 3390 2878 3443 Οὑ
2913 3390 3081 3460 μόνον
3106 3390 3162 3444 δὲ
3197 3389 3489 3461 ὀφθαλμοὶ
3512 3389 3780 3458 λέγονται,
3804 3384 3940 3440 ἀλλὰ

2372 3476 2469 3527 καὶ
2526 3476 2647 3545 φάη
2701 3479 2840 3531 κατὰ
2908 3478 3001 3533 τὸν
3074 3480 3306 3551 ποιητὴν
3330 3519 3346 3544 ,
3405 3480 3502 3533 καὶ
3540 3478 3790 3549 ὄμματα,
3844 3474 3938 3527 καὶ

2369 3565 2524 3621 ὄσσε
2554 3568 2624 3633 ⁵¹,
2676 3570 2773 3624 καὶ
2813 3565 2991 3637 ὤπες.
3026 3572 3139 3625 Καὶ
3170 3569 3464 3641 ὀφθαλμοὶ
3522 3571 3638 3640 μὲν,
3678 3567 3787 3621 ἀπὸ
3842 3563 3937 3618 τοῦ

2363 3658 2597 3728 ὀφθῆναι
2629 3661 2896 3732 παρέχειν
2921 3662 3140 3719 ἅπαντα
3165 3663 3226 3729 ἐξ
3250 3656 3324 3718 ὧν
3350 3662 3633 3718 ἐνάλλεται
3659 3663 3692 3732 ἡ
3722 3660 3842 3731 ὄψις
3858 3674 3873 3689 ⁸
3902 3657 3937 3727 ἦ

2364 3749 2533 3805 ὡπῶν
2562 3752 2798 3823 θάλαμοι
2820 3771 2833 3784 '
2868 3754 2992 3824 φάη
3022 3757 3101 3823 δὲ,
3122 3757 3204 3810 ὅτι
3234 3756 3292 3823 ἐξ
3321 3755 3501 3810 αὐτῶν
3532 3753 3646 3824 φῶς
3675 3752 3937 3827 προέρχεο

2366 3858 2456 3895 ται
2482 3860 2496 3873 ο
2539 3843 2572 3914 ἢ
2616 3844 2699 3898 ὅτι
2730 3846 2910 3916 φωτός
2935 3848 3041 3900 εἰσι
3089 3848 3328 3919 κριτικοὶ
3380 3848 3475 3901 καλ⁵
3516 3844 3788 3899 δεκτικοί·
3846 3842 3934 3896 καὶ

2368 3932 2515 4005 Ὄμη
2526 3954 2615 4007 ρος
2633 3953 2650 3968 ·

691 4020 788 4075 τοῦ
830 4020 1061 4090 ὀφθῆναι
1105 4017 1367 4089 παρέχειν
1406 4017 1641 4081 ἅπαντα,
1696 4015 1841 4086 quod
1879 4017 2063 4071 omnia
2111 4018 2250 4076 visui

2377 4027 2492 4083 rvia
2550 4031 2806 4101 reddant;
2831 4044 2927 4090 aut
2992 4035 3139 4106 quod
3160 4035 3445 4092 oculorum
3481 4032 3703 4089 thalami
3731 4046 3795 4087 ex
3816 4031 3933 4102 qui-

692 4118 791 4173 bus
814 4116 963 4170 visus
990 4115 1187 4169 emicat
1216 4121 1364 4177 sunt,
1424 4112 1495 4168 ob
1524 4112 1687 4182 idque
1720 4111 1789 4166 ab
1854 4112 1979 4166 aliis
2012 4113 2123 4185 φάη
2173 4116 2301 4173 dicti
2341 4131 2486 4190 sunt,
2517 4126 2663 4195 quod
2729 4144 2796 4183 ex
2828 4129 2961 4199 ipsis
2995 4129 3177 4185 lumen
3202 4130 3348 4200 quod
3374 4130 3451 4183 illi
3481 4129 3596 4199 φῶς
3622 4135 3931 4198 nuncupant

692 4210 1101 4282 prOgrediatur;
1165 4208 1199 4278 ἦ
1235 4209 1317 4260 ὅτι
1353 4207 1525 4276 φωτός
1566 4208 1671 4260 εἱσι
1732 4206 1985 4279 κριτικοί,
2036 4211 2180 4280 quod
2244 4228 2273 4267 ν

2377 4217 2495 4273 licet
2564 4220 2908 4279 discernendi
2976 4223 3201 4281 luminis
3220 4224 3331 4279 vim
3354 4223 3600 4279 obtinent
3644 4230 3704 4277 ut
3736 4219 3929 4275 llomc-

694 4322 789 4360 l‘llS
819 4324 832 4359 ἒ

692 4416 802 4490 65
834 4415 933 4470 Hic
956 4416 1143 4486 capiti,
1171 4431 1233 4467 ac
1264 4412 1497 4484 pulchris
1528 4411 1692 4466 oculis
1716 4412 1878 4466 simul
1914 4416 2093 4469 oscula
2117 4417 2258 4485 ﬁxit.

2377 4420 2534 4476 Κῦσε
2555 4422 2623 4476 δέ
2640 4442 2750 4493 μιν
2778 4423 3060 4494 κεφαλὴν
3092 4424 3193 4479 καὶ
3232 4425 3404 4496 ἄμφω
3430 4424 3585 4493 φάεα
3615 4423 3769 4479 καλά
3800 4424 3899 4492 (α).

695 4530 925 4597 Quidam
959 4528 1029 4584 ob
1075 4528 1128 4582 id
1150 4527 1300 4598 ipsos
1331 4526 1555 4596 ὁμματα
1584 4524 1854 4590 dixerunt,
1885 4521 1995 4580 οἷον
2027 4530 2262 4600 ὃρματα,

695 4623 789 4675 καὶ
827 4622 1093 4690 αἵρματα,
1134 4620 1279 4688 quod
1324 4636 1391 4674 ex
1431 4619 1563 4690 ipsis
1623 4620 1852 4677 visibilis
1878 4623 2103 4691 spiritus
2140 4638 2261 4679 cum

576 4718 593 4745 ί
696 4715 899 4783 impetu
934 4711 1129 4777 fertur,
1165 4720 1219 4766 et
1267 4712 1408 4766 idem
1446 4712 1538 4782 qui
1574 4712 1627 4765 in
1662 4712 1835 4767 oculis
1871 4720 1956 4767 est
1993 4729 2089 4784 per
2122 4715 2267 4785 ipsos

693 4806 805 4860 exit
877 4812 1038 4875 atque
1108 4802 1432 4873 ejaculatur.
1495 4800 1706 4859 Eolico
1755 4811 1937 4857 autem
2010 4804 2267 4861 idiomate

695 4894 857 4960 ὀπτά,
891 4910 1013 4963 quae
1057 4894 1202 4949 circa
1261 4894 1448 4949 oculos
1494 4902 1623 4948 sunt
1672 4894 1940 4965 appellare
1969 4910 2266 4953 consueve—

692 4991 840 5039 runt.
876 4981 977 5037 Sed
1006 4993 1058 5037 et
1085 4983 1349 5039 Homerus
1378 4984 1568 5040 oculos
1604 4983 1729 5037 ὄσσε
1759 4985 2078 5056 plerumque
2102 4986 2260 5053 dixit,

692 5072 839 5143 quod
879 5073 945 5127 ad
978 5074 1081 5127 sibi
1110 5074 1351 5143 subjecta
1381 5085 1527 5130 recte
1548 5074 1872 5144 dirigantur.
1914 5077 1997 5130 llli
2024 5093 2261 5149 namque

695 5165 871 5217 εὕσειν
932 5164 1027 5217 καὶ
1058 5162 1363 5219 εὐθυϐολεῖν
1412 5165 1679 5231 dictitant,
1716 5168 1858 5223 unde
1896 5167 2195 5225 Homerus:

764 5329 790 5358 ι
824 5315 967 5371 l‘sal.
1000 5332 1110 5381 xw,
1148 5315 1202 5371 8.

2371 4534 2633 4602 Ὄμματα
2666 4534 2744 4601 δὲ,
2788 4536 2872 4590 ὅτι
2923 4536 2992 4590 δι’
3038 4536 3220 4592 αὑτῶν
3247 4536 3590 4608 τδνόρατικὸν
3618 4537 3855 4607 ὁρμᾶται
3887 4536 3927 4569 ⁵¹

2365 4622 2617 4694 πνεῦμαο
2676 4620 2788 4680 οἷον
2835 4628 3051 4699 αἵματα
3098 4629 3145 4662 ³³
3177 4627 3276 4681 καὶ
3320 4627 3577 4699 ὖμματω
3635 4626 3825 4697 ἐπειδὴ
3867 4624 3928 4679 δι’

2364 4715 2543 4769 αὑτῶν
2571 4716 2793 4784 ἀφίεται
2831 4721 2929 4773 καὶ
2956 4719 3304 4784 ἀκοντίζεται
3325 4718 3387 4772 τὺ
3412 4721 3471 4773 ὲν
3496 4721 3610 4782 τοῖς
3636 4718 3928 4789 ὀφθαλμοῖς

2365 4804 2604 4876 πνεῦμα.
2636 4808 2698 4859 Οί
2726 4807 2782 4861 δὲ
2814 4808 3025 4873 Δίολεῖς
3065 4809 3273 4863 ῶπατα
3304 4809 3351 4842 ⁵⁵
3378 4808 3599 4878 λέγουσι
3626 4807 3777 4879 παρὰ
3809 4810 3928 4869 τοὺς

2368 4891 2525 4961 ὦπας
2545 4914 2558 4929 ·
2592 4898 2843 4969 λέγονται
2877 4902 2975 4956 καὶ
2996 4901 3149 4974 παρὰ
3177 4902 3254 4973 τῷ
3276 4904 3474 4973 ποιητῇ
3497 4901 3653 4955 ὄσσε
3679 4902 3746 4964 ⁵⁵,
3785 4898 3927 4969 παρὰ

2367 4989 2465 5060 τὴν
2500 4991 2609 5043 ὑπὸ
2657 4992 2726 5046 τὰ
2762 4993 2991 5065 κείμενα
3022 4994 3135 5049 ἕσιν
3179 4995 3247 5061 ³⁸,
3280 4995 3376 5049 καὶ
3426 4994 3526 5066 τὴν
3586 4993 3672 5046 ἐπ’
3718 4990 3844 5045 εὑθὺ
3886 4992 3926 5021 ⁸⁷

2369 5079 2531 5153 βολήν
2552 5099 2567 5113 ο
2600 5083 2693 5137 καὶ
2722 5084 2869 5155 Ὀμη
2881 5102 2968 5155 ρος
2994 5100 3008 5115 ·

668 5530 679 5535 ι
763 5500 807 5529 ⁸⁸
833 5498 933 5549 ποῦ
960 5497 1015 5551 δὲ
1038 5498 1097 5551 τὸ
1128 5515 1218 5569 κρ.
1241 5515 1348 5553 om.
1371 5500 1415 5551 A
1449 5501 1488 5552 Β
1514 5499 1575 5555 C.
1653 5501 1694 5531 ⁸⁷
1722 5501 2014 5570 γενόμενον
2042 5502 2102 5555 Β.
2182 5504 2225 5535 ⁸⁸
2249 5520 2273 5556 a

690 5570 737 5601 ³*
768 5568 861 5619 καὶ
912 5570 1089 5631 ὄγκων
1147 5569 1273 5623 add.
1303 5568 1363 5623 C.
1437 5571 1479 5603 ⁵⁸
1533 5570 1691 5625 ὅσσαι
1744 5571 1803 5624 Β.
1879 5575 1924 5605 ⁸⁸
1951 5575 2055 5633 ὁρᾷ
2097 5574 2161 5626 Α.
2239 5574 2273 5605 ⁵³

2377 5506 2422 5557 ad
2491 5519 2661 5573 usque
2716 5504 2783 5558 ad
2830 5505 2998 5576 ὑπηρ.
3031 5519 3140 5559 om.
3179 5506 3241 5558 B.
3316 5505 3361 5536 δ’
3406 5521 3468 5557 κο
3545 5500 3654 5573 φὴν
3698 5505 3739 5558 Α
3790 5508 3827 5558 Β
3870 5507 3908 5561 ιζ

2384 5592 2528 5633 ματα
2573 5576 2634 5630 Β.
2712 5572 3003 5630 ’δόππατα
3054 5578 3114 5631 Β.
3192 5578 3237 5610 ⁸⁵
3262 5576 3421 5631 ὅσσαι
3476 5521 3619 5633 gul’.
3699 5577 3745 5609 “
3784 5594 3839 5633 π.
3881 5590 3908 5631 τ

690 5570 737 5643 ᾗ*
766 5568 875 5643 καὶ.
912 5568 1273 5643 ὄγκων-σιω,
1437 5571 1484 5643 ⁵³,
1533 5570 1691 5643 liccat
1862 5575 1924 5643 ξ’
1946 5575 2055 5643 ῥρᾷ
2097 5574 2161 5626 Α.
2239 5574 2284 5605 ⁵³
2321 5575 2528 5643 νέματα
2573 5568 2634 5630 Β.
2712 5572 2755 5606 ⁸⁸
2782 5568 3003 5630 ὄππαὲα
3054 5578 3114 5631 Β.
3192 5578 3237 5610 ⁸⁵
3262 5576 3421 5631 ὅσσαι

3699 5577 3745 5609 σε
3784 5594 3839 5636 π.
3881 5590 3929 5631 τ.

691 5638 786 5689 ἐπὶ
824 5638 891 5689 τὰ
932 5637 1269 5707 ὑποκείμενα
1312 5638 1428 5694 ἕσιν
1466 5640 1702 5712 (αῐσσην
1731 5640 1829 5713 Ρ),
1861 5641 1903 5695 Β
1940 5631 2000 5698 ΡΣ
2029 5631 2040 5646 ’
2079 5644 2121 5677 ⁸⁷
2158 5631 2453 5703 ἐπευθὺἘ.

762 5747 840 5815 (a)
868 5744 965 5801 0d.
1005 5751 1069 5818 ll,
1110 5748 1191 5802 l5.
