4204 6462
259 430 401 487 ΗΠ

1517 422 1605 478 ne
1646 395 1943 477 minus
1977 411 2290 472 thMlNIS.

3440 406 3579 467 N73

257 541 597 615 σωματικὸν,
629 540 767 595 ἀλλὰ
790 540 1057 610 ποιότητα
1084 539 1154 590 δι’
1189 536 1534 598 ἀλλοιώσεως
1562 534 1659 588 τοῦ
1691 531 1848 604 πέριξ

1959 528 2114 583 visus
2159 523 2617 581 constitutionem
2681 535 2803 578 esse
2859 528 3196 576 statuerunt.
3250 518 3582 577 Aristoteles

251 637 439 708 ἀέρος,
494 633 603 688 ἀπὸ
629 633 742 686 τῶν
772 631 989 704 ὁρατῶν
1027 630 1159 702 ἄχρι
1203 632 1306 700 τῆς
1331 628 1508 697 ὅψεως
1544 625 1854 696 παραγίνε-

253 727 405 782 σθαι.
463 727 692 782 Πλάτων
720 726 778 779 δὲ
811 723 1124 794 συμφώνως
1149 722 1226 792 τῷ
1258 719 1487 790 Γαληνῴ
1541 719 1634 772 τὸν
1685 715 1853 786 πέριξ

247 817 392 888 ἀέρα
417 817 637 885 λέγει⁹⁸
695 816 931 886 ὄργανον
967 813 1218 883 γίνεσθαι
1258 811 1339 882 τῷ
1365 808 1635 878 ὀφθαλμῷ
1664 825 1678 839 ·
1718 807 1849 860 καθ’

255 911 318 964 ὃν
343 912 562 982 ὁρῶμεν
616 910 813 981 χρόνον
852 907 1120 974 τοιοῦτον,
1167 900 1280 959 οἷόν
1313 921 1420 974 περ
1452 901 1746 972 ἐγκεφάλῳ
1791 899 1853 952 τὸ

249 1003 448 1074 νεῦρον
466 1005 532 1056 ’³.

322 1261 397 1313 Ἥ
415 1276 476 1312 τε
508 1258 620 1330 γὰρ
650 1258 798 1328 αὐγὴ
822 1257 918 1311 τοῦ
953 1257 1107 1328 ⁴Ιλλίου
1137 1255 1394 1326 ψαύουσα
1415 1254 1509 1309 τοῦ
1533 1255 1646 1310 ἄνω
1680 1255 1853 1325 πέρα⁴
1933 1290 1936 1291 ν

243 1369 342 1417 τος
380 1351 478 1405 τοῦ
505 1351 692 1421 ἀέρος,
726 1349 1041 1413 διαδίδωσιν
1087 1351 1168 1412 εἰς
1201 1349 1323 1402 ὅλον
1353 1348 1454 1417 τὴν
1488 1347 1725 1417 δύναμιν
1748 1343 1846 1398 τοῦ

200 1514 207 1520 _
252 1443 437 1514 φωτός
461 1459 476 1473 ·
507 1443 608 1512 ἦτε
636 1440 728 1494 διὰ
766 1442 876 1493 τῶν
899 1441 1147 1494 ὀπτικῶν
1187 1439 1402 1510 νεύρων
1425 1440 1572 1508 αὐγὴ
1601 1439 1845 1510 φερομέ-

243 1553 337 1608 νη,
369 1536 470 1605 τὴν
503 1534 603 1605 μὲν
635 1533 829 1587 οὐσίαν
877 1533 994 1604 ἔχει
1033 1530 1438 1603 πνευματικὴν,
1490 1531 1847 1600 ἐμπίπτουσα

243 1628 303 1681 δὲ
337 1627 417 1697 τῷ
449 1625 786 1698 περιέχοντι,
822 1628 920 1679 καὶ
967 1628 1034 1695 τῇ
1068 1623 1263 1696 πρώτῃ
1312 1609 1591 1694 προσῦολῇ
1625 1621 1725 1692 τὴν
1752 1623 1848 1675 ἀλ-

243 1721 468 1773 λοίωσιν
528 1718 917 1790 ἐργαζομένην
980 1717 1287 1774 διαδίδωσιν
1367 1715 1498 1787 ἄχρι
1584 1716 1841 1768 πλείστου

246 1809 556 1878 συνέχουσα
588 1806 813 1876 ἑαυτὴν,
848 1806 1010 1876 ἄχρις
1063 1807 1131 1860 ἂν
1165 1809 1246 1872 είς
1292 1807 1592 1861 ἀντίτυπον
1620 1808 1841 1877 ἐμπέσῃ

246 1900 434 1970 σῶμα.
487 1900 622 1971 Ὁρᾷ
651 1899 708 1952 δὲ
735 1902 768 1969 ἡ
819 1901 945 1969 ὄψις
989 1901 1113 1953 κατ’
1156 1900 1377 1965 εὐθείας
1417 1902 1710 1972 γραμμὰς,
1746 1903 1844 1955 καὶ
1877 1890 1934 1944 θ’

241 1993 354 2046 τῶν
395 1992 674 2059 διαφανῶν
707 1993 870 2062 μέχρι
929 1993 1132 2062 βάθους
1184 1993 1512 2048 διικνεῖσθαι
1548 1995 1798 2062 πέφυκεν
1827 2014 1842 2027 ’

240 2085 408 2152 ἀέρος
442 2085 540 2154 μὲν
571 2082 806 2155 πρώτως
839 2087 935 2137 καὶ
970 2085 1232 2155 μάλιστα,
1267 2086 1386 2144 ὅλον
1423 2089 1535 2156 γὰρ
1566 2087 1844 2157 διεξέρχε-

240 2197 334 2232 ται
360 2195 374 2208 ·
417 2178 674 2249 δεύτερον
707 2179 765 2232 δὲ
807 2179 998 2241 ὕδατος
1048 2179 1396 2248 ἠρεμοῦντος
1420 2181 1516 2233 καὶ
1545 2179 1793 2251 καθαροῦ
1821 2197 1836 2210 ο

242 2265 410 2341 ἦττον
441 2270 498 2322 δὲ
523 2269 593 2322 δι’
639 2270 796 2323 ὑέλου
827 2271 924 2322 καὶ
955 2269 1065 2323 τῶν
1096 2269 1275 2322 ἄλλων
1317 2269 1429 2324 τῶν
1484 2269 1845 2339 πεφωτισμέ-

241 2373 390 2414 νων⁶
426 2360 536 2415 [δια
581 2360 694 2430 γὰρ
753 2361 930 2413 ταῦτα
968 2361 1069 2430 τῆς
1117 2360 1316 2430 ὅψεως.
1375 2360 1606 2431 Ὁμοίως
1661 2363 1847 2414 καὶτὸ

239 2452 443 2524 χρῶμα
475 2453 608 2507 ἴδιον
643 2453 742 2522 τῆς
774 2453 1084 2522 αἰσθήσεως
1107 2468 1119 2480 ·
1161 2450 1276 2504 οἷον
1313 2453 1377 2505 τὸ
1411 2453 1576 2521 φαιὸν
1635 2454 1666 2521 ἣ
1712 2455 1844 2522 ὲρυ-

241 2543 404 2615 θρόνο
438 2545 758 2597 αἰσθάνεται
790 2546 902 2614 γὰρ
954 2544 1099 2597 κατὰ
1136 2544 1240 2614 μὲν
1279 2544 1502 2615 πρῶτον
1535 2544 1699 2610 λόγον
1733 2546 1843 2599 τῶν

238 2637 576 2708 χρωμάτων,
617 2634 1076 2702 συνδιαγινώσκει
1105 2636 1162 2688 δὲ
1204 2636 1392 2699 αὑτοῖς
1429 2638 1524 2689 καὶ
1546 2637 1608 2689 τὸ
1632 2654 1845 2708 κεχρωο

241 2730 478 2799 σμένονι
513 2727 699 2798 σῶμα,
735 2728 833 2780 καὶ
861 2728 924 2780 τὸ
957 2727 1190 2798 μέγεθος
1223 2729 1320 2782 καὶ
1352 2728 1412 2780 τὸ
1437 2729 1625 2800 σχῆμα
1647 2729 1842 2792 αὑτοῦ,

240 2821 338 2873 καὶ
359 2819 461 2890 τὴν
496 2818 684 2890 χώραν
711 2819 841 2872 ἔνθα
872 2820 1010 2884 ἐστὶ,
1054 2820 1152 2874 καὶ
1189 2819 1251 2872 τὺ
1289 2821 1595 2893 διάστημα,
1629 2824 1722 2876 καὶ
1747 2823 1842 2876 τὸν

241 2912 500 2984 ἀριθμὸν,
535 2912 757 2982 κίνησιν
781 2915 825 2974 ³,
860 2911 958 2965 καὶ
989 2912 1185 2964 στάσιν
1212 2929 1226 2942 ο
1273 2914 1371 2966 καὶ
1401 2913 1463 2967 τδ
1488 2917 1666 2986 τραχὺ
1702 2918 1723 2947 ³
1748 2917 1844 2968 καὶ

239 3004 407 3068 λεῖον,
438 3004 536 3056 καὶΙ
567 3004 625 3056 τὸ
654 3003 858 3072 ὁμαλὸν
898 3003 994 3057 καὶ
1038 3003 1099 3056 τὸ
1139 3003 1435 3074 ἀνώμαλον
1453 3004 1496 3067 δ,
1543 3005 1638 3058 καὶ
1668 3005 1730 3059 τὸ
1750 3006 1844 3072 ὀξὺ

241 3097 336 3151 καὶ
370 3097 392 3129 ⁸
431 3095 614 3166 ἀμϐλύ
640 3112 654 3126 ο
697 3097 795 3149 καὶ
844 3095 945 3166 τὴν
1002 3095 1217 3158 στάσιν,
1266 3098 1378 3148 εῐτε
1425 3097 1702 3160 ὑδατῶδες
1729 3099 1772 3161 ⁸,
1810 3099 1843 3168 ἢ

1959 634 2091 675 vero
2146 635 2257 675 non
2313 618 2459 673 idola
2519 617 2639 686 ipsa
2700 627 2988 682 corporea,
3037 614 3130 668 sed
3176 611 3406 669 resoluti
3432 618 3580 669 aeris

1959 712 2056 782 qui
2111 725 2215 766 nos
2261 708 2436 764 ambit
2489 707 2836 779 qualitatem,
2899 721 3024 775 qua:
3071 719 3102 759 a
3165 704 3332 760 rebus
3379 704 3577 760 visibio

1959 802 2104 856 libus
2159 801 2229 855 ad
2291 801 2471 857 visum
2534 814 2713 868 usque
2765 797 3002 860 accedit,
3048 797 3229 850 visum
3288 811 3412 850 esse
3460 797 3580 864 opi-

1957 905 2123 948 natus
2169 900 2274 946 est.
2329 890 2526 957 Plato,
2587 888 2746 956 cujus
2807 889 3140 943 sententiam
3192 885 3436 942 Galenus
3489 903 3570 940 se-

1957 993 2120 1039 cutus
2133 984 2393 1046 est,ltunc
2409 981 2502 1052 qui
2536 997 2637 1036 nos
2671 996 2853 1036 aerem
2879 980 3074 1045 ambit,
3099 994 3165 1033 eo
3192 989 3437 1048 tempore
3460 993 3572 1048 quo

1956 1075 2260 1137 cernimus,
2312 1073 2742 1128 instrumentum
2775 1070 3065 1124 oculorum
3098 1066 3571 1139 quemadmodum

1954 1173 2011 1219 et
2045 1163 2255 1218 cerebri
2295 1177 2524 1217 nervum
2571 1175 2696 1214 esse
2735 1157 3095 1212 existimavit.

2025 1255 2172 1312 Solis
2207 1264 2446 1325 namque
2495 1252 2777 1324 splendor,
2833 1251 3036 1321 inquit,
3101 1247 3370 1316 superiori
3425 1247 3570 1302 aeris

1953 1349 2194 1404 termino
2271 1347 2570 1412 adhibitus,
2646 1344 2873 1399 luminis
2959 1343 3070 1396 vim
3138 1342 3191 1394 in
3244 1340 3569 1394 universum

1953 1442 2259 1507 distribuit,
2319 1442 2667 1512 partiturque
2715 1457 2727 1494 :
2783 1438 2875 1508 qui
2931 1434 3210 1505 spirituali
3256 1433 3570 1489 substantia

1951 1532 2242 1604 praeditus,
2279 1547 2376 1602 per
2422 1545 2622 1585 nervos
2682 1528 2776 1599 qui
2827 1527 2971 1582 visui
3037 1526 3345 1580 inserviunt
3401 1537 3572 1592 pene-

1953 1636 2080 1681 trat.
2135 1624 2276 1680 Cum
2331 1639 2466 1679 vero
2522 1621 2578 1676 in
2648 1621 2986 1675 ambirntem
3046 1631 3173 1671 aera
3249 1614 3461 1679 incidit,
3516 1622 3573 1669 et

1951 1717 2132 1788 primo
2188 1716 2394 1782 impetu
2451 1713 2507 1766 in
2543 1713 2638 1766 illo
2689 1709 2778 1765 cui
2839 1707 3132 1763 adhihclur
3185 1706 3570 1760 alteratiouem

1947 1815 2135 1881 eflicit,
2165 1813 2505 1869 tantumdem
2548 1812 2814 1882 temporis
2843 1824 2965 1864 sese
3013 1808 3308 1861 continens
3365 1804 3571 1860 diffun-

1951 1908 2122 1970 ditur,
2166 1907 2365 1975 quoad'
2394 1905 2449 1958 in
2490 1917 2695 1972 corpus
2753 1917 2782 1955 a
2823 1915 2933 1968 quo
2980 1897 3384 1968 repercutiatur
3430 1895 3572 1950 inci-

1950 2001 2110 2054 derit.
2177 1999 2343 2053 Visus
2392 2007 2576 2050 autem
2626 2011 2722 2065 per
2771 2002 2954 2048 rectas
3014 1991 3190 2044 lineas
3239 1988 3437 2053 cernit,
3472 1988 3570 2042 sed

1952 2100 2008 2146 et
2061 2107 2122 2146 ea
2178 2105 2302 2159 quae
2346 2089 2689 2144 transluceat
2741 2099 2976 2155 corpora
3030 2080 3098 2135 ad
3159 2082 3332 2134 imum
3388 2095 3570 2148 usque

1933 2182 2274 2253 .pcnetrancli
2309 2180 2570 2234 facultate
2605 2177 2869 2248 praeditus
2906 2184 3025 2241 est;
3059 2183 3113 2227 ct
3139 2173 3377 2242 primum
3417 2186 3566 2240 prae-

1951 2277 2224 2346 cipueque
2252 2290 2350 2344 per
2403 2283 2578 2328 totum
2638 2287 2767 2325 aera
2806 2271 2958 2324 nullo
2989 2267 3391 2338 impedimento
3431 2263 3567 2320 ferri

1951 2376 2147 2438 suapte
2179 2377 2374 2421 natura
2430 2367 2662 2420 idoneus
2715 2364 2966 2417 habetur.
3046 2360 3220 2414 Paulo
3274 2359 3459 2414 minus
3510 2357 3568 2411 in

1953 2475 2094 2530 aqua
2143 2475 2301 2529 pura'
2323 2457 2731 2527 tranquillaque
2769 2456 2910 2509 idem
2943 2453 3132 2508 efficit.
3164 2451 3270 2506 Sed
3306 2467 3416 2505 non
3443 2459 3568 2505 tau-

1955 2555 2203 2606 lumdem
2235 2551 2288 2605 in
2319 2551 2482 2617 vitro,
2507 2559 2559 2604 et
2588 2549 2714 2604 aliis
2738 2564 2861 2618 quas
2893 2545 3199 2601 sublustria
3223 2553 3569 2612 suntcorpo-

1949 2643 2104 2698 ribus
2135 2643 2295 2696 valet.
2334 2641 2462 2695 llaec
2518 2649 2670 2702 sunt,
2695 2655 2818 2709 qua:
2840 2637 3105 2709 peculiari
3130 2637 3257 2707 jure
3277 2635 3432 2691 visus
3460 2634 3569 2689 sibi

1951 2748 2215 2806 perpetuo
2279 2734 2545 2788 vindicat.
2608 2731 2814 2786 Eodem
2881 2740 3065 2799 pacto,
3125 2737 3179 2783 et
3213 2728 3457 2792 colores,
3508 2736 3570 2780 ut

1955 2826 2135 2880 fulvus
2186 2827 2509 2895 rubensque
2568 2837 2770 2880 sensus
2834 2819 3057 2890 propria
3112 2825 3281 2886 sunt,
3349 2818 3570 2872 colores

1951 2919 2097 2974 enim
2126 2918 2386 2986 primaria
2407 2917 2491 2971 sui
2521 2915 2732 2970 ratione
2756 2916 2908 2968 visus
2930 2909 3316 2982 deprehendit,
3342 2909 3564 2976 deinde,

1950 3019 2004 3065 et
2057 3011 2244 3064 colore
2275 3009 2542 3064 infectum
2583 3024 2790 3078 corpus
2811 3048 2826 3072 ,
2859 3006 3096 3076 ejusque
3127 3003 3568 3074 magnitudinem

1952 3100 2316 3170 ﬁguramque.
2355 3114 2420 3152 ac
2452 3099 2635 3152 locum
2670 3112 2781 3167 quo
2811 3095 3324 3166 comprehenditur,
3369 3090 3570 3148 simul-

241 3187 453 3258 γεῶδές
479 3191 634 3240 ἐστι’
673 3187 764 3240 διὰ
806 3188 979 3258 μόνης
1005 3188 1118 3257 γὰρ
1145 3187 1248 3257 τῆς
1278 3187 1456 3257 ὂψεως
1485 3187 1596 3240 τῶν
1619 3189 1845 3258 χρωμά-

1953 3207 2061 3261 que
2091 3199 2362 3259 quantum
2389 3189 2573 3244 distet.
2618 3187 2912 3250 Prmterea,
2945 3201 3239 3240 numerum
3270 3196 3325 3238 et
3353 3195 3566 3239 motum

238 3297 354 3334 των
380 3279 927 3348 ἀντιλαμϐανόμεθα.
966 3279 1050 3332 Τὰ
1092 3278 1148 3331 δὲ
1172 3277 1338 3331 λοιπὰ
1367 3279 1526 3332 κοινά
1566 3279 1668 3347 τῆς
1699 3278 1847 3348 ἁφῆς

240 3371 340 3426 καὶ
369 3354 702 3441 τῆςίῦψεως,
739 3369 933 3440 ὥσπερ
971 3369 1066 3422 καὶ
1101 3371 1195 3422 ἐπὶ
1220 3367 1318 3421 τοῦ
1355 3370 1530 3440 πυρός
1554 3385 1568 3399 ·
1607 3369 1704 3422 καὶ
1735 3369 1847 3439 γὰρ

240 3463 305 3518 τδ
330 3461 444 3534 πῦρ
490 3461 731 3534 ὁρῶντες
775 3461 938 3532 ἴσμεν
971 3463 1054 3514 ὅτι
1100 3460 1308 3531 θερμόν
1351 3461 1504 3514 ἐστιν
1535 3478 1547 3490 ·
1597 3461 1716 3514 ἀλλ’
1750 3462 1846 3515 ἐὰν

241 3553 340 3606 ἐπὶ
368 3553 467 3624 τὴν
496 3550 722 3624 πρώτην
745 3552 871 3622 ὑψιν
893 3551 1181 3622 ἀναγάγῃς
1205 3552 1223 3582 ⁷
1256 3550 1346 3603 τὸν
1369 3550 1552 3620 λόγον,
1586 3553 1847 3624 εὑρήσεις

241 3647 341 3714 ὡς,
379 3647 504 3700 τότε
549 3645 639 3700 ὅτε
679 3647 713 3716 ἡ
747 3643 872 3714 ὄψις
906 3642 1178 3697 ἐθεάσατο
1224 3643 1286 3696 τὸ
1309 3642 1444 3716 πῦρ,
1484 3645 1648 3714 μόνον
1672 3643 1694 3676 ⁸
1743 3644 1841 3699 τοῦ

241 3738 542 3811 χρώματος
598 3736 696 3790 καὶ
748 3737 1032 3806 σχήματος
1083 3735 1211 3806 ἔσχε
1242 3734 1343 3806 τὴν
1382 3734 1586 3804 γνῶσιν
1618 3754 1631 3767 ·
1670 3753 1846 3809 προσ-

242 3829 514 3900 ελθούσης
539 3828 598 3882 δὲ
631 3831 730 3900 τῆς
759 3829 927 3900 άτρῆς,
964 3827 1355 3899 ἐγνωρίσαμεν
1393 3828 1476 3882 ὅτι
1513 3827 1718 3898 θερμὶν
1749 3830 1846 3883 καὶ

243 3921 550 3976 καυστικὸν
586 3922 831 3992 ὑπάρχει
863 3921 926 3974 τὸ
963 3920 1100 3991 πῦρ.
1140 3920 1281 3973 Ποτὲ
1351 3920 1454 3991 μὲν
1491 3922 1524 3991 ἡ
1559 3921 1682 3991 δψις
1743 3922 1846 3992 τῆς

242 4013 655 4086 ὲπιμαρτυρίας
684 4013 880 4084 χρῄζει
908 4012 1019 4066 τῶν
1047 4012 1226 4066 ἄλλων
1266 4012 1579 4084 αἰσθήσεων
1611 4015 1750 4086 πρὸς
1786 4015 1845 4069 τὸ

243 4108 322 4180 μὴ
353 4107 689 4176 σφάλλεσθαι
715 4121 730 4135 ·
770 4106 906 4160 ποτὲ
939 4106 995 4160 δὲ
1025 4105 1146 4159 καθ’
1188 4105 1393 4178 ἑαυτὴν
1420 4106 1670 4177 ἐναργῶς
1700 4124 1845 4179 παρ-

243 4199 428 4270 ίστησι
485 4199 548 4254 τὸ
585 4197 915 4269 φαινόμενον
947 4213 960 4226 ·
997 4199 1127 4251 ὅταν
1177 4196 1274 4250 οὖν
1323 4197 1416 4249 τὸν
1465 4198 1677 4268 πύργον
1700 4198 1721 4230 ³
1753 4197 1844 4252 τὸν

240 4293 590 4364 τετράγωνον
631 4292 970 4362 στρογγύλον
1017 4291 1308 4364 πόρρωθεν
1341 4291 1464 4362 ὁρᾷ,
1493 4293 1589 4344 καὶ
1618 4291 1688 4346 τὰ
1727 4291 1847 4362 μεί-

240 4386 374 4450 ζονα
406 4385 516 4438 τῶν
572 4383 792 4456 ζώωνῆ
852 4384 1199 4454 κτισμάτων,
1244 4382 1442 4461 μικρά,
1513 4383 1839 4452 σφάλλεται.

255 4476 493 4548 Ὁμοίως
524 4476 620 4529 καὶ
646 4475 778 4530 ὅταν
807 4476 852 4507 ¹⁹
881 4475 952 4530 δι’
985 4475 1179 4539 ὓδατος
1200 4474 1531 4544 κινουμένου
1553 4475 1660 4546 ὁρᾷ
1687 4491 1701 4507 ο
1742 4476 1844 4546 τὴν

1953 3298 2020 3336 ac
2043 3283 2282 3352 quietem
2304 3322 2319 3347 ,
2380 3295 2620 3350 cumque
2668 3279 2756 3332 his
2781 3278 2932 3348 quod
2971 3293 3231 3347 asperum
3263 3291 3329 3330 ac
3371 3277 3490 3330 leve
3512 3284 3572 3331 et

1951 3374 2205 3444 planum,
2242 3373 2626 3443 inmqualeque
2647 3380 2768 3437 est;
2809 3381 2924 3424 tum
2978 3371 3144 3424 etiam
3179 3379 3362 3433 acuta,
3400 3368 3569 3423 obtu-

1953 3481 2144 3536 saque,
2180 3475 2236 3518 et
2266 3480 2389 3535 quae
2441 3465 2670 3518 immota
2702 3463 3020 3521 consistunt
3058 3480 3071 3516 :
3131 3472 3184 3516 ct
3211 3471 3397 3515 utrum
3430 3460 3566 3530 quid

1952 3559 2020 3612 ad
2053 3572 2290 3627 aqueum
2349 3565 2403 3612 et
2443 3564 2684 3610 terrcum
2722 3554 2984 3617 declinet,
3036 3553 3364 3623 dignoscrre
3408 3550 3569 3607 facile

1950 3659 2154 3720 potest.
2185 3647 2257 3703 Ut
2317 3649 2465 3702 enim
2499 3664 2528 3701 :t
2581 3646 2743 3700 nobis
2794 3645 3016 3700 colores
3055 3643 3566 3714 deprehendantur,

1950 3744 2101 3798 visus
2167 3749 2384 3797 tantum
2417 3756 2584 3795 causa
2617 3739 2836 3794 exsistit
2866 3755 2882 3803 ς
2919 3746 2981 3792 ιιι
3013 3751 3144 3791 vero
3190 3747 3412 3798 caetera,
3449 3745 3566 3789 tum

1949 3841 2153 3900 tactus,
2185 3843 2299 3888 tum
2325 3833 2478 3890 visus
2519 3838 2624 3892 est,
2657 3831 2807 3900 quod
2861 3828 3004 3899 ignis
3063 3827 3319 3897 exemplo
3345 3825 3567 3898 probari

1949 3934 2108 3991 facile
2121 3935 2466 4005 potest.Cum
2483 3933 2632 3990 enim
2653 3935 2834 4005 ignem
2854 3933 3094 4003 primum
3116 3931 3279 3986 nobis
3297 3931 3575 4000 inspicere

1947 4029 2239 4100 contingit,
2265 4029 2410 4099 quod
2428 4028 2642 4083 calidus
2664 4026 2737 4082 sit
2758 4026 3038 4081 novimus.
3056 4023 3573 4092 Vernmenimvero,

1949 4122 1995 4178 si
2019 4121 2074 4176 id
2092 4121 2238 4192 quod
2270 4119 2840 4192 primuminspexcris
2875 4117 3218 4179 consideres,
3261 4125 3393 4172 tunc
3418 4117 3569 4172 enim

1949 4212 2300 4268 manifestum
2320 4213 2426 4267 erit
2471 4212 2539 4267 de
2575 4211 2778 4267 coloris
2811 4209 3202 4265 tantummodo
3221 4208 3389 4278 ignis,
3424 4209 3565 4279 tign-

1947 4316 2132 4372 rarqne
2155 4302 2370 4357 ratione
2388 4301 2550 4356 nobis
2569 4316 2728 4371 pane
2758 4299 3110 4355 constitisse.
3134 4297 3192 4354 Si
3225 4313 3357 4353 vero
3391 4307 3447 4354 et
3481 4308 3570 4352 ta-

1948 4400 2098 4448 ctum
2131 4391 2574 4454 adhibuerimns,
2625 4391 2799 4455 illum,
2830 4398 2946 4443 tum
2993 4388 3234 4444 calidum
3273 4387 3390 4459 69
3422 4403 3569 4453 esse,

1951 4492 2066 4538 tum
2112 4482 2474 4540 comburendi
2517 4482 2630 4536 vim
2665 4481 2870 4536 habere
2907 4479 3412 4552 deprchendemus.
3460 4479 3570 4534 Sed

239 4569 354 4641 γὰρ
385 4565 583 4637 κώπην
631 4568 708 4632 ὡς
755 4568 1143 4638 κεκλασμένην
1191 4566 1381 4638 βλέπει
1424 4568 1483 4620 ὲν
1523 4569 1590 4637 τῇ
1638 4565 1845 4620 θαλάσ-

1951 4589 2353 4646 nonnunquam
2383 4574 2584 4629 accidit
2607 4573 2752 4628 visui
2793 4573 2920 4644 ipsi,
2957 4587 3070 4642 quo
3102 4572 3286 4626 minus
3325 4571 3569 4638 aberret,

242 4677 315 4736 σῃ
347 4663 410 4716 υ.
473 4661 708 4732 Ὁμοίως
736 4660 794 4714 δὲ
823 4663 867 4692 ¹¹
920 4660 1016 4714 καὶ
1050 4662 1184 4714 ὅταν
1225 4660 1317 4714 διά
1360 4677 1510 4724 τινος
1565 4659 1730 4731 ὕλης,
1763 4659 1842 4725 ὼς

240 4757 473 4809 ἐπὶτῶν
508 4754 817 4825 ἐσόπτρων,
855 4754 954 4808 καὶ
985 4754 1194 4826 ἐτέρων
1229 4753 1540 4823 διαφανῶν,
1583 4755 1679 4806 καὶ
1707 4753 1841 4805 ὅταν

240 4847 412 4915 ὀξέως
444 4849 665 4917 κινῆται
691 4846 754 4900 τὺ
794 4845 1101 4917 ὁρώμενον.
1161 4846 1545 4916 Συνταράσσει
1592 4845 1706 4916 γὰρ
1740 4845 1842 4915 τὴν

240 4939 366 5010 ὄψιν
395 4941 647 5011 ήταχεία
689 4939 930 5009 κίνησις,
979 4938 1056 5002 ὡς
1088 4938 1184 4992 ἐπὶ
1229 4937 1326 4991 τοῦ
1362 4937 1468 5009 τῆς
1503 4938 1843 5010 περιστερᾶς

240 5032 545 5104 τραχήλου.
619 5029 918 5102 Τεσσάρων
975 5029 1033 5083 δὲ
1120 5029 1360 5099 μάλιστα
1429 5030 1571 5099 πρὸς
1631 5029 1880 5113 ἐναργῆ.

241 5125 541 5194 διάγνωσιν
584 5125 618 5195 ἡ
659 5122 786 5195 δψις
837 5121 1034 5194 χρῄζει
1063 5139 1077 5155 ·
1125 5121 1408 5186 άὸλαὸοὖς
1435 5123 1836 5193 αἰσθητηρίου·

245 5217 569 5290 συμμέτρου
595 5217 870 5286 κινήσεως
893 5232 906 5246 ·
934 5217 1028 5272 καὶ
1058 5215 1434 5287 διαστήματος
1465 5215 1630 5285 ἀέρος
1661 5214 1839 5268 καθα-

245 5311 342 5386 ροῢ
372 5329 385 5341 ’
412 5313 509 5367 καὶ
569 5310 832 5384 λαμπροῦ
889 5309 1111 5380 φωτός.
1151 5311 1266 5364 Καὶ
1293 5309 1361 5363 τά
1399 5310 1498 5380 μὲν
1546 5309 1677 5379 περὶ
1727 5307 1841 5360 τῶν

241 5402 544 5474 ὀφθαλμῶν
576 5403 718 5466 ἃλις.

1951 4667 2076 4722 aliis
2117 4667 2384 4722 sensoriis
2429 4683 2529 4722 ceu
2588 4665 2824 4720 testibus
2881 4665 2961 4718 uti
2995 4681 3010 4718 :
3049 4664 3386 4734 quandoque
3435 4679 3568 4717 vero

1953 4774 2052 4829 per
2084 4773 2144 4812 se
2175 4759 2357 4827 ipsum
2390 4758 2542 4812 nullo
2579 4765 2912 4810 cancrorum
2942 4754 3283 4808 adminiculo
3321 4769 3413 4809 res
3445 4769 3573 4824 quae

1952 4858 2219 4922 apparent
2261 4849 2674 4904 animadvertit.
2727 4847 2926 4902 Turris
2970 4847 3138 4918 igitur
3177 4846 3463 4916 quadrata:
3507 4847 3570 4899 fi-

1949 4956 2102 5018 gurat
2138 4941 2193 4995 in
2222 4939 2390 5011 paulo
2409 4939 2695 4998 remotiori
2725 4954 2757 4994 a
2787 4937 2907 4993 visu
2938 4953 3107 5007 quam
3141 4951 3238 5006 par
3265 4937 3336 4990 sit
3360 4937 3571 4991 distan-

1948 5035 2026 5092 tia
2083 5034 2262 5105 posita
2309 5033 2544 5087 rotunda
2599 5031 2859 5098 videtur,
2928 5029 3256 5100 maioraque
3304 5029 3568 5084 animalia

1945 5140 2012 5180 ae
2059 5125 2308 5196 cujusvis
2358 5124 2579 5195 generis
2637 5122 2896 5185 aedificia,
2975 5122 3230 5177 breviora
3283 5123 3424 5177 :sed
3461 5120 3570 5176 fal-

1945 5215 2078 5272 litur
2129 5219 2375 5289 quidem.
2437 5217 2630 5287 Atqui,
2666 5225 2719 5270 et
2757 5216 2853 5270 illo
2907 5223 3176 5297 teman
3205 5215 3362 5270 visus
3397 5214 3567 5269 etiam

1945 5309 2124 5380 decipi
2169 5309 2329 5372 solet,
2374 5323 2502 5364 cum
2565 5325 2753 5364 remus
2803 5323 2872 5362 ex
2925 5317 3080 5361 motu
3135 5323 3294 5377 aquae
3324 5308 3380 5360 in
3425 5303 3568 5360 mari

1945 5400 2155 5458 fractus
2214 5403 2451 5458 videtur.
2498 5400 2583 5455 Ad
2626 5401 2765 5466 haec,
2814 5399 3056 5470 alicujus
3089 5399 3337 5455 materiae
3373 5414 3565 5477 causa,

243 5506 305 5552 ut
324 5511 391 5551 ex
416 5496 627 5567 speculi
663 5494 1122 5567 inspectionibus,
1152 5509 1218 5550 ac
1252 5493 1375 5549 aliis
1435 5493 1727 5563 diaphanis
1785 5507 1912 5564 qua:
1946 5495 2202 5551 videlicet
2259 5497 2601 5551 translucent
2656 5495 3010 5565 corporibus,
3054 5494 3206 5548 visus
3265 5491 3563 5560 decipitur.

243 5589 402 5647 Tunc
438 5591 627 5659 etiam,
691 5591 913 5662 quando
940 5590 994 5647 id
1023 5591 1174 5662 quod
1206 5591 1471 5655 cernitur,
1528 5590 1736 5661 pernici
1765 5606 1830 5646 ac
1867 5591 2296 5648 ocissimomotu
2316 5591 2522 5648 fertur:
2547 5591 2674 5648 talis
2722 5591 2872 5646 enim
2926 5588 3568 5660 motus,utinco!umbtc

313 5729 643 5822 rlléy‘ouetx
665 5735 728 5789 Β.
805 5737 852 5770 θ’
886 5735 1018 5822 παρ’
1051 5737 1246 5806 ὲγκεφ.
1303 5743 1356 5791 et
1397 5749 1519 5788 mox
1544 5734 1608 5788 τὸ
1631 5733 1836 5804 νεῦρον.
1915 5738 1932 5769 ¹
1963 5737 2411 5810 κεχωσμένονΑ.
2489 5737 2508 5768 ’
2541 5737 2759 5809 κίνησίν
2816 5753 2878 5792 τε
2936 5736 2982 5789 Β
3015 5735 3058 5791 C
3120 5734 3182 5790 P.
3263 5735 3283 5767 ³
3313 5732 3454 5803 ταχὺ
3498 5734 3562 5785 Λ.

745 5808 762 5822 ..
860 5808 872 5822 .
1019 5807 1059 5822 τ.
1158 5806 1272 5822 ..η
1456 5805 1470 5822 .
1567 5805 1606 5822 ..
1705 5807 1721 5822 .
1844 5807 1855 5820 .
2000 5808 2101 5822 ..η
2228 5807 2250 5822 .
2337 5809 2350 5822 ,
2481 5806 2594 5822 ...ι
2689 5809 2785 5822 ..
2921 5807 2944 5818 -
3105 5807 3209 5822 ...η
3311 5806 3356 5822 .,.
3445 5803 3560 5822 γη

243 5801 576 5880 "Nscio:
603 5805 663 5880 [ξ.
742 5808 763 5840 ⁸
790 5808 888 5880 xa‘g
934 5801 995 5880 τὲρ
1019 5801 1104 5880 τι(
1158 5807 1179 5836 ο
1200 5801 1323 5880 356.,
1348 5805 1539 5880 ντυχξνέΔ
1566 5805 1627 5860 B.
1705 5801 1971 5880 "mea:
1999 5801 2166 5866 B'P.‘
2228 5807 2250 5839 κ
2283 5809 2448 5880 μόνου
2481 5808 2524 5862 Β
2553 5806 2614 5865 P.
2655 5801 2710 5842 ὀ
2736 5809 2829 5865 τὸν
2849 5807 2982 5878 γοῦν
3011 5824 3074 5863 π.
3102 5807 3143 5861 ιι
3167 5807 3232 5860 r.
3311 5806 3356 5837 ιο
3387 5801 3479 5874 ξφ.
3507 5803 3563 5856 δὲ

249 5873 348 5930 καὶ
379 5873 510 5930 ὅταν
539 5874 581 5928 Β
619 5877 684 5932 Ρ.
768 5880 809 5912 ³³
841 5878 938 5950 τῆς
973 5876 1254 5950 θαλάσσης
1292 5877 1351 5932 Β.
1419 5873 1472 5908 V”
1497 5875 1552 5929 δὲ
1582 5893 1692 5932 υιη.
1747 5876 1802 5931 ll.
