4204 6454
705 397 841 453 lli-9
1214 402 1217 403 ⁷
1988 387 2272 445 ΜΕΙΞΕΤΙΙ
2317 385 2623 443 MDNAGIH
3830 386 3852 441 ι
3875 383 3984 439 180

702 515 992 570 velocitate
1033 513 1112 577 ﬁt,
1150 512 1325 567 visum
1360 511 1656 579 perturbat.
1692 508 1875 577 Atqui,
1904 517 1961 561 ut
1984 507 2134 561 visus
2174 506 2287 575 ipse
2329 516 2451 558 actu
2494 519 2581 557 res
2605 500 3071 573 comprehendere
3092 509 3276 572 queat,
3309 510 3543 573 quatuor
3615 504 3979 572 potissimum

702 607 989 662 habentur.
1028 605 1290 669 Primum,
1325 605 1399 657 uti
1453 605 1759 658 sensorium
1800 603 1976 671 ipsum
2021 602 2090 656 ab
2126 601 2273 655 omni
2314 600 2433 653 labe
2498 599 2741 653 immune
2769 599 2869 663 sit;
2903 597 3101 652 dehinc
3127 599 3335 653 modice
3400 608 3731 668 temperatus
3762 610 3980 660 motus.

704 708 837 763 tum,
888 707 947 752 ut
995 699 1099 753 loci
1140 696 1487 765 intercapedo
1542 711 1647 748 non
1684 694 1999 756 immodica,
2066 702 2119 747 et
2179 707 2272 746 aer
2311 707 2483 761 purus
2556 691 2628 746 sit
2676 709 2687 744 :
2735 690 2920 744 adlnec
2955 690 3225 744 ut‘lumon
3267 690 3548 760 praiiustre
3613 688 4015 763 perspiciuntur

700 801 972 860 appareat.
1006 790 1071 845 Et
1120 792 1234 844 hzec
1273 789 1341 843 de
1380 788 1557 843 oculis
1588 786 1792 841 dixisse
1821 786 2082 841 sulﬁciat.

874 908 1006 975 Cap.
1031 904 1117 959 Ill.
1159 932 1211 945 --
1240 905 1315 959 De
1340 922 1469 957 naso
1490 914 1539 957 et
1565 905 1710 957 maris
1737 903 2093 971 pronmscide.

769 1084 938 1141 Nares
964 1085 1162 1155 quibus
1182 1084 1413 1140 olfactus
1441 1082 1601 1147 inest,
1634 1081 1741 1136 alio
1759 1080 1979 1136 nomine
1996 1080 2114 1135 nasi
2144 1093 2275 1150 pro-

702 1178 913 1233 muscis
960 1176 1322 1245 appellantur,
1353 1185 1408 1230 et
1461 1190 1621 1229 nares
1650 1172 1868 1243 quidem
1904 1172 2088 1227 Graece
2133 1174 2276 1243 ῥῖνες

699 1268 956 1321 dicuntur
1002 1281 1037 1321 a-
1080 1265 1245 1319 verbo
1305 1266 1438 1335 ῥεῖν,
1493 1264 1636 1333 quod
1665 1265 1830 1331 ﬂuere
1885 1264 2150 1329 denotat,
2209 1277 2275 1316 eo

699 1356 843 1424 quod
886 1356 1020 1425 ipsis
1077 1356 1273 1409 humor
1330 1370 1358 1407 a
1405 1354 1630 1408 cerebro
1684 1356 2008 1423 proveniens
2051 1352 2272 1410 deﬂuat.

707 1445 833 1501 Nasi
877 1460 1006 1500 vero
1035 1444 1360 1513 promuscis,
1389 1460 1553 1513 quam
1585 1445 1660 1499 illi
1692 1445 1966 1515 μυκτῆρες
2003 1444 2273 1508 dictitant,

702 1538 773 1591 ita
826 1546 1203 1605 nuncupatur,
1258 1535 1511 1591 videlicet
1558 1536 1667 1589 ἀπὸ
1724 1536 1819 1588 τοῦ
1896 1536 2270 1608 μυκτηρίζειν,

701 1632 847 1703 quod
880 1629 1209 1684 rubsannare
1247 1637 1368 1693 est,
1404 1629 1531 1698 quia
1574 1629 1691 1684 illos
1720 1644 1859 1697 quos
1902 1628 2148 1684 deridere
2185 1644 2274 1683 sa-

699 1724 875 1778 lemus
925 1735 1086 1775 mneo
1113 1720 1309 1790 dignos
1359 1719 1733 1773 existimamus
1764 1738 1776 1772 :
1814 1719 1929 1774 sive
1975 1720 2122 1787 quod
2155 1734 2275 1773 mu-

701 1828 799 1867 cus
826 1827 922 1881 per
959 1812 1132 1881 ipsam
1168 1825 1331 1880 quam
1360 1809 1436 1863 illi
1475 1808 1645 1879 μύξαν
1686 1818 1885 1864 vocant
1939 1810 2269 1879 egrediatur,

700 1903 785 1959 vel
843 1903 988 1973 quod
1052 1902 1108 1957 in
1164 1901 1297 1971 ipsis
1350 1910 1563 1955 meatus
1602 1900 1821 1969 quidam
1868 1908 2027 1961 sunt,.
2061 1900 2157 1969 qui
2204 1900 2272 1953 ab

697 1992 776 2049 eis
842 1991 1005 2063 μύξαι
1052 1991 1326 2047 dicuntur.
1392 1988 1563 2045 Nares
1617 1997 1797 2043 autem
1857 1987 2024 2058 ipsas.
2092 1990 2273 2045 nervis

704 2084 954 2155 pluribus
974 2081 1221 2148 refertas,
1263 2082 1754 2152 cartilagiueasque
1782 2095 1905 2135 esse
1960 2080 2120 2149 plane
2144 2094 2276 2134 con-

702 2188 809 2233 stat
853 2195 865 2232 :
917 2178 999 2232 liae
1034 2185 1087 2230 et
1123 2178 1349 2242 odores,
1383 2192 1448 2231 ac
1485 2190 1675 2229 eorum
1722 2174 2060 2240 discrimina,
2092 2183 2277 2243 utpote

2303 886 2344 941 Α
2446 899 2587 967 Κεφ,
2624 896 2695 950 [".
2733 928 2803 938 -
2845 896 2983 964 Περὶ
3011 896 3205 982 ,ῥινὸς
3238 896 3280 927 ¹⁸
3329 902 3425 980 x'al
3483 897 3592 963 τῆς
3641 897 3718 950 δι’
3775 895 3980 982 αὐτῆς

2808 965 3142 1036 γενομένης
3165 966 3544 1034 ὀσφρήσεως.

2452 1083 2519 1136 Al.
2547 1082 2603 1135 δὲ
2636 1081 2807 1151 ῥῖνες
2850 1081 2917 1134 δι’
2964 1075 3037 1135 ὧν
3075 1084 3108 1151 ή
3154 1080 3425 1150 ὄσφρησις
3450 1078 3681 1148 γίνεται,
3714 1081 3981 1149 λέγονται

2382 1173 2542 1227 atati.“
2566 1173 2911 1243 μυκτῆρες”
2958 1173 3127 1241 ῥῖνες
3182 1173 3302 1243 μὲν,
3354 1172 3442 1225 διὰ
3482 1170 3544 1225 τὸ
3596 1171 3666 1224 δι’
3715 1172 3906 1226 αὐτῶν
3935 1174 3981 1205 ’⁸

2386 1266 2502 1335 ῥεῖν
2530 1264 2601 1318 τὰ
2627 1263 2695 1331 ἐξ
2717 1264 3027 1333 ἐγκεφάλου
3064 1264 3107 1295 ¹⁸
3160 1262 3307 1333 ὑγρά
3336 1279 3350 1293 ·
3386 1263 3690 1330 μυκτῆρες
3740 1263 3823 1325 δὲ,
3859 1263 3984 1316 ἀπὸ

2383 1356 2477 1410 τοῦ
2511 1355 2874 1428 μυκτηρίζειν
2903 1356 3051 1426 ἡμᾶς
3077 1352 3171 1419 οὓς
3194 1354 3561 1425 διαπαίζομεν
3590 1354 3653 1418 ⁸⁷,
3682 1354 3714 1425 ἦ
3740 1354 3849 1407 ἀπὸ
3874 1353 3980 1406 τοῦ

2383 1450 2483 1517 τὴν
2511 1449 2685 1520 μύξαν
2715 1449 2917 1515 ἐξιέναι
2976 1449 3043 1503 δι’
3096 1448 3319 1504 αὐτῶν
3378 1447 3412 1516 ἢ
3467 1447 3577 1499 ἀπὸ
3608 1444 3703 1499 τοῦ
3760 1443 3979 1514 μύξους

2382 1540 2537 1604 τινὰς
2557 1541 2704 1612 ἔχειν
2726 1543 2814 1610 ἐφ’
2845 1541 3073 1604 ἑαυτοὺς
3105 1541 3174 1606 ⁸⁸,
3210 1537 3460 1593 τουτέστι
3495 1537 3718 1607 πόρους.
3755 1537 3882 1589 Εἰσὶ
3918 1536 3984 1590 δὲ

2384 1629 2800 1702 νευρώδειςκαὶ
2827 1630 3170 1700 χονδρώδεις,
3226 1627 3617 1695 ἁντιληπτικαὶ
3646 1626 3835 1694 ὀσμῶν
3868 1627 3975 1679 καὶ

2383 1721 2491 1776 τῶν
2524 1723 2581 1773 ὲν
2629 1721 2824 1783 αὐταῖς
2874 1718 3150 1790 διαφορῶν
3178 1734 3191 1747 ·
3248 1717 3535 1771 τουτέστιν
3591 1714 3823 1777 εὐωδίας
3873 1717 3980 1770 καὶ

2382 1812 2662 1873 δυσωδίας.
2694 1811 2772 1865 Δι’
2820 1810 3004 1865 αὐτῶν
3043 1810 3100 1863 δὲ
3134 1808 3481 1878 ἀναπνέομεν
3511 1808 3552 1839 ¹⁹
3584 1807 3679 1861 καὶ
3718 1808 3977 1860 εἰσπνέο-

2386 1919 2506 1972 μεν.
2532 1902 2669 1957 Οὐδὲ
2696 1903 2808 1974 γάρ
2840 1903 2960 1955 ἑστι
2990 1900 3225 1955 δυνατὸν
3256 1899 3531 1953 ποιεῖσθαι
3559 1899 3734 1963 ἄλλως
3763 1899 3972 1962 ταῦτα,

2383 1992 2432 2044 εί
2465 1993 2539 2063 μὴ
2573 1992 2662 2046 διὰ
2696 1992 2994 2063 μυκτήρων
3016 2008 3031 2024 ·
3065 1991 3176 2045 ἀπὸ
3200 1989 3310 2061 γὰρ
3333 1989 3441 2046 τῶν
3459 1990 3701 2060 ταμείων
3727 1991 3823 2043 καὶ
3858 1991 3977 2044 τῶν

2382 2085 2478 2154 τῆς
2520 2085 2751 2154 καρδίας
2778 2084 3038 2154 θαλάμων
3059 2084 3148 2137 διὰ
3173 2081 3268 2136 τοῦ
3295 2082 3600 2152 πνεύμονος
3636 2084 3974 2153 ἀναπεμπο-

2387 2175 2559 2245 μένην
2586 2176 2837 2245 δέχονται
2863 2176 2964 2245 τὴν
2996 2176 3274 2245 ἀναπνοὴν
3302 2175 3352 2228 οἱ
3379 2176 3678 2246 μυκτῆρες,
3700 2175 3796 2228 καὶ
3828 2174 3973 2245 πρὸς

699 2277 821 2331 qua:
850 2261 1156 2331 fragrantes
1188 2270 1335 2326 sunt,
1372 2271 1427 2316 et
1457 2277 1578 2331 quae
1618 2260 2041 2329 gravcolentiam
2078 2261 2281 2316 habent

2380 2266 2449 2319 τὰ
2480 2264 2683 2330 ἔξωθεν
2712 2266 3073 2337 ἀποκρίνουσι
3098 2283 3111 2297 ’
3146 2265 3240 2319 καὶ
3264 2267 3363 2337 τὴν
3385 2266 3643 2335 εἰσπνοὴν
3667 2264 3975 2337 ἐφελκόμε-

698 2349 1124 2419 deprehendunt,
1167 2364 1263 2417 per
1291 2350 1437 2416 ipsas
1485 2350 1633 2413 item,
1687 2358 1739 2402 et
1771 2348 1993 2418 spiritus
2040 2349 2282 2419 recipro-

696 2440 909 2494 catione
954 2440 1159 2494 utimur
1198 2457 1211 2493 :

1284 2441 1391 2510 7o
1448 2441 1792 2509 impossibile
1847 2441 1994 2495 enim
2054 2440 2306 2509 habetur,
2348 2445 2465 2502 haec
2518 2448 2677 2503 aliter
2733 2464 2898 2520 quam
2958 2450 3176 2506 narium
3220 2450 3401 2507 ofﬁcio
3456 2450 3571 2506 ﬁeri

2388 2372 2469 2407 νοι
2502 2355 2737 2426 θύραθεν
2767 2355 2906 2424 πρὸς
2938 2355 3008 2409 τὰ
3034 2355 3239 2411 ἔσωθεν
3264 2356 3751 2426 παραπέμπουσιν.

3627 2468 3642 2506 :
3693 2450 3988 2522 siquidem

700 2535 831 2604 ipsae
860 2550 889 2590 e
910 2536 1282 2605 promptuario
1311 2544 1366 2591 et
1397 2536 1579 2590 cordis
1628 2535 1837 2590 intimis
1881 2534 2300 2605 respirationem
2340 2541 2622 2609 pulmonis
2676 2542 2861 2600 ofﬁcio
2885 2545 3184 2616 capientes,
3213 2556 3366 2601 extra
3422 2557 3743 2613 excernunt,
3771 2555 3827 2603 et
3856 2562 3969 2603 una

698 2628 949 2699 spiritum
981 2629 1307 2683 exteriorem
1366 2631 1643 2685 trahentes
1675 2630 1744 2684 ad
1768 2629 2025 2684 interiora
2079 2630 2398 2690 demittunt.

771 2718 1017 2776 Oifaetus
1093 2722 1312 2791 quidem
1367 2723 1603 2792 impetus
1671 2722 1957 2793 cujusdam
2021 2725 2290 2782 naturalis

700 2810 929 2866 att-tionis
962 2820 1079 2875 est,
1124 2813 1275 2881 quia
1304 2812 1501 2883 spiritu
1537 2814 1763 2868 humido
1805 2823 1861 2868 et
1906 2830 2180 2884 vaporoso
2229 2817 2285 2872 in

702 2900 929 2955 naribus
954 2902 1247 2957 exsistente
1275 2903 1572 2972 perﬁcitur,
1607 2918 1703 2972 per
1727 2918 1887 2971 quem
1915 2918 1979 2958 ea
2008 2919 2130 2974 quae
2152 2904 2284 2961 odo-

701 3004 815 3045 rem
843 2990 1077 3047 reddunt
1110 2992 1273 3046 etiam
1305 2993 1493 3062 procul
1524 2994 2022 3063 deprehenduntur.
2056 2996 2119 3052 Et
2157 3000 2283 3069 qni-

701 3081 845 3148 dem,
873 3096 996 3137 cnm
1061 3082 1181 3137 nasi
1219 3085 1525 3152 promuscis
1582 3083 1832 3140 bifariam
1869 3087 2043 3143 divisa
2072 3090 2164 3152 sit,
2197 3100 2280 3145 at-

701 3184 809 3237 que
863 3170 1119 3241 utrinque
1156 3187 1327 3228 vacua
1381 3174 1628 3240 exsistat,
1693 3177 1887 3231 mediae
1938 3178 2281 3249 cartilagiuis

703 3257 1004 3315 interstitio
1063 3261 1348 3326 dividitur,
1411 3277 1521 3332 quo
1578 3264 1806 3333 spiritus
1843 3267 2280 3335 reciprocationi,

704 3361 766 3406 ut
822 3353 1184 3419 asseruimus,
1252 3355 1536 3422 inserviat,
1584 3371 1682 3426 per
1738 3373 1903 3427 quam
1970 3359 2088 3428 ipsa
2135 3360 2285 3414 nullo

707 3445 1092 3513 impedimento
1124 3446 1428 3516 ingreditur
1478 3455 1532 3503 et
1554 3449 1849 3518 egreditur,
1880 3450 1983 3505 nisi
2009 3451 2077 3505 ab
2103 3452 2283 3521 aliqua

707 3536 1024 3604 aegritudine
1056 3552 1217 3592 nares
1249 3537 1396 3606 ipsas
1422 3538 1706 3595 obturatas
1748 3540 1897 3595 reddi
1956 3542 2238 3612 contingat
2264 3558 2277 3594 :
2309 3521 2354 3581 (ἶ

709 3624 757 3677 si
789 3624 935 3679 enim
985 3625 1057 3681 ob
1102 3626 1478 3696 aegritudinem
1521 3629 1643 3684 talis
1676 3628 1890 3685 affectio
1956 3632 2287 3702 quandoque

705 3710 982 3778 acciderit,
1012 3715 1156 3771 aeris
1220 3716 1514 3786 respiratio
1544 3733 1653 3773 non
1682 3720 2048 3788 intercipitur.
2080 3721 2284 3777 Verum

706 3804 904 3861 odores
928 3805 1097 3875 ipsos,
1113 3814 1299 3876 utpote
1315 3806 1408 3877 qui
1432 3823 1557 3865 aere
1580 3819 1708 3865 sunt
1726 3811 2057 3877 crassiores,
2086 3813 2289 3867 sentire

708 3910 871 3950 nares
929 3906 1243 3965 nequeunt:
1299 3907 1351 3953 et
1401 3899 1504 3954 hoc
1563 3900 1783 3969 quidem
1846 3901 1993 3971 quod
2043 3902 2285 3958 diximus

710 3986 874 4041 modo
894 3987 1121 4043 olfactus
1134 3989 1452 4045 constitutio
1485 3992 1563 4046 lit.
1592 3991 1689 4048 llic
1710 4008 1965 4064 namque,
1999 4009 2107 4066 qua
2132 4005 2289 4051 ante-

711 4078 857 4133 riora
882 4078 1092 4134 cerebri
1114 4094 1245 4134 cava
1269 4088 1419 4146 sunt,
1451 4082 1517 4135 ad
1549 4098 1673 4139 ossa
1729 4099 1919 4154 usque,
1958 4101 2077 4155 quae
2104 4086 2157 4141 in
2186 4102 2287 4141 an-

707 4174 924 4238 gustum
987 4169 1053 4224 ad
1120 4168 1305 4226 istbmi
1354 4172 1573 4227 modum
1622 4175 2037 4243 protenduntur,
2066 4176 2286 4232 desinit.

708 4257 827 4313 Non
853 4260 996 4315 enim
1048 4276 1235 4327 nasus,
1270 4264 1729 4333 quemadmodum
1776 4276 1829 4322 et
1876 4268 1981 4323 alia
2014 4269 2285 4333 sensoria.

712 4347 861 4404 nervi
884 4349 1064 4407 ofﬁcio
1082 4366 1205 4408 cum
1222 4354 1705 4424 eerebrojactiones
1736 4373 1862 4413 suas
1889 4359 2283 4428 deprehendit;

712 4440 805 4495 sed
835 4441 1059 4507 ipsemet
1090 4457 1186 4513 per
1221 4443 1488 4501 foramina
1527 4448 1780 4516 quaedam
1830 4465 2051 4505 sensum
2119 4452 2289 4506 susci-

714 4532 808 4600 pit.
841 4531 1099 4600 Superior
1120 4545 1301 4591 autem
1326 4538 1444 4593 nasi
1468 4554 1595 4607 pars
1617 4556 1739 4593 cum
1771 4540 1947 4596 fronte
1967 4540 2289 4597 continuato

712 4638 839 4678 osse
868 4623 1115 4679 bifariam
1167 4628 1340 4682 diviso
1370 4630 1647 4696 cohaaret;
1696 4646 1822 4699 pars
1876 4650 2005 4689 vero
2062 4634 2288 4689 inferior

713 4712 971 4783 cartilago
1000 4724 1085 4770 est
1129 4732 1245 4785 qua:
1298 4729 1352 4772 et
1377 4719 1474 4773 alae
1505 4733 1873 4791 nuncupatur.

2466 2732 2621 2785 Ἔστι
2645 2733 2699 2786 δὲ
2729 2733 3030 2806 ὄσφρησιςτ
3050 2737 3197 2807 ὁρμή
3229 2754 3377 2800 τινος
3404 2737 3686 2807 ἐνεργείας
3704 2739 3977 2807 φυσικῆς.-

2390 2822 2423 2891 ἠ
2455 2822 2863 2897 ἁποτελουμένη
2896 2824 2985 2879 διὰ
3015 2826 3109 2879 τοῦ
3136 2826 3195 2880 ἐν
3212 2828 3333 2890 ταῖς
3374 2826 3489 2899 ῥισὶ
3530 2827 3844 2899 πνεύματος
3879 2829 3965 2882 δν-

2387 2933 2478 2980 τος
2502 2918 2730 2989 ὲνίκμου
2761 2920 2807 2951 ”
2838 2920 2933 2974 καὶ
2969 2920 3409 2992 ἀτμωδεστέρου,
3433 2922 3502 2974 δι’
3526 2914 3589 2975 οὗ
3620 2924 3677 2975 αί
3728 2925 3837 2977 τῶν
3866 2923 3971 2977 ὀσ-

2389 3008 2647 3079 φραντῶν
2670 3010 2989 3080 ἀντιλήψεις
3010 3012 3105 3064 καὶ
3137 3011 3422 3083 πόρρωθεν
3444 3012 3785 3080 γίνονται-’⁸-
3807 3016 3965 3084 Διχό-

2388 3115 2557 3169 τομος
2577 3099 2634 3152 δὲ
2671 3100 2933 3169 πεφυκὼς
2962 3102 2991 3154 6
3034 3103 3255 3173 μυκτὴρ
3300 3102 3408 3157 ἀνὰ
3464 3104 3630 3174 μέσον
3680 3104 3792 3175 ἔχει
3848 3105 3964 3161 Bitho

2389 3205 2629 3259 φραγμα
2661 3190 2884 3261 χόνδρον
2924 3191 3268 3263 ἑκατέρωθεν
3297 3211 3311 3226 ο
3350 3194 3617 3266 ὑπάρχων
3671 3197 3827 3259 κενὸς
3876 3198 3970 3251 διὰ

2388 3278 2488 3347 τὴν
2536 3277 2639 3347 τῆς
2674 3280 2954 3349 εἰσπνοῆς,
3006 3279 3082 3342 ὡς
3127 3282 3365 3352 εἴρηται,
3401 3283 3497 3337 καὶ
3544 3285 3800 3355 είσπνοῆς
3848 3285 3963 3339 εἴσ-

2390 3366 2508 3420 οδόν
2541 3384 2599 3420 τε
2622 3369 2719 3421 καὶ
2748 3368 2928 3434 ἔξοδον
2963 3387 2977 3402 ο
3001 3371 3050 3423 εί
3087 3372 3162 3441 μή
3195 3389 3277 3436 τις
3322 3372 3595 3443 ἐμφραξις
3649 3376 3755 3429 ἀπὸ
3802 3379 3962 3448 νοσή-

2394 3474 2563 3527 ματος
2584 3458 2630 3488 ¹²
2659 3458 2905 3528 γένηται,
2937 3458 3035 3530 τὴν
3077 3460 3178 3531 μὲν
3219 3463 3501 3533 ἀναπνοὴν
3522 3461 3622 3517 τοῦ
3667 3465 3831 3535 ἀέρος
3888 3468 3963 3537 μὴ

2387 3546 2698 3613 κωλύουσα,
2748 3550 2818 3603 τὰ
2847 3550 2905 3603 δὲ
2956 3550 3065 3605 τῶν
3109 3552 3292 3622 ὀδμῶν
3326 3554 3690 3625 ἀπείργουσα,
3736 3557 3813 3621 ὡς
3867 3559 3963 3613 τοῦ

2387 3639 2549 3710 ἀέρος
2579 3639 2902 3710 ὑπάρχουσα
2933 3644 3218 3713 παχυτέρα
3245 3646 3315 3698 ’³.
3352 3645 3570 3698 Γίνεται
3626 3648 3725 3717 μὲν
3770 3645 3865 3703 οὖν
3928 3654 3960 3719 ἡ

2387 3730 2658 3803 ὄσφρησις
2702 3732 2893 3804 ὥσπερ
2944 3735 3188 3805 εἴρηται·
3238 3737 3561 3807 περαίνεται
3616 3740 3671 3793 δὲ
3710 3741 3785 3805 ὡς
3828 3745 3897 3795 τὰ
3918 3744 3962 3774 ⁸⁸

2388 3822 2603 3892 πέρατα
2630 3823 2739 3878 τῶν
2775 3825 3130 3895 ἐμπροσθίων
3160 3827 3256 3880 τοῦ
3290 3829 3595 3897 ἐγκεφάλου
3628 3832 3845 3886 κοιλιῶν
3878 3835 3957 3896 είς

2388 3912 2456 3964 τὰ
2488 3914 2768 3985 ίσθμοειδῆ
2793 3916 2975 3971 ὀστέα.
3006 3918 3081 3970 Οὐ
3109 3917 3220 3987 γὰρ
3247 3920 3387 3995 μετὰ
3426 3920 3621 3989 νεύρου
3655 3923 3687 3992 ἡ
3742 3923 3826 3993 ῥὶς
3865 3924 3963 3993 τὴν

2390 4006 2676 4075 ἐνέργειαν
2705 4007 2877 4077 αὐτῆς
2908 4009 3165 4079 γνωρίζει
3198 4009 3275 4079 τῷ
3318 4010 3630 4082 ἐγκεφάλῳ,
3658 4012 3847 4083 ὥσπερ
3873 4032 3965 4067 και

2389 4097 2448 4149 αἱ
2475 4096 2661 4150 λοιπαὶ
2677 4096 2786 4150 τῶν
2807 4096 3138 4169 αἰσθήσεων,
3170 4098 3288 4152 ἀλλ’
3312 4099 3474 4164 αὐτὸς
3502 4102 3710 4167 ἐκεῖνος
3731 4103 3797 4157 δι’
3816 4104 3964 4158 ὀπῶν

2388 4206 2552 4243 τινων
2578 4189 2677 4259 τὴν
2721 4190 2977 4259 αἴσθησιν
3008 4189 3246 4259 δέχεται.
3297 4191 3410 4262 Τῆς
3462 4192 3520 4246 δὲ
3570 4193 3716 4263 ῥινὸς
3766 4195 3828 4248 τὺ
3863 4196 3962 4266 μὶν

2390 4280 2595 4335 ἄνωθεν
2620 4281 2791 4352 αὐτῆς
2819 4282 2877 4334 ὲν
2914 4280 2992 4351 τῷ
3037 4280 3275 4353 μετώπῳ
3328 4284 3736 4353 προσπεφυκδς,
3776 4285 3962 4339 ὀστοῦν

2391 4373 2506 4426 ἔστι
2542 4374 2849 4445 διαμπερὲς
2873 4374 2917 4405 ’⁸
2944 4374 2976 4444 ἢ
3003 4374 3227 4442 διαφυές
3256 4391 3269 4404 ⁸
3300 4374 3362 4428 τὸ
3399 4376 3457 4429 δὲ
3510 4377 3768 4431 ὑποκάτω
3799 4379 3962 4447 αὐτῆς

2391 4466 2451 4518 τὸ
2483 4466 2777 4535 λεγόμενον
2810 4466 3105 4539 τράγανον,
3144 4466 3368 4539 χόνδρος
3399 4467 3517 4538 ἃμα
3564 4469 3659 4523 καὶ
3696 4470 3962 4542 πτερύγια

2394 4557 2661 4612 καλεῖται.

736 4827 867 4893 Cap.
897 4824 983 4880 IV.
1007 4857 1075 4867 —
1102 4827 1178 4883 De
1212 4830 1414 4900 magnis
1445 4841 1492 4884 et
1528 4835 1703 4901 parvis
1734 4837 1941 4907 angulis
1969 4840 2265 4894 oculorum.

2398 4844 2538 4912 Κεφ.
2558 4846 2630 4899 Δ’.
2650 4878 2717 4886 -
2740 4845 2884 4914 Περὶ
2902 4844 3023 4899 τῶν
3032 4846 3315 4915 μεγάλων
3339 4847 3577 4905 παν-θῶν
3596 4847 3695 4903 καί
3718 4850 3957 4919 μικρῶν.

786 4938 956 4997 Penes
980 4943 1155 5009 ipsum
1182 4961 1308 5000 vero
1327 4948 1581 5018 utrinque
1610 4950 1787 5020 magni
1817 4953 2077 5023 parvique
2100 4955 2289 5009 oculo-

715 5048 835 5093 rum
863 5035 1043 5105 anguli
1073 5044 1233 5099 ~sunt,
1277 5054 1511 5107 quorum
1552 5039 1647 5109 qui
1702 5041 1913 5097 interne
1959 5045 2288 5113 consistunt,

716 5124 919 5195 magni,
943 5125 1035 5195 qui
1056 5142 1184 5183 vero
1205 5138 1381 5191 extra,
1420 5129 1573 5198 parvi
1624 5142 2029 5203 nuncUpantur.
2055 5133 2118 5189 lli
2144 5135 2291 5191 enim

712 5216 897 5287 anguli
918 5216 1105 5270 κανθοὶ
1126 5218 1231 5271 ἀπὸ
1250 5218 1343 5273 τοῦ
1368 5220 1681 5292 κνήθεσθαι,
1709 5223 1855 5293 quod
1877 5226 2144 5292 pruritum
2169 5244 2289 5281 sen-

716 5307 813 5360 (ire
846 5307 1235 5377 interpreteris,
1256 5325 1286 5363 a
1338 5310 1539 5368 Gracia
1592 5314 1930 5384 appellantur
1951 5355 1965 5380 ,
1999 5333 2121 5372 cum
2186 5318 2298 5388 ple-

718 5414 947 5469 rumque
971 5400 1024 5453 in
1051 5402 1185 5471 ipsis
1209 5402 1280 5457 oh
1325 5403 1687 5475 lacrymarum
1709 5408 1990 5477 elIluxum,
2020 5411 2133 5465 sive
2164 5428 2288 5466 cum

790 5509 1007 5600 2‘1258‘.
1039 5513 1201 5599 ῥινεῖιν
1228 5515 1269 5569 C
1300 5518 1361 5571 Ρ.

1444 5517 1487 5603 1:
1544 5520 1663 5606 λέγ,
1690 5522 1941 5605 deinceps
1971 5540 2081 5577 om.
2113 5527 2291 5606 gai‘A,

2380 5531 2423 5606 ξε
2452 5531 2517 5606 ἐκ
2541 5532 2606 5606 δι’
2655 5534 2837 5586 αὐτῶν
2876 5534 2943 5606 Β.
3024 5537 3067 5569 ¹⁶
3094 5535 3294 5606 τὰχτοῦ
3344 5540 3464 5606 ὲγκ.
3512 5540 3570 5591 Β.

2465 4958 2657 5011 Ἔνθεν
2697 4960 2754 5012 δὲ
2783 4958 2993 5029 ταύτης
3023 4960 3301 5027 κακεῐθεν,
3330 4963 3542 5018 arar-001
3576 4962 3829 5031 λέγονται
3859 4963 3959 5016 τῶν

2390 5047 2687 5117 ὀφθαλμῶν
2723 5063 2738 5078 ·
2767 5050 2816 5100 οἱ
2852 5049 2953 5118 μὲν
2985 5048 3094 5103 ἔσω
3142 5051 3393 5120 μεγάλοι.
3427 5052 3478 5105 oi
3508 5051 3566 5104 δὲ
3620 5053 3725 5119 ἔξω
3756 5052 3955 5123 μικροί.

2394 5140 2599 5194 Κανθοὶ
2635 5141 2692 5194 δὲ
2739 5140 2848 5194 ἀπὸ
2881 5140 2975 5195 τοῦ
3036 5142 3336 5213 κνήθεσθαι
3368 5144 3413 5175 ³⁸
3444 5144 3683 5215 συνεχῶς
3714 5146 3819 5198 ὑπὸ
3870 5145 3955 5199 τοῦ

2394 5236 2828 5307 παρεισρέοντος
2884 5236 3087 5301 παντὸς
3115 5238 3160 5273 ’ν
3197 5237 3367 5309 ὑγροῦ
3403 5254 3417 5269 ·
3468 5238 3719 5309 δακρύων
3741 5240 3805 5299 ⁸⁸.
3845 5240 3957 5310 ῥεύ-

2407 5344 2600 5396 ματος,
2629 5330 2723 5381 καὶ
2759 5328 2867 5380 τῶν
2916 5328 3141 5381 λοιπῶν.
3177 5329 3297 5382 Εἰσὶ
3323 5328 3379 5381 δὲ
3411 5330 3466 5382 αἱ
3499 5331 3641 5399 ῥῖνες
3698 5330 3955 5402 πολύσχτι⁹

2404 5434 2493 5485 μοι
2517 5419 2585 5469 ’⁸.
2620 5419 2685 5471 At
2710 5418 2808 5487 μὲν
2839 5420 2947 5489 γάρ
2976 5422 3083 5472 εἱσι
3111 5419 3422 5491 καμπύλαι,
3471 5422 3527 5474 αἱ
3556 5422 3615 5475 δὲ
3670 5422 3915 5476 πλατεῖαι
3945 5441 3955 5453 ·

3653 5541 3691 5569 ¹⁷
3733 5540 3838 5592 ἀπὸ
3875 5541 3955 5594 τοῦ

720 5577 877 5681 Εμμῖ
907 5577 973 5633 δι’
1013 5577 1403 5681 disiungunt.
1428 5587 1521 5652 οὓς
1539 5577 1718 5681 ηδιάτὲ
1748 5577 2023 5674 κρίνοντες
2048 5595 2468 5681 Δσιύτρξοςομύξης
2496 5602 2680 5665 ἀξίους
2708 5606 2765 5657 Ρ.
2848 5605 2889 5681 '_"
2917 5605 3008 5675 ὑφ’
3032 5577 3242 5661 iani-div
3265 5609 3303 5660 Β
3329 5577 3511 5663 Ρ,ι“ἰς
3540 5610 3632 5661 καὶ
3683 5577 3953 5664 ἀναπνλῖ.

801 5649 1021 5723 ὲνίγμου
1054 5653 1112 5705 Β.
1191 5649 1247 5686 ³³⁷
1286 5649 1513 5723 γίνεταί
1539 5660 1597 5712 Β.
1675 5663 1718 5691 ¹¹

723 5717 894 5798 παρὲξ
948 5720 1003 5786 Β,
1047 5717 1308 5798 διαπαρὲς
1358 5728 1418 5783 C.

727 5800 822 5854 μαι
849 5787 909 5842 Β.

1754 5662 2003 5728 σώματος
2036 5665 2098 5718 Α.
2178 5667 2223 5696 ³³

1497 5729 1541 5762 ⁸⁵
1566 5730 1793 5802 κνῆσθαι
1861 5732 1917 5786 Β.

2272 5671 2628 5744 ὑπάρχουσαν
2671 5671 2985 5744 παχυτέραν
3014 5678 3058 5731 Α
3100 5678 3160 5730 Ρ.
3240 5678 3286 5709 ⁸³
3317 5680 3397 5740 είς
3431 5680 3499 5730 τὰ
3540 5679 3579 5730 Β
3606 5680 3665 5734 C.

1999 5736 2039 5767 ²⁷
2066 5735 2261 5800 παντὸς
2314 5735 2501 5799 υιιι.’Β.

2580 5698 2628 5724 ιν
2671 5698 2985 5744 παχυτεραν
3014 5698 3058 5731 Α
3100 5698 3160 5730 r.
3243 5698 3286 5709 "
3317 5698 3397 5740 εις
3431 5698 3499 5730 τα
3540 5698 3579 5730 u
3606 5698 3665 5734 ιλ.
3746 5698 3785 5711 ὐ
3811 5698 3953 5748 omp-

2580 5743 2623 5775 "'
2658 5743 2808 5797 ἐλέου
2860 5745 3111 5818 δακρύων
3148 5746 3467 5816 Β,ὲ).αίου(ὶ
3490 5750 3550 5804 Ρ.
3629 5750 3673 5781 "
3698 5750 3971 5821 πολύσχη-·
