4204 6440
258 416 396 474 “gl
1510 398 1599 454 DE
1638 395 1929 455 NATURA
1969 395 2278 454 llOMlNlS.
3410 395 3547 452 “88

252 534 350 587 καὶ
374 532 429 584 al
471 528 569 599 μὶν
602 522 936 597 στρογγύλαι
970 522 1037 585 ³ο,
1069 520 1127 573 αἱ
1160 518 1218 572 δὲ
1252 516 1436 587 σιμαὶ,
1461 514 1597 568 αἰδὲ
1631 512 1838 579 ὀξεῖαι·
1872 518 1912 574 Α

1888 518 1917 574 ι
1947 510 2153 577 oleum,
2184 517 2280 564 aut
2307 507 2608 578 quemlibet
2642 507 2811 564 alium
2841 508 3129 566 humorem
3165 509 3417 566 adhiberi
3454 527 3548 565 ac-

250 624 310 676 αί
333 622 388 675 δὲ
423 616 685 690 μεγάλαι,
717 616 773 669 αι
802 613 860 667 δὲ
911 610 1130 682 μικραί.
1162 602 1338 663 Αὗται
1372 606 1429 660 δὲ
1488 604 1692 675 μᾶλλον
1726 602 1839 656 τῶν

1988 601 2101 668 idit,
2133 600 2385 671 pruritus
2453 600 2708 655 sentitur.
2762 599 3082 668 Enimvero,
3139 603 3263 657 nasi
3320 601 3554 657 diversae
3638 678 3648 685 ι

249 689 434 767 ἄλλων
457 710 668 782 μορίων
696 703 967 761 εὐειδείαν
1018 702 1052 773 ἢ
1077 700 1389 756 δυσειδείαν
1421 698 1730 768 παρέχουσι
1759 694 1837 767 τῷ

1946 692 2138 749 forma:
2154 693 2427 746 visuntur.
2465 689 2605 746 Sunt
2645 691 2739 761 qui
2765 706 2998 747 recurvo
3029 701 3160 747 sunt
3184 693 3422 763 praediti,
3455 693 3549 746 alii

248 798 549 875 προσώπῳ,
1462 784 1473 799 ’
1948 784 2003 839 in
2024 782 2371 838 latitudinem
2392 783 2688 850 distracto;
2718 782 2810 837 alii
2828 784 3066 838 rotunda
3095 782 3548 855 figuramnidam

246 853 685 951 stimumliabent
709 906 726 957 ;
753 888 811 943 in
841 886 964 942 aliis
998 884 1348 941 acuminatus
1385 878 1633 936 cernitur
1667 895 1683 934 :
1726 877 1782 932 in
1823 876 2156 947 quibusdam
2201 876 2429 947 ingens;
2474 876 2527 929 in
2573 875 2857 946 plerisque
2903 890 3110 945 parvus
3141 853 3151 855 ⁷
3186 876 3477 947 inSpicitnr
3533 893 3545 927 :

248 985 365 1043 haec
391 984 663 1055 siquidem
685 996 812 1053 pars
839 995 953 1051 prae
980 975 1195 1034 caeteris
1233 973 1478 1029 hominis
1521 970 1717 1028 faciem
1752 967 2051 1026 formosam
2076 968 2497 1038 deformemque
2529 968 2768 1025 maxime
2800 969 2996 1025 reddit.

599 1189 744 1257 Κεφ.
771 1187 847 1242 Ε’.
874 1214 947 1224 -
969 1183 1111 1253 Περὶ
1132 1181 1483 1252 μαγούλων.

1389 1198 1483 1235 ων.
2422 1175 2555 1245 Cap.
2596 1175 2661 1229 Υ.
2688 1205 2761 1219 -
2780 1174 2854 1230 De
2880 1176 3049 1247 genis.

316 1303 401 1358 Τὰ
450 1303 507 1357 δὲ
558 1300 840 1371 μάγουλα
884 1297 981 1353 καὶ
1010 1296 1186 1367 μῆλα
1228 1290 1524 1366 λέγοντάιο
1563 1288 1729 1343 ὀστέα
1773 1289 1834 1344 δέ

2013 1292 2179 1348 Cena:
2232 1298 2439 1354 autem,
2495 1304 2619 1361 quae
2669 1297 2724 1344 et
2780 1288 2939 1343 mala:
2998 1297 3290 1351 vocantur,
3322 1288 3424 1359 71
3476 1288 3545 1343 ab

243 1399 355 1453 sict
382 1392 648 1463 κυφοειδῆ
681 1392 797 1456 τοῖς
827 1390 1130 1462 κροτάφοις
1154 1384 1581 1461 συμπεφυκότα.
1610 1379 1834 1435 Τούτων

1942 1382 2078 1453 ipsis
2126 1380 2297 1453 μῆλα,
2330 1395 2576 1436 convexa
2630 1394 2757 1434 ossa
2814 1389 2967 1442 sunt,
2995 1392 3120 1448 quae
3151 1393 3278 1434 cum
3328 1388 3543 1447 tempo-

242 1492 301 1547 δὲ
336 1487 503 1561 μόριά
530 1489 661 1550 εἰσι,
684 1488 781 1539 καὶ⁵
812 1483 881 1547 τὰ
910 1482 1021 1537 τῶν
1044 1480 1277 1535 ὀδόντων
1323 1481 1550 1534 πάντων
1599 1473 1834 1543 φατνία,

1948 1474 2105 1528 ribus
2159 1478 2638 1541 coagmentantur.
2690 1468 2759 1524 In
2816 1470 3016 1523 horum
3081 1476 3266 1523 autem
3330 1468 3541 1523 ossium

246 1559 389 1653 πλην
410 1559 520 1635 τῶν
541 1578 777 1650 τομέων.
811 1576 1085 1646 Μάγουλα
1117 1574 1174 1629 δὲ
1228 1574 1326 1628 καὶ⁸
1380 1572 1532 1645 μῆλα
1584 1569 1741 1645 παρὰ
1773 1567 1838 1623 τό

1947 1573 2123 1636 parte,
2147 1576 2342 1616 omnes
2364 1561 2557 1616 dentes
2578 1568 2776 1630 praeter
2800 1560 2925 1614 illos
2954 1559 3049 1629 qui
3104 1560 3328 1615 secandi
3359 1559 3543 1614 ofﬁcio

247 1650 393 1747 μάλα
415 1674 457 1707 ⁸⁸
489 1673 585 1727 καὶ
613 1672 675 1726 τδ
704 1667 886 1726 οὖλον.
919 1671 1082 1734 Τινὲς
1108 1669 1167 1723 δὲ
1216 1668 1307 1724 διὰ
1348 1669 1413 1722 τὸ
1463 1668 1696 1741 ἐρυθρὸν
1736 1665 1835 1719 τοῦ

1950 1653 2188 1727 delegati
2218 1661 2368 1739 sunt,
2391 1668 2490 1708 ceu
2528 1653 2580 1707 in
2609 1650 2854 1722 laqueari
2879 1650 3068 1705 inserti
3092 1652 3367 1707 visuntur.
3388 1650 3545 1706 Malm

248 1744 422 1837 μήλου
456 1764 552 1820 καὶ
582 1764 759 1819 ταῦτα
783 1763 958 1827 οὕτως
988 1760 1240 1818 καλοῦσι.
1268 1762 1383 1832 Τῆς
1427 1761 1536 1833 γὰρ
1580 1757 1837 1831 εὐχροίας
1943 1749 2089 1805 enim
2136 1748 2207 1803 ob
2257 1746 2307 1801 id
2367 1745 2714 1837 pﬁladictzn
2763 1753 2922 1837 sunt,
2958 1745 3103 1837 quod
3154 1744 3543 1837 lubricitatem,

243 1835 347 1943 τοῖι
377 1855 633 1943 σώματος
666 1856 764 1911 καὶ
794 1854 892 1943 τοῦ
939 1854 1197 1943 ἐμφύτου
1222 1852 1435 1925 Θερμοΰ
1477 1851 1742 1943 δεικτικά
1762 1849 1829 1903 ⁸⁸.
1865 1888 1903 1943 Β

1885 1889 1908 1942 3
1936 1856 2002 1896 ac
2035 1838 2324 1894 laevitatem
2346 1836 2668 1908 quamdam,
2689 1835 3156 1905 quemadmodum
3190 1835 3402 1889 fructus
3429 1835 3545 1905 ple-

245 1940 418 1996 Τοῦτο
445 1924 507 1995 τὸ
533 1942 700 2015 μέρος
725 1942 821 1997 καὶ
856 1924 1111 2011 σιαγόνες
1140 1924 1418 2011 λέγονται,
1470 1941 1555 1994 ὅτι
1588 1939 1833 1994 σείονται
1866 1924 1905 1943 ’³

1879 1924 1914 1987 “’.
1945 1943 2175 1998 rumque
2223 1926 2573 1983 ostendunt:
2611 1940 2642 1979 a
2694 1924 3050 1995 quibusdam,
3097 1925 3170 1980 ob
3216 1924 3539 1981 rubedinem

244 2033 670 2105 περιαγόμεναι,
699 2032 796 2086 καὶ
821 2032 1153 2101 συνάγονται
1201 2034 1260 2085 ὲν
1291 2031 1372 2103 τῷ
1426 2029 1636 2084 ἐσθίειν
1682 2029 1835 2100 ἡμᾶς

1944 2020 2077 2075 mali
2153 2019 2226 2074 ita
2300 2031 2356 2073 et
2407 2019 2492 2073 hae
2526 2026 2941 2087 nuncupantur.
2994 2015 3090 2072 Hae
3146 2018 3294 2072 enim
3334 2019 3539 2073 bonum

243 2124 277 2195 ἦ
307 2126 519 2194 ὁμιλεῖν
543 2142 558 2156 ο
582 2126 615 2197 ἢ
635 2127 717 2180 ὅτι
740 2126 989 2197 σιγῶμεν
1009 2126 1174 2194 ἡμεῖς
1199 2124 1384 2179 αὐτῶν
1415 2121 1833 2194 κεκλεισμένων

1942 2110 2198 2181 corporis
2236 2109 2499 2173 colorem,
2530 2120 2695 2180 atque
2739 2108 2887 2163 illius
2913 2108 3009 2178 qui
3045 2108 3100 2163 in
3146 2109 3309 2164 nobis
3343 2109 3541 2165 insitus

243 2215 435 2269 ὅντων.
1940 2210 2031 2260 est
2076 2201 2276 2257 caloris
2321 2201 2697 2256 salubritatem
2749 2208 3163 2270 repraesentant.
3193 2198 3320 2255 llaec
3355 2212 3539 2255 autem

246 2324 374 2379 pars
431 2320 487 2367 et
557 2311 795 2367 maxillae
846 2310 1171 2380 appellatur,
1215 2325 1338 2381 quae
1376 2310 1446 2365 ab
1510 2310 1645 2380 ipsis
1692 2304 1906 2375 σιαγόνε

1883 2318 1941 2366 ες
1982 2297 2265 2360 dicuntur,
2333 2296 2415 2350 ὅτι
2488 2294 2725 2349 σείονται
2768 2295 3189 2366 περιαγόμεναι,
3237 2310 3305 2350 ex
3363 2310 3431 2351 eo
3461 2298 3541 2347 vi-

243 2400 458 2466 delicet,
506 2402 653 2472 quod
688 2417 799 2472 pra:
830 2405 913 2457 sui
949 2402 1247 2473 agitatione
1279 2403 1710 2458 concutiuntur;
1748 2398 1832 2454 vel
1872 2392 2022 2464 quod
2055 2405 2119 2445 ea
2195 2405 2319 2460 quae.
2380 2388 2748 2443 comeduntur
2779 2398 3137 2458 congregant,
3185 2389 3330 2458 quod
3378 2391 3541 2442 συνά-

244 2510 364 2562 γειν
415 2496 488 2551 illi
528 2497 741 2554 dicunt.
780 2497 906 2553 Sive
972 2499 1117 2568 quod
1160 2513 1262 2553 nos
1330 2498 1550 2552 clausas
1597 2497 1746 2566 ipsas
1810 2487 2157 2547 continentes
2202 2483 2422 2540 silentia
2472 2483 2702 2553 agimus,
2753 2482 2901 2558 quod
2948 2481 3054 2552 ipsi
3132 2484 3294 2552 σιγᾷν
3325 2482 3537 2538 dicunt.

244 2606 390 2675 Κεφ.
432 2609 523 2674 (τ’.
556 2638 627 2649 -
656 2610 797 2677 Περὶ
839 2608 953 2678 τῆς
980 2608 1105 2664 ἄνω
1133 2608 1353 2679 γένυος
1376 2608 1476 2662 καί
1510 2607 1621 2678 τῆς
1648 2606 1830 2662 κάτω.

1755 2622 1830 2662 ιω,
2071 2598 2209 2667 Cap.
2248 2596 2337 2651 Vl.
2364 2627 2434 2638 —
2457 2594 2537 2649 De
2564 2596 2837 2666 superiore
2874 2607 2922 2651 et
2963 2597 3220 2666 inferiore
3260 2612 3415 2667 gena.

313 2715 548 2785 Λέγεται
582 2718 678 2770 καὶ
700 2717 825 2772 ἄνω
854 2717 1058 2788 γένυς,
1096 2718 1241 2789 μετὰ
1284 2716 1382 2770 τοῦ
1411 2718 1527 2771 ἄνω
1572 2717 1786 2787 χείλους
1814 2731 1829 2746 ο

2008 2704 2299 2771 Ρικιειεσ,
2354 2704 2474 2759 hac
2520 2703 2707 2759 itidem
2750 2720 2884 2774 pars
2910 2746 2926 2771 ,
2970 2720 3095 2760 cum
3158 2705 3543 2774 superioribus

240 2807 339 2861 καὶ
372 2808 530 2862 κάτω
550 2810 595 2842 ³³
624 2809 705 2874 δὲ,
769 2814 911 2879 μετὰ
958 2811 1054 2865 τοῦ
1096 2810 1361 2879 πώγωνος
1407 2811 1502 2863 καὶ
1554 2810 1664 2861 τῶν
1716 2825 1827 2862 πα-

1936 2799 2120 2864 labiis,
2158 2797 2412 2866 superior
2440 2813 2614 2866 gena,
2656 2796 2887 2852 inferior
2909 2812 3074 2862 vero,
3114 2812 3242 2851 cum
3283 2798 3456 2854 barba
3486 2808 3541 2854 et

243 2897 427 2970 ρειῶν.
469 2901 580 2953 Καὶ
605 2900 703 2953 τὴν
735 2902 834 2971 μὲν
866 2901 1020 2954 κάτω
1061 2901 1243 2956 πάντα
1281 2902 1351 2954 τὰ
1377 2899 1493 2965 ζῶα
1518 2902 1682 2963 κινεῖ,
1730 2901 1831 2969 τὴν

1939 2896 2149 2948 mento,
2177 2894 2553 2956 nuncupatur.
2570 2876 2637 2939 Et
2658 2902 2795 2955 gena
2817 2902 2940 2956 quae
2968 2886 3111 2944 infra
3149 2898 3266 2952 est,
3288 2888 3358 2942 ab
3388 2891 3541 2944 omni

238 2990 357 3043 ἄνω
387 2989 444 3042 δὲ
481 2990 693 3061 μηδένα
770 2993 819 3043 εί
849 2990 925 3061 μὴ
944 2992 988 3023 ³⁸
1014 2992 1106 3045 τὸν
1134 2991 1477 3061 κροκόδειλον
1512 2990 1696 3059 μόνον,
1734 2990 1830 3042 καὶ

1943 2979 2167 3033 animali
2200 2988 2470 3041 movetur,
2494 2987 2723 3046 excepto
2764 2978 3042 3033 crocodilo
3067 2987 3122 3034 et
3138 2979 3393 3049 phmnice
3416 2996 3537 3045 ave,

237 3080 336 3133 τὸν
383 3082 605 3149 φοίνικα
639 3080 733 3134 τὸν
776 3083 966 3153 ὖρνεον
994 3098 1008 3113 ·
1048 3082 1229 3159 ρμφω
1261 3082 1372 3151 γὰρ
1425 3081 1487 3132 οὐ
1543 3082 1643 3151 τὴν
1674 3080 1827 3133 κάτω

1939 3068 2143 3139 quibus
2182 3078 2399 3122 tantum
2455 3068 2685 3122 immota
2726 3068 2976 3134 exsistit;
3016 3070 3275 3138 superior
3304 3071 3451 3124 enim
3484 3071 3537 3125 in

241 3172 428 3241 μόνον,
458 3172 596 3225 ἄλλα
644 3174 739 3226 καὶ
795 3174 898 3243 τὴν
936 3157 1063 3228 ἄνων
1090 3173 1259 3241 γένυν
1309 3175 1473 3225 κινεῖ.
1520 3172 1721 3235 Γένυς
1771 3170 1829 3223 δὲ
1860 3200 1901 3257 c

1879 3200 1903 3257 Β
1938 3160 2021 3214 eis
2061 3158 2350 3221 duntaxat,
2375 3174 2484 3213 non
2530 3168 2712 3212 autem
2746 3157 2974 3212 inferior
3021 3169 3293 3215 movetur.
3332 3162 3539 3217 Genam

238 3265 463 3332 λέγεται
485 3265 532 3298 ³⁸
569 3268 633 3319 ἐκ
662 3265 761 3319 τοῦ
796 3268 865 3320 τὰ
893 3269 1027 3337 γένη
1050 3266 1407 3338 διαχωρίζειν
1436 3266 1547 3318 τῶν
1581 3265 1830 3337 ἀρρένων
1865 3247 1898 3257 ν

1877 3247 1903 3257 ’
1939 3250 2043 3303 hac
2066 3247 2133 3303 de
2156 3262 2322 3302 causa
2348 3247 2674 3317 appellatam
2695 3263 3011 3314 censemus,
3040 3249 3188 3320 quod
3211 3265 3309 3321 per
3362 3252 3537 3321 ipsam

238 3355 474 3408 καὶτῶν
522 3356 777 3427 θηλειῶν,
809 3359 906 3411 καὶ
952 3337 1181 3412 τελείων
1228 3337 1326 3411 καὶ
1369 3356 1617 3411 ἀτελῶν·
1652 3356 1686 3426 ἢ
1745 3357 1829 3408 ὅτι

1936 3353 2139 3410 genera
2211 3338 2447 3392 marium
2491 3337 2972 3409 feminarumque,
3029 3348 3085 3394 et
3130 3341 3224 3410 qui
3284 3343 3538 3412 perfecta:

237 3448 407 3519 γεννᾷ
435 3447 655 3513 ὀδόντας
672 3450 769 3505 καὶ
807 3449 1025 3521 τρίχας.

1936 3430 2119 3485 aetatis
2176 3438 2342 3499 atque
2378 3429 2713 3499 imperfectae
2751 3439 2880 3485 sunt
2910 3431 3327 3503 distinguantur
3357 3473 3373 3499 ,
3418 3433 3538 3490 sive

1934 3520 2083 3590 quod
2124 3520 2179 3575 in
2232 3520 2351 3591 ipsa
2394 3520 2589 3577 dentes
2625 3522 2832 3591 pilique
2885 3522 3203 3593 gignantur.

663 3649 809 3716 Κεφ.
846 3648 922 3700 Z'.
954 3646 1185 3716 -Περὶ
1210 3646 1400 3700 ὤτων.
2314 3641 2323 3684 ⁴

2314 3633 2452 3704 Cap.
2482 3633 2598 3690 νη.
2629 3665 2700 3674 -
2729 3633 2808 3689 De
2841 3636 3086 3691 auribus.

309 3756 393 3810 Τὰ
423 3756 480 3810 δὲ
509 3750 625 3810 ὦτα
679 3756 958 3829 χονδρώδη
1003 3757 1113 3811 είσὶ⁵
1150 3757 1249 3811 καλ⁵
1294 3757 1563 3829 νευρώδη,
1606 3756 1830 3827 ἀντιλη-

2005 3747 2184 3802 Aures
2223 3756 2407 3801 autem
2469 3748 2860 3818 cartilagineas
2922 3763 3304 3819 nervosasque
3338 3758 3535 3806 natura

243 3848 417 3902 πτικὰ
453 3848 676 3918 φωνῶν,
702 3849 799 3902 καὶ
828 3848 942 3901 τῶν
976 3849 1035 3902 ἐν
1067 3850 1264 3912 αὑταῖς
1293 3848 1571 3919 διαφορῶν
1591 3865 1608 3881 ο
1631 3850 1828 3920 ἐπιτή-

1933 3837 2276 3907 procreavit,
2338 3854 2577 3908 quarum
2626 3854 2791 3895 voces
2857 3854 3165 3911 earumque
3213 3841 3537 3897 discrimina

236 3938 382 4001 δειος
410 3938 520 4011 γὰρ
547 3943 574 3992 ὀ
597 3939 820 4010 χόνδρος
849 3940 989 4009 πρὸς
1014 3939 1227 4009 ψόφους
1251 3941 1346 3993 xal
1366 3941 1558 4010 ἧχους.
1591 3939 1830 4008 Λέγετα..

1933 3928 2400 3999 comprehendere
2465 3929 2705 3985 officium
2738 3938 2843 3986 est.
2894 3930 2951 3986 Si
2984 3932 3207 4002 quidem
3269 3933 3538 4004 cartilago

239 4029 296 4084 δὲ
327 4026 449 4084 ὦτα
478 4030 631 4101 παρὰ
691 4029 754 4083 τὸ
798 4031 1052 4102 δέχεσθαι
1105 4031 1204 4102 τὴν
1249 4031 1381 4095 ὄπα,
1425 4031 1674 4085 τουτέστι
1730 4032 1830 4103 τὴν

1936 4021 2006 4076 ad
2048 4021 2311 4091 strepitus
2370 4037 2651 4093 sonosque
2698 4024 3084 4093 percipiendos
3143 4036 3270 4095 apta
3310 4026 3538 4082 idonea-

242 4123 469 4192 φωνήν·
500 4124 533 4191 ὴ
580 4121 693 4193 γὰρ
739 4122 877 4191 ἀκοὴ
923 4122 1013 4176 διὰ
1060 4123 1156 4176 τοῦ
1194 4124 1655 4194 ἐγκεκρυμμένον
1714 4126 1832 4189 τοῖς

1935 4128 2043 4183 que
2068 4113 2321 4167 habetur.
2349 4112 2525 4169 Aures
2548 4129 2787 4184 namque
2843 4114 2994 4184 ipsae,
3029 4130 3153 4186 quae
3179 4115 3369 4173 Graece
3397 4111 3535 4181 ὦτα,

238 4213 374 4267 ὠσὶν
435 4212 747 4283 πνεύματος
780 4215 1169 4284 ὲπιγίνεται³⁶,
1247 4214 1546 4287 ξηροτέρου
1617 4216 1829 4289 μᾶλλον

1937 4218 2142 4258 nomen
2205 4204 2514 4274 sumpsisse
2573 4220 2602 4258 a
2646 4219 2783 4260 voce
2835 4205 3152 4275 accipienda
3216 4217 3540 4273 censentur,

241 4304 396 4367 ὖντος
424 4304 458 4375 ἢ
483 4303 838 4375 λεπτοτέρου.

1934 4310 2100 4365 quam
2149 4294 2225 4348 illi
2274 4294 2386 4348 ὅπα
2423 4304 2765 4365 nuncupant.
2818 4293 2956 4350 Nam
2993 4296 3237 4360 auditus.
3286 4298 3540 4355 siccioris

1938 4385 2114 4453 magis
2153 4400 2319 4455 quam
2363 4385 2671 4443 subtilioris
2706 4386 2935 4456 spirltus
2977 4402 3149 4444 causa
3195 4388 3290 4459 qui
3344 4390 3399 4444 in
3439 4404 3542 4444 au-

1936 4476 2093 4531 ribus
2141 4478 2457 4532 reconditus
2481 4486 2587 4544 est,
2614 4478 2990 4533 constituitur.

320 4556 480 4609 Ἐστι
514 4556 651 4611 δὲτὸ
672 4552 768 4621 οὖς
788 4561 931 4612 κατὰ
952 4560 1049 4628 μὲν
1081 4559 1143 4613 τὸ
1172 4557 1311 4625 εἶδος
1341 4565 1787 4633 στρογγυλοειδές
1814 4584 1825 4595 ·
1864 4552 1911 4610 ί)

1882 4553 1911 4609 )
2014 4568 2308 4625 Enimvero
2347 4585 2511 4625 aures
2533 4570 2743 4626 interne
2764 4573 3017 4626 rotunda:
3034 4581 3187 4636 sunt,
3224 4586 3365 4642 quas
3388 4587 3542 4627 com-

244 4645 367 4717 ἔχον
386 4648 632 4718 ἐσχάτως
660 4648 854 4701 ὀστοῦν
907 4649 1284 4721 ὀμοιόσχημον
1320 4652 1504 4722 ἐαυτῷ
1524 4672 1537 4683 ·
1582 4655 1642 4705 ἐν
1672 4650 1831 4727 ᾧπερ

1942 4659 2092 4729 paris
2123 4661 2312 4731 ﬁgurae
2341 4676 2466 4717 osse
2494 4663 2546 4715 in
2578 4677 2767 4717 earum
2804 4674 3056 4718 extremo
3080 4662 3380 4719 exsistente
3404 4679 3542 4733 prae-

245 4737 322 4800 ὠς
348 4739 409 4791 ὲν
437 4739 646 4811 ἀγγείῳ
661 4740 804 4812 κενῷ
832 4744 1018 4812 πάσης
1041 4744 1226 4814 φωνῆς
1243 4745 1271 4797 ὁ
1300 4743 1475 4812 ψόφος
1495 4745 1827 4814 εἰσέρχεται.

1939 4749 2083 4803 ditas
2106 4760 2345 4815 constat,
2361 4750 2413 4803 in
2435 4752 2603 4821 quod,
2623 4752 2729 4821 72
2745 4767 2844 4807 ceu
2875 4752 2932 4807 in
2953 4767 3049 4808 vas
3070 4753 3256 4817 inane,
3275 4755 3539 4824 strepitus

247 4828 360 4881 Kal
388 4828 577 4898 ἐπειδὴ
604 4828 763 4882 τοῦτο
792 4831 850 4884 τὸ
881 4831 1071 4886 ὀστοῦν
1099 4833 1239 4903 πρὸς
1264 4834 1358 4887 τὸν
1393 4835 1700 4904 ἐγκέφαλον
1730 4838 1832 4890 οὐκ

1940 4840 2235 4909 cujuslibet
2279 4844 2429 4898 vocis
2467 4844 2794 4914 ingreditur.
2829 4844 2897 4900 Et
2928 4846 3192 4916 quoniam
3232 4847 3341 4903 tale
3376 4863 3439 4904 os
3469 4848 3537 4903 ad

246 4917 360 4986 ἔχει
393 4919 583 4990 πόρον,
631 4921 961 4975 ἀποδίδωσιν
992 4924 1072 4985 εἰς
1125 4924 1219 4977 τὸν
1254 4923 1349 4977 τοῦ
1414 4926 1687 4993 στόματος
1742 4929 1834 4981 οό-

1944 4932 2229 4987 cerebrum
2270 4943 2583 5004 vergentem
2636 4947 2878 4993 meatum
2913 4938 3235 5009 neutiquam
3271 4940 3537 5006 continet,

249 5011 433 5080 ρανὸν,
461 5012 715 5066 κάκεῖθεν
750 5018 1043 5085 τεινομένη
1077 5014 1220 5085 φλὲψ
1248 5018 1330 5080 είς
1374 5019 1468 5072 τὸν
1505 5019 1832 5089 ιγκέφαλον,

1946 5023 2126 5092 ipsum
2150 5026 2216 5078 ad
2234 5024 2345 5079 oris
2364 5027 2605 5095 palatum
2624 5038 2822 5085 natura
2849 5028 3120 5095 adhibuit,
3150 5045 3181 5084 a
3211 5046 3323 5101 qut)
3345 5034 3544 5103 strepi-

248 5104 387 5173 πρὸς
415 5104 456 5135 ³⁷
485 5104 649 5158 αὐτὸν
683 5104 989 5170 διαϐιϐάζει
1021 5106 1114 5159 τὸν
1162 5108 1359 5178 ψόφον.
1406 5111 1653 5164 Ἐκεῖθεν
1692 5113 1752 5167 δὲ
1806 5115 1835 5166 ὀ

1944 5124 2053 5177 tus,
2072 5129 2224 5170 vena:
2248 5115 2410 5172 unius
2430 5119 2736 5176 ministerio
2756 5136 2880 5191 quae
2908 5121 2977 5175 ad
3004 5122 3293 5176 cerebrum
3321 5131 3541 5192 proten-

248 5193 374 5257 νοῦς
414 5193 516 5258 τὰς
564 5196 902 5259 ἀκουστικὰς
937 5198 1260 5268 ἀντιλήψεις
1303 5200 1399 5254 καὶ
1457 5201 1698 5272 δέχεται,
1739 5205 1834 5257 καὶ

1941 5206 2091 5261 ditur
2108 5207 2174 5263 ad
2197 5210 2373 5279 ipsum
2403 5209 2594 5266 fertur.
2627 5214 2711 5269 Ab
2737 5214 2833 5269 illo
2861 5215 3133 5284 siquidem
3185 5216 3332 5283 loco,
3382 5232 3540 5273 mens

250 5284 529 5352 γνωρίζει,
562 5286 658 5339 καὶ
687 5286 959 5355 διακρίνει
990 5290 1320 5359 πρεπόντως
1344 5291 1389 5323 ³⁸
1414 5292 1516 5363 τήν
1563 5311 1624 5346 τε
1656 5294 1839 5359 ὀξεῖαν

1942 5308 2131 5355 nostra
2192 5303 2515 5359 audibilium
2568 5320 2752 5361 rerum
2815 5307 3082 5375 rationes,
3151 5315 3440 5378 acutaeque
3476 5322 3540 5362 ac

250 5374 346 5427 καὶ
369 5379 633 5445 τραχεῖαν
665 5378 867 5447 φωνὴν,
906 5380 1003 5431 καὶ
1033 5380 1132 5450 τὴν
1168 5382 1375 5452 ἡδεῖαν,
1407 5384 1503 5437 καὶ
1542 5384 1642 5454 τὴν
1670 5386 1834 5458 ἀηδῆ,

1939 5404 2145 5459 aspera:
2202 5393 2391 5461 vocis;
2423 5394 2517 5449 sed
2553 5405 2607 5451 et
2645 5395 2855 5463 suavis,
2903 5413 2970 5452 ac
3010 5396 3279 5461 insuavis,
3324 5413 3539 5453 necnon

254 5465 545 5537 βραγχώδη
577 5486 637 5521 τε
663 5470 757 5521 καὶ
783 5470 1093 5540 κακόμελον
1117 5472 1181 5525 ³⁵.
1213 5492 1230 5525 ι
1270 5476 1346 5528 Οὐ
1376 5476 1485 5547 γὰρ
1503 5476 1590 5529 ἐπ’
1618 5477 1835 5543 εὐθείας

1934 5478 2197 5551 fragosae;
2251 5499 2495 5567 quaeque
2543 5487 2675 5541 mali
2714 5487 3113 5545 medulaminis
3166 5500 3251 5545 est
3310 5490 3542 5559 percipit

251 5555 501 5629 ἡνοικται
523 5558 556 5628 ἠ
580 5558 741 5629 ἀκοὴ,
766 5560 976 5630 φησὶνό
1004 5562 1180 5633 μέγας
1222 5566 1529 5633 Βασίλειος,
1566 5568 1686 5621 ἀλλ’
1720 5570 1833 5621 ἐλι-

1932 5586 2100 5646 atque
2126 5578 2422 5648 dijudicat;
2448 5555 2501 5634 et
2526 5582 2599 5636 ita
2617 5598 2713 5653 per
2730 5585 3029 5640 audibilem
3056 5602 3302 5650 sensum,
3325 5596 3540 5643 natura;

258 5727 1368 5835 .I:,:°:‘:.f‘..-“i".l;.3£§§.ﬁeri:_.‘i'
1390 5742 1573 5835 ,ελαλξξ
1606 5744 1701 5835 '39
1724 5748 1800 5835 -11-
1878 5750 2562 5835 δελ..
2597 5759 2657 5813 α.
2738 5762 3149 5832 “immer-
3230 5764 3271 5795 υ
3306 5762 3338 5835 η
3373 5762 3534 5835 μὴΑ.

315 5800 529 5871 εἴρηται
558 5800 617 5853 Β.
694 5800 737 5833 ³⁸
759 5801 967 5870 γίνεται
1002 5800 1139 5859 ΒῬ.⁷
1203 5809 1242 5838 ³⁷
1278 5810 1354 5873 είς
1390 5800 1446 5865 Β.
1528 5800 1571 5843 ³*
1605 5800 2168 5885 xpendi/tmarii”;
