  <div class='ocr_page' id='page_1' title='image "/cluster/home/n/w/nwhite01/storage/ocr_20150623/64/pst.000005712632/651.png"; bbox 0 0 4204 6452; ppageno 0'>
   <div class='ocr_carea' id='block_1_1' title="bbox 618 411 751 467">
    <p class='ocr_par' dir='ltr' id='par_1_1' title="bbox 618 411 751 467">
     <span class='ocr_line' id='line_1_1' title="bbox 618 411 751 467; baseline 0 -2"><span class='ocrx_word' id='word_1_1' title='bbox 618 411 751 467; x_wconf 70' lang='grc'><strong>1191</strong></span> 
     </span>
    </p>
   </div>
   <div class='ocr_carea' id='block_1_2' title="bbox 1900 394 2542 452">
    <p class='ocr_par' dir='ltr' id='par_1_2' title="bbox 1900 394 2542 452">
     <span class='ocr_line' id='line_1_2' title="bbox 1900 394 2542 452; baseline -0.006 0"><span class='ocrx_word' id='word_1_2' title='bbox 1900 395 2181 452; x_wconf 75' lang='lat' dir='ltr'><strong>MELETII</strong></span> <span class='ocrx_word' id='word_1_3' title='bbox 2229 394 2542 450; x_wconf 72' lang='lat' dir='ltr'><strong>MONACHI</strong></span> 
     </span>
    </p>
   </div>
   <div class='ocr_carea' id='block_1_3' title="bbox 3764 379 3907 439">
    <p class='ocr_par' dir='ltr' id='par_1_3' title="bbox 3764 379 3907 439">
     <span class='ocr_line' id='line_1_3' title="bbox 3764 379 3907 439; baseline 0 -1"><span class='ocrx_word' id='word_1_4' title='bbox 3764 379 3907 439; x_wconf 62' lang='grc' dir='ltr'><strong>ΠΩ</strong></span> 
     </span>
    </p>
   </div>
   <div class='ocr_carea' id='block_1_4' title="bbox 618 495 2227 585">
    <p class='ocr_par' dir='ltr' id='par_1_4' title="bbox 618 512 2200 585">
     <span class='ocr_line' id='line_1_4' title="bbox 618 512 2200 585; baseline -0.013 -1"><span class='ocrx_word' id='word_1_5' title='bbox 618 526 894 585; x_wconf 88' lang='lat' dir='ltr'><strong>nuntiant.</strong></span> <span class='ocrx_word' id='word_1_6' title='bbox 920 524 1233 585; x_wconf 74' lang='lat' dir='ltr'><strong>Enimvero,</strong></span> <span class='ocrx_word' id='word_1_7' title='bbox 1264 518 1426 574; x_wconf 80' lang='lat' dir='ltr'><strong>divus</strong></span> <span class='ocrx_word' id='word_1_8' title='bbox 1471 516 1601 571; x_wconf 89' lang='lat' dir='ltr'><strong>item</strong></span> <span class='ocrx_word' id='word_1_9' title='bbox 1628 514 1861 569; x_wconf 78' lang='lat' dir='ltr'><strong>Basilius</strong></span> <span class='ocrx_word' id='word_1_10' title='bbox 1884 512 2086 580; x_wconf 64' lang='lat' dir='ltr'><strong>lingua:</strong></span> <span class='ocrx_word' id='word_1_11' title='bbox 2115 512 2200 581; x_wconf 85' lang='lat' dir='ltr'><strong>ip-</strong></span> 
     </span>
    </p>
   </div>
   <div class='ocr_carea' id='block_1_5' title="bbox 2325 495 3907 585">
    <p class='ocr_par' dir='ltr' id='par_1_5' title="bbox 2325 495 3907 581">
     <span class='ocr_line' id='line_1_5' title="bbox 2325 495 3907 581; baseline -0.008 -18"><span class='ocrx_word' id='word_1_12' title='bbox 2325 511 2403 581; x_wconf 73' lang='grc' dir='ltr'><strong>ςὴν</strong></span> <span class='ocrx_word' id='word_1_13' title='bbox 2432 510 2597 580; x_wconf 82' lang='grc' dir='ltr'>φύσιν</span> <span class='ocrx_word' id='word_1_14' title='bbox 2619 553 2637 579; x_wconf 96' lang='grc'><strong>,</strong></span> <span class='ocrx_word' id='word_1_15' title='bbox 2666 513 2696 564; x_wconf 83' lang='grc' dir='ltr'><strong>δ</strong></span> <span class='ocrx_word' id='word_1_16' title='bbox 2726 510 2870 575; x_wconf 83' lang='grc' dir='ltr'>θεῖος</span> <span class='ocrx_word' id='word_1_17' title='bbox 2906 506 3190 569; x_wconf 77' lang='grc' dir='ltr'>Βασίλειός</span> <span class='ocrx_word' id='word_1_18' title='bbox 3226 519 3394 575; x_wconf 85' lang='grc' dir='ltr'>φησιν</span> <span class='ocrx_word' id='word_1_19' title='bbox 3413 541 3430 567; x_wconf 92' lang='grc'><strong>,</strong></span> <span class='ocrx_word' id='word_1_20' title='bbox 3454 500 3610 563; x_wconf 79' lang='grc' dir='ltr'>ὅπως</span> <span class='ocrx_word' id='word_1_21' title='bbox 3634 495 3821 569; x_wconf 78' lang='grc' dir='ltr'>άπαλή</span> <span class='ocrx_word' id='word_1_22' title='bbox 3844 513 3907 551; x_wconf 77' lang='grc' dir='ltr'>τι</span> 
     </span>
    </p>
   </div>
   <div class='ocr_carea' id='block_1_6' title="bbox 620 604 2205 677">
    <p class='ocr_par' dir='ltr' id='par_1_6' title="bbox 620 604 2205 677">
     <span class='ocr_line' id='line_1_6' title="bbox 620 604 2205 677; baseline -0.011 -2"><span class='ocrx_word' id='word_1_23' title='bbox 620 620 737 676; x_wconf 87' lang='lat' dir='ltr'><strong>sius</strong></span> <span class='ocrx_word' id='word_1_24' title='bbox 763 626 1013 672; x_wconf 88' lang='lat' dir='ltr'><strong>naturam</strong></span> <span class='ocrx_word' id='word_1_25' title='bbox 1049 610 1454 667; x_wconf 88' lang='lat' dir='ltr'><strong>animadvertit.</strong></span> <span class='ocrx_word' id='word_1_26' title='bbox 1505 606 1573 662; x_wconf 86' lang='lat' dir='ltr'><strong>Et</strong></span> <span class='ocrx_word' id='word_1_27' title='bbox 1599 620 1838 677; x_wconf 87' lang='lat' dir='ltr'><strong>quonam</strong></span> <span class='ocrx_word' id='word_1_28' title='bbox 1866 612 2041 673; x_wconf 82' lang='lat' dir='ltr'><strong>pacto</strong></span> <span class='ocrx_word' id='word_1_29' title='bbox 2086 604 2205 673; x_wconf 84' lang='lat' dir='ltr'><strong>ipsa</strong></span> 
     </span>
    </p>
   </div>
   <div class='ocr_carea' id='block_1_7' title="bbox 619 695 2201 777">
    <p class='ocr_par' dir='ltr' id='par_1_7' title="bbox 619 695 2201 777">
     <span class='ocr_line' id='line_1_7' title="bbox 619 695 2201 777; baseline -0.013 -10"><span class='ocrx_word' id='word_1_30' title='bbox 619 712 847 768; x_wconf 76' lang='lat' dir='ltr'><strong>mollitie</strong></span> <span class='ocrx_word' id='word_1_31' title='bbox 878 710 950 763; x_wconf 93' lang='lat' dir='ltr'><strong>sit</strong></span> <span class='ocrx_word' id='word_1_32' title='bbox 982 707 1227 777; x_wconf 61' lang='lat' dir='ltr'><strong>praedita,</strong></span> <span class='ocrx_word' id='word_1_33' title='bbox 1276 703 1343 758; x_wconf 87' lang='lat' dir='ltr'><strong>ad</strong></span> <span class='ocrx_word' id='word_1_34' title='bbox 1376 701 1660 767; x_wconf 76' lang='lat' dir='ltr'><strong>ﬂexusque</strong></span> <span class='ocrx_word' id='word_1_35' title='bbox 1692 696 1869 752; x_wconf 77' lang='lat' dir='ltr'><strong>facilis</strong></span> <span class='ocrx_word' id='word_1_36' title='bbox 1911 695 2201 758; x_wconf 69' lang='lat' dir='ltr'><strong>habeatur,</strong></span> 
     </span>
    </p>
   </div>
   <div class='ocr_carea' id='block_1_8' title="bbox 620 785 2208 873">
    <p class='ocr_par' dir='ltr' id='par_1_8' title="bbox 620 785 2208 873">
     <span class='ocr_line' id='line_1_8' title="bbox 620 785 2208 873; baseline -0.011 -16"><span class='ocrx_word' id='word_1_37' title='bbox 620 818 839 873; x_wconf 80' lang='lat' dir='ltr'><strong>quoque</strong></span> <span class='ocrx_word' id='word_1_38' title='bbox 876 800 1038 854; x_wconf 85' lang='lat' dir='ltr'><strong>modo</strong></span> <span class='ocrx_word' id='word_1_39' title='bbox 1067 798 1233 852; x_wconf 87' lang='lat' dir='ltr'><strong>variis</strong></span> <span class='ocrx_word' id='word_1_40' title='bbox 1264 795 1457 850; x_wconf 83' lang='lat' dir='ltr'><strong>usibus</strong></span> <span class='ocrx_word' id='word_1_41' title='bbox 1478 791 1704 848; x_wconf 83' lang='lat' dir='ltr'><strong>cuilibet</strong></span> <span class='ocrx_word' id='word_1_42' title='bbox 1756 787 1991 845; x_wconf 82' lang='lat' dir='ltr'><strong>orationi</strong></span> <span class='ocrx_word' id='word_1_43' title='bbox 2050 785 2208 842; x_wconf 81' lang='lat' dir='ltr'><strong>sufﬁ-</strong></span> 
     </span>
    </p>
   </div>
   <div class='ocr_carea' id='block_1_9' title="bbox 621 878 2205 959">
    <p class='ocr_par' dir='ltr' id='par_1_9' title="bbox 621 878 2205 959">
     <span class='ocr_line' id='line_1_9' title="bbox 621 878 2205 959; baseline -0.008 -15"><span class='ocrx_word' id='word_1_44' title='bbox 621 896 752 959; x_wconf 56' lang='lat' dir='ltr'><strong>ciat,</strong></span> <span class='ocrx_word' id='word_1_45' title='bbox 790 892 883 947; x_wconf 89' lang='lat' dir='ltr'><strong>ille</strong></span> <span class='ocrx_word' id='word_1_46' title='bbox 922 887 1337 945; x_wconf 83' lang='lat' dir='ltr'><strong>accuratissime</strong></span> <span class='ocrx_word' id='word_1_47' title='bbox 1369 882 1747 956; x_wconf 82' lang='lat' dir='ltr'><strong>deprehendit.</strong></span> <span class='ocrx_word' id='word_1_48' title='bbox 1784 879 1905 950; x_wconf 84' lang='lat' dir='ltr'><strong>Ipsa</strong></span> <span class='ocrx_word' id='word_1_49' title='bbox 1931 878 2205 949; x_wconf 82' lang='lat' dir='ltr'><strong>siquidem</strong></span> 
     </span>
    </p>
   </div>
   <div class='ocr_carea' id='block_1_10' title="bbox 619 971 2206 1055">
    <p class='ocr_par' dir='ltr' id='par_1_10' title="bbox 619 971 2206 1055">
     <span class='ocr_line' id='line_1_10' title="bbox 619 971 2206 1055; baseline -0.009 -15"><span class='ocrx_word' id='word_1_50' title='bbox 619 988 833 1055; x_wconf 88' lang='lat' dir='ltr'><strong>lingua,</strong></span> <span class='ocrx_word' id='word_1_51' title='bbox 884 995 998 1038; x_wconf 89' lang='lat' dir='ltr'><strong>tum</strong></span> <span class='ocrx_word' id='word_1_52' title='bbox 1048 981 1260 1051; x_wconf 64' lang='lat' dir='ltr'><strong>amplae,</strong></span> <span class='ocrx_word' id='word_1_53' title='bbox 1310 988 1428 1033; x_wconf 90' lang='lat' dir='ltr'><strong>tum</strong></span> <span class='ocrx_word' id='word_1_54' title='bbox 1485 982 1733 1046; x_wconf 62' lang='lat' dir='ltr'><strong>angustae</strong></span> <span class='ocrx_word' id='word_1_55' title='bbox 1791 971 2206 1041; x_wconf 75' lang='lat' dir='ltr'><strong>magnitudinis,</strong></span> 
     </span>
    </p>
   </div>
   <div class='ocr_carea' id='block_1_11' title="bbox 622 1063 2211 1139">
    <p class='ocr_par' dir='ltr' id='par_1_11' title="bbox 622 1063 2211 1139">
     <span class='ocr_line' id='line_1_11' title="bbox 622 1063 2211 1139; baseline -0.009 -8"><span class='ocrx_word' id='word_1_56' title='bbox 622 1078 717 1133; x_wconf 89' lang='lat' dir='ltr'><strong>sed</strong></span> <span class='ocrx_word' id='word_1_57' title='bbox 748 1085 802 1131; x_wconf 85' lang='lat' dir='ltr'><strong>et</strong></span> <span class='ocrx_word' id='word_1_58' title='bbox 824 1074 1013 1130; x_wconf 62' lang='lat' dir='ltr'><strong>inedire</strong></span> <span class='ocrx_word' id='word_1_59' title='bbox 1033 1081 1138 1139; x_wconf 89' lang='lat' dir='ltr'><strong>est;</strong></span> <span class='ocrx_word' id='word_1_60' title='bbox 1175 1086 1300 1127; x_wconf 90' lang='lat' dir='ltr'><strong>cum</strong></span> <span class='ocrx_word' id='word_1_61' title='bbox 1344 1084 1473 1125; x_wconf 83' lang='lat' dir='ltr'><strong>vero</strong></span> <span class='ocrx_word' id='word_1_62' title='bbox 1506 1068 1755 1122; x_wconf 86' lang='lat' dir='ltr'><strong>latiorem</strong></span> <span class='ocrx_word' id='word_1_63' title='bbox 1783 1063 1898 1118; x_wconf 81' lang='lat' dir='ltr'><strong>fieri</strong></span> <span class='ocrx_word' id='word_1_64' title='bbox 1930 1063 2211 1128; x_wconf 87' lang='lat' dir='ltr'><strong>acciderit,</strong></span> 
     </span>
    </p>
   </div>
   <div class='ocr_carea' id='block_1_12' title="bbox 622 1154 2214 1233">
    <p class='ocr_par' dir='ltr' id='par_1_12' title="bbox 622 1154 2214 1233">
     <span class='ocr_line' id='line_1_12' title="bbox 622 1154 2214 1233; baseline -0.011 -10"><span class='ocrx_word' id='word_1_65' title='bbox 622 1172 753 1223; x_wconf 87' lang='lat' dir='ltr'><strong>dum</strong></span> <span class='ocrx_word' id='word_1_66' title='bbox 791 1169 905 1222; x_wconf 87' lang='lat' dir='ltr'><strong>oris</strong></span> <span class='ocrx_word' id='word_1_67' title='bbox 965 1173 1203 1219; x_wconf 84' lang='lat' dir='ltr'><strong>meatum</strong></span> <span class='ocrx_word' id='word_1_68' title='bbox 1276 1162 1401 1233; x_wconf 89' lang='lat' dir='ltr'><strong>plus</strong></span> <span class='ocrx_word' id='word_1_69' title='bbox 1470 1160 1642 1215; x_wconf 89' lang='lat' dir='ltr'><strong>nimio</strong></span> <span class='ocrx_word' id='word_1_70' title='bbox 1692 1158 1959 1226; x_wconf 90' lang='lat' dir='ltr'><strong>repletum</strong></span> <span class='ocrx_word' id='word_1_71' title='bbox 2014 1154 2214 1219; x_wconf 89' lang='lat' dir='ltr'><strong>reddit,</strong></span> 
     </span>
    </p>
   </div>
   <div class='ocr_carea' id='block_1_13' title="bbox 625 1246 2215 1326">
    <p class='ocr_par' dir='ltr' id='par_1_13' title="bbox 625 1246 2215 1326">
     <span class='ocr_line' id='line_1_13' title="bbox 625 1246 2215 1326; baseline -0.008 -12"><span class='ocrx_word' id='word_1_72' title='bbox 625 1263 780 1315; x_wconf 83' lang='lat' dir='ltr'><strong>tardo</strong></span> <span class='ocrx_word' id='word_1_73' title='bbox 798 1258 1148 1326; x_wconf 85' lang='lat' dir='ltr'><strong>cessantique</strong></span> <span class='ocrx_word' id='word_1_74' title='bbox 1168 1268 1445 1319; x_wconf 82' lang='lat' dir='ltr'><strong>sermone,</strong></span> <span class='ocrx_word' id='word_1_75' title='bbox 1463 1248 1996 1321; x_wconf 78' lang='lat' dir='ltr'><strong>atqueinarticulato</strong></span> <span class='ocrx_word' id='word_1_76' title='bbox 2020 1246 2215 1301; x_wconf 88' lang='lat' dir='ltr'><strong>utitur.</strong></span> 
     </span>
    </p>
   </div>
   <div class='ocr_carea' id='block_1_14' title="bbox 2311 587 3912 675">
    <p class='ocr_par' dir='ltr' id='par_1_14' title="bbox 2311 587 3912 675">
     <span class='ocr_line' id='line_1_14' title="bbox 2311 587 3912 675; baseline -0.009 -17"><span class='ocrx_word' id='word_1_77' title='bbox 2311 604 2407 658; x_wconf 75' lang='grc' dir='ltr'><strong>καὶ</strong></span> <span class='ocrx_word' id='word_1_78' title='bbox 2433 603 2736 675; x_wconf 66' lang='grc' dir='ltr'>εὖστροφος</span> <span class='ocrx_word' id='word_1_79' title='bbox 2763 604 2832 667; x_wconf 66' lang='grc'><strong>⁸⁸,</strong></span> <span class='ocrx_word' id='word_1_80' title='bbox 2880 603 2975 655; x_wconf 80' lang='grc' dir='ltr'><strong>καὶ</strong></span> <span class='ocrx_word' id='word_1_81' title='bbox 3007 599 3144 671; x_wconf 81' lang='grc' dir='ltr'>πρὸς</span> <span class='ocrx_word' id='word_1_82' title='bbox 3176 600 3363 651; x_wconf 79' lang='grc' dir='ltr'>πᾶσαν</span> <span class='ocrx_word' id='word_1_83' title='bbox 3393 594 3587 666; x_wconf 78' lang='grc' dir='ltr'>χρείαν</span> <span class='ocrx_word' id='word_1_84' title='bbox 3619 591 3786 660; x_wconf 82' lang='grc' dir='ltr'>λόγου</span> 
     </span>
    </p>
   </div>
   <div class='ocr_carea' id='block_1_15' title="bbox 2313 682 3915 768">
    <p class='ocr_par' dir='ltr' id='par_1_15' title="bbox 2313 682 3915 768">
     <span class='ocr_line' id='line_1_15' title="bbox 2313 682 3915 768; baseline -0.009 -17"><span class='ocrx_word' id='word_1_85' title='bbox 2313 698 2547 768; x_wconf 79' lang='grc' dir='ltr'><strong>ποικίλῳ</strong></span> <span class='ocrx_word' id='word_1_86' title='bbox 2574 697 2675 767; x_wconf 82' lang='grc' dir='ltr'>τῆς</span> <span class='ocrx_word' id='word_1_87' title='bbox 2706 697 2979 767; x_wconf 84' lang='grc' dir='ltr'>κινήσεως</span> <span class='ocrx_word' id='word_1_88' title='bbox 3010 690 3255 762; x_wconf 79' lang='grc' dir='ltr'>ὲξαρκοῦ</span> <span class='ocrx_word' id='word_1_89' title='bbox 3267 708 3353 744; x_wconf 91' lang='grc' dir='ltr'>σα.</span> <span class='ocrx_word' id='word_1_90' title='bbox 3391 690 3551 743; x_wconf 76' lang='grc' dir='ltr'>Ἔστι</span> <span class='ocrx_word' id='word_1_91' title='bbox 3570 686 3628 741; x_wconf 79' lang='grc' dir='ltr'>δὲ</span> <span class='ocrx_word' id='word_1_92' title='bbox 3650 685 3746 739; x_wconf 79' lang='grc' dir='ltr'><strong>καὶ</strong></span> <span class='ocrx_word' id='word_1_93' title='bbox 3773 682 3915 737; x_wconf 81' lang='grc' dir='ltr'>πλα-</span> 
     </span>
    </p>
   </div>
   <div class='ocr_carea' id='block_1_16' title="bbox 2312 775 3912 858">
    <p class='ocr_par' dir='ltr' id='par_1_16' title="bbox 2312 775 3912 858">
     <span class='ocr_line' id='line_1_16' title="bbox 2312 775 3912 858; baseline -0.009 -16"><span class='ocrx_word' id='word_1_94' title='bbox 2312 792 2435 842; x_wconf 83' lang='grc' dir='ltr'>τεῖα</span> <span class='ocrx_word' id='word_1_95' title='bbox 2477 788 2572 841; x_wconf 71' lang='grc' dir='ltr'><strong>καὶ</strong></span> <span class='ocrx_word' id='word_1_96' title='bbox 2617 786 2780 858; x_wconf 84' lang='grc' dir='ltr'>στενὴ</span> <span class='ocrx_word' id='word_1_97' title='bbox 2832 786 2913 857; x_wconf 83' lang='grc' dir='ltr'>τῷ</span> <span class='ocrx_word' id='word_1_98' title='bbox 2967 783 3190 856; x_wconf 82' lang='grc' dir='ltr'><strong>μεγέθει</strong></span> <span class='ocrx_word' id='word_1_99' title='bbox 3243 784 3340 835; x_wconf 75' lang='grc' dir='ltr'><strong>καὶ</strong></span> <span class='ocrx_word' id='word_1_100' title='bbox 3387 781 3528 853; x_wconf 80' lang='grc' dir='ltr'>μέση</span> <span class='ocrx_word' id='word_1_101' title='bbox 3554 795 3567 809; x_wconf 85' lang='grc'><em>’</em></span> <span class='ocrx_word' id='word_1_102' title='bbox 3602 778 3698 832; x_wconf 57' lang='grc' dir='ltr'><strong>καὶ⁹</strong></span> <span class='ocrx_word' id='word_1_103' title='bbox 3738 779 3772 848; x_wconf 75' lang='grc' dir='ltr'><strong>ἡ</strong></span> <span class='ocrx_word' id='word_1_104' title='bbox 3804 775 3912 845; x_wconf 72' lang='grc' dir='ltr'>μὲν</span> 
     </span>
    </p>
   </div>
   <div class='ocr_carea' id='block_1_17' title="bbox 2314 868 3912 948">
    <p class='ocr_par' dir='ltr' id='par_1_17' title="bbox 2314 868 3912 948">
     <span class='ocr_line' id='line_1_17' title="bbox 2314 868 3912 948; baseline -0.011 -14"><span class='ocrx_word' id='word_1_105' title='bbox 2314 881 2547 934; x_wconf 81' lang='grc' dir='ltr'><strong>πλατεῖα</strong></span> <span class='ocrx_word' id='word_1_106' title='bbox 2574 880 2638 934; x_wconf 77' lang='grc' dir='ltr'><strong>τὸ</strong></span> <span class='ocrx_word' id='word_1_107' title='bbox 2658 879 2836 948; x_wconf 82' lang='grc' dir='ltr'>στόμα</span> <span class='ocrx_word' id='word_1_108' title='bbox 2865 877 3189 945; x_wconf 80' lang='grc' dir='ltr'>γεμίζουσα,</span> <span class='ocrx_word' id='word_1_109' title='bbox 3218 872 3397 944; x_wconf 79' lang='grc' dir='ltr'>ἀργὴν</span> <span class='ocrx_word' id='word_1_110' title='bbox 3425 871 3527 942; x_wconf 80' lang='grc' dir='ltr'>τὴν</span> <span class='ocrx_word' id='word_1_111' title='bbox 3560 870 3779 941; x_wconf 79' lang='grc' dir='ltr'><strong>ὁμιλίαν</strong></span> <span class='ocrx_word' id='word_1_112' title='bbox 3816 868 3912 919; x_wconf 77' lang='grc' dir='ltr'><strong>καὶ</strong></span> 
     </span>
    </p>
   </div>
   <div class='ocr_carea' id='block_1_18' title="bbox 2313 958 3915 1043">
    <p class='ocr_par' dir='ltr' id='par_1_18' title="bbox 2313 958 3915 1043">
     <span class='ocr_line' id='line_1_18' title="bbox 2313 958 3915 1043; baseline -0.01 -17"><span class='ocrx_word' id='word_1_113' title='bbox 2313 973 2586 1043; x_wconf 80' lang='grc' dir='ltr'>ἄναρθρον</span> <span class='ocrx_word' id='word_1_114' title='bbox 2621 973 2768 1024; x_wconf 80' lang='grc' dir='ltr'>ποιεῖ</span> <span class='ocrx_word' id='word_1_115' title='bbox 2792 988 2804 1001; x_wconf 90' lang='grc'><strong>·</strong></span> <span class='ocrx_word' id='word_1_116' title='bbox 2838 972 2872 1041; x_wconf 74' lang='grc' dir='ltr'>ἡ</span> <span class='ocrx_word' id='word_1_117' title='bbox 2922 970 2979 1022; x_wconf 78' lang='grc' dir='ltr'>δὲ</span> <span class='ocrx_word' id='word_1_118' title='bbox 3031 966 3193 1038; x_wconf 81' lang='grc' dir='ltr'>στενὴ</span> <span class='ocrx_word' id='word_1_119' title='bbox 3234 966 3331 1019; x_wconf 74' lang='grc' dir='ltr'><strong>καὶ</strong></span> <span class='ocrx_word' id='word_1_120' title='bbox 3366 964 3595 1035; x_wconf 73' lang='grc' dir='ltr'>μικρὰ,</span> <span class='ocrx_word' id='word_1_121' title='bbox 3632 958 3915 1030; x_wconf 74' lang='grc' dir='ltr'>ἐπερείδε-</span> 
     </span>
    </p>
   </div>
   <div class='ocr_carea' id='block_1_19' title="bbox 2316 1050 3913 1135">
    <p class='ocr_par' dir='ltr' id='par_1_19' title="bbox 2316 1050 3913 1135">
     <span class='ocr_line' id='line_1_19' title="bbox 2316 1050 3913 1135; baseline -0.009 -19"><span class='ocrx_word' id='word_1_122' title='bbox 2316 1065 2442 1117; x_wconf 91' lang='grc' dir='ltr'>σθαι</span> <span class='ocrx_word' id='word_1_123' title='bbox 2479 1064 2618 1135; x_wconf 71' lang='grc' dir='ltr'>πρὸς</span> <span class='ocrx_word' id='word_1_124' title='bbox 2658 1064 2787 1126; x_wconf 78' lang='grc' dir='ltr'>τοὺς</span> <span class='ocrx_word' id='word_1_125' title='bbox 2836 1061 3056 1123; x_wconf 84' lang='grc' dir='ltr'><strong>ὀδόντας</strong></span> <span class='ocrx_word' id='word_1_126' title='bbox 3094 1061 3169 1131; x_wconf 85' lang='grc' dir='ltr'>μὴ</span> <span class='ocrx_word' id='word_1_127' title='bbox 3218 1056 3503 1122; x_wconf 74' lang='grc' dir='ltr'>σώζουσα,</span> <span class='ocrx_word' id='word_1_128' title='bbox 3545 1053 3762 1125; x_wconf 73' lang='grc' dir='ltr'>φαύλην</span> <span class='ocrx_word' id='word_1_129' title='bbox 3810 1050 3913 1120; x_wconf 68' lang='grc' dir='ltr'>τὴν</span> 
     </span>
    </p>
   </div>
   <div class='ocr_carea' id='block_1_20' title="bbox 2316 1143 3912 1225">
    <p class='ocr_par' dir='ltr' id='par_1_20' title="bbox 2316 1143 3912 1225">
     <span class='ocr_line' id='line_1_20' title="bbox 2316 1143 3912 1225; baseline -0.008 -17"><span class='ocrx_word' id='word_1_130' title='bbox 2316 1156 2513 1210; x_wconf 80' lang='grc' dir='ltr'>λαλιὰν</span> <span class='ocrx_word' id='word_1_131' title='bbox 2558 1155 2887 1210; x_wconf 84' lang='grc' dir='ltr'>ἀποδίδωσιν</span> <span class='ocrx_word' id='word_1_132' title='bbox 2910 1169 2924 1183; x_wconf 80' lang='lat'><strong><em>°</em></strong></span> <span class='ocrx_word' id='word_1_133' title='bbox 2967 1154 3002 1225; x_wconf 75' lang='grc' dir='ltr'>ἡ</span> <span class='ocrx_word' id='word_1_134' title='bbox 3046 1154 3187 1223; x_wconf 79' lang='grc' dir='ltr'>μέση</span> <span class='ocrx_word' id='word_1_135' title='bbox 3213 1151 3272 1205; x_wconf 67' lang='grc' dir='ltr'>δὲ</span> <span class='ocrx_word' id='word_1_136' title='bbox 3310 1148 3455 1203; x_wconf 78' lang='grc' dir='ltr'>κατὰ</span> <span class='ocrx_word' id='word_1_137' title='bbox 3498 1145 3754 1217; x_wconf 85' lang='grc' dir='ltr'>μέγεθος,</span> <span class='ocrx_word' id='word_1_138' title='bbox 3782 1143 3912 1199; x_wconf 83' lang='grc' dir='ltr'>τού·</span> 
     </span>
    </p>
   </div>
   <div class='ocr_carea' id='block_1_21' title="bbox 2316 1240 3778 1320">
    <p class='ocr_par' dir='ltr' id='par_1_21' title="bbox 2316 1240 3778 1320">
     <span class='ocr_line' id='line_1_21' title="bbox 2316 1240 3778 1320; baseline -0.007 -19"><span class='ocrx_word' id='word_1_139' title='bbox 2316 1266 2429 1303; x_wconf 88' lang='grc' dir='ltr'><strong>των</strong></span> <span class='ocrx_word' id='word_1_140' title='bbox 2455 1250 2807 1320; x_wconf 79' lang='grc' dir='ltr'>ἀπήλλακται</span> <span class='ocrx_word' id='word_1_141' title='bbox 2836 1246 2947 1301; x_wconf 85' lang='grc' dir='ltr'><strong>τῶν</strong></span> <span class='ocrx_word' id='word_1_142' title='bbox 2973 1245 3165 1299; x_wconf 85' lang='grc' dir='ltr'>παθῶν</span> <span class='ocrx_word' id='word_1_143' title='bbox 3187 1284 3203 1310; x_wconf 90' lang='grc'><strong>,</strong></span> <span class='ocrx_word' id='word_1_144' title='bbox 3232 1244 3330 1299; x_wconf 75' lang='grc' dir='ltr'><strong>καὶ</strong></span> <span class='ocrx_word' id='word_1_145' title='bbox 3352 1242 3469 1296; x_wconf 71' lang='grc' dir='ltr'>ἐστι</span> <span class='ocrx_word' id='word_1_146' title='bbox 3501 1240 3778 1312; x_wconf 81' lang='grc' dir='ltr'>βελτίστη.</span> 
     </span>
    </p>
   </div>
   <div class='ocr_carea' id='block_1_22' title="bbox 623 1332 3914 1421">
    <p class='ocr_par' dir='ltr' id='par_1_22' title="bbox 623 1332 3914 1421">
     <span class='ocr_line' id='line_1_22' title="bbox 623 1332 3914 1421; baseline -0.007 -14"><span class='ocrx_word' id='word_1_147' title='bbox 623 1351 813 1421; x_wconf 82' lang='lat' dir='ltr'><strong>Atqui,</strong></span> <span class='ocrx_word' id='word_1_148' title='bbox 874 1352 995 1419; x_wconf 84' lang='lat' dir='ltr'><strong>ejus</strong></span> <span class='ocrx_word' id='word_1_149' title='bbox 1062 1348 1241 1402; x_wconf 85' lang='lat' dir='ltr'><strong>forma</strong></span> <span class='ocrx_word' id='word_1_150' title='bbox 1298 1351 1529 1415; x_wconf 88' lang='lat' dir='ltr'><strong>angusta</strong></span> <span class='ocrx_word' id='word_1_151' title='bbox 1573 1340 1867 1408; x_wconf 84' lang='lat' dir='ltr'><strong>brevisque</strong></span> <span class='ocrx_word' id='word_1_152' title='bbox 1906 1338 2209 1403; x_wconf 76' lang='lat' dir='ltr'><strong>exsistens,</strong></span> <span class='ocrx_word' id='word_1_153' title='bbox 2249 1340 2397 1409; x_wconf 90' lang='lat' dir='ltr'><strong>quod</strong></span> <span class='ocrx_word' id='word_1_154' title='bbox 2428 1356 2539 1411; x_wconf 65' lang='lat' dir='ltr'><strong>pra</strong></span> <span class='ocrx_word' id='word_1_155' title='bbox 2570 1341 2657 1397; x_wconf 87' lang='lat' dir='ltr'><strong>sui</strong></span> <span class='ocrx_word' id='word_1_156' title='bbox 2691 1339 2943 1411; x_wconf 75' lang='lat' dir='ltr'><strong>angustia</strong></span> <span class='ocrx_word' id='word_1_157' title='bbox 2984 1338 3360 1405; x_wconf 82' lang='lat' dir='ltr'><strong>hrevitateque</strong></span> <span class='ocrx_word' id='word_1_158' title='bbox 3424 1347 3536 1388; x_wconf 90' lang='lat' dir='ltr'><strong>non</strong></span> <span class='ocrx_word' id='word_1_159' title='bbox 3598 1332 3734 1387; x_wconf 82' lang='lat' dir='ltr'><strong>satis</strong></span> <span class='ocrx_word' id='word_1_160' title='bbox 3761 1345 3914 1386; x_wconf 64' lang='lat' dir='ltr'><strong>como</strong></span> 
     </span>
    </p>
   </div>
   <div class='ocr_carea' id='block_1_23' title="bbox 626 1425 3914 1508">
    <p class='ocr_par' dir='ltr' id='par_1_23' title="bbox 626 1425 3914 1508">
     <span class='ocr_line' id='line_1_23' title="bbox 626 1425 3914 1508; baseline -0.006 -8"><span class='ocrx_word' id='word_1_161' title='bbox 626 1446 787 1500; x_wconf 87' lang='lat' dir='ltr'><strong>mode</strong></span> <span class='ocrx_word' id='word_1_162' title='bbox 802 1443 1057 1498; x_wconf 88' lang='lat' dir='ltr'><strong>dentibus</strong></span> <span class='ocrx_word' id='word_1_163' title='bbox 1078 1440 1237 1495; x_wconf 83' lang='lat' dir='ltr'><strong>inniti</strong></span> <span class='ocrx_word' id='word_1_164' title='bbox 1266 1445 1451 1508; x_wconf 80' lang='lat' dir='ltr'><strong>queat,</strong></span> <span class='ocrx_word' id='word_1_165' title='bbox 1473 1435 1669 1489; x_wconf 87' lang='lat' dir='ltr'><strong>vitiato</strong></span> <span class='ocrx_word' id='word_1_166' title='bbox 1684 1433 1905 1501; x_wconf 84' lang='lat' dir='ltr'><strong>eloquio</strong></span> <span class='ocrx_word' id='word_1_167' title='bbox 1920 1431 2210 1486; x_wconf 78' lang='lat' dir='ltr'><strong>verborum</strong></span> <span class='ocrx_word' id='word_1_168' title='bbox 2251 1446 2412 1488; x_wconf 90' lang='lat' dir='ltr'><strong>usum</strong></span> <span class='ocrx_word' id='word_1_169' title='bbox 2444 1434 2645 1505; x_wconf 76' lang='lat' dir='ltr'><strong>explet.</strong></span> <span class='ocrx_word' id='word_1_170' title='bbox 2709 1432 2885 1488; x_wconf 66' lang='lat' dir='ltr'><strong>Nedia</strong></span> <span class='ocrx_word' id='word_1_171' title='bbox 2930 1441 3114 1487; x_wconf 88' lang='lat' dir='ltr'><strong>autem</strong></span> <span class='ocrx_word' id='word_1_172' title='bbox 3136 1430 3258 1501; x_wconf 83' lang='lat' dir='ltr'><strong>ejus</strong></span> <span class='ocrx_word' id='word_1_173' title='bbox 3278 1429 3480 1493; x_wconf 88' lang='lat' dir='ltr'><strong>forma,</strong></span> <span class='ocrx_word' id='word_1_174' title='bbox 3508 1425 3753 1481; x_wconf 88' lang='lat' dir='ltr'><strong>omnium</strong></span> <span class='ocrx_word' id='word_1_175' title='bbox 3774 1440 3914 1495; x_wconf 83' lang='lat' dir='ltr'><strong>quas</strong></span> 
     </span>
    </p>
   </div>
   <div class='ocr_carea' id='block_1_24' title="bbox 626 1523 2367 1605">
    <p class='ocr_par' dir='ltr' id='par_1_24' title="bbox 626 1523 2367 1605">
     <span class='ocr_line' id='line_1_24' title="bbox 626 1523 2367 1605; baseline -0.009 -10"><span class='ocrx_word' id='word_1_176' title='bbox 626 1534 1317 1605; x_wconf 80' lang='lat' dir='ltr'><strong>adduximuspassionum,</strong></span> <span class='ocrx_word' id='word_1_177' title='bbox 1360 1544 1557 1600; x_wconf 75' lang='lat' dir='ltr'><strong>expers</strong></span> <span class='ocrx_word' id='word_1_178' title='bbox 1613 1536 1700 1584; x_wconf 87' lang='lat' dir='ltr'><strong>est</strong></span> <span class='ocrx_word' id='word_1_179' title='bbox 1749 1526 2069 1597; x_wconf 76' lang='lat' dir='ltr'><strong>dptimaque</strong></span> <span class='ocrx_word' id='word_1_180' title='bbox 2114 1523 2367 1580; x_wconf 88' lang='lat' dir='ltr'><strong>habetur.</strong></span> 
     </span>
    </p>
   </div>
   <div class='ocr_carea' id='block_1_25' title="bbox 695 1615 2219 1696">
    <p class='ocr_par' dir='ltr' id='par_1_25' title="bbox 695 1615 2219 1696">
     <span class='ocr_line' id='line_1_25' title="bbox 695 1615 2219 1696; baseline -0.012 -9"><span class='ocrx_word' id='word_1_181' title='bbox 695 1632 911 1687; x_wconf 83' lang='lat' dir='ltr'><strong>Partem</strong></span> <span class='ocrx_word' id='word_1_182' title='bbox 951 1638 1134 1683; x_wconf 88' lang='lat' dir='ltr'><strong>antem</strong></span> <span class='ocrx_word' id='word_1_183' title='bbox 1174 1625 1297 1696; x_wconf 86' lang='lat' dir='ltr'><strong>ejus</strong></span> <span class='ocrx_word' id='word_1_184' title='bbox 1338 1638 1463 1693; x_wconf 71' lang='lat' dir='ltr'><strong>quae</strong></span> <span class='ocrx_word' id='word_1_185' title='bbox 1515 1635 1683 1692; x_wconf 83' lang='lat' dir='ltr'><strong>supra</strong></span> <span class='ocrx_word' id='word_1_186' title='bbox 1707 1628 1815 1682; x_wconf 86' lang='lat' dir='ltr'><strong>est,</strong></span> <span class='ocrx_word' id='word_1_187' title='bbox 1846 1617 2069 1687; x_wconf 80' lang='lat' dir='ltr'><strong>ligulam</strong></span> <span class='ocrx_word' id='word_1_188' title='bbox 2131 1615 2219 1671; x_wconf 86' lang='lat' dir='ltr'><strong>di-</strong></span> 
     </span>
    </p>
   </div>
   <div class='ocr_carea' id='block_1_26' title="bbox 629 1706 2218 1788">
    <p class='ocr_par' dir='ltr' id='par_1_26' title="bbox 629 1706 2218 1788">
     <span class='ocr_line' id='line_1_26' title="bbox 629 1706 2218 1788; baseline -0.013 -6"><span class='ocrx_word' id='word_1_189' title='bbox 629 1728 828 1788; x_wconf 87' lang='lat' dir='ltr'><strong>cimus,</strong></span> <span class='ocrx_word' id='word_1_190' title='bbox 860 1721 947 1779; x_wconf 86' lang='lat' dir='ltr'><strong>cui</strong></span> <span class='ocrx_word' id='word_1_191' title='bbox 973 1720 1112 1775; x_wconf 89' lang='lat' dir='ltr'><strong>illud</strong></span> <span class='ocrx_word' id='word_1_192' title='bbox 1146 1717 1295 1788; x_wconf 88' lang='lat' dir='ltr'><strong>quod</strong></span> <span class='ocrx_word' id='word_1_193' title='bbox 1317 1714 1444 1785; x_wconf 91' lang='lat' dir='ltr'><strong>gula</strong></span> <span class='ocrx_word' id='word_1_194' title='bbox 1470 1717 1823 1782; x_wconf 87' lang='lat' dir='ltr'><strong>nuncupatur</strong></span> <span class='ocrx_word' id='word_1_195' title='bbox 1855 1709 2119 1764; x_wconf 62' lang='lat' dir='ltr'><strong>adheret.</strong></span> <span class='ocrx_word' id='word_1_196' title='bbox 2149 1706 2218 1762; x_wconf 84' lang='lat' dir='ltr'><strong>Et</strong></span> 
     </span>
    </p>
   </div>
   <div class='ocr_carea' id='block_1_27' title="bbox 2352 1609 3910 1707">
    <p class='ocr_par' dir='ltr' id='par_1_27' title="bbox 2352 1609 3910 1707">
     <span class='ocr_line' id='line_1_27' title="bbox 2352 1609 3910 1707; baseline -0.004 -35"><span class='ocrx_word' id='word_1_197' title='bbox 2352 1702 2357 1707; x_wconf 11' lang='grc' dir='ltr'><em>ἡ</em></span> <span class='ocrx_word' id='word_1_198' title='bbox 2400 1618 2467 1671; x_wconf 82' lang='grc' dir='ltr'><strong>Ἦ</strong></span> <span class='ocrx_word' id='word_1_199' title='bbox 2495 1613 3164 1707; x_wconf 21' lang='grc' dir='ltr'>δὲ-ἐπιτδῑωττίςᾲταύτης</span> <span class='ocrx_word' id='word_1_200' title='bbox 3197 1615 3363 1687; x_wconf 82' lang='grc' dir='ltr'><strong>μέρος</strong></span> <span class='ocrx_word' id='word_1_201' title='bbox 3386 1616 3509 1668; x_wconf 71' lang='grc' dir='ltr'>ἐστὶ</span> <span class='ocrx_word' id='word_1_202' title='bbox 3542 1613 3604 1667; x_wconf 80' lang='grc' dir='ltr'>τὸ</span> <span class='ocrx_word' id='word_1_203' title='bbox 3631 1609 3910 1683; x_wconf 76' lang='grc' dir='ltr'>ὔπερθεν⁶</span> 
     </span>
    </p>
   </div>
   <div class='ocr_carea' id='block_1_28' title="bbox 2321 1700 3913 1781">
    <p class='ocr_par' dir='ltr' id='par_1_28' title="bbox 2321 1700 3913 1781">
     <span class='ocr_line' id='line_1_28' title="bbox 2321 1700 3913 1781; baseline -0.003 -17"><span class='ocrx_word' id='word_1_204' title='bbox 2321 1702 2437 1781; x_wconf 72' lang='grc' dir='ltr'>ἔχει</span> <span class='ocrx_word' id='word_1_205' title='bbox 2481 1710 2541 1764; x_wconf 86' lang='grc' dir='ltr'>δὲ</span> <span class='ocrx_word' id='word_1_206' title='bbox 2574 1709 2716 1779; x_wconf 78' lang='grc' dir='ltr'>αὕτη</span> <span class='ocrx_word' id='word_1_207' title='bbox 2755 1700 3193 1780; x_wconf 75' lang='grc' dir='ltr'>προσπεφυκότα</span> <span class='ocrx_word' id='word_1_208' title='bbox 3226 1708 3318 1762; x_wconf 77' lang='grc' dir='ltr'>τὸν</span> <span class='ocrx_word' id='word_1_209' title='bbox 3362 1708 3699 1778; x_wconf 79' lang='grc' dir='ltr'>καλούμενον</span> <span class='ocrx_word' id='word_1_210' title='bbox 3745 1707 3913 1759; x_wconf 71' lang='grc' dir='ltr'>οἰσο-</span> 
     </span>
    </p>
   </div>
   <div class='ocr_carea' id='block_1_29' title="bbox 632 1796 2227 1895">
    <p class='ocr_par' dir='ltr' id='par_1_29' title="bbox 632 1801 2219 1877">
     <span class='ocr_line' id='line_1_29' title="bbox 632 1801 2219 1877; baseline -0.015 0"><span class='ocrx_word' id='word_1_211' title='bbox 632 1838 757 1877; x_wconf 80' lang='lat' dir='ltr'><strong>cuni</strong></span> <span class='ocrx_word' id='word_1_212' title='bbox 784 1816 1040 1873; x_wconf 76' lang='lat' dir='ltr'><strong>dentibus</strong></span> <span class='ocrx_word' id='word_1_213' title='bbox 1054 1812 1302 1868; x_wconf 83' lang='lat' dir='ltr'><strong>molitum</strong></span> <span class='ocrx_word' id='word_1_214' title='bbox 1323 1810 1640 1863; x_wconf 80' lang='lat' dir='ltr'><strong>alimentum</strong></span> <span class='ocrx_word' id='word_1_215' title='bbox 1655 1802 1721 1858; x_wconf 88' lang='lat' dir='ltr'><strong>ad</strong></span> <span class='ocrx_word' id='word_1_216' title='bbox 1752 1801 2011 1857; x_wconf 90' lang='lat' dir='ltr'><strong>interiora</strong></span> <span class='ocrx_word' id='word_1_217' title='bbox 2030 1801 2219 1856; x_wconf 85' lang='lat' dir='ltr'><strong>demit-</strong></span> 
     </span>
    </p>
   </div>
   <div class='ocr_carea' id='block_1_30' title="bbox 2325 1796 3916 1895">
    <p class='ocr_par' dir='ltr' id='par_1_30' title="bbox 2325 1796 3916 1873">
     <span class='ocr_line' id='line_1_30' title="bbox 2325 1796 3916 1873; baseline -0.004 -17"><span class='ocrx_word' id='word_1_218' title='bbox 2325 1802 2519 1873; x_wconf 74' lang='grc' dir='ltr'>φάγον</span> <span class='ocrx_word' id='word_1_219' title='bbox 2537 1804 2604 1856; x_wconf 63' lang='grc'><strong>⁸³.</strong></span> <span class='ocrx_word' id='word_1_220' title='bbox 2639 1804 2753 1856; x_wconf 76' lang='lat' dir='ltr'><strong>Kal.</strong></span> <span class='ocrx_word' id='word_1_221' title='bbox 2774 1801 2907 1855; x_wconf 81' lang='grc' dir='ltr'>ὅταν</span> <span class='ocrx_word' id='word_1_222' title='bbox 2927 1800 3410 1871; x_wconf 74' lang='grc' dir='ltr'>διαμασησάμεναι</span> <span class='ocrx_word' id='word_1_223' title='bbox 3432 1801 3480 1833; x_wconf 78' lang='grc'><strong>’⁸</strong></span> <span class='ocrx_word' id='word_1_224' title='bbox 3504 1799 3599 1853; x_wconf 81' lang='grc' dir='ltr'><strong>καὶ</strong></span> <span class='ocrx_word' id='word_1_225' title='bbox 3627 1796 3916 1867; x_wconf 51' lang='lat' dir='ltr'><strong>muniﬁ-</strong></span> 
     </span>
    </p>
   </div>
   <div class='ocr_carea' id='block_1_31' title="bbox 632 1894 2221 1972">
    <p class='ocr_par' dir='ltr' id='par_1_31' title="bbox 632 1894 2221 1972">
     <span class='ocr_line' id='line_1_31' title="bbox 632 1894 2221 1972; baseline -0.013 -6"><span class='ocrx_word' id='word_1_226' title='bbox 632 1915 823 1971; x_wconf 87' lang='lat' dir='ltr'><strong>timus,</strong></span> <span class='ocrx_word' id='word_1_227' title='bbox 874 1906 1110 1971; x_wconf 83' lang='lat' dir='ltr'><strong>arteria,</strong></span> <span class='ocrx_word' id='word_1_228' title='bbox 1161 1915 1334 1972; x_wconf 88' lang='lat' dir='ltr'><strong>quoa</strong></span> <span class='ocrx_word' id='word_1_229' title='bbox 1386 1897 1555 1969; x_wconf 86' lang='lat' dir='ltr'><strong>ligula</strong></span> <span class='ocrx_word' id='word_1_230' title='bbox 1603 1894 1837 1961; x_wconf 86' lang='lat' dir='ltr'><strong>velatur,</strong></span> <span class='ocrx_word' id='word_1_231' title='bbox 1887 1908 1919 1947; x_wconf 89' lang='lat' dir='ltr'><strong>a</strong></span> <span class='ocrx_word' id='word_1_232' title='bbox 1959 1908 2074 1947; x_wconf 72' lang='lat' dir='ltr'><strong>suae</strong></span> <span class='ocrx_word' id='word_1_233' title='bbox 2128 1906 2221 1946; x_wconf 91' lang='lat' dir='ltr'><strong>ac-</strong></span> 
     </span>
    </p>
   </div>
   <div class='ocr_carea' id='block_1_32' title="bbox 2319 1891 3909 1966">
    <p class='ocr_par' dir='ltr' id='par_1_32' title="bbox 2319 1891 3909 1966">
     <span class='ocr_line' id='line_1_32' title="bbox 2319 1891 3909 1966; baseline -0.005 -14"><span class='ocrx_word' id='word_1_234' title='bbox 2319 1914 2511 1959; x_wconf 84' lang='grc' dir='ltr'>ναντες</span> <span class='ocrx_word' id='word_1_235' title='bbox 2540 1897 2585 1930; x_wconf 77' lang='grc'><strong>’⁷</strong></span> <span class='ocrx_word' id='word_1_236' title='bbox 2633 1894 3100 1966; x_wconf 78' lang='grc' dir='ltr'>παραπέμπωμεν</span> <span class='ocrx_word' id='word_1_237' title='bbox 3139 1895 3240 1965; x_wconf 78' lang='grc' dir='ltr'>τὴν</span> <span class='ocrx_word' id='word_1_238' title='bbox 3281 1892 3492 1965; x_wconf 75' lang='grc' dir='ltr'>τροφὴν</span> <span class='ocrx_word' id='word_1_239' title='bbox 3541 1893 3621 1955; x_wconf 84' lang='grc' dir='ltr'><strong>είς</strong></span> <span class='ocrx_word' id='word_1_240' title='bbox 3660 1891 3733 1945; x_wconf 83' lang='grc' dir='ltr'>τὰ</span> <span class='ocrx_word' id='word_1_241' title='bbox 3762 1891 3909 1955; x_wconf 72' lang='grc' dir='ltr'>ἔσω,</span> 
     </span>
    </p>
   </div>
   <div class='ocr_carea' id='block_1_33' title="bbox 631 1964 2227 2061">
    <p class='ocr_par' dir='ltr' id='par_1_33' title="bbox 631 1985 2220 2061">
     <span class='ocr_line' id='line_1_33' title="bbox 631 1985 2220 2061; baseline -0.012 -4"><span class='ocrx_word' id='word_1_242' title='bbox 631 2002 800 2057; x_wconf 88' lang='lat' dir='ltr'><strong>tionis</strong></span> <span class='ocrx_word' id='word_1_243' title='bbox 850 1997 1026 2054; x_wconf 74' lang='lat' dir='ltr'><strong>officio</strong></span> <span class='ocrx_word' id='word_1_244' title='bbox 1080 2000 1300 2057; x_wconf 79' lang='lat' dir='ltr'><strong>cessat;</strong></span> <span class='ocrx_word' id='word_1_245' title='bbox 1338 2005 1462 2061; x_wconf 62' lang='lat' dir='ltr'><strong>quae</strong></span> <span class='ocrx_word' id='word_1_246' title='bbox 1509 2004 1637 2043; x_wconf 90' lang='lat' dir='ltr'><strong>cum</strong></span> <span class='ocrx_word' id='word_1_247' title='bbox 1699 1988 1769 2041; x_wconf 85' lang='lat' dir='ltr'><strong>ab</strong></span> <span class='ocrx_word' id='word_1_248' title='bbox 1812 2001 1879 2041; x_wconf 91' lang='lat' dir='ltr'><strong>eo</strong></span> <span class='ocrx_word' id='word_1_249' title='bbox 1925 1986 2021 2055; x_wconf 90' lang='lat' dir='ltr'><strong>qui</strong></span> <span class='ocrx_word' id='word_1_250' title='bbox 2072 1985 2220 2039; x_wconf 85' lang='lat' dir='ltr'><strong>intus</strong></span> 
     </span>
    </p>
   </div>
   <div class='ocr_carea' id='block_1_34' title="bbox 2325 1964 3909 2061">
    <p class='ocr_par' dir='ltr' id='par_1_34' title="bbox 2325 1964 3909 2059">
     <span class='ocr_line' id='line_1_34' title="bbox 2325 1964 3909 2059; baseline -0.006 -15"><span class='ocrx_word' id='word_1_251' title='bbox 2325 1964 2735 2058; x_wconf 73' lang='grc' dir='ltr'>ῐπιπωματίζει</span> <span class='ocrx_word' id='word_1_252' title='bbox 2782 1990 2817 2059; x_wconf 79' lang='grc' dir='ltr'>ἡ</span> <span class='ocrx_word' id='word_1_253' title='bbox 2849 1964 3176 2056; x_wconf 76' lang='grc' dir='ltr'><strong>ἐπιγλωττὶς</strong></span> <span class='ocrx_word' id='word_1_254' title='bbox 3206 1964 3607 2057; x_wconf 14' lang='grc' dir='ltr'>τὴνίὰρτηρίαν</span> <span class='ocrx_word' id='word_1_255' title='bbox 3630 2023 3646 2047; x_wconf 92' lang='grc'><strong>,</strong></span> <span class='ocrx_word' id='word_1_256' title='bbox 3679 1984 3776 2037; x_wconf 77' lang='grc' dir='ltr'><strong>καὶ</strong></span> <span class='ocrx_word' id='word_1_257' title='bbox 3808 2000 3909 2035; x_wconf 78' lang='grc' dir='ltr'><strong>κω·</strong></span> 
     </span>
    </p>
   </div>
   <div class='ocr_carea' id='block_1_35' title="bbox 631 2072 2227 2163">
    <p class='ocr_par' dir='ltr' id='par_1_35' title="bbox 631 2076 2218 2163">
     <span class='ocr_line' id='line_1_35' title="bbox 631 2076 2218 2163; baseline -0.014 -14"><span class='ocrx_word' id='word_1_258' title='bbox 631 2104 719 2151; x_wconf 85' lang='lat' dir='ltr'><strong>est</strong></span> <span class='ocrx_word' id='word_1_259' title='bbox 762 2094 954 2163; x_wconf 85' lang='lat' dir='ltr'><strong>spiritu</strong></span> <span class='ocrx_word' id='word_1_260' title='bbox 1000 2095 1093 2144; x_wconf 77' lang='lat' dir='ltr'><strong>sio</strong></span> <span class='ocrx_word' id='word_1_261' title='bbox 1122 2080 1632 2141; x_wconf 76' lang='lat' dir='ltr'><strong>exsistens&#39;moveri</strong></span> <span class='ocrx_word' id='word_1_262' title='bbox 1669 2085 1925 2149; x_wconf 83' lang='lat' dir='ltr'><strong>nequeat,</strong></span> <span class='ocrx_word' id='word_1_263' title='bbox 1982 2085 2099 2131; x_wconf 87' lang='lat' dir='ltr'><strong>tum</strong></span> <span class='ocrx_word' id='word_1_264' title='bbox 2134 2076 2218 2144; x_wconf 54' lang='lat' dir='ltr'><strong>ip.</strong></span> 
     </span>
    </p>
   </div>
   <div class='ocr_carea' id='block_1_36' title="bbox 2325 2072 3916 2163">
    <p class='ocr_par' dir='ltr' id='par_1_36' title="bbox 2325 2072 3916 2149">
     <span class='ocr_line' id='line_1_36' title="bbox 2325 2072 3916 2149; baseline -0.005 -17"><span class='ocrx_word' id='word_1_265' title='bbox 2325 2078 2442 2132; x_wconf 84' lang='grc' dir='ltr'>λύει</span> <span class='ocrx_word' id='word_1_266' title='bbox 2472 2079 2642 2149; x_wconf 82' lang='grc' dir='ltr'>αὐτὴν</span> <span class='ocrx_word' id='word_1_267' title='bbox 2683 2080 2927 2149; x_wconf 78' lang='grc' dir='ltr'><strong>ἐνεργεῖν</strong></span> <span class='ocrx_word' id='word_1_268' title='bbox 2950 2093 2964 2107; x_wconf 73' lang='grc' dir='ltr'><strong>ο</strong></span> <span class='ocrx_word' id='word_1_269' title='bbox 2999 2076 3085 2145; x_wconf 74' lang='grc' dir='ltr'><strong>ἐφ’</strong></span> <span class='ocrx_word' id='word_1_270' title='bbox 3117 2072 3199 2140; x_wconf 75' lang='grc' dir='ltr'>οἷς</span> <span class='ocrx_word' id='word_1_271' title='bbox 3248 2075 3570 2145; x_wconf 76' lang='grc' dir='ltr'>συμϐαίνει,</span> <span class='ocrx_word' id='word_1_272' title='bbox 3623 2073 3699 2144; x_wconf 80' lang='grc' dir='ltr'>μὴ</span> <span class='ocrx_word' id='word_1_273' title='bbox 3732 2089 3916 2126; x_wconf 79' lang='grc' dir='ltr'>κινουο</span> 
     </span>
    </p>
   </div>
   <div class='ocr_carea' id='block_1_37' title="bbox 634 2166 2227 2252">
    <p class='ocr_par' dir='ltr' id='par_1_37' title="bbox 634 2166 2216 2252">
     <span class='ocr_line' id='line_1_37' title="bbox 634 2166 2216 2252; baseline -0.014 -11"><span class='ocrx_word' id='word_1_274' title='bbox 634 2202 776 2252; x_wconf 75' lang='lat' dir='ltr'><strong>sani,</strong></span> <span class='ocrx_word' id='word_1_275' title='bbox 824 2197 938 2238; x_wconf 84' lang='lat' dir='ltr'><strong>tum</strong></span> <span class='ocrx_word' id='word_1_276' title='bbox 988 2190 1303 2251; x_wconf 80' lang='lat' dir='ltr'><strong>pulmonem</strong></span> <span class='ocrx_word' id='word_1_277' title='bbox 1350 2172 1943 2245; x_wconf 87' lang='lat' dir='ltr'><strong>protinus-consistere</strong></span> <span class='ocrx_word' id='word_1_278' title='bbox 1992 2166 2216 2232; x_wconf 85' lang='lat' dir='ltr'><strong>accidit,</strong></span> 
     </span>
    </p>
   </div>
   <div class='ocr_carea' id='block_1_38' title="bbox 2325 2166 3913 2252">
    <p class='ocr_par' dir='ltr' id='par_1_38' title="bbox 2328 2166 3913 2244">
     <span class='ocr_line' id='line_1_38' title="bbox 2328 2166 3913 2244; baseline -0.004 -19"><span class='ocrx_word' id='word_1_279' title='bbox 2328 2173 2497 2244; x_wconf 80' lang='grc' dir='ltr'>μένης</span> <span class='ocrx_word' id='word_1_280' title='bbox 2554 2174 2654 2243; x_wconf 83' lang='grc' dir='ltr'>τῆς</span> <span class='ocrx_word' id='word_1_281' title='bbox 2709 2171 2983 2241; x_wconf 80' lang='grc' dir='ltr'><strong>ἀρτηρίας</strong></span> <span class='ocrx_word' id='word_1_282' title='bbox 3036 2169 3142 2223; x_wconf 80' lang='grc' dir='ltr'><strong>ὑπὸ</strong></span> <span class='ocrx_word' id='word_1_283' title='bbox 3189 2169 3285 2222; x_wconf 80' lang='grc' dir='ltr'>τοῦ</span> <span class='ocrx_word' id='word_1_284' title='bbox 3348 2168 3501 2230; x_wconf 76' lang='grc' dir='ltr'>ἐντὸς</span> <span class='ocrx_word' id='word_1_285' title='bbox 3556 2166 3913 2235; x_wconf 76' lang='grc' dir='ltr'>πνεύματος.</span> 
     </span>
    </p>
   </div>
   <div class='ocr_carea' id='block_1_39' title="bbox 633 2255 2227 2347">
    <p class='ocr_par' dir='ltr' id='par_1_39' title="bbox 633 2255 2223 2347">
     <span class='ocr_line' id='line_1_39' title="bbox 633 2255 2223 2347; baseline -0.016 -16"><span class='ocrx_word' id='word_1_286' title='bbox 633 2275 896 2347; x_wconf 83' lang='lat' dir='ltr'><strong>quoniam</strong></span> <span class='ocrx_word' id='word_1_287' title='bbox 924 2284 1047 2324; x_wconf 89' lang='lat' dir='ltr'><strong>cum</strong></span> <span class='ocrx_word' id='word_1_288' title='bbox 1080 2272 1199 2337; x_wconf 84' lang='lat' dir='ltr'><strong>ipaa</strong></span> <span class='ocrx_word' id='word_1_289' title='bbox 1234 2264 1489 2334; x_wconf 89' lang='lat' dir='ltr'><strong>spiritum</strong></span> <span class='ocrx_word' id='word_1_290' title='bbox 1527 2259 1661 2322; x_wconf 86' lang='lat' dir='ltr'><strong>edit,</strong></span> <span class='ocrx_word' id='word_1_291' title='bbox 1692 2257 1857 2313; x_wconf 84' lang='lat' dir='ltr'><strong>etiam</strong></span> <span class='ocrx_word' id='word_1_292' title='bbox 1890 2255 2067 2325; x_wconf 88' lang='lat' dir='ltr'><strong>ipsius</strong></span> <span class='ocrx_word' id='word_1_293' title='bbox 2096 2267 2223 2307; x_wconf 81' lang='lat' dir='ltr'><strong>suc-</strong></span> 
     </span>
    </p>
   </div>
   <div class='ocr_carea' id='block_1_40' title="bbox 2325 2255 3913 2347">
    <p class='ocr_par' dir='ltr' id='par_1_40' title="bbox 2328 2261 3913 2333">
     <span class='ocr_line' id='line_1_40' title="bbox 2328 2261 3913 2333; baseline -0.008 -12"><span class='ocrx_word' id='word_1_294' title='bbox 2328 2266 2583 2322; x_wconf 80' lang='grc' dir='ltr'>ιστασθαι</span> <span class='ocrx_word' id='word_1_295' title='bbox 2615 2265 2709 2319; x_wconf 70' lang='grc' dir='ltr'>καὶ</span> <span class='ocrx_word' id='word_1_296' title='bbox 2756 2264 2849 2318; x_wconf 85' lang='grc' dir='ltr'>τὸν</span> <span class='ocrx_word' id='word_1_297' title='bbox 2893 2263 3177 2333; x_wconf 83' lang='grc' dir='ltr'>πνεύμονα</span> <span class='ocrx_word' id='word_1_298' title='bbox 3207 2261 3524 2333; x_wconf 82' lang='grc' dir='ltr'>παρευθύς’</span> <span class='ocrx_word' id='word_1_299' title='bbox 3571 2261 3657 2314; x_wconf 83' lang='grc' dir='ltr'>ὅτι</span> <span class='ocrx_word' id='word_1_300' title='bbox 3693 2274 3913 2328; x_wconf 80' lang='grc' dir='ltr'>φυσσω-</span> 
     </span>
    </p>
   </div>
   <div class='ocr_carea' id='block_1_41' title="bbox 634 2346 2227 2431">
    <p class='ocr_par' dir='ltr' id='par_1_41' title="bbox 634 2346 2222 2425">
     <span class='ocr_line' id='line_1_41' title="bbox 634 2346 2222 2425; baseline -0.015 -7"><span class='ocrx_word' id='word_1_301' title='bbox 634 2346 813 2420; x_wconf 74' lang='lat' dir='ltr'><strong>cessio</strong></span> <span class='ocrx_word' id='word_1_302' title='bbox 852 2359 920 2414; x_wconf 90' lang='lat' dir='ltr'><strong>ad</strong></span> <span class='ocrx_word' id='word_1_303' title='bbox 956 2374 1089 2412; x_wconf 79' lang='lat' dir='ltr'><strong>cava</strong></span> <span class='ocrx_word' id='word_1_304' title='bbox 1134 2353 1413 2425; x_wconf 79' lang='lat' dir='ltr'><strong>pulmonis</strong></span> <span class='ocrx_word' id='word_1_305' title='bbox 1451 2350 1647 2404; x_wconf 82' lang='lat' dir='ltr'><strong>fertur.</strong></span> <span class='ocrx_word' id='word_1_306' title='bbox 1671 2346 2007 2402; x_wconf 68' lang='lat' dir='ltr'><strong>&#39;Pulmonem</strong></span> <span class='ocrx_word' id='word_1_307' title='bbox 2038 2351 2222 2396; x_wconf 89' lang='lat' dir='ltr'><strong>autem</strong></span> 
     </span>
    </p>
   </div>
   <div class='ocr_carea' id='block_1_42' title="bbox 2325 2346 3915 2431">
    <p class='ocr_par' dir='ltr' id='par_1_42' title="bbox 2329 2352 3915 2431">
     <span class='ocr_line' id='line_1_42' title="bbox 2329 2352 3915 2431; baseline -0.006 -18"><span class='ocrx_word' id='word_1_308' title='bbox 2329 2359 2498 2431; x_wconf 89' lang='grc' dir='ltr'>μένης</span> <span class='ocrx_word' id='word_1_309' title='bbox 2527 2359 2623 2428; x_wconf 78' lang='grc' dir='ltr'>τῆς</span> <span class='ocrx_word' id='word_1_310' title='bbox 2658 2358 2928 2430; x_wconf 79' lang='grc' dir='ltr'><strong>ἀρτηρίας</strong></span> <span class='ocrx_word' id='word_1_311' title='bbox 2948 2358 2995 2390; x_wconf 77' lang='grc'><strong>’⁸</strong></span> <span class='ocrx_word' id='word_1_312' title='bbox 3024 2356 3261 2419; x_wconf 78' lang='grc' dir='ltr'>διάδοσις</span> <span class='ocrx_word' id='word_1_313' title='bbox 3292 2354 3563 2424; x_wconf 51' lang='lat' dir='ltr'><strong>five-rat”</strong></span> <span class='ocrx_word' id='word_1_314' title='bbox 3594 2352 3915 2421; x_wconf 83' lang='grc' dir='ltr'>πνεύματος</span> 
     </span>
    </p>
   </div>
   <div class='ocr_carea' id='block_1_43' title="bbox 638 2436 2227 2527">
    <p class='ocr_par' dir='ltr' id='par_1_43' title="bbox 638 2436 2219 2527">
     <span class='ocr_line' id='line_1_43' title="bbox 638 2436 2219 2527; baseline -0.017 -16"><span class='ocrx_word' id='word_1_315' title='bbox 638 2460 820 2527; x_wconf 89' lang='lat' dir='ltr'><strong>ipsum</strong></span> <span class='ocrx_word' id='word_1_316' title='bbox 856 2452 969 2523; x_wconf 77' lang='lat'><strong>78</strong></span> <span class='ocrx_word' id='word_1_317' title='bbox 998 2447 1320 2503; x_wconf 89' lang='lat' dir='ltr'><strong>discrimina</strong></span> <span class='ocrx_word' id='word_1_318' title='bbox 1356 2439 1715 2511; x_wconf 89' lang='lat' dir='ltr'><strong>cartilaginea</strong></span> <span class='ocrx_word' id='word_1_319' title='bbox 1775 2436 1977 2491; x_wconf 85' lang='lat' dir='ltr'><strong>habere</strong></span> <span class='ocrx_word' id='word_1_320' title='bbox 2003 2442 2219 2488; x_wconf 88' lang='lat' dir='ltr'><strong>certum</strong></span> 
     </span>
    </p>
   </div>
   <div class='ocr_carea' id='block_1_44' title="bbox 2325 2436 3915 2527">
    <p class='ocr_par' dir='ltr' id='par_1_44' title="bbox 2326 2444 3915 2518">
     <span class='ocr_line' id='line_1_44' title="bbox 2326 2444 3915 2518; baseline -0.004 -15"><span class='ocrx_word' id='word_1_321' title='bbox 2326 2452 2408 2513; x_wconf 73' lang='lat' dir='ltr'><strong>ei;</strong></span> <span class='ocrx_word' id='word_1_322' title='bbox 2456 2448 2527 2503; x_wconf 81' lang='grc' dir='ltr'>τὰ</span> <span class='ocrx_word' id='word_1_323' title='bbox 2552 2449 2707 2501; x_wconf 80' lang='grc' dir='ltr'>κοῖλα</span> <span class='ocrx_word' id='word_1_324' title='bbox 2738 2449 2885 2518; x_wconf 83' lang='grc' dir='ltr'>μέρη</span> <span class='ocrx_word' id='word_1_325' title='bbox 2910 2447 3007 2501; x_wconf 80' lang='grc' dir='ltr'>τοῦ</span> <span class='ocrx_word' id='word_1_326' title='bbox 3047 2446 3380 2516; x_wconf 82' lang='grc' dir='ltr'>πνεύμονος.</span> <span class='ocrx_word' id='word_1_327' title='bbox 3410 2446 3566 2515; x_wconf 87' lang='grc' dir='ltr'>Ἐχει</span> <span class='ocrx_word' id='word_1_328' title='bbox 3613 2444 3723 2514; x_wconf 75' lang='grc' dir='ltr'><strong>γάρ</strong></span> <span class='ocrx_word' id='word_1_329' title='bbox 3747 2445 3762 2475; x_wconf 92' lang='grc'><strong>¹</strong></span> <span class='ocrx_word' id='word_1_330' title='bbox 3794 2444 3915 2497; x_wconf 83' lang='grc' dir='ltr'>δια·</span> 
     </span>
    </p>
   </div>
   <div class='ocr_carea' id='block_1_45' title="bbox 634 2524 2242 2615">
    <p class='ocr_par' dir='ltr' id='par_1_45' title="bbox 634 2524 2242 2615">
     <span class='ocr_line' id='line_1_45' title="bbox 634 2524 2242 2615; baseline -0.016 -12"><span class='ocrx_word' id='word_1_331' title='bbox 634 2524 741 2610; x_wconf 74' lang='lat' dir='ltr'><strong>est,</strong></span> <span class='ocrx_word' id='word_1_332' title='bbox 792 2559 915 2615; x_wconf 70' lang='lat' dir='ltr'><strong>qua:</strong></span> <span class='ocrx_word' id='word_1_333' title='bbox 975 2538 1299 2597; x_wconf 87' lang='lat' dir='ltr'><strong>contractim</strong></span> <span class='ocrx_word' id='word_1_334' title='bbox 1342 2534 1396 2589; x_wconf 91' lang='lat' dir='ltr'><strong>in</strong></span> <span class='ocrx_word' id='word_1_335' title='bbox 1439 2542 1666 2588; x_wconf 89' lang='lat' dir='ltr'><strong>acutum</strong></span> <span class='ocrx_word' id='word_1_336' title='bbox 1695 2528 1948 2593; x_wconf 87' lang='lat' dir='ltr'><strong>tendunt;</strong></span> <span class='ocrx_word' id='word_1_337' title='bbox 1979 2541 2075 2596; x_wconf 89' lang='lat' dir='ltr'><strong>per</strong></span> <span class='ocrx_word' id='word_1_338' title='bbox 2106 2524 2242 2583; x_wconf 70' lang='lat' dir='ltr'><strong>haec,</strong></span> 
     </span>
    </p>
   </div>
   <div class='ocr_carea' id='block_1_46' title="bbox 635 2618 2222 2706">
    <p class='ocr_par' dir='ltr' id='par_1_46' title="bbox 635 2618 2222 2706">
     <span class='ocr_line' id='line_1_46' title="bbox 635 2618 2222 2706; baseline -0.014 -12"><span class='ocrx_word' id='word_1_339' title='bbox 635 2639 781 2696; x_wconf 86' lang='lat' dir='ltr'><strong>enim</strong></span> <span class='ocrx_word' id='word_1_340' title='bbox 809 2636 1035 2706; x_wconf 89' lang='lat' dir='ltr'><strong>spiritus</strong></span> <span class='ocrx_word' id='word_1_341' title='bbox 1080 2632 1134 2685; x_wconf 93' lang='lat' dir='ltr'><strong>in</strong></span> <span class='ocrx_word' id='word_1_342' title='bbox 1167 2634 1287 2699; x_wconf 84' lang='lat' dir='ltr'><strong>ejus</strong></span> <span class='ocrx_word' id='word_1_343' title='bbox 1328 2625 1601 2681; x_wconf 88' lang='lat' dir='ltr'><strong>foramina</strong></span> <span class='ocrx_word' id='word_1_344' title='bbox 1629 2628 1899 2694; x_wconf 88' lang='lat' dir='ltr'><strong>penetrat,</strong></span> <span class='ocrx_word' id='word_1_345' title='bbox 1938 2618 2065 2673; x_wconf 91' lang='lat' dir='ltr'><strong>inde</strong></span> <span class='ocrx_word' id='word_1_346' title='bbox 2089 2633 2222 2672; x_wconf 79' lang='lat' dir='ltr'><strong>vero</strong></span> 
     </span>
    </p>
   </div>
   <div class='ocr_carea' id='block_1_47' title="bbox 638 2710 2235 2786">
    <p class='ocr_par' dir='ltr' id='par_1_47' title="bbox 638 2710 2235 2786">
     <span class='ocr_line' id='line_1_47' title="bbox 638 2710 2235 2786; baseline -0.016 0"><span class='ocrx_word' id='word_1_347' title='bbox 638 2732 704 2786; x_wconf 88' lang='lat' dir='ltr'><strong>ad</strong></span> <span class='ocrx_word' id='word_1_348' title='bbox 732 2727 917 2786; x_wconf 83' lang='lat' dir='ltr'><strong>cordis</strong></span> <span class='ocrx_word' id='word_1_349' title='bbox 950 2724 1144 2781; x_wconf 88' lang='lat' dir='ltr'><strong>intima</strong></span> <span class='ocrx_word' id='word_1_350' title='bbox 1174 2720 1465 2775; x_wconf 78' lang='lat' dir='ltr'><strong>revertitur-</strong></span> <span class='ocrx_word' id='word_1_351' title='bbox 1501 2717 1702 2771; x_wconf 90' lang='lat' dir='ltr'><strong>denuo.</strong></span> <span class='ocrx_word' id='word_1_352' title='bbox 1735 2710 1895 2774; x_wconf 78' lang='lat' dir='ltr'><strong>Nam,</strong></span> <span class='ocrx_word' id='word_1_353' title='bbox 1925 2726 2051 2765; x_wconf 92' lang='lat' dir='ltr'><strong>cum</strong></span> <span class='ocrx_word' id='word_1_354' title='bbox 2077 2718 2235 2774; x_wconf 37' lang='lat' dir='ltr'><strong>arte:</strong></span> 
     </span>
    </p>
   </div>
   <div class='ocr_carea' id='block_1_48' title="bbox 638 2802 2218 2891">
    <p class='ocr_par' dir='ltr' id='par_1_48' title="bbox 638 2802 2218 2891">
     <span class='ocr_line' id='line_1_48' title="bbox 638 2802 2218 2891; baseline -0.018 -13"><span class='ocrx_word' id='word_1_355' title='bbox 638 2820 1035 2891; x_wconf 81' lang='lat' dir='ltr'><strong>riam,pu’isum</strong></span> <span class='ocrx_word' id='word_1_356' title='bbox 1064 2814 1335 2876; x_wconf 84' lang='lat' dir='ltr'><strong>videlicet,</strong></span> <span class='ocrx_word' id='word_1_357' title='bbox 1393 2819 1452 2864; x_wconf 91' lang='lat' dir='ltr'><strong>ut</strong></span> <span class='ocrx_word' id='word_1_358' title='bbox 1480 2808 1686 2863; x_wconf 89' lang='lat' dir='ltr'><strong>dictum</strong></span> <span class='ocrx_word' id='word_1_359' title='bbox 1722 2812 1827 2869; x_wconf 89' lang='lat' dir='ltr'><strong>est,</strong></span> <span class='ocrx_word' id='word_1_360' title='bbox 1857 2803 2023 2873; x_wconf 80' lang='lat' dir='ltr'><strong>ligula</strong></span> <span class='ocrx_word' id='word_1_361' title='bbox 2055 2802 2218 2865; x_wconf 80' lang='lat' dir='ltr'><strong>velet,</strong></span> 
     </span>
    </p>
   </div>
   <div class='ocr_carea' id='block_1_49' title="bbox 640 2893 2229 2968">
    <p class='ocr_par' dir='ltr' id='par_1_49' title="bbox 640 2893 2229 2968">
     <span class='ocr_line' id='line_1_49' title="bbox 640 2893 2229 2968; baseline -0.014 -1"><span class='ocrx_word' id='word_1_362' title='bbox 640 2913 961 2968; x_wconf 90' lang='lat' dir='ltr'><strong>alimentum</strong></span> <span class='ocrx_word' id='word_1_363' title='bbox 993 2906 1063 2961; x_wconf 90' lang='lat' dir='ltr'><strong>ab</strong></span> <span class='ocrx_word' id='word_1_364' title='bbox 1094 2919 1189 2959; x_wconf 89' lang='lat' dir='ltr'><strong>ore</strong></span> <span class='ocrx_word' id='word_1_365' title='bbox 1222 2902 1289 2957; x_wconf 88' lang='lat' dir='ltr'><strong>ad</strong></span> <span class='ocrx_word' id='word_1_366' title='bbox 1349 2899 1699 2957; x_wconf 86' lang='lat' dir='ltr'><strong>stomachum</strong></span> <span class='ocrx_word' id='word_1_367' title='bbox 1753 2894 2080 2951; x_wconf 80' lang='lat' dir='ltr'><strong>demittitur.</strong></span> <span class='ocrx_word' id='word_1_368' title='bbox 2122 2893 2229 2945; x_wconf 80' lang='lat' dir='ltr'><strong>Ar-</strong></span> 
     </span>
    </p>
   </div>
   <div class='ocr_carea' id='block_1_50' title="bbox 639 2986 2225 3071">
    <p class='ocr_par' dir='ltr' id='par_1_50' title="bbox 639 2986 2225 3071">
     <span class='ocr_line' id='line_1_50' title="bbox 639 2986 2225 3071; baseline -0.013 -13"><span class='ocrx_word' id='word_1_369' title='bbox 639 3006 775 3060; x_wconf 81' lang='lat' dir='ltr'><strong>teria</strong></span> <span class='ocrx_word' id='word_1_370' title='bbox 822 3014 1059 3071; x_wconf 85' lang='lat' dir='ltr'><strong>namque</strong></span> <span class='ocrx_word' id='word_1_371' title='bbox 1118 2998 1258 3068; x_wconf 87' lang='lat' dir='ltr'><strong>ipsa,</strong></span> <span class='ocrx_word' id='word_1_372' title='bbox 1286 3004 1342 3050; x_wconf 88' lang='lat' dir='ltr'><strong>et</strong></span> <span class='ocrx_word' id='word_1_373' title='bbox 1393 2992 1582 3048; x_wconf 88' lang='lat' dir='ltr'><strong>alteria</strong></span> <span class='ocrx_word' id='word_1_374' title='bbox 1634 2989 1959 3060; x_wconf 87' lang='lat' dir='ltr'><strong>appellatur,</strong></span> <span class='ocrx_word' id='word_1_375' title='bbox 1989 2986 2225 3059; x_wconf 82' lang='grc' dir='ltr'>ἀρτηρία</span> 
     </span>
    </p>
   </div>
   <div class='ocr_carea' id='block_1_51' title="bbox 639 3082 2223 3167">
    <p class='ocr_par' dir='ltr' id='par_1_51' title="bbox 639 3082 2223 3167">
     <span class='ocr_line' id='line_1_51' title="bbox 639 3082 2223 3167; baseline -0.013 -17"><span class='ocrx_word' id='word_1_376' title='bbox 639 3093 859 3167; x_wconf 89' lang='lat' dir='ltr'><strong>quidem</strong></span> <span class='ocrx_word' id='word_1_377' title='bbox 887 3086 999 3146; x_wconf 76' lang='grc' dir='ltr'>οἷον</span> <span class='ocrx_word' id='word_1_378' title='bbox 1048 3084 1368 3158; x_wconf 82' lang='grc' dir='ltr'>ἀεροτηρία,</span> <span class='ocrx_word' id='word_1_379' title='bbox 1404 3097 1529 3154; x_wconf 70' lang='lat' dir='ltr'><strong>qua:</strong></span> <span class='ocrx_word' id='word_1_380' title='bbox 1565 3082 1726 3153; x_wconf 87' lang='lat' dir='ltr'><strong>quasi</strong></span> <span class='ocrx_word' id='word_1_381' title='bbox 1783 3094 1966 3134; x_wconf 88' lang='lat' dir='ltr'><strong>aerem</strong></span> <span class='ocrx_word' id='word_1_382' title='bbox 2022 3086 2223 3142; x_wconf 85' lang='lat' dir='ltr'><strong>servet,</strong></span> 
     </span>
    </p>
   </div>
   <div class='ocr_carea' id='block_1_52' title="bbox 2324 2533 3917 2610">
    <p class='ocr_par' dir='ltr' id='par_1_52' title="bbox 2324 2533 3917 2610">
     <span class='ocr_line' id='line_1_52' title="bbox 2324 2533 3917 2610; baseline -0.004 -17"><span class='ocrx_word' id='word_1_383' title='bbox 2324 2540 2520 2610; x_wconf 78' lang='grc' dir='ltr'>φύσεις</span> <span class='ocrx_word' id='word_1_384' title='bbox 2552 2538 2879 2609; x_wconf 82' lang='grc' dir='ltr'>χονδρώδεις</span> <span class='ocrx_word' id='word_1_385' title='bbox 2910 2538 2939 2589; x_wconf 89' lang='grc' dir='ltr'>ὁ</span> <span class='ocrx_word' id='word_1_386' title='bbox 2968 2535 3230 2607; x_wconf 84' lang='grc' dir='ltr'>πνεύμων</span> <span class='ocrx_word' id='word_1_387' title='bbox 3254 2537 3335 2599; x_wconf 87' lang='grc' dir='ltr'><strong>είς</strong></span> <span class='ocrx_word' id='word_1_388' title='bbox 3364 2535 3459 2602; x_wconf 76' lang='grc' dir='ltr'><strong>ὀξὺ</strong></span> <span class='ocrx_word' id='word_1_389' title='bbox 3494 2533 3788 2605; x_wconf 79' lang='grc' dir='ltr'>διηκούσας</span> <span class='ocrx_word' id='word_1_390' title='bbox 3822 2535 3917 2586; x_wconf 72' lang='grc' dir='ltr'><strong>καὶ</strong></span> 
     </span>
    </p>
   </div>
   <div class='ocr_carea' id='block_1_53' title="bbox 2342 2625 3916 2703">
    <p class='ocr_par' dir='ltr' id='par_1_53' title="bbox 2342 2625 3916 2703">
     <span class='ocr_line' id='line_1_53' title="bbox 2342 2625 3916 2703; baseline -0.004 -16"><span class='ocrx_word' id='word_1_391' title='bbox 2342 2634 2691 2703; x_wconf 84' lang='grc' dir='ltr'>συνηγμένας</span> <span class='ocrx_word' id='word_1_392' title='bbox 2714 2648 2728 2663; x_wconf 84' lang='lat'><strong><em>°</em></strong></span> <span class='ocrx_word' id='word_1_393' title='bbox 2774 2631 2841 2684; x_wconf 80' lang='grc' dir='ltr'><strong>δι’</strong></span> <span class='ocrx_word' id='word_1_394' title='bbox 2878 2625 2954 2686; x_wconf 78' lang='grc' dir='ltr'>ὧν</span> <span class='ocrx_word' id='word_1_395' title='bbox 2988 2632 3184 2683; x_wconf 75' lang='grc' dir='ltr'>εἴσεισι</span> <span class='ocrx_word' id='word_1_396' title='bbox 3211 2629 3283 2703; x_wconf 42' lang='grc' dir='ltr'>τοι</span> <span class='ocrx_word' id='word_1_397' title='bbox 3300 2628 3521 2699; x_wconf 82' lang='grc' dir='ltr'>πνεῦμα</span> <span class='ocrx_word' id='word_1_398' title='bbox 3549 2630 3629 2690; x_wconf 86' lang='grc' dir='ltr'><strong>είς</strong></span> <span class='ocrx_word' id='word_1_399' title='bbox 3650 2628 3748 2690; x_wconf 80' lang='grc' dir='ltr'><strong>τὰς</strong></span> <span class='ocrx_word' id='word_1_400' title='bbox 3776 2627 3916 2689; x_wconf 81' lang='grc' dir='ltr'>ὀπὰς</span> 
     </span>
    </p>
   </div>
   <div class='ocr_carea' id='block_1_54' title="bbox 2333 2718 3910 2791">
    <p class='ocr_par' dir='ltr' id='par_1_54' title="bbox 2333 2718 3910 2791">
     <span class='ocr_line' id='line_1_54' title="bbox 2333 2718 3910 2791; baseline -0.003 -14"><span class='ocrx_word' id='word_1_401' title='bbox 2333 2724 2543 2791; x_wconf 62' lang='grc' dir='ltr'>αὑτοῦ,</span> <span class='ocrx_word' id='word_1_402' title='bbox 2602 2722 2859 2776; x_wconf 79' lang='grc' dir='ltr'>κάκεῖθεν</span> <span class='ocrx_word' id='word_1_403' title='bbox 2907 2718 3067 2784; x_wconf 77' lang='grc' dir='ltr'>αὖθις</span> <span class='ocrx_word' id='word_1_404' title='bbox 3116 2722 3198 2783; x_wconf 86' lang='grc' dir='ltr'><strong>είς</strong></span> <span class='ocrx_word' id='word_1_405' title='bbox 3245 2721 3345 2790; x_wconf 79' lang='grc' dir='ltr'>τὴν</span> <span class='ocrx_word' id='word_1_406' title='bbox 3388 2719 3619 2790; x_wconf 82' lang='grc' dir='ltr'>καρδίαν</span> <span class='ocrx_word' id='word_1_407' title='bbox 3679 2718 3910 2789; x_wconf 76' lang='grc' dir='ltr'>ἐνίησιν.</span> 
     </span>
    </p>
   </div>
   <div class='ocr_carea' id='block_1_55' title="bbox 2341 2807 3915 2883">
    <p class='ocr_par' dir='ltr' id='par_1_55' title="bbox 2341 2807 3915 2883">
     <span class='ocr_line' id='line_1_55' title="bbox 2341 2807 3915 2883; baseline -0.006 -16"><span class='ocrx_word' id='word_1_408' title='bbox 2341 2812 2934 2883; x_wconf 74' lang='grc' dir='ltr'>Ἐπιπωματιξομένης</span> <span class='ocrx_word' id='word_1_409' title='bbox 2965 2811 3021 2863; x_wconf 85' lang='grc' dir='ltr'>δὲ</span> <span class='ocrx_word' id='word_1_410' title='bbox 3050 2811 3148 2879; x_wconf 82' lang='grc' dir='ltr'>τῆς</span> <span class='ocrx_word' id='word_1_411' title='bbox 3178 2808 3447 2879; x_wconf 83' lang='grc' dir='ltr'>ἀρτηρίας</span> <span class='ocrx_word' id='word_1_412' title='bbox 3478 2807 3631 2877; x_wconf 79' lang='grc' dir='ltr'>παρὰ</span> <span class='ocrx_word' id='word_1_413' title='bbox 3659 2807 3762 2875; x_wconf 82' lang='grc' dir='ltr'>τῆς</span> <span class='ocrx_word' id='word_1_414' title='bbox 3792 2809 3915 2859; x_wconf 64' lang='lat' dir='ltr'><strong>tm-</strong></span> 
     </span>
    </p>
   </div>
   <div class='ocr_carea' id='block_1_56' title="bbox 2331 2896 3918 2974">
    <p class='ocr_par' dir='ltr' id='par_1_56' title="bbox 2331 2896 3918 2974">
     <span class='ocr_line' id='line_1_56' title="bbox 2331 2896 3918 2974; baseline -0.007 -16"><span class='ocrx_word' id='word_1_415' title='bbox 2331 2905 2641 2974; x_wconf 83' lang='grc' dir='ltr'>γλωττίδος,</span> <span class='ocrx_word' id='word_1_416' title='bbox 2661 2904 2738 2966; x_wconf 87' lang='grc' dir='ltr'><strong>ὡς</strong></span> <span class='ocrx_word' id='word_1_417' title='bbox 2767 2902 3008 2973; x_wconf 79' lang='grc' dir='ltr'>εἴρηται,</span> <span class='ocrx_word' id='word_1_418' title='bbox 3038 2900 3527 2972; x_wconf 82' lang='grc' dir='ltr'>παραπέμπεταιή</span> <span class='ocrx_word' id='word_1_419' title='bbox 3550 2897 3725 2968; x_wconf 81' lang='grc' dir='ltr'>τροφὴ</span> <span class='ocrx_word' id='word_1_420' title='bbox 3750 2899 3808 2953; x_wconf 82' lang='grc' dir='ltr'>ὲν</span> <span class='ocrx_word' id='word_1_421' title='bbox 3838 2896 3918 2965; x_wconf 82' lang='grc' dir='ltr'>τῷ</span> 
     </span>
    </p>
   </div>
   <div class='ocr_carea' id='block_1_57' title="bbox 2329 2990 3917 3068">
    <p class='ocr_par' dir='ltr' id='par_1_57' title="bbox 2329 2990 3917 3068">
     <span class='ocr_line' id='line_1_57' title="bbox 2329 2990 3917 3068; baseline -0.004 -17"><span class='ocrx_word' id='word_1_422' title='bbox 2329 2998 2610 3068; x_wconf 83' lang='grc' dir='ltr'>στομάχῳ.</span> <span class='ocrx_word' id='word_1_423' title='bbox 2647 2995 2883 3063; x_wconf 82' lang='grc' dir='ltr'>Λέγεται</span> <span class='ocrx_word' id='word_1_424' title='bbox 2911 2994 2969 3048; x_wconf 77' lang='grc' dir='ltr'>δὲ</span> <span class='ocrx_word' id='word_1_425' title='bbox 3002 2993 3259 3061; x_wconf 66' lang='lat' dir='ltr'><strong>rumpia</strong></span> <span class='ocrx_word' id='word_1_426' title='bbox 3292 2992 3390 3045; x_wconf 82' lang='grc' dir='ltr'>καὶ</span> <span class='ocrx_word' id='word_1_427' title='bbox 3422 2991 3674 3059; x_wconf 77' lang='grc' dir='ltr'>ἀρτηρία</span> <span class='ocrx_word' id='word_1_428' title='bbox 3696 2992 3715 3021; x_wconf 85' lang='grc'><strong><em>²</em></strong></span> <span class='ocrx_word' id='word_1_429' title='bbox 3735 3006 3748 3019; x_wconf 91' lang='grc'><strong>·</strong></span> <span class='ocrx_word' id='word_1_430' title='bbox 3780 2991 3873 3045; x_wconf 74' lang='grc' dir='ltr'><strong>καὶ</strong></span> <span class='ocrx_word' id='word_1_431' title='bbox 3893 2990 3917 3022; x_wconf 84' lang='grc'><strong><em>³</em></strong></span> 
     </span>
    </p>
   </div>
   <div class='ocr_carea' id='block_1_58' title="bbox 2327 3080 3917 3159">
    <p class='ocr_par' dir='ltr' id='par_1_58' title="bbox 2327 3080 3917 3159">
     <span class='ocr_line' id='line_1_58' title="bbox 2327 3080 3917 3159; baseline -0.006 -16"><span class='ocrx_word' id='word_1_432' title='bbox 2327 3089 2580 3159; x_wconf 78' lang='grc' dir='ltr'>ἀρτηρία</span> <span class='ocrx_word' id='word_1_433' title='bbox 2622 3089 2741 3158; x_wconf 80' lang='grc' dir='ltr'>μὲν,</span> <span class='ocrx_word' id='word_1_434' title='bbox 2770 3080 2913 3151; x_wconf 82' lang='grc' dir='ltr'>οἷον,</span> <span class='ocrx_word' id='word_1_435' title='bbox 2958 3083 3321 3156; x_wconf 70' lang='grc' dir='ltr'>ἁεροτηρίαδ,</span> <span class='ocrx_word' id='word_1_436' title='bbox 3366 3082 3476 3137; x_wconf 75' lang='grc' dir='ltr'><strong>ἀπὸ</strong></span> <span class='ocrx_word' id='word_1_437' title='bbox 3502 3082 3600 3135; x_wconf 82' lang='grc' dir='ltr'>τοῦ</span> <span class='ocrx_word' id='word_1_438' title='bbox 3638 3083 3917 3155; x_wconf 81' lang='grc' dir='ltr'>περιέχειν</span> 
     </span>
    </p>
   </div>
   <div class='ocr_carea' id='block_1_59' title="bbox 638 3170 2227 3257">
    <p class='ocr_par' dir='ltr' id='par_1_59' title="bbox 638 3170 2221 3257">
     <span class='ocr_line' id='line_1_59' title="bbox 638 3170 2221 3257; baseline -0.015 -13"><span class='ocrx_word' id='word_1_439' title='bbox 638 3182 1203 3257; x_wconf 67' lang='lat' dir='ltr'><strong>comprehendamus;</strong></span> <span class='ocrx_word' id='word_1_440' title='bbox 1252 3192 1379 3233; x_wconf 89' lang='lat' dir='ltr'><strong>nam</strong></span> <span class='ocrx_word' id='word_1_441' title='bbox 1426 3174 1657 3245; x_wconf 86' lang='lat' dir='ltr'><strong>spiritus</strong></span> <span class='ocrx_word' id='word_1_442' title='bbox 1688 3170 1758 3226; x_wconf 88' lang='lat' dir='ltr'><strong>ab</strong></span> <span class='ocrx_word' id='word_1_443' title='bbox 1806 3170 1924 3240; x_wconf 88' lang='lat' dir='ltr'><strong>ipsa</strong></span> <span class='ocrx_word' id='word_1_444' title='bbox 1976 3182 2221 3237; x_wconf 86' lang='lat' dir='ltr'><strong>compre-</strong></span> 
     </span>
    </p>
   </div>
   <div class='ocr_carea' id='block_1_60' title="bbox 2325 3170 3918 3257">
    <p class='ocr_par' dir='ltr' id='par_1_60' title="bbox 2330 3172 3918 3251">
     <span class='ocr_line' id='line_1_60' title="bbox 2330 3172 3918 3251; baseline -0.008 -17"><span class='ocrx_word' id='word_1_445' title='bbox 2330 3182 2428 3235; x_wconf 79' lang='grc' dir='ltr'><strong>καὶ</strong></span> <span class='ocrx_word' id='word_1_446' title='bbox 2460 3180 2652 3251; x_wconf 81' lang='grc' dir='ltr'>τηρεῖν</span> <span class='ocrx_word' id='word_1_447' title='bbox 2688 3178 2751 3231; x_wconf 81' lang='grc' dir='ltr'>τὸ</span> <span class='ocrx_word' id='word_1_448' title='bbox 2783 3176 3039 3248; x_wconf 63' lang='grc' dir='ltr'>πνεῦμν</span> <span class='ocrx_word' id='word_1_449' title='bbox 3066 3176 3325 3243; x_wconf 78' lang='grc' dir='ltr'>ἀλτηρία</span> <span class='ocrx_word' id='word_1_450' title='bbox 3349 3174 3432 3240; x_wconf 75' lang='grc' dir='ltr'>δὲ,</span> <span class='ocrx_word' id='word_1_451' title='bbox 3471 3172 3621 3243; x_wconf 83' lang='grc' dir='ltr'>παρὰ</span> <span class='ocrx_word' id='word_1_452' title='bbox 3654 3174 3718 3228; x_wconf 78' lang='grc' dir='ltr'>τὸ</span> <span class='ocrx_word' id='word_1_453' title='bbox 3761 3172 3918 3228; x_wconf 62' lang='lat'><strong>6.1).:—</strong></span> 
     </span>
    </p>
   </div>
   <div class='ocr_carea' id='block_1_61' title="bbox 643 3261 2229 3341">
    <p class='ocr_par' dir='ltr' id='par_1_61' title="bbox 643 3261 2229 3341">
     <span class='ocr_line' id='line_1_61' title="bbox 643 3261 2229 3341; baseline -0.013 -7"><span class='ocrx_word' id='word_1_454' title='bbox 643 3278 899 3334; x_wconf 87' lang='lat' dir='ltr'><strong>henditur</strong></span> <span class='ocrx_word' id='word_1_455' title='bbox 920 3274 1368 3341; x_wconf 87' lang='lat' dir='ltr'><strong>contineturque.</strong></span> <span class='ocrx_word' id='word_1_456' title='bbox 1403 3269 1471 3321; x_wconf 80' lang='lat' dir='ltr'><strong>At</strong></span> <span class='ocrx_word' id='word_1_457' title='bbox 1502 3267 1620 3337; x_wconf 89' lang='lat' dir='ltr'><strong>ipsa</strong></span> <span class='ocrx_word' id='word_1_458' title='bbox 1649 3265 1778 3318; x_wconf 88' lang='lat' dir='ltr'><strong>item</strong></span> <span class='ocrx_word' id='word_1_459' title='bbox 1807 3262 1999 3316; x_wconf 88' lang='lat' dir='ltr'><strong>alteria</strong></span> <span class='ocrx_word' id='word_1_460' title='bbox 2025 3261 2229 3316; x_wconf 83' lang='lat' dir='ltr'><strong>dicitur</strong></span> 
     </span>
    </p>
   </div>
   <div class='ocr_carea' id='block_1_62' title="bbox 641 3353 2228 3443">
    <p class='ocr_par' dir='ltr' id='par_1_62' title="bbox 641 3353 2228 3443">
     <span class='ocr_line' id='line_1_62' title="bbox 641 3353 2228 3443; baseline -0.012 -18"><span class='ocrx_word' id='word_1_461' title='bbox 641 3370 794 3443; x_wconf 81' lang='grc' dir='ltr'>παρὰ</span> <span class='ocrx_word' id='word_1_462' title='bbox 820 3368 881 3421; x_wconf 83' lang='grc' dir='ltr'>τὸ</span> <span class='ocrx_word' id='word_1_463' title='bbox 912 3363 1189 3430; x_wconf 68' lang='grc' dir='ltr'>ἅλλεσθαι,</span> <span class='ocrx_word' id='word_1_464' title='bbox 1208 3376 1239 3417; x_wconf 88' lang='lat' dir='ltr'><strong>a</strong></span> <span class='ocrx_word' id='word_1_465' title='bbox 1257 3357 1527 3423; x_wconf 87' lang='lat' dir='ltr'><strong>saliendo,</strong></span> <span class='ocrx_word' id='word_1_466' title='bbox 1555 3353 1703 3427; x_wconf 89' lang='lat' dir='ltr'><strong>quod</strong></span> <span class='ocrx_word' id='word_1_467' title='bbox 1716 3361 1983 3425; x_wconf 89' lang='lat' dir='ltr'><strong>perpetuo</strong></span> <span class='ocrx_word' id='word_1_468' title='bbox 2006 3366 2228 3408; x_wconf 89' lang='lat' dir='ltr'><strong>movea-</strong></span> 
     </span>
    </p>
   </div>
   <div class='ocr_carea' id='block_1_63' title="bbox 646 3456 1139 3531">
    <p class='ocr_par' dir='ltr' id='par_1_63' title="bbox 646 3456 1139 3531">
     <span class='ocr_line' id='line_1_63' title="bbox 646 3456 1139 3531; baseline -0.018 -13"><span class='ocrx_word' id='word_1_469' title='bbox 646 3477 734 3518; x_wconf 87' lang='lat' dir='ltr'><strong>tur</strong></span> <span class='ocrx_word' id='word_1_470' title='bbox 760 3469 927 3531; x_wconf 89' lang='lat' dir='ltr'><strong>atque</strong></span> <span class='ocrx_word' id='word_1_471' title='bbox 957 3456 1139 3512; x_wconf 89' lang='lat' dir='ltr'><strong>saliat.</strong></span> 
     </span>
    </p>
   </div>
   <div class='ocr_carea' id='block_1_64' title="bbox 714 3532 2229 3623">
    <p class='ocr_par' dir='ltr' id='par_1_64' title="bbox 714 3532 2229 3623">
     <span class='ocr_line' id='line_1_64' title="bbox 714 3532 2229 3623; baseline -0.014 -14"><span class='ocrx_word' id='word_1_472' title='bbox 714 3553 879 3623; x_wconf 81' lang='lat' dir='ltr'><strong>Atqui</strong></span> <span class='ocrx_word' id='word_1_473' title='bbox 906 3552 1089 3621; x_wconf 88' lang='lat' dir='ltr'><strong>lingua</strong></span> <span class='ocrx_word' id='word_1_474' title='bbox 1125 3549 1242 3618; x_wconf 86' lang='lat' dir='ltr'><strong>ipsa</strong></span> <span class='ocrx_word' id='word_1_475' title='bbox 1288 3542 1359 3601; x_wconf 86' lang='lat' dir='ltr'><strong>ab</strong></span> <span class='ocrx_word' id='word_1_476' title='bbox 1410 3540 1545 3613; x_wconf 86' lang='lat' dir='ltr'><strong>ipsis</strong></span> <span class='ocrx_word' id='word_1_477' title='bbox 1577 3538 1800 3611; x_wconf 84' lang='grc' dir='ltr'>γλῶσσα</span> <span class='ocrx_word' id='word_1_478' title='bbox 1827 3536 2049 3602; x_wconf 87' lang='lat' dir='ltr'><strong>dicitur,</strong></span> <span class='ocrx_word' id='word_1_479' title='bbox 2076 3532 2229 3606; x_wconf 77' lang='grc' dir='ltr'>παρὰ</span> 
     </span>
    </p>
   </div>
   <div class='ocr_carea' id='block_1_65' title="bbox 642 3626 2228 3712">
    <p class='ocr_par' dir='ltr' id='par_1_65' title="bbox 642 3626 2228 3712">
     <span class='ocr_line' id='line_1_65' title="bbox 642 3626 2228 3712; baseline -0.016 -6"><span class='ocrx_word' id='word_1_480' title='bbox 642 3651 704 3705; x_wconf 80' lang='grc' dir='ltr'>τὸ</span> <span class='ocrx_word' id='word_1_481' title='bbox 761 3644 974 3712; x_wconf 79' lang='grc' dir='ltr'>κλώθω,</span> <span class='ocrx_word' id='word_1_482' title='bbox 1027 3660 1057 3697; x_wconf 88' lang='lat' dir='ltr'><strong>a</strong></span> <span class='ocrx_word' id='word_1_483' title='bbox 1098 3634 1544 3708; x_wconf 89' lang='lat' dir='ltr'><strong>circumagendo,</strong></span> <span class='ocrx_word' id='word_1_484' title='bbox 1588 3631 1735 3704; x_wconf 89' lang='lat' dir='ltr'><strong>quod</strong></span> <span class='ocrx_word' id='word_1_485' title='bbox 1777 3631 1908 3686; x_wconf 89' lang='lat' dir='ltr'><strong>dnm</strong></span> <span class='ocrx_word' id='word_1_486' title='bbox 1964 3628 2084 3699; x_wconf 89' lang='lat' dir='ltr'><strong>ipsa</strong></span> <span class='ocrx_word' id='word_1_487' title='bbox 2117 3626 2228 3682; x_wconf 85' lang='lat' dir='ltr'><strong>cir-</strong></span> 
     </span>
    </p>
   </div>
   <div class='ocr_carea' id='block_1_66' title="bbox 641 3714 2230 3807">
    <p class='ocr_par' dir='ltr' id='par_1_66' title="bbox 641 3714 2230 3807">
     <span class='ocr_line' id='line_1_66' title="bbox 641 3714 2230 3807; baseline -0.018 -9"><span class='ocrx_word' id='word_1_488' title='bbox 641 3738 984 3807; x_wconf 82' lang='lat' dir='ltr'><strong>cumagitur,</strong></span> <span class='ocrx_word' id='word_1_489' title='bbox 1030 3718 1330 3787; x_wconf 60' lang='lat' dir='ltr'><strong>articulatm</strong></span> <span class='ocrx_word' id='word_1_490' title='bbox 1392 3725 1545 3780; x_wconf 75' lang='lat' dir='ltr'><strong>vocis</strong></span> <span class='ocrx_word' id='word_1_491' title='bbox 1595 3721 1916 3779; x_wconf 88' lang='lat' dir='ltr'><strong>constitutio</strong></span> <span class='ocrx_word' id='word_1_492' title='bbox 1956 3722 2069 3774; x_wconf 82' lang='lat' dir='ltr'><strong>tiat.</strong></span> <span class='ocrx_word' id='word_1_493' title='bbox 2130 3714 2230 3772; x_wconf 76' lang='lat' dir='ltr'><strong>Vel</strong></span> 
     </span>
    </p>
   </div>
   <div class='ocr_carea' id='block_1_67' title="bbox 644 3811 2230 3899">
    <p class='ocr_par' dir='ltr' id='par_1_67' title="bbox 644 3811 2230 3899">
     <span class='ocr_line' id='line_1_67' title="bbox 644 3811 2230 3899; baseline -0.015 -11"><span class='ocrx_word' id='word_1_494' title='bbox 644 3836 715 3888; x_wconf 87' lang='lat' dir='ltr'><strong>oh</strong></span> <span class='ocrx_word' id='word_1_495' title='bbox 774 3832 827 3887; x_wconf 87' lang='lat' dir='ltr'><strong>id</strong></span> <span class='ocrx_word' id='word_1_496' title='bbox 882 3828 1107 3899; x_wconf 78' lang='grc' dir='ltr'>γλῶσσα</span> <span class='ocrx_word' id='word_1_497' title='bbox 1154 3814 1535 3885; x_wconf 76' lang='grc' dir='ltr'>όίοίιιπ,οίον</span> <span class='ocrx_word' id='word_1_498' title='bbox 1575 3816 1820 3886; x_wconf 86' lang='grc' dir='ltr'>γνῶσσα,</span> <span class='ocrx_word' id='word_1_499' title='bbox 1879 3812 2026 3884; x_wconf 87' lang='lat' dir='ltr'><strong>quod</strong></span> <span class='ocrx_word' id='word_1_500' title='bbox 2075 3811 2230 3866; x_wconf 89' lang='lat' dir='ltr'><strong>vide-</strong></span> 
     </span>
    </p>
   </div>
   <div class='ocr_carea' id='block_1_68' title="bbox 645 3902 2230 3991">
    <p class='ocr_par' dir='ltr' id='par_1_68' title="bbox 645 3902 2230 3991">
     <span class='ocr_line' id='line_1_68' title="bbox 645 3902 2230 3991; baseline -0.013 -15"><span class='ocrx_word' id='word_1_501' title='bbox 645 3925 770 3979; x_wconf 86' lang='lat' dir='ltr'><strong>licet</strong></span> <span class='ocrx_word' id='word_1_502' title='bbox 817 3922 1104 3991; x_wconf 83' lang='lat' dir='ltr'><strong>dignoscat</strong></span> <span class='ocrx_word' id='word_1_503' title='bbox 1160 3910 1733 3984; x_wconf 81' lang='lat' dir='ltr'><strong>comprehendatque;</strong></span> <span class='ocrx_word' id='word_1_504' title='bbox 1783 3907 1904 3975; x_wconf 88' lang='lat' dir='ltr'><strong>ipsa</strong></span> <span class='ocrx_word' id='word_1_505' title='bbox 1954 3902 2129 3968; x_wconf 89' lang='lat' dir='ltr'><strong>enim,</strong></span> <span class='ocrx_word' id='word_1_506' title='bbox 2166 3909 2230 3955; x_wconf 91' lang='lat' dir='ltr'><strong>ut</strong></span> 
     </span>
    </p>
   </div>
   <div class='ocr_carea' id='block_1_69' title="bbox 647 3991 2233 4084">
    <p class='ocr_par' dir='ltr' id='par_1_69' title="bbox 647 3991 2233 4084">
     <span class='ocr_line' id='line_1_69' title="bbox 647 3991 2233 4084; baseline -0.015 -14"><span class='ocrx_word' id='word_1_507' title='bbox 647 4030 821 4084; x_wconf 87' lang='lat' dir='ltr'><strong>nuper</strong></span> <span class='ocrx_word' id='word_1_508' title='bbox 867 4007 1281 4080; x_wconf 76' lang='lat' dir='ltr'><strong>explicavimus,</strong></span> <span class='ocrx_word' id='word_1_509' title='bbox 1314 4000 1605 4073; x_wconf 85' lang='lat' dir='ltr'><strong>cujuslibet</strong></span> <span class='ocrx_word' id='word_1_510' title='bbox 1637 3998 1851 4068; x_wconf 79' lang='lat' dir='ltr'><strong>saporis</strong></span> <span class='ocrx_word' id='word_1_511' title='bbox 1890 4010 2062 4066; x_wconf 87' lang='lat' dir='ltr'><strong>genus</strong></span> <span class='ocrx_word' id='word_1_512' title='bbox 2087 3991 2233 4064; x_wconf 89' lang='lat' dir='ltr'><strong>quod</strong></span> 
     </span>
    </p>
   </div>
   <div class='ocr_carea' id='block_1_70' title="bbox 647 4086 2233 4177">
    <p class='ocr_par' dir='ltr' id='par_1_70' title="bbox 647 4086 2233 4177">
     <span class='ocr_line' id='line_1_70' title="bbox 647 4086 2233 4177; baseline -0.013 -18"><span class='ocrx_word' id='word_1_513' title='bbox 647 4109 768 4177; x_wconf 83' lang='lat' dir='ltr'><strong>ejus</strong></span> <span class='ocrx_word' id='word_1_514' title='bbox 823 4102 1100 4174; x_wconf 89' lang='lat' dir='ltr'><strong>peculiare</strong></span> <span class='ocrx_word' id='word_1_515' title='bbox 1129 4097 1361 4151; x_wconf 85' lang='lat' dir='ltr'><strong>habetur</strong></span> <span class='ocrx_word' id='word_1_516' title='bbox 1413 4090 1697 4148; x_wconf 88' lang='lat' dir='ltr'><strong>discernit.</strong></span> <span class='ocrx_word' id='word_1_517' title='bbox 1756 4087 2073 4147; x_wconf 87' lang='lat' dir='ltr'><strong>Enimvero.</strong></span> <span class='ocrx_word' id='word_1_518' title='bbox 2126 4086 2233 4140; x_wconf 87' lang='lat' dir='ltr'><strong>hoc</strong></span> 
     </span>
    </p>
   </div>
   <div class='ocr_carea' id='block_1_71' title="bbox 640 4174 2232 4254">
    <p class='ocr_par' dir='ltr' id='par_1_71' title="bbox 640 4174 2232 4254">
     <span class='ocr_line' id='line_1_71' title="bbox 640 4174 2232 4254; baseline -0.016 0"><span class='ocrx_word' id='word_1_519' title='bbox 640 4174 956 4254; x_wconf 74' lang='lat' dir='ltr'><strong>sensorium</strong></span> <span class='ocrx_word' id='word_1_520' title='bbox 989 4190 1220 4247; x_wconf 87' lang='lat' dir='ltr'><strong>atribus</strong></span> <span class='ocrx_word' id='word_1_521' title='bbox 1255 4185 1379 4241; x_wconf 85' lang='lat' dir='ltr'><strong>aliis</strong></span> <span class='ocrx_word' id='word_1_522' title='bbox 1414 4183 1711 4249; x_wconf 85' lang='lat' dir='ltr'><strong>discrepat,</strong></span> <span class='ocrx_word' id='word_1_523' title='bbox 1740 4179 1795 4233; x_wconf 92' lang='lat' dir='ltr'><strong>in</strong></span> <span class='ocrx_word' id='word_1_524' title='bbox 1822 4193 1913 4243; x_wconf 80' lang='lat' dir='ltr'><strong>eo,</strong></span> <span class='ocrx_word' id='word_1_525' title='bbox 1965 4175 2113 4248; x_wconf 86' lang='lat' dir='ltr'><strong>quod</strong></span> <span class='ocrx_word' id='word_1_526' title='bbox 2148 4174 2232 4230; x_wconf 86' lang='lat' dir='ltr'><strong>vi-</strong></span> 
     </span>
    </p>
   </div>
   <div class='ocr_carea' id='block_1_72' title="bbox 648 4265 2232 4348">
    <p class='ocr_par' dir='ltr' id='par_1_72' title="bbox 648 4265 2232 4348">
     <span class='ocr_line' id='line_1_72' title="bbox 648 4265 2232 4348; baseline -0.015 -3"><span class='ocrx_word' id='word_1_527' title='bbox 648 4305 767 4348; x_wconf 86' lang='lat' dir='ltr'><strong>sus.</strong></span> <span class='ocrx_word' id='word_1_528' title='bbox 800 4286 1036 4341; x_wconf 82' lang='lat' dir='ltr'><strong>elfactus</strong></span> <span class='ocrx_word' id='word_1_529' title='bbox 1080 4280 1411 4346; x_wconf 89' lang='lat' dir='ltr'><strong>auditusque</strong></span> <span class='ocrx_word' id='word_1_530' title='bbox 1436 4274 1672 4338; x_wconf 86' lang='lat' dir='ltr'><strong>eminus,</strong></span> <span class='ocrx_word' id='word_1_531' title='bbox 1705 4286 1771 4327; x_wconf 89' lang='lat' dir='ltr'><strong>ac</strong></span> <span class='ocrx_word' id='word_1_532' title='bbox 1807 4270 2009 4340; x_wconf 84' lang='lat' dir='ltr'><strong>ubique</strong></span> <span class='ocrx_word' id='word_1_533' title='bbox 2053 4265 2232 4324; x_wconf 84' lang='lat' dir='ltr'><strong>sensi-</strong></span> 
     </span>
    </p>
   </div>
   <div class='ocr_carea' id='block_1_73' title="bbox 650 4362 2232 4446">
    <p class='ocr_par' dir='ltr' id='par_1_73' title="bbox 650 4362 2232 4446">
     <span class='ocr_line' id='line_1_73' title="bbox 650 4362 2232 4446; baseline -0.012 -12"><span class='ocrx_word' id='word_1_534' title='bbox 650 4381 802 4443; x_wconf 72' lang='lat' dir='ltr'><strong>liilia,</strong></span> <span class='ocrx_word' id='word_1_535' title='bbox 826 4390 948 4446; x_wconf 73' lang='lat' dir='ltr'><strong>qua:</strong></span> <span class='ocrx_word' id='word_1_536' title='bbox 972 4372 1170 4440; x_wconf 79' lang='lat' dir='ltr'><strong>cuique</strong></span> <span class='ocrx_word' id='word_1_537' title='bbox 1193 4367 1701 4429; x_wconf 87' lang='lat' dir='ltr'><strong>accommodantur,</strong></span> <span class='ocrx_word' id='word_1_538' title='bbox 1746 4362 2186 4417; x_wconf 84' lang='lat' dir='ltr'><strong>animadvertunt</strong></span> <span class='ocrx_word' id='word_1_539' title='bbox 2214 4375 2232 4415; x_wconf 92' lang='lat'><strong>:</strong></span> 
     </span>
    </p>
   </div>
   <div class='ocr_carea' id='block_1_74' title="bbox 647 4454 2237 4538">
    <p class='ocr_par' dir='ltr' id='par_1_74' title="bbox 647 4454 2237 4538">
     <span class='ocr_line' id='line_1_74' title="bbox 647 4454 2237 4538; baseline -0.015 -12"><span class='ocrx_word' id='word_1_540' title='bbox 647 4468 885 4538; x_wconf 80' lang='lat' dir='ltr'><strong>exempli</strong></span> <span class='ocrx_word' id='word_1_541' title='bbox 938 4464 1135 4534; x_wconf 86' lang='lat' dir='ltr'><strong>gratia,</strong></span> <span class='ocrx_word' id='word_1_542' title='bbox 1170 4461 1347 4523; x_wconf 87' lang='lat' dir='ltr'><strong>visus,</strong></span> <span class='ocrx_word' id='word_1_543' title='bbox 1386 4472 1509 4528; x_wconf 66' lang='lat' dir='ltr'><strong>quae</strong></span> <span class='ocrx_word' id='word_1_544' title='bbox 1550 4455 1845 4526; x_wconf 88' lang='lat' dir='ltr'><strong>plurimum</strong></span> <span class='ocrx_word' id='word_1_545' title='bbox 1878 4454 2083 4507; x_wconf 83' lang='lat' dir='ltr'><strong>distant</strong></span> <span class='ocrx_word' id='word_1_546' title='bbox 2109 4464 2237 4520; x_wconf 59' lang='lat' dir='ltr'><strong>pro.</strong></span> 
     </span>
    </p>
   </div>
   <div class='ocr_carea' id='block_1_75' title="bbox 2330 3266 3432 3342">
    <p class='ocr_par' dir='ltr' id='par_1_75' title="bbox 2330 3266 3432 3342">
     <span class='ocr_line' id='line_1_75' title="bbox 2330 3266 3432 3342; baseline -0.007 -14"><span class='ocrx_word' id='word_1_547' title='bbox 2330 3270 2457 3327; x_wconf 87' lang='grc' dir='ltr'>σθαι</span> <span class='ocrx_word' id='word_1_548' title='bbox 2481 3271 2505 3304; x_wconf 84' lang='grc'>⁸</span> <span class='ocrx_word' id='word_1_549' title='bbox 2529 3287 2543 3301; x_wconf 90' lang='grc'><strong>·</strong></span> <span class='ocrx_word' id='word_1_550' title='bbox 2576 3273 2610 3342; x_wconf 80' lang='grc' dir='ltr'><strong>ή</strong></span> <span class='ocrx_word' id='word_1_551' title='bbox 2642 3270 2730 3324; x_wconf 74' lang='grc' dir='ltr'><strong>ἀεὶ</strong></span> <span class='ocrx_word' id='word_1_552' title='bbox 2756 3268 3030 3340; x_wconf 82' lang='grc' dir='ltr'>ἁλλομένη</span> <span class='ocrx_word' id='word_1_553' title='bbox 3058 3268 3156 3322; x_wconf 77' lang='grc' dir='ltr'><strong>καὶ</strong></span> <span class='ocrx_word' id='word_1_554' title='bbox 3183 3266 3432 3339; x_wconf 84' lang='grc' dir='ltr'>πηδῶσα.</span> 
     </span>
    </p>
   </div>
   <div class='ocr_carea' id='block_1_76' title="bbox 2402 3524 3918 3598">
    <p class='ocr_par' dir='ltr' id='par_1_76' title="bbox 2402 3524 3918 3598">
     <span class='ocr_line' id='line_1_76' title="bbox 2402 3524 3918 3598; baseline -0.004 -16"><span class='ocrx_word' id='word_1_555' title='bbox 2402 3528 2637 3597; x_wconf 77' lang='grc' dir='ltr'>Λέγεται</span> <span class='ocrx_word' id='word_1_556' title='bbox 2660 3525 2719 3581; x_wconf 79' lang='grc' dir='ltr'>δὲ</span> <span class='ocrx_word' id='word_1_557' title='bbox 2740 3524 2994 3596; x_wconf 73' lang='grc' dir='ltr'>γλῶσσα</span> <span class='ocrx_word' id='word_1_558' title='bbox 3008 3525 3164 3598; x_wconf 83' lang='grc' dir='ltr'>παρὰ</span> <span class='ocrx_word' id='word_1_559' title='bbox 3188 3524 3252 3579; x_wconf 78' lang='grc' dir='ltr'>τὸ</span> <span class='ocrx_word' id='word_1_560' title='bbox 3270 3524 3486 3579; x_wconf 78' lang='grc' dir='ltr'>κλώθω·</span> <span class='ocrx_word' id='word_1_561' title='bbox 3522 3525 3874 3597; x_wconf 82' lang='grc' dir='ltr'>κλωθομένης</span> <span class='ocrx_word' id='word_1_562' title='bbox 3892 3525 3918 3560; x_wconf 79' lang='grc'><strong>⁸</strong></span> 
     </span>
    </p>
   </div>
   <div class='ocr_carea' id='block_1_77' title="bbox 2327 3615 3914 3692">
    <p class='ocr_par' dir='ltr' id='par_1_77' title="bbox 2327 3615 3914 3692">
     <span class='ocr_line' id='line_1_77' title="bbox 2327 3615 3914 3692; baseline -0.003 -19"><span class='ocrx_word' id='word_1_563' title='bbox 2327 3617 2439 3692; x_wconf 76' lang='grc' dir='ltr'><strong>γὰρ</strong></span> <span class='ocrx_word' id='word_1_564' title='bbox 2490 3617 2663 3689; x_wconf 79' lang='grc' dir='ltr'>αὐτῆς</span> <span class='ocrx_word' id='word_1_565' title='bbox 2700 3619 2733 3689; x_wconf 80' lang='grc' dir='ltr'><strong>η</strong></span> <span class='ocrx_word' id='word_1_566' title='bbox 2782 3616 3052 3689; x_wconf 71' lang='grc' dir='ltr'>ἔναρθρος</span> <span class='ocrx_word' id='word_1_567' title='bbox 3094 3618 3251 3689; x_wconf 83' lang='grc' dir='ltr'>φωνὴ</span> <span class='ocrx_word' id='word_1_568' title='bbox 3283 3618 3665 3672; x_wconf 60' lang='lat' dir='ltr'><strong>(inculatur</strong></span> <span class='ocrx_word' id='word_1_569' title='bbox 3719 3617 3752 3688; x_wconf 76' lang='grc' dir='ltr'>ἢ</span> <span class='ocrx_word' id='word_1_570' title='bbox 3784 3615 3914 3683; x_wconf 67' lang='grc' dir='ltr'>οἷον,</span> 
     </span>
    </p>
   </div>
   <div class='ocr_carea' id='block_1_78' title="bbox 2330 3707 3918 3779">
    <p class='ocr_par' dir='ltr' id='par_1_78' title="bbox 2330 3707 3918 3779">
     <span class='ocr_line' id='line_1_78' title="bbox 2330 3707 3918 3779; baseline -0.001 -17"><span class='ocrx_word' id='word_1_571' title='bbox 2330 3708 2583 3778; x_wconf 71' lang='grc' dir='ltr'>γνῶσσα*</span> <span class='ocrx_word' id='word_1_572' title='bbox 2624 3709 2997 3778; x_wconf 77' lang='grc' dir='ltr'>διαγνωστικὴ</span> <span class='ocrx_word' id='word_1_573' title='bbox 3041 3709 3153 3779; x_wconf 85' lang='grc' dir='ltr'><strong>γάρ</strong></span> <span class='ocrx_word' id='word_1_574' title='bbox 3186 3711 3304 3762; x_wconf 72' lang='grc' dir='ltr'>ἔστι</span> <span class='ocrx_word' id='word_1_575' title='bbox 3339 3707 3452 3761; x_wconf 82' lang='grc' dir='ltr'><strong>τῶν</strong></span> <span class='ocrx_word' id='word_1_576' title='bbox 3481 3710 3542 3761; x_wconf 72' lang='grc' dir='ltr'><strong>έν</strong></span> <span class='ocrx_word' id='word_1_577' title='bbox 3575 3712 3689 3774; x_wconf 84' lang='grc' dir='ltr'>τοῖς</span> <span class='ocrx_word' id='word_1_578' title='bbox 3723 3711 3918 3779; x_wconf 80' lang='grc' dir='ltr'>χυμοῖς</span> 
     </span>
    </p>
   </div>
   <div class='ocr_carea' id='block_1_79' title="bbox 2335 3799 3911 3873">
    <p class='ocr_par' dir='ltr' id='par_1_79' title="bbox 2335 3799 3911 3873">
     <span class='ocr_line' id='line_1_79' title="bbox 2335 3799 3911 3873; baseline 0 -19"><span class='ocrx_word' id='word_1_579' title='bbox 2335 3801 2670 3872; x_wconf 83' lang='grc' dir='ltr'>ίδιωμάτων,</span> <span class='ocrx_word' id='word_1_580' title='bbox 2709 3799 2893 3863; x_wconf 86' lang='grc' dir='ltr'>καθὼς</span> <span class='ocrx_word' id='word_1_581' title='bbox 2940 3801 3042 3872; x_wconf 72' lang='grc' dir='ltr'>ἤδη</span> <span class='ocrx_word' id='word_1_582' title='bbox 3077 3800 3317 3871; x_wconf 84' lang='grc' dir='ltr'>εἴρηται.</span> <span class='ocrx_word' id='word_1_583' title='bbox 3352 3800 3501 3872; x_wconf 81' lang='grc' dir='ltr'>Πλὴν</span> <span class='ocrx_word' id='word_1_584' title='bbox 3530 3803 3580 3873; x_wconf 75' lang='grc' dir='ltr'><strong>’ἡ</strong></span> <span class='ocrx_word' id='word_1_585' title='bbox 3620 3801 3722 3872; x_wconf 85' lang='grc' dir='ltr'>μὲν</span> <span class='ocrx_word' id='word_1_586' title='bbox 3748 3802 3876 3871; x_wconf 72' lang='grc' dir='ltr'>ὄψις</span> <span class='ocrx_word' id='word_1_587' title='bbox 3897 3842 3911 3865; x_wconf 94' lang='grc'><strong>,</strong></span> 
     </span>
    </p>
   </div>
   <div class='ocr_carea' id='block_1_80' title="bbox 2333 3890 3916 3963">
    <p class='ocr_par' dir='ltr' id='par_1_80' title="bbox 2333 3890 3916 3963">
     <span class='ocr_line' id='line_1_80' title="bbox 2333 3890 3916 3963; baseline -0.003 -16"><span class='ocrx_word' id='word_1_588' title='bbox 2333 3893 2429 3947; x_wconf 74' lang='grc' dir='ltr'><strong>καὶ</strong></span> <span class='ocrx_word' id='word_1_589' title='bbox 2454 3892 2725 3963; x_wconf 67' lang='grc' dir='ltr'>ὄσφρησις</span> <span class='ocrx_word' id='word_1_590' title='bbox 2749 3930 2764 3955; x_wconf 88' lang='grc'><strong>,</strong></span> <span class='ocrx_word' id='word_1_591' title='bbox 2797 3892 2893 3946; x_wconf 79' lang='grc' dir='ltr'><strong>καὶ</strong></span> <span class='ocrx_word' id='word_1_592' title='bbox 2937 3892 3077 3962; x_wconf 78' lang='grc' dir='ltr'><strong>ἀκοὴ</strong></span> <span class='ocrx_word' id='word_1_593' title='bbox 3117 3890 3409 3963; x_wconf 79' lang='grc' dir='ltr'>πόρρωθεν</span> <span class='ocrx_word' id='word_1_594' title='bbox 3451 3891 3548 3945; x_wconf 74' lang='grc' dir='ltr'><strong>καὶ</strong></span> <span class='ocrx_word' id='word_1_595' title='bbox 3578 3891 3916 3960; x_wconf 75' lang='grc' dir='ltr'>πανταχόθεν</span> 
     </span>
    </p>
   </div>
   <div class='ocr_carea' id='block_1_81' title="bbox 2333 3976 3919 4053">
    <p class='ocr_par' dir='ltr' id='par_1_81' title="bbox 2333 3976 3919 4053">
     <span class='ocr_line' id='line_1_81' title="bbox 2333 3976 3919 4053; baseline -0.003 -16"><span class='ocrx_word' id='word_1_596' title='bbox 2333 3984 2442 4037; x_wconf 85' lang='grc' dir='ltr'>τῶν</span> <span class='ocrx_word' id='word_1_597' title='bbox 2479 3984 2626 4036; x_wconf 75' lang='grc' dir='ltr'>ἰδίων</span> <span class='ocrx_word' id='word_1_598' title='bbox 2656 3982 2933 4052; x_wconf 73' lang='grc' dir='ltr'>αἰσθητῶν</span> <span class='ocrx_word' id='word_1_599' title='bbox 2967 3981 3463 4053; x_wconf 77' lang='grc' dir='ltr'>ἀντιλαμϐάνονται</span> <span class='ocrx_word' id='word_1_600' title='bbox 3482 3997 3498 4013; x_wconf 82' lang='lat'><strong>&#39;</strong></span> <span class='ocrx_word' id='word_1_601' title='bbox 3526 3976 3661 4043; x_wconf 79' lang='grc' dir='ltr'>οἷον,</span> <span class='ocrx_word' id='word_1_602' title='bbox 3690 3982 3793 4053; x_wconf 76' lang='grc' dir='ltr'><strong>ὁρᾷ</strong></span> <span class='ocrx_word' id='word_1_603' title='bbox 3826 3984 3919 4036; x_wconf 71' lang='grc' dir='ltr'><strong>καὶ</strong></span> 
     </span>
    </p>
   </div>
   <div class='ocr_carea' id='block_1_82' title="bbox 2338 4074 3917 4148">
    <p class='ocr_par' dir='ltr' id='par_1_82' title="bbox 2338 4074 3917 4148">
     <span class='ocr_line' id='line_1_82' title="bbox 2338 4074 3917 4148; baseline -0.003 -16"><span class='ocrx_word' id='word_1_604' title='bbox 2338 4076 2614 4148; x_wconf 79' lang='grc' dir='ltr'>μάκροθεν</span> <span class='ocrx_word' id='word_1_605' title='bbox 2653 4078 2687 4146; x_wconf 76' lang='grc' dir='ltr'><strong>ἡ</strong></span> <span class='ocrx_word' id='word_1_606' title='bbox 2719 4074 2864 4145; x_wconf 72' lang='grc' dir='ltr'>ὄψις,</span> <span class='ocrx_word' id='word_1_607' title='bbox 2897 4076 2992 4129; x_wconf 67' lang='grc' dir='ltr'><strong>καὶ</strong></span> <span class='ocrx_word' id='word_1_608' title='bbox 3023 4076 3057 4147; x_wconf 80' lang='grc' dir='ltr'>ἡ</span> <span class='ocrx_word' id='word_1_609' title='bbox 3087 4076 3360 4148; x_wconf 73' lang='grc' dir='ltr'>δσφρησις</span> <span class='ocrx_word' id='word_1_610' title='bbox 3396 4076 3791 4147; x_wconf 85' lang='grc' dir='ltr'>δσφραίνεται,</span> <span class='ocrx_word' id='word_1_611' title='bbox 3826 4077 3917 4129; x_wconf 82' lang='grc' dir='ltr'><strong>καὶ</strong></span> 
     </span>
    </p>
   </div>
   <div class='ocr_carea' id='block_1_83' title="bbox 2333 4166 3921 4241">
    <p class='ocr_par' dir='ltr' id='par_1_83' title="bbox 2333 4166 3921 4241">
     <span class='ocr_line' id='line_1_83' title="bbox 2333 4166 3921 4241; baseline -0.001 -18"><span class='ocrx_word' id='word_1_612' title='bbox 2333 4173 2367 4241; x_wconf 80' lang='grc' dir='ltr'>ἠ</span> <span class='ocrx_word' id='word_1_613' title='bbox 2400 4170 2541 4240; x_wconf 81' lang='grc' dir='ltr'><strong>ἀκοὴ</strong></span> <span class='ocrx_word' id='word_1_614' title='bbox 2574 4168 2914 4232; x_wconf 77' lang='grc' dir='ltr'>ὲνωτίζεται·</span> <span class='ocrx_word' id='word_1_615' title='bbox 2948 4169 3064 4238; x_wconf 77' lang='grc' dir='ltr'><strong>ἁφὴ</strong></span> <span class='ocrx_word' id='word_1_616' title='bbox 3107 4168 3166 4222; x_wconf 72' lang='grc' dir='ltr'>δὲ</span> <span class='ocrx_word' id='word_1_617' title='bbox 3209 4168 3306 4223; x_wconf 76' lang='grc' dir='ltr'>καὶ</span> <span class='ocrx_word' id='word_1_618' title='bbox 3356 4166 3549 4236; x_wconf 76' lang='grc' dir='ltr'>γεῦσις</span> <span class='ocrx_word' id='word_1_619' title='bbox 3587 4168 3711 4221; x_wconf 85' lang='grc' dir='ltr'>τότε</span> <span class='ocrx_word' id='word_1_620' title='bbox 3759 4168 3921 4239; x_wconf 73' lang='grc' dir='ltr'>μόνον</span> 
     </span>
    </p>
   </div>
   <div class='ocr_carea' id='block_1_84' title="bbox 2334 4260 3919 4332">
    <p class='ocr_par' dir='ltr' id='par_1_84' title="bbox 2334 4260 3919 4332">
     <span class='ocr_line' id='line_1_84' title="bbox 2334 4260 3919 4332; baseline -0.004 -13"><span class='ocrx_word' id='word_1_621' title='bbox 2334 4263 2706 4325; x_wconf 76' lang='grc' dir='ltr'>αίσθάνονται,</span> <span class='ocrx_word' id='word_1_622' title='bbox 2741 4263 2871 4316; x_wconf 85' lang='grc' dir='ltr'>ὅταν</span> <span class='ocrx_word' id='word_1_623' title='bbox 2900 4261 3254 4332; x_wconf 84' lang='grc' dir='ltr'>πλησιάσωσι</span> <span class='ocrx_word' id='word_1_624' title='bbox 3277 4265 3394 4327; x_wconf 85' lang='grc' dir='ltr'>τοῖς</span> <span class='ocrx_word' id='word_1_625' title='bbox 3426 4261 3581 4324; x_wconf 75' lang='grc' dir='ltr'>ἰδίοις</span> <span class='ocrx_word' id='word_1_626' title='bbox 3612 4260 3919 4331; x_wconf 75' lang='grc' dir='ltr'>αἰσθητοῖς.</span> 
     </span>
    </p>
   </div>
   <div class='ocr_carea' id='block_1_85' title="bbox 2333 4351 3921 4427">
    <p class='ocr_par' dir='ltr' id='par_1_85' title="bbox 2333 4351 3921 4427">
     <span class='ocr_line' id='line_1_85' title="bbox 2333 4351 3921 4427; baseline -0.002 -17"><span class='ocrx_word' id='word_1_627' title='bbox 2333 4357 2402 4410; x_wconf 79' lang='grc' dir='ltr'>Δί</span> <span class='ocrx_word' id='word_1_628' title='bbox 2436 4356 2535 4427; x_wconf 81' lang='grc' dir='ltr'>μὲν</span> <span class='ocrx_word' id='word_1_629' title='bbox 2567 4351 2664 4409; x_wconf 80' lang='grc' dir='ltr'>οὖν</span> <span class='ocrx_word' id='word_1_630' title='bbox 2693 4354 2942 4424; x_wconf 85' lang='grc' dir='ltr'>γλώττης</span> <span class='ocrx_word' id='word_1_631' title='bbox 2973 4358 3157 4425; x_wconf 80' lang='grc' dir='ltr'>χρεῖαι</span> <span class='ocrx_word' id='word_1_632' title='bbox 3195 4355 3290 4409; x_wconf 72' lang='grc' dir='ltr'><strong>καὶ</strong></span> <span class='ocrx_word' id='word_1_633' title='bbox 3334 4354 3615 4425; x_wconf 75' lang='grc' dir='ltr'>ἐνέργειαι</span> <span class='ocrx_word' id='word_1_634' title='bbox 3649 4354 3921 4426; x_wconf 73' lang='grc' dir='ltr'>εἴρηνται,</span> 
     </span>
    </p>
   </div>
   <div class='ocr_carea' id='block_1_86' title="bbox 2335 4446 3922 4519">
    <p class='ocr_par' dir='ltr' id='par_1_86' title="bbox 2335 4446 3922 4519">
     <span class='ocr_line' id='line_1_86' title="bbox 2335 4446 3922 4519; baseline -0.002 -18"><span class='ocrx_word' id='word_1_635' title='bbox 2335 4448 2420 4502; x_wconf 82' lang='grc' dir='ltr'><strong>δτι</strong></span> <span class='ocrx_word' id='word_1_636' title='bbox 2450 4448 2588 4519; x_wconf 88' lang='grc' dir='ltr'>πρός</span> <span class='ocrx_word' id='word_1_637' title='bbox 2623 4464 2686 4501; x_wconf 88' lang='grc' dir='ltr'><strong>τε</strong></span> <span class='ocrx_word' id='word_1_638' title='bbox 2714 4447 2818 4519; x_wconf 78' lang='grc' dir='ltr'>τὴν</span> <span class='ocrx_word' id='word_1_639' title='bbox 2850 4447 3037 4514; x_wconf 81' lang='grc' dir='ltr'>φωνὴν</span> <span class='ocrx_word' id='word_1_640' title='bbox 3062 4446 3162 4501; x_wconf 78' lang='grc' dir='ltr'><strong>καὶ</strong></span> <span class='ocrx_word' id='word_1_641' title='bbox 3192 4446 3296 4517; x_wconf 79' lang='grc' dir='ltr'>τὴν</span> <span class='ocrx_word' id='word_1_642' title='bbox 3333 4447 3640 4510; x_wconf 81' lang='grc' dir='ltr'>διάλεκτον,</span> <span class='ocrx_word' id='word_1_643' title='bbox 3683 4446 3778 4499; x_wconf 77' lang='grc' dir='ltr'><strong>καὶ</strong></span> <span class='ocrx_word' id='word_1_644' title='bbox 3824 4447 3922 4517; x_wconf 77' lang='grc' dir='ltr'>τὴν</span> 
     </span>
    </p>
   </div>
   <div class='ocr_carea' id='block_1_87' title="bbox 649 4537 2227 4643">
    <p class='ocr_par' dir='ltr' id='par_1_87' title="bbox 649 4537 2227 4643">
     <span class='ocr_line' id='line_1_87' title="bbox 649 4537 2227 4643; baseline -0.014 -24"><span class='ocrx_word' id='word_1_645' title='bbox 649 4564 861 4643; x_wconf 81' lang='lat' dir='ltr'><strong>spicere</strong></span> <span class='ocrx_word' id='word_1_646' title='bbox 918 4558 1149 4612; x_wconf 84' lang='lat' dir='ltr'><strong>idoneus</strong></span> <span class='ocrx_word' id='word_1_647' title='bbox 1208 4552 1479 4615; x_wconf 82' lang='lat' dir='ltr'><strong>habetur;</strong></span> <span class='ocrx_word' id='word_1_648' title='bbox 1522 4546 1776 4613; x_wconf 76' lang='lat' dir='ltr'><strong>olfactus,</strong></span> <span class='ocrx_word' id='word_1_649' title='bbox 1816 4538 2056 4599; x_wconf 74' lang='lat' dir='ltr'><strong>remotas</strong></span> <span class='ocrx_word' id='word_1_650' title='bbox 2111 4557 2145 4597; x_wconf 94' lang='lat' dir='ltr'><strong>a</strong></span> <span class='ocrx_word' id='word_1_651' title='bbox 2176 4556 2227 4597; x_wconf 78' lang='lat' dir='ltr'><strong>se</strong></span> 
     </span>
    </p>
   </div>
   <div class='ocr_carea' id='block_1_88' title="bbox 2325 4537 3921 4643">
    <p class='ocr_par' dir='ltr' id='par_1_88' title="bbox 2337 4538 3921 4610">
     <span class='ocr_line' id='line_1_88' title="bbox 2337 4538 3921 4610; baseline -0.001 -17"><span class='ocrx_word' id='word_1_652' title='bbox 2337 4542 2551 4609; x_wconf 80' lang='grc' dir='ltr'>γεῦσιν,</span> <span class='ocrx_word' id='word_1_653' title='bbox 2596 4540 2694 4594; x_wconf 61' lang='grc' dir='ltr'><strong>καὶ¹</strong></span> <span class='ocrx_word' id='word_1_654' title='bbox 2734 4539 2839 4610; x_wconf 71' lang='grc' dir='ltr'>τὴν</span> <span class='ocrx_word' id='word_1_655' title='bbox 2881 4538 3221 4610; x_wconf 64' lang='grc' dir='ltr'>διαμάσησιν</span> <span class='ocrx_word' id='word_1_656' title='bbox 3245 4539 3267 4571; x_wconf 75' lang='grc'><strong>⁷</strong></span> <span class='ocrx_word' id='word_1_657' title='bbox 3315 4540 3350 4609; x_wconf 79' lang='grc' dir='ltr'><strong>ἡ</strong></span> <span class='ocrx_word' id='word_1_658' title='bbox 3382 4540 3452 4594; x_wconf 82' lang='grc' dir='ltr'><strong>τά</strong></span> <span class='ocrx_word' id='word_1_659' title='bbox 3481 4538 3665 4592; x_wconf 85' lang='grc' dir='ltr'>πάντα</span> <span class='ocrx_word' id='word_1_660' title='bbox 3713 4538 3921 4592; x_wconf 85' lang='grc' dir='ltr'>οίκονο-</span> 
     </span>
    </p>
   </div>
   <div class='ocr_carea' id='block_1_89' title="bbox 650 4629 2227 4720">
    <p class='ocr_par' dir='ltr' id='par_1_89' title="bbox 650 4629 2227 4720">
     <span class='ocr_line' id='line_1_89' title="bbox 650 4629 2227 4720; baseline -0.01 -14"><span class='ocrx_word' id='word_1_661' title='bbox 650 4629 851 4707; x_wconf 73' lang='lat' dir='ltr'><strong>odores</strong></span> <span class='ocrx_word' id='word_1_662' title='bbox 889 4645 1247 4720; x_wconf 82' lang='lat' dir='ltr'><strong>deprehendit</strong></span> <span class='ocrx_word' id='word_1_663' title='bbox 1307 4652 1362 4699; x_wconf 86' lang='lat' dir='ltr'><strong>et</strong></span> <span class='ocrx_word' id='word_1_664' title='bbox 1415 4642 1570 4697; x_wconf 85' lang='lat' dir='ltr'><strong>auris</strong></span> <span class='ocrx_word' id='word_1_665' title='bbox 1620 4641 1751 4694; x_wconf 88' lang='lat' dir='ltr'><strong>item</strong></span> <span class='ocrx_word' id='word_1_666' title='bbox 1786 4637 2005 4693; x_wconf 85' lang='lat' dir='ltr'><strong>eminus</strong></span> <span class='ocrx_word' id='word_1_667' title='bbox 2060 4634 2227 4690; x_wconf 85' lang='lat' dir='ltr'><strong>audit.</strong></span> 
     </span>
    </p>
   </div>
   <div class='ocr_carea' id='block_1_90' title="bbox 2325 4629 3919 4720">
    <p class='ocr_par' dir='ltr' id='par_1_90' title="bbox 2335 4629 3919 4705">
     <span class='ocr_line' id='line_1_90' title="bbox 2335 4629 3919 4705; baseline -0.003 -18"><span class='ocrx_word' id='word_1_668' title='bbox 2335 4632 2513 4705; x_wconf 83' lang='grc' dir='ltr'>μοῦσα</span> <span class='ocrx_word' id='word_1_669' title='bbox 2544 4632 2778 4702; x_wconf 85' lang='grc' dir='ltr'>δύναμις</span> <span class='ocrx_word' id='word_1_670' title='bbox 2805 4631 3236 4704; x_wconf 65' lang='grc' dir='ltr'>ἐπιτηδειότητα</span> <span class='ocrx_word' id='word_1_671' title='bbox 3277 4631 3419 4703; x_wconf 73' lang='grc' dir='ltr'>αὐτῇ</span> <span class='ocrx_word' id='word_1_672' title='bbox 3451 4631 3767 4701; x_wconf 64' lang='grc' dir='ltr'>ἐχαρίσατω</span> <span class='ocrx_word' id='word_1_673' title='bbox 3808 4629 3919 4682; x_wconf 88' lang='grc' dir='ltr'>λοι-</span> 
     </span>
    </p>
   </div>
   <div class='ocr_carea' id='block_1_91' title="bbox 652 4722 2227 4804">
    <p class='ocr_par' dir='ltr' id='par_1_91' title="bbox 652 4724 2227 4804">
     <span class='ocr_line' id='line_1_91' title="bbox 652 4724 2227 4804; baseline -0.01 -8"><span class='ocrx_word' id='word_1_674' title='bbox 652 4742 769 4797; x_wconf 86' lang='lat' dir='ltr'><strong>lloc</strong></span> <span class='ocrx_word' id='word_1_675' title='bbox 797 4755 930 4797; x_wconf 80' lang='lat' dir='ltr'><strong>vero</strong></span> <span class='ocrx_word' id='word_1_676' title='bbox 977 4737 1307 4801; x_wconf 85' lang='lat' dir='ltr'><strong>sensorium,</strong></span> <span class='ocrx_word' id='word_1_677' title='bbox 1331 4732 1477 4804; x_wconf 92' lang='lat' dir='ltr'><strong>quod</strong></span> <span class='ocrx_word' id='word_1_678' title='bbox 1500 4739 1555 4787; x_wconf 92' lang='lat' dir='ltr'><strong>et</strong></span> <span class='ocrx_word' id='word_1_679' title='bbox 1582 4729 1652 4786; x_wconf 90' lang='lat' dir='ltr'><strong>de</strong></span> <span class='ocrx_word' id='word_1_680' title='bbox 1672 4736 1823 4784; x_wconf 86' lang='lat' dir='ltr'><strong>tactu</strong></span> <span class='ocrx_word' id='word_1_681' title='bbox 1851 4728 2087 4791; x_wconf 86' lang='lat' dir='ltr'><strong>diceres,</strong></span> <span class='ocrx_word' id='word_1_682' title='bbox 2127 4724 2227 4780; x_wconf 86' lang='lat' dir='ltr'><strong>nisi</strong></span> 
     </span>
    </p>
   </div>
   <div class='ocr_carea' id='block_1_92' title="bbox 2325 4722 3922 4804">
    <p class='ocr_par' dir='ltr' id='par_1_92' title="bbox 2334 4722 3922 4797">
     <span class='ocr_line' id='line_1_92' title="bbox 2334 4722 3922 4797; baseline -0.002 -17"><span class='ocrx_word' id='word_1_683' title='bbox 2334 4726 2436 4780; x_wconf 83' lang='grc' dir='ltr'><strong>πὺν</strong></span> <span class='ocrx_word' id='word_1_684' title='bbox 2464 4726 2669 4796; x_wconf 73' lang='grc' dir='ltr'>ἴδωμεν</span> <span class='ocrx_word' id='word_1_685' title='bbox 2698 4726 2795 4780; x_wconf 71' lang='grc' dir='ltr'><strong>καὶ</strong></span> <span class='ocrx_word' id='word_1_686' title='bbox 2838 4724 2950 4779; x_wconf 83' lang='grc' dir='ltr'><strong>τῶν</strong></span> <span class='ocrx_word' id='word_1_687' title='bbox 2976 4725 3209 4780; x_wconf 78' lang='grc' dir='ltr'>ὀδόντων</span> <span class='ocrx_word' id='word_1_688' title='bbox 3237 4723 3339 4795; x_wconf 78' lang='grc' dir='ltr'><strong>τὴν</strong></span> <span class='ocrx_word' id='word_1_689' title='bbox 3367 4722 3671 4797; x_wconf 81' lang='grc' dir='ltr'>σύμπηξιν,</span> <span class='ocrx_word' id='word_1_690' title='bbox 3700 4722 3796 4778; x_wconf 84' lang='grc' dir='ltr'><strong>καὶ</strong></span> <span class='ocrx_word' id='word_1_691' title='bbox 3823 4722 3922 4795; x_wconf 73' lang='grc' dir='ltr'>τὴν</span> 
     </span>
    </p>
   </div>
   <div class='ocr_carea' id='block_1_93' title="bbox 650 4815 2227 4895">
    <p class='ocr_par' dir='ltr' id='par_1_93' title="bbox 650 4818 2227 4895">
     <span class='ocr_line' id='line_1_93' title="bbox 650 4818 2227 4895; baseline -0.011 -6"><span class='ocrx_word' id='word_1_692' title='bbox 650 4832 887 4889; x_wconf 85' lang='lat' dir='ltr'><strong>admotis</strong></span> <span class='ocrx_word' id='word_1_693' title='bbox 948 4830 1183 4887; x_wconf 84' lang='lat' dir='ltr'><strong>sensatis</strong></span> <span class='ocrx_word' id='word_1_694' title='bbox 1238 4826 1293 4881; x_wconf 90' lang='lat' dir='ltr'><strong>in</strong></span> <span class='ocrx_word' id='word_1_695' title='bbox 1348 4823 1550 4895; x_wconf 77' lang='lat' dir='ltr'><strong>quibus</strong></span> <span class='ocrx_word' id='word_1_696' title='bbox 1598 4821 1780 4887; x_wconf 79' lang='lat' dir='ltr'><strong>ipsum</strong></span> <span class='ocrx_word' id='word_1_697' title='bbox 1827 4834 1989 4889; x_wconf 89' lang='lat' dir='ltr'><strong>agere</strong></span> <span class='ocrx_word' id='word_1_698' title='bbox 2043 4818 2227 4882; x_wconf 83' lang='lat' dir='ltr'><strong>valet,</strong></span> 
     </span>
    </p>
   </div>
   <div class='ocr_carea' id='block_1_94' title="bbox 2325 4815 3545 4895">
    <p class='ocr_par' dir='ltr' id='par_1_94' title="bbox 2336 4815 3545 4891">
     <span class='ocr_line' id='line_1_94' title="bbox 2336 4815 3545 4891; baseline 0 -19"><span class='ocrx_word' id='word_1_699' title='bbox 2336 4818 2521 4887; x_wconf 84' lang='grc' dir='ltr'>φύσιν,</span> <span class='ocrx_word' id='word_1_700' title='bbox 2558 4817 2657 4871; x_wconf 77' lang='grc' dir='ltr'><strong>καὶ</strong></span> <span class='ocrx_word' id='word_1_701' title='bbox 2689 4816 2791 4891; x_wconf 73' lang='grc' dir='ltr'><strong>τῂν</strong></span> <span class='ocrx_word' id='word_1_702' title='bbox 2818 4815 3128 4888; x_wconf 73' lang='grc' dir='ltr'>ινέργειαν.</span> <span class='ocrx_word' id='word_1_703' title='bbox 3522 4819 3545 4824; x_wconf 71' lang='grc'><strong>“</strong></span> 
     </span>
    </p>
   </div>
   <div class='ocr_carea' id='block_1_95' title="bbox 652 4911 3919 5001">
    <p class='ocr_par' dir='ltr' id='par_1_95' title="bbox 652 4911 3919 5001">
     <span class='ocr_line' id='line_1_95' title="bbox 652 4911 3919 5001; baseline -0.007 -17"><span class='ocrx_word' id='word_1_704' title='bbox 652 4919 851 5001; x_wconf 77' lang='lat' dir='ltr'><strong>agendi</strong></span> <span class='ocrx_word' id='word_1_705' title='bbox 903 4925 1165 4981; x_wconf 81' lang='lat' dir='ltr'><strong>facultate</strong></span> <span class='ocrx_word' id='word_1_706' title='bbox 1191 4921 1512 4976; x_wconf 87' lang='lat' dir='ltr'><strong>frustratur.</strong></span> <span class='ocrx_word' id='word_1_707' title='bbox 1558 4914 1688 4980; x_wconf 88' lang='lat' dir='ltr'><strong>Sed,</strong></span> <span class='ocrx_word' id='word_1_708' title='bbox 1716 4914 1785 4970; x_wconf 86' lang='lat' dir='ltr'><strong>de</strong></span> <span class='ocrx_word' id='word_1_709' title='bbox 1846 4913 2047 4982; x_wconf 67' lang='lat' dir='ltr'><strong>linguae</strong></span> <span class='ocrx_word' id='word_1_710' title='bbox 2078 4911 2275 4968; x_wconf 87' lang='lat' dir='ltr'><strong>usibus</strong></span> <span class='ocrx_word' id='word_1_711' title='bbox 2310 4912 2756 4983; x_wconf 82' lang='lat' dir='ltr'><strong>actionibusque,</strong></span> <span class='ocrx_word' id='word_1_712' title='bbox 2809 4925 3072 4982; x_wconf 70' lang='lat' dir='ltr'><strong>quonam</strong></span> <span class='ocrx_word' id='word_1_713' title='bbox 3114 4917 3277 4981; x_wconf 87' lang='lat' dir='ltr'><strong>pacto</strong></span> <span class='ocrx_word' id='word_1_714' title='bbox 3305 4916 3549 4979; x_wconf 75' lang='lat' dir='ltr'><strong>potestas</strong></span> <span class='ocrx_word' id='word_1_715' title='bbox 3572 4923 3695 4981; x_wconf 63' lang='lat' dir='ltr'><strong>qua</strong></span> <span class='ocrx_word' id='word_1_716' title='bbox 3728 4920 3919 4971; x_wconf 85' lang='lat' dir='ltr'><strong>cuncta</strong></span> 
     </span>
    </p>
   </div>
   <div class='ocr_carea' id='block_1_96' title="bbox 650 5003 3919 5096">
    <p class='ocr_par' dir='ltr' id='par_1_96' title="bbox 650 5003 3919 5096">
     <span class='ocr_line' id='line_1_96' title="bbox 650 5003 3919 5096; baseline -0.006 -19"><span class='ocrx_word' id='word_1_717' title='bbox 650 5023 930 5096; x_wconf 82' lang='lat' dir='ltr'><strong>produxit,</strong></span> <span class='ocrx_word' id='word_1_718' title='bbox 960 5030 1076 5077; x_wconf 90' lang='lat' dir='ltr'><strong>tum</strong></span> <span class='ocrx_word' id='word_1_719' title='bbox 1108 5017 1174 5073; x_wconf 89' lang='lat' dir='ltr'><strong>ad</strong></span> <span class='ocrx_word' id='word_1_720' title='bbox 1197 5032 1361 5073; x_wconf 85' lang='lat' dir='ltr'><strong>voces</strong></span> <span class='ocrx_word' id='word_1_721' title='bbox 1388 5024 1551 5084; x_wconf 87' lang='lat' dir='ltr'><strong>atque</strong></span> <span class='ocrx_word' id='word_1_722' title='bbox 1601 5012 1885 5078; x_wconf 88' lang='lat' dir='ltr'><strong>idiomata,</strong></span> <span class='ocrx_word' id='word_1_723' title='bbox 1951 5019 2101 5094; x_wconf 20' lang='lat' dir='ltr'><strong>tum“</strong></span> <span class='ocrx_word' id='word_1_724' title='bbox 2136 5010 2304 5065; x_wconf 84' lang='lat' dir='ltr'><strong>etiam</strong></span> <span class='ocrx_word' id='word_1_725' title='bbox 2345 5009 2412 5063; x_wconf 89' lang='lat' dir='ltr'><strong>ad</strong></span> <span class='ocrx_word' id='word_1_726' title='bbox 2458 5016 2676 5078; x_wconf 87' lang='lat' dir='ltr'><strong>gustum</strong></span> <span class='ocrx_word' id='word_1_727' title='bbox 2728 5014 2894 5077; x_wconf 87' lang='lat' dir='ltr'><strong>atque</strong></span> <span class='ocrx_word' id='word_1_728' title='bbox 2929 5004 3126 5062; x_wconf 88' lang='lat' dir='ltr'><strong>edendi</strong></span> <span class='ocrx_word' id='word_1_729' title='bbox 3166 5021 3327 5063; x_wconf 89' lang='lat' dir='ltr'><strong>usum</strong></span> <span class='ocrx_word' id='word_1_730' title='bbox 3380 5004 3615 5063; x_wconf 84' lang='lat' dir='ltr'><strong>reddidit</strong></span> <span class='ocrx_word' id='word_1_731' title='bbox 3650 5003 3919 5070; x_wconf 86' lang='lat' dir='ltr'><strong>idoneam,</strong></span> 
     </span>
    </p>
   </div>
   <div class='ocr_carea' id='block_1_97' title="bbox 652 5097 3916 5183">
    <p class='ocr_par' dir='ltr' id='par_1_97' title="bbox 652 5097 3916 5183">
     <span class='ocr_line' id='line_1_97' title="bbox 652 5097 3916 5183; baseline -0.007 -8"><span class='ocrx_word' id='word_1_732' title='bbox 652 5118 790 5176; x_wconf 85' lang='lat' dir='ltr'><strong>satis</strong></span> <span class='ocrx_word' id='word_1_733' title='bbox 820 5130 853 5171; x_wconf 89' lang='lat' dir='ltr'><strong>a</strong></span> <span class='ocrx_word' id='word_1_734' title='bbox 880 5115 1038 5170; x_wconf 89' lang='lat' dir='ltr'><strong>nobis</strong></span> <span class='ocrx_word' id='word_1_735' title='bbox 1078 5112 1193 5183; x_wconf 87' lang='lat' dir='ltr'><strong>jam</strong></span> <span class='ocrx_word' id='word_1_736' title='bbox 1226 5110 1432 5165; x_wconf 89' lang='lat' dir='ltr'><strong>dictum</strong></span> <span class='ocrx_word' id='word_1_737' title='bbox 1461 5115 1546 5163; x_wconf 88' lang='lat' dir='ltr'><strong>est</strong></span> <span class='ocrx_word' id='word_1_738' title='bbox 1578 5126 1594 5161; x_wconf 86' lang='lat'><strong>:</strong></span> <span class='ocrx_word' id='word_1_739' title='bbox 1623 5115 1678 5161; x_wconf 89' lang='lat' dir='ltr'><strong>et</strong></span> <span class='ocrx_word' id='word_1_740' title='bbox 1703 5107 1817 5160; x_wconf 66' lang='lat' dir='ltr'><strong>haec</strong></span> <span class='ocrx_word' id='word_1_741' title='bbox 1853 5106 1920 5159; x_wconf 90' lang='lat' dir='ltr'><strong>de</strong></span> <span class='ocrx_word' id='word_1_742' title='bbox 1950 5104 2133 5174; x_wconf 87' lang='lat' dir='ltr'><strong>lingua</strong></span> <span class='ocrx_word' id='word_1_743' title='bbox 2161 5105 2368 5160; x_wconf 78' lang='lat' dir='ltr'><strong>dixisse</strong></span> <span class='ocrx_word' id='word_1_744' title='bbox 2427 5100 2686 5159; x_wconf 77' lang='lat' dir='ltr'><strong>sufficiat.</strong></span> <span class='ocrx_word' id='word_1_745' title='bbox 2718 5099 2936 5168; x_wconf 80' lang='lat' dir='ltr'><strong>Restat,</strong></span> <span class='ocrx_word' id='word_1_746' title='bbox 2988 5098 3071 5155; x_wconf 89' lang='lat' dir='ltr'><strong>uti</strong></span> <span class='ocrx_word' id='word_1_747' title='bbox 3120 5099 3189 5183; x_wconf 75' lang='lat' dir='ltr'><strong>de</strong></span> <span class='ocrx_word' id='word_1_748' title='bbox 3215 5097 3464 5159; x_wconf 80' lang='lat' dir='ltr'><strong>dentium</strong></span> <span class='ocrx_word' id='word_1_749' title='bbox 3501 5097 3916 5169; x_wconf 84' lang='lat' dir='ltr'><strong>compositione,</strong></span> 
     </span>
    </p>
   </div>
   <div class='ocr_carea' id='block_1_98' title="bbox 662 5176 3139 5280">
    <p class='ocr_par' dir='ltr' id='par_1_98' title="bbox 662 5176 3139 5280">
     <span class='ocr_line' id='line_1_98' title="bbox 662 5176 3139 5280; baseline -0.012 -12"><span class='ocrx_word' id='word_1_750' title='bbox 662 5220 992 5280; x_wconf 85' lang='lat' dir='ltr'><strong>naturaque,</strong></span> <span class='ocrx_word' id='word_1_751' title='bbox 1016 5221 1227 5262; x_wconf 89' lang='lat' dir='ltr'><strong>necnon</strong></span> <span class='ocrx_word' id='word_1_752' title='bbox 1285 5202 1598 5259; x_wconf 86' lang='lat' dir='ltr'><strong>actionibus</strong></span> <span class='ocrx_word' id='word_1_753' title='bbox 1641 5199 1971 5254; x_wconf 85' lang='lat' dir='ltr'><strong>referamus.</strong></span> <span class='ocrx_word' id='word_1_754' title='bbox 3107 5176 3139 5199; x_wconf 78' lang='grc'><em>”</em></span> 
     </span>
    </p>
   </div>
   <div class='ocr_carea' id='block_1_99' title="bbox 727 5284 2227 5367">
    <p class='ocr_par' dir='ltr' id='par_1_99' title="bbox 727 5291 2227 5367">
     <span class='ocr_line' id='line_1_99' title="bbox 727 5291 2227 5367; baseline -0.01 -8"><span class='ocrx_word' id='word_1_755' title='bbox 727 5305 929 5359; x_wconf 85' lang='lat' dir='ltr'><strong>Dentes</strong></span> <span class='ocrx_word' id='word_1_756' title='bbox 968 5301 1116 5358; x_wconf 92' lang='lat' dir='ltr'><strong>enim</strong></span> <span class='ocrx_word' id='word_1_757' title='bbox 1168 5307 1321 5364; x_wconf 89' lang='lat' dir='ltr'><strong>sunt,</strong></span> <span class='ocrx_word' id='word_1_758' title='bbox 1359 5296 1454 5367; x_wconf 90' lang='lat' dir='ltr'><strong>qui</strong></span> <span class='ocrx_word' id='word_1_759' title='bbox 1511 5293 1735 5352; x_wconf 85' lang='lat' dir='ltr'><strong>secandi</strong></span> <span class='ocrx_word' id='word_1_760' title='bbox 1764 5291 2008 5348; x_wconf 85' lang='lat' dir='ltr'><strong>alimenti</strong></span> <span class='ocrx_word' id='word_1_761' title='bbox 2062 5291 2227 5347; x_wconf 68' lang='lat' dir='ltr'><strong>conli«</strong></span> 
     </span>
    </p>
   </div>
   <div class='ocr_carea' id='block_1_100' title="bbox 2325 5284 3919 5367">
    <p class='ocr_par' dir='ltr' id='par_1_100' title="bbox 2428 5284 3919 5358">
     <span class='ocr_line' id='line_1_100' title="bbox 2428 5284 3919 5358; baseline -0.001 -16"><span class='ocrx_word' id='word_1_762' title='bbox 2428 5288 2704 5353; x_wconf 80' lang='grc' dir='ltr'>Ὀδόντες</span> <span class='ocrx_word' id='word_1_763' title='bbox 2751 5286 2893 5341; x_wconf 74' lang='grc' dir='ltr'>είσὶν</span> <span class='ocrx_word' id='word_1_764' title='bbox 2939 5286 2991 5340; x_wconf 87' lang='grc' dir='ltr'><strong>οί</strong></span> <span class='ocrx_word' id='word_1_765' title='bbox 3035 5284 3381 5358; x_wconf 76' lang='grc' dir='ltr'>διαιροῦντες</span> <span class='ocrx_word' id='word_1_766' title='bbox 3408 5285 3511 5357; x_wconf 77' lang='grc' dir='ltr'>τὴν</span> <span class='ocrx_word' id='word_1_767' title='bbox 3558 5284 3788 5355; x_wconf 75' lang='grc' dir='ltr'>τροφὴν,</span> <span class='ocrx_word' id='word_1_768' title='bbox 3834 5290 3919 5343; x_wconf 76' lang='grc' dir='ltr'><strong>καὶ</strong></span> 
     </span>
    </p>
   </div>
   <div class='ocr_carea' id='block_1_101' title="bbox 656 5376 2227 5466">
    <p class='ocr_par' dir='ltr' id='par_1_101' title="bbox 656 5381 2227 5466">
     <span class='ocr_line' id='line_1_101' title="bbox 656 5381 2227 5466; baseline -0.012 -14"><span class='ocrx_word' id='word_1_769' title='bbox 656 5396 947 5466; x_wconf 85' lang='lat' dir='ltr'><strong>ciendique</strong></span> <span class='ocrx_word' id='word_1_770' title='bbox 1012 5405 1215 5446; x_wconf 89' lang='lat' dir='ltr'><strong>munus</strong></span> <span class='ocrx_word' id='word_1_771' title='bbox 1264 5388 1488 5458; x_wconf 71' lang='lat' dir='ltr'><strong>esplent</strong></span> <span class='ocrx_word' id='word_1_772' title='bbox 1541 5394 1597 5441; x_wconf 85' lang='lat' dir='ltr'><strong>et</strong></span> <span class='ocrx_word' id='word_1_773' title='bbox 1655 5384 1818 5439; x_wconf 90' lang='lat' dir='ltr'><strong>iidem</strong></span> <span class='ocrx_word' id='word_1_774' title='bbox 1882 5381 2227 5437; x_wconf 71' lang='lat' dir='ltr'><strong>articulanda</strong></span> 
     </span>
    </p>
   </div>
   <div class='ocr_carea' id='block_1_102' title="bbox 2325 5376 3922 5466">
    <p class='ocr_par' dir='ltr' id='par_1_102' title="bbox 2346 5376 3922 5451">
     <span class='ocr_line' id='line_1_102' title="bbox 2346 5376 3922 5451; baseline 0 -19"><span class='ocrx_word' id='word_1_775' title='bbox 2346 5378 2819 5449; x_wconf 74' lang='grc' dir='ltr'>κατεργαζόμενοι</span> <span class='ocrx_word' id='word_1_776' title='bbox 2859 5376 3057 5447; x_wconf 75' lang='grc' dir='ltr'>αὐτὴν,</span> <span class='ocrx_word' id='word_1_777' title='bbox 3107 5376 3504 5451; x_wconf 81' lang='grc' dir='ltr'>συνεργοῦντες</span> <span class='ocrx_word' id='word_1_778' title='bbox 3543 5377 3638 5431; x_wconf 74' lang='grc' dir='ltr'><strong>καὶ</strong></span> <span class='ocrx_word' id='word_1_779' title='bbox 3672 5380 3739 5445; x_wconf 75' lang='grc' dir='ltr'>τῇ</span> <span class='ocrx_word' id='word_1_780' title='bbox 3777 5377 3922 5451; x_wconf 83' lang='grc' dir='ltr'>διαρ-</span> 
     </span>
    </p>
   </div>
   <div class='ocr_carea' id='block_1_103' title="bbox 657 5471 2227 5544">
    <p class='ocr_par' dir='ltr' id='par_1_103' title="bbox 657 5474 2227 5543">
     <span class='ocr_line' id='line_1_103' title="bbox 657 5474 2227 5543; baseline -0.008 -4"><span class='ocrx_word' id='word_1_781' title='bbox 657 5487 811 5543; x_wconf 83' lang='lat' dir='ltr'><strong>vocis</strong></span> <span class='ocrx_word' id='word_1_782' title='bbox 865 5480 1048 5539; x_wconf 85' lang='lat' dir='ltr'><strong>officio</strong></span> <span class='ocrx_word' id='word_1_783' title='bbox 1083 5478 1604 5536; x_wconf 77' lang='lat' dir='ltr'><strong>accommodantur.</strong></span> <span class='ocrx_word' id='word_1_784' title='bbox 1643 5475 1852 5531; x_wconf 75' lang='lat' dir='ltr'><strong>Horum</strong></span> <span class='ocrx_word' id='word_1_785' title='bbox 1913 5474 2006 5529; x_wconf 89' lang='lat' dir='ltr'><strong>alii</strong></span> <span class='ocrx_word' id='word_1_786' title='bbox 2056 5489 2087 5528; x_wconf 89' lang='lat' dir='ltr'><strong>a</strong></span> <span class='ocrx_word' id='word_1_787' title='bbox 2148 5487 2227 5529; x_wconf 86' lang='lat' dir='ltr'><strong>se-</strong></span> 
     </span>
    </p>
   </div>
   <div class='ocr_carea' id='block_1_104' title="bbox 2325 5471 3922 5544">
    <p class='ocr_par' dir='ltr' id='par_1_104' title="bbox 2349 5471 3922 5544">
     <span class='ocr_line' id='line_1_104' title="bbox 2349 5471 3922 5544; baseline 0.003 -21"><span class='ocrx_word' id='word_1_788' title='bbox 2349 5472 2549 5544; x_wconf 75' lang='grc' dir='ltr'>θρώσει</span> <span class='ocrx_word' id='word_1_789' title='bbox 2589 5471 2689 5543; x_wconf 79' lang='grc' dir='ltr'>τῆς</span> <span class='ocrx_word' id='word_1_790' title='bbox 2722 5472 2911 5541; x_wconf 80' lang='grc' dir='ltr'>φωνῆς</span> <span class='ocrx_word' id='word_1_791' title='bbox 2936 5488 2952 5505; x_wconf 79' lang='grc' dir='ltr'><strong>ο</strong></span> <span class='ocrx_word' id='word_1_792' title='bbox 3000 5473 3051 5526; x_wconf 75' lang='grc' dir='ltr'>οἱ</span> <span class='ocrx_word' id='word_1_793' title='bbox 3081 5472 3182 5543; x_wconf 71' lang='grc' dir='ltr'>μὲν</span> <span class='ocrx_word' id='word_1_794' title='bbox 3216 5472 3326 5544; x_wconf 83' lang='grc' dir='ltr'>γὰρ</span> <span class='ocrx_word' id='word_1_795' title='bbox 3352 5473 3615 5544; x_wconf 78' lang='grc' dir='ltr'>τέμνουσι</span> <span class='ocrx_word' id='word_1_796' title='bbox 3647 5472 3715 5525; x_wconf 79' lang='grc' dir='ltr'><strong>τά</strong></span> <span class='ocrx_word' id='word_1_797' title='bbox 3756 5475 3922 5535; x_wconf 82' lang='grc' dir='ltr'>σιτία.</span> 
     </span>
    </p>
   </div>
   <div class='ocr_carea' id='block_1_105' title="bbox 731 5622 3916 5701">
    <p class='ocr_par' dir='ltr' id='par_1_105' title="bbox 731 5622 3916 5701">
     <span class='ocr_line' id='line_1_105' title="bbox 731 5622 3916 5701; baseline -0.005 -12"><span class='ocrx_word' id='word_1_798' title='bbox 731 5638 780 5672; x_wconf 62' lang='grc'><strong>⁸⁸</strong></span> <span class='ocrx_word' id='word_1_799' title='bbox 803 5636 919 5691; x_wconf 73' lang='grc' dir='ltr'>ἔστι</span> <span class='ocrx_word' id='word_1_800' title='bbox 957 5634 1056 5690; x_wconf 77' lang='grc' dir='ltr'><strong>καὶ</strong></span> <span class='ocrx_word' id='word_1_801' title='bbox 1095 5632 1282 5701; x_wconf 79' lang='grc' dir='ltr'>εὕστρ.</span> <span class='ocrx_word' id='word_1_802' title='bbox 1322 5631 1387 5684; x_wconf 84' lang='grc' dir='ltr'><strong>Β.</strong></span> <span class='ocrx_word' id='word_1_803' title='bbox 1461 5631 1508 5663; x_wconf 74' lang='grc'><strong>’⁸</strong></span> <span class='ocrx_word' id='word_1_804' title='bbox 1534 5627 1863 5701; x_wconf 58' lang='grc' dir='ltr'>ὐσσώεραγον</span> <span class='ocrx_word' id='word_1_805' title='bbox 1883 5626 1943 5682; x_wconf 85' lang='grc' dir='ltr'><strong>Β.</strong></span> <span class='ocrx_word' id='word_1_806' title='bbox 1996 5628 2051 5701; x_wconf 31' lang='grc'><strong>’⁸⁸</strong></span> <span class='ocrx_word' id='word_1_807' title='bbox 2076 5625 2589 5701; x_wconf 80' lang='grc' dir='ltr'>διαμασσησάμενοι</span> <span class='ocrx_word' id='word_1_808' title='bbox 2622 5628 2682 5681; x_wconf 89' lang='grc' dir='ltr'><strong>Β.</strong></span> <span class='ocrx_word' id='word_1_809' title='bbox 2738 5627 2795 5701; x_wconf 13' lang='grc'><strong>»⁸⁷</strong></span> <span class='ocrx_word' id='word_1_810' title='bbox 2821 5627 3257 5701; x_wconf 59' lang='grc' dir='ltr'>ξιαταλεάναντες</span> <span class='ocrx_word' id='word_1_811' title='bbox 3278 5626 3837 5701; x_wconf 40' lang='grc' dir='ltr'>Αηκαταλαιάναντες</span> <span class='ocrx_word' id='word_1_812' title='bbox 3860 5622 3916 5687; x_wconf 83' lang='grc' dir='ltr'>Β,</span> 
     </span>
    </p>
   </div>
   <div class='ocr_carea' id='block_1_106' title="bbox 662 5695 3922 5767">
    <p class='ocr_par' dir='ltr' id='par_1_106' title="bbox 662 5695 3922 5767">
     <span class='ocr_line' id='line_1_106' title="bbox 662 5695 3922 5767; baseline -0.005 -6"><span class='ocrx_word' id='word_1_813' title='bbox 662 5706 1118 5767; x_wconf 78' lang='grc' dir='ltr'>καταλειάναντες</span> <span class='ocrx_word' id='word_1_814' title='bbox 1144 5703 1209 5767; x_wconf 86' lang='lat' dir='ltr'><strong>C,</strong></span> <span class='ocrx_word' id='word_1_815' title='bbox 1233 5695 1655 5763; x_wconf 73' lang='grc' dir='ltr'>’καταλέσαντες</span> <span class='ocrx_word' id='word_1_816' title='bbox 1685 5699 1745 5754; x_wconf 89' lang='grc' dir='ltr'><strong>Ρ.</strong></span> <span class='ocrx_word' id='word_1_817' title='bbox 1780 5695 1788 5697; x_wconf 68' lang='grc'><em>’</em></span> <span class='ocrx_word' id='word_1_818' title='bbox 1820 5697 1867 5731; x_wconf 75' lang='grc'><strong>’⁵</strong></span> <span class='ocrx_word' id='word_1_819' title='bbox 1899 5696 2063 5752; x_wconf 81' lang='lat' dir='ltr'><strong>verba</strong></span> <span class='ocrx_word' id='word_1_820' title='bbox 2106 5713 2135 5751; x_wconf 90' lang='lat' dir='ltr'><strong>a</strong></span> <span class='ocrx_word' id='word_1_821' title='bbox 2173 5695 2290 5753; x_wconf 78' lang='grc' dir='ltr'><strong>’ὑπὸ</strong></span> <span class='ocrx_word' id='word_1_822' title='bbox 2315 5695 2366 5752; x_wconf 79' lang='grc' dir='ltr'>τ.</span> <span class='ocrx_word' id='word_1_823' title='bbox 2401 5695 2451 5751; x_wconf 66' lang='grc' dir='ltr'><strong>ἐξ</strong></span> <span class='ocrx_word' id='word_1_824' title='bbox 2486 5713 2659 5767; x_wconf 86' lang='lat' dir='ltr'><strong>usque</strong></span> <span class='ocrx_word' id='word_1_825' title='bbox 2683 5699 2783 5766; x_wconf 82' lang='grc' dir='ltr'>τῆς</span> <span class='ocrx_word' id='word_1_826' title='bbox 2812 5698 3015 5767; x_wconf 85' lang='grc' dir='ltr'>ἁρτηρ.</span> <span class='ocrx_word' id='word_1_827' title='bbox 3041 5713 3155 5753; x_wconf 86' lang='lat' dir='ltr'><strong>om.</strong></span> <span class='ocrx_word' id='word_1_828' title='bbox 3187 5700 3252 5751; x_wconf 78' lang='grc' dir='ltr'><strong>Α.</strong></span> <span class='ocrx_word' id='word_1_829' title='bbox 3330 5700 3375 5731; x_wconf 78' lang='grc'><strong>⁸³</strong></span> <span class='ocrx_word' id='word_1_830' title='bbox 3406 5696 3645 5750; x_wconf 83' lang='grc' dir='ltr'>διάδοσιν</span> <span class='ocrx_word' id='word_1_831' title='bbox 3676 5695 3922 5765; x_wconf 69' lang='grc' dir='ltr'>γίνεσθαι</span> 
     </span>
    </p>
   </div>
   <div class='ocr_carea' id='block_1_107' title="bbox 662 5764 3919 5843">
    <p class='ocr_par' dir='ltr' id='par_1_107' title="bbox 662 5764 3919 5843">
     <span class='ocr_line' id='line_1_107' title="bbox 662 5764 3919 5843; baseline -0.004 -10"><span class='ocrx_word' id='word_1_832' title='bbox 662 5781 728 5833; x_wconf 74' lang='grc' dir='ltr'><strong>Α.</strong></span> <span class='ocrx_word' id='word_1_833' title='bbox 804 5778 823 5808; x_wconf 79' lang='grc'>⁸</span> <span class='ocrx_word' id='word_1_834' title='bbox 845 5776 901 5829; x_wconf 68' lang='grc' dir='ltr'>δὲ</span> <span class='ocrx_word' id='word_1_835' title='bbox 934 5776 995 5832; x_wconf 88' lang='grc' dir='ltr'><strong>Β.</strong></span> <span class='ocrx_word' id='word_1_836' title='bbox 1071 5764 1241 5843; x_wconf 48' lang='grc' dir='ltr'><strong>⁸ίὰρτ.</strong></span> <span class='ocrx_word' id='word_1_837' title='bbox 1282 5771 1381 5843; x_wconf 74' lang='grc' dir='ltr'><strong>καὶ</strong></span> <span class='ocrx_word' id='word_1_838' title='bbox 1413 5770 1534 5843; x_wconf 50' lang='lat' dir='ltr'><strong>ax}.</strong></span> <span class='ocrx_word' id='word_1_839' title='bbox 1571 5770 1671 5843; x_wconf 30' lang='grc' dir='ltr'><strong>Β.-</strong></span> <span class='ocrx_word' id='word_1_840' title='bbox 1714 5771 1735 5801; x_wconf 84' lang='grc'><strong>⁸</strong></span> <span class='ocrx_word' id='word_1_841' title='bbox 1765 5769 1862 5843; x_wconf 77' lang='grc' dir='ltr'><strong>καὶ</strong></span> <span class='ocrx_word' id='word_1_842' title='bbox 1891 5783 2002 5823; x_wconf 88' lang='lat' dir='ltr'><strong>om.</strong></span> <span class='ocrx_word' id='word_1_843' title='bbox 2041 5768 2103 5843; x_wconf 70' lang='lat' dir='ltr'><strong>B_.</strong></span> <span class='ocrx_word' id='word_1_844' title='bbox 2182 5769 2204 5801; x_wconf 72' lang='grc'>⁸</span> <span class='ocrx_word' id='word_1_845' title='bbox 2234 5764 2650 5842; x_wconf 68' lang='grc' dir='ltr'>άρεωτηρίαἪ.</span> <span class='ocrx_word' id='word_1_846' title='bbox 2729 5764 2999 5823; x_wconf 65' lang='grc' dir='ltr'>δᾶλεσθαι</span> <span class='ocrx_word' id='word_1_847' title='bbox 3034 5771 3100 5837; x_wconf 84' lang='lat' dir='ltr'><strong>A,</strong></span> <span class='ocrx_word' id='word_1_848' title='bbox 3143 5768 3295 5842; x_wconf 70' lang='grc' dir='ltr'>παρὰ</span> <span class='ocrx_word' id='word_1_849' title='bbox 3324 5767 3387 5823; x_wconf 83' lang='grc' dir='ltr'>τὸ</span> <span class='ocrx_word' id='word_1_850' title='bbox 3414 5767 3599 5823; x_wconf 73' lang='grc' dir='ltr'>ἄλσειν</span> <span class='ocrx_word' id='word_1_851' title='bbox 3627 5768 3796 5840; x_wconf 56' lang='lat' dir='ltr'><strong>How</strong></span> <span class='ocrx_word' id='word_1_852' title='bbox 3826 5764 3919 5821; x_wconf 65' lang='lat'><strong>6.1-</strong></span> 
     </span>
    </p>
   </div>
   <div class='ocr_carea' id='block_1_108' title="bbox 662 5838 2128 5915">
    <p class='ocr_par' dir='ltr' id='par_1_108' title="bbox 662 5838 2128 5915">
     <span class='ocr_line' id='line_1_108' title="bbox 662 5838 2128 5915; baseline -0.005 -13"><span class='ocrx_word' id='word_1_853' title='bbox 662 5846 849 5903; x_wconf 74' lang='grc' dir='ltr'>λισθαι</span> <span class='ocrx_word' id='word_1_854' title='bbox 878 5846 937 5903; x_wconf 84' lang='grc' dir='ltr'><strong>Β.</strong></span> <span class='ocrx_word' id='word_1_855' title='bbox 1013 5846 1035 5879; x_wconf 81' lang='grc'><strong>⁸</strong></span> <span class='ocrx_word' id='word_1_856' title='bbox 1065 5838 1433 5915; x_wconf 75' lang='grc' dir='ltr'>κλώθωμένης</span> <span class='ocrx_word' id='word_1_857' title='bbox 1461 5840 1525 5899; x_wconf 86' lang='lat' dir='ltr'><strong>C.</strong></span> <span class='ocrx_word' id='word_1_858' title='bbox 1601 5841 1620 5874; x_wconf 70' lang='grc' dir='ltr'><strong><em>τ</em></strong></span> <span class='ocrx_word' id='word_1_859' title='bbox 1650 5840 2021 5913; x_wconf 82' lang='grc' dir='ltr'>διαμάσσησιν</span> <span class='ocrx_word' id='word_1_860' title='bbox 2065 5838 2128 5894; x_wconf 88' lang='grc' dir='ltr'><strong>Β.</strong></span> 
     </span>
    </p>
   </div>
  </div>
