4204 6438
286 421 428 479 Ηθτ

1555 412 1646 467 DE
1681 408 1979 469 NATUIIA
2025 403 2332 465 lIOMINIS.

3473 398 3616 457 “98

280 541 362 615 τῷ
391 539 742 597 καταπίνειν.
777 536 1005 607 Λαιμὸς
1030 534 1091 590 δὲ
1113 533 1211 589 καὶ
1239 532 1480 604 λάρυγξ
1518 533 1635 596 τοῖς
1657 530 1886 601 ὀνόμασι

1996 526 2060 582 τδ
2115 524 2338 596 πνεῦμα
2394 519 2631 584 ἐκεῖθεν,
2696 516 2847 590 quod
2899 517 3028 574 inde
3076 514 3334 573 videlicet
3385 516 3616 586 Spiritus

278 636 606 709 διαφέρουσι
640 634 829 706 μόνον’
878 630 1035 703 παρὰ
1060 630 1172 701 γὰρ
1196 627 1257 682 τὸ
1281 625 1480 689 λαίειν,
1512 626 1547 697 ἢ
1588 624 1838 690 λαύσειν,
1866 624 1898 679 ὃ

280 730 402 783 ἐστι
431 730 494 783 τὸ
535 726 839 783 ἀπολάὸειν
859 724 929 789 ⁸⁸,
962 721 1258 794 ἀμφότερα
1294 719 1634 793 παράγεται·
1667 716 1758 771 διὰ
1785 716 1896 788 γὰρ

280 820 481 894 λαιμοῦ
526 822 624 877 καὶ
666 820 951 891 λάρυγγος
982 817 1083 889 τὴν
1128 814 1440 871 ἀπόλαυσιν
1490 812 1731 883 ἔσχομεν
1781 808 1895 863 τῶν

278 916 521 985 τροφῶνυ
552 911 783 984 λαιμᾷν
804 911 917 985 γὰρ
948 910 1013 965 τὺ
1047 905 1477 970 ἀπολαυστικῶς
1502 903 1649 976 ἔχειν
1673 902 1894 977 εἴρηται

278 1009 436 1082 παρά
460 1026 630 1063 τισιν.

2000 618 2270 691 prosiliat,
2309 615 2393 671 vel
2423 614 2582 685 quasi
2607 612 2883 684 ἁνθερών,
2916 610 3021 667 hoc
3049 610 3396 666 tantumdem
3432 609 3617 666 valet.

2001 729 2068 768 ac
2119 712 2166 768 si
2228 710 2444 766 obicem
2479 707 2655 772 dicas,
2699 704 2849 778 quod
2888 705 3036 769 cibo,
3063 704 3196 760 dum
3248 717 3379 759 eum
3422 701 3617 773 deglu-

2002 808 2193 870 timus,
2220 820 2288 859 ne
2315 804 2370 858 in
2401 800 2665 857 arteriam
2696 798 2926 862 incidat,
2957 796 3246 853 obstaculo
3280 804 3387 851 est.
3413 794 3617 851 Guttur

2003 906 2187 956 autem
2213 896 2433 967 λαιμὸς,
2470 895 2567 948 καὶ
2603 891 2813 964 λάρυγξ
2839 891 3041 947 dicitur
3078 890 3335 962 (utraque
3369 888 3487 944 haec
3519 902 3618 941 no-

2005 993 2152 1047 mine
2185 996 2426 1052 tantum,
2468 986 2607 1042 nihil
2654 1000 2786 1041 vero
2841 1000 2901 1039 re
2946 983 3291 1053 discrepant,
3340 980 3617 1050 siquidem

278 1074 515 1171 a-qualia
570 1094 1117 1169 munia‘peragunl),
1160 1092 1313 1166 παρὰ
1339 1092 1403 1148 τὸ
1440 1089 1741 1147 ἀπολαύειν
1786 1086 2042 1148 deducta.
2078 1081 2227 1154 quod
2299 1080 2412 1151 frui
2478 1078 2716 1145 diceres,
2784 1076 3059 1149 siquidem
3126 1074 3296 1146 hujus
3358 1074 3615 1130 ministe-

279 1197 367 1250 rio
387 1193 774 1249 alimentorum
799 1191 991 1246 usibus
1020 1188 1278 1245 fruimur.

361 1339 427 1393 Ἠ
461 1339 519 1392 δὲ
550 1333 892 1408 ὑποκειμένη
934 1336 1012 1407 τῷ
1050 1334 1296 1407 λάρυγγι
1338 1331 1598 1404 ἀρτηρία
1641 1327 1889 1400 τραχεῖα

277 1431 625 1503 ὠνόμασται,
648 1432 714 1484 ὲκ
735 1428 830 1483 τοῦ
856 1428 1166 1499 πνεύμονος
1204 1425 1578 1498 ἀνερχομένη,
1614 1423 1691 1487 ὡς
1721 1422 1892 1493 πόρος

276 1518 416 1577 οὖσα
462 1521 658 1577 αὐτοῦ’
696 1520 972 1592 τετύχηκε
1018 1519 1077 1574 δὲ
1109 1519 1308 1573 τούτου
1352 1516 1449 1571 τοῦ
1480 1514 1751 1587 ὀνόματος
1791 1512 1886 1566 τοῦ

275 1612 510 1683 τραχεῖα
557 1612 853 1681 λέγεσθαι,
908 1609 1104 1681 ἐπειδὴ
1156 1598 1448 1677 σύγκειται
1495 1610 1563 1662 ὲκ
1610 1606 1891 1678 διαφόρων

275 1706 499 1769 οὐσιῶν,
540 1704 857 1777 χονδρωδῶν
883 1704 1032 1773 λέγω
1071 1704 1168 1757 καὶ
1198 1701 1518 1774 ὑμενωδῶν.
1566 1699 1740 1765 8181b;
1772 1699 1885 1771 γὰρ
1950 1768 1951 1773 η

276 1799 308 1852 ό
330 1795 599 1869 Τεχνίτης
626 1798 730 1869 τῆς
767 1797 987 1866 φύσεως
1019 1798 1104 1850 ὅτι
1142 1795 1436 1867 ᾷιαφόρους
1462 1792 1658 1865 ἔμελλε
1686 1796 1885 1864 χρείας

2064 1317 2231 1389 Atqui
2283 1315 2487 1372 arteria
2538 1314 2657 1386 ipsa
2688 1329 2813 1387 qua:
2841 1313 3051 1386 gutturi
3106 1309 3357 1382 subjecta
3404 1318 3525 1377 est,
3583 1327 3615 1368 a

1992 1412 2257 1486 pulmone
2319 1418 2501 1463 ortum
2566 1420 2841 1472 sumens,
2892 1404 3053 1474 cujus
3100 1412 3155 1459 et
3221 1412 3440 1460 meatus
3481 1412 3613 1469 est,

1994 1521 2190 1577 aspera
2242 1509 2597 1571 nuncupatur
2631 1519 2645 1554 :
2677 1514 2843 1571 quam
2881 1495 3010 1553 inde
3057 1511 3311 1567 asperam
3344 1497 3453 1551 dici
3489 1512 3615 1552 cer-

1992 1607 2110 1653 tum
2163 1601 2269 1661 est,
2348 1590 2495 1663 quod
2530 1629 2547 1654 ,
2607 1604 2636 1644 a
2708 1587 2947 1644 diversis
3009 1586 3385 1655 substantiis,
3438 1602 3615 1642 mem-

1994 1689 2237 1753 brauea,
2303 1686 2530 1756 inquam
2562 1722 2580 1750 ,
2629 1681 3101 1752 cartilagineaque
3155 1681 3613 1735 constitutionem

1993 1781 2213 1837 sortita
2250 1778 2345 1835 sit.
2407 1775 2545 1834 Cum
2609 1783 2821 1831 natura
2871 1772 3065 1845 Opifex
3095 1785 3148 1838 ,'
3174 1773 3390 1828 arteriae
3449 1772 3554 1844 ipsi
3592 1812 3609 1837 ,

275 1888 567 1943 ἀποτελεῖν
599 1891 669 1960 τῇ
711 1905 770 1942 τε
801 1888 1049 1957 ἀναπνοῇ
1087 1873 1184 1940 καὶ
1215 1888 1283 1959 τῇ
1316 1888 1470 1957 φωνῇ
1490 1925 1505 1947 ,
1535 1887 1601 1938 ὲκ
1642 1884 1881 1954 χονδρώ-

1995 1883 2209 1938 diversa
2250 1880 2474 1951 explere
2521 1878 2748 1943 munia,
2798 1875 3032 1948 spiritus
3066 1875 3323 1931 videlicet
3361 1875 3612 1947 recipro-

273 1979 399 2044 δους
441 1981 634 2045 οὐσίας
683 1978 856 2051 αὐτὴν
897 1980 1234 2049 ὲτεχνάσατο
1278 1979 1372 2031 καὶ
1411 1974 1757 2046 ὑμενώδους,
1797 1974 1889 2028 διὰ

272 2071 375 2143 τὴν
411 2073 511 2143 τῆς
550 2071 773 2141 φωνῆς,
814 2070 891 2134 ώς
930 2072 1026 2123 ἐπὶ
1071 2070 1134 2124 τὸ
1174 2070 1434 2123 πλεῖστον
1480 2067 1694 2138 χρείαν.
1739 2064 1890 2119 Ἔδει

273 2164 387 2234 γὰρ
413 2164 515 2232 τὴν
542 2161 729 2236 φωνὴν
762 2162 976 2234 στερεῷ
1007 2180 1114 2218 τινι
1148 2160 1366 2232 σώματι
1395 2159 1765 2233 προσκρούειν
1793 2158 1889 2213 καὶ

275 2253 355 2327 μὴ
385 2253 638 2327 μαλακῷ·
681 2255 950 2325 ὰλαμπὴς
975 2254 1084 2325 γάρ
1113 2253 1181 2309 ἂν
1219 2252 1398 2318 οὕτως
1436 2251 1673 2321 ἐγίνετο.
1714 2249 1887 2305 Πάλιν

270 2345 326 2398 εἰ
363 2346 429 2398 ἐκ
466 2345 707 2417 χόνδρων
749 2346 928 2417 μόνων
955 2347 1001 2380 ⁸¹
1047 2344 1364 2409 συνέκειτο,
1409 2345 1512 2396 οὐκ
1555 2340 1622 2397 ἂν
1656 2341 1887 2396 ἐδύνατο

270 2437 366 2491 ἐπὶ
401 2437 563 2494 πλέον
588 2442 636 2473 ⁵⁸
672 2439 1035 2509 διασταλῆναι
1073 2440 1134 2493 ὲν
1169 2442 1294 2503 ταῖς
1327 2437 1598 2510 μεγάλαις
1640 2437 1883 2504 φωναῖς,

269 2531 367 2585 καὶ
393 2530 687 2605 διαρκέσαι
728 2533 785 2586 ὲν
821 2534 889 2603 τῇ
916 2532 1191 2603 άναπνοῇ.
1229 2530 1340 2585 Καὶ
1367 2528 1458 2584 διὰ
1480 2527 1641 2582 τοῦτο
1673 2526 1880 2598 μεταξὺ

267 2622 381 2692 τῷν
412 2623 656 2695 χόνδρων
685 2625 814 2687 τοὺς
852 2623 1060 2694 ὑμένας
1092 2622 1440 2677 συντέθεικεν
1464 2620 1532 2655 ⁵⁸⁸
1558 2620 1702 2675 ὥστε
1748 2619 1880 2683 τοὺς

268 2713 531 2785 χόνδρους
559 2713 660 2786 μὲν
683 2714 775 2768 διὰ
800 2713 901 2777 τὴν
923 2714 1132 2787 φωνὴν,
1168 2714 1296 2778 τοὺς
1324 2712 1535 2786 ὑμένας
1572 2711 1629 2766 δὲ
1653 2710 1743 2765 διὰ
1771 2710 1875 2781 τὴν

266 2806 547 2878 ἀναπνοὴν
565 2805 612 2841 ⁸⁸
635 2807 920 2877 γενέσθαι.

2004 1975 2243 2032 cationis
2290 1983 2346 2030 et
2396 1971 2703 2028 formandae
2755 1970 2910 2026 vocis
2967 1983 3109 2041 opus
3157 1983 3283 2025 esse
3358 1967 3609 2024 animad-

1993 2076 2280 2132 verteret,
2331 2064 2536 2136 duplici
2601 2063 2752 2118 illam
2815 2072 3014 2118 natura
3065 2059 3428 2134 compositam
3485 2075 3611 2131 pro-

1994 2158 2185 2222 duxit,
2216 2156 2310 2212 sed
2348 2155 2415 2211 ad
2452 2155 2558 2210 hoc
2598 2152 2903 2226 praesertim
2948 2161 3009 2206 ut
3038 2150 3191 2207 vocis
3223 2150 3347 2207 usui
3384 2146 3611 2207 sufﬁce-

1998 2261 2101 2309 ret.
2126 2249 2449 2315 Enimvero,
2488 2262 2677 2303 vocem
2711 2245 2917 2318 ipsam,
2960 2243 3140 2300 solido
3166 2242 3334 2299 alicui
3357 2244 3603 2315 corpori,

1995 2360 2113 2401 non
2158 2351 2343 2399 autem
2378 2340 2531 2397 molli
2567 2340 2799 2412 impingi
2835 2339 3106 2411 oportuit,
3143 2338 3273 2409 quia
3308 2337 3414 2393 hoc
3438 2346 3605 2408 pacto

1994 2439 2115 2494 sine
2189 2451 2328 2493 sono
2402 2443 2572 2493 esset.
2636 2431 2695 2489 Si
2776 2433 3131 2505 cartilaginea
3218 2430 3605 2487 tantummodo

1994 2544 2194 2585 natura
2251 2527 2455 2584 arteria
2513 2534 2819 2592 constaret,
2853 2525 2966 2597 82
2998 2525 3051 2579 in
3079 2522 3422 2580 vehementis
3448 2523 3602 2581 vocis

1986 2620 2326 2683 emissione,
2370 2618 2625 2690 plurimae
2655 2616 2823 2673 simul
2873 2616 3209 2682 extensioni,
3250 2631 3316 2673 ac
3372 2614 3605 2686 spiritus

1983 2694 2427 2782 reciprocatio'ni,
2459 2708 2711 2766 sumcere
2740 2707 3059 2779 neutiquam
3102 2718 3311 2775 posset.
3343 2707 3458 2765 Hac
3497 2709 3602 2763 ita-

1976 2816 2087 2873 que
2120 2803 2188 2857 de
2218 2816 2408 2865 causa,
2443 2801 2823 2875 cartilaginem
2850 2816 2978 2858 cum
3010 2802 3331 2857 membrana
3368 2815 3606 2874 compo-

266 2904 398 2967 suit,
428 2920 577 2975 quo,
604 2910 775 2962 altera
812 2906 1034 2978 quidem
1071 2904 1139 2961 ad
1164 2904 1315 2961 vocis
1351 2918 1513 2961 usum
1566 2901 1660 2968 sit,
1690 2898 2012 2957 membrana
2044 2914 2178 2955 vero
2214 2898 2566 2971 respirationi
2618 2898 3155 2955 accommodaretur.

340 3040 586 3111 Τραχεῐα
615 3039 715 3110 μὲν
744 3034 839 3093 οὖν
866 3041 1018 3093 ἐστιν
1039 3037 1264 3103 ἐξωθενο
1297 3035 1502 3091 ἔσωθεν
1529 3034 1585 3089 δὲ
1609 3033 1712 3089 ούκ
1735 3033 1819 3087 ἔτι
1840 3049 1858 3066 ’

270 3130 564 3201 ύπαλείφει
590 3132 702 3203 γὰρ
733 3130 908 3201 αὐτῆς
923 3131 1048 3184 ὅλον
1069 3131 1162 3183 τὸν
1189 3129 1359 3198 πόρον
1400 3129 1549 3200 ὑμήν
1584 3143 1670 3189 τις
1698 3127 1866 3207 λεῖος,

270 3222 360 3278 ἵνα
385 3225 462 3296 μὴ
485 3224 911 3297 προσπίπτουσα
938 3225 971 3293 η
992 3223 1093 3293 τῆς
1106 3221 1293 3293 φωνῆς
1314 3220 1418 3292 ὕλη
1437 3218 1776 3293 τραχύνηται
1799 3218 1868 3251 ’³ο

2042 3030 2170 3089 Haec
2192 3040 2376 3089 autem
2407 3030 2638 3099 arteria,
2660 3032 3015 3088 extrinsecus
3051 3046 3283 3102 aspera;
3318 3031 3445 3101 ejus
3469 3047 3603 3087 vero

1975 3126 2123 3195 quod
2150 3126 2299 3182 intus
2326 3133 2433 3192 est,
2453 3124 2780 3195 neutiquam
2800 3125 2927 3191 tale,
2942 3124 3038 3181 sed
3055 3125 3145 3180 illa
3165 3140 3229 3180 ex
3247 3137 3403 3196 parte
3420 3124 3601 3196 ipsam

1974 3226 2149 3271 totam
2187 3217 2329 3272 levis
2353 3216 2648 3271 admodum
2680 3216 2934 3286 quaedam
2970 3216 3293 3272 membrana
3326 3218 3501 3283 velat,
3531 3232 3603 3273 ne

271 3314 374 3388 ὕλη
397 3316 455 3370 δὲ
472 3317 658 3385 φωνῆς
680 3316 816 3387 πνεύ
825 3317 903 3386 μά
922 3317 1067 3369 ἐστι.
1095 3314 1333 3385 Πλησίον
1350 3312 1410 3367 δὲ
1427 3311 1638 3381 ταύτης
1661 3309 1806 3384 naM
1822 3308 1873 3342 “

1989 3310 2185 3366 scilicet
2212 3309 2462 3380 spiritus,
2490 3309 2587 3380 qui
2616 3311 2771 3365 vocis
2796 3309 3026 3364 materia
3057 3320 3176 3375 est,
3212 3311 3265 3365 in
3296 3325 3466 3383 rugas
3514 3311 3603 3366 in-

269 3408 575 3476 οἰσοφάγος
602 3405 785 3477 ἐπάγη
814 3422 828 3437 ·
855 3406 1027 3478 πόρος
1054 3406 1112 3459 δέ
1143 3409 1262 3459 ὲστι
1291 3404 1389 3459 καὶ
1418 3405 1585 3468 αὐτὸς
1615 3404 1717 3475 τῆς
1769 3421 1873 3473 γα-

1989 3400 2170 3456 cidens
2226 3414 2393 3471 asper
2440 3397 2785 3455 redderetur.
2844 3398 2952 3470 Ipsi
3001 3410 3186 3456 autem
3244 3402 3373 3473 gula
3429 3418 3599 3472 quam

273 3500 438 3570 στρος
465 3540 481 3566 ,
515 3502 574 3553 ὲν
601 3499 742 3569 αὐτῇ
773 3497 876 3568 τὴν
918 3497 1131 3571 τροφὴν
1182 3496 1583 3570 προσκομίζων
1608 3510 1622 3527 ⁸
1657 3496 1723 3551 ὲκ
1775 3494 1873 3549 τοῦ

1989 3490 2279 3560 οἰσοφάγον
2327 3490 2504 3546 Graeci
2535 3490 2842 3561 appellant,
2880 3500 3168 3562 compacta
3199 3491 3466 3559 adhaeret,
3487 3496 3587 3565 qui

269 3592 371 3646 οἴω
392 3591 455 3645 τδ
475 3589 695 3662 κομίζω
719 3590 896 3651 οὕτως
923 3589 1251 3663 ὀνομασθείς
1275 3605 1290 3621 ο
1327 3590 1450 3643 ἔστι
1479 3588 1538 3643 δὲ
1580 3588 1680 3642 καὶ
1712 3588 1878 3651 αὐτὸς

270 3682 580 3754 νευρώδης,
605 3682 702 3737 καὶ
726 3678 841 3736 οἷον
865 3682 1232 3753 ἑντεροειδὴς.
1264 3682 1348 3735 Τὰ
1381 3681 1441 3736 δὲ
1471 3682 1810 3750 παρίσθμιιι
1829 3679 1875 3712 ⁸⁷

276 3774 484 3847 σαρκία
524 3776 635 3829 εἰσὶ
653 3774 701 3809 ⁵⁸
746 3774 843 3828 τοῦ
880 3774 1178 3847 φάρυγγος
1213 3773 1404 3846 μυώδη
1463 3774 1562 3828 καὶ
1587 3773 1835 3845 νευρώδη
1861 3786 1876 3801 ·

268 3865 523 3935 λέγονται
547 3866 611 3921 δὲ
633 3865 810 3931 οὕτως
830 3866 923 3921 διὰ
944 3867 1007 3921 τὸ
1040 3867 1230 3921 στενὸν
1259 3866 1358 3922 τοῦ
1386 3868 1444 3920 ὲν
1471 3859 1518 3935 ᾧ
1540 3866 1646 3919 εἰσι
1670 3866 1838 3920 τόπου
1859 3881 1874 3895 '

271 3960 373 4015 καὶ
400 3958 491 4014 διὰ
517 3961 581 4014 τδ
619 3960 998 4031 παρακεῖσθαι
1027 3959 1106 4030 τῷ
1131 3960 1313 4032 ἰσθμῷ
1338 3977 1354 3992 ·
1390 3960 1607 4030 ἰσθμὸς
1636 3958 1696 4014 δέ
1727 3960 1879 4012 ἐστιν

270 4050 303 4103 ό
334 4049 523 4113 στενὸς
550 4050 743 4112 τόπος.
775 4049 843 4103 δι’
872 4045 934 4105 οὖ
964 4048 1112 4104 ἔστιν
1138 4048 1276 4103 ἰέναι
1308 4049 1409 4122 τὴν
1445 4050 1621 4121 πνοήν
1647 4064 1660 4080 ·
1701 4048 1735 4120 ή
1766 4048 1880 4119 γὰρ
1930 4109 1935 4113 _

276 4140 488 4211 μεταξὺ
512 4141 671 4213 χώρα
702 4140 801 4195 τοῦ
828 4142 1130 4213 οἰσοφάγον
1155 4144 1251 4197 καὶ
1291 4145 1391 4214 τῆς
1422 4143 1690 4216 τραχείας
1710 4143 1879 4213 ἀρτη-

273 4235 423 4306 ρίας,
461 4234 657 4305 ἰσθμὸς
683 4233 963 4298 καλεῖται,
990 4235 1143 4305 παρὰ
1180 4234 1240 4289 τὸ
1262 4236 1308 4268 ⁸⁸
1337 4234 1405 4288 δι’
1432 4234 1606 4289 αὐτοῦ
1636 4235 1871 4289 εἰσιέναι

269 4327 342 4378 τὰ
382 4323 654 4395 βρώματα
689 4323 782 4378 καὶ
822 4325 891 4378 τὰ
924 4324 1151 4396 πόματα
1178 4325 1246 4380 ⁸⁸.
1281 4325 1448 4381 Ὅθεν
1475 4325 1573 4379 καὶ
1617 4326 1878 4394 παρισθ-

264 4407 377 4487 [ria
404 4416 502 4470 καί¹
538 4414 884 4483 ἀντιάδεςθί
931 4416 1213 4485 λέγονται,
1259 4417 1351 4471 διὰ
1403 4418 1465 4471 τὸ
1522 4417 1876 4472 ἀντικεῖσθαι

1981 3594 2196 3639 meatus
2230 3584 2298 3639 ad
2330 3584 2516 3638 alvum
2544 3583 2742 3648 tendit,
2780 3598 2878 3653 per
2916 3599 3081 3653 quem
3114 3583 3221 3655 ipsi
3265 3584 3593 3641 alimentum

1992 3676 2464 3733 subministratur.
2534 3673 2664 3731 Inde
2693 3673 2991 3746 οἰσοφάγον
3021 3676 3169 3732 dicta
3232 3677 3300 3732 ὲκ
3356 3678 3456 3733 τοῦ
3501 3678 3604 3734 οἵω

1989 3768 2055 3822 τὸ
2101 3767 2340 3839 κομίζω,
2384 3766 2535 3838 quod
2556 3767 2961 3833 videlicetalvo
2990 3768 3315 3825 alimentum
3378 3770 3595 3827 alferat.

1991 3858 2061 3916 Et
2106 3861 2225 3931 ipsa
2262 3860 2487 3930 quidem
2540 3860 2726 3915 nervis
2754 3857 2979 3925 referta,
3027 3869 3083 3917 et
3128 3862 3291 3934 quasi
3340 3862 3605 3919 intestino

1980 3952 2180 4007 similis
2218 3961 2324 4009 est.
2358 3950 2465 4007 Sed
2495 3959 2551 4007 et
2582 3952 2841 4016 tonsillae,
2881 3968 3006 4024 qua:
3036 3954 3108 4010 ab
3134 3954 3222 4011 his
3253 3954 3600 4027 παρισθμια,

1982 4041 2228 4099 faucium
2279 4043 2521 4115 gutturis
2575 4044 2890 4101 caruncula:
2940 4055 3109 4113 sunt,
3169 4047 3438 4104 musculis
3477 4063 3605 4104 ner-

1980 4137 2179 4208 visque
2209 4136 2455 4203 refertze,
2482 4135 2800 4209 παρίσθμια
2832 4136 2905 4193 ob
2923 4138 3028 4193 loci
3059 4140 3368 4210 angustiam
3402 4140 3457 4195 in
3489 4156 3604 4212 quo

1981 4227 2302 4284 consistunt
2332 4227 2495 4284 dictae
2528 4227 2677 4298 quod
2709 4227 2900 4284 isthmi
2942 4228 3365 4285 similitudinem
3398 4245 3607 4299 reprae-

1982 4328 2241 4387 sentent;
2278 4335 2406 4375 nam
2439 4320 2676 4376 isthmos
2695 4330 2969 4392 angustus
2995 4322 3152 4378 locus
3173 4331 3281 4387 est,
3304 4338 3405 4394 per
3433 4338 3602 4394 quem

1982 4415 2234 4487 spiritus,
2267 4414 2421 4470 intus
2482 4430 2549 4471 ac
2579 4423 2759 4482 extra,
2800 4416 3168 4487 reciprocatio
3202 4426 3371 4473 meat.
3411 4418 3603 4488 Siqui-

268 4507 548 4578 ἀλλήλοις.
602 4508 764 4572 Τινὲς
826 4507 887 4561 δὲ
941 4509 1038 4563 καὶ
1083 4508 1327 4580 ,βράγχη
1383 4509 1646 4564 καλοῦσιν
1705 4510 1874 4565 αὑτά·

290 4601 508 4655 ἐκεῖθεν
535 4600 647 4673 γὰρ
677 4601 776 4654 καί⁵
801 4600 863 4654 τδ
912 4601 1183 4673 βραγχιᾷν
1237 4603 1412 4668 πάθος
1460 4604 1701 4673 γίνεται.
1760 4604 1880 4659 Πᾶν

1981 4517 2130 4584 dem,
2177 4518 2389 4587 capedo
2420 4517 2601 4573 media
2652 4518 2795 4573 inter
2823 4519 3007 4587 gulam
3049 4528 3106 4574 ct
3148 4534 3402 4590 asperam
3452 4527 3607 4574 arte-

1983 4610 2122 4667 riam
2168 4610 2409 4665 isthmos
2452 4611 2677 4678 dicitur,
2728 4610 2841 4665 ἀπὸ
2879 4611 2977 4665 τοῦ
3006 4611 3257 4676 εἰσιέναι,
3301 4612 3451 4683 quod
3504 4627 3606 4683 per

287 4693 399 4763 γὰρ
430 4692 599 4765 ὑγρὸν
617 4695 681 4746 ὲκ
704 4692 1013 4765 φάρυγγος,
1042 4696 1138 4747 καὶ
1172 4694 1473 4766 λάρυγγος,
1500 4697 1595 4750 καί
1618 4697 1752 4768 βραγ
1764 4696 1878 4768 χῶν

1989 4699 2167 4771 ipsum
2200 4699 2455 4755 videlicet
2484 4715 2610 4771 quae
2664 4715 2765 4756 csu
2806 4708 3055 4772 potuque
3077 4710 3398 4769 sumuntur,
3452 4704 3605 4760 intus

269 4784 535 4854 φέρεται·
563 4785 672 4838 είσί
716 4784 775 4837 δὲ
829 4784 899 4837 τὰ
949 4783 1167 4858 βράγχη
1200 4785 1246 4818 ⁸⁸
1299 4786 1504 4856 σαρκία
1540 4788 1755 4857 μυώδη.
1805 4788 1870 4841 Ἡ

1989 4791 2356 4861 ingrediantur
2388 4807 2455 4847 ac
2498 4800 2807 4862 penetrem.
2866 4793 3070 4850 Adhaec
3116 4803 3299 4851 autem
3344 4795 3602 4880 tonsillae,

267 4878 425 4953 πᾶσα
472 4877 655 4931 τοίνυν
681 4876 777 4930 τοῦ
819 4877 1091 4948 στόματος
1142 4877 1302 4950 χώρα
1346 4879 1587 4950 φάρυγξ
1640 4882 1861 4949 λέγεται

1989 4899 2095 4955 [me
2140 4893 2195 4938 et
2255 4884 2608 4957 παρίσθμια,
2646 4885 2742 4940 καὶ
2812 4885 3100 4952 ἀνθιάδες,
3145 4888 3308 4959 quasi
3367 4876 3601 4945 invicem

202 5010 203 5013 η
270 4969 366 5022 καὶ
394 4968 630 5037 λάρυγξ
653 4986 668 5001 ·
707 4970 768 5022 τὸ
799 4970 900 5041 μὲν
929 4969 1202 5041 ἐσώτερον
1235 4970 1472 5041 λάρυγξ
1492 5013 1508 5038 ,
1542 4973 1602 5028 τὸ
1635 4973 1694 5027 δὲ
1734 4973 1870 5041 ἐξώ-

1989 4976 2338 5034 adversantes
2402 4980 2514 5034 sint
2561 4979 2869 5036 dicuntur:
2927 4984 3245 5040 caruncuhe
3292 4983 3441 5039 enim
3498 4984 3608 5041 iure

265 5077 325 5115 τε
334 5079 424 5131 ρον
466 5060 727 5130 φάρυγξ.

1989 5084 2039 5123 rx
2085 5070 2317 5125 adverso
2349 5070 2583 5127 invicem
2624 5073 2962 5130 etmsistunt.
3005 5073 3146 5131 Sunt
3172 5077 3267 5148 qui
3307 5092 3403 5133 eas
3438 5079 3605 5134 bran-

268 5156 422 5212 clr'as
488 5157 931 5224 dictitant;inde
995 5159 1141 5214 enim
1167 5161 1354 5230 passio
1421 5176 1545 5232 qua:
1614 5161 1860 5237 raucedo
1939 5167 2245 5237 appellatur
2299 5168 2569 5240 originem
2614 5170 2804 5227 trahit.
2875 5171 3091 5230 Etenim
3147 5176 3333 5232 oumis
3406 5177 3608 5231 humor

267 5262 334 5300 ex
381 5245 632 5315 faucibus
685 5250 924 5319 gutturis
977 5259 1034 5305 et
1078 5266 1144 5306 ex
1223 5260 1445 5322 gutture
1483 5255 1650 5325 ipso,
1706 5270 1920 5311 necnon
1961 5274 2028 5313 ex
2077 5259 2357 5317 branchiis
2417 5261 2612 5319 fertur.
2668 5262 2960 5321 Branchia:
3031 5275 3253 5332 autem,
3327 5284 3608 5325 caruncu-

268 5341 335 5397 lre
364 5343 694 5400 musculosa
717 5353 873 5401 sunt.
916 5344 1111 5402 Omnis
1141 5347 1328 5419 itaque
1379 5351 1494 5405 oris
1569 5351 1816 5423 capedo,
1862 5354 2105 5423 gutturis
2148 5355 2335 5412 fauces
2386 5367 2441 5413 et
2513 5367 2702 5429 guttur
2758 5372 3136 5433 nuncupatur.
3180 5362 3337 5429 Quod
3379 5365 3603 5436 quidem

269 5436 449 5509 magis
482 5437 633 5495 intus
698 5440 906 5511 vergit,
972 5452 1183 5512 guttur,
1214 5445 1360 5515 quod
1404 5462 1536 5502 vero
1566 5448 1813 5506 exterius
1838 5460 1942 5516 est,
1986 5448 2172 5509 fauces
2202 5455 2445 5525 gutturis
2460 5463 2607 5511 recte
2624 5456 2856 5528 quilibet
2885 5458 3071 5515 dicere
3099 5468 3287 5530 queat.

343 5753 391 5785 '°
406 5751 488 5841 ,τὸ
516 5752 829 5841 ἀπολαύειν.
857 5756 927 5841 ⁸Β.
1095 5758 1277 5841 μόνον*
1429 5762 1475 5794 ⁵’
1519 5762 1704 5841 πλεζον
1738 5764 1827 5841 Β..
1878 5764 1925 5795 ⁵³
1958 5765 2262 5834 συνέθηκεν
2297 5768 2359 5831 B,
2391 5768 2537 5823 ἐνέθ.
2569 5768 2627 5822 Ρ.
2721 5770 2769 5801 ⁸⁸
2794 5769 3077 5841 ἀναπνοὴν
3108 5772 3174 5825 Α.
3270 5772 3316 5803 ⁸⁸
3348 5771 3601 5840 παχύνη-

270 5840 380 5912 τρι,
406 5822 467 5879 Β.
542 5823 591 5911 ξ’
694 5841 803 5912 oin.
844 5829 935 5909 A._
998 5828 1043 5859 "
1077 5822 1413 5903 παρισθίμια
1456 5835 1517 5886 Δ.
1596 5833 1640 5864 ⁸³
1674 5834 1874 5887 ὲττίΒ.
1954 5838 1997 5866 ³³
2031 5822 2223 5893 coiit.
2302 5822 2443 5892 Μ’τᾶ
2486 5822 2624 5894 ποτὰ
2652 5857 2705 5894 κ,
2736 5858 2785 5896 τ,
2826 5822 3241 5912 βρνεέέμςἯξ-ὐ
3286 5844 3343 5897 αἱ
3380 5822 3502 5898 αῖς.
3541 5822 3600 5898 ὑ.

272 5895 318 5926 θ’
351 5891 591 5966 βραγχία
622 5897 667 5949 Λ
703 5896 766 5951 Ρ.
801 5909 855 5953 ct
893 5899 973 5956 sic
996 5891 1181 5969 supra:
