4204 6456
265 436 403 496 1209

1521 433 1608 488 DE
1644 431 1932 490 N.\‘TURA
1979 428 2289 487 IIOMINIS.

3442 424 3583 485 ιειο

261 549 613 622 ικατέρωθεν
644 548 703 603 αἱ
735 546 997 620 πλευραὶ,
1030 544 1290 616 καθάπερ
1317 547 1415 601 καὶ
1452 548 1503 601 οί
1527 550 1822 603 σπὸνδυλοι
1842 566 1859 582 ·
1897 601 1900 612 ,

2010 551 2245 605 ictitant.
2303 544 2398 602 Hae
2448 543 2676 616 quidem
2730 556 2968 598 numero
3006 538 3259 611 quinque
3300 536 3601 601 habentur.

262 643 634 714 διήρθρωνται
664 639 711 673 ³⁸
759 640 870 711 γὰρ
920 637 1133 708 ἑκάστη
1187 638 1330 708 πρὸς
1379 638 1498 698 ἕνα.
1552 641 1625 693 τὰ
1674 642 1733 693 δὲ
1770 640 1867 695 τοῦ

262 733 493 805 στέρνου
554 730 980 803 συνήρθρωνται
1006 728 1051 760 ³⁸
1098 728 1379 800 ἀλλήλοις.
1440 728 1619 784 Ἑπτὰ
1667 730 1726 784 δὲ
1778 732 1873 785 τὸν

262 824 505 895 ἀριθμόν
531 826 695 877 εἰσιν·
732 823 859 875 ὅσαι
894 822 990 874 καὶ
1019 822 1076 875 αἱ
1111 821 1251 889 πρὸς
1277 820 1413 874 αύτδ
1436 822 1873 894 διαρθρούμεναι

263 916 531 987 πλευραί·
581 914 659 977 ὠς
708 908 854 966 εἶναι
899 912 1002 977 τὰς
1044 913 1225 975 πάσας
1255 912 1301 944 ³⁸
1333 913 1513 966 εἴκοσι
1563 914 1873 987 τέσσαρας·

263 984 477 1061 δώδεὶα
508 1005 635 1059 καθ’
665 1006 931 1075 ἑκάτερον
957 1005 1128 1075 μέρος
1154 1004 1650 1076 συναρθρουμένας
1682 984 1749 1037 ³¹¹·
1770 1006 1875 1068 τὰς

270 1096 372 1165 μὲν
400 1094 635 1161 δώδεκα,
666 1097 783 1159 τοῖς
812 1093 1025 1147 δώδεκα
1061 1093 1384 1157 σπονδύλοις
1412 1094 1509 1148 106
1541 1095 1739 1161 νώτου,
1769 1096 1874 1161 τὰς

264 1187 418 1263 δι-γε
441 1189 625 1254 πέντε,
654 1190 721 1259 τῇ
741 1185 928 1256 ὀσφύϊ·
948 1187 1003 1238 αἱ
1029 1186 1087 1240 δὲ
1114 1185 1281 1251 ἑπτὰ,
1308 1186 1390 1256 τῷ
1420 1186 1654 1258 στέρνῳ,
1682 1186 1873 1254 καθὼς

267 1278 513 1348 εἴρηται.

1979 652 2036 697 et
2070 651 2227 711 septo
2290 650 2610 695 transverso
2662 636 2981 699 coluerent,
3041 649 3109 689 ac
3158 630 3395 688 invicem
3451 640 3605 687 recto

1980 730 2178 784 ordine
2245 728 2615 785 consistentes
2654 765 2669 790 ,
2736 726 2793 779 in
2862 721 3251 793 cartilaginem
3313 719 3603 775 desinunt.

1983 819 2232 890 Reliqua:
2268 835 2404 874 vero
2431 828 2603 873 costa:
2637 816 2945 887 spinaque,
2975 812 3249 869 vertebra:
3276 819 3333 866 et
3371 815 3565 879 pectus
3586 846 3605 871 ,

1988 913 2235 969 thoracis
2270 928 2401 969 ossa
2450 922 2605 968 sunt.
2636 908 2911 977 Quaelibet
2955 923 3106 979 pars,
3156 905 3423 974 utrinque
3466 902 3610 956 duo-

1982 1007 2155 1061 denas
2188 1016 2397 1069 costas,
2456 1004 2605 1075 quod
2658 1012 2714 1058 et
2784 1002 2945 1072 spina
2993 998 3283 1055 vertebras
3334 994 3606 1058 continet,

1981 1114 2219 1171 quarum
2262 1098 2524 1170 quaelibet
2570 1096 2809 1169 singulis
2862 1092 3137 1150 vertebris
3184 1089 3605 1159 coai;ticulatur.

1986 1192 2059 1246 At
2130 1191 2371 1262 pectoris
2430 1206 2555 1247 ossa
2589 1229 2605 1254 ,
2664 1204 2791 1257 quae
2863 1187 3245 1258 septenarium
3308 1194 3609 1238 numerum

1980 1281 2227 1353 explent,
2265 1282 2731 1338 dearticulatione
2778 1281 3015 1336 invicem
3045 1278 3380 1348 junguntur,
3413 1286 3613 1344 quem-

268 1374 569 1429 admodum
608 1380 664 1427 et
711 1381 900 1436 costa,
945 1385 1088 1442 quae,
1115 1370 1218 1439 ipsi
1250 1379 1380 1426 sunt
1412 1371 1874 1428 dearticulatione
1934 1375 2266 1445 conjunctae.
2338 1373 2552 1446 Itaque,
2583 1382 2770 1429 costas
2836 1386 3032 1428 omnes
3072 1383 3311 1425 numero
3357 1376 3601 1465 quatuor

268 1486 437 1540 supra
484 1468 676 1539 viginti
713 1482 835 1524 esse
867 1478 1101 1523 constat.
1132 1468 1217 1523 Ab
1255 1477 1493 1537 utraque
1519 1469 1669 1524 enim
1732 1479 1885 1539 parte
1959 1471 2251 1537 duodena},
2304 1473 2455 1529 dorsi
2515 1471 2827 1539 vertebris,
2881 1484 3007 1540 quae
3062 1466 3293 1521 totidem
3375 1477 3612 1519 numero

270 1573 423 1629 sunt,
454 1561 909 1625 coarticulantnr,
944 1575 1180 1629 quarum
1250 1560 1499 1631 quinque
1538 1560 1743 1618 lumbis
1810 1562 1947 1633 ipsis
1983 1566 2370 1637 applicantur,
2426 1573 2637 1636 septem
2697 1578 2830 1619 vero
2887 1578 3016 1618 cum
3084 1570 3340 1631 pectore,
3407 1571 3611 1627 quem~

272 1659 571 1714 admodum
601 1656 845 1711 diximus
869 1697 884 1723 ,
920 1654 1191 1725 copulata:
1225 1663 1379 1709 sunt.

343 1771 567 1833 Ταύτας
592 1771 650 1825 δι
674 1770 776 1835 τὰς
808 1770 854 1804 ⁸⁸
895 1771 1039 1824 ἑπτὰ
1069 1768 1411 1835 ύποξωννύει
1442 1770 1539 1823 καὶ
1581 1770 1879 1841 ύπαλείφει

2065 1770 2177 1827 Has
2210 1783 2394 1827 autem
2455 1780 2667 1843 septem
2723 1780 2930 1834 costas,
2980 1767 3297 1824 communis
3354 1768 3610 1839 quaedam

272 1879 362 1924 1t;
419 1862 568 1933 ὑμὴν
628 1861 849 1924 κοινὸς,
907 1860 967 1925 ὃς
1017 1862 1131 1915 ἀπὸ
1180 1863 1283 1933 τῆς
1332 1863 1526 1932 χρείας
1578 1861 1885 1928 ύπεζωκὼς

2007 1866 2314 1921 nembrana
2389 1881 2499 1936 qua
2560 1875 2730 1921 costa:
2768 1872 3058 1934 teguntur,
3109 1879 3235 1933 qua:
3296 1860 3614 1927 ύπεζωκὼς

276 1954 620 2026 ὠνόμασται.
673 1953 935 2021 Ἐγένετο
971 1953 1030 2007 δὲ
1085 1944 1242 2017 οὗτος
1294 1954 1323 2005 ὀ
1370 1953 1524 2024 ὑμὴν
1578 1956 1736 2025 παρὰ
1782 1956 1886 2025 τῆς

2007 1957 2101 2028 90
2137 1957 2674 2028 dicitur,subcingit
2723 1956 2980 2027 velatque
3045 1956 3115 2011 ab
3145 1953 3315 2010 oﬂicii
3346 1953 3616 2009 videlicet

278 2045 574 2119 προνοίας,
620 2045 712 2100 ἶνα
750 2046 825 2116 μὴ
862 2044 945 2117 τῷ
995 2043 1264 2116 πνεύμονι
1302 2046 1534 2117 ὰμέοως
1582 2047 1888 2119 ὁμιλοῦσα,

2007 2050 2277 2106 'unctione
2315 2051 2466 2121 quod
2498 2051 2704 2121 explet,
2742 2050 2818 2105 ita
2847 2048 3143 2120 appellata.
3173 2046 3361 2101 Talem
3385 2046 3612 2118 quidem

279 2140 392 2195 τῶν
408 2139 587 2193 ὀστῶν
615 2142 648 2210 ὴ
679 2139 843 2192 οὐσία
878 2138 1094 2210 σκληρὰ
1120 2138 1216 2191 καὶ
1238 2137 1540 2203 ἀντίτυπος
1567 2135 1727 2206 οὖσα,
1758 2141 1892 2213 ἀνιᾷ

2007 2143 2376 2198 membranam
2428 2142 2711 2199 Creatoris
2756 2140 3100 2213 providentia
3140 2138 3276 2193 inibi
3299 2138 3613 2202 constituit,

282 2234 449 2289 αὑτὸν
493 2235 588 2286 καὶ
628 2231 947 2303 δπιπλήσσῃ
990 2233 1059 2302 τῇ
1108 2230 1481 2303 προσψαύσει.
1532 2232 1657 2286 Εἰσὶ
1689 2233 1748 2286 δὲ
1795 2234 1892 2288 καὶ

2007 2251 2065 2291 ne
2090 2234 2305 2291 scilicet
2332 2235 2544 2291 ossium
2583 2233 2920 2298 substantia,
2962 2246 3089 2303 quae.
3126 2245 3325 2302 aspera
3355 2244 3421 2285 ac
3461 2229 3614 2284 relu-

285 2326 433 2382 κατὰ
464 2326 565 2391 τὰς
605 2326 806 2391 λοιπὰς
853 2324 1102 2395 πλευρὰς
1152 2324 1548 2396 μεσοπλεύριοι
1588 2325 1763 2397 μῢες.
1794 2327 1892 2391 οὓς

2007 2335 2159 2383 etans
2180 2334 2288 2391 est,
2344 2336 2571 2398 repente
2629 2326 2842 2396 absque
2892 2323 3079 2378 medio
3121 2323 3308 2393 aliquo
3362 2319 3615 2392 pulmoni

285 2421 386 2472 καὶ
417 2418 648 2489 φρένας
680 2417 943 2472 καλοῦσι·
985 2417 1081 2470 διὰ
1116 2416 1179 2470 τδ
1213 2420 1519 2490 φρενητιᾷν
1549 2419 1595 2452 ³⁸
1621 2421 1752 2484 τοὺς
1796 2421 1895 2474 ἁν-

2007 2434 2326 2486 oceurrens,
2377 2420 2599 2475 dolores
2629 2418 2738 2490 ipsi
2781 2416 3016 2490 inﬂigat,
3072 2416 3344 2485 illumque
3382 2427 3496 2485 pra
3526 2412 3617 2468 sui

288 2510 583 2585 θρώπους,,
623 2512 858 2565 ἐκείνων
903 2509 1375 2581 φλεγμαινόντων.
1409 2511 1582 2566 Οὐδὲν
1620 2514 1732 2583 γάρ
1776 2514 1896 2567 ἐστι

2007 2520 2149 2567 tactu
2178 2512 2372 2567 reddat
2401 2511 2722 2567 attonitum.
2766 2508 2910 2565 Sunt
2946 2508 3172 2579 quidem
3208 2516 3262 2562 et
3289 2506 3441 2561 circa
3473 2505 3616 2559 alius

290 2602 577 2672 πλευρῖτις
604 2643 620 2668 ,
658 2604 707 2656 εί
735 2600 815 2673 μὴ
837 2597 1125 2671 φλεγμονὴ
1154 2597 1252 2679 106
1281 2600 1381 2665 τὰς
1411 2600 1653 2673 πλευρὰς
1684 2602 1900 2666 ὑπεζω-

2007 2615 2187 2660 costas
2217 2604 2477 2670 musculi,
2509 2603 2601 2675 qui
2634 2601 3009 2659 intercostiles
3051 2599 3339 2664 dicuntur,
3378 2611 3523 2668 quos
3563 2603 3620 2651 et

290 2694 452 2757 κότος
482 2694 707 2763 ὑμένος.

2007 2697 2247 2767 pbrenas
2296 2702 2656 2768 nuncupant.
2698 2693 2965 2765 quoniam
3002 2693 3059 2746 in
3105 2689 3427 2762 phrenesim
3489 2687 3621 2757 ipsi.

292 2788 400 2843 hoc
422 2798 507 2843 est
538 2789 589 2843 in
620 2789 1061 2856 insaniam,cum
1093 2806 1190 2849 eos
1255 2800 1567 2847 tumescere
1632 2792 1859 2858 accidit,
1885 2791 2171 2849 hominem
2203 2794 2453 2867 adigunt.
2516 2792 2666 2848 Nihil
2714 2791 2864 2847 enim
2912 2788 3064 2847 aliud
3122 2785 3413 2860 plenresis,
3451 2798 3621 2857 quam

291 2881 630 2938 membrana
650 2895 830 2940 tumor
848 2900 973 2955 qua:
992 2892 1177 2941 costas
1199 2885 1480 2955 subciugit
1499 2884 1773 2955 velatque,
1799 2894 1905 2940 est.

365 3016 527 3080 Τινὲς
560 3015 619 3071 δὲ
650 3016 715 3071 τὸ
756 3016 1104 3088 διάφραγμα
1144 3019 1241 3071 καὶ
1285 3018 1379 3071 τὸν
1409 3014 1757 3077 ὑπεζωκότα
1802 3016 1900 3070 ἕνα

2082 3020 2225 3077 Sunt
2262 3022 2357 3092 qui
2406 3032 2624 3092 septum
2687 3027 3095 3083 transversum,
3153 3023 3210 3073 et
3258 3021 3448 3071 costas
3490 3010 3627 3069 sub-

296 3104 572 3159 ύπιλασον
607 3102 751 3159 εῖναι
802 3107 1016 3176 ὑμένα·
1053 3108 1155 3161 οὐκ
1201 3108 1349 3160 εστιν
1390 3106 1469 3160 δέ.
1517 3106 1683 3160 Ἀλλο
1703 3107 1750 3139 ⁸⁸
1791 3109 1900 3177 γὰρ

2007 3117 2318 3185 cingentem
2365 3116 2769 3178 membranam,
2818 3126 2985 3165 unam
3046 3108 3412 3177 eamdemque
3442 3119 3623 3159 mem-

296 3198 529 3263 δκεῖνος,
563 3198 660 3252 καὶ
684 3198 814 3252 ἄλλο
836 3198 881 3230 ⁸³
909 3192 1088 3262 οὗτος.
1136 3198 1381 3261 Ἐκεῖνος
1416 3198 1518 3268 μὲν
1552 3197 1665 3268 γὰρ
1696 3198 1900 3267 διαχω-

2007 3211 2240 3266 branam
2274 3222 2421 3273 esse,
2446 3209 2542 3262 sed
2575 3223 2686 3262 non
2729 3215 2878 3261 recte
2902 3201 3113 3272 opinati
3164 3209 3316 3257 sunt.
3349 3196 3487 3253 Nam
3513 3198 3623 3254 alia

299 3289 437 3362 ρίζει
476 3291 549 3345 τά
581 3308 641 3345 τε
671 3292 729 3344 ὲν
758 3290 837 3362 τῷ
868 3290 1107 3362 θώρακι,
1137 3292 1234 3345 καὶ
1275 3290 1346 3343 τὰ
1393 3291 1499 3343 ὑπὸ
1546 3290 1638 3343 τὸν
1672 3289 1900 3362 Θώρακα

2007 3303 2230 3375 quidem
2266 3302 2381 3365 illa,
2413 3300 2519 3355 alia
2540 3314 2672 3354 vero
2695 3299 2811 3353 haec.
2831 3296 3086 3351 habetur.
3114 3292 3343 3365 Septum
3382 3306 3628 3362 namque

299 3384 609 3454 σπλάγχνα,
641 3383 740 3437 καὶ
769 3384 870 3453 τὴν
904 3381 1186 3453 ἀναπνοὴν
1220 3384 1469 3453 ἐνεργεῖ,
1506 3381 1696 3446 καθὼς
1728 3382 1900 3455 ἔφθην

2010 3406 2413 3459 transversum,
2444 3408 2507 3448 ea
2568 3407 2694 3462 qua:
2725 3392 2778 3445 in
2812 3393 3039 3445 thorace
3070 3397 3221 3449 sunt.
3252 3394 3309 3442 et
3342 3400 3469 3457 quae
3518 3385 3627 3449 sub

298 3475 500 3529 εἰπών·
536 3469 693 3539 0610;
726 3475 785 3529 δὲ
825 3475 924 3539 τὰς
972 3475 1216 3547 πλευρὰς
1263 3474 1639 3540 ὑποζωννύει,
1674 3477 1771 3529 καὶ
1810 3476 1906 3530 τὸν

297 3570 583 3638 πνεύμονα
624 3566 978 3637 διαφυλάττει
1027 3568 1128 3639 τῆς
1168 3566 1379 3621 τούτων
1436 3567 1662 3638 βλάϐης.
1703 3568 1809 3621 Τὺν
1847 3568 1907 3621 δὲ

297 3662 394 3715 106
433 3660 855 3730 διαφράγματος
896 3659 1072 3730 ὑμένα
1111 3660 1493 3728 περιπεπλον
1524 3659 1778 3729 λέγουσι·
1816 3659 1909 3713 διὰ

296 3752 363 3806 1b
402 3743 805 3823 περιειλεῖσθαι
832 3752 877 3783 δ’
917 3751 1084 3805 αὐτὸν
1123 3754 1239 3815 τοῖς
1286 3751 1644 3822 σπλάγχνοις.
1678 3754 1747 3805 Ἦ
1799 3752 1906 3807 πέ-

298 3849 481 3908 πλον,
511 3846 602 3899 διὰ
631 3845 694 3898 τὸ
724 3843 1115 3912 ύφαπλοῦσθαι
1144 3844 1212 3876 ⁸³η
1243 3843 1277 3914 ἢ
1307 3843 1503 3909 πάτος
1536 3844 1647 3898 ἀπὸ
1678 3845 1771 3898 106
1808 3863 1910 3899 πε-

301 3937 532 4007 πῆχθαι,
572 3938 667 3991 καὶ
696 3933 809 3991 οἷον
840 3937 1199 4008 συνεσφίχθαι
1222 3954 1237 3969 ·
1271 3937 1354 3991 διὸ
1378 3938 1473 3991 καὶ
1498 3938 1527 3991 ὁ
1556 3938 1908 4009 Καλλίμαχος

300 4030 478 4095 οὔτως
500 4031 627 4103 ἔφη·
662 4032 845 4102 Ἥρης
891 4033 1086 4102 ἁγνὸν
1106 4034 1484 4104 ὑφηνέμεναι
1509 4034 1652 4103 τῇσι
1676 4036 1911 4105 μέμηλε

303 4120 495 4189 πάτος
516 4121 584 4175 ⁸⁸.
614 4122 736 4176 Εἰσὶ
752 4123 811 4176 δὲ
835 4126 978 4177 κατά
1010 4125 1200 4195 σχῆμα
1226 4126 1281 4178 αἱ
1306 4125 1548 4195 πλευραὶ
1576 4128 1677 4197 οὐχ
1698 4128 1907 4196 ὅμοιαι·

302 4212 422 4266 ἀλλ’
453 4215 509 4265 αἱ
550 4213 651 4282 μὲν
681 4214 1028 4283 ἐπικαμπεῖς
1050 4254 1066 4278 ,
1098 4216 1156 4268 αἱ
1184 4216 1242 4268 δὲ
1274 4216 1641 4269 ἀνανεύουσαι
1687 4217 1826 4285 πρὸς
1852 4217 1915 4270 τὸ

306 4306 533 4375 στέρνον
554 4323 567 4337 ·
593 4305 656 4358 1b
687 4305 840 4368 τέλος
870 4307 1097 4377 ἔχουσαι
1131 4306 1381 4377 χόνδρον,
1413 4307 1531 4361 ἀλλ’
1567 4308 1670 4361 οὐκ
1698 4308 1912 4361 ὀστοῦν.

305 4396 652 4469 Στρογγύλαι
686 4397 787 4468 μὲν
821 4398 976 4452 ἔνθεν
997 4439 1012 4465 ,
1042 4398 1253 4452 ἐκεῖθεν
1290 4398 1347 4452 δὲ
1398 4400 1680 4453 πλατεῖαι·
1714 4401 1918 4453 ὲναπου

307 4488 531 4543 δέουσαι
566 4489 861 4560 ἀλλήλαις,
896 4491 993 4544 καὶ
1033 4491 1502 4560 ἐναπομὲνουσαι.
1550 4491 1818 4562 Εἶρηνται
1857 4491 1915 4543 δὲ

309 4580 592 4650 πλειφαὶ,
624 4582 709 4635 ὅτι
752 4582 986 4652 πλήρεις
1031 4583 1140 4635 elei
1192 4582 1410 4652 μυελῶν
1459 4581 1912 4653 ἀναμυχωτοί·ἢ

308 4672 424 4728 οἷον
452 4674 779 4746 πολυευραὶ,
807 4675 883 4738 ὼς
920 4674 1173 4727 πλατεῖαι
1207 4676 1306 4727 καὶ
1332 4675 1522 4746 χώραν
1564 4676 1770 4745 πολλὴν
1801 4675 1916 4727 δια-

310 4765 667 4835 κατέχουσαν
698 4766 731 4838 ἢ
764 4765 1049 4838 πολυωραὶ
1079 4764 1261 4831 οὖσαι,
1297 4766 1375 4830 ὡς
1411 4769 1795 4836 φυλάσσουσαι
1822 4769 1920 4821 καὶ⁴

311 4859 671 4931 περιέχουσαι
723 4860 817 4913 τὸν
864 4859 1173 4930 πνεύμονα,
1224 4860 1324 4929 τὴν
1377 4861 1643 4931 καρδίαν,
1681 4861 1776 4913 καὶ
1816 4860 1919 4929 τὴν

310 4952 582 5023 γαστέρα·
611 4952 722 5005 ἀπὸ
751 4952 848 5006 106
887 4953 1073 5023 ὼρεῖν,
1094 4954 1261 5024 ήγουν
1296 4953 1621 5021 φυλάττειν·
1653 4953 1748 5007 καὶ
1769 4971 1917 5024 κηπ-

325 5045 493 5113 ωρὸς,
534 5047 631 5098 καὶ
660 5046 910 5116 θυρωρὸς
944 5046 1003 5111 ἐξ
1037 5046 1228 5101 αὑτοῦ·
1261 5047 1338 5110 ὼς
1371 5047 1467 5100 καὶ
1508 5046 1779 5108 Ἡσίοδος·

2009 3489 2130 3558 ipso
2150 3488 2462 3543 consistunt
2489 3485 2726 3548 viscera,
2760 3481 3134 3544 disterminat,
3160 3484 3216 3533 et
3239 3477 3628 3547 respirationis

2010 3580 2256 3634 ofﬁcium
2291 3578 2534 3640 exhibet,
2569 3575 2652 3631 uti
2689 3574 2846 3645 prius
2869 3588 2997 3629 cum
3039 3572 3107 3627 de
3131 3571 3220 3626 his
3272 3584 3494 3643 agerem
3529 3584 3630 3623 ex-

2011 3669 2210 3737 plin-avi
2248 3684 2264 3733 ;
2302 3667 2471 3720 altera
2503 3680 2634 3721 vero
2664 3672 2848 3719 costas
2882 3659 3185 3729 subcingit,
3216 3667 3271 3714 et
3310 3658 3630 3729 pulmonem

2012 3759 2314 3826 quominus
2342 3756 2411 3809 ab
2471 3754 2607 3823 ipsis
2653 3752 2776 3809 laedi
2838 3760 3028 3821 queat,
3057 3750 3238 3805 reddit
3280 3754 3626 3817 exemptum.

2014 3850 2175 3905 Enim
2210 3864 2362 3915 vero,
2387 3845 2848 3917 diaphragmatis,
2887 3844 2994 3899 hoc
3016 3852 3102 3898 est
3142 3842 3283 3912 septi
3325 3839 3633 3896 transversi

2016 3943 2420 4004 membranam,
2451 3938 2769 4011 περίπλοον,
2819 3937 2969 4007 (ιιιοὰ
3026 3935 3338 3990 visceribus
3386 3931 3635 3987 involva-

2018 4047 2104 4091 tur
2164 4042 2505 4102 nuncupant.
2557 4030 2687 4085 Sive
2746 4029 2947 4100 peplon
2997 4026 3169 4081 διὰτὸ
3219 4023 3632 4097 ύφαπλοῦσθαι,

2017 4128 2163 4199 quod
2183 4127 2433 4181 videlicet
2461 4125 2565 4193 ipsi
2594 4125 2645 4178 in
2678 4124 2819 4193 pepli
2845 4122 3071 4177 modum
3104 4120 3517 4182 substernatur,
3548 4117 3636 4172 vel

2018 4222 2214 4281 πάτος,
2264 4218 2374 4271 ἀπὸ
2418 4215 2514 4269 106
2570 4215 2875 4286 mnﬁxﬁat.
2908 4214 3006 4267 καὶ
3069 4208 3182 4265 οἷον
3246 4208 3633 4280 συνεσφίχθαι,

2019 4311 2166 4379 quod
2181 4319 2526 4378 compactum
2544 4322 2669 4363 esse
2681 4307 3153 4375 constrictamque
3165 4304 3635 4373 interpretareris.

2023 4400 2094 4457 Ut
2124 4403 2503 4457 Callimachus
2550 4400 2730 4471 inquit
2777 4418 2791 4453 :
2845 4399 3032 4471 Ἥρης
3067 4398 3237 4465 ἁγνὸν
3297 4397 3639 4467 ὕφη-θέμεναι

2020 4498 2147 4565 τῇσι
2182 4493 2395 4564 μέμηλε
2425 4493 2615 4557 πάτος,
2654 4492 2803 4562 quod
2848 4491 3086 4547 studiosi
3128 4504 3229 4560 pro
3275 4490 3361 4545 sui
3408 4488 3642 4543 arbitrio

2024 4588 2471 4657 interpretentur.
2504 4585 2624 4641 Non
2654 4587 2803 4641 enim
2834 4593 3003 4641 costa:
3039 4583 3212 4656 ﬁgura
3239 4584 3477 4638 invicem
3504 4598 3644 4637 con-

2022 4680 2274 4743 veniunt,
2297 4678 2393 4733 sed
2411 4678 2663 4747 quaedam
2686 4692 2953 4743 recurvae,
2978 4677 3102 4732 alite
3120 4676 3329 4731 veroad
3349 4683 3543 4745 pectus
3559 4676 3645 4729 in-

2023 4780 2281 4835 nuentes,
2310 4771 2365 4824 in
2394 4770 2799 4840 cartilaginem,
2834 4783 2944 4823 non
2958 4777 3143 4824 autem
3182 4769 3236 4823 in
3263 4783 3326 4822 os
3352 4766 3643 4843 desinunt.

2024 4862 2090 4918 Et
2118 4863 2472 4919 extrinsecus
2525 4862 2748 4932 quidem
2804 4864 3083 4927 rotundae,
3136 4863 3477 4917 intrinsecus
3512 4876 3648 4917 vero

2022 4954 2148 5009 lane
2178 4956 2367 5024 ligone
2414 4963 2567 5017 sunt,
2619 4967 2675 5011 et
2702 4955 3045 5019 deﬁcientes,
3089 4971 3155 5010 ac
3190 4954 3360 5009 veluti
3389 4970 3515 5009 sese
3545 4969 3647 5007 ex-

2023 5048 2710 5115 spectantes,consistunt.
2740 5048 2799 5102 ln
2827 5062 3021 5103 earum
3049 5064 3181 5103 vero
3205 5062 3461 5117 suprema
3495 5054 3650 5115 parte

315 5140 575 5203 medulla,
629 5154 738 5193 non
808 5148 991 5194 autem
1029 5139 1083 5193 in
1139 5140 1329 5195 intima
1402 5140 1619 5195 visitur.
1650 5138 1759 5193 llas
1826 5139 1900 5192 πλ

2010 5138 2075 5203 ἃς
2138 5141 2210 5195 ob
2258 5141 2311 5195 id
2347 5142 2626 5217 dictitant,
2660 5137 2774 5195 οἷον
2831 5141 3161 5212 πολυευρὰς,
3216 5142 3309 5194 καὶ
3355 5137 3642 5202 πλατείας,

314 5238 460 5306 quod
530 5237 584 5290 in
627 5236 922 5306 plurimam
964 5236 1308 5291 latitudinem
1354 5245 1662 5305 porrectas,
1693 5251 1758 5290 ac
1786 5236 2019 5290 multum
2058 5236 2164 5291 loci
2199 5247 2535 5308 occupantes
2564 5246 2715 5293 recte
2748 5238 2973 5292 dixeris.
3002 5236 3131 5291 Sive
3169 5236 3456 5306 πυλεωραὶ
3490 5230 3650 5288 οὖσαι

315 5335 425 5387 ἀπὸ
448 5332 543 5386 106
560 5333 747 5405 ὼρεϊν,
773 5334 867 5386 καὶ
905 5332 1218 5402 φυλάττειν,
1259 5333 1406 5402 quod
1463 5333 1758 5388 terminare
1787 5348 1853 5388 ac
1892 5352 1900 5384 4

2007 5334 2172 5388 Lodire
2198 5334 2437 5397 diceres,
2494 5336 2756 5404 quoniam
2798 5336 2929 5389 dum
2962 5336 3279 5404 pulmonem
3332 5341 3387 5388 et
3434 5347 3553 5393 cor,
3586 5346 3651 5386 ac

318 5422 424 5476 alvi
465 5423 599 5477 ﬁnes
642 5431 884 5489 servant,
960 5421 1068 5492 91
1102 5421 1562 5491 custodiuntque,
1608 5437 1799 5477 eorum
1854 5423 2208 5478 excubitores

320 5513 501 5586 inquit
525 5531 539 5567 :

2281 5438 2348 5479 ac
2402 5425 2587 5480 aeditui
2628 5426 2932 5492 habentur;
2966 5435 3023 5478 ut
3068 5422 3345 5479 Hesiodus
3399 5422 3468 5479 de
3502 5432 3650 5477 terra

394 5716 441 5749 “
461 5718 802 5790 διήρθρωται
832 5718 875 5770 Β
914 5716 978 5773 C.
1058 5719 1103 5751 ³⁸
1140 5719 1525 5790 συνήρθρωται
1561 5720 1600 5772 Β
1630 5720 1693 5775 C.
1771 5722 1816 5754 ³⁸
1846 5736 1979 5775 πασ.
2024 5717 2273 5790 πλευρὰς
2318 5718 2360 5773 Β
2512 5716 2584 5790 _"’
2631 5712 3156 5790 guvaptottoupéva;
3198 5712 3261 5767 Β.
3332 5712 3650 5790 "caput;

325 5783 641 5861 δὲλταῑςΒξ
668 5789 736 5861 ξ’
756 5791 1057 5861 ίφρενιτιᾷν
1176 5788 1236 5844 Ρ.
1262 5783 1294 5790 ”
1386 5790 1547 5854 ἄλλος
1574 5793 1633 5845 Β.

1724 5794 1764 5822 ⁸⁸
1802 5792 1897 5844 ἄλ).

2007 5791 2057 5846 Β.
2137 5784 2596 5861 δίίπεριειλῆσθαι
2625 5786 2747 5861 ΑΒ.--
2775 5787 2821 5818 ⁸³
2848 5784 2967 5857 Quae
2988 5784 3112 5855 se...
3140 5799 3313 5855 usque
3336 5785 3405 5839 ad
3430 5784 3648 5857 μέμηλε

332 5846 635 5921 πάτοςῖμιι.
667 5859 709 5911 Β
736 5846 824 5916 ρξ’
880 5859 925 5892 ⁸⁸
954 5846 1082 5931 ἥρις
1111 5858 1177 5914 ἂν
1206 5846 1610 5932 ’ϊρηέμεναίτῇ
1624 5879 1671 5915 τι
1714 5862 1900 5931 μέμηλ

2007 5863 2141 5927 λάτος
2188 5846 2307 5917 Ιλιιί.
2342 5846 2497 5918 Vens.
2531 5859 2658 5914 add.
2708 5854 2800 5913 Fr.
