4204 6428
700 367 841 427 1211
1985 363 2271 420 ιιειείιι
2312 357 2623 418 ΠΟΝΑΟΙΙΙ
3831 348 3978 404 12!?

771 484 956 559 {’rima
993 484 1199 559 quidem
1244 483 1424 559 tellus,
1481 493 1597 553 post
1627 483 1799 559 ipsum
1847 484 2074 559 stellifer
2142 485 2283 538 orbis

2392 479 2541 559 Γᾳῖιι
2563 477 2629 559 δέ
2651 494 2740 559 τοι
2772 474 3011 559 πρῶτον
3031 472 3150 559 μέζ
3172 470 3440 559 enim?
3473 469 3615 559 τσογ
3642 468 3831 559 ἑαυτῇ

766 555 954 611 Cretas
980 539 1068 608 ἀι
1088 554 1224 608 hanc
1241 539 1468 607 medicin
1482 539 1882 624 'coutp'renderet
1919 539 2102 609 ordine
2115 564 2277 608 certo.

2393 551 2668 619 Οὐρανὸν
2695 539 3059 615 ἁστέρόεντὰ
3079 561 3091 574 ο
3128 539 3229 596 ἵνα
3251 559 3361 614 μιν
3385 541 3589 624 ηνεξερὶ
3624 539 3828 624 adorta
3863 557 3974 594 za-

3434 611 3658 683 [λύπτῃ
3683 611 3769 681 (t).

697 722 770 785 Et.
807 729 1024 798 quidem
1066 729 1550 800 comprehendere,
1585 746 1682 800 pro
1724 746 1791 784 eo
1828 730 1975 801 quod
2005 730 2281 785 custodire

2389 735 2492 790 Kal
2525 735 2588 788 τὸ
2623 731 2904 802 περιέχειν
2939 729 2995 784 δὲ
3038 727 3173 782 αὐτὸ
3190 727 3236 761 ⁵⁸
3280 728 3344 781 ὲκ
3381 727 3477 780 τοῦ
3510 725 3840 794 φυλάττειν’
3869 727 3972 791 ’ος

694 822 926 884 diceres,
952 822 1188 891 positum
1248 830 1373 884 est,
1422 831 1482 875 ut
1531 823 1663 877 illud
1702 841 1715 877 :
1755 823 2040 876 Arboribus
2097 823 2279 876 multis

2389 841 2480 893 μοι
2515 823 2717 892 κῆπον
2747 823 2871 890 ἔχει
2901 817 3352 885 πολυδένδρεον
3389 818 3495 886 (τι).
3529 818 3604 870 Τὸ
3643 816 3752 886 γὰρ
3785 816 3898 886 ἔχει
3929 817 3973 848 ιτ

693 911 881 964 hortus
909 913 1038 966 mihi
1072 913 1304 966 consitus
1323 923 1518 968 exstat.
1536 913 1746 968 l-Itillud
1771 931 1783 966 :
1813 911 1878 966 Et
1901 914 2070 982 ipsum
2096 914 2280 983 longas

2389 917 2504 968 ἀντὶ
2518 914 2614 968 τοῦ
2638 914 2931 983 φυλάττειν
2957 913 3155 966 κεῖταιο
3180 909 3274 963 καὶ
3298 908 3382 974 τὸ,
3405 910 3572 976 Ἔχει
3597 907 3665 960 δέ
3684 924 3748 960 τε
3764 907 3974 972 κίονας

586 4084 597 4094 ’
702 4072 922 4142 quidem
981 4074 1048 4128 de
1098 4090 1264 4130 causa
1318 4076 1506 4146 pulmo
1550 4076 1666 4145 ipse

695 1005 970 1058 columnas
1016 1008 1288 1070 continet;
1334 1016 1387 1060 et
1431 1006 1483 1059 in
1537 1007 1622 1061 his
1664 1004 1832 1075 ἔχειν,
1865 1022 1964 1076 pro
2015 1006 2283 1059 continere

2389 1004 2570 1070 αὐτὸς
2602 1006 2677 1066 tv)
2721 1000 2990 1072 μακρὰςο
3033 999 3128 1052 καὶ
3179 997 3340 1051 τοῦτο
3384 999 3505 1050 ἀντὶ
3559 996 3654 1048 τοῦ
3706 996 3970 1066 περιέχει.

2386 1095 2575 1158 Οὕτως
2609 1095 2709 1164 μὲν
2747 1089 2840 1146 οὖν
2872 1096 2902 1162 ἡ
2939 1091 3096 1163 ῥάχις
3129 1089 3208 1158 τῷ
3244 1088 3490 1159 στέρνῳ,
3525 1089 3620 1140 καὶ
3648 1087 3707 1139 αί
3737 1085 3974 1154 πλευραὶ

2388 1186 2731 1239 συνδέδενται
2772 1185 2866 1237 καὶ
2899 1181 3336 1254 συνήρθρωνται,
3369 1180 3457 1232 ἴνα
3498 1178 3636 1250 πρός
3665 1195 3723 1230 τε
3753 1179 3975 1248 κίνησιν

2388 1278 2481 1329 καὶ
2510 1277 2744 1347 κάμψιν.
2779 1276 2873 1329 καὶ
2898 1272 3375 1342 ἀντανακλασμὸν,
3406 1272 3500 1324 καὶ
3536 1270 3792 1323 σύντονον
3823 1268 3974 1336 βάδι-

2389 1385 2496 1431 σιν,
2527 1369 2623 1422 καὶ
2661 1368 2883 1440 δρόμον,
2914 1366 3008 1420 καὶ
3031 1365 3280 1433 κάθισμα
3329 1362 3557 1431 ἄλληλαι
3601 1361 3865 1431 ἀλλήλαις
3915 1358 3975 1410 αι

2387 1459 2648 1530 ἁρμονίαι
2700 1459 3072 1529 συνέρχωνται
3100 1458 3169 1488 ⁸⁸·
3204 1457 3300 1510 καὶ
3329 1455 3426 1524 τὴν
3461 1454 3583 1508 καθ’
3613 1453 3791 1526 ὁρμὴν
3819 1452 3975 1522 κίνηο

2390 1569 2497 1614 σιν,
2524 1553 2622 1604 καλ¹
2650 1549 3209 1620 ὲπιτετεχνασμένην,
3241 1548 3481 1600 ἐκτελεῖν
3509 1545 3812 1614 δυνάμεθα.
3862 1543 3975 1598 Μό-

2389 1621 2480 1706 νος
2513 1643 2621 1714 γὰρ
2654 1630 2946 1714 ἄνθρωπος
2969 1640 3012 1672 ⁸³
3033 1638 3171 1710 πρὸς
3206 1637 3301 1691 δύο
3317 1636 3518 1704 γωνίας
3537 1635 3702 1706 ὀρθὰς
3731 1636 3978 1701 κάμπτει

2388 1734 2456 1788 τὰ
2482 1735 2646 1804 σκέλη
2675 1773 2690 1797 ,
2734 1733 2875 1787 κατά
2919 1749 2976 1785 τε
3001 1733 3064 1786 τὸ
3093 1730 3265 1801 ἰσχίον
3301 1729 3395 1782 καὶ
3425 1727 3524 1800 τὴν
3553 1727 3721 1797 ἰγνύν·
3750 1728 3849 1798 τὴν
3881 1729 3979 1796 μὲν

2391 1827 2485 1879 ἐπὶ
2505 1829 2574 1881 τὰ
2599 1827 2767 1889 ἔνδον,
2797 1826 2895 1896 τὴν
2919 1826 2975 1878 δὲ
3003 1825 3095 1878 ἐπὶ
3125 1828 3196 1876 τὰ
3224 1823 3346 1887 ἐξω.

698 1095 937 1162 positum
974 1104 1077 1150 est.
1118 1095 1231 1149 Hoc
1281 1097 1466 1168 itaque
1520 1112 1631 1168 quo
1667 1099 2063 1168 explicavimus
2096 1097 2280 1159 modo,

697 1187 875 1254 spina,
905 1197 1092 1257 pectus
1114 1227 1130 1253 ,
1159 1197 1213 1243 et
1253 1200 1421 1244 costae
1464 1190 1627 1244 simul
1661 1191 1923 1259 colligata:
1954 1189 2286 1244 coarticula-

699 1288 874 1348 neque
904 1289 1054 1345 sunt,
1085 1296 1194 1350 quo
1227 1281 1356 1335 dum
1391 1282 1492 1336 illa:
1525 1283 1824 1338 harmoniis
1884 1282 2116 1336 invicem
2146 1295 2282 1335 cou-

697 1367 944 1432 veuiunt,
999 1384 1119 1431 nos,
1175 1370 1242 1423 ad
1283 1379 1483 1433 motus,
1544 1369 1758 1436 ﬂexus,
1813 1385 2182 1441 progressus,
2231 1379 2286 1425 et

699 1473 1006 1527 regressus,
1050 1467 1162 1513 tum
1209 1460 1276 1514 ad
1322 1461 1666 1515 moderatum
1709 1462 2007 1526 incessum,
2059 1477 2286 1516 cursus-

699 1563 806 1616 que
847 1550 1169 1614 concitatos,
1228 1565 1441 1605 necnon
1483 1551 1550 1606 ad
1596 1552 1919 1614 sessionem,
1973 1559 2026 1605 et
2060 1550 2127 1604 ad
2164 1564 2286 1604 mo-

697 1648 837 1704 tum,
869 1642 965 1711 qui
1004 1657 1129 1697 cum
1175 1641 1407 1712 impetu.
1455 1643 1539 1699 vel
1593 1652 1712 1698 arte
1739 1644 1820 1706 tit,
1857 1642 2074 1712 aliaque
2103 1641 2289 1710 hujus-

699 1733 845 1787 modi
889 1733 1136 1789 suiIieere
1178 1727 1481 1788 valeamus.
1527 1733 1639 1787 Soli
1673 1741 1855 1788 autem
1889 1732 2096 1787 homini
2123 1748 2286 1788 crura

698 1822 767 1878 ad
817 1823 956 1878 duos
991 1834 1168 1878 rectos
1225 1823 1459 1892 angulos
1496 1822 1716 1879 ﬂectere
1771 1838 1952 1892 posse,
2002 1824 2070 1876 ad
2121 1838 2290 1877 coxas

697 1912 966 1975 videlicet,
1020 1928 1084 1967 ac
1152 1912 1332 1967 locum
1400 1913 1493 1983 qui
1550 1913 1782 1982 genibus
1848 1911 2134 1982 oppositus
2186 1921 2273 1967 est
2315 1926 2512 1971 natura
2549 1918 2776 1985 tribuit;
2808 1927 2864 1972 et
2923 1933 3052 1986 purs
3095 1931 3219 1986 qua:
3244 1916 3312 1970 ad
3341 1933 3514 1987 genua
3558 1923 3680 1982 est,
3717 1915 3782 1968 ad
3811 1915 3982 1968 inter-

696 2004 834 2069 iora;
853 2020 974 2074 qua:
998 2019 1126 2058 vero
1141 2004 1207 2058 ad
1226 2019 1394 2060 coxas
1417 2006 1612 2076 vergit,
1629 2005 1694 2058 ad
1713 2006 1985 2059 exteriora
2007 2003 2263 2059 ﬂectitur.

851 2119 986 2188 Cap.
1030 2116 1341 2175 XVI-XVII.
1376 2149 1448 2162 —
1475 2119 1554 2175 De
1581 2122 1830 2191 pulmone
1857 2129 1906 2176 et
1935 2121 2111 2175 corde.

765 2231 1036 2299 Quoniam
1090 2233 1256 2304 igitur
1287 2249 1316 2288 a
1359 2234 1590 2291 thorace
1631 2244 1744 2290 tum
1781 2251 1909 2300 cor,
1948 2245 2063 2290 tum
2102 2235 2289 2304 pulmo

695 2325 1284 2393 comprehenduntur,
1341 2325 1548 2381 idcirco
1581 2369 1597 2393 ,
1653 2343 1892 2397 quonam
1959 2339 2116 2398 pacto
2173 2329 2288 2382 haec

695 2416 750 2470 iu
797 2417 914 2486 ipso
961 2417 1107 2472 intus
1151 2418 1479 2484 consistant,
1511 2420 1944 2474 consideremus.
1982 2420 2094 2474 Cor
2130 2435 2285 2474 nam-

694 2526 802 2579 que
843 2526 872 2563 ιι
914 2510 1172 2579 pulmone
1219 2509 1735 2578 comprehenditur,
1779 2519 1834 2565 et
1877 2513 2057 2582 ipsum
2096 2513 2285 2582 pulmo

581 2658 588 2664 ,
694 2602 1111 2673 quodammodo
1177 2601 1355 2668 velat,
1402 2602 1672 2672 siquidem
1738 2604 2052 2673 pulmonem
2108 2605 2286 2674 ipsum

701 2695 922 2749 arteriis
974 2692 1339 2762 plurimisque
1367 2693 1639 2747 meatibus
1665 2693 1929 2748 refertum
1970 2710 2083 2764 quo
2116 2697 2290 2766 respi-

701 2781 860 2835 randi
911 2779 1097 2836 oltlcio
1146 2779 1442 2845 sufﬁceret,
1490 2789 1685 2835 natura
1726 2785 2031 2837 constituit.
2069 2783 2176 2839 Sed
2235 2793 2290 2839 et

701 2874 879 2926 tenuis
935 2872 1181 2940 levisque
1216 2911 1234 2937 ,
1281 2886 1346 2924 ac
1387 2871 1548 2926 laxus
1601 2872 1766 2940 hujus
1825 2875 1998 2943 gratia
2057 2875 2291 2931 habetur

696 2965 905 3035 pulmo,
954 2965 1032 3018 uti
1073 2977 1272 3032 purum
1331 2977 1514 3017 aerem
1562 2963 1852 3018 admittere
1884 2974 2072 3035 queat,
2125 2976 2288 3036 atque

698 3055 926 3109 insitum
957 3054 1052 3124 qui
1081 3055 1134 3108 in
1162 3053 1330 3108 corde
1357 3062 1442 3109 est
1464 3054 1703 3109 calorem
1730 3056 1956 3117 excitet.
1983 3072 2288 3127 rursusque

697 3148 817 3218 ejus
847 3145 1059 3202 fumosa
1083 3156 1435 3202 excrementa
1463 3157 1620 3203 extra
1649 3148 1883 3204 emittat.
1906 3147 2043 3204 Nam
2076 3151 2286 3220 pulmo,

696 3253 823 3294 cum
875 3253 942 3293 ex
987 3247 1226 3307 quatuor
1281 3239 1610 3307 quibusdam
1668 3241 2007 3296 constitutus
2057 3243 2151 3308 sit,
2187 3260 2286 3298 ceu

699 3340 904 3386 textum
949 3331 1228 3401 quoddam
1279 3339 1401 3395 est;
1447 3331 1563 3400 ipse
1606 3347 1846 3402 namque
1875 3349 1942 3388 ex
1975 3348 2169 3404 aspera
2201 3351 2292 3388 ar-

700 3423 834 3478 teria
887 3424 1135 3492 laevique,
1190 3437 1404 3476 necnon
1443 3436 1580 3477 vena
1632 3437 1822 3478 crassa
1854 3467 1870 3490 ,
1913 3433 1970 3479 et
2029 3441 2288 3495 spumosa

701 3530 868 3570 carne
905 3530 1028 3584 qua:
1059 3513 1181 3582 ejus
1229 3513 1523 3583 peculiaris
1571 3514 1826 3582 habetur,
1875 3526 2113 3572 constat.
2165 3516 2292 3573 Haec

698 3607 841 3660 enim
879 3621 1028 3668 caro,
1057 3606 1233 3676 spatia
1263 3605 1380 3676 ipsa
1421 3614 1652 3662 texturae
1680 3607 1957 3676 pulmonis
2005 3611 2071 3664 ad
2101 3613 2292 3666 stmbae

699 3697 883 3753 herbae
913 3698 1330 3754 similitudinem
1369 3698 1549 3754 media
1578 3699 1788 3769 implet.
1819 3700 1955 3756 Cum
1984 3703 2126 3758 inter
2151 3705 2292 3759 duas

700 3792 954 3857 arterias,
1020 3807 1330 3861 venamque
1387 3791 1563 3861 ipsam
1605 3785 1702 3846 cor
1751 3793 1917 3848 situm
1974 3795 2156 3850 medio
2206 3797 2290 3851 sui

700 3892 1148 3964 comprehendat,
1192 3891 1421 3962 spiritus
1448 3889 1788 3948 admissione
1830 3893 1940 3964 92
1986 3896 2163 3965 ipsum
2197 3911 2294 3951 cor

703 3983 888 4053 pulmo
936 3982 1202 4038 reiocillat
1234 4023 1249 4047 ,
1317 3986 1480 4054 eique
1537 3966 1782 4039 solamen
1833 3983 2010 4039 aﬂert.
2067 3983 2132 4038 Et
2191 3985 2295 4040 hac

1749 4077 2009 4147 πνεύμων
2045 4076 2249 4131 dicitur
2273 4115 2292 4140 ,

701 4165 1012 4237 ὄτιδοχεῖον
1046 4167 1284 4238 ὑπάρχει
1333 4167 1428 4222 τοῦ
1460 4169 1794 4239 πνεύματος,
1844 4168 1992 4239 quod
2043 4169 2297 4224 videlicet

703 4258 928 4329 spiritus
960 4261 1412 4330 conceptaculum
1453 4262 1559 4326 sit,
1593 4261 1846 4332 quodque
1879 4277 1991 4331 prze
2022 4263 2110 4317 sui
2152 4265 2294 4320 reci-

704 4348 1038 4418 procatione,
1094 4358 1277 4419 partes
1328 4365 1452 4419 quae
1503 4349 1651 4405 intus
1711 4359 1842 4405 sunt
1879 4350 2174 4414 demulcet,
2227 4367 2294 4408 ac

703 4443 947 4499 fumosas
1008 4443 1390 4498 exhalationes
1451 4450 1604 4499 extra
1651 4444 2003 4514 ejaculatur,
2058 4456 2115 4500 et
2180 4445 2298 4515 ipse

701 4537 920 4607 quidem
977 4536 1099 4606 puri
1135 4535 1434 4617 sanguinis
1474 4535 1793 4590 alimentum
1845 4539 2118 4591 desumet.
2159 4536 2299 4591 San-

705 4629 830 4700 guis
871 4639 1056 4683 autem
1091 4642 1202 4698 quo
1256 4628 1374 4697 ipse
1418 4627 1606 4692 alitur,
1638 4627 1692 4681 iu
1733 4627 1923 4684 dextra
1960 4629 2101 4682 uteri
2144 4637 2297 4698 parte

703 4717 1061 4788 concoquitur
1121 4727 1504 4786 tenuaturque.
1541 4714 1699 4782 Nam,
1760 4733 1884 4772 cum
1948 4717 2192 4786 fungosae
2234 4734 2298 4774 ac

2311 2117 2352 2175 Β
2382 2122 2523 2191 Κεφ.
2539 2123 2622 2190 ις
2622 2122 2973 2190 ’-1Ζ’.-Περί
2993 2121 3100 2176 τοῦ
3120 2122 3456 2189 πνεύμονος
3472 2119 3569 2174 καί
3585 2118 3694 2188 τῆς
3711 2120 3981 2187 καρδῖιις.

2474 2236 2630 2288 Ἐπεὶ
2661 2230 2756 2288 οὖν
2781 2237 2810 2288 ὁ
2838 2233 3025 2305 Θώραξ
3052 2234 3414 2304 συμπεριέχει
3443 2233 3534 2287 τὸν
3567 2232 3850 2302 πνεύμονα
3887 2234 3985 2288 καὶ

2389 2329 2491 2399 τὴν
2523 2329 2756 2400 καρδίαν
2779 2368 2794 2390 ,
2842 2327 3175 2398 σκεψώμεθα
3219 2328 3317 2381 καὶ
3348 2329 3424 2392 ώς
3459 2326 3632 2381 ταῦτα
3679 2327 3979 2382 διάκειται.

2389 2420 2495 2474 Τοῦ
2524 2422 2776 2492 Θώρακος
2809 2421 3015 2475 ἔσωθεν
3053 2425 3082 2475 ὁ
3124 2421 3380 2491 πνεύμων
3413 2423 3597 2486 ἐστὶν,
3631 2424 3984 2493 ἐμπεριέχων

2387 2513 2489 2583 τὴν
2516 2513 2767 2584 καρδίαν,
2797 2515 2892 2568 καὶ
2922 2509 3034 2567 οἷον
3068 2515 3462 2568 ἐπικαλύπτων
3502 2514 3696 2584 αὐτήν.
3727 2513 3886 2567 Ἐστι
3919 2515 3982 2567 δὲ

2388 2603 2735 2674 ἁρτηριώδης
2775 2603 2872 2656 καὶ
2911 2603 3223 2674 πολύπορος
3246 2621 3258 2634 ·
3295 2605 3404 2658 ὑπὸ
3441 2605 3542 2676 τῆς
3597 2605 3816 2674 φύσεως
3850 2622 3982 2658 κατ-

2390 2694 2801 2764 εσκευασμένος
2847 2694 2985 2764 πρὸς
3038 2693 3137 2766 τὴν
3189 2694 3472 2766 ἐνέργειαν
3525 2695 3626 2765 τῆς
3677 2697 3976 2766 ἀναπνοῆς.

2389 2784 2606 2846 Λεπτὸς
2637 2785 2739 2836 καὶ
2788 2785 3028 2852 κοῦφος,
3071 2785 3168 2837 καὶ
3209 2783 3400 2855 μανὸς,
3454 2784 3590 2855 πρὸς
3623 2786 3683 2838 τὸ
3732 2786 3984 2854 εἰσάγειν

2388 2872 2629 2943 καθαρὸν
2659 2874 2818 2944 ἀέρα,
2850 2876 2943 2927 καὶ
2970 2874 3213 2945 ῥιπίζειν
3238 2873 3300 2927 τὸ
3318 2874 3562 2944 ἔμφυτον
3594 2874 3796 2946 θερμὸν
3829 2878 3887 2928 έν
3910 2879 3980 2945 τῇ

2388 2965 2587 3035 καρδίᾳ
2608 2965 2675 2997 ’θ’
2718 2965 2936 3033 ἐξάγειν
2981 2965 3040 3018 δὲ
3093 2966 3261 3020 πάλιν
3285 2968 3330 3000 ⁸⁸
3364 2968 3434 3020 τὰ
3485 2967 3754 3038 λιγνυώδη
3808 2969 3983 3036 αὐτῆς

2389 3055 2808 3127 περιττώματα.
2829 3058 2944 3112 Καὶ
2963 3058 3074 3130 γὰρ
3089 3052 3205 3113 οἷον
3230 3059 3454 3130 πλέγμα
3475 3061 3624 3113 ἐστὶν
3643 3063 3670 3114 ὁ
3694 3060 3981 3131 πνεύμωνο

2391 3147 2751 3217 συγκείμενον
2782 3148 2850 3200 ὲκ
2908 3150 3217 3218 τεσσάρων
3252 3151 3321 3202 ὲκ
3364 3149 3467 3219 τῆς
3507 3150 3768 3221 τραχείας
3809 3152 3982 3222 ἀρτηο

2393 3239 2536 3310 ρίας,
2563 3242 2660 3294 καὶ
2688 3242 2754 3294 ὲκ
2783 3240 2884 3310 τῆς
2913 3239 3090 3309 λείας,
3120 3243 3214 3295 καὶ
3240 3241 3438 3312 φλεὸὸς
3465 3244 3734 3312 παχείας,
3761 3246 3854 3297 καὶ
3880 3244 3980 3312 τῆς

2393 3332 2598 3402 σαρκὸς
2642 3333 2815 3402 αὐτῆς
2847 3333 3134 3403 ἀφρώδους
3164 3335 3234 3388 ⁸⁸.
3283 3334 3446 3399 Ἥτις
3493 3335 3632 3406 σὰρξ
3671 3337 3988 3405 ἀναπληροῖ

2391 3425 2552 3495 δίκην
2591 3426 2816 3495 στοιδῆς
2862 3426 2958 3489 τὰς
3009 3426 3215 3496 μεταξὺ
3259 3425 3444 3496 χώρας
3493 3426 3588 3480 τοῦ
3645 3429 3984 3497 πλέγματος,

2391 3517 2502 3572 τῶν
2531 3534 2590 3570 τε
2635 3517 2731 3571 δύο
2763 3519 3046 3588 ἀρτηριῶν
3077 3522 3172 3572 καὶ
3203 3518 3315 3571 τῶν
3363 3519 3579 3587 φλεϐῶν
3608 3521 3677 3553 ⁵³·
3714 3521 3876 3590 μέσοιΙ
3919 3519 3984 3574 δὲ

2393 3610 2564 3665 αὐτοῦ
2591 3612 2692 3682 τὴν
2724 3611 2954 3681 καρδίαν
2977 3629 3043 3665 πε
3054 3611 3425 3682 ριλαμϐἀνων,
3456 3611 3751 3683 περιψύχει
3771 3613 3860 3665 διὰ
3879 3613 3982 3684 τῆς

2394 3703 2687 3773 είσπνοῆς,
2720 3705 2817 3756 καὶ
2850 3704 3278 3774 παραμυθεῖται
3315 3705 3509 3772 αὑτήν.
3541 3703 3646 3757 Διὰ
3680 3705 3789 3774 γὰρ
3822 3704 3990 3758 τοῦτο

2395 3798 2489 3848 καὶ⁵
2517 3797 2779 3866 πνεύμων
2833 3796 3063 3865 ἐκλήθη,
3107 3797 3190 3850 ὅτι
3233 3795 3330 3848 καὶ
3360 3795 3568 3866 δοχεῖον
3608 3796 3842 3865 ὑπάρχει
3882 3796 3984 3850 τοῦ

2396 3886 2733 3956 πνεύματοςο
2765 3887 2859 3940 καὶ
2900 3887 2984 3940 ὃτι
3019 3889 3084 3957 τῇ
3132 3885 3498 3940 καταπνεύσει
3531 3885 3698 3940 αὑτοῦ
3727 3885 3890 3956 ψύχει
3913 3887 3985 3941 τὰ

2395 3978 2631 4032 ἔνδοθεν·
2659 3979 2756 4034 καὶ
2781 3978 2850 4031 τὰ
2878 3978 3152 4050 λιγνυώδη
3186 3979 3584 4048 περιττώματα
3605 3977 3809 4045 ἔξωθεν
3842 3981 3983 4032 ἀπο-

2396 4071 2595 4142 κρίνει.
2623 4071 2900 4143 Τρέφεται
2923 4071 2980 4125 δὲ
3005 4073 3102 4124 καὶ
3129 4071 3294 4134 αὐτὸς
3319 4072 3423 4125 ὑπὸ
3449 4071 3683 4142 αἵματος
3710 4073 3850 4125 καθα
3862 4071 3981 4141 ροῦο

2394 4162 2555 4216 τοῦτο
2582 4164 2640 4216 δὲ
2660 4163 2723 4216 τὸ
2746 4163 2945 4233 τρέφον
2973 4163 3140 4218 αὐτὸν
3170 4157 3310 4232 αἷμα
3334 4166 3415 4226 είς
3443 4163 3540 4233 τὴν
3562 4163 3744 4227 δεξιὰν
3771 4165 3984 4217 κοιλίαν

2393 4259 2495 4327 τῆς
2541 4255 2772 4326 καρδίας
2818 4255 3263 4326 προπέττεται⁸⁸
3303 4257 3399 4309 καὶ
3447 4255 3790 4308 λεπτύνεται.
3836 4257 3982 4324 Σομο

2397 4348 2608 4418 φὼδους
2633 4349 2744 4418 γὰρ
2773 4350 2870 4401 καὶ
2905 4347 3113 4418 λεπτῆς
3143 4346 3220 4400 ὢν
3251 4347 3463 4410 οὐσίας,
3496 4348 3602 4400 ὑπὸ
3637 4347 3839 4400 λεπτοῦ
3885 4348 3981 4400 καὶ

2396 4441 2788 4513 καθαρωτέρου
2816 4442 3051 4510 αἵματος
3079 4441 3363 4510 τρέφεται.
3390 4441 3507 4493 Οὐκ
3535 4441 3759 4493 ἐδύνατο
3787 4440 3844 4493 δὲ
3883 4432 3979 4494 οὗ·

2395 4552 2490 4599 τος
2537 4535 2598 4588 τὸ
2631 4534 2780 4604 παχὺ
2827 4527 2968 4603 αἷμα
3011 4531 3202 4602 πέψαι,
3259 4533 3356 4584 ναὶ
3409 4533 3490 4594 είς
3531 4531 3739 4585 οἰκείαν
3775 4532 3982 4603 τροφὴν

2397 4625 2698 4680 ἀναλῶσαιο
2731 4623 2822 4677 διὰ
2851 4626 2912 4676 τὸ
2938 4623 3200 4695 ἀκίνητον
3227 4622 3418 4686 αὑτοῦ,
3449 4623 3545 4677 καὶ
3577 4624 3672 4686 τὰς
3699 4622 3837 4692 πρὸς
3859 4626 3987 4675 ἁνα-

2399 4717 2567 4789 πνοὴν
2617 4712 2904 4788 ἀσχολίας·
2938 4715 3026 4768 διὰ
3071 4716 3230 4769 τοῦτο
3274 4717 3393 4768 ἐκεῖ
3428 4715 3831 4785 λεπτυνόμενον
3887 4716 3986 4770 καὶ

703 4811 1001 4883 pra-tenuis
1027 4811 1352 4866 substantiae
1377 4811 1563 4881 pulmo
1587 4811 1876 4876 habeatur,
1911 4821 1970 4866 ut
2010 4813 2290 4883 purissimi

2395 4809 2822 4879 καθαιρόμενον,
2853 4808 3073 4875 πρῶτον
3099 4807 3289 4877 τρέφει
3321 4807 3486 4861 αὑτὸν
3509 4809 3650 4879 μετὰ
3679 4812 3778 4880 τῆς
3801 4807 3982 4880 ἀερώ-

704 4901 1162 4972 subtilissimique
1184 4901 1470 4974 sanguinis
1497 4901 1815 4957 alimentum
1844 4903 2025 4972 capiat
2055 4915 2292 4973 oportet.

2399 4902 2521 4966 δούς
2548 4901 2759 4964 οὐσίας,
2789 4902 2887 4953 καὶ
2916 4894 3028 4952 οἷον
3061 4898 3476 4971 καθαρωτέρας.

705 4993 821 5051 Non
854 4997 998 5052 enim
1027 4997 1189 5052 aliter
1231 4998 1346 5067 ipse
1373 5011 1624 5052 crassum
1667 5013 2013 5070 concoquere
2064 5000 2498 5070 sanguinem,ae
2523 4998 2578 5052 in
2640 4997 2728 5052 sui
2789 4995 3108 5049 alimentum
3163 4997 3621 5060 ahsumere,cum
3687 4992 3985 5048 immobilis

704 5089 798 5155 sit,
830 5104 894 5144 ac
920 5087 1265 5160 respirationi
1300 5096 1475 5151 vacet,
1496 5087 1809 5144 facultatem
1836 5091 2135 5158 obtineret;
2169 5092 2270 5146 hac
2302 5090 2370 5145 de
2396 5105 2578 5152 causa,
2649 5087 2786 5142 inibi
2825 5095 2886 5140 ut
2931 5080 3173 5140 diximus
3231 5095 3507 5151 tenuatus,
3552 5097 3716 5156 atque
3763 5087 3817 5139 in
3878 5101 3984 5155 pu-

706 5181 905 5235 riorem
943 5190 1190 5234 naturam
1241 5180 1494 5234 redactus
1525 5179 1772 5249 sanguis,
1803 5197 1910 5234 non
1940 5183 2059 5238 sine
2111 5183 2406 5253 purissima
2433 5197 2593 5235 aerea
2624 5179 2931 5235 substantia
2955 5179 3128 5233 eidem
3157 5179 3478 5235 alimentum
3526 5179 3856 5247 impertitur.

769 5272 1051 5351 Siquidem
1077 5273 1352 5343 pulmonis
1372 5280 1567 5327 natura
1592 5273 1732 5329 adeo
1753 5277 2102 5345 passionibus
2117 5279 2292 5334 obno-

706 5366 794 5420 xia
823 5376 927 5432 est,
959 5376 1074 5420 uta
1109 5363 1340 5419 minimo
1371 5363 1568 5433 quovis
1611 5361 1817 5434 frigore
1863 5367 2116 5439 maloque
2155 5377 2293 5424 tem-

811 5527 858 5601 ιο
896 5524 970 5599 μὴ
1005 5529 1136 5601 ΒΡ,
1245 5529 1290 5601 δὲ
1329 5530 1423 5601 καὶ
1459 5527 1591 5601 αὐτὸ
1623 5527 1682 5582 Β.
1764 5529 1808 5561 ⁵⁷
1841 5531 1986 5601 ἔχειν
2022 5533 2060 5586 Β
2090 5537 2153 5590 Ρ.

2269 5536 2312 5569 ⁸⁸
2347 5538 2698 5607 συνέρχονται

2472 5277 2636 5329 Πᾶσα
2674 5275 2730 5328 δὲ
2767 5272 2949 5343 ψύξις,
2991 5273 3087 5326 καὶ
3127 5273 3461 5346 δυσκρασία,
3499 5276 3595 5326 καὶ
3623 5275 3825 5343 παχεῖα
3852 5276 3984 5328 ἀναο

2399 5371 2662 5441 θυμίασις
2699 5371 2848 5423 έλκοῖ
2874 5369 2966 5422 τὸν
2997 5367 3309 5440 πνεύμονα’
3335 5368 3424 5421 διὰ
3448 5366 3509 5420 τὸ
3547 5367 3646 5435 τῆς
3669 5366 3856 5429 ούσὶας
3885 5369 3983 5419 αύ-

2895 5535 2938 5568 ⁸⁰
2970 5536 2998 5587 ὁ
3028 5535 3183 5604 ἄνθρ.
3217 5535 3276 5590 Β.
3385 5533 3432 5565 ⁸⁸
3469 5533 3529 5586 τὸ
3561 5531 3618 5585 ἐν
3650 5535 3718 5604 τῇ
3747 5550 3801 5584 κ.
3843 5528 3883 5583 Β

708 5596 748 5628 ⁵¹
789 5590 1047 5652 πάνὲαῬ.
1124 5600 1170 5632 ⁸·
1207 5600 1302 5653 καὶ
1326 5599 1424 5668 τῆς
1448 5599 1578 5669 ἁφρ.
1608 5615 1768 5670 σαρκ.
1806 5590 1969 5656 αὐτοῦ
2001 5605 2040 5657 Β
2075 5608 2138 5660 Ρ.
2181 5605 2227 5638 ⁸³
2254 5607 2347 5662 καὶ
2384 5590 2703 5679 τῆξῷλεΰδς
2726 5606 2767 5660 Β
2793 5605 2833 5660 C
2860 5607 2923 5659 Ρ.
2967 5605 3014 5638 ⁵⁸
3037 5590 3369 5678 πρόπέτεται
3396 5605 3462 5671 Α,
3497 5590 3894 5676 προσπέττεται
3919 5602 3982 5672 υ,

782 5735 845 5800 tt)
887 5735 1090 5799 Thcog.
1120 5736 1238 5789 126.

791 5817 868 5871 tu)
899 5805 998 5859 0d.
1034 5809 1088 5858 Δ.
1120 5807 1244 5860 757.

2476 5749 2544 5819 (ι’)
2586 5747 2687 5804 Od.
2722 5747 2785 5814 Α,
2817 5747 2902 5802 53.
