4204 6462
293 425 445 482 εει-5

1564 418 1652 474 DE
1691 418 1976 475 NATURA
2019 419 2328 477 HOMINIS.

3466 440 3610 502 52H

291 539 390 592 τοῦ
420 534 656 597 εὐπαθὲς
683 549 697 562 ’
731 533 867 588 ἀλλὰ
902 533 999 587 καὶ
1035 533 1064 586 δ
1094 532 1368 605 περιέχων
1409 532 1574 588 αὐτὸν
1603 535 1647 566 ⁸⁵
1684 533 1869 605 θώραξ

2002 543 2350 603 peramento,
2378 549 2440 589 ac
2472 551 2661 591 crassa
2696 538 3048 597 exhalatione
3074 541 3194 600 laedi
3226 545 3388 604 facile
3424 566 3614 622 queat.

289 631 373 692 ὠς
403 626 704 698 νευρώδης,
731 627 966 697 ἑτοίμως
993 626 1288 697 πλήττεται
1314 626 1419 680 ὑπὸ
1443 626 1627 697 πάσης
1649 625 1895 695 ψύξεως.

303 723 465 776 Ἐπεὶ
493 719 586 776 οὖν
616 721 805 792 μόριόν
835 722 984 774 ἐστιν
1020 723 1078 773 ὲν
1108 721 1291 792 ἐαυτῷ
1322 720 1580 791 περιέχον
1610 720 1687 783 ὠς
1716 721 1895 774 εἰπεῖν

289 812 393 882 τὴν
418 813 564 883 ζωὴν
588 811 680 863 τοῦ
710 809 1025 880 ἀνθρώπου,
1053 810 1198 879 λέγω
1219 810 1283 881 δὴ
1307 810 1367 863 τὸ
1389 810 1636 880 ἔμφυτον
1661 809 1893 881 θερμὸν,

288 900 356 959 οὗ
394 921 540 966 τινος
575 904 944 973 ἐργαστήριον
990 905 1239 970 πέφυκεν
1281 904 1315 973 ἠ
1346 903 1580 974 καρδίαι
1626 902 1786 956 τοῦτο
1833 903 1894 958 δὲ

287 996 381 1049 ἀεὶ
420 996 579 1067 χρεία
612 997 728 1048 ἐστὶ
779 997 1096 1068 ριπίζεσθαι
1143 998 1208 1061 ⁸³,
1247 995 1708 1070 ἀναρρώννυσθαί
1760 1013 1820 1049 τε
1844 995 1892 1028 "

291 1090 435 1144 κατὰ
482 1089 681 1159 φύσιν·
730 1091 871 1162 ὅπερ
923 1092 1133 1160 γίνεται
1184 1091 1276 1145 διὰ
1333 1093 1436 1160 τῆς
1487 1091 1753 1162 είσπνοῆς
1792 1091 1891 1144 καὶ

283 1182 548 1253 ἐκπνοῆς.

360 1354 530 1412 Λῦται
560 1359 616 1412 δὲ
638 1359 694 1412 αί
719 1360 963 1427 κινήσεις
997 1358 1104 1413 ὑπὸ
1139 1359 1378 1431 ψυχικῆς
1406 1359 1694 1432 δυνάμεως
1731 1361 1888 1430 ἐνερ-

281 1451 510 1518 γοῦ-ιται
542 1455 606 1522 τῇ
649 1452 904 1523 διαστολῇ
936 1454 1030 1506 τοῦ
1077 1452 1328 1524 θώρακος
1357 1455 1452 1508 καὶ
1495 1457 1562 1525 τῇ
1608 1453 1881 1525 συστολῇ,

2005 623 2074 681 Ει
2123 640 2231 679 ιιοη
2293 625 2458 680 modo
2512 628 2702 696 pulmo
2754 629 2916 699 ipse,
2973 635 3068 688 sed
3129 645 3185 690 et
3232 640 3378 708 quod
3431 641 3614 713 ipsum

2003 715 2431 786 comprehemlit
2485 727 2696 787 pectus,
2734 736 2800 776 ex
2854 737 2920 776 eo
2942 725 3090 794 quod
3145 730 3330 785 nervis
3369 733 3615 792 obsitum

1999 811 2084 858 est
2112 820 2143 858 a
2177 807 2538 874 quantulovis
2566 809 2773 880 frigore
2803 811 3008 868 damno
3054 815 3315 875 afficitur.
3339 821 3616 890 Quoniam

1997 896 2169 967 igitur
2195 915 2323 970 pars
2351 900 2404 954 in
2441 901 2561 970 ipso
2616 913 2719 970 est,
2761 921 2886 974 qua:
2923 907 3168 966 hominis
3203 910 3376 971 ferme
3418 918 3614 982 vitam,

1997 988 2229 1044 insitum
2265 992 2522 1048 videlicet
2552 996 2790 1051 calorem
2823 1002 3264 1069 comprehendit,
3301 1008 3462 1078 cujus
3491 1011 3619 1080 qui-
3696 1037 3698 1040 ν

1995 1081 2120 1136 dem
2163 1099 2261 1137 cor
2291 1083 2520 1141 officina
2563 1087 2819 1156 habetur,
2851 1091 2999 1147 hunc
3039 1110 3436 1171 usquequaque
3464 1104 3618 1158 exci-

1994 1175 2099 1229 tari
2155 1186 2370 1233 natura:
2433 1180 2632 1236 ordine
2692 1184 2999 1256 agitarique
3033 1202 3175 1258 opus
3227 1201 3336 1260 est,
3370 1196 3612 1264 quodex

1991 1270 2108 1339 ipsa
2142 1271 2373 1340 spiritus
2411 1275 2849 1344 reciprocatione
2875 1277 2990 1333 fieri
3017 1282 3286 1340 cernitur.

2058 1360 2122 1416 lli
2152 1372 2336 1418 autem
2377 1362 2582 1430 motus,
2615 1379 2727 1438 prin
2757 1372 3140 1428 contractione
3167 1375 3609 1450 remissioneque

1989 1453 2252 1519 thoracis,
2288 1459 2756 1527 quemadmodum
2784 1464 2942 1532 prius
2966 1466 3233 1535 diximus,
3279 1469 3350 1524 ab
3379 1472 3606 1526 animali

281 1544 468 1607 καθὼς
498 1543 813 1616 ἔμπροσθεν
843 1546 1096 1617 εἴρηται·
1120 1546 1316 1600 τούτου
1343 1549 1506 1618 χάριν
1525 1550 1553 1602 ὁ
1575 1547 1781 1619 θώραξ,
1807 1550 1869 1613 ὡς

1985 1545 2167 1600 calore
2187 1547 2504 1603 efﬁciuntur
2526 1568 2542 1604 :
2568 1554 2672 1607 hac
2694 1553 2762 1607 de
2785 1570 2953 1610 causa
2979 1557 3262 1648 thoracem
3289 1561 3492 1632 ipsum,
3521 1573 3610 1618 ut-

279 1639 633 1709 περιεκτικὸς
653 1639 753 1710 τῆς
777 1642 835 1694 ὲν
860 1642 992 1712 ἡμῖν
1020 1642 1187 1712 ζωῆς,
1212 1641 1432 1705 πολλοῖς
1456 1643 1620 1714 μυσὶν
1641 1643 1869 1716 ἐτιμήθη

1984 1649 2112 1707 pote
2139 1641 2234 1710 qui
2250 1641 2417 1698 vitam
2434 1660 2556 1714 qua:
2579 1644 2632 1698 in
2658 1646 2818 1701 nobis
2832 1658 2917 1703 est
2942 1639 3384 1721 comprehcndit,
3406 1666 3603 1711 natura

277 1731 376 1781 καὶ
417 1730 746 1801 συνεστάθη.
782 1733 892 1785 Καὶ
936 1731 1099 1802 δῆλον
1148 1735 1234 1788 ὅτι
1285 1734 1502 1789 πολλῶν
1547 1735 1719 1790 ὄντων
1767 1735 1869 1790 τῶν

1984 1734 2252 1789 musculis
2316 1736 2604 1806 insignivit
2643 1738 2994 1812 refersitque.
3065 1743 3132 1799 Et
3184 1761 3312 1802 cum
3374 1750 3601 1819 plurimi

281 1821 456 1891 μυῶν,
489 1823 662 1878 πολλὰ
706 1824 800 1877 καὶ
835 1826 901 1878 τὰ
936 1826 1108 1896 νεῦρά
1148 1828 1290 1895 ἐστι,
1320 1826 1389 1881 τὰ
1411 1828 1755 1900 χορηγοῦντα
1777 1828 1869 1882 αὐ-

1985 1823 2300 1894 hujusmodi
2353 1831 2588 1885 musculi
2630 1834 2923 1901 exsistant,
2963 1843 3018 1889 et
3073 1852 3272 1893 nervos
3329 1839 3604 1909 plurimos

275 1917 391 1978 τοῖς
429 1917 529 1985 τὴν
572 1918 865 1990 κινητικὴν
890 1917 1146 1988 δύναμιν.
1202 1919 1282 1973 Τὰ
1327 1916 1421 1974 οὖν
1469 1921 1516 1954 ⁸⁸
1556 1919 1726 1993 νεῦρα
1777 1921 1869 1975 ὐπί

1984 1931 2108 1970 esse
2143 1917 2239 1988 qui
2275 1918 2386 1974 illis
2418 1923 2678 1977 movendi
2707 1924 3023 1980 facultatem
3063 1928 3450 2000 itnpertlantur
3472 1950 3597 1990 cer-

277 2008 341 2078 φ)
354 2008 659 2079 εγματικοῦ
682 2011 751 2073 ⁵³,
777 2013 874 2064 καὶ
898 2012 1124 2082 παχέος,
1150 2013 1244 2066 καὶ
1268 2013 1535 2085 γλίσχρον
1559 2015 1869 2087 τρεφόμενα

1979 2021 2096 2068 tum
2158 2022 2263 2070 est.
2318 2009 2457 2070 cum
2514 2019 2669 2073 nervi
2730 2020 2920 2090 itaque
2974 2022 3245 2091 pituitoso
3293 2041 3603 2099 crassoque

274 2099 477 2168 χυμοῦ,
525 2099 761 2170 ἑτοίμως
796 2101 901 2152 ὑπὸ
937 2101 1039 2170 τῆς
1069 2101 1442 2173 ψυχρότητος,
1481 2103 1578 2158 καὶ
1623 2103 1873 2174 ὲμφράτο

271 2208 449 2256 τεται,
488 2193 584 2247 καὶ
610 2192 938 2264 πλήττεται.

342 2285 442 2336 Διὰ
481 2285 680 2350 ταῦτα,
717 2287 816 2340 καὶ
838 2287 1062 2357 φλέϐες,
1100 2288 1198 2342 καὶ
1231 2288 1519 2362 ἀρτηρίαι,
1549 2288 1649 2344 καὶ
1679 2289 1870 2359 νεῦρα,

270 2377 370 2430 καὶ
403 2376 720 2447 σύνδεσμοι,
753 2379 849 2432 καὶ
898 2380 1141 2451 χόνδροι,
1178 2380 1277 2434 καὶ
1318 2381 1530 2455 πιμελὴ
1554 2384 1611 2434 ὲν
1643 2381 1723 2452 τῷ
1768 2382 1873 2436 θώ-

271 2486 427 2540 ρακι,
468 2471 555 2523 ἵνα
612 2472 709 2525 καὶ
760 2472 1080 2544 θερμότητα
1141 2475 1242 2546 τὴν
1275 2476 1506 2531 δέουσαν
1560 2476 1868 2549 χορηγῶσι,

270 2563 367 2617 καὶ
393 2563 495 2628 τὰς
526 2564 630 2635 τῆς
652 2565 869 2634 ψύξεως
893 2567 1208 2638 ἀπείργωσι
1241 2568 1471 2640 βλάϐας,
1496 2571 1592 2624 καὶ
1610 2571 1710 2634 τὰς
1734 2571 1870 2640 παρ’

269 2657 518 2728 ἀλλήλων
573 2658 847 2727 ὡφελείας
897 2660 1249 2730 καρπῶνται.
1291 2660 1459 2733 Ἡμῖν
1501 2662 1614 2732 γὰρ
1647 2663 1692 2696 ⁸⁸
1725 2663 1871 2734 φλὲψ

269 2750 480 2821 τροφὴν
527 2753 760 2822 χορηγεῖ
813 2751 893 2823 τῷ
927 2752 1139 2824 νεύρῳ,
1197 2755 1294 2808 καὶ
1345 2759 1410 2827 τῇ
1457 2755 1721 2829 ἀρτηρίᾳ,
1771 2757 1868 2810 καὶ

266 2844 383 2904 τοῖς
426 2840 635 2905 λοιποῖς
694 2842 910 2915 μορίοις
957 2845 1054 2898 τοῦ
1106 2845 1398 2918 θώρακος·
1435 2850 1640 2920 μᾶλλον
1686 2851 1744 2904 δὲ
1770 2851 1866 2905 τοῦ

267 2932 471 2998 παντὸς
529 2934 805 3004 σώματος.
877 2936 941 2989 Ἦ
989 2936 1048 2990 δὲ
1106 2940 1348 3011 ἀρτηρία
1407 2941 1736 3012 μεταδίδωσι
1796 2946 1866 3016 τῇ

269 3022 432 3091 φλεϐὶ
464 3026 559 3078 καὶ
588 3028 705 3090 τοῖς
735 3027 923 3092 ἄλλοις
959 3028 1272 3100 θερμασίας
1319 3034 1580 3103 φυσικῆς,
1626 3037 1721 3088 καὶ
1756 3037 1866 3101 ξω-

266 3113 422 3167 τικοῦ
456 3115 796 3186 πνεύματος.
859 3119 934 3172 Τὸ
963 3120 1022 3173 δὲ
1071 3121 1270 3193 νεῦρον
1319 3124 1580 3194 αἴσθησιν
1631 3127 1866 3199 παρέχει

266 3208 464 3272 αὐταῖς
520 3227 604 3276 τε,
648 3211 742 3263 καὶ
795 3211 874 3284 τῷ
928 3214 1097 3268 παντὶ
1141 3214 1378 3286 σώματι.
1425 3216 1637 3289 Πολλὴν
1666 3217 1723 3272 δὲ
1771 3220 1866 3273 καὶ

1978 2120 2043 2160 ac
2106 2105 2257 2162 lento
2304 2123 2509 2179 vapore
2576 2110 2817 2177 alantur,
2904 2112 3081 2184 frigus
3124 2117 3392 2174 nimirum
3473 2137 3601 2177 seu.

1976 2198 2197 2266 tientes,
2237 2201 2388 2270 quati
2444 2201 2595 2272 ipsos
2650 2203 3032 2276 confringique
3081 2209 3303 2266 accidit.

2046 2289 2162 2346 llac
2209 2292 2276 2348 de
2297 2308 2465 2349 causa
2486 2333 2502 2359 ,
2531 2310 2684 2351 venas
2711 2335 2728 2362 ,
2759 2298 2910 2351 nervi
2937 2336 2955 2363 ,
2995 2303 3231 2368 arteriae,
3266 2303 3559 2374 ligamenta
3578 2345 3595 2371 ,

1974 2384 2326 2455 cartilagines
2341 2427 2356 2452 ,
2371 2395 2537 2458 atque
2556 2390 2792 2461 exungia
2809 2389 2863 2444 in
2883 2392 3107 2449 thorace
3130 2395 3461 2462 consistunt,
3482 2414 3595 2468 quo

1976 2486 2092 2531 tum
2143 2478 2426 2534 decentem
2476 2481 2718 2538 calorem
2765 2483 2889 2538 loco
2939 2484 3044 2555 ipsi
3096 2486 3208 2558 93
3259 2488 3591 2560 impertian-

1975 2577 2087 2632 tur,
2147 2578 2262 2625 tum
2302 2572 2504 2627 damna
2556 2589 2588 2628 a
2643 2573 2848 2646 frigore
2905 2578 3290 2646 provenientia
3344 2581 3596 2660 abigant,

1975 2661 2458 2732 amolianturque,
2550 2680 2770 2721 necnon
2867 2668 3256 2733 vicissitudine
3354 2682 3596 2751 quadam

1974 2752 2117 2808 inter
2157 2770 2220 2809 se
2260 2757 2656 2813 communibus
2693 2769 3009 2824 Commodis
3054 2767 3390 2825 fruerentur.
3443 2770 3593 2830 Vena

1972 2861 2214 2917 namque
2262 2847 2405 2918 ipsa,
2447 2865 2641 2922 nervo,
2687 2873 2752 2912 ac
2803 2860 3042 2925 arteriae,
3093 2862 3432 2934 reliquisque
3471 2866 3596 2922 tho-

1973 2937 2139 3002 racis,
2202 2941 2288 2994 vel
2336 2945 2526 3011 potius
2569 2952 2740 3007 totius
2774 2955 3026 3023 corporis
3065 2957 3315 3025 partibus
3356 2959 3594 3015 alimen-

1972 3040 2088 3086 tum
2121 3033 2529 3100 subministrat.
2581 3043 2800 3101 Arteria
2829 3061 2986 3113 vero,
3037 3049 3313 3105 naturalis
3362 3052 3589 3118 caloris,

1969 3138 2037 3179 ac
2081 3125 2268 3181 vitalis
2320 3128 2553 3202 spiritus
2609 3138 2752 3204 vim,
2802 3153 2913 3194 non
2977 3156 3131 3196 venae
3192 3151 3443 3210 tantum,
3491 3146 3591 3201 sed

1971 3215 2200 3284 reliquis
2226 3218 2396 3277 etiam
2439 3227 2691 3294 partibus
2733 3228 3068 3298 impartitur.
3109 3231 3157 3284 Α
3192 3248 3363 3288 nervo
3404 3245 3587 3290 autem

267 3299 420 3370 παρὰ
450 3301 553 3372 τῆς
596 3304 826 3374 καρδίας
855 3306 955 3374 τὴν
987 3308 1230 3379 φυσικὴν
1261 3309 1581 3384 θερμότητα
1622 3314 1651 3366 ό
1680 3312 1868 3387 θώραξ

1974 3306 2088 3371 illa,
2123 3318 2180 3367 et
2215 3327 2341 3369 cum
2395 3315 2510 3386 ipsa
2553 3325 2728 3373 totum
2763 3335 2967 3391 corpus
3010 3337 3238 3378 sensum
3280 3324 3584 3383 vindicant.

263 3391 556 3465 λαμϐάνει,
591 3396 668 3460 ὡς
693 3392 842 3461 οἶκος
871 3399 1136 3471 ὑπάρχων
1166 3400 1361 3472 αὐτῆς.

338 3574 498 3627 Ἐστι
533 3575 592 3629 δὲ
637 3575 671 3646 ἡ
715 3577 916 3648 καρδία
950 3578 1254 3652 νευρώδης,
1313 3583 1410 3635 καὶ
1465 3581 1713 3661 μυώδης,
1773 3593 1870 3646 καὶ

262 3667 580 3739 φλεϐώδης·
616 3668 816 3740 ἔχουσα
856 3672 954 3726 καὶ
998 3673 1295 3744 ἀρτηρίας,
1349 3676 1446 3729 καὶ
1503 3676 1598 3736 δύο
1654 3685 1869 3749 κοιλίας

263 3760 386 3814 κατ’
414 3762 705 3832 ἀμφότερα
747 3763 893 3834 μέρη
928 3763 972 3794 ⁶¹
1007 3763 1222 3835 αὐτῆς·
1259 3766 1319 3818 ἐν
1369 3766 1460 3835 αἷς
1509 3775 1774 3842 γεννᾶται
1806 3776 1870 3828 τὸ

262 3851 508 3922 ἔμφυτον
531 3852 761 3924 θερμὸν,
788 3854 970 3909 καὶτὸ
989 3855 1230 3920 ζωτικὸν
1257 3863 1501 3933 πνεῦμα.
1543 3865 1865 3935 Ἑμπέφυκε

259 3945 320 3999 δὲ
359 3948 498 4019 αὐτῇ
543 3949 578 4018 ἡ
614 3949 831 4018 μεγάλη
868 3950 1112 4026 ἀρτηρία
1158 3956 1253 4009 καὶ⁵
1286 3956 1504 4029 πρώτη,
1535 3958 1604 4030 ἢν
1635 3958 1867 4029 ἁορτὴν

259 4039 522 4093 καλέουσι
548 4041 626 4074 ⁸⁸·
667 4041 736 4094 δι’
771 4036 840 4112 ἦς
869 4049 1222 4117 χορηγεῖ-ται
1245 4050 1369 4112 ταῖς
1408 4049 1454 4082 ⁸³
1494 4051 1740 4114 ἁπάσαις
1767 4051 1864 4106 τοῦ

262 4133 523 4203 σώματος
553 4134 600 4166 ⁸⁵
646 4134 968 4207 ἀρτηρίαις,
1003 4141 1032 4194 ὃ
1070 4157 1130 4193 τε
1173 4139 1407 4223 ζωτικδς
1447 4143 1623 4208 τόνος,
1683 4145 1780 4197 καὶ
1828 4146 1862 4216 ή

259 4226 503 4299 ἔμφυτος
543 4227 849 4304 θερμασία.
909 4234 1154 4290 Ζωτικὺν
1194 4235 1264 4297 ,δὲ
1304 4236 1462 4290 τόνον
1491 4237 1583 4290 τὸν
1612 4237 1863 4309 σφυγμὸν

258 4317 515 4388 λέγομεν.
552 4321 660 4376 Τὸν
711 4323 822 4396 γὰρ
865 4325 1123 4396 σφυγμὸν
1168 4329 1236 4398 τῇ
1269 4327 1473 4399 καρδίᾳ
1521 4330 1556 4400 ή
1607 4329 1678 4382 τὰ
1723 4329 1862 4400 σύμ-

259 4427 442 4464 παντα
473 4414 844 4486 οίκονομοῦσα
872 4418 917 4449 ⁸³
951 4417 1254 4489 ἐχαρίσατο
1279 4420 1526 4492 Δύναμις
1559 4422 1627 4480 ⁸⁸.
1665 4422 1751 4477 ἵνα
1770 4422 1863 4477 διὰ

262 4503 364 4575 μὲν
419 4507 688 4579 συστολῆς
759 4508 990 4581 nomen
1037 4511 1135 4564 καὶ
1178 4513 1530 4584 ἐκπυρηνίζῃ
1579 4515 1624 4545 ⁸⁷
1665 4514 1735 4568 τὰ
1775 4514 1860 4570 λι-

261 4600 476 4671 γνυώδη
512 4602 683 4669 αὐτῆς
714 4602 1137 4674 περιττώματα,
1165 4605 1312 4676 ἅπερ
1336 4608 1394 4658 ὲν
1425 4607 1564 4678 αὐτῇ
1598 4609 1857 4675 γεννᾶται

1972 3397 2180 3458 Verum
2223 3420 2254 3460 a
2313 3405 2480 3460 corde
2530 3407 2651 3478 ipso
2698 3410 2919 3478 thorax,
2975 3422 3141 3482 upote
3180 3415 3343 3484 cujus
3393 3417 3590 3474 domi-

1971 3495 2162 3550 cilium
2203 3496 2296 3562 sit,
2331 3496 2532 3555 caloris
2584 3503 2857 3558 naturalis
2909 3503 3210 3573 plurimum
3257 3507 3475 3579 accipit.

2042 3587 2152 3643 Cor
2202 3598 2387 3644 autem
2433 3592 2642 3656 nervis,
2679 3595 2973 3660 musculis,
3020 3596 3309 3668 venisque,
3338 3617 3404 3656 ac
3438 3616 3586 3657 arte-

1971 3680 2071 3735 riis
2120 3683 2411 3752 prmditum
2457 3695 2563 3750 est,
2616 3685 2780 3755 cujus
2815 3687 2886 3741 ab
2923 3695 3160 3759 utraque
3194 3702 3349 3759 parte
3377 3695 3584 3764 gemini

1970 3775 2257 3831 ventriculi
2297 3787 2629 3843 cernuntur,
2683 3779 2738 3833 in
2790 3780 2996 3850 quibus
3053 3782 3256 3840 insitus
3307 3785 3461 3842 calor
3499 3789 3584 3843 vi-

1970 3864 2210 3936 talisque
2227 3866 2457 3936 spiritus
2477 3880 2900 3940 progeneratur.
2921 3871 2978 3927 ln
3007 3874 3110 3930 hoc
3129 3891 3370 3948 namque
3391 3881 3579 3947 corde,

1968 3973 2167 4029 magna
2192 3958 2481 4031 primaque
2500 3962 2725 4030 arteria,
2741 3979 2866 4034 qua:
2883 3965 3075 4021 adorta
3104 3982 3474 4040 nuncupatur,
3499 3974 3584 4028 in-

1969 4051 2075 4106 sita
2107 4059 2212 4114 est,
2238 4051 2386 4106 unde
2438 4063 2657 4109 cunctae
2689 4058 2863 4112 totius
2896 4060 3147 4128 corporis
3170 4064 3391 4118 arteria:
3416 4066 3583 4124 vitale

1967 4145 2164 4209 robur,
2198 4161 2264 4200 at:
2311 4146 2539 4201 insitum
2590 4151 2831 4204 calorem
2882 4154 3216 4223 suscipiunt.
3253 4154 3432 4213 Vitale
3477 4177 3581 4215 au-

1969 4245 2076 4290 tem
2115 4236 2308 4303 robur,
2360 4238 2584 4308 pulsum
2628 4258 3041 4313 nuncupamus.
3077 4247 3374 4306 Enimvero
3404 4251 3579 4309 Crea-

1969 4330 2106 4384 toris
2151 4338 2394 4400 potestas
2489 4348 2615 4401 quae
2677 4339 2936 4392 universa
2997 4340 3314 4408 gubernat,
3385 4347 3578 4414 pulsus

1965 4421 2313 4478 dominatum
2362 4424 2514 4480 cordi
2566 4426 2766 4495 largita
2829 4439 2937 4494 est,
2995 4447 3107 4500 quo
3165 4450 3278 4504 pra:
3323 4439 3408 4492 sui
3447 4455 3576 4495 con-

1967 4516 2262 4584 tractione,
2317 4514 2536 4574 fumosa
2579 4532 2933 4578 excrementa
2966 4542 3090 4597 qua:
3122 4526 3177 4582 in
3209 4530 3334 4599 ipso
3365 4531 3438 4587 ob
3466 4534 3574 4588 im-

1965 4608 2244 4664 modicum
2290 4610 2411 4681 ejus
2451 4612 2695 4668 calorem
2749 4616 3056 4687 gignuntur
3104 4622 3379 4692 expellere
3421 4625 3573 4682 effla-

259 4693 349 4748 διὰ
395 4693 494 4764 τὴν
555 4695 796 4766 ἄμετρον
845 4696 1019 4766 αὐτῆς
1075 4695 1419 4767 θερμασίαν·
1479 4700 1569 4753 διὰ
1639 4699 1698 4753 δὲ
1738 4701 1853 4790 ,τῆς

1974 4716 2131 4772 reque
2175 4704 2387 4773 possit,
2439 4720 2566 4760 cum
2623 4683 2774 4763 vero.
2798 4683 3061 4766 dilatatur
3104 4714 3570 4790 distenditurque,

258 4783 572 4854 διαστολῆς,
617 4785 934 4856 εἰσδέχηται
976 4786 1225 4857 καθαρὸν
1277 4786 1482 4851 ἔξωθεν
1515 4789 1689 4860 ἀέραο
1727 4789 1856 4861 θερ-

262 4879 600 4950 μαινομένης
650 4879 761 4952 γὰρ
801 4880 970 4950 αὐτῆς
1008 4883 1160 4951 παρὰ
1201 4881 1387 4950 φύσιν,
1424 4882 1632 4946 εὐθέως
1670 4884 1857 4938 καὶτὸ

259 4970 399 5035 ζῶον
423 4971 543 5024 ὅλον
576 4973 730 5043 παρὰ
765 4971 931 5042 φύσιν
967 4974 1354 5045 θερμαίνεται,
1391 4974 1488 5028 καὶ
1534 4973 1858 5047 ψυχομένης

257 5061 516 5132 ψύχεται.

330 5153 606 5207 Τέτακται
633 5153 690 5207 δὲ
727 5155 785 5207 ἐν
812 5155 950 5227 αὐτῇ
979 5157 1075 5210 καὶ
1107 5159 1140 5229 ἡ
1173 5157 1270 5213 τοῦ
1295 5158 1470 5231 θυμοῦ
1501 5160 1760 5233 δύναμις,
1794 5163 1858 5217 τὸ

257 5240 430 5303 πάθος
455 5242 554 5312 τῆς
587 5242 767 5312 ψυχῆς
795 5244 862 5299 ⁸⁸.
901 5245 1054 5316 Πάθη
1096 5247 1153 5300 δὲ
1182 5252 1279 5320 τῆς
1309 5249 1491 5323 ψυχῆς
1514 5251 1770 5324 λέγομεν,
1799 5257 1858 5309 ὲν

257 5327 340 5397 οἷς
370 5334 540 5406 αὐτῆς
577 5335 681 5406 μέν
711 5338 830 5391 ἐστι
861 5339 1083 5412 πρῶτον
1121 5341 1167 5373 θ’
1197 5343 1229 5413 ὴ
1256 5342 1495 5414 κίνησις,
1537 5347 1858 5419 συμπάσχει

257 5425 316 5481 δὲ
355 5428 499 5499 αὐτῇ
550 5432 583 5499 ἠ
615 5431 835 5504 καρδία,
868 5433 945 5497 ὡς
973 5434 1210 5506 ὄργανον
1254 5438 1450 5509 αὐτῆς.
1501 5439 1561 5492 Ἦ
1595 5441 1699 5511 μὲν
1743 5441 1855 5515 γὰρ

255 5519 406 5594 ψυχὴ
438 5522 711 5590 ἀθάνατος
743 5525 902 5593 οὖσα,
934 5527 1096 5599 δῆλον
1121 5530 1202 5585 δτι
1232 5533 1327 5585 καὶ
1357 5532 1582 5604 ἀπαθής
1610 5535 1728 5589 ἐστι
1761 5537 1808 5568 το
1833 5553 1850 5570 .

1960 4808 2161 4862 purum
2198 4797 2442 4852 exterius
2480 4799 2894 4868 provenientem
2925 4819 3110 4859 aerem
3148 4808 3440 4866 admittere
3473 4829 3572 4867 va-

1959 4883 2088 4939 leat.
2145 4885 2282 4942 Cum
2314 4889 2522 4960 ipsum,
2579 4903 2780 4962 pra-ter
2844 4905 3141 4968 naturam,
3213 4902 3334 4971 plus
3397 4904 3570 4961 nimio

1959 4979 2142 5034 calore
2196 4983 2445 5054 rigoreve
2493 4988 2759 5056 occupari
2828 4991 3133 5062 contingit,
3197 4997 3389 5052 eadem
3447 5015 3574 5070 pro-

1961 5069 2111 5125 tinus
2147 5071 2366 5128 affectio
2401 5083 2576 5129 totum
2624 5092 2830 5148 corpus
2891 5092 3144 5138 nostrum
3184 5069 3566 5158 subsequitur.

2035 5160 2093 5215 ln
2117 5164 2282 5219 corde
2305 5157 2546 5236 namque
2569 5167 3004 5239 ipsoirascihilis
3023 5175 3106 5231 vis
3128 5180 3305 5247 posita
3326 5157 3430 5244 est,
3445 5199 3570 5252 ηυεε

1962 5256 2162 5312 animae
2195 5260 2383 5327 passio
2409 5260 2664 5318 habetur.
2685 5263 3010 5322 Passionem
3040 5279 3226 5325 autem
3251 5274 3450 5329 animae
3481 5277 3569 5330 di-

1961 5349 2161 5416 cimus,
2198 5351 2251 5405 in
2304 5351 2412 5418 his,
2469 5353 2524 5408 in
2581 5357 2788 5426 quibus
2847 5360 3105 5428 primitus
3155 5364 3332 5434 ipsius
3383 5379 3570 5426 motus

1959 5452 2062 5498 est.
2104 5444 2270 5515 Atqui
2312 5463 2408 5500 cor
2441 5447 2648 5518 ipsum,
2701 5460 2892 5521 utpote
2923 5453 3366 5514 instrumentum
3417 5463 3564 5531 ejus.

1961 5535 2069 5607 ipsi
2112 5539 2474 5608 compatitur.
2505 5538 2667 5610 Nam,
2701 5557 2831 5599 cum
2865 5545 3052 5602 anima
3099 5547 3433 5608 immortalis
3464 5553 3566 5609 ha-

330 5748 376 5847 ς’
397 5749 704 5847 αὲτὴνιΑΒ
749 5755 947 5847 “Lam.
990 5757 1138 5847 εστὶν
1166 5758 1272 5847 Β...⁵
1305 5757 1788 5847 ⁸⁷·ιξναρώνυσθὶαίῒ
1799 5779 1859 5815 τε
1887 5763 1980 5847 Α..
2005 5764 2544 5847 ἀναρρωνύεσθαι-Β.
2568 5842 2580 5847 _
2623 5771 2670 5805 ⁸⁸
2709 5774 2842 5847 γοῦν
2887 5776 2949 5831 Β.
3027 5777 3073 5810 ⁵³
3102 5777 3443 5847 φλεγματίου
3498 5781 3561 5837 Π.

257 5821 632 5919 suam
662 5825 721 5919 2-
783 5821 1203 5919 “Lm-tae:
1230 5830 1341 5919 ιτς.
1366 5821 1724 5919 ’ἲκσίλρῦσιέ
1748 5831 1846 5919 0-,.
1887 5834 2021 5919 επεν
2191 5838 2376 5919 "-3:
2411 5821 2835 5919 ii!
2892 5821 3469 5919 ῖίπάντςξςέπῖε,
3493 5821 3559 5908 είς

258 5893 302 5924 “
333 5892 447 5948 δύν.
480 5892 636 5964 ἐχαρ.
668 5895 726 5950 Β.
808 5898 850 5930 ⁸⁷
881 5892 1137 5971 πυρινίζη
1161 5900 1221 5954 Β.
1298 5901 1342 5933 ’⁸
1361 5900 1422 5955 τδ
1443 5917 1494 5955 τ.
1519 5901 1578 5971 ψ.
1613 5901 1783 5967 πάθος
1807 5903 1869 5960 Β.
1946 5906 1990 5938 ⁶⁹
2017 5892 2250 5977 πρώτως
2272 5909 2312 5961 Β
2333 5910 2395 5968 C.
2425 5892 2433 5894 ἡ
2461 5892 3414 5989 ’τίπᾶθρξςῖτωματικοῦξιίιίῖἨ
