4204 6488
182 468 325 524 1⁸217

1437 453 1529 510 DE
1570 451 1862 511 NATURA
1903 448 2217 507 HOMINIS.

3360 442 3501 503 ISIB

188 580 455 647 ἵέτλαθι,
477 575 716 648 κροδιηο
733 576 833 633 καὶ
854 576 1151 645 κύντερον
1163 573 1321 629 ἄλλο
1341 572 1476 627 ποτ’
1492 570 1789 652 Era/Iners).

1977 566 2199 622 Sumne
2224 581 2338 631 cur,
2379 574 2429 619 et
2459 573 2515 618 tu
2547 561 2820 635 quondam
2851 559 3099 633 graviora
3136 556 3378 617 tulisses.

185 674 299 727 Kal.
327 669 520 736 πάλιν,

186 784 347 852 Τῷδε
371 782 519 854 μάλ’
552 781 829 853 agnem.
860 781 1079 851 κραδίη
1104 780 1295 851 μένεα
1330 778 1625 859 τετληυῖα
1665 778 1742 851 (a)
1768 793 1784 809 ·

181 898 310 953 ἀντὶ
336 897 433 951 τοῦ
471 895 708 966 έπείσθη
739 897 800 949 ὲν
829 895 1037 966 ἡσυχίᾳ
1065 894 1159 948 καὶ
1190 895 1441 965 ὑπομονῇ
1467 889 1608 947 εἶναι
1640 894 1714 949 θ’.

272 988 365 1053 Ἐξ
384 986 560 1056 αὐτῆς
587 981 703 1053 οὖν,
721 986 798 1051 ὡς
820 988 1059 1058 εἴρηται,
1082 985 1146 1039 τδ
1163 986 1400 1050 ζωτικὸν
1420 983 1667 1055 πνεῦμα,
1692 984 1791 1039 καὶ¹

180 1082 247 1135 τὸ
280 1078 673 1150 καθαρώτερον
704 1079 752 1112 ⁸⁸
782 1080 881 1133 καὶ
926 1079 1226 1149 εἰλικρινὲς
1261 1074 1403 1148 αἷμα
1427 1095 1442 1108 ο
1476 1078 1572 1132 καὶ
1594 1079 1628 1148 ἡ
1660 1076 1790 1149 θερ-

187 1173 361 1244 μότης
401 1172 496 1225 ἐπὶ
523 1173 584 1225 τὸ
616 1173 727 1225 πᾶν
760 1171 925 1240 σῶμα
948 1171 1039 1223 διὰ
1077 1170 1191 1223 τῶν
1223 1169 1508 1241 ἀρτηριῶν
1548 1172 1791 1239 ἐγκατα-

183 1263 503 1333 σπείρεται.
552 1263 620 1316 Ἦ
659 1263 769 1334 γὰρ
799 1261 1145 1334 δημιουργὸς
1172 1261 1341 1332 φύσις
1377 1260 1584 1332 πολλὴν
1614 1259 1710 1314 τοῦ
1733 1262 1793 1314 ὲν

185 1357 327 1427 ἡμῖν
346 1353 557 1428 θερμοῦ
583 1355 937 1425 ποιησαμένη
962 1354 1245 1425 πρόνοιαν,
1268 1353 1393 1407 δυσὶ
1424 1354 1639 1426 μορίοις
1660 1353 1793 1408 αὑτὸ

188 1447 488 1519 ἐχαρίσατο
513 1449 632 1510 τοῖς
660 1446 969 1518 ἐξαιρέτοις
997 1446 1070 1512 ⁸⁸,
1106 1445 1309 1519 καρδίᾳ
1344 1446 1440 1500 καὶ
1474 1447 1671 1516 ἥπατι,
1697 1446 1795 1500 καὶ

191 1541 437 1611 μάλιστα
468 1539 694 1612 καρδίᾳ.
760 1539 858 1592 Ἐκ
890 1537 1102 1592 τούτων
1128 1537 1224 1594 οὖν
1252 1540 1351 1592 καὶ
1380 1539 1452 1592 τά
1483 1537 1653 1592 λοιπὰ
1695 1539 1796 1608 μό-

192 1644 288 1703 ρια
315 1630 731 1700 μεταλαμϐάνει
759 1631 859 1683 καὶ
886 1629 1233 1684 ἑπαπολαύει
1266 1633 1368 1699 τῆς
1391 1629 1660 1699 ,ἐμφύτου
1692 1630 1796 1683 αὑ-

187 1722 304 1776 τῶν
332 1722 643 1793 θερμασίας
662 1721 711 1755 ”
729 1739 746 1753 ·
778 1722 1044 1785 ἑκάστου,
1076 1722 1217 1794 πρὸς
1243 1722 1307 1776 τὺ
1328 1720 1377 1755 ⁸⁸
1427 1720 1662 1793 μέγεθος
1695 1722 1795 1775 καὶ

187 1798 253 1869 ei
294 1814 516 1885 ἀξίωμα
546 1817 649 1886 τῆς
692 1814 1003 1884 ἐνεργείας,
1032 1817 1135 1885 τῆς
1158 1814 1425 1885 χορηγίας
1463 1814 1674 1885 ταύτης
1709 1815 1798 1868 ἀεὶ

1969 989 2055 1044 Ab
2100 988 2222 1059 ipso
2250 1028 2265 1054 ,
2351 986 2579 1057 inquam
2608 1024 2624 1049 ,
2695 982 2862 1040 corde
2896 1020 2913 1047 ,
2960 987 3023 1035 ut
3095 976 3304 1035 dictum
3371 986 3502 1040 est,

1894 1080 2084 1138 vitalis
2132 1080 2364 1150 spiritus
2391 1117 2405 1142 ,
2478 1092 2692 1133 necnon
2736 1074 3094 1147 purissimus,
3134 1086 3201 1127 ac
3247 1070 3515 1129 sinceris-

1894 1176 2073 1230 simus
2099 1172 2329 1245 sanguis
2354 1156 2407 1227 ct
2428 1172 2582 1226 calor
2611 1164 2708 1240 per
2737 1180 2913 1224 totum
2939 1182 3146 1238 corpus
3173 1165 3510 1221 arteriarum

1895 1266 2209 1323 ministerio
2250 1264 2599 1320 dill‘unditur.
2631 1264 3109 1343 Enimvero,_cum
3142 1274 3398 1315 summus
3424 1272 3515 1313 re-

1895 1375 2020 1415 rum
2060 1357 2278 1429 Opifex,
2320 1357 2390 1412 de
2439 1372 2507 1412 eo
2559 1357 2655 1428 qui
2694 1356 2749 1410 in
2804 1355 2969 1411 nobis
3003 1354 3188 1409 calore
3229 1362 3334 1416 est,
3393 1367 3516 1407 ma-

1897 1452 2111 1507 ximam
2174 1465 2366 1506 curam
2430 1458 2638 1519 ageret,
2685 1448 2835 1503 illius
2879 1445 3247 1503 conservandi
3294 1444 3515 1500 duabus

1896 1542 2150 1615 corporis
2199 1542 2374 1597 nostri
2428 1539 2702 1612 partibus,
2737 1538 2895 1594 cordi
2955 1537 3214 1592 videlicet
3291 1535 3514 1605 jecino-

1897 1638 2078 1708 rique,
2122 1636 2217 1691 sed
2266 1634 2419 1691 cordi
2464 1635 2797 1705 praesertim,
2829 1632 3075 1688 ofﬁcium
3131 1629 3514 1685 demandavit.

1898 1722 1984 1779 Ab
2026 1722 2114 1778 his
2146 1737 2390 1793 namque
2441 1730 2497 1777 et
2527 1722 2756 1792 reliquae
2794 1721 3045 1791 corporis
3073 1719 3249 1775 nostri
3302 1727 3513 1789 partes,

1900 1824 1963 1870 ut
2001 1828 2236 1884 quasque
2265 1821 2372 1878 est,
2409 1828 2511 1883 pro
2544 1813 2632 1868 sui
2664 1822 2858 1883 captus
2886 1813 3120 1877 ratione,
3152 1812 3379 1865 insitum
3416 1809 3515 1881 qui
3622 1834 3626 1837 -

192 1905 742 1977 μεταλαμϐάνοντος.
791 1906 1204 1975 Ἀναμέμικται
1246 1906 1303 1959 δὲ
1336 1908 1395 1960 ὲν
1451 1908 1574 1970 ταῖς
1621 1908 1798 1978 ἀρτη-

1906 1906 1958 1960 in
2000 1904 2139 1976 ipsis
2187 1911 2273 1960 est
2320 1905 2587 1970 calorem,
2624 1920 2737 1979 quo
2776 1903 3076 1959 commissa
3126 1903 3230 1958 sibi
3282 1902 3517 1973 exsequi

193 1997 343 2069 ρίαις
396 1998 645 2061 άπάσαις
693 1996 787 2050 διὰ
816 1996 1036 2051 πολλῶν
1080 1996 1232 2050 ὀπῶν
1284 1997 1675 2052 ἁναπνεουσῶν
1716 1996 1797 2068 τῷ

189 2085 390 2155 αῖματι
412 2088 448 2158 ἠ
469 2085 721 2159 ἀερώδης
739 2085 922 2151 οὐσία,
945 2085 1042 2140 καὶ
1065 2088 1189 2140 κατ’
1213 2087 1387 2157 αὑτὴν
1405 2088 1508 2159 τὴν
1529 2087 1761 2160 καρδίαν
1779 2103 1793 2117 ·

188 2178 258 2232 δι’
289 2172 359 2250 ἦς
388 2178 694 2233 οἰκειοῦται
730 2179 832 2251 μὲν
860 2179 923 2232 τὸ
966 2178 1293 2251 εἰλικρινὲς,
1334 2178 1623 2246 ἐξωθεῖται
1657 2181 1714 2235 δὲ
1735 2182 1799 2236 τὸ

189 2270 536 2334 οἱθαλῶδεςο
568 2272 631 2325 οὑ
665 2271 832 2341 μόνον
876 2270 970 2325 διὰ
1000 2273 1278 2342 στόματος
1304 2274 1401 2325 καὶ
1436 2272 1607 2345 ῥινὸς,
1660 2274 1800 2329 ἀλλὰ

193 2362 290 2417 καὶ
319 2361 411 2416 διὰ
447 2360 559 2416 τῶν
589 2361 809 2433 ἀδήλων
832 2362 1041 2433 πόρων.
1086 2363 1347 2432 ’Δδήλους
1370 2363 1431 2416 δὲ
1461 2364 1667 2433 πόρους
1700 2357 1801 2436 τὴν

188 2453 457 2524 διαπνοὴν
493 2454 539 2486 ⁸⁷
584 2454 791 2518 παντὸς
834 2454 932 2508 τοῦ
970 2454 1230 2526 σώματος
1258 2455 1498 2525 λέγομεν
1520 2472 1536 2487 ο
1569 2456 1696 2509 καθ’
1732 2457 1801 2527 ἦν

193 2547 261 2600 έκ
312 2546 411 2599 τοῦ
458 2544 683 2616 βάθους,
732 2547 830 2603 καὶ
868 2547 969 2618 τῆς
1021 2546 1294 2617 συστολῆς
1340 2548 1450 2602 τῶν
1490 2548 1798 2618 ἀρτηριῶν,

195 2639 366 2710 ἀτμοὶ
411 2639 660 2693 πλεῖστοι
711 2639 801 2694 διά
840 2639 943 2711 τῆς
1007 2639 1317 2712 μανότητος
1364 2636 1459 2695 τοῦ
1527 2641 1803 2714 δέρματος

192 2730 275 2784 διε
284 2728 595 2803 ξέρχονται.

266 2998 431 3056 Μετὰ
464 2998 603 3068 γοῦν
632 2998 728 3053 τὸν
752 2997 1014 3069 θώρακα,
1041 2998 1109 3052 έκ
1158 2997 1259 3053 τοῦ
1297 2996 1605 3081 ξιφοειδοῦς
1646 3000 1806 3070 λεγο-

201 3094 369 3163 μένου
400 3092 651 3164 χόνδρου,
688 3091 749 3155 ὃς
776 3092 840 3144 τὸ
864 3090 1046 3159 πέρας
1072 3092 1191 3145 ἐστὶ
1218 3090 1316 3145 τοῦ
1346 3092 1442 3145 ἐπὶ
1472 3092 1542 3145 τὰ
1566 3093 1805 3164 ὑποχόνς-

194 3185 325 3254 δρια
352 3184 575 3255 μέρους,
626 3182 737 3236 άπὸ
767 3180 866 3235 τοῦ
902 3181 1135 3250 στέρνου
1169 3182 1341 3253 μέχρι
1390 3178 1493 3251 τῆς
1518 3181 1665 3254 ἥϐης
1704 3181 1805 3235 καὶ

1902 1998 2095 2055 munia
2145 2002 2373 2068 queant,
2410 2010 2811 2067 usquequaque
2839 1994 3167 2059 desumunt,
3203 2002 3371 2064 atque
3396 1992 3518 2063 ipso

1902 2089 2185 2145 fruuntur.
2242 2086 2313 2142 in
2362 2088 2583 2143 eunetis
2639 2096 2824 2143 autem
2878 2086 3124 2151 arteriis,
3177 2102 3273 2141 seu
3335 2086 3515 2150 venis,

1902 2173 2064 2236 aerei
2122 2178 2455 2244 substantia,
2506 2194 2633 2248 qua
2680 2192 2782 2248 per
2830 2176 3072 2248 plurima
3106 2176 3382 2231 foramina
3422 2192 3522 2230 ex-

1905 2273 2078 2339 halat,
2120 2273 2378 2345 sanguini
2413 2272 2652 2340 admista
2704 2280 2812 2336 est,
2868 2270 3032 2341 cujus
3080 2270 3370 2341 sanguinis
3412 2284 3520 2340 pu-

1904 2368 2129 2424 rissima
2156 2367 2337 2438 portio
2368 2365 2425 2420 in
2463 2366 2630 2421 corde
2654 2374 2937 2430 moratur;
2963 2363 3161 2419 adusta
3198 2378 3330 2419 vero
3353 2372 3523 2435 atque

1903 2459 2273 2519 comburens,
2330 2470 2441 2511 non
2494 2455 2662 2509 modo
2736 2469 2835 2509 ore
2885 2453 3262 2522 naribusque,
3323 2466 3520 2507 verum

1905 2550 2070 2605 etiam
2102 2548 2159 2602 in
2193 2548 2362 2602 certis
2385 2546 2664 2603 meatibus
2692 2545 3008 2612 expellitur.
3040 2545 3099 2598 In
3122 2552 3306 2599 certos
3334 2552 3519 2599 autem

1906 2650 2145 2705 meatus,
2198 2638 2368 2694 totius
2399 2640 2655 2709 corporis
2690 2637 3118 2708 respirationem
3150 2636 3519 2705 appellamus,

1905 2747 2017 2804 qua
2057 2745 2170 2802 prie
2201 2730 2534 2786 arteriarum
2572 2728 2973 2791 contractione,
3021 2727 3093 2782 ab
3128 2742 3321 2782 earum
3358 2740 3526 2795 pene-

1906 2826 2204 2882 trabilibus
2248 2824 2506 2895 plurimae
2545 2823 2933 2878 exhalationes
2991 2837 3089 2892 per
3125 2822 3309 2877 laxam
3343 2821 3519 2877 cutim

1904 2919 2288 2991 egrediuntur.

1978 3008 2109 3064 Post
2146 3008 2430 3062 thoracem
2473 3004 2646 3076 igitur
2690 3044 2706 3069 ,
2742 3013 2798 3059 et
2838 3003 3218 3075 cartilaginem
3256 3019 3382 3073 quae
3409 3002 3527 3073 gla-

1905 3102 2071 3158 dialis
2090 3100 2314 3165 dicitur,
2352 3108 2548 3170 utpote
2577 3114 2700 3168 qua:
2735 3099 2909 3168 partis
2929 3098 2997 3153 ad
3038 3097 3523 3168 hypocbondrium

1908 3193 2181 3249 terminus
2227 3200 2352 3257 est;
2416 3190 2567 3261 quod
2626 3189 2881 3244 videlicet
2928 3204 2957 3242 a
3012 3198 3235 3260 pectore
3290 3188 3405 3262 96
3454 3190 3531 3245 ad

194 3274 309 3329 τῶν
336 3273 547 3343 ταύτης
574 3270 789 3343 μερῶν,
818 3271 960 3340 ὅπερ
989 3269 1086 3323 καὶ
1109 3268 1307 3323 κύστιν
1344 3268 1649 3339 καλοῦμεν,
1680 3268 1800 3322 ἐπι-

1911 3285 2112 3357 pubem
2162 3297 2343 3353 usque
2387 3281 2622 3353 ejusque
2655 3291 2843 3354 partes
2881 3282 3077 3348 tendit,
3120 3298 3264 3352 quas
3297 3292 3353 3336 et
3392 3299 3526 3337 ven-

196 3366 497 3439 τόστριον
529 3363 786 3417 καλεῖται
819 3361 882 3416 τὸ
926 3363 1039 3415 πᾶν
1064 3376 1080 3390 ·
1112 3361 1255 3432 ὅπερ
1290 3360 1530 3433 είςντρία
1572 3360 1803 3435 διαιρεῖ-

197 3474 329 3511 ται·
368 3456 454 3519 εῖς
496 3472 557 3508 τε
588 3452 1014 3523 ἐπιγάστριον,
1064 3451 1163 3505 καὶ⁵
1218 3452 1658 3523 ὑπογάστριον,
1707 3454 1805 3507 καὶ

194 3545 388 3623 ἦτρον
414 3545 484 3599 ⁸⁸.
522 3546 600 3599 Τὸ
658 3546 760 3617 μὲν
809 3540 905 3599 οὖν
955 3544 1333 3616 ὑπογάστριον
1379 3545 1474 3599 τὸν
1523 3546 1807 3615 ὀμφαλὸν

196 3637 514 3709 καλοῦμεν·
562 3637 627 3692 τὸ
656 3637 717 3692 δέ
762 3636 978 3692 ἄνωθεν
1031 3638 1201 3692 αὐτοῦ
1242 3638 1306 3691 τὸ
1360 3638 1460 3709 μὲν
1501 3639 1807 3709 μετέωρον

194 3733 598 3802 ἐπιγάστριον
627 3730 899 3795 καλεῖται,
928 3729 1121 3801 ἐπειδὴ
1162 3729 1439 3784 ἐπίκειται
1467 3733 1535 3802 τῇ
1559 3731 1799 3803 γαστρί·

196 3826 262 3879 τὸ
287 3825 343 3879 δὲ
363 3824 557 3895 ἕτερον
583 3821 1021 3892 ὑπογάστριον,
1039 3823 1239 3895 ἐπειδὴ
1268 3822 1618 3894 ὑποϐέϐηκεν
1638 3824 1803 3896 αὐτῇ.

198 3916 276 3971 Τὸ
319 3916 376 3969 δὲ
408 3916 506 3969 τοῦ
535 3913 788 3984 ὀμφαλοῦ
833 3916 1138 3985 κατωτέρω
1192 3914 1381 3983 ἦτρον
1429 3914 1476 3946 ⁸⁸
1525 3932 1807 3985 προσαγο-

199 4008 443 4083 ρεύομεν
468 4025 482 4038 ·
528 4007 592 4060 τὸ
627 4006 685 4061 δὲ
730 4007 997 4060 ὑποκάτω
1033 4006 1147 4060 τῶν
1193 4006 1438 4077 διδύμων
1506 4009 1803 4076 περινιον.

199 4103 346 4158 Ὅσα
374 4102 477 4172 μὲν
506 4096 603 4155 οὖν
630 4100 711 4164 εἰς
733 4099 1101 4172 ἐπιγάστριον
1129 4100 1381 4174 διῃρέθη,
1405 4100 1498 4154 τὸν
1525 4088 1813 4174 στόμαχον

196 4198 525 4279 περιέχουσι
579 4195 679 4249 καὶ
723 4194 976 4265 γαστέρα
1034 4194 1136 4266 τὴν
1179 4196 1335 4249 άνωο
1378 4194 1678 4268 δεξιώτερα
1741 4196 1805 4250 τὸ

194 4286 356 4363 ἧπαρ
415 4289 514 4342 καὶ
558 4288 653 4341 τὸν
715 4287 931 4358 σπλῆνα
988 4289 1050 4340 έν
1110 4290 1228 4352 τοῖς
1263 4289 1601 4358 ἀριστεροῖς,
1656 4289 1804 4361 άπερ

198 4382 494 4454 ἀμφότερα
531 4379 867 4449 σπλάγχνα
898 4378 1176 4442 καλεῖται,
1208 4379 1300 4433 διὰ
1336 4379 1399 4431 τὸ
1431 4379 1671 4452 διασπᾷν
1703 4380 1804 4452 τὴν

196 4477 411 4547 τροφήν
432 4490 446 4506 ·
482 4474 550 4528 τὰ
577 4474 720 4527 αὑτὰ
740 4472 797 4526 δὲ
826 4474 924 4525 καί
949 4471 1247 4542 ὁργανικά.

1909 3389 2050 3435 trem
2107 3391 2544 3448 nuncupamus;
2583 3390 2772 3441 omne,
2803 3374 3057 3446 inquam,
3104 3375 3240 3430 illud
3280 3376 3524 3445 spatium

1908 3469 2268 3527 subventrilis
2323 3483 2454 3537 pars
2500 3466 2747 3530 dicitur,
2787 3467 2937 3536 quod
2994 3476 3051 3521 et
3071 3465 3342 3522 trifariam
3384 3466 3525 3522 divi-

1907 3560 2173 3630 ditur-{in
2218 3561 2563 3632 superiorem
2604 3558 2861 3615 videlicet
2932 3567 2988 3614 et
3030 3558 3345 3615 inferiorem
3382 3576 3523 3615 ven-

1907 3663 2087 3721 trem,
2160 3661 2327 3724 atque
2386 3651 2684 3708 abdomen.
2761 3649 2829 3705 Et
2892 3650 3212 3707 inferiorem
3282 3652 3512 3723 quidem

1910 3755 2198 3810 ventrem,
2248 3744 2574 3799 umbilicum
2634 3742 2999 3815 appellamus.
3059 3744 3143 3797 Ab
3206 3742 3337 3797 inde
3390 3758 3526 3799 vero

1910 3853 2157 3909 superna
2191 3852 2343 3907 pars,
2374 3852 2501 3907 qua:
2551 3835 2846 3891 sublimior
2871 3844 2978 3901 est,
3009 3836 3155 3906 quod
3187 3836 3314 3891 alvo
3347 3836 3528 3892 immi-

1908 3938 2061 3995 neat,
2099 3930 2560 4000 superiorventer
2583 3938 2945 3998 nuncupatur
2975 3944 3141 3998 :pars
3155 3944 3286 3983 vero
3326 3930 3526 3995 altera,

1908 4022 2066 4076 alvus
2123 4022 2368 4089 scilicet,
2430 4022 2580 4092 quod
2632 4020 2734 4091 ipsi
2769 4021 2947 4076 ventri
3005 4022 3219 4086 subsit,
3289 4021 3526 4079 inferior
3606 4014 3609 4015 ⁷

1909 4122 2107 4169 venter
2158 4115 2485 4184 appellatur.
2543 4111 2651 4168 Sed
2701 4121 2888 4183 partes
2934 4115 3075 4169 imas
3131 4114 3201 4169 ab
3260 4115 3529 4170 umbilico

1909 4199 2081 4278 ἦτρον
2109 4206 2311 4271 dictas,
2365 4204 2681 4261 abdominis
2727 4214 2785 4260 et
2838 4206 3002 4277 pubis
3066 4206 3189 4262 loca
3236 4221 3528 4264 vocamus.

1915 4297 2164 4353 Inﬁmam
2206 4306 2391 4354 autem
2425 4308 2639 4369 partem
2674 4314 2801 4371 quin
2832 4299 3199 4363 subtestibns
3225 4308 3331 4363 est,
3366 4301 3532 4373 περί-

1912 4406 2056 4455 νεον,
2109 4392 2215 4447 Ιιοο
2258 4403 2343 4447 est
2372 4393 2549 4448 colem
2584 4402 2933 4463 nuncupant.
2968 4390 3330 4465 Quaecunque
3356 4394 3528 4463 igitur

1913 4482 1970 4536 in
2025 4484 2367 4553 superiorem
2413 4494 2664 4541 ventrem
2713 4484 2893 4540 divisa
2950 4494 3105 4551 sunt,
3152 4487 3528 4552 stomachum,

195 4579 255 4626 et
292 4568 633 4641 superiorem
684 4567 975 4622 ventriculi
1026 4575 1237 4636 partem
1282 4565 1567 4622 continent
1605 4590 1619 4623 ;
1655 4576 1711 4623 et
1760 4582 1792 4626 a
1849 4570 2062 4632 dextris
2089 4577 2271 4647 jecur,
2340 4592 2372 4632 a
2448 4578 2694 4636 slnistris
2734 4592 2870 4634 vero
2922 4577 3031 4633 lien
3069 4568 3341 4645 cernitur,
3387 4595 3532 4652 quo-

197 4676 323 4716 rum
386 4666 684 4729 utrumque
742 4658 975 4712 visceris
1034 4656 1462 4727 appellationem
1535 4659 1800 4719 desumit.

1906 4680 1982 4721 Im
2026 4667 2106 4722 illi
2168 4668 2459 4741 σπλάγχνα
2513 4669 2732 4725 viscera
2779 4668 2976 4725 dicunt
3043 4667 3135 4722 διά
3185 4668 3249 4724 τὸ
3292 4669 3533 4740 διασπᾷν

196 4753 299 4827 τὴν
327 4753 560 4825 τροφήν,
618 4752 773 4823 quod
796 4750 1045 4805 alimenti
1084 4750 1155 4804 ab
1204 4750 1287 4806 eis
1336 4751 1631 4809 visceratio
1684 4758 1803 4826 Iiat;
1844 4758 2124 4819 haeccnim
2146 4773 2201 4820 et
2234 4763 2682 4821 instrumentalia
2713 4771 2864 4819 sunt.
3102 4767 3109 4775 '

518 4864 665 4933 Κεφ.
707 4862 819 4920 IH'.
858 4890 929 4903 —-
960 4863 1101 4933 Περὶ
1132 4864 1474 4937 στομάχου.

275 4980 434 5034 Ἔστι
462 4979 521 5033 δὲ
547 4980 577 5032 ὁ
609 4978 1220 5052 στόμαχοςνευρώδης,
1247 4980 1538 5051 ἐργαλεῖον
1565 4983 1802 5056 ὀρέξεως

199 5074 299 5130 καὶ
320 5072 708 5135 καταπόσεως,
746 5073 1007 5144 καὶπρὸς
1037 5074 1216 5146 ὑγρὰς
1240 5076 1335 5129 καὶ
1378 5075 1556 5149 ξηρὰς
1592 5082 1806 5150 τροφὰς

202 5166 538 5238 ἐπιτήδειος.
586 5165 832 5235 Λέγεται
874 5165 932 5218 δὲ
974 5168 1310 5237 στόμαχος,
1340 5169 1426 5225 ὅτι
1462 5170 1533 5224 τὰ
1567 5171 1678 5226 ἀπὸ
1709 5173 1807 5227 τοῦ

204 5258 481 5332 στὸματος
512 5261 594 5323 είς
631 5259 801 5314 αὑτὸν
826 5262 1041 5331 χεῖταιο
1074 5263 1142 5316 ἄν
1171 5279 1233 5315 τε
1265 5262 1433 5335 ὑγρὰ,
1465 5266 1533 5319 (ιν
1552 5282 1614 5319 τε
1640 5266 1805 5338 ξηρά.

206 5352 283 5406 Ἦ
306 5347 422 5407 οἷον
455 5353 777 5424 σιτόμαχος,
804 5356 835 5408 ὁ
868 5355 984 5417 τοῖς
1005 5354 1201 5419 σιτίοις
1231 5357 1553 5429 μαχόμενος
1581 5360 1629 5392 ’⁸
1654 5376 1669 5390 ⁸
1694 5359 1812 5414 θλί-

204 5445 365 5499 ϐουσι
385 5445 497 5518 γὰρ
542 5446 711 5501 αὐτόν
732 5461 746 5477 ’
863 5448 893 5500 6
940 5447 1145 5503 θλίϐων
1192 5447 1439 5520 εμπαλιν
1471 5451 1673 5519 ταῦτα,
1721 5453 1812 5507 ῖνα

290 5579 342 5617 ⁸³
378 5581 509 5655 hac
549 5581 619 5655 ab
664 5596 858 5655 neque
921 5581 1063 5655 αλλὰ
1114 5584 1221 5655 καὶ
1283 5586 1466 5640 ὲνεστ.
1524 5601 1638 5641 om.
1715 5586 1778 5655 Β,

207 5652 307 5728 ρ.-
374 5651 424 5684 ⁸⁸
466 5653 592 5728 κατ’
625 5652 987 5728 έξαίρετονΒ
1016 5654 1062 5728 (Ξ
1101 5654 1177 5728 P1
1264 5656 1314 5688 ⁸³
1350 5657 1521 5728 θερμ.
1559 5658 1685 5712 αὐτ.
1721 5651 1784 5716 Β.

206 5725 252 5759 ⁸⁷
281 5723 547 5794 διαπνοὴν
572 5725 668 5777 καὶ
700 5721 977 5796 ἀναπνοὴν
1028 5725 1093 5791 Ρ,
1146 5721 1306 5851 Ἕοιν
1356 5721 1434 5796 Β,
1458 5721 1616 5801 ἴτριον
1638 5731 1706 5786 Α.

214 5811 379 5851 στου..
414 5794 501 5847 ὅτι
531 5797 646 5851 τοῖς
686 5795 881 5851 σιτίοις
912 5796 1149 5851 μάχεται
1225 5837 1238 5851 .

214 5811 379 5867 στομ.
414 5794 501 5847 ὅτι
531 5797 646 5859 τοῖς
686 5795 881 5862 σιτίοις
910 5794 1149 5868 μάχεται
1172 5794 1238 5853 Β.

280 5911 492 5988 (no.1.
525 5914 595 5982 γ,
630 5915 719 5972 l8.

1834 5596 1889 5644 et
1939 5603 2084 5643 vers.
2147 5589 2245 5642 lat.

2246 5660 2603 5803 τιεςξξιειεπ

2261 4877 2393 4951 Cap.
2436 4876 2629 4937 XVIII.
2654 4907 2727 4919 --
2758 4877 2840 4933 De
2873 4878 3171 4935 stomacho.

1989 4992 2325 5051 Stomachus
2353 5000 2543 5049 autem
2578 4994 2769 5050 nervis
2792 4992 3032 5051 refertus
3055 5004 3162 5063 est,
3181 5003 3236 5051 et
3256 4994 3397 5051 idem
3418 4996 3537 5052 olli-

1916 5087 2040 5141 cina
2064 5094 2183 5142 tum
2215 5088 2533 5160 appetendi,
2562 5096 2680 5143 tum
2711 5087 3045 5145 conﬁciendi
3066 5099 3177 5145 tam
3198 5091 3328 5147 sicci
3363 5106 3531 5162 quam

1918 5176 2130 5233 humidi
2156 5178 2400 5233 alimenti
2420 5179 2718 5249 peridonea
2748 5179 3006 5236 habetur.
3028 5180 3106 5235 Illi
3143 5182 3421 5255 στόμαχον
3449 5184 3537 5239 di-

1919 5279 2053 5326 cunt
2074 5270 2155 5324 ὃτι
2190 5270 2303 5324 ἀπὸ
2330 5271 2427 5325 τοῦ
2452 5272 2725 5343 στόματος
2750 5275 2835 5337 εῖς
2870 5272 3038 5327 αὑτὸν
3063 5276 3262 5345 χεῖται,
3283 5276 3413 5346 quia
3437 5290 3537 5347 per

1920 5376 1984 5416 os
2001 5361 2119 5416 sive
2140 5360 2429 5417 humidum
2459 5362 2576 5418 sive
2599 5362 2733 5418 illud
2753 5365 2963 5420 siccum
2989 5364 3310 5420 alimentum
3344 5365 3533 5432 fuerit,

1922 5454 2104 5523 ipsum
2122 5453 2456 5517 infunditur.
2478 5453 2577 5512 Vel
2590 5455 2749 5527 quasi
2766 5456 3065 5530 σιτόμαχος
3079 5458 3231 5529 quod
3252 5473 3379 5515 cum
3408 5458 3536 5515 cibo

2362 5588 2410 5621 ”
2456 5588 2842 5714 καθαρότατον
2904 5590 2947 5644 Β
2980 5592 3071 5661 -Ρ,
3141 5590 3538 5665 καθαρώτατον

2376 5660 2527 5714 ὲνεο.
2563 5678 2603 5714 υ.
2634 5678 2769 5714 τοον
2814 5662 3012 5714 μεταλ.
3044 5664 3218 5714 αὐτῆς
3251 5667 3423 5714 ἀναιι.
3465 5665 3534 5714 Ρ.

2634 5678 2796 5736 τρον-Δ
2814 5662 3012 5734 μεταλ.
3044 5662 3423 5736 αὑτῇςᾳάναμ.
3465 5665 3509 5718 Ρ

2313 5704 2348 5763 τ
2368 5704 2539 5803 ἷξὲῇἱῶ
2561 5704 2735 5803 "EE:
2749 5704 3115 5807 ’τττρἱῖἶᾶῗ
3129 5704 3446 5807 ’δι’λῖἑέξσὶι
3465 5704 3536 5791 ὶέ

2003 5916 2082 5989 (α)
2105 5913 2210 5973 ou.
2249 5914 2316 5982 ι’,
2350 5912 2443 5972 25.
