4204 6504
692 466 829 522 lii!)

1965 451 2250 509 MELETII
2292 448 2601 507 MONACHI

3821 445 3960 502 1220

689 583 857 652 αἰδοῖ,
902 579 1016 649 ipse
1047 574 1190 630 enim
1213 588 1243 627 a
1279 571 1404 628 cibo
1421 569 1708 641 premitur,
1737 576 1791 626 et
1812 568 1995 624 cibum
2032 568 2273 624 vicissim

2377 563 2790 636 καταϐιϐασθῇ·
2809 562 3032 633 λέγεται
3077 563 3171 618 καὶ
3194 563 3522 632 στόμαχος,
3551 563 3578 616 ὅ
3605 562 3722 616 ἐστι
3745 567 3964 635 μηχανὴ

689 673 807 742 ipse
846 669 1064 741 premit,
1101 666 1230 721 dum
1260 665 1437 734 ipsum
1470 665 1536 718 ad
1571 663 1670 718 sibi
1707 661 2020 732 praescripta
2045 661 2163 716 loca
2181 661 2274 716 de-

2381 657 2492 711 τῶν
2526 658 2716 711 σιτίων
2745 658 2815 710 ⁸⁸.
2857 654 3047 709 Ἄλλοι
3088 657 3145 710 δὲ
3187 658 3251 709 ἐκ
3305 654 3399 708 τοῦ
3461 654 3641 724 στόμα
3692 657 3965 728 στόμαχον

689 763 906 816 mittere
927 756 1142 826 satagit.
1172 752 1267 806 Vel
1293 753 1415 807 inde
1444 752 1764 807 stomachus
1782 751 1959 806 dictus
1983 750 2128 813 est,6
2160 749 2278 804 ἐστὶ

692 851 907 924 μηχανὴ
955 848 1064 903 τῶν
1120 845 1327 910 σιτίων,
1393 845 1552 913 quasi
1602 843 1847 898 ciborum
1906 842 2157 896 machina
2184 841 2277 908 sit,

2382 749 2624 840 λέγουσι,
2663 749 2754 804 διὰ
2777 750 2870 803 τὸν
2900 749 3001 819 τὴν
3037 748 3299 820 μάστακα
3319 749 3363 780 ⁸⁸
3390 748 3450 814 ἐξ
3479 747 3648 802 αὑτοῦ
3690 748 3961 818 δέχεσθαι,

2382 843 2635 897 τουτέστι
2669 843 2770 915 τὴν
2794 843 3006 914 τροφήν
3029 858 3045 875 ⁸

687 961 810 1016 qua:
833 945 980 1013 ipsos
1002 941 1276 996 conficiat.
1327 939 1467 992 Sunt
1512 936 1603 1006 qui
1656 935 2004 992 stomachum
2061 937 2127 988 ἐκ
2177 933 2273 988 τοῦ

2374 935 2606 1007 πόματος,
2629 937 2698 991 ab
2729 951 2825 990 ore
2882 936 3133 990 videlicet
3194 935 3399 989 dictum
3441 936 3629 998 velint,
3657 933 3746 988 διὰ
3778 932 3837 984 τὸ
3865 931 3965 1000 τὴν

689 1040 944 1107 μάστακα
980 1033 1039 1099 ἐξ
1088 1032 1252 1087 αὐτοῦ
1275 1030 1547 1101 δεχεσθαι,
1582 1029 1723 1100 quod
1765 1030 1835 1082 ab
1871 1042 1968 1082 ore
2001 1042 2274 1095 mansum,

2402 1039 2487 1086 est
2507 1030 2829 1086 alimentum
2851 1029 3137 1099 suscipiat,
3175 1028 3379 1083 utillud
3413 1044 3427 1080 :

797 1151 865 1206 Ut
895 1150 1123 1206 volucris
1157 1163 1402 1201 mansum
1430 1146 1590 1215 pullis
1616 1144 1962 1214 implumibus
1989 1143 2167 1211 a/fert,

793 1243 947 1309 Quod
982 1243 1221 1311 capiant.

755 1359 1003 1425 Quonam
1051 1363 1234 1410 autem
1286 1362 1448 1424 pacto
1487 1351 1807 1407 stomachus
1846 1349 2118 1420 appetitus
2156 1348 2277 1403 olli-

682 1452 808 1506 cina
844 1450 937 1515 sit,
975 1463 1043 1503 ex
1084 1447 1172 1502 his
1201 1446 1488 1515 perspicue
1515 1444 1739 1514 patebit.

751 1630 1022 1698 Quoniam
1069 1626 1387 1683 stomachus
1444 1627 1581 1697 ipse,
1637 1634 1696 1680 ut
1745 1625 1950 1679 dictum
1996 1635 2101 1691 est,
2143 1641 2268 1681 cum

680 1723 950 1793 appetitus
982 1720 1415 1789 conlieiendique
1447 1719 1551 1774 cibi
1583 1717 1801 1772 ofticiua
1839 1720 1927 1779 sit,
1948 1718 2269 1793 alimentum

681 1816 752 1870 ab
771 1830 866 1870 ore
897 1812 1125 1882 suscipit
1155 1830 1168 1866 :
1207 1811 1364 1864 habet
1385 1819 1566 1863 autem
1603 1810 1784 1864 sinum
1819 1810 1884 1863 ad
1919 1811 2077 1865 finem
2103 1811 2272 1865 carti-

684 1907 899 1978 Iaginis,
925 1920 1048 1976 quas
1092 1904 1337 1974 gladialis
1366 1901 1594 1967 dicitur,
1622 1902 1703 1971 in}
1733 1917 1895 1972 quem
1929 1902 2038 1973 97
2087 1918 2181 1971 per
2211 1919 2275 1958 os

681 1999 981 2054 demissum
999 1997 1183 2052 cibum
1201 1996 1465 2052 recondit.
1483 1992 1600 2049 Non
1625 1995 1857 2048 multum
1873 2003 1998 2063 post
2013 1998 2275 2064 temporis

681 2102 891 2156 venter,
938 2106 1062 2162 quae
1089 2105 1264 2160 nuper
1287 2089 1341 2144 in
1365 2087 1712 2144 stomachum
1752 2088 1990 2144 denrﬂssa
2035 2086 2270 2160 fuerant,

680 2202 792 2257 quo
813 2201 876 2240 ea
902 2183 1134 2255 jecinori
1161 2191 1217 2237 et
1243 2179 1521 2236 intestinis
1543 2179 1906 2250 impertiatur,
1925 2181 2182 2235 desumit.
2211 2179 2275 2245 Et

676 2277 909 2347 jerinori
945 2275 1165 2345 quidem
1210 2272 1453 2328 alimenti
1488 2286 1747 2336 succum;
1805 2271 2078 2327 intestinis
2121 2287 2273 2335 vero,

682 2368 941 2424 Stercoris
963 2365 1249 2421 materiam
1294 2363 1563 2434 applicat;
1587 2363 1808 2433 quando
1842 2362 2063 2433 quidem
2087 2378 2278 2418 excrc-

681 2467 885 2524 menta,
907 2455 1368 2528 quemadmodum
1424 2454 1679 2524 superius
1708 2455 2144 2510 demonstratum
2165 2464 2273 2519 est,

681 2567 808 2607 cum
827 2551 880 2604 in
898 2559 1112 2605 stercus
1131 2561 1396 2603 conversa
1415 2555 1707 2615 egestaque
1726 2544 1953 2612 fuerint,
1966 2547 2274 2617 etpartieu-

682 2642 748 2698 la:
765 2656 958 2696 omnes
980 2653 1282 2709 congruum
1317 2638 1635 2692 alimentum
1655 2637 2081 2708 absumpserint,
2097 2648 2274 2695 totum

682 2745 885 2800 corpus
913 2730 983 2784 ab
1005 2728 1299 2783 ambientis
1340 2742 1442 2782 nos
1472 2728 1620 2782 aeris
1650 2728 1700 2780 vi
1728 2729 2019 2783 conficitur
2057 2741 2110 2785 et
2133 2731 2277 2788 hanc

687 2824 1069 2877 necessitatem
1087 2820 1269 2873 omnia
1289 2834 1412 2887 quae
1429 2819 1531 2874 sub
1543 2819 1953 2887 generationem
1971 2823 2279 2890 corruptio-

688 2925 922 2980 nemque
956 2911 1178 2972 caduut,
1212 2918 1478 2978 perpetuo
1521 2909 1847 2962 sortiuntur.
1899 2906 2179 2978 Siquidem
2222 2919 2277 2966 et

687 3003 894 3071 lapides
940 2999 1085 3069 longi
1145 2999 1410 3068 temporis
1453 3013 1630 3052 :evum
1688 2997 1967 3062 diminuit,
2026 2999 2106 3053 uti
2157 3000 2273 3064 alii,

685 3107 851 3164 quam
874 3090 1151 3160 quondam
1183 3086 1310 3142 facti
1352 3087 1570 3142 fuerant
1594 3087 1902 3143 videantur.
1929 3086 2071 3143 Tum
2100 3089 2274 3161 quod-

2392 1145 2491 1210 Ὠς
2523 1146 2576 1199 δ’
2602 1146 2766 1213 ὅρνις
2789 1143 3020 1212 ἀπτῆσι
3046 1142 3367 1197 νεοσσοῖσι
3392 1142 3730 1212 προφέρῃσι

2378 1217 2677 1280 Μάστακκ
2713 1217 2874 1282 ἐπήν
2902 1233 2971 1269 κε
2996 1215 3266 1282 λάϐῃσιν
3295 1215 3340 1247 ⁸³
3373 1215 3470 1285 (b).

2452 1332 2685 1402 Εἴρηται
2717 1331 2773 1384 δὲ
2802 1330 2896 1384 καὶ
2921 1329 3017 1383 ἐπὶ
3042 1329 3138 1382 τοῦ
3170 1329 3440 1400 πόματος.

2390 1424 2546 1478 Ἀλλ’
2586 1423 2929 1489 Ὀδυσσεὺς
2955 1424 3055 1478 ἐπὶ
3093 1421 3381 1492 μάστακα
3411 1421 3585 1491 χερσί
3625 1419 3783 1481 πίεζε
3805 1419 3962 1492 ⁸⁸(ε).

2451 1517 2579 1580 Πῶς
2604 1515 2665 1570 δέ
2695 1519 2844 1570 ἐστιν
2876 1514 3163 1587 ἐργαλεῖον
3195 1515 3452 1586 ὀρέξεως.
3473 1509 3575 1567 ὧδε
3603 1515 3649 1547 ⁸⁵
3677 1516 3892 1569 σκόπει.

2461 1609 2520 1664 '0
2554 1609 2850 1680 στόμαχος,
2873 1608 3060 1673 καθὼς
3095 1609 3335 1680 εἴρηται,
3376 1607 3608 1680 ὀρέξεως
3652 1608 3746 1660 καὶ
3792 1624 3966 1660 κατα-

2378 1703 2592 1766 πόσεως
2622 1702 2909 1772 ἐργαλεῖον
2943 1703 3207 1772 ὑπάρχων
3241 1702 3309 1764 ⁹⁶,
3355 1701 3574 1771 δέχεται
3608 1701 3706 1770 τὴν
3754 1700 3966 1771 τροφὴν

2381 1796 2447 1850 ἐκ
2467 1794 2565 1848 τοῦ
2595 1793 2888 1865 στόματος.
2930 1795 3083 1863 Ἔχει
3123 1793 3181 1847 δέ
3206 1785 3371 1858 κύτος
3405 1794 3571 1857 αὐτὸς
3600 1793 3740 1863 πρὸς
3772 1793 3834 1846 τὺ
3865 1796 3966 1846 πέ-

2308 1866 2349 1920 B
2379 1905 2478 1959 ρας
2500 1886 2596 1941 τοῦ
2625 1886 2931 1955 ξιφοειδοῦς
2958 1887 3208 1958 χόνδρου,
3235 1887 3314 1950 είς
3331 1886 3360 1939 ὃ
3384 1885 3897 1956 καταδιδαζόμενος
3921 1887 3965 1917 ⁸⁷

2375 1979 2586 2034 τίθεται
2617 1980 2686 2034 τὰ
2717 1978 3008 2050 βρώματα.
3039 1981 3196 2034 Μετὰ
3216 1976 3310 2034 οὖν
3339 1981 3536 2052 μικρὸν
3562 1981 3777 2051 χρόνον,
3813 1977 3966 2034 ἕλκει

2376 2072 2437 2137 ἐξ
2468 2071 2653 2126 αὐτῶν
2677 2073 2711 2143 ἡ
2757 2073 2974 2143 γαστὴρ
3012 2073 3116 2144 ήδη
3149 2073 3238 2138 τὰ,
3278 2073 3423 2145 ἅπερ
3463 2068 3577 2143 εἶχε
3610 2073 3878 2144 πρότερον
3897 2075 3963 2138 ’⁸,

2377 2165 2786 2236 μεταπέμψασα
2803 2164 2882 2236 τῷ
2907 2167 3081 2237 ἥπατι
3113 2167 3210 2220 καὶ
3234 2167 3352 2230 τοῖς
3373 2165 3638 2237 ἐντέροις.
3677 2165 3766 2234 Τῷ
3791 2166 3966 2235 ἥπατι

2378 2254 2479 2325 μὲν
2505 2256 2598 2309 τὸν
2625 2255 2808 2326 χυλὸν,
2852 2259 2967 2320 τοῖς
3009 2254 3254 2328 ἐντέροις
3290 2256 3347 2309 δὲ
3388 2256 3460 2309 τὰ
3516 2255 3795 2309 σκύϐαλασ
3841 2255 3966 2308 ἐπεὶ

2373 2342 2470 2402 οὖν
2500 2348 2951 2418 ἁπεσκυδαλίσθη
2988 2350 3085 2402 καὶ
3115 2350 3395 2420 ἀπεκρίθη
3427 2349 3496 2402 τὰ
3543 2348 3962 2419 περιττώματα,

2375 2439 2566 2504 καθὼς
2609 2443 2831 2511 είρηται
2888 2441 3171 2512 ἀνωτέρω,
3200 2441 3414 2512 ἐτράφη
3447 2440 3504 2494 δέ
3537 2443 3632 2494 καὶ
3664 2442 3842 2496 πάντα
3892 2443 3964 2496 τὰ

2377 2531 2549 2602 μόρια
2610 2535 2678 2604 τῇ
2726 2533 3053 2606 καταλλήλῳ
3102 2536 3300 2605 τροφῇ,
3359 2533 3659 2604 διεφορήθη
3702 2532 3850 2587 ᾶπαν
3903 2535 3966 2586 τὸ

2379 2624 2542 2695 σῶμα
2566 2626 2673 2679 ὑπὸ
2703 2626 2808 2697 τῆς
2835 2625 2932 2681 τοῦ
2981 2627 3346 2698 περιέχοντος
3378 2625 3580 2697 βάρους
3620 2626 3740 2695 βίας
3765 2643 3780 2657 ο
3833 2628 3963 2680 ταύο

2375 2737 2478 2790 την
2511 2721 2556 2753 ⁸⁸
2585 2721 2695 2792 γὰρ
2726 2719 2891 2790 ἔλαχε
2917 2720 3019 2790 τὴν
3053 2722 3304 2791 ἀνάγκην
3336 2723 3519 2775 πάντα
3548 2721 3618 2774 τὰ
3659 2722 3718 2773 ἐν
3747 2719 3962 2788 γενέσει

2378 2813 2474 2866 καὶ
2510 2812 2689 2884 φθορᾷ
2707 2814 3049 2885 τυγχάνοντα
3068 2827 3083 2841 ⁶
3115 2816 3312 2884 ὁρᾶται
3333 2816 3442 2885 γὰρ
3469 2813 3547 2885 τῷ
3579 2814 3761 2884 πολλῷ
3781 2814 3962 2885 χρόνῳ

2377 2904 2478 2956 καὶ
2508 2903 2657 2968 λίθος
2689 2905 2866 2974 μείων
2900 2907 2916 2938 ⁸
2954 2907 3102 2976 παρὸ
3125 2902 3196 2976 ἦν
3227 2906 3492 2975 γεγονώς.
3525 2907 3837 2976 Διεφορήθη
3864 2901 3960 2958 οὖν

2376 2993 2526 3047 ἅπαν
2555 2995 2617 3049 τὸ
2652 2997 2838 3068 σῶμα,
2870 2997 2969 3052 καὶ
2993 2998 3233 3068 μάλιστα
3266 2999 3327 3052 τὸ
3353 2999 3532 3072 δέρμα
3549 3001 3644 3054 τοῦ
3679 3001 3956 3072 σώματος,

2376 3085 2452 3149 ὼς
2498 3083 2578 3157 τῷ
2603 3087 2766 3158 πέριξ
2795 3088 2922 3159 ἀέρι
2954 3088 3354 3159 πλησιέστερον
3393 3090 3638 3161 ὁμιλοῦν.
3668 3088 3803 3145 Εἶτα
3829 3109 3959 3163 τρο-

685 3177 818 3238 libet
856 3196 1055 3251 corpus
1097 3189 1153 3235 et
1205 3179 1508 3250 praesertim
1547 3179 1668 3249 ejus
1720 3180 1894 3248 cutis,
1943 3195 2054 3250 quo
2095 3182 2274 3252 magis

2379 3179 2488 3250 φῆς
2529 3180 2844 3251 ἁπορῆσαν,
2891 3181 3161 3252 τρέπεται
3217 3183 3362 3237 κατὰ
3415 3182 3524 3235 τῶν
3583 3183 3960 3253 ὑποκειμένων

685 3275 847 3329 obvia
897 3274 1010 3327 aeri
1058 3272 1140 3335 ﬁt,
1187 3271 1271 3326 vel
1315 3271 1384 3325 ad
1433 3273 1613 3341 ipsum
1651 3272 1879 3342 propius
1949 3273 2178 3338 accedit,
2207 3290 2274 3329 eo

2377 3269 2528 3342 αὐτῷ
2561 3272 2739 3340 μυῶν,
2773 3273 2870 3325 καὶ
2897 3272 3142 3326 ἓλκειτὸ
3173 3273 3472 3343 ἀφορισθέν
3490 3274 3673 3337 αὐτοῖς
3693 3277 3772 3338 είς
3801 3277 3960 3343 λόγον

689 3369 845 3423 ocius
890 3365 1217 3420 absumitur.
1277 3361 1475 3418 Postea
1522 3378 1651 3418 vero
1705 3373 1896 3419 venter
1952 3365 2274 3420 alimentum

2376 3364 2620 3433 στροφῆς⁸
2663 3365 2868 3418 ἐκεῖνοι
2921 3364 3085 3418 πάλιν
3130 3366 3431 3435 τρέπονται
3466 3366 3607 3420 κατὰ
3659 3368 3769 3421 τῶν
3818 3369 3960 3438 πλη-

688 3461 1060 3526 ιΙειειιιιιριιιηι,
1115 3454 1492 3509 musculorum
1539 3455 1747 3519 oflicio,
1809 3456 1874 3511 ad
1929 3466 2112 3526 partes
2155 3474 2279 3528 qua:

688 3567 756 3606 eo
789 3547 1357 3622 imligentdistribuit.
1393 3548 1463 3600 At
1500 3557 1682 3618 partes
1711 3549 1841 3618 ipsa?
1864 3549 1997 3604 illud
2036 3551 2138 3606 sibi
2175 3568 2273 3622 pro

689 3645 952 3697 alimento
998 3640 1316 3706 vindicant;
1348 3639 1416 3694 ab
1449 3639 1559 3694 illis
1591 3655 1742 3702 vero,
1781 3641 1928 3711 quod
1967 3642 2049 3697 eis
2081 3644 2274 3712 proxi-

689 3751 838 3788 nsum
866 3745 972 3796 est,
1006 3727 1299 3796 alitur;et’
1325 3731 1397 3785 ita
1425 3731 1745 3786 continuata
1778 3733 2026 3802 quaedam
2059 3744 2114 3788 et
2145 3750 2275 3805 per-

689 3827 848 3883 ennis
909 3825 1188 3880 successio
1239 3825 1318 3885 lit,
1362 3823 1541 3892 quoad
1592 3823 1726 3878 illud
1789 3824 1858 3878 ad
1894 3824 2052 3893 jecur
2087 3840 2276 3880 acces-

689 3921 842 3975 serit.
889 3915 1103 3971 Dehinc
1159 3925 1342 3969 autem
1397 3914 1583 3984 jecur,
1626 3915 1775 3984 quod
1830 3915 2097 3971 alimento
2133 3916 2277 3972 indi-1

689 4013 868 4081 gebat,
901 4009 1032 4064 illud
1077 4008 1224 4077 quod
1265 4007 1319 4062 in
1368 4008 1524 4062 venis
1570 4023 1707 4087 quae.
1738 4009 2087 4065 mediatrices
2131 4026 2276 4064 aun-

688 4112 958 4172 cupantur
1005 4101 1468 4170 comprehensum
1528 4099 1726 4165 fuerat,
1780 4101 1848 4155 ad
1905 4117 1964 4156 se
2003 4103 2269 4170 attrahit,

691 4195 796 4250 illa:
841 4201 1024 4247 autem
1083 4205 1255 4257 venat,
1314 4191 1516 4261 ipsum,
1563 4192 1634 4244 ab
1669 4200 1875 4256 ventre,
1913 4200 2101 4246 venter
2142 4208 2274 4248 vero

688 4304 790 4358 sibi
826 4318 856 4356 a
894 4300 1178 4355 stomacho
1211 4300 1464 4371 suscipit.
1513 4299 1579 4355 Et
1626 4303 1887 4371 quoniam
1935 4302 2059 4356 talis
2090 4310 2273 4358 motus

687 4395 990 4449 ad‘ventris
1049 4409 1224 4463 usque
1253 4402 1306 4447 et
1327 4393 1597 4448 stomachi
1625 4393 1889 4450 terminos
1916 4397 2271 4466 prmscriptus

2381 3457 2512 3511 σίων
2541 3459 2562 3487 ⁸
2585 3472 2598 3488 ·
2630 3459 2728 3511 καὶ
2759 3458 2935 3522 οὕτως
2967 3461 3110 3513 κατὰ
3141 3460 3203 3512 τὸ
3225 3460 3454 3530 συνεχὲς
3488 3462 3701 3528 γίνεται
3724 3463 3759 3532 ὴ
3789 3462 3961 3516 διάδο-

2382 3565 2464 3610 σις
2510 3546 2651 3622 αὕτη
2692 3549 2853 3619 μέχρι
2873 3548 2969 3602 τοῦ
3009 3550 3243 3619 ἥπατος.
3271 3543 3405 3602 Εἶτα
3434 3552 3725 3621 ἀπορῆσαν
3753 3554 3962 3622 τροφῆς

2376 3642 2439 3695 τὸ
2465 3639 2644 3715 ἧπαρ,
2677 3642 2826 3696 ἕλκει
2866 3643 2967 3713 τὴν
3003 3646 3063 3696 ἐν
3105 3646 3229 3707 ταῖς
3267 3648 3637 3714 μεσαραῖκαῖς
3669 3645 3833 3715 φλεψὶ
3863 3663 3959 3699 πε-

2381 3739 2707 3808 ριεχομένην
2733 3754 2748 3769 ο
2782 3739 2837 3791 ai
2882 3739 2941 3790 δὲ
2972 3738 3228 3792 ἕλκουσιν
3261 3739 3371 3792 ἀπὸ
3401 3738 3502 3809 τῆς
3523 3740 3790 3812 γαστρός·
3818 3743 3852 3811 ἡ
3904 3740 3958 3794 δὲ

2377 3832 2596 3902 γαστὴρ
2646 3831 2757 3885 ἀπὸ
2810 3832 2906 3884 τοῦ
2970 3832 3270 3902 στομάχου.
3327 3832 3438 3886 Καὶ
3470 3833 3593 3886 ἐπεὶ
3647 3837 3679 3906 ἡ
3733 3835 3958 3904 τοιαύτη

2378 3924 2524 3994 ὁρμὴ
2558 3923 2722 3994 μέχρι
2749 3923 2990 3994 γαστρὸς
3045 3925 3141 3977 καὶ
3193 3924 3469 3994 στομάχου
3509 3925 3829 3993 κατέληξεν,
3871 3930 3960 3995 ἀγ-

2377 4013 2631 4081 γέλλεται
2675 4013 2755 4083 τῷ
2781 4013 2906 4084 ζώῳ
2940 4015 2960 4046 ³
2994 4014 3083 4067 διὰ
3139 4015 3248 4067 τῶν
3288 4013 3499 4087 νεύρων
3529 4018 3561 4084 ὴ
3601 4017 3777 4070 ἔνδεια
3805 4034 3820 4048 ⁸
3871 4017 3959 4072 διὰ

2377 4122 2460 4159 τοι
2491 4105 2653 4159 τοῦτο
2686 4106 2910 4159 πλείονα
2941 4105 3113 4177 νεῦρα
3136 4107 3159 4138 ⁸
3200 4106 3497 4178 αἰσθητικά
3524 4111 3591 4181 τῇ
3619 4111 3824 4179 γαστρὶ
3866 4111 3958 4163 καὶ

2374 4197 2455 4270 τῷ
2489 4199 2747 4270 στομάχῳ
2776 4199 2954 4272 ἐδόθη,
2995 4199 3082 4254 ἵνα
3112 4199 3201 4253 διὰ
3251 4200 3351 4254 τοῦ
3389 4199 3600 4264 πάθους
3651 4202 3956 4255 αἰσθάνων-

2374 4307 2467 4343 ται
2498 4293 2520 4324 ⁸
2546 4292 2646 4361 τῆς
2691 4291 2932 4355 ἐνδείας·
2974 4291 3073 4346 καὶ
3104 4290 3502 4364 αἰσθανόμενα,
3538 4295 3815 4366 ἐπεγείρει
3844 4297 3864 4324 ⁸
3898 4297 3957 4348 τὸ

2375 4385 2515 4449 ζῶον
2548 4388 2630 4450 είς
2661 4386 2984 4458 προσφορὰν
3018 4388 3192 4439 σιτίου
3213 4387 3310 4441 καὶ
3341 4387 3590 4458 πόματος
3612 4405 3627 4420 ο
3659 4391 3807 4452 ὅπως
3829 4390 3956 4442 ἀντ-

685 4496 791 4552 est,
843 4487 1023 4541 inedia
1075 4501 1173 4556 per
1222 4500 1422 4540 nervos
1468 4486 1690 4540 animali
1744 4487 2045 4554 indicitur;
2102 4488 2268 4558 hujus

2374 4478 2603 4550 εισαχθῇ
2650 4478 2817 4550 ἕτερα
2881 4479 3048 4532 πάλιν
3089 4478 3199 4532 τῶν
3248 4479 3716 4552 διαφορηθέντων.
3770 4481 3954 4544 Οὕτως

686 4577 861 4649 gratia
917 4583 1110 4630 natura
1161 4583 1274 4629 tum
1314 4585 1582 4642 ventrem,
1612 4584 1726 4630 tum
1771 4577 2114 4631 stomachum
2154 4556 2270 4646 plu-

2378 4571 2477 4641 μὲν
2507 4567 2602 4624 οὖν
2642 4572 2676 4642 ἡ
2713 4570 2897 4642 ὄρεξις
2931 4572 3168 4640 γίνεται,
3193 4571 3260 4643 ἣν
3281 4574 3378 4626 καὶ
3418 4576 3610 4627 πεῖναν
3640 4574 3931 4645 ὠνόμασαν

689 4671 846 4722 rimis
899 4684 1066 4722 sensu
1103 4667 1348 4737 praeditis
1399 4669 1584 4723 nervis
1644 4667 1946 4735 insignivit,
1992 4683 2103 4737 quo
2146 4669 2272 4737 ipsi,

2375 4667 2441 4718 ἐκ
2492 4662 2588 4718 τοῦ
2642 4665 2919 4734 στομάχου
2979 4667 3014 4736 ἡ
3064 4667 3304 4736 γαστήρ.
3349 4666 3445 4719 Ἐκ
3497 4666 3598 4737 τῆς
3641 4670 3879 4738 γαστρὸς
3919 4672 3952 4736 ἡ

689 4760 931 4814 alimenti
965 4761 1204 4830 impiam
1233 4762 1549 4827 sentientes,
1598 4762 1803 4816 animal
1859 4762 2037 4831 ipsum
2069 4762 2135 4816 ad
2167 4761 2272 4816 sibi

2376 4758 2512 4829 σάρξ
2536 4774 2551 4789 ·
2585 4759 2650 4811 ἐκ
2674 4759 2773 4828 τῆς
2803 4758 3008 4829 σαρκὸς
3033 4760 3090 4812 al
3120 4759 3460 4829 μεσαραῖκαὶ
3490 4759 3685 4828 φλέϐες
3705 4777 3721 4790 ο
3744 4763 3808 4813 ἐκ
3829 4761 3952 4814 τοὺ-

688 4850 870 4905 cibum
915 4861 1213 4922 potumque
1244 4852 1645 4907 admovendum
1699 4853 2025 4919 excitarent,
2059 4853 2274 4923 aliaque

2374 4869 2481 4905 των
2516 4852 2577 4906 τὸ
2603 4848 2761 4926 ἧπαρ
2783 4868 2797 4884 ο
2835 4856 2899 4908 ἐκ
2926 4852 3021 4907 τοῦ
3056 4854 3270 4924 ἥπατος
3329 4855 3504 4907 πᾶσαι
3533 4855 3589 4908 αἱ
3620 4856 3849 4923 φλέϐες·
3894 4857 3955 4908 ἐκ

689 4942 919 4997 subinde
953 4943 1018 4996 ad
1061 4956 1126 4996 ea
1165 4958 1286 5012 qua:
1328 4941 1442 5011 jam
1488 4942 1775 5012 absumpta
1829 4951 1980 5006 sunt,
2022 4942 2124 5013 ipsi
2154 4940 2274 4998 suf-

2374 4943 2581 4998 τούτων
2607 4947 2641 5016 ἡ
2686 4945 2843 5016 κοίλη
2897 4945 3042 5016 φλέψ
3067 4963 3080 4978 ·
3120 4947 3184 4999 ἐκ
3221 4946 3431 5018 ταύτης
3463 4949 3512 5000 οί
3562 4947 3720 5016 μῦες,
3772 4949 3867 5001 καὶ
3901 4951 3954 5001 oi

689 5034 982 5088 licerentur
1008 5051 1023 5088 :
1045 5038 1148 5088 hoc
1173 5035 1318 5089 enim
1350 5043 1509 5105 pacto
1547 5036 1842 5104 appetitus,
1874 5050 2037 5105 quem
2067 5034 2267 5089 famem

2380 5038 2792 5109 παρακείμεναι
2835 5039 3040 5109 σάρκες
3075 5038 3282 5093 ἁπλαϊ’
3333 5041 3397 5094 ἐκ
3443 5039 3652 5093 τούτων
3683 5041 3744 5094 τὸ
3781 5041 3958 5111 δέρμα

690 5142 1059 5197 nuncupares,
1102 5127 1429 5182 constitutio
1463 5127 1544 5183 fit.
1587 5127 1652 5180 Α-
1689 5128 1977 5182 stomacho
2034 5142 2274 5197 namque

2378 5131 2671 5200 τρέφεται·
2709 5132 2805 5185 καὶ⁴
2849 5131 3027 5193 οὕτως
3055 5133 3357 5201 τραφέντα,
3391 5132 3605 5186 ἵσταται
3641 5135 3740 5204 τῆς
3780 5135 3958 5202 ὁρμῆς

689 5231 897 5281 venter,
959 5235 990 5274 a
1044 5229 1233 5273 ventre
1273 5234 1423 5274 vena:
1467 5219 1834 5284 mediatrices,
1877 5221 1946 5275 ab
1998 5220 2272 5291 98ipsis

2383 5222 2546 5292 μέχρι
2598 5221 2971 5292 διαπνευσθῇο
3005 5222 3416 5293 διαφορηθέντα
3445 5222 3526 5288 δὲ,
3576 5223 3635 5276 τὸ
3690 5223 3957 5276 ἀνάπαλιν

685 5309 862 5378 jecur,
889 5326 919 5363 a
955 5311 1200 5381 jecinore
1231 5311 1400 5366 totius
1425 5311 1675 5381 corporis
1713 5313 1972 5378 vena:,ab
2000 5314 2081 5367 eis
2130 5326 2270 5366 vena
2376 5312 2608 5378 γίνεται.

686 5418 810 5473 qua!
853 5419 989 5462 cava
1045 5405 1369 5474 appellatur,
1426 5403 1496 5459 ab
1538 5404 1628 5459 illa
1677 5405 1913 5460 musculi
1968 5420 2275 5475 carnesque
2313 5405 2504 5460 molles
2543 5421 2666 5475 quae
2708 5405 2816 5460 illis
2889 5407 3153 5476 proxima:
3225 5409 3551 5471 consistunt,
3594 5409 3664 5463 ab
3705 5411 3954 5466 carnibus

756 5561 798 5594 "
832 5562 945 5612 hare
979 5576 1089 5612 om.
1119 5562 1180 5614 Β.
1255 5563 1300 5592 ⁸⁸
1339 5560 1595 5630 μύστακα
1629 5559 1690 5613 Β.
1767 5560 1813 5592 ⁸³
1853 5560 1947 5614 cit.
1994 5575 2105 5616 om.
2138 5561 2181 5612 Β
2214 5559 2274 5614 C.

2387 5561 2435 5591 ”
2471 5560 2583 5614 haec
2630 5561 2796 5614 etiam
2841 5576 2951 5617 om.
2981 5562 3023 5614 Β
3057 5563 3119 5626 C.
3174 5575 3228 5617 et
3261 5580 3406 5618 vers.
3443 5564 3538 5620 lat.
3649 5567 3695 5598 ⁸⁵
3727 5563 3785 5621 εὖ
3815 5567 3869 5622 δέ
3893 5571 3951 5622 Α.

689 5633 733 5663 ⁸⁸
760 5630 903 5684 οὕτω
922 5631 985 5726 gis
1023 5629 1171 5726 East;
1206 5628 1490 5726 ἐργαλεῖον
1513 5631 1771 5726 ρρέξεευς.
1804 5632 1884 5726 ὂὲι
1915 5632 2259 5726 Pantagias»;
2293 5628 2365 5726 I3;3
2403 5632 2501 5726 n"
2537 5631 3019 5726 κατιασνιδαζέὶμενέ
3075 5634 3119 5714 Β
3171 5633 3213 5688 C
3390 5636 3602 5726 .9'ﬁgq
3658 5638 3727 5690 τὰ
3774 5639 3958 5726 πρώην

688 5702 1001 5841 instiga};
1039 5703 1149 5825 c’;
1168 5701 1341 5755 ταῦτα
1371 5703 1434 5756 Λ.
1513 5703 1529 5734 ⁸
1573 5702 1779 5773 μείζων
1825 5701 1885 5756 Β.
1987 5704 2007 5734 ⁸
2051 5701 2277 5773 πλησίον
2326 5701 2366 5752 Β
2399 5701 2462 5753 Ρ.
2540 5703 2560 5732 ³
2589 5702 2659 5753 τὰ
2700 5701 2816 5766 ζῶα
2847 5701 2906 5757 Β.
2974 5706 2997 5735 ⁵
3031 5703 3218 5776 νεῦραι
3252 5707 3312 5759 Β.
3389 5709 3408 5738 ⁵
3443 5701 3869 5766 αίάθᾶνονταιᾏ
3897 5701 3954 5767 C.

755 5930 832 6001 (ὁ)
871 5928 1006 5996 n.1,
1038 5927 1161 5983 aet.

2451 5926 2521 5996 (ε)
2551 5924 2653 5982 Od.
2688 5927 2750 5996 Δ,
2781 5924 2907 5981 287.
