4204 6456
279 385 408 444 I‘Zﬂ

1542 394 1632 450 Ml
1675 395 1965 455 NATUIM
2013 394 2332 454 HOMINIS.

3453 414 3592 472 ιεει

266 520 410 572 cutis
433 515 757 572 alimentum
795 515 1068 571 desumit:
1111 523 1164 572 et
1197 516 1269 571 ita
1302 514 1621 586 huiusmodi
1680 522 1867 568 motus
1912 527 2195 582 nunquam
2259 512 2484 578 desinit,
2518 517 2698 587 quoad
2733 518 2863 573 iiluu
2927 521 3283 592 conﬁciatur;
3309 541 3422 597 quo
3455 545 3592 587 cono

267 611 433 679 lecto,
497 629 694 670 rursus
763 613 1083 683 retrograda
1152 612 1392 684 quadam
1462 608 1866 672 vicissitudine,
1910 606 2148 664 invicem
2195 607 2509 665 excitantur
2541 611 3049 687 instauranturque.

350 708 446 762 Ἐκ
473 708 568 764 τοῦ
630 708 905 779 δέρματος
943 710 992 762 οἱ
1027 707 1166 780 μῦες
1199 707 1409 770 ἐνδείας
1443 706 1701 778 αἴσθησιν
1729 708 1748 737 ⁷
1780 705 1833 758 δέ

1934 711 1955 766 ι
2056 701 2294 759 Musculi
2325 705 2548 777 quidem
2576 721 2607 762 a
2638 720 2766 764 cute
2804 712 2950 780 quod
2978 712 3048 767 ab
3091 713 3226 785 ipsis
3262 716 3587 776 alimentum

261 818 454 873 χονται
480 815 495 832 ·
535 802 745 862 ἐκεῖνος
765 800 785 830 ⁸
814 799 925 871 γάρ
945 797 1045 871 τὴν
1066 798 1276 870 τροῖοὴν
1298 798 1485 853 αὐτῶν
1512 798 1824 869 ἀνιμήσατο
1848 811 1862 825 ·

260 894 312 947 oi
349 892 486 963 μῦες
513 891 624 945 τῶν
654 894 878 962 σαρκῶν
916 892 1013 946 καὶ
1052 890 1160 945 τῶν
1187 890 1426 962 φλεϐῶν,
1469 890 1569 961 τὴν
1611 890 1862 961 δαπάνην

259 989 641 1056 ἀφήρπασαν·
676 987 733 1038 αἱ
786 985 984 1056 φλέϐες
1027 985 1123 1038 καὶ
1174 985 1233 1038 ai
1271 984 1477 1056 σάρκες
1519 984 1614 1038 τοῦ
1649 984 1861 1054 ἥπατος

255 1077 506 1147 ἥψαντο·
541 1076 604 1130 τὸ
630 1072 785 1148 ἧπαρ
815 1076 915 1146 τὴν
964 1075 1214 1144 γαστέρα
1259 1075 1573 1180 ὲπηρέαισεν
1609 1075 1711 1146 ήδη
1740 1094 1752 1108 ·
1790 1075 1860 1180 δι’

255 1171 470 1224 ἕνδ;ιαν
499 1170 532 1240 ἡ
564 1170 785 1239 γαστὴρ
834 1169 927 1221 τδν
979 1168 1291 1239 στόμαχον·
1326 1170 1355 1222 ὁ
1392 1168 1669 1238 στόμαχος
1716 1168 1858 1236 μετὰ

255 1263 359 1335 τῆς
396 1263 656 1334 γαστρὸς·
695 1261 757 1314 τδ
808 1261 948 1326 ζῶον
992 1261 1135 1332 ὑπὲρ
1170 1263 1271 1332 τῆς
1295 1262 1510 1332 τροφῆς
1553 1261 1858 1330 ἐπανέστη-

256 1373 361 1409 σαν
417 1356 478 1410 τὸ
509 1356 648 1422 ζῶον
671 1354 761 1408 διά
779 1353 880 1425 τὴν
903 1354 1023 1426 βίαν
1053 1354 1157 1424 τῆς
1174 1354 1414 1424 φύσεως,
1443 1355 1654 1426 τροφάς
1677 1353 1856 1423 ἑαυτῴ

252 1431 544 1519 ιπενόησε.
579 1443 687 1497 Καὶ
712 1445 889 1510 οὕτως
920 1448 1020 1518 μὲν
1041 1446 1184 1501 κατὰ
1216 1447 1277 1501 τὸ
1304 1447 1560 1500 πλεῖστον
1600 1445 1695 1500 τοῦ
1724 1449 1854 1517 χρό-

253 1560 347 1597 νον
381 1545 414 1614 ἠ
447 1542 630 1614 δρεξις
653 1541 890 1609 γίνεται.
937 1542 1028 1594 Ἐν
1054 1541 1112 1595 δὲ
1144 1540 1226 1612 τῷ
1249 1541 1504 1612 χειμῶνι,
1548 1541 1853 1596 διεισδῦνον

253 1637 394 1705 πρὸς
420 1636 478 1688 τὸ
510 1635 675 1706 βάθος
702 1635 797 1688 τοῦ
839 1634 1096 1706 σώματος
1125 1636 1187 1689 τὸ
1215 1635 1338 1689 ὅλον
1365 1635 1592 1707 θερμὸν,
1624 1636 1712 1690 διὰ
1751 1636 1853 1707 τὴν

249 1723 348 1777 τοῦ
382 1725 737 1794 περιέχοντος
767 1724 951 1794 ψύξιν,
987 1726 1085 1779 καὶ
1107 1725 1206 1795 τὴν
1239 1725 1523 1779 πύκνωσιν
1556 1726 1654 1780 καὶ
1695 1727 1852 1780 ἀδια-

253 1817 552 1868 πνευστίαν
583 1815 679 1869 τοῦ
736 1817 1014 1887 σώματος,
1043 1818 1106 1871 τὸ
1157 1818 1402 1889 ἔμφυτον
1432 1819 1638 1891 θερμὸν
1675 1821 1848 1890 ὑπερ-

251 1904 550 1977 θερμαῖνόν
577 1924 635 1959 τε
661 1908 758 1959 καὶ
790 1908 1114 1974 πλεονάζον,
1145 1912 1244 1962 καὶ
1279 1911 1463 1964 πᾶσαν
1488 1912 1509 1943 ⁸
1541 1912 1644 1982 τὴν
1681 1912 1849 1981 ὑγρό-

246 2016 389 2069 τητα
416 2001 800 2054 καταδαπανδν
839 2003 903 2067 ¹⁰,
939 2003 1165 2058 πλείονα
1194 2004 1296 2076 τὴν
1323 2005 1506 2077 ὄρεξιν
1535 2006 1848 2078 ἀπεργάζε-

1975 803 2285 864 acceperat,
2362 810 2562 853 carnes
2623 813 2756 854 vero
2786 811 2840 854 et
2869 818 3020 858 vena:
3049 820 3080 858 a
3110 808 3398 871 musculis,
3441 813 3590 868 unde

1967 885 2275 953 alebantur,
2301 903 2331 943 a
2358 890 2620 947 carnibus
2652 907 2778 947 vero
2805 902 2860 948 et
2884 897 3042 952 venis
3076 897 3250 968 jecur,
3272 915 3304 964 ιι
3336 901 3586 971 jecmore

1967 988 2183 1046 venter,
2220 994 2252 1034 a
2295 988 2487 1035 ventre
2518 985 2840 1040 stomachus
2869 986 3010 1041 idem
3046 1000 3320 1059 repetunt.
3347 993 3431 1048 Ab
3464 994 3584 1064 ipso

1968 1069 2242 1140 siquidem
2273 1072 2564 1128 stomacho
2584 1083 2638 1128 et
2669 1084 2859 1132 ventre
2891 1078 3099 1135 animal
3145 1082 3212 1136 ad
3241 1084 3345 1138 sibi
3378 1101 3581 1155 paran-

1966 1161 2096 1216 dum
2129 1162 2313 1217 cibum
2345 1163 2770 1234 exstimulatur;
2795 1167 2975 1238 ipsum
3007 1186 3140 1227 vero
3158 1182 3370 1230 natura:
3398 1177 3447 1231 vi
3471 1178 3578 1232 ali-

1963 1253 2130 1306 menti
2168 1267 2359 1307 euram
2412 1253 2768 1311 dissimulare
2794 1257 3021 1315 minime
3078 1271 3277 1332 potest,
3313 1275 3367 1321 et
3400 1267 3476 1322 ita
3519 1269 3575 1324 in

1962 1342 2123 1397 nobis
2142 1342 2380 1412 plurima
2417 1346 2683 1415 temporis
2730 1346 3141 1421 intercapedine
3175 1357 3451 1425 appetitus
3491 1359 3576 1428 gi-

1961 1431 2166 1501 gnitur.
2208 1431 2272 1487 Et
2333 1435 2558 1504 quidem
2609 1437 2814 1494 hiemis
2889 1449 3154 1513 tempore,
3209 1461 3336 1502 cum
3388 1452 3572 1509 omnis

1957 1524 2212 1595 corporis
2266 1528 2440 1580 nostri
2510 1532 2680 1593 calor,
2729 1531 2801 1586 ob
2855 1534 3153 1591 ambientis
3182 1553 3284 1594 nos
3314 1542 3460 1598 aeris
3492 1545 3573 1596 ri-

1957 1632 2142 1688 gorem
2172 1619 2616 1693 densitatemque
2636 1623 2704 1678 ad
2739 1625 2932 1682 intima
2962 1629 3240 1687 declinare
3265 1637 3572 1707 compella-

1958 1720 2066 1781 tur,
2101 1715 2320 1786 corpori
2362 1717 2672 1788 respirandi
2730 1719 2965 1778 facultas
2999 1740 3110 1780 non
3159 1728 3341 1799 ampla
3377 1731 3566 1800 datur,

1954 1803 2156 1861 insitus
2191 1806 2345 1862 calor
2377 1807 2504 1878 plus
2544 1809 2739 1876 nimio,
2778 1823 2833 1867 et
2871 1829 2971 1869 ceu
3042 1818 3321 1888 geminato
3376 1827 3569 1895 vigore

1953 1901 2176 1958 auctus,
2210 1895 2490 1951 internum
2522 1897 2811 1956 lntntorem
2866 1911 3042 1959 totum
3079 1907 3448 1979 absumendo,
3494 1916 3567 1971 ad

1951 1986 2138 2040 cibum
2193 1990 2562 2059 appetendum
2627 1996 2959 2063 propensius
2993 1998 3199 2056 animal
3251 2004 3456 2073 reddit;
3494 2006 3567 2063 de

244 2109 356 2147 ται.
405 2093 576 2148 Τοῦτο
621 2097 718 2150 καὶ
755 2097 1129 2170 Ἱπποκράτης
1158 2102 1200 2134 ¹¹
1254 2102 1411 2165 εἰδώς
1464 2121 1667 2175 φησιν·
1719 2123 1740 2157 ι
1770 2108 1833 2159 Ai

1934 2079 2063 2150 quo
2094 2078 2466 2150 Hippocrates,
2500 2083 2700 2139 hiemis
2731 2087 2988 2159 verisque
3030 2099 3312 2163 tempore,
3358 2106 3562 2155 natura

244 2185 451 2239 κοιλίαι
492 2187 765 2258 χειμῶνος
823 2191 918 2245 καὶ
963 2187 1099 2262 ἦρος
1149 2193 1491 2267 θερμόταται
1548 2197 1743 2266 φύσει·
1784 2201 1843 2251 ἐν

242 2277 474 2343 ταύταις
527 2276 623 2333 οὖν
657 2282 700 2314 η
753 2285 914 2353 τῇσιν
978 2284 1157 2357 ὥρῃσι
1217 2289 1312 2340 καὶ
1341 2287 1410 2342 τά
1465 2291 1840 2362 προσάρματα

243 2371 417 2425 πλείω
471 2372 686 2427 δοτέον·
728 2394 746 2426 ›
794 2377 1174 2450 προσάρματα
1219 2379 1399 2449 λέγων
1449 2384 1518 2436 τά
1556 2386 1726 2450 σιτία,
1763 2387 1840 2450 ὡς

241 2466 670 2537 προσφερόμενα
704 2467 782 2539 τῷ
808 2469 1025 2540 σώματι
1050 2487 1063 2500 ·
1101 2472 1160 2537 ἐξ
1187 2468 1248 2528 οὗ
1283 2476 1377 2529 καὶ
1411 2475 1578 2545 ἄρτος
1601 2478 1755 2550 παρὰ
1778 2477 1839 2532 τὸ

239 2555 439 2625 αἴρειν,
468 2557 496 2608 ὃ
526 2560 643 2610 ἐστι
677 2561 1012 2632 προσφέρειν
1045 2561 1169 2615 καθ’
1202 2565 1444 2638 ἑκάστην
1466 2583 1479 2596 ·
1528 2568 1688 2637 ἡμῶν
1728 2573 1838 2640 γὰρ

237 2641 395 2708 οὗτος
433 2650 611 2719 τροφὴ
660 2650 757 2704 κα)⁸
792 2651 1083 2725 προσθήκη
1130 2655 1228 2709 τοῦ
1263 2655 1538 2728 σώματος.
1587 2659 1733 2713 Ἀλλ’
1788 2665 1836 2715 εἰ

241 2739 342 2808 μὲν
368 2740 624 2795 τοσοῦτον
656 2744 1015 2816 ἁντεισήγετο
1047 2748 1173 2802 ὅσον
1209 2751 1303 2803 καὶ
1335 2753 1667 2825 διεφορεῖτο,
1704 2774 1832 2811 συν-

234 2829 425 2884 έὸαινε
448 2833 517 2884 τὰ
538 2833 786 2905 ἡμέτερα
806 2835 1041 2906 σώματα
1059 2839 1402 2896 ἀναλλοίωτα
1429 2846 1714 2917 διαμένειν
1739 2850 1835 2903 καὶ

239 2921 316 2991 μὴ
341 2925 541 2994 γηρᾷν,
575 2927 710 3000 μηδὲ
756 2927 862 2982 ὑπὸ
893 2929 988 2982 τοῦ
1017 2932 1208 3004 γήρως
1237 2937 1470 3007 πάσχειν
1496 2941 1563 2994 ¹³.
1608 2941 1832 3013 Ἐπειδὴ

231 3013 293 3067 δὲ
339 3015 542 3068 πλείων
575 3020 675 3087 μὲν
707 3019 748 3050 ¹³
769 3023 802 3091 ἡ
833 3021 1179 3095 διαφόρησις,
1214 3029 1310 3080 καὶ
1343 3032 1375 3101 η
1407 3031 1519 3085 τῶν
1561 3051 1832 3107 περιττωο

235 3109 428 3179 μάτων
457 3112 866 3185 ἁποκὰθαρσις,
913 3116 1074 3188 ὀλίγη
1109 3118 1166 3170 δὲ
1202 3124 1234 3190 ἡ
1269 3123 1336 3174 ἐκ
1371 3123 1482 3176 τῶν
1515 3124 1829 3198 βρωμάτων

229 3204 412 3276 τροφὴ
443 3206 516 3276 τῷ
543 3205 759 3278 σώματι
784 3225 798 3238 ·
823 3227 843 3261 ι
872 3211 1096 3282 Τροφῆς
1118 3214 1226 3286 γάρ
1252 3217 1309 3268 τὸ
1331 3217 1532 3290 τρέφον
1560 3224 1622 3287 ⁸⁵,
1660 3241 1677 3273 ι
1707 3223 1828 3277 καθ’

239 3296 649 3369 Ἱπποκράτην·
690 3301 780 3356 διὰ
804 3303 987 3372 τοῦτο,
1034 3309 1177 3361 κατὰ
1222 3309 1398 3381 βραχὺ
1439 3315 1539 3384 τῆς
1591 3316 1649 3369 ὲν
1693 3319 1828 3389 ἡμῖν

226 3389 536 3461 ὑγρότητος
575 3393 617 3424 ⁸⁸
655 3395 1230 3471 καταδαπανωμένης,
1274 3405 1368 3456 καὶ
1407 3398 1524 3459 οἷον
1568 3407 1824 3480 ξηραινο-
1855 3428 1898 3486 c

227 3483 396 3553 μένου
432 3486 526 3538 τοῦ
565 3486 844 3558 σώματος,
869 3494 1022 3564 γηρᾷ
1042 3493 1102 3546 τὸ
1134 3494 1276 3557 ζῶον
1307 3499 1403 3552 καὶ
1417 3499 1820 3575 διαφθείρεται,

225 3577 323 3630 καὶ
358 3581 438 3641 εἰς
481 3576 793 3653 ἀδυναμίαν
832 3587 929 3640 καὶ
975 3588 1270 3645 ἀσθένειαν
1320 3594 1591 3665 φέρεται,
1625 3599 1688 3652 ού
1727 3601 1826 3670 μό·

223 3687 319 3724 νον
352 3672 380 3724 ό
441 3667 751 3746 ἅνθρωπος,
809 3679 948 3734 ἀλλὰ
1006 3683 1103 3736 καὶ
1153 3684 1222 3738 τά
1268 3683 1436 3740 λοιπά
1485 3688 1597 3743 τῶν
1640 3667 1818 3756 ζώων.

223 3761 373 3833 Αὕτη
414 3763 514 3835 μὲν
541 3767 634 3820 τοῦ
672 3770 954 3843 στομάχου
979 3775 1144 3846 χρεία
1179 3794 1238 3831 τε
1268 3779 1367 3833 καὶ
1402 3782 1685 3853 ἐνέργεια,
1724 3790 1821 3839 καὶ

222 3856 516 3927 ὀνομασία.

507 3975 648 4044 Κεφ.
692 3959 791 4031 1ὸ’.
830 4009 903 4020 --
939 3983 1078 4049 Περὶ
1124 3986 1233 4040 τοῦ
1275 3987 1531 4058 ἥπατος.

295 4065 368 4117 T‘o
390 4066 448 4120 δὲ
473 4061 626 4138 ἧπαρ
643 4070 804 4124 οὐσία
824 4073 972 4127 ἐστὶν
992 4077 1198 4148 ἐρυθρὰ
1213 4082 1525 4156 σαρκώδης,
1543 4086 1756 4158 μύωσιν
1776 4092 1818 4121 ’⁷

217 4157 422 4226 ἔχουσα
447 4162 756 4231 τεταμένην
784 4166 842 4217 ἐν
869 4169 981 4230 τοῖς
1010 4167 1208 4234 δεξιοῖς
1246 4173 1495 4245 μέρεσιν,
1531 4181 1592 4232 ὲν
1617 4173 1663 4249 ᾧ
1694 4199 1817 4250 γενο

215 4249 377 4300 νᾶται
406 4249 465 4301 τὸ
490 4244 632 4320 αἷμα
653 4271 664 4282 ·
691 4252 753 4318 ἐξ
781 4248 842 4307 οὗ
875 4258 1221 4327 ἐκπεφύκασι
1251 4264 1292 4297 ⁸⁸
1322 4244 1542 4335 φλέϐες,
1577 4244 1646 4325 δέ
1670 4244 1745 4340 ὧν
1774 4275 1814 4307 ¹⁹

214 4345 539 4410 χορηγεῖται
569 4345 630 4397 τὸ
657 4339 800 4415 αἷμα
828 4350 965 4422 πρὸς
991 4354 1312 4430 ἁποτροφὴν
1337 4359 1433 4414 τοῦ
1467 4339 1811 4430 παντδςσὼ-

217 4449 429 4501 ματος·
484 4437 579 4489 καὶ
615 4431 773 4504 οὗτος
834 4443 935 4511 μὲν
989 4445 1116 4515 ὅρος
1144 4449 1376 4520 ἥπατος.
1427 4455 1492 4509 Ἦ
1544 4457 1602 4512 δὲ
1635 4477 1811 4515 κατα-

214 4525 390 4597 σκευὴ
412 4528 579 4582 αὐτοῦ
604 4532 698 4584 καὶ
727 4534 986 4606 ἐνέργεια
1011 4539 1228 4611 εἴρηται
1251 4545 1350 4614 μὲν
1376 4548 1470 4602 καὶ
1490 4552 1764 4622 πρῶτον²⁰
1786 4575 1799 4588 ·

207 4617 492 4688 είρήσεται
546 4624 604 4676 δὲ
656 4627 752 4680 καὶ
791 4628 887 4681 νῦν
939 4631 1097 4701 ὀλίγα
1127 4637 1259 4706 περὶ
1302 4641 1493 4695 αὐτοῦ.
1535 4645 1808 4718 Ὄργανον

207 4710 320 4783 γὰρ
350 4711 410 4766 δν
442 4714 537 4767 τοῦ
582 4717 1013 4793 ἐπιθυμητικοῦ,
1043 4726 1246 4795 δισσῶς
1284 4733 1498 4806 ταύτην
1522 4710 1764 4797 ποιεῖται
1786 4759 1801 4775 ·

205 4799 308 4870 τὴν
333 4801 433 4870 μὲν
456 4805 512 4857 ἐν
543 4807 666 4870 ταῖς
697 4814 950 4880 τροφαῖς,
975 4814 1078 4887 τὴν
1108 4817 1166 4872 δὲ
1196 4821 1256 4873 έν
1282 4827 1405 4889 ταῖς
1439 4799 1754 4897 συνουσίαις
1780 4849 1796 4866 ·

207 4892 306 4946 καὶ
337 4893 428 4947 διὰ
469 4897 572 4968 τῆς
601 4903 735 4968 μιᾶς
768 4904 835 4968 ’⁸,
890 4907 1212 4980 ἀντεισάγει
1263 4915 1324 4969 τὸ
1362 4917 1552 4976 λεῖπον
1581 4925 1662 4996 τῷ
1694 4892 1798 4980 aib-

206 5001 362 5055 ματι,
395 4986 482 5041 διὰ
514 4989 570 5042 δὲ
594 4992 688 5063 τῆς
729 4993 918 5069 ἄλλης,
955 5001 1245 5076 ἀποκρίνει
1275 5009 1337 5061 τὸ
1366 4986 1684 5081 πλεονάζον.

278 5166 471 5222 Ἔστιν
503 5167 570 5226 αὖ
603 5174 648 5205 ’³
671 5176 848 5256 ,φύσει
897 5179 1104 5253 θερμὸν
1159 5189 1323 5246 τοῦτο
1360 5195 1425 5250 τὸ
1456 5199 1791 5274 σπλάγχνον,

197 5257 290 5312 διὰ
320 5260 381 5313 τὸ
403 5263 639 5331 αἵματος
684 5265 829 5332 εἶναι
875 5281 1203 5348 γεννητικόν
1224 5303 1237 5314 ·
1267 5286 1329 5338 οὐ
1367 5289 1478 5362 μὴν
1509 5257 1674 5353 ,ἀλλά
1696 5257 1795 5352 καί

196 5350 310 5404 τῶν
347 5354 523 5410 ἄλλων
575 5360 789 5431 χυμῶν.
830 5367 912 5422 Τά
960 5371 1071 5442 γάρ
1131 5375 1299 5441 σιτία,
1359 5350 1464 5438 κᾶν
1513 5350 1793 5461 διαφόρων

197 5444 420 5514 φύσεων
449 5450 586 5506 δντα
615 5455 777 5529 τύχῃ,
813 5461 895 5525 είς
919 5463 1028 5534 τὴν
1047 5469 1294 5542 γαστέρα
1322 5473 1412 5530 διά
1443 5478 1539 5532 τοῦ
1591 5444 1794 5556 στοΙμάὲ

1947 2168 2277 2225 calidissimi
2297 2179 2520 2228 ventres
2547 2172 2843 2244 habentur,
2867 2193 2932 2234 ea
2967 2182 3114 2236 enim
3165 2191 3414 2256 tempora
3447 2189 3562 2246 lar-

1945 2259 2126 2329 giores
2153 2262 2307 2318 cibos
2330 2275 2612 2334 expetunt.
2627 2265 2794 2326 Cibos
2818 2269 2966 2326 enim
2993 2271 3353 2346 Hippocrates
3389 2297 3562 2354 προσ-

1944 2351 2167 2424 άρματα
2209 2356 2448 2427 appellat
2487 2358 2564 2423 ὡς
2598 2363 3022 2436 προσφερόμενα
3049 2368 3128 2439 τῷ
3149 2368 3383 2442 σώματι,
3409 2351 3560 2446 quod

1941 2446 2199 2502 videlicet
2229 2452 2449 2520 corpori
2504 2452 2819 2508 aﬂ‘erantur
2847 2457 3329 2532 aniiibeantazrque
3362 2482 3378 2520 :
3411 2471 3558 2525 unde

1941 2546 1995 2592 et
2024 2539 2180 2606 panis
2218 2542 2287 2595 ab
2333 2542 2470 2613 ipsis
2511 2554 2659 2599 artos
2695 2547 2922 2616 dicitur,
2984 2551 3096 2607 ἀπὸ
3143 2554 3240 2609 τοῦ
3305 2557 3450 2631 αίρω
3491 2561 3556 2616 τὸ

1941 2630 2262 2702 προσφέρω,
2311 2633 2461 2702 quod
2496 2636 2729 2708 singulis
2763 2639 3016 2698 videlicet
3058 2644 3256 2704 diebus
3313 2630 3381 2705 ad
3413 2668 3552 2709 usus

1940 2730 2158 2778 nostros
2185 2722 2465 2782 aﬂ'eratur.
2496 2726 2634 2784 Nam
2659 2731 2707 2786 si
2737 2732 2896 2790 nobis
2925 2739 3266 2796 tantumdem
3303 2742 3551 2802 alimenti

1938 2813 2185 2870 adhiberi
2222 2816 2450 2873 daretur
2471 2831 2740 2891 quantum
2803 2825 3024 2883 absumi
3051 2841 3258 2901 posset,
3299 2850 3540 2908 corpora

1938 2913 2127 2959 nostra
2179 2909 2654 2976 permutationem
2715 2917 2921 2973 sentire
2991 2922 3260 2993 senioque
3321 2929 3546 2995 contlei,

1935 2994 2166 3065 ejusque
2239 2999 2460 3055 damnis
2548 3006 2692 3058 esse'
2768 3007 3008 3066 obnoxia
3113 3013 3544 3091 haudquaquam

1935 3090 2201 3144 eveniret.
2259 3089 2506 3162 Verum,
2559 3097 2824 3163 quoniam
2871 3103 3021 3171 quod
3086 3089 3409 3168 absumitur
3478 3131 3545 3172 ac

1935 3192 2032 3246 per
2112 3193 2461 3239 excrementa
2522 3189 2856 3255 secernitur,
2908 3193 3070 3266 longe
3127 3196 3364 3260 immissi
3440 3208 3542 3262 ali-

1935 3271 2102 3325 menti
2172 3274 2483 3343 portionem
2512 3290 2831 3348 exsuperat,
2879 3283 2982 3340 hac
3027 3287 3096 3343 de
3156 3304 3346 3358 causa,
3389 3301 3540 3353 radi-

1932 3362 2035 3416 cali
2087 3361 2316 3420 humore
2363 3369 2572 3425 sensim
2638 3372 2930 3432 deﬁciente
2981 3387 3036 3434 et
3072 3396 3308 3454 corpore
3360 3389 3433 3444 ob
3479 3392 3536 3447 id

1932 3451 2292 3523 siccescente,
2324 3458 2533 3514 animal
2557 3466 2799 3522 senescit
2828 3451 3335 3548 corrumpiturque,
3369 3494 3539 3553 atque

1931 3545 1999 3597 ad
2048 3542 2430 3616 impotentiam
2467 3552 3016 3632 imbecillitatcmque
3059 3542 3376 3627 necessario
3423 3542 3539 3632 fer-

1928 3643 2064 3689 tur:
2124 3653 2248 3707 qua:
2295 3642 2438 3697 ratio
2485 3659 2594 3699 non
2650 3647 2718 3703 de
2769 3649 2995 3710 homine
3032 3664 3274 3729 tantum,
3328 3667 3423 3722 sed
3464 3669 3535 3725 de

1926 3729 2144 3785 cunctis
2183 3731 2313 3786 item
2365 3735 2704 3796 animalibus
2757 3741 3007 3803 habenda
3044 3760 3149 3806 est.
3202 3754 3265 3810 Et
3305 3757 3421 3816 hzec
3464 3763 3536 3820 de

1925 3824 2196 3878 stomachi
2273 3841 2400 3892 usu,
2461 3831 2887 3909 actionibusque
2935 3853 3104 3914 atque
3165 3851 3536 3920 appellatione

1922 3913 2037 3986 99
2074 3918 2210 3974 satis
2266 3919 2474 3977 dictum
2517 3925 2607 3982 sit.

2311 4035 2444 4105 Cap.
2486 4036 2624 4094 XIX.
2658 4071 2728 4084 --
2755 4042 2833 4098 De
2853 4044 3112 4114 jecinore.

1992 4114 2156 4174 Jecur
2183 4133 2388 4189 autem,
2435 4127 2746 4187 substantia
2801 4135 3132 4196 rubesceute
3178 4159 3529 4220 carnosaqne

1921 4206 2174 4275 habetur,
2223 4221 2277 4267 et
2311 4230 2341 4268 a
2375 4216 2600 4274 dextera
2639 4232 2793 4292 parte
2816 4225 3012 4298 ipsius,
3051 4231 3107 4287 in
3139 4250 3247 4306 qua
3297 4206 3526 4313 sangui-

1923 4297 2008 4357 nis
2022 4304 2346 4361 constitutio
2373 4307 2454 4372 iit,
2477 4326 2627 4368 venae
2658 4315 2937 4385 oriuntur,
2973 4338 3072 4393 per
3092 4297 3232 4397 quas
3253 4333 3320 4387 ad
3351 4297 3524 4393 totum

1923 4403 2129 4460 corpus
2169 4401 2425 4451 nostrum
2473 4400 2798 4460 alimentum
2833 4407 3190 4472 distribuitur
3226 4439 3241 4474 :
3285 4432 3340 4476 et
3397 4428 3524 4482 talis

1921 4480 2144 4549 quidem
2197 4485 2447 4542 deﬁnitio
2500 4490 2765 4558 jecinoris
2815 4508 2921 4555 est.
2971 4501 3133 4574 Nam,
3191 4516 3405 4569 tametsi
3455 4480 3524 4576 de

1917 4663 2090 4722 nihilo
2133 4675 2315 4727 tamen
2365 4675 2548 4732 secius
2585 4679 2652 4734 de
2680 4681 2803 4751 ipso
2833 4663 3209 4758 impraesentia
3251 4703 3519 4761 nonnulla

1837 4789 1879 4844 ο
1913 4755 2239 4853 referemus.
2296 4765 2435 4822 Cum
2476 4771 2624 4826 enim
2661 4773 2844 4845 ipsum
2911 4755 3226 4853 appetibilis
3286 4755 3520 4852 ιπηιίᾷ

1908 4848 1978 4904 tis
2016 4849 2451 4915 instrumentum
2498 4863 2592 4926 sit,
2627 4864 2772 4924 hanc
2814 4848 3034 4931 duobus
3067 4881 3244 4939 modis
3274 4848 3512 4956 exercet,

1905 4941 2076 4998 altero
2128 4945 2184 5002 in
2230 4948 2649 5022 alimentorum,
2700 4971 2756 5015 et
2818 4963 2993 5023 altera
3036 4968 3088 5025 in
3141 4974 3219 5029 rei
3266 4993 3515 5038 venerea:

1907 5049 2089 5091 usum.
2142 5037 2308 5103 Item,
2343 5045 2757 5119 alternquidem
2789 5062 2935 5127 quod
2967 5057 3123 5120 deest
3149 5072 3370 5140 corpori
3402 5037 3516 5131 sui;

1908 5126 2040 5194 ficit,
2066 5131 2242 5190 altero
2277 5151 2409 5192 vero
2441 5155 2864 5214 evsuperantem
2905 5159 3194 5216 materiam
3236 5171 3509 5226 excernit.

1979 5221 2095 5281 Hoc
2125 5238 2312 5283 autem
2340 5243 2528 5289 extum
2564 5249 2761 5296 natura
2787 5245 3028 5304 calidum
3054 5262 3158 5319 est,
3195 5265 3384 5328 utpote
3418 5263 3510 5317 cui

1903 5321 2100 5370 natura
2150 5317 2267 5388 ipsa
2318 5326 2608 5396 sanguinis
2645 5336 2967 5401 generandi,
3018 5317 3369 5420 aliorumque
3406 5350 3513 5404 hu—

1903 5418 2121 5506 merum
2172 5425 2363 5512 curam
2429 5417 2804 5482 demandavit.
2856 5427 3096 5500 Etenim,
3151 5417 3510 5512 cibi'quibus

1900 5495 2216 5563 vescimur.
2260 5503 2366 5558 etsi
2413 5521 2512 5563 eos
2559 5509 2818 5573 diversos
2872 5533 2998 5578 esse
3029 5495 3344 5599 contigerit:
3378 5548 3507 5589 cum

267 5587 460 5674 ἀίσο.
502 5594 610 5649 ἐνδ.
650 5597 708 5652 Β.
785 5600 807 5633 ⁸
849 5603 1050 5661 ἐκεῖνοι
1092 5611 1158 5668 Α.
1237 5615 1258 5648 ⁹
1291 5618 1386 5672 καὶ
1437 5623 1620 5678 πᾶσαν
1654 5628 1715 5682 Β.
1765 5633 1861 5686 καὶ
1887 5649 2001 5693 om.
2026 5640 2096 5694 Δ.
2169 5643 2216 5674 ¹⁶
2261 5649 2670 5708 πειταδαπανῶν
2709 5657 2755 5712 Α
2787 5656 2828 5715 C
2870 5661 2933 5713 Ρ,
3017 5663 3058 5697 ιι
3090 5664 3120 5718 ὁ
3164 5665 3382 5724 omne”.
3443 5671 3505 5731 η.

276 5676 370 5713 ουν
423 5677 532 5716 om.
586 5667 647 5720 B.
708 5669 752 5701 ¹³
780 5670 835 5724 τί
874 5676 1109 5731 πάσγειν
1153 5685 1211 5731 Β,
1291 5689 1335 5719 ιι
1391 5691 1491 5731 ..ιν
1517 5712 1607 5731 η...
1663 5699 1704 5731 n
1807 5705 1849 5731 ιι
1891 5706 1950 5731 ,ι
2009 5725 2142 5731 ---γε
2356 5718 2368 5731 .
2443 5723 2455 5731 .
2576 5725 2617 5731 --
2665 5726 2678 5731 -

198 5656 243 5691 ⁸⁸
276 5653 370 5713 οὖν
423 5677 532 5716 om.
586 5667 647 5720 B.
708 5669 752 5701 ¹³
780 5653 1212 5747 τιῖὲῐέῇἐιῖυ.
1291 5653 1626 5762 π”μξῖῗξῖἶ
1765 5653 1849 5736 1?;

193 5883 246 5925 τ.
283 5887 342 5944 μ.
375 5873 434 5929 Β.
532 5879 576 5909 ²⁹
612 5873 706 5934 οὖν
752 5873 817 5944 Βξ
857 5873 972 5943 ἐστι
1003 5873 1059 5943 δὲ

476 5971 749 6040 PA'rnOL.
801 5981 916 6046 Gn.
968 5987 1178 6052 LXIV.

1891 5706 1954 5760 τὸ
2007 5725 2172 5782 τρεφ.
2202 5718 2384 5788 τροφὴ
2426 5723 2492 5774 Δ.
2574 5725 2618 5756 ¹⁶
2646 5706 3406 5807 δῆῗκέιὲασριῖιίὲὲἔαῖῦ.

195 5797 244 5914 ζ’
285 5801 824 5914 testandum/Lyda;
859 5814 1062 5914 ἔχουσα
1101 5831 1438 5914 ’τεταγμένον
1469 5834 1534 5891 C.
1614 5839 1658 5872 "
1692 5841 2050 5914 ἐμπεφύκασι
2079 5853 2140 5907 Β.

2239 5858 2283 5890 ¹⁹
2317 5854 2380 5912 οὗ
2408 5861 2472 5916 Β.
2551 5866 2598 5897 ’⁸
2653 5869 2895 5941 πρόσθεν
2927 5874 2987 5929 Β.
3084 5878 3124 5909 ³¹
3160 5877 3210 5932 δ.
3266 5880 3368 5951 μὲν
3392 5883 3506 5958 γὰρ

3087 6039 3162 6102 ιι
