4204 6448
186 3292 233 3327 ο

290 459 423 519 lett

1541 457 1631 513 DE
1669 455 1961 513 NATURA
2002 454 2318 513 HOMINIS.

3459 452 3601 506 iis:

292 594 465 649 ματος
489 574 781 652 τὴνάρχὴν
816 576 849 648 ἠ
881 577 1095 645 γένεσις
1130 579 1314 632 αὐτῶν
1353 580 1515 653 ἐσχεν
1539 581 1613 614 ⁸⁸·
1647 582 1749 637 ὅσα
1781 580 1876 652 γάε

1997 596 2120 637 sum
2152 580 2438 635 humorem
2456 587 2799 635 commutant
2828 596 2840 633 :
2866 574 3011 646 quod
3030 590 3223 631 eorum
3239 572 3598 645 principium,

289 670 356 723 ἐκ
391 666 707 737 σπέρματος
755 671 1043 732 γεννᾶται,
1096 671 1163 723 ὲκ
1194 670 1390 725 τούτου
1426 672 1520 724 καὶ
1574 672 1842 740 τρέφεται
1874 688 1887 703 ⁸

290 757 385 812 καὶ
438 756 539 809 ὅσα
584 756 643 822 ἐξ
696 756 953 826 αἵματος,
1010 758 1070 823 ἐξ
1106 758 1343 829 αἵματος
1374 775 1387 789 ·
1421 755 1587 817 αὗται
1616 764 1712 817 οὖν
1740 763 1787 796 ⁸⁸
1820 764 1885 817 ἐκ

291 849 612 921 σπέρματος
663 853 759 903 καὶ
774 850 822 883 ’°
863 850 1164 919 γεννῶνται
1210 855 1306 907 καὶ
1349 854 1667 925 τρέφονται⁸
1704 855 1801 908 καὶ
1830 854 1892 908 τὸ

290 942 616 1013 περιττεῦον
642 944 837 1007 αύτατς
864 944 1079 1012 γίνεται
1115 947 1270 1014 γονή.
1300 946 1367 1000 At
1397 948 1595 1017 φλέϐες
1626 947 1683 1001 δὲ
1726 943 1888 1002 αὗται

290 1034 389 1088 καὶ
413 1035 469 1086 αί
491 1033 753 1105 ἀρτηρίαι
774 1037 855 1097 εἰς
876 1037 1003 1101 τοὺς
1024 1028 1285 1107 διδύμους
1302 1039 1706 1108 ἐμπίπτουσαι,
1727 1038 1889 1093 αἴτιοι

289 1126 394 1195 τῆς
426 1128 723 1192 συνουσίας
762 1128 1008 1195 γίνονται
1052 1128 1246 1199 τρόπῳ
1278 1130 1516 1202 τοιούτῳ
1540 1131 1582 1165 ⁸³
1610 1147 1626 1161 ·
1659 1129 1888 1200 Διερκό-

293 1232 457 1287 μεναι
490 1214 578 1271 διὰ
607 1217 715 1271 τῶν
745 1216 985 1289 νεφρῶν,
1010 1219 1273 1289 ἀρύονται
1297 1219 1614 1292 δριμύτητά
1642 1238 1768 1275 τινα
1791 1221 1889 1287 τὴν

291 1306 650 1377 ἐρεθίζουσαν
689 1309 787 1380 τὴν
822 1310 1007 1380 ὄρεξιν
1034 1326 1049 1343 ⁸
1083 1310 1275 1382 ὥσπερ
1310 1314 1422 1383 γάρ
1451 1315 1543 1367 τὸν
1572 1313 1822 1385 κνησμὸν
1854 1316 1887 1385 ἡ

288 1399 561 1471 δριμύτης
591 1404 755 1467 ποιεί,
784 1401 961 1466 οὕτως
982 1404 1079 1457 καὶ
1109 1404 1212 1474 τὴν
1245 1403 1428 1477 ὄρεξιν
1453 1405 1686 1478 ταύτην.
1732 1407 1889 1460 Ἐπεὶ

287 1491 347 1545 δέ
379 1492 489 1545 τῶν
538 1493 782 1564 διδύμων
834 1498 867 1565 ἡ
904 1496 1043 1565 σὰρξ
1081 1497 1266 1568 ἀπαλή
1308 1499 1449 1563 ἐστι,
1498 1499 1727 1554 πλείονα
1787 1499 1887 1571 τὴν

286 1583 603 1653 δριμύτητα
639 1585 909 1657 δεχομένη
948 1588 1089 1660 ὑπὲρ
1137 1589 1199 1643 τὸ
1229 1590 1429 1659 δέρμα,
1480 1591 1706 1662 ἐμμανῆ
1740 1593 1888 1645 ποιεῖ

286 1673 387 1741 τῆς
426 1674 595 1743 γονῆς
623 1676 726 1745 τὴν
763 1677 1067 1747 ἐπιθυμίαν
1101 1678 1243 1749 πρὸς
1272 1678 1549 1749 ἔκκρισιν.
1582 1680 1696 1734 Καὶ
1733 1680 1888 1752 πρῶ-

286 1768 416 1818 τα⁹⁸
458 1766 562 1837 μὲν
588 1767 925 1837 ἀναφέρεται
956 1774 987 1841 ή
1034 1772 1265 1842 τοιαύτη
1306 1773 1439 1844 γονὴ
1479 1775 1560 1835 εἰς
1589 1773 1689 1844 τὴν
1714 1790 1886 1843 κεφα-

284 1855 388 1925 λήν
416 1873 431 1889 ·
470 1858 637 1914 πάλιν
666 1860 724 1914 δέ
768 1861 879 1915 ἀπὸ
932 1863 1032 1933 τῆς
1077 1866 1326 1935 κεφαλῆς
1384 1867 1759 1936 καταφέρεται
1789 1866 1880 1921 διὰ

1996 674 2062 728 ad
2094 688 2280 728 semen
2315 673 2553 744 genitale
2574 671 2831 728 refertur.
2864 667 3387 739 Nam,qna!cunque
3408 682 3477 722 ex
3514 681 3604 721 se-

1995 766 2145 821 mine
2169 766 2490 839 gignuntur,
2527 782 2593 822 ex
2635 765 2827 821 codem
2858 762 2963 820 sibi
2991 772 3047 818 et
3069 762 3394 817 alimentum
3420 761 3603 815 vindi-

1994 867 2141 913 cant.
2194 857 2398 913 Eodem
2466 868 2650 929 pacto,
2683 866 2740 914 et
2765 858 2835 913 de
2892 854 2983 912 liis
3028 869 3151 925 qua:
3203 867 3273 909 ex
3330 852 3602 923 sanguine

1994 950 2295 1021 gignuntur
2329 952 2707 1021 accipiendum
2755 960 2860 1006 est.
2898 948 2994 1005 Ha:
3046 963 3199 1003 venae
3229 947 3395 1017 igitur
3434 957 3602 1017 atque

1993 1044 2207 1098 arteriae
2239 1058 2305 1098 ex
2348 1044 2559 1099 semine
2606 1044 2929 1114 gignuntur,
2951 1042 3309 1110 alunturque,
3336 1049 3391 1095 et
3420 1040 3601 1108 portio

1992 1149 2115 1204 qua:
2144 1136 2269 1189 inde
2285 1143 2584 1206 exsuperat
2615 1136 2669 1190 in
2691 1136 3001 1205 genituram
3030 1133 3286 1189 vertitur.
3305 1133 3601 1187 Enimvero

1992 1239 2145 1279 vente
2191 1226 2539 1295 arteriaaque,
2578 1241 2702 1295 qua:
2748 1226 2984 1281 testibus
3018 1224 3384 1287 acclinantur,
3418 1224 3600 1278 coitus

1991 1329 2159 1369 causa
2185 1314 2289 1369 hoc
2311 1323 2473 1384 pacto
2495 1312 2833 1369 elIiciuntur.
2853 1312 2990 1368 Nam
3008 1313 3139 1368 dum
3171 1328 3271 1383 per
3294 1310 3452 1367 renes
3472 1326 3600 1381 pro-

1990 1406 2215 1473 cedunt,
2247 1406 2610 1462 acrimoniam
2643 1405 2968 1475 quamdam,
2996 1404 3231 1459 coeundi
3259 1402 3595 1458 desiderium

1989 1500 2602 1563 moventem,excitant.
2619 1497 3098 1565 Quemadmodum
3119 1496 3265 1551 cnim
3286 1495 3595 1550 acrimonia

1988 1588 2103 1654 illa,
2127 1591 2374 1659 pruritus
2397 1588 2591 1645 eodem
2623 1598 2805 1660 pacto,
2839 1598 2895 1644 et
2922 1588 3103 1643 coitus
3132 1585 3393 1641 desiderii
3424 1601 3595 1640 causa

1987 1682 2228 1738 exsistit.
2260 1680 2327 1737 Et
2370 1682 2631 1751 quoniam
2662 1681 2885 1736 testium
2917 1694 3049 1736 caro
3073 1678 3259 1733 mollis
3293 1678 3592 1732 admodum

1987 1773 2243 1839 habetur,
2264 1788 2390 1828 cum
2413 1772 2482 1828 ad
2509 1781 2690 1829 cutem
2729 1772 2888 1842 112
2907 1786 3099 1827 eorum
3128 1769 3420 1840 plurimam
3448 1769 3593 1824 acri-

1989 1864 2233 1920 moniam
2266 1864 2410 1935 adigi
2468 1863 2783 1935 contigerit,
2814 1862 3024 1918 furiosa
3060 1859 3131 1916 ad
3174 1861 3587 1915 excernendum

282 1947 379 2001 δύο
402 1948 615 2016 φλεϐῶν
666 1951 889 2006 καὶδύο
936 1953 1219 2025 ἀρτηριῶν
1247 1958 1329 2019 είς
1374 1956 1467 2009 τὸν
1517 1958 1732 2026 ὀσχεὸν,
1785 1958 1876 2012 καὶ

1989 1970 2177 2012 semen
2208 1954 2406 2025 cupido
2429 1953 2754 2010 innascitur.
2786 1950 2852 2007 Et
2877 1952 3117 2023 primum
3141 1951 3362 2019 quidem
3397 1948 3592 2019 lmjus-

282 2041 553 2110 ἐμπίπτει
604 2044 687 2106 είς
728 2045 997 2117 ἑκάτερον
1040 2047 1150 2100 τῶν
1194 2047 1438 2116 διδύμων
1486 2049 1583 2119 μία
1637 2050 1881 2121 ἀρτηρία

281 2133 392 2185 τῶν
422 2135 755 2204 εἰρημένων,
786 2138 879 2188 καὶ
920 2136 1019 2207 μία
1063 2137 1207 2207 φλέψ
1259 2138 1479 2208 πλήρης
1515 2139 1836 2208 σπέρματος
1860 2156 1877 2173 ·

281 2226 378 2281 καὶ
409 2229 467 2279 ὲν
515 2226 729 2290 τούτοις
770 2227 998 2293 τελείως
1043 2229 1600 2301 ἀποσπερματοῦται,
1640 2230 1735 2283 καὶ
1785 2230 1874 2285 διὰ

278 2316 374 2369 τοῦ
410 2318 750 2382 κισσοειδοῦς
787 2321 1170 2391 παραστάτου,
1220 2321 1331 2374 ἀπὸ
1358 2320 1467 2373 τῶν
1497 2320 1740 2390 διδύμων
1774 2336 1874 2391 με·

277 2408 635 2479 ταπέμπεται
675 2412 757 2475 εἰς
779 2411 879 2482 τὴν
920 2411 1157 2482 βάλανον
1192 2430 1206 2443 ·
1258 2412 1521 2466 κακεῖθεν
1551 2404 1876 2483 ἐκκρίνεται

282 2500 426 2569 μετά
451 2500 763 2572 πνεύματος
790 2504 855 2565 ’³,
908 2502 1100 2575 ὥσπερ
1134 2506 1199 2558 ἐκ
1248 2504 1677 2576 σφενδονίστρας
1706 2506 1874 2569 τινός.

279 2591 454 2646 Τοῦτο
482 2593 539 2647 δὲ
568 2593 782 2662 γίνεται
824 2595 912 2648 διὰ
938 2595 1037 2667 τὴν
1068 2597 1375 2669 είρημένην
1431 2599 1613 2651 αἰτίαν
1666 2596 1873 2667 ἔμπρο-

280 2684 408 2737 σθεν
434 2685 505 2746 ’⁵,
548 2687 644 2738 καὶ
671 2685 756 2739 δτι
801 2687 1049 2758 ἀρτηρία
1101 2688 1252 2741 ἐστὶν
1304 2689 1336 2759 ἡ
1394 2686 1875 2756 παραπέμπουσα.

280 2774 404 2829 Ὀτι
435 2774 493 2829 δέ
520 2776 553 2847 ὴ
583 2776 717 2848 γονὴ
751 2776 947 2847 πρῶτα
967 2778 1015 2811 θ’
1049 2779 1130 2841 είς
1163 2777 1265 2849 τὴν
1288 2778 1534 2848 κεφαλὴν
1560 2778 1875 2848 ἀνέρχεται,

278 2863 437 2933 δῆλον
468 2863 723 2919 ἐντεῦθεν
750 2882 763 2897 ο
789 2868 839 2919 εἰ
866 2868 975 2939 γάρ
1003 2884 1086 2931 τις
1120 2868 1381 2938 ἐκτέμνει
1411 2870 1511 2933 τὰς
1540 2869 1747 2937 φλέϐας
1775 2868 1873 2934 τὰς

280 2958 433 3027 παρὰ
470 2960 540 3013 τά
567 2954 683 3015 ὦτα
726 2961 824 3015 καὶ
870 2962 1211 3033 παρωτίδας,
1250 2962 1448 3032 ἀγονον
1501 2964 1774 3034 ἀπομένει
1811 2962 1873 3017 τὸ

277 3047 441 3114 ζῶον.

1983 2046 2130 2102 modi
2164 2061 2352 2103 semen
2413 2045 2482 2101 ad
2524 2052 2690 2114 caput
2736 2042 3013 2110 defertur,
3046 2058 3078 2097 a
3107 2042 3288 2112 capite
3331 2056 3463 2095 vero
3494 2057 3591 2111 ge-

1982 2139 2149 2195 minis
2172 2138 2349 2203 venis,
2379 2152 2445 2194 ac
2475 2137 2701 2216 totidem
2732 2134 2953 2191 arteriis
2975 2132 3320 2191 denuoinfra
3342 2133 3588 2188 delatum

1984 2230 2268 2287 descendit
2292 2246 2307 2297 ;
2342 2238 2398 2286 et
2422 2229 2594 2285 altera
2610 2244 2680 2283 ex
2712 2228 2797 2283 his
2828 2242 2970 2299 quas
2998 2226 3245 2281 diximus
3267 2224 3450 2289 venis,
3479 2224 3588 2277 hu-

1979 2322 2227 2394 iusmodi
2257 2324 2469 2380 semine
2500 2322 2726 2392 repleta,
2786 2318 3045 2384 testibus,
3094 2334 3221 2373 cum
3263 2319 3469 2373 arteria
3503 2332 3592 2371 ac-

1986 2416 2250 2480 clinatur,
2295 2418 2351 2470 in
2404 2414 2609 2484 quibus
2650 2412 2834 2483 ipsum
2872 2411 2941 2467 ad
2986 2409 3287 2482 perfectam
3321 2408 3590 2479 geniturae

1982 2518 2238 2563 naturam
2284 2506 2575 2577 redigitur,
2611 2514 2667 2561 et
2718 2503 2867 2575 quod
2928 2518 3029 2574 per
3075 2501 3297 2557 vascula
3350 2499 3417 2553 ad
3445 2500 3587 2555 utris

1982 2597 2427 2661 similitudinem,
2484 2610 2607 2667 qum
2653 2595 2775 2666 ejus
2804 2592 3154 2651 continenda:
3181 2592 3355 2664 gratia
3388 2600 3586 2646 natura

1978 2690 2288 2755 constituit,
2343 2690 2413 2745 ab
2434 2688 2667 2744 testibus
2717 2688 2774 2742 in
2808 2702 3007 2758 penem
3044 2685 3361 2741 immittitur
3395 2702 3412 2740 :
3460 2684 3589 2739 inde

1977 2794 2110 2835 vero
2133 2779 2302 2834 veluti
2331 2794 2361 2834 e
2386 2778 2558 2834 funda
2600 2778 2745 2849 lapis
2775 2794 2902 2833 cum
2935 2777 3167 2848 spiritus
3195 2778 3401 2848 impetu
3431 2786 3587 2832 extra
3660 2772 3664 2777 ’

1982 2872 2221 2944 prosilit.
2251 2871 2367 2928 Hoc
2393 2873 2698 2943 nutemkob
2726 2887 2847 2927 eam
2872 2887 3038 2942 quam
3070 2872 3226 2942 prius
3251 2870 3588 2925 adduximus

1982 2980 2231 3031 causam,
2272 2964 2527 3028 efﬁcitur,
2579 2972 2699 3020 tum
2736 2964 2887 3034 quod
2936 2972 2993 3019 et
3048 2963 3254 3019 arteria
3306 2963 3424 3047 ipsa
3454 2962 3588 3017 illud

1981 3057 2385 3113 circummittit.
2444 3056 2603 3123 Quod
2654 3070 2788 3111 vero
2844 3071 3035 3112 semen
3085 3055 3240 3125 prius
3290 3050 3362 3109 ad
3422 3065 3589 3122 caput

280 3142 506 3210 feratur,
534 3161 600 3200 ex
635 3146 740 3203 hoc
788 3146 1138 3219 perspicuum
1192 3146 1270 3213 fit,
1311 3148 1465 3218 quia,
1501 3148 1548 3203 si
1581 3147 1709 3219 quis
1748 3163 1871 3219 quae
1900 3165 2062 3207 secus
2086 3166 2251 3206 aures
2273 3151 2590 3206 consistunt
2647 3164 2821 3205 venas
2872 3164 3002 3234 qua:
3020 3147 3295 3203 carotides
3312 3146 3590 3218 appellan-

279 3241 392 3298 tur,
422 3236 623 3306 quibus
650 3238 890 3304 oblaesis,
924 3238 1247 3311 vertiginosi
1287 3254 1353 3295 ac
1376 3238 1585 3311 stupidi
1611 3239 1868 3297 homines
1904 3240 2236 3308 efﬁciuntur,
2287 3240 2619 3313 praescindat
2658 3249 3003 3310 resecetquc,
3048 3238 3257 3295 animal
3288 3240 3584 3310 improlum

277 3331 745 3405 infccundumque
774 3335 1043 3390 redditur.

346 3428 532 3483 Χιτὼν
566 3428 766 3491 δὲ,ἐστι
799 3428 1080 3500 νευρὼδης
1122 3429 1266 3496 δλος,
1319 3430 1403 3495 είς
1446 3429 1507 3486 δν
1556 3431 1864 3504 διέρχονται

2040 3429 2257 3488 Etenim
2278 3430 2491 3497 tunica,
2511 3445 2636 3502 qua:
2653 3428 2944 3487 auxiliaris
2961 3437 3336 3501 nuncupatur,
3351 3446 3587 3503 quaeque

274 3525 345 3582 τὰ
383 3524 486 3593 τῆς
531 3521 700 3591 γονῆς
754 3522 992 3591 ἀγγεῖαο
1032 3522 1329 3593 λεγόμενος
1383 3524 1671 3594 ἐρυτρός·
1729 3524 1876 3581 κατά

278 3616 404 3679 τοὺς
435 3612 719 3686 βουῦὦνας
746 3614 842 3667 καὶ
880 3612 1045 3678 αὐτὸς
1080 3614 1363 3685 κείμενος,
1403 3616 1500 3669 καὶ
1530 3615 1659 3679 τοὺς
1687 3614 1875 3689 δρχεις

278 3707 632 3763 ἀνασαστῶν·
666 3709 762 3760 καὶ
777 3706 895 3760 ἔστι
919 3708 1061 3763 κατά
1090 3708 1190 3780 μὲν
1214 3709 1285 3763 τὰ
1311 3708 1491 3779 κυρτὰ
1511 3708 1621 3764 τῶν
1636 3708 1875 3780 διδύμων

280 3800 375 3854 καὶ
404 3800 737 3871 ἐμπροοῦιν,
761 3801 1037 3864 ἀπδλυτος
1054 3816 1070 3831 ο
1102 3800 1246 3854 κατά
1264 3800 1323 3854 δὲ
1352 3801 1422 3855 τὰ
1440 3802 1599 3856 κοῖλα
1620 3802 1869 3871 ὄπισθεν,

278 3891 692 3965 προσπεφυκὼς
718 3896 831 3956 τοῖς
857 3892 1123 3963 διδύμοις.
1179 3894 1483 3965 Ἀπύφυσις
1513 3894 1574 3949 δέ
1600 3897 1755 3949 ἐστιν
1781 3888 1873 3950 οὖ-

275 4002 370 4051 τος
387 3988 415 4039 ὀ
439 3985 667 4057 ὲρυτρὸς
697 3985 791 4039 τοῦ
811 3985 1162 4057 περιτοναίου
1192 4002 1205 4017 ·
1229 3987 1447 4058 εἴρηται
1473 3986 1530 4041 δὲ
1547 3987 1678 4060 περὶ
1703 3987 1871 4043 αὑτοῦ

276 4074 614 4145 ἔμπροσθεν,
649 4076 732 4129 ὃτι
762 4078 829 4146 τῇ
864 4077 1067 4147 γαστρὶ
1096 4076 1192 4130 καὶ
1221 4078 1337 4141 τοῖς
1372 4077 1618 4149 ἐντέροις
1640 4079 1873 4149 περιτέ-

188 4156 195 4161 ”
274 4185 437 4222 ταται
461 4167 524 4223 ⁸⁸.
576 4166 666 4221 Ἐν
695 4166 752 4220 δὲ
794 4169 906 4230 τοῖς
939 4167 1092 4221 κάτω
1125 4167 1351 4239 μέρεσιν
1372 4169 1540 4223 αὐτοῦ
1574 4186 1721 4235 τινες
1738 4170 1875 4226 ἀπο-

277 4258 470 4331 φύσεις
499 4260 659 4327 είσὶν,
691 4254 803 4314 οἷον
842 4260 1038 4315 κόλποι
1072 4260 1475 4331 βαλαντοειδεῖς
1503 4278 1517 4293 ’
1545 4262 1575 4316 δ
1610 4262 1709 4335 μὲν
1739 4264 1873 4336 περὶ

274 4355 347 4409 τὰ
375 4352 529 4419 δεξιά
550 4354 620 4418 ’⁷,
665 4355 694 4408 δ
731 4353 789 4407 δὲ
826 4354 955 4425 περὶ
997 4353 1067 4409 τὰ
1094 4354 1386 4426 ἀριστερὰ,
1420 4354 1479 4408 ἐν
1530 4349 1611 4421 οἷς
1639 4357 1690 4411 οἱ
1727 4356 1872 4410 δίδυ-

281 4462 372 4517 μοι
394 4446 476 4480 9"
528 4446 734 4501 ἔσωθεν
788 4440 882 4500 οὖν
911 4446 956 4479 ⁹⁹
1010 4448 1091 4511 είς
1158 4446 1389 4512 τούτους
1444 4448 1574 4511 τοὺς
1632 4447 1872 4513 κόλπους

275 4535 614 4605 ἐμϐάλλουσι
654 4534 724 4589 τὰ
779 4534 1049 4607 είρημένα
1106 4537 1465 4609 σπερματικά
1509 4538 1731 4608 ἀγγεῖα,
1769 4540 1869 4593 καὶ

276 4625 573 4697 κομίζουσι
624 4627 740 4689 τοῖς
790 4626 980 4696 δρχεσι
1023 4626 1125 4698 τὴν
1180 4629 1370 4699 γονήν.
1404 4626 1611 4683 Τούτου
1658 4630 1717 4684 δέ
1770 4629 1867 4684 τοῦ

275 4717 532 4791 ἐρυτροῦ,
581 4718 752 4790 ἧγουν
782 4716 880 4773 τοῦ
916 4716 1332 4789 βαλαντοειδοῦς
1371 4718 1621 4789 χιτῶνος,
1653 4721 1717 4775 ἐκ
1746 4720 1869 4791 βίας

1980 3522 2050 3579 ad
2092 3523 2313 3594 inguem
2352 3522 2611 3579 consistit
2635 3536 2702 3577 ac
2731 3530 2902 3577 testes
2935 3523 3084 3593 ipsos
3116 3531 3315 3593 gestat,
3336 3523 3391 3578 in
3418 3542 3585 3594 quam

1979 3614 2235 3687 genitalis
2293 3614 2523 3671 seminis
2564 3613 2792 3671 vascula
2824 3613 3173 3679 deferuntur,
3213 3624 3347 3671 tota
3398 3618 3588 3675 nervis

1976 3707 2158 3764 obsita
2189 3715 2294 3772 est,
2311 3716 2366 3763 et
2386 3708 2504 3777 ipsa
2529 3722 2639 3764 non
2673 3708 2840 3764 modo
2862 3721 3125 3763 convexa:
3145 3706 3370 3764 testium
3394 3724 3589 3779 super-

1977 3801 2141 3869 llciei,
2160 3800 2257 3858 sed
2279 3809 2335 3857 et
2364 3799 2633 3877 anteriori
2654 3797 2977 3855 eorumdem
3008 3799 3148 3870 parti
3171 3800 3433 3856 adharet.
3457 3798 3587 3859 Haec

1976 3893 2125 3950 enim
2149 3891 2440 3948 auxiliaris
2467 3891 2681 3955 tunica,
2701 3890 3075 3963 περιτοναίου,
3090 3890 3198 3947 hoc
3219 3900 3306 3947 est
3325 3890 3585 3947 abdomi-

1977 3983 2067 4040 nis
2084 3997 2376 4055 processus
2396 3991 2519 4048 est;
2552 3980 2655 4036 hoc
2672 3980 2821 4035 enim
2840 3990 2944 4045 est,
2974 3980 3122 4051 quod
3152 3981 3337 4037 alvum
3366 3982 3587 4037 intesti-

1976 4088 2161 4145 naque
2216 4072 2625 4143 complectitur,
2649 4070 2865 4141 eisque,
2900 4070 2980 4125 uti
3014 4072 3170 4141 prius
3217 4072 3585 4138 asscruimus,

1977 4164 2295 4220 obducitur.
2340 4162 2400 4218 In
2444 4162 2569 4234 ejus
2598 4171 2784 4218 autem
2808 4176 2934 4233 qua:
2961 4162 3105 4217 infra
3148 4170 3278 4219 sunt
3306 4164 3583 4235 partibus,

1977 4256 2201 4328 quidam
2233 4271 2548 4329 processus,
2586 4256 2748 4327 quasi
2780 4256 2960 4322 sinus,
3007 4257 3075 4313 ad
3114 4271 3394 4313 crumena:
3424 4259 3587 4314 simi-

1977 4349 2269 4406 litudinem
2308 4349 2607 4416 visuntur,
2646 4344 2937 4419 quorum,
2994 4349 3231 4404 alterum
3283 4350 3509 4421 quidem
3552 4366 3585 4405 a

1976 4445 2170 4502 dextra
2198 4451 2373 4515 parte,
2409 4442 2647 4499 alterum
2676 4456 2810 4497 vero
2840 4457 2871 4496 a
2912 4442 3045 4497 laeva
3080 4442 3135 4496 in
3173 4444 3376 4514 quibus
3417 4451 3585 4500 testes

1974 4523 2332 4593 continentur
2358 4533 2633 4591 consistit.
2672 4532 2733 4588 ln
2770 4534 2941 4605 ipsos,
2978 4535 3228 4605 inquam,
3272 4534 3453 4598 sinus,
3490 4524 3586 4605 ge;

1975 4628 2161 4685 nitalis
2189 4626 2421 4685 seminis
2441 4626 2510 4682 de
2526 4627 2732 4696 quibus
2763 4618 2880 4696 jam
2910 4626 3157 4682 diximus
3188 4642 3319 4682 vasa
3363 4627 3583 4683 extrin~

1973 4736 2137 4777 secus
2183 4719 2505 4788 concidunt,
2537 4727 2594 4776 et
2642 4720 2952 4791 genituram
2986 4718 3056 4773 ad
3095 4728 3264 4775 testes
3302 4719 3581 4776 deferunt.

272 4814 443 4879 τινὸς.
490 4812 524 4884 ἢ
554 4812 779 4885 βάρους.
810 4812 844 4884 ἦ
889 4813 1236 4884 πηδήματοςο
1267 4812 1301 4883 ἢ
1333 4812 1563 4884 δρόμου,
1592 4813 1625 4884 ἢ
1654 4814 1865 4885 φωνῆς.

1981 4810 2112 4868 Cum
2143 4819 2327 4869 autem
2351 4811 2497 4869 hanc
2528 4812 2882 4877 auxiliarem,
2912 4812 3293 4868 crumenalem
3327 4812 3585 4868 videlicet

273 4906 308 4977 ῆ
329 4904 680 4977 πκώματος,
702 4905 1058 4977 ἀνοιγόμενον
1081 4908 1096 4938 ⁸
1124 4906 1189 4960 τὸ
1209 4906 1429 4978 ἔντερον
1447 4908 1527 4971 είς
1549 4907 1646 4962 τὸν
1676 4908 1867 4979 δσχεὺν

273 4998 675 5070 καταφέρεται,
710 4998 802 5053 διὰ
852 4997 914 5051 τὸ
970 4997 1285 5054 ἐπικεῖσθαι
1325 4997 1404 5070 τῷ
1453 4999 1670 5071 ἐρυτρῷ
1698 5015 1714 5032 ο
1765 5000 1865 5055 καὶ

270 5089 488 5159 γίνεται
543 5091 577 5161 ἡ
627 5088 898 5161 λεγομένη
959 5089 1351 5161 ἑντεροκοίλη
1376 5094 1419 5146 ⁸.
1494 5091 1780 5163 Ἔρυτρός
1807 5092 1867 5147 δὲ

270 5182 610 5254 ὠνόμασται,
668 5181 824 5256 παρὰ
869 5182 931 5236 τὸ
976 5180 1166 5255 ἐρύκω
1195 5182 1257 5237 τὸ
1290 5182 1507 5254 βοηθῶ⁶
1570 5186 1637 5239 ἐκ
1670 5184 1866 5239 τούτου

271 5274 472 5348 ἐρυκος
509 5274 718 5345 ὄνομα·
749 5275 847 5330 καὶ
878 5275 1240 5346 παράγωγον,
1276 5277 1509 5348 ἐρυκτὺς
1557 5279 1587 5332 ό
1623 5276 1858 5349 βοηθός·

273 5368 371 5423 καὶ
394 5367 643 5439 ἀποϐολῇ
672 5366 768 5423 τοῦ
796 5385 855 5435 κ,
892 5371 987 5423 καὶ
1014 5368 1311 5445 προσθήκῃ
1329 5371 1350 5403 ⁸
1381 5370 1476 5425 τοῦ
1491 5387 1554 5439 ρ,
1592 5371 1829 5443 ἐρυτρός
1848 5387 1865 5402 ο

246 5498 251 5501 -
275 5458 474 5531 βοηθὸς
496 5459 606 5530 γὰρ
635 5462 731 5515 καὶ
767 5455 925 5525 οὗτος
950 5462 1067 5526 τοῖς
1093 5460 1340 5535 ὄρχεσιν,
1386 5452 1550 5532 εἰπερ
1580 5462 1601 5494 ⁸
1632 5463 1690 5515 ἐν
1715 5459 1865 5533 αὐτῷ

273 5548 618 5622 κρέμανται·
651 5549 686 5622 ἢ
727 5548 936 5615 οὕτως·
962 5550 1151 5623 εὐρὺς,
1188 5550 1440 5623 εὐρυτὸς,
1468 5553 1565 5606 καὶ
1604 5551 1664 5620 ἐξ
1695 5551 1866 5607 αὐτοῦ

369 5688 417 5719 ’⁸
454 5686 632 5759 ,ἔσκεν
685 5705 795 5746 om.
827 5676 932 5745 Ἀ.
986 5693 1008 5743 ἱ

274 5758 323 5793 ’⁸
360 5758 677 5884 σπέϐματος
732 5760 794 5815 Β.
872 5764 919 5795 ’⁵
970 5758 1142 5834 ιμπρ.
1189 5758 1301 5818 aii.
1359 5758 1418 5819 ΒΣ

275 5830 423 5884 μέρη
540 5830 582 5884 C
629 5830 689 5884 Ρ.
764 5833 810 5865 ’⁸
843 5833 1194 5884 περιένονται
1224 5835 1275 5884 οἱ
1334 5834 1415 5884 διδ

272 5830 423 5933 μέρη
460 5830 501 5884 Β
540 5830 582 5885 C
629 5830 689 5885 Ρ.
764 5833 810 5865 ’⁸
843 5849 951 5903 περ

327 5898 615 5933 pum“-..
651 5900 690 5933 Π
794 5902 810 5933 ἐ
848 5904 940 5933 ι-.

327 5898 617 5972 προσθέσει
649 5900 710 5961 Β.
794 5902 810 5937 δ
846 5898 1151 5977 ἐπειδήπερ
1186 5903 1246 5959 Β.

1976 4904 2247 4972 tunicam,
2305 4904 2469 4961 nobis
2498 4904 2707 4974 aliquid
2770 4905 2974 4975 magno
3001 4902 3219 4960 ellicere
3270 4903 3583 4973 molimine,

1975 5006 2071 5054 aut
2097 4996 2313 5070 pondus
2339 4996 2591 5053 attollere
2617 4997 2975 5063 immensum,
3003 4997 3119 5053 sive
3145 4997 3310 5063 saltu,
3334 5007 3429 5052 aut
3455 5013 3587 5052 cur-

1976 5102 2066 5153 su,
2094 5087 2183 5144 vel
2234 5101 2370 5143 voce
2398 5087 2637 5145 alterum
2674 5102 2939 5158 superare
2963 5086 3324 5154 conantibus,
3359 5087 3445 5144 vel
3474 5087 3585 5144 alio

1975 5181 2242 5253 quopiam
2268 5196 2427 5247 casu,
2458 5196 2489 5236 a
2522 5195 2627 5237 suo
2661 5180 2874 5237 moveri
2916 5180 3114 5237 ordine
3144 5179 3465 5252 contigerit,
3500 5180 3586 5235 in-

1972 5273 2318 5339 testinum,in
2334 5274 2510 5331 rivum
2523 5288 2590 5329 eo
2601 5273 2749 5345 quod
2765 5274 3017 5329 auxiliari
3039 5281 3093 5329 tu
3102 5273 3241 5329 nica
3255 5273 3584 5338 acclinatur,

1975 5366 2121 5423 infra
2181 5375 2370 5431 meat,
2436 5366 2581 5422 unde
2635 5366 2850 5423 scilicet
2895 5365 3179 5422 hominem
3242 5365 3584 5423 intestinalis

1978 5459 2142 5531 113
2168 5460 2357 5515 hernia
2396 5459 2626 5516 invadit.
2657 5457 2974 5531 Siquidem,
3016 5459 3206 5515 tunira
3245 5460 3366 5515 bazc
3393 5458 3585 5515 Grece
3684 5492 3689 5501 «

1973 5550 2205 5624 ἐρυτρός
2243 5551 2577 5622 appellatur,
2610 5565 2642 5607 a
2674 5552 2845 5608 verbo
2880 5549 3087 5622 ἐρύκω,
3113 5550 3177 5604 τὸ
3202 5550 3407 5622 βοηθῶ,
3441 5566 3471 5604 a
3505 5550 3584 5607 fc-

986 5693 1018 5765 ᾑ
1062 5708 1182 5760 γεν.
1213 5693 1314 5764 τὴν
1331 5694 1458 5763 ἀρχ.
1486 5694 1611 5749 αὐτ.
1642 5692 1762 5765 ἔσχ.
1842 5690 1889 5765 ⁸ξ
1911 5690 2047 5765 γοῦν
2108 5692 2169 5745 Β.
2248 5691 2419 5765 "sal.
2452 5706 2566 5746 om.
2599 5689 2664 5765 Β.
2741 5690 2785 5723 ’⁸
2816 5689 3022 5765 τοιῷδε-
3041 5690 3099 5742 Β.
3149 5690 3223 5765 __"
3253 5685 3488 5765 πρῶτονΔ

1498 5766 1543 5847 ξ⁶
1586 5758 1805 5847 πρῶτον
1862 5758 1974 5847 Β...
2003 5762 2051 5847 ’ξ
2124 5763 2521 5847 περιτέτταξαι
2546 5833 2556 5847 ‘
2583 5763 2651 5827 Α,
2688 5758 3209 5847 περιτεταμένουθι).
3292 5761 3337 5791 ⁸⁷
3368 5776 3385 5845 ⁸]

957 5828 1275 5906 ιέῇίονταιιοὶ
1334 5834 1434 5889 διδ.
1475 5834 1513 5891 Β
1582 5828 1644 5892 (λζ
1724 5838 1769 5868 ’τ’
1805 5836 1885 5891 έσ.
1927 5834 1987 5889 δέ
2034 5831 2091 5889 υ.
2178 5828 2259 5905 Γῆ
2290 5833 2481 5903 φωνῆς
2534 5828 2897 5906 ἀνοιγομένης
2928 5828 2992 5888 C.
3070 5834 3090 5865 ⁹
3129 5828 3465 5904 ἑντεροκήλη
3506 5832 3573 5883 Α.

3292 5761 3337 5791 ⁸⁷
3368 5758 3440 5811 τὰ
3463 5758 3574 5824 δεξ.
