4204 6438
264 389 407 445 ιειο
1522 385 1609 440 DF.
1656 382 1869 441 ΝᾹΤΕΙ

1981 384 2297 440 uo.\tt.\'ts.
3446 378 3595 443 nso

263 528 441 582 χιονος
482 507 678 561 ὀστοῦν
716 506 863 563 εστιν
896 510 1001 571 ἕως
1059 508 1330 578 ἀγκῶνος·
1389 508 1575 560 ἐκεῖσε
1623 507 1681 559 δὲ
1731 522 1845 575 συμ

1975 505 2181 559 dit-tam
2212 504 2426 567 volunt,
2462 504 2611 574 quod
2641 519 2705 559 ea
2736 520 2862 575 quae
2920 505 3187 568 continet,
3220 505 3356 562 satis
3392 508 3587 561 admo—

265 603 465 675 φύεται
500 603 597 656 καὶ¹
638 604 1050 674 συναρμόζει-αι
1094 603 1173 675 τῷ
1234 605 1439 676 πήχει·
1482 601 1561 673 τῷ
1605 602 1660 655 δὲ
1705 603 1869 672 πήχει

1976 595 2108 649 dum
2136 596 2417 649 recondita
2450 596 2519 649 ab
2549 612 2611 649 ca
2651 596 2925 650 fovemur.
2958 596 3052 651 Vel
3081 596 3229 666 quod
3272 598 3327 651 in
3360 596 3593 668 papillas

260 695 552 762 σόγκειται
595 698 629 766 ἡ
671 697 867 767 κερκὶς
906 697 1120 751 ἀνωθεν
1176 696 1285 760 ἓως
1346 697 1500 749 κάτω
1551 694 1695 767 πρὸς
1742 696 1869 757 τοὺς

1978 687 2217 751 laxatur,
2269 688 2414 757 quod
2456 687 2532 741 illi
2615 690 2695 751 είς
2723 688 2965 757 μασθοῦς
3001 686 3339 758 κεχαλᾶσθαι
3376 690 3591 750 dicunt.

260 782 543 855 καρπούς.

1980 779 2075 835 ubi
2127 780 2416 834 musculus
2470 781 2560 835 ille
2608 780 2949 845 demittitur;
3002 781 3119 835 sive
3179 780 3289 835 ἀπὸ
3345 782 3442 834 τοῦ
3489 800 3595 852 μα-

262 873 479 927 στεύειν
510 892 563 927 τι
595 874 687 926 ὑπ’
720 873 913 945 αὐτῆς,
934 876 1078 944 quod
1104 891 1341 945 querere
1374 873 1582 943 aliquid
1625 872 1721 926 sub
1757 873 1869 940 ipsa

1975 873 2145 927 ’ἐσεῖδε
2186 888 2204 927 :
2236 872 2537 942 siquidem,
2572 889 2699 927 cum
2777 874 3175 929 abstulerimus
3202 874 3489 945 quidpiam
3525 876 3596 929 ab

262 968 473 1039 aliquo,
501 967 756 1021 occulere
792 969 894 1022 sub
946 970 1064 1038 ipsa
1109 968 1373 1025 solemus.
1408 966 1705 1022 Enimvero
1774 965 1984 1019 brachii
2040 982 2104 1021 os
2153 967 2219 1021 ad
2291 967 2477 1020 ulnam
2554 982 2731 1037 usque
2818 982 2989 1021 unum
3042 950 3313 1031 habetur,
3391 967 3594 1023 dehinc

260 1074 390 1114 cum
448 1057 638 1112 cubito
698 1060 1010 1128 copulatur,
1062 1076 1127 1115 ac
1182 1060 1349 1116 simul
1402 1060 1533 1114 coit.
1589 1057 1664 1113 Os
1708 1073 1863 1121 vero,
1927 1058 2076 1125 quod
2146 1057 2285 1112 radii
2332 1059 2564 1115 textoris
2615 1058 3035 1113 similitudinem
3092 1058 3376 1129 exprimit,
3422 1075 3452 1113 a
3488 1075 3588 1113 su-

268 1147 478 1217 periori
510 1157 690 1217 parte,
724 1150 790 1203 ad
824 1150 998 1203 imum
1030 1166 1208 1218 usque
1251 1166 1359 1219 qua
1395 1150 1881 1220 palmaejungitur,
1923 1147 2113 1203 cubito
2146 1150 2408 1203 cohmret.

336 1236 556 1305 Πῆχυς
605 1237 662 1290 δὲ
698 1239 913 1310 εἴρηται
957 1240 1066 1292 ἀπὸ
1100 1239 1195 1293 τοῦ
1246 1241 1563 1312 πεπηγέναι
1616 1240 1777 1310 ἄκρῳ
1801 1237 1869 1309 τίς

2053 1238 2287 1295 Cubitus
2350 1254 2500 1303 vero,
2544 1240 2657 1309 qui
2698 1240 2767 1294 ab
2810 1240 2892 1295 eis
2953 1240 3137 1311 πῆχυς
3203 1241 3431 1307 dicitur,
3484 1244 3597 1297 ἀπὸ

261 1328 547 1403 βραχίονι⁴
580 1331 675 1382 καὶ
713 1332 919 1401 μείζων
960 1333 1060 1403 μέν
1087 1335 1287 1386 ἑστινὸ
1321 1336 1503 1404 πῆχυς
1530 1332 1630 1402 τῆς
1678 1331 1877 1402 κερκί-

256 1421 373 1486 δος.
437 1420 759 1476 ’Υπόκειται
808 1423 868 1477 δὲ
922 1427 951 1477 ὁ
984 1428 1169 1494 πῆχυς
1214 1426 1375 1497 αὐτῇ,
1433 1428 1527 1479 καὶ
1565 1426 1686 1496 ὀχεῖ
1739 1425 1879 1493 πρὸς

259 1514 552 1586 ἀνέργειαν
575 1530 588 1545 ·
623 1514 701 1580 ὡς
737 1514 879 1570 εἶναι
909 1517 1009 1588 τὴν
1046 1520 1145 1587 μὲν
1171 1518 1214 1550 ⁸⁸
1256 1516 1487 1587 κερκίδα
1519 1519 1659 1589 πρὸς
1690 1518 1751 1571 τὸ
1780 1518 1875 1572 τοῦ

258 1606 579 1679 ἀντίχειρος
613 1608 804 1680 μέρος,
843 1610 935 1662 τὸν
984 1610 1040 1663 δὲ
1068 1613 1247 1680 πῆχυν
1273 1610 1411 1682 πρὸς
1445 1610 1508 1662 τὸ
1542 1610 1636 1664 τοῦ
1668 1610 1871 1681 μικροῦ

256 1698 557 1754 δακτύλου.
590 1700 749 1769 Παρά
772 1702 831 1755 δὲ
864 1702 925 1755 τὸ
948 1703 1173 1773 κρέκειν
1195 1704 1261 1769 ⁸⁷,
1293 1704 1320 1756 ὅ
1346 1705 1496 1755 ἐστιν
1527 1704 1703 1772 ⁴ἠχεῖν,
1736 1720 1873 1772 κερ-

257 1792 361 1855 κὶς
388 1790 619 1862 ἐκλήθη.
650 1792 933 1847 Συνδεῖται
956 1792 1013 1846 δὲ
1043 1794 1166 1847 καθ’
1193 1796 1459 1865 ἑκάτερον
1482 1795 1591 1847 τῶν
1614 1796 1873 1866 περάτων

1980 1330 2077 1384 τοῦ
2141 1332 2451 1402 πεπηγέναι
2511 1333 2667 1403 ἄκρῳ
2721 1330 2799 1402 τῷ
2866 1330 3156 1403 βραχίονι,
3222 1332 3351 1388 inde
3408 1336 3598 1404 appel-

1987 1424 2158 1477 latum
2212 1426 2454 1489 diceres,
2504 1424 2654 1494 quod
2708 1434 2959 1479 extremo
3012 1425 3221 1479 brachii
3273 1437 3614 1503 compactns

1987 1514 2080 1568 sit.
2132 1514 2199 1569 Et
2252 1514 2474 1570 cubitus
2518 1516 2775 1585 quidem,
2821 1514 3015 1569 radiali
3076 1530 3201 1570 osse
3261 1516 3442 1585 major
3499 1517 3591 1571 ha-

1980 1605 2164 1671 betur,
2222 1606 2326 1660 sub
2378 1606 2497 1675 ipso
2572 1605 2718 1660 enim
2765 1604 2961 1659 radiali
3004 1619 3153 1671 osse,
3212 1607 3435 1662 cubitus
3489 1616 3594 1672 est,

1982 1697 2064 1751 sic
2116 1707 2176 1751 ut
2212 1697 2320 1752 tale
2348 1711 2434 1762 os,
2502 1696 2734 1767 policem
2785 1702 2982 1751 Versus
3025 1696 3320 1765 dirigatur,
3372 1697 3597 1753 cubitus

1980 1802 2113 1843 vero
2164 1787 2234 1842 ad
2294 1787 2664 1843 auriculart-m
2705 1788 2939 1857 digitum
2973 1788 3177 1842 tendat.
3208 1786 3324 1842 Ηςιε
3354 1804 3597 1860 namque

268 1886 300 1936 ὁ
332 1884 517 1954 πῆχυς
549 1887 614 1955 τῇ
649 1886 863 1957 κερκίδι
914 1887 1236 1957 συνδέσμοις
1278 1888 1557 1959 ἰσχυροῖς·
1603 1888 1664 1940 τὸ
1712 1888 1869 1959 μέσοι

1984 1882 2193 1937 radiale
2211 1897 2296 1947 os,
2318 1884 2535 1954 κερκίς,
2566 1883 2636 1937 ab
2661 1882 2878 1939 edendo
2902 1882 3158 1938 videlicet
3184 1884 3419 1955 crepitu,
3447 1901 3594 1939 nun-

254 1975 319 2029 δὲ
350 1978 499 2031 ἆπαν
541 1977 792 2049 ἀλλήλων
840 1978 1192 2049 διεστήκασι.
1224 1979 1432 2051 Κύκλῳ
1460 1980 1514 2033 δὲ
1544 1980 1756 2034 τούτων
1781 1981 1872 2035 τέ-

257 2082 450 2131 νοντες
502 2068 772 2139 εὐμήκεις
835 2070 975 2139 μετά
1038 2070 1195 2140 μυῶν
1220 2072 1266 2104 ⁴⁸
1327 2072 1715 2143 ὲνειλημμένοι
1772 2072 1873 2145 τὴν

258 2160 586 2229 χεῖρα,·τὴν
627 2162 921 2233 κινητικὴν
967 2162 1203 2234 δύναμιν
1234 2165 1331 2218 καὶ
1372 2166 1661 2235 ἐνέργειαν
1716 2167 1874 2219 ἐκτε-

257 2248 471 2316 λοῦσιν,
510 2252 577 2305 ὶκ
602 2252 786 2325 ψυχῆς
809 2253 1093 2325 δεχόμενοι
1122 2255 1223 2327 τὴν
1252 2258 1456 2329 ὁρμήν.
1491 2259 1727 2329 Εἴρηται
1762 2259 1872 2331 γὰρ

260 2343 360 2396 καὶ
384 2341 428 2375 δ’
465 2344 723 2406 κατόπιν,
751 2346 837 2398 ὅτι
870 2347 971 2398 ὅσα
1004 2345 1095 2399 διὰ
1128 2346 1340 2419 νεύρων
1374 2349 1474 2401 καὶ
1504 2349 1660 2419 μυῶν
1702 2353 1875 2404 κινεῖ-

257 2449 383 2498 ται,
440 2436 621 2489 πάντα
659 2436 873 2507 ψυχικά
907 2437 966 2491 τέ
1002 2438 1145 2503 ἐστι,
1208 2440 1304 2493 καὶ
1340 2440 1484 2495 κατά
1540 2442 1871 2513 προαίρεσιν

258 2525 639 2579 ἀποτελεῖται.

1985 1982 2219 2045 cupatur
2252 1988 2267 2024 :
2300 1973 2576 2044 siquidem
2635 1974 2808 2030 cubiti
2861 1988 2947 2039 os,
3017 1990 3144 2030 cum
3191 1976 3386 2030 radiati
3440 1992 3592 2039 osse.

1984 2069 2237 2138 utrisque
2286 2066 2489 2122 ﬁnibus
2520 2068 2905 2138 terminisque,
2942 2068 3256 2138 ligamentis
3293 2068 3596 2124 admodum

1982 2160 2201 2226 validis,
2229 2159 2548 2230 colligatur,
2587 2159 3002 2230 intercapedine
3042 2175 3194 2225 vero,
3229 2176 3354 2230 quae
3380 2161 3448 2215 de
3480 2177 3598 2215 me-

1980 2250 2074 2306 dio
2119 2260 2224 2318 est,
2275 2252 2346 2305 ab
2399 2251 2634 2306 invicem
2668 2252 2891 2321 penitus
2930 2251 3159 2306 distant.
3196 2248 3366 2306 Tendi
3409 2260 3597 2305 autem

1980 2343 2269 2413 praelongi,
2307 2358 2433 2397 cutn
2492 2342 2762 2398 musculis
2802 2342 2953 2398 circa
2986 2357 3113 2397 ossa
3164 2338 3283 2413 ipsa’
3320 2343 3599 2397 orbicula-

1978 2437 2074 2490 tim
2112 2436 2401 2507 implicati,
2444 2420 2514 2490 ab
2558 2436 2784 2492 animali
2824 2447 2974 2493 motu
3013 2440 3217 2509 impetu
3250 2449 3436 2509 capto,
3474 2454 3598 2493 mo-

1979 2530 2149 2583 tivam
2206 2531 2317 2583 vim
2361 2529 2751 2600 actionemque
2782 2530 3040 2585 manibus
3091 2540 3285 2587 exacte
3317 2532 3590 2602 praebent,

259 2614 400 2670 Nam
441 2631 561 2684 quae
613 2632 642 2669 a
693 2615 877 2671 nervis
916 2617 1315 2688 musculisque,
1377 2626 1439 2673 ut
1482 2620 1747 2685 diximus,
1808 2630 2125 2687 moventur,
2196 2631 2394 2676 cuncta
2441 2621 2765 2677 animalium
2832 2624 3164 2681 facultatum
3208 2634 3361 2691 sunt,
3428 2638 3599 2697 atque
3654 2680 3657 2681 ν

257 2708 329 2763 ad
362 2707 660 2761 voluntatis
691 2715 896 2763 nostra;
918 2709 1212 2763 arbitrium
1248 2712 1627 2781 perﬁciuntur.

332 2800 481 2869 Πρὸς
547 2799 602 2852 δὲ
649 2798 753 2868 τὴν
806 2797 902 2851 τοῦ
954 2800 1247 2872 βραχίονος
1304 2804 1399 2856 καὶ
1447 2802 1545 2857 τοῦ
1599 2806 1869 2876 πήχεοςεο

258 2890 468 2957 ζεῦξιν,
523 2889 956 2959 κατέμπροσοεν
986 2892 1088 2960 τῆς
1114 2894 1323 2962 χειρὸς,
1352 2898 1506 2962 τρεῖς
1549 2896 1868 2968 διέρχονται

256 2982 465 3052 φλέϐες
499 2980 596 3035 καὶ
636 2981 922 3052 ἀρτηρίαι,
956 2982 1095 3053 πρὸς
1123 2984 1256 3047 τοὺς
1305 2984 1730 3056 ῥιζοδακτύλους
1772 2989 1871 3058 τῆς

258 3074 449 3147 χειρδς
499 3072 843 3144 πολυσχιδῶς
888 3075 1402 3145 περαιούμεναι⁸¹·
1454 3079 1488 3149 ἡ
1536 3078 1775 3148 (intrata,
1804 3084 1871 3151 ἣν

256 3167 355 3221 xci.
386 3166 729 3235 κρανιακὴν
779 3166 1017 3237 λέγομεν
1040 3168 1115 3199 ⁵⁸·
1146 3169 1180 3239 ἡ
1216 3170 1357 3239 μέση
1388 3187 1447 3223 τε
1469 3212 1484 3236 ,
1534 3174 1631 3227 καὶ
1674 3173 1702 3244 ἡ
1734 3172 1863 3228 ἔσω.

256 3260 376 3329 Τὴν
400 3259 501 3328 μὲν
555 3252 651 3311 οὖν
687 3256 893 3326 μέσην
926 3258 1162 3313 καθόλου
1196 3259 1496 3330 καλοῦμεν,
1538 3261 1733 3334 ὥσπερ
1766 3264 1868 3336 τὴν

256 3352 373 3405 ἔσω
402 3350 765 3420 σπληνικήν
785 3351 832 3382 ⁵⁸
854 3366 870 3384 ο
901 3349 1041 3422 πρὸς
1074 3351 1140 3421 ἢν
1170 3351 1267 3407 καὶ
1294 3353 1327 3422 ἡ
1356 3353 1599 3425 ἀρτηρία
1633 3356 1864 3424 ἐγγίζει.

255 3443 340 3515 τῇ
368 3438 465 3497 οὖν
522 3442 756 3496 καθόλου
802 3442 963 3510 φλεϐὶ
1005 3441 1199 3515 νεῦρον
1241 3443 1534 3499 ὑπόκειται
1582 3445 1773 3520 ὥσπερ
1796 3452 1864 3520 τῇ

257 3534 539 3605 σπληνικῇ
584 3534 859 3606 ἀρτηρία’
895 3534 992 3587 καὶ
1039 3534 1147 3606 χρὴ
1182 3537 1631 3608 παρατηρεῖσθαι
1660 3541 1870 3605 ταύτας

256 3630 318 3682 ιν
360 3625 440 3695 τῷ
483 3624 885 3695 φλεδοτομεῖνο
928 3625 1039 3697 χρὴ
1069 3625 1128 3680 δὲ
1172 3626 1473 3694 γινώσκειν
1502 3630 1581 3682 ὅτι
1626 3629 1728 3700 τῆς
1766 3631 1867 3702 μὲν

254 3717 561 3787 ἀριστερᾶς
606 3716 792 3787 χειρὸς
842 3716 878 3786 ἠ
933 3716 1044 3770 ισω
1096 3716 1241 3787 φλὲψ
1296 3717 1407 3771 ἀπὸ
1452 3718 1551 3772 τοῦ
1626 3721 1867 3792 σπληνὸς

254 3808 677 3880 ἀφορμάταμδ·
710 3812 811 3880 τῆς
848 3807 1033 3873 δεξιᾶς
1078 3808 1135 3863 δὲ
1169 3808 1282 3863 ἀπὸ
1322 3810 1417 3864 τοῦ
1450 3812 1692 3883 ἥπατος·
1728 3817 1761 3886 ὴ
1809 3816 1868 3869 δὲ

258 3900 405 3970 μέση
457 3901 553 3954 καὶ
591 3900 831 3970 μεγίστη
874 3899 934 3966 ἒξ
978 3900 1302 3971 ἀμφοτέρου
1327 3902 1373 3935 ⁸⁵
1426 3903 1523 3956 τοῦ
1584 3904 1861 3976 σώματος.

255 3990 545 4063 Σχίζονται
575 3992 635 4046 δὲ
667 3987 831 4046 αὗται
862 3992 919 4045 αῖ
944 3992 1098 4062 τρεῖς
1126 3990 1320 4062 ὥσπερ
1353 3992 1505 4045 ἔνδον
1529 3994 1625 4047 τοῦ
1658 3996 1866 4067 πήχεος

255 4085 357 4139 καὶ
396 4085 454 4137 έν
483 4086 597 4147 τοῖς
630 4083 1084 4153 καρποχειρίοις,
1113 4084 1195 4146 εἰς
1230 4083 1429 4148 πολλὰς
1450 4086 1496 4119 ⁸⁸
1537 4087 1631 4139 καὶ
1657 4090 1865 4159 μικρᾶις

254 4174 767 4246 ὲπιμιγνυμέναςδτ
831 4172 1128 4240 ἀλλήλαις,
1181 4171 1326 4226 οὕτω
1380 4173 1474 4227 atati.
1524 4176 1721 4236 ἐκτός·
1784 4180 1866 4241 είς

254 4268 461 4322 ταυτὸν
486 4270 595 4338 γὰρ
629 4266 884 4336 ἔρχονται
922 4264 1217 4333 ἑνούμεναι
1243 4263 1380 4334 πρὸς
1409 4264 1647 4335 ἀλλήλας
1674 4282 1732 4319 τε
1770 4270 1863 4321 καὶ

2056 2799 2133 2855 Ex
2163 2810 2307 2856 ante:
2325 2801 2428 2857 iori
2454 2818 2586 2857 vero
2611 2819 2809 2860 manus
2833 2813 3011 2875 parte,
3044 2806 3111 2861 ad
3137 2821 3259 2862 eam
3283 2824 3406 2878 qua:
3424 2812 3597 2869 cubiti

1974 2902 2029 2946 et
2072 2893 2284 2949 brachii
2312 2894 2769 2952 constitutionem
2793 2907 2899 2962 est,
2933 2908 3043 2954 tres
3068 2881 3241 2965 venite,
3264 2917 3329 2956 ac
3355 2906 3596 2967 arteriae.

1974 3001 2081 3054 qua
2137 2987 2424 3041 brachium
2512 2998 2569 3043 et
2612 2990 2837 3045 cubitus
2898 2992 3252 3061 copulantur.
3320 2996 3596 3053 multiﬁdo

1975 3082 2153 3129 tractu
2205 3076 2511 3143 tendentes,
2563 3080 2630 3133 ad
2674 3079 2979 3150 digitorum
3036 3083 3255 3141 radices
3307 3086 3593 3151 desinunt,

1975 3177 2211 3233 quarum
2258 3166 2421 3236 118
2451 3168 2625 3223 altera
2677 3169 2983 3225 lnnneralis
3018 3181 3125 3237 est,
3170 3189 3335 3241 tutam
3395 3185 3450 3231 et
3472 3180 3593 3233 eal-

1976 3253 2150 3307 valcm
2211 3254 2473 3322 dicimus,
2519 3258 2704 3313 media
2758 3259 2952 3323 altera,
2996 3263 3159 3317 tertia
3216 3264 3449 3321 interior
3484 3279 3592 3325 est.

1970 3340 2108 3397 Nam
2144 3360 2269 3416 quae
2316 3348 2497 3403 media
2516 3357 2633 3411 est,
2660 3351 2992 3406 universalis
3044 3354 3586 3428 appell.ttur,quem-

1971 3434 2271 3491 admodum
2319 3446 2375 3494 et
2399 3440 2489 3494 illa
2522 3457 2649 3511 quae
2712 3442 2947 3498 interior
2974 3454 3078 3510 est,
3116 3446 3332 3504 lienalis
3360 3449 3591 3518 dicitur,

1973 3524 2063 3579 cui
2098 3527 2302 3583 arteria
2323 3529 2488 3584 etiam
2518 3530 2769 3601 proxima
2797 3542 2902 3587 est.
2941 3530 3247 3589 Universali
3269 3536 3416 3591 enim
3436 3553 3594 3594 vena

1973 3630 2207 3681 nervus,
2276 3620 2742 3689 quemadmodum
2809 3622 3031 3687 lienali,
3080 3626 3286 3679 arteria
3353 3627 3589 3695 subest;

1970 3720 2328 3781 quapropter,
2395 3714 2450 3767 in
2507 3729 2659 3768 venat
2718 3714 2967 3771 sectione
3024 3716 3583 3775 animadvertendum

1970 3808 2085 3865 est,
2140 3817 2210 3858 ne
2269 3817 2474 3859 nervus
2536 3803 2655 3874 ipse
2723 3805 3022 3861 incidatur.
3106 3806 3407 3864 Sciendum
3464 3813 3592 3881 qui-

1968 3906 2091 3958 dem
2148 3914 2265 3969 est,
2334 3906 2655 3962 interiorem
2729 3908 2915 3975 Ιιενιε,
2995 3924 3025 3964 a
3085 3911 3317 3966 cerebro
3380 3927 3588 3983 proce-

1970 3994 2191 4049 dentem
2244 3995 2372 4051 lieni
2422 3994 2713 4067 applicari,
2773 3999 3012 4055 dexterae
3065 4015 3196 4057 vero
3246 4016 3276 4055 a
3336 4002 3588 4072 jecinore

1970 4088 2279 4154 praetendi;
2342 4098 2401 4142 at
2449 4089 2650 4152 media,
2720 4104 2845 4159 quze
2905 4093 3145 4147 maxima
3215 4094 3448 4153 habetur
3508 4096 3582 4151 ab

1969 4191 2207 4249 utroque
2261 4198 2495 4253 corpore
2548 4185 2829 4255 dirigitur.
2892 4182 2987 4241 ﬂre
3031 4198 3217 4243 autem
3266 4199 3379 4246 tres
3407 4207 3585 4257 venae,

1968 4271 2039 4325 ab
2094 4271 2357 4329 interiore
2406 4273 2617 4329 brat-hii
2679 4285 2859 4345 parte,
2902 4277 2971 4330 ad
3023 4277 3326 4334 brachialis
3366 4280 3482 4336 loca
3532 4284 3587 4337 in

254 4358 358 4421 τάς
382 4356 554 4411 ἔνδον.
595 4356 965 4421 Ἐκτείνονται
989 4352 1047 4406 δὲ
1067 4353 1175 4407 ὑπὸ
1203 4355 1315 4407 πᾶν
1341 4353 1402 4407 τὸ
1430 4354 1608 4426 δέρμα
1634 4357 1694 4409 τὸ
1718 4360 1863 4413 κατά

253 4450 351 4504 τὸν
379 4448 593 4517 καρπὸν
629 4448 724 4501 καὶ
770 4447 1175 4517 μετακάρπιον,
1224 4446 1477 4512 καὶτοὺς
1518 4448 1860 4514 δακτύλουςο

1966 4364 2237 4434 plurimas
2276 4381 2400 4436 qua:
2446 4367 2613 4421 simul
2661 4368 2970 4423 commistae
3028 4379 3159 4425 sunt
3211 4371 3443 4427 venulas
3482 4372 3589 4427 ﬁn-

1968 4457 2195 4522 duntur,
2234 4456 2309 4511 ita
2354 4464 2409 4512 et
2448 4460 2716 4524 exterius,
2774 4467 2888 4512 tum
2919 4459 3108 4528 simul,
3160 4471 3274 4516 tum
3344 4479 3470 4518 cum
3502 4466 3591 4519 his

254 4542 321 4597 τὸ
343 4542 481 4595 αὐτὸ
526 4541 581 4594 δὲ
625 4542 813 4611 σχῆμα
856 4540 952 4593 καὶ
992 4539 1085 4592 ἐπὶ
1142 4538 1254 4591 τῶν
1283 4538 1466 4592 ποδῶν
1501 4540 1721 4612 εὕροις,
1760 4562 1860 4597 πο-

1975 4564 2093 4618 quae
2125 4551 2194 4601 ab
2223 4549 2469 4603 interiori
2506 4560 2661 4620 parte
2690 4562 2822 4606 sunt
2855 4552 2906 4605 in
2947 4567 3118 4607 unum
3152 4566 3377 4623 coeunt,
3418 4566 3475 4611 et
3502 4556 3590 4612 di-

254 4634 495 4698 λυειδῶς
557 4634 655 4687 καὶ
713 4631 1058 4702 πολυσχιδῶς
1123 4630 1237 4684 τῶν
1303 4630 1413 4684 ἀπὸ
1470 4633 1581 4686 τῶν
1644 4634 1863 4705 νεφρῶν

1975 4641 2253 4696 viduntur.
2288 4642 2507 4697 Eaedem
2540 4641 2689 4697 enim
2725 4644 2831 4697 sub
2872 4653 2982 4698 tota
3016 4656 3166 4711 cute,
3205 4662 3329 4717 qua:
3351 4648 3420 4704 ad
3456 4649 3588 4704 bra-

256 4729 443 4780 έκεῖσε
471 4725 795 4795 φερομένων
818 4723 1034 4793 φλεῦιῖη
1062 4725 1107 4758 ⁸⁸
1140 4726 1584 4796 περαιουμένων.

1975 4729 2172 4794 chialc,
2201 4739 2255 4786 et
2283 4731 2693 4801 postbrachiale
2748 4748 2814 4787 ac
2845 4733 3047 4804 digitos
3075 4747 3181 4803 est,
3228 4738 3585 4808 praetendun-

257 4825 372 4869 tur.
431 4812 690 4867 Eamdem
753 4825 807 4869 et
841 4814 894 4868 in
944 4813 1174 4884 pedibus
1225 4814 1455 4885 ﬁguram
1491 4830 1719 4871 cernere
1764 4827 1868 4885 est,
1905 4835 2032 4875 nam
2066 4830 2121 4877 ct
2151 4823 2206 4877 in
2276 4823 2364 4878 his
2411 4837 2564 4877 vente
2594 4838 2717 4893 quae
2766 4839 2798 4878 a
2830 4825 3060 4881 renibus
3128 4826 3584 4898 proﬁciscuntur,

259 4906 537 4962 multitldo
581 4909 847 4976 varioque
882 4907 1078 4961 ordine
1115 4907 1397 4962 desinunt.
1446 4944 1512 4975 .._._

347 5000 439 5051 Ἐν
474 4992 519 5066 ᾧ
560 4998 655 5059 οῦν
704 4998 938 5070 τελευτᾷ
973 5001 1129 5069 μέρει
1166 5000 1199 5069 ἡ
1235 5000 1431 5070 κερκὶς
1464 5002 1559 5053 καὶ
1604 5002 1633 5054 ὁ
1659 5000 1861 5072 πῆχυς,

2051 4996 2107 5052 1η
2139 4998 2259 5054 loco
2297 4999 2465 5070 igitur
2499 5000 2552 5053 in
2584 5016 2697 5071 quo
2736 5016 2801 5056 os
2837 5001 3047 5058 radiale
3073 5012 3127 5058 et
3151 5003 3441 5063 brachium
3476 5020 3588 5067 ter-

258 5091 322 5145 τδ
359 5088 606 5142 τοιοῦτον
649 5090 881 5157 καρπὸς
918 5091 1209 5145 καλεῖται·
1249 5090 1567 5162 συντίθησιν
1600 5092 1645 5125 ³⁸
1671 5092 1729 5145 δὲ
1771 5093 1865 5146 τὸν

1975 5090 2281 5157 minantur,
2311 5090 2591 5146 brachiale
2620 5101 2730 5157 est,
2752 5092 2901 5162 quod
2923 5090 3099 5149 Graeci
3129 5096 3346 5165 καρπόν
3372 5098 3582 5159 dicunt.

259 5184 479 5254 καρπὸν
518 5183 656 5236 ὀστᾶ
704 5183 798 5235 τὸν
855 5182 1093 5253 ἀριθμὸν
1154 5181 1337 5245 ὀκτὼ,
1370 5184 1465 5237 ἐπὶ
1497 5184 1595 5237 δύο
1644 5185 1869 5256 στίχους

1975 5180 2152 5253 Ipsam
2195 5193 2382 5239 autem
2424 5194 2634 5253 partem
2673 5196 2802 5239 octo
2838 5188 3091 5255 quasdam
3130 5186 3355 5257 gemino
3390 5192 3587 5244 ordino

260 5276 647 5346 συγκείμενα,
695 5275 912 5346 σκληρά
972 5275 1069 5329 καὶ
1126 5274 1321 5345 μικρὰ,
1375 5277 1471 5330 καὶ
1517 5276 1735 5346 ἀμὺελα
1772 5280 1868 5333 καὶ

1975 5286 2287 5331 constructa
2325 5292 2452 5332 ossa
2488 5278 2860 5343 constituunt,
2906 5286 2961 5332 et
2996 5277 3113 5357 haec
3138 5278 3370 5346 quidem
3416 5283 3582 5343 dura.

265 5368 523 5439 πολυειδῆ
544 5407 557 5431 ,
597 5368 743 5422 κατά
772 5368 833 5421 τὸ
862 5368 1051 5439 σχῆμα
1078 5384 1090 5398 ·
1132 5369 1209 5439 πῆ
1246 5367 1349 5439 μὲν
1387 5368 1499 5440 γάρ
1530 5371 1639 5423 είσι
1664 5371 1866 5443 κυρτὰ,

1975 5384 2249 5441 parvaque
2269 5379 2324 5425 et
2344 5371 2595 5425 medulla:
2614 5370 2883 5441 expertia,
2898 5382 2953 5426 et
2973 5370 3357 5441 multiformia,
3380 5374 3589 5432 haben-

259 5461 337 5532 πῆ
381 5461 441 5516 δὲ
472 5461 651 5531 σιμά·
705 5462 804 5515 καὶ
850 5462 931 5532 πῆ
960 5461 1061 5533 μὲν
1113 5460 1301 5525 εὐθέα,
1348 5462 1425 5532 πῆ
1470 5462 1526 5516 δὲ
1570 5465 1865 5535 περιφερῆ.

1975 5474 2066 5518 tur
2098 5481 2112 5517 :
2145 5479 2267 5517 nam
2293 5466 2493 5533 partim
2523 5464 2717 5535 gibba,
2744 5466 2951 5535 partim
2983 5465 3150 5532 sim'a,
3178 5470 3381 5538 partim
3412 5484 3585 5530 recta.

334 5593 383 5622 "
413 5591 514 5671 μὲν
574 5605 719 5671 om._
746 5590 806 5645 Β.
829 5593 932 5671 --δῖ
963 5592 1289 5671 ,κέρκεινΒ
1343 5594 1420 5671 __“'
1452 5594 1594 5671 μετά
1626 5594 1739 5671 τιτιν
1792 5613 1851 5671 μ.
2030 5597 2101 5671 ᾆξ’
2152 5596 2247 5671 κα)
2298 5614 2409 5671 om.
2441 5596 2629 5671 Β.
2690 5599 2914 5671 πήχεως
3084 5600 3165 5671 Αξ¹
3226 5602 3588 5671 πολυσχεδεῖις

258 5662 631 5739 τερεουμεναι
683 5662 724 5713 Β
827 5662 873 5739 "_
916 5662 1261 5739 λέγουσιν
1341 5664 1389 5695 ⁸³
1449 5662 1726 5739 πληνικὴν
1772 5662 1843 5739 AA.
1924 5668 1970 5739 ’ξ
2027 5668 2349 5739 ὲξορμᾶται
2386 5668 2447 5721 Β.
2527 5669 2573 5701 ⁸⁸
2604 5662 2943 5739 ἀμφοτέρων
2995 5669 3101 5725 BC
3134 5670 3193 5725 Ρ.
3268 5672 3317 5705 ⁸⁸
3348 5662 3587 5736 ὼξιτολζ

254 5730 635 5871 afﬁgi-2011'},
682 5736 886 5805 μικραὶ
961 5732 1401 5806 ὲπιμιγνύμεναι
1456 5730 1557 5790 Β.’
1595 5736 1640 5768 ⁸⁸
1680 5730 2206 5807 ’πολυσχεδῶςήτᾶς
2259 5738 2369 5792 ἀπὸ
2416 5756 2467 5793 τ.
2521 5758 2569 5792 ν.
2630 5730 3058 5811 ἐ.’φερομένας
3110 5740 3322 5812 φλέϐας
3380 5730 3419 5797 Ii
3454 5745 3493 5799 tl
3526 5748 3584 5799 Ρ.

2058 5597 2101 5627 δ’
2152 5596 2247 5648 καὶ
2298 5614 2409 5651 οιιι.
2441 5596 2497 5651 Β.
2582 5598 2629 5629 ⁸⁸
2690 5599 2914 5668 πήχεως
2977 5597 3038 5652 Β.
