4178 6440
294 420 434 479 ίΞῦἹ

1551 405 1639 461 DE
1674 400 1964 460 NATURA
2005 390 2309 452 IIOMINIS.

3478 371 3495 421 l
3508 366 3614 427 33:8

298 540 401 596 bus
433 534 781 610 perficiendis
814 542 1041 590 strenue
1103 538 1375 595 utuntur;
1436 526 1582 582 unde
1632 521 2110 581 evidentissimum
2164 518 2555 583 argumentum
2608 502 2863 564 habetur,
2910 499 3193 552 dexteram
3241 492 3377 546 laeva
3431 491 3612 610 pullin-

2409 607 2420 610 _
2627 601 2659 610 ι.
2692 599 2704 610 ο
2944 604 2954 610 .
3100 590 3306 610 I:._._,-..
3344 586 3489 610 2...-..
3542 596 3587 610 ..ι

326 651 415 691 ειη
448 631 772 704 neutiquam
805 644 951 695 esse,
986 629 1401 683 utrusticm'um
1428 624 1655 695 quidam
1689 620 1902 692 opinati
1940 624 2092 676 sunt,
2128 611 2224 667 sed
2261 610 2334 662 ita
2370 607 2443 659 ob

2504 599 2875 657 crmlitionem
2907 604 2962 649 et
3013 590 3309 646 ruditatem
3344 586 3493 655 ipsas
3522 583 3589 635 ha

298 729 567 793 luentium,
594 742 624 781 a
649 727 831 797 primo
853 739 1047 779 earum
1085 721 1381 792 principio,
1405 718 1509 774 sub
1539 718 1641 771 hac
1672 712 2041 786 appellatione
2073 707 2469 761 deiuonstratze
2501 704 2652 751 sunt.

368 819 493 874 Τῶν
546 814 604 871 δὲ
646 816 851 889 χειρῶν
890 814 962 867 τὰ
1006 812 1235 877 ἔσωθεν,
1281 812 1377 864 καὶ
1417 808 1620 880 μᾶλλον
1666 810 1736 859 τὰ.
1786 805 1897 858 τῶν
1928 811 1972 864 Α

294 911 583 967 δακτύλων
632 909 701 963 τὰ
728 908 772 940 ¹⁶
818 906 988 976 ἄκρα,
1042 903 1236 972 ῶσπερ
1278 899 1569 971 γνὼμονὰς
1618 913 1777 960 τινας
1819 896 1901 958 εἰς

293 1002 397 1074 τὴν
432 994 577 1073 ἁφὴν
619 1000 853 1069 ἔχομεν’
906 997 974 1051 δι’
1026 993 1209 1048 αὐτῶν
1263 989 1625 1064 ἁκριὸοῦντες
1664 988 1726 1042 τὸ
1756 986 1901 1038 λεῖον

297 1096 395 1151 καὶ
423 1090 625 1165 τραχὺ,
668 1092 763 1145 καὶ
811 1090 1017 1161 ὁμαλὸν
1054 1088 1150 1141 καὶ
1182 1085 1508 1156 ιῖινὼμτιιλον⁸
1564 1079 1903 1152 ἀκριϐεστά-

298 1204 399 1259 την
450 1186 560 1257 γὰρ
606 1184 720 1254 ἔχει
772 1182 983 1252 ταύτην
1048 1180 1148 1248 τὴν
1234 1177 1492 1246 αἴσθησιν
1552 1175 1663 1227 τῶν
1724 1172 1903 1227 ἄλλων

302 1277 463 1344 ζώων
514 1280 543 1331 6
574 1277 866 1346 ἅνθρωπος
911 1275 976 1326 ³⁷.
1025 1273 1102 1325 Οὐ
1141 1270 1304 1341 μόνον
1346 1268 1458 1338 γὰρ
1513 1263 1907 1337 ἁντιληπτικὸν

302 1371 546 1441 ὄργανον
590 1371 619 1421 6
676 1364 1026 1437 Δημιουργδς
1078 1365 1178 1426 τὰς
1224 1364 1423 1433 χεῖρας
1472 1356 1907 1422 κατεσκεύασεν,

303 1458 447 1512 ἀλλὰ
499 1456 594 1511 καὶ
649 1454 923 1510 ἀπτικόν·
989 1454 1078 1507 διὰ
1126 1452 1291 1505 τοῦτο
1330 1451 1426 1506 καὶ
1481 1450 1660 1521 δέρμα
1708 1447 1908 1501 λεπτό-

304 1568 469 1623 τερον
512 1548 720 1620 έχουσι,
763 1548 861 1601 καὶ
905 1545 1013 1616 μῦς
1041 1547 1238 1609 αὐταῖς
1274 1544 1628 1611 ὑπέστρωται
1664 1540 1867 1595 ἔσωθεν
1891 1556 1907 1569 ·

307 1646 405 1696 καὶ
432 1642 633 1711 τριχῶν
665 1637 984 1709 ἀμοιροῦσι,
1018 1636 1109 1690 ἵνα
1158 1636 1362 1707 μᾶλλον
1388 1635 1499 1687 τῶν
1527 1634 1717 1687 ἁπτῶν
1762 1635 1914 1687 ἀντι-

308 1732 714 1804 λαμὸἀνωνται
743 1731 1002 1800 τάχιστα.
1049 1729 1173 1782 Τῶν
1202 1729 1259 1782 δὲ
1290 1728 1492 1799 χειρῶν
1522 1728 1578 1781 αἱ
1611 1728 1713 1797 μὲν
1748 1725 1916 1795 σκλη-

313 1825 563 1897 ρότεραι,
610 1823 749 1893 πρὸς
794 1810 1085 1893 ἀντίληψιν
1118 1821 1258 1872 εἰσὶν
1306 1818 1682 1889 ἰσχυρότεραι,
1724 1815 1916 1887 ῶσπερ

311 1916 421 1972 τῶν
449 1915 716 1987 γεωργῶν
753 1915 849 1969 καὶ
892 1911 1272 1983 κωπηλατῶνθ
1324 1913 1382 1965 αἱ
1411 1911 1469 1964 δὲ
1522 1908 1917 1980 μαλακώτεραι

316 2010 457 2081 πρὸς
492 2000 591 2079 τὴν
626 2008 771 2078 ἁφὴν
815 2006 1247 2078 ἁκριὸἐστεραι,
1303 2003 1493 2074 ῶσπερ
1533 2004 1587 2055 αἱ
1621 2003 1731 2054 τῶν
1778 2017 1920 2073 γρα-

316 2102 468 2172 φέων
510 2098 544 2170 ἢ
591 2098 699 2152 τῶν
733 2098 990 2170 ῥαπτῶνο
1024 2099 1120 2150 καὶ
1152 2099 1261 2167 γὰρ
1294 2095 1404 2147 τῶν
1438 2093 1671 2164 νεύρων,
1714 2092 1784 2145 τὰ
1821 2093 1921 2162 μὲν

322 2167 543 2263 σκληρά
570 2191 710 2261 πρὸς
734 2167 1003 2260 -κίνησιν,
1031 2187 1101 2241 τὰ
1128 2187 1185 2240 δὲ
1237 2185 1464 2257 μαλακὰ
1496 2184 1634 2256 πρὸς
1670 2183 1925 2254 αἴσθησίν
1960 2167 2000 2223 Β

316 2288 459 2340 εἰσιν
484 2287 529 2318 ¹⁸
563 2284 1003 2356 ἐπιτηδειότερα.
1039 2281 1227 2335 Ταῦτα
1258 2280 1315 2332 δὲ
1350 2281 1446 2333 καὶ
1468 2280 1566 2348 τῆς
1596 2278 1745 2348 ἁφῆς
1776 2280 1926 2330 ἐστιν

324 2384 551 2449 δργανα·
576 2374 665 2429 διὰ
689 2374 799 2445 γὰρ
823 2375 1030 2427 τούτων
1056 2374 1089 2441 ἡ
1116 2371 1217 2441 τῆς
1240 2371 1387 2440 ἁφῆς
1410 2370 1669 2440 αἴσθησις
1692 2369 1925 2437 γίνεται’

322 2469 535 2542 θερμοῦ
580 2468 678 2523 καὶ
704 2466 943 2540 ψυχροῦ,
971 2465 1145 2536 ὑγροῦ
1177 2466 1275 2517 καὶ
1306 2464 1501 2533 ξηροῦ,
1541 2464 1637 2517 καὶ
1668 2461 1777 2516 τῶν
1804 2460 1930 2514 τού-

322 2579 439 2624 τοις
487 2560 796 2631 ἑπομένων.
852 2560 961 2613 Καὶ
1005 2556 1181 2611 ταῦτα
1226 2557 1324 2628 μὲν
1350 2556 1420 2609 τὰ
1455 2557 1520 2609 ἐκ
1550 2546 1927 2623 κατασκευῆς.

324 2655 424 2709 καὶ
471 2652 741 2724 φυσικῶς,
776 2652 872 2705 καὶ
902 2652 990 2705 διὰ
1024 2652 1321 2722 μαθήσεως
1350 2650 1629 2720 προσόντα
1657 2652 1725 2719 τῇ
1748 2649 1928 2720 χειρί·

325 2746 472 2815 ἅπερ
506 2744 562 2799 δὲ
610 2744 1019 2816 ἐκσχετικοῑς¹⁹
1075 2739 1187 2797 οἷον
1213 2744 1445 2812 ἀγάπης
1490 2743 1756 2813 κέκτηται
1794 2744 1933 2813 πρὸς

326 2840 450 2895 ὅλον
494 2839 557 2892 τὸ
612 2838 798 2909 σῶμα,
842 2837 966 2891 οὐδὲ
996 2836 1247 2907 τυφλοῖς,
1285 2838 1313 2890 ὃ
1347 2852 1537 2905 φασιν,
1568 2834 1842 2905 ἠγνόηται
1864 2834 1929 2864 “-

329 2931 713 3005 [προσέπταισε
764 2928 875 3001 γὰρ
910 2930 991 2992 εἰς
1030 2928 1181 2981 λίθον
1215 2930 1243 2981 6
1284 2926 1550 2990 δάκτυλος
1596 2926 1694 2980 τοῦ
1737 2926 1933 2993 ποδό;;

330 3025 427 3080 καὶ
452 3024 591 3095 αὑτὴ
618 3022 782 3086 εὐθὺς
808 3022 1070 3090 ὲρεθεῖσα
1100 3022 1143 3053 ²¹
1170 3022 1289 3074 ἐκεῖ
1319 3018 1741 3089 περιπλέκεται,
1776 3035 1935 3089 περιο

333 3116 599 3188 σφίγγει,
652 3114 1015 3187 περισύρεται
1083 3114 1154 3185 τῷ
1199 3112 1530 3183 ὀδυνωμένῳ
1550 3114 1618 3177 ⁸⁸,
1675 3112 1774 3165 καὶ
1825 3105 1939 3165 οἷον

336 3209 699 3281 ἀσπαζομένη
750 3206 1163 3280 παραμυθεῖται
1213 3205 1313 3276 τὴν
1344 3202 1684 3258 ἐπελθοῦσαν
1718 3203 1936 3275 ὀδύνην.

338 3302 587 3358 ’Δκανθα
634 3301 885 3370 ὲνεπάγη
913 3299 993 3370 τῷ
1036 3298 1192 3363 ποδί;
1230 3300 1326 3352 καὶ
1348 3297 1547 3351 σκόπει
1582 3296 1756 3370 αὐτὴν
1784 3313 1942 3368 περι-

334 3396 646 3468 τρέχουσαν
691 3394 847 3447 ἔνθεν
894 3392 1156 3446 κάκεῖθεν
1176 3391 1248 3457 ⁸³,
1303 3390 1707 3455 ἐξελκύσασθαι
1732 3388 1943 3460 ταύτην

2075 794 2339 850 Interiora
2396 800 2582 844 autem
2616 797 2904 842 manuum,
2939 777 3237 849 digitorum
3273 776 3581 841 prmsctttm

2005 906 2104 946 ceu
2172 898 2478 960 gnomonas
2539 878 2811 950 quosdam
2871 871 2949 927 adv
3006 878 3211 925 tactum
3275 863 3458 921 sortiti
3533 878 3625 914 su-

2007 998 2132 1055 mus
2246 977 2450 1049 quibus
2488 1013 2502 1039 ,
2542 968 2689 1042 quod
2742 966 2917 1027 laeve,
2966 974 3264 1030 asperum,
3304 954 3516 1024 mqnale
3573 963 3621 1001 et

2009 1046 2279 1139 inaequale
2327 1076 2411 1121 est
2461 1071 2718 1118 accurate
2758 1052 3243 1125 deprehendimus.
3295 1046 3471 1100 llonio
3522 1060 3626 1096 au-

2008 1182 2119 1228 tem
2185 1178 2383 1240 praeter
2435 1166 2543 1221 alia
2593 1160 2854 1217 animalia
2921 1156 3015 1211 tali
3074 1152 3326 1209 sensorio
3384 1148 3628 1203 exactis—

2011 1265 2153 1319 sime
2187 1239 2449 1333 pt-aeditus
2488 1263 2592 1311 est.
2640 1251 2760 1307 Non
2805 1248 2970 1305 modo
3033 1255 3217 1301 autem
3267 1258 3450 1298 rerum
3493 1239 3661 1307 Opi-.

2014 1358 2102 1413 fex
2131 1395 2146 1418 ,
2187 1369 2386 1409 manus
2436 1352 2605 1420 ipsas,
2640 1348 3071 1402 instrumentum
3135 1340 3202 1392 ad
3272 1352 3364 1392 res
3404 1334 3631 1403 capien-

2015 1449 2136 1513 das,
2169 1458 2362 1498 verum
2404 1444 2571 1496 etiam
2605 1438 2673 1492 ad
2706 1443 2888 1491 tactus
2920 1446 3082 1487 usum
3103 1471 3117 1496 ,
3147 1426 3481 1485 constituit,
3529 1424 3630 1475 hac,

2016 1541 2084 1595 de
2111 1552 2302 1599 causa.
2328 1536 2461 1606 ipsis
2482 1532 2682 1587 exilem
2708 1539 2915 1594 cutem,
2942 1523 3361 1591 musculosque,
3393 1518 3625 1572 interim

2018 1627 2449 1701 superinduxit;
2488 1638 2650 1694 quam
2704 1629 2919 1691 partem
2955 1617 3083 1688 pilis
3128 1616 3292 1669 etiam
3338 1620 3622 1666 vacantem

2018 1738 2143 1779 esse
2177 1719 2373 1782 voluit,
2404 1731 2518 1787 quo
2549 1713 2963 1785 quamprimum
2993 1707 3174 1763 omnis
3203 1704 3363 1775 123
3411 1702 3629 1773 generis-

2020 1832 2112 1871 res
2158 1808 2651 1883 deprehenderent.
2708 1804 2993 1875 Siquidem
3060 1815 3259 1855 manus
3306 1815 3428 1869 qua-
3473 1813 3605 1865 aspe

2022 1909 2200 1963 riores
2243 1913 2398 1968 sunt,
2439 1910 2496 1955 ut
2533 1898 2906 1970 agricolarum
2936 1912 3003 1951 ac
3033 1895 3340 1963 remigum,
3378 1889 3638 1945 fortiores

2024 2008 2438 2075 validioresque
2481 2003 2779 2068 habentur,
2814 2000 2867 2055 in
2900 2008 3053 2052 tactu
3086 2010 3216 2050 vero
3244 1993 3518 2057 tardiores
3547 1992 3641 2045 he-

2026 2104 2400 2171 betioresque.
2436 2096 2570 2165 Qum
2600 2110 2731 2150 vero
2754 2092 3058 2159 molliores,
3088 2090 3280 2160 quales
3304 2086 3639 2157 scriptorum

2032 2219 2440 2275 sulorumque,
2472 2202 2770 2257 debiliores
2824 2206 2993 2264 sunt,
3044 2212 3111 2252 ac
3173 2206 3318 2251 tactu
3365 2194 3645 2249 cxaetiore

2032 2310 2285 2355 utuntur.
2323 2294 2432 2349 Sed
2463 2302 2517 2348 et
2548 2291 2700 2347 nervi
2742 2289 2992 2360 quidam,
3028 2287 3082 2341 in
3122 2297 3272 2340 motu
3308 2283 3641 2346 asperiores.

2034 2394 2089 2447 in
2126 2406 2296 2447 sensu
2332 2403 2463 2443 vero
2500 2385 2786 2439 molliores
2827 2389 2988 2446 sunt;
3027 2390 3082 2435 et
3123 2379 3217 2449 qui
3262 2379 3457 2433 molles
3488 2388 3640 2434 sunt.

2039 2487 2105 2541 ad
2145 2494 2350 2539 tactum
2396 2478 2571 2551 magis
2606 2472 3131 2536 accommodantur,
3184 2471 3417 2540 illosque
3466 2480 3646 2522 ιαοιιιες

2034 2592 2159 2633 esse
2194 2576 2559 2630 instrumenta
2598 2569 2857 2624 dicimus.
2893 2564 3102 2620 Horum
3144 2578 3390 2633 namque
3443 2563 3649 2617 instru-

2035 2681 2348 2725 mentorum
2378 2664 2578 2730 olIicio,
2604 2661 2841 2719 calidum
2874 2674 2939 2715 ac
2962 2654 3246 2728 frigidum,
3279 2650 3573 2709 humidum
3598 2664 3654 2707 et

2037 2764 2271 2824 siccum,
2305 2768 2360 2815 et
2385 2774 2509 2829 quze
2539 2757 2643 2811 ista
2680 2763 3017 2824 sequuntur,
3068 2765 3167 2820 per
3197 2761 3423 2803 sensum
3448 2754 3654 2801 ‘tartus

2038 2853 2449 2925 cognoscimus.
2494 2847 2563 2902 Et
2611 2848 2729 2902 lucc
2784 2842 3009 2915 quidem
3069 2850 3203 2896 sunt
3248 2856 3371 2911 qum
3404 2855 3431 2893 a
3480 2839 3655 2908 ptima
3698 2860 3713 2875 α

2040 2942 2463 3005 constitutione,
2496 2948 2698 2993 natura
2726 2944 2783 2990 et
2807 2933 3101 3003 disciplina
3126 2932 3386 2986 manibus
3416 2930 3549 2999 ipsis
3580 2929 3659 2981 in-

2042 3045 2190 3092 sunt.
2224 3032 2357 3098 Quae
2386 3046 2519 3084 vero
2552 3030 2620 3082 ad
2662 3035 2839 3081 losum
2870 3038 3097 3093 corpus,
3126 3031 3381 3091 respectu
3413 3018 3656 3090 quodam

2042 3125 2303 3181 manibus
2338 3122 2571 3185 insunt,
2603 3134 2766 3187 quem
2801 3130 3046 3171 amorem
3083 3123 3232 3168 recte
3266 3113 3529 3182 appellari
3558 3112 3659 3167 de~

2044 3225 2155 3282 cet,
2198 3231 2269 3270 ne
2306 3228 2491 3269 rerum
2522 3211 2748 3281 quidem
2784 3218 2998 3263 natm-ae
3024 3207 3251 3277 ignaros
3290 3206 3442 3259 latet.
3496 3203 3658 3268 Nam,

2046 3321 2174 3361 cum
2209 3304 2366 3375 pedis
2396 3302 2632 3369 digitum
2680 3300 2733 3352 in
2783 3297 3022 3362 lapidem
3074 3293 3302 3366 impingi
3350 3282 3657 3366 contingit.

2047 3406 2184 3451 tunc
2236 3396 2479 3465 primum
2537 3407 2738 3446 manus
2792 3388 2993 3445 ibidem
3039 3404 3362 3452 occurrens,
3416 3390 3662 3457 complc-

338 3488 776 3553 σπουδάζουσαν.
824 3486 1021 3540 trem
1037 3486 1081 3516 “
1108 3492 1209 3554 τὴν
1238 3483 1487 3553 κεφαλὴν
1531 3483 1742 3553 ἓδηξεν,
1770 3482 1804 3553 ἢ
1842 3482 1937 3553 τὴν

2054 3489 2276 3555 ctendo,
2304 3486 2654 3557 fovendoque
2674 3484 2885 3540 doloris
2920 3483 3103 3538 locum
3139 3479 3306 3539 solari
3352 3483 3568 3537 nititur.
3604 3482 3662 3538 Si

343 3580 666 3654 ρἀιν;καὶ
716 3577 856 3650 μετὰ
912 3578 1197 3640 συντονίας
1242 3575 1382 3647 πρὸς
1437 3574 1655 3645 ἄμυναν
1714 3574 1941 3646 ἔδραμε.

340 3672 456 3727 Καὶ
482 3670 826 3737 ἁπαξαπλῶς
865 3670 1050 3722 πᾶσαν
1076 3668 1271 3739 ὀδύνην
1313 3667 1452 3722 ὅλων
1489 3665 1722 3721 τῶν,τοῦ
1756 3666 1946 3738 σώμα-

340 3780 435 3827 τος
454 3763 500 3796 ⁸⁸
530 3762 735 3833 μορίων
787 3761 877 3816 διὰ
910 3761 1012 3831 τῆς
1064 3762 1211 3833 ἁφῆς
1258 3760 1435 3830 αὐτῆς
1466 3759 1562 3814 καὶ
1600 3760 1947 3832 περιπλοκῆς

346 3855 769 3924 καταπραΰνει·
828 3852 1073 3908 τοσαῦτα
1142 3854 1282 3925 αὐτῇ
1351 3855 1789 3926 προτερήματα,
1850 3856 1947 3910 καὶ

344 3948 656 4019 ινεργείας,
688 3948 784 4001 καὶ
813 3948 1175 4019 εὐστροφίας,
1211 3946 1347 4017 πρὸς
1390 3947 1754 4019 παραμυθίαν
1784 3948 1947 4019 ἡμῶν

347 4044 444 4096 καὶ
486 4042 713 4112 ἑτέρων,
759 4043 793 4112 ἡ
833 4042 902 4094 τὰ
949 4040 1251 4109 σύμπαντα
1300 4039 1668 4111 οἱκονομοῦσα
1714 4042 1949 4113 πρόνοια

349 4134 669 4204 ἐχαρίσατο,
713 4132 791 4196 ὡς
839 4131 978 4203 μηδὲ
1010 4130 1191 4203 ῥᾴδιον
1222 4132 1497 4202 ἐφευρεῐν,
1544 4130 1746 4203 ἢκατὰ
1782 4133 1950 4204 μέρος

351 4223 685 4291 ἐπεξελθεῖν.

2053 3595 2187 3636 vero
2221 3596 2319 3651 pes
2370 3578 2526 3650 spina
2579 3576 3007 3648 compungitnr,
3058 3590 3259 3629 manus
3307 3574 3426 3645 ipsa
3476 3577 3663 3631 solerti

2057 3686 2225 3745 atque
2253 3682 2485 3727 actuoso
2530 3680 2685 3726 motu
2732 3685 2857 3725 sese
2901 3669 3112 3724 circum
3154 3668 3399 3738 undique
3431 3669 3665 3738 agendo,

2054 3766 2293 3821 educere
2326 3764 2475 3818 illam
2507 3760 2729 3831 satagit;
2761 3760 2807 3815 si
2833 3758 3058 3831 quando
3082 3756 3247 3828 capiti
3276 3768 3469 3813 nostro
3516 3760 3670 3829 pedi-

2057 3858 2249 3924 culus,
2309 3857 2426 3911 sive
2459 3855 2629 3910 dorso
2664 3854 2830 3925 pulex
2866 3850 3121 3909 aculeum
3196 3850 3439 3907 inﬁxerit
3466 3894 3479 3919 ,
3529 3854 3671 3908 ulci-

2055 3948 2245 4004 scendi
2272 3947 2394 4018 ejus
2410 3946 2583 4019 gratia
2609 3960 2807 4000 manus
2829 3944 3089 4000 ocissime
3107 3941 3367 3998 fertur.ln
3392 3959 3669 4000 summam

2060 4050 2246 4097 autem
2297 4040 2591 4095 dicendum
2644 4047 2751 4103 est,
2794 4039 2943 4108 quod
2988 4050 3381 4107 quamcunque
3421 4038 3674 4104 corporis

2059 4134 2239 4191 nostri
2286 4141 2497 4203 partem
2526 4170 2541 4195 ,
2594 4131 2680 4185 vel
2735 4130 3062 4200 perspicuo,
3116 4129 3200 4185 vel
3247 4130 3436 4185 abdito
3482 4130 3676 4185 dolore

2060 4229 2238 4299 premi
2297 4224 2623 4293 contigerit,
2664 4238 2865 4279 manus
2913 4223 3068 4293 ipsa,
3103 4222 3271 4287 hinc,
3321 4223 3450 4279 inde
3495 4224 3675 4279 locum

352 4320 765 4392 pertractanda,
827 4321 1084 4375 nonnihil
1131 4322 1255 4392 epis
1307 4322 1504 4378 afferre
1550 4324 1753 4389 studet,
1810 4324 2084 4395 siquidem
2128 4325 2338 4381 summi
2407 4322 2695 4377 Creatoris
2754 4321 3129 4392 providentia,
3184 4322 3438 4378 omnium
3504 4325 3677 4378 actin-

354 4433 511 4483 num,
535 4433 600 4473 ac
633 4418 934 4487 cujuslibet
965 4419 1369 4473 accommodati
1402 4429 1608 4486 motus,
1628 4421 1692 4475 ad
1714 4422 1963 4476 solamen
2005 4430 2121 4477 tum
2151 4421 2483 4487 nostri,tum
2518 4417 2756 4474 aliorum
2784 4416 3061 4483 facientis,
3110 4416 3392 4488 primitias
3419 4420 3678 4476 manibus

353 4511 550 4584 largita
566 4522 682 4577 est,
702 4511 777 4565 ita
798 4518 859 4565 ut
876 4526 987 4566 non
1007 4509 1167 4566 facile
1193 4511 1597 4583 sitsingillatim
1620 4515 1805 4569 omnia
1841 4530 2185 4586 percurrere.

608 4626 751 4693 Κεφ.
794 4623 1081 4679 ΚΗ¹-ΚΘ’.
1118 4655 1187 4666 --
1221 4625 1364 4693 Περὶ
1402 4626 1614 4696 μηρῶν
1645 4630 1710 4682 ⁸⁸.

427 4743 631 4795 Σκόπει
674 4741 729 4793 δὲ
770 4740 911 4809 μετὰ
940 4740 1042 4804 τὰς
1080 4744 1300 4810 χεῖρας,
1352 4740 1450 4794 καὶ
1484 4744 1595 4795 τῶν
1630 4742 1812 4797 ποδῶν
1854 4742 1957 4815 τὴν

358 4836 732 4905 κατασκευὴν,
759 4836 855 4887 καὶ
877 4834 978 4897 τὰς
1012 4834 1281 4905 ἁρμονίας
1301 4834 1513 4887 τούτων
1530 4834 1625 4887 καὶ
1647 4834 1955 4903 ἐνεργείας·

359 4928 479 4992 πῶς
527 4926 897 4997 μεταϐατικὸν
927 4925 1163 4995 ὄργανον
1205 4924 1301 4979 τοῦ
1346 4921 1550 4989 παντὸς
1596 4925 1886 4996 σώματος,
1925 4927 1958 4997 ἡ

362 5018 528 5091 φύσις
559 5022 592 5089 ἡ
629 5018 963 5088 δημιουργὸς
988 5018 1033 5048 ⁸⁷
1066 5018 1267 5081 αὐτοὺς
1303 5018 1657 5087 ἐτεχνάσατο.
1691 5019 1805 5073 Καὶ
1839 5018 1960 5083 πῶς

362 5112 464 5184 τὴν
505 5112 648 5165 κατὰ
683 5107 791 5163 τῶν
841 5110 1023 5163 τόπων
1044 5109 1091 5141 ’⁸
1127 5109 1346 5180 κίνησιν
1388 5109 1477 5163 διὰ
1519 5109 1729 5163 τούτων
1770 5111 1961 5164 ποιού-

368 5203 542 5276 μεθας
573 5204 670 5255 Διὰ
699 5203 800 5273 τῆς
833 5202 958 5257 καθ’
989 5202 1168 5274 ὁρμὴν
1191 5204 1236 5235 ’⁸
1284 5203 1577 5274 κινήσεως,
1627 5204 1748 5274 ἦτοι
1788 5220 1961 5274 μετα-

365 5296 618 5365 σατικῆς.
686 5291 843 5348 Ἐστι
898 5294 956 5349 δὲ
1009 5293 1354 5366 μεταϐατικὴ
1409 5292 1640 5365 κίνησις-
1660 5296 1771 5349 τῶν
1824 5297 1963 5349 ὅλων

364 5386 460 5442 τοῦ
483 5387 529 5419 ³⁸
554 5385 810 5457 σώματος
838 5387 1023 5459 μερῶν
1047 5385 1170 5439 καθ’
1194 5386 1372 5460 ὁρμὴν
1399 5389 1728 5459 γινομένων⁸
1755 5389 1966 5460 κατάρ-

366 5496 557 5549 χοντος
590 5479 690 5549 μὲν
712 5479 807 5532 τοῦ
847 5479 1208 5551 ἡγεμονικοῦ,
1240 5480 1650 5553 ὑπηρετοῦντος
1678 5481 1735 5534 δὲ
1774 5480 1868 5535 τοῦ
1904 5483 1963 5533 ὲν

444 5637 491 5709 ξε
513 5638 717 5709 sicut.
752 5636 814 5693 Β.
894 5639 936 5669 ¹⁷
961 5640 989 5691 6
1019 5638 1178 5709 ἄνθρ.
1213 5658 1264 5695 τ.
1299 5641 1419 5695 ἀλλ.
1450 5639 1499 5705 ζ.
1531 5642 1593 5695 Β.

1676 5644 1719 5675 ’⁸
1755 5644 1895 5695 εἰσὶν
1925 5658 2034 5694 om.
2064 5641 2125 5695 Β.

2332 4630 2467 4699 Cap.
2505 4625 2955 4682 XXVIII-XXIX.
2982 4654 3055 4667 —
3085 4626 3161 4681 De
3190 4628 3435 4697 pedibus.

2128 4746 2235 4801 Sed
2280 4761 2310 4801 a
2357 4754 2468 4801 tam
2507 4745 2658 4799 vario
2678 4759 2956 4801 manuum
2992 4759 3178 4815 opere,
3213 4745 3278 4798 ad
3315 4743 3516 4815 pedum
3551 4761 3679 4801 cer;-

2070 4837 2435 4899 stitutionem,
2464 4845 2518 4890 et
2569 4834 2875 4890 concinnas
2927 4834 3224 4889 admodum
3287 4836 3681 4906 oﬂiciosasqu:

2070 4930 2317 4985 actiones
2364 4926 2798 5001 considerandas
2824 4938 3201 4995 transeamus;
3240 4945 3482 4999 quonam
3520 4942 3682 5001 parto

2073 5038 2259 5077 rerum
2294 5021 2475 5091 opifex
2504 5022 2672 5091 pedes
2698 5022 2848 5091 ipsos
2872 5022 3303 5077 instrumentum
3337 5024 3403 5077 ad
3431 5027 3683 5094 corporis

2075 5114 2371 5171 transitum
2434 5114 2747 5185 delegatum
2796 5114 3170 5169 constituerit.
3205 5113 3345 5169 Tum
3400 5119 3681 5187 quomodo

2074 5205 2273 5261 horum
2321 5203 2500 5261 cilicio
2525 5204 2630 5259 loci
2664 5204 3027 5259 mutationem
3055 5217 3205 5260 motu
3246 5208 3517 5263 transitus
3567 5224 3695 5278 per-

2074 5297 2311 5365 agimus.
2333 5294 2469 5350 Nam
2497 5296 2766 5350 transitus
2789 5296 3106 5366 motus,qui
3140 5296 3192 5349 in
3224 5298 3484 5353 omnibus
3511 5299 3682 5355 totius

2078 5391 2329 5461 corporis
2359 5389 2612 5460 partibus
2636 5397 2743 5453 est,
2773 5404 2902 5443 eum
2947 5388 3155 5458 impetu
3195 5389 3286 5451 fit,
3322 5389 3377 5443 in
3408 5405 3521 5459 quo
3559 5392 3681 5445 olli-

2075 5480 2186 5547 eio,
2218 5481 2543 5551 principalis
2574 5479 2772 5534 anima:
2805 5483 2980 5550 partis
3014 5480 3099 5534 vis
3144 5483 3491 5537 dominatum
3541 5485 3679 5539 Obli-

2232 5643 2645 5713 l’_éxaxsrtx'ﬁ;
2819 5643 2883 5713 ἐκ
2924 5640 3164 5713 σχέσεως
3212 5642 3333 5713 ἦτοι
3380 5643 3438 5708 ἐξ
3476 5644 3547 5711 ἀγ
3626 5646 3684 5700 Ρ.

443 5707 687 5783 δριᾲλτῆς-
716 5700 1156 5783 καταμηνύσεως
1188 5711 1281 5765 τοῦ
1318 5700 1471 5777 νοὸςξ
1503 5715 1629 5768 add.
1664 5714 1720 5767 Β.
1800 5715 1842 5744 ’⁸
1888 5713 2178 5783 εὑρεθεῖσα
2208 5712 2248 5764 Β
2272 5711 2338 5766 Ρ.
2488 5700 2799 5781 ὀδυνομένῳ
2830 5710 2891 5765 Β.
2960 5700 3017 5743 ’ί³
3048 5700 3165 5767 sui):
3200 5700 3332 5780 κάκ.
3368 5700 3592 5783 πέριτρ.
3627 5716 3686 5770 il.

374 5780 421 5850 ’ξ
452 5777 617 5850 ψίλλη
652 5779 713 5833 B.

807 5781 854 5855 '_'
888 5796 1021 5855 πασ.
1062 5782 1161 5855 ἑὸδ.
1206 5784 1308 5855 τὴν
1337 5801 1542 5853 τ.σωμ.
1582 5784 1661 5837 ὀλ.
1698 5801 1825 5851 μορ.
1868 5781 2122 5855 φανερῶν

372 5847 465 5923 ³τὴ
487 5847 618 5923 δημζ
652 5865 777 5921 φιθσ.
817 5849 877 5907 Β.
955 5852 1003 5886 ⁸⁸
1019 5853 1130 5907 τῶν
1157 5847 1343 5907 τόπων
1372 5855 1433 5908 Α.
1464 5847 1607 5908 κατὰ
1653 5847 1818 5908 τὸτὸν
1866 5847 1903 5907 Β
1941 5856 1998 5909 ι’.

2154 5784 2185 5853 ἢ
2227 5781 2492 5850 ἁσφανῶν
2528 5783 2585 5835 Β.

2684 5782 2730 5813 ²⁶
2769 5784 2846 5836 sic
2872 5781 3011 5836 Cod.
3051 5787 3115 5837 Λ.
3163 5787 3292 5853 περὶ
3332 5781 3592 5843 Ποδῶνί.)
3632 5787 3689 5840 l'.

2079 5856 2122 5884 "
2157 5853 2281 5907 καθ’
2320 5855 2462 5925 ὁμὴν
2497 5855 2560 5910 Α.

2640 5853 2685 5884 ⁸⁰
2727 5853 2821 5906 τοῦ
2869 5853 2996 5907 ὅλον
3050 5853 3113 5907 C.
