4178 6440
239 443 261 500 f
272 443 378 504 289

1485 432 1578 489 DE
1613 432 1902 490 NATURA
1943 429 2255 488 IIOMINIS.

3405 422 3549 476 H70

232 561 292 616 δέ
322 560 446 616 καθ’
479 559 703 630 ἑαυτήν.
741 555 852 611 Καὶ
889 554 1033 624 αὕτη
1067 553 1178 624 γὰρ
1210 551 1402 622 ὥσπερ
1433 552 1528 605 καὶ
1557 551 1618 605 rb
1649 552 1830 622 δέρμα

1944 559 2036 605 est.
2097 549 2216 620 Ipsa
2280 549 2426 603 enim
2502 547 2818 603 musculosa
2881 560 3011 602 cum
3067 543 3247 609 fibris,
3316 541 3553 613 quibus-

235 652 473 707 καθόλου
501 650 597 704 τοῦ
633 647 893 720 σώματος
927 646 1184 716 ἧπλωται
1207 661 1221 676 ·
1260 645 1350 698 ἵνα
1378 644 1476 697 καὶ
1500 643 1597 696 τοῦ
1636 642 1832 714 θέρους

232 743 492 814 ἀναψύχει
521 741 582 795 τὺ
617 740 758 805 ζῶον
780 779 795 804 ,
836 736 1017 792 νοτίδα
1046 735 1414 805 ἐκπέμπουσα
1440 731 1647 787 ἔσωθεν
1675 746 1689 761 ·
1738 733 1834 785 καὶ

231 833 510 906 χειμῶνος
555 831 614 885 δέ
642 829 744 901 τὴν
772 827 885 882 τῶν
915 825 1160 898 πιλητῶν
1188 825 1378 896 είρίων
1407 823 1597 886 αὐτοῖς
1640 821 1834 893 χρείαν

233 925 456 996 παρέχῃ
471 925 515 976 ⁸.
543 921 706 991 Σὰρξ
753 920 810 975 δέ
853 920 1072 991 εἴρηται
1105 918 1258 989 παρά
1283 916 1344 971 τὸ
1395 914 1660 986 σύρεσθαι
1688 915 1732 946 ¹⁶
1771 914 1834 966 τὸ

233 1016 416 1085 δέρμα
449 1015 546 1067 ἀπ’
593 1012 788 1084 αὐτῆς.
840 1012 917 1067 'l‘b
943 1011 1001 1065 δέ
1041 1010 1229 1080 δέρμα
1268 1008 1462 1081 ὥσπερ
1501 1008 1684 1078 τέρμα
1735 1005 1832 1060 τοῦ

236 1106 535 1175 σώματος,
585 1103 790 1171 ἔξωθεν
827 1099 1191 1172 ἐπιϐέϐληται
1232 1100 1398 1154 παντὶ
1444 1096 1524 1168 τῷ
1571 1096 1789 1166 σώματι
1816 1112 1832 1129 ·

233 1192 410 1267 ἢοῖον
459 1195 714 1267 δέρμαίί,
766 1195 826 1247 τὸ
884 1191 1219 1263 συνισχηκδς
1253 1191 1315 1245 τὸ
1361 1190 1524 1261 σῶμα
1557 1193 1656 1242 καὶ
1705 1205 1834 1241 συν-

231 1282 506 1354 δεσμοῠν·
537 1282 569 1352 ἢ
603 1276 718 1336 οἷον
742 1281 940 1354 δέρμα,
957 1281 1109 1353 παρὰ
1139 1281 1202 1333 τὸ
1234 1279 1600 1351 ὰποδέρεσθαι
1631 1281 1709 1344 ὡς
1741 1279 1835 1333 ἐπὶ

233 1373 348 1427 τῶν
381 1372 539 1439 ζώων
565 1391 580 1404 ·
612 1373 646 1444 ἢ
669 1367 783 1426 οἷον
814 1371 1008 1444 δέμας,
1048 1372 1138 1426 δια
1163 1372 1226 1425 τὸ
1253 1371 1349 1426 καὶ
1377 1371 1441 1425 τὸ
1472 1370 1635 1442 σῶμα
1660 1369 1836 1434 οὕτως

235 1459 548 1524 καλεῖσθαι,
575 1462 659 1516 ὅτι
682 1461 881 1533 δεσμός
904 1462 1022 1515 ἐστι
1043 1461 1145 1530 τῆς
1165 1460 1371 1531 ψυχῆς,
1412 1459 1446 1532 ἢ
1480 1459 1836 1531 περιδὸμημα

235 1553 413 1624 αὐτῆς
459 1555 554 1610 καὶ
582 1554 929 1626 οἰκητήριον.
976 1554 1183 1625 Χρείας
1218 1554 1274 1607 δέ
1317 1553 1488 1625 μόνης
1518 1553 1683 1607 ἕνεκα
1705 1555 1749 1584 ¹¹
1775 1551 1837 1605 τὸ

232 1644 420 1714 δέρμα
458 1643 754 1715 γεγένηται
778 1645 836 1697 ἐν
861 1643 940 1715 τῷ
974 1643 1225 1714 σώματι,
1259 1644 1356 1698 καὶ
1385 1632 1486 1698 οὐκ
1524 1644 1833 1716 ἐνεργείας.

234 1734 380 1790 Οὔτε
423 1736 535 1806 γὰρ
580 1737 720 1807 πρὸς
758 1737 947 1807 πέψιν,
977 1735 1104 1791 οὔτε
1133 1738 1197 1769 ¹²¹
1248 1737 1385 1808 πρὸς
1425 1738 1834 1809 ἐξαιμάτωσιν,

234 1823 363 1877 οὔτε
391 1823 530 1896 πρὸς
552 1825 808 1880 ἀνάδοσιν
829 1827 1058 1898 τροφῆς,
1086 1826 1212 1881 οὔτε
1240 1828 1460 1897 κίνησιν
1485 1827 1608 1882 καθ’
1629 1827 1832 1900 ὁρμὴν,

1936 642 2062 697 dam
2100 641 2154 696 in
2208 640 2346 694 locis
2386 680 2404 707 ,
2461 638 2516 694 in
2571 638 2905 710 quibusdam
2961 651 3094 692 vero
3139 652 3240 707 per
3307 649 3547 705 serpsam

1935 733 2174 789 exsistit.
2228 731 2348 802 Ipsa
2406 731 2598 793 etiam,
2656 728 3126 801 quemadmodum
3188 736 3246 782 et
3304 726 3376 781 de
3426 734 3552 779 cute

1936 822 2148 877 dictum
2233 830 2354 889 est,
2423 829 2540 877 toto
2619 821 2841 891 corpori
2920 819 3375 882 subextenditur,
3438 834 3551 888 quo

1935 915 2146 971 aestatis
2187 922 2463 984 tempore,
2497 913 2763 968 sudorum
2816 914 3158 975 excretione,
3201 910 3427 965 animali
3460 925 3549 964 re—

1939 1005 2221 1075 frigerium
2270 1014 2565 1076 suggerat,
2625 1004 2866 1075 pilorum
2907 1018 3040 1058 vero
3095 1002 3413 1072 lanuginem
3481 1001 3550 1055 ad

1941 1097 2142 1152 hiemis
2202 1111 2367 1150 usum
2427 1095 2679 1164 largitur.
2742 1094 2981 1149 Carnem
3047 1108 3289 1163 namque
3350 1093 3548 1161 ipsam,

1941 1187 2120 1259 σάρκα
2153 1186 2327 1243 στεινί
2358 1185 2514 1258 παρὰ
2565 1186 2628 1239 τὸ
2671 1184 3051 1256 ἁποσύρεσθαι
3098 1184 3167 1240 τὰ
3215 1183 3395 1255 δέρμα
3453 1183 3552 1235 ἀπ’

1938 1277 2131 1347 αὐτῆς,
2199 1276 2340 1347 quod
2398 1275 2654 1332 videlicet
2699 1275 2763 1331 ab
2829 1277 2947 1347 ipsa
3011 1275 3152 1329 cutis
3207 1273 3550 1334 detrahatur,

1939 1369 2234 1440 appellant.
2263 1367 2447 1423 Cutim
2501 1383 2633 1423 vero
2687 1367 2887 1439 δέρμα,
2943 1366 3104 1438 quasi
3141 1365 3345 1436 τέρμα,
3373 1365 3552 1434 prima

1939 1469 2150 1516 mutata
2172 1460 2378 1528 littera,
2405 1460 2456 1515 id
2481 1468 2566 1516 est
2592 1462 2852 1514 terminus
2887 1459 3112 1530 quidam
3154 1460 3439 1528 corporis,
3467 1458 3552 1513 vel

1938 1553 2062 1622 ﬁnis
2096 1552 2188 1618 sit,
2217 1568 2343 1608 cum
2379 1553 2430 1607 ei
2471 1552 2716 1624 undique
2749 1552 3088 1617 obducatur;
3119 1551 3237 1607 sive
3255 1549 3419 1620 δέμα,
3449 1550 3553 1606 hoc

1939 1657 2043 1710 est,
2078 1650 2226 1717 quod
2263 1645 2569 1711 vinculum,
2601 1662 2698 1701 seu
2739 1646 3092 1717 ligamenta»:
3144 1642 3398 1712 corporis
3441 1642 3550 1705 sit,

1939 1751 2068 1790 cum
2139 1735 2322 1805 ipsum
2394 1734 2726 1804 comprimat
2789 1735 3031 1804 undique
3053 1733 3550 1802 constringatque;

1939 1828 2056 1883 sive
2099 1826 2278 1898 δέρμα
2310 1827 2463 1898 παρὰ
2495 1827 2558 1880 τὸ
2585 1826 2984 1898 ἁποδέρεσθαι,
3026 1843 3060 1880 a
3094 1825 3424 1880 detrahendo
3460 1823 3550 1876 di-

233 1913 363 1971 οὖτε
394 1916 534 1979 ὅλως
573 1917 858 1988 ἐνέργειαν
899 1918 1024 1972 τινὰ
1052 1918 1133 1990 τῷ
1171 1917 1295 1990 ζώῳ
1335 1920 1667 1990 παρέχεται,
1698 1918 1836 1973 ἀλλὰ

1944 1915 2303 1984 ripiendoquc,
2319 1913 2466 1984 quod
2496 1913 2550 1968 in
2567 1913 2905 1969 animalibus
2924 1912 3384 1984 assidue,quibus
3405 1911 3553 1966 cutis

239 2005 465 2058 πάντων
489 2004 690 2070 ἔξωθεν
733 2007 990 2077 κείμενον
1017 2007 1088 2061 τὰ
1117 2007 1216 2061 τοῦ
1253 2010 1511 2080 σώματος
1542 2010 1641 2064 ὅλα
1665 2010 1710 2042 ¹³
1739 2027 1839 2064 πε-

238 2095 400 2167 ριττὰ
431 2096 673 2163 εὐλόγως
698 2098 742 2129 ⁸⁵
776 2098 1064 2170 ἐκδέχεται
1085 2099 1150 2166 ⁸⁸,
1187 2098 1315 2153 ὅθεν
1337 2101 1434 2153 καὶ
1462 2101 1632 2155 οἱονεὶ
1665 2118 1839 2156 κατα-

235 2187 504 2258 τέτρηται
534 2188 579 2221 ¹⁶
609 2188 786 2243 διόλου
823 2189 963 2260 πρὸς
995 2189 1244 2260 ἀναποὴν
1276 2191 1370 2245 καὶ
1406 2191 1656 2264 ἱδρώτων
1696 2193 1837 2246 ἁπό-

207 2296 426 2359 Ικρισιν
448 2297 462 2309 ·
500 2280 595 2333 καὶ
629 2279 778 2334 ἔστιν
821 2280 1219 2353 ἀσθενέστερον
1252 2281 1364 2335 τῶν
1396 2282 1574 2337 ἄλλων
1605 2284 1835 2356 μορίων.

238 2372 357 2425 οὐκ
385 2370 511 2441 ἴσην
552 2371 663 2443 γὰρ
689 2371 790 2444 τὴν
831 2371 1027 2445 ῥώμην
1051 2372 1270 2427 ἅπαντα
1302 2372 1374 2427 τὰ
1408 2373 1576 2448 μόρια
1605 2375 1842 2450 κέκτην-

238 2481 333 2518 ται
361 2465 403 2496 ⁸⁷
424 2480 438 2494 ·
472 2464 610 2518 ἀλλὰ
634 2464 704 2518 τὰ
751 2464 1103 2534 κυριώτερα,
1150 2466 1250 2520 καὶ
1281 2459 1396 2519 οἷον
1438 2469 1494 2520 αἱ
1526 2467 1696 2538 ἀρχαὶ
1743 2468 1838 2523 τοῦ

243 2554 520 2627 σώματος,
545 2555 954 2628 ῥωμαλεώτερα
975 2556 1017 2588 ²⁸
1043 2555 1103 2623 ἐξ
1133 2558 1388 2628 ὑπαρχῆς
1407 2557 1450 2590 ¹⁹
1475 2559 1722 2627 ἐγεγόνει
1746 2564 1841 2614 καὶ

244 2647 604 2719 ἰσχυρότερα·
663 2649 751 2702 ἵνα
801 2647 894 2700 καὶ
949 2648 1052 2718 τὴν
1101 2648 1168 2700 ὲκ
1217 2648 1581 2718 πλημμελοῦς
1625 2649 1842 2722 διαίτης

241 2735 536 2808 amem:
585 2738 826 2805 κακίαν,
858 2739 954 2792 καὶ
984 2736 1086 2809 τὴν
1136 2737 1378 2810 φυσικὴν
1418 2740 1652 2811 δύναμιν
1681 2759 1842 2814 περι-

243 2830 414 2903 σώζῃ.

1941 2006 2270 2071 detrahitur,
2303 2021 2532 2063 cernere
2550 2019 2656 2063 est.
2679 2006 2828 2072 Aut,
2854 2007 3019 2078 quasi
3049 2005 3244 2078 δέμας,
3279 2005 3552 2077 quemad-

1939 2099 2166 2153 modum
2191 2108 2248 2154 et
2267 2113 2471 2169 corpus
2491 2097 2717 2165 dicitur,
2742 2098 2870 2154 inde
2897 2098 3154 2154 videlicet
3175 2097 3321 2167 quod
3347 2096 3549 2150 aululae

1941 2203 2209 2257 vinculum
2249 2203 2341 2257 sit.
2395 2203 2467 2258 At
2512 2203 2684 2258 cutim
2707 2203 2882 2274 ipsam
2929 2203 2985 2257 in
3030 2216 3266 2272 corpore
3290 2201 3356 2255 ad
3385 2215 3548 2255 usum

1941 2294 2348 2359 tantummodo,
2386 2309 2497 2349 non
2557 2303 2742 2348 autem
2788 2293 3024 2350 actionis
3079 2292 3317 2362 alicujus
3374 2289 3552 2362 gratia

1943 2384 2301 2457 conszitutam
2371 2399 2497 2440 esse
2568 2392 2781 2440 certum
2855 2395 2964 2440 est.
3022 2383 3146 2439 Non
3228 2383 3376 2439 etaim
3433 2383 3552 2452 ipsa

1943 2474 2010 2529 ad
2047 2475 2506 2546 concoquendum
2555 2477 2764 2541 cibum,
2801 2477 2889 2532 vel
2937 2477 3387 2532 constituendum
3419 2491 3552 2529 san-

1944 2568 2197 2638 guinem,
2261 2577 2355 2624 aut
2436 2568 2877 2625 distribuendum
2953 2569 3310 2632 alimentum,
3375 2567 3556 2637 neque

1945 2659 2011 2711 ad
2042 2668 2274 2723 motum,
2305 2660 2401 2730 qui
2446 2675 2572 2715 eum
2613 2660 2819 2730 impetu
2872 2660 2933 2714 llt
2985 2659 3399 2730 perficiendum,
3457 2664 3558 2713 aut

1946 2749 2022 2804 rei
2082 2746 2318 2822 alicujus
2372 2769 2536 2807 usum
2587 2752 2814 2807 animali
2865 2753 3250 2822 impertiendo,
3315 2751 3555 2807 cilicium

1945 2843 2155 2909 explet;
2195 2844 2290 2900 sed
2336 2859 2465 2900 cum
2517 2846 2764 2900 omnium
2793 2845 3040 2900 exterior
3085 2845 3379 2909 consistat,
3432 2842 3559 2898 uni-

245 2942 406 3007 versa
459 2928 709 2998 corporis
761 2927 937 2983 nostri
971 2942 1338 2998 supervacua,
1387 2929 1593 3001 optima
1639 2932 1853 2989 ratione
1909 2937 2124 3006 recipit.
2185 2937 2584 3006 Quamobrem,
2648 2940 2717 2994 ad
2775 2939 3204 3010 respirationem
3262 2941 3558 2994 sudorum-

243 3036 353 3092 que
410 3024 802 3089 excretionem,
873 3023 1034 3095 quasi
1115 3026 1388 3079 terebrata
1469 3035 1588 3091 est,
1656 3036 1711 3080 ct
1766 3026 1882 3096 ipsa
1915 3030 2164 3084 omnium
2233 3034 2472 3101 partium
2552 3033 2884 3090 imbecillior
2937 3032 3193 3087 habetur.
3247 3028 3359 3085 Nec
3423 3044 3556 3083 vero

245 3113 364 3177 pari
391 3113 589 3168 robore
622 3115 807 3170 omnia
841 3117 1089 3172 membra
1129 3115 1373 3197 hominis
1432 3116 1660 3185 praedita
1699 3128 1847 3185 sunt,
1888 3121 1981 3174 sed
2058 3122 2234 3193 magis
2286 3123 2634 3206 principalia,
2689 3142 2815 3195 qua-
2858 3125 3020 3195 quasi
3066 3124 3333 3194 principia
3389 3137 3544 3191 qua:-

243 3207 372 3262 darn
438 3207 690 3277 corporis
753 3208 1062 3275 habentur,
1112 3209 1432 3265 robustiora
1495 3207 1838 3280 fortioraque
1888 3228 1919 3266 a
1953 3216 2132 3283 primo
2177 3226 2304 3272 ortu
2368 3217 2675 3273 constituta
2728 3227 2893 3283 sunt,
2924 3228 2986 3274 ut
3015 3233 3083 3276 ex
3141 3219 3558 3289 pinguescentis

255 3300 438 3355 victus
474 3315 578 3355 usu
633 3301 1012 3369 provenientia
1048 3301 1396 3357 incommoda
1439 3299 1756 3371 abigerent,
1804 3311 1860 3358 et
1885 3309 2194 3363 naturalem
2224 3308 2334 3362 vim
2363 3310 2623 3365 tutiorem
2648 3322 3002 3367 conservent.

320 3393 478 3464 Ἔχει
498 3393 599 3446 δὲὸ
623 3392 722 3446 ἄνθ
731 3409 914 3462 ρωπος
935 3392 1056 3445 καθ’
1081 3394 1220 3448 ὅλων
1247 3393 1358 3446 τῶν
1386 3393 1617 3464 μορεων,
1659 3394 1756 3446 καὶ
1785 3395 1841 3446 ἐν

2021 3399 2196 3458 Homo
2243 3412 2426 3457 autem
2471 3402 2525 3455 in
2557 3403 2818 3458 omnibus
2843 3403 3093 3473 corporis
3131 3402 3404 3472 partibus,
3438 3411 3555 3458 tum

242 3489 314 3558 τῇ
369 3484 572 3555 γαστρὶ
617 3487 713 3538 καὶ
747 3486 806 3538 ἐν
856 3488 971 3549 τοῖς
1017 3486 1260 3559 ἐντέροις
1301 3485 1564 3557 πιμελὴν,
1606 3487 1724 3540 ἀλλ’
1777 3487 1839 3540 οὐ

245 3579 446 3649 στέαρ·
478 3579 562 3632 ὅτι
602 3579 856 3650 διαφέρει
903 3579 1112 3651 πιμελὴ
1153 3579 1400 3644 στέατος,
1427 3579 1510 3650 τῷ
1538 3579 1639 3649 τὴν
1671 3596 1841 3648 πιμε-

242 3673 347 3744 λὴν
375 3671 715 3742 ψυχομένην,
741 3671 991 3741 ἇπηκῖτον
1016 3671 1320 3743 διαμένειν,
1353 3671 1415 3724 τὸ
1439 3671 1496 3725 δὲ
1519 3674 1690 3742 στέαρ
1726 3673 1844 3742 ἅμα

247 3761 564 3835 πήσσεσθαι
597 3765 667 3826 ⁸⁸,
700 3761 842 3816 ὥστε
869 3764 965 3817 καὶ
997 3762 1374 3836 θρύπτεσθαι·
1401 3763 1486 3816 διὸ
1514 3763 1610 3816 καὶ
1648 3765 1698 3817 οἱ
1733 3763 1844 3828 ζω-

247 3856 346 3929 μοὶ
377 3855 488 3910 τῶν
520 3856 620 3925 μὲν
655 3855 1007 3928 πιμελωδῶν,
1055 3856 1119 3910 οὐ
1158 3857 1468 3926 πήσσονται
1505 3856 1576 3922 ¹¹,
1626 3856 1735 3910 τῶν
1783 3856 1844 3909 δέ

247 3949 572 4005 στεατωδῶν
621 3949 944 4019 πήσσονται,
982 3947 1060 4011 ὡς
1091 3947 1236 4017 βοὸς,
1276 3949 1454 4017 αἰγὸς,
1497 3949 1595 4002 καὶ
1633 3949 1844 4019 προδα-

243 4061 364 4097 του.
397 4042 737 4095 Συνίσταται·
772 4040 830 4094 δὲ
867 4041 900 4111 ἡ
942 4039 1150 4112 πιμελὴ
1203 4042 1269 4094 ἐκ
1309 4039 1419 4093 τῶν
1444 4041 1503 4093 ἐν
1543 4039 1623 4111 τῷ
1648 4041 1846 4111 αἵματι

246 4135 569 4206 φερομένων
607 4134 907 4194 ἐλαιωδῶν.
934 4135 998 4187 ἐκ
1043 4133 1152 4187 τῶν
1195 4136 1241 4166 ³⁸
1279 4133 1680 4205 λιπαρωτέρων
1719 4151 1848 4206 τρο-

246 4225 390 4293 φῶν,
425 4223 460 4278 ἃ
505 4225 564 4277 ἐν
602 4226 717 4288 τοῖς
774 4223 1140 4296 ψυχροτέροις
1187 4224 1301 4279 τῶν
1357 4225 1564 4297 μορίων
1611 4224 1847 4291 καθιζᾶ-

247 4333 411 4370 νοντα
445 4317 751 4388 πήγνυνται
789 4317 853 4372 ’⁸.
908 4317 1140 4387 Πιμέλη
1172 4317 1228 4370 δέ
1268 4317 1491 4387 λέγεται
1548 4317 1702 4388 παρὰ
1747 4319 1847 4389 τὴν

248 4404 418 4477 πῆξιν
465 4406 566 4477 τῆς
601 4406 853 4478 τροφῆς·
902 4406 936 4478 ἢ
999 4407 1208 4477 πιμέλη
1261 4408 1346 4472 τίς
1402 4412 1542 4474 ἐστι,
1591 4409 1744 4479 παρὰ
1782 4409 1845 4462 τὸ

251 4497 522 4552 πιαίνειν·
561 4500 896 4569 ὑγραίνουσα
931 4499 979 4530 ⁸⁸
1018 4501 1088 4554 τὰ
1146 4502 1285 4572 μέλη
1320 4505 1387 4557 ³⁵.
1459 4502 1518 4556 '0
1566 4503 1625 4556 δὲ
1667 4502 1849 4556 σύνδε-

250 4605 392 4658 σμος
421 4588 738 4660 περιϐλημὰ
766 4591 884 4642 ἐστι
913 4589 1204 4658 νευρῶδες,
1232 4592 1289 4657 ἐξ
1309 4590 1476 4644 αὑτοῦ
1501 4591 1600 4661 τὴν
1631 4592 1848 4660 γένεσιν

248 4679 392 4750 ἔχων
422 4681 488 4744 ⁸⁸,
517 4681 656 4751 ὅπερ
684 4680 995 4734 συνδέδεται
1020 4685 1143 4746 ταῖς
1171 4683 1520 4754 ἁρθρώσεσιν
1553 4685 1621 4737 ⁸⁷.

1947 3492 2002 3547 in
2048 3493 2191 3559 alvo,
2241 3503 2358 3549 tum
2420 3493 2475 3547 in
2527 3493 2841 3558 intestinis,
2896 3495 3169 3565 exungia,
3206 3509 3317 3549 non
3369 3506 3558 3551 autem

1948 3601 2080 3640 sevo
2137 3585 2404 3654 prazditus
2465 3596 2572 3640 est.
2635 3584 2772 3641 Nam
2838 3587 3075 3658 exungia
3150 3601 3181 3642 a
3230 3603 3386 3652 sevo,
3450 3588 3576 3643 hoc.

1947 3677 2244 3747 discrepat,
2285 3677 2432 3747 quod
2487 3677 2727 3749 exungia
2785 3678 2944 3749 132
3005 3679 3264 3748 quidem,
3313 3679 3556 3750 rigorem

1948 3771 2212 3836 sentiens,
2259 3787 2367 3825 non
2427 3771 2760 3836 concrescit,
2817 3785 3010 3826 sevum
3075 3786 3207 3826 vero
3256 3780 3456 3841 praeter
3504 3773 3558 3828 id

1947 3859 2097 3930 quod
2144 3862 2472 3924 concrescit,
2510 3859 2686 3931 frangi
2737 3861 2907 3915 etiam
2958 3870 3157 3931 potest.
3186 3862 3559 3933 Quapropter,

1948 3952 2315 4022 exungiosnm
2362 3953 2454 4023 jus
2523 3967 2884 4008 concrescere
2949 3953 3272 4023 neutiquam
3338 3965 3558 4024 potest,

1949 4057 2208 4098 sevosum
2230 4058 2376 4104 vero,
2420 4051 2480 4096 ut
2509 4042 2687 4108 bovis,
2721 4043 2874 4114 capri
2903 4051 2958 4098 et
2985 4043 3174 4098 arietis
3228 4046 3557 4100 concrescit.

1951 4135 2233 4205 Siquidem
2282 4135 2542 4205 exungia,
2587 4135 2774 4206 pingui
2822 4151 2891 4190 ex
2943 4135 3253 4191 substantia
3296 4138 3560 4207 quadam,

1951 4239 2074 4294 quae
2092 4225 2145 4278 in
2164 4225 2435 4295 sanguine
2447 4225 2665 4286 est,olei
2683 4225 3107 4281 similitudinem
3125 4241 3236 4296 prae
3251 4242 3309 4280 se
3328 4225 3558 4294 ferente,

1951 4317 2335 4381 constituitur,
2358 4332 2503 4387 quae,
2529 4332 2652 4371 cum
2675 4316 2729 4371 in
2759 4317 3137 4388 frigidioribus
3161 4318 3411 4388 corporis
3433 4334 3563 4389 par-

1952 4408 2099 4462 tibus
2119 4407 2412 4471 consistat,
2431 4422 2543 4460 non
2562 4409 2894 4463 concrescit.
2919 4407 3168 4478 Exungia
3185 4410 3332 4462 enim
3354 4407 3560 4480 πιμελὴ

1951 4516 1982 4553 a
2005 4498 2213 4555 Graecis
2237 4511 2608 4570 nuncupatur,
2638 4501 2792 4572 παρὰ
2820 4501 2884 4555 τὸ
2905 4499 3007 4572 τὴν
3030 4501 3196 4572 πῆξιν
3226 4501 3331 4572 τῆς
3352 4501 3564 4574 τροφῆς

1953 4588 2115 4658 εἶναι,
2146 4591 2294 4661 quod
2322 4592 2440 4662 ipsa
2488 4593 2748 4648 videlicet
2787 4608 2855 4648 ex
2901 4593 3170 4647 alimento
3210 4601 3561 4648 concrescat.

1954 4682 2082 4738 Sive
2112 4683 2224 4736 ἀπὸ
2250 4683 2362 4736 -τοῦ
2397 4684 2604 4738 πιαίειν
2635 4724 2650 4748 ,
2689 4685 2836 4753 quod
2886 4684 3264 4738 humectando
3308 4683 3563 4753 corporis

248 4780 459 4844 partes,
488 4787 586 4827 eas
621 4771 946 4845 impinguat,
998 4775 1144 4846 quod
1175 4774 1248 4828 illi
1293 4775 1416 4830 πίον
1452 4775 1512 4828 τὸ
1567 4773 1798 4846 λιπαρὸν
1858 4774 2061 4844 pingue
2094 4773 2307 4830 dicunt.
2337 4773 2405 4828 At
2447 4775 2808 4845 ligamentum
2849 4777 2902 4830 in
2937 4791 3174 4846 corpore
3210 4786 3402 4830 nostro
3424 4818 3439 4843 ,
3473 4790 3564 4828 os-

249 4867 397 4922 sium
429 4865 691 4922 obductio
719 4869 996 4938 quaedam,
1028 4868 1266 4923 nervalis
1299 4877 1413 4931 est,
1447 4884 1570 4938 qua:
1607 4883 1672 4922 cx
1731 4867 1866 4936 ipsis
1929 4867 2158 4921 ossibus
2223 4879 2645 4938 progeneratur,
2687 4869 2833 4938 quod
2865 4868 3436 4927 dearticulationibus
3478 4870 3564 4924 iu-

250 4960 426 5015 tieem
461 4960 774 5027 copulatur.
801 4959 1120 5015 Membrana
1145 4974 1296 5022 vero,
1328 4959 1549 5013 nervalc
1569 4957 1848 5028 quoddam
1896 4971 2100 5026 corpus
2129 4957 2182 5010 in
2241 4957 2588 5012 latitudinem
2647 4969 2970 5028 protensum
3003 4967 3110 5014 est.

333 5056 392 5109 ’0
430 5056 488 5108 δὲ
509 5055 654 5125 ὑμὴν
682 5055 847 5126 σῶμα
874 5059 990 5109 ἐστι
1011 5055 1279 5126 νευρῶδες
1309 5053 1485 5107 πλατύ
1508 5073 1521 5085 ·
1565 5055 1598 5124 ὴ
1623 5053 1680 5106 δὲ
1709 5053 1841 5122 σὰρξ

2025 5053 2094 5107 At
2144 5067 2298 5118 caro,
2349 5053 2581 5122 simplex
2633 5062 2930 5109 concretus
2973 5054 3202 5125 sanguis
3250 5063 3354 5120 est,
3404 5054 3567 5124 cujus

252 5148 287 5217 ἡ
316 5146 463 5218 ἁπλῆ
497 5148 543 5179 ³⁸
577 5142 717 5217 αἷμά
741 5149 857 5200 ἐστι
888 5147 1160 5218 πεπηγός.
1195 5145 1268 5199 Τὸ
1289 5145 1348 5199 δὲ
1386 5142 1530 5216 αἷμὰ
1570 5148 1688 5199 ἐστι
1719 5144 1839 5215 θερ-

256 5241 361 5311 μὸν
423 5242 520 5293 καὶ
565 5240 732 5310 ὑγρὸν
772 5241 913 5294 κατὰ
959 5239 1221 5293 σύστασιν
1248 5256 1260 5268 ·
1326 5239 1472 5292 κατὰ
1522 5239 1580 5292 δὲ
1655 5238 1844 5306 γεῦσιν

253 5330 428 5398 γλυκύ
454 5347 468 5361 ο
493 5330 646 5402 παρὰ
666 5331 726 5384 δὲ
755 5331 815 5384 τὺ
843 5331 990 5417 αἷοω
1023 5330 1083 5384 τὸ
1115 5330 1262 5384 καίω
1293 5325 1436 5399 αἷμα
1476 5330 1702 5402 ἐκλήθη.
1739 5332 1845 5383 Uia-

329 5513 350 5541 ⁹
380 5514 610 5582 παρέχει
638 5514 699 5566 Β.
783 5515 825 5545 ¹⁰
859 5515 1234 5583 ἀποσύρεσθαι
1262 5516 1300 5566 Β
1332 5514 1393 5568 C.
1475 5516 1514 5545 ”
1552 5514 1698 5568 ὼσπ.
1738 5533 1788 5568 τ.
1818 5533 1914 5567 συν

1434 5586 1475 5615 ⁸³
1501 5591 1512 5603 ·
1547 5585 1673 5638 οὔτε
1714 5586 1823 5655 γὰρ
1854 5587 1916 5639 Α.

1467 5657 1510 5685 ¹⁸¹
1546 5655 1968 5725 ῥωμαὶαιότερα
1993 5657 2031 5709 Β
2066 5656 2124 5711 Ρ.

256 5740 442 5798 erogat
471 5723 664 5798 87,;th
689 5725 746 5798 δὲ
783 5726 1102 5798 στεατωδὼν
1129 5723 1567 5798 πήσσονεαιυιιι.
1607 5723 1643 5778 Α
1668 5726 1722 5798 ili
1752 5729 1812 5777 (Σ.
1849 5797 1855 5798 γ
1894 5728 1937 5758 ’³
1969 5729 2077 5779 των
2104 5745 2213 5780 υιιι.
2247 5723 2450 5798 Β,γὰρ
2473 5723 2673 5781 τῶνῬ.
2752 5731 2798 5760 ³⁸
2825 5723 3105 5798 πήγνυται
3141 5730 3195 5784 Β.

504 5796 549 5869 ξδ
577 5796 806 5860 τειμελαὶ
856 5797 1093 5865 ἄπηκτοι
1126 5813 1137 5825 ·
1179 5797 1303 5848 ὅθεν
1362 5797 1456 5847 καὶ
1524 5797 1732 5864 πιμελὴ
1798 5797 2086 5869 κέκληται,
2145 5800 2206 5849 ἐκ
2252 5799 2344 5852 τοῦ
2398 5796 2605 5853 civ/rb
2655 5796 2949 5869 λιπαρὴ-Μ

253 5583 445 5653 ὥσπερ
467 5585 640 5652 τέλμα
668 5585 730 5638 C.
813 5586 854 5616 ¹²
878 5584 1041 5637 ἕνεκα
1067 5603 1173 5636 ann.
1217 5587 1255 5637 Β
1282 5587 1339 5637 Ρ.

259 5655 306 5686 ¹⁶
339 5653 794 5736 καταττέριίταιιυ.
911 5657 952 5686 ¹⁷
985 5657 1247 5725 κέκτηται
1274 5655 1334 5710 Β.

258 5794 390 5850 ΒΡ.

252 5865 304 5909 οδ
332 5864 455 5936 ἕχον
486 5863 542 5919 ῐῖ,
623 5867 667 5898 ’⁷
697 5863 1098 5938 διαρθρώσεσιν
1140 5867 1176 5920 ll
1203 5867 1259 5920 Ρ.
1349 5868 1380 5888 ’π
1415 5863 1660 5937 ﬁniri-'15
1705 5866 1759 5920 Ρ.

1953 5145 2176 5214 quidem
2250 5145 2574 5200 constitutio
2635 5146 2849 5213 calida,
2923 5146 3296 5216 humidaque,
3371 5159 3567 5216 gustus

1955 5253 2086 5294 vero
2133 5239 2311 5295 dulcis
2364 5249 2469 5294 est.
2503 5239 2568 5292 Et
2597 5240 2826 5308 sanguis
2883 5239 3105 5309 quidem
3153 5240 3224 5293 ab
3278 5239 3387 5294 illis
3423 5241 3565 5310 αἷμα

1957 5329 2112 5401 παρὰ
2159 5329 2219 5384 τὸ
2274 5336 2442 5396 alam,
2494 5331 2557 5384 τὸ
2605 5337 2776 5396 καίω,
2833 5347 2862 5386 a
2923 5331 3302 5387 comburendo
3357 5331 3562 5398 dictus,

1955 5517 2158 5585 σχηκὸς
2205 5518 2265 5570 τὸ
2306 5517 2471 5587 σῶμα
2498 5518 2594 5570 καὶ
2641 5515 3016 5580 συνδεσμοῦν·
3066 5519 3098 5583 ἢ
3137 5515 3250 5570 οἷον
3291 5519 3463 5587 δέμας
3502 5519 3560 5572 Η.

2000 5587 2193 5639 ¹³ὅλου
2255 5589 2294 5637 Β
2351 5587 2413 5641 Ρ.
2496 5589 2806 5650 ¹³εὐκόλως
2840 5590 2897 5639 Β.
2987 5591 3030 5619 ⁸⁵
3054 5589 3358 5656 εἰσδέχεται
3410 5589 3449 5639 Β
3502 5588 3560 5640 Ρ.

2207 5658 2335 5728 εθίέξ
2374 5659 2630 5726 ἁπαρχῆς
2664 5658 2786 5712 ΒΡ.
2864 5660 2909 5688 ²⁰
2941 5659 3217 5727 πὴσεσθαι
3249 5660 3304 5711 Β.
3387 5660 3426 5689 ’³
3455 5661 3564 5728 πή-

3276 5731 3318 5759 ··
3352 5731 3382 5796 ἡ
3433 5730 3560 5796 ὑγρ-

2145 5800 2206 5849 Ξκ
2252 5800 2344 5852 ’τθῦ
2398 5803 2518 5853 τῖον
2547 5801 2605 5851 τῆ
2655 5800 2888 5870 λιπαρὸν
3021 5801 3146 5871 ὑγρ·
3184 5800 3250 5852 τὰ
3301 5801 3437 5869 μέλη
