4178 6446
110 446 134 508 ί
153 448 267 505 273

1375 445 1464 500 DE
1501 444 1795 502 NA'I'URA
1839 440 2145 501 llOMlNlS.

3289 441 3429 498 1274

108 560 356 628 νητήρια
383 558 426 591 ³⁹
460 554 691 630 ὄργανα,
735 558 904 628 ἤγουν
944 560 977 629 ἡ
1004 556 1226 627 γλῶσσα
1260 560 1353 611 καὶ⁹
1402 560 1464 612 τὸ
1491 560 1592 628 τῆς
1620 576 1713 627 γο-

1829 560 1989 625 visus,
2044 556 2303 622 olfactus,
2371 556 2619 619 auditus,
2691 562 2888 625 gustus
2949 561 3004 609 et
3050 558 3255 607 tactus.
3312 550 3428 604 Vo-

106 648 223 719 νῆς
248 650 292 682 ⁵⁸
318 650 702 718 ἁποκριτικὸν.
738 649 911 702 Πάλιν
940 647 1196 720 σώματος
1242 650 1495 720 κινήσεις
1540 650 1713 703 ἑπτά·

106 740 392 809 ὀργανικὰ
416 741 592 810 μὲνῑξ
619 758 634 773 ⁸
670 741 705 812 ἡ
744 741 881 805 ἄνω,
916 743 949 811 ἠ
984 741 1159 805 κάτω,
1201 743 1234 811 ὴ
1267 740 1399 806 ἔσω,
1423 744 1458 811 ἡ
1483 739 1658 805 δεξιὰ,
1680 742 1715 811 ὴ

106 832 411 901 ἀριστερὰ,
456 833 552 884 καὶ
610 832 644 902 ὴ
703 832 939 901 κυκλική
968 848 981 861 ·
1023 831 1057 903 ἢ
1114 831 1331 896 οὕτως·
1386 831 1716 902 γέννησις,

107 927 405 993 αῡξησις,
436 930 703 997 μείωσις,
746 930 957 998 φθορὰ,
983 931 1339 996 ἀλλοίωσις,
1380 930 1715 999 μεταϐολὴ,

108 1017 214 1069 καὶ
244 1015 487 1082 στάσις.
521 1019 593 1071 Δῖ
645 1034 707 1071 τε
757 1017 1083 1088 ἀποκρίσεις
1116 1017 1212 1071 τοῦ
1241 1016 1500 1087 σώματος
1532 1016 1679 1069 ἑπτά.
1703 1031 1718 1044 ·

108 1105 376 1175 δάκρυα.
404 1108 677 1178 μύξαιδί,
708 1108 940 1173 ala/loc.
971 1107 1233 1178 σπέρμα,
1251 1109 1421 1161 διττοὶ
1455 1124 1723 1175 περιττωο

114 1201 314 1271 μάτων
342 1202 542 1273 ὀχετοὶ,
594 1204 690 1258 καὶ⁵
725 1205 755 1259 ὀ
802 1205 869 1258 δι’
910 1204 1036 1259 ὅλου
1093 1204 1191 1257 τοῦ
1232 1202 1488 1275 σώματος
1517 1202 1716 1272 ἱδρώς.

114 1292 341 1364 Ὥσπερ
370 1293 425 1346 δὲ
456 1294 675 1349 πάντων
713 1296 759 1328 ⁸³
782 1295 893 1349 τῶν
928 1297 988 1349 ὲν
1035 1295 1115 1367 τῷ
1143 1283 1338 1367 κόσμῳ
1379 1295 1716 1365 γενομένων,

112 1386 192 1437 τὰ
219 1385 321 1454 μὲν
350 1384 419 1437 δι’
473 1387 644 1441 ἑαυτὰ
678 1386 875 1456 γέγονε
905 1403 921 1420 ·
961 1387 1060 1442 καὶ
1089 1387 1158 1441 δι’
1212 1388 1388 1441 ἑαυτὰ
1416 1388 1482 1452 ⁸³,
1517 1388 1618 1440 καὶ
1650 1386 1717 1440 δι’

110 1477 289 1545 ἔτερα
311 1494 322 1507 ·
357 1476 541 1541 καθὼς
586 1479 645 1530 ιν
676 1480 793 1542 τοῖς
839 1478 1214 1549 προλαϐοῦσιν
1259 1477 1510 1548 ἐδείχθη·
1542 1476 1721 1541 οὕτως

113 1569 221 1621 καὶ
259 1567 354 1620 ἐπὶ
403 1568 513 1622 τῶν
566 1568 776 1641 μορίων
810 1570 907 1623 τοῦ
954 1568 1096 1635 ζώου
1152 1570 1434 1642 εὑρήσεις,
1497 1571 1556 1624 ὲν
1606 1572 1723 1634 τοῖς

111 1657 361 1729 ἄρχουσι
379 1660 477 1711 καὶ⁵
505 1659 561 1711 ὲν
577 1662 691 1723 τοῖς
718 1660 1068 1731 ἀρχομένοις.
1089 1662 1280 1716 Ταῦτα
1307 1663 1419 1733 γὰρ
1452 1678 1725 1733 προηγου-

114 1748 306 1818 μένως
335 1750 433 1803 καὶ
458 1751 603 1805 κατὰ
632 1752 853 1823 πρῶτον
882 1752 1041 1822 λόγον
1059 1754 1504 1808 κατεσκεύασται
1526 1771 1541 1785 ³
1565 1754 1603 1808 ἃ.
1627 1754 1725 1808 καὶ

110 1841 266 1895 κατὰ
300 1840 461 1910 φύσιν
487 1843 692 1914 κυρίως
730 1843 972 1913 λέγεται.

1819 653 1939 706 cale
1991 649 2447 715 instrumentum,
2500 648 2689 719 lingua
2729 656 2849 712 est,
2917 654 2973 701 et
3024 644 3176 715 quod
3249 642 3427 714 ipsam

1820 757 2012 797 vocem
2045 742 2266 797 emittit.
2297 740 2405 795 Sed
2436 748 2493 795 et
2514 739 2767 810 corporis
2816 746 3005 793 motus
3058 744 3269 805 septem
3305 748 3431 788 esse

1821 831 2080 897 dicimus,
2121 830 2265 886 inter
2302 845 2448 900 quos
2486 827 2941 884 instrumentales
2978 840 3077 893 sex
3120 836 3431 878 connume-

1822 934 2020 979 rantur
2051 942 2065 976 :
2093 938 2342 990 sursum,
2372 923 2659 985 deorsum,
2678 927 2827 985 ante,
2851 928 3022 984 retro,
3047 916 3428 975 dextrorsum,

1820 1017 2204 1072 sinistrorsum
2252 1023 2308 1071 et
2352 1014 2661 1071 circularis.
2707 1010 2802 1067 Vel
2830 1011 2904 1065 Ita
2943 1027 2957 1065 :
2990 1007 3299 1080 generatio,
3346 1005 3432 1060 in-

1822 1116 2169 1162 crementum
2189 1148 2204 1173 ,
2253 1105 2673 1161 decremeutum
2696 1143 2713 1167 ,
2766 1100 3090 1170 corruptio,
3131 1095 3390 1153 alteratio
3416 1138 3428 1154 .

1821 1198 2059 1255 mutatio
2087 1206 2143 1254 et
2175 1206 2374 1253 status.
2408 1195 2517 1251 Sed
2548 1205 2603 1252 et
2637 1195 2891 1265 corporis
2922 1190 3087 1263 135.
3113 1189 3289 1245 nostri
3331 1202 3435 1241 ex-.

1822 1290 2099 1347 cretiones
2128 1298 2338 1360 septem
2374 1296 2507 1345 sunt
2545 1307 2558 1343 :
2595 1288 2854 1359 lacryma:
2879 1327 2895 1352 ,
2941 1298 3177 1346 munus,
3222 1280 3429 1341 saliva,

1824 1396 2012 1438 semen
2034 1380 2293 1453 genitale,
2311 1388 2726 1436 excrementum
2746 1378 2984 1438 siccum,
3013 1381 3429 1430 excrementum

1823 1474 2148 1538 humidum,
2191 1473 2361 1528 totius
2406 1472 2661 1543 corporis
2706 1469 2901 1526 sudor.
2947 1461 3428 1535 Quemadmodum

1823 1568 2015 1634 enim,
2066 1582 2132 1622 ex
2184 1565 2445 1623 omnibus
2498 1564 2667 1620 rebus
2714 1579 2840 1633 quae
2885 1560 2941 1615 in
2993 1571 3179 1613 rerum
3226 1559 3428 1609 natura

1825 1666 2027 1712 creata:
2058 1656 2333 1721 visuntur,
2358 1654 2611 1725 quiedam
2654 1652 2739 1710 sui
2769 1664 2939 1706 causa
2963 1690 2978 1714 ,
3017 1645 3301 1702 nonnullae
3336 1641 3426 1697 sui

1825 1757 1882 1805 et
1907 1748 2166 1814 aliorum,
2191 1756 2251 1810 ut
2280 1748 2433 1817 prius
2452 1746 2811 1809 adduximus,
2840 1748 3149 1814 procreatae
3175 1744 3328 1801 sunt,
3348 1736 3427 1789 ita

1826 1849 1885 1896 et
1912 1840 1982 1896 de
2014 1840 2270 1895 animalis
2293 1840 2546 1910 partibus
2572 1853 2697 1894 esse
2717 1836 2978 1901 dicimus,
3012 1847 3248 1904 quarum
3278 1844 3431 1901 qua:-

113 1934 248 1989 dam
276 1944 426 1999 sunt,
461 1950 583 2005 qua:
615 1936 947 2007 principales
981 1939 1276 2003 habentur,
1329 1941 1579 2011 quaedam
1634 1953 1767 1995 vero
1825 1952 1950 2007 qua:
2000 1920 2402 2007 principalibus
2451 1934 2783 1991 inserviunt.
2826 1931 3033 1986 .Partes
3083 1942 3255 1991 vero,
3305 1939 3431 1997 qua:

112 2027 489 2097 principatum
509 2029 800 2099 quemdam
820 2045 851 2084 a
871 2041 1065 2085 natura
1091 2033 1363 2099 obtinent,
1399 2034 1553 2103 prius
1582 2031 1893 2087 constitutae
1917 2037 2069 2083 sunt.

202 2118 270 2170 Ἤ
299 2117 355 2169 δὲ
384 2117 553 2188 ξανθὴ
602 2118 760 2187 χολὴ,
796 2121 891 2173 καὶ
934 2120 1004 2173 δι’
1042 2122 1246 2192 ἑαυτὴν
1280 2122 1494 2191 γέγονε,
1520 2122 1618 2174 καὶ⁸
1642 2120 1711 2173 δι’

1888 2118 1959 2174 At
1997 2118 2152 2175 ﬂavae
2196 2118 2325 2174 bilis
2395 2114 2721 2172 constitutio
2747 2154 2761 2179 ,
2802 2120 2922 2167 tum
2973 2110 3085 2178 sui,
3127 2119 3241 2165 tum
3289 2108 3430 2165 alte-

110 2208 252 2263 ἄλλο
274 2223 293 2241 ο
324 2208 420 2261 καὶ
454 2208 566 2280 γὰρ
596 2209 733 2287 πρὸς
763 2211 927 2280 πέψιν
964 2214 1213 2266 συντελεί
1245 2214 1316 2278 ⁸⁵,
1350 2215 1445 2266 καὶ
1479 2210 1720 2284 ὲρεθίζει

110 2299 220 2371 τὴν
249 2298 525 2370 ἔκκρισιν,
555 2300 651 2352 καὶ
683 2299 891 2367 γίνεται
925 2302 1131 2370 τρόπον
1169 2305 1296 2356 τινὰ
1329 2303 1440 2356 τῶν
1489 2305 1720 2372 θρεπτι-

112 2389 235 2445 κῶν
267 2390 327 2443 ιν
354 2406 410 2444 τι
445 2390 636 2462 μόριον
668 2392 736 2445 ⁵⁸.
805 2391 968 2445 Ἀλλὰ
999 2395 1095 2447 καὶ
1144 2391 1455 2465 θερμασίαν
1486 2392 1720 2464 παρέχει

110 2482 198 2555 τῷ
226 2481 467 2553 σώματι,
517 2476 774 2553 καθάπερ
819 2486 852 2554 ἡ
887 2483 1099 2555 ζωτικὴ
1145 2485 1412 2556 δύναμις·
1461 2484 1720 2556 καθαίρει

110 2575 176 2631 δὲ
210 2577 306 2629 καὶ
339 2575 400 2628 τὸ
428 2570 591 2647 αἷμα,
618 2578 759 2649 ὅπερ
774 2576 843 2630 δι’
864 2577 997 2632 ἄλλο
1014 2576 1165 2630 δοκεί
1191 2594 1308 2641 πως
1334 2576 1381 2609 “
1410 2575 1719 2646 γεγονέναι.

116 2667 238 2720 Καὶ
266 2670 295 2721 ὀ
320 2667 495 2739 σπλὴν
518 2668 596 2732 δὲ,
633 2671 728 2723 καὶ
753 2670 821 2723 δι’
840 2669 1033 2723 ἑαυτὸν
1065 2669 1283 2738 γέγονε,
1326 2670 1420 2723 καὶ
1455 2669 1521 2723 δι’
1554 2668 1719 2722 ἄλλο·

110 2758 185 2809 δι’
219 2755 415 2809 ἑαυτὸν
447 2757 566 2827 μὲν,
590 2758 675 2810 ὅτι
716 2760 912 2829 μόριον
962 2756 1203 2827 ὑπάρχει
1233 2758 1343 2810 τῶν
1380 2756 1722 2827 θρεπτικιῖΝ,

114 2848 220 2902 καὶ
264 2847 473 2918 δοχιῖον
497 2848 591 2902 τοῦ
628 2848 860 2918 μέλανος
898 2847 1108 2919 χυμοῦ·
1137 2848 1228 2902 διὰ
1267 2847 1326 2902 δὲ
1386 2849 1450 2901 τὸ
1490 2849 1726 2902 ιπισπᾶ-

114 2941 253 2995 σθαι
282 2941 351 2995 τὰ
377 2940 614 3011 περιττὰ
642 2941 738 2995 τοῦ
770 2941 1007 3011 ἥπατος,
1046 2940 1142 2993 καὶ
1183 2935 1295 2991 οἷον
1337 2939 1726 3012 διακαθαίρειν

115 3031 280 3096 αὐτὸ,
322 3032 392 3085 δι’
425 3031 556 3086 ἄλλο
616 3048 737 3095 πως
787 3030 886 3084 καὶ
924 3030 1089 3091 αὐτὸς
1147 3030 1446 3097 ὑφιστάναι
1476 3031 1523 3062 ⁸⁷
1548 3030 1721 3085 δοκεῖ.

119 3124 240 3177 Καὶ
271 3125 321 3176 οἱ
350 3125 542 3194 νεφροὶ
575 3123 657 3188 δὲ,
692 3121 789 3177 τοῦ
821 3139 880 3176 τε
916 3120 1151 3191 αἵματος
1191 3120 1496 3192 καθάρσιον
1527 3120 1597 3187 ⁵³,
1631 3122 1729 3175 καὶ

114 3218 229 3285 τῆς
282 3216 426 3269 κατὰ
461 3214 752 3269 συνουσίαν
786 3212 1024 3284 ὀρέξεως
1074 3212 1263 3267 αίτιοι.
1309 3214 1422 3266 Καὶ
1459 3213 1511 3267 οί
1538 3212 1729 3277 ἀδένες

117 3308 317 3387 ὄχημα
358 3311 469 3362 alat
516 3309 626 3363 τῶν
651 3309 893 3378 ἀγγείων
920 3326 933 3338 ·
988 3310 1087 3363 καὶ
1140 3311 1173 3379 ὴ
1215 3308 1354 3377 σὰρξ
1394 3307 1726 3378 σκέπασμα’

121 3400 309 3456 καὶτὸ
339 3401 522 3471 δέρμα
546 3401 766 3471 ’ὁμοίως
799 3400 1124 3472 περίϐλημα
1150 3416 1165 3431 ’
1196 3402 1290 3453 καὶ
1319 3400 1389 3453 τὰ
1422 3400 1557 3473 ὀστᾶ
1591 3401 1730 3470 στή-

1824 2216 1939 2270 rius
1996 2214 2172 2285 gratia
2239 2210 2508 2275 habetur;
2565 2210 2680 2278 ipsa
2756 2206 2907 2263 enim
2970 2212 3025 2259 et
3082 2202 3428 2259 concoctioni

1823 2305 2105 2368 conducit,
2138 2312 2193 2358 et
2219 2298 2634 2357 excrementitia
2687 2295 2920 2352 materia
2950 2293 3021 2349 ab
3072 2292 3264 2348 eadem
3304 2290 3430 2346 irri-

1823 2404 1993 2460 tatur,
2052 2410 2117 2450 ac
2159 2408 2270 2449 una
2324 2406 2393 2446 ex
2454 2387 2796 2460 vegetalibus
2852 2381 3269 2456 quodaminodo
3310 2380 3428 2437 elli-

1824 2490 1990 2544 citur.
2016 2488 2098 2543 Ad
2135 2488 2270 2547 haec,
2304 2492 2358 2539 et
2378 2484 2620 2539 calorem
2655 2479 2916 2551 corpori,
2950 2471 3449 2549 quemadmodum

1824 2592 1879 2635 et
1904 2580 2087 2635 vitalis
2118 2578 2355 2634 facultas
2384 2575 2650 2648 suggerit,
2687 2572 2783 2629 sed
2814 2580 2871 2627 et
2902 2568 3168 2641 purgandi
3199 2565 3431 2636 sangui-

1830 2672 1920 2727 nis
1975 2671 2215 2727 ollicium
2280 2670 2505 2740 explet,
2562 2674 2622 2722 ut
2668 2666 2742 2721 ob
2789 2664 2844 2719 id
2889 2674 2944 2718 et
2977 2659 3208 2717 alterius
3236 2672 3431 2718 causa,

1826 2765 2281 2821 constitutionem
2355 2762 2555 2817 sortita
2626 2773 2753 2815 esse
2819 2756 3102 2831 credatur.
3162 2751 3330 2823 Atqui
3379 2760 3436 2805 et

1828 2858 1970 2920 lirtt,
2002 2865 2118 2911 tum
2149 2855 2234 2911 sui
2277 2854 2476 2926 gratia,
2520 2862 2637 2907 tum
2673 2851 2910 2906 aliorum
2946 2851 3275 2919 procreatus
3309 2848 3429 2899 est:

1829 2948 1915 3003 sui
1946 2948 2193 3017 quidem,
2228 2944 2379 3016 quod
2419 2959 2527 2998 una
2556 2942 2889 3015 vegetalium
2915 2938 3179 3010 partium,
3217 2944 3273 2990 et
3300 2942 3436 2988 atr:r

1829 3040 1957 3094 bilis
1997 3036 2409 3106 receptaculum
2442 3042 2560 3099 est;
2598 3032 2745 3103 quod
2777 3042 2963 3085 autem
3006 3032 3432 3095 exsuperantem

1830 3130 2124 3200 sanguinis
2154 3128 2441 3183 materiam
2475 3126 2543 3181 ad
2578 3140 2639 3180 se
2661 3121 2914 3183 attrahit,
2942 3130 2998 3174 et
3020 3119 3202 3189 ipsum
3228 3114 3436 3185 alioqui

1830 3227 2112 3298 puriorem
2138 3225 2340 3287 reddit,
2359 3224 2428 3278 ad
2453 3223 2560 3278 hoc
2584 3222 2745 3294 quasi
2775 3228 2828 3276 et
2862 3218 3100 3273 aliorum
3126 3229 3294 3270 causa
3322 3214 3439 3283 ipse

1833 3318 2169 3375 constitutus
2225 3316 2461 3371 videtur.
2516 3313 2593 3378 Et
2620 3328 2782 3369 renes
2816 3310 2922 3381 ipsi
2958 3304 3264 3378 depurandi
3300 3319 3437 3359 sau-

1804 3409 2024 3481 .guinis
2058 3408 2248 3462 munia
2283 3407 2543 3477 explent,
2570 3412 2627 3459 rt
2666 3401 2931 3481 desiderii
2974 3397 3213 3471 coeundi
3264 3410 3439 3452 causa

123 3510 338 3565 ριγμα·
380 3493 476 3546 καὶ
515 3494 564 3547 οἱ
600 3492 795 3563 δνυχες
831 3493 994 3563 χάριν
1027 3491 1123 3545 τοῦ
1154 3490 1481 3563 κνήθεσθαι,
1518 3492 1616 3545 καὶ
1647 3492 1724 3556 είς

1835 3480 2129 3556 exsistunt.
2164 3499 2295 3555 ltcm
2330 3499 2515 3555 carnis
2546 3480 2921 3553 revulutio'nes
2941 3534 2956 3558 ,
2985 3492 3038 3547 id
3066 3502 3153 3547 est
3178 3488 3435 3553 tonsillae,

120 3586 445 3655 ἀντίληψιν·
486 3587 581 3639 καὶ
612 3587 667 3640 ai
701 3587 889 3657 τρίχες
910 3587 1115 3657 ὁμοίως
1147 3589 1228 3649 εἰς
1248 3586 1479 3654 ,σκέπην
1500 3585 1599 3638 καὶ
1638 3584 1731 3637 κό-

125 3694 305 3749 σμονσ
354 3680 403 3731 οἱ
442 3664 728 3749 ὀφθαλμοὶἱ
754 3678 846 3733 διὰ
897 3678 997 3749 τὴν
1034 3679 1230 3749 ὅρασιν
1254 3693 1269 3707 ·
1318 3677 1390 3731 τὰ
1428 3672 1546 3731 ὦτα
1570 3678 1732 3749 χάριν

124 3772 233 3842 τῆς
265 3752 441 3840 ἀκοῆς
464 3788 479 3802 ·
512 3773 545 3842 ἡ
577 3773 663 3843 ῥὶς
695 3772 789 3827 διὰ
806 3772 912 3843 τὴν
937 3770 1219 3842 ἀναπνοὴν
1254 3771 1350 3824 καὶ
1388 3770 1488 3843 τὴν
1514 3770 1729 3842 ὀσφρη-

128 3881 219 3917 σιν
244 3880 259 3894 ⁸
292 3866 321 3917 ὁ
360 3850 545 3935 θώραξ
576 3864 665 3919 διὰ
720 3864 825 3937 τὴν
875 3863 981 3934 τῆς
1015 3863 1244 3934 καρδίας
1290 3864 1603 3935 ὑπηρεσίαν
1629 3881 1643 3895 ο
1675 3864 1732 3918 al

125 3960 317 4029 χεῖρες
345 3958 432 4011 διὰ
470 3960 568 4021 τὰς
616 3957 915 4029 εἰρημένας
945 3957 1135 4029 χρείας
1155 3972 1170 3988 ⁸
1228 3958 1325 4011 καὶ
1352 3958 1401 4011 οί
1449 3955 1612 4019 πόδες
1644 3955 1733 4010 διὰ

127 4052 233 4123 τὴν
276 4050 621 4121 μετάϐασιν
660 4052 693 4121 ἡ
736 4050 963 4119 γλῶσσα
1013 4049 1104 4104 διὰ
1132 4049 1235 4122 τὴν
1284 4050 1479 4104 λαλιάν
1504 4049 1574 4102 ⁸⁸.
1621 4048 1733 4120 Τὴν

128 4143 391 4212 γλῶσσαν
412 4142 470 4196 δὲ
493 4141 582 4196 διὰ
617 4142 680 4196 τδ
712 4142 988 4214 προπετὲς
1027 4143 1203 4213 αὐτῆς
1250 4142 1347 4197 καὶ
1394 4142 1729 4211 ἀφύλακτον,

131 4236 230 4290 καὶ
263 4234 406 4289 ὥστε
439 4234 514 4305 μὴ
549 4235 878 4307 προτρέχειν
902 4236 1007 4305 τῆς
1030 4220 1294 4301 διανοίας,
1326 4235 1529 4298 δισσῶς
1561 4235 1735 4304 αὐτὴν

129 4326 505 4398 ἠσφαλίσατο·
540 4328 638 4396 τὴν
668 4326 777 4380 τῶν
798 4327 1030 4379 ὀδόντων
1054 4326 1372 4396 πυκνότητα
1408 4326 1599 4398 ὥσπερ
1628 4344 1734 4396 φυ-

130 4418 311 4488 λακὴν
346 4419 380 4489 ἢ
416 4420 622 4489 τειχίον
654 4418 795 4487 αὐτῇ
841 4418 1169 4488 ἐπιστήσας,
1198 4418 1296 4471 καὶ
1334 4419 1402 4471 τὰ
1448 4418 1603 4490 χείλη
1642 4417 1736 4471 θυ-

134 4496 362 4581 ροῦντα,
390 4510 487 4564 καὶ
532 4514 590 4565 ἐν
621 4513 853 4581 περιοχῇ
902 4509 1107 4578 ταύτην
1140 4509 1502 4580 φυλάττοντα,
1544 4511 1631 4564 ἵνα
1659 4511 1736 4583 μὴ

132 4602 350 4665 ἁπλῶς,
398 4602 521 4655 καὶ¹
548 4602 624 4664 ὡς
662 4602 853 4672 ἔτυχεν
882 4602 937 4634 ⁸⁸
980 4600 1315 4670 φθέγγηται.
1368 4603 1479 4656 Καὶ
1514 4603 1733 4669 ἁπαξα-

133 4692 291 4769 πλῶς
331 4693 400 4759 ⁸¹,
430 4692 585 4746 οὐδὲν
632 4692 788 4760 παρὰ
848 4691 1051 4747 σκοπὸν
1096 4692 1130 4762 ἢ
1178 4692 1413 4762 ἀνεργὲς
1446 4691 1600 4765 παρὰ
1635 4694 1731 4749 τοῦ

131 4784 399 4840 δεσπότου
424 4782 911 4854 δεδημιούργηται.

1840 3593 2069 3648 vascula
2113 3593 2231 3662 ipsa
2265 3607 2391 3661 qua:
2424 3590 2479 3645 in
2515 3604 2749 3661 corpore
2776 3595 2966 3643 nostro
3004 3595 3135 3641 sunt
3176 3596 3440 3653 superve-

1836 3687 2016 3751 niunt,
2048 3699 2180 3739 caro
2215 3698 2346 3738 vero
2378 3697 2479 3753 pro
2515 3679 2787 3737 velamine
2814 3686 2920 3743 est,
2952 3687 3008 3731 at
3047 3675 3188 3731 cutis
3236 3687 3443 3743 propu-

1840 3776 2087 3849 gnaculi,
2117 3792 2245 3832 ossa
2274 3790 2404 3830 vero
2439 3772 2775 3829 ﬁrmamenti
2816 3771 2993 3826 vicem
3032 3767 3297 3837 explent,
3339 3779 3440 3819 un-

1838 3884 1971 3942 gues
2002 3868 2282 3939 scalpendi
2308 3866 2674 3939 capiendique
2711 3880 2800 3921 res
2821 3863 2999 3937 gratia
3032 3859 3335 3915 exsistunt.
3357 3855 3440 3909 Ad

1836 3962 1975 4024 haec.
2005 3962 2101 4032 pili
2148 3960 2253 4030 ipsi
2284 3976 2393 4014 non
2430 3959 2596 4015 modo
2664 3954 2965 4028 tegumenti
2996 3966 3163 4007 causa
3187 3991 3203 4017 ,
3244 3963 3437 4004 verum

1837 4056 2002 4109 etiam
2022 4053 2239 4109 decoris
2255 4060 2407 4118 sunt;
2431 4051 2601 4116 oculi,
2626 4049 2705 4105 uti
2730 4048 2877 4103 visui
2908 4045 3235 4110 inserviant;
3255 4056 3440 4106 aures,

1840 4147 1912 4202 ob
1946 4147 2229 4213 auditum;
2258 4160 2467 4213 nasus;
2490 4160 2603 4216 quo
2632 4139 2987 4214 respiratioui
3010 4146 3066 4193 et
3097 4134 3325 4192 olfactui
3364 4133 3445 4186 fa-

1838 4238 2080 4293 muletur
2111 4254 2124 4291 :
2160 4237 2358 4292 thorax
2384 4275 2400 4303 ,
2434 4243 2497 4291 ut
2544 4234 2730 4291 cordis
2769 4230 3041 4289 inserviat
3095 4224 3443 4288 ministerio;

1842 4344 2067 4393 manus,
2100 4329 2179 4383 uti
2210 4344 2308 4383 eos
2340 4341 2483 4399 quos
2511 4326 2759 4381 diximus
2788 4338 2925 4380 usus
2945 4321 3221 4391 expleant.
3248 4315 3443 4379 Pedes,

1841 4420 1919 4475 uti
1973 4420 2042 4475 ad
2094 4420 2389 4475 transitum
2423 4418 2769 4481 sullicereut,
2805 4416 3142 4471 constitutos
3166 4425 3291 4465 esse
3328 4423 3450 4477 per-

1839 4519 2090 4581 spectum
2133 4510 2387 4565 habetur.
2424 4508 2697 4581 Linguam
2748 4515 2933 4562 autem
2967 4504 3144 4575 ipsam
3190 4498 3263 4554 ob
3293 4498 3450 4552 locu-

1841 4604 2070 4669 tionem,
2097 4601 2193 4657 sed
2217 4610 2272 4657 et
2304 4602 2376 4656 ob
2408 4602 2530 4671 ejus
2564 4600 2927 4672 petulantiam
2952 4638 2967 4663 ,
3014 4604 3070 4651 et
3110 4591 3258 4664 quod
3293 4604 3428 4645 com-

1840 4696 1989 4766 pesci
2022 4695 2315 4750 dilliculter
2336 4703 2526 4764 queat,
2559 4702 2613 4749 et
2645 4708 2713 4749 ne
2734 4691 3123 4761 cogitationem
3151 4684 3448 4757 praecedat.

1840 4791 2064 4857 gemino
2103 4797 2259 4858 septo
2312 4802 2572 4843 coercere
2629 4798 2844 4841 natura:
2892 4785 3073 4838 visum
3115 4788 3242 4843 est,
3276 4780 3451 4832 altero

134 4879 404 4950 quidem,
453 4878 696 4934 dentium
751 4878 1140 4949 spissitudine,
1188 4879 1389 4949 quibus
1452 4895 1574 4935 eam
1634 4883 1778 4937 mnri
1837 4884 1957 4940 vice
1991 4883 2150 4957 135
2186 4882 2607 4951 circumsepsit,
2665 4882 2840 4936 altero
2869 4878 3141 4933 labiorum
3181 4889 3307 4946 quae
3354 4886 3453 4927 cu-

135 4974 335 5032 stodire
370 4973 511 5043 ejus.
544 4989 644 5028 ceu
682 4974 863 5027 aeditui
894 4974 1182 5039 assistunt,
1211 4976 1512 5043 quominus
1535 4985 1764 5044 temere,
1787 4987 1954 5049 atque
1986 4988 2046 5033 ut
2093 4994 2217 5034 sors
2281 4978 2498 5043 tulerit,
2541 4976 2597 5030 in
2643 4974 2810 5030 verba
2883 4978 3227 5044 prorumpat.
3282 4964 3345 5019 Et
3395 4975 3453 5018 ιιι

138 5072 195 5123 in
230 5082 501 5121 summam
542 5066 609 5121 de
644 5068 915 5122 universis
945 5068 1196 5122 dicamus
1219 5109 1234 5131 ,
1277 5068 1412 5122 nihil
1458 5084 1488 5123 a
1543 5085 1726 5125 rerum
1758 5074 1955 5143 opitice
1983 5083 2213 5139 temere,
2242 5083 2295 5126 et
2333 5072 2481 5141 quod
2519 5069 2707 5139 aliqua
2750 5066 2913 5123 oﬂicii
2960 5063 3245 5118 iunctione
3268 5064 3449 5113 vacet,

139 5169 488 5231 procreatum
526 5167 631 5213 est.
2458 5176 2461 5179 ί

208 5250 399 5302 Ἰἀῦτα
435 5246 531 5303 οὖν
584 5251 762 5303 πάντα
805 5250 901 5304 καὶ
957 5250 1025 5303 τΞι
1063 5250 1228 5306 λοιπὰ
1252 5254 1296 5283 ⁸⁸
1329 5252 1424 5306 τοῦ
1480 5254 1724 5324 σώματος

1921 5250 2032 5307 llas
2060 5262 2243 5306 autem
2269 5266 2462 5306 innues
2494 5259 2549 5305 et
2572 5248 2818 5320 reliquas
2850 5247 3021 5302 totius
3048 5244 3298 5314 corporis
3323 5259 3454 5314 par-

144 5343 313 5413 μόρια
340 5341 463 5394 τότε
492 5342 757 5409 ὑγιαίνειν
782 5342 921 5394 αὐτὰ
945 5343 1037 5395 καὶ
1070 5343 1253 5406 καλῶς
1287 5344 1432 5414 ἔχειν
1466 5346 1724 5416 λιεγοινηςκ)¹

1851 5354 1932 5400 tes
1954 5386 1968 5410 ,
2023 5356 2153 5400 tunc
2205 5355 2351 5399 recte
2385 5344 2603 5410 valere,
2644 5358 2711 5398 ac
2736 5357 2863 5397 esse
2895 5338 3170 5410 perfectas
3187 5336 3451 5401 dicimus,

140 5436 276 5485 ὅταν
307 5432 607 5503 εὐκρασίαν
666 5433 767 5503 μὲν
811 5434 913 5506 ἔχῃ
961 5436 1019 5486 ὲν
1075 5438 1184 5497 τοῖς
1237 5437 1596 5509 ὁμοιομερὲσι
1637 5443 1724 5492 καί

1847 5452 1975 5491 cum
2010 5436 2277 5490 similaria
2303 5451 2367 5489 ae
2390 5434 2661 5505 simplicia
2681 5430 2889 5489 bonum
2927 5437 3450 5500 temperamentum,

144 5520 339 5585 ἁπλοῖς
358 5538 373 5552 ο
390 5526 744 5594 συμμετρίων
768 5524 826 5577 δὲ
848 5524 894 5556 ⁸³
923 5526 981 5576 ὲν
1004 5528 1116 5588 τοῖς
1148 5526 1424 5588 συνἽὲτοις
1444 5528 1539 5580 καὶ
1564 5530 1724 5598 ὀργα-

1849 5529 2156 5599 composita
2183 5544 2315 5583 vero
2342 5542 2409 5583 ac
2446 5524 2891 5583 instrumentalia
2926 5524 3271 5579 moderatum
3308 5521 3455 5576 ordi-

224 5703 266 5735 "
311 5705 592 5775 φωνητικὰ
631 5704 688 5758 Β.
771 5706 813 5736 ⁵⁸
848 5709 1031 5775 φωνῆς
1074 5706 1133 5758 Β.
1214 5707 1254 5736 ³¹
1291 5709 1441 5773 μῖξαι
1467 5710 1528 5761 Λ.

150 5773 196 5804 ⁸⁸
246 5772 449 5841 μορίων
475 5774 516 5826 Β
546 5775 604 5827 Ρ.
680 5776 725 5807 ⁸⁶
759 5776 871 5837 πῶς
912 5772 1057 5829 δοκεῖ
1089 5776 1144 5828 li.

148 5844 205 5889 σί.
220 5844 518 5908 ﬂuuii/.63;
542 5844 582 5897 Α
595 5887 605 5898 .

1614 5710 1655 5740 ³³
1700 5712 1793 5764 καὶ
1845 5712 2067 5765 πὰντων
2106 5713 2167 5767 Β.
2247 5713 2292 5745 ⁸³
2324 5711 2393 5763 τὰ
2441 5712 2497 5765 δὲ
2544 5712 2613 5764 δι’
2656 5712 2825 5765 ἑαυτὰ
2877 5711 2938 5765 Β.
3016 5711 3059 5743 ⁵⁸
3092 5711 3349 5779 συνεργεῖ
3392 5709 3449 5763 ll.

1326 5780 1623 5857 ὑίῖῖῗάναι
1733 5781 1791 5837 1⁵.
1898 5784 1941 5813 ³⁵⁸
1978 5782 2105 5838 καθ.
2160 5786 2266 5837 εἰσὶ
2301 5783 2339 5834 Β
2368 5782 2430 5836 1³.
2530 5782 2575 5845 δέ
2604 5784 2717 5839 hinc
2742 5802 2849 5838 unt.
2890 5786 2954 5837 Δ.
3058 5782 3103 5812 ³⁰
3128 5778 3287 5852 ἔτυχε
3316 5779 3354 5834 Β
3388 5778 3450 5837 ι’.

685 5849 727 5878 ⁵³
750 5848 841 5899 καὶ
868 5847 1040 5900 πάντκ
1072 5848 1135 5900 τὰ
1158 5848 1207 5901 λ.
1232 5847 1289 5899 ll.
1366 5851 1409 5881 ³³³
1437 5849 1491 5902 δὲ
1514 5866 1622 5902 um.
1645 5849 1705 5905 Β.
