4178 6482
755 455 897 514 I975

1980 444 2263 502 ΜΕΝ-2⁸1⁵11
2305 433 2617 496 MONACHI

3875 421 4027 479 {376

754 587 879 629 nem
950 573 1255 627 sortiuntur
1287 584 1301 621 :
1331 566 1642 638 siquidem,
1697 578 1824 620 cum
1879 560 2323 619 instrumentales

2438 555 2618 614 uxoi;.
2667 549 2762 602 Ἐκ
2795 547 2902 618 γάρ
2923 545 3033 598 τῶν
3060 540 3406 613 ὁμοιομερῶν
3436 537 3775 638 συγκείμενα
3810 535 3893 589 τά
3934 536 4024 606 ὀρ-

755 669 937 734 partes
957 678 1024 717 ex
1045 657 1379 716 similaribus
1411 655 1726 726 composita:
1762 654 1891 717 sint,
1914 659 2102 709 eorum
2142 661 2197 707 et
2229 650 2324 706 mi-

755 752 1038 809 nisterium
1097 749 1360 805 sentiunt.
1401 746 1564 803 Verbi
1608 746 1783 818 gratia
1814 786 1831 811 ,
1889 761 1988 800 cor
2019 783 2036 809 ,
2065 759 2191 799 cum
2240 742 2324 796 in-

757 842 1134 917 strumentalis
1160 856 1287 912 pars
1306 878 1322 904 ,
1365 837 1532 894 totius
1561 836 1812 906 corporis
1851 837 2006 905 origo
2032 844 2087 890 et
2122 832 2326 904 princi-

756 928 904 1008 pium
926 933 1020 1000 sit,
1043 933 1260 989 arteriae
1281 946 1347 987 ac
1385 930 1580 985 tborax
1615 927 1691 982 illi
1733 926 2060 991 inserviunt,
2096 939 2223 979 nam
2253 922 2326 978 ah

756 1023 975 1080 arteriis
1001 1031 1174 1078 totum
1199 1034 1401 1089 corpus
1427 1018 1748 1090 sanguinem
1785 1015 1917 1080 sibi,
1949 1030 2014 1070 ac
2047 1013 2324 1085 spiritum,

755 1129 878 1184 quae
898 1129 931 1168 a
963 1110 1130 1168 corde
1151 1117 1477 1180 suggerunt,
1507 1107 1749 1162 vindicat
1777 1124 1792 1161 :
1825 1106 2021 1162 thorax
2055 1120 2206 1170 vero,
2240 1103 2328 1160 sui

756 1202 1181 1273 compressione.
1197 1199 1639 1268 dilatationeque,
1655 1212 1850 1268 purum
1862 1211 2043 1253 aerem
2060 1195 2127 1251 ad
2146 1194 2327 1267 ipsum

756 1307 855 1349 cor
904 1290 1160 1349 demittit.
1205 1290 1444 1347 Cerebro
1498 1289 1690 1359 utique
1731 1287 1884 1344 nervi
1932 1297 1987 1342 et
2022 1286 2174 1343 dorsi
2213 1299 2331 1340 rne-

757 1383 928 1449 dnlia,
979 1383 1214 1454 jeciuoi-i
1262 1397 1454 1447 venae,
1497 1380 1726 1437 testibus
1783 1378 2077 1434 seminales
2114 1386 2329 1432 meatus

760 1473 1118 1530 famulantur.
1147 1471 1272 1530 Haec
1299 1473 1443 1528 enim
1470 1470 1716 1542 corporis
1749 1469 2034 1540 principia,
2057 1476 2111 1523 ct
2138 1468 2331 1523 dicun-

761 1575 881 1629 tur,
931 1576 988 1621 et
1038 1574 1197 1629 sunt,
1249 1573 1308 1621 ut
1349 1564 1499 1636 prius
1557 1561 1899 1618 ostendimus
1940 1559 2331 1631 :cartilagines

761 1667 967 1724 autem,
989 1671 1110 1726 quze
1132 1672 1229 1727 per
1252 1664 1424 1710 totum
1458 1669 1659 1726 corpus
1680 1662 1828 1720 sunt,
1847 1666 2077 1722 corpora
2109 1651 2330 1707 ossibus

761 1747 1008 1803 molliora
1035 1787 1050 1813 ,
1088 1747 1349 1802 carnibus
1399 1761 1528 1802 vero
1579 1745 1735 1815 longe
1767 1743 1998 1800 sicciora
2037 1742 2328 1796 habentur.

762 1839 834 1895 At
858 1827 1044 1894 carnis
1075 1838 1464 1902 revolutiones,
1499 1850 1595 1892 seu
1625 1834 1858 1891 tonsillae
1891 1835 2184 1904 spongiosa
2213 1848 2336 1887 cor-

2423 641 2626 714 γανικά
2682 638 2788 694 ὑπὸ
2838 637 3045 692 τούτων
3082 634 3459 707 ὑπηρετεῖται.
3506 625 3665 693 Οἷον,
3713 629 3749 698 η
3806 628 4025 698 scapo“.

2424 734 2569 804 ἀρχή
2607 733 2724 785 ἐστι
2753 727 2850 782 τοῦ
2879 726 3158 798 σώματος,
3195 728 3292 778 καὶ
3327 721 3650 794 όργανικόν·
3698 718 4026 790 ὑπηρετοῦ-

2425 839 2512 877 σιν
2537 820 2631 876 οὖν
2659 821 2798 890 αὐτῇ
2837 816 3101 889 ἀρτηρίαι
3145 815 3242 868 καὶ
3290 811 3497 882 θώραξ.
3566 807 3862 880 ’Δρτηρίαι
3917 804 4025 878 μὲν

2424 911 2762 985 χορηγοῦσαι
2787 909 2866 982 τῷ
2905 907 3072 964 παντὶ
3095 907 3313 977 σώματι
3341 899 3504 976 αἷμα,
3553 904 3648 957 καὶ
3683 899 3915 971 πνεῦμα
3956 898 4025 950 τὸ

2427 1006 2486 1073 ἐξ
2513 1004 2686 1074 αὐτῆς
2716 1019 2730 1035 ⁶
2763 1001 2946 1072 θώραξ
2972 998 3052 1064 δὲ,
3075 998 3164 1052 διά
3191 998 3292 1067 τῆς
3311 995 3576 1066 συστολῆς
3603 996 3698 1049 καὶ
3717 989 4024 1059 διαστολῆς

2427 1096 2737 1164 ἐπεισάγων
2783 1093 2920 1163 αὐτῇ
2945 1092 2992 1125 ⁵⁸
3025 1090 3164 1161 ἀέρα
3215 1088 3478 1159 καθαρόν.
3522 1087 3818 1156 Ὑπηρετεϊ
3873 1084 3937 1137 δὲ
3970 1081 4023 1114 ⁸⁸

2409 1185 2738 1256 ¹ἐγκεφάλου
2772 1183 2842 1236 τά
2874 1181 3062 1253 νεῦρα,
3105 1179 3200 1232 καὶ
3231 1180 3262 1232 ό
3293 1179 3546 1241 νωτιαϊος
3571 1192 3585 1207 ·
3618 1175 3794 1246 ἥπατι
3837 1173 3927 1237 δὲ,
3961 1176 4026 1227 αἱ

2429 1275 2654 1345 φλέϐεςο
2673 1277 2791 1337 τοῖς
2812 1273 2870 1327 δὲ
2896 1272 3140 1344 ὄρχεσιν,
3161 1271 3211 1323 ot
3235 1268 3604 1339 σπερματικοὶ
3625 1265 3804 1337 πόροι.
3822 1262 4028 1318 Ταῦτα

2429 1367 2540 1437 γάρ
2565 1367 2731 1438 ἀρχαὶ
2771 1363 2868 1418 τοῦ
2903 1362 3161 1434 σώματος
3206 1360 3304 1415 καὶ
3352 1358 3401 1392 ⁸⁸
3427 1359 3699 1428 λέγονται,
3734 1357 3835 1412 καὶ
3887 1355 4027 1417 εἰσὶ,

2431 1454 2615 1517 καθὼς
2643 1451 2929 1522 ἐδείξαμεν
2968 1448 3196 1505 ὄπισθεν
3222 1450 3268 1482 ⁵⁷
3289 1465 3304 1480 ⁸
3335 1449 3384 1503 οἱ
3407 1447 3465 1502 δὲ
3496 1447 3640 1502 κατά
3671 1445 3881 1508 παντὸς
3918 1443 4028 1497 τοῦ

2433 1547 2684 1618 σώματος
2722 1544 2960 1617 χόνδροι,
3000 1541 3232 1614 σώματα
3279 1541 3409 1608 sici,
3443 1538 3536 1594 τοῦ
3571 1539 3672 1611 μὲν
3699 1536 3868 1592 ὀστοῦ
3917 1553 4031 1605 μα-

2430 1637 2739 1709 λακώτερα,
2775 1635 2878 1705 τῆς
2903 1633 2963 1689 δὲ
2998 1633 3201 1706 σαρκὸς
3222 1631 3592 1702 διαφερόντως
3622 1626 3924 1700 ξηρότερα.
3957 1627 4028 1678 Οἱ

2431 1731 2489 1784 δὲ
2509 1729 2736 1794 ἀδένεςγ
2752 1726 2987 1798 σώματα
3014 1723 3306 1794 σπογγὼδη
3352 1721 3483 1788 eici,
3533 1719 3630 1774 τοῦ
3663 1719 3762 1789 μὲν
3788 1716 4028 1788 χόνδρου

2436 1819 2828 1892 μαλακώτερα,
2882 1815 3227 1888 σκληρότερα
3277 1812 3334 1867 δὲ
3357 1815 3460 1882 τῆς
3492 1811 3716 1882 σαρκός.
3748 1809 4032 1875 Διάφορος

762 1945 896 1999 pora
923 1938 1086 1994 sunt,
1120 1945 1244 2000 quae
1269 1927 1591 1999 cartilagine
1622 1926 1842 1998 quidem
1884 1927 2000 1996 ipsa
2056 1925 2327 1991 molliora,

2441 1911 2500 1964 δὲ
2531 1908 2737 1964 τούτων
2767 1909 2802 1978 ἡ
2835 1906 3018 1978 χρεία.
3047 1906 3110 1959 0i
3141 1904 3242 1976 μὲν
3274 1903 3383 1973 γάρ
3410 1900 3531 1956 ἀντὶ
3561 1899 3784 1967 στοιδῆς
3817 1895 4035 1966 ὲτάγη-

761 2021 1010 2076 carnium
1057 2035 1185 2076 vero
1231 2029 1424 2074 natura
1471 2019 1636 2089 paulo
1681 2017 1906 2073 duriora
1946 2026 2095 2081 sunt,
2134 2015 2330 2070 harum

761 2112 964 2183 quippe
1020 2127 1156 2168 usus
1206 2111 1455 2166 diversus
1500 2110 1750 2165 habetur.
1805 2107 1942 2163 Nam
1976 2108 2224 2178 quaedam
2265 2123 2334 2163 ex

764 2211 918 2280 ipsis,
940 2210 1154 2274 mediae,
1180 2209 1320 2263 inter
1365 2209 1587 2264 vascula
1631 2222 1754 2278 quae
1784 2221 1956 2262 venas
1995 2207 2336 2274 arteriasque.

766 2300 1136 2384 appellamus,
1171 2299 1514 2362 consistunt.
1560 2298 1809 2370 quaedam
1837 2312 1988 2358 vero,
2022 2312 2120 2352 ceu
2160 2297 2340 2351 cubile

766 2389 902 2458 ipsis
927 2387 1241 2458 ‘subjacent.
1263 2387 1414 2443 Aiias
1444 2388 1597 2453 item,
1627 2385 1894 2441 obeundae
1920 2385 2153 2454 alicujus
2173 2387 2342 2440 actio-

766 2480 852 2535 is
883 2495 1050 2535 causa
1092 2488 1288 2534 natura
1328 2479 1576 2550 protulit,
1609 2487 1668 2532 ut
1696 2493 1817 2547 quae
1848 2477 1900 2531 in
1929 2477 2143 2547 papillis
2176 2486 2342 2542 sunt,

764 2585 1002 2641 quarum
1031 2569 1209 2627 ollicio
1261 2571 1486 2642 sanguis
1507 2569 1560 2626 in
1592 2570 1679 2624 lac
1703 2576 2094 2624 commutatur.
2119 2568 2190 2623 At
2218 2569 2341 2623 alia:

769 2665 823 2718 in
871 2664 1100 2719 testibus
1147 2671 1304 2727 sunt,
1355 2677 1477 2734 quae
1521 2661 1756 2734 genitale
1799 2676 1982 2716 semen
2026 2660 2338 2731 perﬁciunt.

771 2753 911 2809 Sunt
942 2753 1076 2809 etin
1122 2753 1238 2810 oris
1279 2753 1550 2824 angustiis
1594 2752 1825 2811 tonsillae
1872 2751 2024 2817 aliae,
2065 2766 2097 2805 a
2142 2750 2344 2819 quibus

770 2841 944 2898 saliva
982 2843 1295 2898 necessario
1321 2841 1695 2898 constituitur.
1732 2838 1797 2894 Et
1842 2840 2100 2910 quoniam
2136 2839 2342 2893 vocali-

771 2933 876 2989 bus
922 2932 1332 2998 instrumentis,
1374 2947 1441 2992 ex
1465 2931 1686 2987 assiduo
1717 2939 1862 2982 motu
1888 2929 2340 2991 siccesccntibus,

769 3033 876 3072 vox
895 3017 1165 3089 intercipi.
1183 3029 1239 3073 et
1262 3034 1394 3074 usus
1412 3018 1700 3073 verborum
1729 3017 1960 3073 deiicere
1991 3018 2155 3084 solet,
2179 3017 2344 3087 hujus

773 3110 970 3180 gratia,
1008 3110 1241 3165 musculi
1273 3109 1654 3180 qui‘salivares
1675 3109 1934 3165 dicuntur
1956 3125 2081 3164 cum
2111 3108 2346 3164 tonsillis

774 3202 831 3256 in
878 3215 975 3257 ore
1014 3202 1325 3256 consistunt
1346 3239 1362 3264 ,
1395 3211 1454 3254 ut
1484 3208 1601 3254 toto
1628 3215 1725 3256 ore
1754 3199 1824 3253 ab
1850 3199 1988 3269 ipsis
2013 3198 2344 3262 humectato,

2443 2019 2544 2056 σαν
2573 1997 2713 2055 εἶναι
2748 1997 2954 2068 μεταξὺ
2983 1996 3094 2050 τῶν
3126 1993 3396 2063 ἀγγείων
3425 1993 3476 2046 οἱ
3504 1992 3561 2045 δὲ
3589 1987 4033 2058 ὐπεστρώθησαν

2442 2096 2556 2158 τοῖς
2585 2090 2848 2162 ἀγγείοις.
2878 2087 2992 2144 οἷον
3019 2087 3182 2158 φλεψὶ
3208 2086 3304 2160 καὶ
3330 2083 3624 2156 ἀρτηρίαις
3643 2099 3658 2113 ·
3680 2080 3833 2137 ἄλλοι
3854 2079 3914 2131 δὲ
3931 2078 4034 2130 καὶ

2444 2186 2609 2258 χάριν
2683 2183 2974 2254 ,ἐνεργείας
3045 2179 3334 2249 ἐγένοντο,
3390 2176 3580 2246 ὥσπερ
3641 2175 3690 2226 oi
3765 2176 3827 2227 ἐν
3908 2173 4034 2230 τοῖς

2444 2277 2648 2340 τιτθοϊς
2668 2277 2714 2308 ⁵³
2740 2274 2790 2329 οἳ
2821 2274 2884 2328 τὺ
2911 2263 3051 2343 αἷμα
3082 2272 3164 2334 εἰς
3200 2270 3262 2324 τδ
3291 2270 3336 2302 ⁸⁸
3365 2269 3512 2337 γάλα
3543 2265 3990 2338 μεταϐάλλουσιν

2445 2371 2541 2423 καὶ
2572 2370 2621 2422 oi
2654 2369 2712 2421 ὲν
2740 2368 2853 2429 τοῖς
2883 2365 3122 2435 ὄρχεσιν,
3155 2362 3205 2416 οἳ
3236 2360 3454 2415 ποιοῦσι
3476 2360 3536 2413 τὺ
3565 2357 3785 2429 σπέρμα
3804 2373 3821 2387 ο
3853 2355 3953 2408 καὶ
3980 2355 4033 2407 ei

2444 2462 2504 2513 ἐν
2529 2461 2642 2520 τοῖς
2673 2456 3049 2526 παρισθμίοις,
3075 2454 3124 2518 οἳ
3156 2454 3248 2508 τὸν
3282 2451 3458 2507 σίελον
3489 2449 3804 2517 ἀναγκαίως
3836 2443 4036 2499 ποιοῦ-

2447 2568 2551 2608 σιν.
2593 2548 2810 2620 Ἐπειδὴ
2845 2549 2955 2618 γάρ
2984 2549 3048 2601 ἐκ
3078 2547 3179 2616 τῆς
3212 2540 3473 2613 συνεχοῦς
3520 2541 3788 2610 κινήσεως
3811 2538 3884 2591 τά
3912 2554 4035 2605 φω-

2446 2639 2646 2708 νητικά
2670 2638 2880 2710 ὄργανα
2902 2635 3269 2708 ξηραινόμενα
3295 2634 3418 2704 ἱστᾷ
3441 2633 3542 2698 τὴν
3566 2631 3772 2701 φωνὴν,
3800 2629 3900 2682 καὶ
3926 2628 4034 2699 τὴν

2448 2730 2667 2802 ὁμιλίαν
2691 2731 2995 2800 διακρατεῇ
3024 2726 3216 2780 τούτου
3233 2723 3396 2795 χάριν
3428 2725 3477 2776 οἱ
3500 2721 3730 2775 σιελίται
3762 2719 3900 2790 μῦες
3929 2720 4036 2772 σὺν

2448 2821 2632 2876 ἁδέσιν
2688 2818 2839 2881 ὲντὸς
2867 2817 2962 2870 τοῦ
3006 2817 3275 2886 στόματος
3307 2814 3353 2846 ⁸ο
3395 2815 3606 2868 κεῖνται
3634 2813 3699 2874 ⁶¹,
3728 2811 3815 2863 ἵνα
3855 2809 4033 2864 καθυ-

2450 2911 2764 2984 γραίνουσιν
2790 2911 2835 2941 ⁸⁸
2863 2909 2988 2962 ὅλον
3021 2907 3084 2960 τὸ
3111 2909 3288 2975 στόμα
3320 2905 3416 2958 καὶ
3448 2903 3547 2973 τὴν
3569 2902 3858 2974 ἀρτηρίαν,
3895 2902 4035 2971 πρὸς

2451 3004 2791 3073 ἐκφωνήσεις
2819 3001 2917 3053 καὶ
2946 2997 3188 3069 ὁμιλίας,
3227 2996 3324 3051 καὶ
3362 2995 3704 3065 παρέκτασιν
3732 2993 3934 3060 λόγων.
3969 2991 4031 3044 Ei

2457 3095 2533 3166 μὴ
2585 3093 2695 3164 γὰρ
2733 3091 2780 3123 ⁸³
2809 3088 2968 3143 τοῦτο
3019 3088 3173 3159 παρά
3203 3085 3300 3140 τοῦ
3351 3085 3612 3154 Τεχνίτου
3656 3084 3756 3153 τῆς
3812 3083 4031 3150 φύσεως

2455 3187 2747 3258 ἐπενοήθη,
2775 3184 2833 3249 ἐξ
2857 3181 3078 3254 ὁμιλίας
3114 3181 3340 3252 μικρᾶς,
3384 3178 3417 3250 ἢ
3460 3178 3718 3250 ῥημάτων
3738 3174 3959 3244 ὀλίγων,
3994 3175 4028 3243 ἢ

772 3308 966 3364 aspera
987 3294 1189 3349 arteria
1208 3295 1274 3349 ad
1295 3293 1541 3348 eamdem
1557 3306 1771 3351 vocem.
1803 3305 1867 3345 ac
1898 3290 2166 3345 sermonis
2187 3304 2345 3343 usum

2461 3278 2730 3350 μελῳδίας
2763 3275 2861 3346 οὐχ
2905 3272 3119 3344 ἱκανῆς,
3166 3271 3384 3340 ἄφωνος
3416 3271 3445 3323 ό
3503 3267 3790 3339 ἄνθρωπος
3830 3265 4031 3328 εὐθέως

776 3382 1016 3453 vegetior
1080 3376 1790 3450 a'ctuosiorquereddatur.
1854 3377 1971 3434 Nisi
2017 3379 2162 3433 enim
2223 3378 2355 3432 huic
2459 3371 2696 3445 ἐγένετο.

776 3449 876 3541 rei,
907 3482 1117 3530 natura:
1161 3449 1391 3544 Opiﬁcis,
1418 3486 1551 3527 cura
1585 3470 1746 3541 136
1818 3471 1922 3526 hoc
1977 3479 2137 3540 pacto
2210 3465 2598 3531 consuluisset,
2634 3462 2800 3517 homo
2859 3472 2929 3514 ex
2954 3455 3174 3512 modico
3197 3452 3395 3525 qu0vis
3461 3449 3732 3508 sermonis
3777 3463 3904 3512 usu,
3936 3460 4032 3501 nec

775 3565 948 3621 multo
978 3565 1128 3621 vocis
1154 3563 1545 3631 modulamine,
1576 3564 1629 3618 iu
1654 3579 1784 3619 voce
1812 3564 1926 3634 ipsa
1955 3564 2228 3635 jacturam
2254 3565 2550 3633 pateretur.

849 3655 954 3712 Sed
993 3672 1118 3712 cum
1156 3657 1272 3712 base
1341 3655 1653 3728 hujusmodi
1703 3657 1969 3728 disposita
2020 3658 2350 3724 habeantur,

2541 3648 2716 3705 Ἀλλά
2759 3646 2966 3701 τούτων
3009 3641 3185 3706 οὕτως
3234 3640 3529 3712 κειμένων,
3571 3638 3681 3711 καὶ¹
3714 3634 3801 3704 ἐφ’
3855 3634 4032 3687 ἱκανὸν

777 3748 844 3804 ad
866 3763 1062 3804 sonum
1089 3747 1388 3814 edendum,
1414 3725 1681 3818 quantum
1708 3725 1927 3818 expedit
1955 3765 2057 3804 vox
2079 3747 2345 3803 suﬂicien

2463 3744 2789 3816 φθέγγεται,
2816 3738 2911 3792 καὶ
2935 3737 2991 3799 ἐς
3025 3734 3160 3805 ὕψος
3182 3733 3329 3804 αἴρει
3357 3731 3565 3800 φωνην,
3597 3728 3692 3782 καὶ
3723 3728 3782 3779 ἐν
3812 3725 4030 3795 essm:

779 3839 1045 3908 redditur,
1067 3856 1233 3912 quam
1264 3855 1369 3897 nos
1399 3849 1457 3896 et
1499 3840 1664 3896 altius
1698 3840 1967 3905 attollere,
1998 3849 2053 3896 et
2079 3840 2196 3911 ejus
2223 3854 2356 3895 con-

780 3941 965 4000 centu,
993 3933 1334 3988 audientium
1363 3931 1592 3988 auribus
1618 3931 1873 3998 blandiri,
1905 3931 2134 4002 illaque.
2162 3931 2358 3998 volup-

2456 3815 2642 3908 φωνῆς
2670 3833 2903 3904 διαρκεῖ·
2938 3830 3034 3882 καὶ
3059 3827 3188 3890 τοὺς
3217 3823 3522 3886 ἀκούοντας
3546 3820 3761 3892 τέρπει,
3795 3818 3890 3871 καὶ
3921 3815 4030 3886 ἠδο-

2462 3907 2562 3999 νὴν
2595 3923 2906 3994 ὲναφίησιν.
2937 3921 3003 3975 Et
3031 3919 3144 3989 γὰρ
3180 3919 3276 3971 καὶ
3307 3914 3563 3986 ἡδύνουσι
3591 3911 3834 3978 τέττιγες
3862 3909 3907 3940 ⁸⁸
3944 3907 4032 3999 καί

782 4032 949 4079 tatem
1022 4023 1216 4078 aﬂerre
1267 4038 1378 4078 non
1429 4023 1699 4078 modicam
1731 3998 2045 4093 possumus.
2095 4021 2345 4088 Quamvis

2461 3998 2710 4088 ἀηδόνες,
2739 4014 2834 4068 καὶ
2855 4013 2942 4067 ἒτε
2952 4029 3021 4082 ρα
3045 4009 3163 4076 ζῶα
3185 4011 3232 4042 ⁸⁸
3251 4009 3343 4062 τὸν
3370 4006 3467 4062 ἄινο
3477 4021 3680 4076 ρωπον,
3713 4001 3852 4056 ἀλλά
3879 3998 4032 4054 xxi.“

781 4113 930 4168 enim
957 4111 1196 4178 cicadas,
1230 4121 1286 4168 et
1316 4113 1664 4184 philomelas,
1697 4127 1797 4166 nec
1825 4125 1936 4166 non
1975 4112 2234 4181 pleraque
2255 4109 2345 4164 alia

2460 4105 2885 4177 διαφερόντωςὸ
2911 4101 3200 4174 ἄνθρωπος
3225 4097 3385 4152 τοῦτο
3415 4097 3583 4160 ποιεῖ,
3613 4094 3642 4147 ὃ
3671 4094 3766 4148 καὶ
3791 4094 4030 4162 Ὄμηρος

783 4219 849 4258 ex
903 4202 1086 4258 avium
1134 4217 1335 4274 genere
1357 4245 1372 4270 ,
1411 4203 1694 4259 hominum
1729 4202 1957 4259 auribus
1980 4244 1997 4271 ,
2041 4202 2193 4257 vocis
2225 4216 2363 4256 con-

2465 4196 2836 4266 ἐπιστάμενος
2866 4194 3021 4261 ἔλεγε
3035 4209 3050 4224 ·

782 4300 990 4358 centu,
1039 4292 1365 4347 suavitatem
1420 4293 1712 4364 quamdam
1767 4292 2014 4363 ingerere
2051 4291 2361 4354 cernimus,
2416 4297 2658 4343 attamen
2710 4286 2872 4356 longe
2893 4285 3052 4338 aliter
3102 4282 3270 4336 homo
3298 4280 3406 4335 tale
3444 4292 3680 4341 munus,
3717 4289 3883 4344 quam
3925 4274 4031 4344 ipsa

786 4382 1048 4438 animalia
1085 4384 1426 4454 exsequitur,
1457 4383 1916 4454 quemadmodum
1945 4380 2213 4438 Homerus
2261 4380 2494 4451 hujusce
2522 4378 2600 4434 rei
2635 4377 2844 4448 peritus
2879 4374 3138 4433 asseruit.
3163 4386 3286 4426 cum
3318 4368 3528 4439 inquit:

952 4498 1031 4571 At
1056 4514 1165 4571 ros,
1189 4515 1219 4552 ο
1226 4498 1464 4567 juvenes,
1491 4499 1725 4552 divinum
1763 4498 2010 4571 accersite
2033 4509 2221 4561 ralem,

966 4564 1067 4622 Cui
1102 4564 1237 4620 deus
1254 4579 1310 4622 ut
1343 4578 1503 4622 cantu
1533 4578 1841 4621 cunctorum
1866 4567 2090 4620 mulceat
2114 4583 2294 4631 aures,

969 4636 1256 4702 I’rcstitit,
1290 4648 1348 4692 ut
1379 4649 1600 4692 utentem
1627 4639 1792 4707 ﬂectit
1816 4648 2035 4690 cantare
2058 4645 2296 4706 rogatus.

2716 4531 2733 4546 .
2771 4531 2785 4545 .
2829 4528 2846 4544 .
2882 4488 3194 4544 Καλέσατε
3223 4485 3386 4541 θεῖον
3407 4483 3634 4540 ἀοιδόν

2395 4564 2442 4619 D
2577 4562 2656 4626 τῷ
2684 4562 2728 4594 ⁸⁷
2768 4562 2821 4627 τ’
2853 4560 2968 4628 ἄρα
3001 4557 3299 4628 θεὸς-*πέρι
3329 4553 3523 4610 δῶκεν
3552 4554 3598 4587 ⁸⁸
3625 4552 3835 4628 ἀοιδῄν

2479 4623 2746 4703 Τρέαέειν,
2772 4623 2910 4684 ὅποι
2939 4629 2984 4660 ⁶⁹
3011 4625 3199 4696 θυμὸς
3225 4627 3633 4693 ἐποτρύνῃσιν
3662 4623 3883 4678 ἀείδειν
3906 4623 4000 4692 (ρι.

793 4749 959 4805 Solus
1011 4750 1157 4803 enim
1209 4751 1374 4804 homo
1421 4750 1570 4806 vocis
1625 4749 1972 4804 dulcedinem
2031 4747 2345 4816 distinguen

2475 4746 2654 4808 Μόνος
2690 4745 2803 4816 γάρ
2847 4745 2876 4796 ὁ
2919 4741 3212 4812 ἄνθρωπος
3249 4739 3497 4811 ἡδύτητα
3544 4737 3729 4806 φωνῆς
3782 4735 4032 4806 διακρίνει

795 4857 863 4898 ac
892 4841 1170 4912 percipere
1195 4850 1392 4911 potest.
1433 4839 1538 4896 Sed
1571 4850 1627 4897 et
1669 4841 1772 4897 soli
1813 4839 2023 4895 homini
2059 4848 2269 4894 tantum
2303 4851 2345 4891 ai

2477 4839 2572 4892 καὶ
2621 4836 2970 4908 ἀποδέχεται.
3023 4833 3202 4895 Μόνος
3250 4831 3460 4902 δργανα
3512 4827 3646 4898 πρὸς
3683 4826 3826 4897 ᾠδάς
3872 4843 4029 4879 κατα·

797 4941 996 4988 cantus
1018 4931 1412 4997 modulamina,
1446 4932 1736 4989 omnifaria
1766 4931 1977 4986 musica
2003 4931 2345 4985 iiistrument:

2480 4925 2773 4990 σκευάζειν
2791 4924 3037 4987 δῆναται,
3059 4924 3157 4976 καὶ
3179 4921 3472 4990 θελκτήρια
3497 4917 3630 4989 μέλη
3654 4920 3846 4970 ποιεῖν.
3876 4917 4032 4976 Μόνος

799 5032 855 5078 ct
884 5023 1064 5078 varios
1106 5022 1605 5078 blandimentorum
1656 5038 1793 5078 usus
1823 5023 2157 5078 constituere
2183 5019 2345 5074 datun

2476 5019 2506 5071 ὁ
2535 5015 2582 5048 ⁷⁸
2620 5014 2914 5086 ἄνθρωπος
2945 5013 3034 5066 διὰ
3073 5010 3425 5081 γραμμάτων
3463 5007 3558 5061 καὶ
3608 5006 3890 5078 πόρρωθεν
3920 5005 4032 5066 τοὺς

798 5123 902 5170 cst.
943 5113 1058 5169 Soli
1093 5115 1197 5185 ipsi
1231 5115 1439 5170 homini
1475 5131 1572 5186 per
1601 5116 1812 5170 litteras
1841 5113 2159 5169 absentibus
2181 5112 2344 5168 amici

2483 5105 2672 5174 φίλους
2700 5103 3030 5168 ἀσπάζεται.
3063 5101 3240 5164 Μόνος
3267 5101 3298 5153 ὁ
3325 5101 3371 5135 ⁷¹
3397 5098 3682 5168 ἄνθρωπος
3712 5095 4032 5163 διανοητικδν

801 5206 1030 5280 salutem
1076 5205 1278 5260 dicere.
1327 5203 1512 5272 Solus,
1535 5207 1780 5275 inquam,
1814 5208 1996 5269 homo,
2041 5203 2379 5259 animadver-

806 5295 953 5350 tendi
983 5311 1047 5350 ac
1073 5295 1285 5351 consilii
1311 5297 1561 5366 capiendi
1592 5297 1646 5351 vi
1675 5295 1936 5366 prmditus
1963 5305 2066 5360 est;
2096 5303 2152 5349 et
2195 5293 2376 5349 risihi-

2485 5200 2578 5252 καὶ
2607 5195 3038 5266 βουλευματικόν
3071 5195 3115 5227 τ’
3142 5195 3262 5247 ἐστι
3291 5192 3454 5258 ζῶον.
3495 5190 3671 5252 Μόνος
3705 5191 3735 5242 ὁ
3765 5187 4032 5257 direptum;

2486 5289 2624 5353 ζῶον
2670 5287 2996 5358 γελαστικόν
3042 5287 3210 5339 ἐστιν’
3261 5285 3312 5337 εί
3356 5283 3452 5336 καὶ
3491 5285 3589 5352 τὴν
3631 5279 3782 5350 μιμὼ
3833 5280 4030 5348 λέγουσι

807 5385 877 5444 lis
911 5386 1166 5443 animalis
1185 5387 1362 5452 solus,
1397 5389 1608 5442 tametsi
1641 5387 1803 5444 simia
1824 5387 2010 5442 nescio
2040 5400 2204 5454 quam
2235 5383 2345 5438 risu

2489 5377 2923 5451 σχηματίζεσθαι
2961 5376 3142 5432 τοῦτο.
3190 5377 3366 5446 Μόνος
3409 5377 3438 5429 ὁ
3492 5373 3777 5444 ἄνθρωπος
3813 5372 3896 5425 διά
3940 5373 4030 5424 τῶν

878 5525 926 5558 ⁵⁸
943 5522 1092 5592 αὕτῷ
1111 5523 1172 5577 Β.
1249 5526 1294 5558 ⁸⁵
1310 5524 1368 5578 δὲ
1387 5525 1480 5579 καὶ
1506 5524 1564 5579 Β.
1637 5526 1683 5556 ⁵⁸
1706 5527 1803 5578 καὶ
1829 5542 1938 5579 om.
1966 5525 2024 5576 li.
2103 5525 2148 5555 ⁵⁷
2171 5519 2485 5590 ἔμπροσθεν
2508 5519 2564 5574 Ρ.

907 5596 1138 5625 ιιι-,οἵοισι
1181 5594 1222 5625 l'
1358 5595 1404 5625 CI
1433 5594 1868 5625 ..-ιι...,..-ι...-.-...
1903 5594 1996 5625 ιη’
2019 5593 2056 5625 II
2193 5593 2236 5625 σε
2266 5594 2375 5625 νιν.
2403 5606 2490 5625 nm
2549 5591 2564 5625 I

2266 5594 2375 5659 γὰρ
2403 5606 2513 5642 οηι.
2549 5591 2606 5643 ll.
2717 5591 2761 5620 “
2796 5591 2890 5640 καὶ
2919 5591 3160 5651 τέττιγες
3185 5591 3228 5638 Α
3252 5591 3310 5637 I‘.
3428 5591 3474 5614 "
3494 5591 3572 5635 ετ.
3604 5591 3712 5635 των
3739 5591 3892 5644 ςωων
3912 5591 3948 5632 t5
3979 5591 4022 5630 I'.

2291 5663 2347 5714 I‘.
2426 5660 2472 5692 7°
2491 5663 2517 5709 ὁ
2547 5677 2652 5713 Olli.
2680 5658 2742 5713 Β.
2816 5660 2856 5690 ⁷¹
2882 5659 2909 5711 ὁ
2941 5672 3050 5710 om.
3071 5655 3109 5709 Β
3132 5655 3271 5720 l',‘ct
3295 5657 3372 5709 sic
3399 5654 3467 5711 in,
3481 5653 3578 5708 rel.
3652 5652 3699 5683 ⁷³
3721 5649 4029 5721 βουλευτιιῶ

811 5595 856 5626 ⁸³
907 5596 1141 5646 κινεῖται
1181 5594 1244 5648 (ἶ.
1358 5595 1404 5627 ⁶¹
1433 5594 1868 5662 καθυγραίνωσιν
1903 5593 2078 5648 BCI‘.

812 5664 858 5695 "
872 5663 967 5715 καὶ
988 5676 1098 5718 0m.
1128 5662 1186 5716 Β.
1265 5664 1309 5696 ⁸⁷
1328 5663 1387 5717 τὸ
1407 5666 1473 5719 Α.

818 5730 862 5792 ιι
891 5731 952 5787 ιν.

890 5842 968 5918 (ρ)
996 5840 1096 5899 Od.
1127 5843 1190 5913 Θ,
1223 5844 1308 5900 i5.

1547 5665 1589 5694 5"
1620 5665 1993 5736 περιδῶκενλ.
2037 5665 2078 5695 ⁸η
2099 5667 2204 5732 ὅπη
2226 5665 2263 5715 .-\
2291 5663 2347 5714 I‘.

3085 5517 3131 5548 ³ο
3161 5515 3222 5567 τὸ
3245 5531 3355 5568 οιιι.
3383 5513 3422 5566 Β
3441 5513 3498 5565 Ρ.

3428 5583 3474 5614 ⁸⁵
3494 5584 3572 5635 ὲτ.
3604 5581 3712 5635 τῶν
3739 5579 3892 5644 ζώων
3912 5579 3948 5632 Β
3978 5579 4022 5630 I‘.

2667 5520 2713 5552 ⁸⁸
2734 5519 2901 5580 τιθοῖς
2922 5516 2961 5570 Α
2975 5557 2988 5569 .

2717 5590 2761 5620 ⁸⁵
2796 5589 2890 5640 καὶ
2919 5587 3160 5651 τέττιγες
3185 5587 3228 5638 Α
3252 5584 3310 5637 Ρ.

3575 5512 3620 5544 ⁶⁹
3652 5510 3899 5576 σώματος
3925 5510 3960 5561 Δ
3980 5507 4024 5562 P.
