4178 6506
753 430 893 487 H79

1997 425 2280 482 ιιειετιι
2323 424 2633 482 ΜΟΝΑΟΙΙΙ

748 556 916 614 atque
951 543 1305 614 obtupescat?
1338 541 1572 605 Verum,
1619 542 1665 596 si
1718 556 1944 598 causam
1979 542 2326 607 consideres,

2432 538 2488 591 δὲ
2526 538 2722 605 ἄγνοια
2763 537 2861 590 καὶ
2905 535 3098 601 σκότος
3142 535 3361 606 κατεῖχε
3407 533 3500 587 τὸν
3542 533 3854 605 ἄνθρωπον·
3886 534 4001 588 οὔτε

696 662 699 665 ν
749 649 981 691 summa:
1012 635 1363 707 providentia:
1395 624 1556 705 Opus,
1590 634 1644 688 in
1681 634 1775 688 tali
1812 632 2172 702 singulariu‘m
2212 634 2327 688 dis-

749 726 1127 789 similitudine,
1154 722 1468 781 consistere
1499 723 1889 795 deprehendes.
1925 723 1982 778 Si
2018 725 2165 779 enim
2199 726 2326 779 uni—

749 816 888 871 versi
914 814 1194 882 mortales,
1219 814 1371 870 omni
1389 826 1598 870 remoto
1614 814 1948 879 discrimine,
1977 813 2139 884 138
2161 830 2327 868 unam

746 906 1105 975 eamdemque
1144 905 1376 975 ﬁguram
1413 906 1743 960 sortirentur
1767 946 1781 969 ,
1823 905 2060 958 maxima
2104 906 2325 975 quidem

749 1013 933 1052 rerum
982 996 1234 1052 confusio
1282 996 1535 1051 oriretur.
1589 996 1647 1049 ln
1696 1005 1901 1066 quanta
1954 996 2099 1050 enim
2142 1011 2325 1051 rerum

747 1088 993 1143 omnium
1037 1088 1413 1157 ignoratione,
1460 1101 1524 1141 ac
1570 1085 1811 1141 tenebris
1852 1100 2221 1153 versaremur,
2256 1087 2326 1153 si,

745 1178 1113 1250 distinguendi
1144 1185 1334 1231 notum
1361 1176 1637 1231 hominem
1668 1176 1736 1231 ab
1756 1178 1938 1247 ignoto
1960 1215 1974 1240 ,
2008 1176 2221 1233 hostem
2258 1179 2327 1231 ab

747 1270 944 1332 amico,
975 1268 1204 1337 probum
1238 1267 1307 1321 ab
1335 1267 1588 1337 improbo
1613 1282 1678 1321 ac
1710 1266 1964 1329 scelesto,
1997 1266 2146 1320 nulla
2170 1266 2327 1321 nobis

748 1358 982 1415 facultas
1018 1359 1241 1412 daretur
1272 1376 1286 1412 :
1322 1373 1473 1424 nam,
1502 1358 1548 1413 si
1581 1357 1696 1413 base
1728 1357 2043 1427 huiusmodi
2070 1372 2129 1414 se
2165 1358 2328 1412 habe-

748 1457 891 1506 rent.
924 1446 1060 1502 nihil
1089 1446 1373 1516 impediret
1407 1446 1539 1517 quin
1586 1461 1711 1500 cum
1756 1446 2074 1517 parentibus
2122 1447 2329 1503 sorori-

747 1553 961 1621 busque
985 1552 1276 1606 coiremus.
1305 1548 1362 1604 Si
1386 1548 1473 1604 fur
1493 1550 1547 1604 in
1575 1548 1722 1605 furto
1738 1550 2113 1621 deprehensus
2135 1552 2327 1621 paulu-

746 1644 858 1696 lum
898 1642 1194 1696 declinaret
1222 1655 1287 1695 ac
1311 1656 1433 1696 sese
1460 1641 1791 1697 immisceret
1815 1642 1979 1696 cretui
2001 1680 2017 1705 ,
2045 1658 2325 1712 nunquam

747 1732 983 1801 amplius
1013 1732 1395 1803 agnoscendus
1416 1731 1687 1802 ell'ugeret.
1721 1733 1829 1787 Sed
1859 1743 1912 1787 et
1949 1733 2091 1787 inter
2124 1734 2326 1790 liberos

748 1838 811 1877 ac
848 1832 1100 1891 parentes
1131 1822 1340 1875 nullum
1382 1822 1608 1875 omnino
1653 1822 1983 1891 cognitionis
2030 1823 2326 1879 discrimen

2434 628 2525 680 τὸν
2571 628 2875 696 ἀλλότριον,
2927 627 3279 699 ἢπολέμιον,
3335 626 3367 696 ἢ
3417 628 3677 697 χρηστὸν,
3727 624 3762 695 ἦ
3813 625 4004 695 φαῦλον

2433 721 2711 790 διακρῖναι
2743 722 2791 752 ⁹²
2837 720 3157 789 δυνάμενον·
3212 718 3404 771 τούτου
3460 717 3571 789 γὰρ
3614 718 3767 779 om;
3810 716 4005 780 οὖτω;,

2434 810 2588 865 οὐδὲν
2617 810 2857 864 ἐκώλυεν
2883 811 3146 880 ἀδελφαῖς
3172 811 3267 864 καὶ
3298 810 3540 880 μητράσι
3577 809 4006 880 συμμίγνυσθαι.

2436 903 2501 955 Τί
2531 903 2611 968 δὲ,
2650 904 2699 956 εί
2728 904 2977 958 κλέπτων
3006 921 3090 966 τις
3108 902 3405 973 κρατηθεὶς
3435 902 3650 973 ἀπέδρα
3678 902 3892 973 μικρὸν,
3925 903 4011 953 καί

2438 996 2711 1068 συνεμίγη
2755 997 2814 1049 ἐν
2858 998 2974 1059 τοῖς
3005 996 3315 1067 παροῦσινς
3346 990 3459 1066 ἆρα
3498 994 3565 1047 ἂν
3602 993 4008 1065 ἀνεγνωρίσθης

2433 1084 2710 1158 οὐδαμῶς.
2761 1087 2905 1142 Ἀλλ’
2935 1087 3062 1141 οὐδὲ
3102 1087 3343 1158 πατέρες
3389 1086 3483 1140 καὶ
3514 1085 3701 1149 παῖδες
3751 1085 4013 1155 ἀλλήλους
4126 1072 4127 1077 η

2434 1179 2754 1251 ἐγνώριζον.
2805 1180 2946 1234 Ἀλλ’
2990 1180 3114 1234 οὐδὲ
3160 1181 3289 1236 ἄλλο
3342 1199 3394 1234 τι
3441 1178 3669 1249 συνέστη
3714 1180 3826 1231 τῶν
3878 1178 4013 1232 κατά

2437 1271 2553 1342 βίον
2582 1273 2629 1306 ⁹⁸
2658 1276 2715 1327 ὲν
2746 1272 3055 1343 ἀνθρώποις
3103 1272 3342 1344 χρηστόν
3367 1288 3383 1303 ο
3431 1270 3630 1339 τυφλὸς
3684 1271 3794 1340 γὰρ
3852 1269 3921 1322 ἀν
3950 1265 4015 1337 ἦν

2435 1364 2602 1418 ἕνεκα
2643 1366 2755 1418 τῶν
2786 1365 3093 1437 ἀνθρώπων
3124 1368 3152 1419 ὁ
3189 1364 3478 1436 ἄνθρωπος
3498 1405 3514 1430 ,
3566 1363 3739 1434 μικρὰ
3767 1360 3865 1414 τοῦ
3898 1360 4017 1431 βὶέ-

2436 1472 2561 1508 πειν
2588 1456 2739 1527 αὺτῷ
2765 1456 3217 1528 παρεσχομένωψ
3242 1455 3387 1526 πλὴν
3411 1456 3521 1526 γὰρ
3552 1455 3770 1524 ἡλικίας
3803 1455 3899 1507 καὶ
3932 1470 4019 1522 με-

2435 1546 2630 1614 γέθους
2676 1547 2828 1601 οὐδὲν
2883 1548 3013 1601 ἀλλο
3068 1548 3390 1616 διεγίνωσκε
3434 1547 3499 1600 ’⁸.
3550 1546 3836 1599 Τοσούτων
3887 1544 4016 1613 ἡμῖν

2436 1638 2657 1706 ἀγαθῶν
2683 1638 2835 1692 αἰτία
2865 1639 3091 1707 γέγονεν
3124 1639 3157 1708 ή
3192 1637 3426 1708 Πρόνοια
3459 1636 3813 1690 ποικίλλουσα
3842 1636 3891 1666 ⁹¹
3922 1635 4016 1703 τὴν

2441 1730 2660 1801 μορφὴν
2709 1730 2818 1783 τῶν
2876 1728 3183 1800 ἀνθρώπων
3228 1728 3317 1781 διὰ
3373 1727 3608 1792 παντὸς,
3663 1727 3758 1779 καὶ
3812 1723 4017 1794 μηδένα

2437 1822 2628 1891 χρόνον
2646 1820 2865 1874 τοῦτο⁹⁶
2890 1819 3332 1891 παραλείπουσα·
3357 1822 3451 1873 καὶ
3471 1819 3531 1872 οὐ
3555 1819 3714 1887 μόνον
3737 1819 3795 1871 ὲν
3813 1819 4014 1887 tropei},

747 1924 915 1968 esset.
957 1913 1223 1969 Praeterea
1267 1914 1415 1970 aliud
1463 1915 1598 1968 nihil
1644 1915 1698 1968 in
1742 1916 1843 1970 hac
1870 1915 2187 1970 mortalium
2220 1917 2326 1971 vita

2434 1913 2570 1966 ἀλλά
2605 1914 2699 1966 καὶ
2735 1915 2794 1965 ὲν
2828 1916 3057 1981 φωναῖς,
3097 1915 3191 1967 καὶ
3222 1915 3282 1965 ὲν
3318 1916 3391 1984 τῇ
3418 1912 3527 1964 τῶν
3557 1911 3872 1981 χρωμάτων
3903 1908 4016 1960 δια-

747 2006 861 2060 li'eri
892 2006 1162 2061 laudabile
1188 2019 1373 2077 posset
1410 2025 1424 2061 :
1460 2022 1585 2061 nam
1621 2008 1787 2062 homo
1808 2048 1821 2071 ,
1854 2007 2093 2063 hominis
2132 2023 2323 2073 causa,

2430 2006 2596 2075 φορᾷ,
2625 2004 2720 2057 καὶ
2752 2006 2809 2057 ὲν
2836 2004 3099 2074 ἡλικίαιςο
3129 2005 3215 2058 ἴνα
3244 2003 3598 2074 πολυτρόπως
3630 2002 3894 2071 βοηθῆται
3916 2000 4014 2068 τῆς

745 2112 924 2152 caecus
978 2098 1385 2167 quodammodo
1429 2108 1610 2163 esset,
1652 2114 1777 2154 cum
1809 2099 1949 2153 visui
1983 2098 2156 2167 ipsius
2190 2099 2325 2153 nihil

2430 2097 2783 2170 ἀνθρωπίνης
2816 2098 3039 2166 φύσεως
3093 2099 3127 2168 ἡ
3177 2098 3472 2162 ἀσθένεια,
3511 2095 3607 2149 καὶ
3651 2092 4018 2163 γινώσκοντες
4126 2114 4127 2117 η

745 2188 895 2241 aliud
926 2188 1411 2257 comprehendere,
1435 2205 1600 2259 quam
1634 2198 1845 2244 aetatem
1880 2197 2044 2257 atque
2079 2188 2326 2257 corporis

2430 2191 2513 2253 ὡς
2548 2189 2802 2258 λογικοὶ,
2834 2190 2950 2253 οἵας
2998 2191 3254 2262 προνοίας
3300 2186 3597 2259 ἀξιούμεθα
3639 2188 3732 2241 καὶ
3761 2186 3928 2256 τιμῆς
3952 2187 4018 2247 ’⁷,

750 2276 1179 2343 magnitudinem
1219 2277 1462 2332 daretur.
1514 2276 1688 2333 Tanta
1729 2268 1893 2349 igitur
1942 2278 2083 2332 bona
2123 2277 2326 2333 summi

2437 2280 2514 2351 μὴ
2548 2278 3007 2349 καταισχύνωμεν
3038 2281 3135 2349 τὴν
3180 2279 3370 2348 φύσιν,
3426 2276 3563 2349 μηδὲ
3604 2274 3713 2331 τῶν
3746 2278 3843 2328 τοῦ
3884 2273 4019 2327 Θεοῦ

746 2365 1023 2421 Creatoris
1053 2368 1391 2436 providentia
1428 2384 1494 2424 ex
1540 2368 1728 2424 forma:
1769 2370 1824 2422 in
1853 2369 2113 2424 omnibus
2149 2369 2326 2423 varia-

2432 2367 2653 2440 δωρεῶν
2682 2368 3092 2439 ἀποφανθῶμεν
3118 2370 3163 2402 ⁸⁸
3191 2368 3426 2435 ἀνάξιοι.
3621 2429 3624 2432 ,
4010 2410 4017 2415 -

744 2463 894 2515 tione
918 2462 1396 2535 discrepantiaque
1428 2465 1589 2521 nobis
1646 2466 1844 2535 largita
1904 2472 2007 2531 est,
2053 2475 2108 2520 et
2166 2465 2273 2520 hoc
2313 2464 2536 2535 quidem
2566 2480 2666 2535 per
2721 2463 2974 2520 universa
3003 2474 3246 2536 tempora
3278 2465 3487 2521 elhcere
3522 2480 3628 2520 non
3657 2462 3874 2520 desinit.
3912 2458 4019 2515 Sed

743 2570 854 2611 non
882 2556 1053 2627 figura
1087 2568 1325 2626 tantum,
1350 2575 1541 2613 verum
1568 2560 1744 2615 etiam
1779 2560 1834 2614 in
1868 2561 2131 2626 vocibus,
2186 2560 2578 2631 coloribusque
2609 2569 2774 2630 atque
2813 2561 3092 2627 atatibus,
3144 2561 3439 2618 discrimen
3512 2562 3725 2627 visitur,
3766 2573 3879 2629 quo
3914 2556 4020 2611 hn-

742 2660 919 2707 mana:
950 2663 1162 2709 natura:
1227 2644 1575 2711 imbecillitas
1628 2656 2009 2711 multimodam
2039 2672 2197 2727 opem
2266 2658 2512 2713 sentiret.
2544 2655 2683 2712 Cum
2706 2659 2853 2712 enim
2881 2658 3078 2723 nobis,
3121 2673 3223 2728 pro
3291 2659 3341 2714 vi
3384 2657 3636 2713 rationali
3672 2669 3781 2726 qua
3808 2651 4018 2724 praediti
4126 2702 4127 2729 ι

742 2760 975 2813 sumus,‘
998 2750 1222 2819 planum
1257 2759 1472 2805 constet
1496 2762 1704 2820 quanto
1732 2767 1832 2805 nos
1867 2751 2070 2805 summi
2132 2748 2265 2817 Dei,
2309 2759 2363 2805 et
2397 2750 2664 2805 creatoris
2694 2750 3039 2820 providentia
3082 2750 3291 2806 honore
3356 2749 3666 2819 insignivit,
3698 2745 4016 2802 enitendum
4126 2742 4127 2761 ‘

744 2857 963 2897 summa
986 2857 1088 2911 cpe
1129 2851 1237 2909 est,
1262 2856 1333 2896 ne
1380 2852 1652 2897 naturam
1695 2843 1870 2912 ipsam
1935 2840 2269 2912 turpitudine
2310 2840 2615 2896 adiciamus
2640 2881 2655 2908 ,
2696 2857 2762 2898 ac
2824 2851 2935 2897 tam
2978 2842 3223 2913 praclari
3258 2843 3502 2897 muneris
3541 2839 3744 2911 indigni
3798 2839 4018 2910 penitus

741 2932 1043 2989 videamur.

812 3022 943 3079 Haec
970 3032 1152 3079 autem
1180 3024 1314 3079 mihi
1336 3024 1405 3080 de
1427 3034 1614 3081 nostro
1635 3040 1887 3097 corpore,
1909 3026 2141 3096 ejusque
2175 3032 2326 3081 stru-

2496 3020 2751 3076 Τοσαῦτά
2780 3038 2873 3093 μοι
2906 3040 3036 3094 περι
3062 3026 3155 3077 τοῦ
3186 3021 3441 3093 σώματος
3469 3022 3626 3094 ἡμῶν
3648 3025 3741 3078 καὶ
3766 3026 3865 3095 τῆς
3894 3028 4014 3082 τού-

738 3125 898 3172 ctura
920 3116 1445 3187 constitutioneque,
1468 3132 1533 3172 ac
1564 3116 1890 3172 formatione
1914 3132 2015 3173 nec
2040 3132 2150 3173 non
2179 3131 2326 3172 com-

2430 3128 2518 3164 rou
2549 3112 2934 3183 κατασκευῆς,
2991 3114 3477 3177 καὶ“διαπλάσεως
3507 3153 3521 3178 ,
3569 3118 3665 3169 καὶ
3711 3117 4013 3182 συνθέσεως

743 3208 1016 3277 positione
1068 3208 1381 3278 collegisse,
1425 3209 1847 3278 composuisse,
1894 3222 1959 3262 ac
2002 3210 2160 3277 quasi
2187 3221 2325 3263 con-

2431 3204 2742 3273 συνήνωται
2772 3204 2841 3271 ⁸⁸,
2875 3204 2969 3258 καὶ
2998 3204 3348 3259 συλλέλεκται
3369 3240 3386 3269 ,
3418 3207 3512 3260 καί
3539 3207 3877 3263 συντέθειται
3920 3214 4013 3264 καὶ

741 3299 981 3354 texuisse
1011 3308 1065 3355 et
1093 3299 1441 3354 conseruisse
1459 3299 1641 3354 visum
1665 3308 1769 3354 est.
1791 3298 1978 3369 Neque
1997 3301 2141 3353 enim
2168 3298 2326 3354 nobis

741 3390 880 3446 satis
911 3397 1163 3453 constat,
1191 3389 1239 3443 si
1274 3390 1326 3444 id
1350 3430 1366 3456 ,
1402 3399 1463 3444 ut
1498 3390 1822 3460 praeclarum
1854 3390 2116 3445 artiﬁcem
2148 3390 2325 3456 decet,

742 3489 897 3545 arte,
952 3494 1157 3545 necne,
1209 3481 1295 3535 vel
1346 3482 1645 3551 prudenter
1674 3479 2018 3537 elecerimus
2044 3523 2058 3545 ,
2096 3491 2156 3537 ut
2187 3496 2327 3551 opus

741 3581 1010 3635 nostrum,
1035 3587 1068 3627 a
1096 3572 1343 3642 pluribus
1375 3572 1720 3642 probaretur.
1749 3571 1885 3638 Quis
1909 3573 2056 3627 enim
2084 3573 2237 3637 satis,
2262 3587 2327 3627 ac

741 3680 844 3737 pro
877 3666 1093 3729 merito,
1138 3662 1355 3719 Domini
1386 3664 1687 3732 potentiam
1731 3679 1975 3729 narrare,
2012 3680 2078 3719 ac
2114 3664 2329 3720 auditas

741 3758 923 3812 facere
969 3756 1156 3811 laudes
1200 3756 1324 3825 ejus
1377 3764 1541 3825 atque
1584 3756 2164 3826 ineomprehensibiles
2210 3758 2329 3813 vias

739 3850 861 3918 ejus
881 3848 1287 3917 deprehendere
1326 3855 1508 3918 queat,
1536 3847 1642 3904 nisi
1677 3858 1941 3917 quantum
1978 3848 2155 3917 ipsius
2204 3862 2328 3903 mu-

743 3953 876 3995 nere
904 3937 1113 3993 homini
1144 3938 1332 3993 datum
1360 3945 1464 3992 est.
1502 3936 1633 4003 Sed,
1669 3952 1793 3992 cum
1828 3938 1882 3991 in
1908 3938 2035 4001 hoc,
2058 3937 2328 4007 judicium

744 4038 997 4084 nostrum
1020 4027 1450 4093 ostenderimus,
1481 4028 1907 4099 haudquaquam
1933 4028 2326 4095 inllciabimur,

743 4137 776 4177 a
806 4136 1137 4191 quocunque
1170 4121 1285 4175 inec
1311 4121 1627 4176 accuratius
1661 4121 1923 4190 explicari
1960 4136 2143 4191 posse.
2195 4120 2329 4175 Etsi

744 4214 1021 4285 quispiam
1054 4227 1240 4269 secum
1279 4212 1441 4283 139
1456 4212 1563 4267 hoc
1578 4226 1716 4282 opus
1736 4212 2151 4277 animadvertet,
2174 4212 2329 4282 plura

743 4302 934 4365 etiam,
970 4317 1134 4372 quam
1165 4317 1289 4371 quae
1318 4317 1346 4355 a
1380 4301 1541 4356 nobis
1584 4302 1980 4372 comprehensa
2018 4310 2181 4367 sunt,
2237 4315 2332 4372 pe-

745 4392 948 4448 nitiora
967 4392 1226 4462 indagare
1259 4392 1489 4461 poterit;
1518 4402 1757 4448 attamen
1778 4408 2165 4464 quamcunque
2191 4407 2329 4458 rem,

741 4484 810 4538 ad
849 4483 1141 4553 praesentis
1184 4483 1368 4553 operis
1399 4484 1596 4538 seriem
1635 4484 1936 4539 addendam
1982 4500 2105 4539 esse
2142 4499 2331 4539 cense-

2428 3289 2541 3350 οἷον
2572 3296 2888 3367 συνυφάνθη
2932 3298 3029 3350 καὶ
3071 3298 3547 3369 συνηρμο).ογήθη.
3593 3298 3711 3354 Οὐκ
3747 3297 3867 3355 οἶδα
3914 3304 4011 3374 μιν

2428 3389 2477 3440 εἰ
2505 3390 2773 3458 ἐντέχνως
2803 3389 2838 3459 ἢ
2880 3388 3150 3453 συνετῶς,
3192 3390 3228 3460 ἢ
3259 3389 3576 3453 ἀποδεκτῶς
3621 3395 3731 3455 τοίς
3770 3394 4007 3460 πολλοῖς.

2428 3478 2527 3540 Τίς
2557 3492 2666 3549 γαρ
2700 3479 2885 3542 ἱκανὸς
2913 3479 3146 3547 λαλῆσαι
3181 3481 3279 3544 τὰς
3309 3482 3628 3546 δυναστείας
3652 3484 3749 3537 τοῦ
3781 3487 4009 3557 Κυρίου,

2427 3568 2462 3638 ἢ
2516 3569 2790 3633 ἀκουστάς
2830 3571 3056 3640 ποιῆσαι
3102 3573 3282 3637 πάσας
3323 3575 3422 3638 τὰς
3468 3577 3706 3639 αἱνέσεις
3751 3580 4008 3651 αὑτοῦσῆ

2428 3661 2540 3712 τῶν
2568 3660 2708 3713 ὁδῶν
2743 3660 2912 3715 αὐτοῦ
2943 3662 3005 3715 τὸ
3044 3662 3452 3735 ἀνεξιχνίαστον
3491 3668 3586 3721 καὶ
3624 3668 4013 3737 ἀκατάληπτον

2432 3750 2801 3818 καταλαϐεῖν;
2832 3752 2971 3823 πλὴν
3004 3754 3142 3808 ἀλλά
3177 3756 3273 3809 καὶ
3300 3756 3420 3827 Θεῷ
3453 3758 3608 3826 φίλον
3650 3761 3711 3813 τὸ
3752 3744 3895 3816 κατὰ
3927 3764 4012 3816 δυ-

2430 3858 2618 3913 ναμιν.
2659 3844 2769 3898 Καὶ
2814 3844 2878 3897 σὺ
2922 3843 2967 3897 δ’
3017 3844 3085 3898 ἂν
3137 3847 3279 3900 κατὰ
3340 3848 3566 3901 σεαυτὸν
3615 3850 4012 3920 ἀναλεγόμενος

2430 3932 2663 3997 πολλοὺς
2690 3934 2948 4004 εὑρήσεις
2980 3935 2996 3965 ¹
3034 3936 3270 3999 σκοποὺς
3304 3934 3528 4006 ἔχοντάς
3562 3954 3613 3991 τι
3642 3940 3751 3993 τῶν
3783 3944 4010 4012 εἰρημέ-

2428 4041 2537 4080 νων
2566 4028 2587 4058 ¹
2622 4023 2941 4095 βαθύτερονο
2983 4026 3079 4079 καὶ
3108 4028 3136 4082 ὅ
3158 4044 3211 4081 τι
3254 4027 3319 4081 ἂν
3352 4031 3715 4104 συνεισφέρῃς
3748 4033 3771 4065 ⁸
3807 4035 3887 4097 είς
3917 4035 4011 4103 τὴν

2431 4116 2718 4188 παροῦσαν
2748 4117 3028 4183 ὑπόθεσιν,
3058 4119 3155 4171 καὶ
3183 4121 3317 4189 ἡμῖν
3342 4120 3501 4174 τοῦτο
3520 4122 3620 4194 ἔσῃ
3648 4125 4006 4195 συνειληχιῖκ*

2430 4202 2545 4262 οἷον
2592 4208 2709 4270 πῶς
2737 4209 2798 4261 τὸ
2836 4210 3312 4280 ἡγεμονικώτατον
3335 4212 3359 4245 ⁸
3383 4213 3478 4266 τοῦ
3514 4213 3656 4278 ζὼου
3694 4218 4007 4288 πρόσωπον,

2433 4300 2688 4372 ἐπταχῆ⁸
2725 4300 3133 4372 κατατέτρηται
3160 4316 3174 4330 ⁸
3216 4301 3369 4356 δυσὶν
3416 4303 3719 4375 ὀφθαλμοῖς
3767 4308 3861 4361 καὶ
3907 4310 4009 4363 ὠσὶ

2430 4389 2545 4453 δύο,
2581 4390 2717 4454 ἴσοις
2752 4391 3081 4462 μυκτῆρσιν,
3112 4390 3327 4463 ὲόδόμψ
3360 4394 3619 4463 στόματι;
3647 4396 3771 4461 Πῶς
3793 4400 3821 4451 ὁ
3844 4400 4005 4466 ὲγκέο

2433 4481 2620 4549 φαλος,
2643 4482 2671 4534 ὁ
2697 4484 2796 4544 τὰς
2834 4481 3115 4552 αἰσθήσεις
3147 4481 3439 4554 δεχόμενος
3460 4524 3477 4550 ,
3524 4484 3729 4556 ψυχρός
3768 4489 3888 4541 ἔστι
3918 4490 4008 4541 καὶ

739 4575 840 4639 bit,
875 4574 993 4629 haec
1017 4575 1204 4640 etiam,
1237 4575 1293 4628 in
1332 4574 1572 4629 medium
1598 4590 1724 4629 cum
1780 4576 1888 4630 illis
1918 4590 2041 4645 quae
2085 4590 2186 4629 nos
2227 4591 2325 4630 ex—

2433 4573 2618 4643 ὑγρὸς,
2647 4573 2787 4642 ὑπὲρ
2823 4572 3003 4625 πάντα
3030 4572 3098 4627 τὰ
3132 4570 3246 4636 ζῶα
3270 4573 3312 4605 *-
3364 4575 3459 4627 καὶ
3498 4576 3613 4638 πῶς
3653 4578 3917 4633 τυποῦται
3949 4583 4006 4632 τὸ

739 4664 1090 4735 plicavimus,
1119 4680 1227 4718 una
1251 4664 1545 4720 nobiscum
1578 4664 1773 4721 all‘erre
1795 4666 2044 4722 studeat:
2074 4667 2326 4721 videlicet

738 4771 980 4827 quonam
1004 4766 1162 4825 pacto
1178 4756 1345 4812 facies
1368 4756 1508 4827 ipsa,
1531 4756 1846 4827 principalis
1865 4758 2101 4812 hominis
2124 4760 2322 4827 portio,

739 4846 980 4915 septenis
1007 4844 1372 4905 foraminibus
1394 4886 1410 4910 ,
1444 4844 1658 4904 duobus
1684 4848 1937 4903 videlicet
1975 4850 2149 4904 oculis
2174 4860 2193 4915 ,‘
2231 4865 2323 4921 ge-

740 4940 910 4994 minis
944 4939 1197 5000 auribus,
1227 4954 1291 4995 ac
1327 4939 1549 4995 totidem
1574 4941 1820 5005 naribus,
1844 4950 1898 4996 et
1926 4943 2040 4996 oris
2061 4951 2321 5012 praeterea

739 5030 914 5097 hiatu,
948 5030 1219 5085 terebrata
1250 5030 1343 5085 sit.
1370 5031 1508 5085 Tum
1536 5047 1646 5102 quo
1667 5040 1826 5103 pacto
1846 5035 2151 5098 cerebrum,
2175 5033 2323 5105 quod

738 5139 936 5179 sensus
997 5125 1405 5195 receptaculum
1458 5135 1583 5190 est,
1637 5135 1835 5196 practer
1887 5127 2023 5182 alias
2069 5127 2323 5183 animalis

734 5226 918 5288 partes
955 5215 1214 5287 frigidum
1244 5227 1298 5272 et
1345 5217 1629 5272 humidum
1665 5218 1898 5274 habetur
1926 5234 1939 5272 :
1972 5219 2065 5274 sed
2102 5228 2156 5274 et
2183 5235 2322 5289 quo-

738 5309 901 5365 modo
947 5307 1305 5379 cogitationes
1354 5307 1693 5375 formentur,
1749 5326 1928 5381 neque
1978 5310 2320 5367 humiditatis

735 5416 924 5466 causa,
963 5400 1293 5456 dilabantur.
1330 5400 1413 5456 Ad
1440 5401 1554 5458 haec
1578 5403 1854 5473 quomodo
1880 5403 2154 5457 nonnullae
2198 5416 2323 5458 cor-

806 5629 850 5699 ξί
882 5628 1159 5699 διακρίναι
1214 5627 1273 5680 Β.

737 5697 896 5749 τοῦτο
950 5698 991 5750 Β
1018 5697 1026 5699 ”
1047 5698 1106 5751 P.

740 5769 755 5837 ξ
790 5767 1043 5837 εὑρήσοις
1075 5767 1133 5821 Β.

1374 5630 1420 5661 ’³
1445 5630 1535 5682 τὸν
1587 5630 1700 5700 βίον
1732 5630 1770 5684 Β
1820 5632 1881 5686 Ρ.

1220 5699 1266 5730 ⁸⁷
1290 5702 1477 5767 τιμαῖς
1529 5699 1596 5753 Α.
1702 5702 1747 5733 ’⁸
1785 5702 2152 5771 ἀναφανῶμεν
2203 5702 2265 5757 Β.

1234 5771 1253 5800 ⁸
1289 5771 1613 5840 εὑρημένων
1648 5773 1712 5824 Α.
1818 5776 1838 5803 ³
1870 5772 2158 5840 συνφέροις
2193 5773 2253 5828 Β.

2432 4665 2613 4733 νόημα
2637 4668 2669 4725 ,’
2698 4663 2795 4715 καὶ
2846 4664 2946 4715 οὐκ
2989 4662 3285 4717 ὀλισθαίνει
3334 4664 3420 4717 διὰ
3453 4666 3751 4737 ὑγρότητας
3790 4669 3915 4732 Πῶς
3940 4670 4005 4723 τὰ

2437 4756 2538 4827 μὲν
2570 4755 2735 4826 μόρια
2766 4756 2785 4786 ⁷
2810 4755 2991 4826 θερμὰ
3016 4757 3143 4820 εἰσι,
3192 4755 3259 4808 τὰ
3302 4756 3358 4809 δὲ
3392 4756 3578 4827 ψυχρά
3600 4757 3641 4821 ⁸,
3681 4758 3751 4811 τὰ
3785 4759 3841 4813 δὲ
3885 4762 4003 4814 κατ’

2432 4848 2719 4917 ἀμφότερα
2742 4864 2755 4911 ;
2790 4846 2910 4909 Πῶς
2938 4846 3003 4899 τὰ
3033 4846 3133 4915 μὲν
3159 4846 3383 4915 ἀσθενῆ,
3410 4851 3477 4901 τὰ
3502 4849 3558 4903 δὲ
3590 4851 3815 4921 ίσχυρά;
3848 4854 3963 4917 πῶς
3981 4856 4005 4886 θ

2431 4940 2501 4991 τά
2532 4938 2630 5008 μὲν
2651 4938 2820 5001 ἁπλᾶ,
2857 4938 2925 4991 τὰ
2954 4937 3011 4990 δὲ
3035 4937 3287 4991 σύνθετα·
3318 4940 3437 5002 πῶς
3460 4938 3526 4992 τά
3553 4939 3653 5009 μὲν
3686 4946 4006 5013 συμφύτους

2431 5028 2546 5100 ἔχει
2572 5030 2613 5061 ³⁸
2642 5030 2925 5099 δυνάμεις,
2957 5030 3027 5081 τὰ
3052 5029 3107 5081 δὲ
3137 5031 3487 5102 ὲπιῤῥύτουςο
3516 5033 3585 5086 τά
3608 5032 3667 5091 δὲ
3692 5036 4003 5104 συμφύτοη

2432 5123 2551 5193 ἀμα
2589 5123 2681 5176 καὶ
2712 5121 3041 5193 ἑπιρῤύτους
3071 5122 3135 5182 ¹¹;
3170 5121 3296 5187 Πῶς
3328 5122 3558 5177 ἕκαστον
3590 5126 3771 5179 αὐτῶν
3803 5128 4001 5181 τέσσα-

2433 5233 2533 5285 ρας
2573 5215 2835 5285 δυνάμεις
2885 5214 3000 5284 ἔχει
3052 5214 3112 5267 ὲν
3160 5215 3339 5285 ἑαυτῷ
3395 5215 3665 5281 ζωτικάςς
3721 5219 3844 5281 Πῶς
3897 5220 4000 5273 τῶν

2428 5307 2667 5376 ἀγγείων
2697 5307 2766 5360 τὰ
2803 5306 2902 5376 μὲν
2931 5306 3162 5376 πέμπει,
3193 5309 3264 5360 τὰ
3294 5307 3351 5361 δὲ
3383 5302 3625 5379 δέχεται,
3657 5309 3727 5361 τά
3756 5309 3811 5362 δὲ
3840 5312 4000 5363 κατε-

2429 5420 2533 5475 χει,
2567 5403 2636 5458 τὰ
2663 5403 2720 5457 δὲ
2747 5403 3033 5474 ἀποκρίνει
3058 5419 3073 5466 ;
3103 5404 3226 5468 Πῶς
3256 5408 3453 5476 τροφαὶ
3483 5406 3546 5459 τδ
3588 5406 3747 5477 σῶμα
3774 5407 3999 5479 διακρα-

1982 5632 2028 5665 ⁹⁵
2058 5632 2173 5686 1ΙῖΡο
2228 5649 2256 5687 n
2290 5650 2326 5685 τη

2430 5632 2489 5695 ὃς
2540 5648 2710 5698 usque
2757 5648 2868 5686 om.
2907 5632 2949 5686 Β
2993 5632 3052 5687 C.
3130 5636 3176 5667 ⁸⁸
3242 5636 3561 5690 ποικίλουσα
3614 5638 3671 5692 Β,
3750 5641 3796 5671 ’⁸
3827 5642 3991 5694 ποιεῖν

2368 5704 2415 5736 ⁹⁹
2452 5704 2796 5757 συνείλεκται
2851 5705 2975 5775 καὶ-
2992 5705 3297 5775 συνήνωται
3343 5705 3406 5769 Β,
3455 5708 3553 5761 καὶ
3591 5709 3747 5764 συλλ.
3779 5728 3888 5767 oin.
3934 5711 3987 5765 P.

2358 5774 2380 5804 ⁸
2410 5775 2916 5844 ἡγεμονιγέῦτερον
2952 5773 3011 5827 Β.

3120 5775 3142 5807 ⁸
3184 5776 3384 5846 ἐπταχὶ
3420 5777 3478 5833 Β.
3585 5780 3605 5810 ⁸
3634 5785 3854 5835 πάντων
3892 5781 3988 5836 τῶν

740 5836 987 5902 ζώωνίΒ.
1064 5839 1083 5869 ⁷
1118 5837 1225 5891 τῶν
1255 5836 1461 5909 μορίων
1500 5841 1537 5892 Β
1570 5841 1631 5895 Ρ.
1706 5843 1727 5874 ⁸
1758 5842 1825 5895 τὰ
1875 5843 1932 5895 δὲ
1970 5836 2171 5914 ἰσχυρὰ
2215 5844 2274 5897 Β.

2430 5836 2495 5898 fail.
2522 5836 2639 5909 πῶς
2672 5844 2731 5898 Β.
2796 5836 2857 5876 ’¹⁰
2894 5843 3006 5915 ἔχει
3036 5858 3144 5899 om.
3180 5845 3237 5900 Β.
3316 5836 3479 5914 1"‘ult.
3521 5850 3635 5906 hanc
3665 5866 3777 5909 om.
3800 5852 3859 5908 Β.
