4178 6444
212 362 352 422 1ἰεί

1474 353 1563 408 DE
1599 351 1891 409 NATUBA
1938 351 2246 409 IIOMINIS.

3403 358 3546 418 1282

206 482 393 543 τοῦσι.
432 480 529 534 καὶ
563 480 680 543 πῶς
712 477 1118 532 έπιλειπουσῶν
1149 476 1193 507 ¹²
1222 475 1644 555 διαφθείρεταις
1688 477 1811 538 Πῶς

1923 475 2072 545 poris
2101 474 2279 531 nostri
2309 484 2516 545 partes,
2558 474 2786 545 calidte,
2830 476 2953 533 alia:
2992 476 3246 549 frigidae,
3293 479 3546 552 quadam

205 580 247 649 ἠ
278 575 481 642 καρδία
517 576 618 645 τὴν
650 573 898 645 ἔμφυτον
945 569 1265 644 χορηγοῦσα
1312 568 1393 641 τῷ
1436 568 1651 639 σώματι
1690 568 1821 639 θερ-

208 666 479 737 μανσίαν,
527 667 629 735 τῆς
694 664 986 737 ἐνεργείας
1036 664 1138 733 οὐχ
1193 663 1414 716 ἵσταται
1472 662 1679 732 ἔχουσα
1727 661 1822 713 αὑ-

204 759 312 831 τὴν
347 759 391 792 “
435 758 581 813 κατὰ
632 757 833 827 etiam;
888 756 1016 820 Πῶς
1058 753 1329 826 χυλοῦται
1374 753 1443 806 τὰ
1487 753 1675 817 σιτία,
1724 754 1821 806 καὶ

201 852 540 923 καθαίρεται
573 851 663 924 ,τὸ
720 845 900 920 αἷμα,
963 849 1059 902 καὶ
1116 840 1472 917 δίατρὲφεται
1517 845 1579 898 τὸ
1625 845 1816 914 σῶμα,

201 947 303 999 καὶ
337 946 407 998 τὰ
452 941 705 996 σκύϐαλα
754 940 1139 1014 διακρίνεται,
1192 940 1288 993 καὶ
1340 938 1403 992 τὸ
1460 933 1625 1009 οὖρον
1694 952 1821 989 συν-

200 1034 619 1100 αποϐάλλεταις
670 1033 795 1097 Πῶς
848 1032 907 1085 δὲ
958 1030 1350 1085 συνδέδεταιίδ
1400 1028 1473 1082 τὰ
1508 1029 1671 1099 μέλη,
1726 1026 1822 1081 καὶ

203 1126 601 1199 συνήρθρωται
638 1125 710 1178 τὰ
757 1122 938 1194 μέρηζ
967 1122 1065 1176 καὶ
1118 1122 1460 1191 διήρθρωται
1494 1118 1564 1173 τὰ
1606 1118 1817 1189 ἄρθρα,

202 1220 305 1272 καὶ
343 1218 655 1271 συντίθεται
686 1216 728 1250 ⁸⁸
751 1215 819 1268 τὰ
850 1215 1021 1280 ὀστᾶς
1056 1213 1167 1267 Kal
1194 1214 1237 1245 "
1267 1213 1386 1275 πῶς
1413 1210 1522 1264 τῶν
1547 1210 1722 1264 ὀστῶν
1752 1210 1823 1263 τὰ

206 1311 315 1382 μὶν
347 1310 595 1382 σκληρὰ,
630 1309 703 1362 τὰ
746 1308 805 1362 δὲ
840 1307 1089 1378 μαλακά·
1137 1304 1209 1359 τὰ
1246 1304 1307 1359 δὲ
1337 1305 1386 1337 ¹⁷
1422 1303 1612 1367 κοῖλα,
1661 1302 1729 1357 τὰ
1763 1302 1822 1356 δὲ

203 1403 429 1458 ἄκοιλω
461 1403 530 1455 τὰ
559 1401 617 1455 δὲ
652 1400 791 1471 μετὰ
824 1398 1063 1469 μυελῶν,
1089 1396 1161 1451 τὰ
1180 1396 1239 1450 δὲ
1271 1395 1523 1466 ἀμύελα;
1558 1394 1686 1457 Πῶς
1710 1393 1821 1447 τῶν

203 1494 421 1564 νεύρων
454 1492 523 1545 τὲ
555 1492 658 1563 μὲν
689 1491 834 1544 κατὰ
879 1486 1169 1557 συζυγίαν,
1201 1485 1274 1540 τὰ
1314 1487 1375 1539 δὲ
1408 1487 1502 1540 καὶ
1551 1482 1823 1555 μοναδικὰ

204 1588 392 1641 διόλου
436 1586 532 1640 τοῦ
571 1584 827 1655 σώματος
877 1583 1367 1653 ὲγκατέσπαρταις
1408 1580 1615 1651 ὁμοίως
1657 1579 1821 1632 ml“

204 1678 410 1749 φλέϐες
440 1677 537 1732 καὶ
565 1676 871 1749 ἁρτηρίαι;
904 1675 1033 1738 Πῶς
1062 1674 1174 1727 τῶν
1209 1673 1421 1744 μορίων
1450 1673 1483 1742 ἢ
1533 1673 1822 1742 στοιχείων

201 1771 302 1825 τοῦ
360 1770 617 1839 σώματος
660 1769 728 1821 τὸ.
763 1768 861 1837 μὲν
891 1767 961 1819 δι’
996 1766 1169 1821 ἑαυτὰ
1204 1768 1247 1799 ⁸⁸
1283 1767 1503 1835 γέγονε,
1549 1764 1620 1817 τὰ
1657 1764 1715 1818 δὲ
1754 1763 1820 1817 δι’

1928 567 2219 637 utriusque
2255 569 2671 637 temperamenti
2701 569 2833 623 sint.
2870 570 2935 624 Et
2966 585 3078 641 qua
3107 570 3327 625 ratione
3348 608 3365 632 ,
3394 585 3541 626 non-

1925 660 2093 716 nulla:
2122 660 2315 715 validae
2341 659 2643 730 fortesque,
2673 661 2795 716 alia:
2825 662 3154 729 imbecilles,
3179 673 3233 719 et
3256 663 3377 719 aliae
3394 680 3549 719 com-

1929 752 2145 822 positze,
2184 752 2306 807 alia:
2335 751 2615 821 simplices
2647 752 2975 809 habeantur.
3008 752 3149 809 Tum
3185 756 3546 825 quamobrem

1928 845 2182 917 quaedam
2216 845 2465 900 membra
2508 845 2730 912 insitas,
2771 845 3039 901 nonnulla
3074 846 3406 903 adventitias
3466 845 3549 901 fa-

1932 936 2170 991 cultates
2211 936 2410 989 sortita
2448 935 2581 988 sint.
2624 933 2902 989 Praeterea
2930 975 2944 1000 ,
2977 935 3261 1004 quomodo
3303 935 3544 1006 partium

1925 1029 2211 1099 quaelibet,
2244 1037 2484 1099 quatuor
2512 1028 2568 1082 in
2596 1043 2657 1084 se
2687 1028 2887 1105 vitales
2916 1026 3212 1084 facultates
3240 1029 3544 1083 contineat.

1925 1121 2008 1175 Ad
2054 1121 2205 1184 hzec,
2252 1121 2537 1190 quomodo
2576 1120 2685 1174 alia
2718 1120 2773 1174 iu
2800 1135 3034 1190 corpore
3058 1130 3255 1175 nostro
3292 1122 3543 1184 vascula,

1928 1212 2223 1282 delegandi
2249 1222 2543 1283 potestate,
2570 1212 2826 1283 quedam
2852 1212 3153 1285 reeipiendi
3176 1252 3191 1276 ,
3227 1214 3333 1269 alia
3365 1213 3548 1269 conti-

1925 1305 2134 1369 nendi,
2186 1305 2294 1359 alia
2340 1304 2679 1359 excernendi
2732 1304 2968 1375 praedita
3018 1304 3151 1359 sint.
3195 1303 3302 1359 Sed
3338 1315 3392 1360 et
3432 1320 3546 1374 quo

1925 1404 2088 1467 pacto
2118 1396 2190 1451 ab
2219 1396 2498 1451 alimentis
2528 1412 2733 1467 corpus
2764 1407 3141 1463 sustentetur,
3174 1408 3228 1454 et
3262 1401 3547 1470 quomodo

1926 1489 2065 1560 ipsis
2104 1489 2489 1545 deficientibus
2530 1490 2873 1545 destruatur.
2907 1490 2991 1545 Ad
3025 1491 3145 1547 haec
3170 1492 3364 1557 etiam,
3398 1507 3546 1563 quo-

1924 1582 2091 1636 modo
2116 1595 2238 1645 cor,
2265 1596 2392 1636 cum
2428 1581 2654 1636 insitum
2704 1581 2809 1637 sibi
2845 1596 2875 1635 a
2910 1591 3106 1637 natura
3144 1584 3390 1638 calorem
3441 1584 3544 1639 toti

1925 1676 2148 1746 corpori
2177 1676 2547 1746 impertiatur,
2574 1675 2644 1730 ab
2680 1674 3002 1745 bujusmodi
3043 1676 3205 1732 oﬂicii
3257 1676 3543 1733 functio'ne

1898 1826 1909 1829 ί
1928 1784 2221 1838 nunquam
2255 1776 2459 1823 cessat.
2486 1766 2782 1833 Praeterea,
2834 1767 3041 1838 quibus
3067 1769 3251 1824 modis
3300 1770 3459 1824 ribus
3486 1770 3541 1824 in

200 1863 346 1919 ἄλλα
367 1865 450 1927 ¹⁹;
485 1862 596 1915 Kal
621 1861 740 1924 πῶς
771 1861 871 1930 οὐχ
901 1860 1111 1931 ἡλικίαι
1150 1861 1322 1912 πᾶσιν
1348 1859 1405 1911 αἱ
1435 1857 1599 1911 αὐταὶ
1618 1858 1684 1918 ¹¹,
1722 1856 1811 1909 οὐ·

1928 1875 2156 1914 suct-um
2192 1870 2463 1923 vertatur,
2502 1876 2567 1933 ac
2612 1861 2843 1930 sanguis
2868 1859 3193 1943 depuretur,
3226 1875 3543 1931 corpusque

199 1956 263 2008 δὲ
297 1953 612 2026 προσώπων
643 1952 1023 2025 χαρακτῆρες,
1055 1952 1179 2006 οὐδὲ
1212 1951 1535 2022 ὁμοιότητες
1592 1949 1813 2019 φωνῶν.

200 2046 329 2100 οὐδὲ
359 2046 674 2117 χρωμάτων
705 2045 1038 2116 ὲμφέρειαι;
1104 2056 1109 2057 ⁷

1925 1948 2248 2004 alimcutum
2282 1953 2426 2003 ιιιιατ
2446 1944 2515 2027 it,
2541 1957 2595 2003 et
2625 1960 2841 2004 stercus
2863 1961 3195 2004 excernatur
3217 1950 3571 2005 humidumn

1925 2056 2035 2111 que
2060 2026 2476 2123 εχει-θη)εῴέῶ
2504 2042 2839 2111 emingatur.
2873 2039 3167 2108 Quomodo
3197 2043 3330 2102 item
3365 2058 3543 2099 mem-

202 2144 305 2198 bra
340 2143 693 2215 colligentur,
722 2150 778 2198 et
808 2139 1247 2197 coarticulentur
1275 2147 1488 2211 partes,
1551 2136 1855 2194 acarticuli
1914 2138 2149 2193 invicem
2211 2138 2687 2205 deartiéulentur,
2743 2149 2798 2193 et
2844 2154 2975 2193 ossa
3053 2130 3356 2210 composita
3404 2140 3536 2196 sint.

204 2235 364 2302 Item,
397 2250 498 2291 cur
523 2248 653 2291 ossa
694 2233 948 2306 quaedam
989 2233 1150 2299 dura,
1181 2233 1434 2303 quaedam
1464 2231 1672 2298 mollia,
1703 2231 1811 2285 alia
1850 2246 2117 2298 concava,
2151 2231 2419 2289 nonnulla
2477 2231 2893 2287 concavitatum
2941 2232 3190 2303 expertia
3215 2273 3232 2299 ,
3280 2233 3538 2303 quaedam

202 2333 503 2388 medullam
533 2333 818 2398 habentia,
852 2331 959 2387 alia
993 2331 1202 2401 absque
1242 2330 1483 2386 medulla
1530 2330 1806 2384 visuntur.
1875 2324 1981 2382 Sed
2051 2328 2366 2399 quomodo.
2398 2336 2454 2384 et
2502 2342 2801 2383 nervorum
2855 2328 3079 2399 quidam
3128 2326 3539 2398 coniugationis

202 2424 405 2493 gratia,
459 2424 552 2480 alii
581 2425 839 2487 solitarii,
874 2423 989 2479 sive
1021 2423 1335 2493 singulares
1356 2464 1371 2488 ,
1402 2424 1596 2478 eodem
1644 2421 1813 2477 modo
1846 2429 1901 2475 et
1931 2437 2103 2480 venae.
2148 2431 2204 2477 et
2269 2423 2511 2487 arteriae,
2544 2421 2955 2477 diffunduntur.
3012 2420 3153 2476 Tum
3186 2436 3293 2493 qua
3321 2420 3539 2476 ratione

204 2515 449 2584 partium
487 2516 575 2570 vel
610 2514 860 2585 corporis
900 2513 1326 2579 elementorum,
1373 2515 1479 2570 alia
1524 2514 1632 2577 sui,
1701 2514 1995 2569 nonnulla-
2024 2514 2259 2569 aliorum
2330 2530 2534 2582 causa,
2602 2522 2899 2583 procreata
2973 2512 3136 2586 ιω
3183 2521 3334 2569 sunt.
3386 2497 3537 2566 Prte-

204 2625 358 2666 terea
393 2629 407 2666 :
436 2627 545 2681 qua
574 2611 644 2667 de
673 2627 840 2667 causa
865 2627 1059 2667 omnes
1084 2621 1297 2680 anates,
1319 2628 1429 2669 non
1456 2614 1687 2677 eaedem,
1734 2626 1837 2666 nec
1876 2610 2143 2668 facierum
2215 2619 2478 2683 aspectus
2499 2653 2515 2680 ,
2584 2600 2765 2682 neque
2802 2624 3002 2667 vocum
3052 2609 3358 2666 similitudo
3381 2652 3397 2677 ,
3440 2610 3535 2666 sed

199 2723 305 2763 nec
335 2709 582 2763 colorum
606 2710 896 2779 aequalitas
919 2709 1250 2771 habeantur.

278 2804 390 2859 Kal
420 2805 513 2859 ἵνα
538 2807 620 2868 είς
652 2805 816 2859 πλέον
841 2808 887 2838 ³⁸
937 2806 1163 2861 πλείονα
1197 2807 1361 2873 δόξαν
1392 2807 1493 2879 τὴν
1540 2807 1823 2878 έπανάληυ

197 2897 299 2967 ψιν
338 2895 626 2967 πλέξωμεν
655 2899 721 2951 ὲκ
770 2898 882 2951 τῶν
928 2897 1109 2967 λόγων
1142 2897 1241 2951 τοῦ
1267 2899 1537 2967 Θεολόγου
1569 2900 1618 2931 ’³
1650 2916 1809 2952 συνε-

199 2988 428 3059 ξυφανῶ
453 3006 537 3043 σοι
556 2992 802 3061 ῥήματα·
836 3009 855 3043 ι
890 2991 1500 3059 Θαύμασον,λέγοντος,
1524 2991 1804 3062 ἄνθρωπε,

2000 2797 2231 2864 Verum,
2266 2813 2335 2853 ne
2371 2796 2551 2852 oratio
2583 2804 2776 2852 nostra
2812 2794 3068 2867 pluribus
3098 2796 3313 2861 verbis,
3338 2799 3534 2855 eadem

1917 2889 2102 2944 denuo
2155 2880 2422 2958 repetita,
2477 2895 2778 2942 contexere
2825 2885 3120 2950 videatur,
3168 2900 3237 2941 ex
3278 2886 3533 2960 Gregorii

1916 2979 2100 3031 verbis
2132 2977 2463 3031 sententiam
2503 2977 2868 3041 adducemus,
2902 2991 3029 3031 cum
3075 2978 3174 3032 ait.
3216 2977 3530 3045 Admirare,

201 3079 323 3143 πῶς
371 3078 695 3151 ὲπλάσθης;
740 3081 838 3133 καὶ
870 3081 918 3112 ⁸⁵
967 3080 1086 3143 πῶς
1127 3080 1461 3150 συνετέθης;
1513 3082 1609 3134 καὶ
1644 3082 1730 3145 τίς
1780 3084 1811 3152 ἡ

1920 3071 2117 3140 inquit,
2152 3085 2184 3123 ο
2212 3071 2398 3133 homo,
2426 3084 2671 3139 quonam
2717 3078 2880 3139 pacto
2918 3070 3219 3137 formatus,
3251 3073 3532 3142 composi-

198 3170 335 3239 περὶ
363 3169 425 3223 σε
473 3170 672 3241 σοφία;
711 3170 807 3223 καὶ
854 3170 908 3223 τι
950 3170 1054 3241 τῆς
1089 3170 1311 3239 φύσεως
1359 3171 1423 3251 τὸ
1473 3172 1807 3241 μυστήριον;

199 3263 331 3326 Πῶς
363 3263 543 3335 μετρῆ
587 3264 741 3335 τόπῳ
783 3263 879 3317 καὶ
912 3262 1042 3327 νοῦς
1083 3266 1183 3335 οὐχ
1211 3264 1460 3335 ὁρίζεται
1488 3265 1555 3328 ’⁸,
1593 3264 1711 3318 ἀλλ’
1753 3266 1811 3317 έν

194 3356 377 3425 τούτῳ
411 3355 592 3425 μένων
617 3356 802 3409 πάντα
830 3356 1167 3426 ὲπέρχεται;
1214 3357 1341 3419 Πῶς
1368 3357 1493 3427 ὀψις
1527 3357 1685 3428 ὀλίγη
1713 3357 1811 3412 καὶ

195 3446 297 3502 ιπὶ
328 3446 586 3500 πλεῖστον
618 3447 939 3515 φθάνουσας
980 3447 1092 3500 Kal
1134 3447 1368 3513 πότερον
1403 3447 1689 3519 παραδοχή
1726 3448 1813 3511 τίς
1842 3451 1849 3455 ’

196 3551 353 3602 ἐστιν
382 3545 478 3600 τοῦ
509 3546 795 3614 ὀφθέντος,
828 3546 861 3616 ἢ
894 3546 1033 3617 πρὸς
1060 3548 1241 3599 έκεῖνο
1267 3544 1555 3610 διάϐασις;
1590 3544 1715 3607 Πῶς
1747 3542 1811 3596 τὸ

196 3642 334 3695 αὐτὸ
374 3644 521 3695 κινεῖ
548 3640 645 3694 καὶ
676 3641 914 3691 κινεῖται
950 3636 1038 3690 διὰ
1091 3635 1408 3707 βουλήσεως
1449 3634 1809 3705 κυϐερνώμε-

196 3750 291 3788 νον
316 3735 398 3800 ¹⁶;
436 3733 534 3797 Τίς
562 3732 618 3786 δὲ
655 3730 837 3785 παῦλα
864 3730 1177 3801 κινήσεως;
1218 3730 1330 3783 Kal
1361 3728 1480 3793 πῶς
1509 3731 1539 3782 ὀ
1568 3728 1693 3792 νοῦς
1719 3727 1809 3781 διὰ

194 3828 406 3881 τούτων
433 3826 620 3897 ὁμιλεῖ
647 3827 760 3888 τοῖς
795 3824 922 3890 ἔξω,
956 3823 1051 3876 xal
1095 3821 1165 3875 τὰ
1187 3821 1234 3853 ’⁷
1256 3820 1460 3888 ἔξωθεν
1494 3819 1805 3892 παραδέχεο

194 3937 325 3987 ταις
368 3919 496 3983 Πῶς
526 3916 909 3990 ἀναλαμϐάνει
944 3915 1014 3969 τὰ
1048 3914 1201 3986 είδη;
1253 3914 1349 3968 καὶ
1378 3914 1464 3977 τίς
1489 3915 1524 3985 η
1570 3916 1807 3985 τήρησις

193 4010 295 4065 τοῦ
321 4008 547 4077 ἀναλειφ
562 4007 813 4085 θέντος,ἦ
837 4005 1062 4078 μνήμη;
1102 4004 1214 4058 Kal
1241 4003 1325 4067 τίς
1356 4006 1390 4076 ἡ
1422 4003 1517 4057 τοῦ
1545 4002 1809 4058 ἀπελθόν-

192 4121 290 4168 τος
334 4102 606 4174 ἀνάληψις
635 4102 669 4172 ἦ
702 4102 1045 4172 ἀνάμνησις;
1089 4099 1219 4163 Πῶς
1255 4101 1289 4171 ἠ
1321 4098 1578 4171 αἴσθησις
1623 4100 1682 4154 ὲν
1725 4097 1805 4170 τῷ

158 4214 161 4215 ⁷
192 4197 348 4266 αὐτῴ
399 4195 586 4266 μένει,
643 4194 737 4247 καὶ⁵
776 4193 837 4246 τὸ
870 4191 1029 4256 ἐκτὸς
1060 4192 1369 4246 ἐπισπᾶται
1404 4191 1485 4255 ²⁸ς
1519 4192 1647 4255 Πῶς
1686 4192 1715 4245 ὀ
1756 4193 1802 4224 ’⁸

191 4288 354 4355 λόγος
380 4286 477 4340 νοῦ
522 4287 775 4357 γέννημα
803 4326 817 4349 ,
856 4286 951 4339 καὶ
985 4286 1152 4356 γεννᾷ
1200 4285 1361 4353 λόγον
1396 4286 1454 4338 ἐν
1498 4284 1648 4355 ἄλλῳ
1676 4284 1800 4349 vel;

191 4386 307 4438 Kal
343 4382 463 4446 πῶς
507 4382 654 4453 λόγῳ
684 4381 869 4453 νόημα
910 4378 1250 4447 διαδίδοται,
1281 4378 1401 4441 πῶς
1432 4379 1732 4450 στρέφεται
1754 4377 1801 4410 ⁸⁸

189 4474 282 4529 διὰ
310 4474 493 4545 ψυχῆς
543 4474 605 4528 τὸ
649 4474 848 4544 σῶμα;
896 4471 1011 4525 Kal
1054 4471 1175 4534 πῶς
1217 4470 1366 4543 ψυχὴ
1411 4470 1501 4523 διὰ
1541 4468 1799 4543 σώματος
1832 4463 1874 4517 Ι)

190 4569 445 4621 κοινωνεῖ
473 4566 715 4631 πᾶθουςς
746 4564 865 4627 πῶς
891 4564 1135 4635 πήγνυσι
1167 4563 1362 4632 φόϐος,
1397 4561 1491 4616 καὶ
1515 4562 1633 4616 λύει
1660 4562 1795 4633 θάρ-

191 4677 322 4725 σος;
354 4660 450 4713 καὶ
480 4656 764 4713 συστέλλει
786 4656 958 4727 λύπη,
987 4656 1083 4710 καὶ
1105 4656 1285 4726 διαχεῖ
1307 4656 1489 4727 ἡδονὴ,
1519 4656 1615 4710 καὶ
1636 4656 1799 4725 τήκει

190 4753 414 4821 φθόνος,
450 4753 549 4806 καὶ
578 4750 909 4823 μετεωρίζει
936 4750 1129 4818 τῦφος.
1176 4750 1272 4803 καὶ
1302 4749 1558 4818 κουφίζει
1602 4749 1796 4815 ὲλπίς;

191 4846 321 4910 Πῶς
354 4844 611 4917 ὲκμαίνει
656 4844 863 4914 θυμὸς,
894 4844 991 4897 καὶ
1019 4842 1302 4914 έρυθαίνει
1333 4841 1402 4895 δι’
1443 4844 1677 4913 αἵματος
1707 4844 1797 4895 al-

190 4938 298 5005 δὼς
322 4938 367 4972 ιι
386 4946 401 4961 ·
425 4939 455 4992 δ
485 4939 531 4970 ιι
558 4937 661 5010 μὲν
698 4937 980 5003 ζέσαντος,
1007 4937 1073 5001 ³³,
1106 4938 1140 5004 ἡ
1192 4935 1251 4989 δὲ
1293 4937 1791 5008 ἀναχωρήσαντοςῗ

190 5035 305 5089 Kal
333 5032 453 5096 πῶς
471 5033 521 5086 οί
551 5032 905 5103 χαρακτῆρες
929 5031 1041 5085 τῶν
1082 5029 1275 5083 παθῶν
1298 5031 1357 5082 ὲν
1389 5030 1506 5093 τοῖς
1534 5027 1752 5099 σώμασι
1775 5044 1791 5093 ;

188 5128 275 5194 τίς
305 5129 351 5161 ⁸⁸
393 5130 427 5200 ἡ
475 5128 569 5182 τοῦ
613 5126 879 5198 λογισμοῦ
929 5126 1295 5199 προεδρία’³;
1340 5125 1454 5178 Kal
1492 5124 1613 5188 πῶς
1655 5128 1793 5179 πᾶσι

188 5220 409 5285 τούτοις
444 5222 769 5287 έπιστατεζ,
814 5218 911 5273 καὶ
942 5219 1145 5289 ἡμεροῑ
1174 5218 1245 5271 τὰ
1272 5217 1380 5271 τῶν
1416 5216 1609 5272 παθῶν
1637 5218 1795 5289 κινή-

192 5330 377 5381 uasa;
411 5313 537 5379 Πῶς
569 5312 763 5383 αἵματι
789 5315 1075 5383 κρατεῖται
1094 5312 1189 5366 καὶ
1213 5314 1349 5383 πνοῇ
1373 5311 1435 5365 τὸ
1457 5310 1752 5385 ἀσώματον
1774 5329 1791 5381 ;

270 5496 315 5527 ¹⁹
342 5492 726 5563 ἐπιλειτοῦσαι
759 5489 848 5563 B._
937 5490 982 5524 “
1016 5487 1225 5563 ταύτην
1251 5490 1314 5555 Β,
1343 5506 1455 5545 om.
1502 5490 1565 5547 P.

1681 5495 1725 5527 “
1748 5497 1867 5561 πῶς
1896 5497 2111 5552 δέδεται
2166 5498 2229 5552 Β.

199 5564 243 5595 θ’
267 5567 336 5619 τὰ
390 5564 490 5631 μὲν
545 5561 604 5615 Β.
687 5562 729 5593 ¹⁸
766 5561 863 5615 καὶ
900 5578 1013 5617 om.
1061 5562 1102 5615 Β
1138 5561 1198 5617 PL
1279 5563 1321 5595 ¹⁹
1354 5564 1567 5615 ἑαυτῶν
1602 5564 1663 5619 Β.
1743 5568 1789 5599 ’⁸
1832 5568 1902 5621 δι’
1932 5570 2113 5623 ἄλλων
2146 5571 2206 5623 Β.
2286 5568 2329 5601 ’³
2364 5569 2561 5621 έαυταὶ
2594 5561 2658 5621 A.

1914 3180 2121 3241 tusque
2153 3170 2253 3231 sis,
2287 3177 2342 3224 et
2376 3177 2583 3240 quanta
2616 3166 2715 3223 Dei
2748 3167 2803 3222 in
2826 3150 2899 3222 te
2932 3169 3279 3240 procreando
3305 3171 3531 3242 sapien-

1914 3266 1989 3318 tia
2018 3265 2110 3324 sit,
2145 3273 2195 3317 et
2232 3254 2516 3332 quodnam
2550 3262 2606 3315 in
2638 3261 2746 3317 hoc
2800 3269 3013 3316 natura:
3046 3261 3371 3329 mysterium
3421 3273 3528 3321 est.

1913 3355 2225 3410 Considera
2265 3354 2396 3408 item
2429 3367 2543 3423 quo
2582 3361 2747 3423 pacto
2792 3368 2951 3409 mens
2996 3354 3118 3409 loco
3166 3357 3530 3412 mensurabili

1917 3462 2028 3501 non
2061 3446 2352 3513 dividitur,
2382 3446 2475 3501 sed
2502 3445 2556 3498 in
2586 3445 2781 3500 eodem
2812 3447 3143 3516 persistens,
3171 3458 3373 3503 cuncta
3404 3465 3529 3519 per-

1910 3547 2077 3592 errat.
2124 3537 2264 3593 Tum
2308 3553 2418 3609 qua
2464 3537 2707 3602 ratione,
2740 3538 2896 3593 visus
2925 3550 3135 3602 noster,
3163 3556 3298 3605 ,cum
3348 3542 3527 3597 modi-

1910 3643 2011 3683 cus
2048 3629 2341 3698 brevisque
2370 3628 2464 3690 sit,
2501 3627 2569 3681 ad
2616 3636 2729 3682 tam
2762 3635 2978 3682 remota
3006 3643 3073 3684 ac
3098 3629 3361 3685 distantia
3410 3630 3529 3687 suf-

1912 3722 2061 3777 ficiat
2097 3742 2109 3777 :
2148 3730 2203 3777 et
2234 3720 2486 3792 nunquid
2519 3720 2869 3776 visibilis’rei
2906 3721 2975 3775 ad
3009 3722 3188 3776 visum
3221 3738 3529 3794 repraesen-

1908 3815 2151 3879 tatio,an
2172 3813 2323 3869 visus
2341 3813 2407 3867 ad
2424 3827 2545 3867 eam
2562 3811 2834 3867 transitus
2850 3810 2964 3866 fiat.
2987 3810 3095 3868 Sed
3130 3821 3186 3868 et
3218 3814 3525 3885 quomodo,

1908 3907 2041 3962 illud
2070 3907 2213 3962 idem
2246 3914 2431 3961 movet
2469 3915 2524 3960 et
2554 3914 2814 3960 movetur
2855 3904 3005 3975 quod
3055 3920 3152 3975 per
3183 3906 3523 3961 voluntatem

1906 4017 2159 4065 nostram
2192 4009 2557 4079 gubernatur,
2590 4014 2706 4061 tum
2731 4021 2859 4076 quas
2889 4015 3072 4062 motus
3099 4006 3261 4077 quies
3288 4007 3381 4063 sit.
3401 4005 3526 4074 Quo
3566 4067 3580 4080 ,

1907 4104 2037 4159 item
2102 4112 2264 4173 pacto
2306 4117 2462 4158 mens
2513 4116 2613 4172 per
2647 4116 2873 4166 sensus,
2914 4099 3005 4157 his
3048 4117 3171 4172 quae
3199 4112 3356 4157 extra
3392 4111 3525 4158 sunt

1906 4197 2323 4263 communicat,
2359 4207 2526 4265 atque
2573 4192 2855 4249 exteriora
2896 4193 3161 4248 desumit.
3220 4194 3519 4261 Praeterea,

1903 4306 2016 4362 quo
2042 4298 2204 4360 pacto
2240 4291 2356 4359 ipsa
2387 4288 2601 4356 species
2635 4286 2891 4357 recipiat,
2928 4295 2984 4341 et
3011 4302 3137 4357 quae
3176 4302 3369 4343 eorum
3397 4304 3524 4359 quae

1903 4392 2123 4453 recepta
2176 4394 2308 4437 sunt
2362 4380 2746 4445 conservatio,
2780 4379 2867 4435 vel
2907 4379 3179 4435 memoria
3230 4382 3322 4437 sit.
3374 4380 3520 4439 Tum

1905 4502 2017 4555 quo
2048 4493 2230 4554 pacto,
2256 4484 2546 4553 praterita:
2576 4483 2655 4537 rei
2689 4481 3019 4552 resumptio,
3043 4482 3128 4536 vel
3152 4483 3519 4539 reminiscen-

1906 4577 1979 4633 tia
2012 4577 2128 4631 fiat.
2159 4575 2239 4629 Ad
2276 4576 2411 4640 hzrc,
2442 4574 2730 4645 quomodo
2775 4589 2977 4629 sensus
3019 4574 3075 4628 in
3123 4575 3241 4645 ipsa
3292 4590 3519 4645 perma-

1905 4678 2065 4731 neat,
2099 4677 2155 4724 et
2208 4666 2340 4722 illud
2370 4668 2517 4737 quod
2550 4676 2707 4721 extra
2731 4664 3134 4729 est,-attrabat.
3175 4667 3340 4731 Item,
3376 4683 3518 4736 quo-

1906 4762 2074 4816 modo
2092 4760 2273 4814 oratio
2303 4775 2333 4814 a
2360 4759 2678 4828 menteipsa
2694 4766 3115 4829 progeneratur,
3133 4757 3517 4827 orationisque

1904 4853 2234 4923 generandae
2258 4851 2313 4905 in
2346 4852 2451 4905 alia
2478 4860 2661 4905 mente
2690 4865 2858 4905 causa
2889 4850 3144 4904 exsistat.
3180 4848 3249 4903 Et
3270 4864 3513 4921 quonam

1904 4954 2068 5016 pacto
2098 4944 2414 4999 orationum
2450 4942 2813 5013 intelligentia
2844 4942 3249 5007 distribuatur;
3279 4949 3335 4997 et
3368 4958 3513 5013 quo-

1904 5036 2073 5092 modo
2096 5051 2299 5106 corpus
2334 5042 2406 5090 ob
2433 5034 2677 5089 animam
2710 5034 3009 5089 nutriatur.
3042 5033 3164 5100 Quo
3191 5042 3352 5105 pacto
3383 5035 3512 5091 item

1903 5128 2111 5193 anima,
2148 5128 2221 5182 ob
2249 5128 2501 5197 corporis
2536 5127 3126 5187 communicationem.
3159 5127 3515 5196 passionibus

1904 5220 2145 5273 obnoxia
2178 5218 2275 5283 sit,
2314 5230 2367 5273 et
2397 5235 2521 5290 quae
2554 5235 2725 5275 causa
2758 5231 2876 5285 est,
2929 5220 3007 5273 uti
3050 5220 3121 5273 ob
3158 5219 3512 5277 formidinem

1903 5309 2070 5365 homo
2106 5308 2311 5381 frigore
2343 5321 2699 5377 concrescat,
2742 5321 2797 5367 ct
2828 5311 3060 5367 audacia
3096 5312 3368 5377 solvatur,
3411 5313 3515 5369 do-

2976 5500 3021 5531 ¹⁶
3058 5499 3152 5553 καὶ

2346 5498 2390 5529 ’⁵
2429 5497 2763 5564 συντέθηται
2812 5498 2874 5553 Β.
2976 5500 3021 5531 ¹⁶
3058 5499 3152 5553 καὶ
3212 5516 3322 5553 mn.
3375 5498 3417 5552 Β
3446 5498 3510 5555 Ρ.

2758 5570 2803 5601 ²¹
2854 5570 3021 5623 πλέον
3049 5588 3158 5625 mn.
3187 5570 3244 5626 Β.
3325 5572 3371 5603 ’³
3412 5572 3510 5625 τοῦ

198 5633 362 5713 θεολ*
381 5634 623 5713 ἐκλόγων
653 5632 786 5713 ΒΛΡ.
864 5632 910 5665 ’⁵
939 5634 1035 5688 xal
1062 5649 1173 5713 oni.
1206 5634 1268 5689 Β.
1299 5707 1323 5713 _
1348 5635 1393 5666 "
1420 5640 1705 5713 μετρεῖται
1728 5640 1884 5713 τόπῳ
1916 5640 2064 5711 ψυχὴ
2090 5642 2186 5713 καὶ
2210 5639 2336 5713 νοῦς
2361 5643 2422 5713 ου
2456 5640 2757 5713 χωρίζεται
2779 5640 2841 5697 C.
2919 5644 2967 5674 "
2989 5641 3410 5713 κυϐερνώμενος
3445 5641 3509 5697 Β.

198 5704 391 5786 ίξτοξς
421 5705 611 5786 A__._”
643 5705 759 5786 πῶς
795 5722 969 5786 usque
1000 5706 1074 5786 ad
1114 5704 1568 5786 ὲπισπᾶταίριιὶ.
1612 5712 1675 5762 Α.
1756 5711 1799 5742 ³³

1914 5704 2080 5786 ιἰιιΪΒ
2211 5782 2221 5786 _
2250 5704 2591 5786 "spaé'aétat
2632 5712 2671 5765 Β
2702 5711 2759 5767 Ρ.
2841 5713 2882 5744 ³⁸
2916 5714 3009 5766 καὶ
3046 5704 3154 5767 αἱδί
3190 5704 3513 5786 ἐρυθραίνει

192 5772 265 5828 δι’
296 5777 419 5847 αἴμ.
448 5776 486 5830 Β
507 5776 568 5830 Ρ.
648 5776 693 5808 ⁸³
721 5777 755 5847 ἡ
782 5776 846 5832 Α.
880 5772 891 5775 ⁷
925 5776 971 5808 ³³
994 5776 1274 5841 ζώσαντος
1300 5780 1363 5831 Α.
1442 5776 1487 5809 ⁸⁸
1517 5780 1613 5833 καὶ
1641 5780 1722 5844 τίς
1751 5781 1811 5833 Β.

1890 5784 1934 5815 ³⁵
1962 5782 2262 5854 προεδρεία
2296 5783 2362 5837 Α.
