4178 6436
241 375 380 434 1285

1485 370 1573 426 DE
1613 364 1896 425 NATURA
1942 364 2247 421 HOMINIS.

3389 363 3525 421 i286

238 489 445 547 τοῦτων
473 484 820 552 ῑκλέγεσοαι,
853 484 920 555 ἣν
967 484 1343 555 Ἐμπεδοκλῆς
1389 485 1612 557 πρῶτος
1661 482 1814 552 ἐφεύ-

1930 481 2115 545 nibus,
2142 479 2426 536 meliorem
2463 477 2779 548 seligentcs,
2809 490 2975 546 quam
3006 472 3353 544 Empedoclis
3378 489 3521 539 esse,

242 597 403 651 ρατο,
452 577 530 643 ὡς
568 576 624 630 δέ
658 593 793 647 φησι
842 574 1105 645 Γαληνὸς,
1148 575 1522 646 Ἱπποκράτης
1564 576 1594 627 ὁ
1638 573 1820 643 Κῷος.

238 668 495 738 τέσσαρα
532 665 714 719 τοίνυν
746 666 817 719 τὰ
853 662 947 717 τοῦ
986 664 1190 727 παντὸς
1226 666 1470 734 στοιχεῖα
1518 666 1827 733 τυγχάνου-

227 740 347 823 σιν,
380 757 417 813 ἀ
442 756 509 827 δὴ
538 760 636 809 και
666 753 916 825 κοσμικά
944 753 1276 807 καλοῦνται·
1319 754 1461 823 πῦρ,
1493 753 1671 822 ὕδωρ.
1708 752 1826 821 ἀὴρ

236 851 335 905 καὶ
359 849 457 921 τῆ.
491 850 645 903 Ἔστι
695 848 752 901 δὲ
795 846 857 900 τδ
898 846 999 918 μὲν
1050 846 1162 917 πῦρ
1210 845 1417 918 θερμὸν
1470 848 1569 903 καὶ
1620 846 1821 918 ξηρόν

233 942 299 997 τὸ
325 942 384 996 δὲ
413 940 579 1013 ὕδωρ,
608 939 817 1010 ψυχρὸν
842 939 936 992 καὶ
965 938 1133 1007 ὑγρόν
1154 954 1167 967 ·
1200 938 1301 991 όδὲ
1331 938 1464 1009 ἀὴρ,
1493 938 1698 1010 θερμὸς
1729 940 1824 992 καὶ

234 1020 435 1104 ὑγράς’
474 1033 509 1102 ἡ
540 1030 597 1083 δὲ
632 1032 703 1099 γῆ
726 1028 914 1099 ψυχρὰ
952 1027 1049 1081 καὶ
1078 1026 1244 1098 ξηρά.
1298 1027 1461 1082 Ἀλλά
1491 1026 1597 1098 μὴν
1632 1028 1724 1080 καὶ
1752 1026 1823 1080 τά

232 1121 482 1195 προσεχῆ
504 1122 742 1190 στοιχεῖα
759 1120 868 1173 τῶν
897 1118 1053 1182 ζώων
1082 1119 1342 1172 ἁπάντων
1368 1118 1464 1172 καὶ
1492 1119 1556 1188 δὴ
1594 1117 1688 1170 καὶ
1712 1119 1823 1171 τᾶν

229 1213 589 1283 ἀνθρωπείων
647 1210 938 1277 σωμάτων,
989 1210 1231 1281 τέσσαρα
1264 1212 1361 1263 καὶ
1424 1209 1565 1263 αὐτὰ
1616 1212 1823 1281 τυγχά-

229 1320 435 1368 νουσιν,
463 1305 512 1357 oi
542 1302 805 1371 τέσσαρες
841 1298 1087 1369 δηλονότι
1124 1302 1291 1371 χυμοί
1314 1317 1328 1331 ⁸
1356 1299 1521 1369 αἷμα,
1552 1300 1818 1370 φλέγμα,

226 1395 388 1465 χολὴ
421 1393 639 1461 ξανθὴ,
680 1394 773 1446 καὶ
800 1392 955 1462 χολὴ
988 1393 1268 1461 μέλαινα.
1330 1391 1612 1460 Ἀναλογεῖ
1641 1387 1733 1446 οὖν
1759 1392 1821 1446 τὸ

225 1482 372 1557 αἷμα
412 1484 492 1555 τῷ
521 1485 646 1555 ἀέρι
670 1501 685 1516 ·
713 1483 918 1555 θερμὸν
945 1484 1005 1536 ὃν
1032 1484 1126 1537 καλ⁵
1173 1482 1362 1555 ὑγρὸν,
1392 1482 1584 1554 ὥσπερ
1621 1483 1686 1554 δὴ
1724 1484 1820 1537 κὰ-

222 1580 428 1642 κείνος.
447 1576 521 1630 Τὸ
541 1576 598 1629 δὲ
627 1576 848 1647 φλέγμα
868 1576 942 1647 τῷ
962 1575 1116 1629 ὕδατι
1140 1593 1153 1608 ·
1186 1575 1398 1646 ψυχρὸν
1418 1574 1479 1630 ὃν
1507 1576 1599 1629 καὶ
1627 1575 1815 1647 ὑγρόν.

236 1668 305 1724 Ἥ
357 1668 417 1724 δὲ
455 1668 622 1740 ξανθὴ
668 1668 822 1739 χολὴ,
858 1666 937 1738 τῷ
986 1669 1159 1739 πυρί’
1194 1654 1374 1741 θερμὴ
1423 1669 1533 1741 γάρ
1569 1670 1688 1722 ἐστι
1724 1670 1819 1723 καὶ

226 1761 393 1832 ξηρά.
436 1760 498 1814 Ἦ
532 1761 589 1813 δὲ
629 1759 862 1831 μέλαινα
885 1757 1018 1829 χολὴ
1056 1760 1124 1830 τῇ
1157 1760 1228 1831 γῇ
1251 1775 1264 1789 ·
1328 1759 1516 1829 ψυχρά
1561 1760 1671 1832 γάρ
1699 1761 1816 1813 ἐστι

1930 571 2172 626 Galenus
2205 579 2260 626 et
2287 570 2435 625 Cous
2467 566 2828 637 Hippocrates
2860 562 3127 619 referunt.
3162 560 3305 618 Sunt
3358 563 3526 634 igitur

1927 660 2175 715 omnium
2233 675 2419 715 rerum
2466 658 2735 713 elementa
2783 655 2943 727 143
2986 665 3252 726 quatuor,
3299 670 3423 726 qua:
3472 666 3525 710 et

1929 751 2118 807 mundi
2171 751 2441 805 elementa
2478 748 2844 818 appellantur,
2889 749 3026 818 ignis
3088 746 3380 810 videlicet,
3407 762 3522 811 aer,

1928 857 2066 907 aqua
2100 848 2155 896 et
2183 850 2346 895 terra.
2394 837 2461 892 Et
2490 839 2634 908 ignis
2680 836 2901 907 quidem
2959 837 3172 895 calidus
3209 838 3517 909 siccusque.

1927 947 2072 1001 aqua
2110 930 2336 984 humida
2384 944 2449 985 ac
2472 929 2693 1001 frigida,
2738 944 2833 984 aer
2862 930 3079 985 calidus
3130 937 3185 985 et
3236 930 3528 986 humidus.

1926 1032 2071 1077 terra
2100 1037 2231 1077 vero
2258 1020 2453 1092 frigida
2484 1031 2539 1077 et
2568 1021 2715 1077 sicca
2743 1020 2996 1076 habetur.
3050 1019 3157 1075 Sed
3186 1030 3240 1076 et
3272 1022 3519 1076 omnium

1924 1116 2289 1178 animalium,
2366 1125 2549 1184 atque
2587 1112 2956 1167 humanorum
3031 1126 3373 1181 corporum,
3436 1114 3526 1169 bis

1924 1207 2173 1279 proxima
2202 1206 2427 1261 totidem
2460 1206 2750 1268 elementa,
2784 1213 3024 1275 quatuor
3053 1204 3304 1260 videlicet
3328 1204 3525 1259 humo-

1925 1315 2037 1362 res,
2086 1301 2327 1369 sanguis,
2360 1293 2580 1367 pituita,
2621 1298 2789 1368 ﬂava,
2824 1305 2879 1352 et
2925 1306 3050 1350 atra
3104 1296 3245 1351 bilis.
3282 1295 3525 1368 Sanguis

1926 1391 2113 1461 itaque
2147 1402 2274 1448 cur:
2306 1391 2501 1446 calidae
2533 1405 2599 1445 ac
2644 1388 2883 1443 humidae
2906 1388 3189 1459 qualitatis
3243 1388 3357 1453 sit,
3407 1389 3526 1443 aeri

1925 1483 2279 1553 proportione
2305 1483 2638 1553 respondet;
2676 1482 2875 1552 pituita
2914 1497 3069 1546 vero,
3106 1478 3303 1550 frigida
3336 1479 3525 1535 humi-

1921 1574 2105 1645 daque
2137 1573 2433 1638 exsistens,
2469 1573 2822 1643 aquaa;ﬂava
2838 1571 3063 1642 quidem
3091 1572 3241 1636 bilis,
3267 1587 3392 1627 cum
3425 1587 3523 1627 ca-

1920 1664 2029 1719 lida
2072 1673 2127 1719 et
2170 1664 2317 1720 sicca
2361 1665 2654 1734 habeatur,
2690 1666 2835 1737 igni;
2877 1674 2999 1722 atra
3025 1682 3179 1734 vero,
3211 1667 3282 1723 ob
3312 1667 3521 1739 frigidi-

1921 1768 2086 1814 tatem
2143 1758 2600 1828 siccitatemque,
2651 1766 2811 1814 terra:
2851 1759 3328 1831 proportionatur.
3380 1758 3525 1813 Sunt

220 1852 322 1907 καὶ
353 1852 514 1922 ξηρά.
552 1851 705 1905 Εἰσὶν
734 1846 830 1905 οὖν
855 1851 914 1903 ὲν
935 1851 1066 1922 ἡμῖν
1099 1849 1169 1903 τὰ
1222 1854 1462 1922 στοιχεῖα
1500 1850 1697 1919 ταῦτα,
1726 1852 1814 1905 καὶ

1921 1851 2088 1907 etiam
2120 1858 2175 1905 et
2208 1865 2333 1920 qua:
2364 1866 2395 1904 a
2431 1850 2658 1906 musicis
2694 1851 2989 1906 traduntur
3039 1850 3307 1906 elementa
3334 1889 3348 1914 ,
3396 1866 3522 1918 quae

220 1942 367 1998 κατά
396 1943 695 2013 μουσικοὺς
724 1941 921 2011 λόγους
949 1941 1345 2008 διπλασίους,
1374 1943 1690 2011 ἡμιολίους
1719 1944 1815 1999 καὶ

218 2035 598 2105 ἐπιτρίτους-ο
660 2035 790 2105 περὶ
842 2026 917 2087 ὧν
963 2032 1265 2096 τυποειδῶς
1314 2033 1560 2100 λεκτέον,
1615 2035 1693 2099 ὡς
1748 2036 1815 2090 ἂν

219 2124 425 2195 ιφικτὰ
458 2125 673 2193 γένοιτο
700 2126 814 2188 τοῖς
854 2122 1146 2193 ἀγνοοῦσιν
1180 2124 1341 2180 αὑτά.
1379 2125 1673 2190 Διπλάσιος
1710 2126 1815 2198 μὲν

219 2216 318 2270 οὖν
356 2217 509 2270 ἐστιν
544 2215 803 2287 ἀριθμὸς,
844 2217 872 2269 6
900 2214 1039 2285 ἔχων
1070 2216 1129 2269 ὲν
1166 2216 1347 2287 ἑαυτῷ
1389 2217 1817 2289 συγκρινόμενον

217 2306 483 2380 ἀριθμὸν,
512 2308 826 2375 πλεονάκις,
864 2308 897 2380 ἢ
931 2306 1114 2376 ἂπαξ’
1151 2309 1228 2372 ὡς
1256 2310 1288 2363 ὁ
1330 2308 1477 2363 ὀκτὼ
1530 2310 1671 2382 πρὸς
1723 2311 1816 2366 τὸν

219 2398 472 2468 τέσσαρα
497 2414 512 2429 ο
547 2399 628 2463 δὶς
662 2400 771 2471 γὰρ
793 2399 851 2453 ὲν
884 2398 1036 2470 αὑτῷ
1081 2399 1175 2453 τὸν
1227 2400 1475 2472 τέσσαρα
1522 2401 1813 2474 κέκτηται.

233 2489 517 2561 Ἦμιόλιος
544 2490 601 2543 δέ
641 2492 789 2543 ἐστιν
823 2490 1083 2562 ἀριθμὸς,
1118 2492 1147 2544 6
1176 2491 1316 2562 ἔχων
1349 2492 1471 2546 ὅλον
1520 2494 1579 2547 ὲν
1635 2494 1816 2565 ἑαυτῷ

221 2581 318 2636 τὸν
357 2581 791 2652 συγκρινόμενον
825 2581 1065 2653 ἀριθμὸν
1099 2582 1285 2636 καὶτὸ
1335 2584 1428 2637 ἐπὶ
1476 2584 1674 2639 τούτου
1697 2601 1710 2615 ·
1741 2586 1816 2649 ὡς

221 2671 346 2753 ὁκξέξ
372 2672 509 2743 πρὸς
536 2672 631 2725 τὸν
664 2673 941 2743 τέσσαραο
984 2672 1097 2745 ἔχει
1125 2673 1236 2745 γὰρ
1262 2675 1320 2729 έν
1352 2675 1533 2746 ἑαυτῷ
1568 2675 1692 2730 ὅλον
1723 2677 1818 2731 τὸν

222 2750 487 2833 τέσσαρα,
525 2762 621 2815 καὶ
649 2762 710 2815 τὸ
747 2763 921 2833 ἥμισυ
952 2763 1171 2818 τούτου.
1216 2763 1530 2837 Ἐπίτριτος
1574 2766 1633 2821 δέ
1666 2769 1819 2823 ἐστιν

220 2853 509 2924 ἀριομὺςό
544 2853 685 2924 ἔχων
720 2855 779 2907 έν
827 2854 1010 2925 ἑαυτῷ
1068 2855 1164 2910 τὸν
1204 2857 1642 2928 συγκρινόμενον
1687 2862 1814 2928 ἀρι-

221 2944 362 3016 θμὸν
390 2945 486 2998 καὶ
516 2944 577 2997 τὸ
616 2945 797 3013 τρίτον
822 2945 1121 3000 τούτουμτδ
1170 2947 1252 3003 ἓν.
1304 2947 1377 3001 Τὸ
1414 2949 1511 3019 μὲν
1540 2944 1636 3003 οὖν
1673 2944 1817 3021 αἷμα

222 3034 404 3104 φίλιον
432 3034 492 3087 δν
529 3036 624 3089 καὶ
676 3034 981 3103 ζωογόνον,
1038 3035 1136 3091 καὶ
1170 3038 1375 3091 οἰκεῖον
1430 3040 1498 3111 τῇ
1549 3038 1712 3108 φύσει
1745 3042 1815 3111 τῇ

220 3125 474 3198 ἡμετέρᾳ
498 3126 781 3182 διπλάσιον
811 3127 970 3196 λόγον
999 3126 1115 3198 εχει
1148 3128 1272 3183 καθ’
1295 3129 1557 3184 ὑπόθεσιν
1583 3130 1723 3201 πρὸς
1748 3129 1818 3183 τὰ

1921 1945 1996 2000 ita
2023 1952 2417 2014 nuncupantur
2439 1968 2449 1999 ;
2470 1943 2774 2008 διπλάσιος,
2796 1943 3064 2015 ἡμιόλιος,
3089 1944 3186 1996 καὶ
3215 1944 3516 2015 ἐπιτρίτος,

1920 2034 2028 2091 hoc
2052 2044 2159 2099 est,
2186 2035 2376 2105 dupla,
2403 2034 2789 2105 sexquialtera,
2818 2043 2875 2089 et
2899 2034 3274 2104 seanitsrtia.
3300 2034 3369 2088 de
3392 2033 3520 2104 qui-

1920 2126 2025 2181 bus
2060 2125 2165 2181 sub
2198 2123 2439 2179 formula
2463 2124 2702 2195 quadam
2728 2123 3118 2195 explicandum
3154 2131 3240 2179 cst
3266 2166 3280 2189 ,
3318 2123 3401 2178 uti
3451 2123 3522 2179 ab

1919 2231 2114 2271 eorum
2141 2215 2353 2287 ignaris
2380 2215 2715 2286 deprehendi
2760 2214 2923 2270 facile
2961 2224 3185 2285 queant.
3242 2212 3521 2285 Diplasins

1919 2306 2106 2376 itaque
2138 2321 2405 2377 numerus
2430 2305 2477 2361 is
2508 2316 2613 2372 est,
2631 2306 2722 2376 qui
2760 2315 3141 2376 comparatum
3174 2305 3229 2360 in
3251 2321 3311 2360 se
3347 2306 3523 2377 pluri-

1920 2397 2116 2452 fariam
2169 2399 2257 2454 vel
2310 2397 2482 2455 semel
2526 2414 2818 2454 numerum
2868 2398 3142 2461 continet,
3172 2410 3231 2454 ut
3285 2407 3411 2454 oeto
3450 2400 3521 2453 ad

1922 2501 2185 2561 quatuor,
2219 2476 2343 2546 nam
2368 2506 2433 2546 ex
2452 2490 2539 2546 bis
2554 2499 2794 2561 quatuor
2819 2499 2947 2545 octo
2972 2490 3265 2544 resultant.
3296 2488 3523 2545 ilemio-

1920 2583 2029 2639 lius
2052 2598 2181 2639 vero
2212 2591 2318 2651 est,
2359 2584 2455 2655 qui
2490 2584 2765 2655 integrum
2805 2584 2859 2638 in
2904 2598 2965 2640 se
2994 2593 3374 2653 comparatum
3414 2599 3521 2638 nu-

1921 2668 2136 2731 merum
2197 2690 2324 2731 cum
2379 2675 2608 2731 dimidio
2652 2670 2853 2743 habet,
2894 2684 2955 2732 ut
2994 2691 3089 2731 sex
3130 2675 3201 2731 ad
3258 2687 3520 2746 quatuor,

1923 2780 2050 2819 nam
2089 2763 2332 2835 perfecte
2359 2765 2415 2821 in
2454 2767 2574 2837 ipso
2604 2775 2844 2838 quatuor
2877 2781 3185 2839 eorumque
3230 2767 3522 2825 dimidium

1920 2855 2195 2911 visuntur.
2232 2854 2505 2927 Epitritus
2540 2866 2723 2914 autem
2754 2868 2869 2925 est,
2922 2860 3015 2931 qui
3056 2875 3182 2915 cum
3228 2875 3491 2931 compara

1921 2954 2036 3001 tum
2068 2946 2122 3001 in
2149 2962 2209 3003 se
2244 2963 2537 3004 numerum
2564 2950 2807 3005 obtineat
2834 2991 2851 3017 ,
2882 2952 3115 3021 ejusque
3147 2952 3364 3006 tertiam
3394 2968 3525 3021 por-

1921 3038 2126 3091 tionem
2159 3037 2346 3103 liabet,
2388 3048 2449 3094 ut
2477 3051 2719 3110 quatuor
2751 3040 2819 3096 ad
2858 3042 3000 3106 tria;
3025 3057 3164 3107 ,nam
3197 3056 3322 3097 cum
3377 3041 3528 3097 inte-

1924 3143 2083 3199 grum
2138 3129 2433 3184 ternarium
2485 3130 2805 3201 possideat,
2844 3142 2899 3186 et
2942 3131 3065 3201 ejus
3101 3132 3259 3187 tertia
3294 3147 3425 3203 pars
3465 3135 3521 3189 in

222 3214 409 3270 λοιπά.
437 3216 511 3269 Τὸ
527 3215 583 3270 δὲ
613 3216 835 3288 φλέγμα
857 3219 1111 3289 ἡμιόλιον
1131 3237 1143 3250 ·
1179 3221 1214 3291 ἡ
1236 3220 1294 3275 δὲ
1318 3220 1489 3293 ξανθὴ
1518 3221 1653 3293 χολὴ
1690 3223 1814 3277 isti-

1919 3234 1986 3275 eo
2020 3236 2142 3291 quae
2174 3222 2359 3278 unitas
2385 3230 2471 3278 est
2512 3222 2844 3279 ostenditur.
2885 3220 3025 3278 Cum
3081 3222 3249 3293 igitur
3296 3227 3524 3297 sanguis

220 3320 430 3378 τριτον.
492 3306 559 3361 Ἦ
600 3308 659 3362 δὲ
711 3309 941 3381 μέλαινα
986 3309 1143 3383 χολὴ,
1204 3311 1465 3385 ἐλαχίστη
1529 3312 1814 3377 παντελῶς

1920 3314 2210 3371 amicaliile
2245 3315 2563 3385 quoddam.
2607 3324 2663 3371 et
2701 3316 2850 3386 quod
2897 3315 3079 3393 ipsum
3136 3315 3340 3371 animal
3388 3333 3523 3387 pro-

223 3399 396 3455 δστιν.
453 3399 657 3471 Ἐχρῆν
707 3400 818 3472 γὰρ
849 3399 1048 3465 οὕτως.
1087 3400 1369 3473 Φθαρτικὴ
1413 3405 1525 3474 γάρ
1563 3406 1693 3464 ,ἔστι
1718 3404 1814 3459 τοῦ

1920 3414 2095 3471 creat,
2121 3407 2486 3477 quedamqne
2533 3407 2833 3477 peculiaris
2863 3417 3077 3464 natura
3109 3416 3312 3463 nostra!
3340 3410 3525 3478 portio

224 3489 370 3556 ζώου
401 3490 496 3544 καὶ
526 3489 595 3545 τὰ
650 3492 906 3562 χείριστα
937 3493 1049 3547 τῶν
1092 3496 1426 3565 νοσημάτων
1486 3496 1554 3551 hc
1606 3496 1814 3567 ταύτης

1920 3497 2034 3563 sit,
2085 3498 2324 3569 diplasio
2380 3514 2615 3554 numero
2649 3500 2717 3555 ad
2763 3501 3013 3573 reliqua,
3042 3515 3168 3571 qua:
3208 3504 3261 3557 in
3290 3515 3526 3573 corpore

224 3580 443 3650 φύεται.
477 3582 931 3655 Πλημμυρούσης
974 3583 1087 3656 γὰρ
1122 3586 1181 3640 ὲν
1206 3586 1285 3657 τῷ
1340 3586 1555 3659 σώματι
1578 3587 1814 3660 τῷἡμιο

1920 3599 2113 3645 nostro
2158 3598 2311 3656 sunt,
2347 3592 2760 3660 quodammodo
2797 3596 3112 3665 respondet.
3158 3594 3363 3651 Pituita
3396 3609 3526 3650 vero

221 3671 389 3742 τέρῳ,
418 3673 835 3743 έλαιραντιάσεις
882 3676 977 3729 καὶ
1025 3674 1252 3747 λέπραι,
1318 3679 1413 3732 καὶ
1452 3677 1659 3750 ψῶραι,
1719 3679 1814 3733 καὶ

1928 3680 2187 3739 Hemiolii
2223 3700 2236 3738 :
2274 3682 2414 3739 ﬂava
2439 3694 2623 3740 autem
2663 3686 2809 3753 bilis,
2848 3687 3067 3759 Epitriti
3098 3689 3368 3745 rationem
3392 3702 3527 3743 con—

220 3762 405 3830 ἀλφοὶ,
442 3766 536 3818 καὶ
568 3765 806 3838 σκίρροι,
851 3767 949 3820 καὶ
980 3769 1235 3839 καρκῖνοι
1265 3771 1363 3824 καὶ
1413 3769 1571 3840 ὄγκοι
1616 3788 1814 3841 καρκι-

1928 3774 2083 3829 tinet.
2116 3775 2249 3829 Atra
2282 3775 2503 3846 quidem
2535 3777 2665 3834 bilis
2718 3780 2949 3835 omnino
2990 3780 3221 3837 inferior
3262 3781 3522 3836 habetur.

220 3854 411 3918 νὼδεις
442 3856 707 3925 γίνονται.

1927 3864 2075 3927 Sive.
2112 3874 2172 3921 ut
2205 3867 2280 3922 ita
2306 3866 2564 3935 dixerim,
2592 3868 2709 3939 ipsa
2740 3872 2886 3927 enim
2913 3880 3020 3938 est,
3049 3888 3173 3945 qua:
3196 3888 3322 3929 cum
3346 3872 3524 3928 malos

220 3947 448 4007 morbos
482 3948 731 4016 inducat,
758 3966 961 4023 corpus
996 3962 1248 4010 nostrum
1280 3955 1336 4010 in
1389 3955 1691 4026 perniciem
1748 3966 1963 4013 vertere
1996 3958 2158 4015 solet.
2195 3957 2333 4015 Nam
2362 4000 2378 4025 ,
2416 3962 2487 4016 ob
2545 3962 2666 4032 ejus
2732 3966 2788 4019 in
2830 3980 3064 4037 corpore
3098 3976 3291 4023 nostro
3317 3968 3523 4024 exube-

221 4042 485 4108 rantiam,
522 4042 799 4106 homines,
871 4042 1220 4114 elepliantiaz,
1275 4046 1469 4117 leprae,
1531 4047 1764 4109 scabiei,
1814 4046 2165 4120 impetigini,
2215 4051 2481 4107 callorum
2552 4053 2965 4122 asperitatibus,
3011 4058 3249 4121 cancris,
3282 4058 3524 4114 carbun-

218 4136 382 4204 culis,
421 4134 653 4205 aliisque
678 4134 985 4190 tumoribus
1014 4136 1240 4192 obnoxii
1270 4138 1595 4195 redduntur.

292 4227 478 4290 Οὕτως
506 4222 599 4280 οὖν
632 4224 854 4295 νοητέον
894 4226 990 4282 καὶ
1015 4229 1111 4281 ἐπὶ
1140 4228 1253 4283 τῶν
1288 4229 1384 4283 τοῦ
1426 4230 1637 4302 κόσμου
1666 4249 1812 4286 στοι-

1998 4229 2198 4285 Eadem
2248 4231 2416 4301 igitur
2436 4232 2576 4287 ratio
2600 4240 2655 4288 et
2681 4235 2749 4289 de
2771 4233 2923 4289 orbis
2952 4234 3239 4293 elementis
3267 4238 3518 4299 habenda

218 4317 405 4390 χείων.
450 4317 509 4369 '0
540 4316 651 4387 γὰρ
682 4316 813 4387 ἀὴρ,
844 4316 920 4380 ὼς
944 4317 1183 4389 εἴρηται,
1217 4319 1477 4388 ἀναλογεῖ
1501 4320 1579 4391 τῷ
1615 4324 1809 4391 αἵματι

1919 4332 2023 4377 est.
2062 4320 2198 4377 Nam
2232 4338 2345 4389 aer,
2378 4333 2434 4379 ut
2471 4326 2625 4395 prius
2674 4327 3041 4394 asseruimus,
3088 4343 3212 4384 cum
3259 4337 3518 4403 sanguini

216 4409 425 4463 πλειὼν
452 4408 571 4480 (sic)
594 4409 704 4463 τῶν
727 4409 905 4468 ἀλλων
942 4411 1036 4464 καὶ
1068 4411 1355 4467 διπλάσιον
1377 4411 1537 4482 λόγον
1550 4414 1663 4485 ἔχει
1686 4416 1809 4469 καθ’

1919 4415 2277 4483 proportione
2323 4415 2486 4488 ιω
2514 4419 2865 4488 respondeat,
2891 4421 3036 4489 quod
3064 4422 3312 4477 omnium
3341 4424 3519 4495 major

217 4503 478 4561 ὑπόθεσιν
513 4504 650 4574 πρὸς
683 4503 751 4557 τὰ
781 4502 946 4558 λοιπά
966 4522 978 4536 ·
1021 4506 1078 4559 έν
1115 4503 1294 4575 τούτῳ
1322 4504 1431 4576 γὰρ
1460 4507 1611 4559 πᾶσα
1642 4506 1806 4561 δύνα-

1919 4516 2011 4579 sit,
2041 4515 2259 4586 diplasii
2294 4517 2363 4573 ad
2393 4518 2626 4589 reliqua,
2661 4527 2723 4575 ut
2752 4520 2825 4575 ita
2856 4520 3113 4589 dixerim,
3140 4523 3354 4580 ratione
3389 4523 3518 4581 fun-

216 4614 315 4669 μις
344 4596 551 4667 ψυχικὴ
582 4596 677 4650 καὶ
704 4594 933 4668 ζωτικὴ,
969 4596 1045 4661 ὣς
1076 4614 1245 4668 φησιν
1303 4597 1708 4669 Ἀριστοτέλης.
1737 4600 1812 4653 Τὸ

1919 4608 2105 4678 gitur;
2140 4609 2194 4663 in
2225 4608 2333 4665 lioc
2358 4610 2530 4676 enim,
2563 4619 2625 4665 ut
2669 4612 2996 4669 Aristoteles
3025 4614 3223 4684 inquit,
3255 4617 3516 4675 animalis

211 4688 273 4742 δὲ
294 4686 440 4755 ὕδωρ
474 4686 776 4756 ἀναλογοῦν
798 4687 872 4757 τῷ
897 4688 1174 4759 φλέγματι
1198 4689 1448 4760 ἡμιόλιον
1495 4690 1656 4761 λόγον
1696 4693 1811 4762 ἔχει

1919 4699 2207 4771 vitalisque
2246 4699 2482 4757 facultas
2511 4711 2624 4758 tota
2653 4703 2932 4759 consistit.
2959 4703 3117 4774 Aqua
3150 4715 3356 4771 autem,
3391 4724 3513 4762 cum

217 4777 357 4849 πρὸς
378 4776 449 4831 τά
478 4776 645 4831 λοιπά
662 4795 674 4809 ·
703 4778 974 4847 ζωογόνον
991 4780 1101 4851 γάρ
1132 4781 1251 4833 ἐστι
1274 4780 1545 4835 πλείστων
1564 4782 1812 4853 ἐνύγρων

1919 4790 2127 4860 pituita:
2157 4794 2633 4864 proportionetur,
2670 4793 2928 4851 Hemiolii
2957 4797 3175 4852 ratione
3202 4799 3267 4852 ad
3302 4800 3512 4870 reliqua

214 4869 394 4935 ζώων.
446 4869 521 4923 Τὸ
549 4869 607 4923 δὲ
635 4869 747 4941 πῦρ
775 4870 896 4924 οὐδὲ
937 4871 1067 4940 μίαν
1110 4871 1277 4943 ἕδραν
1307 4872 1443 4943 ἔχει,
1475 4872 1552 4937 ὣς
1591 4891 1756 4947 φησιν
1782 4876 1812 4930 6

213 4960 603 5033 Σταγειρίτης,
634 4961 774 5016 ἀλλὰ
817 4963 1103 5034 πανταχοῦ
1153 4966 1445 5036 πάρεστιν,
1496 4967 1571 5030 ὡς
1632 4969 1661 5019 6
1703 4970 1809 5039 Δη-

215 5054 503 5126 μιουργός.
544 5053 634 5107 Ἐν
670 5055 807 5108 πᾶσι
848 5055 959 5126 γὰρ
994 5055 1027 5125 ἢ
1056 5055 1316 5126 πλείωνῆ
1356 5057 1606 5111 ἐλάσσων
1639 5062 1807 5131 μοῖρα

212 5143 311 5211 τοῦ
342 5144 516 5214 πυρὸς
546 5145 1017 5217 ὲγκατέσπαρται.
1074 5147 1138 5201 Ἦ
1164 5148 1221 5202 δὲ
1255 5152 1325 5220 γῆ
1374 5149 1637 5222 ἐλαχίστη
1670 5148 1805 5206 οὖσα

212 5233 439 5304 κέντρον
470 5234 683 5303 πέφυκε
711 5236 805 5289 τοῦ
838 5238 1061 5299 παντός.
1108 5238 1270 5292 Ἀ).λά
1292 5239 1349 5292 δὲ
1382 5241 1439 5294 αἱ
1463 5242 1573 5294 τῶν
1596 5242 1807 5314 ἀνθρὼ-

212 5343 333 5379 πων
366 5326 577 5397 ἡλικίαι
633 5329 915 5399 ἀναλόγως
957 5330 1142 5403 ἔχουσι
1186 5334 1300 5396 τοῖς
1340 5350 1402 5386 τε
1448 5334 1543 5387 τοῦ
1591 5336 1804 5406 κόσμου

214 5418 501 5490 στοιχείοις
555 5423 650 5475 καὶ
704 5425 819 5487 τοῖς
863 5424 1158 5495 προσεχέσι
1199 5425 1312 5479 τῶν
1350 5424 1506 5489 ζώων
1557 5429 1651 5481 καὶ
1696 5430 1807 5483 τῶν

210 5510 499 5593 ἡμετέρων
531 5513 823 5583 σωμάτων.
868 5514 930 5568 Ἢ
966 5517 1064 5585 μὲν
1091 5517 1200 5588 γὰρ
1225 5517 1333 5569 τῶν
1370 5518 1581 5574 παίδων
1616 5520 1804 5591 ἡλικία

215 5598 395 5670 θερμὴ
428 5596 564 5654 οὖσα
592 5602 689 5656 καὶ
716 5602 860 5674 ὑγρὰ
904 5606 1159 5675 ἀναλογεῖ
1195 5608 1393 5679 αἵματί
1439 5626 1499 5661 τε
1531 5611 1624 5663 καὶ
1656 5612 1801 5682 ἀέρι.

228 5690 294 5744 Ἦ
314 5690 371 5744 δέ
398 5707 457 5745 τε
476 5692 584 5745 τῶν
612 5694 976 5764 ἀκμαζόντων
1006 5696 1186 5767 θερμὴ
1208 5692 1344 5751 οὖσα
1376 5700 1469 5753 καὶ
1492 5700 1634 5769 ξηρά
1669 5703 1801 5756 ἀνα-

211 5779 361 5853 λογεῖ
376 5785 443 5855 τῇ
467 5782 635 5855 ξανθῇ
649 5785 779 5856 χολῇ
798 5785 893 5838 καὶ
905 5786 980 5857 τῷ
998 5789 1149 5858 πυρί.
1207 5789 1270 5843 Ἦ
1288 5790 1341 5844 δὲ
1363 5809 1435 5844 τεα
1446 5808 1633 5864 ρακμα
1643 5795 1801 5864 στικὴ

508 5877 783 5941 Panos.
827 5879 943 5942 Gn.
989 5884 1187 5946 LXIV.

1911 4884 2250 4952 respondere
2290 4886 2569 4953 creditur;
2627 4888 2681 4942 in
2739 4888 2857 4959 ipsa
2907 4889 3092 4957 enim,
3146 4891 3510 4959 plurimorum

1914 4988 2037 5043 qua:
2062 4973 2288 5031 humida
2320 4985 2451 5051 sunt
2473 4978 2795 5032 animalium
2839 4981 3251 5050 generationem
3280 4982 3392 5038 fieri
3429 4986 3515 5039 in-

1913 5066 2198 5135 Spicimus.
2250 5067 2487 5135 Verum,
2524 5070 2676 5140 igni,
2724 5075 3192 5142 quemadmodum
3237 5074 3513 5145 Stagiritaa

1916 5158 2114 5227 placet,
2154 5158 2305 5214 nulla
2336 5170 2486 5216 certa
2531 5164 2691 5219 sedes
2721 5165 3118 5234 praescribitur,
3151 5167 3267 5230 sed,
3313 5176 3371 5220 nt
3419 5184 3510 5223 re-

1912 5262 2036 5302 rum
2069 5248 2250 5320 opifex
2285 5251 2489 5323 ubique
2538 5262 2593 5308 et
2627 5254 2680 5307 in
2730 5256 2990 5312 omnibus
3011 5265 3117 5313 esi.
3144 5256 3201 5312 In
3233 5259 3511 5316 universis

1910 5339 2057 5393 enim
2102 5340 2303 5406 rebus,
2343 5342 2487 5412 ignis
2523 5343 2770 5408 semina,
2806 5356 2903 5399 ant
2939 5362 3170 5418 magna,
3207 5359 3301 5403 aut
3344 5364 3507 5418 parva

1910 5432 2266 5501 proportione
2289 5432 2649 5508 disseminata
2668 5446 2816 5491 sunt.
2833 5436 3001 5494 Terra
3028 5449 3233 5506 autem,
3258 5440 3507 5496 omnium

1911 5523 2179 5591 minima,
2226 5539 2351 5579 cum
2390 5527 2580 5595 puncti
2651 5529 3009 5599 proportione
3060 5531 3127 5586 ad
3186 5530 3507 5588 universum

1908 5614 2191 5685 fungatur,
2212 5614 2428 5687 Epitriti
2450 5620 2717 5675 rationem
2748 5622 2931 5678 habet.
2987 5620 3504 5689 Verumeniznvero,

1906 5717 1961 5763 et
1992 5708 2277 5764 hominum
2303 5719 2516 5778 aetates,
2541 5714 2902 5784 proportione
2938 5715 3178 5787 quadam
3206 5757 3221 5781 ,
3267 5727 3381 5772 tum
3436 5719 3506 5773 ad

1911 5800 2062 5857 onbis
2096 5801 2386 5871 elementa,
2431 5814 2546 5861 tum
2579 5806 2646 5862 ad
2675 5822 2738 5863 ea
2772 5824 2893 5880 quae
2928 5810 3249 5866 animalium
3284 5821 3505 5869 nostro-

2981 5904 3058 5967 1.3
