4178 6500
3675 119 3726 130 ω,

3491 181 3494 184 .
3807 167 3816 172 “
3859 173 3890 186 -ι
3913 169 3946 184 ~‘.
4019 165 4026 174 '

701 437 838 497 1287
2021 431 2271 486 MELhTt

2375 430 2648 486 [ONACHI

701 567 937 626 rumque
959 565 1252 622 corporum
1292 561 1524 620 cognata
1576 549 1885 610 habentur,
1933 549 2262 618 respondent

2392 547 2581 618 ἡλικία
2605 548 2747 617 ξηρὰ
2778 543 2914 602 οὖσα
2942 549 3036 602 καὶ
3052 550 3238 621 ψυχρὰ
3267 551 3525 621 ἀναλογεῖ
3554 548 3715 624 τῇτε
3737 553 3965 628 μελαίνῃ

702 645 939 702 Puerilis
968 643 1111 698 enim
1136 652 1290 706 aetas,
1322 654 1449 694 eum
1480 639 1657 693 calida
1693 637 2029 708 humidaque
2065 640 2138 692 sit
2158 677 2174 702 ,
2222 655 2268 690 at

2392 638 2522 708 χολῇ
2546 639 2643 692 καὶ
2668 641 2735 707 τῇ
2768 640 2856 709 γῇ.
2908 639 2982 691 Τὸ
3014 641 3071 692 δὲ
3099 643 3280 713 γῆρας
3314 644 3480 714 ὑγρὸν
3525 644 3584 696 ὃν
3619 645 3713 697 καὶ
3761 644 3968 717 ψυχριν

699 736 1021 808 sanguinem
1078 741 1133 787 et
1182 746 1364 786 aerem
1415 730 1830 801 pr0portionem
1889 731 2072 784 habet.
2131 728 2271 782 Alta:

2391 731 2652 799 ἀναλογεῖ
2709 732 2989 802 φλέγματι
3043 749 3102 785 τε
3160 737 3257 788 καὶ
3318 735 3491 790 ὕδατι.
3554 736 3718 790 Ἀλλὰ
3767 736 3865 790 καὶ
3909 737 3965 790 αἱ

698 844 829 884 vero
861 841 984 897 quae
1015 823 1222 894 vigoris
1255 831 1359 886 est,
1391 837 1516 891 quae
1553 821 1730 876 calida
1761 832 1816 875 et
1855 821 1999 876 sicca
2034 820 2266 874 habetur

2389 822 2662 894 τέσσαρες
2682 817 2822 894 ὧραι
2839 823 2935 876 τοῦ
2971 825 3222 880 ἐνιαυτοῦ
3265 829 3545 897 ἀναλόγως
3571 831 3782 893 τούτοις
3820 831 3969 900 ἐχου-

699 929 829 972 atra:
861 916 992 972 bilis
1015 925 1070 971 et
1103 914 1246 985 ignis
1277 913 1693 983 proportionem
1718 913 1948 968 obtinet.
1972 914 2040 966 At
2065 928 2188 982 quze
2210 914 2271 966 vi-

2392 928 2509 963 σιν·
2548 912 2677 981 ἔαρ,
2707 913 2898 982 θέρος,
2935 918 3311 986 μετόπωρον,
3349 921 3442 972 καὶ
3476 921 3715 990 χειμών.
3753 922 3830 974 Τὸ
3871 923 3967 990 μὲν

695 1024 882 1080 gorem
917 1006 1178 1068 excessit,
1208 1020 1334 1060 cum
1373 1005 1520 1059 sicca
1551 1019 1617 1059 ac
1647 1003 1842 1074 frigida
1874 1003 2160 1068 habeatur,
2185 1005 2269 1058 sul

2389 1005 2496 1074 γὰρ
2529 1005 2630 1074 ἔαρ
2657 1003 2863 1076 Θερμὺν
2895 1005 2954 1058 ὃν
2989 1013 3084 1061 καὶ
3115 1009 3284 1077 ὑγρὸν
3318 1010 3576 1080 ἀναλογεῖ
3596 1016 3660 1082 τῇ
3696 1012 3806 1065 τῶν
3843 1013 3969 1066 παί-

695 1111 830 1156 atrae
857 1100 982 1156 bilis
1015 1113 1080 1153 ac
1135 1107 1294 1154 terrae
1337 1097 1749 1168 proportionem
1803 1095 1972 1150 cadit.
2019 1094 2286 1150 Senectus

696 1201 903 1253 autem,
934 1204 1061 1244 cum
1091 1189 1315 1242 humida
1355 1203 1420 1241 ac
1455 1185 1649 1256 frigida
1680 1185 1931 1250 exsistat,
1961 1200 2080 1239 eam
2113 1185 2178 1239 ad
2206 1187 2286 1254 pi-

695 1283 888 1338 tuitam
928 1289 980 1335 et
1027 1295 1229 1350 aquam
1283 1289 1431 1334 recte
1471 1277 1813 1332 referendam
1843 1291 2157 1331 censemus.
2190 1276 2321 1329 Αιη³

691 1374 807 1443 qui,
835 1381 890 1427 et
927 1371 1057 1426 anni
1096 1379 1341 1440 tempora
1377 1378 1616 1439 quatuor
1646 1385 1659 1420 :
1691 1384 1813 1431 ver,
1844 1379 2027 1432 (ratas,
2065 1359 2286 1419 autum-4'

691 1481 810 1527 nus,
853 1471 909 1517 et
941 1462 1105 1514 hiem:
1170 1459 1458 1514 hominum
1499 1458 1755 1513 aetatibus
1794 1458 2149 1527 proportione
2193 1472 2282 1511 re-

689 1554 977 1623 spondent.
1009 1549 1142 1603 Nam
1174 1565 1288 1614 ver,
1315 1548 1554 1602 calidum
1585 1557 1641 1602 et
1671 1548 1957 1602 humidum
1985 1548 2278 1610 exsislcns,

691 1647 757 1700 ad
795 1643 1061 1714 puerilem
1092 1649 1329 1704 aetatem,
1363 1649 1419 1696 et
1451 1654 1632 1695 aerem
1665 1654 1731 1693 ac
1757 1638 2082 1708 sanguinem
2113 1639 2282 1692 refer-

690 1747 797 1790 tur.
860 1733 1068 1797 }Estas,
1109 1732 1286 1786 calida
1309 1739 1364 1785 et
1396 1730 1564 1792 sicca,
1593 1728 1660 1783 ad
1691 1727 2140 1794 adolescentiam,
2180 1731 2278 1782 ﬂa-

682 1840 809 1880 vam
883 1824 1045 1878 bilem
1107 1838 1174 1876 ac
1227 1822 1408 1892 ignem
1456 1819 1868 1888 proportionem
1915 1817 2101 1873 habet.
2167 1819 2275 1871 An-

2384 1093 2492 1145 δων
2514 1094 2723 1164 ἡλικίᾳ,
2757 1096 3030 1166 αἴματίτε
3057 1098 3150 1152 καὶ
3171 1097 3315 1168 ἀέρι.
3361 1099 3436 1152 Τὸ
3479 1101 3539 1156 δὲ
3572 1103 3731 1172 Θέρος
3768 1102 3969 1174 θερμὸν

2386 1182 2446 1237 ὃν
2477 1187 2572 1238 καὶ
2605 1185 2768 1258 ξηρὸν
2797 1188 3054 1256 ἀναλογεῖ
3077 1193 3144 1260 τῇ
3177 1191 3494 1263 ἀκμαστικῇ
3547 1194 3753 1264 ἡλικίᾳ,
3793 1197 3862 1264 τῇ
3909 1211 3966 1247 τι

2387 1273 2558 1346 ξανθῇ
2581 1276 2714 1349 χολῇ
2753 1281 2846 1331 καὶ
2872 1278 2949 1349 τῷ
2993 1280 3150 1350 πυρί.
3181 1281 3255 1334 Τὸ
3279 1281 3340 1334 δὲ
3390 1284 3712 1354 μετόπωρον
3756 1285 3965 1356 ψυχρὸν

2382 1364 2443 1418 ὃν
2473 1369 2568 1420 καὶ
2596 1368 2760 1438 ξηρὸν
2788 1370 3045 1438 ἀναλογεῖ
3073 1373 3140 1441 τῇ
3170 1377 3605 1445 παρακςιαστικῇ
3639 1375 3844 1447 ἡλικίᾳ,
3872 1379 3966 1430 καὶ

2381 1459 2448 1528 τῇ
2484 1457 2715 1530 μελαίνῃ
2740 1461 2870 1531 χολῇ
2905 1463 3001 1515 καὶ
3029 1464 3095 1534 τῇ
3130 1466 3223 1534 γῇ.
3281 1465 3338 1518 '0
3368 1465 3426 1518 δὲ
3464 1467 3669 1536 χειμὼν
3705 1469 3867 1539 ὑγρὸς
3888 1468 3964 1520 ὢν

2383 1552 2477 1603 καὶ
2499 1551 2710 1622 ψυχρὸς
2745 1554 3007 1623 ἀναλογεῖ
3027 1557 3094 1626 τῇ
3131 1557 3242 1610 τῶν
3267 1559 3542 1628 γερόντων
3580 1560 3766 1632 ἡλικία
3797 1563 3962 1630 φλέγ-

2385 1641 2519 1709 ματί
2545 1658 2605 1694 τε
2640 1642 2736 1697 καὶ
2764 1642 2943 1700 ὕδατι.
2983 1647 3148 1700 Ἀλλά
3177 1650 3282 1702 κάν
3311 1652 3426 1713 τοῖς
3464 1653 3767 1720 νοσήμασιν
3805 1655 3963 1724 εὑρε-

2381 1731 2614 1801 θήσεται
2646 1753 2732 1798 τις
2754 1737 3018 1806 ἀναλογία
3050 1737 3377 1804 ἑξισάζουσά
3403 1759 3522 1804 πως
3546 1745 3659 1806 τοῖς
3707 1759 3962 1814 προειρη-

2384 1822 2592 1891 μένοις.
2633 1825 2915 1896 Τέσσαρες
2954 1827 3056 1896 μὲν
3103 1824 3199 1881 οὖν
3248 1829 3389 1882 εἰσιν
3437 1829 3489 1881 οἱ
3537 1830 3738 1899 χυμοί·
3799 1826 3959 1901 αἷμα,

685 1926 940 1984 tumnus,
975 1931 1099 1970 cum
1134 1914 1366 1984 frigidus
1397 1919 1453 1966 et
1490 1911 1674 1965 siccus
1707 1911 1807 1977 sit,
1840 1910 1985 1964 virili
2033 1910 2178 1965 aetati
2217 1920 2270 1964 et

2381 1917 2627 1988 φλέγμα,
2653 1919 2784 1988 χολὴ
2815 1918 3009 1991 ξανθὴ,
3047 1922 3140 1975 καὶ
3166 1921 3296 1993 χολὴ
3325 1921 3555 1993 μέλαινα
3575 1939 3591 1954 ·
3630 1924 3739 1978 εἰσὶ
3766 1926 3825 1979 δὲ
3868 1926 3960 1978 καὶ

686 2020 817 2062 att-rc.
858 2006 976 2070 bili,
1025 2021 1088 2060 ac
1128 2016 1289 2059 terrae
1320 2003 1620 2058 similatur.
1653 1999 1843 2056 Hiems
1865 2016 2018 2066 vero,
2055 2000 2278 2055 humida

684 2114 749 2154 ac
796 2097 990 2168 frigida
1037 2093 1696 2158 exsistens,..senectuti,
1754 2092 1966 2162 pituitae
2010 2106 2074 2146 ac
2125 2108 2280 2158 aqua:

684 2195 884 2247 merito
912 2191 1302 2261 aaquiparatur.
1355 2187 1463 2244 Sed
1511 2197 1566 2243 et
1615 2189 1670 2242 in
1718 2188 2173 2258 aegritudinibus,
2227 2198 2280 2242 et

683 2285 977 2356 quamdam
1011 2281 1446 2354 proportionem,
1475 2281 1562 2337 his
1587 2297 1711 2351 quae
1741 2281 2092 2346 adduximus,
2122 2297 2276 2337 cont-

683 2393 868 2448 parem
895 2375 1382 2430 animadverteres.
1423 2373 1659 2443 Sapores
1703 2373 1849 2428 enim
1889 2383 2126 2443 quatuor
2180 2375 2275 2428 ha»

682 2469 879 2525 bentur
912 2486 925 2522 :
963 2464 1480 2537 sanguis,‘pituita,
1513 2463 1683 2526 ﬂava,
1741 2475 1795 2517 et
1844 2473 1966 2517 atra
2005 2464 2131 2520 bilis
2157 2503 2172 2527 ,
2223 2472 2276 2518 et

679 2553 1040 2625 aegritudines
1099 2569 1220 2623 qua:
1270 2567 1338 2607 ex
1389 2551 1476 2606 his
1518 2552 1804 2619 oriuntur,
1840 2552 2067 2607 totidem
2102 2561 2264 2617 SUll;

678 2661 805 2701 cum
847 2644 1098 2699 videlicet
1142 2657 1369 2714 sapores
1407 2643 1555 2712 ipsos
1589 2657 1620 2696 a
1657 2644 1741 2697 sui
1806 2655 2004 2699 natura
2042 2659 2268 2715 permuo

681 2738 783 2790 tari
821 2735 1137 2806 contigerit,
1174 2750 1238 2789 ex
1279 2733 1388 2796 his,
1428 2733 1684 2796 tertiana,
1742 2745 2033 2801 quartana,
2089 2738 2268 2804 quoli-

679 2828 844 2880 diumt
889 2836 945 2880 et
990 2828 1244 2879 continua
1281 2825 1464 2880 febres
1494 2824 1770 2879 oriuntur.
1812 2823 1970 2896 145
1997 2825 2132 2880 Cum
2175 2841 2272 2880 au-

683 2929 790 2972 tem
830 2917 1060 2973 tertiana
1122 2915 1292 2972 febris
1323 2932 1353 2970 a
1385 2915 1525 2970 ﬂava
1570 2915 1665 2970 bili
1705 2925 2053 2985 putrescente
2090 2927 2270 2972 ortum

679 3020 881 3076 sumat,
913 3009 1087 3064 calida
1125 3007 1399 3080 aegritudo
1448 3009 1709 3077 siccaque
1740 3016 1858 3071 est,
1897 3021 1964 3060 ac
1992 3007 2057 3062 ad
2090 3008 2268 3080 ignem

2375 2011 2618 2080 τέσσαρα
2635 2013 2921 2082 νοσήματα
2945 2014 3012 2066 τὰ
3035 2015 3102 2066 ὲκ
3120 2014 3328 2069 τούτων
3356 2015 3618 2085 γινόμενα
3634 2058 3649 2083 ,
3684 2033 3959 2088 μετατρα-

2384 2104 2598 2157 πέντων
2636 2104 2880 2174 δηλονότι
2911 2105 3020 2158 τῶν
3054 2107 3248 2177 χυμῶν
3295 2108 3406 2162 τῶν
3435 2110 3579 2163 κατὰ
3606 2109 3802 2176 φύσιν·
3853 2127 3959 2179 τρι-

2373 2196 2564 2260 ταῖος,
2598 2195 2941 2264 τεταρταῖος
2977 2197 3376 2268 ἀφημερινὸςθ
3403 2199 3527 2271 (sic)
3563 2200 3657 2254 καὶ
3689 2202 3956 2271 σύνοχος

2375 2289 2410 2340 ό
2440 2286 2540 2340 ἐπὶ
2568 2285 2745 2346 ζέσει.
2789 2287 2846 2340 '0
2877 2288 2980 2357 μὲν
3008 2285 3105 2341 οὖν
3130 2293 3394 2361 τριταῖος,
3429 2291 3538 2344 ἀπὸ
3572 2289 3770 2361 ξανθῆς
3795 2292 3956 2363 χολῆς

2375 2379 2644 2449 σαπείσης
2675 2380 2984 2449 γινόμενος,
3024 2380 3230 2450 θερμόν
3264 2383 3383 2435 ἐστι
3416 2385 3510 2436 καὶ
3558 2384 3722 2454 ξηρὸν
3743 2385 3955 2456 νόσημα

2373 2471 2470 2523 καὶ
2511 2469 2770 2538 ἀναλογεῖ
2794 2470 2872 2541 τῷ
2901 2471 3056 2542 πυρί.
3105 2473 3164 2524 '0
3209 2472 3256 2525 δ’
3287 2473 3626 2545 ἀφημερινδς
3684 2477 3794 2529 ἀπὸ
3826 2477 3953 2546 φλέ-

2375 2578 2585 2642 γματος
2615 2561 2880 2625 σαπέντος
2908 2562 3228 2633 τικτόμενος
3260 2564 3470 2637 ψυχρόν
3508 2569 3622 2619 ἑστι
3649 2569 3745 2621 καὶ
3791 2569 3955 2639 ὑγρὸν

2372 2655 2593 2725 νόσημα
2629 2656 2725 2708 καὶ
2751 2656 3008 2724 ἀναλογεῖ
3040 2657 3118 2727 τῷ
3163 2657 3340 2714 ὕδατι.
3382 2661 3494 2714 Καὶ
3540 2662 3570 2715 ὁ
3618 2661 3846 2733 σύνοχος
3897 2661 3953 2715 6's

2375 2745 2470 2796 hci
2493 2744 2642 2809 ζέσει
2674 2747 3072 2816 συνιστάμενος
3102 2749 3332 2819 αἵματος
3351 2751 3555 2822 θερμὸς
3571 2751 3649 2806 ὢν
3676 2755 3774 2807 καὶ
3790 2753 3956 2825 ὑγρὸς

2376 2833 2634 2902 ἀναλογεῖ
2682 2834 2761 2904 τῷ
2813 2836 2958 2907 ἀέρι.
3023 2837 3083 2891 '0
3127 2837 3186 2892 δὲ
3224 2844 3543 2911 τεταρταῖος
3590 2844 3655 2896 ἐκ
3697 2844 3955 2913 μελαίνης

2375 2925 2542 2994 χολῆς
2580 2927 2848 2998 σαπείσης
2889 2931 3162 2998 φυόμενος
3209 2933 3422 3004 ψυχρόν
3480 2935 3599 2988 ἐστι
3643 2935 3739 2988 καὶ
3791 2935 3955 3007 ξηρὸν

2375 3016 2592 3086 νόσημα
2622 3018 2718 3070 καὶ
2745 3019 3004 3087 ἀναλογεῖ
3022 3024 3087 3092 τῇ
3117 3025 3212 3094 γῇ.

678 3108 1032 3178 proportione
1075 3104 1344 3174 fungitur.
1379 3104 1451 3158 At
1492 3102 1614 3172 ejus
1636 3116 1754 3172 qua
1790 3101 2108 3172 quotidiana
2132 3104 2354 3172 dicitur,
2385 3124 2510 3165 cum
2559 3111 2763 3183 pituita
2791 3114 2845 3168 in
2905 3115 3250 3184 putredinem
3320 3120 3574 3187 vertitur,
3631 3122 3958 3178 constitutio

679 3201 760 3264 fit,
823 3199 949 3255 etis
988 3196 1214 3252 morbus
1261 3193 1493 3264 frigidus
1540 3193 1913 3264 humidusque
1966 3208 2090 3250 esse
2157 3197 2420 3276 creditur,
2479 3211 2646 3273 atque
2688 3206 2755 3259 ait
2832 3220 2989 3276 aqua:
3028 3208 3442 3276 proportionem
3496 3209 3819 3268 referendus
3845 3221 3951 3268 est.

677 3293 968 3348 Continuae
995 3297 1175 3343 autem
1209 3285 1378 3341 febris
1411 3285 1754 3351 constitutio,
1788 3285 2051 3354 quoniam
2078 3299 2106 3338 a
2133 3273 2418 3358 sanguinis
2447 3289 2663 3349 fervore
2716 3273 2988 3364 provenit,
3029 3273 3221 3352 calida
3251 3307 3309 3353 et
3376 3299 3601 3354 humida
3661 3303 3951 3365 exsistens.

678 3386 792 3442 aeri
820 3381 1294 3455 pt-oportionatur.
1317 3375 1601 3444 Quartana
1658 3391 1810 3441 vero,
1869 3390 1995 3431 cum
2027 3376 2096 3431 ab
2148 3386 2266 3431 atra
2307 3378 2401 3434 bili
2430 3391 2781 3452 putrescente
2841 3386 3087 3450 oriatur,
3124 3384 3338 3458 frigidae
3365 3397 3419 3444 et
3483 3390 3647 3446 sicca:
3673 3393 3953 3462 qualitatis

678 3483 909 3536 habetur
953 3485 1007 3530 et
1036 3474 1157 3543 ejus
1215 3472 1280 3527 ad
1319 3481 1515 3526 terram
1552 3470 1836 3541 proportio
1869 3477 1975 3523 est.

753 3571 1048 3630 Sciendum
1073 3571 1239 3625 etiam
1266 3578 1372 3632 est,
1401 3568 1551 3637 quod
1585 3581 1881 3620 nervorum
1926 3579 2126 3632 genera
2168 3567 2268 3619 tria
2299 3587 2341 3644 ο
2374 3566 2650 3637 rigidum;
2687 3569 2833 3639 quod
2864 3570 3099 3640 rigidum
3133 3574 3390 3642 quoniam
3420 3577 3627 3633 siccum
3662 3590 3766 3648 est,
3808 3583 3953 3642 lento

683 3673 832 3729 sunt,
863 3678 931 3717 ex
969 3661 1172 3731 quibus
1211 3659 1579 3731 quorumdam
1621 3673 1650 3711 a
1688 3657 1913 3712 cerebro
1968 3667 2123 3713 ortus
2165 3667 2266 3722 est,

644 3789 646 3791 ν
680 3769 734 3815 et
763 3757 817 3812 hi
847 3754 1108 3826 peculiari
1143 3767 1206 3808 ac
1247 3751 1470 3822 proprio
1507 3764 1796 3804 nervorum
1833 3747 2054 3802 nomine
2083 3749 2269 3817 appel-

680 3851 887 3904 lantur.
927 3847 1034 3900 Alii
1076 3845 1144 3898 ab
1179 3844 1399 3899 ossibus
1431 3841 1501 3895 ad
1530 3841 1636 3896 alia
1666 3855 1792 3895 ossa
1835 3838 2264 3909 praetenduntur,

679 3940 860 3995 ethos
891 3937 1182 4008 ligamenta
1210 3934 1438 3989 dixeris.
1505 3931 1740 3999 Quidam
1783 3940 1967 3985 autem
2021 3944 2088 3984 ex
2147 3945 2266 3983 ntu-

679 4034 873 4097 sculis,
895 4032 1020 4086 ethi
1049 4029 1196 4084 tetuli
1218 4027 1669 4089 denominantur,
1706 4025 1760 4078 hi
1793 4038 2006 4093 nempe,
2038 4037 2265 4077 muscu-

678 4125 858 4178 lorum
898 4122 1040 4184 linis,
1082 4129 1330 4175 extrema
1360 4116 1613 4172 videlicet
1635 4122 1785 4170 sunt.
1812 4112 2083 4180 Quoniam
2112 4128 2264 4176 vero,

678 4215 954 4283 voluptas,
982 4210 1355 4280 dolentiaque,
1391 4208 1642 4263 omnium
1675 4221 1797 4276 qua:
1833 4205 1886 4260 in
1937 4205 2095 4259 nobis
2140 4213 2266 4257 sunt

675 4305 995 4376 passionum
1029 4307 1234 4355 matres
1265 4299 1556 4365 habentur,
1593 4314 1720 4353 nam
1752 4306 1976 4368 propter
2017 4298 2264 4366 volupta-

678 4407 813 4458 tem,
837 4397 1016 4464 turpia
1041 4394 1276 4464 agimus,
1305 4393 1532 4448 alterius
1561 4401 1743 4445 autem
1777 4406 1967 4453 causa,
2001 4407 2032 4444 a
2067 4390 2266 4444 talibus

679 4487 1040 4543 abstinemus.
1079 4482 1183 4548 Qui
1217 4484 1364 4536 enim
1403 4480 1770 4544 mtechantur,
1805 4490 1858 4533 et
1889 4481 2029 4550 gula:
2089 4479 2266 4532 indole

678 4588 829 4650 gem,
865 4591 988 4631 cum
1016 4573 1353 4630 continentia
1389 4573 1496 4638 uti,
1540 4583 1594 4625 et
1635 4572 1719 4625 his
1767 4572 2044 4626 abstinere
2091 4572 2265 4626 neuti-

679 4685 845 4742 quam
880 4665 1292 4737 proposuerint,
1323 4663 1432 4718 hoc
1466 4663 1746 4733 voluptate
1783 4664 1899 4732 ipsa
1931 4663 1997 4717 ad
2032 4662 2086 4716 id
2126 4663 2265 4716 exti-

679 4761 927 4818 mulante
956 4766 1145 4829 agunt.
1173 4757 1219 4810 Α
1249 4757 1450 4811 talibus
1473 4770 1627 4822 vero,
1662 4754 1902 4809 dolentia
1927 4755 2064 4808 duce
2095 4753 2264 4808 decli-

678 4862 832 4917 nant,
855 4867 976 4923 qnte
996 4865 1097 4906 nos
1112 4850 1251 4906 cibis
1271 4849 1550 4903 moderate
1577 4849 1677 4913 uti,
1716 4845 1890 4900 labori
1923 4847 2260 4912 incumbere,

2378 3658 2694 3727 opponitur,
2729 3659 2910 3727 qualia
2949 3659 3125 3714 farina
3156 3671 3211 3715 et
3245 3662 3422 3731 pulvis
3462 3673 3610 3719 sunt.

2445 3747 2657 3801 Animae
2686 3756 2867 3802 autem
2901 3747 3188 3820 cognitiva:
3211 3747 3498 3805 facultates
3525 3752 3770 3821 quinque
3790 3764 3948 3809 sunt:

2375 3853 2554 3904 mens,
2581 3839 2788 3908 opinio,
2824 3840 3168 3910 imaginatio,
3203 3841 3463 3911 cogitatio
3491 3851 3547 3898 et
3575 3859 3791 3900 sensus.
3847 3847 3948 3900 Sed

2375 3940 2429 3984 et
2467 3929 2756 3986 concoctio
2787 3940 2842 3986 et
2888 3931 3236 3985 inconcoctio
3286 3931 3519 3987 invicem
3570 3934 3945 3990 adversantur.

2376 4018 2512 4077 Nam
2541 4021 2825 4075 concoctio
2854 4018 3121 4075 trifariam
3156 4021 3323 4076 dividi
3359 4031 3538 4092 potest
3564 4040 3577 4075 :
3606 4023 3661 4077 in
3683 4035 3944 4088 assatum,

2374 4120 2592 4168 coctum
2624 4121 2678 4165 et
2713 4123 2991 4166 maturum
3026 4130 3038 4165 :
3073 4113 3364 4183 siquidem,
3399 4125 3664 4183 assatum,
3713 4131 3745 4171 a
3774 4117 3948 4173 calido

2373 4202 2519 4272 quod
2549 4201 2852 4258 condcnsat
2881 4202 2969 4271 fit;
3009 4215 3227 4258 coctum
3273 4221 3424 4270 vero,
3461 4221 3491 4260 a
3549 4207 3728 4262 calido
3756 4209 3945 4264 hume-

2374 4305 2580 4360 scente,
2598 4304 2874 4350 maturum
2891 4307 3094 4361 autem,
3125 4295 3284 4368 15.6
3308 4296 3518 4354 fructus
3539 4301 3822 4356 concoctio
3842 4313 3945 4367 est,

2373 4401 2495 4456 qua
2530 4402 2559 4440 a
2596 4386 2778 4442 calido
2816 4389 2993 4458 ipsum
3048 4391 3322 4444 ambiente
3355 4390 3607 4447 eﬂicitur.
3653 4390 3758 4447 Sed
3787 4405 3840 4447 et
3874 4395 3948 4448 iu-

2371 4470 2660 4533 concoctio'
2708 4479 2824 4547 ipsa
2859 4479 2910 4532 iu
2943 4479 3167 4534 totidem
3228 4480 3397 4535 dividi
3429 4489 3643 4550 potest,
3687 4485 3744 4536 iu
3803 4491 3947 4552 tepe-

2372 4565 2600 4632 factum,
2634 4569 2687 4622 in
2718 4569 3064 4639 inquinatum
3085 4579 3140 4626 et
3156 4571 3385 4627 crudum
3424 4592 3437 4626 :
3469 4573 3737 4644 siquidem
3758 4616 3774 4638 ,
3801 4585 3944 4644 tepe-

2371 4658 2576 4713 faetum
2649 4667 2833 4714 assato
2906 4660 3240 4715 contrarium
3303 4661 3536 4728 dicitur,
3583 4661 3730 4732 quod
3783 4664 3941 4718 veluti

2372 4749 2718 4804 inconcoctio
2747 4751 2998 4820 quaedam
3026 4753 3117 4816 sit,
3147 4752 3277 4808 dum
3309 4753 3546 4808 calidum
3581 4754 3713 4809 illud
3745 4755 3940 4810 sicces-

2370 4854 2544 4904 cens,
2591 4841 2879 4896 humorem
2933 4842 3112 4913 ipsum
3167 4859 3427 4914 superare
3478 4847 3686 4914 nequit.
3737 4845 3841 4902 Sed
3888 4855 3938 4900 et

680 4953 776 4998 aut
809 4943 988 4997 laudis
1039 4939 1243 5009 aliquid
1301 4939 1556 5008 cupidine
1608 4953 1770 5008 agere
1825 4938 2265 5007 pauperibusque
2298 4945 2341 4999 ι)
2371 4931 2715 5003 inquinatum
2789 4942 2950 4988 cocto
3017 4937 3356 5002 adversatur,
3395 4952 3516 4991 cum
3553 4950 3606 4992 et
3636 4938 3813 5007 ipsum
3861 4939 3938 4992 in-

680 5037 748 5090 de
778 5033 938 5088 bonis
963 5030 1229 5101 impertiri
1258 5030 1462 5084 virtute
1486 5030 1634 5084 socia
1670 5028 1891 5098 subigit.
1934 5029 2137 5083 Rerum
2167 5043 2267 5082 au-

683 5137 790 5182 tem
821 5140 942 5195 quae
974 5124 1076 5180 sub
1106 5133 1311 5178 tactum
1345 5122 1550 5177 cadunt
1574 5161 1588 5185 ,
1621 5129 1745 5175 octo
1774 5121 2021 5189 quaedam
2072 5118 2266 5189 conju-

683 5217 934 5288 gationes
990 5216 1261 5269 habentur
1295 5213 1573 5268 :caiidum
1603 5252 1616 5277 ,
1653 5212 1910 5284 frigidum
1939 5229 1954 5279 ;
2013 5213 2221 5266 siccum
2248 5251 2264 5275 ,

683 5309 1008 5369 humidum;
1047 5321 1246 5376 grave,
1299 5306 1458 5372 leve;
1498 5321 1778 5374 asperum,
1807 5305 1959 5370 lene;
2012 5305 2265 5367 densum,

681 5414 867 5454 rarum
899 5415 912 5452 :
946 5396 1108 5452 molle
1137 5435 1152 5460 ,
1206 5398 1444 5461 durum;
1495 5411 1743 5452 crassum
1765 5436 1780 5459 ,
1829 5397 2001 5463 exile;
2034 5396 2264 5458 lentutn,

1137 5525 1273 5597 Cap.
1298 5524 1489 5584 XXXI.
1524 5528 1598 5583 De
1624 5528 1826 5581 animo.

750 5660 884 5717 Cum
911 5679 978 5718 ex
1011 5664 1192 5718 anima
1223 5672 1278 5716 et
1308 5675 1540 5729 corpore
1573 5669 1786 5714 constet
1809 5660 1990 5727 homo,
2031 5675 2266 5730 cumque

683 5749 786 5805 hoc
809 5754 1009 5809 animal
1063 5755 1327 5808 rationale
1377 5754 1448 5806 sit
1505 5752 1788 5821 utriusque
1832 5751 2144 5819 conjunctio
2199 5769 2264 5808 ac

1397 5871 1399 5875 ι
1453 5859 1624 5910 pauca
1663 5843 1910 5908 quaedam
1957 5844 2024 5898 de
2081 5845 2260 5899 anima

2367 5023 2656 5078 concoctio
2681 5025 2931 5093 quaedam
2962 5024 3246 5089 habeatur,
3278 5027 3426 5097 quod
3459 5027 3513 5081 in
3539 5042 3603 5081 eo
3625 5028 3770 5097 quod
3805 5043 3934 5082 con—

2367 5117 2624 5186 coquitur
2643 5116 2972 5173 humescens
2999 5119 3228 5174 calidam
3250 5136 3471 5176 vmcere
3495 5121 3777 5176 materiam
3795 5122 3936 5176 nulla

2372 5211 2584 5264 ratione
2634 5219 2833 5277 potest.
2886 5206 3174 5267 Postremo
3228 5213 3392 5268 etiam
3446 5214 3674 5269 crudum
3728 5223 3938 5269 maturo

2371 5310 2658 5372 repugnat,
2697 5316 2821 5356 cum
2857 5303 3022 5358 calori
3062 5305 3346 5368 ambienti,
3382 5304 3619 5360 fructum
3650 5304 3719 5362 ad
3766 5317 3938 5361 matu-

2374 5393 2592 5447 ritatem
2623 5393 2941 5462 perducere,
2967 5393 3199 5450 facultas
3229 5395 3590 5466 intercipitur.

2872 5531 2996 5584 AA'.
3040 5531 3175 5599 Περὶ
3209 5533 3436 5603 ψυχῆς.

2451 5664 2605 5718 Ἐπεὶ
2635 5663 2692 5718 δὲ
2722 5666 2786 5717 ἐκ
2804 5663 2983 5736 ψυχῆς
3011 5667 3106 5719 καὶ
3126 5665 3380 5737 σώματος
3409 5667 3644 5740 συνέστη
3668 5671 3697 5722 ὀ
3732 5671 3936 5741 ἄνθρω-

2366 5773 2488 5824 πος,
2517 5760 2614 5811 καὶ
2656 5756 2816 5810 τοῦτό
2866 5759 2985 5811 ἐστι
3033 5758 3172 5822 ζῶον
3219 5760 3456 5828 λογικὸν,
3495 5763 3527 5833 ἡ
3591 5761 3803 5826 σύνοδος
3835 5760 3936 5814 τῶν

2370 5846 2821 5918 συναμφοτέρων,
2875 5849 2968 5902 καὶ
2997 5847 3248 5921 διαμονή,
3277 5853 3370 5904 καὶ
3419 5849 3752 5925 συνοὲκηέτῃ
3811 5851 3934 5905 φέν-
