4178 6458
232 436 376 493 1289

1488 421 1578 477 DE
1617 419 1902 478 NATUIiA
1947 416 2260 478 ιιωιιΝιε.

3404 425 3540 482 Η.Μί

237 558 336 609 καὶ
377 551 508 624 περὶ
560 548 738 620 ψυχῆς
774 547 932 615 ὀλίγα
984 544 1108 598 τινὰ
1161 541 1554 612 διαλάϐωμεν·
1621 543 1710 595 ἴνα
1754 543 1825 612 μὴ

1939 543 2320 604 disseramus,
2376 555 2445 594 ne
2496 540 2815 594 alterutram
2891 539 3176 594 videamur
3242 542 3543 602 animantis

229 647 480 716 δόξωμεν
538 643 770 712 Θάτερον
834 639 1003 709 μέρος
1057 635 1152 690 τοῦ
1200 635 1344 699 ζώου
1403 635 1755 690 καταλιπεῖν.

318 733 702 808 Ἀρχὼμεοα⁸¹
758 729 816 784 δὲ
866 728 1142 784 ἐντεῦθεν.
1185 728 1257 782 Ἦ
1307 726 1456 798 ψυχὴ
1507 728 1678 800 νοητὴ
1734 728 1831 781 καὶ

229 828 435 898 νοερά·
463 822 632 894 νοητὴ
675 821 798 892 μὲν,
845 820 983 874 καθὸ
1021 822 1229 878 νοεῖται
1264 817 1510 889 νοητῶς’
1557 817 1720 890 νοερὰ
1750 817 1829 884 δὲ,

227 916 307 980 ὼς
342 913 553 985 ἀμιγὴς
583 912 682 980 τῆς
713 909 847 979 ὕλης
874 908 971 962 τοῦ
1014 909 1291 979 σώματος.
1330 906 1526 977 Ψυχῆς
1577 905 1636 958 δὲ
1678 904 1833 976 ἐνέρ-

227 1023 380 1076 γειαι
411 1003 718 1072 γνωστικαὶ
778 1002 875 1054 καὶ
912 999 1167 1064 ξωτικαὶ,
1204 999 1288 1052 ὅτι
1319 997 1606 1068 σύμφυτος
1635 998 1670 1067 ἠ
1717 994 1832 1067 ζωὴ

227 1099 296 1166 τῇ
328 1095 475 1164 ψυχῇ
499 1109 511 1122 ·
539 1091 618 1162 τῷ
644 1090 861 1162 σώματι
889 1092 946 1145 δὲ
980 1092 1125 1144 κατὰ
1160 1089 1414 1162 μέθεξιν·
1461 1089 1697 1161 ὄργανον
1720 1088 1832 1158 γὰρ

227 1195 296 1253 τῇ
325 1187 472 1255 ψυχῇ
517 1185 576 1237 τὸ
618 1185 810 1254 σὼμοι⁹
845 1183 1216 1251 ὑποκείμενον
1259 1182 1318 1236 δὲ
1358 1181 1456 1235 τοῦ
1511 1180 1769 1251 σώματος
1797 1181 1831 1249 ἡ

228 1275 399 1344 ψυχή.
453 1275 722 1344 Κινήσεις
785 1272 1017 1343 ψυχικαί
1047 1289 1063 1304 ο
1113 1273 1390 1344 αἴσθησις,
1443 1272 1656 1343 νόησις,
1688 1269 1834 1340 ὲνέρο

229 1382 380 1430 γεια.
413 1365 664 1418 Κινεῖται
695 1363 754 1417 δὲ
783 1366 817 1433 ή
855 1363 1006 1435 ψυχὴ
1036 1364 1340 1428 κυκλικῶς,
1373 1363 1709 1424 ἐλικοειδῶς,
1737 1363 1835 1414 καὶ

231 1459 357 1509 κατ’
396 1455 634 1510 εὐθεῖαν.
687 1455 834 1518 Νοῦς
872 1457 991 1509 ἐστι
1042 1455 1187 1509 κατὰ
1241 1453 1471 1525 γνώμην
1509 1454 1832 1519 ἄπταιστος,

231 1547 462 1620 πρώτης
493 1547 808 1618 προσϐολῆς
838 1549 948 1601 τῶν
971 1548 1322 1621 πραγμάτων
1359 1546 1697 1616 ἁπτόμενος,
1738 1546 1835 1600 καὶ

229 1644 484 1713 κρεῖττον
525 1641 558 1712 ἢ
602 1639 749 1695 κατὰ
771 1640 1072 1706 ⁴ἀπόδειξιν
1098 1638 1511 1712 ἀπολαμϐάνων
1525 1639 1572 1670 ⁵³
1601 1639 1673 1692 τά
1697 1637 1836 1708 πρά-

227 1752 453 1805 γματα’
481 1733 550 1788 δι’
591 1725 668 1788 ὧν
718 1733 837 1786 ἐστι
883 1733 1117 1786 συνιδεῖν
1150 1731 1252 1802 πῆ,
1301 1729 1408 1784 ποῦ
1457 1727 1830 1802 πορευόμεθα,

227 1828 352 1883 ὁδὸν
382 1826 675 1900 ζητοῦντες
694 1826 795 1909 τῆς
821 1824 1176 1893 ἀποδείξεως.

207 2003 217 2010 ’
313 2003 372 2058 '0
413 2003 472 2058 δὲ
516 2003 648 2075 περί
680 2002 865 2074 ψυχῆς
905 2002 1087 2071 λόγος,
1131 2003 1195 2056 οὐ
1230 2001 1294 2055 τὺ
1330 2001 1386 2056 τί
1419 2004 1570 2056 ἔστιν
1615 2003 1648 2072 ἠ
1682 2001 1832 2072 ψυχὴ

229 2097 355 2152 κατ’
389 2097 582 2151 οὐσίαν
619 2097 900 2150 διδάσκει·
931 2097 1050 2150 ἀλλ’
1082 2098 1140 2150 εῐ
1165 2113 1221 2148 τι
1249 2095 1350 2149 οὐκ
1397 2094 1515 2149 ἔστι
1554 2095 1738 2166 δηλοῖ·
1770 2095 1835 2148 τὸ

228 2190 342 2259 γὰρ
396 2191 501 2260 τῆς
553 2188 748 2252 οὐσίας
805 2190 976 2261 αὐτῆς
1026 2190 1160 2260 παρ’
1209 2191 1344 2259 ἡμῖν
1397 2189 1681 2257 ἄγνωστον
1735 2189 1835 2242 καὶ

227 2280 602 2354 ἀγνώριστον.
650 2280 778 2344 Πῶς
812 2278 947 2346 οὖν,
999 2282 1119 2354 ἐρεῖ
1160 2298 1247 2346 τις
1293 2282 1486 2353 τυχὸν,
1527 2285 1690 2353 εἰπερ
1733 2282 1834 2335 οὐκ

229 2371 528 2427 ἐπίστασαί
571 2387 628 2423 τι
682 2370 813 2442 περί
864 2370 1084 2441 ψυχῆς,
1135 2369 1378 2441 γράφεις
1432 2371 1566 2443 περὶ
1617 2369 1830 2441 ψυχῆςς

227 2464 436 2518 ἄτοπον
457 2463 591 2535 γὰρ,
609 2468 704 2522 τὸν
721 2465 796 2533 μὴ
833 2461 1071 2533 βεϐαίως
1096 2462 1295 2533 ἔχοντα.
1322 2463 1452 2535 περί
1483 2479 1559 2526 τι,
1593 2464 1832 2534 γράφειν

226 2555 262 2626 ἢ
309 2552 628 2624 ἐξηγεῖσθαι
665 2551 798 2622 περὶ
849 2551 1042 2607 αὐτοῦ.
1085 2553 1302 2606 Εἰδέναι
1345 2553 1457 2625 γάρ
1498 2553 1582 2607 δεῖ
1612 2553 1833 2624 πρῶτον

225 2643 322 2696 τὸν
349 2641 685 2713 χαρακτῆρα
712 2641 809 2695 τοῦ
831 2643 899 2706 Δ,
925 2637 1042 2695 εἶτα
1071 2642 1171 2713 τὴν
1197 2643 1295 2696 τοῦ
1322 2643 1598 2712 στοιχείου
1626 2643 1833 2711 γνῶσιν

226 2733 442 2804 ἑτέροις
464 2731 811 2787 άποτιθέναι.
844 2733 991 2804 Πρὸς
1015 2733 1075 2786 ὃν
1096 2736 1238 2805 ρη...
1262 2735 1308 2767 ⁸³
1332 2734 1402 2788 τά
1425 2733 1547 2787 θεῖα
1575 2735 1830 2806 ἀόριστα,

226 2824 369 2878 ἀλλὰ
397 2825 493 2877 καὶ
523 2823 784 2893 ἄγνωστα
819 2826 944 2877 κατ’
974 2825 1188 2878 οὐσίαν
1226 2823 1310 2878 διὸ
1337 2826 1433 2878 καὶ
1463 2825 1559 2879 τὸν
1588 2825 1725 2879 Θεὸν
1749 2828 1827 2879 εἰ·

225 2915 381 2969 δέναι
413 2914 669 2988 λέγομεν,
723 2912 800 2984 μὴ
837 2914 1059 2976 ἰδόντες·
1093 2914 1172 2978 ὡς
1203 2914 1287 2969 τό·
1316 2911 1504 2970 Εἶδον
1532 2915 1644 2969 τὸν
1681 2915 1833 2969 Θεὸν

223 3005 329 3060 ἐπὶ
358 3005 580 3073 θρόνου
604 3005 880 3073 ὑψηλοῦο
913 3007 1008 3061 καί
1052 3024 1065 3038 ⁸
1096 3004 1284 3062 Εἶδον
1313 3009 1423 3063 τὸν
1447 3009 1601 3063 Θεὸν
1636 3013 1827 3079 πρόσ-

225 3110 398 3151 ωπον
425 3097 577 3165 ,πρὸς
609 3099 944 3166 πρόσωπον
964 3115 978 3130 ο
1000 3099 1116 3153 ἀλλ’
1143 3100 1205 3153 οὺ
1247 3101 1373 3156 κατ’
1400 3101 1593 3157 οὐσίαν
1628 3101 1832 3166 ἰδόντες

1859 1892 1908 1953 B

1936 643 2148 704 partem
2173 633 2616 704 praetermisisse.

2007 724 2129 781 Jam
2167 725 2299 780 hinc
2327 725 2658 796 incipiamus
2694 741 2707 778 :
2740 723 2935 778 Anima
2989 724 3303 793 intelligens
3336 735 3390 780 et
3425 730 3540 797 spi-

1937 816 2150 872 ritualis
2183 835 2196 871 :
2229 815 2567 885 intelligens,
2590 825 2865 885 quatenus
2913 816 3366 873 intellectualiter
3392 831 3539 887 c0gt-

1939 915 2054 972 tat;
2079 906 2406 977 spiritualis,
2436 917 2710 978 quatenus
2727 907 2796 961 ab
2819 908 2966 962 omni
2994 908 3250 964 mistione
3271 923 3397 965 cum
3429 923 3544 964 cor-

1936 998 2086 1069 poris
2116 998 2345 1054 materia
2377 998 2638 1053 immunis
2667 1004 2772 1052 est.
2819 996 3032 1051 Anima;
3073 1007 3258 1051 autent
3289 997 3543 1052 actiones

1936 1089 2003 1144 ad
2034 1090 2479 1161 cognoscendum
2506 1099 2562 1144 et
2602 1090 2670 1144 ad
2724 1091 3020 1143 vivendqu
3073 1099 3350 1158 spectant,
3398 1090 3528 1158 quia

1938 1182 2119 1236 anima
2145 1182 2314 1237 vitam
2340 1182 2506 1236 habet
2526 1181 2793 1244 innatam,
2819 1196 3022 1252 corpus
3047 1193 3232 1235 autem
3256 1196 3352 1250 per
3387 1195 3538 1236 com-

1938 1274 2364 1328 municationem
2387 1290 2402 1340 ;
2429 1287 2667 1341 namque
2691 1286 2955 1342 organum
2976 1272 3173 1326 anima!
3187 1282 3271 1326 est
3303 1285 3540 1340 corpus;

1937 1365 2189 1434 corporis
2215 1378 2350 1418 vero
2377 1364 2716 1418 sultstratum
2752 1365 2956 1417 anima.
2987 1362 3164 1417 Motus
3194 1361 3392 1416 animae
3418 1376 3543 1416 seu-

1938 1454 2211 1521 sibilitas;
2250 1457 2537 1526 cogitatio,
2579 1454 2829 1524 energia.
2859 1453 3108 1509 Movetur
3131 1455 3316 1508 anima
3348 1453 3403 1508 itt
3431 1454 3543 1507 cir-

1935 1546 2140 1611 culum,
2174 1546 2402 1617 spiram,
2438 1557 2670 1600 rectum.
2698 1545 2854 1601 Mens
2880 1547 2932 1599 in
2961 1543 3210 1600 consiliis
3237 1545 3354 1600 suis
3370 1541 3543 1597 nﬂ‘eu-

1937 1639 2177 1695 diculum
2206 1639 2444 1710 ignorat,
2492 1639 2557 1694 ad
2591 1639 2824 1709 primam
2864 1653 3048 1695 rerum
3104 1638 3538 1710 propositionem

1938 1729 2229 1784 adhaerens
2281 1739 2338 1784 et
2366 1729 2746 1783 vehementius
2769 1741 2932 1797 quam
2960 1725 3198 1796 postulat
3225 1722 3544 1780 manifesta-

1941 1821 2018 1874 tio
2055 1835 2145 1876 res
2175 1819 2476 1892 abripiens.
2507 1819 2716 1874 Exinde
2766 1818 3122 1874 considerare
3149 1827 3236 1872 est
3269 1829 3401 1887 qua,
3432 1829 3542 1885 quo

1935 1926 2253 1982 pergamus,
2288 1913 2431 1966 viam
2465 1919 2777 1981 querentes
2808 1909 3295 1968 manilestationis.

2010 2002 2201 2073 Itaque
2234 2004 2301 2056 de
2337 2003 2517 2057 anima
2564 2001 2885 2072 disputatio,
2917 2017 3024 2056 non
3074 2002 3208 2074 quid
3260 2000 3332 2057 sit
3358 2000 3540 2055 anima

1935 2093 2113 2160 quoad
2141 2091 2440 2147 essentiam
2478 2091 2674 2157 docet;
2703 2091 2799 2146 sed
2836 2092 2964 2161 quid
3000 2107 3106 2146 non
3163 2091 3239 2147 sit
3270 2090 3540 2147 ostendit.

1935 2181 2184 2254 Namque
2213 2185 2332 2252 ejus
2379 2186 2621 2239 essentia
2655 2184 2783 2254 quid
2835 2185 2932 2252 sit,
2966 2199 3146 2254 neque
3172 2184 3320 2239 scire
3359 2196 3542 2251 neque

1935 2273 2154 2344 assequi
2185 2274 2342 2330 nobis
2367 2274 2516 2331 licet.
2546 2273 2833 2341 Quomodo
2866 2289 3020 2346 ergo,
3055 2275 3198 2331 (licet
3225 2274 3540 2345 quispiam.

1937 2369 2004 2422 de
2033 2369 2218 2423 anima
2250 2368 2387 2424 nihil
2424 2370 2628 2434 sciens,
2661 2370 2729 2425 de
2759 2371 2939 2424 anima
2976 2367 3539 2424 scribistabsurdum

1938 2461 2105 2526 enim,
2141 2460 2216 2515 rei
2254 2461 2480 2516 notione
2529 2458 2685 2515 ﬁrma
2734 2472 3039 2526 carentem,
3063 2461 3130 2516 de
3185 2474 3250 2517 ea
3297 2458 3542 2516 scribere

1939 2563 2031 2606 aut
2055 2551 2350 2608 disserere.
2389 2549 2634 2607 Noscere
2661 2552 2808 2607 enim
2843 2562 3062 2622 oportet
3109 2554 3287 2625 primo
3343 2551 3542 2607 littera-

1936 2645 1980 2699 A
2019 2643 2274 2709 formant,
2296 2643 2541 2714 posthaec
2567 2653 2781 2698 tantum
2809 2643 3213 2699 elementorum
3240 2642 3536 2700 scientiam

1940 2737 2068 2792 aliis
2094 2751 2425 2807 pr0p0uere.
2461 2735 2561 2790 Cui
2601 2736 2943 2807 respondebo
2973 2753 2988 2789 :
3026 2735 3224 2791 Divina
3259 2735 3541 2792 indeﬁnita

1934 2838 1992 2883 et
2029 2828 2184 2896 juxta
2236 2827 2536 2884 essentiam
2572 2827 3175 2897 incomprehensibilia.
3224 2827 3410 2883 Videri
3443 2834 3534 2882 ta.

1935 2935 2061 2975 men
2103 2921 2273 2974 Deum
2316 2935 2344 2973 a
2378 2920 2540 2975 nobis
2599 2920 2857 2985 dicimus,
2885 2936 3048 2990 quem
3102 2937 3214 2977 non
3266 2923 3537 2988 videmus,

1935 3024 1994 3066 ttt
2029 3031 2043 3067 :
2085 3011 2208 3066 Vidi
2238 3011 2408 3067 Deum
2439 3029 2602 3081 super
2635 3015 2882 3067 thronum
2911 3015 3180 3069 excelsum
3201 3016 3217 3047 ί
3239 3032 3256 3083 ;
3278 3025 3334 3071 et
3365 3033 3380 3070 :
3419 3013 3542 3070 Vidi

1933 3103 2104 3158 Deum
2143 3105 2280 3173 facie
2315 3104 2386 3158 ad
2413 3104 2665 3172 faciem”.
2701 3105 2770 3158 At
2828 3120 2934 3158 non
2979 3107 3285 3165 secundum
3339 3121 3538 3162 essen—

225 3193 387 3257 Θεὸν,
417 3191 594 3248 ταῦτα
637 3195 931 3264 εἰρήκασιν
969 3197 1020 3248 οἰ
1059 3195 1397 3267 ἑωρακότες,
1440 3196 1558 3251 ἀλλ’
1598 3198 1825 3268 ἐνεργη-

1938 3195 2075 3250 tiam
2108 3195 2280 3250 Deum
2318 3196 2570 3249 videntes
2611 3195 2740 3247 talia
2768 3195 3024 3250 dixerunt
3058 3196 3174 3260 isti,
3213 3201 3311 3254 sed
3367 3198 3541 3270 inspi-

227 3282 418 3345 θέντες
439 3283 665 3336 τοιῶσδε
682 3299 697 3314 ο
722 3284 849 3336 ἐπεὶ
876 3283 1027 3338 Θεὸν
1047 3285 1314 3353 ἑώρακεν
1334 3284 1538 3351 οὐδεὶς
1559 3284 1825 3340 πώποτε·

225 3375 353 3430 κατ’
386 3375 578 3428 οὐσίαν
606 3375 832 3446 δηλαδὴ,
862 3377 963 3430 οὐκ
998 3379 1064 3431 ὲκ
1093 3378 1202 3431 τῶν
1237 3380 1357 3431 κατ’
1386 3379 1576 3443 αὑτὸν,
1610 3379 1730 3432 ἀλλ’
1762 3381 1828 3433 ἐκ

224 3464 341 3519 τῶν
381 3465 512 3535 περὶ
554 3465 742 3519 αὐτόν.
789 3465 930 3518 Ἀλλ’
968 3467 1068 3536 οὐχ
1099 3469 1127 3521 ὁ
1159 3467 1258 3537 τὴν
1289 3468 1482 3522 οὐσίαν
1516 3469 1592 3540 μὴ
1620 3469 1827 3525 εἰδέναι

225 3556 401 3610 εἰπὼν
429 3555 524 3608 τοῦ
553 3555 716 3621 Θεοῦ,
753 3557 831 3626 μὴ
877 3555 1204 3630 ἐπίστασθαι
1235 3557 1328 3609 τὸν
1361 3557 1497 3612 Θεὸν
1535 3557 1826 3629 ὡμολόγη-

229 3665 365 3713 σεν;
422 3648 565 3701 Ἀλλ’
596 3644 706 3701 οἶδε
750 3649 853 3718 μὲν
897 3635 1062 3702 αὑτὸν
1094 3650 1159 3702 ἐκ
1190 3649 1302 3702 τῶν
1336 3650 1654 3721 ἐνεργειῶνο
1688 3647 1824 3718 οἷον,

227 3740 667 3810 παντοδύναμον,
701 3741 1125 3811 παντεπόπτην,
1154 3740 1361 3809 ἀγαθὸν
1395 3743 1488 3795 καὶ
1513 3742 1826 3814 φιλάνθρω-

225 3845 334 3884 πον
384 3829 723 3901 δημιουργὸν
775 3836 870 3883 καὶ
918 3830 1235 3901 κηδεμόνα,
1287 3832 1382 3884 καὶ
1433 3833 1823 3903 προνοητικόν

223 3925 419 3990 ἀγνοεῖ
451 3921 510 3974 δὲ
547 3921 646 3994 τὴν
680 3923 846 3991 φύσιν
885 3923 1070 3976 ὁποία.
1109 3925 1184 3976 Οὐ
1240 3923 1349 3994 μὴν
1377 3925 1467 3978 διὰ
1501 3925 1564 3981 τὸ
1604 3928 1826 3995 ἀγνοεῖν

221 4013 329 4083 τὴν
355 4014 545 4065 οὐσίαν
571 4014 730 4073 Θεοῦ,
781 4014 921 4085 μηδὲ
951 4016 1034 4068 ὅτι
1059 4016 1196 4078 Θεός
1223 4018 1338 4069 ἐστι
1365 4015 1594 4071 δύναται
1619 4018 1820 4087 λέγειν·

220 4105 385 4160 τοῦτο
414 4105 524 4176 γάρ
554 4107 663 4158 τῶν
695 4107 953 4177 ἀφρόνων
976 4123 988 4136 ·
1020 4104 1168 4161 Eine
1194 4109 1304 4179 γὰρ
1332 4109 1542 4178 ἄφρων
1579 4111 1650 4164 ἐν
1683 4129 1825 4179 καρ-

219 4197 324 4264 δίᾳ
353 4197 543 4250 αὐτοῦ
579 4214 592 4227 ·
627 4199 752 4252 Οὐκ
781 4199 916 4252 ἐστι
949 4202 1115 4265 Θεός.
1135 4198 1329 4270 Ἡμεῖς
1360 4201 1418 4254 δὲ
1444 4203 1822 4272 ὁμολογοῦμεν

219 4289 308 4341 δτι
348 4287 481 4350 Θεὸς
514 4287 654 4340 ἔστι·
686 4288 783 4340 καὶ
826 4291 890 4342 ὲκ
920 4289 1028 4341 τῶν
1060 4295 1386 4360 ποιημάτιον
1415 4293 1582 4346 αὐτοῦ
1614 4295 1817 4365 γνωρίο

221 4381 339 4443 ζειν
387 4380 554 4432 αὑτὸν
592 4379 849 4448 λέγομεν·
901 4385 967 4452 τῇ
1005 4381 1063 4434 δὲ
1106 4383 1266 4454 οὐσία
1303 4384 1469 4438 αὑτοῦ
1517 4389 1822 4457 προσεγγί-

219 4471 339 4533 ζειν
363 4471 462 4540 οὑχ
495 4472 930 4542 ὑπισχνούμεθα.
1018 4529 1022 4534 _

1935 3287 2058 3343 rati.
2086 3287 2366 3357 Siquidem
2392 3286 2560 3342 Deum
2585 3302 2735 3341 nemo
2767 3288 2900 3342 vidit
2920 3282 3211 3360 utiquam",
3237 3292 3536 3347 secundum

1933 3380 2232 3436 essentiam
2265 3379 2550 3448 nimirum,
2585 3396 2761 3452 neque
2790 3395 2858 3436 ex
2887 3382 2956 3437 iis
2974 3383 3065 3451 qui
3105 3383 3173 3438 ad
3201 3382 3374 3451 ipsius
3401 3384 3534 3438 inta-

1934 3473 2116 3543 ginem
2153 3473 2278 3526 lacti
2311 3481 2458 3537 sunt,
2494 3488 2672 3543 neque
2699 3489 2769 3529 ex
2810 3474 2878 3529 iis
2911 3475 3002 3544 qui
3048 3475 3100 3530 ei
3136 3483 3342 3531 astant.
3389 3473 3533 3530 Nunt

1933 3565 2098 3635 igitur
2131 3566 2225 3634 qui
2286 3565 2381 3619 Dei
2437 3565 2736 3620 essentiam
2775 3567 2991 3622 nescire
3017 3581 3079 3622 se
3111 3566 3330 3632 fatetur,
3365 3566 3534 3621 Deum

1933 3651 2190 3728 ignorare
2218 3673 2278 3713 se
2309 3659 2595 3714 confessus
2618 3658 2739 3713 est?
2763 3658 2871 3713 Sed
2895 3674 3020 3714 eum
3043 3660 3265 3730 quidem
3301 3675 3370 3716 ex
3401 3675 3535 3731 ope-

1934 3753 2089 3805 rillus
2109 3753 2278 3818 novit,
2303 3752 2514 3806 scilicet
2532 3751 2993 3822 omnipotentem,
3019 3755 3205 3808 omnia
3232 3747 3532 3819 videntem,

1933 3843 2161 3910 bouum,
2191 3842 2511 3912 benignum,
2549 3845 2734 3899 mundi
2767 3853 3076 3901 creatorem
3104 3855 3160 3900 et
3199 3849 3534 3917 gubernato-

1933 3951 2049 3990 rem
2082 3946 2138 3990 et
2162 3944 2474 3990 curatorem
2514 3956 2526 3991 :
2561 3936 2741 4006 qualis
2771 3951 2904 3993 veta
2947 3939 3020 3993 sit
3061 3947 3260 3994 natura
3293 3940 3530 4010 ignorat.

1929 4026 2111 4091 Quare
2141 4026 2231 4092 qui
2272 4024 2368 4079 Dei
2423 4028 2789 4080 substantiam
2842 4027 3081 4098 ignorat,
3148 4029 3334 4084 dicere
3383 4031 3532 4100 quod

1930 4119 2072 4174 Deus
2094 4134 2200 4175 non
2231 4119 2462 4174 exsistat
2495 4121 2718 4190 nequit;
2746 4121 3278 4192 insipientiumeuim
3300 4125 3402 4179 hoc
3422 4135 3530 4184 est.

1925 4209 2198 4281 Namque,
2223 4211 2370 4265 Dixit
2387 4213 2710 4282 iusipiemiu
2731 4215 2890 4268 corde
2911 4231 3006 4268 suo
3031 4231 3050 4269 :
3070 4214 3196 4270 Non
3217 4227 3295 4271 est
3323 4216 3465 4272 Deus
3489 4220 3526 4274 ⁵.

1925 4300 2036 4355 Nos
2066 4310 2248 4354 autem
2275 4300 2446 4354 Deum
2477 4316 2601 4356 esse
2632 4302 2985 4369 conﬁtemur,
3017 4311 3071 4358 et
3100 4319 3165 4358 ex
3200 4307 3324 4375 ejus
3348 4308 3532 4378 Operi-

1924 4392 2026 4448 bus
2054 4409 2153 4448 nos
2185 4409 2308 4448 eum
2339 4409 2676 4465 cognoscere
2705 4395 2961 4464 dicimus,
2996 4401 3063 4452 ad
3089 4401 3388 4455 essentiam
3428 4417 3529 4456 au-

1925 4494 2032 4541 tem
2064 4486 2182 4552 ejus
2216 4490 2482 4541 accedere
2521 4502 2630 4541 non
2661 4489 2926 4544 valemus.

306 4563 461 4617 Ἐπεὶ
485 4559 580 4616 οὖν
609 4565 705 4616 καὶ
732 4566 764 4633 ἡ
791 4564 939 4635 ψυχὴ
984 4567 1105 4618 κατ’
1137 4567 1325 4622 εἰκόνα
1352 4568 1490 4622 Θεοῦ
1526 4572 1665 4636 ἐστι,
1697 4572 1815 4625 δια-

1995 4579 2132 4633 Cum
2192 4579 2357 4647 igitur
2403 4578 2470 4632 ad
2532 4577 2626 4634 Dei
2691 4581 2982 4649 imaginem
3010 4583 3082 4638 sit
3118 4584 3326 4651 anima,
3361 4587 3527 4642 intel-

219 4651 463 4719 πέφευγε
495 4652 597 4721 τὴν
625 4652 909 4723 ἡμετέραν
939 4655 1270 4725 κατάληψινυ
1301 4657 1394 4710 καὶ
1420 4659 1502 4712 ὅτι
1535 4661 1636 4730 μέν
1664 4662 1815 4714 ἐστιν

217 4745 279 4796 ἐν
300 4741 378 4811 τῷ
409 4740 682 4812 ἀνθρώπῳ
715 4742 885 4814 ψυχὴ,
907 4739 1028 4797 οἴδα
1060 4747 1273 4815 σαφῶς,
1297 4749 1391 4801 καὶ
1416 4751 1482 4803 ὲκ
1503 4751 1614 4805 τῶν
1642 4753 1815 4821 ἁγίων

215 4831 450 4902 Γραφῶν
483 4832 686 4900 Ξμαοον
714 4835 929 4904 ταύτην
959 4837 1232 4891 ἀθάνατον
1262 4833 1403 4894 εἶναι
1429 4881 1443 4906 ,
1473 4847 1595 4897 κατ’
1623 4848 1813 4900 εἰκόνα

211 4923 311 4976 τοῦ
341 4923 666 4985 κτίσαντος·
696 4925 749 4976 τί
780 4925 837 4978 δὲ
865 4929 898 4995 ἡ
929 4929 1086 4981 οὐσία
1117 4930 1288 5000 αὐτῆς
1327 4933 1501 4999 ἐστιν,
1528 4936 1669 5008 ὑπὲρ
1696 4939 1814 4993 διά·

211 5031 365 5070 νοιαν
397 5015 644 5086 τίθεμαι.
681 5019 794 5071 Καὶ
825 5015 942 5072 οῖδα
973 5017 1100 5087 οὖν,
1145 5024 1242 5076 καὶ
1275 5025 1376 5077 οὐκ
1409 5022 1528 5081 οῖδα
1553 5045 1566 5059 ο
1612 5031 1673 5082 οὐ
1705 5035 1815 5102 μὴν

212 5106 358 5160 κατὰ
394 5106 612 5170 ταύτὸν,
648 5106 784 5159 ἀλλὰ
815 5110 937 5162 κατ’
971 5111 1101 5164 ἄλλο
1136 5113 1236 5182 μὲν
1270 5109 1410 5181 οἶδα,
1445 5119 1567 5171 κατ’
1597 5119 1726 5173 ἄλλο
1755 5122 1810 5174 δὲ

209 5197 416 5265 ἀγνοῶ·
442 5198 538 5251 καὶ
568 5200 817 5263 εἰκότως.
843 5202 906 5254 Εἰ
937 5205 1035 5272 μὲν
1063 5205 1173 5275 γάρ
1201 5209 1530 5282 καταληπτὴ
1554 5207 1623 5282 ἦν
1647 5215 1679 5284 ἡ
1702 5216 1801 5285 τῆς

209 5291 425 5354 εἰκόνος
452 5292 628 5349 οὐσία,
670 5295 701 5364 ἡ
740 5294 794 5350 δὲ
825 5297 918 5349 τοῦ
954 5297 1091 5350 Θεοῦ
1119 5300 1537 5373 άκατάληπτος,
1579 5309 1610 5374 ἡ
1649 5309 1806 5360 ἐναν-

209 5379 397 5448 τιότης
439 5382 546 5429 τηέ
586 5383 1076 5456 ²πιοεωρουμένων
1121 5390 1183 5443 τὸ
1220 5391 1674 5467 διημαρτημένον
1709 5398 1809 5468 τῆς

209 5471 421 5535 εἰκόνος
451 5473 728 5544 διήνεγκε.

1927 4669 2206 4740 ligentiam
2241 4679 2488 4724 nostram
2512 4683 2842 4740 exsuperat;
2871 4685 2927 4729 et
2951 4684 3094 4744 quod
3123 4677 3176 4730 in
3210 4678 3434 4733 homine
3457 4683 3524 4734 sit

1925 4764 2132 4831 anima,
2173 4763 2304 4818 illud
2340 4763 2588 4834 profecto
2622 4767 2769 4831 novi,
2801 4777 2856 4822 et
2906 4783 2969 4822 ex
3017 4770 3192 4826 sacris
3221 4770 3525 4842 Scripturis

1925 4854 2070 4908 illam
2114 4855 2478 4909 immortalem
2519 4870 2642 4912 esse
2669 4858 2866 4926 didici,
2905 4862 2973 4914 ad
3017 4861 3300 4918 Creatoris
3331 4865 3525 4934 imagi-

1923 4959 2084 5010 nem;
2115 4946 2244 5015 quid
2282 4961 2414 5001 vero
2443 4947 2514 5000 sit
2548 4947 2668 5017 ejus
2703 4950 2965 5018 essentia,
3003 4951 3054 5006 id
3099 4968 3264 5024 supra
3315 4954 3522 5009 intelli-

1921 5037 2161 5107 gentiam
2186 5037 2388 5095 lateor.
2417 5037 2483 5091 lit
2506 5053 2780 5110 cognosco
2797 5058 2950 5110 ergo,
2984 5051 3038 5098 et
3067 5059 3172 5099 non
3207 5061 3518 5116 cognosco;

1922 5143 2026 5182 non
2073 5128 2324 5197 equidem
2367 5129 2559 5184 eodem
2601 5134 2785 5196 modo,
2818 5136 2911 5190 sed
2964 5136 3124 5191 aliter
3159 5139 3306 5201 novi,
3364 5139 3524 5193 aliter

1917 5215 2108 5280 ignoro
2135 5234 2147 5268 :
2171 5226 2224 5269 ct
2249 5216 2365 5278 iure
2393 5220 2716 5290 meritoque.
2757 5223 2812 5276 Si
2837 5225 2983 5279 enim
3006 5227 3524 5296 comprehensibilis

1914 5315 2063 5359 esset
2113 5307 2371 5376 imaginis
2393 5314 2656 5376 essentia,
2713 5313 2807 5370 Dei
2843 5330 2975 5372 vero
3034 5323 3270 5374 essentia
3323 5321 3527 5375 incont-

1923 5398 2334 5467 prehensibilis,
2374 5403 2490 5458 haec
2521 5403 2831 5461 differentia
2867 5407 3124 5482 imaginis
3148 5411 3521 5483 imperlectio-

1918 5502 2044 5542 neut
2088 5502 2364 5556 argueret.

271 5651 284 5682 '
329 5649 430 5706 lsa.
465 5668 541 5720 vt,
587 5655 633 5709 l.
711 5659 731 5688 '
759 5657 896 5714 Gen.
934 5678 1106 5730 xxx",
1135 5663 1226 5718 50.
1306 5664 1325 5694 ³
1363 5663 1522 5720 Joau.
1549 5684 1588 5732 ι,
1625 5671 1711 5725 l8.
1791 5673 1812 5700 ‘
1841 5669 1984 5726 Psal.
2021 5676 2222 5742 xnt,4.
2283 5718 2295 5723 ν.

280 5827 326 5858 ⁵⁸
352 5828 722 5902 ἀρχώμεθα...
749 5837 1009 5906 ἐδόξασαν
1041 5842 1175 5911 (col.
1215 5859 1328 5914 seq.
1363 5845 1401 5899 Β
1433 5847 1446 5899 l
1477 5845 1494 5905 )
1544 5861 1651 5902 om.
1681 5845 1738 5900 l'.
1818 5851 1825 5878 ‘

1932 5850 1974 5903 lc
1999 5852 2063 5903 Α.
2141 5853 2190 5884 ⁸³
2219 5855 2415 5923 ῥητέον
2441 5857 2548 5910 viil.
2577 5857 2682 5929 leg.

273 6121 300 6131 ..ρ
