4178 6524
737 479 870 537 ΗΜ

803 599 941 657 Cum
978 605 1156 653 autem
1209 591 1623 665 intelligentiam
1675 599 1922 649 nostram
1970 592 2141 665 fugiat
2193 596 2313 663 ejus
2342 609 2389 666 Α

734 690 988 748 essentia:
1043 684 1494 757 comprehensio,
1552 681 2156 755 incomprehensibilcm
2214 686 2305 740 Dei

734 792 985 839 naturam
1014 791 1110 847 per
1134 776 1185 831 id
1213 775 1356 845 quod
1382 777 1624 847 Ignotum
1655 784 1741 830 est
1767 775 1824 829 in
1851 789 1915 830 ea
1948 776 2305 830 demonstrat.

732 874 799 930 Et
833 879 1090 929 accurate
1130 867 1412 939 archetypi
1449 865 1861 922 similitudinem
1894 867 2059 920 habet
2085 878 2142 920 ut
2182 880 2307 920 vera

2049 468 2283 527 NELET
2290 468 2332 525 ll
2376 467 2685 527 HONACHI

3860 137 4128 523 ,Α

2502 596 2656 649 Ἐπεὶ
2688 596 2744 647 δὲ
2776 593 2970 665 φεύγει
2996 592 3096 663 τὴν
3130 588 3331 661 γνῶσιν
3364 587 3521 661 ἡμῶν
3550 588 3650 660 τῆς
3673 588 3863 652 οὐσίας
3893 589 3984 644 αὖ·

2412 689 2512 758 τῆς
2551 691 2585 760 ἡ
2624 686 2953 757 κατάληψις,
2986 686 3087 756 τὴν
3115 684 3505 756 ἀκατάληπτον
3541 681 3704 751 φύσιν
3739 679 3878 734 Θεοῦ
3912 679 3986 753 τῷ

2411 782 2534 834 κατ’
2584 779 2758 850 αὑτὴν
2809 776 3074 845 ἀγνώστῳ
3122 774 3542 848 χαρακτηρίζει.
3592 772 3701 827 Καὶ
3746 771 3985 843 ἀκριϐῶς

2411 872 2550 943 πρὸς
2593 872 2663 925 τὰ
2710 869 3052 941 ὑποκείμενα
3101 867 3203 940 τὴν
3238 869 3534 939 ὁμοιότητα
3565 865 3681 937 ἔχει
3710 864 3787 927 ὡς
3824 862 3985 916 εἰκὼν

731 966 929 1033 imago.
976 957 1034 1016 Si
1065 973 1198 1014 vero
1223 973 1291 1013 eo
1331 957 1475 1027 quod
1509 956 1718 1027 absque
1775 956 1935 1011 initio
1970 965 2055 1011 est
2085 956 2225 1011 Deus
2255 966 2302 1011 et

2410 963 2643 1034 ἀληθής.
2678 962 2742 1015 Et
2767 962 2825 1016 δὲ
2857 962 2941 1015 ὅτι
2966 959 3206 1031 ἄναρχος
3236 960 3389 1013 ἔστιν
3415 961 3444 1013 ὀ
3476 957 3609 1022 Θεὸς
3639 956 3736 1011 καὶ
3763 954 3983 1010 ἀτελεύ-

730 1055 1000 1119 inﬁnitus,
1024 1052 1151 1107 dum
1180 1049 1394 1105 initium
1427 1048 1621 1104 habuit
1655 1047 1860 1115 anima,
1882 1048 2096 1103 etiamsi
2144 1049 2305 1102 tinem

731 1163 839 1204 non
898 1145 1137 1207 habebit,
1196 1142 1312 1196 hmc
1372 1156 1477 1197 non
1533 1140 1763 1211 amplius
1812 1140 1988 1210 imago
2018 1154 2145 1193 vera
2187 1153 2307 1194 esse

726 1241 995 1302 videatur,
1048 1234 1130 1290 vel
1200 1232 1436 1301 objectio
1503 1230 1663 1287 facile
1709 1231 1967 1288 solvetur.
2001 1230 2151 1285 Cur?
2182 1230 2307 1299 quia

730 1329 1019 1400 imaginem
1048 1326 1283 1381 dicimus
1317 1324 1458 1394 regis
1482 1323 1911 1388 similitudinem,
1937 1324 2031 1377 sed
2077 1338 2196 1392 qum
2238 1322 2306 1378 ab

728 1421 1061 1493 intelligente
1079 1417 1305 1473 multum
1331 1416 1531 1471 diﬂ'ert.
1559 1415 1716 1469 Etdii
1758 1414 2013 1480 dicimur,
2054 1413 2148 1469 sed
2197 1428 2302 1466 non

728 1514 869 1569 sicut
900 1510 995 1582 qui
1040 1524 1105 1565 ex
1144 1518 1333 1564 natura
1364 1508 1537 1572 Deus;
1563 1515 1617 1561 et
1660 1506 1754 1561 lilii
1788 1503 1999 1560 Excelsi
2022 1544 2036 1568 ,
2071 1505 2165 1559 sed
2194 1518 2301 1558 non

731 1606 874 1660 sicut
927 1599 1235 1671 unigenitus
1268 1596 1475 1664 Filius;
1508 1606 1563 1652 et
1596 1597 1775 1664 imago
1806 1594 1924 1659 Dei,
1957 1595 2053 1650 sed
2103 1609 2210 1648 non
2244 1606 2304 1647 ut

728 1698 1127 1765 prototypum;
1172 1695 1397 1756 propter
1452 1700 1647 1741 causas
1686 1684 1912 1747 multas,
1945 1696 2083 1752 quas
2138 1696 2302 1737 nove-

727 1789 857 1837 runt
888 1778 1060 1835 solum
1087 1776 1285 1847 quibus
1318 1776 1563 1831 scientiae
1590 1776 1766 1830 lumen
1805 1774 2027 1829 atl‘nlsit.

798 1868 905 1924 Res
930 1881 1062 1938 ergo
1094 1880 1217 1922 cum
1247 1866 1320 1919 ita
1354 1878 1415 1920 se
1440 1863 1658 1930 habeat,
1693 1862 1939 1918 dicemus
1979 1860 2047 1916 de
2075 1874 2139 1915 ea
2183 1874 2303 1930 quas

2405 1070 2591 1125 τητος,
2625 1052 2829 1125 ἧρξατο
2864 1050 2921 1104 δὲ
2950 1052 2984 1123 η
3015 1050 3187 1123 ψυχὴ,
3217 1052 3266 1104 εί
3293 1050 3388 1104 καὶ
3410 1049 3561 1113 τέλος
3586 1049 3683 1118 οὐχ
3712 1048 3845 1114 ἕξει,
3873 1046 3985 1100 δια-

2408 1147 2600 1199 πίπτει
2635 1144 2732 1199 τοῦ
2771 1141 2912 1199 εἶναι
2945 1143 3116 1198 εἰκὼν
3145 1141 3382 1212 ἀληθής·
3422 1142 3483 1195 οὒ
3514 1140 3572 1195 δὲ
3602 1140 3759 1195 τοῦτο
3782 1139 3984 1210 ἄπορον

2407 1237 2487 1300 είς
2517 1235 2841 1304 ἀπολογίαν.
2868 1234 3021 1288 Διατί
3041 1251 3055 1299 ;
3078 1235 3160 1288 ὅτι
3194 1233 3380 1287 είκόνα
3405 1230 3637 1303 λέγομεν
3664 1230 3727 1283 τὸ
3758 1230 3852 1284 τοῦ
3890 1229 3985 1300 βα-

2408 1328 2603 1392 σιλέως
2631 1327 2887 1398 ὁμοίωμα
2906 1366 2921 1392 ,
2963 1326 3101 1381 ἀλλὰ
3140 1325 3277 1379 πολὺ
3322 1324 3580 1393 διάφορον
3606 1322 3707 1393 τῆς
3733 1321 3987 1376 αἰσθανο-

2408 1421 2602 1492 μένης·
2634 1420 2729 1474 καὶ
2757 1419 2870 1474 θεοὶ
2898 1416 3194 1489 λεγόμεθα,
3224 1415 3341 1471 ἀλλ’
3368 1416 3466 1486 οὐχ
3484 1417 3561 1478 ὡς
3587 1416 3617 1468 ὁ
3641 1413 3802 1484 φύσει
3831 1412 3983 1475 ϐιός

2406 1515 2501 1569 καὶ
2552 1515 2605 1568 οί
2648 1512 2757 1567 υίοὶ
2805 1511 3087 1582 Ὑψίστου,
3143 1510 3261 1565 ἀλλ’
3301 1510 3362 1563 οὐ
3397 1510 3542 1563 κατὰ
3587 1507 3678 1561 τὸν
3721 1505 3985 1579 μονογενῆ

2407 1607 2558 1661 Υίόν·
2596 1606 2694 1660 καὶ
2725 1605 2893 1660 είκὼν
2926 1604 3085 1667 Θεοῦ,
3122 1603 3240 1657 ἀλλ’
3267 1604 3366 1675 οὐχ
3393 1603 3470 1667 ὡς
3498 1601 3559 1655 τὸ
3595 1599 3983 1673 πρωτότυπον·

2405 1700 2492 1754 διὰ
2526 1698 2729 1761 πολλὰς
2773 1697 2977 1765 αίτίας,
3018 1698 3152 1761 ac“
3180 1696 3355 1751 οἴδασι
3405 1695 3555 1767 μόνοι
3594 1696 3644 1748 oi
3692 1691 3899 1761 γνῶσιν
3927 1693 3987 1745 ἐν

2409 1791 2622 1845 συνέσει
2646 1790 3082 1861 κατορθωκότες.

2490 1882 2647 1935 Ἐπεὶ
2694 1876 2787 1936 οὖν
2814 1881 2964 1935 τοῦθ’
2993 1880 3166 1944 οὕτως
3200 1883 3335 1951 εχει,
3377 1880 3624 1949 εἴπωμεν
3656 1877 3787 1947 περὶ
3815 1878 3985 1947 αὐτῆς

724 1971 938 2016 veteres
964 1960 1237 2028 sapientes
1269 1955 1475 2026 opinati
1502 1964 1648 2009 sunt.
1681 1953 1927 2024 Namque
1952 1952 2302 2022 philosopho-

2405 1978 2506 2031 ὅσα
2544 1976 2594 2028 oi
2624 1974 2792 2028 πάλαι
2822 1975 2976 2044 σοφοὶ
3004 1973 3283 2039 ἐδόξασαν.
3313 1974 3377 2028 Οί
3411 1972 3512 2043 ςσὲν
3544 1972 3653 2042 γὰρ
3686 1972 3795 2023 τῶν
3836 1968 3983 2036 φιλο·

727 2069 845 2109 rum
892 2051 982 2106 alii
1034 2048 1517 2119 corporis’instar,
1570 2046 1818 2116 corporis
1876 2052 2155 2114 ettpertem
2208 2042 2299 2098 alii

726 2140 973 2197 arbitrati
998 2149 1126 2196 sunt
1154 2139 1417 2194 animam.
1462 2136 1580 2192 Uno
1614 2136 1784 2191 verbo
1831 2136 1899 2191 de
1926 2135 2181 2191 omnibus
2207 2135 2299 2203 qui

723 2230 971 2302 corporis
995 2232 1171 2286 instar
1205 2230 1447 2285 animam
1495 2228 1752 2282 dixerunt
1789 2226 1905 2281 sive
1941 2235 2200 2291 mentem,
2229 2224 2302 2279 sit

724 2325 884 2395 ignis,
908 2332 1000 2377 aut
1025 2337 1187 2393 aqua,
1208 2330 1301 2377 aut
1329 2319 1574 2390 sanguis,
1598 2326 1686 2372 aut
1704 2333 1820 2386 aer,
1845 2327 1937 2371 aut
1955 2317 2100 2370 aliud
2132 2316 2298 2387 quod-

724 2416 875 2479 libet,
905 2411 1097 2469 all‘erre
1131 2411 1363 2468 suﬂiciat
1405 2409 1679 2465 Ammonii
1728 2407 2079 2479 Pythagorici
2115 2408 2298 2474 verba,

723 2519 914 2574 nempe
949 2522 962 2559 :
998 2522 1016 2556 t
1056 2502 1299 2573 Corpora
1334 2503 1555 2571 propria
1583 2510 1774 2553 natura
1803 2498 2009 2554 caduca
2041 2512 2163 2553 cum
2193 2498 2301 2552 sint

721 2607 775 2654 et
792 2598 933 2652 ﬂuxa
955 2606 1008 2653 et
1029 2598 1096 2651 ad
1118 2594 1387 2651 inﬁnitum
1406 2592 1626 2646 omnino
1645 2591 1887 2658 dividua,
1908 2605 2136 2661 quorum
2157 2589 2300 2645 nulla

719 2704 849 2761 pars
886 2686 1244 2745 immutabilis
1273 2691 1547 2751 remanet;
1582 2683 1715 2754 ipsis
1736 2683 2054 2739 continente
2086 2691 2141 2737 et
2170 2697 2301 2737 con-

720 2785 951 2839 ducente
978 2788 1032 2835 et
1053 2778 1205 2849 quasi
1224 2774 1547 2847 coagulante
1569 2775 1997 2845 dominanthue
2025 2789 2166 2845 opus
2185 2785 2297 2840 est;

721 2875 864 2943 quod
880 2872 1117 2925 animam
1132 2868 1384 2932 dicimus;
1393 2869 1503 2936 jam
1517 2866 1563 2921 si
1582 2865 1764 2921 anima
1779 2876 1861 2921 est
1875 2880 2094 2934 corpus,
2113 2880 2302 2935 quam-

719 2964 803 3019 vis
818 2962 1257 3024 subtilissimum,
1276 2970 1359 3015 est
1386 2961 1553 3013 etiam
1573 2958 1797 3028 aliquid,
1818 2958 1956 3028 quod
1973 2958 2144 3028 ipsam
2170 2972 2300 3012 con-

722 3055 930 3122 tineat;
962 3055 1362 3108 demontratum
1393 3050 1651 3105 estenim
1685 3064 1885 3119 corpus
1925 3064 2088 3105 omne
2120 3048 2297 3103 couti-

719 3158 882 3202 nente
905 3143 1139 3214 quodam
1177 3142 1459 3211 indigere;
1486 3150 1543 3196 et
1572 3140 1652 3196 sic
1678 3140 1732 3195 in
1762 3140 2069 3196 inﬁnitum:
2100 3141 2298 3196 absur-

719 3236 847 3293 dum
870 3246 1047 3290 autem
1074 3233 1294 3287 omnino
1312 3231 1580 3303 principia
1608 3230 2000 3303 principiorum
2021 3245 2297 3301 qumrere;

719 3344 853 3401 ergo
884 3328 1067 3383 anima
1103 3340 1209 3381 non
1238 3333 1325 3381 est
1359 3338 1577 3396 corpus.

767 3419 969 3475 Contra
992 3431 1087 3473 eos
1107 3424 1286 3471 autem
1307 3415 1400 3487 qui
1421 3416 1797 3487 incorpoream
1821 3414 2008 3470 dicunt
2032 3414 2293 3483 animam,

717 3526 820 3568 nec
848 3512 985 3567 bene
1020 3510 1484 3575 demonstrarunt,
1508 3507 1733 3579 prodeat
1753 3504 1911 3563 Plato
1940 3525 1954 3560 :
1993 3525 2013 3560 ι
2047 3505 2296 3578 Oportet,

719 3601 920 3672 inquit,
960 3614 1084 3655 eum
1131 3598 1225 3669 qui
1275 3605 1421 3653 recte
1457 3595 1825 3667 philosophari
1866 3595 2001 3661 vult,
2054 3596 2299 3666 apprime

719 3691 862 3747 scire
889 3690 955 3746 de
985 3703 1091 3759 qua
1118 3702 1178 3743 re
1205 3696 1479 3759 quaeratur
1511 3705 1527 3743 :
1558 3687 1697 3742 alias
1710 3672 1873 3742 enini
1892 3688 2115 3743 omnino
2140 3702 2297 3744 ιιι-ηις

719 3786 819 3841 bit.
872 3803 892 3838 ι
937 3782 1043 3839 Vos
1093 3792 1271 3838 autem
1327 3782 1681 3837 vehementer
1718 3782 2135 3850 contendentes,
2166 3783 2297 3853 quid

719 3872 994 3931 definitis?
1022 3871 1308 3940 Quomodo
1338 3873 1485 3927 enim
1519 3886 1606 3926 res
1634 3870 1858 3942 singula:
1902 3873 2014 3927 sint
2048 3874 2296 3928 conside-

720 3967 901 4022 renda:
931 3964 1136 4030 nostis;
1169 3964 1436 4034 quomodo
1467 3972 1659 4031 totum,
1706 3978 2072 4035 nequaquam.
2106 3962 2216 4021 Sed
2244 3976 2301 4020 et

720 4057 1029 4127 Theologus
1080 4054 1374 4125 Gregorius
1426 4055 1493 4109 ad
1543 4053 1697 4110 hanc
1723 4054 1854 4111 dicit
1876 4056 2231 4126 qumstiunem
2278 4073 2292 4111 :

726 4170 746 4203 ι
771 4148 926 4206 Nulla
957 4157 1152 4203 natura
1187 4156 1272 4202 est
1298 4147 1427 4217 quia
1456 4161 1565 4201 non
1596 4156 1682 4203 est
1710 4147 1835 4213 hoc,
1870 4149 1963 4203 sed
1995 4150 2121 4217 quia
2145 4148 2293 4217 hoc;

719 4244 838 4314 ejus
867 4241 1010 4311 quod
1044 4238 1364 4309 est,positlo
1400 4254 1506 4294 non
1539 4239 1659 4309 ejus
1682 4240 1827 4307 quod
1859 4254 1963 4295 non
1993 4249 2079 4296 est
2134 4255 2296 4310 nega-

724 4341 821 4395 tio.
854 4335 1110 4405 Namque
1157 4334 1530 4402 incorporeum
1566 4332 1611 4386 si
1646 4332 1845 4386 dixeris
1879 4332 2140 4396 animam,
2189 4348 2297 4387 non

721 4431 863 4502 quod
924 4436 1010 4483 est
1060 4424 1383 4489 ostendisti,
1426 4423 1529 4477 nisi
1588 4422 1819 4477 fortasse
1883 4422 2024 4490 quod
2073 4436 2179 4476 non
2213 4432 2299 4477 est

723 4535 935 4591 corpus.
988 4538 1005 4570 ι

796 4608 1097 4663 Dinarchus
1128 4601 1465 4657 harmoniam
1496 4602 1732 4655 animam
1776 4615 1895 4655 csse
1944 4600 2211 4667 deﬁnivit,
2244 4612 2297 4656 et
2330 4639 2369 4695 Β

724 4715 919 4769 curan
946 4698 1155 4767 lyram;
1185 4694 1276 4750 sed
1299 4693 1417 4763 plus
1447 4702 1497 4748 ct
1524 4693 1703 4748 minus
1732 4692 2012 4747 harmonia
2038 4694 2295 4757 admittit,

726 4793 972 4846 teusione
1008 4798 1064 4843 et
1089 4786 1423 4841 relaxatione
1456 4804 1469 4840 :
1496 4787 1675 4840 anima
1707 4800 1837 4842 vero
1870 4802 1974 4841 non
2009 4795 2090 4840 est
2118 4788 2295 4839 anima

726 4885 843 4954 plus
888 4892 940 4937 et
988 4881 1191 4942 tniuus,
1235 4877 1331 4933 sed
1382 4892 1481 4932 nec
1544 4878 1657 4947 ipsa
1703 4877 1886 4947 seipsa
1930 4878 2051 4946 plus
2092 4888 2147 4931 et
2199 4878 2298 4930 mi-

727 4991 850 5041 uus,
898 4988 1004 5028 non
1054 4985 1182 5041 ergo
1228 4969 1512 5023 harmonia
1558 4969 1760 5021 anima.
1811 4966 2083 5022 Praeterea
2118 4952 2297 5021 anima

726 5068 979 5121 virtutem
1030 5072 1085 5118 et
1142 5061 1403 5115 malitiam
1467 5060 1703 5115 admittit
1742 5069 1796 5113 et
1842 5059 2125 5112 harmonia
2167 5074 2295 5113 cun-

726 5156 1031 5214 sonantiam
1057 5162 1112 5208 et
1141 5152 1534 5208 dissonantiam
1585 5165 1691 5203 non
1747 5149 2007 5203 admittit.
2040 5148 2158 5203 Non
2196 5150 2295 5217 igi-

728 5261 815 5303 tur
848 5248 1025 5301 auima
1061 5246 1366 5299 harmonia.
1398 5243 1640 5312 Denique
1672 5242 1848 5296 anima
1878 5242 1931 5295 in
1958 5243 2294 5296 admittendo

725 5339 999 5397 contraria
1030 5338 1249 5407 partim,
1282 5336 1517 5391 essentia
1548 5343 1631 5388 est
1676 5345 1732 5387 et
1778 5333 2114 5401 subjectum;
2171 5333 2296 5387 har-

727 5434 906 5490 monia
936 5441 1112 5485 autetn
1138 5429 1372 5499 qualitas
1409 5436 1463 5482 et
1490 5428 1542 5482 in
1570 5425 1815 5493 subjecto
1841 5444 1853 5479 :
1883 5441 1987 5479 non
2014 5442 2145 5496 ergo
2166 5427 2293 5481 har-

726 5537 903 5577 tnonta
943 5519 1144 5576 anima.

795 5612 1035 5669 Galenus
1068 5608 1200 5665 nihil
1231 5609 1299 5664 de
1334 5608 1515 5662 anima
1574 5607 1922 5676 pronuntiat;
1974 5624 2041 5663 ex
2091 5609 2295 5679 Hippo-

726 5704 889 5758 cratis
928 5716 1053 5756 vcro
1076 5699 1417 5756 sermonibus
1458 5698 1735 5751 misturam
1776 5698 1921 5752 illaut
1947 5715 2067 5755 esse
2094 5700 2295 5755 consti-

791 5868 838 5899 δ’
860 5867 915 5919 αἱ
946 5868 1008 5920 Α.
1086 5868 1130 5899 ⁸³
1162 5866 1238 5920 sic
1284 5870 1403 5921 col.
1481 5868 1525 5900 ⁸⁵
1547 5867 1695 5940 δηλοῖ
1743 5867 1856 5920 ἀλλ’
1882 5868 1983 5919 ὅτι.

2406 2066 2587 2137 σὸφων
2614 2065 2777 2137 σῶμα
2809 2065 2908 2137 τὴν
2934 2066 3116 2137 ψυχὴν
3145 2064 3576 2135 ἀποφαίνονται,
3602 2065 3652 2115 οί
3671 2062 3729 2115 δὲ
3759 2060 3985 2129 ἀσώμαο

2400 2176 2515 2213 τον.
2544 2157 2717 2230 Κοινὴ
2744 2158 2844 2230 μὲν
2863 2153 2958 2212 οὖν
2987 2157 3124 2229 πρὸς
3147 2157 3358 2221 πάντας
3381 2154 3510 2218 τοὺς
3533 2154 3795 2222 λέγοντας
3824 2150 3985 2223 σῶμα

2401 2251 2502 2320 τὴν
2531 2249 2745 2321 ψυχὴν,
2782 2244 2896 2303 οἷον
2927 2248 3054 2302 νοῦν
3074 2288 3090 2315 ,
3138 2248 3171 2319 ἢ
3220 2247 3354 2319 πῦρ,
3386 2246 3421 2318 ἢ
3454 2244 3597 2314 ὕδωρ
3619 2286 3635 2308 ,
3663 2244 3697 2314 ἦ
3739 2236 3901 2313 αἷμα,
3946 2241 3981 2311 ἢ

2401 2341 2562 2411 ἀέρα,
2607 2340 2640 2411 ἢ
2675 2340 2729 2392 εῐ
2763 2358 2817 2393 τι
2848 2338 3001 2403 ἄλλο,
3040 2338 3267 2410 ἀρκέσει
3313 2339 3383 2392 τὰ
3439 2336 3590 2408 παρὰ
3640 2334 3908 2405 ’Δμωνίου
3935 2334 3981 2365 ⁸³

2401 2434 2496 2489 τοῦ
2543 2432 2929 2505 Πυθαγορικοῦ
2990 2431 3296 2502 εἰρημένα·
3334 2431 3442 2485 εἰσὶ
3486 2430 3546 2484 δὲ
3599 2428 3803 2483 ταῦτα·
3841 2447 3860 2481 ι
3896 2428 3980 2481 Τὰ

2402 2525 2631 2596 σώματα
2684 2528 2750 2596 τῇ
2806 2524 2986 2596 οίκείᾳ
3041 2524 3205 2594 φύσει
3269 2522 3482 2595 τρεπτὰ
3533 2522 3664 2577 δντα
3710 2520 3808 2575 καὶ
3851 2536 3979 2574 σκι-

2398 2615 2605 2682 δαστὰ,
2637 2615 2734 2670 καὶ
2768 2615 2948 2669 διόλου
2983 2615 3067 2680 είς
3112 2614 3347 2687 ἄπειρον
3381 2613 3601 2687 τμητὰ,
3638 2613 3869 2685 μηδενὸς
3918 2614 3982 2665 ὲν

2399 2708 2585 2772 αὐτοῖς
2653 2706 3036 2777 άμεταόλήτου
3111 2705 3581 2776 ὑπολειπομένου,
3644 2705 3819 2759 δεῖται
3879 2701 3979 2755 τοῦ

2403 2796 2723 2867 συνέχοντος
2752 2796 2848 2852 καὶ
2869 2795 3219 2866 συνάγοντος,
3252 2796 3344 2849 καὶ
3366 2796 3557 2867 ὥσπερ
3586 2795 3979 2865 συσφίγγοντος

2401 2890 2497 2943 καὶ
2531 2887 2968 2961 ωγκρατοῦντος
2982 2888 3141 2941 αὐτά·
3166 2888 3305 2957 ὅπερ
3328 2887 3507 2958 ψυχὴν
3530 2887 3783 2958 λέγομεν.
3812 2885 3880 2939 El
3895 2902 3981 2939 τοι

2399 2976 2497 3033 νῦν
2529 2978 2691 3046 σῶμά
2717 2978 2866 3030 ἐστιν
2896 2978 2929 3047 ἡ
2958 2976 3141 3047 ψυχὴ,
3170 2973 3285 3029 οἷον
3315 2978 3538 3047 δήποτε,
3575 2979 3625 3031 εί
3658 2978 3751 3031 καὶ
3779 2976 3980 3030 λεπτο-

2402 3085 2468 3139 με
2476 3068 2740 3139 ρέστατόν
2759 3084 2834 3131 τι,
2851 3066 3015 3137 πάλιν
3035 3066 3153 3120 ἐστὶ
3177 3067 3239 3121 τὸ
3260 3067 3484 3137 συνέχον
3508 3066 3745 3138 ἐκείνην⁸
3761 3065 3977 3137 ἐδείχθη

2398 3156 2508 3226 γὰρ
2537 3156 2646 3209 πᾶν
2670 3156 2831 3227 σῶμα
2849 3156 3058 3210 δεῖσθαι
3084 3154 3183 3209 τοῦ
3211 3156 3546 3227 συνέχοντος·
3573 3157 3670 3210 καὶ
3692 3155 3868 3222 οὕτως
3897 3160 3980 3220 εἰς

2399 3246 2650 3316 ἄπειρον.
2686 3246 2917 3315 Ἀλογον
2941 3246 2998 3300 δὲ
3026 3246 3310 3311 παντελῶς
3346 3247 3408 3302 τὸ
3440 3246 3625 3319 ζητεῖν
3650 3246 3827 3321 ἀρχὴν
3853 3248 3977 3302 κατ’

2399 3338 2574 3407 ἀρχήν
2594 3351 2608 3368 ·
2642 3335 2785 3390 ὥστε
2816 3336 2877 3390 οὐ
2910 3335 3067 3408 σῶμα
3094 3338 3128 3408 ἠ
3155 3337 3328 3409 ψυχή.
3369 3358 3390 3392 ι

2471 3426 2617 3497 Πρὸς
2641 3427 2698 3482 δὲ
2725 3427 2851 3492 τοὺς
2880 3427 3139 3497 λέγοντας
3160 3428 3335 3500 αὐτὴν
3357 3428 3669 3501 ἀσώματον,
3694 3431 3771 3502 μὴ
3798 3430 3980 3496 καλῶς

2400 3517 2843 3588 σκεπτομένους,
2912 3520 2941 3572 ὀ
3008 3518 3240 3573 Πλάτων
3299 3520 3713 3589 ἀπολογείσθω,
3775 3539 3798 3573 ι
3860 3523 3978 3585 Δεῖ,

2398 3608 2607 3677 λέγων,
2634 3608 2731 3673 τὸν
2787 3607 3051 3679 μέλλοντα
3107 3609 3461 3681 βουλεύεσθαι
3518 3610 3720 3677 καλῶς,
3779 3611 3978 3667 ειδέναι

2398 3698 2584 3763 καλῶς
2627 3698 2758 3769 περὶ
2794 3699 2917 3753 ὅτου
2976 3701 3011 3770 ἡ
3044 3699 3257 3771 σκέψις,
3308 3700 3342 3772 ἢ
3391 3700 3486 3755 τοῦ
3540 3702 3739 3763 παντὸς
3795 3704 3976 3775 ἀμαρ-

2396 3789 2580 3845 τάνειν
2613 3791 2847 3861 ἀνάγκη.
2888 3810 2907 3843 ι
2954 3790 3143 3862 Ὑμεῖς
3202 3792 3259 3846 δὲ
3295 3790 3767 3863 προσκρούοντες,
3798 3794 3851 3846 τί
3896 3792 3976 3846 δι-

2396 3880 2670 3952 οριεῐσθες
2705 3875 2750 3951 ᾧ
2774 3881 2887 3953 γὰρ
2916 3882 2986 3935 τὰ
3014 3881 3137 3935 καθ’
3171 3882 3381 3936 ἕκαστα
3405 3884 3600 3953 ὁρᾶται
3638 3882 3793 3954 ἔχετε
3812 3898 3826 3913 ·
3847 3878 3896 3951 ᾧ
3919 3884 3977 3938 ει

2397 3972 2466 4024 τὰ
2500 3971 2733 4026 καθόλου
2765 3971 2910 4041 ρὺχί.
2954 3970 3118 4025 Ἀλλά
3153 3972 3251 4025 καὶ
3280 3972 3310 4025 ὁ
3347 3971 3611 4040 Θεολόγος
3650 3973 3973 4043 Γρηγόριος,

2398 4064 2536 4133 πρὸς
2567 4064 2757 4117 τοῦτόν
2792 4080 2927 4133 φησι
2955 4062 3047 4117 τὸν
3086 4064 3325 4116 σκοπόν·
3363 4082 3383 4115 ι
3423 4063 3666 4134 Οὐδεμία
3694 4064 3856 4133 φύσις
3891 4066 3976 4119 ὅτι

2402 4155 2479 4225 μὴ
2506 4154 2624 4207 τόδε
2658 4156 2831 4218 ἐστὶν,
2864 4153 2979 4208 ἀλλ’
3007 4155 3090 4209 ὄτι
3113 4155 3257 4222 τόδε,
3286 4156 3320 4225 ἠ
3348 4154 3442 4209 τοῦ
3482 4156 3634 4220 ὄντος
3670 4156 3841 4220 θέσις,
3876 4157 3977 4227 οὐχ

2397 4246 2431 4315 ἡ
2467 4243 2561 4298 τοῦ
2602 4244 2679 4315 μὴ
2705 4231 2875 4308 ὄντος
2900 4245 3205 4316 άναίρεσις’
3238 4245 3300 4299 τό
3329 4246 3439 4318 γὰρ
3468 4246 3652 4315 λέγειν
3685 4248 3977 4318 ἀσώματον

2398 4336 2496 4406 τὴν
2521 4335 2715 4407 ψυχὴν,
2736 4336 2837 4407 οὐχ
2864 4337 2944 4389 ὃτι
2969 4337 3085 4391 ἐστι
3112 4338 3330 4408 δηλοῖ...
3354 4338 3459 4392 εἴτι
3482 4338 3528 4373 ⁸⁸
3550 4339 3649 4393 οὐκ
3672 4338 3788 4393 ἔστι
3814 4340 3976 4411 τυχὸν

2398 4427 2479 4485 ὅτι
2510 4426 2669 4498 σῶμα
2693 4428 2796 4481 οὐκ
2828 4427 2966 4481 ἔστι.
3001 4446 3020 4479 ι

2471 4606 2761 4675 Δείναρχος
2792 4605 2848 4657 δὲ
2883 4605 3146 4674 ἁρμονίαν
3179 4604 3420 4674 ὡρίσατο
3448 4605 3548 4673 τὴν
3588 4605 3768 4675 ψυχην
3810 4599 3970 4669 εἷναι,

2402 4698 2490 4749 καὶ
2535 4697 2703 4766 λύραν
2736 4700 2797 4749 τὸ
2834 4700 3012 4767 σῶμα·
3057 4696 3172 4748 ἀλλ’
3214 4698 3246 4763 ἡ
3287 4694 3523 4765 ἁρμονία
3559 4695 3870 4765 ἐπιδέχεται
3915 4697 3974 4748 τὸ

2402 4787 2604 4856 μᾶλλον
2656 4788 2753 4841 καὶ
2782 4783 2963 4859 ἦττον,
3003 4787 3081 4857 τῷ
3133 4788 3398 4856 χαλᾶσθαι
3430 4788 3526 4840 καὶ
3565 4788 3968 4841 ἐπιτείνεσθαι·

2398 4879 2541 4949 ψυχὴ
2566 4880 2620 4931 δὲ
2644 4879 2819 4950 ψυχῆς
2840 4881 2939 4933 οὐκ
2965 4880 3079 4931 ἔστι
3118 4879 3320 4948 μᾶλλον
3344 4881 3437 4932 καὶ
3472 4873 3637 4946 ἦττον
3664 4896 3677 4910 ’
3706 4879 3821 4933 ἀλλ’
3856 4881 3973 4933 οὐδὲ

2399 4972 2537 5043 αὑτὴ
2566 4971 2786 5039 ἑαυτῆς·
2817 4971 2919 5023 οὐκ
2949 4971 3058 5041 ἄρα
3092 4971 3327 5041 ἁρμονία
3353 4973 3386 5043 ἡ
3411 4971 3580 5042 ψυχή.
3619 4973 3737 5025 Ἔτι
3766 4973 3796 5042 ἡ
3826 4972 3972 5042 ψυχὴ

2397 5066 2598 5133 ἀρετὴν
2631 5063 2728 5115 καὶ
2766 5062 2968 5115 κακίαν
3008 5064 3352 5133 ἐπιδέχεται,
3397 5064 3487 5116 καὶ
3530 5065 3765 5134 ἁρμονία
3812 5065 3974 5135 εὐαρ-

2404 5156 2631 5224 μοστίαν
2659 5154 2755 5206 καὶ
2782 5154 3159 5223 ἀναρμοστίαν
3182 5156 3282 5208 οὐκ
3306 5155 3647 5225 ἐπιδέχεται,
3676 5156 3775 5208 οὐκ
3804 5154 3912 5224 ἄρα
3938 5157 3974 5225 ἡ

2400 5246 2545 5317 ψυχὴ
2579 5246 2838 5316 ἁρμονία.
2881 5247 3002 5299 Ἔτι
3023 5247 3056 5317 ἡ
3078 5247 3225 5317 ψυχὴ
3256 5248 3333 5318 τῷ
3358 5247 3699 5317 ἐπιδέχεσθαι
3726 5248 3793 5299 τὰ
3824 5248 3975 5301 ἐναν-

2401 5338 2494 5392 τία
2524 5337 2676 5408 παρὰ
2709 5337 2908 5408 μέρος,
2936 5338 3093 5391 οὐσία
3127 5340 3243 5391 ἐστὶ
3280 5339 3374 5391 καὶ
3416 5337 3810 5408 ὑποκείμενον·
3845 5343 3877 5407 ἡ
3919 5338 3975 5391 δὲ

2404 5430 2640 5499 ἁρμονία
2670 5431 2915 5500 ποιότης,
2948 5430 3039 5485 καὶ
3060 5432 3124 5484 ἐν
3149 5431 3513 5501 ὑποκειμένῳ·
3539 5431 3637 5483 οὐκ
3668 5431 3775 5501 ἄρα
3800 5430 3973 5501 ἁρμο-

2405 5520 2491 5572 νία
2525 5522 2559 5591 ἡ
2585 5523 2732 5592 ψυχή

2476 5613 2713 5683 Γαληνὸς
2744 5612 2801 5666 δὲ
2830 5614 3188 5681 ἀποφαίνεται
3222 5615 3321 5684 μὲν
3349 5614 3500 5668 οὐδὲν
3533 5614 3662 5685 περὶ
3688 5612 3882 5683 ψυχῆς·
3910 5614 3975 5665 ἐκ

2402 5704 2458 5755 δὲ
2498 5705 2607 5758 τῶν
2671 5706 3069 5775 Ἱπποκράτους
3113 5707 3290 5774 λόγων
3335 5705 3741 5772 κατασκευάζει
3786 5707 3974 5775 κρᾶσιν
