4178 6440
243 414 384 473 1293

1488 420 1578 477 DE
1614 417 1906 476 NATURA
1950 414 2257 474 HOMINIS.
2548 398 2570 440 ⁸

3393 420 3533 480 1291

241 527 385 587 εἶναι
412 532 584 606 αὑτήν
601 573 614 587 .
646 532 710 588 ΕΞ
737 532 794 587 δὲ
822 532 1000 600 τοῦτο,
1028 530 1274 606 δηλονότι
1307 534 1403 588 καὶ
1428 534 1632 608 θνητὴν
1657 538 1830 592 οῐεται

1942 537 2077 598 tuit;
2108 535 2152 591 si
2183 547 2312 590 vero
2345 532 2419 588 ita
2442 540 2551 597 est,
2587 547 2719 590 sane
2746 541 2801 589 et
2817 531 3101 588 mortalem
3124 532 3269 587 illam
3292 532 3535 588 arbitra-

240 622 434 697 αὒτήν·
470 625 553 679 ὅτι
580 625 644 678 δὲ
673 625 734 677 οὗ
768 624 993 679 δύναται
1024 624 1119 679 τοῦ
1155 626 1411 697 σώματος
1444 630 1477 699 ἡ
1520 631 1718 700 κρᾶσις
1753 623 1830 683 εἶ-

240 731 331 768 ναι
359 715 531 787 ψυχὴ,
552 717 713 787 δῆλον
736 717 1004 772 ἐντεῦθεν·
1032 720 1144 772 πᾶν
1165 720 1346 788 σῶμα,
1378 719 1623 791 ἔμψυχόν
1646 738 1704 774 τε
1735 721 1831 774 καὶ

241 805 473 877 ἄψυχον,
525 810 591 862 ὲκ
636 808 745 861 τῶν
791 811 1077 881 τεσσάρων
1130 812 1412 880 στοιχείων
1451 813 1721 883 κέκραται
1748 828 1761 842 ·
1797 812 1830 883 ἡ

243 897 353 969 γὰρ
382 899 590 953 τούτων
618 900 815 969 κρᾶσις
844 900 912 954 τά
940 900 1173 971 σώματα
1200 902 1594 972 ἀπεργάζεται.
1628 903 1689 955 Εἰ
1720 902 1832 955 τοίη

240 1006 339 1044 νυν
368 991 403 1062 ἡ
438 991 635 1062 κρᾶσις
660 992 754 1046 τοῦ
790 992 1042 1063 σώματός
1066 992 1213 1044 ἐστιν
1242 995 1274 1063 ἡ
1303 992 1472 1064 ψυχὴ,
1513 993 1664 1046 οὐδὲν
1695 993 1832 1063 ἄψυ-

240 1097 336 1153 χον
358 1082 534 1149 ἔσται,
558 1086 653 1136 καὶ
683 1084 975 1151 συνάγεται
1004 1085 1033 1136 ὁ
1058 1082 1218 1151 λόγος
1239 1081 1437 1147 οὕτως.
1469 1084 1530 1136 El
1560 1085 1593 1153 ἡ
1627 1084 1829 1152 κρᾶσις

239 1171 336 1227 τοῦ
367 1172 620 1261 σώματος
658 1174 802 1245 ψυχή
833 1177 967 1239 ἐστι,
1010 1176 1119 1228 πᾶν
1147 1173 1202 1227 δὲ
1243 1174 1405 1244 σῶμα
1450 1176 1651 1243 κρᾶσιν
1689 1174 1825 1245 ἔχει·

241 1265 339 1319 καὶ
372 1268 481 1320 πᾶν
518 1262 680 1343 σῶξμα
709 1266 954 1334 δηλονότι
982 1267 1170 1337 ψυχὴη
1196 1268 1327 1338 ἔχει·
1357 1269 1404 1320 εξ
1439 1267 1496 1321 δὲ
1528 1269 1636 1321 πᾶν
1668 1268 1831 1337 σῶμα

238 1355 423 1430 ψυχὴν
451 1344 748 1429 ἔχειδοῦδὲ
775 1359 831 1411 ἓν
870 1359 1035 1430 σῶμά
1068 1362 1215 1412 ἐστιν
1252 1359 1479 1428 ἄψυχον,
1512 1357 1639 1411 οῦτε
1682 1358 1831 1423 λίθος

241 1443 373 1514 ἄρα,
409 1445 532 1498 οὔτε
564 1446 739 1512 ξύλον,
774 1446 901 1500 οὔτε
934 1447 1176 1518 σίδηρος,
1215 1447 1339 1501 οὔτε
1367 1448 1497 1503 ἄλλο
1531 1466 1584 1502 τι
1624 1449 1832 1519 ἄψυχον

241 1537 421 1595 ἐσται.
455 1540 577 1593 Ἔτι
605 1540 654 1594 εί
690 1542 723 1611 ἡ
767 1541 914 1613 ψυχὴ
951 1542 1150 1613 κρᾶσίς
1177 1543 1362 1606 ἐστιν,
1400 1544 1456 1595 αί
1498 1543 1555 1596 δὲ
1600 1544 1832 1614 κράσεις

241 1630 690 1699 ιναλλάσσονται,
730 1634 874 1689 κατά
908 1651 969 1687 τε
1001 1634 1100 1699 τὰς
1132 1633 1373 1705 ἡλικίας,
1406 1636 1503 1688 καὶ
1534 1633 1634 1699 τὰς
1658 1634 1831 1706 ὥρας,

242 1724 339 1776 καὶ
364 1724 461 1786 τὰς
481 1723 713 1790 διαίτας,
732 1728 765 1796 ἡ
794 1725 941 1798 ψυχὴ
961 1725 1069 1796 ἄρα
1090 1727 1499 1782 ὲναλλάσσεται·
1523 1729 1572 1780 εί
1593 1727 1651 1781 δὲ
1673 1727 1832 1781 ἐναλ-

237 1813 524 1884 λάσσεται,
546 1817 609 1872 οῦ
636 1818 735 1889 τὴν
760 1819 933 1890 αὐτὴν
959 1819 1156 1891 ἔχομεν
1185 1820 1385 1891 ψυχήν·
1412 1820 1548 1875 ἀλλὰ
1570 1820 1704 1873 ποτὲ
1732 1820 1832 1889 μὲν

239 1905 491 1972 λέοντος,
523 1908 655 1963 ποτὲ
688 1909 746 1963 δὲ
776 1910 1085 1981 προϐάτου,
1116 1911 1148 1982 ἢ
1181 1911 1345 1966 ἄλλου
1386 1914 1531 1977 τινος
1562 1912 1705 1978 ζὼου
1749 1913 1831 1967 ἔτι

239 1993 277 2063 ἠ
308 1995 510 2065 κρᾶσις
532 1996 633 2051 οὐκ
657 1998 996 2053 ἐναντιοῦται
1017 2002 1136 2064 ταῖς
1159 2000 1481 2073 ἐπιθυμίαις
1508 2002 1607 2056 τοῦ
1638 2001 1831 2074 σώμα-

235 2102 352 2151 τος,
384 2087 525 2141 ἀλλὰ
552 2089 648 2143 καὶ
684 2093 958 2161 συνεργεῖ·
993 2089 1133 2163 αὕτη
1163 2092 1271 2164 γάρ
1308 2093 1458 2147 ἐστιν
1492 2095 1526 2165 ἡ
1572 2092 1829 2148 κινοῦσα·

234 2176 273 2246 ἠ
309 2176 366 2231 δι
411 2177 559 2250 ψυχὴ
605 2180 731 2244 ταῖς
777 2181 1102 2251 ἐπιθυμίαις
1147 2183 1515 2239 ἐναντιοῦται.
1567 2185 1685 2239 Οὐκ
1721 2183 1833 2256 ἄρα

237 2268 495 2339 κρᾶσιςή
531 2270 702 2341 ψυχή.
738 2272 860 2327 Ἐτι
897 2276 945 2327 εί
980 2274 1176 2347 κρᾶσίς
1219 2276 1433 2348 ἐστινὴ
1473 2277 1645 2348 ψυχὴ,
1692 2278 1727 2347 ή
1773 2276 1832 2330 δὲ

237 2362 440 2432 κρᾶσις
477 2364 735 2435 ποιότης·
785 2366 1009 2437 ποιότης
1060 2367 1119 2421 δὲ
1153 2368 1247 2422 καὶ
1284 2368 1529 2437 γίνεται,
1560 2370 1653 2423 καὶ
1693 2368 1832 2424 ἀπο-

236 2455 475 2526 γίνεται,
508 2460 681 2530 χωρὶς
710 2460 813 2531 τῆς
854 2460 949 2514 τοῦ
984 2461 1353 2533 ὑποκειμένου
1398 2462 1632 2534 φθορᾶς,
1672 2463 1766 2518 καὶ
1797 2466 1831 2536 ἡ

232 2548 385 2621 ψυχὴ
406 2550 516 2621 ἄρα
544 2551 970 2625 χωρἰσθήσεται,
992 2555 1159 2608 κοιὶοῦ
1185 2555 1535 2627 φθαρήσεται
1556 2556 1619 2610 τὸ
1642 2556 1829 2628 σῶμα·

232 2641 399 2697 τοῦτο
426 2643 485 2698 δὲ
518 2643 619 2699 οὐκ
649 2644 884 2716 ἀληθές·
912 2648 1015 2700 οὐκ
1047 2648 1156 2719 ἄρα
1187 2650 1409 2718 κρᾶσις,
1446 2649 1571 2703 οὐδὲ
1604 2649 1832 2720 ποιότης

234 2734 271 2805 ἡ
300 2733 473 2806 ψυχή.
500 2736 625 2790 Ἔτι
650 2736 856 2802 παντὸς
883 2737 1137 2808 σώματος
1168 2742 1223 2793 αἱ
1258 2740 1547 2812 ποιότητες
1574 2741 1833 2812 αἰσθηταί

236 2827 398 2894 εισιν,
428 2830 461 2899 ἡ
490 2828 549 2881 δι
575 2829 723 2901 ψυχὴ
756 2832 859 2884 οῦκ
890 2832 1151 2902 αἰσθητὴ,
1184 2833 1321 2887 ἀλλᾶ
1356 2820 1548 2905 νοητή·
1580 2835 1683 2889 οῦκ
1723 2834 1833 2908 ἄρα

238 2920 465 2991 ποιότης
495 2919 793 2992 ἀσώματος
823 2925 856 2995 ἡ
884 2923 1057 2996 ψυχή.
1534 2918 1537 2921 ’

309 3033 456 3104 Πρὸς
485 3034 543 3088 δὲ
579 3035 711 3099 τοὺς
744 3035 1033 3104 λέγοντας,
1065 3037 1334 3106 ἁρμονίαν
1365 3039 1464 3105 τῆς
1492 3038 1702 3106 ὑγείας.
1734 3041 1832 3093 καὶ

234 3126 340 3197 τῆς
362 3127 567 3198 ἰσχύος,
611 3129 710 3183 καὶ
744 3129 838 3183 τοῦ
870 3130 1106 3196 κάλλους
1141 3127 1282 3184 εἶναι
1317 3132 1416 3200 τὴν
1448 3131 1650 3202 ψυχὴν.
1687 3130 1833 3185 οὕτω

1940 637 2057 693 tur;
2083 627 2229 697 quod
2258 640 2383 681 vero
2407 641 2511 680 non
2537 626 2979 696 possitcorporis
2999 626 3226 682 mistura
3257 640 3381 682 esse
3414 627 3535 680 ani-

1936 732 2045 785 ma,
2079 720 2203 773 inde
2228 726 2412 788 patet:
2440 732 2601 774 onme
2618 731 2818 788 corpus
2845 726 2899 773 et
2926 718 3229 773 animatum
3250 728 3303 773 et
3346 718 3531 774 anima

1936 822 2128 863 Cat‘cus
2165 821 2196 862 e
2240 817 2475 875 quatuor
2509 808 2796 863 elementis
2840 817 3295 877 coagmentatur;
3335 806 3531 863 horum

1934 900 2079 955 enim
2137 899 2384 955 mistura:
2442 914 2672 968 corpora
2700 900 2941 955 coniicit.
3006 898 3065 955 Si
3110 914 3242 968 ergo
3281 898 3534 969 corporis

1936 993 2164 1048 mistura
2183 992 2490 1058 estanima,
2524 992 2660 1046 nihil
2690 992 2810 1047 sine
2838 992 3021 1046 anima
3048 992 3176 1055 erit,
3209 1000 3265 1046 et
3294 992 3374 1047 sic
3395 1005 3530 1047 cono
3580 1052 3583 1053 ν

1938 1084 2177 1140 cluditur
2212 1100 2394 1140 sermo
2422 1104 2437 1142 ;
2490 1088 2534 1141 si
2565 1086 2818 1156 corporis
2852 1086 3082 1141 mistura
3117 1095 3204 1143 est
3239 1087 3443 1152 animo,
3476 1095 3534 1143 et

1935 1192 2095 1233 onme
2110 1192 2308 1247 corpus
2332 1178 2493 1233 mistu
2505 1192 2617 1231 ram
2641 1178 2825 1244 habet,
2845 1188 2900 1233 et
2921 1193 3087 1233 omne
3108 1194 3308 1247 corpus
3334 1179 3534 1235 exinde

1936 1271 2175 1324 animam
2202 1270 2395 1325 habet.
2429 1270 2485 1324 Si
2510 1286 2639 1325 vero
2672 1284 2834 1325 oume
2860 1286 3059 1337 corpus
3097 1271 3339 1326 animam
3369 1271 3534 1327 habet

1936 1379 2037 1419 nec
2077 1378 2244 1418 unum
2282 1378 2480 1431 corpus
2510 1372 2592 1418 est
2622 1363 2833 1433 absque
2857 1363 3062 1429 anima,
3083 1376 3187 1418 nec
3218 1378 3349 1434 ergo
3371 1365 3531 1433 lapis.

1936 1471 2033 1510 nec
2049 1456 2276 1524 lignum,
2300 1470 2399 1511 nec
2419 1454 2646 1521 ferrum,
2672 1472 2771 1511 nec.
2789 1456 2935 1511 aliud
2967 1455 3097 1526 quid
3118 1456 3325 1525 absque
3345 1456 3529 1509 anima

1935 1555 2046 1611 est;
2081 1561 2246 1616 porro
2274 1548 2318 1602 si
2341 1548 2523 1601 anima
2552 1549 2782 1603 mistura
2806 1558 2913 1614 est,
2949 1558 3003 1603 et
3032 1548 3276 1603 mistura:
3309 1556 3531 1602 mutan-

1938 1646 2027 1691 tur
2061 1636 2366 1692 secundum
2400 1638 2611 1701 aetates,
2653 1648 2707 1692 et
2737 1638 2901 1693 horas
2930 1646 2983 1692 et
3015 1636 3193 1692 victus
3233 1637 3533 1700 rationem,

1934 1730 2118 1784 anima
2139 1744 2273 1798 ergo
2303 1729 2718 1797 immutabitur;
2744 1731 2790 1785 si
2813 1739 2997 1786 autem
3033 1730 3384 1796 immutatur,
3420 1744 3529 1783 non

1935 1822 2184 1878 eamdem
2237 1822 2500 1878 habemus
2530 1824 2792 1888 animam,
2852 1824 2948 1879 sed
2980 1838 3129 1878 nunc
3156 1820 3356 1888 leonis,
3386 1835 3536 1877 nunc

1864 1895 1906 1950 Β
1934 1914 2075 1978 ovis,
2101 1930 2246 1971 nunc
2267 1914 2405 1972 alius
2427 1914 2708 1983 cujusdam
2745 1916 2935 1972 bestia:
2967 1936 2983 1972 :
3013 1927 3126 1971 tum
3161 1915 3389 1970 mistura
3421 1930 3532 1970 non

1937 2007 2225 2063 desideriis
2252 2008 2500 2078 corporis
2525 2010 2872 2071 adversatur,
2932 2008 3043 2064 imo
3089 2009 3391 2073 concurrit,
3444 2016 3534 2063 ut-

1937 2110 2063 2170 pote
2091 2115 2213 2170 qute
2241 2116 2306 2157 ea
2342 2109 2725 2168 commoveat;
2766 2102 2863 2157 sed
2896 2101 3082 2157 anima
3115 2100 3407 2157 desideriis
3435 2101 3536 2157 ad-

1936 2203 2205 2249 versatur.
2246 2191 2360 2247 Non
2390 2207 2523 2264 ergo
2555 2194 2787 2248 mistura
2822 2192 3029 2248 anima.
3059 2192 3267 2249 Deinde
3293 2194 3341 2250 si
3380 2192 3534 2248 mis-

1936 2292 2056 2337 tura
2081 2293 2167 2338 est
2188 2285 2397 2349 anima,
2420 2292 2475 2339 et
2493 2283 2725 2339 mistura
2751 2284 3031 2355 qualitas;
3057 2284 3298 2356 qualitas
3328 2299 3458 2340 vero
3478 2294 3535 2339 et

1936 2375 1995 2429 tit
2026 2385 2081 2430 et
2105 2375 2279 2441 abest,
2308 2374 2517 2446 absque
2540 2376 2774 2448 subjecti
2810 2376 3207 2442 destructione,
3237 2386 3294 2432 et
3349 2379 3532 2432 anima

1935 2482 2067 2537 ergo
2106 2468 2398 2534 dividetur,
2432 2479 2489 2524 et
2518 2483 2623 2525 non
2653 2478 3037 2541 corrumpetur
3060 2485 3283 2541 corpus,
3313 2471 3416 2526 hoc
3450 2480 3534 2525 ta.

1934 2575 2059 2615 men
2090 2575 2197 2615 non
2225 2570 2309 2616 est
2339 2576 2552 2617 verum.
2585 2559 2707 2617 Non
2743 2575 2874 2632 ergo
2906 2562 3161 2629 mistura,
3211 2575 3316 2619 nec
3344 2561 3532 2633 quali-

1938 2662 2019 2709 tas
2044 2653 2251 2708 anima.
2285 2652 2530 2724 Denique
2568 2653 2817 2723 corporis
2847 2668 3042 2710 omnes
3068 2653 3368 2725 qualitates
3400 2667 3535 2709 sen-

1933 2746 2062 2801 siles
2081 2754 2229 2813 sunt,
2257 2749 2440 2801 anima
2465 2756 2651 2803 autem
2689 2762 2798 2803 non
2819 2746 3044 2802 sensilis
3066 2748 3163 2803 sed
3192 2745 3536 2802 intellectua-

1933 2837 2032 2906 lis;
2066 2853 2174 2894 non
2200 2852 2332 2910 ergo
2363 2839 2612 2909 corporis
2643 2839 2884 2910 qualitas
2909 2839 3117 2894 anima.

2003 3038 2209 3095 Contra
2251 3039 2499 3097 dicentes
2554 3053 2685 3095 vero
2726 3040 2966 3095 animam
3022 3052 3148 3095 esse
3182 3038 3533 3094 harmoniam

1937 3132 2210 3198 sanitatis,
2240 3142 2297 3187 et
2330 3133 2530 3187 virium
2557 3142 2613 3187 et
2642 3130 3090 3202 pulchritudinis,
3117 3132 3199 3187 sic
3234 3146 3534 3201 argumen-

237 3217 695 3289 συλλογιζόμεθα·
733 3220 797 3273 Εἰ
838 3222 871 3290 ἡ
918 3220 1158 3290 ἁρμονία
1198 3222 1300 3292 τῆς
1339 3221 1545 3292 ἰσχύος,
1586 3221 1681 3274 καὶ
1729 3221 1830 3289 τῆς

1938 3224 2178 3278 labimur
2216 3242 2231 3280 :
2261 3222 2319 3279 Si
2352 3223 2535 3279 anima
2568 3233 2657 3279 est
2710 3223 2936 3291 virium,
2974 3222 3257 3287 sanitatis.
3292 3223 3535 3294 pulchri-

236 3309 452 3379 ὑγείας,
494 3311 590 3365 καὶ
619 3310 714 3365 τοῦ
738 3312 974 3376 κάλλους
1007 3312 1154 3383 ψυχή
1187 3314 1358 3377 ἐστιν,
1390 3314 1607 3382 ἀνάγκη
1638 3309 1709 3384 ἦν
1730 3314 1825 3367 τὸν

235 3402 528 3474 ἄνθρωπον
553 3404 694 3474 μήτε
719 3406 917 3467 νοσεῖν,
954 3404 1091 3475 μήτε
1115 3403 1386 3468 ἀσθενεῖν,
1414 3406 1553 3477 μήτε
1578 3405 1827 3475 ἄμορφον

235 3489 412 3548 εἶναι·
456 3494 746 3565 συμϐαίνει
778 3495 835 3548 δὲ
874 3496 1172 3561 πολλάκις,
1198 3497 1262 3550 οῦ
1316 3496 1448 3567 μίαν
1487 3497 1675 3568 μόνην,
1709 3495 1827 3551 ἀλλ’

234 3584 373 3659 ὁμοῦ
406 3586 507 3651 τὰς
534 3589 686 3658 τρεῖς
719 3585 927 3651 ταύτας
972 3588 1277 3659 εὐκρασίας
1324 3587 1693 3652 ἀπόλλυσθαι,
1732 3587 1829 3642 καὶ

237 3678 339 3750 ζῇν
381 3677 475 3732 τὸν
505 3677 830 3749 ἄνθρωπον·
869 3679 1162 3750 συμϐαίνει
1203 3680 1315 3751 γάρ
1358 3681 1451 3734 τὸν
1492 3681 1654 3755 αῦτδν
1687 3678 1826 3750 ὁμοῦ

236 3771 335 3825 καὶ
360 3770 610 3842 ἄμορφον
631 3765 794 3837 εἶναι,
817 3772 914 3825 καὶ
940 3771 1213 3837 ἀσθενεῖν,
1246 3774 1341 3827 καὶ
1363 3762 1689 3827 νοσεῖν-οὐκ
1719 3773 1828 3845 ἄρα

236 3861 510 3934 εὐκρασία
535 3861 634 3917 τοῦ
669 3862 920 3935 σώματος
946 3861 1096 3917 ἔστιν
1125 3872 1160 3936 η
1192 3864 1360 3937 ψυχή.

308 4055 437 4122 Πῶς
465 4056 588 4125 οῦν,
620 4059 776 4128 φασὶ,
814 4061 1046 4130 φυσικαί
1085 4079 1230 4127 τινες
1265 4063 1456 4119 κακίαι
1502 4063 1597 4118 καὶ
1634 4065 1830 4136 ἀρεταὶ

234 4150 351 4215 τοῖς
388 4151 698 4221 ἀνθρώποις
724 4153 979 4223 ἓπονταις
1020 4156 1190 4210 Τοῦτο
1219 4158 1284 4211 ὲκ
1310 4157 1414 4229 τῆς
1442 4159 1537 4211 τοῦ
1575 4157 1829 4229 σώματος

236 4242 613 4316 ἀληθεστέρας
673 4246 926 4316 κράσεως
987 4248 1235 4317 γίνεται·
1284 4250 1362 4313 ὡς
1416 4250 1527 4321 γὰρ
1583 4251 1830 4319 φυσικῶς

237 4338 470 4405 ὑγιεινοὶ
496 4339 592 4392 καὶ
620 4339 875 4405 νοσώδεις
900 4342 1009 4395 εἰσί
1033 4359 1179 4407 τινες
1212 4344 1277 4397 ἐκ
1302 4342 1405 4413 τῆς
1435 4344 1710 4415 κράσεως,
1739 4343 1830 4397 οὔ·

235 4447 348 4495 τως
378 4431 526 4494 τινὲς
570 4433 820 4500 φυσικῶς
854 4433 1249 4505 πικρόχυλοιδτ
1297 4435 1453 4499 ὄντες
1491 4436 1704 4506 ὀργίλοι
1751 4439 1832 4491 εί-

242 4524 349 4587 σὶν,
384 4523 533 4577 ἄλλοι
578 4525 636 4579 δὲ
687 4524 879 4592 δειλοὶ,
929 4524 1081 4580 ἄλλοι
1124 4530 1478 4598 καταφερεῖς·
1533 4528 1649 4583 ἀλλ’
1697 4528 1829 4584 ἔνιοι

241 4617 506 4687 κρατοῦσι
530 4617 627 4671 καί¹
652 4618 1047 4690 περιγίνονται·
1075 4620 1233 4691 δῆλον
1251 4620 1307 4674 δὲ
1330 4621 1414 4675 ὅτι
1442 4623 1542 4692 τῆς
1575 4622 1830 4693 κράσεως

238 4708 562 4779 κρατοῦσιν·
604 4710 735 4764 ἄλλο
781 4710 840 4765 δέ
873 4713 990 4766 ἐστι
1040 4712 1101 4766 τὸ
1131 4713 1408 4783 κρατοῦν,
1449 4713 1545 4768 καὶ
1593 4714 1722 4769 ἄλλο
1767 4714 1828 4768 τὸ

238 4800 615 4871 κρατούμενον
633 4818 647 4832 ·
677 4802 806 4857 ἄλλο
830 4804 941 4876 ἄρα
964 4805 1184 4874 κρᾶσις,
1208 4805 1302 4858 καὶ
1330 4804 1459 4859 ἄλλο
1491 4804 1660 4876 ψυχή.
1694 4807 1827 4877 "Op-

238 4907 405 4959 γανον
432 4891 542 4962 γάρ
569 4890 630 4945 ὃν
662 4891 726 4945 τὸ
758 4893 921 4964 σῶμα
959 4897 1060 4965 τῆς
1103 4893 1315 4965 ψυχῆς,
1345 4894 1445 4948 ἐὰν
1487 4895 1588 4964 μὲν
1630 4896 1830 4964 ἐπιτη-

237 4978 396 5044 δείως
422 4981 852 5054 κατασκευασθῇ
874 5025 890 5048 ,
920 4985 1177 5055 συνεργεῖ
1200 4986 1267 5054 τῇ
1304 4984 1489 5055 ψυχῇ·
1519 4984 1586 5039 ἂν
1638 4984 1696 5038 δὲ
1729 4987 1829 5040 ἀν-

240 5071 583 5142 επιτηδείως,
601 5073 917 5144 ἐμποδίζει·
946 5076 1041 5128 καὶ
1068 5075 1191 5129 τότε
1220 5075 1381 5147 χρεία
1410 5079 1476 5147 τῇ
1506 5075 1651 5149 ψυχῇ
1684 5095 1829 5148 πρα-

239 5164 469 5236 γμάτων
496 5166 900 5240 ἀπομαχομένῃ
923 5167 1061 5239 πρὸς
1088 5170 1188 5242 τὴν
1211 5170 1703 5242 ἀνεπιτηδειότητα
1732 5173 1829 5227 τοῦ

237 5255 496 5327 ὀργάνου,
530 5259 627 5313 καί¹
655 5258 749 5312 ἐὰν
797 5258 873 5329 μὴ
908 5258 1119 5330 σφόδρα
1152 5260 1305 5333 νήφῃ
1344 5261 1442 5315 καὶ
1477 5262 1831 5336 συνδιαστρέ-

238 5364 407 5418 φηται
438 5347 621 5420 αὐτῷ,
658 5349 917 5423 καθάπερ
961 5352 1217 5422 μουσικὸς
1253 5353 1726 5426 συνεξαμαρτάνει
1762 5359 1829 5428 τῇ

237 5442 339 5513 τῆς
363 5438 535 5511 λύρας
563 5440 889 5515 διαπροφῇ,
918 5444 1017 5497 ἐὰν
1053 5444 1129 5515 μὴ
1167 5446 1435 5518 πρότερον
1462 5448 1634 5520 αὐτὴν
1662 5466 1832 5503 κατιῖι⁸

242 5533 415 5605 στήσῃ
440 5533 643 5597 καλῶς.
673 5536 765 5589 Διὸ
793 5537 888 5590 καὶ
915 5537 1077 5607 χρεία
1105 5540 1172 5609 τῇ
1201 5538 1346 5610 ψυχῇ
1377 5540 1474 5608 τῆς
1504 5541 1831 5611 ἐπιμελείας

238 5622 337 5680 τοῦ
372 5623 660 5697 σώματος,
699 5626 788 5684 ἵνα
819 5629 1132 5703 καταρτίσῃ
1177 5630 1311 5685 αὐτὸ
1355 5630 1589 5702 ὄργανον
1637 5634 1830 5706 ἐπιτή-

311 5825 359 5860 ⁸⁷
387 5826 711 5897 πικρόχυλοι
734 5829 882 5887 ABC.

1934 3317 2138 3372 tudinis
2178 3317 2467 3372 harmonia
2491 3357 2506 3382 ,
2540 3332 2770 3373 necesse
2800 3325 2885 3372 est
2933 3315 3208 3371 hominem
3230 3332 3331 3371 nec
3355 3332 3538 3385 aegro-

1933 3420 2071 3474 tare,
2107 3424 2208 3465 nec
2235 3410 2547 3475 debilitare,
2584 3424 2685 3465 nec
2718 3408 2895 3464 forma
2932 3409 3252 3477 immutari;
3281 3419 3339 3464 at
3391 3425 3537 3476 stupe

1932 3500 2133 3554 accidit
2167 3508 2227 3553 ut
2258 3514 2363 3553 non
2397 3514 2508 3555 una
2536 3507 2771 3562 tantum,
2806 3499 2901 3553 sed
2934 3507 3046 3552 tres
3083 3496 3189 3553 illa:
3242 3497 3538 3567 qualitates

1931 3592 2093 3646 simul
2119 3594 2444 3646 amittantur
2461 3602 2516 3645 et
2547 3590 2712 3647 homo
2729 3591 2919 3652 vivat;
2949 3605 3342 3659 nonnunquam
3387 3592 3537 3645 enim

1930 3684 2182 3740 eumdem
2206 3684 2369 3739 simul
2388 3683 2713 3748 deformem,
2742 3692 2798 3738 et
2820 3682 3077 3748 debilem,
3099 3692 3154 3738 et
3179 3691 3539 3753 aegrotantem

1931 3792 2052 3833 csse
2071 3777 2349 3842 videmus;
2372 3791 2479 3831 non
2504 3776 2670 3847 igitur
2688 3775 2937 3846 corporis
2954 3774 3208 3832 valetudo
3228 3774 3413 3830 anima
3431 3787 3536 3831 est.

2003 4070 2288 4140 Quomodo
2321 4085 2473 4141 ergo,
2499 4072 2676 4138 aiunt,
2709 4071 2988 4128 naturales
3035 4074 3284 4143 quaedam
3317 4070 3542 4127 malitia:

1930 4170 1987 4217 et
2013 4162 2245 4217 virtutes
2294 4161 2347 4215 in
2379 4160 2697 4217 hominibus
2752 4160 3156 4218 inveniuntur?
3195 4160 3331 4217 Illud
3361 4176 3392 4218 e
3438 4178 3536 4216 ve-

1933 4253 2063 4310 riori
2090 4255 2341 4325 corporis
2373 4253 2603 4309 mistura
2641 4253 2704 4309 ﬁt
2747 4272 2761 4309 :
2797 4269 2991 4325 nempe
3022 4256 3161 4312 sicut
3213 4255 3539 4311 naturaliter

1933 4349 2052 4404 sani
2081 4356 2134 4402 et
2155 4346 2345 4418 aegroti
2375 4354 2505 4402 sunt
2525 4347 2750 4417 quidam
2782 4347 3087 4404 secundum
3121 4346 3434 4414 misturam,
3455 4350 3537 4405 sic

1934 4439 2159 4509 quidam
2210 4439 2391 4495 biliosi
2437 4439 2492 4495 in
2542 4439 2681 4495 iram
2745 4440 3058 4510 praecipites
3105 4448 3254 4504 sunt,
3280 4440 3373 4494 alii
3409 4456 3537 4496 vero

1938 4531 2153 4596 timidi,
2190 4530 2283 4586 alii
2320 4531 2592 4587 libidinosi
2624 4548 2640 4599 ;
2669 4546 2859 4587 rursus
2905 4531 2998 4586 alii
3045 4540 3306 4602 superant
3331 4540 3386 4586 et
3417 4532 3536 4587 vin-

1938 4634 2093 4679 cunt.
2138 4623 2399 4680 Videlicet
2447 4623 2733 4679 misturam
2781 4624 3051 4690 vincunt;
3084 4622 3178 4678 sed
3223 4623 3371 4678 aliud
3449 4632 3537 4679 est

1937 4717 2080 4784 quod
2109 4716 2298 4781 vincit,
2323 4714 2469 4770 aliud
2490 4716 2635 4787 quod
2649 4716 2888 4772 vincitur
2913 4733 2928 4771 :
2958 4715 3103 4771 aliud
3123 4729 3255 4786 ergo
3278 4715 3532 4781 mistura,

1934 4818 1987 4863 et
2023 4807 2168 4861 aliud
2202 4808 2405 4863 anima.
2438 4807 2574 4863 Cum
2606 4808 2754 4863 enim
2784 4822 2986 4878 corpus
3017 4807 3092 4863 sit
3145 4808 3345 4863 anima:
3381 4821 3538 4879 orga-

1934 4915 2085 4966 num,
2112 4900 2157 4955 si
2203 4900 2343 4956 bene
2382 4902 2739 4957 constitutum
2774 4910 2881 4969 est,
2914 4900 3153 4957 animam
3182 4900 3449 4969 adjuvat;
3482 4900 3531 4957 si

1931 4993 2113 5049 minus
2150 4994 2310 5059 bene,
2345 4993 2593 5064 impedit,
2626 5001 2683 5049 et
2720 5005 2852 5050 tunc
2902 4994 3101 5049 anima:
3152 5008 3291 5065 opus
3347 5002 3431 5050 est
3477 4994 3532 5049 in

1931 5083 2193 5153 operibus
2238 5082 2381 5139 bello
2438 5092 2631 5139 contra
2666 5084 2861 5156 organi
2918 5082 3307 5154 incongruum,
3333 5091 3390 5139 et
3423 5082 3532 5139 nisi

1932 5186 2195 5231 accurate
2222 5175 2432 5247 vigilet,
2464 5176 2574 5231 imo
2601 5190 2726 5231 cum
2755 5190 2819 5231 ea
2850 5185 3266 5244 corrumpatur,
3297 5177 3529 5232 errabit.

1934 5266 2091 5324 Sicut
2144 5268 2390 5323 musicus
2448 5282 2571 5323 cum
2619 5267 2753 5339 lyrae
2810 5266 3150 5324 dissonantia
3210 5263 3536 5331 errat,uisi

1934 5360 2084 5431 prius
2119 5359 2251 5432 lyra:
2299 5359 2435 5415 fides
2471 5368 2622 5415 recte
2656 5357 2973 5415 contendat.
3008 5355 3307 5427 Propterea
3346 5354 3534 5409 anima

1931 5453 2093 5509 debet
2140 5467 2341 5522 corpus
2382 5466 2583 5507 curare
2631 5460 2692 5506 ut
2734 5450 2838 5507 sibi
2876 5448 3213 5504 conveniens
3261 5459 3531 5516 organum

1934 5552 2176 5615 coaptet.
2222 5542 2380 5609 Quod
2426 5551 2482 5597 et
2537 5555 2634 5612 per
2671 5540 2839 5597 verba
2890 5549 2946 5595 et
2991 5554 3091 5610 per
3145 5552 3328 5593 mores
3366 5533 3534 5590 eﬂlcit

1935 5622 2077 5693 sicut
2111 5637 2164 5693 in
2188 5633 2474 5692 harmonia
2502 5652 2517 5685 :
2552 5649 2701 5690 nunc
2721 5634 2996 5696 relaxans.
3027 5646 3171 5688 nunc
3194 5628 3534 5686 contendens

2829 5770 2837 5803 ί
