4178 6440
253 418 395 479 1297

1504 409 1592 466 DE
1632 406 1929 465 NATUBA
1965 401 2279 461 HOMINIS.

3404 377 3544 437 1298

252 554 423 609 ματα,
453 536 546 595 καὶ
580 537 635 591 αἱ
667 535 867 606 τροφαὶ
902 536 981 600 εἰς
1014 531 1177 606 αἷμα,
1202 533 1263 587 τὸ
1288 534 1344 587 δὲ
1381 527 1522 603 αἷμα
1556 532 1635 593 εἰς
1662 530 1842 599 σάρκα

1962 533 2128 581 nenta
2160 523 2214 578 in
2246 517 2590 590 sanguinem,
2620 527 2677 568 et
2705 509 2930 580 sanguis
2961 508 3015 563 in
3052 519 3273 563 carnem
3323 514 3378 559 et
3413 500 3543 555 reli-

252 597 351 680 καὶ
385 597 455 678 τὰ
496 625 660 679 λοιπὰ
704 597 889 695 ’μόρια
940 597 1039 678 τοῦ
1079 597 1403 695 ’σώματος
1446 597 1584 674 ’Ἐπὶ
1642 619 1699 671 δὲ
1730 597 1842 672 τῶν

1962 633 2053 687 ιιιιι
2115 612 2358 669 membra
2411 604 2698 677 corporis?
2742 603 2802 657 ln
2852 597 3311 655 intellectualibus
3362 602 3546 648 autem

249 715 462 785 νοητῶν
536 718 732 778 ἓνωσις
798 715 899 785 μὲν
959 716 1193 784 γίνεται,
1276 714 1563 775 ἀλλοίωσις
1639 711 1696 765 δὲ
1777 712 1841 764 οὐ

252 807 690 878 παρακολουθεϊο
744 808 805 861 ού
856 809 968 879 γὰρ
998 807 1215 877 πέφυκε
1265 807 1456 875 νοητὸν
1492 806 1615 859 κατ’
1654 804 1845 858 οὐσίαν

252 900 626 954 ἀλλοιοῦσθαι.
659 901 772 955 Καὶ
796 900 995 971 ἡψυχὴ
1019 900 1134 968 ζωὴ
1154 896 1310 963 οὖσα,
1341 901 1389 952 εἰ
1408 901 1466 952 ὲν
1491 901 1558 970 τῇ
1583 897 1781 969 κράσει
1810 896 1844 968 ἢ

257 990 448 1045 ἑνώσει
472 991 857 1061 μετεϐάλλετο,
895 991 1167 1062 ἠλλοιώθη
1204 991 1271 1045 ἂν
1310 992 1406 1045 καὶ
1457 991 1559 1043 οὐκ
1595 986 1665 1061 ἦν
1690 989 1805 1059 ζωή
1828 1004 1843 1018 °

256 1082 309 1133 τε
340 1082 398 1134 δὲ
437 1081 799 1136 συνεδάλλετο
824 1082 902 1153 τῷ
938 1082 1177 1152 σώματι,
1210 1082 1259 1135 εἰ
1289 1082 1366 1151 μὴ
1396 1084 1668 1154 παρεῖχεν
1696 1078 1848 1150 αύτῷ

257 1172 358 1243 τὴν
386 1171 568 1241 ζωήνς
599 1174 712 1227 Καὶ
746 1174 954 1243 ἥνωται
988 1174 1171 1227 τοίνυν
1196 1175 1230 1245 ἡ
1268 1173 1417 1245 ψυχὴ
1455 1174 1515 1225 ἐν
1545 1172 1626 1243 τῷ
1661 1169 1850 1242 σώμα-

256 1274 335 1323 τι,
364 1260 460 1312 καὶ
482 1260 811 1330 ἀσυγχύτως
841 1261 1070 1331 ἥνωται.

334 1350 456 1402 Ὀτι
483 1350 584 1419 μὲν
626 1350 738 1421 γὰρ
765 1352 970 1421 ἥνωται
1002 1353 1281 1408 δείκνυσιν
1310 1355 1344 1424 ἡ
1371 1354 1689 1427 συμπάθεια
1707 1371 1720 1386 ·
1766 1355 1850 1409 ὅτι

256 1439 315 1495 δὲ
350 1442 447 1495 καὶ
476 1442 788 1512 ἀσύγχυτος
845 1444 1019 1513 μένει,
1055 1445 1156 1497 οὐκ
1194 1446 1494 1511 ἀγνοεῖται.
1535 1445 1706 1500 Ὅταν
1742 1448 1851 1518 γάρ

258 1549 312 1585 τι
345 1532 469 1586 καθ’
500 1534 674 1586 ἑαυτὰ
696 1534 805 1585 τῶν
832 1534 1006 1588 ὄντων
1036 1536 1433 1590 ὲπισκέπτεται
1454 1536 1548 1591 τοῦ
1573 1537 1851 1608 σώματος,

257 1621 336 1683 ὡς
359 1616 470 1674 οἷόν
490 1639 549 1675 τε
575 1622 779 1692 ἑαυτὴν
804 1624 1116 1695 χωρίζουσα
1141 1626 1303 1681 τοῦτο
1342 1627 1491 1680 ποιεῖ
1511 1645 1524 1660 ·
1559 1627 1852 1699 ἀσώματος

259 1712 373 1783 γὰρ
396 1709 553 1779 οὖσα,
582 1714 648 1768 δι’
671 1715 795 1768 ὅλου
821 1715 1147 1786 κεχώρηκεν
1178 1719 1258 1778 εἰς
1291 1717 1361 1770 τὰ
1386 1719 1810 1789 συνεφθαρμένα
1834 1735 1849 1749 ο

262 1801 361 1855 καὶ
394 1802 595 1869 ἀφεῖσα
626 1802 800 1857 ταῦτα
838 1803 989 1874 μένει
1022 1804 1352 1876 ἀδιάφθορος
1378 1809 1469 1861 καὶ
1501 1809 1813 1879 ἀσύγχυτος
1835 1827 1848 1841 ·

262 1895 358 1946 καὶ
384 1867 454 1947 τδ-
483 1894 605 1948 καθ’
649 1867 851 1965 ἑαυτὴν
900 1896 1143 1969 καθαρὸν
1164 1867 1764 1965 ,ἐνδιασώζουσαίῖιαὶ
1793 1867 1853 1954 ἓν
1883 1867 1933 1928 Β

260 1978 347 2047 οἷς
382 1984 609 2056 γένηται
660 1987 941 2055 τρέπουσα
972 1989 1114 2041 κατὰ
1159 1991 1259 2060 τὴν
1290 1993 1496 2062 ἑαυτῆς
1546 1993 1715 2062 ζωὴν,
1758 1994 1853 2046 καὶ⁹
1908 2026 1922 2056 ι

263 2076 360 2128 ὑπ’
388 2077 615 2132 ἐκείνων
648 2078 724 2150 μὴ
756 2081 1092 2152 τρεπομένῳ
1146 2081 1235 2145 Ὠς
1266 2083 1376 2153 γὰρ
1406 2086 1435 2137 ὁ
1459 2084 1612 2154 ἥλιος
1635 2087 1703 2157 τῇ
1747 2103 1852 2138 πα-
1906 2126 1908 2133 τ

264 2165 463 2239 ρουσεᾳ
490 2168 585 2222 τὸν
612 2169 755 2240 ἀέρα
794 2172 875 2234 εἰς
912 2172 1027 2240 φῶς
1076 2173 1430 2241 μεταϐάλλει.
1484 2176 1656 2229 ποιῶν
1690 2176 1856 2231 αὑτὸν

263 2258 560 2329 φωτοειδῆ,
594 2260 689 2314 καὶ
744 2260 962 2316 ἑνοῦται
986 2262 1066 2333 τῷ
1096 2264 1221 2333 ἀέρι
1260 2265 1321 2318 τὸ
1356 2266 1494 2334 φῶς,
1529 2266 1856 2338 ἀσυγχύτως

262 2347 386 2419 ἃμα
412 2349 564 2420 αὐτῷ
598 2351 694 2405 καὶ
724 2354 1044 2423 κεχυμένως
1070 2372 1085 2385 ·
1116 2354 1208 2409 τὸν
1243 2357 1408 2410 αὑτὸν
1437 2359 1641 2429 τρόπον
1696 2362 1791 2413 καὶ
1821 2363 1853 2430 ἡ

262 2440 414 2512 ψυχὴ
476 2443 745 2515 ἱνουμένη
808 2445 1044 2517 σώματι,
1101 2449 1255 2519 μένει
1314 2450 1479 2503 πάλιν
1512 2451 1854 2522 ἁσύγχυτος·

266 2532 411 2637 κατὰ
441 2533 601 2637 τοῦτο
663 2536 827 2605 μόνον
879 2538 1297 2603 διαλλάττουσα,
1362 2544 1444 2595 ὅτι
1491 2545 1519 2595 ό
1555 2543 1657 2613 μὲν
1706 2544 1858 2615 ἣλιος

266 2626 434 2695 σῶμα
462 2626 557 2691 ὢν,
592 2630 685 2682 καὶ
722 2630 874 2701 τόπῳ
899 2633 1401 2703 περιγραφόμενος,
1430 2637 1531 2689 οὐκ
1562 2636 1678 2691 ἔστι
1715 2654 1859 2691 παν-

264 2720 439 2791 ταχοῦ
466 2720 595 2774 ἔνθα
623 2722 720 2775 καὶ
746 2724 808 2777 τὸ
834 2725 953 2791 φῶς
972 2725 1162 2790 αὐτοῦ,
1194 2726 1270 2789 ώς
1298 2728 1421 2781 οὐδὲ
1448 2729 1508 2782 τὸ
1524 2729 1638 2800 πῦρ
1660 2748 1674 2762 ·
1706 2731 1861 2799 μένει

267 2814 378 2884 γὰρ
406 2814 500 2868 καὶ
518 2814 654 2868 αὐτὸ
685 2816 743 2868 ἐν
781 2818 897 2880 τοῖς
927 2815 1127 2883 ξύλοις,
1162 2818 1195 2888 ἢ
1232 2819 1292 2872 ὲν
1320 2823 1393 2890 τῇ
1412 2818 1860 2890 θρυαλλίδιδεδε-

272 2904 457 2973 μένον,
490 2904 567 2968 ὡς
606 2908 663 2960 ἐν
694 2908 873 2977 τόπῳ·
902 2910 935 2979 ή
965 2908 1115 2979 ψυχὴ
1144 2909 1201 2963 δὲ
1235 2910 1533 2981 ἀσώματος
1562 2908 1725 2974 οὖσα,
1767 2914 1863 2965 καὶ

273 2993 352 3065 μὴ
382 2998 836 3069 περιγραφομένη
867 3001 926 3052 ὲν
953 3000 1129 3067 τόπῳ,
1157 3002 1255 3071 ὅλη
1276 3003 1343 3055 δι’
1367 3002 1491 3055 ὅλου
1529 3007 1699 3073 χωρεῖ
1724 3005 1866 3074 μετὰ

267 3088 366 3143 τοῦ
420 3092 599 3159 φωτὸς
632 3093 826 3164 αὐτῆς,
884 3095 983 3148 καὶ
1028 3095 1306 3167 γράφεται
1357 3097 1458 3159 τὰς
1518 3096 1713 3160 οὐσίας
1766 3096 1864 3148 τοῦ

1947 686 2207 763 adunatio
2242 703 2459 775 quidem
2499 700 2580 765 lit,
2617 693 2931 751 immutatio
2968 700 3154 746 autem
3199 703 3311 742 non
3363 686 3549 755 sequi-

1884 800 1885 803 “
1950 807 2037 851 tur
2058 813 2075 863 ;
2096 790 2461 849 intellectuale
2483 788 2628 844 enim
2661 785 2842 856 quoad
2870 781 3170 838 essentiam
3203 794 3312 834 non
3371 785 3551 832 muta-

1950 898 2057 943 tur.
2084 886 2151 942 Et
2197 885 2380 940 anima
2408 897 2531 953 qum
2559 880 2671 934 vita
2704 888 2809 942 est,
2840 876 2886 933 si
2930 875 2983 929 in
3039 869 3430 941 coagulatione
3456 876 3551 919 aut

1950 976 2278 1032 adunatione
2302 973 2561 1045 variaret,
2592 976 2902 1024 mutaretur
2946 972 3002 1022 et
3056 978 3161 1018 non
3210 968 3358 1016 esset
3412 959 3547 1011 vita.

1949 1069 2061 1125 Cur
2095 1078 2275 1123 tamen
2311 1063 2529 1134 corpori
2563 1061 3015 1130 coniungeretur,
3052 1053 3141 1109 cui
3180 1068 3288 1109 non
3327 1049 3553 1105 aﬂ‘errct

1952 1161 2119 1215 vitam
2143 1159 2167 1215 2
2190 1159 2377 1228 Itaque
2404 1156 2595 1211 unitur
2637 1152 2817 1207 anima
2845 1147 3062 1218 corpori
3100 1156 3158 1202 et
3213 1145 3422 1213 absque
3470 1138 3554 1195 fu-

1953 1255 2104 1307 sione
2143 1250 2353 1304 unitur.

2024 1339 2180 1409 Quod
2205 1338 2352 1395 enim
2372 1336 2628 1396 'uuiatur,
2665 1333 2827 1389 docet
2858 1327 3206 1402 sympathia;
3245 1324 3391 1395 quod
3423 1335 3552 1376 vero

1952 1432 2159 1501 absque
2201 1430 2429 1485 mistura
2462 1433 2703 1488 maneat,
2768 1420 3120 1477 notissimum
3165 1425 3271 1471 est.
3308 1413 3554 1480 Namque

1955 1523 2046 1578 ubi
2077 1520 2281 1592 aliquid
2302 1517 2447 1591 quod
2477 1532 2575 1589 per
2595 1530 2657 1572 se
2678 1515 2745 1571 ad
2766 1526 2971 1583 corpus
3004 1507 3265 1580 pertinet,
3300 1504 3557 1561 conside-

1957 1623 2061 1680 rat,
2091 1623 2350 1683 quantum
2386 1618 2563 1683 potest
2585 1609 2823 1677 seipsam
2847 1618 3134 1659 removens
3158 1602 3263 1656 ltoc
3282 1597 3413 1653 facit
3453 1616 3465 1651 :
3502 1606 3559 1648 at

1956 1708 2278 1776 incorporea
2308 1703 2453 1758 enim
2490 1702 2710 1771 penitus
2750 1699 2895 1753 intra
2926 1705 3188 1764 corrupta
3223 1689 3559 1763 penetravit,

1956 1814 2077 1867 quae
2133 1795 2557 1867 praetermittens
2610 1793 2929 1857 incorrupta
2994 1793 3181 1841 manet
3236 1792 3294 1838 et
3331 1780 3559 1835 mislttra

1957 1888 2124 1944 libera
2151 1904 2166 1954 ;
2198 1896 2253 1942 et
2274 1886 2447 1956 ipsius
2469 1886 2763 1953 puritatem
2804 1890 3057 1942 servans,
3084 1883 3141 1929 et
3174 1887 3237 1928 ea
3276 1873 3330 1927 in
3362 1871 3563 1940 quibus

1954 1988 2037 2035 est
2064 1980 2132 2034 ad
2150 1993 2304 2033 suam
2332 1978 2494 2032 vitam
2519 1956 2869 2037 convertens,
2895 1969 2963 2024 ab
3001 1967 3108 2023 illis
3136 1981 3245 2023 non
3270 1977 3557 2020 conversa.

1958 2072 2425 2139 Quemadmodum
2455 2067 2603 2124 enim
2654 2064 2735 2120 sol
2771 2075 3044 2133 apparens
3076 2073 3259 2114 aerem
3300 2057 3355 2111 in
3382 2055 3561 2109 lucem

1958 2167 2307 2224 transmutat,
2334 2168 2391 2214 et
2429 2157 2669 2211 lucidum
2708 2154 2865 2218 facit,
2893 2160 2948 2206 et
2986 2149 3101 2205 acri
3133 2147 3230 2203 lux
3268 2146 3563 2207 adunatur,

1958 2254 2078 2311 sine
2112 2250 2341 2307 mistura
2375 2263 2499 2305 cum
2542 2248 2663 2317 ipso
2687 2244 2852 2299 simul
2885 2251 2939 2299 et
2970 2255 3094 2296 cum
3126 2238 3367 2304 fusione,
3397 2234 3564 2291 simili

1960 2346 2121 2400 modo
2148 2352 2204 2400 et
2224 2343 2407 2397 anima
2433 2339 2651 2409 corpori
2676 2341 2938 2403 atlunata,
2959 2335 3079 2390 sine
3098 2331 3355 2387 mistione
3384 2342 3567 2383 rema-

1960 2446 2053 2492 net
2085 2455 2100 2505 ;
2133 2437 2187 2491 in
2214 2435 2317 2491 boc
2344 2405 2551 2487 tantum
2585 2428 2868 2492 dilIeruut,
2904 2424 3047 2497 quod
3081 2423 3163 2479 sol
3214 2415 3435 2492 quidem
3470 2405 3567 2488 qui

1961 2544 2161 2599 corpus
2174 2539 2257 2583 est
2274 2527 2464 2581 etloco
2488 2519 2943 2589 circumscriptus
2963 2531 3069 2571 non
3092 2515 3294 2583 ubique
3309 2511 3498 2567 estubi
3514 2517 3570 2563 et

1962 2619 2205 2689 ejuslux,
2221 2616 2297 2670 uti
2327 2630 2425 2671 nec
2443 2615 2606 2669 etiam
2628 2611 2808 2683 ignis;
2835 2617 3019 2663 manet
3046 2604 3192 2661 enim
3213 2605 3268 2657 in
3286 2601 3456 2671 lignis
3475 2610 3571 2653 aut

1964 2715 2017 2769 in
2041 2711 2311 2783 ellycbnio
2334 2709 2550 2764 lum-eus
2572 2705 2715 2760 sicut
2738 2702 2791 2757 in
2814 2702 2936 2757 loco
2960 2717 2973 2753 :
2995 2698 3178 2752 anima
3201 2710 3351 2761 vero,
3381 2700 3573 2763 utpote

1966 2809 2309 2875 incorporea,
2331 2815 2433 2856 nec
2459 2799 2512 2854 in
2540 2799 2660 2852 loco
2683 2791 3126 2861 circumscripta,
3149 2798 3263 2845 tota
3282 2802 3508 2861 prorsus
3532 2786 3573 2841 it

1964 2914 2089 2954 cum
2131 2897 2252 2951 luce
2284 2908 2382 2950 sua
2422 2902 2479 2947 et
2522 2892 2665 2947 bona
2697 2886 2947 2959 corporis
2996 2880 3443 2940 circumscribit;
3470 2892 3574 2931 nec

1968 3005 2097 3062 pars
2127 2997 2212 3044 est
2232 2986 2302 3041 ab
2323 3000 2389 3041 ea
2413 2983 2744 3044 illuminata,
2774 2981 2828 3034 in
2857 2992 2964 3047 qua
3002 2985 3113 3030 tota
3142 2988 3247 3028 non
3280 2972 3442 3036 adsit,
3465 2983 3570 3022 non

1968 3084 2114 3138 enim
2145 3078 2392 3148 corporis
2438 3073 2871 3129 dominationem
2908 3068 3140 3139 patitur,
3178 3067 3274 3119 scd
3302 3063 3417 3133 ipsa
3449 3076 3573 3115 cor-

271 3181 559 3253 σώματος·
616 3185 713 3239 καὶ
759 3152 870 3240 ὀὐκ
926 3152 1269 3259 ἐστιημέρος
1321 3152 1710 3257 φωτιζόμενον
1767 3189 1860 3242 ὑπ’

1969 3189 2070 3244 pus
2102 3168 2442 3230 dominatur,
2466 3164 2738 3235 siquidem
2776 3161 2830 3215 in
2866 3172 3098 3228 corpore
3135 3156 3313 3218 adest,
3341 3152 3575 3208 nonsic-

269 3276 469 3347 αὐτῆς,
506 3279 564 3332 ὲν
594 3270 638 3346 ᾧ
671 3278 748 3349 μὴ
804 3280 901 3349 ὅλη
960 3280 1227 3349 πάρεστιν
1258 3295 1272 3309 ·
1300 3281 1364 3332 οὐ
1409 3279 1519 3349 γὰρ
1577 3282 1865 3350 κρατεῖται

272 3368 381 3421 ὑπὸ
405 3368 501 3422 τοῦ
544 3368 818 3441 σώματος,
860 3371 979 3425 ἀλλ’
1009 3372 1152 3441 αὑτὴ
1184 3374 1381 3443 κρατεί
1419 3372 1482 3425 τὸ
1512 3371 1677 3440 σῶμα
1698 3388 1711 3401 ’
1739 3372 1864 3425 ἐπεὶ

271 3458 395 3514 οὐδὲ
421 3463 480 3514 ἐν
532 3461 611 3532 τῷ
646 3462 864 3532 σώματί
914 3465 1086 3528 ἐστιν,
1141 3464 1219 3528 ὡς
1274 3465 1334 3517 ὲν
1364 3462 1638 3534 ἀγγείῳῆ
1680 3463 1863 3536 ἀσκῷ,

273 3553 412 3608 ἀλλὰ
442 3554 645 3624 μᾶλλον
670 3555 732 3609 τὸ
760 3556 923 3626 σῶμα
952 3559 1011 3610 ὲν
1032 3558 1200 3637 αὐτῇ.
1240 3558 1303 3611 Εἰ
1325 3558 1434 3628 γὰρ
1465 3558 1559 3611 καὶ
1589 3558 1618 3611 ό
1648 3558 1868 3629 προφή-

270 3660 373 3714 της
426 3646 719 3714 ἐξαγαγεῖν
775 3648 949 3719 αὐτὴν
1008 3649 1073 3702 ὲκ
1137 3648 1391 3720 φυλακῆς
1445 3649 1542 3703 τὸν
1576 3649 1715 3703 Θεὸν
1770 3646 1866 3701 εὖ-

272 3752 454 3806 χεται,
486 3738 602 3791 ἀλλ’
633 3739 730 3808 οὐχ
761 3738 838 3802 ώς
879 3740 940 3793 τὸ
985 3740 1149 3810 σῶμα
1189 3741 1347 3803 εἰδὼς
1389 3739 1665 3813 φυλακὴν,
1702 3741 1779 3805 ώς
1808 3742 1868 3813 ἐν

274 3826 465 3901 ιξορίᾳ
486 3829 528 3862 ⁸⁸
556 3830 615 3884 δὲ
646 3832 740 3884 καὶ
787 3831 1006 3905 φυλακῇ
1054 3835 1113 3886 ὲν
1156 3834 1236 3904 τῷ
1272 3832 1376 3905 βίῳ
1405 3810 1411 3812 ⁷
1438 3810 1704 3906 ὑπάρχων
1737 3850 1751 3863 ·
1790 3810 1866 3905 μὴ

274 3919 600 3990 κωλυόμενα
634 3922 746 3993 γὰρ
776 3923 882 3975 ὑπὸ
925 3925 1035 3979 τῶν
1074 3926 1350 3996 σωμάτων
1383 3926 1453 3980 τὰ
1479 3928 1670 3995 νοητὰ,
1727 3926 1866 3980 ἀλλὰ

275 4014 374 4067 καὶ
407 4013 497 4068 διὰ
537 4015 741 4080 παντὸς
776 4017 874 4072 τοῦ
906 4018 1161 4090 σώματος
1196 4020 1506 4093 χωροῦντα,
1533 4023 1630 4075 καὶ
1655 4021 1868 4089 διαφοι-

274 4105 482 4169 τῶντα,
510 4108 606 4160 καὶ
632 4108 922 4175 διεξιόντα,
974 4114 1076 4183 οὐχ
1102 4108 1194 4167 οἷά
1217 4114 1277 4168 τέ
1309 4116 1457 4169 ἐστιν
1502 4113 1611 4169 ἀπὸ
1645 4113 1740 4167 τοῦ
1774 4113 1869 4166 τό-

276 4215 382 4301 που
416 4202 745 4301 σωματικῶς
788 4204 1142 4276 κατέχεσθαι.
1185 4206 1424 4279 Τοιαύτη
1456 4208 1567 4279 γὰρ
1592 4207 1702 4261 τῶν
1734 4224 1865 4277 νοη-

274 4288 386 4341 τῶν
420 4288 579 4357 φύσις
622 4290 915 4361 ἀσώματος
948 4293 1043 4346 καὶ
1099 4294 1420 4365 ἀμέριστος,
1463 4294 1559 4348 καὶ
1587 4293 1867 4365 ἀλλήλοις,

277 4379 374 4433 καὶ
404 4378 621 4449 σώματι
653 4382 967 4451 μίγνυσθαι.
1009 4385 1102 4437 Ἐκ
1125 4384 1322 4438 τούτου
1339 4386 1449 4456 γὰρ
1466 4381 1624 4455 οἶμαι
1646 4385 1740 4438 καὶ
1767 4383 1870 4454 τὴν

1970 3279 2028 3322 ιιι
2082 3266 2137 3321 itt
2176 3278 2305 3319 vase
2339 3271 2431 3316 aut
2460 3260 2513 3313 in
2560 3267 2703 3323 utre,
2742 3253 2839 3309 sed
2875 3251 3058 3322 potius
3095 3260 3299 3318 corpus
3328 3246 3381 3299 in
3431 3244 3569 3313 ipsa.

1968 3358 2121 3415 Licet
2156 3355 2302 3412 enim
2364 3350 2637 3421 Pr0pbcta
2694 3355 2753 3401 ut
2792 3346 2992 3401 educat
3039 3341 3189 3395 illam
3224 3339 3292 3394 de
3322 3335 3573 3392 custodia

1971 3452 2136 3515 Deus,
2160 3458 2432 3518 precetur,
2465 3457 2575 3497 non
2601 3450 2783 3496 tamen
2806 3437 2861 3491 id
2895 3431 3202 3503 dicitqttasi
3247 3444 3447 3499 corpus
3477 3442 3575 3499 pro

1969 3541 2219 3600 custodia
2234 3540 2465 3602 habens,
2495 3534 2591 3591 sed
2609 3541 2667 3587 ut
2685 3531 2740 3586 in
2760 3527 2958 3584 exsilio
2982 3525 3104 3581 etin
3118 3522 3368 3580 custodia
3394 3519 3449 3574 in
3464 3520 3574 3574 vita

1972 3637 2267 3692 exsistens.
2309 3629 2562 3699 Namque
2614 3618 3006 3680 intellectualia
3051 3631 3160 3671 non
3204 3613 3580 3683 impediuntur

1972 3744 2071 3801 per
2088 3738 2344 3792 corpora,
2370 3720 2464 3776 sed
2484 3729 2541 3774 et
2563 3731 2658 3787 per
2682 3723 2856 3770 totum
2883 3724 3082 3780 corpus
3108 3706 3282 3763 divisa
3305 3714 3358 3760 et
3382 3700 3578 3759 dill‘nsa

1970 3794 2299 3883 eterrantia,
2314 3807 2820 3885 corporaliterloco
2833 3802 3085 3860 concludi
3106 3806 3408 3871 nequeunt.
3429 3794 3582 3850 Talis

1972 3923 2057 3971 est
2085 3913 2231 3969 enim
2263 3902 2718 3964 lntellectualium
2757 3908 2952 3956 natura
2987 3896 3314 3964 incorporea
3355 3898 3413 3946 et
3444 3889 3582 3945 indi-

1977 4007 2118 4067 visa,
2174 4009 2236 4056 ut
2286 3998 2389 4055 sibi
2444 3998 2678 4051 invicem
2732 3999 2788 4047 et
2845 3986 3172 4059 corporibus
3216 3985 3578 4039 misceantur.

1978 4094 2188 4152 Exinde
2217 4092 2361 4148 enim
2390 4089 2588 4159 Opinor
2606 4093 2662 4140 et
2683 4081 2922 4137 animam
2948 4094 2979 4134 a
3005 4076 3343 4133 daemonibus
3364 4073 3580 4136 vexari,

1978 4206 2008 4245 a
2044 4184 2346 4243 ratiociniis
2383 4181 2541 4236 malis
2583 4173 3056 4246 blasphemiisque
3084 4180 3140 4227 et
3169 4171 3238 4225 ab
3288 4170 3409 4226 Istis
3457 4183 3583 4239 quae

1955 4280 2131 4341 'nel'as
2167 4288 2252 4337 est
2285 4278 2469 4333 dicere
2518 4282 2612 4328 aut
2645 4271 2912 4342 cogitare,
2935 4265 3241 4338 praesertim
3271 4280 3397 4320 cum
3456 4264 3581 4333 quis

1974 4374 2327 4433 Christianus
2359 4377 2465 4425 est.

276 4469 459 4541 ψυχὴν
489 4447 597 4525 δπδ
617 4447 738 4525 τῶν.
760 4474 1035 4542 δαιμόνων
1065 4447 1567 4548 πλήττεσθαι,
1585 4447 1867 4547 λογισμῶν
1904 4471 2166 4545 πονηρῶν
2196 4468 2295 4523 καὶ
2356 4457 2745 4537 βλασφημιῶν,
2782 4455 2878 4511 καὶ
2938 4447 3015 4509 ὧν
3040 4450 3165 4507 οὐδὲ
3190 4449 3355 4521 θέμις
3377 4448 3578 4511 εἰπεῖν,

276 4561 313 4634 ἢ
342 4552 624 4633 ὶκνοῆσαι,
655 4564 749 4617 καὶ
795 4566 1033 4635 μάλιστα
1088 4569 1419 4639 Χριστιανὸν
1452 4569 1608 4625 διτα.

348 4651 461 4726 Τὴν
495 4653 680 4726 μέντοι
720 4618 1022 4711 ἀθανασίαν
1054 4618 1225 4731 αὐτῆς
1661 4664 1726 4717 ὲκ
1770 4660 1864 4716 τοῦ

2048 4618 2220 4709 Porro
2278 4643 2747 4703 immortalitatem
2795 4634 2952 4692 Plato
3001 4648 3070 4691 ex
3104 4631 3221 4703 ejus
3274 4630 3582 4689 mobilitate

277 4745 598 4818 ὰπικινήτου
650 4746 823 4819 αὐτῆς
868 4749 1252 4819 συλλογίζεται
1280 4750 1453 4816 οὕτως
1479 4768 1493 4782 ’
1536 4771 1554 4805 ι
1600 4752 1666 4806 Ἦ
1696 4751 1867 4824 ψυχὴν

279 4837 449 4904 φησὶν
478 4872 496 4898 ,
550 4838 864 4908 ἀεικίνητός
896 4841 1013 4895 ἐστι
1044 4855 1059 4871 ⁸
1103 4842 1163 4894 τὺ
1198 4841 1512 4911 ἀεικίνητον
1555 4842 1827 4897 ἀθάνατον
1852 4860 1868 4878 ο

281 4928 317 4998 ἡ
347 4926 497 4998 ψυχὴ
529 4927 638 4999 ἄρα
676 4929 969 4995 ἀθάνατος.
1018 4932 1131 4986 Καὶ
1174 4932 1364 5005 ἐπειδὴ
1400 4933 1670 4998 ἀθάνατός
1721 4936 1872 4989 ἔστιν

284 5024 320 5092 ἡ
374 5021 562 5092 ψυχὴ,
606 5022 746 5076 εἰσὶν
802 5024 1031 5094 ἀμοιϐαὶ
1076 5025 1188 5077 τῶν
1239 5023 1459 5095 φαύλων
1509 5026 1605 5081 καὶ
1651 5028 1876 5097 ἀγαθῶν

280 5111 539 5185 πράξεων
567 5127 582 5141 ·
610 5115 662 5166 ei
704 5113 764 5167 δὲ
810 5115 950 5169 εἰσὶν
978 5116 1231 5185 ἀμοιϐαὶ,
1265 5116 1384 5171 ἔστι
1419 5118 1481 5173 τὸ
1507 5119 1869 5192 δικαζόμενον

280 5204 380 5259 καὶ
407 5203 648 5270 δικάζον·
681 5206 815 5261 εἰδὲ
861 5206 979 5260 ἐστι
1001 5208 1062 5260 τὸ
1088 5207 1451 5280 δικαζόμενον
1491 5214 1584 5266 καὶ
1618 5214 1865 5282 δικάζον,

279 5292 399 5347 ιστι
448 5297 752 5377 προνοητὸν
779 5296 877 5351 καὶ
915 5298 1141 5371 πρόνοια
1160 5316 1174 5331 ’
1198 5300 1247 5351 ei
1278 5300 1337 5354 δὲ
1366 5302 1563 5370 ταῦτα,
1595 5305 1872 5374 ἀθάνατος

279 5386 391 5458 ἄρα
421 5389 454 5458 ἡ
484 5387 657 5460 ψυχή·
697 5407 716 5441 ι

360 5480 426 5534 '0
455 5481 515 5536 δὲ
540 5481 716 5550 μέγας
736 5482 1018 5548 Βασίλειος
1044 5485 1243 5555 φησιν·
1274 5505 1293 5538 ι
1317 5486 1745 5560 ’Δόρατονέῐναι
1770 5493 1864 5547 τὸν

278 5570 418 5625 Θεὸν
448 5572 697 5636 πίστευε,
726 5574 850 5627 ἐπεὶ
875 5575 972 5629 καὶ
1000 5578 1032 5648 ἡ
1059 5577 1209 5650 ψυχὴ
1244 5580 1477 5651 ἀόρατός
1511 5585 1663 5637 ἐστιν
1698 5602 1713 5616 ο
1740 5584 1868 5639 οὔτε

280 5665 392 5735 γὰρ
414 5664 751 5736 κέχρωσται,
785 5665 910 5719 οὔτε
928 5668 1358 5740 ἐσχημάτισται,
1389 5672 1515 5728 οὔτε
1546 5676 1659 5729 τινὶ
1690 5695 1868 5749 χαρα-

282 5754 449 5825 κτῆρι
500 5755 806 5827 σωματικῷ
856 5758 1243 5833 περιείληπται
1272 5779 1287 5797 ο
1319 5763 1439 5818 ἀλλ’
1478 5768 1542 5821 ἐκ
1572 5766 1682 5824 τῶν
1712 5771 1867 5843 svsp-

356 5865 400 5899 “
425 5864 615 5938 ὸξορία
645 5865 780 5924 Cod.
817 5868 855 5921 A

1969 4743 2230 4800 continua
2251 4735 2472 4794 deducit
2497 4732 2612 4789 sic:
2643 4749 2662 4783 ι
2693 4729 2916 4792 Anima,
2945 4725 3149 4796 inquit,
3179 4723 3440 4781 continue
3465 4737 3582 4777 mo-

1971 4836 2096 4893 bilis
2159 4840 2291 4898 est;
2343 4828 2490 4898 quod
2534 4823 2797 4878 continue
2842 4811 3067 4883 mobile,
3102 4826 3201 4872 est
3224 4813 3580 4881 immortale;

1971 4941 2103 4996 ergo
2120 4924 2302 4980 anima
2344 4915 2693 4976 immortalis.
2719 4912 2788 4968 Et
2813 4911 2862 4967 si
2894 4908 3230 4965 immortalis
3255 4917 3343 4963 est
3366 4907 3581 4973 anima,

1974 5027 2099 5076 sunt
2123 5016 2516 5073 retributiones
2539 5020 2838 5081 pravarum
2866 5011 2924 5059 et
2958 5003 3230 5059 bonarum
3260 5002 3578 5065 actionum;

1974 5111 2021 5168 si
2046 5118 2176 5167 sunt
2199 5104 2613 5169 retributiones,
2651 5106 2737 5154 est
2762 5095 3070 5169 iudicatum
3097 5102 3155 5149 et
3207 5093 3499 5163 judicans;
3532 5093 3585 5149 si

1976 5213 2061 5260 est
2096 5200 2398 5272 iudicatum
2422 5206 2480 5253 et
2519 5193 2798 5264 judicans,
2832 5197 2919 5244 est
2947 5185 3230 5258 provisum
3285 5195 3342 5243 et
3392 5185 3578 5257 provi-

1977 5296 2147 5358 dens;
2187 5305 2308 5362 quae
2338 5290 2384 5344 si
2421 5294 2570 5355 sunt,
2601 5280 2929 5340 immortalis
2948 5293 3082 5351 ergo
3106 5278 3312 5334 anima.
3349 5297 3370 5331 ι

2052 5489 2278 5561 Magnus
2336 5480 2759 5542 vero'Basilius
2814 5481 2995 5551 inquit
3057 5497 3074 5535 :
3142 5496 3165 5532 ι
3242 5477 3582 5547 lnvisibilem

1977 5582 2141 5638 crede
2161 5582 2353 5645 Deum,
2382 5592 2506 5633 cum
2541 5588 2597 5632 et
2621 5574 2803 5630 anima
2831 5571 3124 5629 invisibilis
3149 5572 3251 5627 sit:
3286 5586 3387 5628 nec
3433 5572 3583 5630 enim

1977 5673 2160 5730 colore
2190 5686 2292 5727 nec
2332 5669 2674 5743 paramentis
2694 5674 2950 5733 ornatur,
2983 5679 3086 5721 nec
3125 5665 3321 5735 quovis
3377 5664 3580 5720 chara-

1972 5776 2125 5824 ctere
2145 5778 2412 5837 corporeo
2436 5761 2756 5827 includitur,
2786 5756 2882 5815 sed
2906 5772 2975 5814 ex
2999 5755 3223 5828 euergia
3254 5765 3466 5814 tantum
3494 5754 3578 5812 di-
