4178 6502
668 474 807 532 1999

1970 472 2252 530 MELETII
2292 472 2602 532 MONACHI

3776 470 3912 532 £300

658 589 943 661 gnoscitur
974 603 1133 661 quam
1166 587 1429 658 duplicem
1454 587 1617 643 habet
1646 587 1797 659 juxta
1829 588 2238 644 similitudinem

2345 587 2512 656 γειῶν
2541 588 2869 660 γνωρίζεται
2909 586 3072 658 μόνον
3099 604 3112 618 α
3159 586 3275 657 εχει
3320 585 3377 639 δὲ
3405 584 3601 649 διπλᾶς
3633 589 3914 658 ινεργείας

614 684 621 689 ’
660 680 758 736 Dei
797 680 952 748 cujus
985 681 1165 749 imago
1192 689 1308 735 est:
1331 678 1601 750 duplicem
1623 680 1767 745 enim
1794 680 1937 736 Deus
1958 679 2232 750 energiam

658 770 824 827 habet
836 769 1160 839 intelligendi
1182 781 1376 824 cuncta
1400 782 1520 839 qua:
1546 777 1694 836 sunt,
1716 778 1773 825 et
1803 769 2000 839 quibus
2021 784 2121 825 nos
2151 767 2237 823 in-

659 861 901 932 digemus
920 859 1257 930 providendi.
1281 858 1371 915 Sic
1398 874 1529 928 ergo
1552 867 1607 915 et
1622 861 1817 915 anima:
1840 868 1968 915 sunt
1990 859 2235 928 duplices

655 951 911 1021 eriergiae,
935 951 1055 1007 aliae
1079 950 1495 1017 intellectuales,
1514 952 1723 1007 scilicet
1750 965 1919 1015 mens,
1941 951 2143 1020 opinio,
2160 950 2237 1005 in-

660 1042 977 1113 telligentia,
994 1044 1329 1115 imaginatio;
1347 1043 1469 1100 alias
1483 1042 1678 1098 vitales
1690 1052 1745 1097 et
1760 1041 2233 1111 concupiscibiles,

657 1135 866 1191 scilicet
895 1135 1165 1201 voluntas,
1187 1135 1403 1204 cupido,
1428 1135 1777 1191 desiderium.
1802 1134 1908 1189 Sed
1934 1135 2234 1189 secundum

656 1225 875 1283 vitalem
898 1226 1005 1281 vim
1036 1226 1249 1297 corpori
1274 1228 1657 1283 commiscetur
1685 1226 1865 1281 anima
1886 1226 2110 1296 physice
2141 1238 2237 1294 per

658 1317 1133 1387 compositionem,
1166 1328 1221 1373 et
1252 1332 1357 1373 non
1396 1333 1461 1373 ex
1484 1316 1763 1387 proposito
1793 1315 2001 1387 dirigit.
2035 1306 2261 1384 Quem?

660 1407 949 1463 admodum
1008 1408 1154 1463 enim
1194 1408 1363 1465 solem
1417 1407 1753 1478 impossibile
1797 1416 1885 1464 est
1934 1407 2231 1479 fulgentem

661 1482 767 1552 non
796 1495 851 1553 id
874 1496 1182 1554 illuminare
1224 1512 1385 1566 super
1414 1501 1560 1568 quod
1605 1496 1843 1568 fulgores
1881 1498 2129 1563 irradiat,
2158 1498 2238 1553 sic

660 1587 899 1644 animam
929 1589 1259 1659 impossibile
1273 1596 1355 1645 est
1390 1604 1497 1644 non
1512 1590 1755 1645 animare
1776 1599 1831 1645 et
1853 1589 2033 1644 vivum
2057 1588 2239 1644 facere

660 1694 861 1752 corpus
881 1681 968 1736 cui
997 1682 1157 1735 inest.
1187 1680 1620 1751 Contemplativa
1643 1690 1821 1735 autem
1856 1681 1940 1735 vis
1968 1682 2019 1735 in
2043 1696 2238 1749 propo-

580 1844 583 1847 _
661 1772 770 1829 aito
819 1781 1026 1827 motum
1072 1771 1258 1827 habet.
1303 1771 1515 1827 Etenim
1547 1772 1791 1842 corporis
1822 1771 2039 1841 quidem
2091 1772 2237 1827 visus

659 1860 874 1925 oculos,
908 1861 1105 1916 anima:
1150 1875 1278 1916 vero
1322 1862 1470 1916 visus
1527 1860 1630 1931 ipsi
1672 1860 1856 1917 innata
1904 1875 2098 1929 mens;
2141 1863 2237 1916 sed

661 1965 770 2006 non
799 1952 937 2007 sicut
971 1951 1115 2007 aliud
1156 1952 1210 2006 in
1254 1950 1382 2016 alio,
1420 1951 1515 2013 sed
1562 1965 1729 2006 unum
1780 1950 2034 2022 idemque
2056 1952 2239 2006 anima

659 2051 746 2123 est
785 2050 843 2097 et
876 2057 1029 2101 mens
1076 2061 1091 2098 :
1150 2044 1233 2100 vis
1290 2045 1535 2115 quaedam
1592 2043 1837 2116 physica,
1881 2060 1980 2101 nec
2037 2044 2237 2101 rationi

658 2135 855 2191 anima:
880 2145 1160 2193 extranea.
1195 2153 1215 2187 ε

730 2313 1093 2371 Aristoteles:
1136 2332 1158 2367 ι
1208 2312 1380 2382 Mens,
1425 2322 1694 2383 quatenus
1739 2323 1820 2370 est
1852 2312 2107 2381 facultas,
2131 2329 2239 2370 una

660 2420 784 2460 cum
813 2405 1033 2461 homine
1066 2406 1311 2461 nascitur
1335 2405 1542 2471 ;activa
1571 2412 1754 2461 autem
1784 2404 1856 2460 ab
1885 2414 2039 2460 extra
2062 2406 2115 2459 in
2142 2420 2242 2461 nos

660 2496 762 2552 sub
788 2496 952 2561 intra,
982 2506 1039 2551 et
1062 2504 1265 2551 naturae
1297 2495 1580 2552 scientiam
1611 2505 1668 2551 et
1697 2494 2060 2565 eogtiitionem
2112 2511 2238 2565 pro-

662 2587 827 2642 vehit.
871 2586 1009 2660 Ergo
1069 2603 1225 2644 mens
1277 2599 1463 2642 nostra
1500 2587 1801 2657 perfectum
1855 2588 1985 2657 quid
2043 2596 2128 2643 est
2185 2595 2239 2642 et

659 2676 990 2747 principale;
1022 2678 1116 2732 sed
1167 2678 1357 2732 animm
1385 2687 1443 2732 et
1470 2678 1713 2747 corporis
1765 2692 1862 2749 per
1913 2678 2154 2733 scientia:
2186 2686 2241 2733 et

658 2768 1114 2823 considerationis
1151 2783 1517 2839 progressum.
1556 2788 1575 2821 ι

734 2946 889 3001 Plato
927 2955 1108 3002 autem
1159 2947 1339 3001 dicere
1384 2961 1492 3001 non
1534 2947 1768 3011 videtur,
1794 2946 2069 3000 hominem
2117 2960 2241 3001 esse

661 3045 954 3106 utrumque
1007 3036 1244 3090 animam
1274 3045 1328 3089 et
1360 3050 1578 3104 corpus,
1604 3036 1701 3091 sed
1728 3037 1966 3089 animam
1994 3035 2084 3091 tali
2115 3050 2238 3090 cor—

660 3141 792 3197 pore
838 3136 1101 3190 utentem,
1137 3127 1549 3182 convenientius
1598 3126 1983 3197 philos0phans
2039 3128 2108 3183 de
2139 3129 2237 3182 ho-

663 3219 831 3282 mine,
857 3228 911 3272 et
938 3232 1037 3273 nos
1068 3232 1326 3273 revocans
1368 3218 1435 3272 ad
1475 3217 1644 3273 solam
1680 3219 1874 3273 anima:
1901 3218 2238 3274 divinitatem

640 3319 720 3374 et
754 3323 965 3373 curam,
1001 3318 1057 3363 ut
1096 3310 1187 3378 qui
1220 3309 1376 3363 nobis
1417 3310 1551 3378 ipsis
1592 3311 1829 3364 animum
1885 3324 2009 3365 esse
2058 3311 2246 3364 creda-

665 3416 808 3467 tuus,
843 3401 1038 3455 animae
1089 3401 1229 3455 bona
1284 3401 1654 3471 insequamur,
1689 3401 1919 3457 virtutes
1963 3411 2018 3455 et
2076 3401 2247 3472 pieta-

668 3504 802 3557 tem,
834 3506 932 3548 nee
964 3492 1211 3563 corporis
1269 3493 1746 3563 concupiscentias
1787 3494 2079 3562 diligamus
2127 3509 2247 3563 qtae

667 3600 777 3641 non
828 3584 1065 3640 hominis
1116 3594 1244 3640 sunt
1289 3586 1383 3641 sed
1430 3586 1682 3641 animalis
1727 3587 2103 3657 principaliter
2128 3586 2249 3657 qui-

669 3680 813 3745 dem,
846 3678 1165 3734 secundario
1204 3692 1333 3733 vero
1356 3678 1614 3733 hominis.

743 3853 900 3909 Hunc
925 3853 1101 3909 locum
1130 3856 1364 3924 quodam
1419 3856 1507 3911 die
1563 3856 1935 3926 philosophice
1964 3858 2058 3913 sed
2104 3859 2248 3913 male

674 3956 915 4001 tractans
941 3948 1340 4012 Ambraciotes,
1392 3962 1554 4017 quam
1595 3949 1861 4018 optimum
1892 3950 2089 4004 anima:
2140 3950 2247 4006 sita

672 4053 903 4108 corpore
950 4042 1242 4108 separatio,
1300 4040 1439 4095 saltu
1490 4042 1543 4095 in
1574 4045 1726 4097 ma‘re
1790 4056 1849 4097 se
1888 4041 2119 4113 proiecit
2165 4042 2247 4098 sui

675 4130 849 4199 ipsius
900 4130 1170 4185 homicida
1201 4132 1402 4199 factus,
1438 4132 1579 4188 sicut
1605 4132 1911 4203 Theologus
1949 4133 2247 4205 Gregorius

672 4225 750 4279 ait
782 4241 795 4278 :
826 4242 844 4275 ι
880 4224 1207 4279 Cleombroti
1233 4226 1597 4283 Ambraciotis
1620 4228 1791 4283 saltus
1817 4227 1872 4282 in
1905 4242 2159 4284 sermone
2184 4228 2252 4283 de

674 4317 852 4373 anima
880 4318 1256 4388 philosophice
1294 4328 1605 4386 tractatus,s
1643 4321 1784 4376 sicut
1814 4329 1870 4375 et
1901 4320 2029 4377 alibi
2069 4322 2200 4379 dicit
2232 4339 2246 4376 :

680 4427 699 4461 ι
746 4407 991 4479 Namque
1020 4410 1201 4463 anima
1236 4411 1451 4478 quidem
1488 4409 1723 4466 femineo
1753 4413 1974 4467 nomine
2002 4423 2250 4479 vocatur,

674 4503 745 4557 ab
776 4502 924 4556 omni
960 4515 1090 4556 vero
1144 4499 1376 4556 fetiiineo
1408 4516 1558 4556 more
1602 4512 1657 4557 et
1687 4510 1882 4557 natura
1914 4504 2188 4572 discrepat
2236 4523 2252 4561 :

2340 680 2483 733 κατά
2518 678 2751 749 μίμησιν
2784 676 2941 742 Θεοῦ,
2974 678 3051 740 ὡς
3076 676 3242 730 είκὼν
3272 670 3408 730 οὖσα
3441 674 3629 730 αὑτοῦ.
3663 677 3773 730 Καὶ
3805 678 3912 748 γὰρ

2337 768 2367 820 6
2398 766 2533 832 Θεὸς
2553 767 2748 830 διπλᾶς
2780 766 2895 837 ἔχει
2938 766 3039 829 τὰς
3069 765 3372 837 ἐνεργείας.
3404 765 3516 829 Τὰς
3552 764 3652 836 μιν
3680 781 3911 834 γνωστι-

2338 863 2444 926 κὰς
2476 863 2699 915 πάντων
2712 860 2824 913 τῶν
2850 859 3041 923 όντων,
3065 857 3166 920 τὰς
3187 856 3244 910 δὲ
3271 855 3643 927 προωητικάς
3672 856 3782 910 τῶν
3810 872 3911 910 κα-

2336 953 2709 1023 ταδεεστέρων
2736 950 2924 1023 ήμῶν·
2957 949 3131 1012 οὕτως
3153 947 3247 1002 οῦν
3274 949 3369 1002 καὶ
3393 947 3496 1018 τῆς
3521 946 3698 1019 ψυχῆς
3728 947 3915 1013 ,διτταί

2338 1048 2479 1101 είσιν
2512 1046 2818 1118 ενέργειαι·
2847 1045 2908 1099 αί
2944 1044 3047 1115 μὶν
3073 1042 3396 1111 γνωστικαὶ,
3429 1036 3545 1095 οἷον
3574 1041 3724 1107 νοῦς,
3757 1041 3910 1107 δόξα,

2336 1136 2569 1201 διάνοια,
2597 1134 2873 1205 φαντασία
2896 1149 2914 1166 ⁶
2965 1136 3023 1187 αί
3056 1133 3115 1187 δὲ
3157 1132 3390 1197 ζωτικαὶ
3429 1130 3524 1184 καὶ
3568 1130 3861 1201 ὀρεκτικαί
3893 1145 3909 1161 ο

2336 1223 2472 1290 οἷον,
2501 1227 2779 1298 βούλησις,
2820 1224 2992 1296 θυμὸς
3037 1224 3132 1277 καὶ
3163 1222 3449 1293 ἐπιθυμία.
3489 1221 3651 1275 Ἀλλά
3680 1221 3781 1293 τὴν
3815 1222 3913 1290 μιν

2338 1315 2582 1387 ζωτικὴν
2610 1317 2843 1387 δύναμιν
2868 1312 3342 1384 επισυγκέκραται
3363 1309 3443 1383 τῷ
3463 1310 3678 1381 σώματι
3710 1312 3745 1381 ἡ
3765 1308 3913 1379 ψυχὴ

2338 1407 2589 1481 φυσικῶς
2611 1407 2703 1462 διὰ
2717 1406 2815 1478 τὴν
2840 1405 3175 1477 σύγκρασιν,
3203 1404 3299 1457 καὶ
3325 1404 3428 1456 οὐκ
3449 1403 3517 1456 εκ
3536 1401 3913 1472 προαιρέσεως

2338 1502 2587 1573 χορηγεῖ.
2623 1500 2838 1569 Ὠσπερ
2864 1496 2975 1568 γὰρ
3002 1496 3156 1566 ἥλιον
3179 1496 3279 1566 οὐχ
3299 1489 3411 1551 οἷόν
3433 1510 3496 1547 τε
3525 1492 3915 1562 έπιλάμψαντα

2343 1594 2419 1665 μὴ
2450 1592 2687 1663 φωτίσαι
2725 1590 2887 1645 τοῦτο
2917 1589 3041 1643 καθ’
3073 1582 3135 1643 οῦ
3166 1588 3266 1651 τὰς
3309 1586 3483 1654 αὐγὰς
3506 1577 3761 1656 ἤνεγκεν,
3789 1581 3914 1636 οὔτε

2338 1686 2522 1755 ψυχὴν
2576 1683 2862 1754 ἀμήχανον
2918 1680 2995 1752 μὴ
3044 1679 3337 1747 ζωογονεῖν
3377 1677 3472 1729 καὶ
3519 1676 3807 1738 ζωοποιεῖν
3856 1672 3919 1726 τὸ

2342 1775 2524 1845 σῶμα,
2551 1767 2597 1842 ᾧ
2653 1772 2720 1829 ἂν
2764 1771 3078 1841 ἐγγένηται.
3114 1769 3181 1823 Ἦ
3231 1768 3290 1823 δὲ
3328 1766 3646 1839 θεωρητικὴ
3685 1764 3917 1834 δύναμις

2343 1866 2401 1917 εν
2433 1863 2757 1935 προαιρέσει
2818 1860 2933 1931 εχει
2969 1860 3069 1931 τὴν
3131 1859 3368 1929 κίνησιν.
3404 1857 3603 1927 Βλέψις
3658 1854 3761 1927 μεν
3802 1854 3915 1925 γὰρ

2342 1954 2440 2009 τοῦ
2459 1954 2712 2023 σώματος
2728 1953 3031 2024 ὀφθαλμὸς,
3046 1953 3238 2023 ὅρασις
3248 1950 3305 2004 δὲ
3322 1949 3423 2020 τῆς
3433 1948 3613 2019 ψυχῆς
3626 1950 3654 2001 6
3667 1946 3921 2017 συμφυὴς

2345 2046 2484 2115 αὐτῇ
2514 2043 2641 2109 νοῦς
2661 2062 2674 2077 ·
2709 2044 2827 2099 ἀλλ’
2853 2044 2953 2114 οὐχ
2985 2044 3063 2107 ῶς
3088 2042 3276 2113 ἕτερον
3298 2042 3356 2094 εν
3386 2039 3583 2110 ἑτέρῳ,
3614 2036 3756 2092 ἀλλὰ
3784 2037 3919 2091 ταύ-

2344 2136 2435 2191 τδν
2459 2136 2607 2208 ψυχή
2635 2153 2695 2190 τε
2720 2136 2815 2190 καὶ⁵
2851 2134 2979 2200 νοῦς
2997 2150 3011 2165 ·
3042 2133 3272 2205 δύναμις
3310 2132 3575 2202 ὑπάρχων
3603 2129 3812 2200 φυσική
3840 2144 3922 2191 τις

2344 2228 2441 2283 καὶ
2464 2229 2565 2282 οὐκ
2595 2227 2927 2291 ἐπείσακτος
2953 2224 3032 2297 τῷ
3060 2223 3359 2296 λογιστικῷ
3384 2222 3486 2291 τῆς
3516 2220 3719 2292 ψυχῆς.
3754 2238 3776 2271 ι

2430 2318 2489 2375 '0
2534 2318 2595 2374 δὲ
2662 2318 3067 2390 ’Δριστοτέλης,
3128 2334 3148 2369 ε
3193 2317 3300 2371 Τδν
3357 2316 3459 2387 μὲν
3514 2314 3744 2384 δυνάμει
3796 2309 3920 2365 νοῦν

2347 2410 2899 2482 συγκατεσκευάσθαι
2956 2410 3035 2480 τῷ
3064 2408 3339 2480 ἀνθρώπῳ
3359 2424 3375 2439 ·
3402 2407 3497 2461 τὸν
3543 2406 3602 2460 δε
3653 2402 3854 2475 ὲνεργῆ
3874 2401 3921 2433 ⁶⁹

2346 2504 2581 2576 θύραθεν
2604 2506 2739 2575 ἡμῖν
2772 2503 3104 2565 ύπεισιέναι,
3131 2502 3249 2557 ἀλλ’
3272 2502 3355 2565 είς
3376 2497 3661 2571 προκοπὴν
3684 2496 3784 2568 τῆς
3812 2494 3923 2551 τῶν

2346 2597 2596 2668 φυσικῶν
2617 2596 2875 2667 γνώσεως
2904 2596 3001 2651 καὶ
3038 2593 3273 2666 θεωρίας
3311 2591 3759 2664 συμϐαλλόμενον
3786 2604 3802 2620 ·
3828 2586 3922 2642 τέ·-

2343 2688 2492 2742 λειον
2530 2684 2627 2741 οὖν
2655 2688 2685 2741 6
2712 2685 2987 2758 ἡμέτερος
3027 2682 3153 2745 νοῦς
3179 2682 3275 2737 καὶ
3324 2677 3655 2753 ἡγεμονικόν
3677 2677 3723 2710 ⁸³
3746 2691 3761 2707 ⁸
3782 2674 3922 2730 ἀλλὰ

2346 2780 2522 2851 ψυχῆς
2552 2778 2649 2832 καὶ
2678 2777 2931 2848 σώματος
2960 2774 3050 2829 διὰ
3077 2776 3179 2843 τὴν
3207 2770 3497 2843 προκοπὴν
3534 2768 3636 2839 τῆς
3666 2764 3923 2838 γνώσεως

2347 2870 2444 2925 καὶ
2474 2868 2734 2939 θεωρίας.
2776 2886 2795 2919 ι

2416 2960 2647 3015 Πλάτων
2678 2959 2735 3012 δὲ
2761 2957 2821 3011 οὒ
2845 2957 2997 3010 δοκεῖ
3020 2955 3225 3023 λέγειν,
3256 2954 3350 3007 τὸν
3371 2952 3664 3022 ἄνθρωπον
3695 2945 3838 3003 εἶναι
3859 2945 3923 3001 τὺ

2347 3048 2758 3119 συναμφότερον
2782 3044 2961 3116 ψυχὴν
3012 3044 3107 3098 καὶ
3136 3043 3319 3114 σῶμα,
3352 3041 3488 3096 ἀλλά
3508 3039 3688 3111 ψυχὴν
3710 3038 3923 3110 σώματι

2344 3136 2535 3209 τοιῷδε
2558 3138 2873 3208 χρωμένην,
2902 3135 3399 3206 ἀξιοπρεπέστερον
3421 3130 3832 3201 φανταζόμενος
3854 3127 3924 3183 τὰ

2350 3231 2491 3286 κατά
2518 3229 2611 3283 τὸν
2668 3227 2992 3297 ἄνθρωπον·
3046 3227 3143 3281 καὶ
3192 3224 3356 3289 αὐτὸς
3393 3223 3542 3295 ἡμᾶς
3576 3219 3923 3292 ἐπιστρέφων

2346 3320 2439 3373 ἐπὶ
2464 3317 2565 3389 τὴν
2612 3317 2711 3387 τῆς
2749 3316 2929 3385 ψυχῆς
2963 3316 3135 3387 μόνην
3166 3312 3422 3383 θειότητα
3451 3312 3548 3366 καὶ
3572 3309 3919 3381 ἐπιμέλειαν,

2350 3407 2437 3461 ἵνα
2481 3406 2579 3477 τὴν
2612 3405 2794 3475 ψυχὴν
2846 3405 3065 3467 ἑαυτοῖς
3107 3398 3249 3456 εἷναι
3303 3400 3675 3465 πιστεύοντες,
3708 3400 3782 3453 τὰ
3822 3397 3923 3468 τῆς

2346 3495 2531 3567 ψυχῆς
2575 3494 2761 3562 ἀγαθὰ
2800 3492 3252 3564 μεταδιώκωμεν,
3291 3492 3392 3556 τὰς
3420 3491 3623 3563 ἀρετὰς
3677 3490 3774 3544 καὶ
3824 3489 3925 3562 τὴν

2351 3588 2635 3643 εὐσέϐειαν
2654 3604 2669 3619 ο
2706 3587 2799 3641 καὶ
2831 3586 2907 3658 μὴ
2932 3587 3030 3649 τὰς
3058 3586 3152 3639 τοῦ
3180 3584 3435 3655 σώματος
3456 3582 3760 3653 ἐπιθυμίας
3788 3584 3917 3651 ἀγα-

2351 3681 2643 3751 πήσωμεν,
2676 3677 2753 3740 ὡς
2782 3677 2884 3730 οὐκ
2913 3676 3082 3740 οὔσας
3123 3674 3446 3747 ἀνθρώπου,
3477 3673 3617 3729 ἀλλά
3647 3672 3790 3737 ζώου
3824 3673 3923 3744 μὲν

2351 3772 2801 3844 προηγουμένωςι
2838 3770 3127 3843 ἀνθρώπου
3163 3770 3219 3824 δὲ
3250 3768 3553 3841 ἑπομένως.

2358 3856 2369 3869 “
2421 3864 2622 3917 Τοῦτον
2682 3863 2772 3917 τὸν
2821 3862 2980 3932 λόγον
3036 3861 3407 3933 φιλοσοφήσας
3469 3860 3604 3915 ποτὲ
3664 3861 3851 3924 κακῶς
3894 3863 3924 3914 6

2364 3952 2904 4026 ’Δμϐρακίώτης,ὠς
2935 3954 3162 4025 ἄμεινόν
3179 3954 3297 4006 ἔστι
3320 3955 3387 4024 τῇ
3409 3953 3556 4023 ψυχῇ
3587 3954 3615 4006 ὁ
3644 3952 3924 4023 χωρισμὸς

2351 4046 2447 4101 τοῦ
2482 4046 2757 4116 σώματος,
2789 4046 3017 4117 πήδημα
3056 4046 3378 4111 ἀπετέλεσε,
3414 4046 3578 4115 φόνου
3607 4044 3788 4116 ἐαυτῷ
3832 4062 3925 4114 γε-

2354 4141 2579 4211 νόμενος
2605 4139 2801 4203 αἴτιος.
2837 4137 3023 4201 καθὼς
3065 4140 3093 4191 6
3126 4138 3389 4207 Θεολόγος
3406 4137 3712 4208 Γρηγόριός
3743 4155 3881 4208 φησι
3904 4154 3919 4169 ·

2360 4251 2379 4285 ι
2411 4233 2485 4286 Τὸ
2506 4231 2893 4302 Κλεομϐρότου
2924 4230 3157 4301 πήδημα
3179 4229 3274 4283 τοῦ
3325 4229 3741 4300 ’Δμϐρακιώτου
3780 4230 3841 4283 τὸ
3866 4230 3925 4282 ἑν

2352 4321 2431 4394 τῷ
2460 4322 2591 4393 περὶ
2618 4321 2800 4392 ψυχῆς
2829 4321 2975 4390 λόγῳ
3006 4321 3369 4390 φιλοσοφηθὲν
3406 4339 3452 4385 ι,
3474 4319 3551 4383 ὡς
3578 4319 3669 4374 καὶ
3690 4318 3923 4390 ἀλλαχοῦ

2357 4430 2528 4487 φησι·
2578 4431 2597 4465 ι
2632 4413 2794 4483 Ψυχὴ
2831 4412 2929 4482 μὲν
2984 4411 3094 4481 γὰρ
3138 4411 3365 4481 ὀνόματι
3387 4410 3626 4482 ⁵θηλυκῷ
3656 4426 3927 4483 προσαγο-

2358 4510 2597 4583 ρεύεται,
2625 4506 2809 4575 πάσης
2838 4506 2894 4559 δὲ
2921 4503 3317 4576 θηλυδριώδους
3345 4504 3563 4573 φύσεως
3588 4502 3927 4575 ἀφέστηκεν·

674 4608 777 4648 nec
799 4592 1176 4657 masculinum,
1200 4608 1298 4647 nec
1316 4591 1607 4647 femineum
1634 4594 1761 4662 quid
1787 4594 2022 4650 essentia
2048 4596 2210 4651 habet
2236 4613 2244 4649 :

2359 4599 2481 4654 οὔτε
2512 4598 2703 4670 ἀρῥεν,
2733 4596 2859 4650 οὔτε
2881 4597 3018 4666 θῆλυ
3044 4596 3165 4651 κατ’
3188 4595 3383 4649 οὐσίαν
3410 4594 3753 4665 ὑπάρχουσα.
3785 4594 3929 4648 Ἀλλ’

670 4686 819 4755 Deos
850 4686 1068 4754 quidem
1113 4688 1163 4739 ei
1218 4685 1399 4739 lumen
1429 4701 1585 4740 suum
1620 4686 1888 4749 immittit.
1918 4688 2030 4753 ipsa
2068 4699 2249 4743 autem

677 4772 1013 4829 illuminatur
1046 4774 1227 4842 :quod
1255 4773 1399 4827 enim
1426 4776 1777 4830 sensibilibus
1808 4776 1911 4842 sol,
1956 4778 2058 4831 hoc
2087 4778 2251 4846 spiri-

680 4864 911 4919 tualihus
940 4875 1020 4919 est
1056 4866 1197 4919 Deus
1223 4879 1237 4917 :
1270 4865 1534 4921 visibilem
1564 4868 1650 4921 ille
1680 4869 1940 4922 mundum
1963 4868 2255 4934 illuminat,

681 4955 771 5010 hic
800 4955 1146 5011 invisiliilem.
1182 4954 1479 5011 Invisibilis
1500 4974 1627 5028 ergo
1677 4960 1883 5014 anima.
1909 4958 2027 5013 Non
2068 4961 2178 5014 Deo
2203 4970 2257 5015 ct

678 5048 907 5117 angelis,
940 5046 1034 5103 sed
1067 5048 1221 5102 nobis
1250 5051 1502 5104 omnibus
1529 5051 1640 5103 luto
1668 5051 1971 5120 plasmatis,
1998 5052 2090 5121 qui
2120 5066 2244 5121 par-

681 5154 779 5192 vus
831 5140 1199 5208 unusquisque
1251 5142 1480 5195 mundus
1529 5142 1703 5196 vocati
1727 5158 1915 5199 sumus
1964 5160 1978 5197 :
2017 5144 2253 5197 mundus

680 5238 859 5283 autem
904 5240 1098 5284 cuneta
1136 5232 1187 5284 in
1229 5246 1287 5285 se
1339 5234 1594 5301 disposita
1654 5242 1709 5287 ct
1746 5234 1994 5288 ordinata
2050 5235 2253 5301 habet;

684 5322 940 5376 mundum
979 5337 1105 5377 vero
1135 5339 1359 5392 parvum
1391 5326 1664 5383 hominem
1695 5325 1901 5393 dicunt,
1931 5327 2151 5383 relative
2189 5327 2256 5381 ad

684 5416 997 5468 sensibilem
1030 5425 1085 5467 et
1119 5430 1368 5485 magnum
1404 5418 1683 5472 mundum.
1732 5421 1987 5473 Attamen
2030 5434 2259 5489 magnus

686 5506 786 5559 iste
824 5505 949 5561 licet
1011 5507 1083 5560 sit
1109 5516 1163 5561 et
1216 5507 1499 5561 laudabilis
1550 5519 1605 5563 et
1662 5508 1758 5563 Dei
1800 5509 2039 5579 gloriam-
2072 5521 2261 5579 poten-

687 5597 923 5666 tiamque
951 5614 1217 5654 enarratis
1250 5609 1303 5653 et
1332 5602 1532 5657 docens
1561 5601 1802 5671 quotidie
1860 5612 2113 5671 tanquam
2144 5603 2255 5658 lau-

2353 4693 2381 4744 6
2418 4692 2516 4761 μὲν
2558 4690 2694 4753 Θεὸς
2740 4688 3043 4759 ἐπιλάμπει
3093 4687 3232 4759 αύτῇ
3287 4686 3381 4740 τὸν
3430 4685 3737 4756 φωτισμὸν,
3779 4687 3814 4757 ἡ
3867 4686 3925 4740 δὲ

2354 4782 2730 4853 ὲπιλάμπεται
2752 4796 2765 4810 ·
2798 4782 2938 4852 ὅπερ
2984 4781 3094 4852 γάρ
3127 4780 3243 4832 ἐστι
3276 4780 3392 4843 τοῖς
3435 4778 3716 4849 αίσθητοῖς
3747 4777 3927 4847 ἥλιος,

2354 4874 2515 4927 τοῦτο
2542 4877 2658 4937 τοῖς
2682 4874 2893 4942 νοητοῖς
2925 4871 3059 4935 Θεός
3088 4888 3102 4901 ·
3136 4872 3163 4923 6
3202 4870 3301 4940 μὲν
3352 4870 3461 4940 γὰρ
3505 4868 3598 4923 τὸν
3648 4866 3930 4939 ὁρώμενον

2357 4966 2561 5034 κόσμον
2600 4963 2846 5032 φωτίζει,
2875 4965 2903 5017 6
2934 4963 2993 5015 δὲ
3020 4962 3109 5015 τὸν
3156 4963 3390 5033 ἀόρατον
3418 4978 3433 4993 ·
3466 4961 3701 5031 ἀόρατος
3735 4960 3843 5031 ἀρα
3896 4961 3930 5031 ἠ

2359 5059 2526 5129 ψυχὴ,
2560 5057 2684 5128 οὐχὶ
2732 5056 2809 5127 τῷ
2841 5054 2962 5127 Θεῷ
2996 5055 3091 5110 καὶ
3123 5054 3402 5123 ἀγγέλοις,
3430 5054 3544 5107 ἀλλ’
3574 5055 3707 5123 ἡμῖν
3728 5056 3837 5114 τοῖς
3868 5053 3931 5105 ὲκ

2363 5147 2541 5217 πηλοῦ
2576 5147 2713 5200 πᾶσι
2739 5145 3172 5217 διηρτισμένοις·
3205 5144 3254 5196 οἱ
3283 5142 3341 5197 δὲ
3387 5141 3584 5214 μικρὸν
3615 5144 3644 5195 6
3681 5140 3801 5194 καθ’
3832 5140 3929 5193 ινα

2363 5240 2766 5310 ὠνομάσθημεν
2794 5237 3024 5307 κόσμος·
3076 5236 3282 5306 κόσμος
3328 5233 3406 5298 δὲ,
3450 5235 3477 5287 6
3505 5234 3683 5287 πάντα
3716 5234 3772 5285 ὲν
3800 5232 3927 5285 ἑαυ-

2365 5332 2444 5403 τῷ
2462 5330 2863 5400 διατεταγμένα
2886 5328 3025 5399 ἔχων
3048 5329 3142 5382 καὶ
3187 5325 3579 5397 κεκοσμημένα
3603 5344 3616 5355 -
3649 5324 3851 5393 κόσμον
3869 5323 3924 5376 δὲ

2371 5423 2568 5492 μικρὸν
2595 5422 2687 5473 τὸν
2706 5420 2991 5489 ἄνθρωπον
3016 5419 3285 5487 λέγουσιν,
3304 5415 3380 5479 ὡς
3406 5415 3543 5487 πρὸς
3560 5414 3651 5468 τὸν
3671 5413 3926 5481 αἰσθητὸν

2364 5512 2551 5565 τοῦτον
2572 5513 2668 5565 καὶ
2698 5511 2890 5581 μέγαν.
2922 5511 3069 5581 Πλὴν
3096 5508 3212 5562 ἀλλ’
3241 5511 3289 5561 εί
3317 5508 3411 5560 καὶ
3437 5509 3606 5576 μέγας
3631 5499 3787 5567 οὗτός
3813 5504 3930 5557 ἔστι

2364 5605 2457 5657 καὶ
2485 5602 2790 5666 ἐπαινετὸς,
2816 5600 2908 5655 καὶ
2930 5602 3029 5671 τῆς
3050 5600 3145 5654 τοῦ
3175 5598 3312 5654 Θεοῦ
3342 5597 3500 5669 δόξης
3528 5600 3623 5651 καὶ
3651 5596 3930 5666 δυνάμεως

757 5793 801 5871 ξ²
832 5793 1179 5871 τὸν-δεὲνερ,
1233 5799 1294 5851 Α.
1325 5800 1574 5870 ἐνεργείᾳ
1607 5801 1661 5855 Ρ,
1744 5801 1787 5834 ⁸³
1816 5802 2120 5855 Quantam:
2148 5799 2361 5865 δοξάζει
2388 5802 2483 5855 οὐκ
2524 5803 2601 5865 εἰς
2627 5801 2684 5854 τὸ
2720 5794 2859 5853 εἶναι
2894 5800 2993 5870 τὴν
3023 5796 3263 5871 ῦπαρξιν
3285 5795 3377 5850 τοῦ
3419 5793 3710 5866 ἀνθρώπου
3745 5808 3928 5847 συντε-

694 5862 883 5917 λοῦντα.
913 5866 1025 5918 ἀλλ’
1051 5862 1140 5926 εἰς
1162 5867 1215 5921 ι’.
