4178 6448
229 432 361 493 1801

1472 439 1561 496 DE
1600 442 1891 501 NATURA
1930 448 2247 511 HOMINIS.

3383 456 3528 517 1309.

225 547 524 621 ὑφηγητὴς
556 546 651 602 καὶ
697 546 1019 612 διδάσκαλος
1064 546 1187 601 καθ’
1219 548 1461 621 ἑκάστην
1499 551 1575 615 ὡς
1596 554 1819 609 ὲπαινέ-

1930 563 2088 618 dator
2120 564 2286 621 silens
2319 580 2642 636 magnorum
2672 581 2902 638 operum
2935 576 2989 621 et
3019 581 3212 637 magna
3255 580 3388 622 voce
3409 570 3526 624 cla-

227 659 332 715 της
351 641 520 713 σιγῶν
549 642 650 707 τὰς
673 642 1088 713 μεγαλουργίας
1118 641 1213 697 καὶ
1241 642 1572 714 διαπρύσιος
1602 648 1781 719 κῆρυξ
1804 663 1817 677 .

228 733 372 790 ἀλλὰ
421 733 749 806 ἀτιμότερος
802 733 1136 805 τοῦμικροῦ
1197 735 1294 788 καὶ
1352 734 1619 806 αἰσθητοῦ
1680 741 1821 794 κατὰ

229 824 371 880 πολὺ
397 826 666 899 ὑπάρχει·
694 823 771 888 ὠς
791 826 821 880 6
847 826 949 897 μὲν
977 824 1318 896 αἰσθητικδς,
1346 828 1394 881 -δ
1430 827 1488 880 δὲ
1518 829 1778 901 αἰσθητός
1803 847 1818 863 ·

228 916 326 970 καὶ
360 918 388 970 6
418 916 517 986 μὲν
546 914 735 981 ἀκτδς,
762 917 791 969 6
811 914 870 968 δὲ
898 915 1281 984 αὑτεξοὺσιος⁶
1342 917 1437 971 καὶ
1461 921 1489 972 6
1541 920 1641 989 μὲν
1671 921 1824 986 ξένος

225 1005 392 1071 Θεοῦ,
427 1007 504 1069 ὡς
523 1005 631 1060 ὑπὸ
664 1006 763 1078 τὴν
810 1007 1090 1079 αἴσθησιν,
1124 1009 1153 1061 6
1185 1008 1245 1061 δὲ
1294 1009 1500 1074 οἰκεῖος
1546 1011 1668 1083 Θεῷ
1724 1014 1822 1067 καὶ

230 1100 429 1168 νοερᾶς
450 1096 671 1167 φύσεως
695 1114 710 1130 ·
751 1099 849 1154 καὶ
887 1099 964 1163 ὡς
997 1101 1192 1171 κρᾶμα
1223 1100 1283 1166 ἐξ
1323 1102 1664 1173 ἀμφοτέρω,
1714 1106 1817 1158 καὶ

230 1189 429 1258 σοφίας
464 1189 716 1260 μείζονος
742 1187 1059 1262 γνώρισμα,
1086 1193 1183 1246 καὶ
1210 1194 1311 1264 τῆς
1342 1195 1472 1263 περὶ
1491 1193 1591 1258 τὰς
1626 1196 1821 1263 φύσεις

226 1279 607 1344 πολυτελείας.
640 1280 753 1335 Καὶ
771 1280 847 1344 ὡς
866 1281 895 1333 6
930 1281 1028 1352 μὲν
1060 1281 1265 1353 κόσμος
1296 1284 1461 1337 ἕνεκα
1486 1284 1583 1338 τοῦ
1603 1285 1820 1357 ἀνθρώ-

226 1388 339 1426 mu
361 1386 378 1402 °
411 1373 441 1426 6
466 1372 755 1441 ἄνθρωπος
785 1371 867 1439 δὲ,
909 1374 998 1428 ἵνα
1023 1374 1277 1447 μένῃκαὶ
1306 1374 1511 1450 δοξάζῃ
1535 1377 1629 1431 τὸν
1657 1378 1817 1450 εὑερ-

224 1462 418 1534 γέτην.
450 1462 512 1516 Ei
540 1463 599 1517 δὲ
624 1461 736 1532 ἐγὼ
776 1463 877 1534 μὲν
926 1466 1009 1529 είς
1047 1465 1209 1531 δόξαν
1242 1467 1404 1532 θεοῦ,
1447 1472 1476 1523 6
1515 1471 1723 1540 κόσμος
1760 1471 1818 1524 δὲ

225 1550 298 1603 δι’
325 1550 448 1621 ἐμὲ,
469 1550 546 1614 ὡς
574 1552 607 1623 ἠ
639 1552 956 1623 πυράτρα⁸⁸
978 1552 1069 1608 διὰ
1098 1555 1195 1627 τὴν
1231 1555 1475 1627 ἄμαξαν,
1524 1559 1557 1630 ἢ
1589 1561 1619 1613 6
1646 1560 1823 1632 πρίων

224 1637 319 1692 διὰ
351 1638 453 1708 τὴν
492 1638 686 1711 Θὺραν,
741 1642 771 1694 6
810 1640 1075 1710 Θεολόγος
1118 1646 1280 1712 φησι,
1320 1646 1459 1699 νικῶ
1513 1649 1581 1719 τῇ
1632 1647 1820 1720 altiq-

226 1727 357 1779 ὅσον
382 1725 495 1799 γὰρ
532 1728 854 1799 κτισμάτων
887 1730 1022 1793 Θεὸς
1042 1731 1402 1804 ὑψηλότερος,
1432 1735 1692 1790 τοσοῦτον
1724 1736 1821 1791 τοῦ

223 1814 318 1870 διά
343 1816 480 1870 Θεὸν
536 1817 877 1882 ὑποστάντος
930 1819 1095 1890 εμοῦ,
1126 1821 1188 1874 τὸ
1225 1820 1294 1876 δι’
1348 1824 1453 1895 ἐμὲ
1519 1825 1821 1896 γενόμενον

225 1907 583 1980 ἀτιμότερον·
619 1908 682 1964 τὸ
725 1910 835 1982 γὰρ
891 1904 956 1965 οὗ
997 1910 1167 1967 ἓνεκα
1209 1913 1307 1967 τοῦ
1366 1915 1535 1972 ἓνεκα
1572 1917 1693 1985 τοῦ,
1728 1918 1825 1973 καὶ
1858 1918 1901 1973 Β

226 1996 424 2068 μεῖζον
447 1999 544 2054 καὶ
566 1998 924 2073 τιμιώτερον.
968 2019 988 2054 ι
1656 2050 1687 2095 \

297 2177 644 2249 Σημαντικδς
666 2178 725 2233 δέ
756 2179 910 2234 ιστιν
930 2181 958 2235 6
983 2179 1275 2254 ἄνθρωπος
1303 2184 1417 2237 τῶν
1445 2185 1542 2239 δύο
1573 2186 1822 2259 κόσμων,

222 2270 324 2327 τοῦ
360 2270 563 2343 δρατοῦ
595 2272 692 2327 καὶ
719 2271 816 2328 τοῦ
844 2274 1105 2346 ἀοράτου,
1145 2278 1260 2342 τοῖς
1279 2280 1426 2333 νοεῖν
1450 2280 1782 2352 δυναμένοις
1805 2299 1819 2314 ·

224 2364 294 2418 ικ
313 2363 409 2419 δύο
438 2364 547 2437 γὰρ
586 2365 874 2434 σύγκειται
897 2366 1136 2437 φύσεων.
1178 2370 1323 2423 Ἀλλ’
1353 2372 1405 2424 εἰ
1437 2373 1534 2426 καὶ
1554 2373 1743 2439 διττὰς
1767 2376 1827 2429 ὲν

228 2455 411 2528 ἑαυτῷ
436 2456 677 2512 δεικνύει
704 2457 924 2530 φύσεις,
951 2460 1014 2515 οὑ
1040 2460 1137 2515 δύο
1159 2461 1353 2532 φύσεις
1400 2464 1572 2531 ἐστιν,
1608 2467 1727 2521 ἀλλ’
1761 2471 1828 2523 ὲκ

230 2548 344 2603 τῶν
368 2548 462 2603 δύο
487 2564 505 2582 ⁸
544 2549 621 2613 ὡς
666 2551 777 2622 γὰρ
812 2550 876 2605 τὸ
925 2552 1089 2623 σῶμα
1121 2554 1184 2607 τὸ
1237 2549 1351 2609 οἷον
1393 2552 1489 2611 οὖν
1531 2558 1825 2628 σύγκειται

231 2639 338 2710 μὶν
364 2639 430 2694 lx
458 2640 634 2711 πυρὸς
657 2641 751 2696 καὶ
774 2641 958 2713 ἀέρος,
994 2642 1189 2708 ὕδατος
1221 2646 1316 2699 καὶ
1348 2648 1454 2717 γῆς
1479 2664 1495 2679 ο
1524 2651 1626 2704 ούκ
1662 2650 1744 2704 ἑτι
1769 2650 1828 2704 δὲ

228 2729 293 2784 τὸ
320 2729 456 2784 αὑτὸ
491 2730 651 2800 σῶμα
682 2728 809 2800 πῦρ,
852 2730 1018 2804 εἴπῃς
1068 2730 1233 2803 εἶναι,
1267 2737 1379 2790 οὐδ’
1414 2734 1483 2792 αὖ
1508 2739 1669 2811 ἀέρα,
1700 2740 1827 2795 οὔτε

226 2837 284 2875 τι
305 2822 415 2876 τῶν
446 2820 624 2877 ἀλλων
659 2838 675 2855 ο
708 2822 847 2878 ἀλλὰ
875 2824 1083 2879 τοιόνδε
1136 2844 1211 2893 τι,
1265 2828 1418 2883 λίθον
1447 2832 1614 2902 τυχὸν
1666 2834 1698 2905 ἢ
1732 2833 1827 2901 ξύ-

228 2912 324 2968 λον
357 2931 374 2947 ο
414 2914 619 2986 ὁμοίως
654 2917 750 2970 καὶ
778 2916 842 2970 τὸ
882 2916 1044 2988 σῶμα
1073 2919 1137 2972 τὸ
1171 2920 1441 2992 ἔμψυχον,
1484 2926 1546 2978 τὸ
1607 2925 1830 2994 λογικὸν

231 3005 268 3076 ἢ
307 3005 526 3074 ἄλογον,
557 3008 655 3077 οὑχ
685 3001 848 3077 αἷμα,
873 3008 907 3079 ἢ
939 3011 1183 3081 φλέγμα,
1211 3012 1243 3083 ἢ
1272 3014 1403 3083 μίαν
1436 3015 1691 3079 καλέσεις
1719 3018 1831 3071 τῶν

233 3096 409 3167 χολῶν
434 3113 450 3128 ο
489 3098 552 3151 ού
589 3098 700 3169 γάρ
733 3116 785 3152 τι
820 3101 1018 3153 ταύτὸν
1070 3106 1184 3166 τοῖς
1237 3104 1296 3167 ἐξ
1333 3098 1408 3157 ὧν
1449 3108 1622 3161 ἐστιν.
1674 3109 1829 3161 Ἐπεὶ

233 3190 294 3245 δὲ
322 3188 577 3262 διάφορος
605 3192 634 3245 6
679 3191 840 3261 λόγος
894 3192 991 3246 τοῦ
1034 3212 1095 3248 τε
1140 3198 1535 3266 συγκειμένου,
1600 3200 1711 3253 τῶν
1767 3218 1828 3255 τε

1927 670 2082 709 mans
2137 672 2347 725 praaco,
2415 659 2585 713 multo
2636 659 2809 728 magis
2875 659 3143 730 inglorius
3193 668 3279 713 est
3355 672 3523 729 quam

1927 761 2125 814 parvus
2166 758 2219 802 et
2253 749 2500 804 sentiens
2535 750 2767 806 mundus
2804 768 2819 805 :
2857 750 2948 805 ille
2985 750 3209 820 quidem
3241 752 3346 804 sub
3389 764 3521 805 sen-

1925 852 2021 893 sus
2068 839 2236 903 cadit,
2291 840 2380 894 hic
2432 842 2701 897 sentiendi
2746 857 2954 911 capax;
3015 842 3104 896 ille
3159 843 3520 911 gubernatus,

1928 919 2015 984 hic
2043 930 2271 985 liberum
2304 931 2587 985 arbitrium
2635 934 2878 998 habens;
2907 932 3116 987 alienus
3146 931 3235 986 ilic
3266 948 3294 986 a
3327 933 3437 988 Deo
3464 942 3525 988 ut

1926 1025 2028 1076 sub
2065 1037 2261 1079 sensus
2284 1026 2508 1088 cadens,
2542 1025 2630 1079 hic
2658 1022 2769 1101 Deo
2800 1035 3063 1095 cognatus
3088 1033 3141 1079 et
3172 1024 3525 1084 intellectua-

1928 1114 1995 1169 lis
2024 1124 2263 1183 nalurte;
2286 1126 2349 1170 et
2380 1118 2536 1183 quasi
2594 1117 2879 1185 utriusque
2913 1126 3410 1186 temperamentum
3465 1127 3525 1172 ct

1928 1205 2210 1275 sapientia:
2274 1207 2522 1262 inel‘oris
2582 1223 2648 1263 ac
2697 1216 3021 1262 naturarum
3100 1208 3524 1276 magnificentia:

1928 1308 2333 1367 argumentum.
2373 1299 2438 1352 Et
2463 1300 2542 1354 sic
2570 1300 2808 1355 mundus
2834 1299 3075 1354 hominis
3126 1313 3315 1364 causa,
3358 1301 3523 1353 homo

1928 1403 2059 1443 vero
2109 1399 2166 1442 ut
2219 1389 2498 1446 adhaereat
2547 1392 2885 1447 benefactori
2927 1406 3165 1461 eumque
3226 1391 3522 1462 gloriﬁcet.

1927 1481 1984 1536 Si
2014 1490 2192 1536 autem
2224 1497 2327 1552 ego
2348 1485 2414 1538 ad
2443 1483 2537 1538 Dei
2564 1483 2794 1553 gloriam
2821 1493 2875 1539 et
2900 1485 3134 1538 mundus
3162 1492 3385 1553 propter
3411 1499 3519 1548 me,

1926 1573 2068 1629 sicut
2127 1572 2347 1643 forceps
2394 1586 2618 1645 propter
2652 1591 2900 1639 currum,
2956 1584 3049 1631 aut
3088 1592 3242 1631 serra
3293 1585 3524 1647 propter

1928 1673 2163 1733 portant,
2189 1665 2265 1721 ait
2292 1663 2635 1737 Tbeulogus;
2663 1682 2763 1736 ego
2788 1681 3011 1721 causam
3037 1667 3291 1734 obtineo;
3316 1674 3523 1736 quanto

1926 1755 2074 1809 enim
2093 1754 2361 1811 creaturis
2390 1758 2738 1825 praestantior
2761 1770 2847 1812 est
2876 1755 3037 1823 Deus,
3085 1766 3239 1813 tanto
3281 1757 3370 1811 illa
3402 1772 3524 1827 qua:

1929 1855 2153 1917 pr0pter
2182 1862 2270 1902 me
2308 1846 2450 1902 facta
2489 1857 2636 1914 sunt,
2672 1849 2866 1903 viliora
2903 1858 3032 1902 sunt
3079 1863 3244 1917 quam
3290 1863 3393 1919 ego
3425 1848 3520 1918 qui

1929 1946 2149 2008 propter
2176 1938 2343 1993 Deum
2368 1940 2577 1995 exsisto
2606 1958 2620 1995 :
2653 1956 2888 2010 namque
2918 1940 3114 1996 melius
3136 1950 3221 1996 est
3252 1952 3308 1996 et
3344 1940 3523 1995 bono-

1928 2028 2102 2083 ratius
2132 2029 2183 2083 id
2226 2039 2445 2100 propter
2480 2031 2623 2099 quod
2659 2031 2868 2100 aliquid
2896 2032 3136 2100 exsistit,
3176 2046 3342 2102 quam
3390 2030 3522 2086 illud

1927 2119 2070 2188 quod
2094 2127 2313 2189 propter
2330 2119 2475 2173 aliud
2503 2120 2742 2175 exsistit.
2776 2138 2797 2174 ι

1999 2207 2174 2266 llomo
2203 2227 2267 2267 eo
2285 2210 2431 2283 quod
2465 2211 2706 2283 cogitare
2734 2221 2934 2283 potest,
2955 2213 3024 2269 ad
3047 2214 3307 2270 mundum
3333 2213 3525 2270 visibi-

1928 2298 2033 2356 lem
2065 2315 2131 2357 ac
2161 2302 2491 2359 invisibilem
2531 2312 2785 2374 spectat:
2813 2306 3075 2361 cduabus
3128 2307 3274 2361 enim
3310 2305 3526 2361 naturis

1929 2394 2304 2453 constituitur.
2334 2392 2442 2450 Sed
2474 2395 2602 2450 licet
2638 2398 2776 2451 duas
2813 2396 2866 2450 in
2894 2410 2955 2452 se
2981 2396 3240 2452 ostendat
3268 2405 3523 2463 naturas,

1931 2499 2036 2538 non
2073 2493 2159 2539 est
2184 2495 2365 2541 tamen
2394 2494 2604 2541 natura:
2623 2488 2763 2551 dare,
2799 2486 2893 2541 sed
2923 2503 2954 2543 e
2984 2488 3231 2554 duabus;
3263 2504 3388 2542 nam
3417 2489 3526 2543 sic-

1931 2585 1992 2631 ut
2019 2589 2219 2646 corpus
2242 2576 2625 2649 qualecunque
2676 2578 3030 2635 constituitur
3049 2593 3117 2633 ex
3151 2578 3275 2647 igne
3297 2585 3352 2632 et
3373 2592 3527 2642 aere,

1930 2682 2070 2738 aqua
2103 2678 2159 2723 et
2199 2677 2384 2735 terra;
2437 2684 2537 2726 nec
2573 2679 2756 2727 tamen
2800 2671 2944 2727 idem
2972 2686 3173 2740 corpus
3216 2671 3368 2726 dices
3403 2683 3529 2726 esse

1932 2760 2135 2829 ignem,
2168 2776 2265 2816 nec
2296 2776 2444 2827 aera,
2473 2777 2574 2818 nec
2604 2763 2732 2832 quid
2758 2763 2931 2829 aliud,
2957 2764 3053 2819 sed
3089 2766 3195 2818 tale
3229 2763 3527 2832 quoddam,

1932 2850 2165 2920 lapidem
2199 2852 2350 2907 verbi
2398 2867 2566 2908 causa
2600 2862 2693 2908 aut
2732 2853 2940 2924 lignum
2975 2872 2988 2909 :
3032 2855 3290 2909 similiter
3314 2865 3378 2909 et
3405 2868 3531 2908 cor-

1932 2957 2033 3011 pus
2054 2943 2374 3009 auimatutn,
2407 2944 2674 3001 rationale
2698 2955 2793 3000 aut
2821 2945 3161 3013 irrationale,
3191 2960 3291 3001 nec
3314 2944 3533 3016 sangui-

1934 3049 2079 3101 nem,
2113 3052 2213 3090 nec
2248 3037 2523 3106 pltlegtna,
2560 3054 2661 3093 nec
2691 3037 2854 3093 bilem
2898 3038 3125 3093 vocabis
3159 3061 3173 3094 ;
3229 3055 3335 3093 non
3379 3038 3528 3092 enim

1934 3126 2076 3179 idem
2109 3140 2193 3181 cst
2227 3143 2292 3183 ac
2321 3144 2384 3181 ea
2415 3142 2478 3182 ex
2518 3130 2719 3198 quibus
2772 3138 3008 3183 constat.
3058 3129 3528 3194 Quemadmodum

1935 3224 2118 3271 autem
2156 3219 2515 3287 compositum
2554 3234 2582 3271 a
2615 3219 2781 3273 rebus
2811 3222 3270 3288 componentibus
3320 3216 3528 3283 differt,

235 3281 603 3337 συντεθέντων
628 3298 642 3313 ·
667 3282 841 3349 οὕτως
874 3287 969 3340 καὶ
1000 3288 1028 3340 6
1060 3286 1371 3355 ἄνθρωπος,
1396 3292 1446 3343 εἰ
1487 3292 1584 3344 καὶ
1614 3293 1680 3345 ἐκ
1724 3292 1822 3363 ψυς

1935 3308 2013 3363 sic
2039 3318 2095 3363 et
2134 3310 2317 3373 homo,
2352 3309 2479 3364 licet
2528 3325 2594 3364 ex
2635 3325 2819 3363 anuna
2880 3319 2935 3364 et
3001 3323 3233 3379 corpore
3284 3317 3526 3375 constat,

232 3369 340 3440 χῆς
366 3370 462 3423 καὶ
495 3369 751 3441 σώματος
785 3374 959 3437 ἐστιν,
1002 3376 1121 3429 ἀλλ’
1153 3376 1343 3445 ἕτερόν
1368 3382 1486 3433 ἐστι
1543 3383 1697 3452 παρὰ
1755 3384 1826 3438 τὰ

232 3460 295 3526 ἐξ
322 3452 400 3512 ὧν
428 3463 549 3515 ἐστι
574 3478 589 3493 ο
624 3462 719 3515 καὶ
750 3466 871 3517 κατ’
899 3464 1029 3519 ἄλλο
1056 3467 1155 3536 μὲν
1187 3468 1489 3538 λογίζεται,
1540 3475 1663 3526 κατ’
1696 3474 1827 3530 ἄλλο

230 3552 291 3606 δὲ
324 3552 387 3605 τὺ
419 3551 672 3622 λογισῡὲν
714 3556 964 3625 ἐνεργεῖ*
995 3557 1143 3630 ψυχῇ
1178 3560 1278 3629 μὲν
1326 3562 1436 3631 γὰρ
1484 3567 1648 3637 νοερᾷ
1679 3565 1828 3635 λογι-

231 3644 491 3716 σάμενος,
518 3648 567 3700 εἰ
590 3646 768 3716 τύχοι,
795 3648 891 3702 τοῦ
925 3650 1081 3704 οἴκου
1109 3653 1211 3723 τὴν
1247 3654 1525 3723 σύνθεσιν,
1576 3660 1739 3729 χερσὶ
1765 3660 1827 3714 τὸ

228 3737 427 3807 νοηθὲν
450 3738 573 3806 ἄγει
604 3740 684 3803 εἰς
712 3740 912 3810 πέρας.

301 3830 427 3883 ’ὐτι
456 3830 512 3884 δὲ
537 3831 666 3886 ἄλλο
692 3835 807 3887 ἐστὶ
836 3836 991 3907 παρὰ.
1015 3835 1085 3890 τὰ
1117 3836 1176 3904 ἐξ
1205 3830 1280 3893 ὧν
1305 3841 1446 3905 ἐστι,
1464 3818 1567 3897 ὧδε
1587 3847 1784 3898 σκόπει
1807 3861 1822 3877 ·

227 3922 295 3975 ὲκ
324 3921 598 3992 διαφόρων
626 3925 768 3977 ὑλῶν
806 3926 898 3979 τὸν
924 3923 1074 3982 οἷκον
1104 3932 1526 4004 οἰκοδομοῦμεν,
1550 3936 1669 3990 ἀλλ’
1722 3938 1827 3991 οὑκ

225 4011 295 4068 ἄν
322 4028 408 4077 τις
440 4012 591 4085 εἴπῃ,
626 4016 824 4071 ταὺτδν
841 4019 887 4050 ⁸⁵
940 4019 1213 4092 ὑπάρχειν
1249 4027 1371 4087 ταῖς
1406 4025 1562 4091 ὑλαις
1614 4031 1734 4092 ταῖς
1765 4030 1825 4096 ἐξ

223 4095 303 4156 ὧν
336 4104 507 4158 ἐστιν.
543 4106 620 4159 Οὑ
650 4108 761 4178 γὰρ
805 4109 996 4175 ἁπλῶς
1044 4112 1204 4178 λίθοι,
1242 4118 1338 4169 καὶ
1385 4116 1540 4185 ξύλα,
1597 4124 1693 4174 καὶ
1752 4095 1825 4176 τὰ

224 4193 393 4247 λοιπά
422 4191 617 4261 ὁοῖκός
645 4200 819 4253 ἐστιν’
845 4202 893 4254 εἰ
927 4202 1035 4275 γὰρ
1053 4204 1235 4273 τοῦτο,
1264 4208 1369 4278 πρὸ
1393 4211 1494 4280 τῆς
1527 4214 1825 4285 οἰκοδομῆς

112 4328 119 4333 .
222 4285 573 4359 διῃρημένως
624 4290 725 4355 τὰς
764 4291 899 4356 ὔλας
951 4291 1103 4349 οἷκον
1138 4298 1203 4350 ἄν
1254 4318 1338 4363 τις
1385 4302 1614 4369 δικαίως
1660 4308 1824 4361 καλέ--

226 4395 374 4432 σειεν
411 4394 423 4407 ·
459 4380 575 4435 ἀλλ’
598 4384 632 4453 ἡ
659 4385 840 4439 τοιάδε
864 4385 973 4439 τῶν
1001 4388 1146 4442 ὑλῶν
1171 4393 1522 4463 προσάλληλα
1568 4397 1821 4463 σύζευξις

222 4470 319 4523 τὸν
353 4465 501 4525 οἷκον
525 4474 660 4543 ἡμῖν
691 4477 979 4531 ἀποτελεῖν
1010 4481 1247 4549 πέφυκε.
1281 4485 1477 4538 Τοίνυν
1503 4488 1607 4559 τῆς
1633 4491 1819 4555 οἰκίας

1934 3398 2081 3453 aliud
2107 3401 2376 3469 quoddam
2405 3410 2490 3455 cst
2519 3404 2588 3455 ab
2623 3402 2707 3456 bis
2737 3416 2768 3456 e
2794 3402 2994 3471 quibus
3018 3409 3277 3457 constat:
3302 3410 3356 3455 et
3384 3414 3531 3455 nunc

1931 3493 2150 3563 quidem
2187 3494 2413 3562 cogitat,
2479 3509 2625 3548 nunc
2671 3495 2969 3565 cogitatum
3025 3495 3352 3564 exsequitur
3387 3514 3399 3548 ;
3433 3494 3527 3549 ubi

1930 3585 2073 3639 enim
2106 3585 2302 3640 anima:
2366 3586 2654 3641 rationalis
2710 3588 2917 3643 auxilio
2964 3587 3199 3657 exentpli
3251 3588 3424 3655 gratia
3463 3589 3531 3641 de

1930 3676 2146 3732 aedilicii
2193 3678 2600 3733 constructione
2637 3679 2920 3748 cogitavit,
2967 3680 3221 3734 manibus
3287 3679 3339 3733 id
3382 3681 3529 3750 quod

1932 3769 2190 3839 cogitavit
2226 3768 2293 3824 ad
2323 3768 2482 3823 linem
2512 3770 2780 3837 perducit.

2002 3862 2155 3929 Quod
2181 3872 2365 3918 autem
2399 3863 2469 3917 sit
2504 3863 2653 3917 aliud
2690 3878 2854 3933 quam
2885 3878 2948 3920 ea
2974 3878 3039 3919 ex
3064 3864 3263 3934 quibus
3283 3871 3527 3930 constat,

1928 3955 2008 4009 sic
2040 3955 2361 4025 perpende:
2402 3970 2466 4009 ex
2513 3956 2683 4011 variis
2734 3957 2984 4011 materiis
3033 3957 3253 4011 domum
3286 3956 3529 4011 aedifica-

1930 4063 2090 4110 mus,
2114 4048 2207 4103 sed
2255 4063 2415 4103 nemo
2447 4048 2650 4102 dixerit
2675 4063 2795 4103 eam
2834 4048 2978 4104 idem
3015 4064 3139 4104 esse
3169 4063 3233 4103 ac
3266 4048 3527 4102 materias

1926 4156 1959 4194 e
1992 4141 2189 4209 quibus
2243 4149 2480 4195 constat.
2546 4136 2667 4194 Non
2721 4141 2868 4195 enim
2922 4120 3245 4209 simpliciter
3286 4140 3524 4209 lapides,

1928 4232 2071 4302 ligna
2099 4240 2152 4286 et
2179 4231 2405 4299 reliqua,
2441 4232 2635 4287 domus
2664 4244 2783 4297 est;
2818 4233 2861 4288 si
2912 4234 3059 4287 enim
3094 4232 3145 4287 id
3181 4242 3351 4295 esset,
3392 4241 3522 4287 ante

1926 4334 2253 4378 Structuram
2298 4324 2591 4394 separatim
2644 4325 2905 4379 materias
2956 4326 3176 4378 domum
3230 4323 3353 4390 quis
3412 4338 3526 4376 tne-

1927 4414 2033 4469 rito
2060 4426 2317 4483 vocaret;
2349 4415 2443 4470 sed
2473 4414 2579 4470 illae
2598 4417 2843 4470 materia:
2866 4415 2969 4470 sibi
2992 4414 3225 4469 invicem
3258 4423 3526 4481 coaptatze

1926 4509 2146 4562 domum
2174 4506 2330 4561 nobis
2380 4516 2777 4576 rcprwseutare
2816 4505 3016 4561 solent.
3060 4502 3204 4571 Ergo
3243 4504 3520 4557 destructa

223 4563 506 4637 λυθείσης,
562 4568 786 4637 μένουσι
842 4571 940 4640 μὲν
966 4574 1167 4643 ὁμοίως
1200 4578 1254 4629 αί
1306 4577 1430 4633 ὑλαι
1474 4581 1567 4637 τὸν
1616 4586 1817 4641 οἰκεῖον

228 4658 247 4677 ι
264 4675 289 4677 _
309 4656 327 4677 ι
356 4675 386 4677 ν,
446 4675 461 4677 _
480 4676 485 4677 ,
554 4660 573 4677 \
597 4660 613 4677 Ι
795 4663 807 4677 a
896 4662 914 4677 λ
977 4665 992 4677 ι
1024 4667 1036 4677 ο
1174 4668 1196 4677 μ
1213 4668 1223 4677 ι
1522 4674 1532 4677 -

1927 4600 2109 4667 domo,
2132 4599 2651 4669 remanentquidem
2681 4598 2939 4654 similiter
2961 4600 3207 4652 materia:
3237 4597 3521 4667 proprium

224 4656 525 4746 επέχουσαι
554 4660 713 4729 λόγον
738 4677 753 4692 ο
784 4662 1133 4718 ἀπολωλέναι
1170 4668 1226 4721 δέ
1248 4687 1431 4741 φαμεν
1481 4674 1586 4746 τὴν
1613 4676 1817 4744 οίκίαν,

224 4742 295 4815 ἢν
323 4744 356 4812 ἡ
385 4744 564 4798 τοιάδε
608 4746 719 4799 τῶν
752 4748 894 4802 ὑλῶν
928 4751 1178 4819 σύζευξις
1231 4742 1587 4817 ἀπετέλεσεν.
1630 4742 1819 4830 Οὕτως

224 4834 323 4888 καὶ
365 4835 457 4888 ἐπὶ
494 4837 589 4891 τοῦ
623 4838 916 4912 ἀνθρώπου
946 4860 960 4874 ο
999 4844 1102 4898 κᾶν
1124 4848 1232 4919 γὰρ
1262 4850 1327 4904 ἐκ
1360 4852 1542 4925 ψυχῆς
1573 4858 1669 4911 καὶ
1706 4858 1817 4912 σώ-

227 4942 401 4994 ματος
431 4927 673 5002 ὑπάρχῃ,
708 4932 769 4985 οὑ
818 4935 1017 4989 ταὺών
1076 4939 1143 4991 ἂν
1186 4940 1274 5012 εἴη
1309 4945 1421 5007 τοῖς
1455 4945 1515 5011 ἐξ
1550 4941 1627 5002 ὧν
1674 4950 1816 5018 ἐστι,

222 5018 687 5114 ἀλλ’ἒτερον,λώς
714 5018 857 5079 εἶναι
886 5027 977 5080 τὸν
1025 5030 1315 5102 ἄνθρωπον
1370 5036 1429 5103 ἐξ
1488 5040 1662 5110 αὐτῆς
1712 5043 1815 5114 τῆς

225 5113 525 5179 συναφείας
561 5112 740 5185 ψυχῆς
772 5117 911 5186 πρὸς
952 5120 1133 5190 σῶμα,
1160 5124 1344 5194 τρίτον
1371 5127 1813 5202 ἀποτελούμενον

220 5200 353 5255 ἄλλο
385 5218 400 5232 ·
421 5203 697 5259 καὶτοῦτο
729 5207 887 5279 δῆλον
922 5210 1020 5280 ἀφ’
1050 5206 1150 5279 ὧν,
1180 5216 1280 5286 τῆς
1332 5200 1662 5289 διαζεύξεως
1711 5229 1813 5298 τῆς

221 5291 431 5345 τούτων
466 5294 792 5367 γενομένης,
842 5300 996 5369 μένει
1033 5303 1135 5373 μὲν
1184 5306 1245 5358 τὸ
1292 5309 1454 5380 σῶμα
1492 5312 1669 5377 οὕτως
1720 5291 1815 5371 τδν

221 5384 426 5437 οἰκεῖον
456 5384 631 5450 σῶζον
659 5387 819 5456 λόγον
838 5406 852 5422 ο
885 5393 1049 5463 τριχῆ
1083 5394 1193 5466 γάρ
1223 5398 1339 5452 ἐστι
1365 5401 1678 5469 διαστατδν,
1706 5410 1811 5463 κᾶν

221 5470 419 5542 νεκρὸν
517 5488 529 5502 ·
571 5475 722 5546 μένει
751 5477 809 5530 δὲ
831 5480 1035 5547 ὁμοίως
1089 5485 1123 5554 ἡ
1161 5484 1311 5556 ψυχὴ
1365 5487 1562 5562 λογικὴ
1603 5496 1811 5565 τυγχάο

221 5579 392 5617 νουσα
421 5565 515 5618 καὶ
544 5568 732 5639 νοερὰ,
763 5569 865 5625 κᾶν
886 5572 1175 5646 διεζεύχθη
1229 5578 1325 5631 τοῦ
1366 5580 1621 5653 σώματος
1648 5603 1661 5615 ·
1703 5589 1813 5643 ἁπ-

221 5653 477 5755 όλωλε-δὲ
518 5659 555 5712 6‘
597 5659 910 5732 ἄνθρωπος,
965 5666 1025 5720 ὃν
1066 5659 1401 5725 ἀπετέλεσεν
1450 5676 1730 5747 ἑκατέρων
1777 5685 1811 5755 ἡ

219 5744 494 5813 σύζευξις.

294 5862 343 5900 ⁸⁵
367 5864 459 5921 Sic
485 5867 607 5923 cod.
685 5867 728 5903 ⁸³
754 5868 899 5927 εἴποι
926 5870 1020 5928 τὸν
1049 5867 1198 5930 οἷκον
1226 5878 1426 5935 ταύτόν
1461 5880 1525 5945 Ρ,

1926 4691 2226 4746 retinentes
2284 4706 2503 4758 nomen,
2545 4692 2776 4761 periisse
2829 4705 2960 4744 vero
3018 4691 3241 4743 domum
3288 4689 3524 4743 dicimus

1924 4798 2084 4850 quam
2124 4783 2249 4837 talis
2290 4784 2642 4837 materiarum
2671 4783 2935 4852 jnnctura
2969 4782 3298 4852 perfecerat.
3341 4780 3435 4835 Sic
3465 4788 3523 4836 et

1924 4874 1978 4928 in
2015 4875 2271 4941 homine;
2299 4874 2427 4929 licet
2468 4875 2616 4928 enim
2668 4890 2737 4929 ex
2782 4874 2967 4927 anima
3003 4888 3344 4942 corporeque
3386 4887 3523 4927 con-

1922 4974 2051 5029 stet,
2085 4983 2190 5019 non
2236 4966 2377 5021 idem
2430 4979 2514 5021 est
2560 4982 2625 5023 ac
2667 4982 2732 5021 ea
2775 4967 2843 5021 de
2890 4968 3092 5036 quibus
3120 4975 3358 5026 constat.
3422 4965 3521 5018 sed

1923 5056 2069 5111 aliud
2129 5056 2292 5111 homo
2341 5073 2534 5128 nempe
2588 5074 2656 5114 ex
2715 5059 2914 5113 animae
2948 5056 3339 5127 conjunctione
3394 5071 3519 5109 cum

1922 5163 2173 5219 corpore,
2200 5151 2421 5203 tertium
2443 5150 2574 5220 quid
2599 5151 2827 5207 effectus
2852 5167 2867 5215 ;
2898 5160 2953 5207 et
2973 5152 3200 5205 evidens
3228 5148 3357 5203 illud
3386 5148 3518 5204 inde

1926 5240 2070 5309 quod
2107 5244 2458 5309 separatione
2509 5242 2726 5297 illorum
2760 5242 2905 5299 facta
2958 5257 3161 5312 corpus
3191 5242 3272 5296 sic
3333 5250 3524 5295 manet

1922 5346 1988 5387 ac
2025 5333 2297 5402 propriam
2339 5334 2657 5403 qualitatem
2692 5346 3025 5391 conservet:
3070 5332 3340 5388 trifariam
3367 5332 3518 5387 enim

1923 5423 2203 5490 dividitur,
2230 5424 2358 5480 licet
2384 5437 2655 5481 mortuum
2686 5427 2758 5481 sit
2789 5444 2802 5480 :
2835 5437 3022 5481 manet
3051 5426 3310 5481 similiter
3330 5425 3515 5478 anima

1924 5513 2206 5568 rationalis
2226 5524 2280 5569 et
2320 5515 2652 5584 intelligens,
2691 5516 2818 5573 licet
2856 5533 2885 5570 a
2922 5500 3154 5584 corpore
3190 5514 3508 5581 dividatur;

1922 5606 2084 5675 periit
2114 5620 2242 5662 vero
2296 5608 2478 5673 homo,
2516 5623 2677 5679 quem
2737 5608 2982 5665 confecit
3039 5608 3327 5679 utriusque
3374 5605 3518 5661 adu-

1920 5697 2086 5752 natio.
3470 5699 3475 5707 ’
