4178 6440
716 426 854 482 1503

2000 406 2281 464 Μειεῐιι
2322 403 2638 463 ΜΟΝᾹΟΗΙ

3841 386 3864 442 l
3874 386 3969 443 3M

785 542 1015 609 Quidam
1040 554 1106 595 eo
1131 537 1271 607 quod
1303 536 1374 592 sit
1404 551 1603 607 corpus
1635 532 1901 590 trifariam
1947 533 2205 601 partitum
2236 540 2289 585 et

2463 524 2622 587 Τινὲς
2653 521 2712 575 δὲ
2752 521 2842 575 διά
2870 520 2931 572 τὸ
2956 518 3098 572 εἶναι
3132 515 3195 568 τό
3242 511 3402 582 σῶμα
3459 509 3637 609 τριχῆ.
3668 505 3967 609 mactat-tv,

716 635 952 685 animam
992 644 1110 685 esse
1138 628 1404 682 trifariam
1447 627 1676 682 divisam
1710 623 1941 696 (dicunt)
1972 632 2027 677 et
2073 631 2297 692 propter

719 726 821 779 hoc
863 733 914 776 et
947 737 1147 790 corpus
1192 738 1205 774 :
1244 720 1442 789 quibus
1495 718 1730 773 dicimus
1776 735 1789 769 :
1850 715 2027 769 Omne
2072 714 2294 782 quidem

716 829 913 889 corpus
945 813 1209 867 trifariam
1241 812 1520 875 dividitur,
1557 810 1661 865 non
1695 820 1873 862 autem
1904 807 2166 876 quidquid
2194 806 2295 858 tri-

719 905 907 956 fariam
936 903 1212 966 dividitur,
1243 918 1443 972 corpus
1468 912 1571 956 est.
1605 898 1739 954 Nam
1764 897 1999 969 qualitas
2032 905 2086 950 et
2119 910 2294 965 quan-

721 992 863 1053 titas,
898 991 1228 1063 incorporea:
1247 990 1462 1059 quidem
1488 1004 1582 1058 per
1604 1004 1686 1052 se,
1714 999 1893 1041 tamen
1923 1002 2015 1055 per
2042 987 2297 1041 accidens

720 1082 773 1133 in
795 1096 967 1135 massa
998 1090 1455 1149 repraesentantur
1479 1081 1595 1146 {sic
1622 1079 1786 1133 etiam
1812 1078 2014 1143 anima,
2042 1077 2296 1146 quamvis

721 1187 817 1241 per
854 1188 914 1227 se
940 1173 1193 1235 imlivisa,
1223 1188 1319 1240 per
1347 1172 1602 1227 accidens
1648 1187 1772 1227 cum
1827 1170 2046 1225 homine
2096 1171 2295 1239 tripar-

723 1264 819 1317 tito
836 1273 890 1317 et
922 1264 1034 1332 ipsa
1058 1274 1111 1318 et
1136 1263 1322 1317 multis
1352 1263 1617 1319 trifariam
1649 1264 1823 1317 divisa
1855 1262 2079 1317 dicitur.

792 1435 1000 1490 Dicitur
1028 1437 1208 1489 anima
1235 1437 1480 1505 corporis
1517 1436 1862 1504 passionibus
1897 1436 2099 1489 moveri
2154 1452 2167 1488 :
2202 1450 2295 1503 ap-

718 1538 872 1595 paret
900 1528 1044 1579 enim
1082 1527 1296 1593 corpori
1334 1528 1673 1594 compatiens
1714 1535 1770 1581 et
1818 1535 1978 1579 antea
2028 1526 2241 1595 patiens
2278 1544 2290 1579 :

718 1632 861 1685 sirpe
884 1618 1029 1672 enim
1056 1618 1122 1671 de
1151 1620 1374 1671 vulnere
1409 1619 1657 1685 corporis
1686 1619 2061 1673 contremiscit
2086 1627 2141 1672 et
2166 1626 2291 1671 ante

717 1708 961 1777 corporis
1012 1723 1243 1777 angores
1279 1710 1616 1774 immittatur,
1655 1718 1709 1764 et
1739 1720 1924 1778 postea
1974 1726 2080 1765 non
2116 1711 2296 1765 minus

714 1800 957 1854 dolorem
990 1802 1298 1868 experitur;
1349 1810 1402 1854 et
1440 1814 1563 1854 cum
1599 1810 1901 1869 aegrotante
1952 1811 2183 1870 aegrotat
2240 1812 2295 1856 et

2398 617 2489 669 καὶ
2514 615 2615 685 τὴν
2634 612 2814 684 ψυχὴν
2838 607 2975 664 εἶναι
3006 608 3175 679 τριχῆ
3204 606 3523 673 διαστατὴν,
3554 599 3646 653 καὶ
3683 600 3771 652 διὰ
3822 598 3972 653 τοῦτο

2396 707 2490 760 καὶ
2526 706 2707 775 σῶμα.
2739 702 2879 773 Πρὸς
2911 700 3006 763 οὓς
3028 714 3232 768 φαμεν,
3283 697 3366 751 ὅτι
3398 696 3509 747 πᾶν
3542 692 3643 761 μὲν
3677 690 3835 760 σῶμα
3859 708 3973 761 τρι.

2396 795 2468 864 χῆ
2501 792 2786 847 διαστατόν
2826 793 2997 850 ἐστιν.
3022 788 3085 840 οὑ
3121 786 3231 839 πᾶν
3268 782 3413 837 δὲτὸ
3438 780 3604 851 τριχῆ
3659 778 3971 841 διαστατὸν,

2374 883 2579 952 σῶμα.
2638 880 2749 934 Καὶ
2775 877 2884 949 γὰρ
2910 875 2974 929 τὸ
3025 874 3180 928 ποιὸν
3208 871 3305 926 καλ¹
3363 870 3426 924 τὸ
3466 868 3653 934 ποσὸν,
3707 866 3977 937 ἀσώματα

2394 975 2523 1030 ὄντα
2553 975 2676 1028 καθ’
2707 972 2900 1037 ἑαυτὰ,
2928 971 3072 1024 κατά
3096 965 3450 1038 συμϐεϐηκὸς
3503 964 3562 1016 ὲν
3594 963 3746 1033 ὄγκῳ
3774 958 3975 1012 ποσοῦ-

2394 1088 2483 1123 ται
2512 1085 2525 1099 ·
2554 1066 2730 1129 οὕτως
2763 1059 2857 1118 οὖν
2884 1063 2979 1122 καὶ
3002 1064 3070 1133 τῇ
3108 1061 3279 1131 ψυχῇ,
3311 1057 3437 1112 καθ’
3459 1057 3661 1126 ἑαυτὴν
3684 1055 3785 1125 μὲν
3812 1052 3979 1121 πρόσ-

2396 1175 2512 1211 εστι
2552 1155 2615 1209 τὸ
2657 1155 3008 1214 ἀδιάστατον,
3056 1151 3202 1203 κατὰ
3250 1144 3601 1217 συμϐεϐηκὸς
3652 1143 3729 1203 δὲ,
3778 1142 3859 1212 τῷ
3887 1144 3980 1195 άνο

2396 1249 2601 1319 θρὼπῳ
2635 1249 2796 1318 τριχῆ
2825 1243 3100 1314 διαστατῷ
3126 1243 3262 1306 ὄντι,
3298 1237 3688 1309 συνθεωρεῖται
3720 1234 3821 1287 καὶ
3840 1232 3978 1302 αὑτὴ

2396 1341 2556 1408 τριχῆ
2589 1338 2851 1405 διαστατή
2881 1336 2947 1389 ⁸⁸.

2469 1431 2702 1498 Λέγεται
2721 1427 2781 1480 δὲ
2820 1428 2853 1496 ή
2891 1424 3040 1495 ψυχὴ
3076 1422 3296 1484 πολλοῖς
3318 1421 3425 1473 τῶν
3454 1417 3553 1472 τοῦ
3580 1416 3835 1487 σώματος
3880 1430 3981 1466 πα-

2397 1521 2507 1573 Θῶν
2536 1517 2933 1588 ἐγκατέχεσθαι
2967 1531 2980 1544 '
3017 1514 3269 1584 φαίνεται
3294 1512 3403 1580 γὰρ
3439 1511 3539 1564 καὶ⁵
3572 1507 3981 1578 συμπάσχουσα

2395 1614 2472 1682 τῷ
2506 1611 2744 1679 σώματι,
2783 1609 2879 1662 καὶ
2927 1607 3331 1678 προπάσχουσα
3360 1619 3373 1632 ο
3437 1599 3700 1662 πολλάκις
3737 1596 3847 1667 γὰρ
3881 1595 3982 1665 τὴν

2394 1705 2570 1775 τομὴν
2605 1703 2699 1756 τοῦ
2753 1701 3010 1772 σώματος
3045 1697 3345 1766 ἀγωνιῶσα
3378 1694 3677 1754 δείκνυται,
3735 1690 3831 1743 καὶ
3876 1686 3981 1755 πρὸ

2395 1798 2489 1850 τοῦ
2551 1795 2762 1857 πάθους
2803 1792 2901 1845 τοῦ
2936 1791 3190 1860 σώματος
3241 1785 3605 1855 ἀλλοιουμένη
3633 1799 3646 1811 ·
3695 1781 3792 1835 καὶ
3844 1779 3980 1850 μετά

716 1908 838 1947 cum
866 1891 1147 1946 vulnerato
1196 1892 1369 1953 dolet;
1405 1894 1610 1960 pudore
1652 1892 1855 1946 suﬂusa
1888 1869 2182 1955 erubescit,
2220 1894 2287 1946 ti-

2393 1891 2489 1959 τὴν
2521 1887 2695 1956 τομὴν
2720 1885 2878 1939 οὐδὲν
2900 1884 3123 1936 ἔλαττον
3152 1881 3221 1933 τὰ
3256 1881 3363 1948 τῆς.
3382 1877 3577 1946 ὀδύνης
3607 1876 3649 1907 ⁸⁷
3677 1869 3943 1941 δεχομένη
3962 1883 3975 1895 ·

715 1999 867 2039 more
897 1984 1141 2053 perculsa
1174 1984 1358 2052 pallet.
1398 1982 1482 2037 Nil
1517 1991 1701 2037 autem
1733 1984 2115 2051 incorporeum
2140 1999 2290 2037 com-

712 2076 914 2143 patitur
941 2076 1180 2142 corpori,
1214 2088 1315 2129 nec
1351 2090 1547 2145 corpus
1591 2076 1915 2143 incorporeo
1954 2092 1968 2128 :
2008 2076 2120 2143 jam
2163 2090 2291 2129 vero

713 2167 893 2222 anima
924 2168 1252 2235 compatitur
1277 2169 1491 2237 corpori
1536 2185 1548 2221 :
1602 2183 1731 2237 ergo
1756 2170 1934 2221 anima
1960 2179 2041 2222 est
2069 2183 2288 2236 corpus.

713 2254 808 2308 Est
828 2267 1009 2310 autem
1040 2257 1415 2325 praeiudicium
1460 2273 1581 2312 cum
1614 2260 1736 2327 quis
1759 2260 1890 2312 dicit
1941 2258 2077 2312 nihil
2108 2259 2289 2312 incor-

710 2359 933 2411 porcum
987 2347 1200 2414 corpori
1235 2347 1469 2413 compati
1528 2364 1542 2399 :
1600 2349 1729 2415 quid
1785 2347 1930 2400 enim
1964 2348 2009 2403 si
2058 2348 2161 2402 hoc
2188 2348 2290 2402 soli

706 2436 906 2495 aniina:
927 2437 1255 2489 conveniat?
1288 2437 1556 2491 Caeterum
1596 2436 1897 2505 ambigunt,
1945 2450 2127 2491 utrum
2170 2453 2292 2492 cor-

709 2538 829 2591 pus,
856 2524 1132 2593 accipiens
1167 2526 1235 2579 ab
1264 2528 1442 2580 anima
1477 2527 1750 2580 sentiendi
1806 2526 2145 2590 facultatem,
2200 2542 2289 2581 so-

710 2614 819 2665 lum
849 2614 1047 2679 doleat,
1085 2616 1264 2670 anima
1317 2627 1496 2670 autem
1550 2616 1747 2671 affectu
1804 2618 2064 2669 imnnmis
2100 2619 2171 2671 sit
2218 2634 2290 2671 an

709 2702 920 2770 corpori
955 2705 1337 2771 compatiatnr.
1379 2706 1443 2759 Et
1478 2705 1620 2775 apud
1652 2704 2104 2772 intelligentiores
2137 2705 2292 2773 prior

706 2796 979 2849 sententia
1009 2797 1283 2864 praevalet.

776 3064 897 3119 Jam
963 3080 1090 3120 vero
1140 3066 1388 3121 videmus
1442 3068 1609 3119 ctiam
1667 3066 1983 3134 incorporea
2042 3068 2287 3135 quaedam

702 3158 1025 3227 corporibus
1054 3158 1287 3226 compati
1334 3175 1348 3212 :
1404 3158 1693 3227 qualitates
1734 3160 1901 3225 enim,
1951 3159 2075 3214 licet
2108 3160 2287 3215 incor-

2401 1979 2494 2030 καὶ
2524 1976 2775 2029 νοσοῦντι
2809 1975 2911 2045 μὲν
2958 1974 3230 2031 συννοσεῖ,
3277 1972 3372 2022 καὶ
3400 1966 3723 2037 τεμνομένῳ
3764 1961 3981 2016 συνοὶυ-

2398 2071 2559 2122 νᾶται
2579 2086 2592 2099 ·
2634 2070 2730 2121 καὶ
2759 2064 3129 2136 αἰσχυνομένη
3155 2061 3386 2134 ἐρυθρὸν
3422 2056 3563 2121 εἶδος
3594 2046 3861 2118 δείκνυσι,
3887 2053 3980 2105 καὶ

2399 2161 2709 2231 φοὸουμένη
2759 2159 2961 2230 ὠχρόν.
2994 2156 3162 2209 Οὐδὲν
3210 2156 3267 2207 δὲ
3320 2152 3616 2221 ἀσώματον
3666 2149 3979 2218 συμπάσχει

2401 2255 2658 2324 σώματι.
2702 2252 2824 2305 οὐδὲ
2868 2251 3151 2319 ἀσωμάτῳ
3201 2248 3361 2324 σῶμα
3395 2263 3409 2279 ο
3466 2245 3781 2315 συμπάσχει
3843 2242 3898 2294 δὲ
3947 2244 3979 2310 ἡ

2398 2321 2547 2415 ψυχὴ
2582 2343 2660 2414 τῷ
2692 2342 2911 2413 σώματι
2940 2358 2953 2371 ⁸
2991 2342 3152 2410 σῶμα
3182 2321 3294 2408 άρᾶ
3324 2340 3357 2408 ἡ
3378 2337 3548 2407 ψυχή.
3584 2336 3739 2386 Ἐστι
3770 2334 3825 2386 δὲ
3844 2332 3982 2385 κατά

2402 2436 2673 2505 πρόληψιν
2701 2434 3027 2504 ἐγκείμενον
3060 2432 3121 2483 τὸ
3149 2430 3314 2498 λέγον
3348 2428 3566 2497 λῆμμα.
3628 2425 3802 2479 Οὐδὲν
3841 2424 3981 2477 ἀσώ-

2401 2540 2572 2591 ματον
2599 2520 2814 2591 σώματι
2850 2521 3171 2590 συμπάσχει
3206 2535 3221 2549 ο
3254 2519 3307 2570 τί
3334 2518 3445 2585 γὰρ
3472 2518 3520 2568 εί
3550 2516 3687 2585 μόνῃ
3719 2517 3785 2583 τῇ
3834 2512 3978 2583 ψυχῇ

2398 2613 2558 2665 τοῦτο
2593 2612 2889 2683 πρόσεστις
2926 2610 3071 2681 Πλὴν
3120 2609 3237 2663 ἀλλ’
3288 2606 3721 2678 ἀμφιϐάλλεται,
3758 2606 3868 2657 εἴτε
3922 2602 3984 2657 τὸ

2400 2700 2561 2770 σῶμα
2590 2703 2752 2769 μόνον
2784 2701 2901 2754 ἐστι
2931 2700 2991 2751 τὸ
3019 2698 3226 2768 ἀλγοῦν
3273 2698 3439 2751 λαϐὸν
3479 2698 3632 2767 παρὰ
3667 2695 3767 2762 τῆς
3803 2694 3981 2764 ψυχῆς

2398 2789 2497 2855 τὴν
2534 2788 2786 2858 αἴσθησιν
2806 2804 2821 2820 ο
2858 2788 2999 2859 αὑτὴ
3030 2787 3087 2841 δὲ
3117 2787 3271 2857 μένει
3300 2784 3518 2854 ἀπαθής
3549 2803 3563 2816 ·
3595 2783 3706 2836 εἴτε
3738 2783 3835 2836 καὶ
3860 2799 3981 2835 συν-

2411 2880 2568 2947 αλγεῖ
2615 2880 2693 2949 τῷ
2745 2878 2987 2948 σώματι,
3039 2878 3131 2932 καὶ
3180 2880 3374 2949 κρατεῖ
3412 2876 3615 2947 μᾶλλον
3675 2875 3828 2947 παρὰ
3861 2876 3977 2937 τοῖς

2398 2970 2637 3035 ἐνδοξοτὲ
2648 2988 2761 3041 ροις
2791 2971 2852 3023 τὸ
2882 2972 3174 3041 πρότερον.

2468 3060 2753 3112 Δείκνυται
2782 3061 2839 3113 δὲ
2869 3059 2961 3114 καί
2988 3078 3112 3113 τινα
3137 3058 3408 3129 ἀσώματα
3439 3058 3838 3129 συμπάσχοντα
3865 3058 3979 3117 τοῖς

2399 3150 2614 3221 σώμασι
2642 3169 2657 3184 ο
2692 3153 2750 3205 αἱ
2822 3151 3113 3221 ποιότητες
3162 3150 3271 3220 γὰρ
3306 3149 3593 3218 ἀσώματοι
3633 3144 3816 3210 οὖσαι,
3868 3164 3976 3199 πα-

703 3264 888 3317 poreae
914 3250 1044 3311 sint,
1068 3249 1285 3318 quando
1325 3263 1555 3316 corpora
1600 3250 1904 3316 patiuntur,
1957 3252 2022 3303 iis
2063 3266 2288 3318 compa-

2393 3244 2631 3313 σχόντων
2675 3243 2785 3296 τῶν
2816 3241 3112 3312 σωμάτων,
3165 3240 3261 3294 καὶ
3292 3232 3457 3293 αὗται
3516 3240 3973 3309 συμπάσχουσιν’

704 3341 937 3401 tiuntnr,
974 3349 1029 3393 et
1053 3340 1104 3392 in
1138 3340 1358 3393 interitu
1390 3351 1445 3394 et
1472 3341 1525 3394 in
1552 3352 1681 3396 natu
1708 3357 1832 3396 cum
1859 3358 2089 3410 corpore
2127 3341 2289 3395 simul

700 3440 1006 3485 .inutautur.
1055 3429 1536 3485 Commutatnr~iu
1578 3434 1758 3486 anima
1807 3448 1980 3497 mens,
2036 3449 2157 3502 qua:
2206 3440 2291 3487 est

702 3519 942 3587 qualitas
965 3518 1045 3572 vel
1074 3517 1325 3572 accidens
1356 3536 1371 3572 :
1413 3533 1519 3571 non
1567 3519 1713 3572 enim
1745 3519 1933 3572 anima
1973 3519 2027 3571 in
2081 3529 2284 3585 mente,

704 3611 802 3665 sed
840 3624 993 3663 inens
1039 3619 1121 3663 est
1154 3608 1208 3662 in
1260 3610 1465 3675 anima,
1525 3609 1815 3679 siquidem,
1841 3611 2022 3663 anima
2051 3610 2286 3677 sublata,

706 3704 873 3755 etiam
908 3716 1062 3755 mens
1098 3701 1305 3755 tollitur
1338 3719 1351 3756 :
1397 3701 1485 3756 ubi
1525 3703 1667 3755 enim
1710 3718 1815 3757 non
1855 3711 1939 3757 cst
1994 3703 2196 3767 anima,
2234 3705 2286 3757 in

707 3806 817 3861 quo
842 3794 947 3847 crit
979 3792 1166 3846 mens?
1192 3791 1372 3847 Mente
1423 3804 1604 3848 autem
1651 3794 1887 3859 sublata,
1917 3810 2024 3848 non
2060 3796 2287 3850 omnino

710 3884 917 3937 tollitur
954 3882 1159 3938 anima.
1185 3884 1447 3939 Nimirum
1480 3886 1663 3940 anima
1697 3895 1853 3941 extra
1895 3896 2129 3941 mentem
2169 3902 2292 3942 esse

706 3975 943 4030 videtur.

775 4169 970 4226 Anima
1012 4168 1177 4239 igitur
1207 4178 1288 4223 est
1320 4169 1623 4224 substantia
1667 4178 1723 4225 et
1763 4170 2090 4241 subjectum,
2135 4189 2290 4230 mens

706 4278 839 4319 vero
866 4261 1100 4331 qualitas
1137 4270 1193 4315 et
1213 4260 1469 4316 accidens
1505 4279 1521 4315 :
1550 4262 1665 4333 jam
1708 4264 1965 4320 accidens
1995 4276 2102 4330 est,
2142 4268 2289 4337 quod

706 4355 828 4407 sine
857 4351 1185 4405 detrimento
1219 4350 1446 4419 subjecti
1478 4360 1532 4404 et
1553 4353 1708 4407 adest
1741 4362 1797 4408 et
1820 4354 2003 4422 abest;
2036 4355 2291 4410 substan-

705 4444 781 4497 tia
815 4451 994 4497 autem
1019 4457 1209 4496 eorum
1235 4456 1355 4511 qua:
1378 4442 1697 4511 simpliciter
1734 4452 1881 4510 sunt,
1910 4446 2289 4502 exsistentiam

2390 3333 2447 3384 ἒν
2486 3350 2545 3384 τε
2577 3336 2645 3401 τῇ
2678 3334 2861 3405 φθορᾷ
2886 3333 2982 3386 καὶ
3002 3335 3068 3403 τῇ
3102 3331 3321 3400 γενέσει
3360 3331 3852 3401 συναλλοιούμεναι
3900 3330 3977 3401 τῷ

2392 3423 2629 3493 σώματι.
2678 3424 3017 3477 ’Λλλοιοῦται
3047 3424 3105 3477 δὲ
3143 3427 3201 3477 ὲν
3240 3425 3390 3496 ψυχῇ
3418 3426 3704 3497 φρόνησις,
3754 3425 3978 3493 ποιότης

2391 3511 2548 3580 οὖσα,
2578 3515 2613 3584 ἢ
2645 3516 2996 3586 συμῦεσηκός
3026 3532 3041 3546 ’
3079 3516 3141 3569 οὐ
3183 3517 3295 3588 γάρ
3343 3519 3493 3570 ἐστιν
3550 3518 3583 3586 ἡ
3614 3516 3761 3587 ψυχὴ
3799 3517 3858 3569 ὲν
3911 3518 3977 3587 τῇ

2392 3605 2677 3676 φρονήσει,
2736 3605 2854 3660 ἀλλ’
2891 3607 2925 3675 ὴ
2975 3607 3244 3677 φρόνησις
3282 3607 3341 3657 ἐν
3396 3608 3462 3676 τῇ
3493 3606 3677 3676 ψυχῇο
3732 3606 3833 3675 τῆς
3880 3604 3979 3675 μὲν

2389 3695 2499 3764 γὰρ
2519 3695 2701 3767 ψυχῆς
2718 3697 3153 3768 ἀναιρουμένης,
3172 3697 3486 3768 ἀναιρεῖται
3511 3696 3607 3749 καὶ
3626 3698 3659 3767 ἡ
3684 3697 3974 3768 φρόνησις·

2394 3788 2471 3857 μὴ
2512 3775 2681 3856 οὔσης
2728 3788 3076 3859 γὰρ,ψυχῆς,
3128 3790 3185 3841 ἐν
3233 3788 3341 3840 τίνι
3389 3787 3544 3841 ἐσται
3579 3788 3613 3856 ἡ
3677 3789 3973 3859 φρόνησιςς

2389 3880 2710 3951 Φρονήσεως
2738 3880 2797 3933 δὲ
2826 3880 3258 3951 ἀναιρουμένης,
3292 3880 3355 3936 οὐ
3405 3879 3625 3943 πάντως
3657 3881 3972 3949 ἀναιρεῖται

2392 3971 2426 4041 ἡ
2456 3970 2602 4042 ψυχή
2629 3986 2644 4001 ο
2678 3970 2956 4042 ἐνδέχεται
3000 3973 3108 4041 γὰρ
3138 3968 3282 4025 εἶναι
3324 3972 3503 4041 ψυχὴν
3559 3970 3720 4035 ἐκτὸς
3756 3970 3964 4044 φρονή-

2394 4076 2557 4123 σεως.

2466 4169 2625 4224 Ἔστι
2656 4169 2758 4241 μὲν
2780 4171 2874 4226 οὖν
2912 4172 2945 4243 ἠ
2980 4171 3081 4244 μὲν
3130 4171 3301 4243 ψυχὴ,
3332 4173 3495 4229 οὐσξα
3533 4174 3627 4228 καὶ
3670 4175 3977 4246 ὑποκείμε-

2392 4277 2513 4314 νον·
2548 4263 2582 4332 ἡ
2614 4260 2674 4314 δὲ
2708 4263 2997 4334 φρόνησις,
3034 4263 3260 4334 ποιότης
3291 4263 3389 4317 καὶ
3416 4264 3770 4335 συμϐεϐηκός
3792 4284 3807 4298 ·
3840 4283 3977 4337 συμ-

2391 4351 2629 4423 ϐεϐηκὸς
2669 4352 2728 4405 δέ
2778 4353 2953 4417 ἐστιν,
2984 4354 3012 4407 ὃ
3045 4353 3259 4423 γίνεται
3298 4355 3392 4409 καὶ
3439 4356 3762 4425 ἀπογίνεται
3804 4359 3975 4427 χωρὶς

2389 4446 2491 4516 τῆς
2519 4445 2615 4499 τοῦ
2649 4446 3022 4516 ὑποκειμένου
3060 4447 3307 4519 φθορᾶς·
3344 4448 3407 4502 τὸ
3453 4448 3584 4517 γοῦν
3631 4449 3735 4517 τῆς
3784 4451 3974 4515 οὐσίας

703 4534 999 4604 significat,
1047 4535 1151 4588 hoc
1187 4543 1270 4589 est
1308 4534 1452 4602 quod
1486 4533 1811 4603 simpliciter
1846 4537 1990 4593 sint.
2027 4538 2289 4593 Dicuntur

2393 4538 2562 4608 ὄνομα
2598 4539 2940 4609 σημαντικὸν
2978 4540 3217 4611 ὑπάρχει
3267 4530 3370 4611 τῆς
3422 4540 3611 4604 ἅπλῶς
3657 4543 3768 4595 τῶν
3801 4541 3973 4599 ὄντων

700 4626 849 4679 enim
879 4638 1002 4678 esse
1023 4624 1204 4678 omnia
1236 4639 1355 4694 (ιιιοε
1379 4632 1526 4689 sunt,
1552 4624 1810 4679 nimirum
1835 4625 2032 4695 angeli,
2063 4627 2283 4694 animae,

700 4717 980 4783 animalia,
1008 4718 1225 4785 plantae,
1261 4717 1485 4785 lapides.
1522 4715 1638 4773 Hoc
1664 4718 1831 4788 igitur
1866 4719 2121 4776 omnibus
2167 4734 2287 4789 qua:

705 4816 835 4863 sunt
869 4822 1157 4863 commune
1182 4817 1286 4864 est.
1323 4810 1653 4866 Substantiae
1678 4825 1873 4867 nomen
1906 4810 2073 4881 igitur
2102 4813 2169 4868 ad
2197 4826 2288 4869 res

704 4909 972 4970 quatenus
994 4907 1139 4963 sunt,
1162 4901 1417 4970 pertinet;
1438 4912 1651 4957 natura:
1669 4911 1851 4958 autem
1877 4917 2076 4957 nomen
2094 4917 2283 4959 eorum

701 5004 822 5060 qua:
850 4989 1172 5057 simpliciter
1204 5000 1352 5054 sunt,
1386 5000 1589 5046 motum
1640 4992 1861 5049 indicat.
1904 4991 2099 5048 Omnia
2137 4994 2285 5047 enim

704 5082 907 5137 moveri
958 5081 1227 5147 videmus,
1270 5098 1368 5138 nec
1414 5097 1602 5138 eorum
1628 5099 1749 5154 quae
1779 5080 1919 5140 facta
1943 5094 2091 5154 sunt,
2124 5086 2287 5156 quid-

703 5186 866 5240 quam
903 5173 1134 5226 estsine
1166 5184 1335 5228 motu.
1377 5174 1750 5231 Substantiam
1800 5176 1965 5247 igitur
2012 5177 2287 5248 appellant

700 5275 893 5317 eorum
920 5279 1040 5334 qua:
1082 5265 1401 5335 simpliciter
1429 5276 1556 5323 sunt
1603 5269 1996 5336 exsistentiam,
2027 5280 2279 5327 naturam

704 5364 884 5406 autem
917 5366 1103 5407 eorum
1136 5370 1255 5423 quae
1274 5356 1593 5423 simpliciter
1620 5367 1769 5427 sunt,
1804 5369 2031 5415 motum.

776 5525 983 5585 Natura
1008 5541 1190 5586 autem
1215 5541 1296 5585 est
1314 5532 1653 5602 quintnplex,
1678 5535 1936 5589 nimirum
1956 5536 2277 5606 spiritualis,

706 5631 800 5676 aut
846 5624 1147 5689 rationalis,
1204 5634 1297 5679 aut
1349 5626 1636 5693 scnsualis,
1686 5637 1777 5680 aut
1807 5628 2145 5698 vegetabilis,
2187 5638 2284 5683 aut

2394 4627 2683 4697 ὑπάρξεως
2720 4642 2733 4657 ·
2765 4626 3047 4682 τουτέστιν
3086 4627 3184 4682 τοῦ
3220 4628 3390 4683 αὐτοῦ
3424 4629 3517 4684 τοῦ
3566 4630 3757 4693 ἁπλῶς
3805 4628 3968 4687 εἶναι.

2390 4719 2655 4785 Λέγονται
2698 4719 2807 4790 γὰρ
2837 4715 2977 4773 εἶναι
3010 4720 3194 4775 πάντα
3224 4722 3294 4774 τὰ
3335 4720 3486 4787 ὄντα,
3518 4722 3685 4792 ἤγουν
3722 4724 3966 4791 ἄγγελοι,

2392 4808 2489 4862 καὶ
2516 4798 2709 4880 ψυχαὶ,
2739 4810 2835 4864 καὶ
2877 4811 3015 4877 ζῶα,
3068 4811 3165 4864 καὶ
3198 4811 3365 4879 φυτὰ,
3407 4812 3505 4865 καὶ
3549 4811 3714 4867 λίθοι.
3766 4814 3967 4868 Τούτου

2391 4897 2486 4955 οὖν
2515 4901 2710 4966 κοινῶς
2739 4901 2923 4956 πάντα
2954 4902 3025 4955 τὰ
3048 4901 3177 4956 ὄντα
3208 4903 3449 4973 μετέχει.
3481 4904 3832 4974 Σημαντικδν
3861 4905 3967 4975 ἄρα

2391 4993 2509 5047 ἐστὶ
2556 4992 2653 5046 τοῦ
2697 4990 2838 5048 εἶναι
2877 4994 2941 5047 τδ
2991 4997 3092 5064 τῆς
3129 4993 3326 5057 οὐσίας
3391 4995 3603 5065 ὄνομα·
3658 4997 3721 5051 τὸ
3763 4996 3821 5050 δὲ
3870 4997 3965 5066 τῆς

2391 5085 2607 5156 φύσεως
2631 5086 2803 5159 όνομα
2832 5087 3138 5156 δηλωτικὸν
3166 5088 3428 5159 τυγχάνει
3458 5090 3558 5159 τῆς
3613 5089 3802 5153 ἁπλῶς
3856 5090 3965 5143 τῶν

2390 5176 2563 5231 ὄντων
2594 5180 2888 5250 κινήσεως.
2925 5178 3108 5232 Πάντα
3133 5178 3244 5250 γάρ
3279 5181 3339 5233 ὲν
3373 5180 3590 5250 κινήσει
3617 5182 3835 5252 ὁρᾶται,
3870 5180 3965 5235 καὶ

2390 5269 2543 5323 οὐδέν
2577 5270 2728 5324 ἔστιν
2762 5270 3021 5341 ἀκίνητον
3072 5271 3182 5325 τῶν
3229 5270 3555 5340 γεγονότων.
3614 5273 3817 5327 Οὐσίαν
3869 5267 3962 5327 οὖν

2390 5361 2615 5416 καλοῦσι
2662 5363 2764 5433 τὴν
2796 5362 2989 5427 ἁπλῶς
3025 5363 3135 5417 τῶν
3183 5363 3355 5418 ὄντων
3403 5363 3659 5435 ὕπαρξιν,
3716 5365 3961 5434 φύσινδὶ

2389 5454 2558 5524 αὐτὴν
2581 5455 2682 5527 τὴν
2715 5455 2904 5519 ἁπλῶς
2937 5455 3049 5510 τῶν
3072 5455 3247 5511 όντων
3276 5455 3515 5527 κίνησιν.

2461 5546 2842 5618 Πεντάτροπος
2871 5546 2930 5599 δὲ
2957 5545 3097 5618 αὕτη
3126 5546 3196 5617 ’ἢ
3232 5546 3344 5618 γάρ
3387 5546 3553 5617 νοερά
3613 5546 3891 5616 τυγχάνει,
3923 5546 3955 5615 ἢ

2388 5634 2604 5708 λογικῇ,
2657 5635 3041 5709 ἢαὶσοητικὴ,
3095 5636 3129 5708 ἦ
3197 5638 3421 5709 φυτικὴ,
3468 5637 3502 5708 ἢ
3555 5636 3777 5707 ἄψυχος.
3847 5637 3960 5693 Καὶ

778 5797 825 5829 ⁸⁸
859 5798 1033 5852 διαστ.
1060 5799 1200 5853 ὥστε
1230 5798 1351 5854 οὔτε
1390 5800 1547 5871 σῶμα
1582 5802 1726 5856 ἐστὶν
1757 5804 1787 5872 ἡ
1814 5802 1960 5876 ψυχὴ
1981 5803 2108 5860 οὔτε
2137 5808 2299 5882 τριχῆ
2328 5810 2588 5885 διαστατή
2621 5811 2660 5867 Ρ
2759 5815 2803 5846 ⁸⁷
2853 5812 3046 5884 ὀδύνης
3085 5814 3351 5886 ἐμπαθῶς
3386 5815 3501 5887 δεχ.
3546 5815 3601 5869 l‘.
