4178 6434
242 449 383 507 1505

1492 433 1580 487 DE
1613 429 1905 488 NATURA
1949 429 2259 487 HOMINIS.

3405 433 3547 491 i308

234 562 400 634 νοερὰ
426 560 546 630 μὲν,
574 557 650 621 ὡς
674 556 767 608 ἐπὶ
796 555 909 608 τῶν
936 553 1210 621 ἀγγέλων,
1247 550 1307 617 ἐξ
1338 548 1521 605 αὑτῶν
1547 548 1658 602 τῶν
1706 563 1833 616 νοη-

1941 547 2257 603 inanimata.
2298 548 2616 617 Spiritualis
2639 556 2723 603 est
2749 545 2899 601 verbi
2926 561 3091 601 causa
3126 546 3181 599 in
3206 546 3415 614 angelis
3445 548 3541 616 qui

235 656 428 727 μᾶτων
460 650 718 719 ἀλλήλοις
755 644 1187 713 συγγινομὲνων.
1222 642 1433 712 Λογικὴ
1458 640 1538 704 δὲ,
1594 639 1670 702 ὡς
1732 638 1830 692 ἐπὶ

231 745 347 800 τῶν
371 741 700 814 ἀνθρώπιον,
722 739 789 791 δι’
808 738 1096 808 ὀνομάτων
1124 736 1219 790 καὶ
1242 733 1509 804 ῥημάτων
1533 732 1603 785 τὰ
1645 732 1832 800 ἁφανῆ

230 834 529 905 τῆςψυχῆς
558 833 839 901 κινήματα
871 828 1010 900 πρὸς
1040 827 1168 889 τοὺς
1195 825 1355 888 ἐκτὸς
1400 822 1830 894 δημοσιεύουσα.

233 924 545 996 Αἱσθητικὴ
576 923 657 985 δὲ,
689 922 724 991 ἡ
754 922 813 973 ὲν
857 924 972 982 τοῖς
1009 920 1227 985 ἀλόγοις
1259 916 1618 986 θεωρουμένη
1638 932 1654 949 ο
1691 915 1831 983 πρὸς

234 1018 348 1090 γὰρ
376 1019 445 1087 τῇ
473 1015 767 1083 θρεπτικῇ,
811 1014 907 1065 καὶ
940 1010 1232 1079 αὑξτςτικῇ,
1275 1009 1371 1061 καὶ
1412 1008 1711 1076 γεννητικῇ
1736 1006 1832 1059 δυ-

233 1109 425 1176 νάμει,
458 1105 556 1157 καὶ
585 1101 686 1173 τὴν
710 1100 1038 1171 αἰσθητικὴν
1075 1100 1345 1168 κέκτηται
1368 1098 1439 1150 τὰ
1464 1097 1639 1164 ἄλογα
1691 1096 1832 1160 ζῶα.

231 1196 442 1266 Φυτικὴ
474 1195 581 1266 δὲή
613 1195 672 1248 ὲν
702 1196 815 1255 τοῖς
850 1194 1042 1260 φυτοῖς
1070 1208 1083 1221 ’
1115 1190 1395 1243 κινοῦνται
1428 1188 1539 1259 γὰρ
1570 1187 1665 1240 καὶ
1688 1184 1834 1239 αὑτὰ

233 1288 381 1342 κατὰ
427 1287 529 1351 τὰς
581 1285 751 1346 αὑτὰς
813 1284 1099 1351 δυνάμεις.
1149 1280 1373 1350 Ἀψυχα
1420 1279 1498 1343 δὲ,
1544 1277 1683 1332 καθὸ
1733 1278 1833 1331 καὶ

232 1382 375 1437 αὑτὰ
439 1377 721 1432 κινοῦνται
778 1376 922 1429 κατὰ
962 1374 1024 1427 τὸ
1079 1373 1235 1425 ποιὸν
1274 1373 1371 1424 καὶ
1420 1370 1483 1423 τὸ
1522 1368 1629 1423 ποῦ
1661 1385 1674 1398 ·
1736 1368 1834 1422 καὶ

235 1473 378 1528 κατὰ
408 1471 468 1523 τὸ
500 1468 657 1521 ποιὸν
699 1467 819 1537 μὲν,
855 1465 998 1519 κατὰ
1038 1465 1100 1517 τὸ
1147 1462 1545 1534 Θερμαίνεσθαι
1577 1461 1677 1514 καὶ
1730 1460 1833 1530 ψύ-

233 1560 432 1633 χεσθαι
456 1577 470 1591 ·
516 1557 659 1611 κατὰ
690 1557 753 1609 τὸ
786 1556 893 1607 ποῦ
924 1554 1005 1619 δὲ,
1062 1553 1210 1606 κατὰ
1271 1552 1372 1622 την
1417 1554 1482 1607 ὲκ
1515 1551 1689 1605 τόπου
1751 1551 1833 1613 είς

232 1651 401 1704 τόπον
460 1647 842 1718 ἐτεροκίνητον
899 1644 1235 1714 μετάστασιν
1254 1638 1319 1695 ⁸⁸.
1396 1642 1706 1713 Ὀρίζονται
1772 1641 1832 1694 δὲ

232 1742 334 1812 τὴν
366 1742 467 1811 μὲν
504 1740 717 1801 οὐσίαν,
747 1740 985 1809 πρᾶγμα
1019 1736 1410 1807 αὑθὺπαρκτον
1440 1735 1518 1806 μὴ
1572 1735 1831 1805 δεόμενον

233 1833 427 1904 ἑ’πέρθυ
465 1833 605 1903 πρὸς
665 1832 931 1884 σύστασιν
958 1846 972 1860 θ
1017 1829 1117 1899 τὴν
1166 1829 1331 1896 φύσιν
1379 1828 1459 1889 δὲ,
1503 1826 1679 1897 ἀρχὴν
1729 1826 1833 1895 τῆς

233 1927 473 1981 ἑκάστου
500 1925 611 1977 τῶν
632 1925 803 1977 ὄντων
840 1923 1111 1991 κινήσεως
1140 1920 1515 1991 καὶὴρεμίας.

304 2103 542 2171 Λέγεται
563 2102 620 2155 δὲ
651 2100 815 2170 φύσις
848 2100 1000 2171 παρὰ
1034 2098 1096 2151 τὸ
1125 2098 1467 2167 πεφυκέναι·
1502 2098 1535 2167 ἡ
1571 2095 1629 2149 δὲ
1672 2094 1833 2149 οὐσία

233 2195 391 2263 παρὰ
434 2194 495 2247 τὸ
538 2188 716 2246 εἶναι’
748 2191 812 2243 τὸ
845 2190 904 2244 δὲ
950 2186 1091 2244 εἶναι
1146 2192 1242 2243 καὶ
1276 2188 1585 2257 πεφυκέναι
1634 2188 1835 2241 ταὺτόν

234 2289 409 2341 ἐστιν.
456 2278 523 2339 Ἦ
573 2284 631 2338 δὲ
675 2284 978 2346 ὑπόστασις
1016 2283 1079 2336 οὑ
1143 2282 1308 2353 μόνον
1374 2281 1436 2334 τὸ
1479 2277 1623 2335 εἶναι
1662 2281 1836 2350 δηλοῖ,

234 2378 375 2431 ἀλλᾶ
401 2380 499 2431 καὶ
521 2376 583 2431 τὸ
609 2376 727 2439 πῶς
758 2375 898 2446 ἔχει,
926 2375 1023 2429 καὶ
1058 2375 1118 2428 τὸ
1150 2373 1337 2428 ὁποῖόν
1393 2391 1446 2426 τι
1508 2369 1656 2426 εἶναι
1690 2391 1839 2443 παρ-

237 2471 455 2540 ίστησιν
477 2486 491 2503 ν
511 2462 648 2534 οἷον,
679 2468 815 2540 ὁμοῦ
838 2468 1044 2531 πάντες
1072 2470 1125 2521 oi
1148 2468 1429 2538 ἄνθρωποι
1450 2467 1631 2520 κοινὸν
1650 2467 1837 2537 ἔχουσι

233 2561 299 2614 τὸ
330 2556 473 2614 εἶναι
502 2577 516 2593 ’
550 2560 649 2614 καὶ
677 2559 789 2631 γὰρ
816 2559 1085 2624 ὡσαύτως
1117 2559 1323 2623 πάντες
1362 2559 1570 2629 ζῶμεν,
1621 2560 1717 2612 καὶ
1753 2578 1840 2613 κι-

233 2651 505 2722 νούμεθα,
546 2652 644 2705 καὶ
701 2651 910 2721 ἐσμέν·
944 2650 1060 2722 ἔχει
1107 2652 1165 2703 δὲ
1220 2652 1457 2713 ἕκαστος
1512 2652 1674 2720 ἡμῶν
1728 2651 1839 2705 ῖδιᾶ

232 2727 385 2808 τινα,
437 2737 519 2806 οἷς
553 2743 667 2796 τῶν
701 2742 880 2797 ἄλλων
933 2742 1241 2813 ἀνθρώπων
1301 2743 1633 2815 χωρίζεται·
1688 2739 1837 2810 οἷον,

234 2835 499 2903 πατρίδα,
519 2835 704 2904 γένος,
726 2835 945 2905 κλῆσιν,
979 2836 1350 2907 ἐπιτήδευμα,
1382 2837 1636 2908 πράξεις,
1659 2838 1834 2909 πάθη,

236 2926 510 2980 εὑείδειαν
531 2926 566 2998 ἢ
599 2927 926 2992 δυσείδειαν,
958 2926 1055 2980 καὶ
1094 2926 1166 2980 τὰ
1196 2928 1451 2995 τοιαῦτα,
1486 2927 1522 2983 ἄ
1567 2930 1664 2983 καὶ
1700 2947 1841 2999 συμρ

237 3018 520 3088 ὖεὸηκότα
549 3018 848 3089 καλοῦμεν.
905 3017 1097 3072 Ταῦτα
1139 3017 1235 3072 οὖν
1276 3018 1518 3087 ἅπαντα,
1570 3021 1703 3091 περὶ
1736 3021 1838 3093 τὴν

236 3110 546 3163 ὑπόστασιν
575 3108 937 3183 θεωροῦνται,
989 3111 1083 3162 καὶ
1111 3111 1174 3162 τὸ
1221 3111 1357 3163 αὑτὸ
1385 3113 1627 3182 πρᾶγμα
1646 3129 1662 3143 ·
1697 3107 1836 3178 οἷον,

1938 638 2052 694 sola
2086 640 2419 708 cogitatione
2457 640 2561 695 sibi
2597 639 2833 695 invicem
2877 648 3306 693 conversantur.
3354 638 3550 694 Ratio-

1938 730 2084 784 nalis
2113 739 2203 783 est
2252 729 2307 784 in
2347 730 2686 796 hominibus,
2726 730 2821 798 qui
2852 744 2950 795 per
2986 728 3208 781 nomina
3267 737 3323 782 et
3382 728 3552 782 verba

1938 820 2244 876 invisibiles
2284 821 2483 875 anima:
2535 829 2719 875 motus
2768 820 2896 874 aliis
2937 820 3375 874 communicant.
3412 817 3552 873 Sen-

1935 911 2105 965 sualis
2131 921 2359 982 apparet
2396 912 2447 965 iu
2478 912 2654 965 brutis
2684 928 2697 964 :
2741 926 2867 965 nam
2901 921 3105 979 praeter
3142 907 3464 964 facultatem
3493 924 3557 964 se

1934 1003 2236 1068 nutriendi,
2279 1003 2515 1072 augendi
2568 1010 2626 1057 et
2676 1000 3030 1072 procreandi,
3061 1001 3229 1054 etiam
3267 999 3545 1054 sentiendi

1934 1096 2251 1150 facultatem
2277 1096 2481 1150 habent
2510 1094 2767 1149 animalia
2812 1095 2997 1149 bruta.
3022 1092 3357 1162 Vegetabilis
3378 1103 3467 1148 est
3496 1092 3551 1145 in

1933 1188 2168 1258 plantis:
2185 1196 2475 1243 moventur
2495 1190 2637 1242 enim
2658 1189 2740 1243 ha?
2758 1201 2977 1257 quoque
3001 1186 3305 1240 secundum
3326 1184 3550 1240 easdem

1934 1278 2243 1335 facultates.
2297 1280 2540 1349 Denique
2593 1279 2895 1333 inanimata
2926 1317 2943 1341 ,
2993 1287 3269 1347 quatenus
3318 1288 3373 1331 et
3426 1276 3548 1346 ipsa

1936 1383 2226 1427 moventur
2282 1374 2584 1427 secundum
2627 1372 2952 1441 qualitatem
3005 1380 3061 1425 et
3101 1370 3407 1425 secundum
3466 1371 3549 1425 lo-

1933 1476 2060 1518 cum
2099 1480 2113 1516 :
2153 1464 2454 1518 secundum
2488 1463 2837 1532 qualitatem,
2883 1472 3158 1531 quatenus
3199 1461 3461 1515 calelinnt
3493 1470 3551 1516 et

1937 1554 2369 1624 refrigerantur;
2402 1557 2704 1609 secundum
2742 1555 2922 1607 locum
2957 1563 3142 1607 autem
3170 1563 3447 1620 quatenus
3481 1567 3547 1607 ex

1934 1645 2055 1699 loco
2081 1646 2132 1699 in
2157 1645 2338 1699 locum
2366 1644 2802 1702 transferuntur.
2841 1644 3221 1699 Substautiam
3258 1645 3426 1714 igitur
3452 1645 3551 1699 de-

1938 1737 2135 1791 finiunt
2166 1753 2287 1793 esse
2318 1730 2431 1793 rem
2459 1754 2557 1808 per
2596 1753 2655 1792 se
2696 1738 3121 1801 subsistentem,
3151 1753 3272 1806 quae
3316 1753 3425 1791 non
3467 1739 3550 1792 in-

1938 1830 2117 1899 digeat
2147 1830 2255 1885 alio
2289 1830 2356 1884 ad
2400 1830 2819 1896 exsistentiam;
2871 1838 3126 1883 naturam
3196 1812 3379 1883 autem
3426 1844 3553 1885 esse

1869 1919 1911 1973 Β
1939 1922 2269 1992 principium
2317 1924 2576 1977 motioais
2607 1933 2660 1979 et
2688 1923 3088 1977 inunobilitatis
3126 1922 3373 1977 omnium
3429 1937 3554 1991 quas

1942 2015 2240 2069 exsistunt.

2014 2104 2215 2159 Natura
2248 2121 2279 2160 a
2308 2106 2606 2169 nascendo,
2640 2105 2998 2161 subsistentia
3031 2103 3324 2178 (essentia)
3360 2120 3391 2159 a
3420 2104 3555 2160 sub-

1942 2198 2191 2253 sistendo
2241 2198 2539 2252 derivatur.
2574 2197 2948 2253 Snbsistentia
2992 2206 3176 2252 autem
3235 2211 3342 2251 non
3374 2196 3551 2251 solum

1942 2292 2086 2359 quod
2118 2290 2321 2358 aliquid
2370 2290 2463 2355 sit,
2501 2290 2729 2352 indicat,
2785 2290 2884 2345 sed
2938 2289 3109 2345 etiam
3164 2290 3445 2358 quomodo
3495 2296 3554 2342 et

1942 2386 2102 2452 quale
2144 2382 2220 2437 sit
2251 2399 2264 2435 :
2295 2382 2444 2437 verbi
2480 2383 2680 2453 gratia,
2715 2396 2910 2437 omnes
2960 2382 3214 2437 homines
3244 2394 3546 2436 commune

1944 2473 2149 2528 habent
2172 2474 2319 2543 quod
2354 2473 2469 2528 sint
2501 2491 2513 2526 :
2562 2474 2767 2529 etenim
2804 2473 2996 2539 eodem
3033 2474 3197 2528 modo
3243 2487 3437 2527 omnes
3464 2470 3551 2525 vi-

1942 2564 2146 2627 vimus,
2177 2573 2231 2617 et
2260 2579 2567 2628 movemur,
2604 2577 2657 2619 et
2679 2580 2872 2618 smnus
2904 2578 2920 2618 :
2958 2564 3123 2619 habet
3148 2573 3334 2617 autem
3378 2576 3555 2616 unus-

1941 2651 2174 2719 quisque
2207 2660 2455 2709 nostrum
2487 2652 2706 2721 propria
2741 2653 3026 2721 quadam,
3054 2652 3262 2722 quibus
3317 2653 3387 2705 ab
3427 2652 3554 2705 aliis

1943 2740 2257 2795 hominibus
2300 2741 2679 2812 distinguitur,
2724 2743 2961 2812 exempli
3014 2759 3221 2808 causa,
3266 2745 3550 2814 patriam,

1940 2849 2135 2905 genus,
2168 2849 2387 2902 nomen,
2426 2836 2692 2899 studium,
2728 2838 2996 2901 actiones,
3024 2836 3275 2902 affectus,
3305 2836 3553 2904 pulchri-

1943 2926 2188 2980 tudinem
2221 2934 2315 2979 aut
2357 2926 2789 2989 deformitatem.
2842 2938 2895 2983 et
2948 2927 3219 2998 ejusmodi
3275 2928 3388 2981 alia
3432 2943 3556 2997 quia

1943 3015 2248 3069 accidentia
2276 3029 2557 3070 vocamus.
2586 3014 2710 3070 Hzec
2737 3018 2906 3087 igitur
2933 3017 3118 3071 omnia
3142 3018 3308 3071 simul
3342 3017 3396 3071 in
3430 3019 3558 3073 sub-

1942 3106 2196 3161 sistentia
2223 3108 2646 3162 considerantur
2672 3125 2686 3161 :
2710 3109 2793 3164 sic
2818 3108 3093 3171 Meletius,
3122 3110 3345 3178 quando
3372 3109 3553 3163 solum

236 3197 529 3262 Μελέτιος,
555 3198 685 3252 ὅταν
717 3198 781 3251 τὸ
807 3193 945 3251 εἶναι
978 3196 1147 3251 αὑτοῦ
1184 3198 1346 3268 μόνον
1377 3202 1676 3270 σκοπῆται,
1711 3202 1838 3256 τότε

1943 3198 2010 3253 de
2042 3213 2106 3253 eo
2138 3199 2283 3268 quod
2307 3198 2400 3263 sit,
2454 3199 2655 3269 agitur,
2701 3199 3014 3255 substantia
3042 3200 3287 3266 dicitur;
3323 3202 3549 3269 quando

237 3290 401 3344 οὑσία
429 3290 655 3359 λέγεται
690 3307 707 3323 ο
743 3291 875 3343 ὅταν
903 3290 1045 3361 μετὰ
1086 3266 1201 3343 τῶν
1235 3266 1685 3363 προλεγομένων,
1713 3294 1837 3347 τότε

1947 3304 2076 3343 vero
2112 3304 2238 3344 cum
2280 3290 2445 3345 modo
2492 3293 2813 3346 iuernoratis
2857 3292 2924 3347 de
2980 3306 3046 3346 eo
3097 3292 3387 3361 queritur,
3422 3302 3554 3349 tunc

240 3387 340 3442 καὶ
362 3386 686 3451 ὑπόστασις,
717 3386 751 3453 ἢ
784 3387 1012 3457 ἄτομον.
1049 3384 1124 3439 Τὸ
1156 3382 1253 3439 οὖν
1288 3387 1423 3440 αὑτὸ
1465 3388 1839 3457 ὑποκείμενον

238 3482 338 3537 καὶ
353 3482 672 3544 οὑσίαὲστὶ,
700 3481 796 3535 καὶ
823 3480 1126 3543 ὑπόστασις
1155 3496 1169 3509 ·
1206 3478 1267 3531 τδ
1298 3479 1487 3549 μέντοι
1510 3481 1613 3547 τῆς
1646 3478 1840 3543 οὐσίας

238 3572 499 3643 ὑνομαοὺ
529 3571 1069 3644 συμπαραλαμδᾶνει
1116 3570 1212 3624 καὶ
1250 3571 1349 3641 τὴν
1384 3570 1694 3624 ὑπόστασιν
1728 3587 1743 3602 ·
1778 3570 1842 3624 τὸ

238 3664 300 3718 ὃὶ
326 3665 430 3735 τῆς
460 3663 817 3727 ὑποστάσεως
857 3662 1038 3717 πάντα
1061 3662 1288 3733 ἔχεικαὶ
1320 3667 1420 3733 τὴν
1450 3661 1667 3715 οὐσίαν.

330 3837 641 3909 Ὀρίζονται
663 3831 757 3891 οὖν
785 3838 890 3909 τὴν
934 3836 1239 3892 ὑπόστασιν
1274 3836 1453 3901 οὕτως
1473 3854 1486 3867 ·
1538 3836 1843 3900 ὑπόστασις

242 3930 365 3985 εστι
397 3930 639 4001 πρᾶγμα
661 3929 915 4000 ὑφεστὼς
937 3947 999 3982 τε
1031 3930 1125 3983 καὶ
1158 3928 1445 3996 οὐσιῶδες,
1478 3930 1536 3981 ὲν
1560 3921 1605 3997 ᾧ
1644 3928 1707 3981 τὸ
1729 3927 1842 3981 τῶν

246 4037 313 4075 συ
323 4020 680 4092 μδεσηκότων
698 4020 976 4092 ἄθροισμα
998 4020 1075 4084 ὡς
1092 4022 1151 4075 ὲν
1174 4021 1528 4090 ὑποκειμένῳ
1550 4022 1843 4091 πράγματι

246 4113 344 4167 καὶ
396 4096 656 4184 ἐνεργείᾳ
692 4112 993 4183 ὑφέστηκε.
1049 4112 1468 4183 Παραπλησίως
1513 4112 1571 4167 δὲ
1636 4112 1731 4167 καὶ
1781 4112 1845 4166 τὸ

190 4202 195 4205 ’
244 4204 451 4274 ἄτομον
471 4218 485 4232 ⁸
519 4204 759 4273 ’Δτομόν
780 4205 923 4267 ἐστι,
940 4204 1214 4272 λέγοντες,
1245 4204 1305 4257 τὸ
1328 4204 1387 4269 ἐξ
1408 4205 1691 4275 ίδιοτήτων
1714 4220 1846 4274 συγ-

246 4294 528 4365 κείμενον,
561 4288 638 4349 ὧν
666 4295 725 4348 τὸ
752 4294 1029 4365 ἄθροισμα
1063 4294 1150 4349 ἐπ’
1183 4289 1398 4358 οὐδενὸς
1460 4295 1627 4349 ἄλλου
1683 4296 1845 4366 εὑρε-

248 4387 506 4459 θήσεται.
540 4388 652 4443 Καὶ
674 4388 860 4452 καλῶς
893 4389 1116 4460 εἴρηται
1143 4388 1203 4441 τὸ
1242 4388 1331 4441 ἔπ’
1365 4387 1583 4452 οὐδενὸς
1628 4387 1793 4441 ἄλλου
1826 4402 1841 4417 ·

248 4478 305 4530 at
352 4476 466 4548 γὰρ
504 4478 772 4549 ἰδιότητες
816 4478 1087 4532 Μελετίου
1122 4477 1332 4547 ἀτόμου
1360 4476 1515 4540 ὄντος
1560 4477 1654 4531 ἐπί
1696 4493 1847 4541 τινος

246 4568 414 4625 ἄλλου
442 4568 686 4623 νοεῖσθαι
726 4569 788 4621 οὐ
829 4567 1125 4623 δύνανται·
1176 4562 1288 4622 οἷον
1334 4566 1396 4621 τὸ
1451 4564 1596 4622 εἶναι
1630 4567 1846 4631 Βυζαν-

1944 3382 2305 3436 subsistentia
2335 3381 2419 3437 vel
2440 3381 2785 3437 individuum
2809 3382 3144 3453 appellatur.
3170 3382 3362 3454 Itaque
3382 3400 3553 3439 unum

1944 3460 2201 3543 idemque
2234 3485 2320 3528 est
2370 3472 2717 3543 subjectum,
2768 3485 2825 3530 et
2893 3477 3223 3542 substantia,
3267 3486 3322 3531 et
3369 3477 3558 3532 subsi-

1943 3564 2145 3619 stentia
2183 3566 2813 3621 :attamensubstantiae
2866 3568 3016 3621 notio
3044 3581 3151 3621 non
3178 3567 3341 3621 simul
3381 3566 3559 3622 subsi-

1943 3657 2201 3712 stentiam
2222 3657 2610 3727 complectitur
2628 3676 2643 3720 ;
2660 3658 3034 3713 subsistentiae
3051 3661 3201 3713 notio
3224 3669 3406 3714 autem
3430 3673 3557 3715 orn-

1946 3748 2037 3803 nia
2068 3748 2337 3812 continet,
2376 3750 2543 3803 etiam
2580 3748 2965 3806 substantiam.

2025 3839 2302 3894 Detiniunt
2347 3841 2511 3909 igitur
2546 3842 2970 3896 subsistentiam
3016 3842 3099 3897 sic
3138 3861 3151 3897 :
3186 3841 3554 3898 Subsistentia

1946 3939 2033 3985 est
2058 3930 2265 4000 aliquid
2292 3932 2602 3986 subsistens
2628 3942 2685 3986 et
2709 3934 3159 3996 substantiatum,
3182 3934 3236 3988 in
3259 3950 3368 4004 quo
3401 3934 3555 3989 acci-

1946 4023 2192 4077 dentium
2219 4024 2537 4093 complexus
2566 4023 2715 4077 velnt
2745 4024 2797 4076 in
2835 4024 3087 4091 subjecto
3114 4025 3298 4094 aliquo
3341 4034 3398 4079 et
3429 4034 3554 4080 actu

1946 4114 2221 4169 subsistit.
2251 4112 2320 4169 Et
2350 4115 2517 4170 simili
2547 4116 2711 4170 modo
2734 4115 3103 4171 individuum.
3131 4116 3328 4172 Dicunt
3360 4118 3509 4173 enim
3537 4136 3553 4173 :

1949 4206 2296 4261 individuum
2344 4218 2429 4262 est
2475 4208 2845 4278 compositura
2881 4209 3014 4278 quid
3072 4224 3103 4265 e
3149 4210 3555 4281 qualitatibus,

1948 4312 2181 4366 quarum
2212 4297 2535 4368 complexus
2553 4297 2608 4351 in
2636 4298 2925 4352 nulloalio
2953 4298 3289 4356 inveniatur.
3316 4301 3396 4355 Ac
3418 4298 3558 4356 bene

1947 4390 2168 4459 quidem
2212 4389 2435 4451 dicunt.
2488 4390 2542 4445 in
2571 4389 2719 4445 nullo
2755 4390 2888 4456 alio,
2952 4391 3224 4463 siquidem
3259 4392 3561 4462 qualitates

1948 4482 2171 4549 Meletii,
2206 4492 2479 4555 quatenus
2515 4494 2601 4539 est
2651 4485 3010 4551 individuum,
3057 4486 3111 4539 in
3150 4486 3298 4540 nullo
3323 4485 3433 4541 alio
3464 4502 3561 4541 co-

1949 4574 2113 4646 gitari
2144 4583 2393 4644 possunt,
2445 4574 2596 4630 verbi
2655 4574 2863 4645 gratia,
2908 4576 3055 4644 quod
3092 4564 3429 4647 Byzantinus
3463 4579 3558 4642 si],

246 4661 451 4723 τιαῖσν,
486 4658 549 4714 τὸ
584 4660 791 4731 ἰατρὸν,
827 4660 890 4713 τὸ
911 4658 1118 4725 κονδὸν,
1156 4658 1218 4712 τὸ
1246 4658 1514 4727 γλαυκὸν,
1560 4659 1623 4713 τὸ
1660 4659 1838 4727 σιμὸν¹

1954 4667 2099 4737 quod
2142 4667 2413 4732 medicus,
2445 4666 2591 4736 quod
2626 4666 2846 4730 caesius,
2882 4671 3027 4737 quod
3058 4664 3258 4730 simus,
3287 4666 3432 4736 quod
3464 4682 3562 4735 po-

248 4751 310 4805 τὸ
332 4750 623 4820 ποδαλγδν,
647 4752 710 4805 τὸ
739 4751 906 4823 οὐλὴν
944 4750 1097 4822 ἔχειν
1126 4753 1186 4804 ιν
1216 4750 1295 4822 τῷ
1325 4750 1569 4822 μετώπῳ
1602 4751 1844 4814 τοιάνδε,

246 4841 312 4895 τὸ
343 4835 485 4905 εἶναι
518 4841 831 4913 Γρηγορίου
864 4842 1017 4896 υίόνο
1080 4840 1259 4895 ταῦτα
1325 4841 1439 4914 γὰρ
1482 4842 1667 4897 πάντα
1713 4858 1845 4894 συν-

247 4932 613 5001 αθροισθέντα
636 4935 938 4989 ἀπετέλεσε
965 4934 1236 4990 Μελέτιον
1252 4934 1346 4988 τὸν
1364 4934 1519 5005 ὑμὸν,
1545 4934 1582 4990 ἄ
1602 4935 1847 4990 νοεῖσθαι

247 5021 343 5075 sui
380 5040 527 5087 τινος
553 5024 717 5080 ἄλλου
747 5025 1014 5082 ἀδύνατον
1033 5042 1050 5059 ⁸
1082 5026 1438 5099 παραλλαγαὶ
1458 5028 1570 5099 γὰρ
1590 5028 1703 5082 τῶν
1725 5029 1847 5084 ἀτό-

253 5131 373 5186 μων
399 5114 617 5170 πολλαί.

323 5204 498 5259 Πάλιν
537 5206 596 5260 δὲ
638 5206 917 5279 ὁρίζονται
966 5211 1265 5281 πρόσωπον
1291 5208 1506 5275 οὕτως·
1540 5210 1849 5281 Πρόσωπόν

250 5296 425 5362 ἔστιν,
455 5297 486 5350 δ
514 5297 604 5352 διὰ
631 5299 741 5354 τῶν
769 5300 991 5356 οἰκείων
1023 5306 1424 5378 ἐνεργημάτων
1462 5324 1521 5359 τε
1553 5308 1651 5361 καὶ
1701 5308 1850 5364 ἰδιω-

255 5392 472 5462 μάτων,
505 5398 959 5471 περιωρισμινην
997 5401 1109 5456 τῶν
1152 5405 1415 5475 ὁμοφυῶν
1452 5404 1619 5460 αὑτοῦ
1666 5406 1851 5477 παρά-

254 5498 447 5555 σχεται
472 5488 577 5559 τὴν
600 5489 928 5559 ὲμφᾶνειαν.
974 5492 1038 5547 Ἦ
1058 5493 1155 5549 οὖν
1186 5494 1277 5548 διὰ
1293 5495 1396 5567 τῆς
1438 5495 1725 5564 ἐνεργείας
1757 5498 1853 5565 ἔγ·

1955 4758 2124 4827 dagra
2180 4755 2411 4820 laboret,
2457 4757 2605 4826 quod
2657 4757 2976 4811 cicatricem
3026 4756 3082 4810 in
3119 4756 3299 4812 fronte
3333 4757 3558 4823 habeat,

1956 4851 2102 4921 quod
2137 4848 2388 4918 Gregorii
2448 4847 2592 4903 illius
2618 4847 2710 4902 sit.
2743 4846 2869 4903 llaec
2915 4848 3061 4902 enim
3087 4848 3273 4903 omnia
3307 4847 3361 4901 in
3388 4863 3559 4902 unum

1958 4942 2186 4997 collecta
2225 4937 2502 4993 Meletium
2534 4953 2714 4994 meum
2739 4937 3011 5003 efﬁciunt,
3053 4953 3156 4994 nec
3210 4937 3330 4993 fieri
3378 4947 3563 5007 potest

1958 5045 2016 5088 ut
2073 5034 2126 5087 in
2174 5031 2280 5087 alio
2329 5031 2567 5101 quodam
2612 5032 2935 5101 cogitentur
2982 5048 2997 5086 :
3046 5030 3216 5085 multa
3244 5029 3392 5086 enim
3432 5040 3566 5085 sunt

1958 5127 2366 5181 individuorum
2397 5122 2744 5178 differentiae.

2022 5216 2230 5272 Deinde
2250 5230 2543 5285 personam
2563 5214 2833 5269 definiunt
2854 5214 2935 5269 sic
2968 5231 2983 5269 :
3010 5208 3258 5269 Persona
3278 5222 3386 5279 est,
3414 5229 3561 5283 quae,

1958 5326 2054 5381 per
2084 5322 2217 5365 suos
2241 5318 2399 5363 actus
2428 5317 2485 5363 et
2512 5305 3003 5379 particularitates,
3042 5306 3111 5362 ab
3148 5306 3217 5361 iis
3256 5320 3379 5377 qua:
3422 5305 3565 5375 ejus-

1954 5402 2078 5457 dem
2111 5411 2323 5457 natum
2356 5410 2507 5468 sunt,
2544 5400 2866 5455 distinctam
2907 5414 3020 5469 pm
3059 5414 3120 5454 se
3148 5389 3268 5454 fert
3287 5398 3559 5468 speciem.

1957 5492 2014 5549 Si
2046 5506 2208 5563 quem
2234 5491 2402 5563 igitur
2432 5505 2531 5558 per
2556 5498 2742 5545 actum
2770 5490 3216 5562 qualemcunque
3248 5503 3373 5545 sese
3400 5487 3563 5544 nobis

253 5578 522 5650 γινομένη
556 5581 704 5644 τινὸς
736 5584 870 5655 ἡμῖν
903 5586 1108 5654 γνῶσις
1143 5589 1210 5642 ὲκ
1245 5589 1504 5659 θεωρίας,
1552 5589 1838 5660 πρόσωποι

1958 5584 2403 5641 manifestantem
2456 5580 2728 5649 videmus,
2788 5599 3087 5653 personam
3141 5583 3381 5640 activam
3419 5582 3566 5639 hanc

251 5668 417 5725 τοῦτο
448 5670 711 5745 ἐνεργοῦν
744 5676 935 5732 καλεῖν
960 5680 1112 5750 ἡμᾶς
1145 5678 1480 5737 ἐκδιδάσκει.
1513 5675 1640 5736 Οἷον
1668 5682 1838 5737 Μελέ⁴

1957 5679 2234 5753 appellare
2264 5676 2526 5735 solemus.
2551 5673 2644 5733 Sic
2661 5675 2914 5736 leletius
2937 5692 3116 5747 meus,
3140 5677 3359 5751 quando
3382 5675 3566 5749 explo-

328 5841 376 5875 "
410 5842 726 5913 μετάθεσιν.
