4178 6460
3604 2 4112 249 m1

663 440 804 500 I307
923 474 933 487 ρ
1963 422 2265 483 ΜΕῙᾸΞἸῚΙΔ

2369 418 2596 475 ιΝΑΟΙΙΙ

666 573 773 624 rat,
814 570 907 614 aut
937 572 1126 613 venam
1180 553 1393 619 incidit,
1444 561 1537 607 aut
1572 554 1679 606 ttrit
1725 550 1987 620 aliquem,
2037 546 2238 602 distin-

2369 558 2458 604 :to;
2476 544 2505 594 6
2530 539 2691 611 ἐμὸς,
2716 538 2805 592 ὅτε
2824 534 2999 599 ἑστὼς
3020 532 3416 603 ἀναγινώσκει,
3445 531 3478 605 ἢ
3513 530 3863 603 φλεδοτομεῐ,
3897 529 3931 605 ἢ

666 620 815 707 ειη-ιη
882 666 913 705 a
955 648 1187 704 caeteris
1246 647 1504 700 fratribus
1556 659 1615 699 se
1655 644 1907 712 praebet:
1956 646 2241 709 prepterea

2369 631 2504 685 ιιαίει
2536 629 2680 694 τινὰ,
2727 626 3170 698 ἀποκεκριμένον
3199 624 3396 678 ἐαυτὸν
3432 622 3543 677 τῶν
3594 620 3799 676 λοιπῶν
3819 620 3931 676 δεί-

668 744 1027 806 individuum,
1059 740 1203 805 quod
1232 753 1328 808 per
1374 752 1501 792 suas
1536 735 1816 807 prosprias
1854 734 2100 787 actiones
2132 732 2245 786 dis-

2369 738 2548 775 ινυσιν
2562 719 2809 789 ἀδελφῶν
2832 734 2849 750 ·
2873 719 3017 772 ὥστε
3038 717 3101 770 τὸ
3122 718 3212 771 διά
3233 717 3344 770 τῶν
3372 716 3594 770 οἰκείων
3616 714 3931 785 ἐνεργειῶν,

669 838 931 905 tinguitur
979 849 1008 888 a
1044 807 1276 894 cteteris,
1312 839 1581 899 quatenus
1638 828 1755 881 btec
1810 826 1960 889 facit,
2014 838 2245 893 persona

2369 815 2462 869 τῶν
2485 814 2691 868 λοιπῶν
2712 811 3114 884 διαιρούμενον,
3137 810 3341 881 ἄτομον
3361 810 3651 880 πρόσωπον
3681 807 3934 861 καλεῖται

669 902 891 979 dicitur.
929 924 1054 980 Jaur
1083 937 1209 976 vero
1244 936 1352 977 non
1397 921 1627 988 amplius
1660 916 1860 972 Meletii
1918 916 2090 970 solius
2115 914 2245 969 illud

2369 910 2537 965 ιοιάδε
2568 910 2778 978 ποιοῦν.
2825 909 2997 963 Τοῦτο
3030 908 3087 963 δὲ
3112 908 3213 961 οὐκ
3264 908 3346 961 ἔτι
3379 906 3648 962 Μελετίου
3678 905 3845 975 τυχὸν
3876 902 3937 956 τὸ

670 1019 870 1071 factum
902 1025 983 1070 est
1016 1012 1366 1083 particulare,
1416 1011 1560 1081 quod
1607 1009 1852 1077 exploret
1902 1015 1995 1059 aut
2058 1018 2248 1059 venam

674 1110 898 1170 incidat.
937 1107 1031 1161 sed
1067 1104 1326 1174 Stephani
1360 1116 1574 1172 quoque
1600 1110 1655 1153 et
1695 1097 1898 1152 Nicolai
1931 1114 1945 1151 :
1977 1095 2247 1167 ejusmodi

669 1204 813 1255 enim
845 1197 1192 1269 operationes
1227 1192 1537 1256 rationalis,
1561 1207 1665 1245 non
1690 1191 1828 1243 alius
1857 1198 2067 1243 natura:
2100 1194 2248 1250 sunt,

671 1292 937 1360 siquidem
964 1300 1181 1356 semper
1210 1301 1274 1339 ea
1300 1298 1419 1353 qme
1449 1283 1693 1336 eamdem
1716 1279 1989 1349 energiam
2020 1277 2249 1338 habent,

669 1386 914 1455 ejusdem
947 1381 1266 1437 substantia:
1288 1391 1409 1432 esse
1431 1376 1631 1439 solent,
1657 1374 1827 1442 quod,
1850 1369 2069 1440 quando
2097 1367 2163 1421 de
2185 1366 2251 1420 iis

671 1491 793 1546 qua:
815 1483 943 1530 sunt
972 1474 1198 1528 diversa:
1228 1479 1451 1534 natum,
1486 1466 1683 1536 agitur,
1704 1461 2060 1533 improbabile
2075 1459 2251 1513 etim-

675 1566 933 1637 possibile
968 1571 1074 1620 est.
1100 1562 1366 1617 Caeterum
1398 1575 1520 1629 qua:
1548 1558 1906 1626 beterogenea
1937 1561 1991 1607 et
2021 1552 2251 1608 diversae

676 1669 880 1714 natura:
906 1666 1056 1722 sunt,
1094 1655 1342 1709 eamdem
1371 1652 1574 1706 habere
1594 1648 1896 1717 energiam,
1930 1643 2251 1717 prudentio-

676 1766 795 1806 rum
833 1763 995 1805 nemo
1022 1744 1324 1803 concedet:
1370 1757 1545 1811 neque
1572 1742 1719 1794 enim
1755 1739 1893 1809 ignis
1934 1736 2248 1808 refrigerat,

610 1844 621 1849 ⁷
676 1854 856 1912 neque
886 1839 1089 1913 glacies
1120 1836 1407 1902 calefacit;
1434 1832 1713 1903 multiplex
1754 1840 1935 1887 autem
1968 1843 2051 1887 est
2080 1844 2253 1886 enerc

675 1933 777 2005 gim
803 1932 973 1987 notio.

723 2027 962 2098 Dicitur
990 2024 1133 2095 enim
1164 2021 1385 2093 euergia
1419 2019 1654 2091 primum
1687 2014 1946 2085 cogitatio
1994 2013 2047 2067 in
2073 2019 2257 2067 mente

676 2117 1007 2181 subsistens,
1055 2124 1218 2184 atque
1243 2122 1327 2168 est
1353 2112 1583 2181 simplex
1608 2118 1663 2163 et
1691 2107 2004 2164 necessaria
2036 2104 2260 2175 energia

680 2211 903 2276 mentis,
932 2223 1054 2280 qua:
1078 2206 1337 2263 invisibili
1363 2206 1524 2260 modo
1559 2204 1703 2259 intra
1752 2217 1815 2258 se
1846 2200 2018 2257 volvit
2053 2198 2262 2268 cogita-

683 2304 860 2361 tiones
876 2316 1025 2365 suas,
1044 2301 1163 2356 sine
1179 2300 1378 2369 quibus
1402 2311 1503 2353 nec
1534 2311 1687 2350 mens
1708 2294 1814 2348 dici
1836 2292 2033 2364 possit.
2058 2289 2263 2347 Deinde

681 2393 902 2466 energia
947 2391 1150 2446 dicitur
1198 2388 1586 2459 cogitationum
1636 2382 2015 2439 manifestatio
2064 2390 2120 2436 et
2148 2395 2252 2436 es-

683 2484 906 2559 plicatio
925 2498 1045 2554 qua:
1071 2483 1131 2535 lit
1152 2494 1249 2550 per
1276 2479 1442 2534 verba
1482 2477 1627 2548 :jam
1658 2489 1789 2529 vero
1816 2474 1933 2528 haec
1960 2485 2143 2542 neque
2176 2483 2267 2526 ne-

682 2577 925 2635 cessaria
947 2585 1031 2631 est
1059 2587 1234 2644 neque
1265 2569 1522 2639 simplex,
1552 2568 1649 2621 sed
1683 2564 2009 2621 relationem
2055 2564 2260 2629 habet;

686 2668 803 2739 ipsa
840 2666 985 2721 enim
1021 2663 1236 2726 relatio,
1269 2673 1434 2731 quam
1472 2672 1640 2728 agens
1669 2655 1839 2712 habet
1890 2656 1961 2709 ad
2008 2654 2062 2709 id
2118 2651 2266 2723 quod

687 2759 771 2826 lit,
808 2757 1030 2828 energia
1068 2754 1316 2825 quaedam
1342 2759 1445 2815 est,
1479 2759 1536 2804 et
1567 2749 1772 2819 pariter
1796 2746 1850 2802 id
1879 2760 2097 2816 quoque
2121 2744 2266 2815 quod

691 2854 771 2909 lit.
820 2850 985 2907 Verbi
1041 2862 1230 2923 causa,
1270 2859 1426 2901 mens
1481 2856 1600 2898 mea
1656 2840 1900 2896 vulneris
1955 2838 2268 2894 cicatricem

689 2942 962 3015 praevidit,
997 2952 1189 2995 manus
1213 2951 1333 2991 mea
1361 2934 1611 2999 curavit,
1656 2941 1713 2987 et
1742 2946 1908 2987 causa
1954 2929 2264 2998 disparuit:

688 3048 873 3091 nonne
898 3034 1093 3089 horum
1117 3029 1347 3098 quodvis
1378 3027 1694 3097 energicum
1721 3024 1819 3079 tibi
1847 3024 2092 3080 videtur?
2121 3021 2269 3093 Ope-

690 3128 865 3183 rantis
884 3123 1107 3182 omnino
1132 3135 1254 3177 esse
1288 3120 1461 3175 dices.
1492 3117 1757 3173 Nimirum
1788 3116 1985 3171 anima:
2021 3126 2104 3171 est
2138 3117 2271 3171 sim-

690 3216 906 3288 pliciter
922 3215 1185 3285 eogitare,
1211 3210 1279 3265 de
1309 3223 1473 3264 causa
1500 3207 1736 3274 scilicet,
1776 3205 1973 3261 animae
1998 3216 2182 3261 autem
2218 3214 2273 3260 et

690 3286 961 3378 corporis,
998 3318 1223 3369 curare;
1261 3301 1496 3369 energia
1526 3309 1710 3355 autem
1755 3299 1903 3366 linis,
1948 3308 2005 3353 ut
2033 3309 2267 3369 aegrotus
2296 3286 2338 3345 ϐ

691 3401 985 3456 sanitatem
1019 3404 1329 3465 recuperet.
1371 3391 1491 3449 Jam
1532 3391 1581 3448 si
1611 3394 1786 3462 ipsam
1828 3392 1996 3446 vitam
2023 3402 2267 3447 nostram

694 3494 1009 3553 humanam,
1058 3500 1163 3557 qua
1210 3485 1278 3538 ad
1329 3484 1508 3539 cibum
1556 3491 1855 3553 potumque
1902 3481 2268 3550 appetendum

691 3582 1067 3653 propellimur,
1107 3576 1390 3650 energiam
1438 3573 1744 3640 vocaveris,
1792 3586 2137 3644 nequaquam
2177 3587 2271 3629 er-

694 3674 860 3729 rabis.

766 3844 887 3901 Vita
916 3844 1080 3913 igitur
1106 3856 1323 3914 quoque
1357 3850 1442 3898 est
1477 3841 1718 3913 energia,
1752 3850 1810 3898 et
1845 3840 2018 3912 prima
2049 3840 2270 3912 quidem

693 3936 945 3993 animalis
965 3935 1184 4004 energia
1208 3951 1225 4000 ;
1247 3934 1359 4004 jam
1394 3933 1439 3987 si
1474 3947 1583 3988 non
1609 3931 1853 4003 energia,
1889 3930 2123 3988 affectus
2152 3948 2275 3988 om-

695 4030 828 4084 nino
857 4028 997 4084 erit:
1032 4024 1260 4080 affectus
1297 4033 1479 4079 autem
1512 4015 1731 4094 energia
1768 4032 1851 4079 est
1877 4033 2053 4079 motus
2081 4033 2273 4080 contra

697 4132 971 4183 naturam,
1011 4116 1153 4186 quod
1173 4125 1256 4171 est
1280 4114 1571 4169 absurdum
1600 4132 1613 4168 :
1637 4128 1769 4186 ergo
1790 4114 1902 4169 vita
1930 4115 2156 4171 omnino
2190 4126 2277 4172 est

696 4211 938 4280 energia.
986 4208 1162 4262 Etiam
1180 4206 1456 4271 voluntas,
1490 4214 1719 4262 eruente
1740 4207 2004 4276 originem
2046 4208 2274 4275 ducens,

696 4301 918 4370 energia
946 4308 1032 4354 est
1059 4312 1076 4353 :
1105 4313 1259 4353 mens
1282 4297 1428 4352 enim
1459 4313 1688 4354 suorum
1720 4308 1964 4355 motuum
1987 4307 2043 4353 et
2065 4298 2276 4368 cogita-

698 4393 901 4447 tionmu
930 4401 1013 4446 est
1031 4390 1205 4460 prima
1238 4403 1404 4444 causa
1452 4408 1467 4445 :
1521 4389 1763 4459 qualitas
1809 4398 1995 4445 autem
2034 4399 2278 4445 motuum

696 4492 779 4538 est
806 4482 1064 4536 voluntas
1115 4480 1182 4535 ad
1240 4494 1355 4535 rem
1410 4479 1851 4550 qualemcunque
1888 4478 2118 4535 directa.
2158 4477 2277 4534 Jam

698 4583 964 4642 quatenus
983 4580 1066 4627 est
1094 4570 1367 4635 voluntas,
1420 4578 1504 4625 est
1542 4568 1764 4640 quidem
1792 4568 2115 4639 simpliciter
2151 4585 2279 4634 una,

700 4664 797 4720 sed
835 4678 1017 4719 rerum
1049 4662 1402 4733 qualitatibus
1425 4660 1823 4718 ctdilferentiis
1846 4670 2074 4716 mutata.
2104 4660 2281 4729 Quare

702 4771 807 4811 non
844 4772 1007 4809 unum
1044 4755 1296 4826 idemque
1318 4764 1401 4811 est
1422 4754 1619 4811 anima
1648 4754 1956 4811 substantia
1998 4764 2055 4810 et
2081 4769 2280 4825 corpo-

703 4849 778 4903 ris
805 4848 1102 4913 iuclinatio,
1130 4848 1225 4902 sed
1259 4847 1346 4903 illa
1372 4847 1589 4917 quidem
1615 4856 1699 4903 est
1719 4861 1857 4919 opus
1882 4847 2005 4913 Dei,
2037 4847 2153 4903 haec
2180 4862 2281 4902 au-

702 4948 810 4993 tem
842 4953 907 4992 ex
938 4937 1092 4993 nobis
1116 4936 1246 5007 ipsis
1272 4937 1504 4993 oriunda
1529 4937 1824 5007 propensio
1842 4938 1910 4993 ad
1940 4938 2013 5005 id,
2034 4939 2103 4993 ad
2132 4939 2279 5009 quod

701 5026 845 5082 illam
872 5039 1089 5082 movere
1112 5025 1417 5082 studemus.
1448 5026 1715 5083 Voluntas
1748 5027 1918 5095 enim,
1952 5043 2050 5100 per
2071 5043 2154 5095 se,
2194 5030 2279 5086 in-

702 5128 892 5173 natum
942 5117 1072 5189 quid
1123 5126 1229 5185 est,
1260 5128 1317 5174 et
1382 5133 1410 5173 a
1442 5117 1555 5176 Deo
1579 5119 1844 5191 originem
1872 5121 2108 5189 ducens;
2159 5121 2284 5179 talis

701 5225 830 5265 vero
852 5219 947 5264 aut
969 5210 1093 5267 talis
1116 5210 1368 5269 voluntas
1389 5211 1459 5268 ad
1482 5226 1582 5268 nos
1601 5220 1842 5282 pertinet
1863 5221 1920 5270 et
1939 5214 2007 5270 ad
2030 5221 2281 5270 nostrum

700 5302 1007 5358 arbitrium.

772 5391 1100 5448 Deliberatio
1152 5402 1335 5449 autem
1380 5403 1466 5451 est
1503 5394 1813 5465 disquisitio
1853 5395 1922 5453 de
1968 5394 2281 5453 faciendis:

702 5484 1065 5541 deliberamus
1090 5486 1236 5543 enim
1267 5487 1334 5542 de
1362 5487 1432 5543 iis
1463 5503 1584 5559 qua:
1608 5488 1987 5546 indifferenter
2044 5489 2282 5561 possibi-

704 5574 773 5629 lia
796 5585 945 5632 sunt.
979 5574 1100 5633 Jam
1124 5592 1255 5635 vero
1287 5578 1664 5637 indill‘erenter
1694 5584 1975 5654 possibilia
2003 5591 2139 5640 sunt
2158 5597 2283 5655 quze

705 5677 798 5724 aut
830 5668 1009 5726 facere
1044 5685 1356 5741 possumus,
1392 5683 1487 5731 aut
1523 5689 1653 5745 non,
1687 5676 1836 5736 verbi
1866 5691 2061 5749 causa,
2092 5678 2283 5735 ambu-

780 5850 824 5884 ⁶⁸
859 5852 1090 5922 πελεχᾷν
1128 5850 1191 5910 Ρ.

2355 1001 2642 1072 ἐνέργημα
2684 1000 2845 1071 μόνον
2876 997 3431 1069 ἀποκεχειρισμένον,
3460 994 3867 1065 ἀναγινώσκειν
3903 995 3935 1062 ἢ

2358 1092 2718 1164 φλεϐοτομεῐν
2747 1093 2813 1157 ⁸⁸,
2855 1091 2991 1145 ἀλλά
3025 1094 3119 1146 καὶ
3170 1091 3451 1160 Στεφάνου
3498 1093 3593 1143 καὶ
3633 1088 3935 1143 Νικολάου·

2356 1183 2590 1253 λογικῆς
2625 1185 2735 1254 γάρ
2756 1186 2872 1237 ἐστι
2910 1182 3131 1255 φύσεως
3161 1183 3229 1237 τά
3265 1181 3493 1236 τοιαῦτα
3521 1183 3682 1253 ἔργα,
3719 1182 3812 1234 καὶ
3840 1180 3942 1234 οὐκ

2358 1275 2527 1346 ἀλλης
2548 1293 2561 1306 ·
2598 1277 2745 1342 φιλεῖ
2776 1277 2884 1347 γὰρ
2911 1277 2998 1331 ἀεὶ
3025 1276 3091 1329 τὰ
3113 1276 3214 1345 τὴν
3238 1273 3409 1346 αὐτὴν
3438 1273 3723 1343 ἐνέργειαν
3747 1272 3943 1342 ἔχοντα

2358 1366 2458 1436 τῆς
2496 1366 2667 1435 αὐτῆς
2707 1365 2976 1436 ὑπάρχειν
3031 1364 3221 1429 οὐσίας
3247 1382 3263 1398 ο
3297 1368 3393 1419 καὶ
3448 1366 3512 1419 τὸ
3562 1363 3864 1435 ἐτεροφυές
3884 1362 3946 1414 ἐν

2358 1456 2571 1519 τούτοις
2604 1455 2870 1512 ἀπίθανον
2903 1458 2995 1511 καὶ
3024 1457 3397 1512 ἀνεπίδεκτον.
3430 1457 3511 1511 Τὰ
3558 1457 3856 1528 ἑτερογενῆ
3887 1452 3945 1508 ει

2361 1546 2456 1598 καὶ
2481 1546 2751 1617 ἑτεροφυῆ
2789 1546 2891 1617 τὴν
2925 1546 3099 1617 αὐτὴν
3130 1547 3415 1617 ἐνέργειαν
3451 1546 3552 1599 οὐκ
3596 1544 3661 1600 ἄν
3688 1560 3775 1608 τις
3796 1543 3945 1613 ἔχειν

2359 1636 2476 1708 δοίη
2516 1638 2814 1709 σωφρονῶν
2840 1656 2857 1672 ο
2892 1640 3017 1693 οὔτε
3048 1639 3157 1709 γὰρ
3182 1637 3349 1709 ψύχει
3375 1638 3435 1692 τδ
3484 1636 3621 1710 πῦρ,
3654 1635 3782 1691 οὔτε
3818 1635 3947 1705 θερ-

2365 1728 2548 1799 μαίνει
2583 1729 2612 1780 6
2642 1726 2982 1799 κρύσταλλος
3008 1746 3023 1761 ·
3060 1729 3379 1802 πολύσημος
3422 1728 3481 1784 δὲ
3508 1730 3628 1783 ἐστι
3654 1728 3758 1799 τῆς
3787 1727 3946 1798 ἐνερ-

2363 1819 2524 1888 γείας
2556 1822 2589 1892 ἡ
2615 1822 2796 1891 φωνή.

2431 2035 2669 2105 Λέγεται
2698 2035 2810 2108 γάρ
2832 2035 3088 2108 ἐνέργεια
3105 2036 3167 2091 τδ
3191 2036 3412 2109 πρῶτον
3430 2036 3491 2091 ἐν
3511 2035 3595 2091 νοτ
3615 2032 3949 2106 συνιστάμε-

2360 2143 2452 2182 νον
2474 2127 2657 2199 νόημα
2681 2145 2697 2162 ο
2755 2128 2851 2183 καὶ
2885 2129 3035 2183 ἐστιν
3081 2129 3229 2199 ἀτιλῆ
3260 2129 3356 2183 καὶ
3413 2129 3645 2200 ἄσχετος
3688 2128 3950 2200 ἐνέργεια

2362 2219 2460 2274 τοῦ
2491 2219 2607 2286 νοῦ,
2643 2219 2770 2275 καθ’
2809 2220 2979 2277 αὑτὸν
3020 2218 3250 2292 ἀφανῶς
3275 2222 3347 2276 τά
3375 2220 3487 2275 ἴδια
3515 2221 3763 2293 νοήματα
3814 2235 3953 2291 προ-

2364 2312 2703 2385 ϐαλλομένου
2727 2328 2742 2347 ⁸
2763 2306 2842 2368 ὧν
2874 2313 3049 2385 χωρὶς
3080 2313 3205 2368 ούδὶ
3230 2312 3358 2377 νοῦς
3389 2312 3459 2368 ἂν
3488 2312 3743 2384 κληθείη.
3778 2310 3954 2379 Λὲγσ-

2362 2418 2455 2456 ται
2509 2402 2674 2457 πάλιν
2706 2401 2979 2473 ἐνέργεια,
3009 2404 3044 2472 ἠ
3075 2401 3164 2457 διὰ
3192 2402 3294 2473 τῆς
3329 2402 3615 2473 προφορᾶς
3658 2398 3755 2454 τοῦ
3786 2399 3951 2469 λόγου

2364 2493 2676 2566 φανέρωσις
2709 2494 2802 2548 καὶ
2832 2492 3147 2559 ἐξάπλωσις
3172 2492 3282 2549 τῶν
3314 2491 3656 2563 νενοημένων
3675 2503 3690 2516 ’
3726 2488 3794 2545 αὖ
3805 2506 3869 2559 τη
3896 2488 3954 2543 δέ

2363 2584 2467 2639 οὐκ
2512 2586 2594 2639 ετι
2622 2586 2853 2656 ἄσχετος
2879 2586 2977 2640 καὶ
3022 2585 3191 2656 ἁπλῆ,
3220 2582 3340 2639 ἀλλ’
3394 2584 3455 2637 ἐν
3492 2582 3672 2654 σχέσει
3717 2580 3955 2653 θεωρου-

2370 2675 2509 2747 μένη
2534 2691 2550 2707 ο
2585 2675 2684 2729 καὶ
2704 2674 2815 2747 γάρ
2853 2674 2993 2747 αὐτὴ
3019 2677 3053 2746 ἡ
3086 2676 3297 2746 σχέσις,
3327 2674 3396 2746 ἣν
3430 2674 3546 2745 ἔχει
3596 2671 3733 2744 πρὸς
3769 2671 3834 2724 τὸ
3870 2686 3955 2739 γι-

2368 2768 2594 2839 νόμενον
2623 2768 2653 2822 6
2684 2766 2879 2831 ποιῶν,
2905 2767 3161 2839 ἐνέργειά
3194 2765 3279 2830 τίς
3304 2767 3423 2819 ἐστι
3454 2780 3469 2796 ·
3499 2766 3595 2817 καὶ
3620 2764 3760 2835 αὐτὴ
3783 2761 3953 2817 πάλιν

2366 2858 2430 2913 τὸ
2476 2857 2913 2930 ἀποτελούμενον
2946 2858 3171 2929 ὁμοίως.
3203 2852 3352 2921 Οἷον,
3404 2855 3794 2928 προεθεώρησι
3847 2872 3951 2927 μου

2366 2951 2397 3004 6
2422 2949 2547 3015 νοῦς
2569 2950 2632 3004 τὸ
2655 2951 2813 3016 ἕλκος
2842 2950 2939 3005 τοῦ
2972 2950 3312 3022 τραύματος,
3345 2948 3745 3021 ἐχειρούργησέ
3778 2964 3882 3018 μου
3913 2947 3949 3017 ἡ

2369 3046 2510 3113 χεὶρ,
2534 3043 2630 3099 καὶ
2658 3042 2969 3113 ἐξεκενώθη
3014 3043 3078 3097 τὸ
3104 3044 3307 3097 αἴτιον·
3362 3040 3702 3112 ἀπετελέσθη
3727 3042 3755 3094 6
3786 3038 3950 3093 ἀσθε-

2371 3134 2478 3187 νῶν
2506 3135 2695 3206 ὐγιήςο
2747 3131 2839 3207 ἆρ’
2884 3129 2980 3190 οὖν
3011 3134 3163 3188 δοκεῖ
3187 3152 3271 3188 σοι
3299 3134 3510 3188 τούτων
3536 3134 3769 3187 ἕκαστον
3794 3132 3952 3200 ἐνερ-

2372 3225 2502 3293 γόν;
2536 3224 2641 3278 Τοῦ
2664 3226 2951 3291 ποιοῦντος
2988 3221 3131 3281 εἶναι
3162 3225 3381 3289 πάντως
3410 3226 3579 3296 ἐρεῖς.
3609 3223 3719 3277 Καὶ
3756 3221 3820 3275 τὸ
3852 3220 3953 3292 μὲν

2372 3317 2488 3369 ἐστι
2516 3316 2700 3388 ψυχῆς
2737 3316 2927 3382 ἁπλῶς
2951 3318 3013 3371 τὸ
3041 3317 3235 3389 νοῆσαι
3259 3316 3510 3388 δηλονότι
3536 3316 3598 3369 τὸ
3636 3316 3811 3369 αἴτιον
3836 3329 3853 3345 ο
3894 3312 3953 3366 τὺ

2371 3406 2428 3460 δὲ
2465 3404 2645 3477 ψυχῆς
2680 3407 2774 3460 καὶ
2809 3406 3084 3477 σώματος,
3112 3401 3227 3461 οἷον
3253 3407 3314 3460 τδ
3344 3405 3745 3478 χειρουργῆσαι
3767 3421 3779 3436 ο
3814 3403 3955 3474 πλὴν

2373 3498 2475 3569 τῆς
2500 3498 2785 3570 ἐνεργείας
2815 3496 3026 3551 ἔνεστιν
3052 3496 3403 3568 ἀποτέλεσμα
3435 3497 3496 3551 τὸ
3526 3494 3846 3565 ἐγγενέσθαι
3866 3492 3955 3548 τὸν

2372 3588 2710 3645 ἀσθενοῦντα
2735 3588 2866 3659 ύγιῆ
2895 3605 2911 3621 υ
2962 3587 3250 3659 ἐνέργειαν
3275 3588 3331 3642 δέ
3368 3588 3462 3641 καὶ
3490 3590 3593 3658 τὴν
3623 3585 3770 3658 ζωὴν
3796 3584 3955 3655 ἡμῶν

2372 3680 2473 3750 τὴν
2501 3678 2644 3756 κατά
2676 3676 2991 3756 ἄνθρωπον,
3026 3675 3152 3731 καθ’
3174 3676 3243 3747 ἢν
3273 3674 3575 3746 κινούμεθα
3608 3674 3745 3746 πρὸς
3774 3673 3954 3744 ὄρεξιν

2372 3754 2589 3844 τροφῶν
2619 3769 2654 3842 ἢ
2689 3754 2880 3834 ποτοῦ,
2915 3767 3087 3822 είπὼν
3117 3768 3219 3822 οὐκ
3244 3767 3310 3822 ἂν
3345 3768 3624 3838 ἁμάρτῃς.

2457 3863 2744 3935 Ἐνὲργεια
2767 3856 2862 3915 οῦν
2900 3868 2996 3915 καὶ
3024 3862 3056 3931 ἡ
3088 3859 3227 3931 ζωὴ,
3255 3862 3352 3914 καὶ
3374 3860 3408 3930 ἡ
3432 3858 3627 3931 πρώτη
3672 3858 3768 3912 τοῦ
3814 3856 3952 3923 {meo

2376 3954 2663 4026 ἐνέργεια·
2697 3954 2745 4007 εἰ
2771 3953 2826 4008 δὲ
2858 3952 2933 4026 μὴ
2961 3954 3237 4025 ἐνέργεια,
3274 3954 3494 4016 πάντως
3541 3951 3751 4016 πάθος-
3784 3951 3955 4015 πάθος

2376 4046 2486 4117 γὰρ
2518 4045 2793 4116 ἐνέργεια,
2821 4047 2856 4117 ἡ
2893 4044 3047 4117 παρὰ
3079 4042 3244 4115 φύσιν
3266 4043 3512 4114 κίνησιςο
3546 4043 3686 4115 ὅπερ
3718 4041 3951 4097 ἀτοπον⁶

2378 4136 2574 4190 οὐκοῦν
2621 4134 2875 4206 ἐνέργεια
2918 4134 3137 4197 πάντως
3181 4135 3214 4203 ἠ
3257 4132 3394 4203 ζωή.
3453 4131 3743 4203 Ἐνὲργεια
3781 4130 3877 4185 καὶ
3919 4129 3954 4201 ἠ

2382 4226 2623 4297 θέλησις,
2652 4226 2902 4297 γέννημα
2948 4221 3086 4280 οὖσα
3119 4224 3274 4289 νοός·
3315 4224 3440 4289 νοῦς
3482 4224 3581 4295 μὲν
3626 4224 3737 4296 γὰρ
3762 4223 3872 4277 τῶν
3900 4225 3955 4277 ἐν

2380 4319 2529 4389 αὐτῷ
2547 4318 2821 4390 κινήσεων
2841 4320 2936 4373 καὶ
2957 4318 3179 4373 ἐννοιῶν
3209 4318 3713 4389 προκαταρκτικόςο
3737 4318 3957 4387 ποιότης

2379 4406 2435 4461 δὲ
2461 4408 2805 4479 κινημάτων,
2843 4410 2877 4479 ἡ
2908 4411 2995 4478 ἐφ’
3028 4407 3239 4477 ὁτῳοῦν
3274 4410 3370 4462 καὶ
3420 4406 3508 4477 ἐφ’
3534 4409 3751 4478 ἑκάστῳ
3804 4409 3957 4481 θέλη-

2384 4518 2468 4565 σις
2491 4518 2506 4533 ο
2552 4500 2833 4572 μονοειδὴς
2870 4501 2973 4571 μέν
3002 4518 3087 4567 τις
3114 4498 3253 4555 οὖσα
3281 4500 3426 4555 κατά
3459 4517 3523 4570 γε
3549 4501 3610 4555 τὸ
3632 4496 3773 4555 εἶναι
3806 4501 3957 4571 θέλη-

2385 4610 2469 4657 σις
2498 4592 2718 4657 ἀπλῶς³
2777 4593 2899 4655 ταῖς
2948 4591 3007 4646 δὲ
3038 4592 3152 4647 τῶν
3209 4591 3553 4663 πραγμάτων
3589 4592 3838 4661 ποιότησι
3867 4592 3956 4646 καὶ

2386 4682 2671 4755 διαφοραῖς
2690 4681 3133 4755 ἐξαλλασσομὲνη
3149 4700 3165 4715 ·
3192 4684 3273 4738 ὅτι
3297 4683 3359 4736 ού
3381 4682 3576 4737 ταύτδν
3600 4682 3780 4754 ψυχῆς
3804 4683 3864 4736 οὗ
3874 4680 3956 4735 σία

2387 4773 2481 4826 καὶ
2528 4772 2784 4845 σώματος
2817 4772 3143 4845 προαίρεσις
3170 4790 3184 4804 ·
3216 4771 3333 4827 ἀλλ’
3381 4774 3415 4842 ἡ
3453 4772 3551 4842 μέν
3606 4774 3757 4826 ἐστιν
3800 4774 3956 4845 ἔργον

2385 4863 2520 4920 Θεοῦ
2543 4881 2559 4897 ο
2592 4867 2626 4937 ἡ
2657 4865 2715 4919 δὲ
2743 4864 2805 4930 ἐξ
2831 4864 2991 4936 ἡμῶν
3041 4864 3224 4918 αὐτῶν
3274 4866 3534 4937 γινομένη
3566 4864 3778 4936 κίνησις
3823 4864 3954 4935 πρὸς

2382 4956 2520 5028 ὅπερ
2565 4955 2634 5011 ἂν
2686 4956 2861 5027 αὐτὴν
2905 4954 3257 5027 βουληθῶμεν
3300 4956 3530 5026 ἀγαγεῖν
3558 4972 3573 4987 ο
3614 4959 3648 5028 ὴ
3705 4957 3807 5028 μὲν
3852 4955 3953 5027 γὰρ

2384 5046 2638 5121 βούλησις
2663 5047 2929 5120 ἔμφυτον,
2971 5048 3069 5103 καὶ
3107 5048 3258 5118 παρά
3287 5048 3424 5103 Θεοῦ
3447 5065 3463 5080 ο
3499 5050 3532 5121 ἡ
3556 5048 3613 5103 δὲ
3631 5048 3809 5106 τοιάδε
3831 5047 3949 5121 βού-

2384 5138 2541 5213 λησις
2576 5141 2849 5213 ἡμετέρα,
2878 5139 2978 5195 καὶ
3004 5140 3105 5213 τῆς
3128 5140 3357 5214 γνώμης
3384 5142 3563 5214 ἡμῶν.

2461 5402 2723 5473 Βούλησις
2769 5401 2828 5457 δέ
2887 5401 3007 5457 ἐστι
3050 5402 3283 5475 ζήτησις
3331 5402 3459 5476 περὶ
3523 5402 3950 5477 αὐτοπράκτων·

2391 5492 2695 5565 βουλόμεθα
2725 5492 2835 5563 γάρ
2864 5494 2995 5565 περὶ
3041 5492 3152 5548 τῶν
3184 5492 3383 5564 ἐπίσης
3405 5494 3770 5567 ἐνδεχομένων
3795 5510 3811 5527 ο
3843 5493 3950 5549 εστι

2388 5585 2447 5640 δὲ
2469 5584 2668 5657 ἐπίσης
2696 5583 3069 5656 ἐνδεχόμενον,
3120 5584 3150 5639 δ
3177 5585 3310 5639 αὐτό
3341 5601 3401 5639 τε
3450 5586 3735 5657 δυνάμεθα
3762 5588 3949 5652 ποιεῖν,

2391 5677 2567 5733 καὶτὸ
2592 5674 2971 5747 ἀντικείμενον
2995 5673 3143 5748 αὐτῷ
3158 5692 3172 5708 ο
3194 5669 3330 5747 οἷον,
3347 5676 3411 5732 τὺ
3439 5677 3846 5753 περιπατῆσαι,
3867 5677 3951 5733 καὶ
