4178 6446
273 359 410 418 i309

1533 351 1620 406 DE
1661 349 1849 410 NATU
1861 349 1950 404 ΠΛ
1994 347 2304 406 HOMINIS.

3435 347 3577 408 i310

274 475 355 546 μὴ
382 471 787 542 περιπατῆσαι·
821 471 884 526 τὸ
935 471 1190 537 πλεῦσαι,
1217 470 1310 523 καὶ
1351 468 1426 547 μὴ
1457 467 1692 522 πλεῦσαι
1721 484 1735 499 ·
1771 467 1867 520 ἐπὶ

1973 467 2089 522 lare
2116 476 2212 520 aut
2242 480 2352 521 non
2384 465 2695 530 ambulare,
2724 465 2985 536 navigare
3007 474 3102 520 aut
3129 480 3238 521 non
3269 469 3563 533 navlaare;

267 563 482 619 τούτων
503 564 610 637 γὰρ
639 565 732 618 καὶ
760 563 872 617 τῶν
896 563 1098 634 ὁμοίων
1128 561 1459 634 ὴβρὺλησις.
1497 562 1571 614 Th
1601 562 1656 614 δὲ
1675 563 1740 614 ἐκ
1766 561 1865 630 τῆς

271 654 586 727 βουλήσεως
612 653 914 725 προκριθὲν
941 652 1276 724 προαιρετὸν
1305 651 1460 704 ποιοὺ
1471 651 1632 721 μεθα.
1675 651 1866 704 Ἔστιν

269 739 366 799 οῦν
407 747 440 816 ἡ
473 745 798 817 προαίρεσις
839 743 1033 814 μικτόν
1063 761 1117 796 τι
1166 745 1401 815 πρᾶγμα
1437 744 1500 794 ἐκ
1532 741 1862 812 βουλήσεως,

272 837 368 892 καὶ
397 836 656 908 κρίσεως,
688 837 785 889 καὶ
832 835 1093 903 ὀρέξεως.
1131 835 1470 905 Προαιρετδν
1515 834 1622 904 γάρ
1654 836 1771 887 ἐστι
1804 834 1867 886 τὸ

271 930 462 1001 ἕτερον
496 930 603 999 πρὸ
632 928 824 1000 ἑτέρου
864 928 1104 1001 αἱρετόν.
1161 927 1351 991 Οὐδεὶς
1398 928 1455 980 δὲ
1495 926 1784 997 προκρίνει
1813 942 1866 978 τι

275 1023 354 1093 μὴ
387 1021 847 1092 βουλευσάμενος,
879 1021 1001 1075 οὑδὲ
1034 1020 1322 1090 αἱρεῖται,
1359 1019 1435 1090 μὴ
1481 1020 1700 1090 κρίνας.
1732 1017 1867 1070 Τότε

273 1110 368 1166 οὖν
396 1112 716 1183 προαίρεσις
751 1115 843 1167 καὶ
868 1113 1194 1184 προαιρετὸν
1223 1112 1432 1180 γίνεται
1458 1112 1520 1164 τὸ
1563 1110 1866 1182 προκριθὲν

275 1205 342 1254 lx
375 1202 478 1272 τῆς
511 1203 842 1273 βουλήσεως,
870 1203 1001 1257 ὅταν
1030 1201 1320 1274 προσλάϐῃ
1372 1201 1470 1272 τὴν
1499 1199 1702 1272 ὄρεξιν.
1737 1199 1868 1251 Συν-

277 1295 473 1361 άγεται
521 1295 578 1347 δὲ
613 1298 678 1347 ὲκ
720 1295 948 1359 τούτων,
977 1295 1305 1364 προαίρεσιν
1335 1289 1478 1345 εἶναι
1517 1291 1696 1362 ὄρεξιν
1742 1289 1868 1360 βου-

276 1385 536 1456 λευτικὴν
564 1386 611 1416 ⁷⁸
642 1385 753 1438 τῶν
781 1387 867 1454 ἐφ’
907 1387 1060 1455 ἡμῖν.
1085 1384 1194 1438 Τοῦ
1227 1385 1336 1455 γάρ
1373 1383 1769 1455 προκριθέντος
1804 1385 1870 1436 ὲκ

276 1479 381 1547 τῆς
435 1477 634 1548 βουλῆς
688 1477 960 1548 ἐφιέμεθα
1013 1478 1488 1548 προαιρούμενοι,
1549 1478 1624 1540 ὡς
1689 1475 1870 1547 κύριοι

278 1570 660 1642 προαιρέσεως
700 1570 794 1623 καὶ
839 1570 1034 1640 βουλῆς
1064 1570 1250 1634 ὄντεςο
1305 1571 1400 1624 καὶ
1447 1568 1508 1634 ἐξ
1552 1569 1871 1622 ὑποστάτων

277 1661 500 1730 λογικαὶ
525 1663 874 1728 ὑποστάσεις.

365 1841 768 1897 Ἐνυπόστατον
810 1843 868 1896 δέ
922 1843 1042 1897 ἐστι
1078 1843 1307 1915 κυρίως,
1359 1844 1390 1914 ἢ
1435 1844 1496 1898 τὸ
1540 1845 1666 1897 καθ’
1711 1844 1873 1898 ἑαυτὸ

281 1933 388 2003 μὲν
448 1933 524 2002 μὴ
581 1934 976 2004 ὑφιστάμενον,
1030 1937 1168 1990 ἀλλὰ
1230 1939 1289 1990 ὲν
1357 1938 1480 2000 ταῖς
1536 1936 1871 1990 ὑποστάσεσι

281 2024 664 2096 θεωρούμενον
691 2027 760 2057 ⁷¹’
784 2026 974 2099 ὥσπερ
997 2027 1060 2080 τὸ
1083 2024 1222 2091 εἶδος
1247 2029 1428 2099 ἡμῶν,
1452 2030 1617 2099 ἧγουν
1643 2029 1675 2098 ἠ
1711 2029 1874 2098 φύσις

280 2118 391 2172 τῶν
446 2120 773 2191 ἀνθρώπων,
827 2125 886 2176 ὲν
946 2124 1053 2194 ἰδίᾳ
1086 2123 1390 2177 ὑποστάσει
1442 2125 1503 2177 οὑ
1560 2125 1873 2195 θεωρεῖται,

279 2209 398 2264 ἀλλ’
434 2212 492 2264 ὲν
534 2212 866 2282 Ἀθανασίῳ,
916 2215 948 2284 ἢ
1004 2214 1256 2286 Μελετίῳ
1289 2217 1357 2279 ⁷¹,
1409 2215 1442 2285 ἢ
1494 2215 1763 2286 Κυριακῷ
1797 2213 1876 2284 τῷ

280 2302 678 2373 χρυσογράφῳ,
710 2305 804 2357 καὶ
838 2307 958 2368 ταῖς
1001 2305 1220 2370 λοιπαῖς
1255 2307 1365 2358 τῶν
1399 2306 1707 2376 ἀνθρώπων
1739 2306 1869 2357 ὑπο-

283 2394 563 2459 στάσεσιν,
598 2395 630 2464 ἢ
676 2395 736 2448 τὸ
768 2396 862 2449 σὺν
911 2397 1057 2467 ἄλλῳ
1088 2397 1336 2469 διαφόρῳ
1373 2399 1518 2452 κατὰ
1560 2399 1659 2470 τὴν
1686 2399 1876 2453 οὑσίαν

283 2483 366 2545 εἰς
417 2483 548 2554 ὃλην
604 2486 724 2549 νοὸς
757 2486 804 2518 ⁷⁸
847 2486 1068 2554 γένεσιν
1119 2487 1542 2559 συντιθέμενονο
1590 2492 1686 2544 καὶ
1744 2491 1876 2561 μίαν

285 2573 588 2639 ὑπόστασιν
628 2575 932 2629 ἀποτελοῦν
979 2577 1282 2630 ὑπόστασιν
1334 2577 1616 2632 σύνθετον.
1655 2572 1805 2644 Οἷον,
1849 2580 1878 2632 ὁ

284 2663 574 2734 ἄνθρωπος
602 2666 666 2719 ὲκ
696 2666 876 2738 ψυχῆς
909 2670 1025 2721 ἐστι
1051 2669 1145 2722 καὶ
1181 2669 1432 2740 σώματος
1463 2671 1875 2740 συντιθέμενον,

285 2754 384 2809 καὶ
411 2755 536 2809 οὔτε
583 2759 618 2828 ὴ
676 2758 825 2830 ψυχὴ
869 2761 1007 2830 μόνη
1052 2762 1266 2830 γίνεται
1301 2763 1623 2827 ὑπόστασις,
1662 2762 1787 2816 οὕτε
1816 2763 1878 2816 τὸ

288 2843 472 2914 σῶμα,
506 2845 623 2899 ἀλλ’
661 2849 720 2901 ὲν
761 2849 1079 2922 ὑποστάτῳο
1120 2851 1257 2905 τὸδὲ
1287 2852 1346 2917 ἐξ
1385 2854 1714 2924 ἀμφοτέρων
1738 2856 1877 2908 ἁπο-

284 2935 614 3006 τελούμενον
669 2939 967 3006 ὑπόστασις
1014 2944 1368 3014 ἀμφοτέρων.
1446 2946 1598 2998 Ἐπεὶ
1658 2942 1753 2999 οὖν
1803 2947 1879 3009 ὼς

287 3026 591 3093 ὑπόστασις
622 3033 681 3098 ἐξ
711 3033 1099 3090 ὲνυποστάτων
1131 3036 1284 3090 τουτὶ
1322 3037 1384 3089 τὸ
1416 3037 1600 3108 νόημα
1639 3038 1879 3091 συνείλε-

1969 559 2022 613 in
2058 559 2144 614 bis
2169 558 2315 613 enim
2366 572 2432 613 ac
2461 557 2734 614 similibus
2767 558 3094 613 deliberatio
3143 569 3416 613 versatur.
3450 559 3571 616 Jam

1969 650 2138 719 quod,
2168 649 2416 704 instituta
2442 648 2861 716 deliberatione,
2897 651 3323 719 przrponendum
3349 651 3569 720 putavi-

1969 758 2116 808 mus,
2156 742 2260 798 hoc
2288 741 2447 798 nobis
2480 742 2864 813 proponimus.
2898 742 2994 796 Est
3028 743 3198 812 igitur
3226 745 3568 812 pr0positum

1969 835 2193 890 mistum
2231 835 2361 905 quid
2387 850 2418 890 e
2456 835 2860 901 diliberatione,
2884 833 3092 903 judicio
3121 845 3175 890 et
3194 835 3568 890 inclinatione.

1968 925 2404 995 Prmponendum
2455 928 2601 982 enim
2647 928 2850 981 dicitur
2894 927 3039 995 quod
3095 941 3207 995 pra:
3251 925 3429 981 altero
3482 939 3574 982 est

1969 1021 2304 1088 ponendum.
2342 1019 2516 1074 Nemo
2543 1030 2727 1074 autem
2763 1020 3185 1090 praeponendum
3215 1019 3345 1090 quid
3383 1029 3573 1075 censet

1970 1113 2074 1166 nisi
2104 1122 2261 1167 antea
2297 1113 2705 1180 deliberaverit,
2737 1127 2914 1182 neque
2950 1113 3126 1182 eligit,
3159 1122 3452 1182 antequam
3487 1112 3575 1179 ju-

1971 1203 2255 1258 dicaverit.
2285 1201 2423 1257 Cum
2447 1203 2611 1273 igitur
2631 1204 2698 1256 ad
2725 1203 2776 1256 id
2809 1205 2952 1272 quod
2978 1201 3379 1273 pra'l'erendum
3412 1201 3575 1254 duxi-

1972 1308 2113 1355 mus,
2168 1293 2386 1346 accedit
2442 1291 2764 1353 inclinatio,
2809 1301 2940 1345 tunc
3006 1291 3349 1360 propositum
3410 1305 3574 1344 voca-

1973 1394 2080 1437 tur.
2107 1384 2182 1438 Ex
2221 1385 2305 1438 his
2350 1383 2588 1438 cﬂicitur
2619 1384 2956 1452 propositum
3004 1398 3128 1438 esse
3164 1383 3574 1438 inclinationem

1972 1475 2272 1530 voluntatis
2306 1486 2534 1530 nostrm.
2580 1475 2660 1529 Ad
2696 1475 2824 1528 illud
2857 1477 3003 1529 enim
3028 1475 3171 1543 quod
3197 1515 3212 1541 ,
3242 1473 3448 1543 judicio
3488 1477 3576 1526 in-

1973 1569 2187 1631 stituto,
2219 1568 2582 1637 pra-tulimus,
2610 1569 2908 1623 voluntatis
2943 1583 3046 1637 ope
3076 1567 3448 1636 aggredimur,
3487 1575 3576 1620 ut-

1974 1669 2105 1730 pote
2132 1660 2228 1730 qui
2258 1661 2524 1729 propositi
2555 1674 2623 1715 ac
2659 1661 2958 1714 voluntatis
2984 1658 3190 1713 dontini
3224 1659 3424 1724 simus,
3477 1671 3578 1712 nec

1977 1767 2082 1807 non
2114 1751 2440 1806 substantia:
2469 1739 2793 1806 rationales.

1907 1812 1946 1867 Β
2047 1843 2475 1899 Consubsistens
2502 1853 2687 1896 autem
2718 1853 2803 1897 est
2831 1841 3071 1910 proprie,
3100 1842 3183 1894 vel
3207 1840 3354 1909 quod
3391 1855 3488 1910 per
3517 1853 3580 1895 se

1978 1947 2083 1987 non
2117 1933 2369 1988 subsistit
2397 1950 2410 1986 :
2449 1942 2504 1986 ut
2535 1933 2709 2002 ligura
2739 1944 2948 1998 nostra,
2970 1941 3064 1984 aut
3090 1941 3286 1984 natura
3313 1931 3579 1995 humana,

1977 2040 2100 2094 qua:
2126 2041 2234 2081 non
2275 2034 2581 2080 cernuntur
2627 2024 2680 2078 in
2732 2025 2952 2094 propria
3011 2023 3342 2088 substantia,
3391 2023 3488 2077 sed
3523 2022 3580 2076 in

1977 2118 2290 2173 Athanasio
2321 2117 2403 2172 vel
2439 2116 2680 2182 Meletio,
2737 2116 2822 2171 vel
2871 2116 3104 2186 Cyriaco
3154 2114 3400 2180 librario,
3431 2122 3486 2168 et
3525 2112 3580 2167 in

1977 2213 2195 2267 caneris
2231 2211 2558 2266 substantiis
2581 2211 2878 2265 humanis:
2913 2209 2997 2264 vel
3022 2209 3314 2279 quodcum
3352 2207 3462 2260 alio
3485 2221 3580 2261 se-

1978 2306 2214 2359 cundum
2241 2305 2540 2358 essentiam
2570 2302 2859 2358 diﬂ'erente
2892 2303 2959 2356 ad
2980 2311 3155 2356 totum
3190 2287 3322 2370 quid
3342 2299 3584 2355 ellicien-

1978 2394 2106 2449 dum
2124 2407 2208 2449 est
2225 2395 2584 2465 compositum
2621 2402 2677 2449 et
2694 2409 2853 2448 unam
2876 2392 3168 2448 essentiam
3189 2390 3361 2445 efﬁcit
3392 2405 3585 2446 essen-

1980 2488 2111 2541 tiam
2125 2488 2502 2555 compositam.
2525 2484 2721 2550 llomo,
2737 2483 2968 2552 exentpli
2983 2485 3185 2553 gratia,
3204 2492 3288 2537 est
3305 2482 3586 2553 composi-

1981 2588 2066 2632 tus
2086 2593 2152 2632 ex
2185 2579 2364 2632 anima
2395 2587 2448 2631 et
2486 2577 2875 2646 corpore;jam
2901 2590 3031 2630 vero
3053 2589 3230 2643 neque
3258 2574 3440 2628 anima
3467 2574 3581 2629 sola

1979 2679 2063 2727 est
2089 2671 2422 2737 substantia,
2456 2685 2636 2740 neque
2660 2684 2882 2735 corpus,
2903 2668 3001 2722 sed
3027 2668 3078 2722 in
3106 2668 3389 2722 substrato
3413 2678 3578 2735 sunt;
3631 2655 3647 2667 ’

1981 2765 2126 2832 quod
2165 2772 2348 2817 autem
2390 2777 2461 2817 ex
2517 2771 2755 2831 utroque
2791 2761 3048 2825 eﬂicitur,
3099 2759 3388 2829 utriusque
3447 2759 3585 2814 sub-

1980 2853 2186 2907 stantia
2243 2861 2348 2907 est.
2397 2851 2533 2908 Cum
2587 2852 2756 2922 igitur
2800 2851 2917 2905 haec
2967 2865 3191 2920 quoque
3236 2850 3584 2916 dissertatio,

1981 2944 2304 2999 substantiae
2337 2944 2532 3009 instar,
2564 2957 2596 2998 e
2635 2941 3172 2997 consubsistentibus
3219 2939 3446 2995 collecta
3500 2939 3576 2994 sit

1982 3043 2038 3090 et
2073 3034 2381 3104 composita
2419 3049 2435 3088 :
2482 3032 2732 3101 corporis
2763 3032 2909 3086 enim
2954 3030 3210 3084 animalis
3250 3027 3450 3084 similis
3501 3039 3588 3085 est

287 3135 418 3171 κται
452 3121 546 3173 καὶ
597 3123 978 3179 συντέθειται·
1027 3127 1242 3198 σώματι
1299 3128 1410 3201 γάρ
1451 3127 1594 3194 ζὼου
1646 3129 1872 3183 ἔοικενὲ

1987 3126 2170 3182 oratio
2211 3126 2423 3196 prolixa
2451 3135 2506 3180 et
2527 3124 2881 3194 explicativa,
2907 3131 2962 3177 et
2994 3121 3177 3191 quoad
3214 3137 3307 3178 res
3327 3123 3379 3176 in
3409 3135 3471 3175 ea
3497 3137 3590 3176 ex-

291 3210 438 3264 κατά
475 3212 756 3286 ἀποτάδην
791 3217 884 3270 καὶ
937 3217 1229 3284 summa;
1256 3219 1417 3289 λόγος
1441 3236 1455 3250 ·
1506 3219 1881 3289 ἀναλογοῦσαν

290 3301 434 3372 ἔχων
462 3304 610 3377 ψυχῇ
640 3306 742 3377 μὲν
768 3308 870 3378 τὴν
895 3308 1131 3378 ἔννοιαν,
1168 3311 1384 3382 σώματι
1415 3312 1473 3366 δὲ
1521 3312 1621 3384 τὴν
1660 3314 1884 3386 φράσιν.

1988 3220 2196 3291 positas
2240 3219 2463 3283 animae,
2515 3217 2694 3286 quoad
2741 3223 2922 3270 autem
2966 3213 3263 3268 dictionem
3321 3215 3574 3282 corporis

1988 3311 2284 3382 imaginem
2343 3309 2535 3365 refert.
2575 3307 2758 3365 Gloria
2791 3309 2863 3362 sit
2891 3313 3054 3375 atque
3113 3304 3306 3376 gratim
3355 3303 3587 3360 Domino

291 3394 436 3460 Δόξα
471 3398 666 3471 Κυρίῳ
700 3399 779 3472 τῷ
807 3401 950 3473 Θεῷ,
1001 3405 1099 3458 καὶ
1138 3405 1464 3476 εὐχαριστία
1514 3406 1594 3478 τῷ
1637 3407 1872 3479 συνεργῷ

1990 3418 2058 3458 ac
2082 3403 2216 3467 Deo,
2248 3401 2340 3472 qui
2365 3400 2612 3456 omnium
2646 3399 2915 3454 bonorum
2950 3405 3144 3452 auctor
3179 3405 3267 3452 est
3291 3404 3458 3467 atque
3482 3397 3582 3454 ad-

292 3488 404 3543 τῶν
429 3489 613 3543 καλῶν
642 3491 739 3546 καὶ
764 3492 948 3564 αίτίῳ.
989 3493 1184 3566 Ἀμήν.

1979 3497 2156 3590 jutor.
2183 3495 2381 3550 Amen.

367 3645 417 3678 ⁷⁸
454 3646 867 3724 προδλεπτικήν
897 3648 959 3704 Ρ.
1033 3651 1078 3684 ⁷¹
1103 3649 1316 3705 ἀλλ’....
1351 3649 1518 3723 θεωρ.
1539 3664 1650 3706 om.
1684 3650 1839 3708 ABC.

1989 3651 2024 3724 ἢ
2054 3651 2309 3729 Μελιτίῳ
2337 3666 2449 3708 om.
2486 3650 2546 3706 Ρ.
2626 3650 2672 3682 ’³
2707 3650 2787 3706 ὄλ.
2906 3649 3044 3707 Cod.
3094 3649 3220 3705 ὅλου
3249 3647 3396 3714 τινός
3416 3646 3480 3703 P.
