4178 6380
652 433 787 489 1619
1775 429 1835 485 3.
1877 426 1929 485 J.
1966 425 2451 484 CHRYSOSTOMI
2484 425 2771 483 OPERUH
3756 424 3894 482 1420

715 544 941 615 Φαιδρόν
975 559 1062 612 μοι
1088 543 1149 596 τὸ
1168 542 1268 612 τῆς
1309 541 1656 612 Ἐκκλησίας.
1686 543 1745 598 In
1771 542 2150 598 ascensionem
2176 540 2363 597 Christ

2245 540 2406 595 tristi.
2427 541 2604 597 Vertit
2633 541 2804 597 Gerh.
2828 539 3073 596 Vossius.
3104 539 3249 596 Dub.
3276 539 3653 613 [Spuria.]111,
3682 540 3895 598 797.—

652 631 840 702 Hontf.
877 631 964 693 III,
1004 629 1129 684 781.
1161 627 1329 685 Savil.
1364 629 1477 695 VII,
1504 629 1629 685 426.
1669 630 1801 684 Duc.
1839 630 1931 696 VI,
1959 630 2084 686 585.

721 718 783 791 [σι’
809 714 1193 787 Φιιδρδςήμῖν
1221 718 1251 770 ὁ
1278 716 1455 785 λόγος,
1488 717 1709 788 ἀδελφοί
1746 735 1870 787 μου.
1906 722 2214 787 Antequam
2249 717 2355 773 iret

1694 717 1709 770 ί
1746 735 1870 787 μου.
1906 722 2214 787 Antequam
2249 717 2355 773 iret
2377 717 2432 771 in
2469 716 2748 772 exsilium.
2785 716 2878 779 III,
2913 714 3068 787 421:]
3097 715 3190 780 111,
3213 715 3339 771 455.

719 804 986 878 [Φαιδρῶς
1011 803 1147 873 ὁμοῦ
1176 804 1270 857 καὶ
1294 803 1536 867 εὐσεϐῶς
1556 803 1618 857 τὸ
1645 806 1933 875 σωτήριον.
1962 804 2023 858 In
2058 820 2257 859 novam
2282 804 2369 858 det

1576 803 1618 857 ιδ
1645 806 1933 875 σωτήριον.
1962 804 2023 858 1n
2058 820 2257 859 novam
2282 803 2640 859 dominicam.
2672 803 2874 873 Spuria
2896 812 2955 859 et
2979 802 3226 874 omissa]

718 892 880 965 [duci
903 892 1002 962 τὴν
1065 892 1325 961 μέλισσαν
1360 890 1582 960 κούροις
1611 895 1852 961 πτεροῖς.
1903 892 1963 946 In
1992 890 2125 945 illud
2161 909 2174 944 :
2204 890 2368 946 Credit

2161 909 2174 944 :
2204 890 2417 946 Credidi
2437 899 2651 962 propter
2672 891 2812 961 quod
2840 891 3042 944 locutus
3062 906 3199 944 sum.
3227 889 3424 959 Spuria
3454 899 3512 945 et
3536 888 3783 962 omissa.]

717 978 855 1032 Φασί
880 995 1023 1041 τινες
1052 980 1115 1031 ἐκ
1140 977 1431 1049 μύρμηκος
1458 982 1551 1031 καὶ
1584 976 1815 1040 λέοντος.
1855 977 1917 1032 In
1943 976 2075 1032 illud
2104 994 2116 1030 :
2149 974 2314 1030 Nemo
2347 996 2367 1048 ι

2240 994 2314 1030 mo
2347 986 2510 1048 potest
2532 978 2732 1031 duobus
2753 977 2977 1031 dominis
3000 979 3214 1032 servire.
3246 977 3344 1032 Ms.
3378 978 3433 1031 in
3461 978 3595 1032 bibl.
3625 976 3890 1049 Caesarea,

648 1067 908 1122 Vaticana
934 1074 990 1120 et
1014 1066 1241 1122 Veneta.
1272 1063 1551 1120 Ilabuitet
1574 1065 1833 1128 Savilius,
1874 1064 1970 1119 sed
1992 1062 2283 1119 manifeste
2311 1064 2559 1133 spuriam
2585 1063 2766 1118 noluit
2787 1063 2977 1119 edere.
3010 1063 3148 1119 Vide
3170 1072 3331 1119 notas
3353 1071 3488 1118 tom.
3522 1064 3655 1125 V111,
3680 1080 3735 1134 p.
3767 1064 3888 1119 857.

648 1183 720 1195 —
751 1152 944 1223 Hontf.
983 1152 1158 1208 deest.
1197 1150 1367 1207 Savil.
1399 1153 1573 1209 deest.
1601 1152 1731 1206 Duc.
1765 1152 1941 1207 deest.

718 1243 854 1310 Φέρε
887 1242 949 1311 δὴ
975 1240 1305 1310 ἀπαντλήσω
1333 1257 1429 1293 σου
1451 1241 1548 1309 τῆς
1580 1239 1819 1309 ἀθυμίας
1842 1240 1902 1292 τὸ
1926 1239 2104 1301 ἕλκος.
2138 1238 2368 1310 Olympi:

1958 1239 2104 1301 λκος.
2138 1238 2467 1310 Olympiadi,
2493 1238 2656 1308 epist.
2680 1238 2729 1292 1.
2761 1237 2853 1302 III,
2884 1237 3009 1293 549.
3039 1269 3111 1278 —-
3136 1237 3325 1307 Hontf.
3358 1238 3450 1302 111,
3487 1238 3608 1293 527.

718 1329 856 1400 Φέρε
881 1328 948 1398 δὴ
971 1330 1065 1382 καὶ
1086 1329 1326 1399 σήμερον
1355 1326 1543 1397 ἐπειδὴ
1567 1326 1706 1395 μετὰ
1729 1325 1929 1396 πολλῆς
1956 1325 2285 1398 προθυμίας,
2312 1325 2366 1387 8,

2240 1344 2285 1391 ς,
2312 1325 2366 1387 8,
2394 1327 2451 1380 in
2480 1323 2618 1380 Gen.
2642 1355 2712 1365 —
2734 1324 2925 1396 Montf.
2951 1325 3074 1381 Non
3102 1335 3188 1381 est
3214 1328 3271 1381 in
3296 1326 3501 1382 indice.
3527 1322 3696 1380 Savit.
3730 1325 3775 1389 1,
3798 1324 3890 1381 45.

649 1416 782 1471 Duc.
813 1416 880 1471 II.
916 1416 1005 1471 65.

717 1504 855 1572 Φέρε
887 1503 951 1573 δή
980 1504 1074 1555 καὶ
1106 1502 1345 1574 σήμερον
1372 1500 1468 1556 τοῦ
1500 1501 1628 1573 περὶ
1661 1500 2002 1565 κατανύξεως
2032 1497 2296 1569 ἁψώμεθα
2326 1500 2367 1552 λι

2242 1497 2296 1552 δα
2326 1498 2507 1568 λόγου.
2540 1498 2637 1554 Ms.
2672 1499 2728 1553 in
2754 1499 2891 1554 bibl.
2933 1500 3083 1569 regia
3115 1500 3295 1555 Paris.
3340 1500 3665 1555 inscribitur
3700 1514 3713 1552 :
3759 1497 3892 1569 Περὶ

646 1588 742 1643 τοῦ
772 1591 845 1659 μὴ
872 1587 1259 1662 προσηλῶσθαι
1280 1590 1394 1652 τοῖς
1419 1588 1711 1659 βιωτικοῖς.
1735 1586 1975 1642 Savilius
1996 1586 2296 1656 ἀπάνθισμο

2240 1605 2312 1656 μα
2337 1587 2466 1649 hoc,
2489 1586 2641 1641 varie
2666 1586 2983 1641 mutilatum
3004 1602 3069 1642 ac
3090 1587 3361 1657 spurium,
3384 1587 3593 1641 omisit.
3610 1616 3681 1626 —
3698 1584 3890 1653 Nontf.

645 1675 824 1731 deest.
855 1674 1024 1730 Sapit.
1052 1674 1229 1730 deest.
1267 1674 1396 1728 Duc.
1433 1673 1611 1729 deest.

714 1763 851 1830 Φέρε
872 1761 937 1831 δὴ
980 1761 1143 1815 πάλιν
1168 1760 1501 1830 ἀπαντλήσω
1527 1761 1625 1829 τῆς
1650 1759 1891 1829 ἀθυμίας
1909 1760 1991 1814 τό.
2021 1759 2253 1831 Cyriaco
2275 1760 2361 1830 epi

2048 1760 2253 1831 lyriaco
2275 1760 2425 1830 episc
2456 1800 2470 1823 ,
2500 1758 2810 1829 epist.123.
2843 1759 2935 1825 m,
2968 1759 3089 1814 car
3127 1792 3196 1802 —
3224 1756 3415 1829 Jlontf.
3447 1759 3538 1820 ill.
3574 1758 3698 1813 δατ.

714 1850 853 1917 Φέρε
876 1848 942 1918 δὴ
968 1846 1109 1920 [καὶ]
1138 1847 1248 1901 τῶν
1268 1846 1555 1918 ἡμετέρων
1577 1846 1804 1916 κρΰτων.
1842 1848 1917 1900 De
1960 1847 2285 1916 paenitentia
2318 1856 2364 1902 el

2240 1847 2285 1901 ia
2318 1856 2373 1902 et
2401 1845 2617 1901 Herode
2655 1862 2719 1900 ac
2755 1847 2964 1903 Joanne
3002 1846 3267 1917 Baptista.
3308 1846 3458 1901 Hanc
3494 1846 3773 1901 homiliam
3804 1861 3890 1899 In-

648 1937 942 2006 tegriorem
970 1974 987 1998 ,
1014 1934 1202 1990 Graece
1232 1942 1289 1988 et
1318 1933 1437 1988 Lat.
1475 1949 1506 1987 e
1538 1933 1729 1987 codice
1766 1933 1939 2003 Regio
1968 1931 2336 1989 Combeiisius
2356 1976 2369 1996 ,
2397 1933 2569 1989 Paris.
2611 1933 2773 1996 1645,
2806 1932 2839 1986 4
2862 1972 2877 1996 ,
2905 1948 2937 1988 e
2964 1933 3086 1988 cod.
3115 1933 3445 1988 Barocciano
3474 1932 3668 1988 edidit.
3698 1932 3894 1987 Ericus

646 2022 936 2083 Benzelius
959 2022 1014 2076 in
1042 2021 1427 2092 supplemento
1456 2020 1810 2075 homiliarum
1837 2019 2239 2091 Chrysostomi.
2272 2018 2457 2089 Upsal.
2499 2019 2655 2083 1708,
2687 2018 2743 2083 4,
2773 2034 2832 2088 p.
2863 2019 3047 2074 45-75.
3088 2019 3170 2091 [1n
3195 2018 3472 2092 Spuriis.]
3502 2018 3640 2083 V111,
3677 2018 3800 2073 757.
3819 2043 3895 2058 —

650 2109 843 2180 Montf.
876 2109 1019 2175 VIII,
1042 2108 1168 2163 287.
1206 2106 1374 2161 Savil.
1401 2106 1491 2171 V1,
1524 2106 1647 2161 804.
1684 2104 1815 2160 Duc.
1847 2107 2024 2162 deest.

713 2197 850 2267 Φέρε
869 2184 933 2267 δὴ
967 2196 1153 2249 λοιπὸν
1179 2195 1271 2248 καὶ
1296 2196 1388 2246 τὸν
1423 2194 1630 2248 πιστόν.
1656 2192 1738 2248 Ad
1762 2205 1973 2263 patrem
1996 2192 2234 2257 ﬁdelem,
2258 2208 2358 2263 pro

2258 2208 2358 2263 pro
2382 2192 2492 2247 vita
2517 2201 2841 2253 monastica,
2865 2192 3132 2247 adversus
3152 2192 3273 2262 ejus
3294 2200 3724 2255 contemptores,
3750 2190 3892 2246 liber

646 2282 862 2339 tertius.
904 2283 1083 2336 Vertit
1115 2282 1380 2340 incertus.
1409 2279 1453 2343 I,
1479 2279 1604 2334 549.
1634 2310 1702 2321 --
1737 2279 1928 2350 Montf.
1960 2281 2010 2342 I,-
2033 2282 2121 2334 75.
2164 2279 2296 2334 Savi.

1409 2279 1453 2343 I,
1479 2279 1604 2334 549.
1634 2310 1702 2321 --
1737 2279 1928 2350 Montf.
1960 2281 2121 2342 1,-75.
2164 2279 2335 2334 Savil.
2369 2280 2459 2343 Vl,
2498 2280 2619 2333 184.
2654 2280 2783 2331 Duc.
2810 2277 2902 2342 IV,
2934 2278 3059 2333 596.

713 2369 849 2438 Φέρε
887 2368 951 2440 δὴ
980 2368 1141 2421 πάλιν
1167 2367 1303 2437 πρὸς
1331 2368 1456 2430 τοὺς
1478 2366 1738 2429 ἀπίστους
1787 2367 2120 2435 Ἀνομοίους.
2158 2366 2215 2425 2.
2250 2367 2326 2420 De

2250 2367 2326 2420 De
2367 2364 2917 2435 incomprehensibili
2942 2365 3042 2420 Dei
3072 2373 3287 2421 natura.
3325 2365 3369 2429 1,
3397 2364 3523 2422 7.09.
3551 2363 3813 2436 —.|lontf.
3842 2362 3890 2433 I,

643 2455 767 2510 452.
797 2451 965 2511 Sauil.
991 2455 1080 2521 VI,
1103 2454 1227 2509 595.
1259 2454 1389 2508 Duc.
1412 2453 1455 2519 1,
1494 2454 1616 2509 502.

707 2544 849 2613 Φέρε
879 2542 944 2613 δὴ
975 2542 1104 2613 περὶ
1140 2542 1239 2612 τῆς
1280 2542 1388 2593 τῶν
1425 2538 1853 2608 εὐαγγελιστῶν.
1877 2540 1938 2593 1η
1966 2539 2357 2608 mulieres,un1

2242 2546 2548 2609 ,unguenta
2573 2537 2837 2605 ferentes,
2862 2547 2916 2593 et
2938 2538 3086 2608 quod
3114 2538 3260 2594 nulla
3289 2537 3625 2594 dissonantia
3650 2537 3719 2592 sit
3748 2536 3892 2593 inter

640 2632 1027 2703 evmngelistas,
1057 2631 1524 2687 resurrectionem
1545 2631 1753 2687 Christi
1786 2639 2094 2685 narrantes.
2133 2632 2389 2687 Dubium,
2422 2642 2491 2681 an
2514 2624 2916 2697 Chrysostomi.
2944 2625 3300 2699 Integriorem
3329 2626 3434 2681 sub
3462 2626 3692 2680 Joannis
3714 2624 3892 2679 Thes-

643 2718 999 2773 salonicensis
1021 2718 1246 2773 nomine
1269 2718 1425 2773 dedit
1450 2715 1818 2773 Combeﬁsius
1850 2726 1982 2771 tom.
2035 2717 2054 2770 1
2089 2718 2330 2771 Auctarii
2364 2716 2515 2783 novi,
2541 2732 2595 2784 p.
2629 2713 2754 2768 791.
2780 2712 2864 2784 [1n
2889 2711 3152 2783 SpuriisJ,
3174 2712 3311 2779 VIII,
3333 2711 3730 2776 655.—Montf.
3750 2710 3890 2775 V11],

648 2805 768 2860 159.
798 2804 967 2859 Savil.
1006 2804 1071 2871 V,
1103 2805 1225 2858 740.
1258 2803 1395 2858 Duo.
1430 2805 1608 2859 deest.

708 2892 847 2963 Φέρε
874 2892 938 2964 δὴ
962 2894 1226 2963 σήμερον,
1252 2891 1653 2962 πληρώσωμεν.
1676 2892 1764 2948 12.
1795 2891 1850 2945 in
1874 2890 2012 2947 Gen.
2042 2890 2132 2955 1V,
2156 2890 2225 2943 98
2276 2918 2345 2931 —-

1963 2908 2012 2944 η.
2042 2890 2132 2955 1V,
2156 2890 2225 2943 98
2276 2918 2345 2931 —-
2371 2885 2559 2955 Montf.
2589 2885 2678 2950 IV,
2711 2885 2804 2939 01.
2833 2883 3005 2941 Saoil.
3034 2884 3077 2949 1,
3098 2885 3191 2939 71.
3220 2885 3350 2939 Duc.
3393 2884 3461 2944 Il,
3491 2884 3613 2940 100.

716 2978 854 3049 Φέρε
907 2978 971 3048 δὴ
1024 2980 1261 3049 σήμερον
1312 2979 1448 3049 πρὸς
1497 2981 1625 3042 τοὺς
1672 2978 1954 3041 ἀπίστους.
2008 2978 2082 3037 2.
2144 2977 2219 3032 De
2275 2976 2366 3030 inc

2275 2973 2820 3044 incomprehensibili
2869 2973 2965 3028 Dei
3024 2982 3245 3028 natura.
3316 2972 3373 3028 V.
3428 2975 3567 3046 Φέρε
3609 2973 3676 3045 δὴ
3729 2970 3893 3028 πάλιν

643 3063 802 3135 πρός.
831 3094 903 3106 -
924 3064 1114 3137 ﬂanti.
1145 3066 1190 3132 1,
1220 3065 1344 3121 452.
1386 3064 1555 3122 Savil.
1587 3065 1675 3131 VI,
1715 3066 1838 3121 595.
1870 3065 2000 3119 Duc.
2029 3064 2071 3135 1,
2103 3064 2229 3119 502.

711 3151 870 3223 Φέρει
900 3153 1154 3221 γηπόνοις
1192 3154 1404 3225 ἡδονήν.
1445 3153 1771 3223 Fragmenta
1793 3152 1847 3206 in
1870 3152 2041 3206 libros
2066 3152 2297 3221 Regum.
2325 3147 2361 3202 Σ

964 3153 1154 3220 ,πόνοις
1192 3154 1404 3225 ἡδονήν.
1445 3153 1771 3223 Fragmenta
1793 3152 1847 3206 in
1870 3152 2041 3206 libros
2066 3152 2297 3221 Regum.
2325 3147 2465 3213 XIII,
2492 3147 2614 3202 501.

709 3262 871 3333 Φέρει
903 3264 1002 3333 μὲν
1025 3265 1084 3317 ἐν
1117 3262 1363 3337 θαλάσσῃ
1390 3264 1524 3318 πολὺ
1553 3264 1613 3317 τὸ
1640 3265 1861 3334 θάρσος.
1882 3263 1915 3317 4
1942 3302 1957 3325 ,
1998 3262 2054 3318 in
2079 3262 2122 3316 II
2142 3261 2211 3317 ad
2250 3262 2359 3316 Tim

2250 3262 2394 3316 Tim.
2419 3260 2513 3327 x1,
2538 3258 2664 3314 617.
2707 3288 2776 3299 —
2804 3256 3000 3330 Hontf.
3037 3256 3105 3322 x,
3130 3258 3259 3313 678.
3285 3232 3453 3313 εαυὲι.
3480 3257 3568 3324 1V,
3594 3257 3717 3313 διδ.
3755 3257 3887 3315 ονε.

669 3348 997 3507 νέίῗῗῗμίν
1027 3453 1078 3490 τι
1105 3434 1267 3490 πλέον
1288 3437 1369 3499 είς
1397 3435 1770 3506 παραμυθίας,
1798 3435 2139 3506 Aphthonio,
2162 3436 2319 3492 Theo

2132 3477 2139 3501 ,
2162 3434 2469 3499 Theodoto,
2502 3444 2636 3497 etc.,
2664 3435 2827 3505 epist.
2864 3433 3064 3498 93.111,
3089 3432 3215 3491 656.
3240 3463 3309 3475 -
3329 3432 3522 3503 ﬂanti.
3553 3432 3782 3500 111,642.

709 3522 846 3593 Φέρε
875 3524 970 3576 καὶ
998 3524 1160 3595 ἡμεῖς
1182 3522 1466 3594 ἁψώμεθα.
1495 3523 1549 3586 5,
1579 3523 1637 3578 in
1669 3524 1795 3581 Job.
1826 3524 2006 3583 Vertit
2030 3524 2230 3581 Laelius
2284 3524 2359 3579 Ti!

2284 3522 2535 3579 Til'ernas
2563 3521 2834 3597 [Spuria.]
2862 3521 2949 3583 VI,
2982 3522 3197 3577 570.-
3221 3520 3409 3592 ΜοηιῙ.
3440 3521 3531 3586 VI,
3563 3521 3687 3577 587.
3719 3518 3885 3576 Savil.

642 3609 706 3673 V,
738 3609 864 3665 956.
901 3610 1033 3663 Duc.
1076 3609 1168 3675 VI,
1197 3611 1285 3665 79.
2216 3637 2220 3640 ·

639 3779 687 3837 Π
710 3696 847 3837 τιυέὲ
881 3697 978 3749 καὶ
1008 3698 1270 3767 σήμερον,
1301 3696 1599 3769 ἀγαπητοὶ,
1623 3698 1723 3768 τὴν
1744 3697 2085 3753 ἀκολουθίαν.
2110 3697 2199 3765 46,
2222 3698 2279 3755 in

2231 3699 2279 3755 in
2296 3694 2444 3755 Gen.
2470 3700 2559 3767 IV,
2581 3700 2709 3755 422.
2736 3728 2806 3739 -
2830 3697 3023 3770 Montf.
3048 3698 3139 3764 IV,
3167 3696 3290 3753 466.
3320 3695 3491 3753 Sapit.
3523 3697 3567 3762 1,
3591 3696 3716 3753 574.
3753 3696 3881 3753 Duc.

691 3823 708 3848 ,
776 3782 868 3837 22.

710 3782 848 3945 Φῗρε
881 3874 977 3927 καὶ
998 3874 1262 3945 σήμερον,
1289 3874 1340 3927 εί
1368 3873 1647 3945 βούλεσθε,
1673 3875 1771 3947 τὴν
1790 3875 2130 3930 ἀκολουθίαν.
2155 3875 2245 3941 60,
2270 3874 2327 3929 in

2230 3915 2245 3941 ,
2270 3874 2327 3929 in
2350 3873 2488 3929 Gen.
2513 3873 2605 3940 IV,
2629 3874 2754 3929 520.
2781 3904 2843 3915 —-
2867 3872 3059 3943 Honlf.
3094 3873 3182 3936 IV,
3216 3868 3525 3929 577.8avil.
3552 3870 3597 3937 Ι,
3622 3870 3729 3927 464
3752 3872 3880 3929 Duc.

640 3959 967 4119 “.653...
998 4049 1262 4121 σήμερον,
1285 4050 1336 4104 εί
1362 4050 1531 4118 δοκεῖ,
1566 4051 1633 4106 τα
1654 4051 1784 4123 ea:
1804 4050 2082 4125 [λείψανα]
2108 4052 2218 4105 τῶν
2240 4050 2290 4123 κε

2240 4050 2386 4123 χθές.
2414 4052 2505 4114 55.
2526 4053 2581 4107 in
2615 4050 2754 4107 Gen.
2794 4052 2882 4119 1V,
2909 4051 3033 4107 465.
3054 4050 3331 4123 ~Montf.
3364 4051 3457 4108 1V.
3490 4052 3616 4108 515.
3644 4049 3806 4107 Sail.
3836 4050 3878 4115 Ι,

639 4137 764 4192 412.
788 4137 924 4194 Duc.
953 4137 1021 4203 II,
1056 4140 1179 4193 576.

708 4225 846 4295 Φέρε
870 4227 963 4278 καὶ
991 4226 1230 4295 σήμερον
1259 4227 1323 4279 ὲκ
1350 4225 1459 4278 τῶν
1478 4226 1573 4280 τοῦ
1603 4226 1875 4299 μακαρίου
1900 4226 2202 4290 Μωῦσέως,
2231 4227 2283 4290 5,

2231 4227 2283 4290 5,
2314 4226 2373 4280 in
2400 4226 2537 4281 Gen.
2566 4227 2654 4291 IV,
2688 4227 2778 4282 48.
2809 4256 2881 4267 —
2905 4229 3092 4298 Monlf.
3123 4226 3213 4292 IV,
3246 4226 3335 4281 52.
3363 4224 3597 4287 Savil.1.
3623 4226 3715 4281 24.
3744 4223 3879 4279 DIC.

638 4311 846 4472 ιιίιῗῗέε
877 4402 972 4453 καὶ
998 4402 1262 4472 σήμερον,
1297 4400 1487 4471 ἐπειδὴ
1512 4400 1650 4473 μετὰ
1675 4402 1873 4473 πολλῆς
1908 4403 2006 4473 τῆς
2030 4400 2288 4471 προθυμί‹

2228 4401 2363 4465 ιίας.
2393 4401 2447 4467 8,
2475 4402 2531 4457 in
2561 4402 2698 4458 Gen.
2730 4402 2819 4465 1V,
2850 4402 2938 4457 69.
2968 4432 3037 4443 —
3065 4401 3250 4474 Haut].
3285 4401 3380 4471 IV,
3406 4401 3495 4457 57.
3526 4397 3691 4455 Savil.
3716 4399 3762 4465 I,
3789 4398 3878 4455 45.

637 4488 871 4647 D1241;
890 4488 998 4629 ἓιο
1010 4576 1252 4646 τήμερον
1287 4576 1414 4647 περὶ
1437 4593 1629 4632 καταν.
1657 4577 1734 4631 De
1771 4577 2217 4646 compunctione.
2248 4577 2287 4632 V

1657 4577 1734 4631 De
1771 4577 2217 4646 compunctione.
2248 4576 2384 4632 Vide
2414 4593 2599 4647 supra.
2627 4578 2764 4648 Φέρε
2790 4576 2855 4648 δὴ
2883 4578 2978 4631 καὶ
3011 4576 3299 4653 σήμερον.]

711 4661 871 4735 [Φέρε
903 4661 997 4717 οὖν
1022 4663 1114 4715 επὶ
1144 4664 1244 4732 τὴν
1266 4662 1589 4717 ἀκολουθίαν
1611 4662 1876 4731 ἔλθωμεν.
1912 4662 1988 4717 De
2019 4664 2361 4735 eleemosyna

1492 4664 1589 4715 ’ίαν
1611 4662 1876 4731 ἔλθωμεν.
1912 4662 1988 4717 De
2019 4664 2387 4735 eleemosyna.
2424 4663 2623 4733 Spuria
2644 4673 2703 4719 et
2726 4654 3142 4737 praetermissa]

708 4749 846 4821 Φέρε
879 4750 977 4805 καὶ⁵
1010 4752 1250 4823 σήμερον
1281 4749 1342 4803 τὸ
1365 4750 1517 4815 τέλος
1542 4749 1840 4819 ἐπιθῶμεν.
1871 4748 1940 4803 66
1966 4789 1981 4816 ,
2023 4750 2077 4805 in
2116 4750 2251 4805 Gen.
2286 4750 2353 4806 IV

2226 4772 2251 4805 ι.
2286 4750 2374 4811 IV.
2406 4749 2530 4806 566.
2574 4781 2640 4795 -
2676 4751 2867 4823 Moutf.
2900 4752 2990 4820 IV,
3030 4754 3156 4809 628.
3191 4751 3359 4810 Savil.
3393 4755 3435 4822 I,
3474 4754 3599 4810 507.
3642 4753 3773 4808 Duc.
3813 4754 3876 4819 l1,

639 4836 847 4995 701.49:
876 4923 1039 4979 πάλιν
1063 4922 1166 4994 τῆς
1192 4922 1535 4987 ἀκολουθίας,
1564 4922 1667 4987 20,
1692 4924 1749 4979 in
1769 4924 1906 4981 Gen.
1936 4925 2025 4989 IV,
2054 4924 2173 4979 166.
2199 4957 2265 4967 ——

1950 4925 2025 4989 IV,
2054 4924 2173 4979 166.
2199 4957 2265 4967 --
2296 4924 2481 4995 Montf.
2515 4926 2604 4988 ιν,
2636 4927 2757 4981 170.
2790 4925 2957 4982 Savil.
2986 4926 3028 4985 I.
3064 4927 3185 4982 155.
3221 4926 3352 4982 Duc.
3378 4926 3446 4993 II,
3478 4926 3600 4983 189.

705 5033 843 5101 Φέρε
870 5032 1033 5087 πάλιν
1068 5034 1170 5103 τῆς
1206 5033 1527 5102 εὐαγγελίας
1564 5031 1963 5105 [ἐπαγγελίας]
2001 5034 2286 5103 ἁψώμεθα.
2313 5036 2348 5090 6

2223 5046 2286 5088 >1.
2313 5036 2348 5090 6
2374 5078 2389 5097 .
2420 5036 2727 5103 Severiani,
2753 5036 3088 5092 Gabalorum
3144 5038 3390 5109 episcopi
3417 5037 3475 5092 in
3501 5035 3873 5107 κοσμοποιίαν.

641 5120 730 5183 VI,
757 5120 883 5174 484.
916 5150 987 5162 -—
1017 5119 1209 5191 Montf.
1245 5119 1337 5185 Vl,
1362 5119 1486 5175 494.
1514 5117 1682 5175 Savil.
1705 5120 1819 5184 VII,
1848 5121 1975 5176 628.
1998 5120 2135 5177 Duc.
2168 5120 2347 5177 deest.

706 5208 844 5279 Φέρε
872 5208 1035 5262 πάλιν
1061 5208 1170 5263 τῶν
1197 5208 1592 5278 εὐαγγελικῶν.
1628 5208 1691 5263 In
1712 5208 1872 5264 Joan.
1904 5226 2002 5277 vn,
2031 5210 2119 5275 14,
2145 5219 2202 5265 et
2227 5210 2356 5266 Matt

2227 5210 2419 5266 Matth.
2452 5226 2599 5275 sxw,
2628 5208 2718 5264 56.
2745 5209 2831 5282 [In
2851 5209 3114 5285 Spuriis.]
3140 5212 3274 5278 V111,
3296 5210 3421 5267 645.
3440 5243 3511 5255 —
3528 5212 3722 5284 Montf.
3746 5211 3877 5274 V111.

646 5295 766 5351 167.
801 5293 970 5353 Sam'l.
1002 5297 1070 5364 V,
1106 5295 1229 5353 752.
1262 5296 1395 5351 Duc.
1418 5296 1594 5352 deest.

706 5382 846 5451 Φέρε
872 5384 1113 5455 σήμερον
1144 5384 1380 5455 μάλιστα
1398 5384 1507 5438 τῶν
1529 5391 1830 5455 προτέρων.
1861 5387 1935 5438 De
1958 5382 2225 5451 patientia
2256 5390 2313 5437 et
2334 5400 2356 5437 ιη

2256 5390 2313 5437 et
2334 5399 2441 5439 non
2466 5384 2664 5440 acerbe
2688 5384 2942 5457 lugendis
2968 5386 3263 5443 defunctis.
3292 5387 3528 5444 Dubium
3551 5427 3569 5454 ,
3595 5402 3666 5443 an
3705 5387 3878 5459 Chry-

640 5470 889 5527 sostomi.
921 5468 1194 5544 [Spuria.]
1228 5471 1322 5537 IX,
1345 5471 1472 5529 725.
1504 5502 1576 5514 —
1607 5470 1796 5541 Montf.
1831 5470 1924 5535 IX,
1954 5469 2077 5524 807.
2108 5469 2274 5526 Sauil.
2303 5472 2391 5535 γι,
2420 5473 2546 5528 945.
2579 5473 2706 5527 Duc.
2732 5473 2908 5530 deest.

710 5555 870 5630 [Φέρε
919 5563 1158 5634 σήμερον
1200 5561 1383 5629 πάλιν,
1430 5563 1729 5633 ἀγαπητοὶ,
1776 5559 1979 5622 καθώς.
2004 5559 2065 5614 In
2097 5558 2360 5616 Samarita

2228 5560 2514 5617 aritanam.
2547 5561 2767 5633 Spuria.
2815 5560 2877 5617 V.
2905 5562 3041 5635 Φέρε
3070 5565 3249 5617 τοίνυν
3286 5563 3547 5635 σήμερον,
3580 5565 3875 5635 ἀγαπητοὶ,

640 5644 869 5719 καθώς.]

638 5734 841 5873 *ὃγρε
870 5736 937 5791 τά
965 5738 1193 5804 λείψανα
1216 5741 1315 5809 τῆς
1337 5736 1592 5811 χθεσινῆς
1623 5736 1926 5808 τραπέζης.
1951 5738 2042 5805 40,
2070 5738 2128 5797 in
2169 5737 2285 5794 Gen

2227 5754 2307 5794 en.
2332 5739 2421 5806 IV,
2449 5738 2577 5797 568.
2623 5772 2691 5784 --
2733 5738 2921 5813 Nam].
2945 5741 3032 5808 IV,
3051 5742 3175 5799 403.
3223 5740 3390 5797 Sos“.
3417 5740 3476 5809 ‘I,
3500 5743 3623 5801 523.
3648 5743 3778 5799 Du.
3811 5742 3877 5813 II,

678 5818 767 5875 51.

3860 78 3879 91 δ’
3916 72 3939 99 ίτῖ
3954 78 3967 81 ⁷⁷
