3938 6136
293 258 361 314 15
1629 252 1751 308 SPU
1762 253 1861 308 RIA

1966 253 2232 310 [ΙᾸΞΒΑΜ.
3468 263 3531 317 l6

297 385 350 432 et
385 371 690 427 adulterio?
730 382 786 422 et
847 381 1029 424 tamen
1080 371 1196 425 audi
1228 371 1536 439 prophetam
1569 371 1758 439 ipsum,
1792 371 1880 439 qui

300 447 555 514 peccavit,
581 441 855 514 dicentem
886 459 922 514 :7
955 441 1090 503 Diri,
1122 443 1390 514 conﬁtebor
1411 443 1674 514 adversum
1702 460 1778 494 me
1804 443 1880 493 in-

299 511 749 584 iustitinmmteani
762 511 1014 584 flumine,
1041 522 1095 584 et
1117 523 1166 563 tu
1191 512 1421 584 remisisti
1445 513 1743 584 impietatem
1765 529 1876 564 cor-

301 580 378 640 dis
402 587 501 638 mei
521 582 686 648 iPsal.
707 580 909 643 XXXI,
934 582 1013 648 5).
1045 582 1166 635 lileo
1190 581 1428 636 Christus
1454 581 1740 635 adveniens
1764 599 1878 634 ma-

305 656 418 724 jora
472 665 680 724 peccata
707 653 1055 724 condonavit,
1104 655 1357 724 lati-onem
1387 651 1438 724 in
1469 651 1766 724 paradisum
1799 655 1876 703 in-

307 722 563 783 irodnxit,
600 723 934 790 publicanum
980 723 1351 788 evangelismm
1411 722 1550 780 fecit,
1603 733 1875 774 contume-

307 796 500 849 liosum
529 807 576 848 et
609 792 974 860 blasphemum
1028 792 1237 845 Paulum
1267 791 1386 844 fecit
1425 791 1570 843 orbis
1620 801 1875 845 terrarum

311 867 628 932 apostolum,
659 873 714 916 υι
761 874 815 916 et
844 873 897 913 ιιι
930 877 1159 932 ικξρςῖιιιε
1180 879 1242 913 ne
1264 861 1532 932 desperes,
1561 860 1679 923 sed,
1713 864 1875 914 conli-

311 930 443 997 tens,
469 934 728 987 medelam
752 934 999 1001 accipias.
1020 930 1333 997 Conﬁteniini
1381 930 1611 989 Domino,
1642 932 1877 1001 quoniam

311 1007 478 1064 bonus,
509 1003 750 1072 quoniam
795 999 1113 1054 iniseculuin
1162 1002 1501 1072 misericordia
1548 1003 1653 1069 ejus
1685 999 1870 1066 (Ιὺὶά.,

308 1074 499 1137 CXVII,
521 1071 602 1140 'I).
629 1073 707 1127 Eii
735 1074 1018 1125 secundam
1047 1087 1252 1124 causam
1273 1087 1287 1134 ;
1309 1071 1487 1139 accipe
1503 1073 1729 1124 tertiam.
1756 1072 1872 1124 Sal—

310 1158 449 1199 νεηοτ
471 1155 658 1196 1108181⁵
687 1154 944 1196 νεηιυτιιδ
972 1141 1036 1195 ad
1064 1156 1156 1194 IIOS
1177 1153 1289 1194 erat
1316 1141 1602 1194 secundum
1632 1141 1874 1194 incarna-

304 1225 400 1267 tain
433 1213 784 1281 praesentiam
815 1227 987 1276 suam,
1017 1221 1069 1264 et
1097 1211 1268 1264 carnis
1297 1221 1493 1264 nostra:
1525 1225 1750 1264 massam
1782 1226 1871 1263 as-

299 1294 608 1351 suinpturus
651 1297 715 1336 ac
744 1285 864 1335 cuin
912 1281 1209 1335 hominibus
1259 1289 1598 1334 verSaturus:
1629 1281 1724 1334 sed
1750 1282 1870 1347 quia

301 1354 434 1408 Deus
462 1363 604 1416 erat,
639 1363 693 1406 et
723 1352 872 1405 solus
911 1353 1026 1406 sine
1069 1360 1301 1419 peccato,
1349 1351 1610 1404 concessit
1641 1361 1696 1402 ut
1741 1351 1871 1419 justi

296 1439 385 1494 per
428 1425 663 1477 liberum
694 1421 974 1494 arbitrium
1002 1437 1150 1474 suum
1185 1421 1234 1473 in
1267 1420 1525 1474 humanos
1576 1420 1755 1494 lapsus
1786 1423 1868 1494 in-

297 1491 530 1547 ciderent
558 1509 574 1556 ;
609 1507 718 1545 non
749 1492 867 1544 illos
895 1492 960 1544 ad
991 1501 1259 1560 peccatum
1287 1505 1500 1552 vocans,
1529 1491 1619 1544 sed
1653 1491 1869 1559 permit-

296 1573 409 1618 tens
433 1575 489 1616 ut
515 1578 582 1618 ex
608 1563 780 1615 libero
798 1561 1040 1624 arbitrio,
1059 1561 1341 1614 secundum
1358 1562 1675 1630 propositum
1690 1577 1864 1625 suum,

298 1633 612 1688 inciderent.
648 1633 738 1685 Sic
770 1633 927 1700 igitur
958 1631 1216 1684 Abraham
1248 1647 1454 1700 quoque
1511 1647 1616 1700 non
1631 1632 1868 1700 credens

295 1705 554 1773 peccavit,
585 1713 641 1757 et
670 1699 854 1772 pmnas
874 1719 901 1754 a
937 1702 1043 1773 Deo
1069 1702 1327 1773 immissas
1343 1699 1577 1773 subiit_:_
1597 1699 1867 1773 Etiserviet

293 1769 455 1828 semen
518 1769 860 1825 tunm'annos
893 1772 1278 1841 quadringentos
1306 1769 1452 1841 (Cen.
1488 1769 1601 1834 XV,
1639 1771 1741 1840 15).
1791 1774 1867 1826 Ac

297 1859 503 1897 rursum
534 1844 769 1911 Moyses,
801 1858 918 1895 cum
953 1857 1056 1894 non
1108 1840 1453 1911 glorificasset
1482 1841 1664 1904 Deum,
1693 1857 1864 1908 quan-

296 1915 360 1964 do
408 1930 602 1982 aquam
643 1929 706 1965 ex
765 1925 896 1969 rupe
950 1912 1169 1979 ingratis
1221 1911 1439 1980 largitus
1471 1922 1591 1971 est,
1645 1922 1861 1979 pr0pter

1988 371 2086 425 Iloc
2121 373 2256 425 Deus
2284 370 2413 424 dixit
2455 371 2534 423 ei:
2562 370 2627 422 Et
2670 372 2832 423 videas
2870 380 3049 422 terram
3093 376 3455 440 promissionis,
3487 391 3530 429 et

1985 459 2083 494 non
2125 440 2330 493 intrabis
2376 441 2428 493 in
2458 443 2597 494 illam
2640 441 2810 504 (Deut.
2845 441 3077 503 XXXIV,
3108 442 3185 510 4).
3216 443 3286 496 Ita
3317 457 3368 498 et
3397 447 3531 502 hunc

1986 512 2220 580 permisit
2251 513 2299 564 in
2331 523 2602 578 peccatum
2647 511 2896 573 incidere,
2929 520 2983 564 nt
3013 513 3124 579 ipse
3153 513 3298 568 solus
3345 517 3396 569 in
3430 521 3528 568 iiii-

1985 596 2142 635 inano
2184 597 2404 647 corpore
2446 582 2799 648 iinpeccabilis
2845 581 3346 650 deprehenderetur.
3386 586 3531 640 Ideo-

1984 666 2087 720 que
2133 651 2381 718 protilieia
2430 651 2614 711 David,
2642 667 2759 704 eum
2804 653 3010 704 tandem
3039 652 3103 705 ad
3145 655 3530 711 eonfes~ionein

1986 723 2186 790 peccati
2227 721 2388 781 venit,
2443 722 2541 775 hoc
2569 722 2697 774 dixit
2755 723 2895 774 Ileo:
2947 721 3053 774 Tibi
3103 725 3197 776 soli
3246 729 3439 791 peccaui
3487 739 3531 780 et

1983 792 2169 844 malum
2190 808 2357 844 coram
2387 803 2431 842 te
2455 793 2566 860 feri.
2602 793 2812 858 Quare?
2851 791 2916 845 Ut
2946 793 3241 859 justi/iceris
3268 797 3317 847 in
3345 814 3532 849 sermo-

1983 862 2126 915 nibus
2169 863 2286 924 tuis,
2323 873 2367 913 et
2393 863 2557 914 vincas
2583 879 2694 914 cum
2716 863 2964 930 jiidi'mris
2998 863 3161 929 (Psal.
3193 864 3254 929 L,
3285 865 3359 931 6).
3401 868 3530 920 Cum

1979 931 2098 986 dies
2124 932 2210 985 illa
2237 931 2529 992 advenerit,
2556 932 2798 985 ibidieit:
2829 933 2992 984 visam
3025 936 3133 985 fore
3153 951 3378 989 massam
3405 953 3530 990 nos-

1983 1012 2134 1064 tram,
2169 1001 2436 1054 sedentem
2466 1002 2513 1053 in
2536 1003 2750 1056 dextera
2779 1002 3065 1066 majestatis
3095 1005 3218 1064 Dei;
3252 1021 3369 1058 nam
3401 1007 3532 1060 Sede

1977 1087 2010 1122 a
2033 1072 2220 1124 dextris
2259 1074 2398 1130 meis,
2435 1072 2588 1124 donec
2634 1089 2812 1139 ponam
2851 1073 3077 1124 inimicos
3129 1085 3237 1126 :uos
3263 1078 3531 1130 scabellum

1979 1142 2158 1214 pedum
2182 1153 2375 1214 tuorum
2403 1140 2567 1210 (Psal.
2601 1141 2752 1214 (21X,
2775 1145 2821 1204 I,
2841 1143 2919 1209 2).
2950 1142 3002 1195 In
3032 1144 3114 1195 illa
3146 1145 3298 1209 igitur
3326 1148 3411 1200 die
3437 1164 3528 1214 ap-

1979 1212 2183 1286 parebit
2205 1213 2360 1286 etiam
2382 1226 2590 1280 corpus,
2619 1212 2758 1286 quod
2781 1227 2845 1286 ex
2885 1223 3066 1286 natura
3095 1226 3270 1266 nostra
3291 1212 3531 1286 assump-

1978 1283 2066 1341 sit,
2096 1298 2214 1334 cum
2262 1281 2515 1335 factorum
2549 1284 2684 1352 ratio
2712 1283 2780 1334 ab
2809 1283 3106 1335 hominibus
3135 1286 3398 1352 exigetur.
3430 1281 3530 1340 51..

1980 1367 2142 1419 perne
2171 1367 2385 1418 corpus,
2417 1361 2470 1405 et
2491 1351 2694 1405 inferne
2722 1367 2944 1419 corpus:
2988 1349 3422 1420 Videbunt-enim,
3457 1361 3532 1409 in-

1975 1422 2106 1488 quit,
2136 1423 2188 1473 in
2213 1438 2356 1490 quem
2385 1423 2736 1487 trans/ﬁxerunt
2756 1421 2932 1489 (Joan.
2958 1422 3099 1488 XIX,
3117 1425 3204 1486 37;
3226 1423 3384 1479 Zaclt.
3417 1427 3530 1490 XII,

1977 1491 2088 1560 10).
2117 1491 2378 1562 Caeterum
2402 1493 2540 1559 quod
2570 1493 2798 1562 peccatis
2833 1493 3176 1560 deprimitur,
3219 1495 3268 1548 id
3297 1510 3531 1551 nostrum

1974 1571 2089 1614 est:
2122 1561 2254 1634 illud
2271 1576 2396 1615 vero
2421 1562 2562 1634 quod
2575 1561 2858 1634 peceatum
2891 1564 3303 1634 non_fecit,_seil
3347 1583 3501 1634 pecca

1974 1638 2146 1704 torum
2162 1632 2415 1704 rationem
2431 1632 2859 1704 exigit.divinum
2885 1643 2987 1686 est.
3007 1632 3226 1697 Ideo,Ut
3249 1632 3534 1704 iustiﬁcem

1972 1701 2024 1772 in
2064 1703 2373 1755 sermonibus
2395 1703 2491 1754 tuis
2517 1712 2561 1754 et
2584 1703 2748 1755 vincas
2769 1719 2880 1755 cum
2893 1704 3142 1772 judicaris
3168 1705 3336 1771 (l’sul.
3369 1701 3429 1769 L,
3456 1709 3530 1771 ϐ).

1971 1771 2269 1841 Quomodo?
2288 1772 2417 1841 Quia
2433 1782 2686 1838 peccatum
2713 1790 2808 1823 non
2831 1771 2966 1841 feeit,
2992 1790 3080 1826 nec
3103 1775 3330 1830 inventus
3349 1790 3422 1831 est
3437 1785 3533 1830 do-

1971 1840 2049 1894 lus
2067 1842 2337 1910 inoreejus
2367 1840 2512 1910 (luti.
2538 1841 2669 1906 LIII,
2687 1844 2760 1910 5).
2783 1840 2882 1917 Ipsi
2912 1843 3074 1913 gloria
3102 1845 3153 1897 in
3184 1847 3356 1900 secula
3380 1863 3532 1902 secn-

1973 1909 2166 1964 loruin.
2214 1916 2400 1964 Amen.

1994 1925 2166 1964 Orum.
2214 1925 2400 1966 Ληιειι.

297 2015 3516 2040 W

422 2099 741 2148 EIUSDEM,
777 2099 858 2138 DE
904 2097 984 2140 IIS
1029 2097 1136 2150 QUI
1179 2098 1242 2140 IN
1286 2097 1546 2140 JBJUNIO
1589 2096 2027 2139 CONTINENTER
2069 2097 2324 2150 VIVUNT,
2371 2097 2449 2137 ET
2491 2097 2571 2137 DE
2613 2096 3017 2139 DIVEBSORUM
3070 2098 3531 2146 PBOPHETABUII

1643 2197 1807 2238 VITE
1854 2196 2207 2240 INSTITUTO.

372 2285 588 2350 Piigiles
615 2285 820 2353 quidem
840 2283 1032 2353 diebus
1059 2281 1276 2350 singulis
1296 2280 1590 2353 exercitati,
1610 2295 1744 2353 _cu_m
1770 2284 1864 2329 εισι-

307 2367 500 2424 augent
524 2350 710 2415 artem,
742 2364 844 2406 tum
873 2353 942 2407 de
964 2350 1286 2424 adversariis
1306 2351 1581 2424 victoriam
1604 2350 1758 2402 facile
1788 2365 1871 2424 rc—

376 2419 534 2478 rtant.
564 2425 817 2479 Cursores
844 2426 970 2476 item
999 2438 1062 2476 ex
1092 2422 1396 2489 quotidiana
1421 2419 1596 2474 studio
1614 2435 1733 2472 cum
1756 2422 1866 2486 agi-

303 2441 446 2550 ligno
498 2495 760 2550 vertendi.
799 2495 1050 2547 articulos
1095 2493 1258 2545 motui
1310 2492 1527 2544 idoneos
1558 2489 1864 2550 reddentes,

321 2499 446 2550 itate
498 2495 760 2555 vertendi,
799 2495 1050 2547 articulos
1095 2493 1258 2545 motui
1310 2492 1527 2544 idoneos
1558 2489 1864 2552 reddentes,

298 2567 360 2620 ad
383 2567 693 2620 citissiinam
719 2564 1168 2632 exspectationem
1200 2569 1477 2632 acuuntur.
1509 2559 1713 2632 EAodcm
1745 2561 1862 2632 pla-

300 2652 365 2690 ne
392 2636 572 2696 modo,
608 2647 790 2704 patres
819 2629 1001 2704 nostri
1039 2633 1314 2704 injungunt
1341 2630 1491 2704 nobis
1536 2629 1866 2704 frequentius

298 2708 504 2769 docere,
556 2701 624 2758 ut
654 2701 862 2758 facilem
897 2705 947 2756 in
973 2702 1212 2756 docendo
1241 2703 1478 2771 peritiam
1509 2713 1569 2771 a
1593 2701 1858 2771 sermonis

301 2777 679 2830 exercitatione
709 2775 862 2827 nobis
889 2769 1253 2841 acquiramusi
1276 2771 1472 2825 Adeste
1507 2769 1686 2834 igitur,
1705 2784 1751 2841 ρ
1777 2769 1861 2822 di-

300 2847 433 2909 lecti,
463 2847 754 2913 Josephum
778 2859 809 2898 e
831 2839 1052 2911 vestigio
1075 2851 1370 2913 sequentes,
1394 2852 1663 2913 peccatum
1681 2839 1874 2910 Egyp-

298 2919 422 2970 tiiim
467 2909 796 2978 devi'taiites,
825 2924 879 2967 et
913 2909 1078 2967 exuto
1110 2909 1253 2976 odio,
1285 2911 1348 2964 ad
1377 2909 1749 2963 continentiam
1776 2909 1863 2963 ac-

300 3001 592 3041 curramus.
626 2984 850 3037 Etiamsi
879 2984 1018 3037 enim
1043 2982 1238 3050 Joseph
1269 2981 1445 3034 carnis
1473 2980 1722 3050 amictum
1763 2979 1854 3030 de-

299 3059 549 3125 posuerit,
591 3070 658 3107 an
683 3048 1516 3125 nonsplendidioremamictum
1567 3048 1749 3125 habuit
1795 3065 1858 3102 ex

298 3121 550 3180 eaStitatis
570 3124 764 3195 gloria?
786 3122 1132 3179 Continentize
1153 3121 1348 3195 puritas
1368 3130 1541 3188 patres
1537 3121 1856 3195 accitigens,

299 3197 557 3250 columnis
573 3188 954 3247 vadamantinis
976 3188 1231 3245 terrarum
1259 3191 1440 3244 orbein
1466 3188 1710 3254 suil'iilsit,
1742 3205 1859 3257 qua:

299 3267 632 3334 precationes
661 3265 875 3332 quidem
894 3263 956 3315 ad
973 3264 1160 3316 caelum
1191 3260 1447 3334 deferant,
1466 3261 1857 3334 aniniasauiem

300 3329 570 3389 hominum
587 3336 638 3387 in
653 3329 790 3387 terra
810 3334 1205 3386 curent.l3eatns
1225 3332 1309 3385 ille
1321 3330 1522 3400 Moyses
1535 3329 1854 3400 continentia

299 3421 352 3460 se
389 3407 699 3474 accingeiis,
747 3403 982 3455 Ilebraiis
1013 3405 1062 3455 in
1110 3402 1337 3474 [Egyth
1393 3399 1578 3451 salutis
1615 3399 1857 3452 columna

299 3478 421 3536 luit;
451 3487 506 3530 et
533 3471 1006 3542 primogeiiitorum
1033 3473 1241 3541 quidem
1274 3471 1642 3542 Egyptiorum
1678 3479 1858 3542 portas

298 3547 407 3599 solo
432 3537 689 3612 :equavit,
715 3537 969 3597 luciferos
997 3537 1118 3596 vero
1145 3537 1483 3596 Hebra‘orum
1513 3539 1652 3592 filios
1678 3537 1859 3612 beatos

299 3609 634 3685 priedieavit:
677 3613 938 3666 Pharaoni
997 3621 1054 3685 et
1106 3612 1269 3685 magis
1326 3620 1568 3685 tanquam
1612 3609 1854 3685 columna

298 3679 530 3749 obstitit;
559 3683 719 3738 Jesus
765 3691 938 3735 autem
988 3683 1124 3734 filius
1161 3682 1322 3743 Nave,
1348 3679 1718 3734 continentiam
1765 3679 1856 3732 ha-

299 3757 426 3811 bens
468 3755 592 3809 lecti
645 3753 867 3814 sociam,
909 3753 1213 3806 caelestibus
1253 3751 1594 3803 luminaribns
1633 3751 1858 3817 impera-

297 3828 386 3879 vit.
417 3825 560 3879 Solis
607 3824 750 3876 enim
791 3836 978 3876 cursus
1029 3822 1272 3882 inhibuit,
1321 3831 1375 3874 et
1417 3819 1669 3873 terminos
1718 3821 1856 3872 lun:e

301 3896 463 3972 li;it,_
479 3909 561 3972 ali
582 3893 687 3948 diei
736 3893 920 3972 lucem
949 3887 1853 3972 longioreinuelfecit.“Quandonani

301 3964 466 4018 illud?
523 3965 676 4025 Cum,
709 3978 803 4031 pro
827 3958 1129 4016 Gabaonitis
1178 3961 1397 4021 bellans,
1438 3959 1608 4031 dixit:
1635 3958 1750 4031 ﬁte:
1780 3959 1856 4031 sol

303 4046 476 4087 contra
507 4026 740 4097 Gabaon',
767 4043 812 4084 et
859 4033 978 4084 luna
1004 4043 1176 4084 contra
1224 4031 1402 4084 vallem
1430 4029 1577 4082 Elom
1625 4026 1758 4095 (Jos.
1786 4028 1853 4093 Χ,

306 4104 515 4173 1Ξ).Ηὶο
537 4103 746 4157 ﬂuvium
763 4102 1216 4170 divisit,populum
1239 4101 1507 4173 servavit‘,
1522 4099 1854 4173 alienigenas

307 4169 545 4238 concidit,
583 4181 642 4228 et
665 4174 717 4226 in
765 4169 978 4226 terram
1003 4169 1233 4225 sanctam
1266 4185 1448 4224 rursus
1495 4169 1744 4222 llebi'tcos
1773 4185 1853 4220 rc-

307 4245 475 4298 duxit:
517 4244 607 4298 hic
655 4257 834 4296 muros
877 4242 1088 4310 dejecit,
1120 4250 1174 4295 et
1218 4241 1372 4295 urbes
1416 4240 1695 4306 impiorum
1733 4239 1854 4310 sub-

305 4315 486 4378 vertit;
517 4312 669 4369 Raab
710 4312 851 4366 illam
895 4312 1141 4374 servavit,
1185 4320 1238 4364 et
1264 4311 1587 4377 alienigenas
1631 4309 1850 4375 punivit,

303 4385 742 4453 popularibusque
769 4383 879 4436 suis
900 4381 1123 4450 gloriam
1159 4381 1478 4453 conciliavit.
1512 4378 1853 4453 Fiirtissiiiuis

301 4447 421 4508 vero
457 4447 705 4514 Samson,
729 4447 1106 4507 continentiam
1142 4466 1380 4514 servans,
1440 4449 1646 4502 leonem
1695 4447 1855 4500 suﬂ‘o-

301 4526 451 4587 c'avit,
490 4534 651 4592 atque
693 4538 756 4576 ex
803 4521 1188 4592 asiiiirmaxilla
1240 4535 1436 4592 aquam
1479 4518 1850 4592 SCt_tI._lll‘Ielllelll

301 4595 493 4657 eduxit,
537 4589 604 4648 ac
643 4592 761 4646 sitis
799 4591 1057 4647 medelam
1105 4590 1224 4644 inde
1264 4591 1485 4658 accepit.
1525 4589 1684 4658 tilias
1731 4603 1854 4640 vero

302 4664 594 4728 Thesbites,
623 4677 749 4717 cum
788 4663 1109 4715 continentia
1159 4657 1419 4724 habitans,
1449 4657 1639 4727 indiga:
1684 4657 1852 4710 vidua:

301 4734 462 4788 factus
497 4743 581 4788 est
621 4734 746 4785 vita:
790 4732 1047 4801 largitor:
1081 4746 1202 4783 nam
1256 4732 1420 4801 fausta
1463 4728 1758 4801 benedictio
1801 4738 1854 4780 ut

308 4807 466 4859 deum
497 4805 614 4873 ejus
643 4800 884 4856 manaret
913 4801 1110 4863 ell'eeit,
1141 4809 1196 4854 et
1231 4800 1478 4873 pugilliim
1524 4800 1854 4873 lal'ittchuu-

303 4876 422 4929 tidie
459 4868 628 4934 auxit.
687 4873 830 4926 Idem
857 4873 1026 4932 Elias,
1062 4887 1156 4938 per
1177 4871 1574 4934 continentiam,
1628 4868 1761 4936 ignis
1800 4877 1856 4920 et

303 4961 444 5011 aqua:
474 4945 754 4997 thesauros
801 4943 852 4994 in
904 4941 1130 4994 nubibus
1180 4940 1448 5010 possedit:
1481 4940 1668 5011 ignem
1709 4939 1851 5011 enim

303 5009 565 5068 caelestem
596 5013 648 5066 in
671 5014 860 5081 impios
883 5011 1125 5064 diffluere
1165 5009 1341 5079 jussit,
1370 5019 1424 5062 et
1463 5009 1850 5081 delicientiuor-

303 5084 347 5136 bi
377 5086 624 5141 caelestes
667 5078 837 5137 fontes
882 5082 1086 5135 effudit.
1116 5078 1337 5135 Elisaaus
1365 5095 1490 5132 vero
1537 5079 1649 5145 ejus
1693 5078 1851 5131 disci-

306 5157 470 5220 palus,
509 5153 750 5208 eamdem
791 5168 945 5222 quam
988 5153 1234 5220 magister
1278 5149 1654 5222 continentiam
1687 5150 1856 5222 possi-

303 5219 461 5286 dens,
500 5227 554 5278 in
615 5219 956 5278 Sunamitidis
1000 5219 1235 5275 mulieris
1281 5221 1445 5274 sterili
1495 5227 1645 5271 utero
1694 5219 1855 5286 prolis

306 5306 527 5364 segetem
573 5309 670 5364 per
718 5307 900 5362 preces
944 5292 1272 5364 impetravit;
1300 5301 1353 5345 et
1388 5288 1508 5364 quia
1548 5303 1667 5343 eum
1709 5289 1850 5355 paria

305 5361 591 5429 oportebat'
619 5361 871 5431 magistro
923 5375 1020 5415 suo
1061 5361 1307 5415 miracula
1362 5361 1538 5423 edere,
1588 5370 1852 5431 mortuum

305 5428 452 5488 unum
484 5428 780 5489 suscitavit:
828 5443 881 5487 et
919 5442 1035 5500 post
1071 5431 1534 5492 mortem,ossium
1575 5429 1688 5497 ejus
1727 5428 1851 5500 reli-

307 5506 430 5574 quia:
451 5516 685 5559 mortuos
706 5497 988 5574 suscitat—it.
1006 5501 1432 5574 sapientissimus
1453 5509 1625 5574 autem
1648 5497 1850 5574 Daniel,

311 5568 618 5630 continentia
662 5585 914 5645 tanquam
940 5568 1111 5642 gladio
1138 5569 1353 5639 ancipiti
1383 5571 1668 5636 accinetus,
1702 5568 1852 5634 It'ptis

357 5729 371 5759 ⁸
406 5727 484 5777 Sic
501 5729 615 5781 Cod.
644 5727 777 5789 Vat.,
800 5725 1072 5779 anclicanus
1097 5741 1223 5786 vero,
1250 5720 1567 5774 circumcidit.

1979 2278 2131 2350 clam,
2158 2277 2851 2350 interfieientes_sun‘ocavit,
2877 2288 2934 2334 et
2955 2293 3139 2350 agnam
3167 2281 3393 2334 CItuICiJE
3415 2297 3532 2336 cus-

1979 2349 2161 2401 iodivit
2196 2351 2310 2402 sine
2356 2365 2511 2402 noxa.
2539 2347 2691 2402 Istius
2719 2351 2858 2402 enim
2908 2347 3073 2402 vellus
3115 2354 3371 2406 castitatis
3402 2368 3532 2406 con-

1974 2421 2211 2486 spicuum
2241 2420 2424 2472 osculo
2454 2420 2658 2487 impuro
2687 2434 2790 2472 non
2820 2419 3166 2485 lacerabatur,
3212 2436 3384 2489 neque
3435 2439 3528 2475 an-

1971 2490 2116 2557 cipiti
2145 2489 2319 2558 gladio
2346 2495 2548 2558 peccati
2579 2489 2786 2555 papillze
2812 2491 3321 2545 contaminabantur.
3343 2493 3531 2547 Beatus

1971 2575 2098 2631 vero
2123 2559 2429 2631 Ambacum,
2459 2574 2488 2612 a
2518 2559 2714 2631 Spiritu
2739 2569 3164 2631 sanctoraptus,
3211 2563 3386 2631 opilici
3414 2579 3531 2617 cas-

1970 2630 2132 2682 titatis
2165 2629 2361 2682 Danieli
2389 2630 2752 2699 operariorum
2781 2629 3053 2694 prandium
3080 2629 3398 2699 apportavit.
3426 2635 3528 2687 An-

1967 2715 2073 2753 non
2131 2707 2337 2768 poterat
2384 2699 2523 2752 enim
2567 2699 2701 2752 Deus
2746 2698 2884 2752 hunc
2925 2698 3126 2763 etiain,’
3153 2698 3289 2755 sicut
3335 2703 3523 2766 Eliam,

1967 2785 2062 2837 per
2095 2784 2283 2821 corvos
2311 2768 2550 2822 nutrire?
2578 2784 2644 2822 ne
2684 2785 2810 2821 vero
2834 2785 2952 2822 cum
2977 2769 3102 2823 feris
3127 2772 3386 2826 viventem
3413 2775 3528 2827 sine

1968 2840 2329 2913 consolatione
2357 2840 2636 2913 relinquat,
2661 2840 2862 2913 socium
2896 2840 3200 2913 prophetam
3229 2843 3408 2909 mittit,
3435 2847 3523 2913 qui

1964 2908 2217 2980 afflictum
2267 2911 2586 2980 consoletur:
2610 2910 2802 2980 Animo
2829 2912 2968 2962 enim
3003 2920 3172 2962 tecum
3213 2908 3416 2980 reputa,
3444 2908 3526 2966 di-

1967 2978 2135 3038 lecte,
2184 2979 2447 3047 quomodo
2485 2978 2537 3032 in
2565 2977 2710 3032 fovea
2750 2979 2960 3032 leonum
3013 2992 3125 3033 erat
3157 2977 3370 3045 Daniel,
3424 3000 3523 3039 nec

1962 3063 2230 3103 scamnum
2279 3049 2498 3110 habens,
2554 3064 2651 3102 nec
2697 3063 2906 3116 panem,
2955 3064 3051 3102 nec
3105 3066 3358 3114 mensam,
3411 3069 3516 3107 non

1964 3119 2254 3181 lucernam,
2284 3135 2386 3172 non
2421 3120 2632 3180 lectum,
2666 3120 2758 3171 sed
2782 3120 2832 3171 in
2858 3119 3034 3172 medio
3062 3121 3283 3174 duorum
3310 3123 3522 3177 leonum

1963 3199 2114 3242 stans
2156 3190 2321 3242 instar
2360 3191 2556 3253 crucis,
2605 3189 2835 3241 futurum
2877 3189 3142 3243 Christum
3199 3192 3519 3248 imitabatur.

1964 3258 2096 3313 Tres
2145 3274 2270 3313 vero
2310 3261 2623 3328 sanctissimi
2657 3261 2801 3327 pueri
2851 3261 3224 3313 continentiam
3268 3263 3518 3328 amplexi,

1960 3344 2078 3382 cum
2122 3330 2238 3398 igne
2271 3330 2548 3390 luctantes,
2581 3327 2864 3382 lervcnteiii
2909 3330 3024 3396 ejus
3051 3329 3312 3384 ﬂammam
3347 3333 3398 3385 vi
3438 3350 3517 3386 su-

1962 3411 2228 3466 perarunt.
2243 3399 2288 3453 0
2303 3401 2568 3468 virginitas
2589 3415 2704 3468 qua:
2730 3400 3009 3462 Christum,
3032 3415 3177 3468 spem
3193 3403 3389 3465 mundi,
3408 3404 3521 3459 sine

1963 3470 2142 3523 labore
2185 3471 2518 3539 germinasti!
2550 3486 2584 3523 o
2623 3469 2714 3522 Dei
2745 3471 3020 3540 sapientia,
3051 3486 3168 3539 quae
3212 3473 3378 3540 gloria
3409 3476 3514 3527 vir-

1959 3541 2193 3607 ginitatis
2223 3541 2436 3593 Mariam
2464 3557 2566 3595 non
2614 3541 2852 3608 privasti,
2880 3548 2932 3592 et
2975 3539 3240 3593 Christum
3271 3556 3362 3609 per
3398 3559 3512 3596 eam

1959 3610 2090 3663 lucis
2137 3611 2300 3662 instar
2339 3610 2669 3679 etfulgentem
2719 3610 2940 3679 misisti!
2970 3624 3003 3660 ο
3043 3621 3280 3663 sanctum
3327 3612 3515 3666 Filium

1958 3693 2165 3746 Sponsa:
2207 3695 2310 3731 non
2351 3678 2546 3746 nuptm,
2595 3680 2710 3730 fons
2751 3678 3187 3746 incorruptionis,
3243 3682 3515 3737 immorta-

1959 3749 2120 3802 litatis
2177 3749 2401 3808 al‘flatus,
2455 3749 2700 3800 Ερειεδίςυ
2749 3747 2948 3812 lumen,
3005 3749 3227 3816 justitia:
3281 3760 3513 3817 statera,

1958 3831 2311 3872 mercatorum
2364 3818 2577 3885 pulchra
2631 3818 2929 3884 margarita,
2979 3830 3033 3872 et
3071 3819 3324 3874 timorum
3379 3823 3518 3878 bone

1957 3901 2256 3963 coronatur,
2300 3890 2386 3956 qui
2433 3903 2622 3963 magno
2653 3888 3102 3963 pretio_venderis_
3146 3899 3201 3944 et
3245 3907 3282 3963 a
3314 3907 3516 3963 paupe-

1960 3958 2108 4012 ribus
2123 3955 2343 4033 emptus
2371 3973 2464 4033 es,
2497 3958 2661 4033 tribus
2699 3955 3210 4033 obolisacquisitus,
3256 3955 3380 4025 fide,
3421 3955 3518 4033 Spe

1957 4037 2009 4081 et
2029 4025 2264 4091 caritate,
2293 4037 2344 4082 et
2370 4029 2420 4081 in
2449 4027 2720 4080 humilium
2739 4025 2987 4099 cordibus
3012 4031 3269 4094 versaris;
3293 4025 3514 4099 granu'm

1955 4099 2152 4167 sinapis
2177 4111 2226 4153 ei
2254 4099 2555 4168 angelorum
2577 4097 2840 4150 exercitus
2865 4097 3069 4165 ductor,
3114 4097 3514 4156 bonus—inculta

1958 4171 2323 4237 pulcherrima:
2375 4169 2566 4230 Mariae,
2611 4177 2662 4219 et
2709 4168 3237 4233 incomprehensibile
3288 4171 3516 4226 Verbum

1956 4241 2226 4292 oinniferic
2253 4239 2543 4307 sapientiae;
2568 4237 2654 4304 qui
2685 4239 3138 4291 inortisluctumin
3165 4247 3301 4294 terra
3324 4243 3516 4295 solvis-

1960 4311 2016 4366 ti.
2049 4320 2101 4360 et
2131 4311 2298 4362 lucem
2333 4310 2539 4360 thalami
2567 4308 2616 4360 in
2646 4309 2780 4360 caelo
2807 4307 3148 4378 prirparasti;
3179 4310 3268 4378 qui
3299 4311 3514 4364 herbam

1955 4385 2190 4445 corporis
2246 4380 2408 4432 nostri
2450 4379 2680 4438 induisti,
2731 4385 2783 4430 et
2827 4375 3314 4432 iinmarcesciliilcin
3359 4380 3507 4435 ﬂoris

1956 4449 2170 4502 odorem
2203 4450 2350 4501 nobis
2374 4447 2563 4502 dedisti
2586 4464 2599 4502 :
2631 4447 2743 4499 hrec
2768 4458 2889 4499 sunt
2915 4449 3186 4516 sapientia:
3214 4459 3315 4502 tua:
3345 4451 3510 4505 docu-

1957 4528 2152 4583 menta,
2187 4518 2266 4570 hic
2294 4529 2416 4571 sunt
2452 4518 2636 4585 jcjunii
2667 4518 2736 4568 tui
2769 4517 3090 4583 dulcedines,
3123 4517 3204 4573 ha:
3233 4523 3512 4575 continen-

1957 4591 2041 4641 tia:
2071 4601 2171 4641 tuae
2219 4598 2546 4650 ornamenta,
2598 4587 2709 4638 lia-e
2743 4587 2992 4640 Ecclesia:
3035 4597 3136 4642 tua:
3186 4587 3505 4642 fulcimcnm.

1954 4659 2028 4712 Ita
2057 4660 2197 4713 soles
2219 4659 2464 4728 pupulum
2493 4667 2634 4709 tuum
2666 4668 2881 4721 nutrire,
2910 4675 2941 4708 n
2969 4657 3113 4722 Jesu,
3138 4675 3240 4712 non
3265 4670 3420 4726 tanqu
3443 4678 3507 4713 ιιη

1957 4730 2164 4788 absens,
2220 4729 2313 4781 sed
2363 4738 2604 4796 tanquam
2637 4743 2868 4794 priesens
2907 4747 2920 4780 :
2977 4731 3168 4782 etenim
3207 4743 3324 4781 cum
3357 4731 3510 4783 I’atre

1958 4809 2187 4852 CXISICIIS
2229 4816 2256 4850 a
2286 4798 2432 4852 nobis
2465 4813 2563 4850 non
2593 4799 2871 4865 separaris,
2904 4809 2956 4850 et
2986 4800 3256 4852 nobiscum
3289 4815 3502 4852 versans

1956 4885 1984 4921 a
2032 4870 2182 4922 Patre
2235 4885 2334 4921 non
2389 4869 2630 4920 discedis.
2693 4870 2836 4934 Aqua
2881 4882 3098 4934 corpora
3142 4876 3317 4921 nostra
3353 4871 3507 4920 lavis-

1959 4940 2015 5002 ti,
2054 4948 2106 4991 et
2147 4940 2340 5006 Spiritu
2399 4939 2573 5003 lapsus
2623 4946 2830 4990 nostros
2879 4940 3110 4992 solvisti:
3165 4939 3274 4990 sale
3303 4939 3507 5006 pietatis

1955 5010 2158 5061 animas
2185 5023 2359 5060 ovmm
2413 5020 2613 5059 tuarum
2669 5007 2946 5068 condiisti,
3010 5020 3062 5060 et
3109 5009 3158 5060 in
3203 5009 3504 5074 angelorum

1957 5094 2145 5145 pascua
2176 5093 2272 5131 nos
2302 5078 2540 5130 traxisti:
2569 5078 2738 5144 sigillo
2770 5080 2926 5141 pedes
2973 5086 3179 5129 nostros
3223 5082 3501 5141 roborasti,

1955 5159 2009 5202 et
2031 5165 2058 5200 a
2093 5160 2227 5202 terra
2257 5149 2311 5201 in
2337 5150 2526 5202 ccclum
2558 5162 2648 5212 per
2668 5147 3044 5207 scalani,lideni
3072 5157 3516 5212 nostram,exten-

1955 5220 2100 5284 disti,
2126 5234 2188 5272 ac
2230 5219 2630 5271 manuduetores
2656 5215 2869 5283 angelos
2897 5217 3046 5268 nobis
3069 5220 3356 5284 apposuisti
3380 5237 3392 5270 :
3423 5237 3508 5273 επ..

1955 5289 2136 5341 borem
2183 5289 2356 5342 arbori
2411 5286 2718 5355 apposuisti,
2749 5294 2802 5338 et
2829 5297 3026 5338 costam
3085 5303 3178 5354 pro
3207 5298 3351 5342 costa
3379 5291 3507 5342 sub-

1955 5359 2170 5412 stituisti
2203 5376 2216 5411 :
2262 5374 2446 5411 manus
2492 5359 2542 5408 in
2586 5370 2760 5427 aerem
2788 5357 3107 5424 exliandisti,
3134 5368 3186 5412 et
3225 5375 3320 5427 pro
3357 5361 3510 5415 nobis

1955 5429 2164 5482 Patrem
2223 5439 2365 5482 tuum
2421 5426 2730 5491 implorasti,
2785 5435 2837 5477 et
2882 5443 2945 5479 ex
2989 5426 3298 5496 tempestate
3347 5430 3522 5486 altam

1955 5499 2292 5552 serenitatem
2333 5498 2613 5549 stabiliisti.
2643 5496 2966 5568 Quapropter
3008 5511 3160 5551 nocte
3203 5501 3414 5568 dieque,
3454 5512 3508 5554 et

1957 5581 2187 5621 tacentes
2217 5577 2270 5619 c:
2321 5569 2611 5634 loquentes,
2647 5566 2733 5616 tibi
2778 5567 2995 5633 gloriam
3027 5566 3320 5632 relerimus,
3366 5572 3415 5622 in
3457 5582 3508 5624 te

1957 5642 2073 5691 vita:
2103 5654 2247 5706 spem
2280 5638 2545 5699 habentes,
2580 5650 2716 5687 nunc
2763 5648 2813 5689 et
2861 5654 3086 5707 semper,
3133 5651 3183 5694 Cl
3231 5644 3283 5695 in
3329 5646 3504 5695 secula

1956 5711 2263 5764 seculorum.
2299 5711 2481 5761 Amen.
