4748 6520
916 303 983 368 ῃ
2247 295 2489 355 SPURIA
2529 298 2853 369 oneum.

921 443 1022 485 euo
1047 435 1101 481 et
1125 425 1296 481 nautis
1323 423 1556 479 laborem
1599 419 1726 475 artis
1752 432 1861 472 sum
1900 425 2119 486 propter
2147 416 2484 472 serenitatem

921 495 1560 562 remittentibus,,repente
1573 491 1860 559 asperrima
1877 486 2483 562 procellaconturbante,

921 585 1041 624 cum
1086 556 1750 637 prastereitspectationem
1787 558 1930 612 venti
1960 557 2011 611 in
2031 556 2278 637 pelagum
2306 572 2484 637 eru_m-

920 648 1050 710 pant
1072 627 1103 704 ,’
1136 627 1446 710 incipiatque
1487 628 1951 710 mare.effer_atum
1996 627 2360 710 obstrepere,"
2385 628 2484 681 ﬂu-

921 696 1208 777 ctuumque
1235 696 1381 778 inrba
1426 717 1612 778 navem
1644 699 1900 778 impedire
1924 740 1940 766 ,
1968 707 2026 752 ut
2050 708 2102 752 et
2132 696 2486 778 multiplicum

922 768 1139 832 funium'
1171 776 1370 835 tensio,
1403 774 1492 841 qui
1535 771 1675 826 circa
1720 768 1913 824 malum
1960 768 2224 837 suspensi.
2251 768 2488 841 violento

921 860 1194 904 ventorum
1223 837 1453 913 impulsu
1477 844 1589 913 icti,
1619 841 1832 913 sibilant
1859 857 1873 893 :
1900 848 2024 913 tunc
2049 851 2195 900 sane,
2227 851 2261 891 o
2284 837 2483 913 dilecti,

922 919 1176 972 tumultus
1219 909 1434 982 quidem
1481 911 1891 982 turbulentuset
1916 909 2184 982 luctuosus
2209 909 2489 982 a_vectori-

922 989 1019 1043 bus
1050 977 1250 1051 oritur,
1269 995 1494 1039 mortem
1523 982 1574 1036 in
1607 980 1864 1051 profundo
1911 979 2070 1051 maris
2089 1020 2103 1041 ,
2133 977 2483 1051 magisquam

921 1048 1248 1118 naturalem,
1297 1051 1740 1119 exspectantibus.
1807 1049 1905 1103 llic
1954 1048 2134 1102 videas
2189 1048 2414 1117 remiges
2456 1063 2483 1102 a

919 1128 1150 1210 procella
1179 1126 1300 1206 illos
1329 1123 1659 1210 extrinsecus
1683 1122 2068 1210 circumagente
2086 1160 2101 1184 ,
2128 1119 2246 1210 plus
2270 1132 2399 1210 vlero
2420 1119 2487 1173 ab

918 1188 1062 1252 intus
1091 1197 1383 1266 lugentium
1413 1194 1645 1246 clamore
1670 1200 1948 1266 enervatos
1970 1188 2123 1252 (adeo
2151 1199 2207 1241 ut
2226 1188 2487 1266 guberna-

919 1279 1005 1323 tor
1031 1258 1176 1338 ipse:
1198 1281 1306 1334 prae
1334 1272 1476 1338 metu
1509 1261 1881 1338 tremebundus
1910 1258 2234 1338 factu_s._.non
2248 1259 2487 1338 amplius

923 1340 999 1394 uti
1031 1328 1371 1408 possit-manu
1392 1332 1768 1408 gubernatoris
1785 1329 1850 1383 ad
1868 1328 2058 1408 navigii
2077 1329 2444 1408 directionem)
2469 1346 2484 1392 ;

921 1399 1109 1464 omnes
1153 1422 1279 1462 vero
1322 1399 1610 1457 clamantes
1638 1416 1696 1455 se
1721 1402 1880 1455 vitam
1929 1401 2066 1453 inter
2110 1399 2347 1451 homines
2377 1413 2488 1452 ser-

923 1495 1051 1534 vare
1081 1493 1234 1548 posse
1257 1476 1561 1548 desperare.
1590 1471 1718 1548 Tale
1743 1469 2012 1541 quidpiam
2039 1469 2231 1548 accidit
2257 1468 2488 1548 discipu-

924 1549 994 1604 lis
1017 1568 1030 1614 ;
1059 1539 1232 1602 mente
1253 1539 1394 1599 enim
1419 1553 1471 1598 te
1491 1539 1778 1614 transferas
1803 1555 2010 1614 mecum
2032 1539 2096 1592 ad
2114 1539 2484 1614 _Ev_angeli_um.

923 1608 1158 1673 Ascendit
1179 1617 1326 1670 Jesus
1353 1631 1465 1666 cum
1502 1610 1764 1680 discipulis
1799 1612 1904 1664 suis
1931 1611 1982 1662 in
2011 1609 2290 1680 naviculam
2317 1609 2335 1678 (
2358 1608 2483 1661 Luc.

927 1687 1065 1756 Vill,
1096 1689 1209 1758 ‘22),
1239 1685 1482 1758 etfacile
1529 1679 1733 1758 trajecit
1769 1695 1934 1735 mare.
1964 1680 2205 1758 Quandiu
2231 1679 2488 1758 _Dominus

925 1749 1496 1826 Christusnvigilabat,
1546 1749 1719 1826 omnis
1765 1752 2061 1806 contrarius
2103 1749 2490 1826 re‘primebatur

923 1842 1112 1884 ventus
1141 1848 1154 1882 :
1188 1819 1397 1898 planum
1424 1834 1599 1878 autem
1627 1824 1726 1877 illis
1751 1831 1866 1877 erat
1889 1835 2056 1898 mare,
2074 1829 2316 1898 tanquam
2340 1819 2488 1873 ﬂrma

927 1911 1087 1963 terra,
1116 1889 1496 1967 nequeﬂuctus
1521 1905 1703 1967 contra
1733 1907 1916 1946 navem
1933 1891 2200 1967 Christum
2229 1889 2485 1967 ferentem

921 1960 1245 2039 insurgebat.
1267 1966 1398 2020 Cum
1431 1981 1556 2019 vero
1583 1964 1758 2027 Iesus,
1786 1961 2076 2018 secundum
2105 1960 2484 2039 providentiam

923 2038 1105 2104 suam,
1122 2041 1175 2092 io
1194 2039 1410 2110 navigio
1429 2039 1752 2104 dormiebat,
1769 2040 1946 2109 quoad
1961 2047 2207 2110 naturam
2219 2038 2481 2110 corporis,

921 2125 1031 2164 non
1051 2109 1229 2179 quoad
1254 2107 1471 2163 deitatis
1494 2107 1807 2177 dignitatern
1844 2110 2040 2177 (somni
2061 2109 2205 2163 enim
2227 2107 2484 2179 immunis

921 2189 1007 2234 est
1035 2176 1225 2233 anulus
1261 2179 1501 2248 deitatis)
1533 2176 1695 2244 {tum
1729 2176 1873 2248 venti
1905 2179 2298 2248 conspicientes
2320 2176 2486 2248 Magi:

923 2260 1099 2303 strum
1126 2258 1179 2302 et
1211 2244 1532 2302 Praefectum
1565 2262 1726 2300 suum
1759 2244 2113 2300 dormientem
2141 2284 2156 2308 ,
2187 2247 2328 2299 sicut
2359 2244 2485 2313 equi

924 2319 1169 2388 aurigam
1184 2332 1378 2388 somno
1389 2318 1663 2371 detentum
1679 2328 2017 2383 spernentes,
2031 2317 2099 2366 im
2109 2324 2332 2383 petuoso
2356 2313 2488 2366 ﬂatu

923 2386 1490 2442 savamexsibilantes
1510 2392 2106 2453 tempestatem,contra
2137 2399 2325 2438 navem
2356 2398 2488 2453 apo-

924 2459 1172 2511 stolicam
1200 2455 1546 2510 ferebantur:
1568 2452 1748 2522 atque,
1770 2456 2002 2522 procella
2023 2462 2230 2516 exorta,
2255 2468 2376 2521 quae
2405 2452 2489 2504 in-

923 2535 1292 2596 exspectatam
1323 2524 1850 2596 mortemtantoﬂatu
1865 2523 2196 2596 minabatur,
2220 2531 2490 2576 aestuante

927 2593 1139 2666 pelago,
1154 2609 1431 2666 saevosque
1444 2593 1641 2666 ﬂuctus
1659 2609 1785 2666 cum
1807 2593 2021 2666 fremitu
2051 2593 2101 2666 in
2127 2607 2366 2666 arenam-
2379 2600 2490 2646 ter-

927 2659 1200 2718 ininorum
1230 2659 1658 2718 constitutricetn
1691 2665 2034 2722 immittente,
2051 2662 2300 2731 discipuli
2319 2659 2489 2731 tfren-

928 2733 1145 2788 dentem
1159 2734 1558 2802 conspicientes
1569 2741 1940 2803 tempestatem
1951 2731 2048 2796 ,Ch
2058 2730 2485 2803 ristuinceleber:

930 2805 1130 2873 rimum
1161 2797 1614 2873 propngnatorem
1663 2797 2016 2873 invocabant;
2057 2800 2188 2873 quid
2213 2797 2491 2873 dicentes?

930 2819 1130 2857 rtmum
1161 2816 1614 2873 propugnatorem
1663 2816 2016 2863 invocabant;
2057 2816 2188 2918 (vita
2213 2816 2490 2853 dicentes:

927 2871 1174 2936 Domine,
1205 2873 1356 2926 salva
1405 2889 1522 2937 nos,
1552 2874 1779 2941 perimus
1814 2869 2030 2940 (Matth.
2053 2937 2076 2941 _
2115 2869 2204 2931 III,
2235 2868 2349 2937 ‘25).
2388 2867 2490 2922 Per

929 2943 1287 3017 teconomiam
1336 2937 1638 3017 dormiebat
1693 2942 1748 2995 in
1787 2937 2002 3010 navigio
2050 2937 2340 3017 Dominus,
2380 2953 2490 3017 non

928 3012 1150 3066 nescius
1189 3013 1336 3067 illius
1373 3013 1517 3073 quod
1559 3012 1800 3064 futurum
1838 3018 1975 3070 erat,
2007 3023 2106 3062 nec
2145 3012 2491 3063 serenitatem

919 3085 1200 3140 inducendi
1233 3095 1491 3154 potestate
1518 3085 1729 3136 carebat
1749 3100 1769 3154 ς
1787 3084 1960 3154 sciens
1984 3094 2112 3134 vero
2137 3095 2281 3132 mare
2306 3079 2483 3134 turba-

919 3164 1027 3208 tum
1056 3155 1186 3222 fore,
1213 3151 1416 3210 duabus
1442 3155 1510 3207 de
1530 3154 1704 3206 causis
1731 3151 2050 3222 dormiebat:
2081 3159 2139 3222 ut
2164 3165 2256 3218 per
2272 3158 2484 3222 tempe—

917 3233 1108 3280 statem
1150 3219 1490 3294 redargueret
1536 3222 1798 3294 labentem
1829 3229 1884 3294 et
1912 3220 2229 3294 imbecillam
2255 3219 2485 3294 discipu-

916 3294 1090 3350 lorum
1122 3289 1380 3356 fidemfet
1404 3291 1690 3362 potentiam
1717 3291 2004 3362 divinitatis
2024 3306 2132 3362 sua:
2161 3289 2271 3362 illis
2285 3290 2483 3359 liquido

914 3360 1518 3420 demonstraret.Videre
1539 3371 1654 3416 erat
1672 3362 1867 3430 itaque,
1885 3377 1917 3414 ο
1937 3360 2129 3424 dilecti,
2155 3360 2477 3430 vigilantem,

913 3436 1088 3506 quoad
1122 3449 1335 3504 corpus,
1378 3435 1680 3506 Dominum,
1711 3433 1889 3500 seipso
1916 3429 2482 3506 vehementioremfao

913 3501 1144 3571 ctttm,et
1164 3501 1374 3558 ventum
1396 3503 1460 3557 ad
1479 3505 1782 3572 speluncam
1801 3516 1949 3555 suam
1963 3501 2259 3572 clanculum
2282 3501 2482 3570 fugien-

916 3585 1048 3640 tem,
1074 3577 1420 3645 pelagumque
1442 3571 1546 3627 non
1577 3574 1711 3627 ultra
1739 3582 1921 3645 contra
1951 3571 2481 3645 apostolicunt_tiavi-

913 3647 1056 3717 gium
1077 3640 1254 3699 'niinas
1295 3640 1679 3717 intentantem,
1715 3641 1807 3717 sed
1829 3642 2018 3717 ﬂuctus
2033 3645 2100 3694 ad
2121 3640 2480 3717 adorationem

913 3711 973 3771 se
995 3725 1380 3770 convertentes.
1404 3715 1546 3770 Talis
1572 3713 1822 3782 esthujus
1851 3714 1970 3767 vita:
1997 3726 2205 3777 cursus,
2225 3711 2294 3764 ita
2315 3722 2370 3766 ut
2393 3727 2482 3767 res

914 3787 967 3840 in
993 3787 1183 3840 eodem
1210 3797 1346 3839 statu
1379 3801 1642 3856 nunquam
1674 3793 2040 3856 permaneant,
2061 3782 2156 3836 sed
2200 3782 2480 3856 aliquando

916 3857 971 3910 in
1017 3871 1146 3925 pace
1192 3855 1667 3924 tranquilltesint,
1709 3866 1866 3923 atque
1912 3855 2281 3925 alimentorum
2329 3855 2480 3921 copia

912 3923 1202 3990 abundent;
1229 3923 1487 3980 interdum
1506 3942 1632 3981 vero
1651 3932 2084 3981 commoveantur
2099 3923 2475 3992 ﬂuctibusque,

914 4005 974 4050 ut
998 4012 1164 4062 mare,
1187 3997 1468 4066 agitentur,
1489 3997 1677 4066 partim
1695 3994 1906 4063 quidem
1941 3994 2280 4066 barbarorum
2307 3993 2481 4048 incur-

913 4067 1151 4122 sionibus
1171 4109 1186 4131 ,
1221 4062 1407 4136 partim
1458 4062 1821 4136 tyrannornmi
1848 4062 2285 4136 machinamentis
2312 4074 2482 4136 etne-

911 4139 1172 4208 gotiorum
1219 4133 1686 4208 perplexitatibus,
1718 4135 2003 4208 multisque
2027 4133 2143 4185 aliis
2174 4133 2481 4208 tumultibus

913 4202 970 4261 Et
997 4202 1503 4277 perturbationibus.
1533 4202 1676 4277 nam
1696 4203 1944 4272 praedicta
1973 4202 2040 4257 de
2064 4203 2356 4277 apostolico
2386 4220 2480 4256 na-

913 4272 1055 4346 vigio
1097 4278 1310 4334 historia
1359 4279 1499 4332 hunc
1546 4276 1703 4331 habet
1746 4289 1999 4346 sensum;
2045 4272 2177 4326 nihil
2221 4275 2412 4346 quippe
2450 4289 2481 4328 a

914 4345 1136 4404 Domino
1186 4350 1380 4404 factum
1419 4357 1502 4402 est
1545 4347 1682 4416 quod
1726 4345 2034 4416 mysterium
2084 4357 2189 4395 non
2242 4345 2477 4397 haberet.

911 4417 1038 4473 Mari
1087 4420 1275 4474 similis
1313 4428 1395 4473 est
1435 4415 1711 4482 hzec’vita;
1745 4415 1970 4484 navigio,
2005 4415 2231 4465 lnnnana
2256 4423 2435 4467 natura
2459 4456 2475 4480 ,

913 4499 1129 4556 portans
1159 4490 1305 4558 quasi
1349 4499 1586 4542 vectores
1611 4497 1661 4541 et
1686 4486 2094 4558 gubernatorem
2136 4484 2480 4558 cogitationes

912 4555 966 4612 et
993 4555 1244 4612 mentein.
1280 4557 1390 4611 IIoc
1419 4561 1591 4626 itaque
1619 4555 1911 4624 navigium,
1940 4555 2356 4626 naturagscilicet
2384 4555 2480 4607 hn-

913 4643 1089 4691 tnana,
1113 4629 1164 4681 in
1198 4628 1297 4682 hac
1320 4629 1421 4681 vita
1448 4623 1718 4696 ag’itatura
1740 4623 1928 4696 diaboli
1953 4623 2200 4692 nequitia,
2229 4639 2256 4675 a
2283 4625 2480 4696 damno-

911 4700 1067 4754 nibus
1095 4699 1353 4761 hostibus,
1383 4694 1844 4767 qui—cupiditatum
1871 4694 2060 4748 ﬂuctus
2087 4696 2353 4767 excitant;
2384 4695 2480 4748 fal-

909 4785 1024 4824 sam
1056 4765 1670 4837 voluptatum—spumam
1703 4767 1754 4819 in
1785 4767 2048 4837 internum
2095 4765 2325 4837 animum
2359 4780 2480 4837 pro-

906 4839 1135 4911 jiciunt,
1184 4835 1253 4894 ac
1313 4835 1543 4911 mentem
1614 4836 2036 4911 gubernatricem
2104 4835 2476 4911 cupiditatibus

909 4904 1248 4966 commovent
1275 4919 1330 4963 et
1368 4909 1420 4962 in
1462 4904 1734 4977 peccatum
1768 4907 2102 4974 immergunt.
2130 4904 2279 4973 Quod
2301 4915 2476 4960 autem

4074 306 4145 363 22

2589 415 2752 472 homo
2797 418 3018 486 quilibet
3057 436 3085 474 a
3130 422 3450 490 voluptatum
3493 418 3701 475 ﬂamma
3754 429 4048 475 commotus
4091 423 4144 475 in

2588 499 2858 557 peccatum
2879 491 3238 560 immergatur,
3270 491 3342 558 id,
3368 506 3663 560 sermonem
3687 506 3860 545 meum
3877 504 4140 555 asserens,

2590 567 2808 630 testatur
2847 560 3008 630 David
3050 559 3320 630 propheta.
3350 559 3480 615 Cum
3504 564 3644 616 enim
3685 563 3823 615 circa
3862 574 4146 630 continen-

2593 628 2717 699 tiam
2747 627 3072 699 naufragium
3121 627 3361 695 fecisset,
3392 633 3654 686 clamabat
3681 632 3862 685 dicens
3891 648 3904 684 :
3944 628 4066 684 Veni
4092 634 4146 684 in

2590 698 2904 771 altitudinem
2941 698 3132 764 maris,
3179 711 3225 754 et
3265 711 3526 771 tempestas
3569 703 3801 756 demersit
3846 716 3926 754 me
3973 699 4144 770 (Psal.

2590 765 2815 841 LXVIII,
2843 769 2922 841 5).
2962 771 3074 824 Non
3104 773 3243 826 enim
3284 765 3383 826 hoc
3427 787 3642 841 usquam
3671 772 3962 840 reperimus
3982 765 4040 841 in
4065 771 4149 823 hi-

2591 840 2746 912 storia
2777 839 2843 894 de
2885 840 3078 912 Davide
3108 859 3122 896 :
3154 842 3485 912 quandonam
3509 839 3692 894 'David
3731 839 4038 907 navigavit?
4061 841 4151 896 vel

2590 908 2642 981 in
2669 911 2926 981 quofmari
2955 911 3054 965 iter
3073 908 3235 979 agens
3262 913 3534 966 demersus
3559 913 3683 966 est?
3713 926 3969 981 nusquam
3993 926 4146 965 sane.

2589 977 2722 1051 Quid
2747 979 2844 1033 sibi
2872 981 2985 1035 vult
3023 977 3217 1050 igitnr?
3247 982 3301 1036 In
3331 985 3426 1036 hac
3453 982 3634 1051 utique
3673 983 3776 1035 vita
3814 977 4060 1051 tanquam
4091 981 4150 1036 in

2589 1049 2773 1118 pelago
2801 1049 3128 1113 versans,’ac
3151 1052 3503 1119 voluptatibus
3529 1049 3678 1122 quasi
3704 1049 3948 1106 ﬂuctibus
3975 1052 4150 1120 agita-

2592 1127 2695 1191 tus,
2722 1130 2878 1188 atque
2904 1123 3073 1175 soluta
3102 1123 3475 1191 cogitationum
3507 1123 3815 1190 compagine
3840 1163 3853 1184 ,
3882 1122 4150 1191 intus_ad-

2591 1190 2752 1242 misso
2779 1191 3075 1258 cupiditatis
3116 1189 3277 1246 ﬂuctu
3299 1234 3312 1256 ,
3344 1207 3405 1246 ac
3431 1193 3526 1246 viri
3555 1189 3858 1246 fortitudine
3884 1207 3978 1259 per
4007 1189 4146 1248 Uria

2589 1273 2807 1331 uxorem
2833 1261 3104 1331 spoliatus,
3124 1263 3459 1316 continentiae
3481 1262 3806 1331 naufragium
3832 1276 4019 1331 passus
4038 1273 4147 1316 est.

2589 1325 2716 1382 Ideo
2742 1325 2952 1384 dicebat
2983 1349 2994 1383 :
3032 1325 3156 1384 Veni
3178 1333 3229 1386 in
3257 1333 3568 1386 altitudinem
3609 1325 3782 1396 ntdris,
3809 1325 3855 1386 et
3883 1341 4152 1398 tempestas

2589 1398 2817 1452 demersit
2833 1417 2929 1454 me.
2951 1401 3147 1456 Deinde
3168 1403 3352 1456 iterum
3369 1404 3703 1470 resipiscens,
3727 1412 3781 1456 et
3799 1417 3862 1456 ex
3888 1401 4153 1470 profundo

2591 1470 2788 1535 peccati
2831 1470 3021 1526 iterum
3059 1473 3392 1526 continentire
3431 1473 3633 1526 clavum
3678 1487 4034 1542 recuperans,
4063 1473 4152 1526 vi-

2592 1547 2802 1612 tamque
2829 1555 2976 1612 suam
3007 1543 3245 1596 castitate
3271 1551 3570 1608 temperans
3593 1585 3608 1604 ,
3641 1543 3804 1597 Deum
3837 1543 4156 1612 precabatur

2590 1606 2772 1681 dicens
2800 1627 2813 1662 :
2843 1608 2964 1664 Non
2991 1629 3070 1665 me
3106 1613 3357 1680 demergat
3387 1606 3646 1680 tempestas
3673 1606 3852 1679 aqua,
3876 1629 4032 1681 neque
4055 1615 4154 1665 ab-

2590 1680 2785 1752 sorbeat
2811 1696 2888 1732 me
2913 1683 3220 1750 profundum
3247 1681 3417 1751 (Psal.
3449 1683 3670 1745 LXVIII,
3702 1683 3812 1751 I6).
3847 1680 3974 1752 Tale
3997 1683 4154 1752 quid-

2592 1747 2728 1815 piam
2747 1747 3027 1822 Apostolus
3041 1747 3493 1822 qnoque,mystice
3509 1747 3843 1809 subindica'ns
3864 1747 4151 1806 humanam

2590 1820 2980 1905 naturam‘dicit
3009 1839 3020 1874 :
3054 1820 3494 1905 Ternaufrngium
3535 1825 3648 1905 feci.
3696 1823 3831 1905 Quid
3869 1823 4156 1905 enimah?

2589 1887 3027 1964 fet-naufragium
3048 1893 3162 1964 Γρᾷ,
3192 1887 3332 1946 nocte
3355 1887 3404 1946 et
3425 1887 3580 1964 diegin
3608 1887 3861 1964 profundo
3891 1893 4045 1964 maris
4069 1897 4150 1963 fui

2589 1958 2657 2026 (II
2679 1957 2916 2022 ϐυτ-[ΧΠ
2947 1957 3059 2031 25).
3103 1963 3207 2017 Ter
3235 1965 3372 2016 enim
3395 1957 3716 2034 naufragium
3759 1963 3882 2019 fecit
3921 1957 4151 2018 humana

2590 2041 2806 2084 natura:
2839 2034 3023 2098 semel,
3052 2036 3102 2087 in
3135 2034 3376 2098 paradiso
3405 2051 3496 2100 per
3519 2035 3990 2100 transgressionem
4017 2050 4031 2094 ;
4063 2049 4155 2088 se-

2588 2100 2778 2173 cundo,
2803 2103 2853 2156 in
2902 2101 3097 2173 diluvio
3130 2103 3278 2167 Noe;
3309 2105 3481 2168 tertio,
3515 2115 3634 2171 post
3670 2100 3837 2173 legem
3877 2113 4153 2172 acceptam

2590 2172 2812 2238 populus
2853 2174 2904 2227 in
2946 2172 3205 2228 idolorum
3245 2175 3440 2228 cultum
3492 2174 3701 2233 incidit,
3727 2172 3905 2229 donec
3931 2176 4156 2230 veniens

2589 2240 2880 2312 animarum
2933 2253 3229 2298 nostrarum
3281 2244 3601 2312 gubernator
3651 2245 3931 2309 Christus,
3975 2246 4157 2300 crucis

2589 2310 2763 2383 velum
2794 2314 2844 2364 in
2867 2314 3035 2383 media
3063 2324 3196 2367 terra
3227 2310 3422 2368 sistens
3443 2353 3458 2374 ,
3491 2315 3889 2383 tempestatibus
3926 2315 4156 2370 liberam

2589 2379 2741 2434 nobis
2771 2382 2991 2454 providit
3014 2382 3066 2435 in
3093 2386 3274 2454 urbem
3301 2385 3572 2454 caelestem
3596 2379 4000 2454 navigationem.
4037 2385 4158 2438 Νο-

2588 2459 2664 2526 cte
2689 2450 2840 2526 etudie
2865 2453 2914 2503 in
2941 2453 3193 2522 profundo
3219 2455 3370 2506 maris
3391 2455 3486 2524 fui.
3511 2450 3986 2526 Noctem'appellat
4004 2455 4153 2511 illam

2588 2519 2642 2573 in
2669 2519 2954 2588 caliginoso
2995 2519 3176 2577 errore
3221 2519 3438 2585 moram,
3469 2539 3586 2590 qnte
3620 2519 4147 2581 Christi'adventnm

2588 2593 2870 2664 antecessit
2877 2609 2922 2664 ε,
2942 2592 3080 2647 diem
3111 2607 3255 2653 vero.
3286 2595 3430 2648 illum
3459 2595 3509 2647 in
3536 2596 3709 2650 lucido
3751 2595 4015 2664 baptismo
4039 2606 4159 2650 sta-

2590 2666 2719 2726 tum,
2751 2663 2838 2728 qui
2867 2660 3058 2737 Christi
3089 2673 3301 2717 secutus
3320 2673 3402 2719 est
3427 2664 3728 2737 adventum.
3757 2660 3889 2720 Cum
3919 2676 4028 2721 tota
4056 2667 4160 2737 igi~

2591 2738 2674 2805 tur
2694 2741 2876 2786 natura
2906 2733 3129 2805 humana
3158 2736 3558 2805 peraequitiam
3580 2735 3794 2802 diaboli,
3820 2733 4148 2805 utdiximtis,

2582 2798 2900 2867 iactaretur;
2935 2804 2986 2858 id
3029 2798 3212 2858 videns
3257 2798 3488 2860 Verbum
3536 2805 3648 2868 Dei,
3697 2808 3747 2859 in
3782 2798 3935 2860 hanc
3984 2798 4154 2862 vitam

2587 2871 2838 2947 veniens,
2868 2873 3158 2947 ingreditur
3185 2875 3238 2947 in_
3264 2875 3542 2947 cavitatem
3565 2877 3754 2946 navigii
3792 2877 4010 2947 virginis
4039 2877 4156 2931 Ma-

2587 2941 2678 3016 ria:
2711 2959 2724 2995 :
2751 2945 2901 3016 cujus
2928 2941 3106 3012 typum
3134 2945 3186 2998 in
3212 2943 3344 3016 Jona
3372 2945 3627 3015 propheta
3652 2941 3966 3016 eipressnm
3999 2949 4156 3002 inve-

2587 3013 2779 3083 nimus.
2824 3013 3046 3068 Mittitur
3081 3017 3220 3083 enim
3279 3013 3440 3070 Jonas
3474 3013 3758 3083 ’Niniven’;
3809 3016 4055 3073 Christus
4096 3019 4155 3072 in

2585 3080 2722 3158 hanc
2760 3083 3109 3158 vitam__venit
3137 3080 3339 3158 {Jonas
3376 3087 3485 3158 abit
3511 3087 3559 3140 in
3591 3080 3873 3158 navigium,
3901 3097 3955 3143 et
3985 3089 4034 3142 in
4059 3104 4157 3145 ca-

2585 3152 2747 3206 vitate
2775 3155 2966 3226 navigii
2993 3155 3225 3220 dormit;
3265 3154 3494 3211 Verbum
3526 3158 3685 3212 etiam
3715 3152 3808 3213 Dei
3839 3174 3930 3226 per
3954 3173 4158 3215 novem

2587 3237 2796 3276 menses
2825 3225 2876 3277 in
2906 3236 3087 3280 ventre
3115 3226 3325 3294 virginis
3365 3226 3538 3280 Maria:
3565 3227 3673 3282 fere
3696 3225 3991 3283 dormiebat
4019 3234 4154 3284 taci-

2589 3301 2778 3365 turnus
2813 3294 3131 3350 hominibus.
3158 3297 3304 3349 Tunc
3335 3299 3497 3365 magis
3523 3301 3749 3353 excitata
3775 3311 3856 3351 est
3884 3300 4153 3356 diabolica

2588 3364 2833 3431 nequitia:
2860 3367 3108 3432 procella,
3136 3366 3290 3420 sicuti
3323 3364 3506 3421 contra
3541 3367 3749 3423 Jonam.
3778 3367 3883 3424 Sed
3910 3385 4029 3422 cum
4059 3370 4157 3426 Jo-

2587 3446 2682 3504 nas
2705 3434 2756 3504 in
2782 3449 2924 3489 mare
2945 3437 3207 3504 projectns
3223 3445 3322 3500 est,
3352 3436 3450 3491 hoc
3471 3449 3571 3502 est,
3590 3454 3708 3492 cum
3729 3439 3882 3494 Jesus
3909 3455 3938 3493 e
3967 3452 4162 3498 ventre

2585 3500 2815 3571 Virginis
2852 3505 2915 3577 _in
2946 3500 3104 3560 'hanc
3151 3507 3307 3560 vitam
3352 3500 3576 3577 prodiit,
3622 3518 3677 3563 et
3718 3510 3891 3564 omnis
3935 3525 4154 3577 quoque

2585 3585 2774 3626 ventus
2801 3573 3053 3628 adversus
3079 3573 3476 3631 obmutescehat
3499 3620 3512 3641 ,
3543 3579 3712 3634 donec
3749 3573 4025 3633 baltena'in
4057 3573 4158 3634 or-

2585 3657 2705 3718 cum
2737 3645 3052 3718 perveniret,
3082 3647 3243 3700 multa
3261 3647 3408 3718 signa
3433 3659 3486 3701 et
3513 3649 3744 3718 prodigia
3772 3649 3937 3704 edidit
3966 3649 4016 3701 in
4051 3649 4161 3706 hac

2586 3713 2985 3785 vitagnavigans.
3016 3715 3232 3768 Intravit
3258 3713 3419 3770 Jonas
3451 3713 3792 3773 in'baltcnam
3819 3759 3833 3780 ,
3863 3729 3916 3773 et
3943 3719 4032 3773 ille
4064 3721 4156 3774 itt-

2586 3783 3058 3854 travitiin'orcurn
3093 3803 3106 3837 :
3141 3796 3246 3840 tres
3291 3786 3404 3839 dies
3439 3796 3493 3841 et
3536 3797 3645 3842 tres
3686 3799 3867 3843 noctes
3888 3829 3903 3854 ,
3933 3788 4156 3846 totidem

2585 3865 2714 3928 quot
2741 3853 2995 3928 Jonas,in
3013 3871 3146 3928 orco
3162 3859 3507 3928 consumpsit.
3542 3858 3758 3928 Ejicitur
3781 3853 3943 3914 Jonas
3967 3875 4032 3912 ex
4060 3859 4160 3912 ba-

2585 3923 2718 3998 laena
2744 3925 2796 3978 in
2825 3925 3082 3998 Niniveng
3114 3926 3353 3980 Christus
3386 3923 3457 3981 cx
3499 3923 3721 3983 mortuis
3747 3933 3934 3994 surgit,
3988 3940 4158 3998 atque

2587 3994 2638 4048 in
2679 3993 2827 4067 hunc
2867 3997 3118 4050 mundum
3160 3998 3413 4051 venit.....
3456 3999 3704 4065 praedicat
3750 3993 4160 4067 paenitentiam;

2587 4064 2905 4138 resipiscunt
2931 4067 3168 4121 Ninivitae
3189 4109 3203 4132 ,
3233 4077 3390 4136 atque
3421 4064 3571 4136 hujus
3596 4064 3772 4123 mundi
3798 4070 3984 4124 incola:
4016 4086 4030 4122 :
4059 4085 4161 4138 per

2584 4143 2695 4188 tres
2722 4136 2834 4190 dies
2862 4136 3122 4205 jejunant,
3149 4147 3203 4192 et
3228 4147 3511 4191 servantur
3537 4154 3830 4193 numerosa:
3861 4136 4160 4193 multitudi-

2585 4219 2720 4280 nes;
2749 4208 2882 4260 sicut
2918 4208 3075 4260 etiam
3119 4207 3168 4280 in
3199 4206 3384 4280 Ninive
3423 4209 3696 4262 duodecim
3729 4209 4002 4280 hominum
4032 4225 4156 4280 my-

2584 4275 2758 4347 riades
2784 4287 3052 4347 etpecora
3085 4277 3328 4344 plurima.
3363 4277 3582 4332 Domino
3610 4280 3749 4333 enim
3784 4275 4156 4347 ptenitentia'm

2584 4353 2639 4397 et
2669 4346 2825 4398 fidem
2849 4345 2969 4414 huic
2995 4347 3192 4400 mundo
3212 4347 3545 4414 praedicante,
3571 4345 3847 4403 servantur
3869 4349 4159 4404 duodecim

2588 4415 2752 4486 tribus
2794 4413 2975 4470 Israel'.
3015 4413 3234 4481 Quando
3263 4418 3402 4470 enim
3445 4419 3700 4486 plenitudo
3738 4421 3959 4486 gentium
3986 4419 4159 4472 intra-

2584 4485 2726 4550 verit,
2751 4496 2872 4560 tunc
2897 4487 3055 4560 omnis
3081 4485 3238 4560 Israel
3264 4488 3429 4540 salvus
3447 4485 3536 4556 [iet
3563 4485 3843 4560 (RomJU,
3873 4489 4162 4560 25).Quod

2583 4564 2760 4627 autem
2800 4556 2962 4611 Jonas
2991 4558 3183 4611 Christi
3215 4565 3370 4627 typus
3397 4556 3579 4620 esset,
3607 4560 3857 4614 Dominus
3888 4556 4003 4627 ipse
4027 4559 4163 4615 dicit

2584 4625 2635 4696 in
2666 4624 2950 4696 Evangelio
2982 4645 2995 4680 :
3025 4627 3168 4681 Sicut
3194 4624 3322 4680 enim
3355 4629 3452 4696 fuit
3478 4627 3638 4683 Jonas
3663 4632 3714 4682 in
3740 4624 3920 4683 uentre
3934 4629 4032 4683 ceti
4059 4631 4161 4683 tri-

2583 4693 2672 4748 bus
2705 4693 2874 4750 diebits
2901 4707 2947 4750 et
2977 4698 3131 4750 tribus
3157 4693 3402 4758 noctibus,
3432 4699 3503 4751 sic
3529 4702 3621 4752 erit
3653 4698 3818 4754 Filius
3846 4701 4064 4754 hominis
4099 4701 4162 4754 in

2582 4765 2896 4842 cordeterrte
2919 4769 3084 4842 tribus
3097 4768 3269 4820 diebus
3289 4779 3333 4820 et
3357 4769 3763 4842 tribusnoctibus
3789 4769 4001 4842 (Manli.
4030 4768 4122 4824 XII
4143 4812 4160 4835 ,

2581 4835 2692 4960 A:0).
2730 4837 2808 4890 Illi
2841 4837 2912 4891 sit
2957 4838 3120 4908 gloria
3161 4846 3216 4894 et
3251 4838 3483 4907 potentia
3521 4840 3574 4893 in
3617 4835 3807 4896 secula'
3825 4841 4160 4896 seculorum.

2631 4921 2772 4961 men.

2631 4923 2772 4960 men.

2541 5032 2594 5050 ‘-

933 5114 1070 5180 VII.
1116 5133 1494 5177 musaeum
1539 5132 1726 5174 ILLUD
1764 5134 1778 5172 :
1827 5131 2040 5174 διωιε
2085 5131 2196 5175 nor
2238 5131 2500 5176 nsGNUM
2572 5133 2878 5177 consonum
2920 5135 3130 5179 ωιλΝο
3173 5135 3409 5179 SINAPIS
3456 5118 3709 5199 (Matth.
3748 5120 3920 5190 XIII,
3968 5124 4096 5202 31).

982 5283 1117 5354 Quid
1169 5283 1340 5354 majus
1386 5281 1876 5354 regnocoelorum,
1905 5290 1958 5336 et
2000 5281 2124 5354 quid
2175 5281 2348 5334 minus
2399 5289 2482 5334 est

948 5351 1076 5412 rano
1099 5351 1332 5424 sinapis?
1354 5351 1618 5425 quomodo
1635 5355 1947 5407 immensum
1961 5351 2477 5425 cmloruniregnum,

933 5421 1065 5482 acile
1089 5421 1356 5480 metiendo
1373 5421 1842 5492 'minutissimoque
1867 5437 2032 5491 grano
2054 5421 2400 5476 assimilavit?
2422 5421 2480 5474 Si

912 5514 1040 5553 vero
1069 5497 1452 5567 perpendamus
1476 5495 1600 5564 quid
1635 5496 1705 5549 sit
1737 5510 1957 5567 granum
1984 5492 2207 5560 sinapis,
2243 5492 2481 5567 inveniet

913 5583 1033 5624 ntus
1057 5561 1210 5637 quam
1240 5566 1457 5637 pulchre
1479 5561 1534 5620 et
1554 5561 1842 5621 secundum
1870 5574 2106 5637 naturam
2140 5578 2302 5637 unum
2330 5561 2481 5637 alteri

912 5632 1268 5707 comparetur.
1297 5636 1431 5704 Quid
1473 5644 1556 5707 est
1596 5651 1816 5706 regnum
1859 5635 2115 5690 cmlorum
2145 5677 2157 5696 ,
2192 5632 2482 5707 ni_si_p_lane

913 5701 1192 5768 Christus?
1214 5701 1342 5764 dicit
1360 5707 1501 5763 enim
1527 5706 1594 5762 de
1613 5701 1788 5778 seipso
1808 5723 1820 5760 :
1844 5710 1970 5760 [acre
1992 5719 2199 5779 regnum
2227 5701 2320 5756 Dei
2347 5703 2482 5758 intra

2584 5297 2666 5335 vos
2695 5291 2764 5336 est
2795 5282 2941 5352 (Luc.
2973 5281 3126 5354 XVII,
3152 5283 3267 5350 2i).
3299 5283 3440 5350 Quid,
3465 5293 3639 5337 autem
3683 5285 3855 5354 majus
3876 5295 3960 5341 est
3985 5285 4152 5344 ειη-ί-

2583 5363 2668 5405 sto
2696 5354 2985 5422 secundum
3019 5353 3288 5416 deitatem,
3319 5365 3372 5406 ut
3401 5355 3713 5422 prophetam
3752 5353 3936 5410 audire
3965 5369 4051 5412 est
4073 5359 4162 5412 di-

2584 5436 2790 5476 centem
2820 5440 2832 5474 :
2866 5421 2963 5476 Hic
2989 5434 3058 5476 est
3090 5423 3222 5477 Deus
3251 5421 3437 5486 noster,
3468 5421 3511 5476 et
3542 5441 3639 5476 non
3665 5425 3995 5480 wstimabitur
4022 5428 4158 5484 alius

2584 5493 2829 5566 adversus
2849 5510 2980 5566 eum.
2994 5492 3380 5566 _Hic_adinvenit
3409 5510 3602 5546 omnem
3623 5496 3757 5566 piam
3770 5565 3773 5566 ν
3786 5495 4090 5566 άίδείριίηω.
4109 5511 4159 5553 et

2586 5563 2791 5615 tradidit
2816 5565 2954 5617 illam
2977 5563 3136 5617 Jacob
3173 5580 3324 5630 puero
3370 5580 3482 5625 suo,
3523 5575 3569 5618 et
3611 5563 3775 5619 Israel
3811 5563 3992 5621 dilecto
4043 5587 4157 5623 suo.

2588 5631 2711 5686 Post
2739 5633 2843 5687 Itwc
2866 5641 2918 5688 in
2945 5637 3088 5686 terris
3115 5635 3244 5686 visus
3287 5643 3357 5687 est
3380 5675 3395 5696 ,
3424 5643 3468 5686 et
3493 5650 3605 5687 cum
3635 5636 3918 5690 hominibus
3949 5656 4159 5692 convcr-

2586 5715 2722 5760 satus
2763 5714 2831 5759 est
2880 5703 3133 5780 (Barac-li.
3183 5703 3241 5758 Ill
3269 5747 3283 5773 ,
3314 5704 3534 5773 36-38).
3580 5705 3739 5762 Isaias
3766 5708 3922 5762 ctiam
3973 5711 4040 5764 de
4068 5709 4161 5770 illo
