3938 6136
254 248 332 304 ς

260 364 674 429 dicit,concordi
689 378 829 419 voce
859 373 1032 422 utens.
1048 364 1185 431 Quid
1212 365 1355 421 enim
1383 365 1499 419 ait?
1526 364 1807 419 Laborem

261 432 510 505 As'gyptus
541 444 585 505 et
618 436 1003 503 negotiationes
1032 436 1426 505 Ait/tioium,"
1456 435 1669 489 Sabaim
1706 436 1805 489 viri

261 503 1163 561 sublimesadtetransibunt.“tibi
1195 503 1345 558 erant
1372 508 1593 563 servi.et
1613 515 1727 568 post
1759 517 1808 560 te

263 572 579 626 ambulabunt
610 572 765 623 uincti
809 569 1016 623 amnicis
1040 581 1086 623 et
1113 579 1159 622 te
1193 570 1471 622 adorabunt
1502 586 1519 621 :
1542 572 1659 627 auia
1692 586 1746 622 in
1775 584 1822 622 te

266 642 510 696 Dominus
535 639 663 694 Deus
684 680 700 703 ,
728 649 775 694 et
800 657 901 693 non
925 648 997 693 est
1043 639 1176 694 Deus
1206 650 1384 701 praeter
1409 651 1471 691 te.
1509 638 1583 692 Tu
1608 641 1739 693 enim
1767 654 1820 692 es

267 712 425 775 Deus.
479 722 525 766 et
565 712 935 776 nesciebam,
965 709 1098 764 Deus
1147 710 1313 764 Israel
1357 711 1593 765 Salvator
1648 709 1814 771 (Isai.

264 782 426 842 XLV.
457 781 673 851 14,15).
718 780 916 836 Beatus
957 782 1116 836 etiam
1166 781 1351 851 Petrus
1395 796 1579 836 vocent
1624 782 1815 835 rmitlit

262 855 498 908 eamdem
525 846 966 915 vim'habentem;
992 852 1063 906 ait
1087 852 1226 906 enim
1255 867 1268 903 :
1302 846 1528 911 Fratres.
1558 867 1647 906 nec
1671 851 1815 904 aliud

264 941 439 978 nomen
458 934 527 976 es:
550 922 636 976 sub
658 922 785 975 coelo
813 922 987 975 datum
1030 921 1306 992 hominibus
1327 964 1339 982 ,
1367 922 1419 973 in
1452 938 1550 992 quo
1586 932 1812 990 oporteat

262 1012 354 1048 nos
395 995 547 1048 salvos
571 994 680 1058 ﬁeri
709 993 727 1061 (
753 993 863 1045 Act.
895 992 982 1053 IV.
1012 992 1127 1060 12).
1156 991 1291 1059 Qttid
1318 1002 1491 1046 autem
1521 994 1693 1046 minus
1729 1002 1812 1047 est

258 1064 463 1119 Christo
485 1062 771 1118 secundum
802 1062 1175 1116 incarnationis
1202 1061 1673 1132 dispensationem,
1714 1064 1804 1132 qui

257 1135 414 1190 factus
439 1142 516 1189 est
551 1133 760 1203 angelis
786 1142 838 1187 et
869 1132 1169 1187 hominibus
1193 1130 1412 1185 inferior
1430 1133 1454 1185 ’ἒ
1472 1133 1619 1203 Audi
1648 1130 1808 1203 Davi-

252 1204 366 1258 dein
405 1202 667 1259 dicentem
706 1203 974 1270 quomodo
1017 1204 1183 1257 factus
1226 1205 1294 1255 sit
1335 1202 1534 1272 angelis
1587 1202 1804 1259 minor:

253 1274 379 1339 Quid
401 1285 471 1328 est
502 1275 657 1328 homo
678 1273 816 1341 quod
840 1289 1027 1327 memor
1047 1290 1097 1327 es
1132 1275 1238 1343 ejus
1258 1273 1284 1326 .9
1302 1283 1388 1324 aut
1426 1274 1561 1339 ﬁlius
1589 1273 1807 1328 hominis

241 1344 467 1413 mitium
492 1346 669 1398 uisitas
696 1360 811 1399 eum
828 1345 855 1397 1’
884 1345 1103 1397 minuisti
1119 1360 1232 1397 eum
1257 1346 1410 1410 paulo
1434 1344 1598 1397 minus
1625 1344 1688 1397 ab
1711 1360 1806 1397 ano

240 1416 357 1483 geli:
384 1415 554 1484 (Psal.
583 1413 724 1479 VIII,
755 1415 812 1474 5.
855 1413 933 1481 6).
976 1413 1122 1481 Quod
1166 1423 1340 1466 autem
1383 1413 1541 1467 David
1583 1416 1695 1469 lucc
1736 1415 1804 1470 de

240 1484 441 1555 Qltristo
476 1487 747 1555 loquatur,
789 1485 980 1540 Paulus
1021 1485 1109 1537 tibi
1155 1484 1414 1551 interpres
1457 1494 1534 1537 est
1575 1485 1798 1539 dicens:

244 1553 365 1613 Eum
390 1553 578 1621 autem,
600 1557 690 1625 qui
719 1557 917 1609 modico
942 1571 1085 1624 quam
1113 1554 1278 1624 angeli
1302 1555 1578 1625 minoratus
1603 1564 1694 1619 est,
1722 1557 1799 1607 vi-

236 1627 402 1695 demus
437 1622 623 1681 Jesum'
644 1637 850 1694 propter
887 1622 1164 1693 passionem
1183 1622 1371 1695 'mortis
1397 1622 1417 1695 (
1441 1623 1565 1676 lleb.
1614 1625 1673 1680 ll.
1704 1626 1792 1685 9).

236 1693 481 1752 Similiter
527 1693 693 1752 etiam
740 1693 1041 1753 hominibus
1078 1696 1254 1748 minor
1298 1693 1468 1749 factus
1512 1705 1613 1749 est.
1660 1696 1795 1763 Qttid

232 1765 353 1821 dicit
377 1767 535 1822 Isaias
561 1769 589 1820 ?
628 1766 857 1821 Vidimus
877 1782 988 1819 eum
1012 1807 1026 1827 ,
1057 1782 1211 1832 neque
1235 1774 1341 1816 erat
1367 1775 1615 1833 aspectus,
1642 1783 1799 1835 neque

233 1835 393 1902 decor,
421 1848 469 1892 et
496 1848 733 1908 aspectus
773 1838 883 1907 ejus
915 1836 1023 1908 sine
1063 1836 1281 1908 liquore,
1312 1843 1357 1908 et
1378 1835 1619 1908 deﬁciens
1641 1854 1795 1904 supra

230 1920 391 1961 omnes
412 1904 841 1976 ﬁlias'hominum
878 1904 1041 1975 (lsai.
1069 1904 1176 1960 LIII
1199 1947 1214 1968 ,
1237 1905 1294 1965 ‘2,
1321 1905 1355 1960 3
1378 1905 1412 1973 ).
1447 1905 1665 1976 Propter
1695 1908 1794 1963 hoc

233 1975 454 2033 vermem
482 1995 542 2034 se
565 1993 788 2048 quoque
816 1976 1117 2047 appellavit.
1150 1975 1285 2048 Quid
1314 1977 1454 2048 enim
1482 1975 1666 2048 dicit?_
1680 1976 1792 2047 Ego

232 2044 717 2114 autemsumeerruis
741 2058 787 2101 et
811 2044 913 2100 non
938 2048 1083 2099 homo
1111 2052 1126 2106 l
1153 2044 1295 2099 Psal.
1326 2044 1445 2099 XXI
1464 2088 1480 2109 ,
1512 2045 1543 2099 7
1564 2048 1603 2114 ).
1632 2046 1699 2100 Et
1728 2044 1788 2102 in

233 2113 378 2185 Isaia,
397 2118 548 2173 Pater
574 2119 652 2172 illi
681 2119 810 2172 dicit
841 2134 856 2170 :
888 2115 1014 2171 Noli
1038 2118 1227 2182 timere,
1252 2117 1431 2170 vermis
1446 2113 1607 2170 Iacob
1630 2115 1782 2185 (lsai.

232 2184 359 2258 ξω.
389 2188 495 2258 η).
522 2190 601 2244 De
635 2188 836 2244 celebri
877 2190 992 2257 ejus
1028 2197 1196 2240 morte
1234 2187 1788 2258 menticnetufaciens

229 2255 378 2327 dicit:
398 2251 467 2312 Ei
483 2260 852 2327 operimentum
868 2251 1008 2311 tuum
1032 2260 1121 2310 erit
1143 2257 1319 2310 vermis
1351 2251 1771 2327 (Isai.X|V,lI).

229 2325 463 2395 Oportuit
506 2325 649 2384 enim
682 2345 828 2393 eum,
860 2338 919 2381 ut
966 2327 1277 2397 piscatorem
1316 2325 1647 2394 prudentem,
1681 2325 1779 2380 lul-

230 2400 366 2463 geuti
392 2398 544 2454 hamo
571 2400 866 2454 divinitatis
896 2399 1294 2466 circutuponcre
1324 2411 1553 2448 vormem
1584 2398 1778 2461 carnis,

227 2478 275 2522 et
326 2467 583 2526 dimittere
635 2471 691 2525 in
737 2468 1054 2539 profundum
1108 2466 1261 2539 hujus
1313 2468 1474 2527 vice,
1504 2477 1660 2539 atque
1689 2470 1779 2539 _ita

226 2539 493 2595 draconem
522 2537 808 2605 inescare,
840 2549 898 2593 ut
923 2553 1047 2593 vere
1069 2538 1375 2605 impleretur
1399 2538 1538 2605 quod
1587 2539 1637 2590 in
1681 2537 1783 2594 Job

221 2610 452 2678 scribitur
479 2627 494 2665 :
521 2612 605 2665 An
632 2611 904 2664 extrahere
940 2610 1121 2678 poteris
1146 2608 1413 2661 draconem
1430 2608 1614 2661 hamo?
1637 2611 1654 2674 ί
1682 2607 1782 2661 Job

224 2677 332 2757 XL,
531 2682 722 2757 Simile
764 2690 837 2734 est
861 2677 1020 2757 igitur
1047 2695 1255 2757 regnum
1281 2678 1692 2757 caeloruntgrano
1706 2679 1779 2757 si-

220 2748 552 2821 uapis.fDicet
585 2755 770 2821 itaque
789 2764 858 2805 es
884 2748 1215 2805 audientibus
1254 2748 1443 2817 aliquis
1468 2767 1480 2801 :
1504 2750 1780 2816 Quomodo

220 2819 346 2873 idem
372 2820 537 2877 factus
563 2833 655 2877 est
684 2819 902 2890 regnum
924 2822 1175 2876 caelorum
1201 2828 1254 2872 et
1277 2834 1497 2890 granum
1514 2821 1538 2872 ἲ
1556 2835 1778 2889 magnus

216 2899 266 2944 et
305 2906 492 2963 parvus
532 2889 814 2963 quomodo
856 2892 1001 2963 idem,
1049 2890 1215 2945 sunt?
1256 2889 1514 2957 Quoniam
1563 2900 1779 2960 propter

217 2962 624 3030 magnitudinem
679 2962 1055 3018 misericordia:
1098 2976 1220 3030 erga
1277 2964 1582 3028 ﬁgmentum
1623 2977 1778 3016 suum

213 3031 446 3087 omnibus
473 3034 661 3088 omnia
700 3032 872 3089 factus
899 3042 1017 3098 est,
1043 3041 1101 3086 ut
1136 3032 1369 3085 lucretur
1398 3047 1601 3086 omnes.
1636 3032 1777 3087 Deus

210 3112 340 3165 erat,
364 3105 497 3158 sicut
524 3114 582 3158 et
628 3113 717 3158 est
752 3113 807 3159 et
846 3103 950 3159 erit
985 3118 1079 3173 per
1119 3115 1362 3157 naturam
1406 3105 1693 3173 propriam,
1723 3113 1777 3157 et

213 3176 366 3243 homo
391 3173 560 3228 factus
587 3184 679 3229 est
703 3182 919 3243 propter
954 3172 1187 3243 uestram
1215 3173 1459 3226 salutem.
1493 3172 1538 3225 0
1562 3174 1775 3227 altitudo

210 3241 486 3298 diuitiarum
528 3241 816 3311 sapiat—lin
834 3254 883 3297 et
916 3246 1133 3299 mentite
1163 3242 1255 3295 Dei
1278 3284 1294 3308 ,
1319 3259 1467 3313 quam
1495 3246 1775 3313 incompre-

211 3313 464 3384 hensibilia
501 3325 626 3369 sunt
648 3315 851 3384 judicia
888 3315 1026 3384 ejus,
1068 3324 1116 3368 et
1151 3312 1513 3384 inuestigabiles
1535 3318 1629 3367 uite
1664 3312 1774 3383 ejus

212 3379 371 3455 (Rom.
398 3384 490 3449 XI,
514 3386 614 3455 55)
642 3379 659 3439 ἔ
692 3383 737 3439 0
761 3379 1126 3455 εηηιὶιιι,“ρθι·
1152 3383 1293 3455 quod
1320 3379 1486 3437 factus
1506 3395 1588 3440 est
1615 3379 1770 3439 mun-

206 3450 318 3517 dits,
338 3471 430 3522 per
446 3450 858 3525 quod'teneb'rze
876 3450 1233 3525 dissipata-{et
1258 3454 1491 3508 Ecclesia
1520 3463 1770 3511 renovata

205 3526 315 3597 est!
349 3525 457 3580 Hoc
499 3542 738 3597 granum
769 3527 1018 3597 incruce
1062 3540 1374 3597 suspensum
1414 3534 1609 3597 tantam
1663 3526 1770 3582 vim

210 3592 392 3656 habuit,
415 3604 472 3650 ut
493 3592 808 3666 quanquam
837 3596 1009 3666 ipsum
1030 3592 1170 3652 essei
1194 3595 1446 3666 vinctum,
1466 3594 1627 3648 verbo
1650 3606 1768 3649 tan-

206 3673 305 3737 tum
332 3666 608 3737 latronem
636 3682 667 3720 a
695 3668 837 3737 ligno
859 3665 1102 3737 raperet,
1132 3675 1186 3720 et
1212 3665 1276 3737 in_
1298 3666 1511 3719 delicias
1540 3666 1766 3737 paradisi

206 3734 558 3807 circumferret
593 3755 606 3790 :
633 3734 978 3807 hoc'granuin
1002 3737 1055 3790 in
1081 3736 1244 3807 latere
1265 3735 1444 3807 lancea
1475 3736 1765 3805 perfossum

206 3803 616 3863 immortalitatis
646 3803 828 3876 potum
854 3807 1151 3862 sitientibus
1180 3806 1451 3876 distillavit
1477 3803 1492 3858 Ξ
1523 3806 1624 3859 hoc
1648 3822 1767 3875 gra-

203 3889 320 3930 num
345 3878 546 3947 sinapis
569 3894 609 3931 a
634 3875 778 3948 ligno
806 3877 1035 3948 delatum
1059 3887 1112 3932 et
1142 3877 1193 3931 iu
1223 3875 1377 3930 horto
1405 3877 1632 3948 positum
1661 3886 1769 3931 ter-

205 3959 308 3999 nm
336 3945 544 4004 otunem
579 3945 748 4003 ramis
776 3947 1141 4003 obumbravit:
1162 3948 1263 4002 hoc
1284 3945 1503 4016 granum
1533 3947 1584 4000 in
1613 3945 1767 4002 l-orto

205 4019 439 4083 positum,
466 4019 688 4074 radices
716 4033 842 4074 suas
871 4018 925 4072 in
949 4016 1216 4072 infernum
1244 4017 1546 4081 demittens,
1577 4028 1626 4070 et
1652 4021 1763 4071 ani-

202 4100 309 4156 mas
350 4104 466 4156 qua:
507 4090 593 4144 ibi
637 4099 789 4145 erant
827 4103 1007 4143 secum
1039 4089 1339 4156 abripiens,
1371 4088 1505 4141 intra
1536 4088 1764 4144 triduum

202 4155 251 4206 in
288 4155 472 4230 oculum
514 4160 646 4230 illas
676 4159 893 4214 retulit:
924 4158 1027 4230 hoc
1066 4155 1284 4230 granum
1313 4159 1512 4227 sinapis
1539 4159 1589 4211 in
1624 4159 1767 4227 ligno

200 4229 474 4299 contritum
498 4229 665 4285 advel
679 4233 879 4285 sarium
909 4229 1061 4285 nobis
1078 4229 1384 4299 serpentem
1420 4230 1637 4283 humore
1658 4233 1764 4284 acri

198 4297 424 4354 afﬁciens
447 4302 796 4366 obscuravit,
825 4311 882 4355 et
920 4297 1236 4354 infernumia
1272 4314 1461 4354 somno
1489 4301 1723 4353 excitans
1746 4342 1759 4365 ,

198 4366 515 4442 ineumdem
543 4387 715 4442 quem
743 4372 1027 4439 reliquerat
1052 4371 1225 4425 locum
1254 4372 1431 4442 redire
1450 4371 1640 4439 coegit.
1674 4371 1765 4425 Si-

196 4438 306 4519 mile
338 4440 505 4523 igitur
552 4438 639 4498 est
680 4438 888 4523 regnum
921 4442 1165 4523 initlorum
1208 4457 1366 4523 gran
1390 4438 1602 4523 sinapis,
1631 4442 1765 4511 quod

198 4510 433 4576 ισεὶρὶεηε
452 4513 621 4565 homo
636 4510 891 4565 seminavit
914 4513 966 4565 in
993 4512 1135 4565 horto
1157 4527 1269 4565 suo.
1295 4510 1504 4565 Semina
1527 4512 1627 4566 hoc
1644 4510 1765 4581 gra-

194 4590 312 4651 tiam
336 4582 534 4651 sinapis
563 4584 626 4637 in
651 4583 802 4637 horto
825 4584 1016 4635 anima:
1034 4592 1154 4645 tute,
1182 4591 1240 4635 ut
1265 4591 1319 4635 tu
1347 4597 1555 4651 quoque
1577 4584 1722 4635 dicas
1748 4601 1761 4638 :

194 4648 369 4722 Surge,
393 4648 618 4722 Aquilo,
640 4664 687 4707 et
711 4653 841 4719 veni,
867 4652 1069 4714 Auster,
1102 4652 1261 4722 perﬂa
1281 4648 1486 4722 ltortuni
1514 4668 1695 4711 meum.
1718 4663 1765 4707 et

192 4718 346 4785 ﬂuant
384 4718 632 4777 aromata
676 4739 787 4775 mea
834 4722 1015 4792 (Cant.
1045 4718 1112 4776 IV
1132 4763 1148 4787 ,
1191 4718 1320 4792 16).
1350 4722 1406 4777 Si
1438 4724 1537 4777 hoc
1565 4724 1763 4792 sinapis

191 4805 400 4864 (mnum
428 4793 643 4849 habeas
667 4796 718 4847 iii
738 4795 890 4847 liortu
910 4795 1100 4847 animae
1129 4803 1251 4855 tuae,
1270 4793 1408 4847 dicet
1436 4792 1525 4846 tibi
1555 4810 1763 4864 quoque

193 4863 439 4935 propheta
465 4882 481 4916 :
508 4864 585 4935 Et
619 4865 716 4918 eris
749 4864 891 4933 quasi
919 4864 1094 4935 hortus
1114 4864 1373 4935 irrigans,
1404 4873 1449 4915 et
1465 4866 1599 4916 sicut
1626 4868 1759 4935 fons,

195 4930 328 5004 fttjus
351 4950 455 4987 non
482 4934 724 5001 deﬁcient
750 4930 893 5003 aqua:
916 4936 935 5004 (
960 4933 1088 4987 lsai.
1113 4930 1290 4997 LVIII,
1324 4935 1384 4988 ll
1415 4937 1448 5000 ).
1482 4935 1537 4988 Si
1566 4930 1762 4990 habeas

193 4996 565 5075 hocggrauum'
594 5005 653 5059 in
694 4996 851 5059 horto
888 4996 1077 5058 animae
1122 5014 1245 5075 tua},
1275 4996 1328 5058 et
1366 4996 1480 5073 ejus
1509 5008 1761 5075 unguenti

192 5072 447 5144 particeps
472 5076 579 5138 sis,
611 5075 699 5129 tibi
726 5076 883 5129 etiam
918 5076 1110 5144 dicitur
1140 5092 1155 5127 :
1189 5073 1328 5127 Odor
1361 5072 1764 5131 uestimentorum

193 5143 547 5217 tuorum’sicut
565 5144 692 5199 odor
706 5147 865 5217 thuris
882 5144 1053 5217 (Cttnt.
1080 5143 1381 5217 IV.ll,12,
1408 5146 1518 5213 15);
1544 5146 1642 5199 hoc
1658 5158 1756 5211 est,

191 5216 416 5270 carnium
432 5226 656 5269 tuarum
672 5216 802 5270 odor
820 5225 879 5270 ut
894 5216 1029 5271 Odor
1045 5216 1213 5269 thuris
1241 5233 1253 5269 :
1276 5216 1446 5269 hortus
1470 5217 1759 5283 conclusus,

195 5289 298 5356 [pus
322 5288 587 5355 signatus,
628 5288 914 5356 emissiones
943 5295 1059 5339 tute.
1096 5287 1206 5340 lIoc
1228 5300 1448 5356 granum
1480 5288 1677 5354 sinapis
1708 5289 1758 5341 iit

192 5351 322 5422 ligno
350 5351 649 5411 contritum
677 5363 735 5410 et
750 5353 1066 5411 fermentum
1106 5351 1299 5410 factum
1329 5357 1394 5410 ab
1419 5351 1610 5410 artium
1648 5374 1765 5411 om-

192 5437 329 5495 nium
359 5429 533 5495 perita
569 5435 622 5480 et
646 5426 935 5480 immortali
961 5428 1241 5495 sapientia,
1272 5429 1494 5482 mixtum
1522 5443 1639 5482 cum
1672 5429 1762 5482 tri-

192 5492 275 5547 bus
294 5492 483 5563 farina
510 5498 659 5563 satis,
691 5497 796 5550 hoc
820 5504 903 5549 est
924 5538 939 5560 ,
971 5492 1165 5560 anima,
1198 5513 1420 5565 corpore
1449 5508 1502 5553 et
1529 5500 1757 5568 spiritu,

192 5570 353 5635 totum
389 5581 569 5635 genus
600 5568 889 5620 humanum
920 5568 971 5620 in
1002 5582 1157 5621 uuam
1201 5569 1357 5622 Iidem
1401 5568 1759 5625 fermentavit.

190 5628 344 5699 llujus
389 5628 635 5705 mysterii
678 5637 967 5707 imaginem
1007 5639 1270 5694 Abraham
1319 5647 1375 5694 et
1413 5641 1527 5710 ejus
1568 5640 1761 5709 conjux

1523 270 1769 330 SPURIA
1802 266 2114 340 QUrﬁDMI

3401 279 3472 333 ξι

1919 382 2446 457 sarahabitantesin
2468 385 2703 457 tentorio
2723 384 2827 457 sub
2847 397 3052 457 quercu
3072 386 3313 457 Mambre
3342 404 3474 457 pro-

1915 455 2049 523 priis
2070 453 2322 505 manibus
2344 454 2650 521 pinxerunt.
2665 454 2921 524 Cogimur
2939 456 3103 516 enim,
3128 471 3160 509 ο
3182 453 3385 521 dilecti,
3414 461 3471 514 in

1916 538 2163 597 sermone
2183 524 2569 592 digressionem
2594 526 2787 597 facere.
2802 524 2934 597 Quis
2955 526 3028 577 sit
3046 526 3337 587 Abraham,
3352 544 3472 597 quae

1916 595 2070 665 Sara,
2102 607 2507 665 qtnehqnercus,
2537 595 2666 665 quid
2703 594 3024 657 tentorium,
3052 597 3136 649 vel
3169 597 3261 663 qui
3303 594 3471 665 panes

1914 662 2258 733 subcinericii
2286 680 2299 716 :
2324 677 2492 731 quare
2521 663 2591 717 ibi
2624 672 2735 717 tres
2762 678 3029 717 mensurae
3060 662 3396 733 similaginis,
3417 677 3473 720 et

1915 731 2000 801 hic
2023 732 2228 793 farinae,
2244 746 2465 786 necesse
2477 740 2561 788 est
2580 743 2829 787 accurate
2850 733 3170 801 disquirere.
3186 731 3322 800 Quid
3347 744 3470 790 tan-

1911 797 2031 870 dem
2068 809 2150 870 est
2179 802 2482 854 Abraham?
2509 803 2808 869 explicatur
2826 797 2975 870 pater
2995 797 3468 859 electus—multitu-

1912 869 2075 923 diuis.
2110 869 2243 935 Quis
2269 886 2395 923 vero
2426 869 2585 939 fuerit
2624 883 2771 939 pater
2794 869 3019 932 electus,
3052 873 3154 925 nisi
3189 872 3374 928 Deus?
3403 875 3470 929 de

1910 954 2019 1011 quo
2040 939 2243 1011 dictum
2267 949 2382 1011 est:
2413 938 2477 992 In
2511 957 2711 992 omnem
2738 950 2942 1011 terra»:
2963 942 3123 1011 exivit!
3144 959 3301 995 sonus
3331 943 3468 1011 ejus,

1909 1017 1957 1059 et
1981 1008 2035 1060 in
2059 1009 2189 1077 [ines
2220 1010 2359 1062 orbis
2388 1020 2538 1062 terra:
2564 1010 2715 1062 verba
2741 1011 2850 1078 ejus
2879 1007 3055 1075 (Rom.
3084 1009 3153 1070 Χ.
3189 1012 3299 1078 18).
3327 1007 3469 1078 Quid

1911 1085 2088 1129 autem
2122 1078 2287 1148 Sara?
2306 1080 2606 1147 explicatur
2631 1079 2942 1147 imperatrix
2976 1087 3029 1132 et
3049 1078 3283 1133 ductrix.
3311 1080 3469 1148 Quaa-

1909 1160 2032 1198 nam
2053 1161 2183 1202 vero
2202 1147 2963 1218 fueritrnostrumimperati-is
3000 1158 3053 1201 et
3091 1147 3469 1213 ductrix,’nisi

1908 1229 2131 1287 prorsus
2156 1217 2415 1286 sapientia
2436 1216 2648 1272 Patris?
2667 1216 2804 1283 Quid
2825 1218 3114 1271 tentorium
3137 1220 3239 1273 sub
3262 1235 3467 1287 quercu

1908 1285 2176 1340 Mambre‘l
2196 1297 2338 1341 certe
2357 1287 2596 1341 Ecclesia
2616 1301 2644 1338 a
2667 1303 2827 1341 cruce
2846 1296 3007 1340 tecta.
3027 1288 3170 1341 Crux
3195 1285 3467 1345 assimila-

1907 1361 1996 1424 t_ur
2020 1358 2267 1422 quercui.
2301 1371 2366 1410 eo
2392 1357 2535 1424 quod
2562 1358 2761 1423 lignum
2793 1358 3025 1409 validum
3057 1358 3198 1411 sitet
3230 1359 3463 1412 firmum.

1906 1421 2164 1496 Qttidtres
2178 1421 2442 1479 mensurae
2461 1421 2812 1496 similaginis?
2835 1427 3054 1478 omnino
3073 1443 3229 1489 sane,
3257 1437 3314 1481 ut
3340 1437 3467 1482 ante

1904 1494 2032 1556 dixi,
2056 1504 2245 1564 natura
2277 1497 2529 1556 humana,
2560 1511 2623 1549 ex
2648 1494 2827 1549 anima
2850 1505 2899 1547 et
2927 1498 3116 1564 spiritu
3139 1505 3192 1550 et
3238 1512 3466 1564 corpore

1903 1572 2177 1616 constans.
2194 1562 2264 1636 l_t_a
2277 1565 2418 1617 enim
2436 1579 2534 1618 nos
2547 1566 2729 1618 docuit
2741 1562 3048 1636 Apostolus.
3067 1566 3253 1621 dicens
3279 1586 3291 1621 :
3328 1562 3464 1621 heus

1905 1648 2021 1702 vero
2038 1633 2296 1702 custodiat
2316 1648 2502 1702 corpus
2522 1643 2776 1698 nostrum,
2791 1633 2843 1687 et
2878 1637 3127 1696 animum,
3146 1647 3191 1690 et
3222 1639 3465 1702 spiritum

1906 1701 1947 1770 (Ι
1978 1701 2152 1755 Thess.
2186 1701 2247 1762 ν.
2285 1701 2411 1768 25).
2440 1706 2645 1773 Accipit
2675 1707 2837 1773 igitur
2865 1707 3130 1773 sapientia
3167 1707 3259 1759 Dei
3304 1706 3462 1771 Sara,

1902 1773 2112 1846 doctrix
2148 1774 2262 1826 sive
2300 1774 2907 1846 iuipcratrixaaccipit,
2931 1776 3188 1846 inquam,
3239 1790 3460 1846 corpus,

1902 1842 2133 1913 animum
2162 1851 2215 1895 et
2237 1843 2507 1913 spiritum,
2537 1852 2591 1897 et
2618 1844 2899 1896 abscondit
2929 1844 2981 1897 in
3018 1846 3169 1913 igne;
3217 1846 3319 1899 hoc
3340 1842 3460 1909 'est,

1902 1909 2240 1964 iuexstinctte
2271 1909 2538 1966 divinitati
2572 1914 2715 1965 faces
2744 1909 3062 1981 pricl'erens':
3090 1923 3143 1966 et
3178 1913 3306 1968 facit
3353 1925 3464 1969 tres

1939 1993 2068 2032 anes
2088 1990 2349 2048 secretos,
2373 1982 2471 2034 hoc
2500 1991 2583 2035 est
2612 1984 2665 2034 in
2701 1991 2909 2035 secreto
2929 1985 3110 2036 carnis
3130 1994 3360 2048 nostras,
3406 1984 3463 2040 in

1925 2050 2114 2118 latrem
2126 2061 2175 2102 et
2197 2047 2390 2102 Filium
2412 2060 2463 2103 et
2487 2050 2748 2118 Spiritum
2770 2061 3014 2104 sanctum
3035 2047 3458 2107 confessionem.

1899 2115 2211 2192 Qpportune
2237 2120 2412 2192 vobis,
2436 2134 2469 2173 ο
2498 2115 2701 2182 dilecti,
2732 2120 2926 2174 lectum
2969 2131 3053 2175 est
3088 2121 3457 2192 Evangeliutn.

1898 2183 2238 2259 Fet-mentum
2299 2189 2352 2241 in
2425 2204 2591 2255 panes
2644 2197 3063 2254 transmutatur,
3115 2183 3339 2259 granum
3404 2195 3459 2246 in

1888 2256 2032 2328 olera
2076 2275 2089 2311 :
2137 2273 2298 2328 panes
2349 2274 2478 2314 vero
2522 2269 2576 2314 et
2618 2261 2759 2314 olera
2817 2256 3138 2327 jejunioruni
3187 2275 3308 2318 sunt
3347 2267 3464 2319 via-

1890 2326 1987 2381 tica
2016 2345 2029 2382 :
2053 2328 2123 2405 ad
2140 2326 2275 2405 qua:
2324 2346 2421 2383 nos
2465 2330 2679 2405 dirigat_
2703 2326 3130 2405 Doniinuslesus
3149 2335 3262 2388 sine
3282 2337 3457 2405 culpa,

1887 2412 2005 2477 cum
2052 2398 2238 2468 jejnuii
2281 2415 2502 2477 cursum
2545 2398 2874 2477 conficimus.
2909 2401 3092 2477 Simile
3133 2398 3463 2477 egregium

1886 2468 2124 2540 calorum
2153 2486 2309 2540 grano
2337 2470 2547 2540 sinapis.
2577 2470 2693 2525 Vim
2728 2470 2883 2538 hujus
2910 2473 3268 2528 similitudinis
3305 2468 3462 2531 nullo

1884 2539 1989 2611 alio
2026 2539 2185 2594 modo
2214 2539 2505 2609 poterimus
2539 2542 2853 2611 concipere,
2896 2542 2994 2595 nisi
3035 2545 3179 2611 prius
3206 2548 3459 2601 substan-

1885 2609 2348 2685 tiamtcolorem,‘
2381 2622 2434 2665 et
2460 2610 2869 2685 magnitudinem
2916 2609 3115 2682 sinapis
3157 2620 3460 2685 perpenda-

1884 2693 2020 2732 mus.
2041 2680 2132 2733 Est
2153 2682 2292 2735 enim
2309 2682 2475 2751 sinapi
2498 2682 2636 2735 mole
2656 2682 2867 2757 quidem
2892 2680 3107 2757 parvum
3129 2680 3459 2757 {postumam

1884 2765 2008 2802 vero
2048 2760 2219 2806 satum
2261 2761 2315 2805 et
2353 2763 2529 2804 natum
2572 2760 2683 2817 est,
2725 2752 2870 2806 olera
2907 2756 3083 2807 omnia
3126 2752 3456 2813 incremento

1884 2830 2119 2893 superat,
2152 2833 2315 2893 atque
2339 2822 2615 2876 altitudine
2640 2837 3012 2891 ramorumque
3032 2828 3181 2893 copia
3203 2837 3257 2881 et
3280 2831 3457 2883 multi-

1884 2891 2061 2946 tudine
2105 2892 2345 2945 foliorum
2375 2902 2563 2945 cmtera
2585 2894 2743 2945 vincit
2775 2911 2788 2945 :
2820 2896 3058 2947 umbram
3088 2891 3229 2950 enim
3255 2899 3440 2959 allicit.

1881 2960 2014 3039 adeo
2042 2970 2099 3039 ut
2127 2977 2252 3016 aves
2271 2963 2575 3039 advolantes
2598 2962 2802 3031 pos:int
2830 2963 3060 3039 insidere
3085 2974 3137 3019 et
3161 2966 3247 3039 illa
3272 2971 3456 3039 quiete

1882 3030 2003 3105 frui.
2036 3030 2200 3086 Gustu
2227 3047 2438 3102 quoque
2464 3030 2656 3088 bonum
2700 3045 2775 3086 est
2804 3034 2974 3099 valde,
3007 3045 3060 3088 et
3080 3030 3333 3105 qualitate
3360 3055 3451 3093 ca-

1880 3101 2084 3169 lidum,
2116 3101 2273 3175 atque
2314 3106 2379 3157 ad
2418 3104 2666 3157 interiora
2708 3106 2939 3157 sanat-da
2979 3101 3180 3175 aptum.
3210 3107 3454 3163 Hominis

1881 3181 2104 3238 tantum,
2151 3174 2450 3244 nulliusque
2492 3175 2711 3227 alterius
2758 3174 3198 3232 animalis’cibus
3244 3191 3343 3234 est.
3390 3181 3446 3236 In

1878 3244 2158 3313 superficie
2185 3246 2357 3299 rufum
2385 3252 2467 3298 est
2486 3286 2501 3309 ,
2536 3246 2674 3298 intus
2702 3259 2829 3298 vero
2856 3246 3029 3299 album
3057 3262 3291 3314 apparet.
3322 3249 3449 3305 Haec

1877 3325 1959 3367 cSt
1987 3315 2144 3368 oleris
2175 3328 2378 3377 natura,
2406 3326 2459 3369 et
2488 3315 2705 3368 seminis
2729 3316 3047 3370 encomium.
3088 3318 3142 3371 Si
3176 3335 3301 3372 vero
3332 3337 3445 3376 rent

1877 3397 2117 3457 accurate
2141 3385 2435 3455 disquirere
2460 3385 2701 3457 velimus,
2731 3387 3119 3455 coinperiemus
3142 3390 3443 3457 parabolam

1877 3454 1974 3522 ipsi
1995 3454 2261 3529 Servatori
2283 3466 2606 3529 competere.
2626 3456 2720 3510 Est
2743 3454 2883 3510 enim
2908 3458 2993 3510 ille
3015 3454 3206 3526 parvus
3221 3473 3447 3529 conspe-

1876 3533 1983 3587 ctu,
2012 3527 2185 3580 brevis
2214 3528 2263 3581 in
2296 3527 2397 3580 hoc
2423 3528 2637 3592 mundo,
2668 3537 2721 3579 et
2748 3529 2799 3579 in
2827 3530 2962 3581 caelo
2976 3544 3214 3595 magnus.
3248 3530 3343 3585 llic
3359 3527 3446 3584 est

1874 3595 2040 3649 Filius
2072 3597 2297 3650 hominis
2333 3607 2386 3650 et
2435 3599 2572 3650 licus
2599 3639 2610 3653 .
2644 3613 2761 3650 cum
2790 3598 2857 3649 sit
2890 3597 3050 3649 Filius
3076 3599 3167 3651 Dei
3194 3616 3206 3649 :
3237 3600 3318 3652 hic
3347 3618 3445 3653 nu-

1876 3682 2049 3720 meros
2074 3684 2257 3720 omnes
2284 3678 2527 3735 superat,
2557 3678 2786 3720 auertitis
2812 3681 2911 3727 est,
2947 3668 3242 3732 ἰιιγίμίιήιίε,
3272 3673 3441 3724 etule-

1874 3739 1988 3793 stis.
2019 3738 2105 3805 qui
2134 3741 2200 3790 ab
2225 3737 2525 3789 hominibus
2556 3746 2759 3790 tantum
2786 3736 3026 3789 ﬁdelibus
3055 3738 3435 3795 manducatnr:

1873 3805 1958 3858 hic
1985 3808 2241 3861 contritus
2280 3808 2410 3870 fuit,
2438 3816 2490 3859 ct
2514 3818 2633 3875 post
2661 3807 2957 3874 passionem
2985 3806 3153 3862 factus
3180 3820 3261 3863 est
3287 3812 3444 3865 albus

1872 3879 2008 3929 sicut
2049 3877 2127 3931 lac
2161 3896 2172 3930 :
2200 3878 2283 3932 hic
2314 3877 2481 3944 major
2508 3887 2589 3929 est
2616 3878 2732 3929 aliis
2758 3878 3002 3931 omnibus
3046 3880 3275 3935 olerilms
3305 3899 3318 3932 :
3351 3882 3439 3936 hic

1871 3958 1951 4019 est
1983 3946 2297 4001 indivisibile
2324 3948 2492 4001 Patris
2519 3947 2748 4001 Verbum
2782 3966 2792 3997 :
2824 3949 2908 4001 hic
2934 3958 3014 4001 est
3038 3950 3088 4002 in
3116 3965 3222 4019 quo
3247 3953 3440 4006 volati-

1872 4017 1939 4070 lia
1969 4019 2085 4071 εωιὶ
2126 4020 2415 4073 inhabitant
2441 4035 2455 4082 ;
2486 4019 2756 4086 proiihcta:
2782 4021 3028 4073 nimirum
3049 4062 3064 4083 ,
3118 4017 3341 4089 apostoli
3386 4035 3442 4077 et

1871 4103 2055 4142 omnes
2092 4091 2178 4160 qui
2222 4090 2390 4144 vocati
2430 4098 2592 4143 sunt:
2630 4089 2712 4142 hic
2757 4099 2839 4142 est
2884 4091 2971 4157 qui
3010 4091 3200 4143 animae
3245 4103 3440 4146 nostra:

1870 4160 2083 4213 morbos
2127 4161 2300 4215 calore
2343 4160 2439 4213 sibi
2474 4160 2685 4227 proprio
2726 4167 3000 4226 repurgat,
3031 4163 3130 4214 sub
3170 4176 3276 4228 quo
3317 4177 3440 4217 rore

1872 4233 2217 4299 aspergimur,
2246 4231 2343 4283 sub
2364 4247 2467 4299 quo
2491 4230 2555 4280 ab
2585 4233 2739 4294 hujus
2765 4232 2940 4281 mundi
2969 4230 3179 4284 fervore
3200 4235 3439 4301 Contegi-

1871 4315 1989 4351 tnnr
2025 4303 2148 4354 :ltic
2174 4312 2251 4353 est
2283 4302 2368 4366 qui
2402 4318 2492 4367 per
2532 4310 2752 4351 mortem
2787 4300 2835 4351 in
2864 4310 2999 4352 terra
3037 4311 3182 4353 satus
3224 4312 3336 4367 est,
3368 4300 3442 4357 iet

1870 4369 1941 4422 ibi
1976 4370 2198 4424 fructum
2229 4373 2360 4432 tulit,
2389 4380 2506 4438 post
2535 4373 2761 4423 triduum
2785 4380 2993 4422 sanctos
3020 4386 3082 4424 ex
3109 4383 3436 4426 mortttornm

1871 4442 2127 4507 sepulcris
2156 4443 2426 4494 sttsciltht
2455 4459 2466 4493 :
2497 4442 2580 4493 hic
2618 4453 2695 4493 est
2736 4442 2825 4510 qui
2859 4454 2950 4508 per
2992 4446 3438 4497 resurrectionem

1871 4513 2118 4583 omnibus
2162 4513 2430 4583 prophetis
2461 4512 2628 4580 major
2669 4515 2910 4580 apparuit
2941 4529 2953 4565 :
2990 4513 3073 4565 hic
3112 4523 3193 4565 est
3227 4516 3313 4581 qui
3345 4528 3438 4583 per

1871 4580 2137 4635 efﬂuvium
2166 4580 2336 4636 l’atris
2365 4583 2540 4635 omnia
2570 4594 2745 4636 servat
2774 4600 2786 4635 :
2821 4583 2904 4636 hic
2929 4593 3011 4636 est
3035 4584 3119 4651 qui
3146 4598 3175 4636 a
3205 4580 3437 4639 terra—ad

1870 4655 2034 4707 C(BIUS
2060 4653 2309 4717 ellluruit,
2340 4653 2429 4722 qui
2456 4655 2507 4705 in
2538 4656 2755 4722 proprio
2781 4668 2908 4719 agro
2938 4663 3225 4708 semmaltts
3254 4665 3351 4716 t-st,
3381 4656 3437 4707 in

1871 4724 2069 4777 mundo
2096 4725 2317 4786 scilicet,
2342 4733 2394 4777 et
2418 4739 2509 4776 eos
2534 4726 2620 4793 qui
2644 4727 2696 4777 in
2722 4739 2778 4778 se
2804 4724 3092 4777 credebant
3120 4724 3257 4777 Patri
3284 4727 3439 4775 obtu-

1869 4795 1949 4848 lit.
1980 4794 2023 4849 0
2051 4810 2232 4848 semen
2257 4795 2374 4847 vitm
2397 4809 2427 4846 a
2460 4793 2566 4847 Deo
2593 4795 2743 4849 Patre
2770 4797 2819 4847 in
2852 4804 2988 4849 terra
3016 4795 3333 4849 seminatqu
3358 4795 3369 4847 l
3402 4809 3437 4846 υ

1870 4865 2280 4919 immortalitatis
2308 4879 2521 4932 germen
2549 4880 2577 4917 a
2605 4875 2654 4920 te
2685 4868 2907 4919 nutritos
2936 4883 3054 4919 cum
3103 4867 3207 4917 Deo
3246 4878 3435 4916 recon-

1869 4936 2088 4989 cilians!
2122 4954 2153 4989 ο
2180 4937 2335 4989 arbor
2360 4936 2603 5000 excelsa,
2633 4953 2749 5005 qua:
2790 4951 2817 4986 a
2849 4938 2965 4989 solo
3010 4937 3163 4989 Patre
3205 4933 3434 4987 cnlitur!

1869 5006 1995 5059 Haec
2034 5008 2190 5059 arbor
2216 5021 2278 5059 ex
2309 5006 2469 5060 corde
2515 5007 2683 5060 Patris
2727 5015 2841 5060 orta
2868 5016 2944 5058 est
2968 5052 2981 5069 ,
3014 5008 3125 5057 lucc
3168 5005 3325 5055 arbor
3367 5018 3435 5057 ex

1872 5078 2134 5130 thesauris
2162 5077 2549 5147 Omnipotentis
2588 5078 2820 5131 efﬂoruit
2851 5096 2863 5128 :
2896 5078 3007 5127 hac
3036 5075 3193 5147 arbor
3211 5076 3272 5147 _iu
3298 5075 3438 5147 caelo

1871 5148 2073 5200 radices
2100 5147 2276 5213 habet,
2310 5144 2360 5201 in
2390 5149 2586 5200 tuundo
2612 5159 2783 5201 autem
2812 5161 3092 5213 apparens,
3116 5144 3182 5196 ab
3211 5144 3435 5197 homini-

1870 5218 1967 5272 bus
1993 5218 2310 5285 decerpitur.
2342 5220 2385 5271 υ
2414 5219 2587 5285 planta
2632 5234 2750 5286 qua:
2779 5218 2829 5268 in
2858 5226 2994 5268 terra
3015 5216 3143 5286 visa
3169 5223 3272 5277 est,
3304 5228 3356 5268 et
3384 5218 3437 5270 in

1869 5289 2020 5342 caelis
2061 5288 2320 5343 cIiloruit!
2363 5306 2393 5341 o
2420 5305 2600 5342 semen
2643 5285 2855 5354 parvum
2902 5285 3112 5354 quidem
3143 5299 3436 5354 apparens,

1869 5359 2005 5426 apud
2049 5360 2255 5413 Patrem
2304 5370 2478 5412 autem
2524 5360 2691 5425 majus
2742 5357 3021 5411 omnibus!
3074 5357 3181 5409 Hoc
3220 5372 3436 5426 germen

1870 5433 2028 5483 etiam
2062 5431 2113 5482 iit
2143 5430 2348 5483 inferno
2375 5431 2595 5482 mortuis
2625 5437 2866 5479 exortum
2892 5436 2971 5479 est
3004 5443 3017 5479 :
3053 5426 3209 5495 liujus
3237 5428 3437 5481 fructus

1870 5501 1964 5553 fuit
2010 5502 2274 5553 hominum
2319 5501 2681 5553 resurrectio:
2713 5500 2811 5549 hoc
2859 5498 3011 5551 morti
3058 5500 3235 5566 injecit
3279 5499 3437 5551 telum

1872 5571 2196 5624 mortiferum
2234 5589 2245 5623 :
2278 5572 2377 5624 hoc
2406 5571 2689 5623 adorarunt
2714 5569 2892 5620 tartari
2919 5571 3164 5636 parietes,
3190 5585 3322 5637 genu
3352 5572 3431 5621 vix

1871 5641 2184 5696 ﬂectendum
2234 5641 2540 5696 inclinantes
2573 5658 2585 5692 :
2616 5639 2768 5708 hujus
2801 5655 2929 5692 rami
2973 5652 3138 5693 totum
3184 5639 3433 5697 tuundunz
