3938 6136
399 247 474 307 25
1737 240 1979 300 SPURIA
2016 234 2348 310 ουλΕυΑω.
3561 237 3636 306 ᾱα

397 357 780 416 adumbrarunt
804 375 817 410 :
841 356 942 412 hoc
960 371 988 410 a
1011 355 1206 426 Spiritu
1231 361 1424 426 sanetog
1438 361 1710 426 movetur:
1734 352 1843 426 hoc
1858 369 1967 412 non

399 431 566 500 tangit
607 438 769 484 aistus
811 428 1002 483 nimius
1048 423 1066 480 ἱ
1108 425 1207 500 sub
1248 424 1353 500 hac
1368 423 1960 500 planta_oblecteris_et

396 493 620 555 clio'reas
644 500 805 554 ducas
830 513 948 553 cum
975 495 1195 566 angelis,
1225 493 1526 564 glorificans
1553 493 1766 547 Patrem
1786 504 1841 548 et
1873 494 1965 550 Εἱ-

399 712 564 774 VIII.
611 727 892 771 EJUSDEM
937 725 1001 768 ιη
1044 726 1270 780 iLLUD,
1316 725 1371 768 sx
1415 725 1540 778 om
1582 726 1646 768 iit
1689 725 1982 782 CBBISTO,
2029 724 2193 770 nova
2237 722 2566 770 CREATURA
2612 727 2628 768 :

2072 358 2197 433 lium
2224 371 2274 414 et
2322 359 2580 433 Spiritum
2599 365 2860 422 sanctum,
2885 371 3023 415 nunc
3049 364 3104 415 et
3130 367 3362 433 semper,
3392 360 3521 416 etin
3545 369 3634 419 se"-

2065 429 2182 483 cula
2206 429 2526 487 seculorum.
2555 431 2746 486 Amen.

2676 727 2920 770 verem
2947 728 3424 785 TRANSIEBUNT;
3470 723 3627 779 ecce

1251 828 1418 876 NOVA
1458 825 1661 876 non.
1695 831 1853 874 SUNT
1895 823 2092 875 enim
2139 808 2221 892 (II
2250 812 2399 874 Cor.
2435 812 2511 882 V,
2546 811 2773 893 17)(a).

464 965 647 1035 Magna
672 963 884 1031 quidem
915 959 1182 1029 diligentia
1231 957 1455 1035 agricola
1474 957 1691 1035 _semina
1737 959 1957 1035 spargit,

394 1028 672 1105 postquam
692 1028 695 1031 ’
716 1049 899 1105 arvum
930 1028 1274 1101 expurgatum
1306 1028 1553 1105 viderit;
1586 1036 1638 1081 et
1666 1042 1763 1105 nec
1788 1030 1962 1105 spina-

394 1097 510 1161 rum
535 1097 746 1174 copiam
776 1103 984 1174 adesse,
1003 1097 1132 1170 quae
1162 1100 1489 1174 nascentium
1516 1097 1766 1174 impediat
1793 1098 1963 1174 incre-

395 1163 652 1236 mentum,
674 1189 844 1243 neque
872 1163 1120 1240 lapidem,
1145 1171 1230 1243 qui
1261 1181 1489 1221 aratrum
1513 1165 1770 1243 offendat:
1796 1163 1963 1235 major

390 1257 564 1300 autem
595 1237 817 1299 facilitas
863 1237 943 1298 est
980 1244 1025 1295 ei
1074 1241 1159 1309 qui
1210 1253 1505 1309 sermonem
1538 1237 1832 1309 prolaturus
1858 1247 1958 1302 est,

390 1333 510 1370 cum
542 1326 777 1384 paratum
818 1306 1110 1384 auditorem
1144 1310 1347 1384 viderit.
1379 1306 1546 1362 Video
1590 1308 1728 1384 enim
1777 1323 1960 1384 arvum

390 1379 693 1457 purgatum,
729 1400 908 1457 neque
935 1382 1133 1457 uSpiam
1156 1379 1413 1457 _est_spina
1443 1379 1743 1457 germinans
1773 1395 1786 1431 :
1814 1379 1962 1457 spina

389 1445 565 1512 autem
587 1445 987 1510 est'diviti'arum
1000 1445 1318 1514 sollicitudo,
1338 1464 1453 1517 quae
1475 1445 1699 1502 sufferat
1720 1445 1959 1502 verbum.

391 1527 517 1581 llaec
545 1539 719 1580 autem
749 1525 888 1587 dico,
933 1537 1038 1577 non
1065 1521 1184 1590 quia
1237 1534 1339 1590 non
1389 1518 1582 1571 adsunt
1627 1517 1836 1590 divites,
1868 1517 1962 1590 sed

395 1612 684 1668 pauperum
718 1587 1102 1668 philosophiam
1134 1592 1184 1644 iii
1215 1588 1478 1668 audiendo
1521 1587 1965 1668 sermone_decla-

390 1657 534 1721 rans.
558 1666 670 1720 Non
695 1657 833 1719 enim
862 1657 1203 1718 coiicionante
1225 1661 1392 1714 solum
1417 1672 1549 1726 opus
1563 1657 1782 1726 est,_sed
1803 1658 1962 1712 etiam

391 1720 651 1805 prudente
670 1737 906 1790 auditore
928 1748 952 1805 :_
967 1741 1249 1797 utrumque
1269 1730 1408 1783 enim
1421 1720 1645 1805 requirit
1665 1720 1958 1805 Scriptura,

391 1797 680 1876 sapientem
707 1820 909 1876 nempe
925 1803 1201 1876 doctorem
1225 1809 1278 1852 et
1305 1799 1612 1876 prudentem
1643 1797 1959 1876 auditorem,

391 1868 465 1931 ne
485 1893 550 1931 ex
574 1868 870 1929 auditorum
898 1873 1102 1941 ignavia
1136 1871 1286 1924 labor
1320 1882 1500 1922 noster
1518 1868 1727 1941 inutilis
1751 1868 1958 1941 evadat.

389 1946 701 2002 Sollicitudo
726 1946 867 2000 enim
899 1938 1197 1998 divitiarum
1230 1955 1333 1993 non
1363 1940 1618 2006 permittit
1647 1947 1704 1992 ut
1730 1953 1848 2007 qua!
1878 1938 1962 1993 di-

389 2027 581 2072 cuntur
625 2019 675 2070 in
720 2024 950 2069 mentem
980 2011 1230 2073 incidant,
1262 2012 1354 2064 sed
1384 2009 1706 2063 audientium
1749 2007 1959 2064 intelle-

389 2099 530 2142 ctum
557 2088 766 2156 abripit.
813 2085 944 2152 Quia
973 2083 1128 2153 igitur
1176 2095 1368 2156 omnes
1409 2079 1677 2156 conspicio
1708 2090 1956 2147 paratos;

388 2174 510 2212 nam
538 2151 741 2213 secreta
769 2151 928 2208 animi
955 2151 1060 2208 non
1090 2166 1252 2206 nosco
1285 2168 1298 2203 :
1328 2151 1652 2218 singulorum
1681 2165 1806 2203 vero
1835 2164 1963 2202 ocu~

388 2227 470 2282 los
509 2228 717 2281 curiose
763 2227 995 2287 intueor,
1017 2233 1071 2278 et
1121 2221 1399 2290 palpebras
1450 2229 1696 2287 tanquam
1760 2234 1960 2274 cornua

390 2307 598 2352 erectas
627 2297 799 2361 video,
831 2289 1242 2360 oculosque’non
1272 2299 1516 2343 nutantes
1543 2289 1959 2361 immobilitateni

389 2371 551 2422 animi
579 2359 889 2431 indicantes,
919 2359 1076 2432 atque
1094 2376 1302 2416 omnem
1333 2369 1560 2432 mentem
1578 2360 1644 2432 ab
1664 2359 1817 2425 hujus
1840 2362 1960 2414 vitae

389 2439 532 2492 curis
556 2443 842 2491 immunem
873 2429 886 2495 .
921 2429 1343 2502 unumquemque
1389 2430 1490 2483 hoc
1515 2429 1682 2502 solum
1713 2440 1960 2502 spectan-

390 2518 520 2569 tem,
545 2509 644 2562 hoc
667 2507 1004 2575 cogitantem,
1033 2500 1299 2575 quemon
1316 2516 1376 2575 ea
1403 2516 1519 2568 quin
1548 2500 1792 2575 dicuntur
1813 2500 1956 2575 acci-

391 2579 532 2646 piat:
556 2570 808 2646 ampliore
832 2592 955 2629 cura
985 2570 1213 2646 mentem
1238 2572 1487 2646 adhibete
1510 2587 1523 2622 :
1546 2571 1758 2646 pa_ndite
1779 2570 1956 2628 sinum

389 2639 680 2711 animant
734 2647 936 2700 facilius
981 2645 1294 2712 dejiciantur
1320 2641 1542 2696 semina.
1594 2639 1955 2712 Perrloiigum

389 2720 530 2771 enim
559 2709 764 2786 tempus
790 2718 839 2770 in
864 2716 1006 2770 Pauli
1028 2709 1264 2786 mensam
1289 2713 1518 2786 linguam
1529 2711 1659 2786 volo
1672 2709 1955 2786 dimittere:

393 2805 566 2858 neque
595 2779 751 2842 tinem
805 2786 993 2858 faciam
1037 2787 1113 2858 sic
1143 2785 1289 2838 illum
1320 2779 1563 2858 vdeandi.
1593 2781 1830 2858 idiotam,
1858 2781 1958 2858 (_i_b-

389 2851 626 2926 scuium,
683 2857 986 2928 ignobilem,
1036 2853 1493 2928 tabernaculorum
1547 2852 1809 2928 opificem.
1866 2851 1958 2928 ῌω

389 2939 514 2983 sunt
534 2920 664 2984 mete
686 2920 1068 2998 praerogativa,
1099 2925 1211 2998 haec
1233 2939 1346 2998 mea
1368 2920 1628 2998 eiicomia,
1657 2920 1960 2998 quod_tales

389 2999 610 3054 habeam
641 2991 941 3068 magistros,
977 3013 1080 3068 non
1106 2995 1266 3068 hujus
1295 2993 1416 3068 vita:
1461 2992 1658 3068 divitiis
1684 3031 1699 3054 ,
1731 2991 1824 3046 sed
1853 2998 1960 3068 spi-

388 3071 665 3125 ritualibus
695 3061 838 3124 rccte
864 3067 1016 3122 factis
1046 3061 1322 3135 fulgentes.
1346 3061 1401 3117 Si
1430 3062 1788 3135 inilii_Gr:ecus
1811 3061 1959 3135 quis-

391 3141 526 3204 piam
580 3142 793 3202 dixerit,
821 3141 988 3204 Quem
1050 3133 1212 3189 habes
1263 3133 1583 3204 doctorem?
1637 3133 1954 3204 respondeo,

389 3201 875 3266 Tabernaculoruiii
902 3207 1146 3277 opiﬁcem
1182 3222 1194 3257 :
1227 3215 1281 3258 et
1298 3203 1650 3277 _qt_iei_n_aliuin
1675 3201 1699 3254 ‘I
1725 3203 1955 3256 Piscium

392 3283 719 3335 venditorem
750 3298 762 3332 :
792 3272 954 3348 quem
971 3292 1096 3331 vero
1115 3277 1275 3348 alium
1293 3272 1688 3348 ?’Publican_nm
1711 3289 1725 3325 :
1753 3283 1960 3348 etquos

389 3351 569 3421 alios?
595 3352 773 3421 Magos
812 3342 878 3403 'et
934 3346 1264 3421 meretricem
1297 3362 1310 3397 :
1342 3358 1500 3413 quem
1541 3342 1717 3421 adhuc
1752 3342 1958 3421 alium?

388 3412 706 3477 Latronem:
732 3419 916 3488 Neque
945 3419 1013 3472 de
1044 3412 1431 3488 hiserubesco,
1461 3413 1553 3488 sed
1582 3412 1801 3488 glorior:
1826 3412 1957 3488 glo-

389 3494 542 3546 riaris
559 3491 699 3563 quod
731 3483 1040 3563 magistrum
1051 3487 1258 3563 habeas
1287 3483 1800 3563 circumforaneum?
1822 3484 1958 3538 Sane

388 3554 622 3630 quidem.
655 3554 866 3628 Quare?
895 3559 1153 3625 Quoniam
1190 3554 1244 3630 »εἰ
1281 3555 1454 3630 vilitas
1478 3554 1716 3630 discipuli
1743 3554 1844 3606 vim
1867 3568 1956 3607 os-

391 3624 560 3686 tendit
583 3624 838 3700 niagistri,
866 3624 1037 3682 vilitas
1067 3626 1299 3700 magistri
1316 3625 1556 3700 ostendit
1580 3624 1810 3700 divinam
1837 3638 1958 3678 esse

391 3693 838 3770 praedicationem.
871 3701 978 3754 Etsi
1017 3693 1427 3770 enim'homines
1461 3693 1954 3770 illam_pr:ed_icave-_

391 3763 470 3835 re,
503 3789 608 3825 non
636 3781 809 3824 tamen
837 3771 1076 3823 homines
1101 3768 1241 3821 illam
1269 3767 1548 3827 invenere;
1577 3767 1619 3818 si
1645 3765 1882 3818 homines
1906 3763 1957 3818 id

410 3843 783 3903 iriedicavere,
818 3849 1122 3894 nontamen
1172 3838 1411 3890 homines
1463 3835 1514 3888 id
1573 3835 1952 3904 produxerunt.

410 3858 783 3903 πωιιιεθνρΐθ,
818 3858 919 3894 non
947 3858 1122 3892 tanien
1172 3858 1411 3890 lllﬂlllncs
1463 3858 1514 3888 lu
1573 3858 1952 3904 νιύυυιυιυιιι.

389 3858 646 3966 llomines
675 3913 1020 3964 instrumenta
1047 3917 1192 3970 sunt.
1219 3909 1354 3961 Deus
1375 3904 1562 3960 artifex
1593 3923 1606 3959 :
1638 3905 1709 3958 illi
1740 3914 1862 3959 sunt
1884 3906 1960 3960 ci-

391 3982 539 4035 thara
567 4023 581 4046 ,
616 3982 729 4036 hinc
760 3995 944 4034 manus
970 3990 1264 4049 prapotens
1311 3976 1562 4049 cliordain
1613 3975 1959 4049 movit.‘_ld_eo

389 4044 666 4122 propheta,
698 4052 798 4106 etsi
829 4067 921 4105 rex
948 4044 1418 4122 e'rat,'etgpurpura
1451 4047 1681 4122 amictus
1690 4054 1750 4122 et
1773 4044 1957 4099 diade-

387 4115 528 4178 inat'e
555 4115 790 4186 ornatus,
819 4123 1108 4190 orbemque
1135 4115 1428 4187 alloquens,
1461 4115 1641 4190 relicta
1671 4115 1758 4168 illa
1801 4130 1958 4190 secu-

389 4192 484 4246 lari
513 4209 722 4263 pompa.
739 4183 804 4246 ne
825 4193 940 4262 quis
959 4183 1159 4260 putaret
1180 4183 1349 4256 ipsum
1371 4187 1684 4263 regiaverba
1701 4183 1955 4263 proferre,

386 4256 594 4318 dicebat
625 4256 652 4318 ε’
672 4256 931 4317 Εηιειὰυἱι
960 4256 1055 4315 cor
1094 4277 1255 4314 meum
1279 4259 1478 4312 verbum
1500 4259 1706 4317 bonum,
1735 4256 1848 4308 dico
1868 4272 1958 4324 ego

387 4350 539 4403 opera
561 4351 669 4388 mea
692 4334 836 4405 Regi.
861 4332 1059 4403 Lingua
1081 4329 1435 4405 meqcalmitus
1454 4327 1629 4391 scribta
1649 4325 1955 4396 (Ps.XLlV,

387 4399 463 4475 2).
493 4407 597 4460 Cur
617 4399 876 4458 calamum
906 4399 1063 4475 vo'cas
1089 4403 1111 4441 ⁸)
1161 4400 1225 4475 Ut
1256 4409 1309 4475 tu
1334 4399 1509 4452 discas
1537 4414 1639 4475 non
1687 4410 1806 4450 esse
1837 4411 1954 4475 mea

389 4467 505 4543 qua:
532 4475 855 4538 scribuntur,
885 4473 978 4526 sed
1001 4473 1236 4543 tenentis
1264 4469 1516 4543 dextera}.
1537 4467 1784 4543 calamus
1813 4467 1954 4521 enim

394 4537 498 4614 non
528 4560 621 4613 per
636 4546 869 4614 seipsuin
891 4542 1093 4614 scribit,
1123 4541 1215 4594 sed
1235 4538 1488 4614 quidquid
1518 4537 1742 4614 voluerit
1768 4551 1957 4590 manus

391 4608 543 4669 illuni
567 4608 772 4668 tenen's.
809 4613 873 4666 Et
902 4612 1074 4681 lingua
1103 4625 1216 4664 mea
1263 4608 1497 4681 calamus
1527 4609 1859 4681 scribieesti
1883 4619 1959 4661 te-

390 4693 480 4738 net
507 4685 648 4738 enim
676 4681 819 4736 illam
850 4678 1078 4751 Spiritus
1103 4689 1334 4751 sanctus.
1381 4679 1512 4751 Cum
1541 4694 1666 4748 ergo
1693 4679 1782 4732 tibi
1811 4678 1959 4751 dixe-

390 4756 458 4810 rit
476 4747 905 4818 GraecuszQuis'
927 4762 1008 4806 est
1059 4750 1308 4820 magister
1339 4750 1496 4820 tutis?
1541 4765 1605 4802 ne
1648 4758 1701 4802 te
1731 4747 1954 4820 pudeat,

389 4840 560 4894 neque
581 4817 1007 4894 erubescas,gsed
1039 4821 1124 4874 dic
1151 4817 1167 4870 Ξ
1193 4817 1677 4894 Circumforaiieus,
1707 4817 1958 4894 tentorio-

390 4889 504 4949 ruiii
554 4893 752 4962 opifex,
780 4893 869 4962 qui
899 4892 949 4946 in
980 4889 1096 4944 foro
1122 4891 1312 4962 stabat,
1327 4891 1421 4962 qui
1452 4889 1614 4962 pelles
1641 4889 1953 4944 consuebat.

391 4959 638 5035 Magister
662 4959 938 5018 vero—tuus
962 4978 1078 5032 quis
1104 4971 1185 5035 est
1209 4961 1232 5013 ?
1282 4961 1450 5035 Plato,
1469 4959 1822 5035 Pythagoras,
1852 4973 1955 5035 non

388 5028 863 5096 circumforaneus,
909 5028 1002 5088 sed
1053 5031 1416 5101 pliil050phus.
1467 5028 1679 5101 Si’_vero
1731 5028 1954 5084 dixerim

387 5120 488 5175 ego
520 5123 534 5159 :
561 5105 807 5176 Magister
834 5113 974 5176 tutis,
997 5099 1114 5172 quis
1142 5102 1264 5176 est?
1287 5099 1638 5176 Philosophus
1664 5115 1678 5165 ;
1708 5101 1958 5176 magister

391 5169 511 5229 tuus
559 5169 724 5246 patria
777 5169 1286 5246 nobilisfmagister
1320 5178 1441 5246 tuus
1487 5169 1676 5246 dives;
1709 5169 1958 5246 magister

391 5256 514 5301 tuus
542 5239 774 5316 linguam
824 5245 1024 5300 habens
1072 5239 1299 5316 acutam,
1331 5242 1472 5316 ipsis
1506 5240 1681 5316 ﬂuviis
1709 5239 1958 5316 ﬂueiitior

388 5325 488 5379 est,
522 5311 724 5370 honore
749 5316 947 5381 fruens,
977 5311 1370 5384 progenitoruni
1396 5311 1676 5384 splendore
1699 5311 1954 5384 gaudens,

391 5387 582 5457 ubique
605 5385 896 5440 honoratus
925 5406 938 5440 :
969 5381 1120 5441 metis
1172 5400 1298 5438 vero
1341 5393 1527 5438 contra
1570 5397 1628 5436 se
1654 5381 1809 5436 habet
1837 5399 1852 5433 :
1886 5382 1954 5436 ita

452 5562 524 5625 (ιι)
557 5561 675 5613 Haec
695 5560 848 5625 oratio
869 5559 926 5608 ad
948 5563 1164 5625 ineptum
1187 5560 1458 5612 Graeculum
1483 5559 1746 5625 referenda
1767 5567 1858 5618 est,
1886 5557 1956 5625 la-

389 5620 538 5673 cinias
567 5620 1112 5686 genuiniCbrysostomi
1142 5628 1379 5676 sermonis
1397 5663 1410 5685 ,
1442 5625 1568 5675 sicut
1583 5621 1808 5685 graculus
1854 5620 1957 5684 plu-

386 5693 492 5734 Im
513 5683 726 5747 pavonis,
749 5683 948 5734 ridicule
972 5684 1271 5734 induentem.

2065 957 2218 1012 nobis
2241 954 2512 1010 manifesta
2535 964 2616 1010 est
2635 956 2875 1010 victoria.
2901 954 3213 1024 Quomodo?
3240 958 3370 1024 Quia
3401 959 3633 1016 circum-‘-

2064 1027 2456 1102 foraneusévicit
2483 1025 2847 1102 philosophum
2878 1043 3151 1102 ;‘panp_er,
3182 1030 3419 1090 divitem;
3449 1031 3628 1102 lingua

2066 1092 2833 1171 carens,‘fluviis'lluentiorem
2859 1115 2872 1163 ;
2903 1092 3120 1171 flagellis
3139 1092 3346 1171 exesus,
3376 1110 3498 1156 eum
3525 1092 3632 1171 ~qui

2067 1169 2196 1249 nihil
2227 1163 2329 1249 tale
2360 1183 2541 1234 passus
2571 1163 3084 1249 estalnzequalisvest
3111 1170 3286 1249 aciesa
3311 1180 3365 1249 t_it
3393 1163 3632 1238 Splendi-

2066 1239 2184 1293 dins
2210 1241 2279 1292 sit
2307 1249 2575 1306 tropaeum.
2602 1238 2882 1292 Soltecizat
2919 1243 3086 1302 metis,
3115 1248 3172 1292 ut
3195 1240 3424 1296 atticizet
3467 1251 3588 1295 tuus
3615 1259 3633 1308 ;

2065 1309 2157 1380 sed
2183 1309 2496 1380 soloecizans
2520 1309 2872 1380 atticizanteni
2918 1310 3044 1362 vicit
3075 1326 3088 1361 :
3121 1309 3390 1364 solcecizat
3427 1311 3630 1380 lingua,

2065 1379 2156 1460 sed
2189 1389 2367 1460 mente
2395 1379 2794 1460 philosophatur
2825 1396 2838 1432 :
2868 1393 2971 1460 iion
3013 1394 3146 1446 opus
3170 1390 3254 1460 est.
3277 1379 3632 1460 mil_ii__verbis,

2064 1445 2157 1503 sed
2184 1445 2476 1504 sententiis.
2500 1445 2644 1502 Meus
2665 1457 2808 1502 tuum
2834 1450 2958 1504 vicit
2983 1465 2994 1500 :
3027 1445 3331 1519 quomodo?
3361 1451 3519 1506 idiota
3545 1468 3634 1507 sa-

2066 1521 2326 1587 pientem,
2356 1523 2582 1574 rusticus
2611 1528 2898 1574 oratorem.
2953 1519 3017 1573 Et
3059 1520 3200 1574 unde
3222 1562 3237 1583 ,
3270 1521 3456 1589 inquit,
3507 1537 3634 1576 eum

2064 1591 2253 1644 vicisse
2281 1590 2442 1658 liquet
2468 1589 2490 1642 ?
2519 1589 2822 1656 lmpudens,
2864 1604 3038 1643 nonne
3065 1589 3210 1645 vides
3243 1603 3328 1644 res
3349 1591 3490 1658 ipsas
3514 1593 3634 1646 cla-

2064 1660 2250 1714 mare?
2279 1660 2373 1716 Ubi
2401 1669 2481 1714 est
2509 1657 2655 1714 Plato
2682 1660 2703 1711 ?
2753 1661 2933 1713 nullibi
2966 1676 2979 1712 :
3010 1659 3097 1713 tibi
3148 1657 3383 1714 Paulus?
3425 1662 3479 1715 in
3509 1678 3633 1716 om-

2065 1731 2208 1784 nium
2237 1746 2348 1785 ore.
2382 1727 2480 1784 Ubi
2511 1730 2704 1783 Plato?
2731 1729 2797 1784 de
2825 1731 2914 1783 illo
2934 1729 3136 1789 siletur,
3169 1730 3418 1785 oblivioni
3466 1733 3636 1787 tradi-

2065 1809 2151 1854 tur
2179 1819 2191 1853 :
2222 1801 2307 1856 tibi
2351 1816 2478 1853 vero
2506 1800 2731 1853 Paulus?
2784 1801 2986 1870 regiam
3029 1802 3168 1868 cepit
3197 1800 3436 1863 Romam,
3469 1815 3634 1870 quam

2064 1886 2168 1924 non
2196 1871 2355 1926 modo
2377 1871 2558 1925 vivens
2580 1872 2831 1939 possedit,
2860 1870 2952 1924 sed
2979 1880 3032 1924 et
3061 1879 3300 1925 mortuus
3323 1873 3465 1926 vicit.
3488 1870 3633 1928 Mor-

2063 1949 2183 1995 tuus
2228 1952 2308 1996 est
2359 1956 2606 2011 corpore,
2655 1949 2713 2012 ut
2758 1943 2898 1996 vivat
2952 1941 3139 2008 spiritu
3180 1958 3194 1993 :
3239 1939 3501 2012 discerpta
3549 1946 3634 2000 est

2063 2013 2265 2076 charta,
2310 2022 2365 2067 et
2417 2020 2633 2066 manent
2679 2011 2910 2076 litterze;
2965 2025 3068 2064 non
3125 2020 3240 2065 erat
3281 2011 3428 2066 enim
3477 2023 3630 2067 atra-

2063 2092 2241 2136 mento
2266 2085 2481 2152 scripta,
2505 2082 2597 2136 sed
2623 2083 2808 2152 spiritu
2836 2081 3059 2135 firmata.
3094 2079 3319 2135 Facilius
3347 2091 3431 2138 est
3457 2083 3627 2138 solent

2063 2150 2427 2223 praetergredi,
2459 2163 2616 2221 quam
2643 2150 2786 2223 Pauli
2819 2153 2997 2223 verba.
3026 2152 3163 2217 Quid
3191 2153 3331 2206 enim
3371 2153 3495 2206 dicit
3535 2157 3631 2223 qui

2064 2217 2134 2274 illi
2163 2217 2318 2277 verba
2345 2217 2561 2293 largitus
2589 2223 2704 2277 est?
2727 2219 2920 2293 Cwluin
2940 2231 2985 2276 ct
3002 2233 3134 2276 terra
3154 2224 3451 2293 transibunt.
3478 2217 3633 2279 verba

2061 2303 2224 2364 autem
2247 2311 2354 2346 mea
2379 2284 2477 2346 novit
2506 2294 2784 2364 transibunt
2815 2290 3021 2363 (Matth.
3065 2284 3252 2355 XXIV,
3279 2293 3395 2364 35).,
3425 2295 3479 2348 Si
3502 2309 3599 2350 ver

2064 2363 2126 2415 ha
2161 2374 2358 2416 tantum
2388 2373 2530 2425 sunt,
2554 2361 2754 2428 refuta;
2785 2361 2831 2417 si
2860 2380 2944 2418 res
2971 2372 3114 2429 sunt,
3155 2361 3551 2418 adoraﬁCaelum
3583 2375 3634 2419 et

2063 2444 2195 2487 terra
2224 2435 2522 2498 transibunt,
2554 2434 2700 2486 verba
2719 2445 2882 2488 autem
2909 2451 3017 2486 mea
3047 2451 3145 2488 non
3168 2436 3467 2488 transibunt.
3521 2435 3634 2489 Fa-

2061 2501 2213 2560 cilius
2241 2515 2322 2559 est
2345 2505 2509 2558 Solent
2532 2505 2814 2573 exstingui.
2844 2515 2895 2558 et
2923 2505 3112 2557 caelum
3141 2519 3171 2558 e
3195 2516 3480 2570 conspectu
3509 2507 3627 2559 tolli

2061 2589 2216 2641 quam
2240 2576 2398 2629 verba
2423 2574 2625 2628 Domini
2656 2577 2763 2644 mei
2784 2575 3020 2628 dissolvi.
3043 2579 3214 2643 Atque
3245 2591 3420 2629 rerum
3458 2587 3632 2644 eXpe-

2060 2640 2245 2699 rientia
2273 2645 2356 2700 his
2384 2645 2624 2713 perbibet
2647 2640 3025 2708 testimonium,
3057 2640 3308 2711 temporis
3320 2645 3478 2699 etiam
3509 2640 3635 2700 ibn-

2059 2713 2240 2783 gitudo
2268 2726 2322 2770 et
2350 2716 2576 2770 hostium
2624 2716 2982 2780 incursiones;
3012 2715 3063 2769 id
3114 2715 3254 2769 enim
3278 2715 3636 2771 admiratione

2060 2785 2274 2856 dignum
2301 2797 2401 2851 est,
2435 2801 2540 2856 non
2567 2785 2722 2839 modo
2748 2785 2886 2855 quod
2939 2800 3042 2839 non
3085 2785 3347 2856 dissoluta,
3369 2787 3494 2850 sint,
3526 2787 3633 2842 sed

2059 2855 2216 2910 etiam
2244 2857 2384 2925 quod
2413 2855 2550 2909 bello
2585 2857 2818 2924 impetita
2849 2857 3167 2924 superarint.
3193 2855 3388 2925 Sedulo
3411 2857 3636 2912 attende

2059 2926 2214 2980 dictis
2243 2924 2395 2982 meis.
2422 2925 2752 2982 Vociferatus
2803 2935 2883 2980 est
2935 2926 3149 2993 Paulus,
3172 2924 3492 2980 vociferatus
3538 2935 3634 2982 est

2059 2996 2292 3051 Joannes
2319 2999 2546 3066 piscator
2573 3006 2626 3051 et
2653 2996 2992 3065 evangelista,
3019 2998 3106 3065 qui
3163 3005 3277 3051 rete
3315 2995 3535 3065 projecit
3576 3008 3639 3053 et

2060 3066 2400 3137 Evangelium
2421 3069 2578 3136 cepit,
2601 3068 2685 3136 qui
2710 3067 2920 3121 demisit
2939 3067 3199 3137 calamum
3216 3066 3550 3136 piscatorium
3573 3076 3634 3122 et

2058 3139 2198 3208 cepit
2213 3135 2428 3193 verbum
2443 3135 2693 3208 Magistri.
2708 3137 2842 3205 Quid
2857 3135 3168 3191 vociferatus
3181 3135 3344 3208 est,et
3359 3137 3480 3206 quid
3493 3137 3640 3208 dixit

2061 3207 2337 3277 piscator?
2378 3207 2664 3264 Videamus
2701 3225 2765 3261 an
2816 3209 3056 3276 expiscer
3082 3207 3243 3262 verba
3271 3207 3547 3276 piscatoris
3575 3217 3639 3264 et

2058 3293 2165 3332 non
2194 3281 2501 3347 piscatoris:
2532 3278 2804 3347 piscatoris
2829 3278 3320 3346 quidem,quoniam
3348 3277 3446 3330 hoc
3471 3279 3631 3332 voci-

2059 3347 2256 3403 feratus
2276 3359 2394 3413 est;
2423 3364 2528 3403 non
2556 3349 2830 3418 piscatoris
2850 3363 2998 3410 vero,
3026 3349 3274 3416 quoniam
3297 3348 3454 3418 verba
3471 3359 3638 3404 erant

2058 3419 2305 3487 Spiritus.
2331 3419 2469 3487 Quid
2497 3415 2638 3473 enini
2663 3420 2731 3472 ait
2754 3419 2776 3470 ?
2804 3415 2870 3470 In
2898 3415 3144 3487 principio
3171 3428 3278 3487 erat
3306 3416 3540 3484 Verbum,
3573 3427 3631 3474 et

2113 3490 2280 3543 erbum
2308 3500 2413 3543 erat
2436 3489 2574 3559 apud
2605 3488 2782 3548 Deum,
2806 3486 3017 3559 clipeus
3037 3486 3141 3541 erat
3174 3486 3387 3559 Verbum
3419 3487 3633 3559 _(Joan.

2060 3558 2098 3624 Ι,
2129 3561 2204 3630 1).
2234 3561 2370 3626 Quid
2421 3562 2547 3614 dicit
2574 3559 2828 3614 Judaeus?
2857 3558 3098 3630 Magnum
3146 3559 3285 3627 sapit
3323 3558 3390 3630 de
3418 3558 3633 3628 Moyse.

2058 3628 2177 3698 quia
2205 3646 2349 3685 mare
2373 3630 2583 3685 discidit
2607 3640 2660 3684 et
2687 3630 2929 3699 pelagum
2958 3629 3135 3683 divisit
3161 3644 3224 3684 ac
3265 3628 3512 3699 restituit,
3540 3640 3640 3699 gat-

2057 3715 2161 3768 que
2188 3715 2364 3755 aerem
2393 3701 2630 3766 mulavit,
2646 3697 2845 3768 petram
2863 3699 3112 3753 dissecuit
3133 3709 3186 3753 et
3202 3714 3389 3752 manna
3411 3697 3634 3764 detulit,

2059 3771 2215 3824 urbes
2247 3786 2366 3825 cum
2417 3771 2602 3825 incolis
2631 3770 2843 3832 excidit,
2877 3779 3033 3835 atque
3059 3771 3110 3823 in
3151 3769 3298 3823 hellis
3321 3769 3434 3822 sine
3458 3770 3640 3824 armis

2057 3841 2226 3895 victor
2254 3841 2369 3894 fuit.
2395 3841 2590 3896 Ideone
2617 3841 2777 3894 altum
2803 3840 2980 3907 sapis?
3006 3840 3139 3894 Audi
3163 3839 3286 3909 quid
3313 3839 3519 3910 Moyses
3544 3839 3640 3893 di-

2059 3913 2154 3976 xit,
2180 3912 2301 3981 quid
2357 3914 2601 3980 piscator,
2626 3919 2684 3964 ut
2733 3909 2910 3963 videas
2946 3912 3174 3981 quaesit
3199 3909 3638 3981 inopiaveteris

2058 3979 2208 4052 legis,
2238 3992 2291 4036 et
2336 3979 2452 4052 qua:
2479 3981 2798 4037 abundantia
2825 3979 3023 4052 gratize.
3068 3980 3212 4052 Quid
3263 3989 3437 4034 autem
3470 3979 3641 4052 dixit

2059 3995 2207 4050 tegis,
2238 3995 2291 4036 et
2336 3998 2452 4052 qua:
2479 3995 2798 4037 abundantia
2825 3995 3023 4102 gratias.
3077 3995 3212 4047 quid
3263 3995 3437 4034 autem
3491 3995 3636 4036 dixit

2059 4051 2297 4122 Moyses?
2326 4052 2390 4106 In
2419 4053 2664 4122 principio
2687 4053 2800 4122 fecit
2833 4055 2956 4122 [eus
2983 4051 3162 4104 caelum
3186 4060 3231 4122 et
3253 4061 3431 4122 terram
3458 4047 3636 4122 LGert.

2059 4119 2099 4185 l,
2129 4119 2201 4193 Ι).
2233 4123 2368 4188 Quid
2383 4119 2525 4193 vero
2552 4119 2803 4191 piscator?
2832 4120 3096 4193 Nusquam
3117 4120 3427 4193 ponitillud,
3455 4119 3636 4180 Fecit:

2059 4187 2301 4262 sed'qiii’d
2323 4195 2345 4247 ?
2371 4191 2437 4246 In
2481 4187 2727 4261 principio
2777 4201 2883 4244 erat
2929 4187 3166 4262 Verbum,
3194 4200 3242 4244 et
3263 4187 3492 4262 l’erbum
3517 4199 3639 4243 erat

2058 4260 2205 4330 apud
2225 4262 2401 4316 Deum.
2433 4263 2528 4317 llle
2554 4278 2582 4316 a
2609 4264 2767 4316 rebus
2795 4260 2986 4315 creatis
3030 4262 3232 4330 incipit,
3262 4260 3345 4314 hic
3394 4276 3421 4312 a
3453 4260 3634 4330 Grea-

2059 4329 2191 4386 tere.
2221 4333 2380 4389 Vides
2403 4343 2460 4388 ut
2500 4333 2658 4386 altius
2695 4331 2932 4386 ascendit
2957 4346 3112 4400 quam
3139 4330 3383 4401 Moyses?
3413 4329 3640 4386 Audivit

2057 4402 2273 4472 Moysen
2319 4404 2583 4458 dicentem
2612 4402 2750 4472 quod
2779 4404 2970 4455 coelum
2996 4401 3173 4457 fecerit
3198 4403 3368 4463 Deus;
3400 4401 3629 4472 missurn

2058 4471 2183 4527 fecit
2206 4474 2421 4536 cceluiii,
2449 4483 2503 4527 et
2529 4471 2686 4526 altius
2705 4472 2959 4526 ascendit.
2988 4472 3349 4526 Occurrcrunt
3371 4473 3419 4524 ei
3446 4471 3638 4538 angeli

2058 4553 2113 4598 et
2141 4544 2508 4612 praetermisit;
2538 4542 2856 4612 archangeli,
2886 4551 2942 4596 et
2963 4543 3283 4612 prieterivit;
3311 4541 3635 4612 Cherubim,

2057 4623 2112 4668 et
2140 4611 2208 4669 ibi
2233 4629 2336 4668 non
2364 4615 2526 4669 stetit.
2555 4613 2670 4681 Quo
2698 4611 2908 4667 curris?
2939 4611 3087 4666 Aliud
3115 4627 3327 4681 quaero:
3354 4613 3398 4665 si
3419 4611 3643 4665 Cheru-

2058 4683 2165 4739 bitn
2194 4684 2392 4749 lucent,
2423 4692 2597 4739 tamen
2624 4698 2787 4752 opera
2815 4693 2938 4736 sunt
2965 4698 2979 4747 ;
3013 4682 3055 4735 si
3084 4681 3361 4750 Seraphim
3392 4689 3636 4752 canunt,

2056 4764 2182 4809 sunt
2209 4765 2384 4810 tamen
2413 4751 2736 4809 conservi’ut
2763 4767 2880 4823 ego.
2921 4753 3058 4821 Quid
3094 4755 3286 4822 quietis
3313 4754 3336 4804 ’ἰ
3383 4751 3437 4806 Si
3467 4751 3635 4818 prin-

2057 4828 2261 4894 cipatus
2289 4835 2344 4882 et
2378 4825 2784 4894 dominationes,
2814 4825 2928 4879 hazc
2975 4838 3186 4892 quoque
3211 4837 3358 4876 serva
3387 4829 3440 4875 et
3466 4835 3636 4874 crea-

2059 4893 2190 4949 turae
2219 4906 2342 4949 sunt
2364 4893 2388 4961 ;'
2410 4898 2453 4949 si
2479 4905 2784 4964 potestates,
2799 4904 2900 4948 tua;
2919 4910 3128 4962 quoque
3153 4909 3237 4948 res
3262 4904 3452 4947 creatae
3471 4899 3637 4946 sunt.

2058 4967 2174 5034 Quo
2195 4965 2354 5021 abis?
2405 4966 2581 5036 Ipsum
2615 4979 2797 5034 quaero
2841 4964 3170 5036 Creatorem,
3219 4966 3390 5036 ipsum
3439 4975 3641 5036 quaero

2058 5031 2202 5090 Patri
2248 5031 2745 5092 consubstantialem
2781 5052 2793 5086 :
2827 5051 2924 5089 nec
2973 5031 3442 5088 desistam’donec
3469 5031 3643 5090 illum

2060 5107 2327 5172 invenero,
2358 5117 2414 5162 ut
2461 5107 2620 5160 homo
2661 5116 2831 5174 potest
2858 5105 3113 5160 invenire.
3160 5103 3368 5174 Moyses
3415 5103 3644 5174 locutus

2058 5187 2141 5232 est
2166 5179 2231 5232 de
2256 5179 2414 5243 cielo,
2439 5188 2492 5232 et
2532 5173 2686 5232 desiit
2717 5192 2730 5228 :
2761 5192 2865 5231 non
2911 5175 3052 5229 enim
3103 5173 3344 5243 spiritum
3394 5173 3637 5241 accepit,

2059 5264 2214 5318 quem
2256 5265 2360 5318 ego
2392 5248 2559 5302 habeo
2591 5247 2764 5315 (Rom.
2788 5245 2928 5318 _Vlll.
2960 5245 3049 5312 15)
3072 5262 3090 5318 τ’
3117 5260 3220 5298 non
3248 5244 3390 5318 enim
3419 5243 3646 5318 accepit.

2057 5312 2322 5386 s'pirituni'
2347 5312 2615 5373 servitutis
2668 5318 2718 5370 in
2761 5316 2970 5378 timore,
3001 5315 3092 5369 sed
3116 5312 3640 5386 iaccepitspiritutta

2058 5382 2356 5458 adoptionis
2387 5389 2608 5442 filiorum
2626 5388 2701 5458 ad
2725 5386 3073 5458 obedientiam
3104 5382 3464 5458 fideiCMajora
3489 5382 3645 5458 inihi

2059 5453 2181 5512 διηιί
2211 5461 2426 5512 credita.
2453 5458 2574 5514 Ideo
2619 5457 2870 5511 Dominus
2917 5471 3063 5510 meus
3093 5472 3154 5508 ex
3203 5455 3441 5523 supernis
3468 5453 3650 5506 deor—

2057 5542 2174 5583 sum
2203 5530 2490 5593 descendit,
2523 5537 2581 5581 ut
2599 5524 2841 5596 egoinfra
2871 5528 3067 5595 positus
3087 5541 3292 5579 sursum
3318 5525 3642 5578 ascendam.

2059 5600 2195 5666 Quid
2222 5601 2451 5668 quceris?
2492 5595 2664 5667 Ipsum
2688 5595 3025 5668 Creatorem;
3055 5611 3174 5668 cum
3202 5596 3470 5668 invenero,
3484 5601 3652 5668 tunc

2060 5661 2478 5736 atabm'hivenit,
2501 5661 2552 5725 et
2580 5667 2702 5738 quid
2723 5667 2884 5721 dicit?
2912 5667 2934 5718 Ι
2944 5684 2972 5718 it
3000 5665 3242 5732 principio
3263 5676 3366 5717 erat
3380 5661 3605 5714 Verbum.
3631 5682 3657 5718 .-
