3938 6136
201 290 261 346 π
1546 286 1790 346 SPURIA
1825 286 2154 356 QUEDAM.
3376 298 3449 354 23

210 423 477 477 umquam,
511 408 647 477 fecit;
678 420 974 476 nusquam,
1006 410 1195 477 factum
1242 415 1365 477 fert:
1397 418 1500 477 non
1534 405 1673 459 enim
1712 405 1783 477 de

207 473 357 538 rebus
403 473 599 533 aeutis
641 490 727 531 est
774 473 893 531 hiec
936 473 1195 532 doctrina.
1241 475 1378 531 Ecce
1420 473 1649 530 Verbum
1676 492 1692 529 :
1717 475 1781 529 In

204 550 447 619 principio
474 559 579 603 erat
607 548 848 602 Verbum.
893 550 1034 614 Quot
1071 546 1277 619 tyranni
1320 561 1387 599 ex
1411 560 1516 616 quo
1555 549 1784 614 piscator

202 617 299 677 hoc
327 617 545 674 verbum
568 619 767 674 extulit
784 661 802 684 ,
831 619 1128 685 exstirpare
1153 617 1450 685 voluerunt,
1480 627 1533 669 et
1558 632 1664 670 non
1692 632 1786 684 po.

203 704 367 748 tuere:
398 690 517 756 sed,
542 704 881 757 quocumque
899 684 1080 752 abeas,
1111 688 1281 749 audis,
1311 684 1373 739 In
1404 687 1650 757 principio
1677 697 1783 739 erat

214 760 428 838 Verbum
450 756 608 838 isive
635 760 768 820 ruri,
791 756 916 838 ξεῖνε)
960 759 1020 838 iu_
1036 759 1183 838 urbe,
1212 761 1463 838 prmvenit
1504 756 1785 838 [τι.πίμεὶ-

201 835 288 900 pio
316 844 424 885 erat
450 829 761 884 Veritummt
791 830 844 882 in
876 829 1112 900 Perside,
1138 825 1266 900 etin
1294 825 1462 900 India,
1492 838 1544 900 et
1570 827 1785 900 inﬂan-

198 897 501 957 ritannrum
521 904 735 970 regione
756 900 921 955 micat
940 899 1040 952 hoc
1058 898 1287 970 Verbum
1301 899 1416 952 sole
1435 897 1781 970 splendidius.

201 975 302 1025 Sol
328 975 470 1029 enim
495 968 720 1025 interdiu
748 971 909 1032 lucet,
941 979 1098 1022 noctu
1126 969 1455 1030 occuluttur;
1484 968 1581 1021 hoc
1608 979 1782 1022 autem

201 1045 406 1098 dictum
422 1044 579 1095 etiam
598 1042 653 1094 in
674 1050 835 1094 nocte
854 1041 1108 1109 fulgorem
1128 1054 1278 1093 suum
1295 1039 1507 1109 emittit,
1529 1038 1786 1109 cujusque

204 1116 384 1167 animo
414 1113 742 1166 inscribitur.
767 1107 1004 1165 Mortuus
1032 1120 1111 1162 est
1135 1110 1222 1178 qui
1249 1108 1479 1176 scripsit,
1507 1119 1560 1163 et
1585 1107 1785 1178 dictum

204 1185 413 1251 en‘ulgct
450 1201 464 1234 :
496 1198 693 1246 corpus
718 1184 836 1247 ejus
873 1181 961 1248 qui
987 1179 1117 1234 dixit
1156 1177 1597 1251 estdissolutum,
1628 1187 1683 1251 et
1705 1177 1789 1231 di-

202 1249 498 1308 ctiimi‘lud
546 1254 829 1321 plusquam
872 1252 952 1304 sol
1006 1252 1160 1304 lucet.
1214 1250 1553 1321 Quocumque
1605 1249 1783 1321 abeas,

207 1326 475 1378 antevenit
503 1317 604 1375 hoc
626 1317 849 1384 (Itt’lltltt,
876 1321 942 1374 In
972 1321 1215 1388 principio
1233 1330 1336 1373 erat
1372 1317 1601 1372 Verbum.
1628 1319 1787 1386 Quis-

205 1412 307 1464 que
351 1397 518 1449 etiatn
549 1402 603 1447 et
646 1394 833 1445 mulier
861 1403 915 1446 et
936 1406 1034 1453 Vir,
1061 1401 1115 1464 et
1139 1406 1321 1464 servus
1340 1402 1387 1443 et
1408 1390 1652 1464 Alilier,»e‘t
1693 1405 1787 1464 rex

209 1460 262 1519 et
288 1466 555 1534 privatus,
583 1474 640 1516 et
669 1465 1068 1534 imperanteset
1093 1461 1313 1534 imperio
1341 1460 1554 1534 subditi,
1586 1460 1713 1514 illud
1734 1462 1786 1534 in

209 1530 367 1589 corde
392 1530 940 1601 meditanturmeque
960 1532 1096 1585 ullus
1122 1532 1298 1585 delere
1326 1540 1496 1595 potest
1516 1530 1648 1584 hanc
1670 1530 1789 1599 pul-

207 1607 527 1659 clierrimam
558 1603 948 1666 harreditatem,
972 1601 1065 1656 sed
1103 1616 1231 1668 Opes
1263 1612 1387 1654 istas
1417 1603 1644 1656 retinere
1668 1615 1791 1670 per-

211 1684 442 1731 several.
467 1673 666 1727 Caium
706 1684 754 1726 et
801 1683 935 1726 terra
964 1673 1260 1734 transibunt,
1292 1670 1435 1724 verba
1476 1682 1639 1724 autem
1681 1686 1792 1724 mea

214 1762 310 1800 non
340 1747 649 1797 transibunt.
702 1744 951 1797 Diabolus
982 1757 1084 1796 ltOu
1116 1743 1282 1810 potuit
1306 1742 1505 1795 dictum
1535 1741 1747 1795 abolere
1772 1757 1785 1793 :

212 1832 376 1884 quare
399 1818 423 1866 1!
451 1816 589 1882 Quia
629 1829 733 1866 non
761 1815 971 1884 dictum
1004 1814 1227 1880 simplex
1252 1821 1400 1884 erat,
1455 1813 1551 1884 sed
1591 1812 1790 1884 dictum

215 1881 328 1941 “ei.
356 1887 431 1940 Ne
456 1881 616 1953 igitur
647 1884 845 1953 pudore
886 1881 1153 1945 afﬁciaris,
1189 1883 1398 1950 quando
1438 1883 1586 1953 audis
1619 1897 1633 1935 :
1666 1882 1787 1934 lltec

214 1958 444 2026 piscator
467 1951 623 2017 dixit,
648 1951 769 2008 haec
786 1970 1102 2026 sageuarum
1128 1963 1396 2026 consutor.
1448 1951 1633 2026 Vidisti
1655 1966 1791 2026 quo-

212 2022 375 2081 inodo
401 2027 468 2079 ad
494 2028 667 2093 ipsum
687 2024 1012 2094 paupertatis
1032 2026 1267 2094 intimum
1299 2025 1468 2077 locum
1493 2022 1787 2085 descendit,

215 2108 266 2150 et
293 2099 359 2149 ad
383 2098 641 2165 fastigium
672 2093 877 2148 virtutis
904 2095 1163 2149 ascendit?
1189 2093 1291 2147 Sed
1319 2109 1405 2154 ne,
1429 2105 1699 2162 pOSIquatu
1722 2095 1791 2165 ab

219 2168 342 2221 aliis
369 2163 680 2233 inccpimus,
706 2168 771 2218 ad
798 2166 897 2221 alia
927 2167 1261 2219 traducamus
1286 2166 1599 2227 orationem,
1624 2180 1685 2216 ex
1714 2163 1795 2216 di-

215 2248 428 2290 ctorum
452 2238 679 2289 decursu
706 2246 997 2304 conceptus
1024 2236 1127 2289 alio
1153 2234 1359 2287 deﬂecti
1387 2235 1751 2301 permittentes
1773 2248 1789 2296 ;

218 2323 342 2375 age,
372 2309 518 2359 freno
543 2307 607 2359 ad
631 2307 859 2374 linguam
888 2304 1143 2368 adhibito,
1171 2304 1497 2375 reducamus
1517 2319 1795 2372 argumen-

221 2373 341 2430 tum
378 2379 443 2429 ad
489 2378 539 2430 id
585 2378 723 2445 quod
770 2378 913 2443 prius
944 2376 1297 2444 promisimus.
1325 2375 1458 2439 Quid
1486 2373 1641 2442 igitur
1667 2375 1794 2427 dicit

221 2448 319 2500 ille
348 2444 684 2501 tentoriorum
728 2446 906 2515 opifex
927 2487 941 2506 ,
983 2444 1473 2500 circutnforaoeus?
1514 2460 1615 2497 non
1650 2445 1792 2497 enim

221 2517 387 2573 ﬁnem
416 2517 596 2572 faciam
619 2522 715 2572 bas
732 2531 894 2570 Voces
922 2515 1224 2584 frequenter
1248 2515 1638 2584 pronuntiandi,
1667 2528 1793 2582 pru-

223 2598 347 2656 pter
372 2590 507 2658 vulgi
551 2589 824 2642 hominum
864 2586 1218 2658 insipientiam
1248 2600 1559 2658 eorumque_
1581 2595 1796 2658 senten-

222 2653 355 2710 tiam
382 2674 413 2711 a
438 2653 766 2726 philosophia
794 2653 1044 2712 alienam.
1072 2656 1422 2726 Quianempe
1453 2655 1506 2708 in
1536 2653 1650 2707 foro
1675 2655 1794 2726 pluf

221 2730 347 2782 rimi
363 2724 610 2783 conviciis
627 2724 947 2794 impetentes
971 2727 1168 2788 dicunt,
1188 2724 1612 2780 Circutnforanee
1632 2741 1646 2786 ;
1670 2725 1795 2792 quid

220 2800 327 2851 sibi
354 2801 460 2852 vult
481 2800 629 2861 illud,
657 2797 1136 2852 Circuiul'uranee?
1175 2796 1310 2863 Quid
1356 2809 1429 2848 est
1464 2796 1797 2849 circumfora-

225 2886 380 2932 ttctts,
411 2871 495 2924 dic
515 2871 682 2924 mihi?
707 2885 813 2923 non
834 2871 979 2923 enim
1001 2868 1198 2922 crimen
1220 2877 1299 2920 est
1321 2867 1795 2919 circumforaneum

222 2955 365 3000 esse,
397 2957 497 2993 non
527 2941 730 2995 crimen
760 2942 913 2993 estin
943 2938 1058 2991 foro
1084 2949 1224 2993 stare
1248 2948 1301 2990 et
1326 2938 1554 3003 operari.
1582 2933 1795 2990 Crimen

224 3020 314 3062 est
344 3011 481 3065 intus
508 3021 811 3065 manentem
843 3026 929 3063 res
953 3009 1154 3063 alienas
1174 3021 1382 3074 rapere.
1412 3007 1563 3060 Disce
1581 3006 1704 3075 quid
1730 3009 1800 3060 sit

227 3082 573 3145 contumelia,
592 3083 715 3149 quid
737 3080 1067 3143 encomium,
1091 3091 1142 3133 et
1168 3080 1274 3133 noli
1304 3077 1525 3131 irridere
1549 3095 1566 3132 :
1593 3092 1696 3129 non
1718 3086 1800 3130 est

226 3151 430 3205 crimen
445 3166 566 3205 esse
595 3154 1088 3213 circumforaneum,
1115 3151 1206 3203 sed
1228 3156 1490 3217 raptorem
1517 3162 1655 3211 esse,
1679 3162 1802 3200 ava-

228 3236 353 3273 rum
381 3236 517 3275 esse.
541 3222 677 3288 Quid
706 3224 832 3275 mihi
860 3222 1054 3290 prodes
1077 3236 1194 3273 cum
1221 3219 1375 3273 sedes
1398 3218 1448 3290 in
1475 3218 1723 3290 thalamo,
1749 3227 1802 3271 et

230 3291 389 3362 lupus
404 3306 460 3345 es
478 3293 503 3343 ?
523 3292 647 3362 quid
671 3293 798 3346 mihi
816 3288 1013 3362 damni
1031 3290 1182 3362 all‘ert
1204 3303 1403 3362 pauper
1418 3289 1469 3362 i_n
1497 3288 1610 3341 foro
1634 3299 1797 3362 stans,

228 3359 525 3431 buvemque
542 3359 608 3417 ’et
630 3373 896 3416 aratorem
929 3361 1181 3415 imitans?
1204 3359 1666 3431 Circumforaneus
1696 3373 1756 3412 es
1778 3360 1801 3410 ’ἰ

230 3430 507 3499 operarius
530 3447 591 3487 es
613 3434 638 3485 ?
663 3451 768 3487 non
799 3441 925 3486 sunt
966 3432 1080 3486 lucc
1103 3431 1362 3485 erimina:
1390 3430 1629 3483 eneoinia
1655 3439 1799 3492 sunt,

230 3503 539 3580 quoniama
583 3502 1051 3580 justislaboribus
1094 3502 1401 3580 alimentum
1438 3499 1665 3580 colligis,
1696 3514 1802 3580 non

231 3569 422 3625 όυιιιηε
438 3569 637 3628 alienas
657 3575 870 3629 curiose
898 3571 1249 3641 frequentans.
1278 3570 1391 3624 Non
1416 3569 1671 3638 estigitur
1695 3574 1801 3624 cri-

233 3658 358 3696 men
397 3644 873 3699 circumforaneum
918 3658 1068 3706 esse,
1100 3657 1273 3712 neque
1317 3641 1615 3709 operarium
1660 3656 1798 3695 esse.

228 3713 372 3778 Quid
398 3725 567 3768 autem
588 3728 673 3770 est
693 3714 934 3769 crimen?
976 3714 1144 3767 Otiose
1173 3711 1350 3766 vivere
1379 3728 1391 3763 :
1421 3721 1577 3778 atque
1604 3711 1801 3765 utinam

233 3786 408 3836 otiose
436 3794 637 3838 tantum
683 3794 741 3839 et
764 3800 869 3838 non
895 3783 1034 3837 male
1072 3783 1313 3852 cperari!
1341 3779 1806 3836 Cirenmforaueus

232 3863 352 3907 erat
400 3855 620 3918 Paulus,
646 3866 701 3910 et
749 3856 801 3907 iit
847 3853 1055 3908 officina
1095 3853 1298 3906 stabat:
1324 3867 1492 3921 neque
1536 3852 1655 3904 talis
1694 3862 1807 3905 erat

235 3935 363 3976 ante
387 3923 747 3993 Evangelium,
771 3934 892 3994 post
920 3924 1257 3993 Evangeliqu
1283 3939 1409 3977 vero
1441 3932 1673 3994 ululatus
1702 3933 1802 3976 est.

237 3995 343 4048 Sed
374 4006 430 4048 et
471 3993 810 4063 praidicabat,
839 4006 893 4049 et
913 3995 1075 4063 pelles
1117 3996 1407 4049 consuebat
1442 4008 1456 4044 :
1491 3993 1807 4060 pnedicabat

235 4073 293 4116 et
317 4068 565 4120 manebat
589 4066 730 4134 apud
755 4066 1050 4120 Priscillam
1070 4074 1123 4118 et
1144 4065 1409 4131 Aquilam,
1429 4064 1558 4129 Quia
1584 4064 1806 4134 ejusdem

237 4144 348 4186 erat
370 4137 496 4205 artis
516 4153 535 4189 :
565 4133 708 4190 erant
733 4147 900 4190 autem
926 4136 1440 4205 scenofactorite'artis
1462 4134 1596 4200 (Act.
1625 4133 1804 4195 XVIII,

241 4205 321 4270 3).
352 4204 403 4259 0
422 4206 752 4276 philosophia
783 4206 929 4260 Pauli
960 4206 973 4259 !
1002 4221 1037 4259 o
1063 4204 1313 4276 sublimis
1348 4220 1556 4276 sensus,
1587 4214 1641 4258 et
1687 4218 1810 4257 sen-

241 4277 405 4327 tentia
423 4278 579 4331 animi
602 4274 856 4331 indomita
881 4281 895 4329 !
923 4292 958 4329 o
999 4290 1150 4329 mens
1177 4275 1296 4329 οωΙί
1341 4274 1593 4330 fornicem
1647 4276 1807 4328 attin-

235 4360 374 4411 gens
396 4347 410 4400 l
440 4362 473 4400 ο
493 4349 670 4401 anima
691 4347 912 4402 visibilia
927 4347 1101 4401 omnia
1123 4345 1448 4414 despiciens!
1473 4361 1506 4399 o
1534 4361 1685 4399 mens
1792 4346 1804 4398 !

240 4416 404 4468 telam
433 4433 639 4472 aranea:
659 4432 779 4472 esse
803 4417 1138 4472 existimabat
1161 4416 1283 4469 vita:
1306 4417 1491 4469 fastum
1514 4434 1526 4469 :
1547 4431 1650 4469 non
1681 4417 1811 4470 adiit

242 4500 416 4554 reges,
463 4503 567 4541 non
609 4489 820 4552 divites,
850 4504 956 4541 non
1007 4487 1318 4554 locupletes,
1340 4486 1432 4539 sed
1461 4488 1807 4540 tentoriorum

235 4558 457 4629 opiﬁces
478 4558 626 4624 adiit,
650 4560 771 4629 quia
797 4557 1035 4629 ejusdem
1055 4566 1169 4612 erat
1184 4558 1348 4629 artis;
1373 4571 1470 4611 nec
1497 4558 1706 4629 erubuit
1734 4560 1809 4609 in-

235 4628 479 4680 sdtutom
520 4630 644 4682 vita:
672 4644 785 4683 sua:
808 4628 1078 4698 detegere,
1102 4628 1195 4681 sed
1239 4630 1339 4680 hoc
1366 4628 1610 4681 omnibus
1636 4629 1808 4695 palam

240 4698 388 4750 tecit.
441 4699 495 4752 ln
524 4701 638 4753 foro
666 4702 836 4765 stetit,
867 4699 1209 4768 Evangeliuiu
1234 4699 1545 4767 pradicans,
1576 4707 1810 4751 mortuos

234 4769 521 4839 suscitans,
552 4770 793 4839 leprosos
813 4770 1091 4832 inundans,
1124 4784 1220 4822 nec
1242 4769 1309 4823 de
1335 4770 1451 4839 loco
1483 4768 1710 4839 pudebat
1747 4769 1811 4821 il-

234 4838 376 4900 lum,
404 4842 495 4893 sed
523 4841 591 4894 de
606 4837 996 4895 consuetudine
1021 4839 1360 4909 gloriabatur.
1391 4837 1448 4891 In
1475 4837 1591 4892 foro
1615 4840 1801 4896 stabat.

234 4916 303 4961 et
321 4910 453 4964 alios
469 4911 685 4979 quidem
712 4913 876 4980 pelles
893 4911 1073 4970 dabat,
1103 4911 1189 4963 alii
1220 4923 1347 4963 vero
1371 4909 1635 4973 dicebant,
1669 4909 1811 4962 Mor-

238 4988 389 5049 tuuni
413 4983 609 5034 suscita
634 4998 649 5046 ;
677 4996 740 5037 ac
761 4989 1019 5037 steterunt
1045 4980 1164 5034 dua:
1184 4980 1452 5034 mulieres:
1477 4994 1575 5032 una
1597 4980 1809 5049 quidem

239 5048 443 5114 dicens,
472 5050 675 5107 Pellem
704 5051 828 5105 mihi
854 5053 906 5105 in
932 5050 1221 5118 stragulum
1244 5053 1474 5114 confice;
1502 5048 1663 5104 altera
1687 5065 1813 5102 verc-

239 5133 452 5186 rugans,
481 5121 694 5175 Suscita
742 5122 904 5176 filium
945 5136 1161 5183 meum;
1200 5130 1254 5174 et
1282 5124 1487 5189 utrique
1516 5121 1807 5190 respondit,

241 5196 397 5257 atque
440 5195 587 5248 aliud
616 5193 766 5246 alteri
797 5192 1175 5260 impedimento
1206 5206 1309 5245 non
1338 5190 1434 5244 fuit
1454 5232 1470 5253 ,
1503 5192 1596 5244 sed
1628 5200 1681 5244 et
1706 5208 1816 5243 tua-

242 5275 345 5314 ειυς
368 5264 701 5329 laborabant,
724 5270 783 5317 'et
817 5264 983 5329 gratia
1001 5262 1359 5327 operabatur:
1389 5272 1441 5315 et
1472 5263 1677 5331 utrique
1728 5276 1814 5314 re-

242 5335 530 5395 spoiidebat
555 5335 903 5387 tentoriorum
923 5331 1278 5400 opifex,alteri
1301 5333 1509 5400 quidem
1532 5334 1662 5385 artis
1678 5348 1808 5394 sua',

242 5402 590 5474 alterigratize
603 5408 831 5458 fructum
854 5404 1099 5474 largiens.
1130 5402 1265 5474 Quid
1292 5413 1345 5455 tu
1368 5404 1480 5455 vis?
1506 5402 1691 5474 pellem
1712 5417 1812 5474 ego

244 5472 465 5528 emdicio
504 5478 560 5529 in
600 5473 894 5543 stragulum
925 5472 949 5525 :
970 5473 1132 5541 pelles
1157 5473 1301 5527 enim
1338 5488 1559 5527 consuo.
1591 5472 1724 5538 Quid
1758 5482 1812 5524 tu

254 5545 649 5599 visl'mortnum
678 5556 826 5597 tuum
844 5558 948 5609 ego
966 5545 1204 5599 suscitari
1220 5544 1416 5598 curabo
1445 5559 1459 5594 :
1490 5544 1651 5598 Deum
1671 5544 1812 5596 enim

243 5617 458 5684 rogabo.
478 5616 667 5683 Neque
692 5615 939 5670 dedecori
966 5629 1054 5667 ars
1075 5622 1204 5669 erat.
1244 5614 1358 5669 Non
1387 5614 1495 5667 ibat
1519 5615 1572 5667 in
1598 5615 1812 5668 domum

240 5684 451 5740 divitem
478 5696 536 5742 et
558 5686 884 5754 locupletem
912 5698 931 5735 :
956 5685 1121 5753 legem
1163 5687 1300 5739 enim
1330 5685 1534 5738 Domini
1562 5686 1814 5754 implebat

241 5756 498 5814 dicentem
523 5774 540 5810 :
570 5753 641 5811 In
664 5769 1026 5821 quamcumque
1044 5766 1203 5810 autem
1231 5756 1474 5811 civitatem
1506 5758 1811 5810 autdomum

1884 407 2203 468 intraverint,
2224 416 2525 475 interrogate
2538 411 2647 475 quis
2670 409 2722 462 in
2749 424 2807 462 ea
2845 408 3027 475 dignus
3046 411 3129 472 sit,
3158 421 3205 465 et
3228 414 3295 468 ibi
3336 431 3446 468 tua-

1886 488 1995 531 uete
2034 476 2244 554 (Matth_.
2271 475 2338 540 Χ,
2370 475 2478 548 ll).
2515 479 2706 554 _E‘ratne
2727 481 2865 554 enim
2890 475 3053 554 Paulo
3070 481 3285 554 dignum
3309 486 3449 554 quod

1886 557 2026 620 esset
2046 546 2395 620 tentoriorum
2441 546 2665 620 opifex?
2692 551 2847 618 plane
2894 546 3265 620 quidemeur
3309 546 3454 611 non?

1885 617 2148 692 siquidem
2181 619 2528 692 teutotjorum
2555 618 2736 692 opifex;
2772 630 2886 674 erat
2913 617 3200 677 secundum
3230 640 3453 692 pauper-

1885 689 2008 741 tatis
2032 688 2309 742 amorem?
2337 688 2517 742 Dicam
2570 691 2660 742 tibi
2692 690 2804 758 ejus
2832 692 3131 747 encominm
3159 688 3479 750 diadematc'

1886 759 2244 828 prtestantius,
2264 768 2408 813 veste
2425 775 2679 827 purpurea
2699 760 3055 820 splendidius?
3075 763 3305 819 Salutate
3332 764 3473 820 Pri-'

1886 830 2080 883 scillam
2102 839 2149 882 et
2174 830 2404 901 Aquilam
2450 828 2622 901 (Rom.
2648 829 2786 894 XVI,
2816 831 2870 894 5,
2900 833 2980 901 4).
3019 833 3083 887 Et
3108 834 3354 890 feminam
3378 837 3450 890 vi-

1888 913 1950 953 ro
1977 900 2249 968 praeponit,
2278 910 2335 953 ut
2362 908 2415 953 tu
2459 900 2632 954 discas
2682 900 3128 968 majorem’fuisse
3158 908 3208 959 in
3258 906 3450 962 femina

1887 969 2157 1024 virtutem.
2187 969 2420 1024 Salutate
2446 969 2734 1024 Priscillam
2760 980 2805 1024 et
2821 971 3074 1038 Aquilam,
3094 975 3159 1029 ad
3190 976 3457 1031 Romanos

1888 1040 2148 1115 scribens,
2169 1041 2254 1109 qui
2275 1057 2366 1115 pro
2383 1042 2553 1115 animo
2568 1058 2677 1115 mea
2697 1058 2814 1094 suae
2834 1044 3454 1115 cervicessupposueruut.

1891 1108 2078 1162 Vidisti
2100 1108 2416 1173 encomium,
2448 1110 2623 1165 vidisti
2654 1120 2816 1166 testes
2841 1114 3008 1173 vivos,
3034 1114 3134 1178 Qui
3162 1108 3255 1178 pro
3282 1119 3455 1170 anima

1901 1134 2078 1162 νιυιδιι
2100 1134 2416 1173 CIICtlIIIIIIIII,
2451 1134 2623 1165 VIUISII
2654 1134 2816 1166 IBSICS
2842 1134 3008 1173 VIVOS,
3034 1134 3132 1178 υιιι
3198 1134 3255 1169 νο
3282 1134 3454 1170 anima

1888 1196 1999 1233 mea
2020 1182 2374 1255 suascervices
2401 1191 2785 1255 supposuerunt.
2803 1182 3103 1255 Martyrium
3132 1134 3454 1249 absolutum,

1890 1265 1995 1305 non
2016 1251 2272 1305 effusione
2298 1253 2587 1318 sanguinis,
2619 1252 2711 1306 Sed
2740 1251 2997 1309 electione
3018 1256 3200 1310 animi.
3226 1256 3301 1312 Ne
3324 1257 3453 1313 mihi

1890 1320 2058 1395 dicas,
2089 1320 2202 1395 Non
2227 1322 2387 1377 occisi
2418 1321 2630 1376 fuerunt
2660 1340 2674 1376 :
2704 1324 2909 1378 etiamsi
2927 1326 3065 1379 enim
3097 1327 3267 1395 reipsa
3297 1329 3457 1382 occisi

1892 1405 1998 1445 non
2024 1391 2236 1455 fuerint,
2262 1395 2532 1462 proposito
2553 1401 2726 1446 tamen
2753 1396 2911 1450 occisi
2940 1405 3090 1448 sunt:
3121 1391 3255 1449 Deus
3278 1409 3457 1453 autem

1891 1477 1995 1535 non
2024 1464 2243 1535 requirit
2269 1464 2489 1525 exitum,
2520 1463 2612 1517 sed
2665 1465 3025 1519 intentionem.
3086 1467 3357 1535 Siquidem
3403 1477 3465 1520 et

1891 1534 2156 1607 Abraham
2181 1534 2342 1607 lilium
2370 1536 2636 1607 mactavit,
2662 1536 2903 1607 quamvis
2923 1551 3027 1607 non
3057 1534 3322 1602 mactavit,
3348 1538 3460 1607 gla-

1892 1602 2011 1656 dius
2035 1604 2175 1656 enim
2208 1605 2300 1657 fuit
2333 1602 2695 1675 mundusLet
2724 1604 2885 1667 dicit,
2922 1605 3040 1675 Non
3069 1609 3329 1675 pepercisti
3350 1602 3461 1675 ﬁlio

1894 1683 1978 1747 tuo
2010 1684 2211 1741 propter
2247 1690 2324 1727 me
2350 1672 2503 1747 (Gen.
2530 1673 2696 1735 XXII.
2725 1675 2791 1728 l2
2814 1685 2862 1747 et
2893 1673 3001 1747 Ili).
3025 1672 3139 1730 Non
3182 1672 3462 1745 pepercisti

1892 1745 2088 1800 animo.
2114 1758 2214 1811 ego
2262 1759 2389 1798 vero
2418 1746 2589 1811 reipsa
2622 1746 2847 1811 peperci.
2882 1745 2982 1812 Qui
3028 1763 3119 1813 pro
3155 1750 3325 1801 anima
3352 1765 3465 1801 mea

1893 1830 2010 1867 suae
2036 1816 2243 1868 cervices
2265 1826 2653 1883 supposuerunt.
2684 1814 2948 1885 Sanguine
2966 1819 3270 1883 Apostolum
3298 1833 3463 1873 exce-

1895 1894 2105 1957 perunt.
2132 1887 2210 1937 An
2236 1885 2566 1939 intellexistis
2600 1886 2740 1955 quod
2770 1886 2922 1940 dixi?
2950 1886 3063 1943 Non
3092 1890 3231 1941 enim
3273 1903 3463 1957 porcos

1894 1955 1975 2027 vel
2006 1968 2170 2027 agnos
2204 1964 2523 2027 mactarunt.
2556 1958 2648 2027 sed
2679 1959 2983 2025 sanguinem
3028 1955 3301 2027 proprium
3327 1958 3464 2013 effu-

1894 2025 2106 2078 derunt.
2130 2026 2174 2078 υ
2203 2024 2569 2093 hospitalitatis
2592 2024 2852 2094 fastigium
2884 2030 2898 2080 ε
2931 2024 3042 2082 Alii
3060 2029 3102 2081 si
3129 2024 3312 2082 decem
3332 2030 3463 2082 obo-

1896 2094 1974 2147 los
1998 2094 2260 2168 dederint,
2294 2096 2559 2149 molestari
2602 2112 2740 2165 a'gre
2788 2096 2960 2151 ferunt
2990 2116 3003 2150 :
3033 2100 3106 2152 illi
3154 2100 3461 2168 sanguinem

1895 2179 2049 2218 suum
2068 2166 2336 2231 fuderunt,
2356 2175 2409 2221 et
2424 2177 2733 2235 pra'sentem
2752 2169 2909 2222 vitam
2927 2166 3351 2222 contemnebant.
3377 2170 3466 2223 \iir

1899 2235 2170 2304 hospitalis
2185 2237 2255 2291 ita
2281 2237 2596 2305 conspicuus
2620 2238 2814 2303 evadit,
2845 2253 2948 2292 non
2977 2241 3267 2307 sicutiiqui
3300 2253 3461 2302 nunc,

1898 2316 2047 2359 torvo
2072 2308 2215 2361 vultu
2242 2317 2296 2363 et
2321 2308 2615 2373 superciliis
2657 2308 2828 2371 elatis,
2857 2310 3167 2377 gloriantur.
3195 2311 3240 2363 si
3280 2309 3464 2364 decem

1897 2377 2082 2431 obolos
2105 2393 2198 2443 per
2222 2392 2406 2432 servos
2434 2393 2558 2431 suos
2588 2380 2800 2446 pauperi
2822 2379 3084 2433 dederint.
3114 2381 3174 2433 lli
3206 2394 3333 2433 vero
3358 2393 3462 2434 non

1899 2448 2021 2501 item
2044 2464 2058 2512 ;
2102 2462 2221 2501 nam
2248 2458 2303 2502 et
2326 2448 2422 2517 ipsi
2453 2447 2573 2502 l‘acti
2599 2459 2721 2501 sunt
2749 2450 2910 2502 servi.
2933 2450 3023 2504 Sic
3044 2459 3099 2504 et
3122 2448 3387 2504 Abraham
3410 2460 3466 2505 et

1898 2516 2026 2573 Sara
2054 2536 2067 2571 :
2099 2533 2219 2571 nam
2246 2519 2331 2573 illa
2346 2516 2687 2574 commiscuit
2713 2518 3061 2581 farinam,non
3076 2522 3363 2575 secundum
3378 2534 3469 2574 ea-

1901 2605 2013 2642 rnm
2031 2604 2147 2658 quae
2166 2603 2305 2660 nunc
2320 2598 2441 2644 sunt
2454 2588 3161 2660 mulierummollitiem,qu:e
3185 2605 3316 2660 auro
3335 2591 3470 2644 seri-

1899 2657 2085 2723 eisque
2110 2659 2343 2713 vesdbus
2392 2671 2636 2714 naturam
2664 2659 2825 2713 efficit
2860 2657 3197 2725 ignaviorem.
3226 2657 3317 2715 Illa
3338 2675 3467 2715 vero

1900 2729 2173 2784 molitricis
2202 2730 2311 2783 obit
2332 2746 2547 2784 munera
2568 2747 2580 2782 :
2599 2730 2830 2798 dicitque
2856 2730 2926 2784 illi
2946 2732 3192 2784 maritus:
3215 2731 3464 2790 Accelera.

1900 2800 1997 2852 tria
2033 2811 2143 2854 sata
2196 2802 2374 2854 similae
2411 2801 2675 2854 conuuisre
2716 2799 2867 2864 (Gen.
2917 2800 3100 2864 XVIII,
3146 2800 3223 2867 6).
3289 2800 3468 2869 Neque

1899 2871 2206 2938 respondit,
2237 2871 2479 2925 Hzrccine
2506 2880 2630 2923 sunt
2657 2870 2944 2925 tolerabilia
2965 2872 2990 2924 ’ἶ
3018 2887 3171 2925 mene
3190 2881 3466 2939 cognatam

1900 2941 2147 3009 accepisti
2167 2957 2259 3009 pro
2281 2942 2492 3010 pistoria
2514 2942 2536 2993 ?
2558 2955 2732 2995 nonne
2750 2942 2928 2995 dotem
2947 2942 3133 2994 attuli?
3153 2956 3326 2995 nonne
3348 2956 3467 2995 sum

1902 3011 2109 3066 libera?
2133 3028 2252 3079 qum
2291 3012 2601 3065 famularum
2633 3020 2756 3065 sunt
2782 3012 3010 3079 imperas
3058 3013 3205 3065 milii.
3240 3011 3469 3065 Haecine

1901 3094 1996 3148 spe
2022 3081 2146 3135 fulta
2185 3083 2305 3137 veni
2338 3082 2388 3135 in
2435 3080 2650 3134 domum
2698 3091 2838 3136 tuam
2867 3083 2891 3133 Ἰ
2919 3081 3056 3135 Nihil
3099 3081 3286 3135 horum
3315 3080 3468 3143 dixit,

1902 3151 1993 3205 sed
2023 3149 2288 3206 festinavit
2308 3162 2361 3205 et
2385 3153 2745 3206 commiscuit:
2767 3167 2899 3207 uxor
2921 3154 3063 3207 enim
3090 3163 3205 3206 erat
3221 3150 3466 3212 Abrahte.

1904 3238 2007 3274 non
2040 3224 2158 3276 vitae
2186 3223 2304 3292 lege
2329 3223 2501 3276 solum
2531 3261 2544 3277 .
2600 3225 2691 3275 sed
2740 3224 2899 3277 etiam
2951 3224 3208 3277 bonorum
3251 3236 3471 3291 operum

1901 3293 2116 3346 virtute.
2161 3293 2491 3353 Communis,
2524 3292 2709 3360 inquit,
2741 3295 2809 3347 sit
2857 3293 3205 3361 hospitalitas.
3237 3307 3446 3344 continu

1904 3378 2026 3416 nem
2053 3378 2261 3432 quoque
2287 3364 2510 3416 fructum
2541 3364 2851 3418 referamus.
2885 3364 3185 3418 Thesaurus
3210 3370 3292 3415 est
3311 3402 3326 3421 ,
3353 3362 3427 3414 ait
3453 3380 3465 3415 :
3502 3384 3507 3389 ο

1907 3449 2008 3484 una
2038 3436 2202 3488 simus
2231 3435 2509 3503 participes
2535 3451 2547 3485 :
2576 3450 2675 3502 ego
2701 3434 2936 3495 vitulum,
2962 3446 3016 3487 tu
3039 3432 3235 3487 farinas
3257 3432 3470 3486 offeres.

1908 3503 2139 3557 Vitulum
2170 3506 2439 3566 mactavit,
2467 3514 2521 3558 et
2565 3506 2767 3572 accepit
2810 3505 2957 3558 Isaac
2986 3523 2999 3556 :
3029 3505 3221 3556 farinas
3265 3503 3476 3554 miscuit

1908 3575 2013 3638 illa,
2046 3573 2108 3628 Et
2135 3578 2322 3645 factum
2345 3585 2415 3628 est
2438 3591 2602 3627 semen
2627 3576 2736 3643 ejus
2780 3576 2907 3627 sicut
2933 3577 3076 3626 stella
3101 3575 3232 3639 creti,
3265 3583 3309 3624 et
3347 3573 3475 3624 sicut
3504 3594 3507 3599 ·

1906 3661 2059 3697 arena
2080 3644 2253 3700 maris.
2283 3645 2404 3698 Ilmc
2423 3645 2543 3697 dico
2566 3647 2848 3696 humanum
2872 3644 3057 3697 fastum
3075 3645 3393 3709 deprimens,
3423 3653 3477 3695 et

1908 3716 2131 3768 divitum
2149 3717 2382 3769 omnium
2405 3716 2689 3767 amentiam
2720 3726 3085 3778 contemnens,
3115 3728 3477 3783 panper-osque

1908 3786 2209 3847 consolans,
2240 3794 2295 3838 ut
2316 3800 2472 3836 nemo
2501 3786 2582 3838 vel
2616 3786 2666 3837 in
2694 3794 3002 3853 paupertate
3045 3799 3102 3837 se
3141 3784 3372 3848 dejiciat,
3395 3783 3476 3835 vel

1912 3857 1958 3907 iu
1985 3855 2182 3908 divitiis
2204 3870 2263 3908 se
2291 3855 2509 3908 extollat
2538 3871 2550 3906 :
2582 3855 2693 3907 lucc
2722 3865 2897 3908 autem
2924 3854 3080 3906 ambo
3109 3865 3230 3906 sunt
3273 3855 3480 3906 virtutis

1911 3926 2307 3993 iii-pediinenta.
2356 3925 2510 3977 Ratio
2553 3936 2725 3978 autem
2756 3926 3125 3990 gubernatoris
3175 3925 3367 3977 nautici
3397 3926 3476 3976 vi-

1909 4012 2023 4049 cem
2050 3997 2269 4055 obtinet,
2307 4012 2423 4060 qu:e
2451 4011 2620 4061 neque
2664 4013 2692 4049 a
2744 4005 2945 4062 teinpes
2971 4004 3057 4048 ate
3105 3994 3478 4057 summergitur,

1913 4082 2083 4134 neque
2110 4084 2136 4116 ιι
2165 4067 2448 4121 Serenitate
2492 4066 2700 4119 mollior
2740 4064 3003 4128 efficitur;
3037 4066 3128 4117 sed
3159 4065 3210 4116 in
3242 4074 3480 4130 tempore

1910 4137 2105 4206 dispari
2137 4152 2311 4204 parem
2340 4152 2556 4190 servans
2588 4134 2970 4204 philos0ph;am
2993 4151 3117 4206 ‘nec
3146 4135 3482 4206 ulladiversi-

1912 4202 2017 4259 tate
2048 4202 2305 4269 movetur,
2337 4224 2397 4259 ac
2419 4208 2499 4260 vel
2533 4202 2631 4259 hoc
2656 4209 2736 4260 vel
2774 4207 2897 4258 illud
2925 4204 3151 4258 ciﬁcitur
3182 4221 3195 4256 :
3225 4205 3359 4256 sicut
3384 4202 3483 4257 Job

1912 4278 2152 4342 nequein
2178 4285 2484 4343 paupertate
2506 4276 2843 4335 blasphemus
2863 4274 2979 4341 fuit,
3012 4291 3182 4344 neque
3212 4277 3260 4327 iii
3284 4274 3483 4327 divitiis

1912 4348 2102 4409 elatus,
2129 4348 2220 4400 sed
2243 4362 2361 4399 cum
2393 4348 2540 4400 dives
2560 4356 2719 4409 esset,
2747 4346 2937 4413 januas
2964 4346 3170 4413 aperuit
3194 4362 3209 4409 ;
3242 4359 3360 4398 cum
3389 4359 3482 4399 ve-

1914 4434 1972 4472 ro
1996 4433 2193 4485 pauper
2220 4426 2380 4478 esset,
2433 4418 2590 4470 latera
2625 4418 2903 4486 patefecit:
2931 4425 3055 4469 tunc
3100 4416 3310 4484 quidem
3358 4430 3484 4481 pau-

1915 4488 2126 4556 peribus
2171 4488 2390 4541 amicus.
2424 4498 2601 4554 postea
2633 4503 2758 4541 vero
2804 4487 3168 4555 philosophus,
3192 4501 3254 4538 ac
3309 4500 3483 4538 rerum

1915 4559 2299 4610 inundanarum
2347 4557 2703 4609 diversitatem
2747 4559 2977 4610 calcans.
3034 4558 3315 4624 Postquam
3356 4570 3485 4609 vero

1915 4638 2054 4681 tanta
2085 4629 2152 4681 de
2180 4627 2520 4680 tentoriorum
2567 4628 2754 4694 opiﬁcc
2778 4629 3026 4691 diximus,
3054 4641 3149 4694 age
3172 4627 3328 4679 etiam
3355 4642 3486 4679 uou-

1915 4700 2057 4752 nulla
2089 4713 2270 4751 eorum
2297 4714 2413 4765 qua:
2442 4700 2755 4765 protulimus
2780 4699 2955 4750 denuo
2981 4707 3287 4757 tractemus,
3322 4711 3485 4763 pauca

1914 4771 2124 4835 quidem
2157 4769 2313 4820 verba
2340 4770 2387 4818 in
2418 4768 2646 4820 medium
2675 4768 3022 4837 proferentes,
3054 4769 3485 4837 iuunensmqve-

1917 4857 1975 4891 ro
2001 4850 2347 4907 conceptuum
2377 4839 2589 4906 pelagus
2621 4835 2770 4893 nobis
2813 4840 2938 4906 ipsis
2972 4840 3289 4906 aperientes.
3346 4835 3387 4886 Τ
3391 4836 3486 4907 alis

1915 4913 2057 4962 enim
2084 4904 2182 4962 est
2212 4904 2927 4976 thesaurusScripturarunt,
2974 4904 3091 4976 quae
3145 4922 3247 4957 non
3300 4904 3484 4976 verbo-

1919 4995 2033 5032 rum
2082 4981 2251 5048 copia,
2283 4979 2376 5031 sed
2432 4975 2780 5047 conceptuum
2831 4980 2880 5031 vi
2925 4975 3300 5048 abundantiam
3332 4975 3485 5027 nobis

1918 5043 2186 5104 exhibe-ui.
2235 5050 2367 5115 Quid
2425 5048 2582 5117 igitur
2602 5043 2613 5047 ⁷
2642 5052 2715 5102 ait
2762 5043 3327 5117 tentoriorunropifes
3357 5084 3369 5103 ,
3394 5112 3405 5117 Δ
3426 5058 3487 5094 os

1917 5123 2196 5174 szutctitate
2258 5112 2570 5186 repletum,
2627 5121 2796 5187 lingua
2876 5119 3028 5170 morti
3111 5112 3438 5167 formidanda
3466 5117 3487 5165 ’ἐ
3577 5154 3586 5163 .

1918 5191 2040 5259 quid
2072 5191 2254 5243 scribit
2295 5192 2509 5244 dextera
2564 5190 2647 5242 illa
2703 5209 2729 5238 :l
2782 5189 3003 5240 vinculis
3029 5196 3208 5259 orttttln
3236 5224 3249 5245 ,
3272 5194 3347 5259 _et
3377 5198 3481 5259 nia-_

1920 5254 2050 5314 uicis
2126 5261 2494 5321 circumdata,
2569 5269 2908 5323 mortuosque
2992 5254 3295 5307 suscitans?
3362 5254 3485 5319 quid

1919 5331 2136 5385 St'I'IIlIl?
2162 5332 2285 5400 quid
2317 5331 2389 5383 ait
2408 5332 2578 5396 lingua
2605 5331 2687 5381 illa
2702 5332 2723 5381 ’ἐ
2752 5330 2873 5392 quid
2907 5327 3090 5378 scribit
3113 5327 3329 5400 dextera
3359 5324 3485 5376 illa?

1920 5401 2099 5469 Itaque
2126 5395 2233 5461 nos,
2271 5412 2318 5455 et
2345 5402 2387 5454 si
2426 5395 2651 5451 navimus
2693 5399 2963 5451 secundum
2987 5412 3187 5469 carnem
3209 5395 3484 5469 Christum,

1918 5465 2156 5525 salttum:
2174 5476 2284 5540 jam
2311 5488 2409 5523 non
2437 5472 2679 5540 norimus.
2705 5469 2873 5533 Siqua
2901 5483 3015 5540 ergo
3040 5465 3327 5540 iaC/triste,
3361 5480 3487 5517 nova

1918 5537 2223 5628 creatura‘w
2245 5542 2360 5595 Cor.
2385 5539 2559 5628 ννιβ,
2582 5537 3251 5628 ίχξέξΑιιιυιι-ςιςτμωῄιη

1920 5616 2113 5667 diious.
2146 5610 2203 5666 Si
2238 5628 2337 5680 qua
2363 5627 2480 5679 ergo
2504 5612 2557 5662 in
2604 5610 2822 5672 Christo,
2862 5623 2995 5680 nova
3022 5621 3296 5680 creatura:
3325 5616 3486 5658 vetem

1920 5678 2257 5743 transierunt,
2292 5698 2405 5735 ecce
2430 5686 2567 5751 [licia
2594 5689 2707 5733 sunt
2736 5679 2904 5731 omnia
2926 5692 3099 5751 nota;
3131 5678 3298 5729 omnia
3320 5688 3485 5751 autem

1858 5778 1880 5805 .-
1923 5771 1984 5808 ea:
2014 5754 2138 5808 Deo.
2174 5746 2472 5808 'l‘ltesaurtis
2494 5763 2572 5807 est
2600 5750 2935 5806 absciinditus
2954 5748 3165 5820 quildem
3191 5764 3205 5812 ;
3240 5748 3332 5801 sed
3354 5746 3481 5797 cllo—
