4748 6520
290 581 350 637 st
890 516 895 520 δ
1593 562 1835 622 SPURIA
1876 560 2202 633 QUEDAM.
3466 563 3538 618 δι

291 696 448 752 tende
497 695 799 765 diligenter.
828 687 1167 765 NonAfaclnm
1188 694 1270 741 est
1296 684 1489 765 coelum
1516 699 1854 765 n_ovum,_nce

290 766 370 820 sol
398 755 711 828 ηονυ‹,ἲιθο
730 775 891 818 terra.
932 758 1062 828 Quid
1083 758 1225 812 enim
1264 756 1393 810 mihi
1414 755 1779 819 emolumenti,
1810 756 1856 828 si

287 838 486 891 caelum
540 826 732 890 factum
785 826 970 887 fuisset
1007 842 1218 890 novum,
1251 841 1351 896 ego
1377 841 1506 881 vero
1549 830 1597 879 in
1624 826 1858 896 peccatis

291 920 674 975 permansurum
700 902 905 959 essem?
930 900 1052 970 quid
1096 914 1184 975 me
1222 897 1365 968 iuvat
1383 906 1473 951 aut
1499 896 1640 975 lazdit
1658 897 1855 975 emtum

294 966 437 1032 idem
459 991 697 1035 manens,
719 989 835 1029 cum
856 966 1074 1039 ego'uon
1096 966 1235 1023 idem
1255 968 1627 1039 permaneant?
1648 966 1853 1039 Ctelum

296 1059 380 1104 est
429 1047 638 1108 domus,
677 1060 774 1113 ego
803 1037 931 1096 vero
960 1038 1393 1113 sumrmorbidus.
1425 1037 1479 1093 Si
1493 1052 1632 1113 ergo
1662 1037 1857 1113 videris

299 1118 563 1172 medicum
589 1107 964 1184 ingredientem
993 1112 1044 1166 in
1070 1110 1307 1184 domum,
1337 1118 1391 1184 et
1417 1107 1857 1184 nullattrquidem

298 1189 493 1244 intirmi
534 1178 707 1241 curam
757 1184 1059 1241 habentem.
1110 1180 1201 1236 sed
1243 1178 1475 1249 parietes
1500 1179 1853 1249 dealbantem,

299 1259 521 1313 lacunar
564 1272 691 1311 auro
736 1265 1035 1313 ornament,
1083 1247 1259 1306 annon
1305 1248 1510 1303 diceres
1541 1247 1627 1303 :0
1674 1247 1854 1304 h0mo.

302 1343 427 1383 cura
451 1326 739 1397 aegrotum?
765 1324 873 1379 Cur
909 1323 1122 1397 domum
1152 1318 1351 1374 ornas?
1377 1319 1618 1373 Christus
1635 1334 1861 1397 unoque

302 1400 357 1454 in
386 1389 523 1453 hunc
572 1396 820 1472 mundum
853 1396 1015 1456 venit,
1047 1393 1098 1472 in
1126 1405 1231 1472 quo
1259 1404 1459 1472 agrum.
1478 1389 1672 1472 reperit
1709 1399 1861 1472 natu-

302 1484 412 1524 ram
436 1483 625 1522 meam.
655 1467 855 1521 Rursus
882 1463 1096 1517 attende
1110 1458 1251 1515 dicto
1280 1475 1417 1514 meo.
1439 1458 1606 1512 Intrat
1626 1458 1860 1513 medicus

302 1539 355 1593 in
381 1553 618 1608 magnam
645 1537 880 1608 domum,
904 1533 1102 1589 invenit
1124 1531 1391 1608 hominem
1419 1536 1671 1608 :cgrotum
1702 1527 1862 1582 febri-

297 1600 566 1671 citantEm,
593 1608 769 1661 ulcera
789 1606 1067 1660 habentem
1098 1619 1111 1655 :
1139 1618 1204 1655 an
1228 1600 1471 1669 relinquit
1496 1609 1769 1668 :egrotum,
1793 1614 1860 1655 an

298 1681 485 1749 surgit,
515 1679 727 1749 dealhat
757 1677 1006 1745 parietes,
1042 1674 1244 1749 inaurat
1271 1671 1505 1749 lacunar,
1536 1680 1691 1724 ornat
1719 1671 1862 1737 pavi-

297 1740 572 1805 mentum?
598 1740 932 1816 Nequaquam
960 1764 973 1799 :
1005 1744 1129 1798 nihil
1151 1751 1295 1816 curat
1330 1740 1566 1816 domum,
1597 1749 1863 1816 totamque

300 1821 609 1874 industriam
637 1810 707 1872 ad
727 1810 984 1886 aegrotum
1013 1813 1294 1886 convertit.
1323 1810 1377 1865 Si
1401 1812 1660 1886 sanusmsit
1686 1810 1860 1886 pater.

302 1891 547 1952 familias,
603 1879 801 1943 czrtera
852 1895 1161 1956 sequuntur.
1194 1882 1266 1937 Ita
1292 1896 1499 1956 quoque
1538 1879 1781 1956 Christus
1810 1885 1860 1935 in

305 1960 445 2014 hunc
485 1951 737 2014 mundum
756 1951 1155 2021 venia-carnem
1183 1952 1484 2020 assumpsit,
1520 1951 1711 2022 ubique
1736 1966 1863 2005 vero

302 2046 515 2099 semper
524 2031 673 2085 adest
689 2048 702 2082 :
720 2030 1014 2099 ingressum
1029 2036 1203 2099 autem
1217 2026 1330 2092 ejus
1341 2024 1688 2078 mcouomiant
1710 2032 1864 2099 vocat

301 2093 591 2169 Scriptura.
620 2093 894 2168 Ingressus
929 2106 1011 2153 est
1057 2096 1109 2150 in
1151 2096 1289 2148 httuc
1311 2109 1555 2169 magnum
1583 2093 1860 2169 mundum,

301 2164 459 2242 quem
489 2172 602 2242 ipse
631 2164 981 2224 adornaverat
1033 2182 1048 2221 :
1101 2175 1469 2242 :rgrotantetn_
1489 2164 1689 2217 invenit
1713 2173 1861 2242 natu:

301 2233 417 2295 ram
446 2233 726 2295 humanam
758 2261 772 2296 :
806 2247 1056 2310 aegrotant
1085 2233 1187 2289 non
1211 2235 1263 2289 iu
1294 2236 1429 2310 lecto
1451 2233 1739 2310 jacentem,
1770 2234 1863 2288 sed

303 2311 360 2366 in
407 2313 636 2381 nequitia
675 2302 1012 2379 prostratam,
1043 2320 1377 2381 communem
1400 2302 1727 2381 harmoniam
1750 2319 1867 2374 pes-

308 2373 630 2447 sutnda'tam,
647 2373 767 2435 aras
780 2392 1052 2437 accensas,
1075 2377 1313 2447 nidorem
1340 2373 1720 2433 sacrificiorum
1745 2373 1864 2428 aera

308 2446 623 2514 licitantem,
650 2452 844 2505 liberos
892 2464 921 2502 a
970 2446 1274 2516 parentibus
1300 2454 1576 2509 mactatos,
1627 2453 1866 2499 naturam

307 2523 693 2580 conculcatam,
723 2521 868 2590 leges
889 2529 1089 2590 natura:
1104 2530 1422 2590 concussas,
1446 2516 1868 2590 commiseratio—

318 2608 444 2646 uetn
488 2586 842 2659 contemptam
879 2607 892 2645 :
925 2588 1317 2659 Imtttolarerunt
1344 2587 1475 2659 ﬁlios
1499 2601 1615 2659 suos
1642 2594 1688 2638 et
1736 2586 1869 2659 ﬁligs

307 2643 440 2716 suae
462 2643 723 2715 divinantisr
744 2643 918 2726 lPsal.
949 2657 1056 2723 CV,
1084 2659 1178 2726 5'7)
1218 2674 1233 2710 :
1269 2643 1509 2710 homines
1540 2643 1753 2723 impune
1781 2643 1872 2711 at-

309 2732 659 2797 bacchantes;
709 2731 848 2786 hunc
886 2730 1094 2799 quidem
1119 2726 1399 2789 ciumdunt,
1427 2726 1570 2781 hunc
1588 2742 1714 2781 vero
1735 2742 1870 2783 ma;-

304 2803 489 2862 chum.
536 2805 671 2856 hunc
712 2801 1051 2863 homicidam,
1090 2807 1285 2853 terram
1330 2808 1491 2851 totam
1538 2806 1868 2866 pereuntem,

308 2872 615 2927 hominibus
665 2873 717 2926 in
774 2872 1022 2942 nequitia:
1072 2869 1211 2942 lecto
1254 2868 1573 2942 jacentibns,
1605 2866 1872 2942 diabolum

302 2943 626 3008 adstantem,
670 2938 935 2998 caminum
979 2938 1376 3003 accendentem,
1421 2939 1599 2993 ulcera
1645 2938 1872 3008 implen-

306 3023 440 3077 tem,
483 3014 714 3069 medicos
737 3014 1078 3077 deficientes;
1112 3010 1414 3083 prepbetas,
1447 3008 1684 3083 inquam,
1713 3025 1874 3083 accu-

308 3094 508 3150 santes,
561 3100 664 3138 non
708 3086 1067 3153 corrigentes;
1111 3079 1344 3153 medicos
1372 3079 1688 3153 assidentes,
1717 3079 1876 3153 pltar-

309 3169 459 3208 maca
513 3150 887 3223 pra-parantes,
938 3168 1038 3207 nec
1082 3150 1393 3219 adjuvantes
1423 3191 1438 3215 ,
1492 3152 1585 3204 sed
1637 3152 1874 3205 omniunt

306 3232 665 3281 accusatores.
703 3224 822 3279 Non
851 3234 923 3278 est
954 3225 1125 3292 justus
1169 3223 1451 3292 quisquam,
1478 3223 1876 3292 n9_n_estrequi-

308 3312 427 3348 rens
457 3294 617 3348 Deum
647 3295 824 3362 (Paul.
870 3289 1003 3357 Xlll,
1030 3293 1087 3357 2,
1117 3293 1241 3347 coll.
1272 3289 1458 3345 Ezech.
1480 3360 1487 3362 _
1512 3289 1752 3354 XXXIV,
1773 3289 1817 3345 ⁷6
1836 3294 1876 3361 ).

311 3365 558 3421 ιιϊοεὶηε
587 3360 858 3420 medicus?
888 3366 1140 3433 Quzenam
1170 3364 1328 3432 igitur
1356 3360 1597 3433 spes'est,
1624 3377 1742 3415 cum
1754 3377 1881 3433 _tne-

317 3436 471 3490 dicus
512 3450 709 3504 aegrum
757 3430 1007 3490 accusat?
1034 3430 1260 3504 Quidam
1296 3447 1424 3487 vero
1471 3432 1679 3487 dicebat
1703 3430 1880 3504 :Equi

314 3516 563 3559 amatores
612 3506 730 3575 facti
765 3517 879 3560 sunt
909 3504 1062 3575 (lem,
1092 3503 1245 3575 V,_8)
1276 3519 1291 3556 :
1317 3504 1652 3575 unusquisque
1668 3503 1737 3575 ad
1754 3518 1882 3575 uxo-

315 3593 421 3629 rem
470 3571 687 3647 proximi
723 3577 800 3630 sui
846 3571 1101 3647 hinniebat
1158 3571 1176 3638 (
1212 3571 1326 3647 Jer.
1372 3571 1540 3647 Ill,'2,
1584 3571 1879 3647 inﬁrma).

318 3640 480 3700 Alter
500 3647 635 3700 sedit
666 3647 715 3699 iu
740 3648 954 3702 deserto
977 3646 1114 3700 sicut
1137 3644 1352 3707 cornix;
1394 3644 1526 3697 alter
1558 3660 1571 3696 :
1611 3640 1698 3696 Va:
1735 3640 1880 3708 mihi,

315 3717 437 3786 quia
464 3718 604 3784 periit
641 3728 845 3771 sanctus
874 3717 936 3771 de
953 3727 1106 3782 terra,
1137 3723 1376 3786 etractus
1403 3714 1454 3766 in
1476 3712 1759 3786 hominibus
1782 3732 1883 3786 non

316 3782 392 3841 est
438 3782 624 3855 (tiliclt.
646 3786 759 3852 VII,
785 3787 891 3859 2);!
932 3787 1066 3841 alter
1092 3803 1111 3859 ς
1142 3782 1470 3859 Maledictum
1496 3794 1541 3859 et
1569 3784 1885 3859 mendacium

318 3869 369 3910 et
412 3859 603 3927 furtum
644 3868 693 3911 et
742 3855 1047 3912 adulterium
1084 3855 1455 3927 inundaverant
1481 3855 1555 3927 Ain
1603 3863 1735 3927 terra
1752 3870 1782 3927 A:
1809 3858 1886 3909 vir

323 3923 530 3997 (miram
558 3944 704 3982 suum
728 3929 795 3981 ad
822 3938 1032 3982 mortem
1052 3926 1302 3997 venaturi
1326 3923 1454 3997 Osee
1478 3924 1542 3979 Ν
1562 3964 1577 3987 ,
1598 3926 1678 3997 2).
1702 3925 1881 3979 Alter:

334 3996 423 4052 γω
464 4000 595 4069 genti
623 4001 885 4068 peccatriei
930 3997 1093 4067 (lsai.
1116 3994 1277 4069 71,4)!
1312 3996 1592 4064 Egreditur
1636 3994 1887 4069 medicus

320 4066 662 4139 lacry'mans':
692 4085 848 4138 quam
869 4066 1015 4139 spem
1040 4068 1199 4139 habet
1216 4076 1461 4139 tegrotus,
1484 4082 1604 4120 cum
1626 4066 1887 4122 medicum

320 4137 615 4211 conSpiciat
639 4137 1056 4211 laerymantem?
1081 4139 1310 4211 qualern
1337 4137 1502 4211 habes
1548 4152 1720 4207 spem,
1767 4153 1887 4190 cum

320 4208 476 4263 illum
501 4209 682 4265 videas
714 4208 1120 4280 desperantem?
1147 4209 1270 4280 quid
1298 4208 1422 4263 boni
1445 4208 1513 4263 de
1536 4218 1737 4280 aegroto
1764 4222 1889 4280 spe-

324 4294 447 4334 rare
492 4280 684 4347 petes?
721 4279 1029 4349 Quanquam
1061 4279 1250 4333 medici
1298 4293 1462 4347 smpe,
1489 4279 1694 4349 etiamsi
1722 4279 1892 4332 sciant

322 4357 619 4405 extremam
666 4348 873 4417 horam,
896 4348 903 4349 7
925 4365 993 4405 ne
1030 4357 1205 4403 tamen
1231 4350 1554 4418 propinquos
1576 4348 1758 4402 dolore
1779 4349 1893 4402 alli-

323 4420 491 4486 ciant,
520 4421 712 4477 mentis
735 4420 976 4476 allectum
1010 4419 1337 4487 philosophia
1364 4420 1600 4484 vincunt,
1643 4419 1894 4474 hilarem-

326 4504 434 4559 que
474 4491 676 4545 vultum
730 4506 850 4547 cum
897 4492 1199 4560 suspicione
1241 4503 1335 4543 sua
1367 4505 1474 4557 prae
1516 4504 1576 4545 se
1602 4489 1796 4554 ferunt,
1828 4505 1895 4545 ne

324 4570 651 4632 mgrotorum
695 4577 908 4617 sensum
952 4562 1269 4632 deprimant.
1298 4560 1430 4615 Cum
1468 4561 1623 4632 enim
1666 4570 1894 4630 aegrotus

330 4631 594 4686 medicum
626 4632 766 4689 videt
785 4633 983 4686 vultum
1010 4630 1320 4691 mutantem,
1353 4631 1480 4699 quid
1505 4630 1631 4685 boui
1677 4646 1895 4701 sperare

333 4702 541 4769 potest?
586 4702 682 4758 llic
727 4712 901 4757 autem
948 4702 1082 4757 adeo
1133 4702 1405 4770 praevaluit
1432 4701 1667 4767 morbus,
1708 4713 1764 4755 ut
1784 4702 1897 4770 ipse

329 4771 570 4825 medicus
599 4774 809 4839 plorans
845 4773 1048 4828 diceret
1078 4789 1091 4823 :
1119 4771 1255 4838 Quid
1287 4770 1460 4827 facere
1482 4772 1729 4838 possum?
1754 4775 1898 4825 ulce-

333 4858 415 4905 ra,
462 4843 705 4913 putredo,
755 4859 981 4910 vermes,
1009 4842 1210 4896 infinita
1241 4843 1374 4895 mala
1408 4859 1421 4895 :
1465 4841 1551 4897 γω
1570 4843 1704 4913 genti
1724 4857 1899 4911 pecca-

333 4913 446 4966 trici
461 4912 484 4965 .'
505 4913 653 4967 Alius
676 4930 823 4978 vero,
853 4913 1109 4969 Jeretnias
1133 4913 1354 4977 scilicet,
1380 4912 1611 4982 integras
1639 4914 1898 4967 lamenta-

336 4983 510 5038 tiones
550 4985 822 5051 rescripsit
848 5002 865 5049 ;
895 4985 1028 5038 alius
1052 4984 1215 5052 luget,
1244 4985 1378 5036 alius
1406 4984 1742 5044 lamentatur,
1766 4985 1900 5039 alius

334 5062 512 5108 autem
528 5053 785 5124 hortatur;
823 5055 961 5111 Deus
978 5069 1209 5124 superne
1227 5094 1241 5119 ,
1268 5052 1485 5123 Reliqui,
1507 5053 1902 5122 inquit,domum

336 5139 501 5196 meam
525 5122 823 5196 (ΙετεΧιΙ,
878 5128 954 5196 7).
980 5122 1109 5190 Quae
1134 5122 1532 5196 deinceps'spes
1557 5133 1658 5187 est,
1690 5126 1902 5193 quando

339 5194 479 5263 Deus
508 5195 651 5261 dicit,
680 5195 883 5263 Reliqui
907 5194 1104 5258 Omnia,
1124 5194 1297 5249 dimisi
1320 5194 1681 5250 hrereditatem
1704 5210 1898 5258 meam,

333 5261 459 5318 dedi
477 5263 722 5321 dilectam
738 5261 966 5321 animum
985 5281 1154 5320 meam
1170 5267 1220 5319 in
1238 5280 1396 5319 manu
1415 5266 1744 5320 inimicorum
1761 5281 1906 5320 tneo-

333 5335 496 5407 rum?
522 5336 662 5390 Elias
684 5352 809 5392 vero
830 5338 1031 5392 inferne
1051 5337 1284 5407 (clamat)
1311 5354 1323 5391 :
1348 5334 1589 5399 Domine,
1614 5336 1799 5390 altaria
1820 5347 1908 5390 tua

337 5405 717 5473 destruxerunt,
736 5410 1001 5477 prapltetas
1018 5405 1127 5460 tuos
1143 5405 1449 5477 occiderunt.
1466 5417 1512 5460 et
1532 5421 1623 5477 ego
1643 5407 1908 5462 derelictus

335 5492 449 5548 sum
469 5478 624 5541 solus,
642 5486 690 5548 et
704 5475 928 5548 quarunt
947 5479 1169 5531 animam
1188 5493 1349 5548 meant
1364 5475 1454 5548 (Ill
1477 5475 1604 5547 Reg.
1620 5477 1763 5540 XIX,
1795 5478 1904 5548 ιθ).

337 5546 398 5617 Si
421 5561 547 5601 vero
564 5548 614 5600 in
629 5546 806 5603 Judtea
833 5550 945 5603 ha-c
971 5549 1103 5603 facta
1129 5558 1272 5609 sunt,
1291 5547 1378 5602 ubi
1397 5547 1503 5609 lex,
1524 5546 1612 5601 ubi
1634 5546 1907 5617 temp‘iuut,

336 5616 431 5671 ubi
458 5632 580 5671 arca
600 5659 615 5683 ,
644 5619 733 5672 ubi
758 5619 1071 5674 sacriﬁcium
1096 5617 1394 5687 judaicutn;
1433 5617 1558 5687 quid
1587 5616 1766 5673 videre
1798 5630 1912 5675 erat

336 5687 431 5758 ubi
457 5688 609 5743 nidor
628 5698 683 5745 et
703 5690 905 5751 fumus,
932 5690 1108 5758 iniqua
1132 5689 1442 5753 ministeria,
1472 5689 1798 5757 impietates;
1824 5691 1911 5743 ubi

338 5757 466 5812 vitia
494 5774 591 5827 pro
613 5761 716 5816 diis
760 5757 1111 5826 habebantur,
1157 5758 1247 5813 ubi
1290 5773 1478 5813 canum
1507 5774 1692 5816 vocem
1736 5761 1911 5815 imita-

336 5829 552 5896 bantur,
571 5833 660 5902 qui
690 5831 882 5887 Bacchi
936 5830 1068 5885 festa
1112 5828 1482 5902 celebrabant,
1516 5831 1705 5901 pellem
1732 5844 1908 5901 capra-

332 5916 456 5954 rum
486 5911 540 5955 et
561 5901 749 5959 canunt
782 5916 944 5959 voces
962 5941 979 5968 ,
1019 5911 1075 5954 ttt
1102 5901 1427 5970 nobilitatem
1456 5915 1675 5970 prorsus
1701 5904 1913 5955 amitte-

334 5972 484 6026 rent?
500 5972 687 6038 Canes,
716 5987 930 6043 porcos,
958 5971 1088 6027 deos
1118 5970 1240 6027 fecit
1265 5969 1542 6043 diabolus,
1562 5972 1769 6043 viperas
1793 5970 1916 6026 fecit

330 6052 390 6098 et
411 6056 685 6113 serpentes
703 6040 730 6117 ί
762 6043 978 6116 aspicies
1006 6043 1154 6099 albas
1189 6043 1481 6099 constituit.
1523 6040 1631 6097 Lex
1658 6042 1916 6099 imbecilla

1964 696 2044 740 est
2067 729 2084 753 ,
2114 685 2384 756 prOphetm
2413 687 2669 743 incusant.
2699 686 2832 758 Quid
2864 689 3037 753 itaque
3057 725 3071 743 .
3100 700 3132 758 o
3161 685 3355 758 miser?
3379 685 3537 742 (.‘hri.

1960 766 2072 811 stus
2101 754 2321 823 intrans,
2352 768 2406 813 et
2438 760 2574 813 hunc
2601 754 2853 814 mundum
2883 757 3212 824 comperiens
3238 754 3372 809 adeo
3397 761 3534 817 male,

1960 825 2195 897 habitum
2222 869 2236 891 ,
2281 838 2561 884 ornaturus
2603 839 2717 883 erat
2741 830 2969 891 omium,
3001 836 3053 882 et
3080 844 3276 897 :rgrnm
3316 828 3532 886 missum

1960 895 2232 951 facturus?
2256 901 2324 953 At
2350 900 2448 953 hoc
2487 915 2588 952 non
2623 901 2774 962 fecit;
2806 900 2898 955 sed
2939 898 3003 953 ad
3047 895 3242 968 trgi-um
3270 900 3531 968 accurrit,

1960 978 2174 1036 propter
2199 983 2354 1038 quem
2394 979 2447 1024 et
2491 971 2681 1026 caelum
2707 1012 2722 1035 ,
2770 980 2986 1038 promer
3009 984 3163 1038 quem
3211 979 3264 1023 et
3304 978 3442 1025 terra
3480 982 3538 1029 et

1961 1052 2108 1094 mare
2127 1079 2140 1097 .
2168 1037 2227 1093 et
2250 1056 2340 1094 aer
2374 1049 2428 1095 et
2456 1042 2654 1108 reliqua
2682 1037 2881 1094 omnia.
2908 1037 3108 1093 Idcirco
3139 1054 3311 1107 neque
3337 1037 3534 1100 calum

1962 1117 2241 1163 sanaturus
2264 1120 2395 1172 erat,
2422 1111 2514 1164 sed
2539 1112 2824 1165 hominem.
2854 1112 3132 1169 Pronterea
3162 1110 3209 1164 id
3230 1111 3370 1180 quod
3392 1126 3534 1182 :rgro

1963 1184 2739 1250 cognatumeratassumpsit,
2773 1183 2995 1237 etvenit
3040 1192 3289 1250 tanquam
3328 1184 3372 1235 si
3423 1182 3535 1249 ipso

1963 1263 2111 1322 aeger
2135 1251 2220 1322 ille
2247 1249 2448 1315 fuisset,
2482 1248 2728 1307 licet—non
2750 1268 2890 1322 :rger
2908 1261 3081 1306 esset:
3111 1266 3242 1322 nam
3266 1248 3533 1322 Reccatum

1965 1321 2339 1391 nonfecitmec
2367 1322 2593 1375 inventus
2618 1332 2690 1375 est
2715 1320 2860 1377 dolus
2879 1323 2931 1375 in
2958 1338 3044 1376 ore
3069 1338 3177 1390 ejus
3204 1320 3243 1391 (I
3280 1321 3419 1375 Pelr.
3454 1324 3491 1377 ll
3515 1362 3531 1385 .

1963 1390 2030 1456 2;
2060 1390 2186 1444 lsat’.
2219 1389 2343 1454 LIII,
2373 1390 2428 1461 9)
2456 1409 2469 1446 :
2496 1391 2590 1445 sed
2633 1392 2775 1445 venit
2824 1408 2915 1447 vas
2945 1389 3141 1446 habens
3172 1389 3371 1446 natum:
3401 1393 3535 1446 illius

1965 1462 2091 1532 aegri
2117 1472 2416 1528 cognatum.
2442 1462 2553 1517 Non
2582 1464 2723 1517 venit
2751 1477 2868 1517 cum
2900 1463 3036 1516 nuda
3064 1462 3356 1527 divinitate,
3379 1479 3444 1519 ne
3459 1462 3538 1519 fu—

1963 1540 2112 1602 geret
2134 1542 2383 1600 aegrotus,
2417 1548 2483 1587 ne
2506 1534 2740 1603 abigeret
2764 1533 2993 1602 prtedam
3019 1548 3034 1586 :
3058 1549 3239 1587 vermn
3268 1535 3404 1588 sicut
3427 1550 3536 1587 me-

1965 1603 2118 1657 dii-us
2140 1618 2282 1670 saepe
2306 1617 2502 1672 genere
2544 1605 2734 1658 nobilis
2761 1613 2812 1656 et
2840 1604 3154 1672 conspicuus
3174 1644 3187 1667 ,
3236 1604 3391 1659 claris
3418 1620 3539 1674 pro-

1963 1675 2291 1744 genitoribus
2315 1683 2461 1744 ortus
2482 1715 2496 1733 ,
2541 1684 2595 1727 et
2639 1674 2824 1729 sericis
2864 1675 3086 1728 amictus
3115 1675 3348 1727 vestibus
3368 1715 3383 1735 ,
3413 1690 3533 1729 cuiu

1966 1743 2251 1815 pauperem
2289 1743 2399 1798 adit
2433 1754 2774 1814 aegrotantem
2795 1784 2809 1806 ,
2850 1745 2937 1812 qui
2967 1745 3046 1798 vel
3090 1745 3422 1812 operatione,
3452 1745 3535 1801 vel

1965 1815 2071 1870 alio
2096 1815 2333 1869 remedio
2369 1829 2500 1883 opus
2531 1815 2685 1869 habet
2712 1855 2727 1878 ,
2763 1826 2937 1870 vestes
2965 1815 3116 1869 exuit
3152 1824 3204 1869 et
3243 1815 3535 1871 claritatem

1965 1885 2181 1952 deponit
2205 1927 2218 1946 ,
2251 1895 2303 1938 et
2335 1884 2495 1938 linteo
2535 1899 2754 1955 accep:o
2783 1902 2843 1939 se
2884 1885 3283 1951 circumcingit,
3332 1888 3540 1943 ustione

1966 1956 2047 2028 vel
2078 1956 2311 2028 sectione
2337 1970 2545 2028 usurus,
2575 1972 2672 2011 nec
2698 1956 2935 2028 dignitati
2964 1970 3094 2020 suae,
3123 1956 3429 2028 sedmprbo
3453 1957 3533 2010 la-

1968 2026 2204 2081 borantis
2231 2026 2487 2080 curationi
2516 2025 2779 2081 consulit:
2805 2028 2874 2080 ita
2900 2041 3109 2094 quoque
3141 2026 3259 2081 fecit
3288 2025 3541 2081 Dominus

1967 2099 2312 2167 angelorum,
2362 2100 2512 2163 cujus
2554 2098 2718 2165 gloria
2774 2095 3051 2151 ineffabilis
3100 2115 3113 2150 :
3167 2096 3439 2151 descendit
3484 2105 3541 2151 ut

1969 2171 2157 2239 homo;
2189 2167 2370 2231 linteo,
2398 2176 2581 2239 natura
2607 2183 2798 2239 nempe
2824 2176 3023 2233 nostra,
3047 2181 3107 2223 se
3131 2168 3496 2239 circumcingit
3524 2185 3537 2220 :

1968 2238 2055 2308 qui
2085 2237 2232 2309 dives
2257 2246 2390 2300 erat,
2422 2237 2587 2309 factus
2607 2249 2689 2294 est
2716 2237 2932 2309 pauper,
2966 2253 3065 2289 non
3088 2237 3539 2309 amissisdivitiis,

1969 2306 2060 2361 sed
2088 2308 2363 2362 occultatis
2392 2328 2405 2361 :
2438 2307 2591 2362 Scitis
2615 2306 2768 2373 enim,
2798 2311 2890 2372 ait,
2920 2308 3136 2378 gratiam
3160 2306 3381 2363 Domini.
3411 2324 3541 2378 quo-

1970 2379 2108 2432 niam
2137 2389 2341 2447 propter
2369 2394 2458 2432 nos
2486 2394 2669 2447 egenus
2696 2380 2859 2447 factus
2882 2388 2974 2435 est.
3002 2395 3115 2430 cum
3139 2388 3262 2430 esset
3288 2378 3424 2433 dives
3445 2418 3459 2441 ,
3484 2387 3544 2447 stt

1970 2450 2107 2504 illius
2136 2446 2308 2517 inopia
2347 2466 2439 2502 nos
2468 2446 2645 2521 divites
2680 2446 2895 2505 essemus
2930 2448 2997 2521 (II
3020 2447 3137 2504 Cor.
3163 2447 3277 2521 VIII
3298 2490 3313 2512 ,
3344 2448 3419 2521 9)Ϊ
3449 2446 3541 2502 Vi-

1972 2520 2092 2574 disti
2121 2530 2476 2589 paupertatem
2501 2520 2796 2575 divitiarum
2825 2518 3042 2574 matrem
3067 2530 3083 2553 "
3112 2518 3283 2573 vidisﬁ
3312 2518 3548 2588 indigen-

1975 2591 2096 2644 tiam
2134 2590 2466 2645 ahundantiae
2503 2591 2873 2645 occasionem?
2901 2591 3050 2644 dives
3098 2592 3266 2644 factus
3306 2599 3389 2644 est
3420 2606 3548 2657 pau-

1975 2678 2088 2730 per,
2117 2672 2168 2716 ut
2197 2676 2293 2727 ego
2321 2676 2519 2730 pauper
2541 2661 2688 2717 dives
2729 2665 2866 2715 liam.
2911 2661 2979 2715 Ut
3009 2661 3243 2715 medicus
3285 2662 3447 2715 linteo
3485 2675 3547 2712 sn

1974 2733 2355 2787 circumcinxit.
2385 2733 2669 2798 Quousque
2692 2730 3009 2788 descendit?
3046 2730 3159 2786 Non
3200 2732 3327 2787 satis
3351 2730 3447 2786 fuit
3471 2731 3541 2784 illi

1976 2816 2216 2857 naturam
2249 2813 2479 2856 nostram
2518 2802 2769 2866 induere,
2800 2804 2893 2858 sed
2940 2813 2996 2858 et
3036 2802 3175 2857 servi
3207 2802 3432 2857 fortnam
3455 2815 3541 2855 as-

1975 2875 2216 2941 sumpsit,
2241 2888 2338 2927 nec
2357 2876 2493 2927 servi
2516 2883 2752 2927 naturam
2775 2883 2995 2928 tantum.
3022 2872 3175 2927 Venit
3196 2874 3541 2944 igitur,,repc-

1976 2946 2045 2999 rit
2068 2954 2306 2997 naturam
2346 2952 2577 2998 nostram
2604 2954 2948 3014 azgrotantetn
2969 2985 2985 3010 ,
3018 2944 3185 2999 laetus
3211 2943 3294 2999 ea
3318 2943 3544 3012 idipsum

1977 3015 2115 3084 quod
2142 3029 2241 3084 ego
2266 3030 2381 3068 sum
2406 3056 2420 3076 ,
2462 3026 2674 3082 peccato
2714 3024 2966 3082 excepto;
2997 3017 3141 3084 venit
3165 3015 3215 3067 in
3244 3014 3505 3084 tugurium
3529 3054 3543 3076 ,

1980 3083 2065 3139 ubi
2093 3083 2192 3153 ego
2216 3085 2590 3139 decumhebam
2621 3086 2790 3140 :vidit
2816 3098 3041 3148 vermes,
3065 3083 3190 3138 vidit
3218 3083 3542 3152 putredines.

1979 3156 2110 3209 vidit
2138 3155 2377 3210 faetorem
2402 3155 2622 3209 multum
2643 3197 2657 3218 ,
2687 3157 2854 3225 legem
2887 3170 2989 3209 non
3015 3155 3360 3223 0pitulamem
3378 3194 3391 3214 .
3425 3169 3548 3223 pro-

1982 3228 2166 3294 phetas
2195 3235 2501 3279 accusantes
2523 3266 2538 3289 ,
2572 3237 2842 3293 peccatum
2869 3225 3178 3280 incumbens
3196 3265 3210 3288 ,
3244 3225 3424 3295 a-groti
3452 3240 3545 3295 cu-

1983 3297 2210 3365 pidinent
2238 3296 2610 3358 inordinattnn,
2639 3299 2894 3351 contineri
2924 3296 3188 3349 nolentem
3209 3338 3222 3356 ,
3256 3294 3351 3348 nec
3376 3294 3547 3365 medi-

1982 3362 2074 3422 cos
2113 3368 2519 3421 admittentem:
2567 3366 2685 3420 Non
2728 3367 2958 3426 occides,
3009 3367 3098 3420 ille
3139 3364 3331 3420 occidit
3366 3384 3376 3418 :
3428 3362 3550 3418 Non

1982 3438 2340 3493 masc/tuberis:
2371 3435 2720 3506 Unusquisque
2757 3437 2826 3491 ad
2851 3453 3055 3491 uxorem
3079 3437 3299 3506 prextmi
3330 3438 3412 3506 sui
3438 3434 3551 3488 Itin-

1984 3509 2146 3562 m'elmt
2188 3506 2331 3579 (Jer.
2362 3507 2424 3571 V,
2455 3504 2562 3577 8):
2602 3507 2722 3561 Non
2762 3511 2967 3579 furtum,
2996 3504 3552 3579 {acies;_Maledictunt

1984 3591 2029 3633 et
2076 3576 2407 3641 mendacium,
2434 3588 2480 3631 et
2502 3576 2833 3642 adulterium,
2861 3588 2906 3633 et
2943 3576 3149 3646 furtum,
3191 3576 3553 3646 inuttdnuerunt

1986 3649 2129 3719 (Ose.
2162 3649 2309 3719 IV,2)
2327 3650 2375 3703 iu
2393 3659 2605 3704 terram.
2631 3651 2742 3707 Alia
2770 3645 3248 3709 dicehattnedicus,
3271 3647 3369 3719 alia
3397 3645 3556 3700 facie-

1986 3716 2077 3775 bat
2094 3716 2340 3789 wgrotus.
2363 3721 2498 3785 Quid
2521 3720 3106 3789 faciendumimedicus
3127 3716 3392 3784 praecepit,
3416 3732 3556 3789 aeger

1988 3806 2090 3846 non
2118 3787 2549 3858 obtemperavit:
2596 3792 2812 3846 morbus
2852 3787 3036 3845 auctus
3076 3795 3193 3850 est,
3237 3802 3426 3858 mango
3468 3787 3557 3858 ille

1986 3861 2228 3916 diabolus
2257 3856 2544 3930 permansit
2587 3864 2721 3914 sicut
2761 3875 2946 3915 servus
2988 3859 3254 3930 fugitivus.
3281 3856 3416 3923 Quid
3443 3856 3556 3930 vis?

1989 3943 2169 4003 potum
2214 3926 2458 3999 frigidum
2498 3931 2864 3991 administro:
2907 3926 3187 4003 quidvis?
3230 3941 3418 3981 carnes
3446 3927 3584 4003 do_:.

1989 3997 2106 4072 qua:
2133 3997 2474 4072 corrumpant
2508 4004 2837 4072 stomachum
2878 3997 3024 4053 tuum
3070 3998 3253 4063 trado,
3293 3997 3558 4072 contraria

1992 4066 2058 4126 iis
2084 4085 2203 4140 qua:
2234 4066 2467 4126 medicus
2504 4068 2676 4126 oﬂ’ert.
2716 4070 2946 4127 Medicus
2989 4079 3248 4139 pra-cepta
3295 4066 3442 4140 dedit
3460 4107 3488 4140 ,_
3502 4074 3563 4140 et

1991 4137 2151 4205 abiii;
2182 4139 2428 4209 fugitivus
2454 4140 2588 4195 clam
2620 4142 2888 4209 ingressus
2928 4137 3040 4199 est.
3090 4150 3144 4194 et
3169 4137 3360 4193 omnia
3392 4137 3556 4191 dedit.

1995 4212 2085 4266 Vis
2116 4208 2556 4266 fornicationem?
2579 4211 2657 4266 vis
2690 4208 3063 4266 mendacium?
3090 4208 3388 4280 Respondit
3431 4209 3515 4263 ille
3550 4226 3565 4262 :

1993 4283 2118 4338 Ha'c
2145 4281 2285 4346 Volo,
2314 4297 2418 4337 non
2446 4296 2508 4337 ea
2534 4298 2653 4351 quae
2676 4280 2804 4337 dicit
2828 4284 3061 4337 medicus
3085 4300 3098 4335 :
3133 4281 3246 4335 hmo
3272 4280 3413 4343 volo,
3445 4296 3566 4348 quae

1995 4364 2049 4410 ttt
2092 4367 2295 4408 narras.
2327 4352 2515 4409 Misera
2550 4367 2774 4422 corpora
2814 4354 3106 4422 perierunt.
3151 4352 3286 4405 Deus
3316 4363 3522 4422 accusat
3546 4390 3560 4411 ,

1996 4424 2268 4495 prophetae
2298 4424 2591 4495 increpant,
2621 4420 2707 4477 ille
2734 4420 2969 4495 carnifex
2987 4422 3211 4495 mansit,
3237 4428 3293 4476 ct
3310 4420 3452 4495 agri
3469 4420 3565 4472 de-

1996 4488 2247 4551 siderium
2275 4494 2340 4549 ad
2367 4488 2665 4557 nocentem,
2695 4509 2798 4547 non
2821 4493 2887 4548 ad
2913 4493 3255 4561 opitulantem
3270 4488 3563 4561 LVet'llltll‘.

1999 4566 2164 4621 Periit
2197 4573 2361 4635 totum
2391 4580 2576 4635 genus,
2602 4566 2778 4618 omnia
2806 4559 3055 4635 corrupta
3081 4570 3250 4635 erant.
3272 4559 3432 4635 Yenit
3457 4575 3568 4635 tne—

1998 4635 2148 4690 dicns
2177 4636 2228 4689 in
2259 4629 2419 4691 rebus
2443 4635 2746 4691 difﬁcilibus
2785 4629 3063 4705 expeditus
3082 4674 3098 4698 ,
3131 4633 3266 4705 viam
3296 4629 3569 4705 inveniens

2000 4706 2225 4768 facilem,
2256 4715 2489 4774 apertam
2517 4715 2572 4761 et
2594 4699 2898 4761 salutarem.
2926 4704 2980 4760 Si
3010 4703 3181 4759 dicam
3199 4743 3212 4766 ,
3241 4701 3429 4774 inquit,
3457 4699 3570 4774 Hoc

2000 4777 2083 4831 vel
2113 4776 2212 4830 hoc
2234 4771 2387 4831 facile
2405 4817 2421 4843 ,
2447 4791 2554 4830 non
2580 4776 2793 4832 faciunt.
2826 4776 2938 4844 Qua
2964 4775 3031 4829 de
3058 4771 3256 4829 causa?
3283 4771 3573 4844 Qumlegis

2001 4856 2126 4901 sunt
2151 4860 2256 4917 non
2285 4856 2637 4914 acceperunt,
2682 4856 2738 4902 et
2778 4842 2895 4916 qua:
2937 4846 3121 4917 gratiae
3164 4856 3289 4899 sunt
3327 4842 3574 4917 accipere

2003 4916 2259 4987 possunt?
2287 4913 2531 4971 inferiora
2559 4933 2663 4973 non
2692 4913 3011 4986 acceperunt
3033 4958 3048 4978 .
3089 4926 3144 4971 et
3172 4930 3399 4987 superna
3428 4913 3572 4965 acci—

2006 4984 2132 5057 pere
2157 4987 2413 5069 possunt?
2438 4986 2493 5043 Si
2525 4984 2831 5069 praecipiam
2848 4988 3136 5069 jejunium,
3164 4986 3209 5068 si
3233 4984 3371 5067 sacci
3397 4990 3575 5069 gesta.-

2006 5050 2222 5119 inenfsi
2250 5050 2640 5127 paupertatem;
2671 5050 2713 5113 si
2744 5050 3044 5128 praecipiam
3075 5050 3448 5128 virginitatem,
3480 5050 3581 5128 ho:
3647 5106 3659 5118 _

2007 5119 2593 5183 norabile'connubium
2619 5119 2878 5194 nesciunt,
2907 5119 2965 5184 et
3006 5130 3074 5183 de
3107 5119 3404 5194 viiginitate
3432 5119 3585 5194 loqu;

2008 5200 2262 5270 possunt?
2292 5199 2462 5255 aliena
2494 5201 2723 5268 rapiunt,
2741 5210 2796 5255 et
2813 5189 2880 5255 de
2902 5189 3212 5270 paupertate
3228 5195 3417 5270 loquar
3439 5189 3579 5270 illis?

2011 5260 2357 5330 fornicamur,
2388 5260 2739 5333 tntechautur,
2782 5282 2838 5324 et.
2877 5260 3022 5323 sacci
3053 5260 3325 5335 gestamen
3369 5260 3583 5316 dicam!

2010 5341 2144 5408 Quid
2177 5341 2364 5410 igitur?
2391 5341 2549 5395 homo
2574 5343 2693 5395 fiam
2712 5382 2725 5401 ,
2757 5350 3005 5410 quantum
3035 5338 3100 5388 ad
3128 5346 3579 5410 caruemuneam,

2009 5404 2066 5469 ut
2087 5404 2349 5480 abiectum
2376 5414 2532 5467 istum
2558 5404 2796 5480 alloquar
2825 5427 2837 5463 :
2881 5412 3151 5480 peccatum
3179 5404 3438 5480 putgabo,
3469 5411 3524 5480 et
3551 5420 3584 5458 tt

2013 5472 2208 5550 genere
2227 5482 2494 5551 hpminem
2522 5472 2711 5536 sanum
2732 5494 2850 5535 esse
2870 5472 3244 5551 demonstrabo
3264 5472 3582 5551 {ostendam

2014 5543 2520 5608 naturar."eamdem
2547 5562 2602 5607 et
2629 5567 2733 5605 non
2763 5549 3007 5602 eumdem
3041 5547 3243 5615 lapsum
3266 5561 3292 5608 ι
3314 5543 3583 5598 hominem

2020 5623 2120 5688 Qui
2145 5635 2404 5685 recentum
2442 5639 2543 5677 non
2568 5624 2681 5691 fecit
2703 5660 2720 5685 ,
2770 5635 2858 5672 nec
2896 5628 2967 5671 est
2996 5615 3142 5691 dolus
3166 5617 3217 5669 in
3242 5632 3332 5691 ore
3351 5616 3499 5687 ejus;
3530 5622 3585 5691 ut

2019 5684 2093 5746 illi
2124 5693 2213 5762 qui
2239 5684 2579 5762 spectatores
2595 5699 2722 5746 sunt
2749 5704 2907 5762 spent
2928 5689 3154 5762 habeant
3178 5684 3384 5744 salutis.
3414 5695 3469 5738 et
3494 5684 3585 5754 qui

2020 5708 2093 5746 tllt
2161 5709 2213 5747 ut
2239 5708 2567 5762 spectatores
2595 5708 2722 5746 sunt
2749 5708 2899 5754 spent
2928 5708 3154 5741 nauem".
3178 5708 3384 5744 saluus.
3414 5708 3469 5738 et.
3494 5708 3585 5754 qui

2020 5708 2334 5818 insidiantur
2358 5763 2627 5827 aufugiam
2648 5801 2662 5824 ,
2694 5769 2748 5814 et
2770 5760 3036 5813 hominem
3070 5759 3285 5813 videant
3311 5764 3587 5827 peccatum

2021 5778 2334 5818 tnsmtautur
2358 5778 2477 5816 alllll
2518 5778 2627 5816 tant
2648 5801 2662 5824 ο
2694 5778 2748 5814 ει
2770 5778 3036 5813 ιιοιιιιηειῐι
3070 5778 3285 5813 νιωεειιιι
3312 5778 3587 5827 Ρευωιιειιι

2021 5848 2126 5887 non
2152 5833 2454 5888 habentem.
2481 5778 2780 5898 Erubesce,
2807 5829 3014 5897 diabole
3042 5848 3059 5885 :
3087 5834 3188 5885 hoc
3212 5835 3464 5898 carorest,
3491 5825 3590 5898 hoc

2021 5917 2213 5971 corpus
2241 5912 2357 5968 est,
2400 5902 2539 5971 quod
2586 5894 2839 5956 Dominus
2878 5894 3028 5963 meus
3067 5901 3245 5956 habet.
3290 5896 3429 5971 Ideo
3482 5894 3588 5946 cir-

2023 5965 2257 6028 cumibat
2297 5965 2508 6040 semper
2530 5972 2713 6028 dicens
2746 5990 2760 6027 :
2801 5972 2857 6030 Si
2877 5971 3044 6030 Filius
3070 5972 3161 6031 Det
3185 5979 3267 6025 est
3289 5969 3375 6020 hic
3396 5965 3588 6040 homo.

2025 6045 2291 6115 quomodo
2320 6039 2423 6097 non
2466 6043 2686 6114 peccat?
2709 6059 2894 6102 omnes
2939 6044 3028 6100 alii
3070 6043 3169 6098 sub
3196 6044 3413 6109 peccato
3448 6039 3592 6087 sunt.

3972 1922 3983 1995 i

4504 2364 4598 2690 Ξ

4510 2688 4597 2752 ;-Ι

4508 2809 4599 3025 Ξ

4503 3030 4594 3237 Ξ

4502 3244 4586 3333 ξ

4500 3386 4585 3519 8

4474 3696 4580 3790 ira

4496 3792 4578 3927 ΒΞ

4494 3932 4579 4023 Ξ

4493 4032 4577 4178 Ξ

4494 4225 4581 4367 "z‘

4496 4371 4582 4430 μ.-
