4748 6520
817 246 889 303 55
1366 240 1375 249 ’
2110 259 2355 327 seum
2391 260 2720 332 QUEDAM.

816 383 1000 450 Neque
1028 379 1169 437 enim
1197 387 1469 449 peccatum
1493 386 1574 434 est
1598 386 1797 432 naturae
1819 416 1835 441 ,
1867 374 1958 431 sed
1984 375 2279 430 electionis.
2297 376 2389 450 _En

819 444 1087 506 [mininem
1111 444 1334 506 exhibeo
1363 465 1567 512 sanum,
1596 462 1688 501 vas
1712 456 2007 517 purgatura,
2034 454 2089 500 et
2109 450 2224 501 sine
2245 444 2384 500 labe.

819 516 889 577 Et
913 526 1059 578 stans
1085 522 1135 575 in
1181 519 1351 575 medio
1375 518 1548 588 populi
1588 516 1834 572 dicebat;
1870 516 1994 583 Quia
2037 528 2102 571 ex
2137 520 2273 588 vobis
2299 533 2386 569 ar-

817 602 935 664 guet
976 610 1054 646 me
1080 594 1142 646 de
1166 587 1411 664 peccato?
1430 587 1484 644 et
1509 604 1666 643 nemo
1691 588 1977 664 quidquam
2027 588 2166 664 quod
2208 587 2388 643 dicere

819 656 1002 734 possiet
1036 656 1250 734 invenit.
1283 659 1415 734 Quid
1453 675 1579 727 ergo
1622 656 1797 734 nunc?
1828 660 1988 734 intrat
2023 656 2088 710 ad
2108 666 2382 734 _:.egro_t_o_s_2

819 727 1036 788 librtans
1065 732 1183 787 illos
1224 732 1436 795 verbis,
1472 740 1526 784 ut
1575 729 1810 784 medicus
1853 729 2197 798 pharmacis:
2247 727 2384 782 Nihil

820 797 983 859 babes
1012 803 1153 866 mali,
1180 803 1223 855 si
1254 802 1426 870 sapias
1455 818 1468 853 :
1497 803 1673 869 gravis
1698 807 1781 854 est
1808 797 2025 852 morbus
2044 840 2060 861 ,
2091 797 2180 852 sed
2208 800 2384 870 sanari

820 884 1013 944 potest.
1038 868 1285 926 Hortatur
1311 868 1432 944 illos
1466 887 1480 924 :
1506 868 1696 923 Venite
1724 871 1795 944 ad
1818 886 1896 922 me
1923 884 2114 944 comes,
2138 869 2224 944 qui
2247 868 2384 944 ιιιρρ-

817 937 943 999 ratis
967 953 1010 998 et
1039 945 1231 997 onerati
1259 943 1380 996 estis
1404 981 1421 1006 ,
1467 950 1513 993 et
1543 956 1630 1011 ego
1656 940 1898 1011 reﬁciant
1917 954 2002 993 vos
2039 937 2258 1011 (Matth.
2278 938 2347 993 XI
2366 981 2382 1005 ,

817 1015 928 1084 28).
958 1013 1173 1068 Onerati
1202 1022 1357 1067 erant
1381 1009 1603 1084 aegroti:
1632 1025 1792 1084 onera
1819 1010 1958 1062 enim
1986 1009 2109 1084 sunt
2129 1009 2381 1084 morbus,

817 1077 1097 1139 inordinati
1128 1097 1326 1146 mores,
1359 1077 1627 1147 scortatio,
1658 1079 1875 1145 furtum,
1904 1078 2255 1144 mendacium,
2288 1077 2384 1132 fal-

813 1171 931 1210 sum
962 1155 1370 1208 testimonium:
1413 1151 1616 1205 nullum
1655 1153 1847 1221 quippe
1894 1164 2028 1203 unus
2075 1160 2179 1203 tam
2224 1164 2382 1219 grave

815 1237 912 1289 est,
942 1240 1098 1294 quam
1127 1225 1262 1277 mala
1289 1223 1632 1294 conscientia.
1666 1223 1773 1276 Sed
1803 1221 1921 1290 quia
1953 1235 2093 1294 inger
2121 1222 2381 1294 medicum

817 1289 1004 1360 timet,
1048 1295 1277 1348 maxime
1301 1302 1419 1346 com
1466 1292 1682 1346 morbus
1725 1289 2046 1359 est’gravis',
2094 1306 2159 1344 ne
2186 1289 2383 1346 ferrum

815 1374 1010 1432 acuat,
1057 1380 1126 1418 ne
1169 1366 1339 1432 ignem
1368 1364 1654 1426 accendat;
1682 1371 1734 1416 et
1772 1361 1899 1430 aegri
1930 1360 2079 1414 multi
2107 1361 2157 1413 in
2186 1361 2383 1415 morbis

815 1438 952 1492 mori
982 1431 1316 1498 maluerunt,
1366 1448 1521 1502 quam
1569 1434 2075 1487 medicamentorum
2116 1431 2221 1502 vim
2262 1445 2385 1499 pcr-

820 1507 958 1575 peti,
985 1516 1039 1559 et
1067 1504 1343 1575 sanitatem
1371 1501 1398 1555 ει
1427 1503 1609 1558 dolore
1636 1504 1911 1575 percipere
1940 1517 2055 1575 :_ne
2080 1501 2217 1568 quis,
2246 1517 2382 1575 quo-

818 1568 959 1631 niam
990 1577 1077 1630 ille
1107 1577 1285 1638 venit,
1318 1570 1418 1627 hoc
1446 1568 1723 1628 metuat—et
1750 1568 1892 1627 dicat
1920 1590 1933 1626 :
1967 1568 2142 1625 Poscit
2169 1587 2199 1624 a
2229 1568 2383 1626 nobis

819 1655 1154 1716 peccatorum
1186 1647 1470 1708 rationem,
1499 1645 1661 1713 exigit
1683 1660 1713 1698 a
1746 1643 1898 1696 nobis
1926 1643 2238 1716 delictorum
2266 1654 2381 1716 pte-

818 1712 939 1771 inam
959 1759 974 1782 ,
1003 1717 1187 1786 punire
1215 1731 1310 1769 nos
1334 1716 1476 1779 vult,
1504 1725 1556 1786 et
1591 1712 1713 1768 tunc
1729 1712 2102 1786 nos‘emendat
2128 1730 2139 1763 :
2171 1726 2246 1786 ne
2265 1713 2381 1780 quis

819 1790 918 1854 hoc
946 1781 1125 1842 Secum
1154 1783 1401 1854 reputans
1427 1784 1692 1851 aufugiat,
1729 1781 1917 1843 Venite,
1949 1782 2145 1849 inquit,
2178 1783 2247 1835 ad
2282 1799 2378 1835 me.

819 1848 940 1912 Non
968 1857 1077 1911 veni
1107 1868 1160 1909 ut
1174 1848 1401 1925 judicent
1427 1848 1701 1925 mundum,
1733 1855 1818 1907 sed
1844 1864 1899 1925 ut
1925 1848 2197 1925 salui/ieeur
2232 1869 2378 1906 mun-

819 1875 940 1912 λνοιι
968 1875 1076 1911 vent
1107 1875 1160 1909 ut
1208 1875 1401 1908 uatcem
1427 1875 1668 1906 munaum
1688 1895 1701 1916 ,
1733 1875 1817 1907 sca
1844 1875 1899 1925 υς
1925 1875 2197 1922 διιιωμεειη
2232 1875 2378 1906 mun—

817 1929 935 1982 dum
961 1927 1136 1996 (Joan.
1163 1875 1275 1990 έιι,
1308 1926 1419 1991 47).
1449 1922 1588 1978 Nihil
1614 1938 1772 1996 grave
1799 1933 1880 1977 est
1906 1941 1918 1978 :
1950 1938 2052 1976 noo
2085 1924 2252 1978 habeo
2278 1925 2382 1978 fer-

815 1998 956 2063 rum,
988 2014 1093 2051 non
1124 1997 1292 2051 habeo
1320 1999 1491 2066 ignem
1520 1995 1960 2066 comburentem,
1994 2008 2096 2066 non
2124 2010 2241 2057 ιιι-ο,
2274 2008 2378 2047 ιιοιι

814 2083 937 2123 seco
969 2087 981 2121 :
1013 2069 1127 2121 sine
1158 2064 1441 2121 dolore'est
1467 2065 1724 2119 medicina
1746 2106 1760 2129 ,
1794 2066 1907 2119 sine
1935 2064 2115 2119 labore
2158 2067 2376 2119 curatio.

813 2140 871 2193 Si
901 2154 1007 2193 non
1034 2138 1267 2203 creditis,
1302 2136 1479 2191 videte
1508 2137 1861 2197 meretricem,
1895 2134 2068 2188 videte
2098 2137 2376 2200 latronem,

815 2210 990 2265 videte
1011 2225 1194 2278 tuagm
1218 2250 1232 2270 ,
1289 2207 1623 2278 publicanum
1649 2246 1664 2271 ,
1708 2203 2056 2278 Chananazam
2088 2206 2379 2278 :iudicium

814 2280 965 2334 vobis
991 2273 1203 2333 dedi'ab
1231 2278 1483 2332 exordiis.
1507 2277 1638 2331 Num
1669 2273 1815 2328 ussi?
1841 2290 1965 2327 num
1995 2274 2177 2328 secui?
2205 2288 2381 2329 nmine

816 2350 1066 2405 meretrix
1095 2350 1240 2404 flevit
1281 2348 1452 2402 selum
1472 2390 1486 2411 ,
1528 2359 1581 2401 et
1609 2344 1743 2399 facta
1772 2355 1855 2400 est
1884 2344 2166 2412 virginibus
2208 2347 2380 2397 conti-

817 2420 1062 2474 nentior?
1088 2433 1264 2473 nonne
1288 2419 1425 2489 magi
1451 2418 1757 2489 adOrarunt,
1791 2416 1985 2489 etlacti
2011 2424 2133 2489 sunt
2157 2429 2383 2484 evange-

816 2490 988 2544 listze?
1019 2504 1195 2542 nonne
1222 2487 1515 2543 Chananma
1548 2488 1725 2550 venit,
1755 2497 1808 2541 et
1833 2487 1954 2539 lilia:
1980 2487 2258 2537 sanitatem
2287 2501 2380 2537 ac-

817 2561 996 2630 cepit?
1024 2554 1075 2613 Ν
1080 2576 1154 2630 an
1169 2561 1278 2613 veni
1307 2569 1359 2612 ut
1390 2559 1608 2625 iudicem
1635 2555 1896 2630 mundum,
1927 2557 2014 2609 sed
2035 2566 2087 2630 ut
2112 2555 2383 2630 salviﬁcent

817 2626 1081 2697 utendum.
1113 2628 1283 2684 Venite
1318 2631 1386 2683 ad
1414 2645 1492 2682 me
1515 2640 1683 2697 omnes
1716 2629 1802 2696 qui
1842 2627 2080 2680 laboratis
2121 2634 2166 2679 et
2190 2626 2383 2697 onerati

820 2703 957 2755 estis.
988 2695 1112 2754 llam
1140 2702 1295 2754 verba
1323 2699 1486 2755 ell'ero
1510 2718 1523 2752 :
1556 2696 1807 2753 Dominus
1830 2710 1946 2750 sum
1967 2737 1980 2759 ,
2015 2712 2116 2749 non
2146 2695 2377 2765 indigeo,

818 2784 925 2825 non
951 2786 1068 2824 sum
1096 2785 1277 2825 servus
1316 2772 1415 2840 legi
1454 2771 1737 2840 subditus:
1770 2777 1984 2821 accusat
2022 2778 2074 2821 te
2123 2767 2204 2820 lex
2228 2806 2243 2831 ,
2288 2765 2382 2819 sed

818 2842 1207 2897 accusationem
1248 2839 1423 2906 solvo,
1457 2839 1624 2909 ipsum
1668 2849 2028 2893 accusntorem
2077 2850 2379 2909 compesco.

818 2911 1131 2979 Quoinodo?
1159 2912 1330 2981 [psum
1359 2908 1496 2963 enini
1522 2908 1691 2979 gratia
1716 2910 2038 2981 courtpescnit
2069 2926 2082 2963 :
2111 2908 2383 2981 propheta:

818 2978 1097 3049 accusant,
1142 2978 1232 3037 sed
1280 2978 1541 3051 majorem
1574 2981 1784 3049 prwbeo
1812 2980 2127 3051 libertatem.
2157 2978 2384 3051 Veniens

819 3054 976 3122 igitur
1003 3062 1057 3107 et
1086 3054 1354 3123 reperiens
1378 3061 1616 3123 naturam
1645 3052 1781 3123 male
1804 3066 1870 3123 εεΔ
1883 3050 2186 3123 habentem,
2207 3059 2261 3102 et
2288 3050 2383 3102 hos

817 3120 1028 3192 quidem
1055 3123 1108 3176 in
1137 3120 1484 3187 scortatione,
1512 3121 1644 3174 alios
1673 3122 1723 3174 in
1752 3120 2035 3183 adulterio,
2069 3120 2384 3192 nidoremet

816 3189 1014 3262 furnum
1033 3209 1152 3247 aera
1172 3194 1831 3262 pollueutem,czeteraque
1852 3191 2056 3262 omnia;
2081 3189 2205 3262 quid
2226 3189 2383 3243 facit?

822 3256 1015 3319 Videns
1043 3256 1210 3331 genus
1237 3274 1475 3317 nostrum
1503 3261 1648 3316 febre
1675 3256 1941 3331 laborans,
1965 3256 2114 3313 lavat
2131 3261 2380 3328 primum,

814 3334 1016 3398 dicens,
1049 3330 1210 3397 Lava,
1242 3342 1295 3387 et
1323 3334 1456 3387 liber
1474 3344 1589 3386 esto
1614 3350 1643 3384 a
1669 3331 1856 3385 morbo
1885 3349 1898 3384 :
1932 3330 2073 3383 lavat
2101 3345 2381 3399 regenera-

817 3405 974 3459 tionis
1002 3407 1231 3464 lavacro.
1263 3416 1316 3458 et
1344 3404 1487 3471 ungit
1515 3419 1529 3455 :
1561 3402 1628 3455 Et
1656 3400 1906 3470 unguenti
1935 3400 2220 3471 chrismate
2245 3416 2385 3471 ungo

817 3484 869 3528 te
894 3485 946 3529 et
975 3476 1113 3536 lavo,
1146 3485 1200 3531 et
1231 3470 1523 3527 transmuto
1552 3483 1619 3526 te.
1650 3471 1885 3526 Tantane
1923 3481 2007 3525 est
2046 3470 2238 3524 lavacri
2271 3470 2386 3523 vis?

815 3544 1003 3600 Tanta.
1048 3547 1320 3600 Descende
1362 3545 1632 3597 deorsum.
1685 3542 1963 3596 Descendit
2004 3542 2252 3595 deorsum
2277 3582 2292 3608 ,
2333 3553 2388 3595 et

813 3626 967 3670 vetus
995 3616 1156 3670 homo
1196 3632 1299 3670 non
1350 3622 1547 3670 manet.
1593 3613 1709 3667 Non
1755 3620 1888 3681 epos
1925 3620 2007 3666 est
2051 3610 2230 3677 ferro,
2280 3627 2385 3666 non

813 3688 1051 3741 sectione
1076 3699 1129 3740 et
1169 3687 1355 3740 dolore
1388 3703 1400 3738 :
1443 3699 1565 3738 cum
1596 3684 1863 3752 voluptate
1890 3693 1972 3737 est
2013 3683 2213 3736 utilitas
2233 3723 2246 3746 ,
2281 3698 2383 3736 non

815 3756 1080 3810 laboriosa
1110 3767 1192 3810 est
1220 3756 1445 3810 medela.
1479 3754 1547 3808 Et
1580 3757 1704 3825 quid
1735 3753 1985 3825 faciemus
2037 3764 2095 3808 ut
2140 3753 2268 3807 Salvi
2308 3754 2383 3805 si—

813 3824 971 3881 mus?
1000 3826 1203 3880 intinita
1232 3828 1370 3880 mala
1396 3823 1716 3895 patraviinus
1734 3866 1750 3892 ,
1800 3823 2178 3880 conscientiam
2223 3825 2382 3879 habe-

814 3955 3820 3980 ww

3984 269 4071 323 ’.Ἀ

2493 393 2611 435 mus
2640 378 2829 433 malam
2850 421 2866 443 ,
2910 379 3182 449 periimus.
3212 379 3348 436 Dicit
3372 388 3430 433 ut
3472 370 3799 448 baptize'mur
3827 389 3879 436 et
3908 384 4059 438 salu-
4108 416 4117 423 π

2492 460 2597 522 tam
2624 464 3029 522 consequamur.
3062 450 3268 505 Etenim
3297 450 3658 522 apprehensus
3686 453 3861 522 ungit,
3892 452 4061 518 lavat,

2489 515 2680 593 deinde
2698 515 2859 593 nutrit
2877 522 3046 576 solido
3062 515 3341 593 alimento;
3358 515 3639 589 Postquam
3662 515 3801 576 enim
3824 515 4062 593 aegrotus

2492 589 2736 643 innoxius
2759 589 2926 645 factus
2947 604 3047 652 est,
3083 592 3245 645 nutrit
3270 608 3388 646 eum
3416 600 3471 645 et
3497 607 3720 658 corpore
3745 608 3841 646 suo
3867 589 4058 659 nutrit,

2491 671 2544 733 et
2569 661 2874 733 sanguinem
2911 677 3063 715 suum
3096 664 3147 715 in
3175 671 3353 729 potum
3396 660 3519 727 dat;
3562 678 3713 717 suum
3738 703 3754 729 ,
3802 662 4015 733 inquam
4036 704 4061 731 ,

2492 730 2687 801 ipsius,
2721 732 2808 800 qui
2834 742 2916 786 est
2958 733 3072 786 sine
3099 743 3334 801 peccato.
3363 733 3493 787 Cum
3522 733 3663 786 enim
3709 743 3761 786 tu
3791 730 3887 799 per
3907 730 4061 789 lava-

2489 814 2635 872 crum
2661 800 2828 855 factus
2867 803 2941 856 sis
2967 805 3079 857 sine
3102 800 3344 871 peccato,
3372 801 3583 872 quando
3614 803 3715 857 tale
3741 818 3933 872 corpus
3960 820 4062 860 ac-

2488 871 2642 941 cipis,
2673 882 2723 926 te
2748 872 2927 941 ungit,
2955 873 3091 926 lavat
3115 913 3130 937 ,
3161 874 3343 926 nutrit.
3375 871 3498 927 Haec
3522 881 3601 926 est
3627 889 3762 928 nova
3787 871 4061 931 creatura.

2487 940 2616 995 Cum
2664 942 2823 1012 intrat
2850 945 3119 1008 cinaedus,
3165 951 3218 997 et
3262 942 3321 997 lit
3356 944 3557 1012 justus,
3588 960 3763 997 nonne
3805 953 3888 996 est
3916 961 4062 1001 nova

2487 1011 2768 1066 creatura?
2796 1029 2915 1067 cum
2945 1015 3107 1067 intrat
3146 1028 3310 1082 rapax
3329 1011 3428 1076 ,et
3463 1029 3493 1065 a
3522 1015 3750 1083 peccatis
3774 1013 4064 1081 liberatur,

2489 1097 2664 1137 nonne
2690 1093 2772 1154 est
2814 1098 2949 1137 nova
2991 1084 3278 1137 creatura?
3308 1083 3491 1136 Vidisti
3535 1086 3585 1137 in
3627 1084 3796 1154 gratia
3844 1095 4065 1139 creatu-

2487 1157 2637 1205 ram?
2682 1153 2800 1206 vide
2826 1154 2983 1207 etiam
3032 1155 3083 1208 in
3111 1155 3233 1207 vitae
3277 1154 3516 1207 instituto
3557 1153 3875 1209 creaturam.
3917 1156 4070 1223 Quot

2487 1224 2796 1277 meretrices
2818 1226 3165 1278 deseruerunt
3190 1223 3416 1286 theatra,
3446 1235 3619 1278 vestes
3644 1224 3840 1280 sericas
3866 1226 4068 1282 missas

2486 1291 2756 1358 fecerunt,
2790 1294 2968 1348 cinere
2998 1309 3056 1349 se
3086 1297 3477 1363 insperserunt,
3529 1308 3711 1349 saccos
3742 1295 4063 1360 induerunt,

2487 1372 2541 1418 et
2569 1378 2708 1417 nunc
2737 1366 2788 1417 in
2820 1364 3029 1419 Christo
3065 1368 3223 1418 vitam
3266 1365 3582 1418 instituunt?
3610 1380 3785 1419 annon
3815 1376 3896 1420 est
3921 1382 4067 1424 nova

2486 1433 2767 1488 creatura?
2796 1435 2924 1488 Cum
2951 1452 3079 1504 ergo
3104 1435 3299 1490 videris
3330 1434 3662 1489 meretricem
3698 1451 3801 1489 non
3831 1438 4066 1505 amplius

2486 1505 2841 1575 meretricem,
2868 1506 2961 1560 sed
2986 1506 3185 1575 virgine
3206 1506 3679 1570 continentiorem,
3707 1507 3814 1573 dic,
3836 1508 4067 1563 Creatus

2487 1584 2566 1627 est
2597 1574 2695 1641 ipsi
2722 1576 2965 1641 animus,
2999 1574 3254 1630 mutatum
3279 1585 3362 1631 est
3385 1591 3479 1631 cor
3505 1576 3654 1644 ejus,
3687 1591 3946 1632 conversa
3977 1591 4068 1634 est.

2486 1647 2658 1697 anima
2708 1645 2822 1714 ejus
2863 1660 2892 1698 a
2936 1661 3085 1701 more
3112 1647 3367 1716 pristino;
3415 1662 3518 1700 non
3560 1646 3696 1701 ultra
3745 1647 3798 1700 in
3846 1648 4067 1704 theatro

2486 1727 2794 1783 comparet,
2843 1731 2948 1770 non
2974 1717 3108 1771 alios
3141 1716 3299 1788 trahit
3343 1717 3393 1788 in
3426 1717 3702 1786 laqueum,
3741 1718 3836 1773 sed
3865 1731 3917 1773 et
3945 1720 4068 1788 ipsa

2485 1795 2757 1850 servatur;
2789 1801 2893 1840 non
2919 1788 3144 1851 amplius
3167 1787 3288 1841 aliis
3310 1785 3586 1841 offensioni
3611 1800 3712 1852 est,
3743 1790 3834 1842 sed
3859 1785 4017 1844 saluti
4044 1808 4063 1846 :

2486 1855 2663 1910 vident
2688 1856 2827 1910 enim
2850 1858 3059 1923 cinaedi,
3085 1867 3137 1911 et
3159 1856 3290 1910 fiunt
3311 1858 3461 1909 casti.
3492 1857 3673 1912 Videu’
3694 1874 3880 1912 novam
3903 1875 4060 1914 crea-

2487 1925 2698 1980 turam?
2738 1927 2869 1981 Cum
2903 1930 3100 1983 videris
3142 1942 3421 1995 rapacem,
3453 1926 3733 1994 Graecum,
3783 1944 3904 1984 aras
3951 1930 4065 1986 lin-

2483 2007 2725 2064 gentem,
2754 2007 2938 2051 contra
2975 1997 3302 2053 Christianos
3344 1999 3723 2064 insanientem,
3754 1998 4068 2056 innumeros

2484 2066 2754 2145 orphauos
2792 2068 3104 2145 Spoliantem
3135 2108 3148 2132 ,
3184 2069 3798 2145 innumerasnudantem
3830 2071 4015 2125 viduas
4042 2113 4063 2138 ,

2472 2136 2842 2209 Christianum
2860 2137 3083 2198 fadtnm,
3132 2152 3225 2192 sua
3271 2139 3589 2208 pauperibus
3618 2141 3971 2209 largientem,
4008 2136 4071 2197 et

2484 2207 2549 2260 ad
2584 2208 2859 2277 pervigilia
2890 2209 3224 2277 venientem;
3257 2209 3340 2262 dic
3360 2207 3391 2274 ,ί
3423 2210 3645 2263 Creatus
3688 2207 3770 2264 est
3818 2211 3926 2265 ille.
3956 2208 4069 2266 Ita-

2484 2292 2620 2343 que,
2655 2278 2715 2332 Si
2740 2276 2837 2347 qua
2877 2278 2930 2331 in
2969 2276 3200 2344 Christo,
3240 2295 3367 2332 nova
3409 2290 3659 2332 creatura.
3694 2280 3829 2336 Vide
3866 2281 4067 2349 ubique

2488 2356 2747 2401 terrarum
2794 2363 2983 2402 novam
3021 2360 3340 2403 creaturam.
3387 2348 3515 2403 Cum
3548 2351 3741 2405 videris
3771 2352 4069 2407 monachos

2488 2420 2743 2470 montium
2765 2418 2890 2488 juga
2917 2428 3234 2488 occupantes
3258 2460 3271 2479 ,
3319 2418 3598 2474 ci-‘ucitixos
3620 2461 3634 2483 ,
3680 2422 4067 2479 conculcantcs

2488 2496 2689 2561 naturai
2716 2487 3078 2561 necessitates,
3111 2487 3440 2561 innnunitate
3461 2492 3853 2561 apassiouibus
3893 2509 4066 2561 ange-

2488 2556 2569 2610 los
2599 2557 2866 2628 imitantes
2894 2576 2907 2612 :
2937 2559 3112 2628 itaque
3131 2600 3146 2625 ,
3176 2559 3236 2614 Si
3274 2575 3371 2628 qua
3396 2560 3444 2613 in
3482 2556 3680 2614 Christo
3700 2603 3713 2623 .
3748 2579 3875 2616 nova
3914 2556 4068 2618 crcu-

2487 2638 2621 2680 tura.
2652 2626 2752 2683 Abi
2778 2629 2828 2681 in
2858 2626 3150 2699 Persidem,
3176 2626 3346 2684 sinon
3371 2645 3611 2698 corpore,
3635 2633 3819 2687 saltem
3847 2646 4068 2699 mente;

2487 2707 2686 2774 matres
2716 2699 2770 2774 in
2797 2698 3302 2774 uxores_ducebaitt.
3333 2715 3472 2774 nunc
3496 2712 3670 2756 autem
3698 2698 4065 2774 virginitatem

2486 2769 2665 2823 colunt
2690 2785 2703 2821 :
2729 2770 2922 2838 itaque,
2950 2770 3011 2824 Si
3037 2786 3137 2837 qua
3163 2770 3216 2823 in
3239 2770 3457 2833 Christo,
3481 2788 3609 2825 nova
3627 2769 3875 2827 creatura.
3900 2774 4070 2829 Crea-

2489 2848 2659 2893 turam
2703 2841 2953 2907 conspice
2996 2855 3159 2910 usque
3196 2841 3261 2894 ad
3310 2856 3492 2910 reges,
3522 2844 3609 2912 qui
3651 2844 3948 2900 diademate
3971 2863 4069 2899 or-

2490 2922 2699 2984 nantur.
2729 2912 2966 2984 Antehac
3016 2926 3168 2984 reges
3205 2912 3381 2984 omnia
3430 2913 3698 2984 impietate
3742 2915 4066 2984 replebant;

2481 2980 2591 3051 jam
2618 2997 2750 3055 vero
2772 2997 2922 3050 reges
2947 2983 2997 3035 in
3029 2980 3304 3055 ecclesiam
3332 2997 3389 3035 se
3416 2980 3694 3055 conferunt
3717 3000 3731 3036 :
3762 2980 3885 3039 tunc
3907 2980 4069 3055 reges

2487 3051 2735 3126 omnibus
2759 3062 2918 3126 erant»
2951 3053 3243 3126 terribiles;
3278 3067 3421 3126 nunc
3448 3062 3623 3126 autem
3669 3054 3901 3110 Ecclesia
3933 3051 4071 3126 ipsis

2488 3121 2739 3193 terribilis
2763 3132 2864 3177 est.
2885 3124 3015 3189 Quis
3041 3123 3180 3193 ausit
3206 3124 3314 3192 regi
3343 3123 3539 3188 dicere,
3571 3123 3786 3193 Depone
3804 3121 4059 3183 diadema

2490 3193 2672 3264 tuum?
2702 3192 2937 3248 Ecclesia
2964 3208 3092 3247 vero
3122 3192 3174 3247 id
3203 3193 3349 3259 dicit,
3381 3202 3443 3264 et
3463 3194 3552 3248 ille
3579 3192 3933 3264 obtemperat,
3962 3214 4066 3253 ve-

2489 3263 2670 3335 nitque
2698 3264 3050 3335 nudo‘capite
3074 3304 3089 3329 ,
3139 3264 3349 3317 neruine
3372 3263 3589 3332 jubente
3614 3305 3629 3329 ,
3674 3263 3776 3321 sed
3818 3267 4069 3324 hortante

2489 3333 2730 3388 ratione:
2759 3333 3093 3407 nudocapite
3122 3348 3219 3388 nec
3257 3346 3444 3407 (ii-italo
3475 3352 3488 3388 :
3531 3335 3772 3407 diadema
3821 3339 4070 3407 projicit,

2489 3415 2543 3459 et
2565 3419 2778 3458 crucem
2802 3405 3008 3479 accipit.
3028 3402 3308 3458 lntrantad
3337 3419 3571 3479 mensam
3593 3402 3837 3462 similiter
3865 3402 4069 3479 pauper

2490 3484 2543 3548 et
2572 3489 2831 3548 rex;_n_on
2860 3475 3012 3548 aliter
3053 3490 3251 3548 pauper
3278 3483 3331 3529 et
3375 3476 3527 3548 aliter
3564 3492 3657 3530 rex
3689 3495 3702 3531 :
3748 3475 3918 3548 neque
3967 3475 4068 3536 rex

2492 3543 2652 3609 dicit,
2700 3544 2822 3598 Mihi
2850 3546 3074 3614 amplius
3103 3545 3224 3598 dato
3244 3546 3508 3669 ,"pauperi
3536 3561 3661 3600 vero
3706 3543 3943 3616 parcius;
3973 3550 4071 3606 sed

2492 3629 2611 3668 cum
2638 3615 2822 3669 eadem
2846 3614 3159 3669 humilitate.
3188 3630 3250 3668 cu
3338 3617 3521 3669 eadem
3546 3616 3758 3669 pietate.
3790 3628 3847 3669 ut
3868 3637 4070 3669 nanner

2491 3629 2611 3689 cum
2638 3615 2822 3669 eadem
2845 3614 3159 3689 buttiilitate,
3188 3614 3311 3689 cuni
3338 3617 3521 3689 eadem
3546 3614 3758 3686 pietate,
3790 3628 3847 3672 ut
3868 3637 4070 3689 pauper

2491 3686 2569 3755 sic
2592 3694 2646 3755 et
2669 3701 2767 3755 ego
2796 3702 2810 3738 :
2842 3685 3018 3754 itaque
3036 3726 3051 3749 ,
3082 3685 3141 3738 Si
3168 3701 3268 3754 qua
3295 3688 3347 3739 in
3375 3684 3573 3740 Christo
3592 3727 3608 3753 ,
3649 3705 3777 3741 nova
3813 3684 4069 3747 creatura.

2493 3752 2595 3829 Pro
2623 3752 2901 3829 his'autem
2930 3752 3188 3829 omnibus
3205 3757 3309 3810 Deo
3327 3759 3522 3827 gratias
3541 3752 3778 3827 agamus,
3808 3763 4068 3829 quoniam

2494 3825 2569 3878 illi
2593 3827 2759 3896 gloria
2784 3831 2836 3880 in
2869 3829 3069 3881 secula.
3091 3826 3282 3882 Amen.

3830 3960 4040 3975 ..υ-ι-

1035 4036 1149 4097 IX.
1196 4051 1479 4096 ωιιειιειί
1526 4051 1595 4096 1N
1639 4051 1826 4095 ILLUD
1859 4052 1874 4092 :
1912 4048 2019 4092 mc
2066 4051 2180 4094 ss'r
2222 4048 2428 4094 qus
2473 4051 2638 4093 usus
2678 4050 3007 4105 DILECTUS,
3052 4050 3116 4093 IN
3160 4050 3284 4103 ouo
3328 4052 3473 4095 mat
3517 4052 3871 4099 conruent

2157 4156 2412 4237 (Matth.
2438 4157 2635 4226 xvu,
2681 4156 2767 4238 5).

881 4316 978 4372 Hic
1004 4322 1164 4388 prolis
1187 4330 1372 4371 amans
1402 4325 1564 4388 pater
1577 4314 1646 4388 ob
1673 4328 1825 4388 suum
1855 4326 1978 4388 erga
2009 4322 2107 4388 nos
2142 4308 2388 4365 affectum

813 4382 1078 4445 sermonis
1102 4382 1470 4457 argumentum
1498 4384 1641 4438 misit
1667 4384 1818 4457 mihi,
1847 4393 1901 4437 et
1930 4382 2137 4457 laudem
2157 4397 2277 4451 qua,
2305 4394 2389 4436 me

810 4469 1048 4526 curante,
1080 4454 1185 4515 vos
1197 4459 1341 4512 illum
1367 4457 1672 4510 celebrastis
1692 4496 1706 4520 ,
1740 4454 1838 4508 hac
1862 4454 2108 4526 praesenti
2140 4466 2387 4526 remane.

810 4530 947 4583 ravit
989 4520 1354 4590 institutione,
1403 4527 1690 4580 liberorum
1734 4520 1950 4578 suorum
2002 4523 2202 4577 lucrum
2232 4520 2384 4577 suum

811 4613 933 4654 esse
962 4609 1170 4667 putans.
1219 4599 1333 4669 Ego
1364 4612 1490 4651 vero
1527 4597 1680 4650 laetus
1717 4593 2383 4669 adhortationemaccepi,

809 4686 872 4724 ac
919 4664 1037 4724 cum
1091 4664 1291 4724 ﬁducia'
1337 4682 1519 4721 rursus
1563 4681 1656 4719 vos
1702 4666 1961 4734 alloquor,
2015 4664 2385 4733 pristinorum-

848 4757 915 4796 ue
942 4743 1220 4796 verborum
1263 4740 1456 4792 seriem
1502 4737 1850 4791 libentissime
1894 4737 2138 4804 persequi
2165 4734 2380 4804 curabo.

848 4758 915 4796 ne
942 4758 1220 4796 verborum
1263 4758 1456 4792 sel‘leln
1502 4758 1850 4791 lluellussmtc
1895 4758 2138 4804 persequi
2165 4758 2380 4788 curam).

809 4758 1029 4867 astendi
1055 4814 1196 4867 enim
1224 4808 1460 4870 vobis,in
1487 4806 2092 4873 praecedentidominica,
2119 4803 2385 4859 Christum

807 4898 927 4938 cum
976 4886 1144 4938 servis
1187 4882 1298 4936 suis
1336 4880 1399 4931 ad
1449 4877 1765 4946 baptismum
1798 4878 2148 4946 venientem;
2190 4875 2385 4929 deinde

810 4948 879 5008 Ba
889 4957 1099 5022 ptistam
1116 4955 1203 5023 qui
1223 4944 1558 5004 accedentem
1582 4949 1854 5023 Dominum
1871 4947 2103 5015 agnovit,
2124 4944 2383 5023 baptisma

806 5015 1182 5078 administrare
1206 5030 1537 5083 renuentem,
1570 5034 1630 5071 ac
1647 5018 1877 5075 demum.
1904 5027 2117 5085 propter
2145 5015 2380 5071 Salvato-

808 5098 882 5149 ris
912 5096 1237 5157 mandatum,
1266 5091 1576 5163 mysterium
1601 5088 2333 5163 _(ecoriornia:-coniplet_item
2369 5105 2381 5163 ξ

808 5167 1008 5234 Scripto
1036 5156 1614 5234 posteareprteseutavi
1652 5161 1818 5234 Deum
1845 5167 1898 5211 et
1938 5156 2147 5234 Patrem
2178 5157 2384 5234 Domini

809 5226 976 5289 nostri
1006 5226 1129 5289 Jesu
1157 5226 1348 5289 Christi
1375 5231 1442 5287 de
1464 5232 1600 5286 cmlo
1628 5232 1942 5284 clamantem
1968 5246 1980 5282 :
2012 5226 2107 5279 Hic
2127 5239 2198 5279 est
2222 5226 2384 5280 Filius

810 5323 947 5360 meus
977 5308 1204 5370 dilectus,
1237 5307 1287 5356 in
1313 5319 1408 5374 quo
1435 5303 1555 5355 mihi
1585 5303 1885 5374 rontplacui.
1910 5299 1975 5352 Et
1994 5300 2058 5351 ad
2088 5298 2187 5351 hoc
2215 5313 2380 5366 usque

810 5378 1168 5431 testimonium
1204 5372 1544 5445 progressus,
1574 5372 1824 5445 descendi
1866 5380 2215 5445 e__5ttggestu,
2250 5379 2382 5423 tem-

811 5456 940 5515 pore
969 5462 1178 5500 cursum
1205 5440 1460 5500 orationis
1484 5444 1869 5513 interpellante.
1902 5440 2076 5515 llotlie
2111 5440 2265 5515 igitur
2290 5452 2379 5494 re-

810 5510 1022 5574 iumere
1060 5520 1178 5571 Volo
1207 5530 1325 5587 qua:
1369 5527 1491 5570 tunc
1534 5510 1778 5569 omittere
1808 5524 2024 5567 coactus
2051 5510 2123 5587 fui
2169 5522 2381 5587 propter

809 5590 1059 5657 temporis
1088 5582 1417 5659 angustiam,
1459 5595 1518 5659 ει
1539 5586 1825 5655 adjungere
1851 5583 2115 5659 sermonis
2156 5582 2379 5636 solutio-

810 5672 953 5721 ιιι-ιιι,
985 5669 1042 5713 ιιι
1068 5656 1305 5721 pereant
1326 5657 1625 5712 ascendatis
1647 5661 1709 5708 ad
1730 5665 1998 5710 auctorem
2021 5656 2156 5721 ejus,
2186 5666 2379 5721 nempe

810 5725 1023 5786 Filium.
1059 5724 1159 5785 [lic
1180 5742 1249 5787 est
1278 5727 1446 5783 Filius
1476 5740 1612 5783 meus
1632 5727 1864 5793 dilectus,
1891 5726 1942 5779 in
1968 5739 2066 5794 quo
2092 5724 2215 5777 mihi
2240 5737 2377 5775 com-

2492 4308 2683 4377 ptacui.
2717 4307 2814 4362 llic
2841 4316 2954 4371 est,
2988 4306 3074 4375 qui
3120 4318 3324 4361 mecum
3356 4308 3499 4362 misit
3527 4322 3690 4378 super
3716 4322 3776 4363 se
3812 4308 4073 4379 Spiritum

2498 4389 2757 4443 sanctum,
2792 4379 3086 4444 iterumque
3115 4388 3270 4449 quem
3296 4389 3567 4446 receperat
3591 4380 3842 4449 Spiritum
3875 4382 4024 4437 misit
4055 4405 4069 4439 :

2496 4449 2581 4502 hic
2605 4459 2719 4511 est,
2752 4448 2840 4517 qui
2879 4456 3003 4522 ante
3039 4448 3213 4501 omnia
3255 4451 3431 4502 secula
3472 4460 3540 4504 ex
3575 4448 3659 4503 me
3703 4452 3912 4519 genitus
3947 4464 4073 4522 est,

2496 4535 2601 4573 non
2630 4530 2871 4584 creatus;
2904 4518 3050 4590 Deus
3079 4521 3288 4590 genitus
3312 4535 3377 4572 ex
3405 4534 3488 4573 me
3514 4523 3627 4573 solo
3653 4518 3974 4590 unigenitus,
4012 4518 4070 4580 ut

2494 4592 2637 4644 solus
2667 4604 2765 4658 ego
2793 4589 2934 4661 novi,
2967 4597 3019 4642 et
3048 4598 3104 4643 ut
3128 4589 3214 4643 illc
3234 4591 3333 4643 scit
3356 4591 3539 4645 solus:
3569 4590 3652 4643 hic
3675 4589 3765 4645 est
3782 4594 4071 4661 perfectio-

2495 4661 2576 4714 nis
2619 4676 2751 4714 meze
2791 4659 3064 4713 character
3109 4669 3161 4713 et
3205 4660 3413 4714 deitatis
3444 4664 3575 4714 mea:
3619 4659 3936 4718 character:
3981 4664 4069 4721 hic

2493 4742 2575 4785 est
2619 4733 2708 4801 qui
2746 4730 3054 4783 substantiae
3099 4746 3228 4785 mea:
3257 4732 3397 4785 clare
3428 4730 3532 4785 fert
3560 4732 3860 4799 imaginem.
3897 4735 4065 4790 Filius

2493 4812 2573 4855 est
2601 4817 2749 4856 meus
2768 4816 2832 4856 ex
2862 4814 2977 4854 mea
3004 4803 3229 4855 essentia
3279 4802 3619 4866 incorporee,
3647 4803 4068 4872 incorruptibili-

2494 4881 2593 4937 ter,
2623 4873 2737 4925 sine
2768 4873 2872 4926 ulla
2904 4871 3153 4939 temporis
3180 4872 3383 4926 ratione
3407 4873 3638 4936 elucens,
3668 4887 3773 4927 non
3805 4871 3874 4928 ex
3890 4876 4063 4929 altera

2491 4942 2783 4995 substantia
2816 4959 2873 4995 se
2906 4945 3149 5010 prodens.
3184 4942 3346 4996 Filius
3390 4953 3472 4997 est
3514 4958 3662 4997 uicus
3703 4953 3887 4998 natura
3908 4987 3923 5011 ,
3955 4963 4066 5001 non

2489 5014 2653 5082 gratia
2674 5054 2688 5079 ,
2720 5023 3015 5066 eoa-ternas
3035 5054 3049 5075 ,
3098 5028 3201 5066 non
3228 5012 3410 5082 junior
3438 5014 3514 5067 vel
3544 5016 3805 5067 secundus
3836 5032 3850 5068 :
3897 5016 4065 5071 Filius

2489 5092 2569 5136 es:
2597 5098 2745 5136 meus
2770 5084 3129 5138 coeSSentialis
3158 5084 3282 5136 mihi
3304 5125 3319 5149 ,
3364 5095 3419 5136 ut
3445 5085 3620 5138 ltuncn
3649 5101 3710 5138 ex
3741 5085 3971 5153 lumine,
4010 5092 4063 5142 nt

2493 5153 2594 5206 vita
2628 5169 2694 5208 ex
2723 5155 2826 5207 vita
2854 5195 2867 5216 ,
2916 5164 2972 5207 ut
3010 5157 3207 5208 veritas
3235 5166 3296 5207 ex
3328 5155 3548 5224 veritate
3576 5195 3588 5215 ,
3634 5165 3688 5208 ut
3735 5159 3966 5224 potentia
3997 5174 4065 5215 ex

2490 5228 2763 5292 potentia,
2812 5234 2872 5278 ut
2917 5227 3054 5278 Deus
3082 5240 3144 5277 ex
3198 5223 3487 5296 DetnEgo
3532 5223 3863 5293 genui,’ille
3906 5233 4065 5296 geni-

2489 5305 2573 5347 tus
2615 5305 2696 5351 est
2727 5313 2741 5349 :
2773 5297 2909 5350 inter
2936 5312 3019 5348 me
3058 5310 3181 5348 vero
3223 5304 3276 5348 et
3302 5294 3447 5348 illum
3493 5295 3617 5348 nihil
3665 5307 3746 5349 est
3783 5294 4061 5352 medium:

2488 5380 2586 5435 ego
2642 5368 2796 5435 genui
2857 5377 2914 5420 ut
2973 5381 3057 5419 me
3112 5364 3264 5419 decet
3322 5366 3537 5433 gignere
3588 5376 3775 5420 natura
3835 5367 4002 5423 Deum
4047 5386 4063 5424 :

2490 5432 2577 5507 ille
2619 5432 2827 5505 genitus
2881 5447 2963 5491 est
3009 5441 3145 5488 sicut
3182 5432 3343 5488 decet
3380 5435 3527 5488 illum
3568 5438 3741 5506 gigni,
3788 5439 3876 5507 qui
3921 5436 4064 5493 Deus

2489 5505 2717 5560 Verbum
2768 5517 2868 5561 est.
2920 5507 3214 5561 Humanum
3266 5505 3621 5574 generationis
3670 5505 3904 5575 nomen,
3965 5509 4062 5564 sed

2489 5578 2707 5647 mystica
2759 5589 3146 5648 est-tempore
3183 5578 3423 5645 snperior
3479 5578 3765 5647 generatio.
3817 5578 4060 5648 Tempus

2487 5645 2591 5701 non
2627 5650 2774 5702 novit
2822 5645 3179 5717 genui-alienis
3227 5658 3359 5702 mete
3406 5645 3714 5715 my'sterium
3754 5662 3769 5698 :
3813 5647 3916 5704 hoc
3966 5645 4062 5703 nc-

2485 5720 2655 5779 sciunt
2697 5716 2915 5791 (postea
2957 5718 3099 5774 enim
3137 5716 3259 5772 facti
3311 5720 3469 5788 sunt)
3514 5716 3785 5776 cherubim
3824 5730 3877 5775 et
3909 5730 4056 5776 scra-
