3938 6136
415 459 805 534 remediantur.
832 459 887 513 in
911 473 1007 527 quo
1033 456 1166 534 mihi
1174 468 1285 534 eam
1294 453 1483 523 placui.
1513 453 1666 522 Saepe
1696 452 1853 534 igitur
1873 450 1988 534 Paw

416 541 500 582 ter
539 530 727 585 Filium
774 526 1091 596 nuncupavit
1117 526 1280 580 filium
1320 540 1474 596 suum
1503 564 1517 588 ,
1547 534 1729 596 utpote
1765 526 1977 596 unicum

419 598 625 665 filium,
669 611 724 653 et
771 614 898 653 voce
939 593 1088 667 quasi
1146 610 1335 667 manu;
1351 595 1590 667 designat
1618 593 1976 663 Uuigeuitum,

416 682 636 740 propter
671 684 764 724 eos
809 669 898 738 qui
924 665 1198 740 conantur
1233 682 1264 720 a
1309 665 1493 740 Patre-
1513 666 1657 719 illum
1705 666 1980 731 separaret

420 732 636 816 propter
660 755 753 794 eos
779 732 867 809 qui
905 738 1088 792 dicunt
1117 738 1169 791 in
1200 745 1439 816 tempore
1468 732 1806 816 factumesse
1832 746 1978 816 eum,

416 810 506 880 qui
534 825 636 865 non
664 818 748 864 est
778 820 1152 878 temporaueus
1177 824 1190 868 ;
1224 814 1440 876 propter
1463 818 1557 858 eos
1596 810 1683 874 qui
1722 813 1982 884 creaturae

419 873 772 953 adnumerant
795 873 1061 953 auctorem
1089 873 1378 953 creaturae;
1422 873 1634 944 pmpter
1677 890 1770 930 eos
1810 873 1981 953 quiin

417 951 747 1023 servitutem
778 949 1097 1023 redegerunt
1137 947 1511 1023 liberatorem;
1536 956 1750 1023 propter
1774 956 1866 999 eos
1892 947 1982 1023 qui

417 1020 576 1089 alium
616 1014 924 1089 conﬁngunt
945 1018 1129 1089 lilium.
1162 1014 1288 1070 {deo
1329 1030 1470 1089 smne
1503 1014 1854 1089 testiﬁcatur;
1884 1014 1984 1065 Hie

420 1100 492 1143 est
513 1088 683 1145 Filius
706 1084 849 1142 metis
879 1087 1111 1151 dilectus,
1138 1103 1190 1139 tn
1212 1101 1309 1156 quo
1338 1087 1464 1140 mihi
1485 1087 1764 1156 complacui
1802 1084 1981 1155 (Joan.

420 1101 492 1143 est
513 1101 683 1145 Mlius
705 1106 849 1170 gneus
879 1101 1111 1151 dilectus,
1138 1103 1190 1139 tn
1210 1101 1309 1210 gito
1338 1101 1461 1140 mam
1485 1101 1764 1170 comptacm
1802 1101 1981 1166 (conn.

418 1159 463 1214 Χ
486 1201 502 1225 ,
531 1162 601 1217 50
631 1179 646 1224 ;
679 1158 870 1221 XIV,9
902 1175 917 1223 ;
949 1157 1017 1217 Χ,
1049 1158 1155 1220 58;
1261 1155 1361 1219 IV,
1415 1155 1508 1224 28)
1540 1175 1552 1209 :
1584 1171 1752 1221 ipsum
1793 1156 1981 1208 audite.

418 1234 475 1284 Si
501 1232 673 1291 dicat,
693 1228 820 1302 Ego
853 1226 1080 1302 et_Paler
1105 1240 1260 1279 unum
1283 1240 1490 1302 sumus;
1511 1229 1560 1302 si
1585 1226 1726 1281 dicat
1743 1226 1884 1302 ,__Qui
1911 1227 1986 1302 ri-

417 1303 502 1354 det
528 1317 625 1365 me,
655 1295 786 1352 ridet
813 1309 859 1351 et
892 1297 1100 1352 Patrem
1119 1338 1134 1363 ,
1158 1306 1212 1351 et
1229 1338 1243 1359 ,
1263 1296 1393 1366 'Ego
1421 1299 1473 1366 in
1501 1295 1655 1350 Patre
1678 1306 1725 1349 et
1754 1295 1906 1366 Pater
1933 1296 1990 1348 in

418 1387 500 1424 me
526 1380 598 1423 est
617 1408 631 1432 ,
660 1372 829 1435 ipsum
875 1369 1052 1421 audite
1083 1384 1096 1418 :
1126 1368 1169 1419 si
1205 1365 1383 1431 dicat,
1421 1365 1519 1433 Qui
1545 1367 1680 1419 irrisit
1707 1380 1786 1419 me
1814 1365 1984 1434 Pater,

418 1443 586 1509 περ]οτ
613 1455 692 1493 me
716 1449 788 1493 est
824 1437 1043 1508 (,Matth.
1094 1436 1285 1498 XXVI,
1309 1438 1413 1509 28)
1437 1454 1451 1491 :
1481 1438 1793 1509 (Economic:
1819 1437 1988 1492 adtnio

420 1505 610 1565 tentiui
659 1505 1147 1577 attentpemtionem
1192 1509 1278 1561 :si
1320 1508 1502 1578 dicat,
1539 1505 1653 1559 Hoc
1695 1518 1767 1560 est
1808 1524 1991 1578 corpus

419 1596 586 1632 meum
609 1620 624 1642 ,
654 1589 702 1632 et
728 1575 934 1649 sanguis
961 1579 1043 1647 qui
1075 1593 1166 1645 pro
1204 1579 1375 1649 multis
1402 1575 1689 1649 eﬁfundetur
1724 1578 1778 1649 in
1817 1575 1992 1633 remis:-

420 1651 612 1704 sionem
641 1647 984 1719 peccatorum,
1014 1650 1181 1715 ipsum
1218 1648 1416 1704 audite.
1455 1647 1701 1719 Non_hoc
1723 1647 1851 1701 dicit
1876 1664 1993 1703 car—

423 1736 543 1775 nem
575 1739 602 1772 a
632 1716 829 1774 deitate
853 1734 1140 1787 separatis;
1173 1732 1298 1772 caro
1323 1719 1462 1772 enim
1494 1720 1544 1772 in
1576 1716 1659 1773 his
1685 1720 1859 1773 verbis
1884 1736 1990 1774 non

423 1802 702 1860 separatur
730 1808 744 1845 :
772 1790 1102 1860 eteuituqua:
1122 1788 1187 1842 ad
1212 1802 1407 1860 corpus
1433 1791 1720 1858 pertinent,
1742 1799 1866 1844 sunt
1890 1792 1997 1845 dei-

425 1858 582 1927 tatis;
614 1870 669 1914 et
703 1876 821 1930 quae
853 1859 921 1913 ad
949 1858 1195 1930 deitatem
1230 1859 1518 1926 pertinent,
1566 1865 1693 1914 sunt
1728 1861 1987 1926 corporis.

424 1946 598 1999 neque
651 1931 869 1984 alterius
913 1929 1219 1997 cujusquam
1258 1938 1451 1998 praeter
1506 1932 1698 1998 ipsum.
1735 1929 1789 1984 Si
1828 1931 1990 1993 dicat,

424 2000 608 2056 Tristis
637 2012 710 2055 est
729 2002 901 2054 anima
925 2015 1036 2051 mea
1053 2015 1208 2070 usque
1230 2000 1298 2070 ad
1316 2012 1523 2053 mortem
1545 1999 1757 2070 (Matth.
1801 2000 1895 2054 XX
1907 2001 1989 2067 VI,

422 2071 536 2142 38).
570 2082 818 2138 tauquam
836 2069 1340 2142 irrepreheusibiles
1355 2069 1563 2142 nostras
1590 2070 1863 2139 passiones
1892 2073 1991 2126 sibi

426 2138 776 2197 vindicantem
807 2142 977 2208 ipsum
1007 2139 1206 2193 audite.
1244 2138 1400 2193 Nulla
1434 2138 1692 2194 enimest
1728 2145 1994 2209 separatio

426 2214 604 2267 carnis
627 2221 684 2266 et
729 2211 980 2266 deitatis:
1012 2210 1189 2262 omnia
1231 2212 1425 2278 quippe
1470 2221 1524 2263 et
1561 2211 1627 2264 ad
1658 2210 1909 2265 deitatem
1941 2220 1996 2266 et

427 2283 493 2337 ad
526 2283 902 2336 humanitatem
954 2277 1266 2349 pertinentia
1314 2282 1400 2332 uni
1446 2295 1684 2348 persona:
1724 2282 1995 2349 uuiczeqne

430 2354 738 2407 substantiae
759 2360 813 2406 et
841 2365 1043 2404 natura:
1071 2348 1326 2403 iucarnati
1355 2350 1446 2403 Dei
1472 2351 1639 2403 nosui
1664 2350 1789 2405 Jesu
1815 2348 1996 2406 Chris-

433 2424 470 2477 ti
491 2422 804 2492 appouimus
833 2431 896 2492 et
922 2419 1279 2492 assignaruus.
1302 2420 1428 2492 Haec
1447 2434 1476 2492 a
1502 2420 1613 2492 Deo
1636 2429 1691 2473 et
1719 2421 1874 2476 Patre
1894 2436 1993 2492 sua

429 2490 749 2548 ntusedocti
784 2509 796 2545 :
832 2491 944 2545 haec
975 2493 1044 2543 ab
1074 2490 1342 2561 unigenito
1378 2490 1468 2561 Dei
1501 2490 1635 2544 Filio
1662 2506 1757 2561 per
1780 2491 1995 2546 institu~

433 2565 631 2616 tionem
673 2563 975 2631 accepimus
1007 2577 1020 2613 :
1058 2560 1122 2631 ad
1152 2560 1265 2613 haec
1292 2575 1321 2613 a
1359 2560 1558 2628 Spiritu
1592 2560 1777 2614 sancto
1800 2561 1996 2618 fuimus

431 2633 621 2687 initiati
656 2650 670 2686 :
700 2630 815 2685 haec
840 2647 871 2685 a
896 2631 1061 2685 sacris
1083 2630 1369 2700 Scripturis
1395 2632 1663 2684 enuntiata
1689 2639 1813 2684 sunt
1840 2648 1853 2684 :
1881 2631 1995 2688 haec

428 2719 460 2756 a
485 2704 681 2773 sanctis
707 2702 945 2773 Patribus
965 2711 1089 2773 sunt
1108 2700 1409 2769 praedicata.
1447 2700 1572 2773 Haec
1597 2701 1772 2770 itaque
1790 2704 1997 2773 accepi-

427 2787 570 2837 mus,
592 2772 703 2827 haec
716 2771 1014 2833 didicimus,
1045 2772 1157 2824 haec
1175 2780 1466 2825 teneamus.
1483 2770 1996 2829 Curtemerecoutra

430 2859 529 2896 nos
575 2844 796 2898 invicem
842 2842 1171 2910 pugnamus?
1199 2856 1294 2894 cur
1323 2855 1419 2894 nos
1462 2851 1646 2894 mutuo
1675 2842 1997 2898 insectantur

428 2912 608 2977 bello,
636 2913 725 2981 qui
774 2915 932 2966 etiam
976 2912 1099 2965 odio
1147 2911 1400 2965 habentes
1447 2911 1695 2980 jubemur
1733 2912 1995 2981 diligere?

426 2999 524 3037 cur
576 2984 733 3039 fidem
780 2981 1125 3036 attiandautes
1161 3022 1177 3047 ,
1221 2983 1510 3035 artificiose
1553 2982 1883 3050 disputamus
1927 2986 1995 3040 de

428 3053 575 3109 fide?
600 3054 813 3125 genitus
831 3063 933 3115 est,
961 3060 1176 3125 nonest
1202 3052 1413 3121 genitus
1436 3068 1449 3115 ;
1475 3066 1662 3120 passus
1681 3061 1784 3125 est,
1800 3062 1865 3125 at
1887 3070 1993 3110 non

426 3135 508 3177 cst
561 3122 781 3194 passus;
822 3122 1151 3194 resurrexit,
1183 3133 1386 3194 atAnon
1437 3123 1744 3194 resurrexit.
1773 3124 1879 3177 Cur
1906 3140 1994 3181 re-

425 3189 761 3262 demptorem
790 3194 840 3245 iu
864 3192 951 3260 jus
976 3189 1269 3262 vocamus?
1296 3205 1393 3243 cur
1413 3207 1439 3242 a
1462 3191 1802 3262 benefactore
1828 3196 1993 3250 ratio-

464 3279 525 3318 es
558 3261 939 3335 deposcimus?
968 3261 1141 3316 Semel
1171 3261 1375 3315 libittun
1408 3270 1491 3315 est
1527 3261 1574 3313 ei
1600 3302 1613 3323 .
1645 3271 1700 3317 et
1739 3265 1872 3318 sicut
1897 3281 1993 3319 vo-

415 3279 525 3386 {ies
563 3279 938 3335 neposetmust
968 3279 1141 3316 δθηιθι
1171 3279 1375 3315 nouum
1408 3279 1491 3315 εει
1527 3279 1574 3313 et
1600 3302 1613 3323 ,
1645 3279 1700 3317 et
1739 3279 1872 3318 sicut
1897 3281 1993 3319 vo-

451 3336 526 3387 uit
548 3333 763 3388 advenit
799 3342 854 3387 et
883 3346 1069 3400 passus
1103 3341 1185 3384 est
1213 3340 1268 3384 et
1305 3340 1544 3384 mortuus
1570 3340 1689 3397 est;
1723 3346 1787 3387 ac
1817 3350 1995 3389 resur-

426 3406 586 3465 rexit,
611 3415 661 3457 et
690 3399 929 3457 ascendit
947 3403 998 3455 in
1026 3401 1213 3465 ctelos,
1240 3413 1295 3455 et
1321 3402 1493 3456 veniet
1514 3399 1753 3470 judicare
1772 3405 1921 3459 vivos
1940 3417 1996 3461 ct

427 3482 686 3534 mortuos.
711 3483 865 3540 prout
893 3481 948 3527 et
964 3472 1073 3540 jam
1114 3472 1293 3537 venit,
1322 3485 1424 3524 una
1457 3487 1576 3525 cum
1603 3472 1769 3528 forma
1792 3485 1990 3532 nostra.

426 3543 544 3596 Non
583 3542 725 3598 enim
757 3544 891 3596 lianc
918 3542 1083 3607 exuit,
1107 3557 1262 3609 quant
1288 3551 1489 3596 tantum
1523 3543 1708 3597 dilexit
1736 3562 1750 3597 :
1779 3560 1883 3600 non
1910 3562 1996 3601 res

428 3613 584 3680 liquit
635 3613 687 3666 in
743 3613 992 3683 sepulcro
1040 3613 1279 3683 corporis
1317 3612 1399 3665 sui
1442 3614 1866 3681 operimentum;
1899 3617 1993 3672 sed

426 3686 506 3737 sic
536 3698 720 3738 rursus
746 3681 921 3738 veniet
958 3681 1122 3751 judex
1168 3684 1409 3736 vivorum
1447 3693 1503 3737 et
1539 3694 1907 3752 mortuorum;
1938 3698 1993 3742 ut

426 3752 600 3807 videat
627 3752 791 3824 ludas
813 3768 1096 3824 quemnam
1140 3752 1419 3824 homicidis
1449 3754 1655 3808 Domini
1679 3757 1991 3821 tradiderit;

426 3833 486 3877 ut
514 3824 723 3878 videant
747 3823 914 3879 Judaei
940 3824 1077 3893 quod
1105 3834 1262 3892 caput
1282 3823 1449 3892 Spinis
1475 3827 1882 3891 coronaverint;
1913 3839 1988 3892 ut.

424 3908 546 3953 eum
586 3895 816 3949 viderint
839 3910 960 3948 eum
1000 3894 1052 3946 in
1099 3895 1288 3948 throno
1323 3894 1556 3962 judicem
1602 3898 1872 3953 sedentem
1898 3940 1913 3961 ,
1937 3909 1993 3955 et

423 3965 743 4019 clierubinos
780 3964 1197 4033 seraphinosque
1243 3979 1363 4018 cum
1406 3964 1596 4019 timore
1641 3977 1696 4019 et
1759 3979 1989 4025 tremore

423 4034 714 4101 adstantes,
743 4045 798 4090 et
825 4035 1053 4088 dixerint
1075 4073 1089 4096 ,
1121 4034 1229 4089 Nos
1267 4049 1373 4090 non
1420 4034 1560 4088 hunc
1596 4038 1987 4105 crucifixituus;

1032 4176 1907 4189 ——.——_——-—_—__

312 365 333 385 ο
409 342 483 399 ξιτ
1741 328 1983 391 SPURIA

2096 327 2352 391 IEDAM.
3586 332 3663 390 ες

2082 446 2244 502 alium
2283 445 2588 517 quempiam
2626 446 2808 502 Iesum
2838 444 3168 501 Nazarenam
3214 445 3659 517 Betltleliemitam

2081 515 2584 582 condentuavlmus;
2630 518 2876 571 ostendat
2906 517 3006 571 illis
3053 517 3188 571 latus
3237 527 3293 572 et
3331 515 3544 573 videant
3598 521 3655 575 in

2081 588 2653 657 quemtrauslixeruut,
2676 600 2759 650 ac,
2787 587 2868 642 vel
2899 584 3069 645 inviti.
3096 589 3319 642 adorent
3347 588 3517 642 illum.
3546 592 3661 644 Cur

2081 674 2228 725 ergo,
2265 659 2422 711 missa
2449 659 2573 723 fide,
2604 672 2722 711 cum
2753 658 2974 711 artiﬁcio
3018 659 3390 712 ratiocinamur
3426 659 3493 714 de
3518 660 3656 718 fide.

2081 736 2179 781 cur
2230 730 2526 801 communis
2552 728 2766 801 inimici
2796 727 3117 801 desiderium
3152 728 3451 797 implemus.
3495 727 3658 801 (logi:

2086 804 2201 851 tans
2229 801 2368 852 enim
2393 798 2655 861 diabolus,
2681 798 2893 851 humani
2932 798 3139 869 generis
3181 808 3479 868 corruptor,
3514 798 3663 864 quod

2084 869 2128 920 si
2157 868 2439 938 tranquille
2484 870 2640 921 vitam
2686 876 2902 936 agamus
2926 868 2949 932 ,⁷
2972 870 3138 937 pietas
3166 869 3375 924 florebit
3401 910 3417 934 ,
3448 873 3492 925 si
3521 871 3661 926 fides

2085 939 2277 1008 fulgeat
2305 981 2319 1004 ,
2348 939 2494 1009 licata
2518 939 2623 992 vita
2652 939 2988 1008 praevalebit,
3017 953 3079 993 ac
3106 950 3262 993 cursu
3288 941 3663 1009 pioprospere

2087 1020 2301 1077 peracto
2325 1051 2339 1071 ,
2368 1008 2587 1063 felicitas
2630 1011 2698 1062 ita
2747 1009 3044 1064 viventibus
3084 1009 3342 1075 accedet,
3383 1008 3664 1068 Creatoris

2085 1080 2240 1133 amici
2267 1082 2674 1141 constituentur,
2706 1084 2761 1132 et
2788 1080 2852 1131 ad
2875 1079 3228 1135 desideratum
3271 1081 3414 1134 illum
3441 1098 3660 1138 sursum

2091 1162 2430 1217 accurremus
2454 1191 2468 1212 ,
2500 1160 2555 1203 ut
2584 1150 2706 1203 illuc
2745 1149 2883 1203 unde
2934 1150 2977 1203 is
3023 1150 3220 1204 decidit
3262 1150 3613 1208 ascendaunts
3640 1169 3659 1207 τ

2092 1219 2266 1273 videte
2295 1221 2418 1288 quid
2457 1218 2584 1273 fecit
2607 1260 2621 1282 ,
2665 1229 2718 1273 et
2745 1234 2903 1288 quam
2929 1229 3101 1275 astute
3142 1231 3197 1275 et
3232 1222 3414 1275 dolose
3456 1220 3659 1279 bellum

2087 1290 2367 1343 adversum
2396 1306 2493 1344 nos
2519 1290 2875 1359 apparaverit,
2900 1292 3156 1344 malorum
3183 1293 3498 1348 artiliciosus
3528 1309 3663 1349 con-

2089 1361 2381 1414 sitrtcinator
2405 1400 2420 1423 ,
2450 1368 2504 1415 et
2537 1361 2749 1428 sapiens
2795 1360 2845 1413 in
2904 1359 3176 1415 fraudibus
3208 1403 3222 1425 ,
3249 1373 3304 1417 et
3351 1363 3403 1417 in
3448 1364 3660 1421 insidiis

2088 1431 2288 1492 varius,
2302 1440 2356 1485 et
2378 1430 2526 1503 dives
2549 1432 2601 1503 in
2621 1430 3053 1503 machinamentis
3071 1431 3224 1486 malis
3248 1450 3260 1485 :
3280 1432 3534 1502 quosdam
3556 1445 3661 1503 ap-

2090 1505 2294 1575 paravit
2320 1501 2491 1575 quiin
2519 1501 2727 1575 pietatis
2745 1501 2931 1575 specie
2958 1502 3282 1575 militarent,
3299 1501 3366 1557 iet
3392 1501 3664 1575 disquisi-

2093 1570 2290 1624 tionem
2313 1571 2431 1644 fidei
2459 1582 2643 1644 contra
2688 1571 2846 1625 fidem
2876 1573 3098 1644 armavit
3126 1591 3139 1625 :
3171 1573 3375 1644 piisque
3411 1570 3662 1631 tinnitibus

2090 1641 2446 1713 ontttcntinnis
2467 1642 2767 1713 cupidinem
2808 1641 3000 1696 anima:
3041 1641 3422 1711 ctirruplricem
3454 1647 3658 1713 injecit,

2092 1711 2439 1786 et_Ecclesi_te
2476 1712 2710 1766 membra
2735 1722 2917 1770 contra
2955 1727 3027 1786 se
3071 1714 3296 1786 invicem
3339 1717 3392 1770 in
3423 1711 3539 1772 acie
3561 1711 3663 1786 po;

2092 1781 2238 1857 _sui_t,
2271 1792 2327 1836 ut
2352 1784 2517 1857 risum
2568 1797 2813 1851 maguum
2863 1782 3168 1857 emitteret,
3191 1785 3378 1840 videns
3423 1796 3517 1840 eos
3561 1781 3663 1857 qui

2094 1851 2258 1919 ipsius
2288 1853 2524 1907 consiliis
2552 1862 2827 1927 uterentur
2853 1853 2921 1906 ab
2947 1854 3063 1927 ipso
3087 1854 3321 1927 delusus,
3356 1870 3553 1927 perque
3571 1851 3658 1923 ea,

2091 1936 2211 1990 qtae
2234 1934 2417 1977 contra
2445 1938 2503 1978 se
2532 1933 2714 1978 mutuo
2743 1923 2994 1993 facerent,
3016 1924 3186 1993 ipsum
3212 1923 3557 1993 delectantes,
3577 1937 3656 1992 et,

2094 2006 2161 2045 ne
2210 2004 2330 2062 post
2379 1994 2638 2047 malorum
2691 1991 2905 2062 quidem
2957 1991 3358 2063 experientiam,
3388 1991 3661 2053 auctorem

2093 2064 2352 2116 malorum
2397 2075 2799 2132 cognoscentes.
2846 2063 2954 2118 Nos
2984 2065 3141 2133 igitur
3169 2075 3441 2120 vertamus
3472 2077 3661 2123 contra

2093 2141 2252 2206 caput
2275 2134 2589 2206 sceleratum
2614 2133 2826 2206 idquod
2853 2134 3022 2202 ipsum
3049 2135 3298 2203 delectat,
3325 2138 3544 2206 ejusque
3571 2137 3663 2192 lae-

2096 2201 2264 2256 titiam
2288 2213 2551 2258 mutemus
2572 2204 2622 2256 in
2647 2201 2883 2259 dolorem
2904 2216 2957 2259 et
2980 2206 3175 2260 luctum
3194 2201 3661 2263 inconsolabilem:

2094 2272 2462 2343 desideremus
2486 2284 2691 2343 pacem,
2722 2289 2879 2343 quam
2908 2275 3020 2329 odit
3047 2276 3139 2330 ille
3163 2284 3178 2330 ἑ
3202 2276 3508 2332 desinamus
3531 2279 3664 2343 dog-

2097 2294 2462 2329 uestueremus
2487 2294 2691 2343 pacem,
2722 2294 2879 2343 quam
2908 2294 3020 2329 oun
3047 2294 3139 2330 me
3163 2294 3178 2330 :
3202 2294 3508 2332 uesmamus
3531 2294 3602 2333 ao
3637 2309 3664 2320 -

2097 2342 2256 2397 matis
2299 2344 2459 2398 verba
2504 2343 2570 2398 ad
2621 2345 2868 2399 trutinam
2894 2346 3202 2400 examinare
3232 2364 3246 2399 :
3278 2354 3346 2402 ne
3375 2349 3507 2402 ultra
3534 2294 3665 2402 veg-

2095 2425 2215 2467 mus
2237 2413 2513 2469 doctorum
2545 2424 2843 2469 metrorum
2871 2428 2990 2469 esse
3009 2415 3254 2473 doctores
3285 2434 3300 2470 :
3324 2418 3448 2471 odio
3468 2418 3666 2474 habea-

2096 2497 2215 2536 mus
2244 2485 2635 2538 controversias
2666 2485 2784 2539 illas
2811 2488 2876 2538 ad
2906 2488 3231 2541 audientium
3275 2489 3609 2544 eversiotrem
3645 2508 3662 2545 :

2095 2553 2373 2625 credamus
2402 2565 2457 2608 ut
2494 2565 2668 2623 patres
2700 2555 3045 2611 tradiderunt.
3074 2552 3187 2613 Non
3213 2570 3396 2613 sumus
3425 2560 3664 2625 patribus

2097 2623 2467 2691 sapientiores,
2497 2639 2600 2678 non
2632 2638 2816 2679 sumus
2858 2627 3123 2696 magistris
3150 2632 3345 2683 nostris
3372 2623 3669 2684 accuratio—

2096 2707 2204 2757 res,
2234 2709 2338 2749 non
2378 2709 2562 2748 smnus
2592 2707 2858 2762 pastorum
2889 2709 3126 2766 pastores
3150 2739 3165 2763 ,
3196 2700 3291 2752 sed
3340 2710 3468 2754 Oves
3496 2716 3510 2751 :
3557 2715 3667 2755 non

2098 2773 2318 2832 pascunt
2359 2778 2486 2819 oves
2517 2774 2753 2836 pastores
2782 2782 2905 2820 suos
2935 2782 2948 2831 ;
2979 2767 3071 2821 sed
3102 2778 3361 2836 paStores,
3388 2780 3533 2823 oves.
3585 2769 3669 2824 Ad

2096 2848 2281 2903 pacem
2314 2849 2413 2889 nos
2460 2838 2667 2889 vocavit
2719 2835 2860 2891 Deus
2885 2878 2899 2899 ,
2934 2853 3037 2891 non
3083 2835 3146 2891 ad
3178 2841 3343 2892 rixam
3369 2855 3384 2903 ;
3410 2850 3467 2892 ttt
3494 2840 3668 2895 vocati

2095 2918 2298 2980 sumus,
2326 2904 2396 2958 ita
2427 2919 2753 2980 maneamus.
2777 2908 2904 2960 Cum
2920 2918 3150 2980 tremore
3174 2922 3507 2963 tevercamur
3523 2924 3670 2980 mys-

2098 2974 2253 3049 ticam
2276 2990 2510 3029 mensam
2530 3016 2546 3041 ,
2575 2977 2766 3049 inqua
2789 2978 3080 3033 cmlestiutn
3108 2981 3479 3049 mysteriorum
3511 2974 3669 3049 parti-

2094 3047 2243 3114 cipes
2264 3060 2448 3100 sumus
2479 3062 2492 3098 :
2524 3061 2590 3100 ne
2610 3047 2776 3100 simus
2803 3057 2986 3101 contra
3016 3062 3114 3103 nos
3140 3047 3282 3117 ipsos
3312 3047 3670 3105 mensascmto

2096 3126 2290 3180 sortes,
2313 3124 2363 3169 el
2394 3118 2548 3171 nobis
2589 3128 2771 3170 ntmuo
2796 3118 3104 3173 insidiantes
3136 3136 3149 3172 :
3175 3133 3243 3174 ne
3283 3123 3368 3173 hic
3391 3121 3668 3176 communi

2096 3200 2292 3257 mensa
2324 3186 2557 3241 fruentes
2583 3229 2598 3252 ,
2627 3196 2680 3240 et
2728 3196 2876 3241 extra
2909 3189 3037 3243 rixis
3065 3188 3230 3243 dediti
3261 3206 3274 3242 :
3304 3202 3372 3243 ne
3411 3190 3499 3245 hic
3524 3192 3671 3257 ejus-

2095 3256 2215 3328 dem
2266 3255 2384 3328 ildei
2410 3269 2502 3322 ,et
2544 3266 2691 3328 extra
2736 3258 3176 3328 alienigenarum
3216 3261 3283 3313 de
3329 3261 3479 3314 uoltis
3505 3255 3669 3314 etiam

2096 3326 2237 3380 dicat
2262 3326 2501 3383 Christus
2534 3346 2547 3382 :
2580 3327 2743 3381 Filios
2771 3326 2925 3397 genui
2955 3339 3007 3383 et
3031 3332 3248 3383 exaltari
3286 3340 3335 3383 et
3358 3332 3570 3383 metrici
3599 3346 3670 3385 ex

2096 3408 2257 3450 Carne
2282 3411 2402 3470 mea
2425 3439 2438 3455 .
2468 3400 2566 3468 ipsi
2604 3414 2718 3451 vero
2765 3408 3052 3466 spreverunt
3077 3416 3174 3454 me.
3208 3400 3324 3470 lpSe
3352 3412 3528 3455 autem
3551 3401 3674 3455 Ser-

2094 3468 2522 3540 vatoromuiutn,
2547 3470 2689 3537 pacis
2712 3479 2916 3535 auctor,
2946 3479 3180 3523 motuum
3212 3468 3437 3540 bellique
3459 3481 3667 3525 amato-

2095 3551 2207 3591 retn
2234 3537 2502 3592 diabolum
2530 3556 2559 3591 u
2593 3540 2744 3594 vobis
2783 3541 3012 3605 depellat
3039 3557 3051 3591 :
3084 3542 3195 3607 ipse
3224 3537 3383 3595 etiam
3412 3541 3671 3595 Ecclesiis

2097 3608 2207 3660 suis
2234 3609 2667 3677 tranquillitatem
2696 3610 2944 3664 conciliet
2972 3652 2986 3674 ,
3017 3613 3128 3678 ipse
3156 3624 3362 3665 sacrum
3390 3612 3529 3665 hunc
3556 3625 3673 3680 gre-

2094 3693 2212 3747 gem
2242 3691 2541 3745 conservet,
2571 3681 2683 3748 ipse
2709 3681 2882 3749 gregis
2908 3682 3188 3749 praesidem
3214 3683 3478 3735 custodiat
3505 3721 3520 3744 ,
3554 3683 3673 3746 ipse

2101 3750 2241 3815 piunt
2294 3758 2349 3803 et
2400 3750 2596 3804 Christi
2668 3760 2936 3804 atnantem
3000 3752 3370 3820 imperatorem
3425 3762 3674 3806 nostrum

2096 3827 2306 3890 tueatur
2345 3836 2358 3871 :
2391 3820 2503 3888 ipse
2548 3822 2598 3874 in
2636 3821 2815 3874 caulas
2842 3835 2966 3874 suas
2997 3833 3236 3875 errantes
3274 3836 3402 3877 oves
3427 3823 3669 3890 colligat.

2100 3888 2168 3961 Ut
2194 3889 2283 3954 ﬁat
2312 3906 2464 3943 unum
2495 3893 2622 3944 ovile
2642 3901 2689 3943 et
2731 3904 2861 3944 utras
2881 3902 3070 3961 pastor,
3100 3892 3153 3945 in
3182 3892 3394 3946 Christo
3422 3888 3676 3947 Jesu‘Do—

2095 3959 2239 4014 mino
2271 3970 2472 4026 nostro,
2502 3964 2584 4016 cui
2614 3962 2777 4031 gloria
2801 3961 2853 4014 in
2883 3959 3078 4015 secula
3120 3964 3441 4017 seculorum.
3472 3969 3669 4016 Amen.

425 4246 508 4309 Χ.
554 4266 863 4321 causam,
909 4266 969 4309 IN
1014 4265 1352 4309 EVANGBLII
1395 4256 1663 4323 Dtcwn,
1709 4268 1791 4311 nr
1835 4270 1918 4313 ne
1961 4272 1992 4314 ν

2096 4273 2397 4328 θιΝιτΑΤΕ,
2442 4268 2525 4314 ΕΤ
2564 4268 2770 4314 εειωο
2813 4264 3253 4311 Ποιιτιτυιιιυε
3318 4266 3402 4309 AD
3447 4266 3676 4315 LAPSAS

1890 4374 2207 4419 VIRGINES.

495 4519 703 4574 Nullum
756 4517 977 4582 muigma
1037 4515 1253 4569 tradidit
1300 4531 1476 4571 sermo
1518 4517 1607 4571 Dei
1670 4518 1997 4585 inconsulto,

427 4592 509 4643 vel
562 4608 590 4640 a
635 4589 805 4641 salute
855 4598 1030 4639 nostra
1083 4588 1334 4640 alienum.
1382 4585 1531 4642 Unde
1587 4603 1716 4643 vero
1763 4599 1994 4645 mentem

427 4676 598 4716 meatu
633 4657 916 4724 explicem,
950 4656 1254 4723 frequenter
1282 4658 1530 4724 cogitavi,
1562 4668 1613 4712 et
1653 4676 1763 4713 rem
1804 4661 1995 4713 exarui-

426 4733 571 4793 navi,
601 4742 657 4782 ttt
688 4727 917 4779 viderem
942 4728 1069 4796 quid
1098 4726 1197 4796 sibi
1231 4727 1357 4779 velit
1386 4726 1513 4780 illttd
1543 4730 1680 4796 quod
1711 4747 1738 4781 ει
1770 4730 1994 4784 Domino

426 4802 621 4857 dicitur
646 4800 697 4851 in
726 4795 1028 4865 Evangelio.
1066 4794 1241 4867 ldultis
1267 4797 1407 4867 enim
1447 4794 1611 4850 multa
1658 4814 1750 4867 per
1769 4801 1993 4865 parabo-

428 4870 531 4926 latn
582 4873 785 4923 locutus
819 4876 900 4919 est
928 4905 942 4929 ,
973 4867 1091 4919 aliis
1126 4866 1359 4919 dil'licdia
1402 4866 1692 4933 explicans,
1722 4870 1840 4922 aliis
1868 4885 1996 4925 vero

429 4941 671 4997 revelatis
697 4952 759 4990 ea
784 4951 899 5005 qute
925 4936 1073 4989 nobis
1101 4935 1239 4988 clara
1265 4948 1423 5000 sunt,
1453 4951 1572 4990 cum
1600 4943 1667 4991 de
1695 4941 1866 4994 salute
1886 4956 1997 4994 ver-

430 5012 493 5066 ba
524 5008 646 5063 facit
676 5046 692 5074 ,
725 5017 904 5073 utpote
932 5006 1101 5058 bonus
1145 5017 1199 5060 ct
1246 5005 1517 5078 honunum
1547 5022 1767 5078 amans,
1803 5012 2012 5078 perspi?

429 5096 585 5134 cutnn
637 5089 691 5131 et
732 5094 835 5129 non
884 5076 1407 5148 confusum_tradidit
1456 5076 1997 5148 tettigtnatum‘speCi-

431 5164 587 5211 tuen;
618 5147 807 5203 alicubi
852 5146 1064 5215 quidem
1098 5146 1247 5199 nobis
1274 5160 1303 5197 a
1335 5147 1493 5200 rebus
1540 5146 2001 5215 quotidiauis'ser-

432 5220 602 5274 monis
642 5221 745 5271 vim
801 5217 1067 5285 explicare
1112 5215 1439 5281 valentibus;
1487 5216 1680 5271 alicubi
1726 5234 1853 5273 vero
1884 5231 1998 5274 uta

431 5298 693 5357 conceptu
731 5303 944 5343 sensum
972 5288 1088 5356 ejus
1114 5285 1251 5355 quod
1274 5285 1466 5338 dicitur
1489 5287 1751 5341 ostendat.
1782 5289 2000 5345 Dicebat

434 5361 688 5416 Dominus
719 5375 732 5411 :
766 5360 990 5429 Angusta
1020 5369 1064 5410 et
1084 5368 1230 5429 arcta
1257 5357 1336 5429 via
1361 5367 1433 5409 est
1464 5397 1477 5418 ,
1505 5374 1631 5429 (μιαί
1644 5357 1780 5412 ducit
1825 5362 1893 5412 ad
1926 5362 2001 5414 vi-

432 5430 534 5485 tum
559 5473 573 5495 ,
601 5441 648 5483 et
687 5432 833 5499 pauci
847 5424 978 5481 sunt
1005 5428 1090 5497 qui
1133 5428 1388 5499 inveniunt
1418 5444 1545 5499 eam.
1602 5424 1729 5481 Lata
1759 5439 1923 5483 autem
1953 5438 2002 5483 et

431 5503 655 5559 spatiosa
688 5497 785 5552 tria
824 5509 894 5551 est
946 5513 1056 5566 qua
1100 5498 1239 5550 ducit
1288 5497 1356 5549 ad
1397 5498 1743 5562 perditionem,
1773 5501 2002 5554 ettnult':

428 5584 556 5624 snut
612 5570 702 5639 qui
757 5570 950 5621 intrant
1005 5583 1097 5636 per
1148 5583 1264 5623 eam
1330 5566 1557 5639 (Matth.
1595 5566 1703 5631 VII,
1740 5570 1847 5633 M,
1891 5568 1998 5637 15).

433 5638 892 5693 Constet-nationis
915 5647 996 5691 est
1019 5653 1214 5698 sermo,
1245 5638 1552 5702 ignorantia:
1573 5650 1655 5692 est
1684 5642 1868 5707 figura.
1895 5640 2003 5694 Cur

436 5708 599 5774 dicit,
644 5707 773 5761 Lata
814 5717 887 5760 est
933 5710 1015 5760 via
1058 5708 1124 5760 ad
1164 5708 1529 5774 perditionem?
1571 5710 1815 5762 Christus
1867 5709 2003 5764 hanc

433 5784 577 5840 viam
625 5791 729 5835 non
772 5778 1040 5842 declarat;
1075 5791 1177 5832 non
1207 5782 1348 5831 enim
1391 5792 1483 5846 per
1509 5777 1655 5832 illutn
1685 5778 1845 5834 [iebat
1877 5781 1999 5834 ista.

2106 4522 2198 4575 Est
2246 4522 2402 4590 igitur
2472 4521 2945 4576 commiserationis
3008 4520 3207 4576 dictum
3234 4563 3250 4587 ,
3303 4523 3526 4578 medelas
3590 4535 3677 4582 est

2100 4608 2345 4646 ωυηςεηιει.

2172 4609 2203 4642 ll
2331 4629 2345 4645 ο

2169 4608 2674 4716 υςᾛηθνοιεηιὶωη
2720 4676 2841 4731 erga
2884 4661 3163 4716 homines!
3197 4676 3229 4715 o
3259 4662 3465 4717 Domini
3505 4669 3677 4721 nostri

2099 4733 2315 4785 curam!
2345 4733 2499 4786 simul
2520 4742 2574 4785 et
2594 4734 2868 4785 victoriam
2897 4743 2950 4785 et
2975 4734 3181 4786 cladem
3212 4735 3479 4801 proponit,
3512 4738 3676 4791 simul

2100 4812 2155 4856 et
2194 4802 2527 4856 clementiam
2575 4812 2630 4855 et
2675 4803 2833 4857 talem
2885 4805 3218 4855 sententiam.
3271 4803 3442 4866 Novi,
3476 4805 3670 4873 inquit.

2103 4886 2259 4939 quam
2310 4873 2464 4943 labile
2505 4873 2574 4926 sit
2617 4887 2783 4937 genus
2830 4873 3114 4925 hutnantnn
3147 4912 3161 4935 ,
3191 4888 3348 4940 quam
3380 4874 3671 4943 alijeetutn,

2101 4957 2256 5014 quam
2280 4942 2501 5014 infirmis
2521 4944 2708 5014 oculis,
2733 4957 2888 5013 quam
2920 4944 3198 5014 lubricum,
3222 4959 3379 5011 quam
3406 4959 3673 5014 expugna-

2103 5012 2227 5077 liile,
2256 5028 2410 5081 quam
2436 5013 2627 5077 debile,
2659 5011 2812 5081 quam
2835 5021 2990 5080 captu
3028 5011 3180 5066 facile
3204 5056 3216 5075 ,
3244 5014 3342 5068 nisi
3370 5011 3491 5069 fide'
3517 5011 3677 5071 robo—

2103 5094 2265 5136 retur.
2291 5083 2502 5137 Audivit
2517 5084 2675 5136 latam
2687 5098 2805 5137 esse
2822 5083 2977 5138 viam.
3002 5093 3058 5136 et
3072 5084 3304 5137 accurrit
3319 5086 3455 5138 sicut
3475 5088 3590 5139 avis
3604 5086 3675 5140 ad

2105 5152 2379 5221 laqueum;
2400 5164 2672 5223 angustam
2702 5168 2821 5207 esse
2848 5153 3122 5217 audivit,et
3147 5155 3368 5209 salutem
3399 5154 3677 5223 fugit.novr

2103 5236 2166 5275 ex
2174 5223 2371 5294 plorata
2396 5222 2667 5294 utriusque
2695 5225 2935 5277 utilitate.
2956 5222 3116 5277 Lucta
3137 5226 3331 5293 quippe
3354 5222 3672 5294 postulatur,

2104 5301 2200 5363 eta
2220 5293 2393 5347 studio
2415 5293 2580 5363 fugit;
2622 5295 2953 5362 maximeque
2987 5309 3106 5345 cum
3136 5295 3283 5348 audit
3304 5293 3460 5349 illud:
3501 5296 3680 5349 Malm

2106 5362 2780 5433 Fibulatianesj'ustorunut
2797 5363 2859 5415 de
2873 5364 3101 5416 omnibus
3122 5364 3200 5417 Itis
3221 5366 3542 5419 liberabileos
3563 5365 3674 5419 Do-

2105 5434 2268 5503 minus
2286 5433 2643 5503 (Ps.XXXlll.
2664 5433 2758 5501 ΞΟ)
2781 5434 2873 5485 :ad
2898 5434 3268 5501 upitnlatorem
3291 5450 3395 5487 non
3420 5436 3675 5497 accurrit.

2105 5502 2201 5573 sed
2225 5501 2399 5570 fugant
2428 5505 2692 5573 capessit,
2726 5506 2968 5571 ignorans
2992 5519 3050 5558 se
3076 5504 3268 5557 bonum
3299 5505 3495 5567 fugere,
3517 5505 3678 5558 etde-

2111 5572 2287 5625 teriori
2305 5572 2594 5629 adltmrerc.
2616 5572 2661 5627 Ο
2686 5574 3063 5641 insipientiam!
3091 5574 3223 5627 Cum
3254 5574 3681 5637 audirestultc

2110 5641 2453 5713 tribulationes
2474 5645 2766 5713 justorum,
2804 5644 3038 5698 deiecisti
3058 5683 3074 5708 ,
3116 5660 3149 5695 ο
3179 5644 3367 5713 homo!
3413 5645 3545 5713 Cum
3574 5661 3676 5697 an-

2109 5712 2274 5776 dires,
2321 5712 2490 5767 Μαιω
2531 5714 2734 5783 ﬂagella
2777 5724 3045 5781 peccatoris
3092 5713 3268 5779 (Psal.
3313 5712 3674 5783 ΧΧΧι,ω›,

2110 5798 2215 5837 non
2258 5784 2567 5841 terreiactus
2601 5782 2691 5840 es!
2747 5784 2852 5839 imo
2889 5785 3060 5854 potius
3098 5783 3361 5854 ﬂagellum
3406 5782 3625 5839 timuisti
3649 5820 3678 5849 .
