4748 6520
250 607 313 661 n
1100 586 1105 593 ’
1559 604 1799 663 SPURIA
1838 605 2163 675 quaom.
3402 609 3464 660 is

247 722 365 790 quia
408 720 638 776 Ascendo
682 721 750 773 ad
800 718 998 773 Patrem
1046 735 1207 772 meum
1241 735 1257 772 :
1286 721 1336 791 si
1381 720 1521 775 enim
1559 736 1657 791 ego
1697 738 1799 776 non

247 792 429 845 abeam
451 829 466 851 ,
499 791 803 845 consolator
830 791 894 843 ad
923 804 1016 843 vos
1044 805 1143 843 neu
1176 790 1373 847 veniet.
1417 791 1526 860 Ego
1555 795 1707 854 abeo,
1749 802 1803 847 et

247 868 365 928 post
390 861 578 914 decem
605 861 718 914 dies
756 861 902 913 mitto
929 860 1336 925 consolatorem,
1365 872 1600 914 sanctum
1638 872 1689 915 et
1720 865 1799 914 vi-

247 930 547 984 viﬁcantem
574 931 837 997 Spiritum.
863 931 1032 999 Atque
1063 930 1152 982 illo
1180 929 1293 983 haec
1311 932 1538 992 dicente,
1560 946 1685 985 ecce
1707 947 1801 984 an-

248 999 487 1068 gelorum
534 1000 805 1053 multitudo
844 1001 1209 1053 circumciuxit
1244 1015 1383 1064 etim,
1431 1010 1484 1054 et
1522 1001 1797 1069 Seraphini

250 1070 626 1123 obumbrantes
659 1081 711 1124 et
745 1069 998 1135 dicentes,
1029 1070 1266 1132 Sanetus,
1299 1069 1535 1135 Sanctus,
1560 1072 1795 1133 Sanctus,

252 1138 496 1192 Dominus
525 1140 657 1193 Deus
683 1140 983 1193 mrcitttttm
1006 1155 1024 1200 ;
1050 1140 1199 1206 plena
1226 1142 1363 1194 enim
1392 1151 1511 1193 sunt
1531 1143 1720 1195 cmlum
1747 1153 1798 1195 et

252 1220 383 1261 terra
406 1209 562 1277 gloria
587 1212 693 1277 ejus
717 1208 865 1278 (Isai.
900 1209 984 1271 Vl,
1009 1211 1087 1275 3).
1116 1212 1191 1263 Ac
1214 1212 1389 1263 statim
1412 1211 1598 1265 nebula
1628 1212 1795 1266 lucida

254 1278 444 1349 obtexit
467 1287 713 1344 montem,
743 1291 796 1333 et
820 1279 967 1345 chori
1000 1279 1370 1349 prophetarum
1398 1282 1447 1333 in
1472 1292 1648 1335 monte
1672 1295 1798 1335 con-

253 1347 609 1418 gregabantur.
651 1350 813 1403 David
852 1360 1029 1402 autem
1059 1347 1177 1403 cum
1220 1350 1476 1418 spirituali
1505 1351 1706 1407 cithara
1745 1352 1794 1404 in

254 1417 419 1471 medio
440 1428 551 1473 erat
575 1419 950 1489 prophetarum
976 1417 1257 1489 ouiniunt;
1275 1429 1327 1472 et
1362 1418 1540 1474 Iesum
1580 1422 1799 1475 hortans

255 1498 306 1539 ut
330 1489 378 1541 in
402 1488 589 1543 caelum
615 1490 947 1552 ascenderet,
973 1490 1101 1542 dixit
1131 1506 1144 1540 :
1178 1488 1419 1543 Exaltare
1441 1507 1590 1557 super
1624 1490 1792 1553 (telas,

253 1557 414 1630 Deus;
438 1560 555 1630 etin
577 1576 773 1630 omnem
802 1570 986 1612 terram
1023 1559 1185 1629 gloria
1233 1571 1318 1630 tua
1352 1558 1696 1630 (PsaltLVI,
1731 1560 1797 1613 I2

248 1637 290 1700 ᾳ
318 1627 539 1691 XCVIII,
567 1628 642 1699 6).
673 1629 740 1683 Et
766 1627 1035 1700 aposuilis
1059 1631 1205 1691 dixit,
1257 1627 1493 1683 Exultate
1527 1629 1794 1684 Dominum

246 1695 403 1770 Deum
425 1695 668 1763 nostrain,
692 1710 739 1752 et
758 1695 967 1770 adorata
980 1699 1249 1752 scabellum
1290 1701 1472 1770 pedum
1512 1701 1643 1770 ejus,
1674 1716 1796 1769 quo-

245 1768 373 1820 niam
397 1780 626 1822 uinctum
649 1779 739 1825 est.
762 1769 830 1823 Et
853 1786 996 1834 ecce,
1027 1771 1089 1824 iis
1118 1768 1541 1838 inspicientibus,‘
1558 1768 1796 1824 sublatus

243 1848 338 1909 est,
368 1848 422 1891 et
448 1839 634 1909 nebula
662 1840 832 1893 lucida
862 1843 1063 1909 accepit
1085 1856 1225 1894 eum.
1257 1841 1426 1909 Atque
1453 1840 1640 1893 iterum
1666 1839 1796 1893 dicit

244 1906 493 1964 Dominus
516 1908 788 1979 discipulis
821 1908 974 1964 :Paa:
991 1906 1131 1963 vobis
1152 1926 1170 1963 :
1190 1906 1363 1979 paceni
1382 1926 1541 1963 meam
1566 1911 1632 1964 do
1657 1911 1795 1963 vobis

1908 721 2086 790 (Joan.
2130 720 2266 783 XIV,
2295 721 2407 785 9.7).
2459 720 2692 789 Cumque
2719 722 2817 774 hoc
2841 720 3064 782 dixerat,
3096 735 3199 774 non
3239 724 3465 790 amplius

1906 793 2272 860 aspiciebatur.
2307 792 2436 845 Cum
2480 801 2655 844 autem
2701 792 2857 843 David
2910 800 3151 860 cerneret
3186 792 3327 860 quod
3359 792 3460 846 Do-

1906 858 2079 915 minus
2120 862 2169 914 in
2218 862 2408 915 cmlum
2456 863 2803 926 ascenderat;
2836 861 3027 914 iterum
3054 858 3361 921 delectatus,
3402 879 3460 917 ac

1907 934 2118 998 pulsans
2154 933 2407 984 citharam
2453 931 2773 996 spiritualeut
2797 971 2811 994 ,
2842 930 2973 983 dixit
3005 946 3019 980 :
3054 930 3287 984 Ascendit
3326 929 3461 985 Deus

1903 1002 1955 1053 in
1981 1003 2145 1070 jubito
2168 1041 2183 1065 ,
2214 1011 2260 1054 et
2302 999 2548 1053 Dominus
2573 1000 2624 1052 in
2666 1016 2780 1053 voce
2804 999 2932 1070 tuba:
2961 1000 2978 1064 (
2996 998 3137 1070 Psal.
3174 999 3350 1062 XLVI,
3381 1000 3458 1069 6).

1906 1069 2058 1124 Pater
2099 1072 2320 1138 desuper
2362 1070 2660 1123 acclamatis
2697 1069 3275 1134 dixit,,Sedeadeatris
3318 1073 3458 1136 meis,

1902 1142 2058 1193 donec
2094 1158 2277 1209 ponam
2315 1141 2543 1209 inimicos
2592 1152 2700 1193 tuos
2750 1139 3020 1193 scabellum
3051 1139 3232 1207 pedum
3264 1150 3458 1192 tuorum

1902 1210 2058 1280 (CIX,
2091 1208 2165 1274 i).
2198 1211 2274 1264 Tu
2300 1224 2359 1263 es
2383 1208 2549 1280 Filius
2574 1226 2709 1263 meus
2736 1210 2964 1271 dilectus,
2988 1211 3039 1261 in
3059 1225 3159 1279 quo
3181 1210 3303 1262 mihi
3323 1226 3458 1263 com-

1900 1278 2072 1350 placui
2118 1280 2350 1350 (Mattbﬁ.
2397 1278 2483 1343 Ill,
2530 1281 2653 1349 l7);
2688 1291 2741 1334 tu
2792 1296 2849 1333 es
2903 1278 3080 1348 agnus
3097 1294 3264 1343 meus,
3302 1290 3355 1333 tu
3404 1294 3465 1334 es

1899 1348 1950 1403 in
2000 1350 2245 1418 principio
2298 1348 2511 1403 Verbum
2548 1348 2722 1404 meum
2769 1363 2972 1419 verum.
3027 1357 3080 1402 tu
3127 1364 3183 1402 es
3228 1351 3460 1419 potentia

1901 1436 2037 1482 mea,
2084 1429 2137 1474 tu
2166 1436 2223 1474 es
2253 1421 2504 1487 sapientia
2553 1435 2686 1472 mea.
2739 1419 2803 1474 Et
2843 1435 2908 1474 eo
2948 1418 3000 1472 in
3038 1419 3229 1473 celum
3273 1433 3456 1473 ascen-

1899 1491 2056 1545 dente
2078 1531 2093 1551 ,
2137 1504 2322 1543 omnes
2352 1489 2640 1543 Potestates
2668 1489 2957 1543 adorabunt
2984 1488 3130 1543 illum
3163 1505 3178 1553 ;
3222 1488 3461 1557 seditque

1899 1577 1926 1613 a
1968 1561 2170 1613 dextris
2216 1560 2405 1622 Patris,
2444 1575 2565 1613 cum
2608 1560 2946 1625 adimplesset
2985 1573 3196 1613 omnem
3243 1573 3460 1613 tecono-

1901 1632 2057 1684 miam
2077 1671 2092 1695 ,
2114 1629 2576 1683 cunsbnstaniialis
2603 1629 2739 1682 Patri
2777 1630 3038 1691 existens,
3069 1628 3303 1695 ejusdem
3355 1643 3451 1695 po-

1901 1701 2099 1762 tentim,
2136 1714 2234 1752 una
2264 1700 2529 1761 divinitas,
2554 1715 2652 1751 una
2685 1708 2936 1767 potestas,
2980 1698 3148 1767 Patris
3176 1707 3230 1752 et
3260 1697 3375 1754 Filii
3404 1707 3461 1752 et

1899 1770 2128 1837 Spiritus
2149 1769 2313 1822 sancti
2345 1786 2357 1818 :
2390 1784 2546 1837 quam
2577 1766 2887 1822 Trinitatem
2918 1782 3014 1821 nos
3043 1766 3222 1821 ﬁdeles
3259 1768 3452 1821 adura-

1900 1854 2055 1901 mus,
2107 1854 2245 1893 nunc
2281 1847 2336 1892 et
2378 1853 2626 1908 semper,
2680 1848 2734 1892 et
2793 1839 2846 1893 in
2904 1838 3078 1893 secula
3135 1839 3454 1893 seculorum.

1899 1912 2086 1963 Amen.

241 2135 299 2175 IN
344 2134 570 2177 conice
611 2134 715 2177 ns.
761 2133 1178 2182 consumam,
1222 2133 1382 2176 non.
1444 2133 1687 2188 Lxxvu,
1733 2133 1792 2175 P.
1848 2113 1979 2184 M7,
2034 2133 2303 2177 uoutLu
2360 2132 2637 2185 sequens
2707 2132 3024 2175 HABETUR.
3084 2132 3196 2174 usr
3244 2135 3457 2179 aurea

316 2232 522 2275 CODEX
563 2231 631 2273 XI
673 2231 915 2285 SECULI,
960 2229 1353 2284 HULTUMQUE
1386 2231 1731 2275 DISCBEPAT
1758 2233 1838 2276 ΔΒ
1864 2232 2236 2276 APOGRAPIIO
2277 2233 2339 2276 ν.
2385 2232 2480 2275 CL.
2528 2231 2757 2276 DOMINI
2799 2232 3067 2290 TAYLOB,
3112 2236 3218 2289 QUI
3267 2238 3454 2282 ιιιΑιι

319 2332 681 2375 εχεοιιιρειτ
722 2333 807 2374 El
848 2330 1099 2384 CODICE,
1143 2330 1250 2373 UB!
1291 2331 1508 2374 HAGNA
1550 2331 1703 2375 PARS
1744 2331 2028 2376 HOMILIB
2068 2332 2132 2374 IN
2176 2331 2323 2374 FINE
2365 2331 2828 2375 υκειυκιυιτυιι.

238 2476 458 2518 SANCTI
505 2476 721 2519 PATRIS
762 2475 987 2519 NOSTRI
1026 2475 1283 2519 JOANNIS
1309 2475 1763 2532 CHRYSOSTOII,
1794 2478 2113 2538 ARCIIIEPIS

1579 2477 1763 2532 LTOII,
1794 2477 2267 2538 Αιιοψειιιεαοιη
2300 2477 3050 2529 CONSTANTINOPOLITANI.
3084 2481 3347 2526 BOMILIA
3393 2487 3454 2528 ΙΝ

924 2573 1215 2619 STAGNUM
1254 2575 1642 2634 GENESARET,
1687 2578 1766 2621 ΕΤ
1807 2579 1872 2622 IN
1916 2578 1968 2621 8.
2014 2577 2268 2621 PETRUII
2313 2577 2706 2622 APOSTOLUII.

308 2706 531 2772 Quando
558 2704 781 2760 celebris
815 2714 897 2759 est
935 2707 1203 2774 magister,
1235 2715 1359 2761 tunc
1383 2707 1668 2775 discipulus
1708 2716 1792 2763 est

230 2777 682 2847 obsequens,tunc
700 2776 983 2846 discipulus
998 2776 1187 2831 bonam
1201 2791 1347 2845 spem
1367 2778 1522 2831 habet
1543 2795 1555 2829 :
1580 2778 1790 2847 quando

228 2848 488 2915 magister
510 2856 590 2900 est
613 2846 824 2917 alacris,
857 2856 979 2901 tunc
1000 2847 1138 2902 idem
1166 2847 1413 2917 magister
1436 2846 1635 2901 lucrum
1667 2863 1790 2916 per-

225 2917 360 2986 cipit
385 2935 400 2970 :
428 2930 547 2969 cum
573 2916 857 2984 discipulus
874 2917 1203 2986 diligentiam
1230 2916 1463 2975 exhibet.
1497 2928 1621 2971 tunc
1652 2919 1790 2972 idem

222 2987 519 3057 discipulus
547 2987 779 3056 magistri
821 2997 987 3041 artem
1018 2989 1214 3055 excipit
1238 3029 1253 3052 ,
1298 2987 1509 3056 quando
1535 2991 1790 3043 exercita-

224 3060 427 3112 tionem
456 3066 513 3110 ut
538 3068 740 3126 gratam
770 3058 1124 3126 amplectitur.
1147 3057 1289 3111 Alias
1314 3057 1456 3111 enim
1486 3072 1588 3110 non
1617 3066 1790 3126 potest

224 3143 461 3194 unquam
497 3127 752 3196 magister
773 3126 1090 3192 enitescere,
1120 3129 1219 3181 nisi
1249 3127 1490 3195 dIrCIPUII
1520 3126 1788 3183 lucernam

217 3212 504 3251 accensam
533 3198 763 3251 inveniat
790 3197 908 3251 oleo
936 3196 1132 3252 amoris
1157 3197 1450 3266 disciplina:
1477 3198 1743 3266 irrigatum
1770 3214 1784 3250 :

217 3278 273 3320 et
297 3266 437 3321 alias
478 3283 583 3320 non
613 3276 785 3335 potest
809 3266 1096 3337 discipulus
1120 3267 1418 3337 Splemlere,
1448 3267 1547 3320 nisi
1577 3269 1788 3336 sapien-

219 3339 304 3392 tiai
328 3339 476 3393 rivos
498 3337 706 3392 abunde
729 3335 978 3407 magister
997 3336 1250 3391 effundat.
1275 3335 1402 3390 Nam
1427 3339 1631 3406 utrique
1644 3335 1788 3407 parti

212 3422 377 3464 cursu
418 3423 558 3477 Opus
586 3417 669 3461 est
692 3416 741 3460 et
767 3406 1034 3472 diligentia
1056 3449 1072 3472 ,
1103 3417 1153 3461 et
1186 3415 1243 3460 ut
1285 3408 1471 3462 melius
1508 3406 1785 3463 :ediliéium

212 3488 582 3539 construatur,
603 3487 882 3544 utrumque
896 3488 1099 3546 oportet
1120 3493 1213 3532 sua
1236 3492 1331 3545 pro
1353 3477 1489 3531 virili
1509 3478 1783 3534 conferre:

210 3547 281 3600 ita
306 3559 364 3603 ut
391 3550 480 3603 hic
500 3547 718 3617 quidem
741 3546 968 3616 linguam
990 3555 1164 3612 acuat,
1193 3547 1280 3601 ille
1299 3563 1426 3602 vero
1450 3563 1602 3602 aures
1624 3549 1786 3616 probe

208 3617 464 3675 adhibeat
487 3636 509 3671 :
536 3626 595 3672 et
615 3617 700 3671 hic
726 3618 938 3685 quidem
968 3617 1290 3671 intellectum
1319 3619 1783 3679 beneinstructum

212 3685 425 3755 habeat,
456 3691 553 3744 ille
585 3702 714 3742 vero
742 3696 972 3741 mentem
1003 3688 1335 3755 tranquillam
1375 3688 1626 3755 prmbeat.
1663 3688 1784 3742 Huic

209 3768 384 3812 autem
412 3776 524 3814 non
560 3759 733 3813 solum
760 3759 812 3811 in
840 3757 999 3811 rebus
1024 3759 1293 3826 corporeis
1318 3760 1613 3812 necessaria
1639 3766 1780 3824 sunt,

207 3829 296 3880 sed
336 3832 502 3884 etiam
558 3829 613 3883 in
654 3827 1013 3896 Spiritualibus
1054 3828 1306 3882 curanda.
1352 3828 1496 3883 Sicut
1539 3829 1679 3882 enim
1729 3828 1781 3882 in

207 3902 480 3968 corporeis
509 3915 621 3953 non
645 3899 798 3968 aliter
825 3913 957 3966 puer
977 3912 1007 3952 a
1034 3897 1177 3966 virga
1200 3898 1471 3963 liberatur,
1497 3913 1652 3968 quam
1676 3897 1782 3953 dis-

204 3966 416 4040 ciplinis
443 3967 781 4040 invigilando
808 3985 822 4022 :
852 3970 920 4021 ita
946 3972 1103 4040 etiam
1133 3968 1184 4020 in
1208 3966 1781 4040 doctrinisspiritualif

206 4036 322 4098 bus,
345 4056 453 4095 non
470 4036 637 4094 alit'er
658 4053 687 4091 a
708 4038 1147 4093 condemnatione
1170 4038 1458 4093 absolvitur
1481 4036 1658 4102 hamo,
1683 4038 1781 4092 nisi

204 4106 254 4158 in
301 4108 419 4180 lege
467 4109 707 4172 Domini,
744 4116 810 4180 ut
844 4109 918 4161 ait
967 4107 1243 4180 prOpheta,
1284 4108 1564 4163 meditetur
1600 4108 1782 4180 dieac

202 4176 374 4234 nocte:
406 4181 549 4236 Cum
597 4182 714 4233 haec
741 4179 898 4248 igitur
923 4180 990 4231 ita
1021 4191 1089 4248 se,
1106 4176 1334 4232 habeant
1357 4220 1372 4245 ,
1403 4186 1457 4232 et
1483 4193 1667 4248 omnes
1699 4177 1782 4232 hic

203 4261 497 4312 praesentes
529 4251 708 4304 simus
740 4248 933 4304 Christi
959 4247 1301 4314 condiscipuli
1328 4265 1342 4314 ;
1372 4263 1534 4303 unum
1560 4247 1702 4301 enim
1729 4255 1783 4303 et

199 4319 446 4389 eumdem
481 4320 754 4375 habemus
793 4332 978 4389 omnes
1018 4316 1365 4389 institutorem
1396 4328 1451 4371 et
1483 4317 1778 4389 doctorem,

196 4384 495 4454 Christum,
516 4389 823 4445 secundum
851 4386 977 4441 illud
1017 4386 1248 4440 divinum
1274 4388 1473 4442 dictum
1496 4429 1511 4453 ,
1545 4386 1612 4441 Et
1638 4396 1781 4442 erunt

198 4471 367 4529 omnes
394 4462 653 4515 docibites
678 4458 768 4512 Dei
792 4455 1061 4529 (Joan.Vl_,
1085 4455 1175 4527 45)
1197 4472 1212 4509 :
1238 4472 1356 4528 age,
1385 4458 1542 4512 hodie
1571 4472 1780 4529 quoque

195 4526 461 4597 duplicem
492 4531 745 4585 auditum
766 4570 781 4593 ,
802 4526 1134 4597 VSpiritualem
1156 4526 1346 4597 nempe
1366 4538 1421 4583 et
1439 4526 1775 4595 corporeum,

197 4594 353 4653 latius
397 4614 738 4670 apparentus
765 4594 1163 4670 ad'doctrinam
1198 4594 1778 4670 Dor—ninisut’verbum

194 4671 341 4734 quasi
364 4666 558 4727 semen
575 4670 908 4738 excipientes
932 4683 998 4723 ex
1026 4666 1289 4721 fructuosa
1312 4668 1399 4722 illa
1424 4668 1779 4738 obsequentia:

194 4741 360 4808 spica,
408 4737 965 4809 possimus’fructum
1017 4737 1251 4809 prol‘erre
1295 4740 1379 4793 vel
1431 4737 1775 4807 trigesimum,

197 4810 273 4862 vel
304 4808 775 4882 sexagesimum,
824 4809 909 4882 vel
953 4808 1320 4882 centesimum.
1376 4808 1582 4882 Audisti
1636 4812 1776 4882 enim

191 4881 352 4934 modo
397 4877 609 4951 Lucam
660 4878 1036 4951 evangelistam
1079 4877 1392 4951 clamantem
1437 4895 1451 4932 :
1498 4879 1780 4934 Ascendens

191 4959 359 5004 autem
385 4950 547 5007 Iesus
571 4953 630 5005 in
658 4948 823 5004 uitaui
845 4950 1011 5020 navim
1039 4948 1560 5020 qute_erat§intonis,
1586 4951 1780 5020 rogavit

191 5034 303 5090 eum
330 5039 365 5074 a
393 5034 538 5076 terra
576 5022 826 5075 reducere
853 5016 1090 5088 pusillum
1117 5016 1266 5090 (Luc.
1305 5017 1367 5085 ν,
1404 5018 1481 5087 5).
1512 5018 1577 5073 Et
1603 5016 1779 5074 sedens

191 5089 396 5146 docebat
422 5093 490 5147 de
514 5093 767 5146 navicula
792 5092 978 5144 turbas.

258 5162 456 5218 Vidisti
500 5162 754 5232 Magistri
785 5160 1013 5232 divinam
1034 5156 1338 5232 doctrinam
1360 5157 1583 5232 ?7vidisti
1614 5160 1778 5232 turbae

189 5234 475 5288 amabilem
512 5228 937 5287 coliectionem?
964 5228 1141 5283 vidisti
1181 5229 1558 5298 discipulorum
1587 5231 1778 5285 animae

191 5304 370 5359 utilem
418 5301 812 5372 diligentiam?
853 5300 1026 5372 vidisti
1078 5298 1350 5372 hominum
1391 5298 1647 5372 mercede
1700 5300 1777 5354 di-

188 5386 340 5440 gnam
374 5367 884 5442 perseverautiam?
909 5369 1042 5442 Num
1068 5369 1186 5442 quis
1212 5383 1275 5422 ex
1303 5367 1639 5442 audientibus
1668 5385 1779 5424 ver-

191 5438 309 5499 bum
342 5438 437 5499 Dei
469 5441 713 5497 affectus
737 5450 817 5495 est
849 5440 1025 5504 taedio,
1057 5439 1199 5509 vela
1229 5448 1414 5509 stagno
1453 5438 1601 5509 abiit,
1633 5442 1712 5493 vel
1745 5457 1775 5491 a

191 5527 365 5570 monte
402 5511 724 5574 descendit,
766 5511 849 5565 vel
882 5510 1084 5580 rogavit
1122 5508 1325 5580 dicens,
1351 5520 1413 5580 ut
1441 5508 1619 5580 aliqui
1644 5524 1777 5577 pra:-

192 5587 416 5639 sentium
450 5602 466 5637 :
494 5583 614 5638 Cur
642 5578 1217 5636 sermonem'extendis
1240 5620 1254 5646 ,
1284 5578 1572 5647 magister?
1610 5579 1777 5634 habeo

193 5654 324 5720 quod
355 5669 539 5725 agam,
568 5660 971 5725 exsiiectatme
995 5651 1222 5725 societas
1245 5653 1504 5725 quaedam,
1545 5649 1775 5704 nondum

193 5725 250 5795 ad
275 5720 567 5795 prandium
596 5721 908 5795 necessaria
934 5721 1059 5795 emi,
1086 5720 1295 5795 lavandi
1326 5727 1531 5795 tempus
1554 5731 1773 5788 printer-

192 5787 512 5860 iitfdemum
558 5803 737 5849 aestus
779 5806 863 5845 me
889 5790 1098 5860 invasit.
1144 5787 1279 5842 Num
1310 5789 1428 5860 quis
1453 5803 1515 5842 ex
1548 5787 1778 5858 praesen-

195 5857 345 5933 tibus,
386 5868 482 5923 illo
523 5875 803 5932 tempore,
833 5860 1056 5933 Domino
1084 5858 1269 5933 horum
1295 5857 1561 5927 quidpiam
1602 5860 1778 5933 dixit?

192 5929 533 6007 δαμιὶιίιυοηι
583 5929 858 6007 profecto.
889 5930 1111 5995 Quare?
1148 5929 1279 5995 Quia
1313 5940 1575 6007 noverant
1607 5932 1775 6007 ipsum

196 5998 323 6060 bona
361 5998 546 6062 timuit!
586 5998 787 6060 dicere
812 6001 864 6056 in
897 6012 1133 6067 tempore
1170 6014 1285 6053 suo.
1330 5998 1576 6052 Introiisti
1610 6002 1660 6054 in
1690 6016 1777 6056 ec-

198 6076 402 6135 ciesiam
448 6078 572 6142 Dei,
619 6076 827 6144 dignus
864 6069 1073 6126 habitus
1114 6084 1171 6126 es
1217 6069 1413 6125 Christi
1452 6071 1773 6139 congressu:

1902 2708 2005 2764 nisi
2032 2708 2330 2767 dimittaris.
2371 2724 2439 2765 ne
2465 2725 2624 2765 exeas
2650 2727 2663 2774 ;
2708 2711 2751 2764 si
2776 2711 2917 2766 enim
2944 2724 3067 2767 ante
3091 2714 3453 2772 dimissionem

1901 2795 2079 2855 exeas,
2115 2790 2170 2834 ut
2197 2779 2448 2855 fugitivus
2471 2780 2606 2855 viam
2628 2780 2830 2855 dirigis.
2863 2782 2964 2837 Sex
2985 2783 3169 2855 diebus
3199 2786 3250 2840 in
3270 2802 3456 2855 corpo-

1898 2850 2095 2905 ralibus
2137 2851 2431 2922 occuparis,
2471 2859 2525 2906 et
2565 2850 2769 2906 duabus
2816 2851 2960 2922 horis
2998 2854 3048 2906 in
3094 2850 3454 2922 spiritualiims

1899 2934 2128 2975 versare.
2157 2920 2271 2974 Noli
2305 2920 2387 2974 hic
2414 2922 2734 2976 contristari.
2762 2930 2813 2976 et
2838 2921 2979 2977 foras
3004 2920 3184 2979 hilaris
3210 2940 3360 2986 esse;
3389 2945 3456 2985 ne

1897 2989 1983 3061 hic
2004 2991 2222 3055 nutatio,
2246 2999 2299 3061 et
2321 2988 2449 3045 l'oris
2474 2992 2697 3044 attentio
2721 3008 2736 3056 ;
2760 2993 2863 3044 noli
2889 2994 2972 3046 hic
2993 2992 3227 3061 laudare,
3249 3008 3301 3050 et
3329 2997 3456 3054 loris

1900 3060 2212 3127 vituperare.
2244 3059 2349 3115 Res
2388 3061 2589 3114 Domini
2619 3062 2930 3128 apponimus
2961 3081 2973 3116 :
3004 3080 3069 3117 an
3101 3059 3226 3120 vero
3252 3066 3455 3123 fabulas

1896 3129 2159 3204 loquimur
2179 3131 2211 3204 ξ
2231 3129 2606 3204 prophetarum
2630 3132 2788 3184 verba
2820 3131 3038 3204 legimus
3068 3152 3080 3184 :
3108 3149 3174 3187 an
3217 3152 3340 3191 vero
3361 3139 3455 3204 ju.

1894 3208 2006 3255 stos
2043 3200 2380 3254 fastidimus?
2408 3202 2765 3269 apostolorum
2804 3201 3121 3257 mentianem
3154 3200 3406 3261 habemus
3437 3228 3450 3262 :

1892 3285 1959 3325 an
1982 3285 2109 3343 vero
2133 3281 2308 3338 patres
2338 3269 2486 3343 nihili
2525 3271 2741 3343 iacimus
2769 3270 2791 3322 ?
2820 3270 2881 3343 In
2907 3271 3165 3326 theatrum
3196 3289 3335 3343 szepe
3362 3292 3463 3332 εδδ--

1891 3342 2093 3405 condis,
2124 3349 2179 3395 et
2196 3348 2318 3394 ante
2343 3340 2700 3395 dimissionem
2724 3357 2826 3395 non
2853 3342 3164 3407 descendis;
3197 3345 3248 3397 in
3274 3340 3452 3401 eccle-

1891 3410 2024 3483 siam
2052 3426 2181 3483 vero
2206 3411 2398 3483 intras,
2429 3419 2482 3483 et
2510 3422 2632 3483 ante
2656 3412 2827 3483 divina
2858 3415 3103 3482 mysteria
3142 3416 3451 3482 egrederis?

1889 3479 2064 3535 Metue
2105 3480 2251 3535 illum
2286 3482 2372 3549 qui
2420 3481 2551 3534 dixit
2592 3498 2604 3533 :
2640 3481 2740 3547 Qui
2782 3479 3045 3535 contemnit
3091 3479 3214 3547 reni,
3259 3485 3322 3538 ab
3361 3487 3451 3541 illa

1888 3560 2245 3623 contemnetur
2281 3551 2458 3623 (_l’rov.
2488 3549 2624 3617 XIII,
2660 3554 2766 3623 15).
2795 3552 2931 3623 Quid
2962 3568 3088 3619 ergo
3115 3554 3241 3607 dicit
3280 3555 3449 3610 Lucas

1887 3620 2250 3691 evangelista?
2280 3620 2495 3674 Factum
2532 3631 2603 3675 est
2636 3620 2749 3675 cum
2799 3622 2943 3676 turba
2993 3625 3201 3677 irrueret
3259 3626 3310 3677 in
3356 3625 3441 3680 Je-

1886 3706 2018 3766 s‘um.
2038 3703 2083 3766 et
2099 3692 2206 3756 ipse
2222 3691 2385 3766 stabat
2408 3708 2549 3766 sectis
2573 3701 2801 3766 stagnum
2817 3693 3092 3766 ﬁenesaret
3111 3692 3263 3760 (Luc.
3279 3694 3344 3758 V,
3372 3697 3445 3766 I).

1886 3758 1932 3814 Ο
1961 3761 2178 3834 peritan
2220 3761 2423 3834 Domini
2448 3758 2739 3817 doctrinam
2764 3765 2777 3817 l
2807 3762 2994 3817 ﬂuvius
3020 3758 3173 3834 secus
3196 3758 3439 3834 stagnum

1886 3830 2059 3884 stabat
2080 3845 2103 3901 ς)
2120 3833 2224 3884 imo
2242 3846 2368 3886 vero
2392 3832 2661 3887 hominum
2686 3836 2913 3900 piscator
2931 3835 3073 3888 venit
3093 3833 3158 3886 ad
3181 3830 3444 3901 stagnum,

1887 3907 1944 3974 t_tt
1981 3900 2470 3974 piscium__captores
2496 3913 2730 3974 caperet.
2759 3902 2898 3956 Nihil
2925 3905 3067 3957 enim
3097 3900 3280 3957 inutile
3307 3907 3444 3974 apud

1886 3969 2165 4023 Dominum
2190 3969 2491 4024 Christum:
2521 3969 2624 4024 non
2649 3972 2816 4035 locus,
2844 3986 2948 4025 non
2979 3986 3174 4034 sermo,
3196 3988 3299 4026 non
3328 3969 3445 4029 teni.

1885 4053 2028 4107 gma,
2057 4053 2160 4092 non
2190 4047 2484 4109 suggestus.
2513 4040 2643 4107 Quia
2668 4041 2807 4094 enim
2833 4041 3039 4105 Petrus,
3073 4042 3328 4109 Andreas,
3359 4044 3444 4099 .Ia-

1885 4106 2048 4162 cobus
2088 4116 2143 4162 et
2182 4106 2413 4182 Joannes
2454 4109 2506 4182 in
2542 4106 2736 4182 stagno
2773 4110 3061 4165 Genesarct
3110 4106 3442 4182 piscatoriam

1884 4188 2052 4231 artem
2081 4179 2430 4244 exercebant,
2460 4179 2512 4233 in
2539 4181 2762 4235 occultis
2790 4196 2937 4248 spem
2968 4179 3219 4237 habentes
3238 4224 3252 4247 ,
3281 4186 3443 4240 scissa

1885 4248 2013 4301 retia
2037 4248 2314 4317 jacientes,
2341 4264 2460 4303 cum
2490 4251 2748 4305 immenso
2779 4251 3034 4319 profundo
3058 4262 3441 4320 concertantes,

1884 4320 2182 4390 nescientes
2229 4333 2479 4389 quorsum
2522 4331 2731 4375 vertere
2775 4335 2833 4375 se
2869 4333 3156 4390 oporteret,
3215 4322 3445 4379 furantes

1884 4389 2049 4462 magis
2075 4405 2231 4458 quam
2256 4390 2576 4462 laborantes,
2606 4389 2917 4462 inescantes
2940 4393 3111 4460 potius
3138 4408 3293 4462 quam
3320 4410 3445 4447 sua-

1882 4459 2098 4532 dentes:
2126 4475 2246 4515 nam
2271 4461 2387 4516 sine
2410 4459 2593 4532 fraude
2623 4461 2780 4532 piscis
2804 4476 2906 4532 non
2936 4459 3139 4530 capitur
3156 4459 3185 4532 ’ξ
3213 4462 3309 4517 hos
3341 4462 3445 4516 Do-

1883 4529 2077 4598 minus,
2104 4532 2281 4586 divino
2321 4532 2377 4585 et
2420 4529 2857 4599 erroris'experte
2886 4529 3097 4596 intuitu,
3125 4531 3191 4585 ad
3223 4532 3441 4600 piscium

1882 4614 2151 4672 capturum
2177 4612 2329 4672 aptos
2356 4615 2702 4670 cognoscens,
2729 4601 2793 4655 ad
2817 4610 3056 4670 stagnum
3077 4602 3222 4655 venit
3242 4612 3301 4672 ut
3324 4602 3443 4657 illus

1882 4671 2111 4725 vicissim
2137 4671 2327 4741 sagena
2357 4680 2589 4740 caperet.
2620 4687 2722 4726 non
2748 4672 2890 4740 jacio
2916 4673 3019 4741 reti.
3043 4687 3190 4735 usus,
3215 4671 3308 4726 sed
3331 4688 3443 4727 ser-

1881 4755 2039 4811 mone
2081 4742 2145 4793 ad
2190 4740 2610 4808 persuadendum
2653 4751 2973 4811 opportuno.
3010 4740 3079 4796 Et
3122 4744 3244 4810 quia
3260 4754 3447 4811 supra-

1880 4809 2004 4865 dicti
2029 4811 2274 4879 apostoli,
2297 4812 2547 4882 naviculis
2561 4809 2802 4882 stagnum
2826 4809 3251 4880 percursantibus
3276 4809 3442 4867 liden-

1882 4889 1984 4952 tes,
2013 4895 2115 4934 non
2144 4881 2531 4952 cognoscebant
2557 4891 2609 4936 et
2635 4881 2802 4952 stagni
2836 4883 2974 4937 illius
2995 4891 3051 4937 et
3075 4883 3441 4937 universorum

1883 4948 2194 5022 Dominum;
2219 4948 2422 5005 idcirco
2456 4952 2604 5022 venit
2632 4948 2883 5006 Dominus
2910 4953 2962 5007 in
3001 4962 3264 5022 stagnum,
3292 4963 3350 5006 ut
3387 4962 3442 5006 et

1882 5020 2062 5091 turbas
2086 5020 2323 5086 doceret,
2346 5030 2401 5075 et
2417 5021 2705 5091 piscatores
2729 5021 2887 5077 hamo
2904 5020 3134 5091 raperet.
3156 5022 3290 5090 Quid
3316 5034 3443 5089 ergo

1880 5087 2008 5144 dicit
2033 5091 2393 5159 evangelista?
2418 5087 2700 5145 Ascendeus
2723 5101 2888 5145 autem
2909 5087 3059 5147 Jesus
3087 5092 3141 5144 in
3169 5087 3322 5144 unam
3347 5087 3443 5141 na-

1878 5159 2137 5283 uimruqua:
2170 5170 2279 5216 erat
2306 5160 2559 5226 Simonis,
2596 5168 2790 5231 rogavit
2828 5178 2942 5215 eum
2978 5178 3011 5214 a
3038 5171 3172 5214 terra
3210 5159 3443 5212 reducere

1881 5245 1992 5283 mist
2036 5245 2139 5283 um.

1881 5230 2139 5298 pusillum.

1952 5299 2113 5354 Vides
2158 5298 2423 5368 quomodo
2452 5300 2505 5353 in
2543 5300 2715 5353 navim
2754 5299 3025 5360 ascendit,
3055 5298 3141 5364 qui
3181 5295 3302 5368 navi
3337 5310 3441 5349 non

1882 5367 2187 5438 indigebat,
2218 5380 2275 5423 ut
2313 5370 2584 5423 dominum
2623 5370 2776 5438 navis
2818 5367 3442 5438 lucrat‘cturaCurAvero

1879 5434 2328 5509 Siniouem'rogat
2354 5438 2648 5509 Dominus?
2670 5437 2818 5509 Cur?
2842 5437 2964 5490 audi
2991 5452 3110 5489 cum
3138 5434 3441 5504 intelligen—

1882 5510 1973 5562 tia.
2004 5508 2210 5576 Simon,
2245 5507 2307 5562 ut
2344 5509 2502 5563 modo
2527 5507 2742 5572 audisti,
2771 5521 2889 5560 cum
2918 5521 3008 5573 per
3036 5514 3200 5559 totam
3233 5515 3441 5576 noctem

1881 5575 2199 5642 laborasset,
2225 5586 2280 5634 et
2307 5579 2438 5634 nihil
2462 5580 2710 5647 cepisset,
2752 5591 2813 5630 re
2841 5578 3033 5628 inlecta
3064 5576 3275 5647 mansit.
3305 5575 3438 5630 Gra-

1879 5649 2097 5705 vissima
2129 5659 2305 5704 autem
2329 5666 2442 5704 rem
2467 5645 2689 5709 terebat,
2718 5646 2897 5699 lavaus
2929 5649 3058 5698 retia
3078 5685 3094 5709 ,
3125 5656 3177 5698 et
3206 5645 3440 5699 laborem

1881 5719 2048 5773 labori
2084 5719 2301 5782 addens.
2332 5720 2643 5783 lucrumtu
2672 5715 2872 5768 nullum
2904 5715 3212 5781 respiciens.
3241 5714 3440 5769 Idcirco

1883 5789 2157 5854 Dominus,
2179 5804 2301 5844 cum
2319 5788 2523 5843 videret
2542 5785 2756 5840 Petrttm
2777 5785 2829 5838 in
2856 5785 3128 5851 iniustitia,
3141 5785 3443 5841 consolatur

1881 5860 2051 5927 ipsum
2080 5876 2095 5912 :
2118 5858 2419 5913 consolator
2437 5856 2578 5927 enim
2599 5854 2915 5909 alﬂictorum
2939 5865 3042 5910 est.
3071 5855 3258 5911 Statim
3288 5855 3437 5909 enim

1883 5925 1969 5985 tibi
1999 5929 2130 5983 vidit
2166 5929 2420 5982 Dominus
2447 5925 2717 5979 Simonem
2744 5936 3167 5993 couStcrnatum,
3208 5927 3436 5980 hortatur

1880 6001 1962 6055 rio
1988 6011 2232 6054 sermone
2253 5997 2456 6053 dixitei
2487 6012 2501 6050 :
2534 5995 2639 6050 Pro
2663 5996 2870 6050 tantillo
2899 6004 3137 6064 tempore
3161 5996 3292 6051 mihi
3321 6008 3440 6047 mu-

1884 6081 1971 6122 tuo
1996 6070 2062 6124 da
2092 6069 2356 6138 navigium
2395 6077 2564 6134 tuum,
2605 6075 2785 6131 nauta,
2827 6074 2884 6121 ut
2911 6066 3180 6133 ingressus
3219 6065 3437 6120 doceam

4428 876 4433 899 Ι

3956 1434 3967 1473 ς
4488 97 4671 1591 Ι

3958 1484 3967 1499 Ι
4628 1488 4637 1501 l

3960 1518 3967 1527 Ι
4580 1508 4607 1529 ¹1

3952 1572 3963 1593 Ι
4498 1582 4509 1593 η

4446 2368 4542 2691 Ξ

4453 2688 4541 2753 ,ΖΔ

4453 2809 4545 3024 ἓ

4449 3031 4540 3235 Ξ

4446 3382 4532 3514 ὅ

4448 4028 4529 4098 Ζ

4448 4109 4530 4177 ε)

4450 4225 4534 4369 ἓ

4451 4373 4535 4433 ι.-
