3938 6136
403 282 469 336 t9
1704 271 1972 331 .SPURIA
2011 273 2339 342 cumam.
3568 278 3641 334 50

404 395 748 462 erudiamqne
774 393 1157 448 multitudinem
1177 433 1192 456 ,
1236 406 1392 460 quam
1410 406 1411 409 ‘
1432 407 1519 447 me
1547 402 1856 461 sequentem
1887 392 1965 446 vi-

403 466 500 519 des
525 481 539 518 :
573 461 834 533 navigium
865 474 1006 517 tuum
1034 464 1161 535 mihi
1190 461 1281 517 ﬁat
1302 462 1528 535 ecclesia
1554 502 1569 524 .
1599 473 1755 516 nauta
1790 483 1803 517 :
1846 464 1967 518 audi

404 536 624 590 verbum
655 536 769 590 Dei.
792 535 906 588 Noli
930 548 1014 587 me
1038 533 1394 602 importunum
1425 542 1608 602 putare
1637 549 1652 587 :
1681 536 1799 588 veni
1825 535 1966 588 enim

407 616 463 661 ut
505 618 554 660 te
582 605 850 660 meliorem
884 603 1118 657 reddam.
1161 604 1419 673 Relinque
1452 619 1639 657 vanam
1668 619 1815 674 spem
1846 621 1967 658 cor-

445 691 643 740 oreaui,
674 675 1099 745 spiritualemque
1123 675 1415 742 portionem
1433 675 1812 742 circumspice:
1844 690 1970 742 pau-

445 692 643 740 oreaui,
674 692 1099 745 spirituaiemque
1123 692 1415 742 poi-nouem
1433 692 1812 742 circumspice:
1844 692 1966 742 pau-

405 692 570 801 rulum
599 746 725 799 milii
757 756 937 799 mutuo
967 748 1031 797 da
1075 746 1337 811 navigium
1365 756 1533 809 tuum,
1568 755 1744 798 nauta.
1784 746 1966 800 Simon

405 831 532 872 vero
568 817 741 870 adhuc
767 817 1048 869 immersus
1090 817 1157 869 im
1191 817 1493 870 maestitiam
1534 818 1602 869 ob
1629 817 1820 869 frusmi
1852 831 1969 871 sus-

403 898 610 958 Ccptum
636 887 890 958 laborem,
916 886 1654 958 respondens_Domino_dixit
1674 905 1695 958 7:
1731 885 1877 941 Unde
1901 886 1966 940 ad

402 955 490 1012 me
516 957 710 1012 venisti
732 999 745 1021 ,
775 957 937 1010 homo
965 956 1278 1023 peregrine?
1305 972 1398 1010 cur
1427 955 1553 1009 mihi
1583 957 1833 1011 molestus
1867 958 1969 1010 es?

402 1029 559 1081 aliam
589 1028 940 1093 circumspice
968 1027 1238 1093 scapham,
1266 1028 1310 1081 si
1344 1027 1422 1079 vis
1453 1028 1503 1079 in
1530 1038 1717 1093 stagno
1739 1042 1971 1081 conmm-

403 1099 531 1151 rari.
554 1098 715 1154 Vides
743 1114 826 1152 me
855 1098 1139 1165 lugentem,
1171 1107 1348 1164 utpote
1375 1112 1508 1164 pane
1545 1095 1887 1166 indigentem,
1915 1107 1970 1152 et

402 1166 622 1224 verbum
659 1170 747 1221 Dei
780 1178 829 1221 te
866 1170 1146 1221 allaturum
1177 1167 1477 1238 promittis?
1507 1166 1619 1221 Non
1659 1168 1969 1238 circumspi-

402 1243 538 1292 ciain
582 1240 720 1292 umle
749 1249 1021 1307 argentum
1064 1248 1243 1291 mutuo
1277 1237 1530 1305 accipiant
1552 1278 1566 1299 ,
1597 1248 1655 1291 ut
1676 1237 1971 1294 socrum’et

406 1326 630 1365 uxorein
664 1326 830 1362 meam
859 1310 994 1362 alam
1021 1325 1035 1370 ;
1068 1309 1158 1362 sed
1198 1309 1287 1361 lilii
1316 1309 1580 1376 navigium
1609 1308 1966 1375 substernam,

403 1392 461 1433 ut
495 1383 580 1433 die
616 1391 873 1448 nocteque
912 1380 1102 1432 frustra
1143 1379 1420 1432 laborem?
1455 1378 1509 1432 Si
1540 1379 1750 1432 naulum
1787 1378 1964 1445 aﬁ'ers,

406 1451 676 1516 inscende,
710 1452 759 1504 in
787 1451 1077 1503 naviculam
1103 1466 1117 1514 ;
1144 1450 1227 1504 sin
1258 1449 1451 1511 minus,
1482 1448 1565 1502 abi
1584 1448 1806 1503 obsecro
1839 1466 1853 1503 :
1884 1466 1970 1505 me

403 1523 544 1574 enim
568 1523 762 1575 donum
789 1520 901 1584 alit,
926 1535 1028 1573 non
1051 1534 1247 1574 sermo.
1274 1519 1404 1573 'l‘mu
1430 1519 1685 1573 Dominus
1705 1519 1770 1573 ad
1796 1519 1970 1575 Simo-

404 1608 524 1645 nem
559 1610 572 1645 :
603 1591 680 1646 Ne
719 1606 861 1660 aegre
900 1590 1055 1647 feras.
1097 1590 1317 1653 Simon;
1348 1604 1472 1644 vere
1507 1598 1564 1643 ut
1590 1599 1744 1643 nauta
1783 1589 1969 1659 loque-

405 1663 498 1715 ris.
535 1662 762 1717 Verbum
791 1662 882 1715 Dei
907 1661 972 1715 ad
1001 1660 1306 1714 alimentmn
1335 1660 1450 1729 plus
1475 1675 1631 1730 quam
1663 1661 1814 1730 panis
1834 1675 1964 1715 cou-

403 1731 507 1786 ft-rt
539 1750 550 1784 :
575 1732 780 1786 abunde
798 1741 849 1783 te
865 1731 1001 1784 alam
1027 1747 1041 1789 :
1064 1746 1180 1784 sum
1202 1731 1341 1783 enim
1367 1729 1517 1798 panis
1536 1729 1674 1785 vitae.
1694 1729 1769 1785 Ne
1793 1746 1964 1786 meam

403 1803 737 1867 pnes-entiam
761 1811 913 1870 putes
937 1801 1028 1854 tibi
1055 1801 1374 1855 detrimento
1399 1815 1519 1855 esse
1549 1818 1561 1855 :
1588 1812 1841 1869 quantum
1869 1818 1966 1857 v0—

403 1872 561 1928 lueris
585 1873 764 1939 accipe
798 1890 821 1943 :7
841 1871 1016 1926 divitis
1053 1871 1548 1943 eniinpatristilins
1566 1887 1681 1943 sum
1706 1872 1965 1943 locuples.

473 1944 562 1997 His
588 1944 779 1997 auditis
803 1942 1008 2002 Simon.
1038 1956 1099 1997 ac
1126 1941 1272 1995 vultu
1297 1942 1448 2009 paulo
1470 1941 1708 2001 hilarior.
1735 1942 1786 1996 in
1816 1941 1964 1997 navi-

399 2014 516 2068 cula
550 2014 826 2068 Dominum
860 2013 1055 2080 excipit
1084 2055 1097 2073 .
1129 2026 1411 2080 remosque
1442 2027 1661 2066 movens
1688 2011 1822 2066 dixit
1846 2012 1918 2067 illi
1949 2033 1964 2068 :

400 2084 455 2138 In
483 2085 657 2138 medio
685 2085 811 2138 sede
835 2127 849 2148 ,
882 2083 1040 2137 homo
1069 2083 1362 2152 peregrine.
1406 2081 1565 2149 Quasi
1592 2093 1857 2152 vectorem
1886 2082 1964 2139 fe-

398 2171 523 2209 rens
565 2155 783 2208 allectus
825 2162 940 2208 erat
963 2194 978 2218 ,
1025 2151 1268 2206 nesciens
1297 2166 1357 2206 se
1384 2168 1504 2207 eum
1535 2155 1624 2222 qui
1657 2151 1759 2206 fert
1785 2157 1961 2209 omnia

398 2224 556 2279 ferre.
602 2226 869 2295 Ingressus
915 2225 1078 2295 igitur
1108 2222 1263 2276 Jesus
1305 2223 1649 2295 iiitiavigiiun
1693 2223 1963 2290 Simonis,

398 2296 602 2365 rogavit
627 2291 746 2349 eiuu
776 2310 804 2347 a
832 2304 967 2346 terra
992 2294 1244 2365 reducere
1266 2291 1528 2365 pusillum.
1552 2291 1770 2348 Simone
1789 2304 1964 2365 autem

399 2362 545 2419 illum
577 2366 801 2419 ducente
828 2380 921 2432 spe
948 2362 1259 2430 recipienda:
1289 2363 1568 2427 ιιιθναιτάίε,
1596 2366 1787 2418 sedens
1812 2364 1967 2420 Jesus

399 2435 625 2489 docebat
651 2436 719 2488 de
745 2434 981 2487 navicula
1013 2435 1208 2487 turbas.
1239 2432 1374 2500 Quid
1405 2448 1528 2489 vero
1563 2433 1832 2488 docebat?
1860 2434 1967 2488 Ca-

401 2506 611 2559 ritatem
638 2507 753 2559 sine
782 2504 1138 2564 simulatione,
1172 2505 1325 2557 iidem
1353 2504 1465 2557 sine
1492 2503 1841 2569 dubitatione,
1870 2521 1962 2573 pa-

400 2590 517 2630 cem
546 2576 660 2630 sine
691 2577 891 2635 fraude.
924 2573 1212 2628 friiternuni
1240 2589 1473 2628 antorem
1511 2575 1914 2643 inseparabilem
1947 2617 1963 2638 ,

405 2647 649 2712 pietatem
681 2660 783 2699 non
812 2647 1033 2698 fucatam
1062 2684 1077 2708 ,
1107 2645 1198 2698 Dei
1242 2645 1592 2711 cognitionem
1621 2646 1736 2698 sine
1760 2646 1964 2715 argenti

402 2716 649 2785 cupidine
668 2758 682 2780 ,
714 2716 1061 2784 virginitatem
1092 2715 1207 2769 sine
1234 2715 1435 2768 macula
1456 2755 1471 2778 .
1498 2716 1700 2770 ascesin
1728 2716 1841 2770 sine
1868 2734 1964 2769 aii-

403 2786 597 2840 xietate
622 2827 636 2849 ,
662 2787 961 2853 conjugioui
1006 2787 1287 2839 indivisum
1321 2802 1334 2839 :
1361 2800 1570 2839 onmem
1607 2785 1838 2839 !aboreui
1870 2802 1965 2855 pro

403 2857 625 2911 veritate
662 2855 1048 2925 suscipiendum
1094 2870 1232 2922 esse,
1280 2871 1385 2909 non
1426 2854 1686 2910 timendos
1726 2871 1847 2911 esse
1872 2854 1967 2911 eos

401 2929 489 2995 qui
531 2928 777 2981 occidunt
820 2941 1053 2995 corpus,
1098 2928 1324 2979 animant
1372 2938 1546 2980 autem
1591 2942 1696 2980 non
1746 2937 1968 2994 possunt

401 2997 665 3051 occidere.
715 2997 839 3051 lla-c
883 2997 1104 3050 Domino
1150 2997 1404 3061 docente,
1434 3006 1699 3065 etiamque
1737 2996 1836 3049 alia
1869 2999 1965 3051 ad-

400 3066 601 3121 dente:
632 3068 730 3134 Qui
772 3078 914 3120 amat
959 3068 1189 3120 animant
1236 3082 1423 3130 suam,
1474 3067 1656 3134 perdet
1700 3082 1855 3132 eam;
1904 3084 1968 3124 ac

400 3153 634 3201 rursum,
651 3139 751 3206 Qui
775 3140 887 3191 vult
903 3147 1024 3207 post
1040 3154 1122 3190 me
1144 3139 1577 3204 veiiire,alineget
1596 3139 1962 3206 semetipsum,

397 3218 454 3260 et
484 3210 629 3263 tollat
666 3224 877 3263 crucem
904 3223 1074 3271 suam,
1103 3219 1157 3261 et
1195 3217 1448 3276 sequatur
1491 3222 1614 3272 me;
1643 3217 1697 3261 et
1721 3207 1912 3261 iterum
1943 3248 1960 3276 ,

397 3277 571 3332 Nolite
599 3280 868 3346 possidere
909 3294 1132 3343 aurum,
1159 3291 1257 3330 nec
1282 3288 1579 3347 argentmn,
1612 3293 1782 3346 neque
1808 3293 1968 3346 pecu-

400 3352 540 3403 niam
573 3350 622 3404 iu
655 3353 803 3403 zonis
831 3350 1037 3413 \estris,
1068 3363 1165 3402 nec
1207 3362 1388 3416 peram
1413 3388 1427 3409 ,
1461 3364 1631 3417 neque
1658 3350 1922 3402 sacculum
1947 3391 1962 3414 ,

400 3435 571 3487 neque
613 3420 743 3474 duas
788 3420 1029 3473 tunicas:
1058 3418 1171 3472 huic
1218 3422 1439 3470 Domino
1478 3419 1702 3472 docente
1727 3458 1741 3480 .
1775 3417 1957 3473 Simon

398 3490 639 3555 audiens,
686 3491 773 3560 qui
805 3491 1022 3560 putabat
1066 3504 1125 3543 se
1164 3489 1424 3560 navigium
1469 3491 1712 3560 mercede
1757 3492 1962 3560 condu-

398 3561 539 3614 xisse
572 3558 822 3625 Domino,
844 3574 1173 3613 murmurare
1209 3558 1389 3626 coepit.
1417 3568 1470 3613 et
1501 3558 1634 3611 intra
1661 3573 1720 3612 se
1741 3558 1916 3612 dicere
1948 3580 1962 3615 :

397 3634 478 3683 An
506 3631 573 3683 ab
597 3630 698 3686 isto
746 3631 1042 3686 mercedem
1089 3645 1184 3682 nos
1225 3640 1535 3696 accepturos
1575 3643 1695 3683 esse
1737 3631 1968 3698 sperabi-

398 3702 558 3754 mus?
586 3702 636 3755 in
664 3702 912 3755 damnum
941 3700 1109 3754 noctis
1136 3709 1191 3753 et
1217 3700 1321 3753 diei
1346 3699 1524 3753 incidi.
1555 3698 1806 3765 Quisnam
1834 3700 1963 3756 mibi

400 3771 556 3825 hodie
583 3772 856 3827 occurrit?
885 3771 978 3826 llic
1007 3771 1073 3825 de
1099 3772 1489 3838 possessionum
1535 3769 1962 3838 abjeetiouedis-

396 3841 546 3903 serit,
578 3844 788 3898 nemine
812 3841 1076 3911 quidpiam
1108 3839 1404 3894 habendum
1430 3854 1550 3894 esse
1570 3846 1793 3911 docens.
1828 3840 1964 3895 For-

400 3921 541 3982 tasse
567 3913 678 3965 vult
703 3928 787 3967 me
814 3908 1075 3982 navigium
1098 3912 1349 3972 vendere.
1377 3920 1432 3963 ut
1462 3908 1686 3978 pretium
1714 3912 1957 3979 pauperi-

399 3979 499 4034 bus
524 3982 832 4037 distribuaiu
858 3979 958 4036 :ab
988 3982 1171 4048 ipsone
1192 3981 1492 4034 mercedem
1520 3996 1603 4034 me
1623 3991 1962 4048 accepturum

397 4065 518 4106 esse
545 4068 753 4121 sperem
775 4052 799 4094 ν
828 4054 949 4107 Ηωο
970 4053 1190 4106 Simone
1213 4051 1351 4121 apud
1375 4064 1437 4104 se
1466 4051 1831 4121 ratiocinaiite.
1865 4052 1965 4104 Do-

398 4119 812 4178 minusdoeeudi
835 4138 1024 4178 munus
1047 4119 1270 4189 perlicit,
1288 4129 1345 4175 ut
1365 4119 1672 4174 miraculum
1690 4120 1960 4187 exhibeat,

395 4193 771 4263 Simoueiuque
790 4192 1067 4249 certiorem
1090 4191 1247 4245 faciat
1269 4209 1281 4243 :
1303 4193 1452 4263 labor
1475 4192 1614 4244 enim
1638 4202 1721 4244 est
1750 4191 1961 4246 idiotaiu

397 4263 561 4317 vei-bo
607 4267 944 4333 persuadere.
980 4263 1180 4316 Deinde
1214 4262 1634 4333 γευῐιιυοιιιὶηιιε
1661 4276 1961 4316 sermonem

397 4333 725 4399 perfecisset.
768 4347 823 4389 et
849 4344 956 4388 tota
985 4332 1262 4386 multitudo
1287 4332 1640 4386 delectaretur
1664 4372 1679 4395 ,
1705 4333 1964 4385 accedens

399 4404 582 4456 Simon
609 4406 828 4457 Demino
850 4405 1012 4457 dixit:
1038 4403 1205 4456 Verba
1227 4403 1438 4469 quidem
1468 4411 1553 4455 tua
1582 4403 1795 4470 pulchra
1817 4412 1958 4466 sunt,

399 4486 501 4525 Vtix
531 4485 617 4527 tua
643 4474 810 4528 dulcis
834 4514 848 4537 ,
879 4487 932 4527 cl
956 4474 1193 4527 dticu'ttta
1240 4481 1325 4525 tua
1370 4474 1701 4536 veneranda;
1729 4482 1961 4526 attamen

397 4543 523 4594 titilii
558 4554 764 4611 pactum
791 4560 940 4598 serva
966 4560 981 4602 ;
1005 4544 1132 4611 jttbe
1161 4542 1459 4597 mercedem
1491 4556 1575 4597 me
1604 4546 1843 4609 accipere
1867 4559 1961 4611 pro

400 4622 637 4683 vectura,
664 4625 721 4667 ut
743 4629 842 4681 ego
878 4629 1085 4683 quoque
1109 4627 1229 4666 cum
1257 4611 1591 4668 multitudine
1609 4612 1864 4683 gaudens,
1893 4613 1960 4667 ad

392 4682 610 4737 domum
640 4700 810 4737 meant
837 4682 1089 4738 revertar.

466 4753 599 4807 Tum
630 4754 881 4808 Dominus
907 4758 972 4808 ad
998 4755 1266 4809 Simonem
1297 4774 1310 4808 :
1338 4752 1485 4808 Sicut
1510 4751 1667 4807 modo
1690 4751 1956 4820 audivisti,

393 4823 600 4888 Simon,
618 4825 916 4879 mercedem
940 4836 1079 4878 tuam
1109 4825 1255 4877 visne
1275 4823 1545 4892 accipere?
1565 4822 1677 4877 Duc
1700 4826 1751 4877 in
1777 4826 1958 4890 altum,

392 4905 439 4946 et
455 4896 625 4950 laxate
645 4897 769 4950 retia
789 4906 951 4950 vestra
973 4896 1023 4948 in
1043 4904 1307 4962 capturum
1334 4892 1484 4964 (Luc.
1511 4893 1576 4955 V,
1603 4893 1682 4964 4),
1710 4905 1763 4949 et
1781 4899 1962 4963 accipe

393 4968 693 5021 mercedem
732 4983 760 5019 a
793 4984 877 5020 tne
918 4967 1009 5020 tibi
1043 4964 1373 5034 promissam.
1407 4965 1587 5018 Simon
1633 4975 1807 5018 autem
1854 4965 1958 5018 Do-

397 5037 540 5089 mino
566 5054 580 5089 :
612 5039 874 5092 Iterumne
902 5038 1144 5105 piscalior
1172 5047 1226 5087 ct
1263 5038 1390 5087 retia
1422 5035 1608 5088 laxatio
1637 5050 1701 5090 ac
1726 5035 1957 5090 laborent

391 5110 706 5163 sitstiuebo?
737 5108 1018 5164 Utinanme
1058 5120 1151 5174 per
1199 5117 1406 5159 noctein
1445 5105 1656 5173 quidem
1695 5121 1756 5159 ea
1785 5106 1959 5158 vacuis

397 5182 637 5233 manibus
686 5181 971 5249 tetigissem
999 5177 1013 5231 !
1045 5183 1121 5231 An
1163 5192 1288 5249 vero
1328 5175 1550 5249 peritior
1574 5189 1659 5249 uie
1683 5191 1741 5230 es
1768 5179 1816 5249 in
1841 5186 1960 5249 arte

396 5252 599 5319 nautica
621 5251 644 5305 ἲ
668 5266 735 5305 an
777 5246 973 5319 aliquid
1023 5251 1072 5301 in
1117 5246 1375 5317 profundo
1402 5246 1646 5298 invisibili
1679 5246 1958 5319 possides?

395 5315 587 5372 Doctor
615 5336 731 5375 esse
756 5315 941 5387 potes;
971 5336 1036 5372 an
1064 5315 1222 5373 etiam
1256 5321 1473 5387 piscium
1495 5319 1776 5383 captator?
1804 5317 1898 5370 Exi
1925 5332 1955 5369 a

393 5401 478 5441 ine
503 5404 518 5452 ;
552 5390 702 5444 video
722 5386 862 5445 claim
887 5403 937 5445 te
958 5391 1087 5444 oiliil
1112 5388 1391 5442 fcrenti-io.
1414 5386 1519 5439 Cur
1541 5400 1744 5453 tempus
1763 5387 1959 5455 perdo?

391 5471 567 5513 nonne
594 5462 661 5513 ab
708 5462 854 5514 initio
886 5469 997 5514 hate
1029 5460 1119 5513 tibi
1170 5460 1478 5512 testiﬁcatus
1521 5459 1680 5509 stitit?
1707 5458 1960 5512 Dominus

390 5537 562 5582 autem
601 5531 666 5582 ad
713 5531 981 5584 Simonem
1016 5548 1029 5583 :
1058 5530 1171 5584 Noli
1203 5545 1288 5583 me
1332 5541 1387 5582 ut
1430 5543 1639 5595 mopetn
1669 5541 1909 5596 speetare
1938 5567 1954 5591 ,

389 5596 593 5658 Simon.
619 5601 723 5654 noli
746 5615 933 5654 manus
960 5616 1103 5655 meas
1117 5611 1170 5654 et
1190 5602 1363 5653 sinuin
1390 5615 1561 5651 illelllll
1584 5601 1953 5652 considerare:

387 5682 492 5720 non
521 5672 570 5721 in
594 5673 833 5723 manibus
859 5673 1009 5732 meis,
1036 5672 1128 5723 sed
1156 5673 1207 5723 in
1228 5687 1322 5723 ore
1344 5686 1463 5722 meo
1490 5670 1789 5723 mercedem
1814 5680 1956 5720 tuam

386 5739 514 5795 tero.
549 5740 681 5797 Tota
726 5752 879 5797 nocte
911 5743 1155 5795 laborasti
1181 5784 1196 5808 ,
1231 5743 1358 5796 nihil
1403 5742 1588 5809 cepisti
1619 5758 1630 5792 :
1661 5755 1763 5793 nox
1809 5756 1949 5795 enim

2077 395 2266 464 inopia:
2295 403 2419 448 sunt
2447 395 2794 466 cogitationes
2821 392 3076 466 Judaiete.
3094 394 3159 466 lii
3188 394 3274 450 die
3298 394 3481 466 gratia:
3519 394 3641 450 laxa

2076 466 2205 519 retia
2228 484 2240 518 :
2267 466 2351 518 lux
2381 464 2521 519 enim
2551 465 2671 517 lioni
2699 466 2894 518 fructus
2910 464 3340 519 suntCliristiana
3361 466 3637 534 obsequia.

2075 535 2190 587 Duc
2218 538 2268 588 in
2295 536 2474 599 altum,
2501 548 2546 588 et
2573 534 2891 605 laxate_retia
2916 547 3076 605 rastra
3099 537 3153 587 in
3174 546 3456 605 capturam.
3487 535 3642 591 Tunc

2073 605 2252 659 Simon
2279 607 2344 659 ad
2375 606 2647 658 Dominum
2682 603 2787 660 :Ut
2816 603 2973 659 modo
3009 603 3248 659 audivisti
3271 647 3286 668 ,
3318 605 3636 674 Prtrceptor,

2073 694 2162 745 per
2204 687 2357 728 totam
2402 685 2593 728 uertem
2634 676 2915 728 laborantes
2963 676 3090 728 nihil
3129 678 3377 742 cepimus;
3410 678 3463 729 iu
3494 679 3644 731 verba

2073 758 2238 800 autent
2260 759 2345 799 tuo
2372 745 2551 799 [amabo
2579 756 2694 816 rete.
2728 745 2790 798 Et
2819 761 2931 798 cum
2955 746 3048 798 hoc
3086 747 3314 816 fecissent
3338 786 3352 809 ,
3381 748 3644 800 concluse-

2072 828 2189 870 rimt
2216 818 2423 883 piscium
2462 815 2830 868 multitudinem
2870 815 3122 885 copiosam
3151 832 3170 870 :
3197 815 3517 885 rumpebatur
3546 834 3637 869 au-

2076 898 2171 939 tem
2211 897 2312 941 rete
2337 885 2484 952 (Luc.
2515 885 2582 946 V.
2622 887 2656 941 5
2681 897 2725 939 et
2746 883 2929 954 πρᾴῳ).
2960 887 3003 940 0
3034 902 3118 940 res
3139 883 3498 941 admiranda}!
3535 903 3644 941 non

2073 958 2222 1012 deest
2253 958 2408 1011 Petro
2436 971 2559 1010 cura
2588 973 2603 1010 :
2636 955 2982 1024 Rumpebatur
3000 966 3119 1008 rete.
3153 957 3218 1011 Et
3242 954 3504 1012 Christum
3530 963 3641 1011 cir-

2074 1028 2452 1093 cumspirieliat
2477 1067 2492 1091 ,
2521 1037 2575 1080 et
2617 1026 2788 1093 pisces
2815 1026 3191 1095 perpendebat.
3219 1042 3437 1096 remque
3461 1029 3646 1081 Consi-

2074 1098 2311 1152 derabat.
2345 1097 2462 1167 Non
2503 1097 2669 1167 potuit
2715 1096 2919 1163 pondus
2964 1099 3251 1161 attrahere.
3291 1107 3345 1151 et
3371 1097 3648 1167 adjutores

2073 1167 2361 1222 adrorabat
2394 1185 2406 1218 :
2434 1165 2716 1221 lnnuebant
2740 1167 2879 1238 enim
2905 1207 2920 1231 ,
2946 1167 3113 1238 inquit
3135 1209 3151 1230 ,
3181 1170 3361 1233 sociis,
3392 1165 3649 1238 quierant

2072 1240 2123 1291 in
2150 1241 2253 1292 alia
2276 1238 2390 1291 navi
2409 1280 2423 1300 ,
2453 1238 2537 1292 ubi
2567 1246 2718 1291 erant
2743 1228 2972 1292 Jacobus
2995 1228 3045 1292 et
3084 1228 3315 1293 Joannes
3338 1228 3359 1299 ζ
3380 1228 3466 1307 riui
3492 1254 3645 1293 vene-

2071 1318 2188 1363 rant
2230 1318 2283 1362 ιιι
2328 1308 2625 1378 adjuvarent
2670 1323 2774 1362 eos.
2826 1307 3156 1373 lnnuebant,
3189 1323 3303 1378 nou
3339 1308 3645 1378 clamabant

2074 1389 2266 1444 natiue,
2293 1381 2382 1447 qui
2422 1381 2537 1433 sine
2577 1377 2808 1432 clamore
2834 1387 2888 1433 et
2913 1380 3137 1433 tumultu
3183 1377 3310 1432 nihil
3343 1377 3516 1433 facere
3546 1396 3644 1435 so-

2074 1451 2202 1503 lent.
2232 1450 2448 1515 Quare?
2474 1448 2603 1516 Quia
2635 1449 2710 1502 rei
2742 1449 2943 1502 novitas
2971 1464 3155 1504 vocem
3180 1447 3307 1518 ipsis
3331 1450 3640 1504 sustuli-rat.

2072 1521 2204 1598 Quid
2227 1535 2363 1598 opus
2386 1532 2494 1573 erat
2520 1528 2576 1598 u_t
2600 1518 2906 1598 clamarent,
2928 1534 3060 1598 011ιηῖ
3074 1519 3201 1573 satis
3224 1530 3368 1574 esset
3393 1519 3641 1582 innuere,

2071 1588 2304 1645 divinum
2349 1590 2654 1661 mysterium
2701 1588 2979 1661 videntes?
3021 1589 3411 1661 Concurrentes
3459 1602 3641 1643 autem

2073 1670 2128 1715 et
2155 1662 2226 1715 illi
2252 1703 2267 1727 ,
2294 1662 2381 1730 qui
2406 1659 2563 1714 erant
2591 1661 2638 1712 iu
2669 1660 2834 1714 altera
2862 1659 2999 1725 navi,
3045 1661 3130 1714 tibi
3161 1672 3307 1715 erant
3333 1659 3560 1715 Jacobus
3589 1672 3650 1716 et.

2069 1731 2339 1795 Joannes,
2381 1742 2658 1799 cmperunt
2701 1732 2869 1799 pisces
2906 1730 3156 1799 colligere
3181 1771 3195 1790 ,
3224 1739 3277 1783 et
3323 1746 3430 1800 quo
3474 1733 3651 1797 magis

2071 1802 2411 1873 etilligebaut,
2444 1811 2588 1856 tanto
2626 1801 2791 1871 magis
2826 1800 3647 1873 multiplicaliantur.Certabant

2070 1872 2215 1926 enim
2245 1873 2414 1942 pisces
2437 1912 2453 1938 ,
2482 1873 2599 1940 quis
2631 1874 2830 1940 primus
2871 1872 3116 1924 mandato
3144 1872 3346 1925 Domini
3372 1873 3642 1941 obseque-

2069 1955 2217 1997 retur
2248 1962 2259 1995 :
2290 1943 2431 2013 parvi
2457 1957 2674 2009 magnos
2698 1942 3192 2009 prietercurrebant,
3222 1942 3377 1995 medii
3409 1944 3643 2007 majores

2071 2028 2103 2069 e
2124 2013 2288 2067 latere
2309 2012 2699 2081 praecedebant,
2724 2013 2894 2082 magni
2921 2027 3077 2080 supra
3102 2028 3286 2080 pari-os
3310 2014 3603 2066 iiisdieliant
3625 2031 3645 2066 :

2071 2100 2256 2138 manus
2283 2088 2599 2153 piscatorum
2628 2097 2731 2138 non
2746 2084 3134 2153 exspectabant
3157 2125 3172 2141 .
3201 2097 3260 2136 se
3290 2083 3341 2136 in
3372 2084 3645 2151 navigium

2069 2152 2312 2209 saltando
2341 2154 2704 2223 projiciebant.
2736 2152 2914 2219 Stagui
2960 2153 3175 2206 liuidum
3204 2168 3307 2207 non
3338 2169 3648 2207 cotnuuive-

2071 2225 2244 2285 batur,
2280 2225 2435 2292 piscis
2483 2225 2657 2277 nullus
2683 2224 2814 2276 infra
2848 2240 3060 2277 manere
3103 2225 3391 2277 sustinebat
3426 2240 3440 2277 :
3478 2240 3644 2277 nove-

2068 2305 2187 2349 rant
2217 2296 2357 2349 enim
2389 2310 2508 2349 eum
2535 2295 2622 2363 qui
2649 2294 2780 2347 dixit
2807 2310 2819 2346 :
2843 2292 3136 2347 Producant
3160 2309 3302 2357 aqua
3324 2295 3501 2361 reptile
3531 2295 3650 2347 aui-

2070 2381 2168 2447 um:
2195 2365 2396 2419 viventis
2415 2369 2452 2447 ν(
2480 2363 2605 2447 Gen.
2650 2363 2690 2447 l,
2722 2363 3033 2447 20).Quid
3063 2380 3190 2447 ergo
3217 2367 3399 2447 Simon
3427 2406 3441 2426 ,
3472 2365 3646 2447 quiin

2070 2435 2202 2489 duos
2231 2452 2383 2488 casus
2414 2435 2703 2496 ineiderit,
2733 2434 2820 2503 qui
2869 2445 2972 2488 tota
3019 2444 3174 2490 nocte
3217 2435 3466 2489 laberans
3510 2434 3645 2488 nihil

2069 2515 2302 2574 ceperat,
2333 2517 2383 2559 et
2411 2506 2461 2558 in
2488 2505 2575 2559 die
2598 2505 2661 2558 ad
2688 2506 2905 2559 verbum
2936 2506 3139 2560 Domini
3179 2505 3354 2558 omnia
3382 2517 3593 2573 ceperat
3622 2507 3649 2559 ἓ

2071 2574 2141 2632 Ut
2164 2577 2286 2629 vidit
2318 2577 2447 2631 retia
2474 2578 2658 2638 scissa,
2687 2588 2739 2630 et
2769 2577 2961 2631 multos
2981 2577 3115 2629 alios
3139 2577 3308 2645 pisces
3336 2575 3463 2628 foris
3491 2585 3647 2629 stano

2073 2657 2151 2700 tes
2176 2687 2190 2712 ,
2221 2649 2526 2716 liiautesque
2558 2654 2616 2699 ut
2642 2658 2957 2715 caperentur
2981 2687 2998 2711 ,
3029 2659 3129 2700 nec
3170 2645 3354 2715 procul
3379 2660 3409 2699 a
3440 2647 3653 2700 retibus

2071 2732 2286 2770 manere
2313 2719 2633 2771 sustinentes
2657 2757 2673 2783 ,
2702 2717 2849 2786 quasi
2895 2718 3000 2772 vim
3051 2731 3239 2787 passus
3271 2716 3652 2785 procidit~ante

2070 2788 2370 2848 Domitium,
2399 2789 2579 2841 dicens
2608 2804 2620 2841 :
2651 2787 2752 2841 Exi
2772 2804 2802 2840 a
2820 2804 2916 2853 me,
2937 2788 3054 2855 quia
3081 2789 3228 2840 homo
3255 2797 3486 2855 peccator
3506 2803 3643 2853 sum,

2072 2856 2305 2911 Domine.
2337 2859 2458 2911 Scio
2504 2858 2716 2912 demum
2755 2859 2874 2927 quis
2905 2860 2979 2911 sis
3009 2875 3021 2911 :
3053 2873 3317 2927 nunquam
3348 2857 3452 2910 vidi
3484 2860 3646 2911 talem

2073 2930 2291 2996 piscium
2318 2937 2611 2995 capturain.
2640 2927 2750 2982 Mos
2779 2938 2859 2982 est
2880 2970 2895 2993 ,
2929 2930 3167 2990 Domine,
3197 2928 3369 2998 pisces
3396 2928 3530 2981 intra
3558 2941 3651 2982 sa-

2106 3013 2257 3051 euam
2301 2999 2605 3054 includere:
2634 3008 2688 3051 at
2716 3001 3035 3052 contrarium
3077 3015 3216 3053 nunc
3265 3000 3436 3064 video,
3469 2999 3650 3066 pisces

2106 3016 2257 3051 etiam
2301 3016 2605 3054 includere:
2634 3016 2688 3051 at
2716 3016 3035 3052 contrarium
3077 3016 3216 3053 nunc
3265 3016 3436 3064 vmeo,
3469 3016 3647 3066 pisces

2068 3016 2201 3124 lim-is
2243 3084 2492 3138 sageuam
2523 3080 2799 3136 occupant.
2831 3068 2927 3123 Exi
2955 3085 2981 3121 a
3010 3085 3096 3124 me
3120 3110 3133 3134 ,
3162 3070 3406 3123 obsecro.
3435 3069 3647 3123 Cohibe

2068 3138 2280 3193 demum
2323 3139 2556 3193 divinum
2604 3150 2749 3193 tuum
2800 3140 3102 3194 mandatum
3134 3140 3410 3208 :reliuque
3453 3148 3649 3206 stagno

2069 3210 2203 3263 duos
2230 3209 2416 3264 saltem
2464 3210 2634 3278 pisces
2673 3209 2739 3262 ad
2777 3211 3154 3280 geiierandum.
3187 3209 3283 3263 Exi
3309 3226 3338 3262 a
3369 3223 3456 3262 me
3488 3226 3501 3261 :
3533 3224 3645 3263 non

2069 3288 2124 3335 te
2151 3281 2371 3349 repello,
2403 3279 2497 3333 sed
2525 3296 2607 3334 me
2633 3279 2882 3334 miserum
2911 3281 3141 3351 praedico
3167 3296 3182 3334 :
3218 3280 3316 3333 Exi
3341 3296 3372 3331 a
3394 3294 3492 3351 me,
3521 3282 3651 3346 quia

2070 3352 2218 3404 homo
2265 3362 2493 3418 peccator
2529 3366 2641 3403 sum
2663 3391 2677 3416 ,
2711 3349 2938 3405 Domine.
2974 3352 3225 3405 Dominus
3270 3366 3396 3402 vero
3434 3349 3643 3403 Simoni

2069 3419 2204 3474 dixit
2231 3437 2243 3473 :
2279 3421 2491 3481 Exeaui,
2521 3436 2587 3474 ex
2616 3421 2851 3474 navicula
2883 3431 2971 3475 tua
2993 3463 3007 3484 ,
3038 3422 3242 3485 Simon,
3271 3418 3548 3489 egrediar;
3584 3420 3644 3474 in

2070 3501 2122 3545 te
2151 3504 2325 3544 autem
2358 3491 2583 3544 introibo
2602 3509 2615 3545 :
2637 3491 2734 3546 hac
2760 3492 2827 3545 de
2853 3506 3010 3546 causa
3031 3492 3095 3545 ad
3119 3502 3169 3545 te
3189 3491 3329 3546 veni.
3362 3490 3489 3543 Nam
3517 3504 3643 3543 eum

2068 3576 2306 3629 Caperes,
2325 3573 2508 3631 captus
2524 3577 2603 3617 es.
2627 3561 2776 3627 Quod
2810 3571 2863 3615 tu
2883 3560 3033 3624 facis,
3053 3561 3104 3615 id
3134 3572 3186 3616 tu
3217 3574 3404 3632 passus
3428 3575 3505 3632 es.
3532 3558 3647 3614 Sed

2069 3642 2126 3684 tu
2141 3649 2167 3683 a
2189 3632 2289 3684 vita
2319 3632 2368 3684 in
2392 3630 2625 3685 mortem
2657 3632 2821 3685 trabis
2843 3647 2858 3697 ;
2888 3648 2986 3701 ego
3002 3647 3127 3687 vero
3141 3647 3169 3684 a
3189 3630 3359 3687 morte
3381 3634 3431 3684 iu
3452 3630 3645 3701 vitam.

2070 3701 2153 3756 Ne
2163 3704 2358 3766 timeas,
2373 3703 2551 3755 Simon
2573 3719 2586 3754 :
2604 3718 2666 3754 ea:
2685 3703 2776 3755 hoc
2784 3703 2898 3772 jam
2919 3698 3143 3757 homines
3161 3703 3259 3756 eris
3269 3702 3470 3770 capiens
3480 3698 3650 3771 (Luc.

2074 3772 2134 3837 ν,
2164 3772 2274 3843 l0).
2311 3776 2562 3839 Stagnum
2614 3774 2886 3841 relinque,
2915 3775 3096 3827 orbein
3128 3787 3319 3843 sagena
3350 3786 3512 3839 cape;
3546 3788 3652 3825 ca-

2067 3842 2262 3923 lamum
2294 3844 2564 3923 confringe
2583 3884 2598 3907 ,
2627 3852 2681 3923 et
2702 3857 2912 3896 crucem
2947 3859 3140 3923 appara
3160 3859 3245 3908 ;...
3274 3842 3516 3923 discerpe
3537 3882 3553 3904 ,
3587 3853 3649 3897 et

2068 3916 2318 3983 pietatem
2349 3913 2604 3983 pt'thica,‘
2637 3914 2847 3966 liaiuutn
2880 3915 3098 3982 projice,
3135 3925 3184 3967 et
3219 3913 3433 3966 morbos
3463 3927 3593 3965 cura
3626 3930 3644 3978 ;

2068 3982 2197 4038 retia
2224 3984 2348 4036 odio
2375 3982 2508 4037 habe
2532 4024 2546 4049 ,
2577 3994 2632 4039 et
2655 3986 2900 4038 caelestes
2939 3985 3115 4039 claves
3141 3983 3339 4037 fabrica
3365 3999 3379 4045 ;
3406 3997 3470 4035 ex
3515 3984 3649 4038 navi

2065 4055 2341 4123 egredere.
2369 4067 2415 4108 ei
2449 4064 2582 4107 intra
2614 4057 2664 4107 in
2696 4053 3008 4109 Ecclesium.
3043 4051 3167 4107 Noli
3195 4054 3382 4115 timere,
3410 4053 3601 4106 Simon
3632 4072 3647 4107 :

2066 4140 2128 4178 ea:
2161 4125 2252 4176 Itac
2280 4125 2505 4177 homines
2541 4126 2637 4177 eris
2663 4124 2883 4194 capiens.
2916 4126 2960 4179 0
2990 4124 3192 4178 Domini
3226 4123 3575 4192 potestatem!
3611 4138 3649 4178 0

2068 4194 2205 4249 Petri
2247 4195 2576 4262 prudentiam
2602 4197 2614 4249 !
2648 4194 2761 4248 Non
2793 4196 2926 4248 dixit
2958 4196 3183 4264 piscator
3210 4195 3298 4248 ille
3322 4195 3409 4262 qui
3448 4203 3649 4264 captus

2066 4277 2146 4317 est
2177 4283 2187 4316 :
2215 4266 2384 4332 Quam
2425 4265 2651 4318 absurda
2678 4274 2759 4318 est
2787 4266 2869 4318 illa
2900 4262 3128 4333 magistri
3157 4264 3455 4317 adhortatio
3482 4264 3495 4316 ε
3532 4262 3644 4317 ho-

2067 4335 2237 4389 uiiucs
2281 4335 2520 4403 capiam!
2551 4348 2601 4389 et
2628 4336 2892 4404 quodnam
2934 4347 3046 4389 rete
3088 4333 3646 4405 apparali0?uhinam

2068 4414 2316 4458 texuntur
2345 4418 2457 4457 haec
2504 4403 2905 4459 retia’liomines
2933 4418 2989 4460 ut
3018 4403 3481 4472 fera‘s’capientia'!
3506 4420 3642 4459 nunt

2064 4474 2288 4543 abripiet
2311 4490 2394 4526 me
2421 4474 2506 4529 hic
2532 4489 2708 4529 sermo
2736 4476 2875 4530 liauii
2899 4476 3102 4529 instar?
3131 4476 3268 4529 Nihil
3293 4475 3478 4529 borum
3501 4474 3646 4530 dixit

2065 4543 2282 4607 Simon;
2312 4553 2512 4598 tantum
2559 4546 2795 4608 audivit,
2828 4549 3002 4599 statim
3048 4548 3332 4600 obsecutus
3373 4553 3454 4598 est
3485 4561 3497 4595 :
3525 4559 3642 4600 non

2065 4615 2303 4669 vendidit
2330 4618 2520 4684 pisces,
2542 4630 2647 4670 non
2672 4616 2834 4671 defuit
2857 4617 2926 4670 illi
2959 4616 3275 4669 :‘iliundautia
3304 4630 3502 4684 rerum,
3526 4632 3639 4671 nun

2064 4701 2190 4768 cuni
2214 4683 2378 4768 uxpre
2404 4701 2515 4741 rem
2542 4689 2856 4768 composuit.
2884 4686 2996 4768 Non
3025 4688 3152 4741 dixit
3184 4687 3407 4740 Domino
3425 4724 3440 4749 ,
3467 4683 3643 4741 Serva

2064 4756 2193 4809 milii
2221 4756 2407 4808 saltem
2438 4755 2741 4822 mediocria,
2778 4757 3028 4814 Domine:
3051 4772 3364 4825 componam
3392 4771 3512 4810 cum
3541 4772 3644 4810 ne-

2061 4826 2436 4896 gotiatoribus;
2471 4841 2660 4894 parvos
2698 4839 2938 4896 sumptus
2967 4828 3270 4881 domesticis
3311 4828 3440 4881 uicis
3468 4826 3644 4879 uelin-

2062 4912 2241 4965 quam.
2271 4895 2412 4949 Nihil
2440 4896 2626 4950 horum
2656 4895 2840 4952 Simon
2862 4899 2994 4952 dixit
3026 4915 3039 4951 :
3070 4897 3259 4953 Petrus
3283 4899 3420 4952 enim
3447 4912 3644 4952 revera

2061 4980 2195 5019 erat.
2219 4965 2399 5035 Neque
2424 4967 2609 5022 Petrus
2635 4976 2835 5022 tantum
2870 4968 3136 5022 dominico
3162 4979 3428 5037 praecepto
3447 4967 3644 5021 obedi-

2064 5040 2157 5099 vit,
2188 5039 2280 5091 sed
2307 5038 2466 5091 etiam
2509 5038 2751 5093 Andreas
2773 5049 2827 5092 et
2849 5038 3076 5094 Jacobus
3113 5052 3164 5093 et
3208 5038 3440 5093 Joannes
3469 5053 3484 5090 :
3519 5038 3643 5093 haec

2063 5109 2204 5161 enim
2231 5117 2354 5161 sunt
2378 5108 2520 5176 paria
2546 5108 2652 5163 duo
2676 5109 2851 5163 ﬁdelia
2880 5111 3154 5163 amborum
3182 5109 3421 5162 fratrum.

2140 5176 2378 5233 Vidistin‘
2404 5178 2613 5249 Domini
2651 5178 3105 5249 negotiationem?
3145 5194 3246 5249 qua
3276 5180 3343 5233 de
3383 5193 3543 5233 causa
3579 5179 3639 5235 iit

2063 5256 2304 5317 stagnum
2327 5264 2386 5303 se
2405 5248 2743 5304 contulerit?
2765 5261 2822 5303 ut
2848 5260 2903 5303 et
2926 5250 3104 5303 turbas
3124 5248 3360 5312 duceret,
3385 5261 3440 5304 et
3461 5252 3639 5318 pisca-

2065 5329 2206 5373 tores
2246 5318 2404 5373 haiuo
2439 5327 2671 5389 caperet.
2699 5320 2904 5373 Audisti
2947 5320 3105 5388 igitur
3131 5320 3510 5389 evangelistam
3541 5320 3637 5372 di-

2062 5403 2267 5443 centem
2302 5407 2315 5442 :
2347 5388 2413 5442 Et
2436 5388 2690 5443 subductis
2706 5390 2772 5442 ad
2800 5402 2983 5443 terram
3001 5390 3228 5452 navibus,
3251 5388 3436 5443 relictis
3460 5390 3637 5443 omni.

2067 5466 2190 5530 tius.
2220 5457 2376 5511 secuti
2420 5469 2535 5512 sunt
2581 5459 2757 5513 Jesum
2806 5459 2972 5530 (Luc.
3024 5460 3086 5525 V,
3133 5459 3255 5530 ll).
3307 5462 3443 5527 Quid
3499 5474 3638 5515 vero

2071 5529 2322 5582 Dominus
2342 5532 2364 5582 1'
2384 5539 2594 5598 oportet
2618 5533 2758 5600 enim
2788 5531 3019 5585 sermoni
3049 5529 3218 5585 fluent
3238 5531 3532 5600 imponere.
3566 5530 3639 5586 Ut

2063 5600 2191 5651 iidit
2220 5602 2577 5668 apostolorum
2607 5599 2952 5664 alacritatem,
2983 5601 3123 5669 quod
3152 5600 3350 5655 relictis
3375 5604 3635 5669 omnibus

2061 5669 2225 5721 secuti
2259 5678 2439 5721 essent
2460 5669 2654 5734 ipsum,
2683 5671 2750 5723 ad
2779 5673 3106 5724 curationem
3151 5672 3385 5737 festinat,
3418 5688 3486 5727 ne
3513 5675 3636 5730 dia-

2062 5743 2213 5795 huius
2240 5737 2625 5793 incredulitatis
2663 5756 2843 5795 ansam
2870 5740 3129 5795 inveniret
3160 5757 3172 5792 :
3204 5741 3353 5796 facile
3395 5758 3635 5812 namque
