3938 6136
245 236 295 292 El
983 242 1141 313 ρυλε
1179 243 1242 298 IN
1279 241 1615 299 OPERIBUS
1649 241 2114 299 CHRYSOSTOMI
2149 245 2669 305 OBSERVANTUR.
3355 241 3424 293 53

244 355 444 402 mutatur
485 347 763 417 humanum
808 362 1008 416 genus,
1035 357 1088 400 et
1123 347 1186 400 ad
1226 349 1484 401 contraria
1515 347 1754 417 eligenda

244 431 454 488 pronum.
483 416 692 488 Dicturi
720 433 960 488 namque
987 426 1133 470 erant
1169 417 1392 488 apostoli
1439 416 1678 480 Domino,
1709 420 1755 473 si

243 485 412 540 nullum
449 485 586 554 aliud
625 486 835 554 signum
882 487 1155 539 viderent:
1188 485 1321 540 Num
1361 485 1549 541 frustra
1590 488 1755 542 relin-

242 565 431 623 quentes
457 553 724 608 facultates
752 565 960 609 nostras
985 555 1145 608 secuti
1173 569 1354 609 sumus
1372 573 1491 610 eum
1509 557 1531 609 ?
1555 566 1607 610 et
1631 573 1758 612 con-

242 639 398 694 cursus
421 625 631 692 piscium
651 625 768 694 alio
798 626 1022 694 quodam
1052 625 1206 677 modo
1233 627 1398 679 factus
1422 635 1525 688 est,
1557 642 1658 681 non
1689 643 1756 682 ex

242 693 394 747 divino
429 695 592 761 jussu.
617 693 719 764 ,Ne
762 693 920 764 igitur
948 695 1134 748 talibus
1159 696 1545 763 suspicionibus
1588 695 1755 751 laeda-

241 775 398 817 rentur
431 763 684 831 apostoli,
717 780 747 817 a
775 763 961 831 stagno
1000 773 1198 818 tantum
1224 767 1463 830 recessit,
1495 776 1546 819 et
1577 767 1628 820 in
1657 782 1758 821 una

239 833 490 904 vicinarum
509 833 801 894 civitatum,
828 833 978 888 turba
996 845 1358 896 concurrente.
1381 835 1607 889 divinam
1634 851 1760 904 ape-

242 902 331 954 ruit
353 902 646 974 medicinam
678 921 692 957 :
721 906 1007 972 Statimque
1045 919 1108 958 ex
1151 904 1260 958 sola
1288 905 1557 959 voluntate
1585 902 1758 974 lepro-

241 985 340 1024 sum
378 972 584 1039 spoliat,
615 980 670 1026 et
719 975 840 1039 ejus
877 975 1102 1027 meloten
1143 975 1361 1028 maculis
1404 972 1702 1030 distinctam
1727 992 1758 1030 a

242 1041 363 1108 lepra
382 1052 550 1112 purgat
576 1056 592 1095 :
617 1053 676 1095 ut
706 1045 871 1097 sciret
897 1042 1081 1097 Petrus
1108 1053 1160 1097 et
1187 1044 1274 1112 qui
1311 1058 1431 1097 cum
1463 1045 1554 1098 illo
1577 1057 1755 1111 erant,

243 1123 330 1164 Ion
352 1110 500 1181 solum
520 1112 670 1166 vivos
699 1115 877 1180 pisces
894 1113 1108 1181 obsequi
1135 1110 1393 1167 mandatis
1423 1113 1646 1181 Domini,
1665 1110 1758 1170 sed

243 1181 373 1252 etiam
395 1180 736 1235 inanimatum
768 1183 1006 1236 morbum
1032 1184 1144 1251 ejus
1170 1195 1296 1236 nutu
1335 1181 1518 1252 fugari.
1554 1180 1757 1241 Audisti

239 1250 369 1320 modo
393 1252 706 1320 clamantem
734 1252 1000 1318 leprosum
1027 1269 1040 1305 :
1063 1250 1298 1317 Domine,
1329 1255 1370 1305 si
1395 1250 1486 1315 uis,
1519 1265 1653 1320 potes
1683 1273 1760 1310 me

238 1319 444 1392 mandare
463 1318 607 1392 (Luc.
655 1321 728 1386 ν,
757 1322 868 1389 12).
914 1322 958 1376 Ο
987 1323 1180 1390 leprosi
1209 1324 1425 1376 scientia
1450 1318 1527 1392 pii
1545 1325 1760 1392 dogma-

235 1389 319 1459 tis!
357 1390 702 1444 orthodoxam
729 1393 846 1459 ejus
885 1389 1113 1446 mentem
1157 1393 1372 1446 maculis
1417 1389 1518 1447 non
1548 1389 1761 1449 lmdavit

237 1457 357 1532 pellis
394 1461 473 1514 illa
527 1469 634 1532 tota
694 1457 854 1530 lepra}
896 1463 1102 1532 punctis
1151 1462 1360 1516 horrida
1389 1480 1402 1515 :
1434 1464 1760 1519 extrinsecus

233 1528 419 1597 repebat
441 1531 684 1602 morbus,
707 1528 1026 1602 intrinsecus
1053 1546 1177 1585 vero
1205 1533 1376 1585 locum
1400 1549 1500 1586 non
1529 1535 1756 1602 reperit:

232 1609 395 1670 corpus
413 1599 818 1667 corrodebatur,
845 1601 940 1655 sed
966 1604 1190 1656 animam
1207 1603 1459 1670 argritudo
1481 1599 1760 1657 non—attin-

231 1667 362 1732 gebat
390 1671 878 1740 zenntumeliosum
936 1672 1139 1725 titulum
1189 1667 1458 1740 gestabat,
1510 1673 1602 1727 sed
1654 1689 1760 1728 non

230 1738 642 1809 appropinquabat
669 1756 859 1796 comes
899 1741 1042 1812 lepra
1071 1759 1084 1794 :
1112 1738 1295 1811 plenus
1335 1753 1450 1796 erat
1470 1743 1634 1812 lepra,
1667 1743 1760 1799 sed

1185 1880 1230 1887 -.-
1243 1882 1276 1885 _.
1285 1881 1303 1887 -
1313 1881 1526 1888 ...ρ’-ι...

1527 1881 1742 1888 -φσ--ασ

1185 1880 1230 1887 -.
1243 1881 1958 1891 _-__-_~*_
2211 1886 2326 1896 ..υ-
2360 1887 2378 1896 -

1469 1921 1490 1926 ._
1516 1919 2072 1928 ___.____...____.__-i.__._._,

1859 349 2230 424 odiohabebat
2254 352 2565 424 improbum
2609 353 2786 406 Oziam
2819 371 2830 406 :
2859 367 3123 424 synagoga
3154 353 3300 424 illum
3333 373 3416 411 re-

1861 419 2100 501 pellebat,
2133 419 2224 474 sed
2254 420 2691 501 Ecclesiajpsum
2731 419 3144 501 amplectebaiur
3174 442 3186 477 :
3216 423 3424 501 Moyses

1859 491 2029 556 ipsum
2073 491 2391 545 contumelia
2433 491 2714 555 alliciebat,
2761 494 2852 546 sed
2899 493 3140 546 Christus
3178 495 3418 548 sanabat.

1861 561 1956 632 Hic
1978 569 2215 632 curatur,
2239 570 2294 614 et
2320 561 2428 615 illic
2461 564 2747 632 curationis
2789 562 2925 616 dona
2970 562 3160 618 oﬂ'erre
3181 563 3418 632 jubetur.

1859 630 2072 694 Quare?
2101 630 2165 685 Ut
2193 631 2394 684 Domini
2423 631 2619 684 Christi
2645 646 2796 685 amor
2821 647 2943 700 erga
2973 630 3211 687 homines
3239 648 3424 688 nosce-

1861 707 2025 761 retur,
2057 701 2364 772 ctpecuuim
2389 704 2672 772 amantium
2711 701 3008 772 .ludaeorum
3039 702 3294 770 cupiditas
3324 719 3422 772 ap-

1861 780 2086 837 pareret.
2107 770 2240 840 Quid
2269 771 2424 838 igitur
2448 771 2687 838 leprosus
2713 771 2819 834 ille,
2837 773 2924 838 qui
2946 787 3107 840 prave
3131 770 3424 829 sentientes

1859 853 2043 892 omnes
2073 839 2410 894 confutabat?
2439 840 2670 904 Domina,
2698 841 2741 893 si
2767 844 2858 904 vis,
2891 839 3027 904 potes
3048 858 3124 894 me
3153 845 3418 897 mundare.

1861 907 1974 979 [Son
1990 909 2130 974 dico,
2153 909 2316 978 Roga,
2339 910 2452 972 sed,
2476 912 2606 966 Cum
2632 912 2944 964 auctoritate
2963 911 3089 979 jnbe
3111 930 3123 964 :
3149 927 3250 965 non
3277 913 3419 976 dico,

1863 977 2106 1043 Precare,
2134 977 2254 1044 sed,
2277 983 2434 1035 Sana.
2464 980 2737 1048 Proprium
2781 981 2923 1033 enim
2966 977 3058 1033 Dei
3097 993 3176 1035 eat
3202 997 3295 1034 sua
3323 997 3419 1037 vo-

1862 1047 2059 1100 luntate
2087 1063 2294 1120 sanare,
2329 1065 2432 1103 non
2461 1047 2634 1120 alieno
2664 1059 2814 1102 nutu.
2847 1048 3080 1120 Domine,
3102 1052 3144 1102 si
3167 1051 3259 1115 vis,
3284 1061 3424 1120 potes

1863 1133 1942 1188 nte
1994 1119 2258 1170 mundare.
2312 1120 2499 1172 Audivi
2552 1119 2694 1174 enim
2744 1118 3060 1188 Prophetam
3110 1118 3420 1176 dicentem:

1864 1186 2001 1259 Deus
2021 1199 2194 1259 noster
2217 1191 2267 1259 in
2289 1189 2410 1259 siglo
2436 1200 2480 1242 et
2506 1191 2555 1241 in
2585 1201 2714 1242 terra
2739 1186 2904 1241 omnia
2929 1205 3248 1259 aureamque
3271 1191 3424 1244 voluit

1866 1258 1980 1327 fecit
2006 1256 2177 1328 (Psal.
2203 1257 2386 1315 CXlll.
2409 1259 2481 1327 5).
2502 1260 2758 1326 Quoniam
2779 1256 3132 1327 igitur'omnia
3160 1256 3216 1312 ut
3241 1269 3423 1314 essent

1867 1328 2191 1394 produxisti,
2218 1343 2279 1381 ac
2309 1329 2472 1382 caelos
2499 1328 2775 1382 extendisti
2819 1328 2951 1382 sicut
2982 1328 3168 1396 pellem
3189 1369 3204 1392 ,
3235 1341 3287 1383 et
3320 1339 3424 1382 ter-

1865 1413 1979 1467 ram
2006 1397 2191 1450 subtus
2214 1399 2504 1465 expandisti
2549 1399 2690 1450 velut
2727 1399 3017 1463 sindonem,
3043 1407 3096 1451 et
3120 1413 3236 1467 qua:
3263 1403 3424 1452 inter-

1867 1466 2038 1520 media
2063 1476 2248 1532 erant,
2279 1469 2438 1520 variis
2464 1468 2647 1520 formis
2685 1469 2947 1521 exornasti
2973 1484 2987 1530 ;
3020 1466 3190 1522 tribue
3216 1483 3425 1536 quoque

1866 1536 1991 1606 mihi
2011 1545 2209 1590 natura:
2228 1537 2615 1598 vestimentum,
2641 1547 2696 1589 ut
2714 1537 2904 1605 legem,
2923 1546 3099 1606 utpote
3119 1553 3422 1603 onerosam,

1864 1605 2144 1671 declinem,
2170 1608 2388 1676 gratiam
2418 1622 2562 1670 vero,
2585 1619 2638 1659 ut
2669 1607 2934 1659 hominum
2963 1605 3222 1660 amantem
3261 1608 3423 1676 glori-

1867 1676 2038 1733 ﬁcem.
2070 1676 2120 1730 in
2153 1678 2365 1732 Christo
2393 1676 2518 1731 .lesu
2550 1677 2769 1730 Domino
2796 1686 3006 1740 nostro,
3047 1691 3165 1730 cum
3193 1677 3345 1732 Patre
3369 1685 3426 1732 et

1864 1745 2062 1814 Spiritu
2084 1760 2268 1801 sancto
2285 1787 2300 1812 ,
2335 1749 2385 1800 in
2411 1747 2590 1802 secula
2617 1746 2934 1801 seculorum.
2959 1747 3148 1801 Amen.

1352 1993 2293 2143 SYNOPSIS
3127 2097 3152 2120 ο

231 2213 512 2325 EOR
533 2217 646 2325 U'
627 2221 794 2329 Μ
842 2219 1223 2347 QU/E
1258 2221 1468 2326 ΙΝ
1521 2219 2278 2334 OPERIBUS
2323 2228 2624 2335 CHR
2647 2226 3016 2338 YSOS
3035 2231 3430 2339 ΤΟΜΙ

1400 2444 2225 2520 OBSERVANTUR.

1617 2619 2068 2730 prologue.

1623 2824 2037 2880 ’Μ

279 2953 396 3008 Rem
420 2968 697 3024 operosam
719 2963 884 3026 atque
911 2955 1162 3008 hactenus
1185 2953 1488 3008 intentatam
1517 2951 1762 3020 aggredi-
1865 2951 2228 3006 hmresiarcbis
2247 2953 2441 3022 passim
2456 2961 2757 3018 occurrunt;
2777 2953 3106 3008 miscellanea
3129 2953 3288 3008 multa
3310 2971 3425 3024 qure

219 3055 339 3108 mur,
360 3057 476 3097 cum
496 3043 1149 3100 adlectoriscommodum
1175 3059 1235 3098 ea
1263 3059 1379 3112 qua:
1400 3044 1452 3096 in
1475 3051 1581 3098 tam
1595 3042 1765 3111 ampla
1866 3044 1918 3097 in
1945 3054 2311 3114 argumentum
2342 3046 2551 3116 aliquod
2578 3045 2816 3116 redigere
2842 3047 2892 3100 in
2930 3055 3171 3117 promptu
3203 3063 3305 3100 non
3325 3060 3425 3100 est.

217 3141 283 3186 tot
304 3136 623 3191 voluminum
652 3137 794 3192 mole
838 3137 1080 3206 dispersa
1106 3143 1266 3200 sunt,
1317 3135 1604 3190 secundum
1652 3149 1767 3189 ma-
1869 3135 2086 3189 Demum
2103 3135 2454 3205 digressioues
2479 3126 2926 3206 frequentissimas
2944 3153 3074 3207 quas
3100 3139 3150 3192 in
3180 3138 3426 3193 similitu-

221 3226 348 3278 teriie
372 3227 634 3295 ordinem,
667 3243 832 3283 unum
881 3229 981 3282 sub
1005 3236 1341 3295 conSpectum
1383 3241 1582 3296 ponere
1605 3226 1768 3280 desti-
1867 3224 2076 3280 dinibus
2101 3226 2312 3281 adhibet
2335 3225 2764 3298 Chrysostomus,
2794 3227 2883 3281 tibi
2927 3227 3130 3282 inﬁnita
3180 3243 3313 3295 pene
3358 3229 3422 3281 ad

224 3331 408 3371 namus.
436 3319 504 3372 At
546 3320 700 3375 enim
747 3333 851 3373 non
878 3318 942 3372 iis
978 3317 1158 3380 modo,
1205 3318 1352 3387 queis
1381 3316 1638 3370 immensa
1682 3316 1768 3370 illa
1868 3315 1999 3368 ritus
2027 3325 2082 3369 et
2109 3330 2282 3372 mores
2309 3318 2388 3370 sui
2409 3318 2656 3385 temporis
2685 3317 3022 3386 pertinentia,
3061 3331 3178 3386 quae
3203 3317 3267 3370 ad
3296 3315 3426 3371 reli-

226 3421 363 3476 opera
399 3409 572 3480 legere
603 3425 716 3464 non
749 3419 905 3464 vacat
931 3424 1026 3478 per
1049 3409 1212 3463 otium
1233 3450 1248 3474 ,
1272 3409 1365 3463 sed
1392 3407 1455 3462 iis
1492 3407 1649 3462 etiam
1678 3406 1769 3476 qui
1870 3406 2078 3473 gionem
2098 3420 2201 3459 non
2227 3406 2556 3474 spectabant,
2583 3407 2634 3460 in
2657 3405 3139 3476 comparationibus
3164 3417 3426 3460 recenset.

225 3497 446 3555 diuturna
489 3501 735 3556 lectione
785 3507 926 3554 totos
967 3498 1240 3552 duodecim
1291 3507 1462 3552 tomos
1505 3496 1766 3561 evolvent,
1872 3495 1997 3550 Hmc
2025 3497 2200 3551 omnia
2236 3499 2287 3551 in
2315 3497 2566 3553 diatribas
2583 3501 2814 3568 quinque
2839 3497 3237 3567 distributajam
3259 3499 3431 3567 prole-

223 3585 412 3644 diliicile
449 3589 750 3644 admodum
782 3599 924 3643 esset
962 3589 1134 3643 omnia
1163 3587 1451 3642 secundum
1479 3587 1767 3655 argumenti
1871 3603 2071 3644 remus.
2094 3589 2168 3642 De
2187 3590 2324 3660 stylo
2341 3591 2501 3644 "etiam
2522 3592 2637 3660 ejus
2653 3593 2822 3658 aliqua
2838 3591 3039 3645 discere
3055 3593 3260 3643 animus
3279 3598 3391 3643 erat
3412 3606 3425 3642 :

219 3678 447 3734 rationem
467 3695 775 3748 excerpere
795 3689 849 3734 et
877 3680 927 3732 iu
955 3688 1094 3734 certa
1121 3681 1288 3748 capita
1314 3677 1659 3742 distribuere;
1694 3679 1772 3730 ni-
1873 3681 1967 3736 sed
1992 3682 2112 3750 quia
2139 3683 2189 3735 in
2218 3683 2521 3750 praefatione
2547 3683 2699 3750 primi
2732 3685 2857 3738 tomi
2883 3684 2981 3737 hac
3007 3682 3074 3738 de
3101 3697 3158 3738 re
3193 3682 3428 3737 luculen-

220 3766 386 3822 mirum
407 3786 524 3840 quae
548 3769 627 3826 ad
651 3769 948 3824 doctrinam
973 3778 1026 3824 et
1056 3769 1367 3838 theologiam
1390 3809 1405 3833 ,
1426 3781 1546 3837 qua:
1573 3765 1639 3820 ad
1660 3765 1770 3820 dis-
1874 3779 1955 3825 ter
1999 3781 2174 3824 actum
2219 3780 2319 3836 est,
2370 3770 2423 3825 id
2467 3779 2752 3826 retractare
2818 3786 3264 3842 supervacaneum
3320 3773 3434 3828 fore

216 3858 442 3927 ciplinam
482 3872 537 3918 et
571 3863 720 3918 ritus
757 3861 934 3915 varios
963 3872 1072 3915 tum
1109 3859 1463 3915 Antiochenos
1513 3867 1620 3912 tum
1640 3858 1774 3914 Con-

220 3951 744 4021 stantinopolitanos;
786 3953 1057 4006 innumera
1083 3950 1169 4004 illa
1193 3965 1312 4020 qua:
1331 3950 1397 4004 de
1423 3948 1685 4003 haereticis
1721 3956 1776 4004 et

1876 3863 2128 3916 diximus.

1001 4077 1025 4082 υ
1087 4077 1094 4082 ι
1155 4075 1341 4080 ,,,,,,,
1449 4073 1463 4079 ,
1645 4070 1982 4080 ,,,,-...-,-ν
2031 4067 3100 4077 ηη-...ω-..α-..--...νρ..-....-..
3239 4070 3246 4076 .

222 4372 290 4429 De
334 4375 396 4431 iis
421 4391 535 4446 quae
576 4376 646 4429 ad
697 4373 976 4428 doctrinam
1024 4379 1245 4441 spectant
1273 4377 1319 4423 et
1357 4369 1425 4424 ad
1475 4369 1778 4439 theologica

734 4485 989 4554 opiniones
1013 4481 1153 4536 illius
1177 4482 1287 4536 (eui.

282 4661 354 4716 De
379 4659 686 4717 substantia
713 4657 807 4712 Dei
835 4658 1004 4727 deque
1027 4654 1291 4710 Trinitate
1335 4655 1684 4710 Personarum
1711 4671 1772 4710 ea

224 4768 316 4808 non
337 4769 458 4810 raro
487 4753 702 4824 profert
721 4749 1146 4816 Chrysostomus,
1166 4761 1285 4816 quae
1298 4747 1576 4802 Christiani
1596 4762 1781 4802 omnes

220 4844 546 4911 profitentur.
583 4842 657 4896 De
677 4840 1038 4895 incarnatione
1061 4853 1190 4893 vero
1213 4837 1410 4891 Christi
1436 4846 1491 4892 et
1513 4838 1628 4906 ejus
1655 4852 1778 4892 cum

224 4933 367 4989 Patre
383 4933 698 5004 aequalitate
720 4931 1015 4984 innumeris
1042 4930 1093 4982 in
1136 4929 1268 4983 locis
1287 4929 1396 4996 agit
1419 4937 1476 4982 ut
1502 4932 1782 4985 Anomueo-

223 5040 326 5078 rum
343 5026 451 5080 tela
484 5023 783 5094 propulset,
822 5022 910 5090 qui
940 5029 1062 5074 tunc
1083 5018 1373 5073 Antiochiae
1405 5028 1459 5073 et
1477 5018 1781 5073 Constanti-

225 5120 387 5186 napoli
417 5127 615 5172 contra
636 5112 935 5168 Catholicos
956 5111 1352 5166 velificabantur
1385 5131 1398 5164 :
1425 5125 1592 5180 neque
1619 5120 1701 5165 est
1719 5127 1782 5165 ea

224 5205 348 5262 iure
371 5207 589 5262 diutius
614 5203 1016 5256 immorandum.
1060 5203 1254 5257 Contra
1282 5203 1563 5258 Anomteos
1605 5215 1781 5258 autem

224 5307 557 5359 concertans,
581 5292 718 5346 duas
741 5293 792 5345 in
815 5292 1023 5346 Christo
1049 5293 1345 5347 voluntates
1369 5293 1528 5346 fuisse
1569 5303 1780 5362 pugnat,

219 5395 267 5439 et
291 5385 771 5440 Monothelitarurn
801 5391 885 5453 qui
918 5395 1096 5454 postea
1120 5385 1290 5439 exorti
1317 5391 1461 5448 sunt,
1489 5384 1638 5451 quasi
1663 5385 1784 5439 data

221 5489 398 5543 opera,
429 5476 678 5530 heresim
709 5476 952 5544 proﬂigat
1003 5473 1148 5542 (Τ.1,
1171 5475 1276 5529 col.
1304 5473 1582 5546 765~766).

287 5565 552 5636 Baptismi
596 5567 758 5620 ritum
806 5565 878 5618 ita
915 5565 1165 5620 describit
1201 5565 1653 5638 Chrysostomus‘:
1685 5565 1781 5631 Qui

223 5651 524 5727 baptizandi
568 5666 743 5722 erant,
765 5671 858 5724 per
905 5656 1018 5712 dies
1045 5657 1253 5728 triginta
1281 5657 1346 5712 ad
1388 5667 1624 5714 sanctum
1657 5659 1783 5714 illud

1881 4209 2144 4263 lavacrum
2173 4209 2559 4278 apparabantur
2589 4224 2604 4258 :
2632 4214 2910 4276 antequam
2940 4208 3288 4276 tingerentur,
3321 4207 3438 4263 hrec

1879 4299 2034 4353 verba
2066 4298 2406 4367 proferebant
2431 4315 2445 4350 :
2469 4296 2772 4349 Abi-enuntio
2811 4297 2914 4360 tibi,
2942 4306 3139 4361 satana,
3171 4308 3217 4350 et
3245 4313 3440 4367 pompa:

1880 4397 1979 4440 tua:
2005 4398 2050 4440 et
2075 4388 2228 4439 cultui
2256 4397 2361 4449 tuo,
2390 4395 2434 4439 et
2460 4386 2739 4454 conjungor
2764 4385 2868 4450 tibi,
2899 4385 3090 4439 Christe
3121 4385 3205 4454 (Τ.
3240 4386 3308 4449 ll,
3330 4388 3435 4440 col.

1877 4477 1983 4533 259
2016 4480 2032 4545 )
2065 4477 2203 4530 :illis
2251 4492 2378 4530 vero
2423 4474 2617 4530 addere
2660 4474 2997 4543 jubebantur,
3051 4475 3210 4529 Credo
3263 4478 3316 4529 in
3362 4494 3442 4532 re-

1879 4570 2230 4622 surrectionem
2281 4575 2586 4618 mortuorum
2626 4564 2712 4634 (Τ.
2751 4564 2817 4631 Χ,
2839 4566 2944 4620 col.
2977 4565 3121 4636 548).
3151 4567 3443 4636 Posteaque

1883 4667 1962 4710 ter
1989 4658 2038 4708 in
2069 4656 2206 4709 unda
2248 4656 2636 4724 mergebantur.
2666 4654 2722 4708 lu
2769 4656 2982 4709 homilia
3017 4671 3142 4710 vero
3184 4667 3331 4713 sexta
3381 4659 3434 4711 in

1882 4747 2173 4817 Epistulam
2200 4746 2265 4801 ad
2292 4746 2654 4810 Colossenses,
2684 4748 2754 4800 ita
2787 4749 2954 4802 refert
2986 4750 3147 4803 verba
3174 4750 3240 4803 ab
3261 4765 3326 4804 eo
3352 4752 3441 4818 qui

1882 4838 2197 4906 baptismum
2223 4846 2529 4906 accepturus
2549 4848 2663 4891 erat
2701 4839 2899 4906 prolata
2929 4838 3013 4910 (Τ.
3031 4839 3123 4906 XI,
3145 4840 3247 4894 col.
3273 4839 3397 4908 542)
3426 4857 3438 4892 :

1883 4932 2190 4985 Abrenuntio
2239 4932 2346 4994 tibi,
2378 4941 2572 4996 satana,
2621 4942 2667 4984 et
2720 4949 2914 5002 pompae
2941 4942 3039 4986 tua:
3081 4941 3127 4984 et
3175 4931 3330 4984 cultui
3360 4941 3444 4983 tuo

1885 5034 1932 5078 et
1978 5027 2169 5094 angelis
2216 5025 2331 5077 tuis.
2372 5023 2506 5077 Illud
2532 5038 2678 5088 vero,
2729 5035 2775 5077 et
2803 5026 2992 5094 angelis
3021 5023 3135 5084 tuis,
3165 5022 3215 5075 in
3247 5035 3443 5089 prince-

1886 5115 2027 5168 denti
2073 5131 2177 5167 non
2231 5113 2601 5168 habeturzsed
2656 5115 2742 5167 illa
2813 5116 2958 5182 prior
3013 5112 3306 5166 Antiochiae
3352 5112 3445 5165 de-

1885 5207 2078 5273 scripta
2098 5204 2212 5269 fuit,
2225 5205 2481 5273 posterior
2497 5220 2618 5257 vero
2637 5201 3204 5268 Constantinopoli,ubi
3223 5199 3446 5256 fortasse

1888 5297 2016 5350 levis
2047 5296 2132 5348 illa
2163 5295 2447 5349 diversitas
2473 5295 2526 5348 in
2553 5310 2647 5348 usu
2687 5302 2821 5346 erat.
2865 5293 3160 5360 Baptismus
3186 5307 3334 5356 vero,
3365 5293 3439 5344 iu-

1887 5388 1997 5457 quit
2025 5388 2110 5440 ille
2131 5428 2146 5452 ,
2179 5402 2284 5440 non
2307 5387 2529 5440 dabatur
2551 5387 2602 5437 in
2631 5384 2969 5443 Pentecoste,
2998 5397 3152 5450 quam
3179 5394 3329 5436 vocat
3355 5382 3445 5436 ille

1888 5481 2201 5548 metropolin
2234 5477 2524 5544 festorum(
2559 5475 2618 5528 Τ.
2647 5474 2737 5537 1X,
2767 5475 2867 5526 col.
2894 5474 2965 5527 22
2996 5474 3014 5544 )
3043 5491 3057 5526 :
3088 5474 3208 5542 quia
3259 5490 3447 5542 nempe

1890 5570 2089 5632 ﬁdeles,
2117 5569 2342 5637 Spiritus
2381 5567 2544 5620 sancti
2595 5564 2870 5619 descensui
2906 5565 3056 5619 unice
3084 5565 3276 5621 addicti
3309 5607 3322 5630 ,
3353 5582 3446 5619 ca:-

1893 5670 2000 5715 tera
2046 5661 2096 5714 in
2137 5669 2342 5728 tempus
2391 5656 2528 5710 aliud
2577 5657 2851 5712 mittebant
2893 5657 2982 5729 (Τ.
3031 5658 3071 5712 11
3098 5701 3111 5726 ,
3164 5659 3444 5725 001.465).
