4748 6520
1006 256 1074 310 ss
2310 252 2626 309 moras
2664 252 2894 308 sonuit
4180 261 4246 319 δέ

1002 390 1160 461 Saepe
1183 405 1310 446 vero
1334 391 1501 461 carpit
1525 404 1637 454 eos,
1669 390 1756 461 qui
1788 389 2103 460 baptismum
2141 402 2305 457 usque
2332 385 2397 441 ad
2422 400 2564 440 mor-

1000 491 1107 535 tem
1145 480 1470 542 differebant,
1517 495 1580 533 ac
1618 495 1735 550 qua:
1768 480 1890 534 hinc
1928 480 2063 532 mala
2097 486 2152 534 et
2195 478 2428 549 pericula
2471 490 2559 531 se-

998 581 1228 639 quantur
1278 580 1516 626 recenset
1541 570 1725 641 (Temo
1769 571 1985 635 secundo
2037 580 2084 624 et
2137 569 2292 624 Tomo
2337 567 2554 640 octavo).

1002 661 1247 730 Baptismi
1294 676 1419 715 vero
1460 663 1673 715 nomina
1721 662 1884 716 multa
1931 669 2117 726 erant,
2172 660 2338 731 inquit
2378 659 2558 729 (Temo

993 750 1211 804 secundo
1234 747 1289 819 ),
1335 764 1525 818 nempe
1579 751 1842 806 lavacrum
1885 750 2294 821 regenerationis
2317 791 2333 815 ,
2365 750 2558 804 illumi-

1003 842 1182 905 natio;
1210 841 1498 896 vocabatur
1517 843 1675 895 etiam
1707 845 1993 911 sepultura,
2023 842 2373 907 circumcisio,
2401 856 2552 908 crus;

1008 946 1096 984 mo
1149 931 1251 985 alia
1302 946 1517 1003 quoque
1576 934 1787 986 nomina
1840 948 1937 1003 pro
1978 933 2289 1003 baptismate
2350 930 2406 986 in
2458 946 2555 986 usu

984 1033 1076 1073 era
1085 1030 1163 1073 ΙΙΙ.

1060 1113 1135 1167 De
1161 1111 1504 1168 Eucharistize
1521 1123 1851 1168 sacramento
1879 1114 2054 1169 nullus
2080 1124 2286 1183 patrum
2313 1122 2549 1169 veterum

983 1212 1093 1269 est,
1121 1204 1208 1272 qui
1236 1203 1549 1259 luculentius
1577 1204 1733 1257 verba
1773 1206 1971 1259 fecerit.
2001 1205 2158 1260 Libro
2180 1220 2409 1275 namque
2442 1213 2551 1260 ter-

986 1293 1066 1346 tio
1099 1293 1168 1348 de
1206 1292 1534 1355 Sacerdotio,
1573 1303 1845 1363 postquam
1882 1293 2214 1349 sacerdotum
2241 1295 2550 1364 dignitatem

986 1383 1267 1447 extulerat,
1295 1384 1382 1452 qui
1408 1393 1564 1447 stant,
1604 1383 1787 1454 inquit,
1828 1399 1990 1453 prope
2016 1384 2161 1439 illam
2199 1384 2547 1442 immortalem

988 1483 1253 1540 naturam,
1281 1476 1435 1545 paulo
1461 1486 1640 1544 postea
1683 1476 1809 1531 dicit
1839 1494 1853 1530 :
1883 1475 2019 1530 Nam
2053 1477 2098 1531 si
2125 1494 2225 1530 non
2258 1486 2414 1543 potest
2438 1478 2550 1550 quis

987 1567 1181 1621 intrare
1204 1567 1255 1620 in
1277 1582 1482 1638 regnum
1509 1567 1765 1632 caelorum,
1805 1569 1902 1622 nisi
1926 1586 2015 1638 per
2036 1586 2219 1637 aquam
2244 1578 2289 1623 et
2317 1570 2548 1637 spiritum

984 1667 1303 1727 regeneratus
1328 1658 1496 1728 fuerit,
1523 1659 1669 1711 etiam
1691 1659 1777 1728 qui
1797 1676 1896 1712 non
1923 1659 2190 1712 manducet
2214 1675 2412 1713 carnem
2437 1656 2547 1714 Do—

987 1749 1131 1812 mini,
1173 1764 1262 1802 nec
1308 1749 1423 1803 bibit
1465 1750 1573 1819 ejus
1609 1751 1922 1821 sanguinem,
1960 1761 2148 1804 wterna
2191 1750 2291 1804 vita
2327 1751 2550 1821 privatur

986 1842 1004 1909 (
1035 1840 1188 1895 Tanto
1251 1843 1410 1912 primo
1545 1843 1599 1895 In
1654 1843 1876 1896 lientilia
1935 1843 2059 1898 item
2118 1843 2186 1898 de
2246 1842 2548 1898 Proditione

982 1932 1133 1992 Iuda:
1161 1935 1286 1990 dicit
1324 1939 1435 1990 haec
1482 1937 1663 2001 verba,
1696 1933 1807 1989 Hoc
1848 1945 1918 1988 est
1953 1951 2135 2004 corpus
2178 1952 2341 1989 mcum
2365 1935 2546 2005 (Tanto

980 2024 1202 2078 secundo
1228 2025 1268 2095 ),
1313 2026 1687 2081 transformare
1730 2040 1792 2081 ea
1835 2041 1951 2096 qua:
1997 2027 2262 2098 proposita
2310 2035 2466 2093 sunt,
2491 2035 2548 2082 et

981 2114 1252 2170 diabolum
1306 2116 1554 2172 insiliisse
1591 2118 1642 2171 in
1672 2116 1860 2172 Judam
1910 2128 2182 2187 postquam
2226 2133 2423 2174 mensa:
2461 2117 2545 2172 di-

981 2207 1117 2260 vina:
1147 2208 1410 2278 particeps
1434 2207 1629 2273 fuerat,
1661 2223 1765 2263 non
1795 2223 1985 2277 corpus
2011 2209 2243 2277 Domini,
2279 2209 2420 2279 quod
2454 2210 2546 2265 ille

976 2311 1274 2367 acceperat,
1314 2299 1632 2369 despiciens,
1661 2300 1753 2355 scd
1784 2300 2125 2377 ipsius'Judze
2168 2301 2545 2370 impudentiam

977 2399 1341 2444 contemnens.
1394 2390 1599 2458 Corpus
1646 2398 1700 2444 et
1736 2390 2039 2459 sanguinem
2084 2390 2277 2445 Christi
2320 2406 2444 2446 vere
2491 2392 2542 2446 in

978 2479 1306 2535 Encharistia
1333 2496 1451 2535 esse
1494 2481 1575 2535 his
1612 2480 1743 2535 dicit
1768 2482 1924 2535 etiam
1967 2480 2017 2534 in
2050 2481 2291 2536 llomiliis
2328 2482 2378 2535 in
2409 2482 2544 2537 Mat-

983 2573 1202 2625 tharum.
1247 2569 1637 2626 Commentario
1691 2581 1865 2626 autem
1922 2572 1973 2625 in
2024 2571 2314 2641 Epistolam
2357 2589 2542 2628 secun-

982 2661 1104 2717 dam
1154 2662 1221 2716 ad
1260 2663 1567 2718 Corinthios
1616 2664 1667 2720 in
1723 2665 1836 2718 lucc
1877 2665 2035 2718 verba
2085 2664 2263 2734 (Tomo
2288 2665 2538 2737 septimo),

982 2751 1130 2806 Catia:
1172 2754 1521 2807 benedictionis
1544 2794 1558 2816 ,
1590 2754 1671 2806 cui
1713 2752 2044 2807 benedicimus
2063 2796 2077 2817 ,
2110 2772 2274 2808 nonne
2316 2772 2545 2809 commu-

976 2843 1164 2896 nicatio
1213 2844 1470 2914 sanguinis
1507 2843 1689 2897 Christi
1742 2843 1850 2898 est?
1901 2842 2015 2897 htec
2054 2845 2347 2900 clariSsime
2374 2845 2538 2910 dicit,

979 2932 1093 2987 Hoc
1136 2935 1271 3002 quod
1322 2935 1375 2988 in
1431 2934 1586 2989 calice
1632 2943 1742 2999 est,
1782 2933 1912 2987 illud
1966 2935 2130 3004 ipsum
2181 2945 2253 2989 est
2300 2936 2432 3006 quod
2481 2952 2544 2991 ea:

972 3027 1132 3080 latere
1179 3025 1371 3099 ﬂuxitl
1395 3024 1549 3079 Tomo
1611 3026 1800 3080 decimo
1829 3026 1873 3096 ).
1926 3026 2057 3081 Cum
2125 3026 2308 3096 majori
2382 3028 2539 3084 etiam

970 3121 1207 3186 ἐναργείᾳ,
1260 3114 1373 3171 haec
1431 3115 1496 3169 de
1544 3130 1766 3184 corpore
1828 3116 2025 3170 Christi
2102 3118 2152 3172 in
2221 3119 2539 3173 Eucharistia

976 3205 1210 3275 loquitur
1270 3206 1321 3259 in
1381 3204 1573 3259 llomil.
1620 3207 1846 3260 secunda
1909 3206 1961 3259 in
2005 3206 2287 3275 Epistulam
2351 3223 2540 3263 secun-

975 3295 1101 3351 dant
1140 3295 1207 3350 ad
1250 3295 1583 3349 Timotheum
1616 3295 1795 3366 (Tomo
1820 3296 2102 3360 undecimo)
2129 3316 2144 3351 :
2174 3295 2239 3350 Et
2277 3298 2370 3353 hoc
2393 3299 2543 3368 igitur

972 3407 1159 3461 corpus
1209 3387 1394 3444 Christi
1433 3398 1505 3442 est
1549 3396 1593 3441 et
1646 3388 1789 3442 illud.
1818 3388 1916 3455 Qui
1961 3404 2073 3442 vero
2117 3401 2258 3459 putat
2303 3390 2397 3444 hoc
2441 3392 2538 3443 mi-

971 3498 1068 3535 nus
1102 3480 1189 3534 illo
1224 3496 1349 3545 esse,
1379 3480 1423 3532 is
1467 3479 1620 3532 nescit
1660 3477 1912 3533 Christum
1949 3480 2098 3533 etiam
2128 3497 2259 3534 nunc
2295 3481 2468 3535 adesse
2494 3490 2541 3534 et

972 3569 1193 3640 operari.
1234 3569 1331 3625 llic
1366 3584 1492 3623 vero
1538 3568 1767 3640 loquitur
1810 3567 1877 3622 de
1914 3571 2186 3627 sacerdote
2227 3571 2539 3627 sacrificium

973 3662 1249 3717 offerente.

1044 3751 1198 3804 Circa
1225 3748 1547 3819 paenitentia
1590 3759 1978 3807 sacramentum
2004 3751 2072 3806 de
2107 3750 2442 3810 confessione
2461 3754 2540 3809 lo-

974 3853 1164 3910 quens,
1191 3838 1427 3910 lucifugis
1456 3841 1669 3896 errandi
1695 3842 1988 3907 materiam,
2014 3853 2161 3898 recte
2191 3844 2540 3900 sentientibus

971 3930 1275 3999 scrupulum
1298 3930 1476 3997 injecit
1492 3929 1918 4001 Chrysostomus,
1941 3946 2061 3985 cum
2082 3934 2333 3988 Oratione
2356 3934 2537 4003 quinta

972 4020 1043 4074 de
1084 4018 1599 4089 lncomprehensihili
1637 4018 1801 4074 dicit:
1832 4019 1953 4074 Non
1992 4030 2038 4074 te
2069 4022 2122 4074 in
2150 4024 2394 4076 theatrum
2419 4040 2538 4079 con-

972 4126 1225 4166 servorum
1253 4119 1452 4164 tuorum
1489 4110 1637 4175 duco,
1674 4128 1828 4178 neque
1857 4110 2137 4187 hominibus
2162 4122 2362 4182 peccata
2396 4130 2534 4169 reve-

974 4203 1081 4260 lare
1129 4217 1253 4272 cogo
1288 4217 1307 4256 :
1329 4202 1682 4257 conscientiam
1732 4212 1870 4257 tuam
1912 4203 2134 4272 expende
2180 4220 2349 4258 coram
2396 4205 2533 4272 Deo,

972 4292 1174 4347 ostende
1213 4293 1311 4364 ipsi
1360 4292 1564 4347 vulnera
1585 4332 1601 4359 ,
1648 4303 1693 4346 et
1733 4292 1796 4346 ab
1840 4310 1897 4348 eo
1941 4293 2300 4349 medicamenta
2341 4298 2537 4365 postula

972 4382 1153 4452 (Temo
1181 4382 1386 4453 primo).
1422 4382 1529 4438 Hac
1566 4384 1632 4438 de
1670 4400 1728 4438 re
1756 4399 1863 4438 non
1890 4399 2081 4454 paucos
2105 4383 2370 4442 haerentes
2406 4389 2532 4455 vidi,

971 4473 1359 4542 nonnullasque
1389 4472 1691 4528 dubitantes
1715 4490 1779 4526 an
1805 4474 1896 4528 illo
1922 4490 2036 4529 ευνο
2065 4476 2324 4531 confessio
2346 4491 2534 4547 pecca-

972 4572 1145 4616 torqu
1177 4561 1443 4616 sacerdoti
1468 4562 1701 4615 facienda
1728 4563 1779 4616 iu
1817 4579 1913 4617 usu
1940 4572 2082 4619 esset
2108 4565 2420 4632 Antiochiae,
2447 4569 2536 4623 ubi

971 4654 1089 4710 haec
1128 4652 1267 4708 dicta
1310 4652 1527 4719 protulit
1567 4652 1993 4722 Cltrysostomus.
2044 4655 2156 4711 Non
2202 4657 2536 4715 advertentes

970 4745 1144 4815 ipsum
1185 4742 1320 4798 libro
1362 4744 1517 4797 tertio
1553 4743 1623 4798 de
1657 4742 1958 4800 Sacerdotio
1990 4746 2188 4814 dicere,
2235 4749 2536 4806 sacerdotes

967 4849 1196 4907 prorsus
1220 4834 1474 4904 purgandi
1505 4842 1817 4904 potestatem
1846 4837 2134 4907 accepisse,
2158 4847 2213 4893 et
2242 4847 2360 4908 post
2386 4854 2536 4910 rege-

971 4927 1298 4983 nerationem
1332 4925 1561 4981 admissa
1602 4937 1809 4995 peccata
1849 4929 2149 4984 condonare
2174 4944 2330 5001 posse
2355 4928 2536 5000 (Tanto

972 5021 1159 5090 primo)
1189 5035 1203 5072 :
1232 5028 1389 5090 atque
1436 5020 1603 5084 adeo,
1645 5034 1764 5074 cum
1816 5020 1884 5077 de
1921 5021 2257 5077 confessione
2295 5031 2534 5091 peccato-

970 5129 1089 5170 rum
1143 5113 1407 5183 loquitur,
1453 5113 1501 5166 id
1555 5128 1697 5181 stupe
1744 5113 1812 5169 de
1849 5113 1950 5169 hoc
1998 5113 2333 5168 sacerdotum
2381 5114 2534 5168 mini-

969 5205 1134 5261 sterio
1172 5205 1566 5274 intelligendum
1604 5220 1724 5261 esse
1747 5222 1762 5270 ;
1802 5214 1860 5259 ut
1885 5220 2005 5258 cum
2031 5204 2176 5271 dicit,
2204 5214 2323 5274 post
2350 5221 2532 5274 pecca-

971 5306 1081 5351 tum
1123 5295 1188 5351 ad
1220 5295 1607 5352 confessiOuem
1633 5311 1750 5350 esse
1776 5294 2119 5365 pergendum,
2160 5304 2214 5349 et
2245 5296 2533 5350 confessio-

967 5403 1087 5442 nem
1128 5387 1483 5441 conununioni
1510 5400 1630 5441 esse
1674 5383 2091 5455 praetnittendam
2114 5382 2291 5453 (Temo
2321 5386 2528 5455 primo).

964 5479 1170 5535 Clarius
1197 5494 1308 5534 rem
1337 5478 1556 5549 profert,
1582 5493 1703 5532 cum
1733 5476 1991 5531 sacerdoti
2018 5476 2189 5532 ulcera
2218 5492 2338 5533 esse
2362 5478 2535 5531 mani-

965 5570 1205 5626 lcstanda
1246 5572 1546 5642 pronuntiat
1583 5568 1765 5637 (Temo
1791 5568 2031 5639 secundo)
2055 5585 2070 5623 :
2094 5584 2187 5639 per
2238 5568 2531 5626 confessio-

968 5676 1088 5720 nam
1137 5663 1279 5718 enim
1304 5700 1320 5721 .
1351 5659 1557 5727 inquit,
1591 5672 1926 5727 peccatorum
1969 5664 2173 5719 sarcina
2229 5659 2528 5729 deponitur.

2667 385 2815 439 Licet
2855 401 2980 441 vero
3031 389 3224 455 passim
3269 387 3412 444 dicat
3456 388 3575 453 ille,
3628 393 3678 442 in
3721 388 3963 457 precibus
4016 395 4235 444 confes-

2669 477 2872 530 sionem
2918 477 3025 530 Deo
3074 478 3413 533 emittendam
3452 493 3609 543 esse,
3656 479 3707 531 in
3749 480 4062 532 memoratis
4108 481 4238 533 locis

2666 567 3049 621 confessionem
3104 569 3263 623 etiam
3309 569 3568 623 sacerdoti
3621 567 3909 622 faciendam
3955 583 4085 624 esse
4143 572 4236 624 de-

2664 658 2803 711 clara
2812 667 2851 711 t.

2732 745 2847 800 Jam
2877 746 2941 801 ad
2967 747 3310 817 quaestionem
3340 749 3629 816 veniamus,
3667 764 3784 819 quae
3811 748 3948 803 haud
3979 749 4078 804 diu
4120 762 4236 821 post

2659 835 2860 890 obitum
2886 837 3247 907 Cltrysostomi
3270 839 3460 908 agitata
3490 839 3601 903 fuit,
3627 840 3734 893 imo
3754 842 3805 893 in
3830 843 4095 895 extremis
4121 843 4234 911 ejus

2660 928 2781 981 vitae
2805 928 2958 982 annis
2986 929 3200 984 suborta
3235 938 3349 995 est;
3371 945 3593 1001 quaeque
3615 946 3729 984 ενι)
3754 941 3934 984 nostro
3959 946 4060 1000 per
4090 933 4231 987 inte-

2658 1035 2807 1091 grum
2840 1037 2973 1090 pene
3001 1023 3250 1078 Steculum
3279 1024 3560 1078 multorum
3607 1023 3813 1093 ingenia
3849 1028 4101 1079 exercuit
4126 1045 4145 1092 ;
4169 1026 4229 1081 de

2656 1111 2821 1181 gratia
2862 1127 3054 1179 nempe
3097 1122 3152 1168 et
3198 1112 3366 1168 libero
3405 1113 3644 1169 arbitrio.
3686 1113 3924 1170 Julianus
3968 1118 4133 1171 enim
4181 1126 4230 1172 et

2656 1203 2891 1256 Auianus
2928 1202 3208 1272 Pelagiani,
3249 1202 3681 1275 Chrysostomum
3728 1204 3824 1257 sibi
3853 1202 4034 1259 favere
4062 1206 4226 1260 dicti-

2659 1293 2838 1348 tabant
2865 1311 2880 1349 :
2910 1304 2962 1348 et
2987 1294 3288 1360 Cassianus,
3316 1295 3404 1364 qui
3429 1293 3806 1366 Chrysostomo
3835 1293 4095 1361 haeserat,
4129 1297 4223 1352 Se-

2656 1384 3128 1453 mipelagianorum
3159 1385 3419 1439 haereseos
3437 1395 3620 1438 auctor
3648 1383 3890 1439 habetur.
3915 1385 4017 1450 Qui
4044 1398 4227 1442 autem

2656 1474 2953 1544 bujusmodi
2993 1475 3281 1530 haeresibus
3329 1489 3519 1530 nomen
3553 1475 3827 1539 dederant,
3873 1484 4081 1530 tantum
4135 1479 4223 1533 do-

2655 1575 2855 1621 ctorem
2881 1566 3200 1634 putabantin
3233 1566 3461 1620 homiliis
3499 1567 3609 1619 suis
3634 1564 3814 1620 favere
3842 1564 3964 1632 sibi,
3998 1567 4224 1637 ejusque

2657 1658 2971 1712 testimoniis
3014 1658 3329 1723 utebantur,
3380 1666 3439 1711 ut
3486 1657 3642 1713 dictis
3688 1659 3799 1712 suis
3846 1660 4221 1714 auctoritatem

2653 1750 3113 1804 conciliarentzet
3157 1749 3268 1804 loca
3314 1748 3450 1803 haud
3489 1749 3649 1803 dubie
3697 1750 4056 1817 proferebant,
4102 1766 4221 1820 qua

2650 1838 2963 1892 videbantur
3004 1853 3113 1892 sua:
3156 1838 3361 1903 tuendae
3405 1838 3681 1892 sententi:e
3723 1850 4042 1907 opportuna.
4088 1841 4219 1896 Cum

2649 1928 2789 1984 enim
2835 1929 2971 1982 circa
3008 1929 3229 1999 gratiam
3278 1938 3332 1983 et
3365 1928 3588 1983 liberum
3632 1928 3908 1982 arbitrium
3954 1929 4217 1985 nihildum

2649 2028 2792 2073 esset
2815 2026 2988 2072 ortum
3014 2017 3095 2071 vel
3126 2017 3354 2086 scrupuli
3380 2018 3461 2072 vel
3489 2017 3902 2086 disceptationis,
3929 2032 4113 2089 neque
4141 2036 4220 2075 es-

2649 2120 2732 2166 set
2767 2126 2853 2166 res
2878 2120 2982 2166 tam
3008 2108 3236 2166 difficilis
3278 2113 3437 2166 certis
3481 2124 3665 2164 vocum
3704 2108 3959 2164 limitibus
3994 2111 4220 2167 circum~

2649 2203 2842 2272 scripta
2869 2220 2882 2255 :
2910 2201 3035 2271 quid
3070 2203 3285 2265 mirum,
3326 2201 3373 2255 si
3416 2199 3821 2271 Chrysostomus
3854 2200 4213 2256 inconcinni—

2649 2293 2768 2361 bus,
2798 2310 2928 2364 quas
2962 2294 3268 2364 plerumque
3297 2309 3362 2349 ex
3388 2303 3625 2362 tempore
3656 2293 4044 2361 pronuntiavit,
4074 2311 4215 2364 qua:-

2649 2385 2768 2440 dam
2799 2386 3073 2456 protulerit
3109 2386 3245 2441 circa
3291 2386 3509 2455 gratiam
3537 2383 3652 2449 Dei,
3683 2398 3820 2453 qum,
3866 2384 3910 2437 si
3960 2386 4214 2440 secundis

2647 2477 2790 2532 curis
2812 2486 2865 2531 et
2889 2478 3183 2532 accuratius
3213 2484 3507 2541 tractasset,
3534 2475 3921 2530 emendavisset
3948 2475 4098 2531 haud
4124 2478 4213 2531 du-

2647 2565 2733 2621 bie
2753 2567 2777 2619 ?
2801 2575 2856 2620 ut
2881 2576 2934 2621 et
2961 2568 3277 2637 Augustinus
3301 2582 3417 2635 qua:
3448 2566 3647 2636 pridem
3679 2565 3746 2620 de
3777 2566 3943 2634 gratia
3972 2566 4071 2620 Dei
4103 2585 4209 2623 sen-

2644 2666 2806 2720 serat,
2845 2656 3036 2726 abjecit
3066 2657 3301 2721 omnino,
3334 2672 3453 2711 cum
3497 2670 3556 2710 ea
3596 2654 3664 2710 de
3703 2671 3760 2710 re
3799 2665 3875 2709 tot
3913 2657 4214 2713 scribendis

2646 2750 2792 2804 libris
2812 2764 3025 2818 operam
3050 2742 3217 2803 dedit.

2715 2838 3075 2908 Chrysostomi
3115 2838 3228 2892 loca
3276 2837 3363 2894 hic
3413 2837 3725 2893 referimus:
3760 2838 3984 2891 Homilia
4026 2840 4084 2893 in
4133 2843 4211 2896 di-

2645 2939 2789 2985 ctum
2820 2929 2947 2984 illud
2990 2930 3157 2994 Pauli,
3207 2929 3456 2985 Habentes
3494 2940 3656 2985 autem
3699 2931 3921 2984 eumdem
3957 2932 4212 3002 Spiritum

2646 3023 2786 3092 ﬁdei,
2817 3031 2919 3077 etc.
2949 3021 3152 3090 (Temo
3203 3022 3410 3094 tertio),
3461 3022 3575 3077 haec
3621 3022 3818 3077 habet:
3865 3021 4009 3079 Illud
4066 3029 4215 3081 nimi-

2646 3131 2757 3169 rum
2806 3114 3061 3168 ostendere
3108 3113 3295 3179 volens,
3318 3115 3451 3184 quod
3504 3114 3645 3166 initio
3696 3114 3913 3182 credere,
3941 3127 3989 3169 et
4038 3135 4216 3186 parere

2650 3207 2867 3269 vocanti,
2915 3215 3097 3258 nostra:
3137 3214 3208 3258 est
3252 3203 3394 3258 bona:
3436 3205 3612 3257 mentis
3638 3220 3657 3258 :
3683 3213 3732 3256 at
3774 3215 4034 3274 postquam
4071 3211 4215 3277 jacta

2648 3298 2831 3369 fuerint
2857 3297 2976 3365 ﬁdei
3005 3298 3350 3367 fundamenta,
3367 3298 3477 3365 jam
3506 3314 3631 3366 opus
3656 3306 3727 3350 est
3750 3299 3940 3350 auxilio
3963 3298 4209 3368 Spiritus,

2646 3397 2700 3440 ut
2725 3388 2775 3440 in
2811 3385 2949 3440 nobis
2977 3397 3211 3456 perpetuo
3236 3397 3430 3440 ntaneat
3458 3387 3751 3440 inconcussa
3774 3396 3820 3443 et
3844 3389 4211 3459 inexpugnabi-

2645 3476 2726 3531 lis.
2761 3476 2938 3547 Neque
2963 3479 3092 3530 enim
3132 3474 3291 3539 Deus,
3330 3493 3485 3546 neque
3529 3476 3751 3546 Spiritus
3774 3480 3939 3548 gratia
3984 3494 4211 3536 nostrum

2646 3569 2879 3637 praevenit
2917 3567 3260 3637 propositum;
3288 3567 3375 3621 sed
3413 3568 3606 3621 tametsi
3652 3580 3806 3635 vocet,
3852 3582 4115 3641 exswa
4138 3587 4211 3628 ta-

2644 3675 2780 3727 men,
2808 3668 2862 3712 ut
2889 3669 3062 3730 sponte
3085 3668 3131 3712 et
3152 3660 3357 3730 propria
3384 3661 3635 3714 uoluntate
3671 3661 3986 3728 accedamus,
4020 3681 4084 3718 ac
4111 3678 4209 3719 tum

2645 3751 2842 3805 demum
2890 3767 3003 3804 cum
3038 3753 3407 3817 accesserimus,
3450 3751 3590 3806 nobis
3633 3769 3780 3806 suum
3817 3762 3980 3807 totum
4015 3758 4212 3811 exhibet

2642 3841 2908 3895 auxilium.
2936 3839 3118 3896 Simile
3153 3840 3420 3910 quidpiam
3461 3840 3587 3895 dicit
3612 3841 3802 3897 Homil.
3850 3842 3904 3897 in
3946 3843 4207 3901 Joannem

2644 3928 2759 3985 haec
2794 3928 3059 3999 Evangelii
3102 3928 3262 3984 verba
3312 3930 3578 3999 explicans
3610 3929 3791 4001 (Tomo
3817 3933 4017 4004 octavo)
4042 3953 4055 3986 :
4079 3933 4206 3990 Con-

2642 4036 2811 4076 versus
2850 4031 3014 4074 autem
3036 4019 3208 4088 Iesus,
3237 4030 3284 4073 et
3319 4021 3488 4074 vidcns
3515 4037 3597 4074 eos
3634 4032 3911 4094 sequentes,
3942 4023 4068 4078 dicit
4091 4027 4164 4080 eis
4186 4041 4207 4078 :

2648 4112 2781 4180 Quid
2804 4111 3063 4183 quaeritis?
3089 4111 3265 4180 Pergit
3299 4111 3383 4166 ille
3407 4129 3420 4165 :
3452 4109 3583 4164 Hinc
3605 4111 3841 4164 docentur
3867 4110 4037 4167 Deum
4066 4117 4204 4170 donis

2643 4220 2742 4256 non
2772 4204 3040 4273 praevenire
3079 4204 3354 4256 voluntates
3400 4212 3592 4255 nostras
3609 4217 3630 4266 ;
3648 4202 3736 4255 sed
3760 4203 3844 4255 ubi
3872 4220 3966 4257 nos
4007 4206 4198 4276 incepi-

2642 4310 2783 4358 mus,
2829 4310 2940 4346 cum
2976 4294 3277 4346 voluntatem
3299 4293 3647 4362 promisimus,
3684 4303 3801 4347 tunc
3837 4293 4090 4363 plurintas
4113 4299 4196 4349 dat

2641 4385 2728 4440 ille
2750 4384 2890 4437 nobis
2914 4384 3089 4436 salutis
3117 4384 3418 4437 occasiones.

2713 4475 2936 4528 llomilia
2966 4483 3141 4530 autem
3168 4475 3237 4532 59
3268 4475 3320 4529 in
3347 4473 3595 4529 Genesim
3627 4489 3740 4528 rem
3766 4474 3837 4528 ita
3862 4477 4119 4544 explicat,
4150 4488 4201 4531 ut

2642 4582 2821 4622 secum
2867 4568 2976 4636 ipse
3020 4583 3251 4636 pugnare
3296 4567 3534 4621 videatur
3580 4565 3762 4633 (Tomo
3812 4571 4197 4639 quarto).N.un

2640 4657 2709 4712 dc
2730 4656 2926 4712 Jacobo
2966 4658 3122 4711 lsaaci
3153 4657 3262 4711 lilio
3298 4658 3519 4726 loquens
3557 4657 3669 4713 haec
3712 4657 3912 4714 habet:
3947 4659 4091 4715 Licet
4123 4679 4205 4716 ss-

2643 4763 2797 4817 perno
2838 4748 3069 4816 praesidio
3097 4752 3254 4819 fretus
3276 4748 3447 4818 fuerit,
3490 4757 3709 4802 attamen
3737 4748 3871 4818 quod
3909 4766 4069 4805 suum
4103 4762 4210 4807 erat

2640 4838 2779 4909 prius
2804 4839 3038 4893 exhibuit.
3072 4837 3155 4893 Ita
3190 4854 3311 4893 sane
3335 4849 3380 4893 et
3411 4855 3500 4893 nos
3526 4840 3919 4908 persuadeamus
3946 4844 4113 4908 nobis,
4153 4844 4210 4896 li-

2639 4938 2711 4984 cet
2753 4928 2932 4984 millies
2959 4932 3226 4994 enitantur,
3275 4930 3402 4984 nihil
3437 4944 3603 4984 tamen
3640 4946 3846 4997 prorsus
3887 4943 4025 4987 recte
4062 4950 4209 5005 agerc

2640 5038 2804 5091 posse,
2830 5022 2925 5075 nisi
2947 5038 3161 5092 superno
3185 5021 3374 5075 auxilio
3401 5021 3620 5091 adjutos.
3656 5019 3801 5076 Sicut
3829 5022 3965 5075 enim
3989 5024 4092 5077 nisi
4120 5025 4207 5078 illo

2636 5115 2854 5170 subsidio
2880 5115 3124 5184 fruamur,
3154 5114 3279 5167 nihil
3306 5130 3542 5184 umquam
3566 5129 3827 5184 possumus
3854 5126 3992 5170 recte
4016 5133 4168 5188 agere
4191 5131 4211 5169 :

2637 5207 2728 5271 ita,
2775 5206 2867 5259 nisi
2891 5204 3025 5274 quod
3064 5214 3288 5257 nostrum
3316 5212 3388 5257 est
3425 5204 3760 5268 attulerimus,
3790 5221 3893 5259 non
3931 5212 4205 5276 poterimus

2634 5312 2905 5366 supernum
2940 5294 3186 5348 auxilium
3234 5293 3470 5347 obtinere.
3522 5294 3578 5349 Si
3618 5310 3848 5363 namque
3896 5296 4112 5350 initium
4155 5311 4205 5348 et

2639 5387 2973 5443 fundamenta
3004 5385 3122 5440 fidei
3164 5386 3280 5440 sine
3315 5385 3405 5439 Dei
3440 5386 3635 5440 auxilio
3668 5401 3867 5454 ponere
3894 5404 4202 5456 possumus,

2637 5486 2695 5532 ut
2718 5477 2806 5531 ille
2829 5490 2987 5545 supra
3021 5475 3173 5539 dixit,
3204 5474 3467 5542 quomodo
3496 5490 3676 5529 verum
3697 5490 3819 5529 esse
3850 5479 4047 5545 poterit
4074 5478 4197 5532 illud

2634 5567 2776 5638 quod
2803 5567 2888 5622 hic
2904 5566 3103 5635 adjicit,
3124 5579 3223 5619 nos
3247 5579 3436 5634 nempe
3455 5564 3582 5619 nihil
3608 5580 3846 5633 umquam
3872 5578 4023 5625 recte
4050 5582 4204 5639 agere

2641 5674 2816 5730 posse,
2842 5658 2940 5716 nisi
2966 5670 3196 5729 superno
3220 5656 3416 5713 auxilio
3440 5654 3688 5723 adjutus?
