3938 6136
133 283 188 332 55
875 267 1038 336 (ὶοΕ
1078 267 1143 322 ΙΝ
1178 267 1513 326 OPERIBIIS
1549 268 2018 326 CHRYSOSTOMI
2057 270 2582 327 OBSERVANTUR.

181 391 302 456 Quia
327 387 478 442 enim
517 385 587 440 de
612 384 782 452 gratia
811 394 868 436 et
901 384 1064 436 libero
1096 380 1315 435 arbitrio
1342 379 1598 434 nihildum
1629 379 1682 433 in

128 483 339 540 Ecclesia
387 489 648 533 statutum
694 476 890 538 fuerat,
950 489 1050 528 non
1095 482 1238 526 tanto
1291 472 1536 540 scrupulo
1565 485 1684 540 quae

125 589 230 628 εδδ
262 573 428 626 menti
457 569 774 628 oﬂ'erebant,
806 576 989 619 orator
1015 575 1193 617 noster
1218 579 1278 616 ea
1307 563 1374 616 de
1417 578 1475 616 re
1516 576 1686 615 enun-

123 665 295 728 tiabat,
338 663 431 730 qui
481 662 525 714 si
571 675 631 710 ea
681 659 745 711 ad
798 658 1045 710 trutinam
1091 655 1430 718 excussisset,
1475 653 1684 706 saniora

121 757 248 810 haud
268 756 430 808 dubie
461 753 733 813 dedisset;
761 749 855 803 sed
885 765 988 802 non
1015 747 1202 802 licebat
1229 746 1424 799 oratori
1452 743 1686 813 quotidie

121 853 278 902 terme
315 860 369 900 et
393 861 462 898 ex
488 855 730 911 tempore
757 855 902 910 smpe
927 838 1239 892 declamanti
1263 837 1404 889 serio
1433 835 1608 888 verbis
1632 845 1684 886 et

119 937 270 992 dictis
289 936 534 989 omnibus
559 932 866 1000 advigilare,
901 931 952 982 in
985 928 1141 982 rebus
1164 927 1388 979 maxime
1413 941 1531 993 qua:
1561 938 1688 976 non-

122 1032 245 1086 dum
278 1028 502 1098 publicis
531 1025 781 1080 Ecclesia:
803 1021 1006 1090 legibus
1031 1028 1246 1073 asserta:
1273 1018 1479 1070 inerant
1505 1013 1685 1085 (Tomo

126 1123 310 1189 tertio).
326 1121 592 1174 Caeterum
637 1130 794 1184 quam
838 1128 868 1166 a
917 1110 1192 1178 Pelagiana
1232 1106 1422 1161 lm-resi
1469 1120 1686 1159 aversus

125 1221 258 1268 esset
303 1212 416 1278 ipse
459 1207 774 1261 testiﬁcatur
825 1205 878 1256 in
935 1201 1036 1254 line
1078 1198 1329 1268 Epistolae
1373 1206 1574 1265 quarta:
1619 1194 1685 1247 ad

127 1299 488 1373 Olympiadem
513 1338 530 1361 ,
572 1297 796 1350 dicens:
830 1292 907 1346 De
955 1290 1163 1361 Pelagio
1207 1288 1452 1342 monacho
1502 1303 1686 1357 magno

127 1398 289 1450 didere
327 1391 549 1458 aﬁ'ectus
593 1405 704 1442 sum
731 1403 749 1440 :
773 1387 937 1456 cogita
960 1385 1110 1454 igitur
1136 1392 1254 1452 quot
1281 1381 1574 1449 quantisque
1602 1393 1688 1430 co-

125 1489 248 1542 ronis
267 1485 413 1556 digni
440 1485 544 1536 sint
565 1481 653 1550 qui
677 1480 872 1548 fortiter
895 1479 947 1529 in
976 1475 1082 1527 acie
1107 1481 1360 1537 steterunt,
1394 1487 1510 1524 cum
1533 1471 1684 1533 uiros,

125 1582 199 1649 qui
219 1581 272 1632 in
299 1588 446 1632 tanta
476 1573 676 1645 pietatis
701 1570 1048 1626 exercitatione
1073 1576 1120 1621 et
1148 1565 1412 1619 tolerantia
1437 1565 1684 1627 uixerunt,

126 1672 301 1741 subripi
327 1670 612 1722 videamus.

186 1763 280 1818 Hic
305 1761 375 1815 de
413 1757 630 1826 Pelagio
667 1751 1022 1809 hteresiarcha
1067 1749 1146 1819 agi
1181 1763 1302 1802 cum
1348 1747 1528 1801 multis
1557 1746 1689 1800 viris

121 1855 279 1909 ἀυαίε
298 1851 573 1907 existim.
605 1847 734 1901 Erat
753 1845 898 1899 euim
930 1842 1019 1896 ille
1044 1838 1352 1901 monachus,
1375 1851 1690 1904 erroresque

119 1961 236 1999 suos
278 1955 541 2012 spargere
586 1935 770 2006 erepit,
818 1933 1029 2001 quando
1069 1931 1483 2001 Chrysostomus
1534 1927 1689 1983 exsul

117 2045 409 2091 extremum
447 2032 571 2085 vitae
609 2026 932 2084 curriculum
954 2025 1142 2092 agebat
1159 2036 1299 2076 anno
1324 2021 1541 2075 circiter
1564 2020 1687 2074 407.

116 2130 242 2194 Quae
285 2125 468 2180 omnia
516 2121 583 2175 ad
631 2118 900 2188 Pelagium
946 2115 1210 2170 bzereseos
1255 2122 1526 2167 auctorem
1569 2125 1691 2178 Spe-

114 2231 260 2274 ctare
281 2215 551 2277 videntur,
594 2222 754 2279 atque
793 2210 866 2262 ita
892 2221 1012 2260 cum
1041 2205 1131 2259 illo
1159 2210 1471 2268 consonant,
1503 2209 1560 2256 ut
1588 2215 1690 2254 non

113 2310 252 2363 alius
279 2307 522 2376 Pelagius
549 2300 867 2373 quaerendus
896 2297 1153 2351 videatur.

114 2461 1682 2492 ________________._____._._.

691 2587 1014 2645 DIATRIBA
1053 2587 1116 2640 ll.

119 2735 188 2790 De
243 2733 517 2802 disciplina
559 2745 663 2784 tero
705 2726 1076 2796 Chrysostomi,
1115 2721 1272 2790 deque
1311 2721 1487 2774 ritibus
1543 2720 1693 2774 uariis

177 2838 280 2880 tum
314 2820 652 2877 Antiochenis
679 2830 784 2871 tum
808 2813 1373 2881 ConstantinOpolitanis
1396 2827 1413 2864 :
1442 2819 1487 2864 et
1517 2811 1579 2864 de
1607 2809 1694 2862 Li-

177 2915 362 2985 turgia.

175 3046 322 3100 Circa
353 3043 560 3097 cultum
592 3036 915 3094 venerabilis
944 3035 1114 3089 crocis
1140 3032 1364 3094 Domini,
1391 3039 1690 3084 sanctarum

121 3138 454 3206 reliquiarum
494 3141 550 3185 et
591 3128 902 3197 imaginum,
949 3125 1214 3193 etiamque
1255 3121 1690 3176 intercessionem

115 3240 160 3282 et
185 3227 576 3281 ivocationem
608 3229 940 3282 sanctorum,
968 3217 1053 3270 illa
1081 3214 1271 3283 passim
1304 3212 1500 3281 profert
1519 3211 1691 3280 Chry-

116 3330 394 3379 sostomus,
426 3329 551 3384 qua:
593 3310 909 3364 hodiernum
953 3306 1200 3360 Ecclesiae
1236 3320 1437 3358 morem
1474 3317 1691 3371 prorsus

119 3410 426 3477 exprimant.
461 3403 747 3472 Singulare
773 3413 989 3470 prorsus
1019 3407 1101 3452 est
1125 3396 1195 3460 id,
1225 3395 1364 3465 quod
1394 3395 1458 3450 de
1484 3394 1538 3449 S.
1569 3409 1690 3448 cru-

121 3502 194 3554 cis
238 3499 382 3552 cultu
440 3496 576 3550 dicit
628 3495 715 3548 ille
741 3494 941 3564 (nempe
989 3491 1040 3542 in
1087 3487 1246 3542 Tanto
1297 3485 1691 3557 primo):Ni/til

123 3591 505 3661 Ιιψεηιοτὶαηι
549 3601 790 3640 coronam
831 3586 905 3638 sic
949 3591 1151 3634 exornat
1195 3589 1249 3633 ut
1296 3595 1436 3642 crux,
1462 3579 1689 3632 universo

121 3682 292 3734 mundo
319 3678 630 3750 pretiosior;
655 3685 703 3728 et
732 3674 842 3741 eius
870 3673 1053 3742 ﬁgura,
1080 3688 1229 3740 quam
1255 3671 1374 3723 olim
1402 3687 1570 3723 omnes
1599 3686 1688 3723 ea:-

123 3773 492 3832 ltorrescebant,
539 3769 611 3820 ita
655 3766 883 3819 certatim
923 3762 1198 3832 exquiritur
1241 3762 1303 3814 ab
1346 3761 1592 3825 omnibus,
1634 3767 1690 3812 ut

122 3863 288 3931 ubiqu
309 3862 619 3928 reperiatur,
645 3856 784 3924 apud
812 3853 1060 3924 principes
1081 3861 1127 3905 et
1149 3850 1392 3917 subditos,
1422 3850 1558 3919 apud
1579 3866 1690 3902 mu,

122 3958 255 4009 lieres
279 3965 323 4008 et
356 3957 516 4015 viros,
558 3948 698 4017 apud
721 3947 937 4017 uirgines
975 3955 1018 3997 et
1049 3955 1252 4012 nuptas,
1275 3944 1411 4013 apud
1438 3959 1602 3996 seruos
1641 3951 1690 3995 et

122 4048 288 4101 “eros
313 4063 331 4098 :
360 4060 479 4097 nam
507 4041 641 4095 illud
669 4055 842 4093 omnes
866 4038 1063 4107 signum
1089 4037 1368 4104 frequenter
1396 4036 1689 4104 imprimunt

122 4139 169 4189 itt
201 4136 540 4189 membrorum
583 4130 777 4184 meliori
806 4137 970 4198 parte,
1014 4137 1060 4178 et
1093 4127 1146 4178 in
1185 4129 1348 4193 fronte
1379 4141 1467 4178 ceu
1509 4127 1562 4179 in
1605 4142 1690 4178 co-

125 4228 282 4279 hunc
315 4227 597 4293 ﬁguratum
634 4218 856 4289 quotidie
894 4218 1265 4289 circumferunt.
1301 4215 1409 4270 Hoc
1447 4218 1499 4270 in
1543 4233 1690 4271 sacra

127 4336 302 4381 mensa,
337 4318 435 4370 hoc
463 4317 518 4368 in
558 4313 875 4367 sacerdotum
904 4309 1319 4374 ordinationibus,
1361 4309 1452 4361 hoc
1490 4324 1690 4361 rursum

125 4426 224 4464 mu
249 4424 463 4478 corpore
487 4405 677 4460 Christi
705 4413 752 4456 et
778 4402 988 4471 mystica
1012 4417 1150 4454 caena
1178 4401 1407 4470 refulget.
1437 4399 1550 4453 Hoc
1573 4400 1688 4454 ubi-

128 4517 208 4567 que
231 4501 541 4554 celebratum
584 4495 749 4548 cidere
781 4503 871 4555 est,
901 4494 953 4545 in
981 4491 1226 4553 domibus,
1267 4491 1318 4542 in
1344 4495 1474 4561 foro,
1517 4491 1566 4542 in
1597 4491 1686 4544 de-

124 4594 276 4654 sertis,
306 4593 360 4643 in
403 4589 520 4652 uiis,
564 4586 619 4639 in
645 4583 911 4648 montibus,
939 4582 993 4634 in
1030 4582 1256 4644 saltibus,
1288 4582 1338 4633 in
1380 4583 1608 4647 collibus,
1637 4582 1688 4634 in

129 4685 263 4746 neri,
292 4683 347 4736 in
381 4678 618 4739 naribus,
640 4676 694 4728 in
722 4674 920 4737 insulis,
949 4678 1001 4725 in
1029 4673 1185 4731 lectis,
1218 4672 1268 4723 in
1295 4671 1610 4736 vestimentis,
1637 4673 1690 4724 in

126 4774 283 4835 caris,
325 4773 378 4825 in
413 4767 676 4829 thalamis,
719 4765 772 4818 in
818 4764 1070 4826 conviviis,
1099 4764 1153 4813 in
1196 4762 1323 4814 uasis
1367 4763 1608 4832 argenteis
1645 4771 1689 4814 et

129 4864 294 4927 aureis,
325 4864 379 4914 in
408 4858 718 4929 margaritis,
767 4855 818 4907 in
848 4855 1091 4918 parietum
1127 4853 1352 4922 picturis,
1392 4857 1444 4905 in
1470 4854 1690 4923 corpori-

127 4952 205 5005 bus
240 4955 504 5006 brutorum
551 4948 685 5002 ntale
727 4945 940 5012 affectis,
979 4945 1031 4996 in
1062 4943 1353 5012 corporibus
1396 4961 1426 4996 a
1467 4947 1691 4999 daemone

132 5044 344 5109 obsessis,
383 5046 440 5096 in
467 5042 634 5102 bellis,
683 5040 735 5091 in
764 5052 904 5105 pace,
948 5037 1001 5088 in
1040 5035 1233 5099 diebus,
1275 5036 1327 5087 in
1369 5036 1608 5095 noctibus,
1637 5036 1690 5087 in

128 5135 304 5190 tiuneis
333 5132 750 5198 tripudiuntium,
783 5129 832 5180 in
866 5126 1110 5180 sodalitiis
1148 5141 1253 5178 sese
1289 5126 1645 5178 macerantiant
1670 5138 1692 5178 :

137 5228 244 5279 adeo
267 5228 494 5282 certatim
529 5225 722 5279 donum
757 5225 851 5276 hoc
877 5223 1121 5284 mirabile,
1152 5222 1350 5290 eiusque
1388 5219 1692 5286 ine/fabilem

139 5320 324 5381 gratiam
365 5333 540 5371 omnes
581 5315 1016 5384 perquirunt......
1066 5311 1256 5380 Ubique
1295 5310 1385 5363 illa
1419 5311 1596 5380 fulget,
1638 5310 1691 5362 in

139 5410 381 5462 parietibus
421 5409 710 5467 domorum,
759 5405 813 5456 in
841 5404 1000 5467 tectis,
1033 5403 1082 5455 in
1121 5401 1277 5462 libris,
1307 5400 1359 5452 in
1391 5399 1610 5463 urbibus,
1637 5400 1691 5452 in

143 5497 255 5556 ficis.
287 5500 334 5550 in
370 5498 589 5562 incultis,
633 5498 686 5550 in
724 5492 876 5547 cultis
901 5493 1177 5545 locis.......
1220 5489 1360 5544 Illud
1383 5505 1496 5547 vero
1529 5490 1691 5559 ipsum

145 5586 322 5653 lignum,
355 5591 406 5642 in
433 5607 530 5658 quo
550 5602 760 5642 sacrum
789 5599 970 5651 corpus
993 5599 1189 5648 passum
1216 5594 1258 5634 et
1279 5583 1572 5648 cruciﬁxum
1594 5590 1685 5645 est,

142 5690 214 5726 tu!
243 5684 449 5734 certatim
487 5695 668 5735 ontnes
699 5675 1045 5728 adeunt?rur
1068 5674 1361 5734 particulam
1397 5673 1505 5735 eius
1543 5672 1686 5724 multi

1787 388 2033 436 sumentes
2067 396 2191 434 auro
2219 381 2483 445 inclusam,
2514 391 2615 433 tum
2655 379 2744 432 uiri
2771 391 2874 432 tant
2901 380 3131 434 mulieres
3160 396 3192 432 a
3225 382 3354 434 collo

1787 472 2096 540 suspendunt
2123 471 2189 524 ad
2214 482 2464 534 ornatum,
2487 473 2575 525 etsi
2598 472 2933 525 damnationis
2960 472 3239 542 symbolum
3265 480 3356 525 hoc

1790 559 1978 631 lignum
2000 561 2135 631 fuit?
2162 559 2273 614 Iino
2295 560 2631 631 Imperatores
2655 563 2816 632 posito
2855 563 3138 616 diademate
3161 579 3359 616 crucem

1789 651 2121 718 suscipiebant
2147 651 2324 721 (Tomo
2350 652 2554 722 primo).

1859 741 1983 796 Haec
2026 743 2218 810 saepius
2266 742 2392 796 dicit
2428 743 2478 796 in
2531 741 2853 798 orationibus
2889 755 3073 800 contra
3123 743 3356 810 Iudaeos,

1789 831 2034 901 additque
2060 833 2210 902 signo
2238 833 2412 887 crucis
2433 833 2784 886 adversariam
2807 843 3116 905 potestatem
3144 851 3359 890 onmem

1788 925 1953 993 fugari
1985 923 2278 995 (Ibidem).
2309 926 2586 994 Singulare
2643 935 2817 980 autem
2873 929 3090 981 omnino
3143 941 3224 984 est
3271 929 3356 992 id,

1792 1013 1950 1082 quod'
1991 1014 2070 1068 bis
2120 1014 2320 1083 profert
2369 1015 2814 1086 Clirysostomus,
2854 1017 3004 1086 cujus
3062 1017 3145 1073 hic
3201 1020 3360 1074 verba

1789 1107 2086 1162 adscribam
2117 1107 2297 1178 (Tomo
2323 1109 2516 1178 quinto)
2543 1127 2555 1162 :
2586 1109 2690 1163 Sed
2740 1126 2849 1162 ecce
2900 1127 3025 1164 crux
3075 1127 3208 1164 nunc
3249 1113 3361 1182 ipsa

1789 1201 1888 1252 vita
1912 1201 2064 1254 euasit
2093 1201 2434 1254 ltonorabilior
2463 1211 2507 1255 et
2532 1201 2861 1270 splendidior,
2892 1213 2940 1255 et
2974 1219 3144 1256 omnes
3177 1220 3285 1256 eam
3308 1205 3361 1256 in

1790 1292 1956 1360 fronte
1977 1293 2410 1364 circumferimus;
2439 1310 2537 1346 non
2566 1294 2727 1346 solum
2753 1310 2852 1346 non
2894 1296 3250 1361 erubescentes,
3274 1295 3361 1347 sed

1790 1385 1940 1438 etiam
1974 1387 2260 1455 gloriantes.
2292 1386 2432 1440 Alibi
2463 1387 2585 1438 dicit
2619 1385 2762 1440 illam
2795 1386 2844 1438 in
2878 1387 3050 1441 fronte
3081 1388 3241 1441 fuisse
3269 1387 3362 1441 deo

1794 1477 1984 1544 pictam
2014 1475 2196 1547 (Tomo
2235 1478 2492 1546 septimo).
2541 1476 2761 1541 Idcirco,
2792 1478 2975 1547 inquit,
3010 1488 3054 1531 et
3092 1478 3266 1543 domi,
3317 1487 3363 1530 et

1791 1569 1844 1622 in
1871 1570 2160 1639 parietibus,
2200 1580 2247 1623 et
2284 1571 2334 1623 in
2370 1572 2618 1642 fenestris,
2654 1571 2779 1624 etin
2818 1574 2982 1641 fronte
3013 1582 3058 1626 et
3098 1572 3148 1624 in
3180 1581 3360 1637 mente,

1792 1662 1934 1714 illam
1987 1678 2099 1715 cum
2135 1664 2292 1715 multo
2333 1663 2501 1716 studio
2553 1664 2870 1733 depingimus
2898 1663 3086 1730 (Tomo
3139 1665 3360 1735 quinto).

1797 1749 1980 1805 Omnes
2008 1767 2117 1804 eam
2143 1752 2195 1804 in
2224 1752 2390 1819 fronte
2417 1755 2832 1823 circum/"erimus,
2864 1754 3050 1822 inquit,
3079 1772 3178 1808 non
3203 1756 3363 1809 solum

1793 1858 1893 1895 non
1913 1842 2268 1907 erubescentes,
2299 1843 2386 1895 sed
2406 1844 2552 1896 etiam
2587 1845 2876 1912 gloriantes.
2909 1842 3032 1898 Non
3059 1846 3205 1898 modo
3234 1847 3364 1899 enim

1795 1931 2083 2000 populares,
2128 1931 2215 1985 sed
2243 1942 2288 1986 et
2325 1933 2362 1985 ii
2399 1933 2484 2000 qui
2516 1945 2628 1986 sunt
2659 1934 2938 1987 diademate
2973 1936 3209 2001 redimiti,
3255 1952 3364 1988 eam

1798 2024 1962 2092 potius
1981 2023 2032 2075 in
2061 2027 2224 2092 fronte
2248 2033 2440 2092 gestant
2467 2040 2616 2089 quam
2637 2024 2890 2078 diadema.

1867 2113 1940 2165 De
1986 2111 2188 2168 honore
2230 2121 2386 2180 atque
2431 2113 2573 2166 cultu
2618 2124 2918 2168 sanctorum
2946 2157 2960 2178 ,
2996 2116 3366 2185 prtccipueque

1797 2213 2084 2272 martyrum
2115 2203 2350 2272 reliquiis
2386 2207 2618 2272 praestita
2656 2204 2958 2274 frequenter
2995 2207 3102 2276 agit
3135 2208 3366 2276 Chryso-

1796 2306 2016 2348 stomus.
2047 2294 2267 2364 Insignis
2292 2295 2437 2348 locus
2468 2296 2552 2349 ille
2581 2306 2680 2359 est,
2729 2296 2816 2350 ubi
2861 2296 2928 2352 de
2965 2309 3147 2352 sancto
3173 2299 3366 2370 Babyla

1799 2386 2064 2440 disserens
2111 2388 2227 2440 talia
2265 2385 2402 2440 fatur
2432 2386 2612 2457 (Tomo
2656 2389 2934 2458 secundo):
2982 2391 3046 2442 At
3100 2389 3231 2445 Deus
3280 2391 3368 2444 ille

1795 2477 2036 2542 clemens,
2075 2479 2159 2548 qui
2189 2479 2412 2545 inﬁnitas
2448 2478 2587 2532 nobis
2617 2479 2790 2532 salutis
2815 2481 3098 2534 occasiones
3123 2482 3365 2545 contulit,

1797 2570 1926 2621 hanc
1966 2585 2159 2638 quoque
2204 2569 2343 2623 nobis
2385 2585 2498 2622 cum
2541 2571 2655 2623 aliis
2692 2573 2891 2636 aperuit
2930 2572 3094 2636 uiam,
3137 2589 3248 2640 qua:
3277 2590 3368 2626 nos

1799 2661 1952 2729 possit
1981 2661 2048 2712 ad
2074 2662 2300 2712 uirtutem
2329 2677 2548 2723 euocare,
2585 2673 2868 2714 sanctorum
2895 2665 3130 2732 reliquias
3168 2665 3368 2719 interim

1799 2751 1936 2819 apud
1965 2767 2053 2804 nos
2082 2752 2384 2819 relinquens.
2420 2749 2555 2803 Nam
2595 2763 2703 2819 post
2731 2757 2970 2806 sermonis
2990 2755 3218 2807 virtutem
3237 2795 3253 2820 ,
3285 2773 3366 2809 se-

1796 2843 2014 2895 cundum
2039 2852 2200 2895 tenent
2221 2842 2444 2894 ordinem
2472 2853 2756 2894 sanctorum
2777 2842 3025 2910 sepulcra,
3048 2861 3161 2913 qua:
3175 2846 3367 2899 animos

1796 2933 2094 2986 intuentium
2125 2934 2378 2985 hominum
2402 2934 2468 2984 ad
2493 2933 2812 2985 imitationem
2835 2935 3098 2986 concitent.
3127 2936 3195 2986 Ac
3209 2936 3367 2988 sicubi

1795 3025 1905 3093 quis
1934 3024 2179 3092 ejusmodi
2204 3039 2370 3090 capste
2392 3023 2568 3087 adstet,
2599 3024 2765 3075 statim
2795 3025 2903 3096 ejus
2933 3025 3197 3094 efﬁcaciam
3219 3043 3366 3079 sensu

1798 3115 2119 3184 percipit.....
2167 3112 2334 3167 Probe
2387 3125 2552 3166 autem
2611 3115 2968 3169 animadvertet
3019 3118 3366 3187 defunctorum

1798 3207 2112 3274 phantasiam
2147 3222 2207 3258 ea:
2231 3207 2352 3273 ipsis
2372 3207 2492 3258 locis
2513 3207 2563 3258 in
2588 3207 2851 3260 viventium
2871 3209 3050 3260 animis
3073 3210 3295 3274 excitari,
3323 3210 3365 3263 si

1798 3296 1906 3364 quis
1945 3295 2120 3363 cegitet
2162 3295 2409 3364 quomodo
2450 3296 2520 3357 ii,
2568 3297 2653 3364 qui
2701 3296 2902 3367 lugendi
2939 3313 3092 3350 causa
3134 3299 3363 3362 ueniunt,

1794 3389 1964 3440 statim
1995 3398 2144 3456 atque
2181 3388 2248 3440 ad
2275 3387 2506 3457 sepulcra
2534 3400 2862 3450 accesserunt,
2919 3405 2978 3441 ac
3019 3388 3062 3442 si
3102 3390 3203 3442 vice
3226 3405 3366 3442 unae

1793 3497 1897 3546 eos,
1942 3481 2027 3548 qui
2064 3481 2117 3532 in
2154 3497 2282 3532 urna
2317 3480 2520 3548 jaceat,
2564 3489 2750 3533 stantes
2791 3480 3028 3542 viderent,
3079 3481 3149 3532 sic
3185 3481 3298 3532 illos
3339 3497 3366 3532 e

1795 3570 1964 3623 limine
1990 3569 2158 3622 statim
2182 3568 2500 3638 compellent.
2529 3566 2682 3620 Multi
2710 3584 2842 3632 vero,
2866 3567 3166 3621 intolerabili
3198 3567 3364 3633 affecti

1794 3660 1985 3723 dolore,
2005 3675 2161 3729 prope
2187 3660 2415 3726 sepulcra
2444 3668 2752 3710 mortuorum
2783 3658 3086 3710 domicilium
3123 3659 3214 3711 sibi
3247 3677 3363 3728 per-

1794 3767 1918 3804 enne
1945 3749 2335 3811 constituerunt;
2364 3747 2416 3799 id
2446 3764 2756 3816 nequaquam
2796 3748 3009 3818 facturi,
3041 3749 3134 3800 nisi
3169 3765 3231 3802 ea:
3267 3749 3363 3804 lati

1795 3850 2060 3910 conspectu
2094 3839 2355 3910 quidpiam
2397 3840 2748 3893 consolationis
2776 3842 3128 3910 percepissent.
3166 3840 3362 3912 Ecquid

1793 3935 1855 3986 de
1879 3933 1985 3985 loco
2008 3942 2050 3984 et
2072 3933 2300 4000 sepulcro
2322 3932 2534 3997 loquor?
2558 3948 2671 3983 cum
2695 3933 2838 3984 vestis
2857 3948 2987 4000 saepe
3010 3933 3116 3986 sola
3136 3943 3362 3986 mortuo-

1793 4044 1903 4080 rum
1928 4027 2050 4090 visa,
2071 4034 2152 4077 aut
2175 4025 2370 4077 verbum
2392 4041 2546 4077 unum
2567 4035 2727 4076 mente
2751 4025 3009 4092 repetitum
3034 4028 3253 4078 animum
3270 4043 3362 4080 ea:-

1793 4119 1960 4170 citarit
1981 4159 1994 4176 ,
2018 4127 2063 4170 et
2093 4117 2333 4169 labentem
2360 4117 2647 4168 memoriam
2677 4116 2947 4168 reduxerit.
2977 4114 3100 4168 Ideo
3125 4118 3362 4184 reliquias

1793 4219 2077 4263 sanctorum
2131 4208 2272 4260 nobis
2327 4206 2462 4259 Deus
2518 4207 2726 4259 dimisit.
2778 4207 2864 4260 Me
2899 4218 3062 4260 autent
3113 4226 3211 4261 non
3256 4209 3361 4262 Ilaec

1799 4303 1986 4368 [rustra
2018 4298 2264 4362 iactitare,
2284 4297 2368 4348 sed
2388 4298 2453 4347 ad
2482 4297 2742 4347 utilitatem
2763 4307 2983 4348 nostram
3010 4297 3080 4349 ita
3110 4300 3361 4364 provisum

1794 4406 1929 4453 esse,
1962 4389 2112 4456 ﬁdem
2169 4391 2332 4456 facere
2374 4396 2586 4453 possunt
2648 4386 2896 4440 miracula
2949 4404 3062 4457 quia
3102 4405 3134 4440 a
3179 4391 3362 4444 sanctis

1793 4481 2013 4553 quotidie
2039 4480 2340 4549 martyribus
2364 4483 2597 4532 eduntur.

1866 4573 2089 4627 llomilia
2119 4586 2244 4625 vero
2275 4571 2326 4623 in
2356 4570 2411 4624 S.
2454 4570 2785 4626 Eustathium
2833 4573 3216 4628 Antiochenum
3243 4573 3359 4630 btet:

1797 4667 1986 4721 habet:
2009 4665 2204 4716 Idcirco
2231 4673 2514 4715 sanctorum
2539 4681 2749 4732 corpora
2774 4674 2820 4717 et
2847 4668 3008 4735 fontes
3029 4676 3074 4719 et
3100 4668 3292 4720 radices
3314 4677 3360 4719 et

1795 4769 2048 4829 unguenta
2095 4772 2328 4824 nuncupo
2365 4756 2646 4824 spiritualia
2685 4755 2864 4828 (Tomo
2909 4760 3164 4827 secundo).
3209 4759 3362 4813 Plebs

1804 4865 1928 4904 vero
1950 4847 2274 4901 Antiocltena
2300 4848 2349 4898 in
2372 4846 2569 4898 vicinos
2592 4847 2702 4899 urbi
2723 4863 2958 4916 campos,
2979 4850 3061 4901 ubi
3084 4847 3359 4916 sepulchra

1800 4939 2087 5010 martyrum
2118 4946 2284 4998 erant,
2319 4936 2543 4989 libenter
2570 4935 2887 4990 conﬂuebat.
2908 4937 3035 5001 Quin
3066 4952 3192 4990 vero
3221 4951 3362 4990 mar-

1796 5040 1969 5100 tyrttm
1997 5035 2332 5081 monumenta
2376 5042 2493 5079 cum
2545 5026 2910 5078 haereticorum
2954 5026 3246 5092 sepulchris
3276 5025 3360 5078 in-

1796 5120 2037 5173 termixta
2085 5127 2235 5170 erant
2279 5114 2566 5186 (,Ibidem);
2613 5117 2730 5168 ideo
2760 5115 3068 5178 Flavianus,
3101 5124 3155 5166 ut
3197 5115 3361 5168 devo-

1795 5222 1860 5264 ta:
1914 5210 2049 5278 plebi
2105 5208 2436 5270 consuleret,
2490 5222 2609 5260 ossa
2655 5208 2737 5258 illa
2795 5219 3080 5274 umrtyrum
3134 5206 3360 5276 delegit,

1793 5316 1857 5354 ac
1893 5314 2130 5353 seorsum
2177 5299 2227 5352 in
2260 5314 2390 5368 puro
2437 5297 2735 5364 mundoque
2763 5296 2879 5349 loco
2905 5295 3201 5348 collocavit.
3247 5297 3362 5365 Ipse

1794 5406 2004 5462 quoque
2033 5390 2442 5460 Chrysostomus
2471 5388 2619 5442 exsul
2651 5387 2838 5439 Rufino
2880 5387 3186 5456 presbytero
3233 5389 3358 5442 reli-

1796 5486 1944 5555 quias
1974 5495 2260 5554 martyrum
2301 5483 2474 5545 misit,
2517 5481 2732 5532 minime
2763 5477 2967 5542 dubius,
3000 5481 3200 5548 inquit,
3233 5496 3363 5548 quas

1796 5579 1861 5631 ab
1903 5574 2327 5632 0treio.-\rabissi
2356 5574 2603 5640 episcopo
2653 5581 2924 5639 acceperat
2951 5571 3015 5640 (T
3017 5589 3128 5624 ωηο
3168 5575 3358 5642 tertio).

1806 5670 1956 5724 Plura
1987 5684 2261 5738 possemus
2287 5665 2477 5720 addere
2499 5707 2511 5731 ,
2560 5664 2651 5719 sed
2680 5667 2790 5718 hzec
2819 5665 2946 5719 satis
2976 5677 3114 5720 sunt.
3153 5667 3359 5722 Collum
