4748 6520
935 316 1001 370 57
2267 309 2580 370 SYNOPSIS
2618 313 2748 370 EOR
2756 316 2849 372 Ulli

933 445 1075 500 enim
1119 443 1205 499 ille
1253 437 1584 513 reliquiarum
1626 439 1759 495 adeo
1798 436 2100 507 frequenter
2136 435 2399 504 celebrat,
2443 445 2502 491 ut

937 538 1069 592 nihil
1098 552 1162 592 ea
1184 535 1250 591 de
1280 550 1336 590 re
1359 534 1499 589 dubii
1529 532 1778 601 supersit.

1007 627 1119 683 Nec
1145 626 1314 680 minus
1351 626 1494 679 clare
1532 621 1764 691 loquitur
1801 619 1868 675 de
1904 618 2234 673 invocatione
2263 627 2313 672 et
2343 617 2504 671 inter-

939 718 1177 771 cessione
1216 723 1516 766 sanctorum
1559 718 1615 766 et
1660 718 1972 780 martyrum.
2015 709 2145 762 Cum
2191 705 2502 762 Antiocheni

938 809 1156 860 adversa
1187 803 1487 858 valetudine
1519 802 1819 856 laborantes
1838 799 1901 854 ad
1919 799 2156 866 Judaeos,
2188 800 2274 868 qui
2303 798 2506 868 praesti-

935 897 1036 966 giis
1059 895 1124 949 ad
1153 895 1368 950 morbos
1394 891 1742 962 depellendos
1780 892 2064 946 utebantur
2082 932 2096 956 ,
2124 889 2503 959 confugerent,

934 998 993 1040 ut
1028 1001 1058 1038 a
1090 985 1277 1040 talibus
1317 985 1438 1038 illos
1480 993 1720 1046 avertat,
1769 966 2077 1036 his'avocat
2122 980 2299 1035 verbis
2326 978 2508 1062 (Tomo

936 1077 1168 1149 primo):
1218 1075 1445 1130 Proinde
1479 1084 1534 1127 tu
1587 1091 1807 1146 quoque,
1855 1074 1899 1126 si
1937 1073 2114 1126 videris
2163 1082 2209 1126 te
2265 1071 2432 1142 puniri
2477 1089 2510 1124 a

937 1166 1049 1222 Deo
1068 1209 1083 1231 ,
1124 1184 1187 1220 ne
1224 1166 1485 1236 profugias
1510 1165 1576 1219 ad
1597 1166 1704 1236 ejus
1729 1163 1955 1218 inimicos
1977 1163 2186 1218 Judteos
2204 1205 2218 1228 ,
2264 1181 2326 1217 ne
2351 1163 2510 1233 magis

938 1260 1092 1312 etiam
1111 1259 1255 1311 illum
1276 1259 1328 1311 in
1350 1268 1396 1312 te
1416 1271 1682 1326 provoces;
1707 1256 1794 1310 sed
1812 1255 1878 1308 ad
1891 1256 2078 1308 amicos
2093 1255 2229 1309 illius
2245 1265 2508 1325 martyres.

941 1361 1090 1421 atque
1115 1360 1333 1415 sanctos,
1373 1351 1457 1416 qui
1483 1350 1560 1403 illi
1583 1349 1896 1414 placuerunt,
1927 1347 2105 1418 quique
2130 1346 2342 1399 multum
2373 1346 2511 1416 apud

943 1443 1095 1496 illum
1131 1441 1310 1495 habent
1348 1441 1682 1494 auctoritatis.
1733 1439 1956 1494 Homilia
2004 1453 2134 1493 vero
2178 1437 2229 1491 in
2274 1445 2512 1492 sanctum

945 1530 1210 1586 Meletium
1230 1529 1408 1602 (Tomo
1449 1530 1688 1600 secundo)
1709 1547 1721 1584 :
1744 1528 1954 1582 Oremus
1982 1529 2148 1597 itaque
2176 1544 2344 1582 omnes
2365 1527 2515 1581 simul

950 1631 1054 1676 tam
1082 1623 1419 1692 magistratus,
1446 1638 1596 1690 quam
1631 1621 1812 1692 privati
1831 1663 1846 1685 ,
1878 1629 1980 1673 tam
2004 1621 2130 1674 servi
2153 1637 2305 1690 quam
2339 1619 2511 1686 liberi,

951 1717 1146 1769 beatum
1190 1715 1355 1786 ipsum
1396 1713 1649 1768 Meletium
1687 1715 1868 1766 harum
1913 1729 2115 1783 precum
2151 1714 2340 1766 socium
2381 1713 2516 1766 acci-

951 1811 1162 1879 pientes.
1195 1808 1261 1864 Et
1287 1809 1411 1862 alibi
1439 1807 1730 1863 clarissime
1760 1805 1940 1876 (Tomo
1978 1805 2182 1877 quarto)
2209 1825 2222 1860 :
2245 1804 2312 1858 Id
2354 1806 2516 1859 scien-

952 1910 1025 1953 tes
1045 1941 1061 1965 ,
1107 1899 1309 1964 dilecti,
1340 1900 1686 1968 confugiamus
1710 1900 1778 1951 ad
1801 1909 2085 1952 sanctorum
2109 1915 2303 1966 preces,
2335 1907 2382 1950 et
2411 1913 2521 1950 ore-

949 2004 1063 2041 mus
1081 1997 1133 2040 ut
1157 2005 1250 2058 pro
1277 1987 1416 2042 nobis
1436 1989 1762 2042 intercedant.
1794 1987 1899 2043 Sed
1935 2005 2034 2042 non
2072 1989 2274 2042 illorum
2296 1987 2519 2057 precibus

952 2087 1144 2133 tantum
1195 2081 1537 2147 confidamus,
1569 2082 1656 2132 sed
1708 2089 1752 2133 et
1809 2081 1906 2150 ipsi
1946 2091 2114 2134 nostra
2138 2122 2152 2145 ,
2183 2090 2237 2134 ut
2291 2091 2512 2150 Oportet,

950 2169 1298 2239 dispensemus
1326 2181 1482 2235 recte,
1525 2179 1570 2223 et
1594 2171 1662 2224 ad
1689 2171 1898 2224 meliora
1923 2174 2136 2224 converti
2182 2173 2401 2224 nitamur
2420 2212 2433 2235 ,
2466 2179 2524 2223 ut

953 2261 1117 2315 locum
1143 2261 1316 2316 demus
1340 2263 1572 2327 orationi,
1601 2279 1711 2334 qua:
1738 2281 1828 2332 pro
1853 2265 1992 2316 nobis
2012 2265 2261 2334 funditur.
2283 2265 2395 2318 Alia
2419 2281 2523 2319 non

951 2364 1122 2420 pauca
1160 2352 1472 2420 proferenda
1515 2361 1886 2423 suppeterent;
1928 2352 2020 2407 sed
2068 2354 2120 2408 in
2149 2369 2208 2409 re
2232 2355 2524 2408 certissima

956 2456 1064 2495 non
1085 2451 1164 2496 est
1184 2441 1377 2496 diutius
1400 2443 1808 2498 immorandum.

1031 2532 1283 2588 Ecclesiae
1321 2535 1500 2588 multte
1544 2535 1631 2588 illo
1669 2549 1781 2590 aevo
1820 2535 2068 2606 martyria
2108 2534 2524 2604 appellabantur.

957 2623 1263 2695 Martyrium
1285 2641 1408 2679 vero
1431 2627 1579 2680 initio
1598 2626 1873 2680 ecclesiam
1897 2637 2182 2698 martyrum
2206 2626 2528 2696 signiﬁcasse

959 2713 1197 2778 videtur;
1220 2731 1282 2768 ac
1303 2731 1516 2785 semper
1536 2715 1863 2786 frequentius
1881 2731 1974 2786 pro
1991 2718 2213 2772 ecclesia
2236 2726 2525 2787 martyrum

961 2805 1253 2874 accipitur,
1303 2807 1395 2861 sed
1446 2823 1540 2872 pro
1593 2808 1710 2862 aliis
1757 2809 1916 2863 etiam
1972 2809 2210 2863 ecclesiis
2265 2823 2524 2862 nonnum-

961 2911 1118 2967 quam
1146 2898 1421 2952 adhibetur
1442 2897 1622 2969 (Tomo
1639 2900 1876 2953 secundo.
1917 2897 2038 2954 Vide
2062 2910 2228 2952 notam
2253 2911 2297 2953 et
2320 2899 2529 2954 Glossa-

962 2990 1094 3043 rium
1138 2989 1313 3062 Cangii
1363 2989 1850 3061 Greco-Latinum).
1900 2992 1994 3048 lllo
2037 3001 2212 3047 autem
2258 3007 2372 3048 aevo
2422 3004 2528 3046 tum

964 3081 1207 3135 ecclesiis
1229 3121 1244 3146 ,
1278 3092 1386 3135 tum
1429 3083 1694 3153 martyriis
1741 3099 1961 3153 magnus
1989 3083 2335 3139 exhibebatur
2365 3085 2532 3138 honor

964 3180 1020 3226 et
1055 3172 1370 3226 reverentia.
1412 3172 1542 3226 Cum
1592 3174 1641 3226 in
1676 3175 1957 3228 ecclesiam
2005 3175 2298 3238 intrarent,
2346 3189 2532 3228 manus

963 3261 1285 3328 abluebant,
1337 3264 1568 3332 itemque
1615 3273 1895 3332 antequam
1947 3274 2285 3333 precarentur
2335 3263 2532 3337 (Tomo

964 3351 1161 3424 octavo)
1191 3369 1204 3404 :
1232 3352 1659 3418 Quemadmodum
1692 3355 1843 3420 enim,
1893 3356 2092 3425 inquit,
2121 3358 2322 3411 solenne
2355 3369 2427 3411 est
2478 3367 2533 3411 ut

966 3448 1131 3515 fontes
1176 3455 1358 3514 prwsto
1392 3446 1490 3498 sint
1527 3455 1641 3499 ante
1686 3447 1935 3513 oratoria,
1969 3456 2023 3500 ut
2076 3448 2336 3502 adoraturi
2372 3449 2532 3504 Deum

967 3550 1147 3588 manus
1186 3535 1324 3604 prius
1353 3533 1480 3589 latas
1509 3536 1638 3589 inter
1652 3538 1965 3603 precandum
1988 3539 2221 3592 attollant
2248 3555 2266 3592 :
2290 3541 2361 3593 ita
2407 3557 2535 3609 pau-

965 3640 1110 3694 peres
1162 3625 1376 3695 fontium
1413 3625 1514 3677 vice
1561 3637 1675 3681 ante
1722 3629 1855 3698 fores
1909 3628 2274 3683 collocaverunt
2321 3632 2535 3700 majores

967 3716 1155 3781 nostri;
1189 3726 1243 3768 ut
1280 3717 1696 3785 quemadmodum
1744 3735 1921 3773 manus
1975 3718 2228 3774 abluimus
2267 3738 2431 3793 aqua,
2463 3723 2534 3776 sic

978 3807 1117 3874 prius
1157 3823 1246 3876 per
1288 3805 1657 3876 beneﬁcentiam
1694 3811 1914 3865 abstersa
1947 3813 2137 3879 anima,
2190 3823 2295 3865 tum
2335 3812 2533 3865 demum

969 3912 1138 3965 preces
1204 3906 1398 3952 nostras
1451 3896 1742 3966 olferamus.
1791 3900 1846 3956 ln
1891 3916 2040 3956 more
2076 3911 2189 3956 erat
2241 3901 2436 3967 etiam,
2480 3910 2536 3956 ut

967 3986 1058 4054 qui
1088 3987 1139 4040 in
1184 3989 1460 4043 ecclesiam
1505 3992 1761 4046 intrarent
1803 3993 1916 4060 ejus
1940 3993 2196 4046 vestibula
2226 3994 2533 4047 oscularen-

971 4087 1072 4130 tur.
1118 4079 1256 4132 Intra
1298 4081 1574 4136 ecclesiam
1619 4099 1744 4138 vero
1783 4084 2032 4138 mulieres
2059 4084 2248 4138 tabulis
2278 4085 2463 4154 ligneis
2504 4102 2535 4140 a

970 4169 1100 4223 viris
1138 4171 1819 4243 sequestrabantur:quam
1859 4190 1972 4228 rem
2019 4189 2048 4226 a
2099 4175 2384 4244 majoribus
2408 4192 2536 4231 con-

968 4261 1203 4315 stitutam
1251 4264 1318 4316 ita
1365 4265 1563 4333 profert
1591 4263 2204 4336 Chrysostomus(Tomo
2254 4269 2529 4338 septimo):

971 4353 1234 4426 Oporteret
1257 4359 1422 4428 utique
1452 4360 1586 4413 intus
1611 4375 1716 4412 esse
1753 4376 1952 4412 murum
1990 4361 2074 4429 qui
2116 4376 2199 4413 vos
2227 4377 2259 4412 a
2311 4359 2536 4412 mulieri-

967 4446 1062 4500 bus
1086 4449 1579 4518 sequestraret:quia
1620 4465 1734 4502 vero
1775 4449 1828 4500 id
1870 4465 1974 4502 non
2017 4450 2182 4515 vultis,
2204 4451 2534 4503 necessarium

965 4555 1071 4594 esse
1114 4549 1355 4614 putarunt
1403 4550 1569 4610 patres
1616 4541 1864 4606 nostri,ut
1910 4541 2086 4595 saltent
2128 4543 2306 4612 ligneis
2351 4542 2533 4598 tabulis

966 4647 1050 4685 vos
1067 4649 1430 4703 separaremus.
1467 4631 1534 4686 Ut
1561 4649 1593 4686 a
1634 4634 1906 4688 senioribus
1947 4651 2035 4705 ego
2070 4635 2262 4701 audivi,
2305 4637 2445 4690 initio
2481 4637 2534 4689 hi

966 4727 1179 4795 parietes
1205 4741 1304 4778 non
1331 4729 1486 4795 fuere.

1035 4817 1170 4872 Rem
1205 4816 1522 4886 singularem
1567 4816 1720 4872 docet
1744 4819 2150 4891 Chrysostomus
2177 4820 2314 4890 quod
2343 4835 2532 4890 nempe

966 4913 1018 4965 in
1045 4909 1313 4981 mysteriis
1331 4907 1614 4964 Christiani
1629 4911 1938 4967 Antiochcni
1961 4927 2018 4965 se
2039 4921 2220 4965 mutuo
2243 4913 2532 4982 amplecte-

965 5013 1151 5061 rentur
1179 5003 1358 5074 (Tomo
1411 5007 1636 5077 octavo);
1667 5016 1722 5060 ut
1772 5008 1919 5061 multi
1965 5023 2127 5060 unum
2173 5007 2529 5072 efﬁcerentur,

962 5106 1124 5165 atque
1161 5111 1468 5152 communes
1497 5113 1680 5167 preces
1710 5098 1990 5155 funderent
2020 5113 2115 5168 pro
2141 5116 2246 5152 non
2275 5099 2490 5152 initiatis
2513 5141 2528 5164 ,

964 5198 1062 5254 pm
1085 5185 1324 5254 infirmis,
1349 5204 1444 5258 pro
1467 5190 1610 5244 orbis
1629 5188 1910 5257 fructibus,
1940 5206 2037 5260 pro
2061 5201 2220 5256 terra,
2250 5206 2344 5260 pro
2376 5191 2527 5244 mari.

963 5275 1160 5336 Morem
1197 5289 1371 5334 autem
1417 5288 1684 5344 veterem,
1733 5296 1887 5350 quem
1934 5279 2230 5334 mirabilem
2280 5281 2426 5345 dicit,
2479 5280 2530 5333 in

962 5371 1273 5426 memoriam
1312 5380 1524 5428 revocat
1569 5371 1753 5444 (Tomo
1783 5373 1948 5441 tertio)
1983 5371 2186 5424 :Coacti
2221 5382 2418 5435 autem,
2455 5373 2531 5425 in-

958 5464 1088 5534 quit,
1119 5473 1238 5518 tunc
1264 5465 1438 5534 ﬁdeles
1464 5481 1634 5518 omnes
1675 5474 1787 5534 post
1823 5464 2049 5517 auditam
2087 5464 2386 5530 doctrinam,
2424 5474 2532 5533 post

959 5557 1245 5623 orationes,
1299 5568 1408 5626 post
1453 5558 1802 5627 mysteriorum
1848 5555 2316 5626 participationem,
2366 5555 2531 5609 soluta

963 5651 1171 5721 synasi,
1210 5665 1313 5704 non
1340 5650 1510 5703 statim
1536 5649 1738 5704 domum
1765 5648 2130 5712 concedebant;
2168 5648 2254 5702 sed
2283 5648 2458 5701 divites
2485 5657 2530 5699 et

959 5743 1326 5806 opulentiores,
1368 5740 1604 5794 alimenta
1635 5749 1682 5794 et
1713 5741 1909 5810 fercula
1946 5757 1971 5794 e
2007 5741 2232 5794 domibus
2269 5740 2372 5793 suis
2399 5737 2526 5806 πῆρ-

4118 318 4197 377 58

2606 448 2768 492 rentes
2789 479 2803 502 ,
2836 451 3078 508 pauperes
3105 433 3431 499 advocabant,
3461 433 3804 502 communique
3826 433 3981 486 simul
4007 449 4203 488 mensa

2607 530 2929 598 fruebantur,
2963 527 3304 580 communibus
3341 525 3502 594 epulis
3539 533 3683 594 atque
3719 525 3952 578 conviviis
3982 525 4038 578 in
4076 543 4198 585 ipsa

2607 621 2834 675 ecclesia.
2863 621 2948 674 Ait
2979 635 3135 689 porro
3165 619 3502 675 celebritates
3545 617 3660 671 illas
3701 615 3754 671 in
3804 615 4038 672 meridie
4067 619 4192 687 ple-

2609 727 2834 783 rumque
2857 713 3010 766 solvi.

2684 805 2756 858 De
2787 803 3062 874 prmcipuis
3090 817 3184 873 per
3213 818 3407 856 annum
3454 800 3641 857 diebus
3678 799 3824 856 festis
3865 816 3972 855 non
4015 803 4195 856 semel

2611 897 2719 965 agit
2755 895 2942 949 doctor
2986 906 3184 949 noster.
3235 895 3308 949 De
3349 895 3506 948 natali
3550 909 3675 948 vero
3716 893 3803 947 die
3837 892 4042 945 Christi
4080 892 4196 948 hac

2612 997 2791 1048 narrat
2839 987 2890 1040 in
2944 987 3197 1040 concione
3245 1001 3399 1054 quam
3451 984 3632 1039 habuit
3683 997 3822 1037 anno
3870 981 4192 1036 38tizillam

2613 1092 2803 1146 nempe
2829 1078 3196 1132 solennitatem
3241 1092 3408 1145 nuper
3435 1091 3496 1128 ac
3523 1073 3753 1128 nondum
3778 1073 3975 1140 elapsis
3997 1073 4194 1127 decem

2615 1169 2768 1222 annis
2795 1167 2862 1220 ab
2888 1167 3191 1230 Occidente,
3223 1167 3310 1220 ubi
3338 1165 3404 1218 ab
3434 1163 3653 1219 exordio
3681 1164 3946 1219 celebrata
3980 1164 4192 1225 fuerat,

2614 1257 2948 1312 Antiochiam
3002 1259 3211 1312 allatam
3265 1257 3426 1312 fuisse
3476 1256 3672 1322 (Tomo
3723 1254 4007 1325 secundo).
4053 1254 4193 1321 Quia

2614 1365 2742 1404 vero
2787 1350 2996 1420 plurimi
3024 1349 3162 1403 diem
3201 1349 3392 1403 festum
3438 1347 3737 1418 hujusmodi
3779 1347 3926 1417 quasi
3985 1363 4194 1401 nov

2615 1455 2678 1496 ac
2729 1457 2896 1511 nuper
2940 1441 3208 1496 inductum
3239 1439 3619 1504 detrectabant,
3639 1440 3816 1493 multis
3859 1441 4198 1508 argumentis

2617 1531 2804 1602 probat
2847 1533 2932 1586 ille
2979 1533 3208 1586 natalem
3235 1530 3431 1585 Christi
3484 1531 3536 1584 in
3585 1530 3889 1600 vigesimam
3944 1527 4194 1598 quinta

2618 1621 2922 1676 Decembris
2948 1621 3197 1677 incidere.
3219 1621 3437 1677 Veteres
3467 1633 3639 1675 tamen
3661 1619 3894 1690 Egyptii
3920 1628 3977 1673 et
3999 1619 4200 1674 Orien-

2621 1714 2756 1768 tales
2783 1729 2998 1778 omnes,
3033 1725 3088 1768 ut
3117 1729 3339 1768 concors
3381 1714 3616 1769 onmium
3669 1712 3929 1768 sententia
3974 1721 4100 1776 est,
4130 1714 4202 1767 si-

2619 1803 2729 1858 mul
2761 1804 3067 1874 Epiphania:
3095 1803 3396 1872 Natalisque
3423 1803 3629 1858 Domini
3659 1802 3848 1856 festum
3893 1801 3982 1856 die
4036 1814 4196 1857 sexta

2620 1893 2852 1949 Januarii
2881 1893 3325 1949 celebrabantzat
3351 1894 3490 1948 circa
3533 1892 3761 1947 medium
3807 1891 3987 1946 saeculi
4015 1893 4198 1960 quarti

2623 1985 2825 2041 invecta
2841 1984 3052 2041 easdem
3074 1985 3129 2039 in
3151 1985 3388 2055 regiones
3405 1983 3730 2039 consuetudo
3749 1981 3845 2036 fuit
3865 1992 3922 2036 nt
3940 1984 4200 2053 vigesima

2622 2080 2800 2148 quinta
2829 2077 3132 2132 Decembris
3159 2077 3385 2130 natalem
3432 2075 3572 2130 diem
3614 2074 3966 2129 celebrarent.
4006 2074 4202 2129 Verum

2626 2173 2848 2242 priscam
2875 2170 3020 2224 illam
3053 2168 3485 2223 consuetudinem
3512 2166 3577 2221 ad
3607 2176 3816 2221 aetatem
3848 2180 4022 2235 usque
4053 2181 4203 2220 suam

2627 2260 2678 2316 in
2707 2261 2941 2316 Ecclesia
2969 2259 3408 2331 Jerosolymitana
3430 2258 3666 2312 obtinere
3695 2257 3843 2310 testis
3867 2267 3951 2309 est
3977 2255 4206 2311 Cosmas

2626 2353 2937 2424 Egyptius,
2989 2367 3144 2422 quem
3186 2352 3444 2406 edidimus
3482 2365 3621 2404 anno
3667 2347 4204 2417 i706zidipsumque

2626 2445 2903 2500 conﬁrmat
2936 2443 3165 2498 Joannes
3193 2442 3468 2506 Nicaenus,
3500 2441 3628 2496 dum
3669 2441 3740 2493 ait
3768 2454 4090 2494 asseverare
4118 2439 4201 2494 Je-

2629 2537 3070 2606 rosolymitanos,
3115 2535 3370 2590 Jacobum
3416 2533 3632 2588 fratrem
3680 2531 3918 2596 Domini,
3972 2533 4204 2602 primum

2629 2626 3078 2698 Jerosolymorum
3104 2627 3408 2696 episc0pum
3433 2665 3447 2689 ,
3487 2625 3554 2679 ad
3583 2625 3808 2679 natalem
3837 2622 4041 2678 Christi
4071 2624 4206 2680 cele-

2633 2718 2886 2776 brandam
2913 2718 3147 2773 Januarii
3179 2729 3383 2772 sextum
3415 2717 3554 2772 diem
3585 2716 3954 2786 assignaviSse.

2703 2810 2896 2865 Verum
2940 2810 3030 2864 diu
3073 2820 3195 2863 ante
3237 2810 3287 2862 in
3331 2809 3713 2864 Antiochenam
3771 2806 4074 2861 Ecclesiam
4127 2809 4206 2862 in-

2630 2909 2812 2955 vectus
2840 2899 3011 2954 fuerat
3037 2900 3167 2953 ritus
3195 2898 3496 2954 celebrandi
3541 2898 3768 2952 natalem
3795 2895 3992 2952 Christi
4024 2899 4118 2954 die
4143 2898 4209 2954 εις

2634 2992 2957 3046 Decembris.
2985 2991 3072 3045 Ait
3096 2992 3238 3045 enim
3268 2990 3355 3044 illc
3380 2989 3602 3043 Homilia
3631 2990 3682 3043 in
3712 2989 3766 3044 S.
3796 2988 4206 3060 Philogonium:

2634 3082 2815 3155 (Tomo
2845 3082 3032 3154 primo)
3060 3101 3071 3134 :
3095 3082 3259 3136 Instat
3295 3082 3424 3135 enim
3459 3086 3658 3152 festum,
3696 3081 3918 3134 omnium
3963 3081 4209 3150 festorum

2632 3175 2849 3228 maxime
2888 3173 3224 3227 venerandum
3269 3183 3415 3239 atque
3459 3171 3764 3225 tremendum
3791 3187 3810 3225 :
3833 3172 3969 3242 quod
4012 3175 4062 3225 si
4099 3174 4210 3241 quis

2633 3266 2850 3338 appellet
2883 3267 3107 3320 omnium
3156 3269 3396 3336 festorum
3441 3265 3773 3334 metmpolin,
3818 3263 4211 3332 haudquaquam

2632 3358 2842 3412 aberret.
2870 3357 3138 3421 Quodnam
3166 3366 3330 3409 autem
3359 3355 3453 3408 hoc
3479 3356 3587 3410 est?
3611 3353 3795 3409 Christi
3825 3355 3878 3407 in
3905 3371 4064 3408 carne
4097 3354 4209 3408 Na-

2635 3450 2768 3502 talis.
2790 3448 2861 3502 Ab
2884 3447 2974 3501 hoc
2995 3455 3161 3500 autem
3192 3449 3368 3518 festum
3401 3445 3803 3516 Epiphaniorum
3830 3443 3902 3497 vel
3923 3441 4207 3514 Theopha-

2637 3527 2857 3602 niorum,
2889 3555 3090 3592 sacrum
3119 3535 3320 3590 Pascha
3340 3577 3354 3599 ,
3384 3537 3618 3591 Ascensio
3665 3546 3712 3589 et
3741 3534 4030 3589 Pentecoste
4056 3538 4210 3606 origi-

2635 3648 2747 3685 nem
2791 3647 2852 3683 ac
2897 3630 3278 3701 fundamentum
3323 3628 3529 3681 ducunt.
3582 3626 3702 3681 Nisi
3747 3629 3880 3680 enim
3929 3629 4211 3682 secundum

2635 3737 2833 3776 carnem
2856 3731 3002 3773 natus
3029 3731 3151 3773 esset
3173 3718 3419 3783 Christus,
3443 3735 3542 3772 non
3563 3718 3840 3787 baptizatus
3861 3719 4074 3788 fuisset;
4096 3735 4210 3772 nam

2635 3815 2688 3868 id
2711 3818 2893 3884 festum
2918 3809 3361 3882 Theophaniorum
3386 3821 3493 3865 est:
3514 3827 3826 3880 nequaquam
3850 3811 4026 3881 fuisset
4049 3814 4212 3866 cruci-

2635 3907 2799 3974 ﬁxus,
2839 3904 2972 3974 quod
3011 3916 3080 3956 est
3107 3904 3287 3968 festum
3312 3901 3523 3956 Paschte
3547 3917 3564 3954 :
3589 3918 3686 3954 non
3715 3902 3928 3955 misisset
3957 3902 4210 3972 Spiritum

2635 4004 2881 4059 sanctum,
2912 3994 3048 4064 quod
3068 4005 3138 4048 est
3159 3995 3340 4063 festum
3359 3992 3694 4046 Pentecostes.

2705 4086 2831 4141 Post
2868 4085 3104 4140 Natalem
3167 4100 3292 4153 ergo
3342 4086 3534 4137 Christi
3577 4084 3692 4138 dies
3731 4081 4080 4154 Epiphaniat,
4119 4100 4208 4140 seu

2635 4177 3096 4247 Theophaniorum
3145 4177 3302 4248 (nam
3352 4187 3573 4244 utroque
3619 4175 3832 4228 nomine
3882 4175 4208 4245 appellatur)

2635 4288 2826 4342 magno
2873 4271 3013 4325 cultu
3059 4268 3318 4324 celebrari
3361 4269 3583 4322 solebat.
3616 4267 3708 4321 Illo
3750 4266 3836 4321 die
3879 4265 4208 4336 baptismatis

2635 4365 2829 4420 Christi
2859 4378 3068 4432 quoque
3097 4361 3286 4416 festum
3319 4359 3599 4430 agebatur,
3645 4368 3698 4413 et
3724 4359 3789 4412 ad
3830 4362 4207 4430 mysteriorum

2636 4455 3085 4526 participationem
3103 4454 3490 4508 advocabautur
3518 4452 3699 4506 ﬁdeles
3719 4465 3907 4506 omnes
3932 4451 4023 4522 (Τ.
4058 4455 4211 4506 παιὼ-

2633 4549 2764 4602 cimo
2792 4548 2831 4617 ).
2863 4547 2937 4600 De
2966 4545 3235 4600 Paschatis
3264 4544 3398 4598 festo
3423 4545 3662 4614 quaedam
3694 4557 3850 4612 supra
3878 4543 4015 4597 dicit
4039 4544 4208 4614 Chry-

2635 4646 2901 4694 sostomus
2930 4652 3046 4706 qua
3077 4635 3427 4705 explicatione
3455 4647 3590 4703 opus
3615 4634 3809 4687 habent
3829 4651 3842 4686 :
3860 4632 3918 4688 Si
3944 4632 4209 4698 Christus,

2633 4732 2821 4801 inquit,
2851 4731 3140 4786 secundum
3165 4745 3378 4784 carnem
3410 4737 3562 4781 natus
3585 4743 3690 4784 non
3709 4736 3871 4794 esset,
3895 4743 4005 4782 non
4029 4727 4217 4783 fuisset

2633 4826 2934 4888 eruciﬁxus,
2963 4824 3102 4894 quod
3124 4831 3206 4877 est
3225 4821 3444 4876 Pascha.
3467 4821 3628 4888 Qneis
3649 4820 3950 4888 significare
3976 4820 4211 4884 videtur,

2633 4915 2900 4970 Christum
2954 4917 3004 4970 in
3054 4915 3140 4969 die
3191 4913 3463 4968 Paschalis
3511 4912 3818 4965 cruciﬁxum
3873 4909 4062 4965 fuisse.
4116 4909 4215 4966 Ubi

2634 5010 3019 5065 observandum
3054 5006 3180 5062 illud
3210 5015 3294 5061 est
3316 5048 3331 5069 ,
3362 5003 3502 5075 quod
3533 5007 3583 5057 in
3611 5002 3839 5058 secunda
3864 5012 4017 5069 parte
4042 5003 4214 5056 octavi

2635 5105 2759 5155 tomi
2790 5101 3020 5155 diximus
3045 5101 3094 5153 in
3125 5098 3318 5152 blonito
3363 5097 3428 5150 ad
3469 5109 3768 5149 sermonem
3799 5092 3866 5146 de
3911 5092 4212 5158 Paschate,

2633 5207 2786 5261 quem
2811 5192 2946 5246 inter
2965 5190 3138 5259 spuria
3159 5189 3445 5242 locavimns
3472 5185 3652 5257 (Tomo
3672 5195 3864 5247 octavo,
3879 5185 3933 5237 in
3959 5185 4210 5255 Spuriis).

2633 5284 2872 5355 Scriptor
2894 5285 3034 5339 enim
3067 5283 3156 5337 ille
3184 5283 3391 5337 videtur
3415 5279 3633 5334 omnino
3657 5280 3986 5347 distinguere
4010 5281 4212 5334 Pascha

2633 5392 2661 5428 a
2695 5377 2959 5430 Dominica
2986 5372 3428 5427 Resurrectionis.
3471 5369 3654 5440 Neque
3682 5369 3840 5422 modo
3865 5371 3920 5423 in
3949 5369 4172 5424 Oriente
4196 5409 4212 5432 ,

2632 5470 2722 5522 sed
2777 5467 2934 5521 etiam
2983 5467 3032 5520 in
3098 5464 3382 5519 Occidente
3451 5464 3605 5516 talem
3676 5461 3836 5515 fuisse
3906 5461 4214 5517 distinctio-

2634 5575 2752 5614 nem
2802 5559 3174 5628 comperimus.
3203 5555 3487 5624 Cregorins
3537 5553 3679 5608 enim
3724 5551 4092 5618 Turonensis,
4120 5567 4212 5602 or-

2632 5648 2806 5704 dinem
2853 5667 2882 5704 a
2923 5650 3184 5717 Perpetuo
3221 5658 3558 5702 antccessore
3613 5659 3710 5698 suo
3759 5653 4018 5699 statutum
4071 5643 4210 5698 refe-

2635 5755 2776 5808 rens,
2820 5740 3277 5796 Rcsurrectionem
3331 5737 3540 5794 Domini
3597 5734 3743 5805 prius
3790 5751 3951 5804 titiam
4011 5734 4212 5790 Pascha

4333 4731 4336 4887 Ι
