3938 6136
141 255 192 303 δυ
883 264 1043 332 cum
1083 265 1146 320 IN
1183 265 1514 322 OPEllIBUS
1547 262 2018 326 cnnrsosrom
2057 263 2574 320 UlNl-TIlVANTUR.
3282 257 3349 309 eo
3405 217 3412 222 ’

142 376 437 430 celebratam
463 375 684 430 exhibet
709 374 814 429 hoc
844 385 996 444 pacto
1018 374 1196 447 (Greg.
1225 373 1414 428 Turon.
1445 393 1496 442 p.
1525 373 1682 441 531):

201 465 345 520 Sexto
381 466 638 519 Calendas
675 466 870 534 Aprilis
899 467 1269 520 Resurrcctione
1300 464 1504 518 Domini
1531 465 1688 518 nostri

147 561 248 613 Jcsu
272 560 480 623 Christi,
515 559 582 610 ad
605 557 879 612 Basilicam
907 557 1085 611 Domni
1111 557 1342 610 Martini.

208 651 420 713 Pascha,
453 652 505 703 in
540 650 783 704 Ecclesia.

207 743 298 796 Die
323 742 642 794 Ascensionis
670 741 721 793 in
750 738 970 792 Basilica
995 737 1175 792 Domni
1203 737 1426 791 Martini.

210 836 301 892 Ubi
340 843 491 887 notat
535 831 839 886 Rninartins
883 829 1323 885 niisterchstum
1366 827 1629 881 Paschalis
1665 844 1697 880 α

142 930 264 998 {esto
289 924 686 979 Resurrectionis
709 922 1033 991 distinguitur
1060 921 1113 974 in
1139 919 1486 973 vetustioribus
1508 917 1699 972 Kalen-

143 1018 317 1077 dariis,
335 1016 418 1067 ubi
441 1014 836 1067 Resurrectionis
853 1013 1033 1080 {estum
1057 1011 1136 1064 die
1153 1011 1219 1064 27
1245 1010 1415 1063 Martii
1431 1008 1700 1071 recolitur;

147 1107 346 1159 Pascha
377 1114 562 1168 autem,
607 1111 660 1155 ut
695 1119 865 1155 omnes
893 1110 1109 1166 norunt,
1155 1117 1244 1169 pro
1290 1099 1526 1153 varietate
1570 1099 1704 1152 luna:

146 1213 334 1264 semper
373 1195 680 1247 celebratum
719 1195 770 1246 in
816 1191 1040 1245 Ecclesia
1083 1193 1194 1263 fuit.
1241 1192 1322 1245 An
1367 1191 1489 1258 quid
1531 1189 1703 1242 simile

153 1299 378 1357 tempore
425 1285 796 1356 Chrysostomi
836 1286 1172 1338 observatum
1217 1283 1507 1336 Antiochia:
1553 1281 1706 1335 fuerit

154 1381 351 1432 \ltleilltl
392 1376 614 1430 eruditi.
664 1376 811 1429 Diem
863 1389 990 1427 vero
1041 1373 1266 1426 natalem
1312 1372 1507 1426 Christi
1557 1378 1706 1424 vocat

152 1485 295 1540 supra
344 1469 762 1539 Chrysostomus
807 1467 1118 1535 metropolin
1163 1466 1411 1519 festorum
1445 1483 1458 1518 :
1489 1465 1540 1518 in
1593 1464 1707 1517 loco

155 1562 296 1613 etiam
350 1573 520 1627 supra
567 1568 858 1612 memorato
906 1555 1253 1611 Pentecosten
1305 1569 1510 1624 quoque
1557 1562 1711 1608 vocat

157 1652 464 1719 metropolin
518 1649 773 1703 festorum
806 1665 818 1699 :
850 1647 944 1702 sed
999 1648 1116 1700 talis
1169 1645 1449 1717 appellatio
1504 1646 1711 1714 utrique

154 1753 447 1812 competere
470 1749 668 1810 potest,
691 1741 810 1810 quia
835 1738 954 1793 dies
983 1739 1168 1792 natalis
1191 1748 1270 1791 est
1296 1737 1710 1800 fundamentum,

155 1837 460 1890 Pentecoste
490 1850 622 1888 vero
646 1835 1083 1902 complementum
1113 1831 1382 1886 festorum.

169 1951 190 1970 -
219 1929 287 1980 De
317 1927 562 1980 diaconis
607 1926 748 1993 loqui
796 1925 1042 1987 videtur,
1092 1924 1297 1993 quando
1337 1925 1462 1977 dicit
1507 1923 1714 1977 illorum

153 2020 376 2072 ofﬁcium
403 2032 546 2079 esse,
576 2025 636 2069 ut
663 2017 929 2084 improbos
953 2024 1008 2070 et
1032 2016 1200 2084 palam
1229 2015 1482 2069 scelestos
1506 2022 1719 2068 arceant

151 2127 178 2163 α
206 2109 612 2180 participatione
653 2110 894 2177 corporis
938 2117 991 2162 et
1026 2109 1290 2178 sanguinis
1322 2107 1516 2160 Christi
1542 2105 1720 2176 (Tomo

151 2204 409 2271 septimo).
438 2201 702 2269 Additque
748 2200 868 2254 illos
911 2200 1084 2252 tunica
1151 2200 1266 2254 alba
1313 2208 1367 2253 et
1415 2199 1722 2268 splendente

155 2294 381 2348 aiiiictos
407 2292 464 2345 in
491 2290 712 2345 ecclesia
738 2291 982 2345 circuire.
1013 2289 1210 2344 Caatera
1235 2305 1353 2359 quas
1381 2290 1444 2343 ad
1473 2289 1722 2342 diaconos

157 2384 475 2452 spectabant
499 2397 616 2435 mox
644 2381 967 2446 adferemus,
1000 2381 1086 2435 ubi
1114 2381 1180 2435 de
1205 2380 1457 2449 Liturgia.

225 2475 611 2530 Catechumeni
676 2475 765 2544 qui
841 2472 1100 2544 Mysteriis
1154 2470 1726 2542 initiabantur(Tomo

157 2577 332 2634 nono),
353 2567 408 2619 in
438 2567 661 2635 mystica
690 2565 993 2633 precatione
1023 2565 1133 2617 haec
1155 2579 1324 2633 primo
1350 2563 1505 2617 verba
1550 2563 1726 2632 profe-

160 2660 375 2713 rebant:
406 2658 476 2712 In
506 2674 607 2727 quo
627 2659 936 2723 clamamus,
972 2657 1110 2709 Abba
1142 2665 1281 2727 pater
1306 2654 1486 2723 (Tomo
1514 2653 1726 2722 octavo).

162 2752 286 2805 Cum
315 2751 670 2805 iiiitiabantur
688 2759 886 2814 autem,
911 2749 1027 2802 hazc
1056 2760 1204 2816 pacta
1228 2763 1345 2802 cum
1373 2747 1732 2801 sacerdotibus

167 2842 394 2895 inibant:
427 2841 646 2895 Satanae
671 2847 726 2893 et
751 2841 949 2909 angelis
982 2838 1095 2906 ejus
1121 2836 1575 2903 abrenuntiabant,
1608 2852 1734 2906 pro-

170 2932 553 2998 inittebantque
577 2945 638 2983 se
676 2930 738 2981 ad
784 2929 902 2982 illos
940 2943 1222 2997 numquam
1251 2942 1369 2982 esse
1407 2925 1728 2980 deﬂexurns.

168 3023 501 3091 Quapropter
527 3021 777 3075 mulieres
804 3029 858 3074 et
887 3019 1105 3088 parvuli,
1139 3029 1193 3072 ut
1217 3031 1400 3072 contra
1430 3019 1625 3073 diaboli
1655 3019 1735 3071 in-

170 3115 321 3167 sidias
351 3115 406 3166 in
435 3123 554 3166 tuto
577 3121 756 3165 essent
773 3152 786 3173 ,
823 3111 1089 3179 evangelia
1116 3125 1145 3162 e
1169 3109 1305 3163 collo
1327 3109 1732 3178 suSpendebant,

174 3215 320 3272 atque
349 3205 418 3257 ad
452 3203 712 3272 majorem
740 3201 1034 3255 custodiam
1060 3201 1252 3270 ubique
1276 3200 1735 3256 circumferebant.

173 3296 348 3363 (Tomo
377 3312 534 3350 securi
540 3295 627 3364 do)
640 3337 653 3348 .

242 3391 449 3445 Recens
481 3391 623 3444 natis
649 3391 825 3460 pueris
864 3390 930 3444 ad
966 3389 1168 3444 libitum
1213 3393 1484 3461 parentum
1531 3388 1741 3444 nomina

181 3483 632 3552 iiiiponebantur:
684 3483 894 3552 quidam
925 3491 1222 3537 sanctorum
1244 3525 1260 3550 ,
1304 3483 1392 3536 alii
1429 3497 1644 3536 avorum
1689 3491 1744 3535 et

185 3587 495 3640 proamrum
540 3574 756 3627 nomina
787 3573 1070 3636 indebant,
1103 3575 1182 3628 vel
1225 3589 1408 3628 eorum
1435 3573 1522 3643 qui
1551 3585 1744 3642 genere

182 3664 304 3716 clari
347 3663 562 3718 fuerant
607 3662 802 3736 (Tomo
850 3661 1072 3734 quarto).
1120 3663 1318 3720 Verum
1365 3663 1602 3717 hortatur
1631 3666 1744 3716 An-

189 3756 455 3812 tiochenos
519 3756 964 3828 Cbrysostomus,
1014 3766 1067 3809 ut
1125 3763 1424 3810 sanctorum
1489 3755 1577 3824 qui
1637 3756 1745 3808 vir-

194 3850 382 3904 tutibus
429 3849 694 3904 fulserunt
733 3848 854 3902 filiis
897 3848 1107 3902 nomina
1149 3849 1397 3902 tribuant.
1438 3847 1568 3902 Illud
1618 3862 1747 3902 vero

193 3939 376 3993 iactum
419 3939 842 4010 deprehenditur
880 3940 929 3991 in
967 3939 1215 3992 Encomio
1253 3938 1309 3994 S.
1340 3937 1558 4003 Meletii,
1601 3947 1749 3992 ante-

191 4043 341 4096 quam
383 4029 486 4083 hoc
523 4030 802 4084 consilium
853 4029 1065 4084 daretur
1104 4028 1300 4101 (Tomo
1329 4030 1582 4101 secundo).
1613 4029 1750 4082 Nam

195 4135 300 4172 cum
348 4121 503 4189 eum(
532 4118 831 4191 Meletium)
863 4137 894 4172 a
942 4121 1220 4190 principio,
1248 4121 1448 4188 inquit,
1483 4119 1536 4172 in
1584 4120 1754 4174 ciuita-

198 4223 287 4265 tem
339 4216 621 4283 ingressum
669 4214 1000 4282 accepissetis,
1039 4213 1372 4282 unusquisque
1413 4211 1574 4279 ﬁlium
1611 4227 1751 4264 suum

199 4306 300 4370 ejus
339 4306 540 4358 nomine
567 4305 886 4376 appellabat,
931 4322 1018 4375 per
1052 4305 1433 4375 appellationem
1471 4305 1754 4356 existimans

203 4409 248 4445 se
265 4396 314 4448 in
335 4397 540 4449 domum
557 4413 701 4450 suam
718 4405 942 4450 sanctum
966 4397 1296 4454 introducere.
1318 4395 1572 4464 missisque
1595 4396 1755 4463 patri-

207 4489 302 4548 bus,
325 4491 430 4542 avis
451 4499 498 4540 et
523 4491 742 4557 proavis,
769 4501 950 4543 matres
974 4489 1100 4543 beati
1125 4489 1316 4543 Heletii
1340 4506 1517 4543 nomen
1536 4489 1759 4559 impone-

209 4578 310 4631 bant
339 4582 540 4645 liberis,
567 4597 691 4651 quos
715 4591 1027 4652 pepererant.

272 4673 380 4727 Mus
408 4681 528 4726 erat
557 4674 869 4738 Antiochiae,
893 4681 949 4727 ut
970 4673 1332 4728 adolescentes
1357 4671 1422 4725 ad
1444 4671 1758 4726 monasteria

216 4766 555 4827 mittemitur,
589 4776 645 4818 ut
670 4766 740 4819 ibi
767 4781 862 4834 per
886 4766 1146 4835 quoddam
1177 4775 1383 4835 tempus
1404 4765 1470 4820 ad
1496 4781 1669 4819 mores
1691 4766 1762 4817 in-

214 4853 505 4910 formandos
534 4857 788 4925 degerent
808 4856 984 4927 (Tomo
1011 4858 1216 4928 primo).
1240 4858 1352 4924 Qua
1399 4856 1465 4912 de
1508 4874 1565 4912 re
1595 4857 1763 4928 Chry-

215 4957 503 5001 I-nstomus:
538 4945 678 5016 Ergo
701 4963 790 5001 nec
819 4949 948 5018 ﬁlios
974 4960 1170 5003 nostros
1205 4965 1236 5001 a
1269 4949 1446 5002 deserti
1482 4965 1763 5003 commorao

215 5048 331 5091 tione
356 5049 475 5093 ante
497 5047 698 5106 tempus
733 5037 1066 5101 abducamus;
1091 5038 1179 5092 sed
1205 5039 1429 5093 sinamus
1475 5038 1764 5107 disciplinas

218 5131 353 5185 Illius
380 5132 628 5201 imprimi,
655 5141 698 5182 et
725 5128 922 5198 plantas
934 5130 1188 5184 radicibus
1214 5131 1426 5198 ﬁrmari.
1451 5128 1664 5183 Etiamsi
1680 5129 1766 5181 de-

219 5236 325 5282 ccat.
351 5223 549 5278 etiamsi
569 5221 745 5292 viginti
766 5237 920 5274 annos
935 5222 986 5274 in
1005 5222 1304 5275 monasterio
1323 5221 1391 5274 ali
1421 5229 1676 5290 oporteat,
1705 5235 1769 5274 ne

223 5317 472 5379 turbentur,
494 5333 585 5369 nec
606 5331 816 5367 mcerore
831 5315 1101 5384 ajﬁciamur
1112 5331 1132 5378 ;
1156 5324 1339 5385 quanto
1359 5316 1492 5368 enim
1513 5313 1698 5367 diutius
1715 5313 1768 5367 in

225 5410 462 5475 gymnasio
482 5406 859 5469 exercilabitur,
889 5415 1024 5459 tanto
1050 5408 1263 5476 majores
1289 5407 1594 5474 adipiscetur
1621 5405 1765 5458 vires.

283 5497 439 5552 Erant
476 5498 573 5551 illo
617 5509 735 5550 tero
778 5493 1014 5563 virgines
1055 5492 1384 5547 Christianae
1416 5494 1617 5559 multat,
1655 5509 1774 5564 quae

233 5603 305 5652 per
349 5598 515 5644 totam
563 5588 730 5641 vitam
784 5601 815 5639 a
859 5585 1059 5652 nuptiis
1107 5586 1459 5650 abstinerent,
1509 5600 1572 5639 ac
1609 5585 1772 5654 virgi-

237 5682 423 5737 nitatem
484 5687 801 5751 perpetuam
855 5676 1247 5746 proﬁterentur.
1300 5676 1769 5748 Constantinopoli

1799 386 1926 426 vero
1957 371 2172 440 quidam
2207 371 2440 441 virgines
2481 370 2766 426 nonnullas
2811 385 2993 424 secum
3027 367 3354 422 inducebant

1799 464 2037 528 domum,
2069 466 2246 536 specie
2285 465 2522 536 quidem,
2569 474 2626 518 ut
2670 480 2767 518 ceu
2814 464 3009 517 fratres
3037 477 3161 514 cum
3197 477 3354 516 soru-

1797 556 1948 611 ribns
1979 566 2127 613 caste
2154 559 2420 624 viverent;
2463 557 2557 613 sed
2599 575 2661 614 es
2703 557 2794 611 tali
2838 557 3117 612 consortio
3153 567 3355 624 quanta

1797 665 2106 724 parerentur
2131 658 2284 719 mala,
2307 657 2441 711 haud
2468 657 2679 712 difﬁcile
2703 668 2783 712 est
2803 658 3067 727 augurari.
3093 657 3199 711 llas
3227 671 3358 711 vero

1798 743 2025 814 virgines
2065 746 2489 811 subintroductas,
2529 749 2609 801 vel
2649 747 2806 801 simul
2851 747 3089 802 inductas
3130 746 3359 815 appella-

1801 834 1928 888 bant
1955 834 2138 900 (Tomo
2162 837 2371 905 primo).
2401 837 2562 891 Erant
2607 837 2731 890 item
2765 837 2882 890 alia:
2916 839 3141 906 virgines
3173 835 3363 904 opibus

1805 925 2080 993 pollentes,
2104 942 2235 996 quas
2261 929 2509 998 regulares
2534 929 2808 982 vocabant.
2831 927 2923 982 [lie
2941 929 3103 982 cultui
3124 929 3364 997 corporis

1803 1019 2085 1074 admodum
2127 1021 2438 1086 studebant,
2484 1031 2536 1075 et
2566 1022 2707 1074 viros
2747 1019 3063 1074 inducebant
3092 1028 3148 1072 ut
3186 1033 3364 1074 secum

1805 1110 1948 1164 domi
1993 1122 2284 1166 manerent.
2325 1113 2518 1166 Contra
2563 1122 2667 1166 tam
2711 1113 2976 1168 exitialem
3021 1121 3224 1181 pestem
3270 1127 3369 1182 pro

1806 1219 1955 1258 more
1989 1219 2086 1258 suo
2106 1204 2362 1259 declamat
2387 1205 2812 1268 Chrysostomus.

1880 1297 1956 1351 De
2012 1296 2215 1351 funebri
2266 1296 2408 1351 luctu
2439 1339 2455 1363 ,
2509 1297 2678 1366 qualis
2732 1310 2830 1350 suo
2881 1304 3118 1363 tempore
3177 1294 3229 1348 in
3273 1309 3373 1349 usu

1809 1397 1924 1443 erat
1946 1429 1961 1453 ,
1991 1390 2102 1442 haec
2142 1388 2233 1442 ille'
2282 1389 2442 1442 refert
2472 1387 2490 1458 (
2519 1386 2674 1440 Tomo
2723 1395 2860 1440 sexto
2888 1385 2907 1455 )
2935 1403 2949 1438 :
2980 1385 3089 1439 Nos
3135 1387 3218 1453 qui
3260 1385 3374 1452 jam

1811 1481 1902 1534 sub
1945 1480 2107 1550 gratia
2149 1495 2340 1543 sumus,
2385 1479 2476 1533 sub
2523 1489 2656 1530 certa
2707 1494 2797 1547 spe
2835 1475 3208 1530 resurrectionis
3230 1515 3245 1540 ,
3274 1473 3376 1544 qui-

1814 1571 1904 1624 bus
1954 1571 2112 1624 omnis
2167 1571 2369 1624 tristitia
2413 1569 2747 1634 interdicitur,
2792 1585 2891 1638 qua
2940 1572 3103 1638 fronte
3148 1577 3374 1621 mortuos

1814 1671 2008 1714 nostros
2047 1659 2306 1732 gentilium
2349 1675 2486 1712 more
2529 1659 2811 1728 plangimus
2832 1699 2847 1721 ,
2891 1658 3113 1711 ululatus
3175 1657 3380 1710 insanos

1816 1752 2106 1816 attollimus,
2135 1752 2284 1804 veluti
2308 1751 2410 1803 alio
2438 1767 2614 1820 genere
2655 1749 2969 1811 bacchantes,
2989 1749 3250 1802 conscissis
3293 1757 3375 1798 tu-

1817 1842 1942 1895 nicis
1986 1851 2186 1910 pectora
2225 1841 2490 1906 nudamus,
2537 1839 2683 1894 verba
2723 1840 2896 1892 inania
2932 1848 2978 1890 et
3012 1838 3202 1890 menius
3246 1838 3381 1889 circa

1819 1948 1999 2001 corpus
2025 1941 2070 1985 et
2093 1930 2338 1985 tumulum
2363 1931 2584 2000 defuncti
2607 1929 2908 1982 cantamus?
2936 1927 3198 1981 Postremo
3235 1929 3383 1978 etiam

1819 2041 1918 2090 qua
1939 2025 2134 2076 ratione
2156 2031 2308 2076 vestes
2350 2022 2518 2092 nigras
2558 2021 2828 2091 tinguimus
2868 2019 3007 2084 (sic),
3053 2018 3150 2070 nisi
3193 2025 3247 2068 ut
3294 2032 3384 2068 nos

1821 2134 1932 2172 vere
1950 2118 2176 2185 inﬁdeles
2197 2125 2244 2170 et
2265 2117 2490 2178 miseros,
2512 2131 2613 2168 non
2637 2122 2828 2166 tantum
2851 2111 3066 2182 ﬂetibus,
3110 2110 3196 2164 sed
3239 2109 3387 2162 etiam

1823 2210 2038 2264 vestibus
2071 2208 2400 2279 approbemus
2421 2209 2446 2261 Ρ
2484 2207 2649 2262 Nemo
2675 2216 2796 2260 tunc
2823 2205 3062 2272 sepulcra
3091 2204 3142 2258 in
3169 2202 3390 2257 urbibus

1826 2303 2183 2357 construebat.
2215 2301 2313 2368 Qui
2334 2316 2448 2354 mos
2475 2298 2543 2352 ab
2569 2298 2795 2368 antiquis
2819 2303 3059 2350 manarat
3089 2304 3192 2348 tam
3239 2292 3390 2348 Grie-
3444 2317 3446 2319 -

1826 2395 1931 2457 eis,
1979 2409 2134 2463 quam
2185 2392 2437 2446 Romanis
2490 2389 2690 2456 (Tomo
2735 2386 3027 2458 septimo),
3070 2393 3128 2439 ut
3165 2384 3391 2438 vidimus

1829 2484 1882 2538 in
1926 2485 2248 2552 Autiquitate
2297 2483 2572 2551 explanata
2616 2480 2786 2534 Τοπιο
2831 2477 2893 2530 ν.
2935 2474 3392 2543 ConstantinOpoli

1830 2590 1956 2629 vero
2001 2574 2361 2644 Imperatores,
2410 2573 2499 2643 qui
2547 2573 2598 2626 in
2644 2570 2865 2625 coclesia
2892 2566 2987 2623 SS.
3022 2566 3395 2636 Apostolorum

1833 2666 2261 2731 tumulabantur,
2308 2679 2413 2718 non
2465 2677 2630 2734 prope
2670 2660 2973 2730 Apostolos,
3009 2659 3104 2713 sed
3158 2655 3286 2711 foris
3331 2655 3396 2710 ad

1834 2755 1945 2825 ipsa
1991 2755 2169 2810 limina
2211 2764 2523 2823 Optaverunt
2565 2768 2784 2824 corpora
2824 2765 2917 2804 sua
2967 2748 3198 2817 sepeliri,
3243 2756 3401 2816 atque

1835 2850 1905 2902 ita
1936 2849 2100 2918 pergit
2127 2848 2556 2918 Chrysostomus,
2589 2845 2934 2914 Imperatores
2967 2843 3284 2912 piscatorum
3310 2853 3400 2892 os-

1838 2941 1972 2994 tiarii
1998 2939 2115 2993 facti
2142 2949 2264 2992 sunt
2298 2936 2476 3009 (Tomo
2513 2936 2720 3004 primo).

1906 3030 2139 3096 Litaniaz,
2169 3037 2527 3082 memorantur
2551 3042 2580 3079 a
2626 3025 3004 3096 Chrysoslomo
3040 3023 3092 3076 in
3124 3020 3399 3090 concione,

1840 3135 1994 3190 quam
2015 3118 2468 3187 Constantinopoli
2510 3117 2692 3171 habuit
2734 3118 2784 3168 in
2823 3115 2908 3169 die
2949 3113 3218 3168 Paschalis
3265 3125 3404 3165 anno

1842 3211 1964 3276 599,
1993 3212 2142 3279 cujus
2171 3212 2342 3264 locum
2381 3216 2546 3263 totum
2575 3208 2658 3260 hic
2682 3205 3003 3260 aﬂ'erendum
3033 3213 3274 3273 putamus
3307 3199 3392 3267 (Τ.

1842 3304 2024 3372 sexto):
2055 3303 2180 3355 Ante
2220 3311 2317 3354 (res
2363 3301 2466 3353 dies
2490 3340 2505 3365 ,
2537 3300 2841 3366 irrumpente
2889 3295 3074 3365 pluuia,
3099 3305 3244 3362 atque
3293 3308 3405 3344 om-

1844 3396 1929 3448 nia
1949 3410 2112 3447 secum
2138 3393 2383 3456 trahente,
2405 3401 2450 3443 et
2477 3390 2537 3441 ab
2573 3405 2676 3451 ore,
2709 3397 2764 3440 ut
2809 3388 2879 3439 ita
2921 3386 3106 3449 dicam,
3155 3382 3406 3452 agricola-

1845 3501 1954 3538 rum
1985 3500 2204 3536 mensam
2226 3483 2468 3551 rapiente,
2497 3489 2716 3533 comatas
2748 3479 2913 3546 spicas
2946 3475 3227 3545 dejiciente,
3268 3481 3408 3524 ca'te-

1845 3590 1997 3644 raque
2016 3573 2182 3627 omnia
2208 3589 2297 3641 per
2337 3571 2551 3623 humidae
2595 3569 2818 3621 materia:
2865 3566 3062 3633 capiam
3105 3562 3409 3623 devastantc,

1848 3666 2035 3719 (itania:
2078 3674 2122 3716 et
2167 3661 2553 3732 supplicationes
2593 3658 2767 3726 fuere,
2810 3665 3005 3723 totaque
3037 3653 3210 3704 civitas
3246 3658 3412 3702 nostra

1847 3756 1990 3824 quasi
2018 3765 2206 3806 torrens
2229 3751 2294 3802 ad
2317 3750 2426 3802 loca
2446 3747 2797 3818 Apostolorum
2833 3741 3079 3806 currebat,
3115 3739 3411 3792 advocatos-

1849 3865 1941 3917 que
1968 3842 2355 3914 implorabamus
2380 3849 2606 3892 sanctum
2628 3835 2833 3889 Petrum
2849 3843 2894 3887 et
2915 3833 3106 3886 beatum
3141 3829 3412 3891 Andream,

1849 3943 1966 3994 item
1987 3956 2078 4010 par
2102 3935 2232 3989 illud
2261 3933 2617 4003 apostolorum,
2646 3928 2862 3982 Paulum
2882 3936 2926 3979 et
2952 3923 3283 3978 Timotheum.
3319 3920 3415 3974 llic

1854 4033 2047 4087 litaltia:
2077 4029 2464 4100 processionem
2492 4037 2612 4078 cum
2647 4029 2803 4075 cantu
2847 4016 2986 4071 haud
3025 4014 3182 4069 dubie
3221 4011 3418 4081 signilio

1853 4133 1994 4189 cant,
2026 4137 2126 4192 qua
2159 4119 2381 4190 populus
2413 4116 2792 4186 Chrysostomo
2834 4117 3047 4178 pastore
3083 4114 3137 4158 et
3174 4103 3307 4192 duce
3350 4101 3417 4156 ad

1855 4191 2103 4269 ecclesias
2125 4211 2437 4282 properabat
2459 4224 2471 4259 :
2501 4220 2616 4274 qua:
2643 4201 2850 4265 litaniw,
2874 4199 2976 4252 title
2998 4196 3156 4250 etiam
3182 4191 3301 4245 alibi
3327 4205 3418 4242 vo-

1856 4316 2058 4360 cantur.
2113 4296 2115 4298 ’

1929 4392 2161 4448 Lectoris
2181 4403 2307 4443 vero
2328 4385 2559 4440 ofﬁcium
2581 4381 2657 4437 sic
2681 4381 2770 4435 ille
2799 4374 3054 4432 describit
3095 4373 3146 4426 in
3193 4369 3419 4424 Homilia

1860 4496 2040 4541 octava
2069 4485 2120 4536 in
2146 4482 2315 4550 Epist.
2358 4477 2423 4531 ad
2468 4474 2717 4530 Hebraeos
2753 4463 3204 4533 Constantinopoli
3243 4461 3420 4514 habita

1862 4577 2042 4645 (Tomo
2067 4569 2381 4638 duodecimo)
2406 4587 2419 4622 :
2449 4565 2595 4635 Atqui
2620 4562 2830 4635 singulis
2855 4555 3175 4612 hebdomadis
3205 4553 3308 4607 hac
3337 4566 3424 4604 vo-

1864 4670 1936 4722 bis
1959 4667 2124 4720 velter
2157 4665 2389 4732 leguntur
2433 4674 2450 4712 :
2491 4667 2538 4711 et
2582 4673 2696 4710 cum
2743 4653 2914 4716 lector,
2958 4647 3257 4711 ascenderit,
3303 4645 3424 4697 dicit

1865 4760 2079 4828 primum
2103 4756 2247 4824 cujus
2267 4753 2330 4806 sit
2354 4751 2496 4816 liber,
2513 4762 2684 4815 nempe
2713 4743 2865 4812 hujus
2891 4740 2964 4794 vel
2988 4739 3126 4792 illius
3148 4735 3420 4828 prophetis,

1865 4824 1948 4902 aut
1977 4845 2210 4917 apostoli,
2231 4851 2316 4897 aut
2338 4839 2649 4910 evangelista:
2671 4851 2689 4888 :
2716 4843 2834 4887 tunc
2862 4831 2953 4885 illa
2977 4829 3117 4893 dicit,
3139 4836 3193 4880 ut
3214 4841 3271 4877 ea
3290 4824 3425 4876 vobis

1866 4941 2082 4994 clariora
2107 4937 2224 5001 sint,
2253 4944 2307 5004 et
2336 4949 2436 4986 non
2459 4931 2619 4985 solum
2655 4927 2819 4982 sciatis
2857 4938 2967 4995 qua:
3004 4921 3107 4973 illic
3149 4917 3244 4971 sita
3285 4923 3424 4976 sunt,

1868 5032 1956 5086 sed
1981 5039 2026 5083 et
2057 5043 2256 5081 causam
2284 5039 2457 5078 eorum
2483 5036 2593 5089 qua:
2621 5019 2805 5088 scripta
2843 5022 2976 5076 sunt,
3008 5020 3054 5064 et
3100 5009 3326 5077 quisnam
3367 5019 3426 5056 ea

1870 5123 2064 5177 dixerit.

2529 5243 2776 5313 Liturgia.

1943 5387 2225 5456 Liturgiam
2277 5383 2488 5436 nomine
2539 5371 2902 5444 Chrysostomi
2953 5367 3194 5423 dedimus
3233 5365 3285 5418 in
3325 5363 3430 5456 ﬁne

1874 5455 2165 5537 duodecimi
2192 5477 2338 5540 tomi,
2364 5472 2531 5543 qualis
2551 5469 2637 5522 diu
2671 5474 2784 5536 post
2802 5457 3160 5529 Chrysostomi
3189 5471 3356 5510 azvum
3378 5455 3429 5506 in

1845 5554 1970 5633 lusu
1994 5577 2119 5638 fuit;
2147 5574 2197 5626 in
2220 5585 2340 5640 qua,
2371 5575 2426 5621 ut
2452 5562 2656 5617 notavit
2683 5555 2928 5620 Savilius,
2959 5552 3122 5607 multa
3174 5547 3432 5603 habentur

1875 5687 1991 5748 qua:
2019 5666 2179 5724 inﬁmi
2226 5662 2320 5721 ani
2351 5674 2526 5717 notam
2554 5672 2659 5728 prae
2687 5667 2745 5709 se
2776 5652 2942 5706 ferunt
2967 5664 2980 5701 :
3005 5661 3119 5716 qua:
3146 5644 3270 5699 nihil
3296 5655 3429 5712 pene
