4748 6520
953 306 1020 362 (il
2254 300 2570 360 SYNOPSIS
2606 297 2844 362 EORUM
4108 290 4187 345 6'2

955 431 1119 487 refert
1156 447 1340 487 eorum
1363 473 1375 494 ,
1403 447 1519 502 qua:
1559 432 1715 486 variis
1739 432 1790 485 in
1839 431 1969 485 locis
2007 429 2416 500 Cbrysostomus
2451 427 2518 480 de.

955 525 1042 579 Sui
1075 525 1325 593 temporis
1346 523 1573 591 Lilurgia
1604 529 2005 576 commemorat.
2032 521 2362 589 Quapropter
2398 533 2428 572 e
2461 532 2518 570 re

956 597 1254 668 foreivisum
1277 621 1376 678 est,
1397 613 1440 667 si
1468 627 1530 666 ea
1572 611 1657 666 hic
1681 626 2072 672 recenseamus,
2104 626 2219 679 qua:
2245 608 2438 679 passim
2464 608 2515 659 in

954 704 1070 772 ejus
1095 703 1334 772 operibus
1363 703 1431 758 de
1459 703 1688 773 Liturgia
1715 711 2019 758 occurrunt.
2035 702 2102 757 Et
2119 700 2325 770 quidem
2345 700 2514 769 ipsum

951 792 1196 865 Liturgiae
1221 794 1460 849 ordinem
1489 795 1543 850 in
1581 794 1680 849 hac
1714 795 2024 850 recensione
2067 808 2281 847 servare
2324 806 2516 860 perop-

953 893 1178 949 tassem;
1205 901 1388 939 verum
1440 885 1490 939 id
1536 885 1818 940 admodum
1861 883 2208 949 difﬁcile‘est,
2249 882 2355 936 imo
2404 879 2515 932 llt'l'i

949 975 1164 1030 omnino
1190 977 1372 1046 nequit
1399 993 1411 1029 :
1437 976 1550 1030 loca
1591 975 1730 1030 enim
1769 975 1856 1029 illa
1900 973 2143 1042 Liturgire
2173 972 2242 1025 ita
2270 978 2515 1038 excerpta

948 1079 1091 1134 saepe
1119 1065 1474 1129 adducuntur,
1504 1073 1560 1120 ut
1587 1065 1791 1120 nescias
1825 1063 1891 1120 ad
1927 1080 2082 1135 quam
2111 1061 2358 1131 Liturgize
2393 1075 2514 1129 par-

951 1171 1054 1214 tem
1079 1159 1400 1227 pertineant.

1021 1249 1252 1318 Liturgia
1281 1265 1428 1314 vero,
1451 1263 1607 1318 quam
1655 1246 1853 1301 Pascha
1890 1254 2046 1300 vocat
2084 1243 2512 1313 Cbrysostomus,

949 1345 1031 1391 ter
1053 1348 1106 1392 et
1126 1337 1407 1406 aliquando
1433 1345 1618 1407 quater
1665 1337 1717 1391 in
1761 1334 2089 1391 hebdomade
2130 1333 2512 1418 celebrabatur.

948 1430 1078 1498 Ejus
1124 1431 1520 1485 verba‘ret'erre
1574 1445 1641 1485 ne
1691 1427 2088 1500 pigeat(Tomo
2139 1427 2299 1494 primo
2325 1425 2368 1496 ).
2397 1422 2516 1476 Non

947 1522 1103 1586 enim,
1131 1522 1319 1590 inquit,
1346 1522 1476 1575 idem
1497 1531 1613 1574 sunt
1647 1519 1844 1574 Pascha
1868 1529 1914 1574 et
1958 1518 2391 1587 Quadragesima;
2430 1514 2517 1567 sed

949 1611 1089 1665 aliud
1115 1610 1333 1677 Pascha,
1363 1611 1502 1664 aliud
1544 1611 1983 1684 ,Quadragesima;
2013 1608 2255 1678 siquidem
2288 1605 2518 1671 Quadra-

949 1703 1135 1772 gesima
1159 1703 1308 1755 semel
1331 1703 1383 1754 in
1405 1719 1538 1755 anno
1558 1704 1632 1770 ﬁt,
1657 1702 1854 1754 Pascha
1874 1717 1987 1754 vero
2014 1711 2086 1752 ter
2111 1699 2163 1751 in
2186 1697 2515 1761 hebdomada,

949 1807 1319 1862 nonnumquam
1368 1793 1515 1845 etiam
1558 1802 1754 1862 quater,
1801 1791 1876 1844 vel
1922 1791 2085 1860 potius
2120 1788 2518 1859 quotiescumque

950 1881 1194 1934 solumus.
1244 1881 1334 1934 Est
1384 1883 1516 1935 enim
1563 1881 1764 1935 Pascha
1806 1897 1907 1933 non
1951 1879 2224 1950 jejunium,
2263 1879 2348 1932 sed
2380 1878 2519 1932 obla-

949 1972 1018 2026 tio
1041 1981 1086 2024 et
1114 1973 1437 2041 sacriﬁcium,
1469 1972 1604 2040 quod
1628 1973 1680 2024 in
1714 1969 1924 2042 singulis
1953 1971 2010 2039 ﬁt
2035 1970 2270 2024 collectis.

1020 2063 1263 2134 Mysteria
1295 2065 1470 2132 januis
1513 2065 1707 2118 clausis
1750 2061 2170 2127 celebrabantur,
2208 2069 2264 2116 et
2294 2076 2397 2116 non
2433 2061 2516 2115 in-

951 2152 1085 2208 itiati
1137 2154 1482 2223 abigebantur
1510 2152 1692 2222 (Tomo
1736 2153 1993 2222 septimo);
2039 2154 2340 2207 nesciebant
2375 2152 2516 2206 enim

947 2245 1198 2302 virtutem
1241 2246 1419 2299 ealicis
1465 2243 1666 2313 (Tomo
1715 2243 1997 2315 secundo).
2045 2244 2303 2298 Sacerdos
2343 2251 2518 2298 autem

948 2353 1152 2389 manum
1179 2335 1354 2389 tollens
1376 2337 1428 2388 in
1453 2337 1629 2400 altum,
1648 2337 1800 2389 altius
1821 2346 1866 2388 et
1888 2336 1996 2406 ipse
2023 2344 2180 2399 stans,
2200 2336 2252 2389 in
2269 2336 2519 2389 tremendo

951 2429 1041 2482 illo
1067 2428 1262 2480 silentio
1292 2430 1590 2496 vociferans,
1619 2430 1744 2482 alios
1767 2429 1966 2498 quidem
1994 2428 2217 2494 vocabat,
2240 2427 2365 2482 alios
2404 2445 2518 2482 vero

951 2518 1148 2570 arcebat
1179 2533 1197 2569 :
1223 2535 1321 2569 non
1349 2517 1441 2569 hoc
1478 2535 1629 2570 manu
1667 2519 1873 2586 faciens,
1908 2519 1995 2571 sed
2033 2519 2204 2588 lingua
2246 2518 2432 2572 clarius
2475 2530 2522 2573 et

953 2609 1172 2678 apertius
1196 2626 1343 2676 quam
1367 2627 1539 2662 manu.
1574 2609 1708 2664 Nam
1729 2626 1823 2664 vox
1841 2612 1930 2664 illa
1954 2612 2006 2664 in
2034 2622 2226 2664 nostras
2263 2627 2408 2664 aures
2441 2610 2520 2663 in-

953 2719 1178 2768 currens,
1209 2711 1461 2774 tamquam
1492 2720 1667 2759 manus
1694 2704 1820 2756 alios
1841 2705 2038 2774 quidem
2058 2704 2260 2772 expellit
2293 2713 2339 2756 et
2363 2703 2516 2773 ejicit,

953 2795 1081 2848 alios
1121 2805 1286 2848 autem
1323 2797 1593 2850 introducit
1636 2806 1682 2850 et
1725 2797 1852 2850 sistit
1902 2797 1918 2865 (
1948 2794 2102 2848 Tomo
2132 2784 2482 2866 duodecimo).

1026 2889 1152 2955 Quae
1179 2889 1244 2943 de
1265 2889 1494 2958 Liturgia
1525 2890 1575 2942 in
1600 2899 1739 2942 tanta
1765 2904 1983 2958 operum
2010 2889 2156 2960 sylva
2181 2887 2304 2943 hinc
2327 2899 2378 2943 et
2399 2888 2519 2943 inde

952 2979 1115 3034 refert
1137 2979 1566 3054 Cbrysostomus,
1601 2981 1708 3043 vix,
1739 2995 1801 3034 ac
1827 2995 1892 3034 ne
1921 2981 2006 3033 vix
2035 2979 2270 3050 quidem,
2315 2990 2371 3032 ut
2411 2980 2517 3048 jam

953 3071 1198 3138 dixi,suo
1234 3073 1418 3127 ordine
1447 3087 1722 3126 recensere
1765 3086 2062 3140 possumus.
2099 3071 2171 3125 De
2221 3069 2518 3139 huiusmodi

953 3163 1137 3218 ordine
1162 3162 1428 3233 quidpiam
1462 3177 1877 3216 commemorare
1907 3162 2110 3215 videtur
2136 3161 2346 3215 homilia
2373 3161 2516 3217 deci-

952 3269 1038 3308 ma
1084 3263 1268 3309 octava
1312 3254 1362 3306 in
1407 3253 1572 3321 Epist.
1620 3253 1848 3306 secunda
1883 3251 1952 3306 ad
1997 3251 2520 3320 Coriuthios(1‘omo

952 3344 1167 3414 decimo)
1201 3361 1215 3397 :
1247 3341 1507 3407 Omnibus,
1527 3343 1694 3412 inquit
1717 3385 1732 3408 ,
1760 3360 1918 3396 unum
1958 3359 2158 3411 corpus,
2177 3358 2333 3395 unum
2379 3358 2523 3412 pocu-

953 3435 1058 3488 lum
1081 3433 1403 3504 pr0ponimus
1433 3433 1527 3499 :,in
1555 3432 1919 3502 precationibus
1945 3449 2138 3505 quoque
2161 3433 2404 3503 populum
2450 3434 2522 3486 vi-

953 3527 1081 3580 detis
1102 3527 1315 3579 multum
1344 3526 1586 3594 conferre.
1613 3526 1810 3579 Etenim
1844 3544 1934 3597 pro
1970 3527 2333 3597 energumenis,
2359 3538 2404 3580 et
2429 3543 2520 3598 pro

951 3618 1013 3670 iis
1031 3618 1116 3686 qui
1146 3617 1196 3668 in
1219 3619 1507 3685 pwnitentia
1531 3627 1664 3680 sunt,
1693 3635 1976 3672 communes
1995 3628 2043 3671 et
2062 3635 2092 3670 α
2112 3617 2367 3671 sacerdote
2389 3627 2436 3671 et
2461 3618 2522 3671 ab

951 3709 1074 3777 ipsis
1096 3725 1262 3776 preces
1283 3709 1450 3779 fiunt:
1477 3721 1624 3776 atque
1651 3729 1819 3765 onmes
1853 3727 2004 3764 unam
2042 3711 2362 3780 eamdemque
2404 3728 2520 3783 pre-

953 3816 1059 3852 cem
1099 3801 1344 3867 emittunt,
1387 3819 1602 3873 precem,
1654 3805 1878 3874 inquam,
1920 3805 2260 3858 misericordia
2298 3806 2517 3876 plenam.

955 3889 1149 3944 Rursus
1168 3907 1280 3943 cum
1305 3909 1404 3957 eos,
1427 3894 1513 3964 qui
1538 3905 1868 3947 sacrosanctae
1905 3910 2088 3948 mensa:
2112 3896 2380 3966 participes
2417 3912 2520 3949 esse

953 3992 1220 4052 nequeunt,
1249 3986 1458 4038 asacris
1498 3987 1651 4054 septis
1694 4002 1938 4052 arcemus,
1983 3987 2203 4039 ineunda
2243 3996 2313 4040 est
2362 3988 2521 4042 altera

953 4073 1133 4139 oratio,
1163 4077 1216 4128 in
1236 4089 1336 4144 qua
1359 4090 1528 4128 omnes
1549 4076 1686 4128 humi
1709 4077 1952 4143 iacemus,
1972 4091 2140 4128 omnes
2161 4089 2300 4142 teque
2312 4092 2520 4130 consur-

953 4168 1134 4239 gimus.
1160 4168 1241 4223 Ad
1266 4171 1394 4234 hcce,
1422 4187 1535 4224 cum
1557 4187 1658 4239 pax
1683 4171 1853 4224 danda
1888 4170 2198 4239 vicissimque
2235 4171 2520 4240 accipienda

952 4270 1044 4326 est,
1072 4277 1241 4314 omnes
1261 4271 1432 4315 mutuo
1468 4280 1558 4316 nos
1592 4262 1958 4315 exosculamur.
2003 4259 2124 4313 Jam
2169 4262 2221 4314 in
2258 4263 2520 4318 tremendis

951 4367 1143 4422 quoque
1168 4353 1433 4422 mysteriis,
1452 4363 1505 4406 ut
1529 4353 1762 4407 sacerdos
1786 4369 1876 4422 pro
1898 4352 2056 4421 plebe,
2071 4353 2140 4406 ita
2159 4353 2296 4424 plebs
2321 4370 2410 4422 pro
2433 4371 2520 4406 sa-

952 4443 1150 4496 cerdote
1173 4453 1284 4495 vota
1298 4443 1437 4511 facit.
1462 4442 1584 4495 Ηιεε
1609 4445 1740 4496 enim
1764 4443 1910 4496 verba
1936 4458 1954 4496 :
1983 4442 2047 4496 Et
2071 4460 2184 4496 cum
2211 4445 2388 4513 spiritu
2411 4453 2516 4508 tuo,

953 4534 1080 4586 nihil
1098 4533 1241 4586 aliud
1258 4551 1407 4602 quam
1425 4535 1518 4586 hoc
1543 4534 1847 4604 significant.
1880 4533 2073 4587 Rursus
2110 4551 2168 4586 ea
2207 4535 2385 4599 oratio,
2421 4551 2520 4604 qua

954 4622 1060 4676 Deo
1088 4627 1266 4694 gratia:
1284 4637 1521 4694 aguntur,
1541 4625 1814 4677 conunuuis
1841 4633 1928 4676 est.
1963 4623 2136 4694 Neque
2153 4625 2283 4678 enim
2304 4624 2410 4692 ipse
2433 4641 2518 4677 so-

951 4716 1030 4770 lus
1062 4717 1251 4787 gratias
1288 4717 1409 4786 agit,
1438 4715 1525 4769 sed
1569 4717 1717 4768 etiam
1761 4713 1896 4784 plebs
1937 4716 2183 4769 universa.
2236 4715 2371 4768 Nam
2408 4732 2520 4768 cum

954 4807 1093 4875 prius
1108 4805 1312 4859 illorum
1325 4823 1488 4860 vocem
1501 4823 1608 4858 sum
1614 4805 1882 4875 psit,atque
1895 4805 1971 4858 illi
1985 4815 2297 4859 assenserunt
2309 4805 2361 4859 id
2372 4805 2519 4874 digne

940 4909 995 4952 et
1011 4900 1153 4968 juste
1169 4898 1300 4966 ﬁeri,
1319 4907 1422 4950 tum
1441 4899 1638 4950 demum
1657 4898 1932 4968 gratiarum
1947 4899 2193 4951 actionem
2207 4897 2516 4966 auspicatur.

1025 4991 1100 5044 De
1125 4989 1398 5044 sacerdote
1421 4989 1667 5059 mysteria
1691 4989 1990 5044 celebrante
2015 4988 2129 5044 haec
2146 4989 2277 5042 dicit
2302 4988 2519 5044 homilia

955 5084 1109 5136 tertia
1139 5082 1191 5137 in
1235 5082 1401 5153 Epist.
1451 5081 1518 5136 ad
1563 5079 1903 5136 Colossenses
1940 5079 2141 5150 (Tomo
2170 5079 2433 5133 undecimo
2461 5080 2515 5148 ):

955 5169 1572 5242 «Cumingressusfuerit
1616 5173 1662 5226 is
1687 5172 1774 5241 qui
1821 5179 2012 5240 praeest
2038 5170 2309 5237 Ecclesiae,
2341 5171 2517 5225 statim

951 5262 1112 5329 dicit,
1145 5262 1260 5317 Pax
1282 5263 1545 5328 omnibus;
1571 5262 1780 5332 quando
1807 5261 2169 5326 concionatur,
2202 5258 2319 5313 Pax
2359 5261 2519 5314 omni-

951 5352 1072 5417 bus,
1105 5354 1313 5425 quando
1358 5355 1642 5414 benedicit.
1674 5352 1791 5407 Pax
1839 5352 2066 5406 omnibus
2081 5367 2099 5413 ;
2125 5352 2334 5421 quando
2371 5352 2519 5422 jubet

951 5447 1208 5512 salutare,
1259 5445 1375 5499 Pax
1436 5446 1702 5508 omnibus;
1749 5442 1960 5513 quando
2033 5454 2300 5512 peractum
2362 5442 2520 5497 fuerit

952 5541 1266 5596 sacrificium
1287 5583 1301 5604 ,
1339 5541 1450 5594 Pax
1473 5541 1719 5594 omnibus.
1751 5540 1819 5594 Et
1837 5554 2020 5594 rursus
2045 5540 2097 5593 in
2120 5540 2314 5607 medio,
2345 5537 2518 5592 Gratia

959 5632 1088 5684 vobis
1108 5641 1153 5685 et
1175 5648 1293 5699 pax.
1318 5652 1336 5682 ι

1028 5723 1220 5781 Verum
1254 5725 1365 5778 hac
1396 5738 1556 5792 pauca
1587 5723 1737 5780 nobis
1780 5723 2107 5781 subindicant
2145 5725 2202 5779 is
2230 5722 2517 5779 sacerdotis

2623 427 2673 478 iu
2700 424 2928 494 Liturgia
2960 421 3114 476 dictis
3141 431 3194 476 et
3220 419 3400 490 gestis,
3429 417 3598 486 deque
3620 429 3800 469 eorum
3835 413 3972 466 inter
4001 424 4063 464 se
4092 426 4194 462 or-

2621 519 2762 573 dine.
2782 519 2867 571 De
2888 516 3132 585 Liturgize
3153 524 3297 570 certe
3323 511 3490 575 initio,
3521 510 3689 577 deque
3712 506 3953 576 precibus
3970 512 4026 557 et
4046 502 4194 564 aliis,

2621 625 2739 680 qua:
2774 607 3095 672 Przefationi,
3121 616 3180 660 ut
3209 619 3474 666 vocamus,
3516 598 3864 671 prmntittebat
3911 593 4194 659 sacerdos,

2619 703 2748 757 nihil
2795 700 3416 770 babet.Cbrysostumus.
3472 692 3798 750 Prmfationis
3845 699 4021 746 autem
4075 688 4196 742 hac

2621 794 2778 848 verba
2821 791 3028 848 refert:
3072 789 3331 845 Sacerdos
3368 786 3617 841 dicebat:
3660 784 3874 838 Sursum
3914 780 4195 834 habeamus

2620 895 2832 938 mentem
2847 894 2892 938 et
2913 882 3065 937 corda
3083 884 3100 950 (
3110 881 3262 934 Tomo
3279 873 3916 947 secundo).Respondebat
3936 871 4191 941 populus,

2623 974 2874 1029 Habemus
2897 975 2964 1027 ad
2985 973 3271 1026 Dominum.
3299 970 3368 1026 Ut
3411 984 3538 1023 vero
3578 966 3828 1035 liquidum
3865 964 4081 1017 videtur
4125 978 4193 1018 ex

2622 1066 3052 1136 prmcedentibus,
3076 1065 3321 1136 pergebat
3347 1060 3614 1124 sacerdos,
3638 1057 3836 1112 Gratias
3850 1072 4069 1126 agamus
4089 1055 4188 1108 Dav

2617 1159 2752 1210 mino
2776 1156 2880 1210 Deo
2907 1167 3074 1210 nostro
3091 1170 3110 1208 :
3141 1154 3361 1224 populus
3388 1167 3531 1216 vero,
3563 1149 3777 1220 Dignum
3805 1157 3851 1201 et
3869 1149 4075 1217 justum
4097 1157 4181 1200 est.

2620 1247 2677 1302 ld
2698 1264 2822 1302 vero
2847 1248 3107 1316 signiﬁcat
3129 1247 3236 1310 ille,
3260 1260 3379 1299 cum
3399 1243 3524 1297 dicit
3550 1255 3707 1310 supra
3737 1256 3750 1291 :
3783 1239 3944 1309 Atque
3981 1238 4062 1290 illi
4104 1255 4189 1291 as-

2617 1349 2872 1392 scnserunt
2899 1339 2951 1390 id
2972 1339 3118 1408 digne
3136 1345 3182 1389 et
3194 1337 3332 1406 juste
3358 1334 3484 1403 ﬁeri.
3515 1331 3692 1401 Pergit
3735 1329 3821 1382 ille
3865 1346 3877 1382 :
3925 1327 4058 1382 Tum
4097 1331 4190 1380 de-

2620 1447 2754 1483 mum
2778 1431 3051 1501 gratiarum
3082 1430 3324 1482 actionem
3357 1427 3666 1496 auspicatur.
3697 1421 4072 1478 Prtefationcm
4112 1421 4191 1476 ni-

2620 1522 2807 1576 mirum
2837 1520 3133 1590 proferebat
3161 1519 3408 1574 sacerdos
3435 1525 3630 1572 nostra!
3663 1506 3768 1570 non
3792 1515 4117 1568 absimilem.

2690 1613 2744 1668 ln
2773 1614 3036 1669 oblatione
3066 1628 3190 1666 vero
3228 1611 3435 1666 dicebat
3463 1609 3708 1664 sacerdos
3733 1625 3746 1662 :
3781 1606 3899 1661 Sive
3931 1607 4187 1671 volentes,

2618 1706 2719 1759 sive
2754 1706 2895 1759 inviti
2948 1705 3282 1773 peccavimus,
3333 1703 3560 1756 condona
3598 1699 3778 1771 (Tomo
3808 1697 4186 1768 duodecimo):

2619 1797 2769 1866 queis
2801 1797 2988 1850 similia
3020 1795 3276 1850 habentur
3303 1795 3354 1848 in
3385 1793 3616 1862 Liturgia
3657 1791 3776 1856 illa,
3818 1789 4189 1862 Chrysostomi

2619 1889 2831 1944 nomine
2893 1903 2924 1942 a
2978 1887 3128 1942 nobis
3191 1886 3448 1957 publicata
3504 1885 3658 1940 Tom.
3705 1883 3791 1937 12.
3833 1881 4188 1948 Quandonam

2620 1987 2794 2033 autem
2836 1978 2949 2033 hare
2989 1977 3145 2032 verba
3189 1975 3421 2041 diceret,
3457 1974 3667 2028 Oremus
3702 1988 3876 2026 omnes
3911 1973 4190 2025 communi-

2620 2079 2711 2135 ter,
2765 2085 2869 2124 non
2917 2067 3175 2123 indicatur
3217 2083 3249 2123 a
3293 2065 3670 2138 Chrysostomo
3710 2062 3801 2133 qui
3840 2062 3929 2117 illa
3985 2061 4191 2132 profert

2621 2158 2804 2231 (Tomo
2827 2160 3133 2230 undecimo).

2690 2251 2943 2321 Martyres
2967 2251 3123 2305 etiam
3149 2251 3200 2304 in
3228 2247 3458 2318 Liturgia
3483 2246 3931 2302 memorabantur.
3959 2245 4187 2300 Nomina

2619 2355 2830 2410 quoque
2857 2352 3192 2408 patronorum
3215 2350 3267 2394 et
3288 2337 3678 2394 benefactorum
3707 2352 3918 2405 semper
3938 2336 3991 2389 in
4025 2339 4188 2391 sacris

2621 2430 2972 2485 oblationibus
3001 2430 3415 2499 proferebantur,
3443 2429 3634 2484 additis
3655 2427 3897 2497 precibus
3926 2442 4027 2496 pro
4054 2428 4188 2481 villis

2621 2535 2805 2576 eorum
2858 2529 2912 2574 et
2962 2521 3173 2591 praediis
3221 2520 3399 2592 (Tomo
3443 2519 3623 2588 nono).
3645 2519 3968 2572 Mortuorum
4031 2519 4189 2572 etiam

2622 2612 2876 2667 memoria
2917 2613 3169 2667 celebrari
3196 2611 3399 2666 solebat
3435 2611 3487 2665 in
3512 2609 3804 2664 venerandis
3844 2618 3996 2680 atque
4026 2610 4190 2663 horri-

2622 2707 2731 2778 ﬁcis
2756 2707 3000 2776 mysteriis
3028 2706 3204 2774 (Tomo
3231 2703 3538 2776 undecimo).

2697 2801 2817 2855 llzec
2854 2799 2921 2855 de
2965 2800 3236 2854 sacerdote
3264 2815 3411 2854 sacra
3456 2805 3732 2868 peragente
3757 2814 3770 2850 :
3799 2810 3897 2850 nec
3939 2798 4192 2866 pauciora

2623 2893 2688 2948 de
2709 2894 2928 2947 diacono
2955 2891 3133 2958 refert,
3165 2892 3250 2962 qui
3281 2889 3472 2944 divinis
3499 2889 3760 2960 mysteriis
3791 2888 4073 2950 intererat,
4097 2903 4193 2941 sa!-

2625 3000 2794 3056 peque
2820 2986 2922 3039 alta
2959 3000 3086 3040 voce
3113 2983 3307 3054 pepqu
3333 2983 3526 3038 monita
3554 2982 3740 3046 dabat,
3771 2996 3890 3050 qua:
3930 2980 4049 3046 illo,
4093 2995 4193 3051 quo

2623 3077 2948 3141 dicebantur,
2992 3077 3179 3130 ordine
3221 3089 3499 3130 recensere
3543 3074 3594 3128 in
3640 3083 3885 3144 promptu
3933 3087 4042 3126 non
4092 3083 4191 3127 est.

2622 3167 2896 3224 Clamabat
2919 3180 3093 3222 autem
3115 3210 3129 3233 ,
3162 3167 3328 3220 Erecti
3356 3178 3538 3220 stemus
3571 3166 3718 3234 probe
3747 3161 3932 3234 (Tomo
3959 3165 4152 3232 primo)
4177 3181 4189 3214 :

2623 3262 2812 3332 quibus
2854 3261 3060 3323 verbis,
3103 3275 3205 3313 non
3259 3267 3315 3312 ut
3365 3271 3556 3326 corpus
3595 3255 3779 3318 modo,
3832 3253 3926 3310 sed
3973 3263 4034 3308 ut
4082 3257 4192 3308 ani-

2625 3368 2767 3407 mum
2790 3352 2946 3406 etiam
2967 3351 3226 3420 erigeret,
3259 3348 3484 3402 adstanti
3519 3346 3651 3416 plebi
3678 3345 4026 3415 significabat.
4058 3344 4195 3399 Sub-

2625 3445 2752 3499 inde
2801 3443 2960 3498 etiam
3009 3442 3111 3496 alta
3164 3455 3291 3494 voce
3331 3440 3408 3494 sic
3454 3439 3658 3508 plebem
3712 3451 3929 3490 monere
3983 3437 4191 3490 solebat

2627 3533 2894 3604 Ibidem):
2924 3532 3025 3587 Alii
3071 3532 3196 3585 alios
3236 3531 3458 3594 noscite;
3497 3539 3551 3582 ut
3578 3527 3822 3582 videlicet
3862 3527 4194 3580 internosce-

2624 3634 2761 3690 rent,
2793 3640 2916 3678 num
2944 3623 3107 3692 impii,
3131 3621 3361 3687 scelesti,
3387 3620 3465 3674 vel
3506 3619 3835 3688 judaizantes
3871 3632 4060 3672 secum
4117 3620 4195 3672 in-

2626 3715 2851 3771 termixti
2881 3722 3077 3768 essent.

2695 3806 3052 3862 Precationem
3079 3813 3273 3867 autem,
3300 3801 3422 3856 dum
3449 3815 3595 3855 sacra
3626 3805 4019 3870 peragerentur,
4051 3799 4194 3867 plebi

2623 3895 2968 3968 suggerebat,
2999 3910 3153 3963 quam
3181 3895 3307 3962 ipsis
3335 3892 3510 3946 verbis
3538 3891 3716 3944 retulit
3739 3887 4189 3959 Cbrysostomus:

2629 3987 2838 4040 Oremus
2864 4001 2953 4054 pro
2979 3985 3208 4053 episcopo
3234 3993 3280 4036 et
3308 3991 3555 4036 senectute
3583 3989 3626 4032 et
3649 3979 3946 4049 patrocinio,
3980 3988 4034 4031 ut
4062 3989 4190 4031 recte

2625 4087 2797 4131 tractet
2823 4077 3020 4130 verbum
3039 4075 3255 4128 veritatis
3279 4115 3295 4135 ,
3331 4082 3377 4126 et
3398 4089 3488 4141 pro
3507 4073 3568 4126 iis
3590 4072 3673 4140 qui
3693 4070 3774 4123 hic
3799 4081 3912 4122 sunt
3935 4080 3982 4121 et
4012 4069 4190 4139 ubique

2626 4178 2866 4221 terrarum
2891 4164 3068 4232 (Tomo
3097 4165 3280 4234 sexto).
3305 4162 3543 4216 Addebat
3568 4162 3724 4214 etiam
3749 4177 3761 4212 :
3791 4158 3897 4211 Pro
3923 4159 3985 4213 iis
4023 4161 4111 4228 qui
4139 4161 4188 4210 in

2624 4257 2819 4312 Christo
2843 4255 3062 4326 defuncti
3085 4263 3236 4318 sunt,
3264 4265 3307 4306 et
3331 4269 3421 4323 pro
3450 4253 3512 4304 iis
3540 4251 3623 4319 qui
3653 4252 3854 4304 illorum
3894 4251 4187 4302 memoriam

2625 4350 2816 4419 faciunt
2846 4346 3023 4418 (Tomo
3049 4345 3199 4412 nono)
3211 4381 3225 4396 .

2694 4438 2889 4492 Vocem
2922 4450 3094 4505 porro,
3129 4449 3282 4504 quam
3308 4446 3447 4501 smpe
3472 4429 3749 4486 clamando
3777 4429 4057 4496 repetebat
4080 4429 4192 4481 dia-

2623 4545 2787 4586 conus
2832 4530 2944 4583 hrec
2971 4536 3103 4589 erat,
3128 4526 3455 4579 Attendamus
3481 4522 3701 4594 (Ibid.):
3731 4537 3888 4590 quam
3919 4537 4022 4590 ego
4051 4537 4193 4591 saepe

2623 4622 2796 4677 audivi
2826 4621 3007 4674 Roma:
3035 4635 3064 4672 a
3095 4619 3316 4674 diacono
3343 4616 3562 4676 dictam,
3593 4629 3711 4667 cum
3759 4612 4009 4681 Liturgiae
4048 4612 4188 4667 Gne-

2624 4729 2805 4769 eorum
2827 4713 2984 4766 animi
3013 4725 3166 4766 causa
3203 4706 3526 4762 interiorem.
3564 4703 3960 4760 Observandum
4013 4713 4189 4756 autem

2623 4817 2724 4871 est,
2746 4805 2886 4876 quod
2915 4804 3000 4858 hic
3024 4803 3169 4857 addit
3193 4798 3599 4870 Cbrysostomus
3620 4837 3637 4860 ,
3665 4809 3854 4862 nempe
3885 4805 4007 4861 post
4047 4796 4190 4849 illam

2621 4896 3092 4958 voeem,lectorem
3116 4893 3344 4960 incipere
3364 4887 3687 4958 prophetiam
3713 4884 3890 4944 lsaire;
3924 4900 4047 4952 qua:
4094 4900 4196 4938 vox

2626 4988 2892 5058 praemissa
2922 4985 3123 5048 fuerat,
3151 4993 3208 5036 ut
3235 4980 3515 5034 attentiore
3548 4977 3726 5029 animo
3766 4975 3916 5043 plebs
3964 4975 4195 5043 prophe-

2624 5093 2727 5137 tam
2749 5081 2971 5135 audiret.
2995 5078 3118 5133 llasc
3138 5090 3296 5146 porro
3316 5073 3493 5142 adjicit
3520 5070 3678 5124 etiam
3705 5068 3758 5123 S.
3784 5067 3973 5120 doctor
3994 5068 4050 5120 in
4079 5083 4196 5120 ser-

2625 5189 2779 5230 mone
2836 5172 2903 5226 de
2957 5169 3278 5224 Ascensione
3311 5182 3325 5219 :
3357 5163 3487 5217 Audi
3525 5163 3577 5213 in
3621 5160 3903 5231 precatione
3951 5157 4196 5210 diaconos

2622 5281 2814 5337 semper
2863 5263 3111 5324 dicentes,
3165 5257 3412 5329 Angelum
3463 5253 3600 5324 pacis
3650 5260 3821 5320 rogate
3858 5247 4066 5318 (Tomo
4118 5266 4195 5302 se-

2623 5356 2807 5411 cundo)
2818 5398 2831 5411 .

2693 5356 2786 5409 udo
2818 5398 2831 5411 .

2693 5355 2908 5501 Diaboni
2959 5441 3188 5497 officium
3231 5447 3343 5493 erat
3392 5436 3686 5491 tumultum.
3718 5447 4094 5500 compescere.
4125 5431 4195 5484 si-

2623 5539 2741 5594 cubi
2781 5539 2830 5591 in
2877 5535 3101 5590 ecclesia
3143 5527 3568 5600 oriretur(Tomo
3597 5542 3727 5578 nono
3751 5523 3806 5593 ):
3841 5525 4189 5590 quamobrem

2621 5640 2802 5685 monet
2827 5629 2914 5684 ille
2944 5637 3027 5691 ut,
3059 5626 3101 5678 si
3127 5623 3244 5692 quis
3269 5623 3426 5675 alium
3454 5620 3686 5673 dictet-iis
3715 5617 3934 5684 impetat
3958 5656 3973 5678 ,
4002 5615 4087 5667 vel
4117 5614 4190 5667 ri-

2624 5721 2738 5788 sui,
2777 5720 3046 5777 cachinnis
3075 5727 3129 5772 et
3155 5715 3344 5771 fabulis
3385 5712 3648 5767 incumbat
3673 5751 3690 5770 .
3727 5709 3983 5764 diaconus
4023 5709 4188 5762 advoo
