3938 6136
255 323 320 378 65
1025 322 1184 391 00E
1222 319 1288 379 IN
1323 322 1658 380 OPERIBUS
1684 323 2153 381 ClIRYSOSTOMI
2191 321 2706 379 OBSERVANTUR.
3395 326 3462 382 Gl

253 457 435 513 eetur,
460 449 548 518 qul
583 445 743 503 sedet
783 447 952 503 iutilia
987 448 1068 504 illa
1094 489 1110 514 ,
1135 457 1189 502 et
1222 445 1457 502 modeste
1484 458 1640 514 agere
1666 457 1814 496 com-

253 537 430 605 pellat.
1313 605 1319 610 _

325 627 402 682 De
430 627 798 682 sacerdotibus
833 636 1004 681 autem
1029 636 1084 683 et
1119 626 1354 681 diaconis
1393 625 1506 680 lucc
1542 625 1814 680 continen-

255 727 334 771 ter
375 715 536 770 refert
575 717 992 786 Chrysostomus
1031 716 1209 786 (Temo
1261 717 1444 787 primo)
1478 734 1492 770 :
1522 714 1816 768 Sacerdotes

253 807 401 858 etiam
439 822 548 858 cum
581 806 894 860 benedicturi
921 818 1065 872 sunt,
1093 807 1178 860 ubi
1207 808 1342 875 prius
1367 823 1537 876 pacem
1562 806 1694 859 vobis
1718 821 1817 874 ap-

261 897 450 966 precati
480 897 697 965 fuerint,
735 899 969 967 deinceps
999 899 1238 966 incipiunt
1280 897 1578 951 benedicere.
1607 895 1672 949 Et
1700 911 1815 948 vero

255 988 526 1053 diaconus,
556 989 676 1040 dum
702 1004 818 1041 cum
845 989 960 1041 aliis
985 989 1175 1058 precari
1201 989 1355 1055 iubet,
1386 989 1479 1040 hoc
1503 1002 1696 1056 quoque
1720 986 1814 1037 im-

255 1086 393 1144 perat
430 1077 482 1129 in
515 1079 774 1142 oratione,
818 1087 873 1130 ut
909 1079 1138 1148 angelum
1170 1078 1306 1147 pacis
1343 1094 1574 1147 rogemus
1597 1120 1610 1141 ,
1634 1085 1680 1130 et
1705 1091 1817 1145 quat

254 1167 507 1235 proposita
553 1176 691 1232 sunt,
719 1176 896 1220 cuncta
945 1169 1154 1237 paci/ica
1183 1183 1203 1220 :
1231 1177 1277 1220 et
1320 1157 1386 1219 ab
1431 1168 1523 1220 hoc
1575 1175 1813 1219 conventu

252 1275 336 1311 sos
362 1258 620 1312 dimittens
645 1259 738 1313 hoc
756 1259 892 1314 vobis
914 1269 1142 1330 precatur
1168 1261 1334 1312 dicens
1360 1275 1378 1312 :
1409 1257 1473 1311 In
1504 1275 1623 1327 pace
1649 1257 1812 1311 disce-

255 1350 372 1403 dite.

314 1441 502 1511 Neque
523 1440 1033 1512 praetermittendum
1061 1451 1142 1495 est
1167 1441 1217 1495 id
1253 1439 1392 1510 quod
1421 1439 1549 1494 dicit
1577 1439 1811 1509 Chryso-

246 1543 449 1587 stomus
473 1533 542 1588 de
566 1533 902 1587 dmmoniacis
921 1542 975 1586 et
994 1542 1166 1586 mente
1189 1533 1377 1602 captis,
1401 1533 1484 1587 vel
1505 1547 1815 1601 energume-

247 1624 357 1683 nis,
388 1623 479 1693 qui
507 1631 792 1693 antequam
820 1624 1070 1694 mysteria
1099 1624 1506 1686 celebrarentur,
1536 1638 1564 1676 a
1591 1624 1815 1676 diacono

246 1715 640 1770 inducebantur
681 1724 735 1771 et
775 1716 943 1784 capita
992 1716 1246 1771 inclinare
1289 1715 1643 1785 jubebantur,
1689 1726 1814 1771 tunc

246 1806 417 1858 oratio
444 1819 544 1872 pro
575 1805 680 1858 illis
705 1805 816 1859 fieri
845 1805 1066 1869 solebat,
1093 1821 1210 1875 quae
1225 1815 1443 1861 caiteras
1470 1821 1654 1860 omnes
1676 1821 1814 1875 prae-

249 1892 473 1947 cedebat
518 1893 540 1960 (
580 1891 740 1946 Tomo
765 1893 972 1965 primo).
1013 1893 1253 1948 Graviter
1293 1904 1467 1948 autem
1508 1896 1677 1962 carpit
1727 1895 1816 1949 illo

258 1997 350 2036 eos
369 2024 384 2047 ,
418 1984 508 2052 qui
537 1982 675 2038 hanc
701 1983 994 2039 orationem
1021 2001 1138 2038 cum
1168 1985 1284 2039 aliis
1321 2001 1424 2039 non
1455 1985 1812 2054 proferebant,

257 2076 346 2130 vel
375 2077 468 2145 qui
512 2087 637 2130 tunc
686 2087 872 2131 mutuo
920 2077 1305 2131 fabulabantur.
1354 2077 1528 2130 Prima
1576 2078 1811 2148 precatio,

252 2167 424 2235 inquit
472 2170 586 2233 ille,
607 2184 756 2236 quam
803 2184 898 2238 pro
945 2169 1280 2238 energumem's
1309 2167 1598 2220 adhibemus
1621 2208 1636 2232 ,
1668 2167 1813 2220 mise-

254 2258 494 2311 ricordias
541 2259 1008 2313 commemoratione
1045 2260 1189 2328 plena
1235 2269 1348 2313 est:
1373 2259 1592 2313 secunda
1624 2276 1815 2328 quoque

251 2365 350 2414 pro
375 2349 475 2410 iis~,
497 2349 579 2415 qui
602 2350 650 2400 in
673 2350 966 2419 poenitentia
998 2360 1110 2403 sunt
1134 2392 1149 2415 ,
1190 2354 1394 2403 multam
1425 2351 1814 2404 misericordiam

251 2441 494 2508 postulat.
522 2438 686 2493 Tertia
712 2441 913 2494 demum
943 2457 1034 2510 pro
1061 2443 1200 2495 nobis
1223 2442 1344 2510 ipsis
1371 2450 1440 2493 est
1470 2457 1488 2494 :
1516 2450 1562 2494 et
1587 2443 1692 2494 haec
1722 2457 1814 2509 po-

249 2530 362 2598 puli
380 2531 596 2600 infantes
614 2532 900 2586 innocentes
925 2531 1130 2597 inducit,
1157 2531 1318 2586 Deum
1337 2532 1404 2584 ad
1425 2532 1815 2586 misericordiam

244 2631 590 2688 provocantes.
621 2621 752 2687 Quia
771 2622 904 2675 enim
928 2638 1022 2675 nos
1046 2632 1247 2692 peccata
1270 2631 1440 2674 nostra
1477 2624 1772 2674 damnamus
1796 2661 1813 2686 ,

246 2728 334 2778 pro
355 2714 417 2765 .is
443 2715 532 2781 qui
567 2715 782 2765 multum
816 2722 1084 2782 peccarunt
1124 2722 1168 2766 et
1201 2713 1429 2766 accusari
1469 2713 1677 2776 debent,
1722 2728 1814 2765 nos

256 2817 517 2869 precantur
548 2819 569 2855 :
604 2819 697 2872 pro
741 2803 883 2856 nobis
925 2818 1038 2856 vero
1062 2805 1219 2873 pueri,
1251 2820 1460 2872 quorum
1484 2804 1814 2874 simplicitatis

246 2893 518 2946 imitatores
536 2909 747 2964 regnum
768 2894 1002 2948 caelorum
1024 2903 1274 2964 exspectat
1294 2893 1474 2963 (Tomo
1497 2894 1752 2964 septimo).

810 3205 1126 3262 DIATRIBA
1165 3206 1253 3262 Ill.

253 3356 327 3412 De
352 3362 598 3415 hcereticis
623 3370 672 3414 et
715 3363 1059 3417 heresiarchis
1093 3380 1214 3434 quos
1258 3368 1535 3434 frequenter
1577 3375 1816 3419 memorat

457 3449 846 3521 Chrysostomus
862 3494 879 3520 ,
907 3454 1065 3523 deque
1088 3455 1291 3508 illorum
1320 3456 1602 3509 hceresibus.

322 3621 431 3676 Non
459 3623 687 3677 minoris
714 3637 891 3692 operte
914 3624 1016 3679 erit
1041 3640 1106 3680 ex
1135 3635 1277 3681 tanta
1306 3643 1527 3696 operum
1556 3630 1700 3701 sylva
1728 3646 1811 3698 ea,

257 3729 367 3780 qua
395 3717 592 3784 passim
614 3715 1024 3786 Chrysostomus
1053 3728 1310 3772 memorat
1333 3721 1398 3774 de
1424 3721 1811 3792 haeresiarcbis,

258 3803 320 3857 de
355 3805 645 3859 bseresibus
672 3816 726 3859 et
765 3805 1030 3860 erroribus
1051 3848 1066 3870 ,
1118 3810 1205 3877 qui
1243 3823 1355 3863 aevo
1379 3824 1477 3863 suo
1498 3810 1549 3864 in
1580 3811 1814 3866 Ecclesia

258 3893 504 3951 Orientali
544 3898 944 3967 grassabantur,
984 3901 1158 3954 omnia
1195 3915 1478 3971 excerpere
1515 3911 1568 3957 et
1606 3918 1703 3959 suo
1730 3921 1816 3960 or-

261 3987 376 4043 dine
401 4005 704 4044 recensere.
733 3990 930 4045 Praeter
955 4007 1048 4046 eos
1071 3994 1210 4047 enim
1249 3995 1337 4063 qui
1365 4010 1477 4049 :evo
1513 4010 1610 4050 suo
1647 4000 1814 4052 exorti

261 4079 482 4146 fuerant,
510 4090 570 4134 ut
599 4083 862 4150 Anomtei,
890 4083 1268 4151 Macedoniam,
1298 4087 1592 4142 Photiniani
1618 4107 1632 4153 ;
1663 4099 1813 4144 vetu-

260 4172 444 4224 stiores
466 4173 628 4225 etiam
656 4173 851 4228 multos
882 4173 1100 4242 inducit,
1128 4192 1348 4246 quorum
1374 4188 1514 4234 secta
1540 4179 1713 4234 adhuc
1735 4182 1815 4235 vel

260 4275 534 4315 numerosa
558 4303 572 4325 ,
608 4263 691 4317 vel
727 4266 961 4318 nandum
996 4268 1250 4322 exstincta
1287 4278 1417 4323 erat.
1449 4269 1528 4323 Ad
1556 4269 1667 4325 haec
1691 4286 1816 4325 vero

261 4364 465 4405 errores
489 4353 630 4406 circa
660 4353 818 4408 fidem
843 4357 1254 4426 quamplurimos
1275 4401 1289 4423 ,
1322 4361 1409 4428 qui
1455 4361 1590 4430 apud
1628 4362 1814 4431 vulgus

259 4442 347 4497 illo
370 4453 610 4513 tempore
633 4447 1028 4516 spargebantur,
1061 4451 1116 4504 in
1146 4453 1490 4508 concionibus
1509 4455 1618 4509 suis
1641 4457 1816 4525 exagi-

263 4541 333 4586 tat
357 4549 420 4589 ac
445 4535 660 4593 refellit.
685 4537 1081 4594 Observandum
1106 4553 1281 4596 autem
1313 4543 1365 4596 in
1393 4543 1683 4600 haeresibus
1713 4546 1816 4602 illis

260 4640 370 4692 quae
395 4639 520 4681 ante
545 4627 705 4682 linem
736 4629 872 4684 tertii
908 4632 1086 4686 saeculi
1124 4643 1321 4688 exortae
1351 4633 1593 4699 fuerant,
1622 4637 1817 4692 multos

263 4713 339 4770 hic
363 4717 690 4785 deprehendi
718 4734 929 4775 errores
953 4737 982 4773 a
1009 4723 1354 4791 scriptoribus
1380 4725 1530 4780 istius
1569 4729 1664 4780 :evi
1687 4743 1816 4782 nus-

263 4821 407 4872 quam
445 4819 789 4862 memoratos.
823 4809 926 4864 Eos
951 4811 1090 4865 enim
1133 4814 1222 4879 qui
1286 4815 1448 4869 semel
1475 4817 1542 4868 ab
1568 4817 1817 4873 Ecclesiae

263 4891 538 4952 Catholicae
563 4900 896 4967 auctoritate,
923 4917 1038 4971 qua:
1063 4913 1145 4957 est
1168 4919 1270 4958 una
1292 4921 1431 4960 verte
1461 4907 1581 4962 fidei
1609 4925 1813 4977 norma,

265 4983 577 5043 deflexerant
598 5030 616 5052 ,
647 4989 700 5043 in
732 5004 896 5045 novos
918 4993 1152 5060 quotidie
1191 4993 1367 5064 lapsus
1394 4996 1644 5054 incidisse
1684 5001 1812 5055 nihil

265 5091 460 5133 Illlllm.

327 5170 533 5225 Docitas
559 5186 665 5225 non
693 5173 854 5227 semel
882 5176 1185 5246 perstringit
1206 5177 1312 5243 ille,
1341 5181 1452 5236 sive
1477 5183 1706 5252 illosqui
1738 5186 1816 5239 di-

269 5258 437 5314 crbaut
465 5261 738 5316 Christum
769 5267 979 5331 ,
1011 5265 1062 5319 id
1093 5275 1175 5320 est
1201 5307 1217 5331 ,
1247 5271 1408 5338 specie
1435 5311 1448 5333 ,
1478 5281 1675 5326 tantum
1704 5276 1814 5331 sive

266 5365 575 5419 apparentes;
597 5363 660 5407 ut
680 5353 768 5407 alii
788 5353 989 5420 dicunt,
1017 5365 1106 5410 aut
1129 5361 1363 5426 putatice,
1393 5369 1450 5414 ut
1470 5363 1541 5415 ait
1561 5361 1810 5430 lretneus,

262 5439 307 5493 in
336 5443 586 5496 mundum
615 5445 846 5498 venisse.
876 5446 1170 5500 Adventum
1199 5449 1341 5503 enim
1362 5490 1375 5512 ,
1406 5461 1561 5504 vitam
1592 5463 1644 5506 et
1674 5471 1814 5508 mor-

266 5538 357 5583 tem
398 5531 594 5588 Christi
639 5542 928 5606 ,
959 5538 1268 5604 phantasiam
1298 5551 1496 5594 tantum
1520 5584 1532 5603 ,
1562 5559 1664 5596 non
1700 5561 1810 5599 rem

267 5632 376 5676 rere
400 5633 602 5692 gestam
631 5624 793 5679 fuisse
821 5627 1089 5694 putabant.
1117 5627 1520 5700 Clirysostomus
1545 5649 1668 5687 vero
1690 5650 1809 5689 cum

276 5710 380 5765 dicit
403 5756 418 5780 ,
445 5713 716 5770 Christum
755 5717 1015 5787 sepultum
1041 5719 1206 5774 tribus
1230 5723 1411 5780 diebus
1439 5737 1490 5780 et
1521 5725 1685 5784 tribus
1710 5745 1808 5784 uo-

569 5797 842 5856 .
892 5797 1006 5856 Gn.
1059 5797 1270 5858 LXIV.

1919 440 2090 495 ctibus
2115 442 2168 494 in
2191 441 2344 496 corde
2369 451 2516 495 terra
2543 441 2820 504 mansisse,
2847 437 3010 502 addit,
3041 448 3087 492 et
3107 455 3248 492 nemo
3277 439 3330 491 id
3357 458 3476 512 -

1917 532 1991 584 cie
2030 540 2228 584 tantum
2266 532 2455 585 factum
2498 530 2658 584 fuisse
2701 530 2995 600 suspicetur
3018 528 3196 598 (Tomo
3220 531 3478 600 septimo).

1921 621 2044 675 ilice
2070 623 2263 691 quippe
2290 621 2507 676 Incresis
2539 637 2656 690 quae
2689 621 2795 690 jam
2824 619 3123 688 apostolicis
3153 621 3474 688 temporibus

1919 723 2030 768 orta
2052 713 2240 775 fuerat,
2263 727 2375 767 aevo
2396 712 2755 784 Chrysostomi
2775 712 2945 766 adhuc
2965 713 3190 782 vigebat,
3218 704 3274 765 ut
3296 712 3476 766 videre

1919 815 2002 860 est
2057 805 2268 860 homilia
2312 817 2495 875 quarta
2554 807 2604 858 in
2659 805 2826 873 Epist.
2869 805 2934 858 ad
2978 805 3226 860 Hebrmos
3271 805 3475 872 (Temo

1919 898 2237 966 duodecimo)
2263 916 2276 951 :
2308 897 2426 951 Pra:
2453 898 2643 968 pudore
2659 915 2712 951 se
2726 897 3029 950 abscondant
3059 898 3141 962 qui
3167 899 3338 950 dicunt
3365 913 3476 948 eum

1918 989 2174 1042 advenisse
2203 1005 2289 1057 per
2316 991 2528 1058 speciem
2551 1030 2564 1054 ,
2596 1005 2696 1041 non
2728 989 2838 1057 ipsa
2861 989 2932 1040 rei
2958 989 3177 1042 ueritate.
3208 988 3305 1054 Qui
3335 988 3476 1055 prior

1921 1077 2076 1147 hujus
2103 1079 2318 1133 haeresis
2346 1079 2661 1133 mentionem
2689 1079 2814 1134 facit
2837 1087 2917 1131 cst
2947 1077 3172 1146 lgnatius
3201 1078 3398 1147 Martyr
3425 1078 3474 1128 iu

1919 1167 2151 1236 Epistula
2178 1168 2244 1222 ad
2273 1169 2564 1222 Trallianos
2601 1178 2653 1223 et
2696 1169 2749 1222 in
2782 1168 3008 1236 Epistula
3052 1167 3117 1222 ad
3155 1167 3471 1238 Smyrnzeos.

1919 1257 2236 1313 Memoratur
2256 1260 2411 1313 ctiam
2443 1261 2508 1313 ab
2537 1259 2735 1314 lreua'o
2753 1301 2768 1326 ,
2797 1259 3065 1315 Clemente
3095 1259 3471 1321 Alexandrino,

1918 1353 2006 1420 qui
2048 1352 2322 1405 haereticos
2369 1351 2664 1421 bujusmodi
2693 1352 2902 1406 Docitas
2931 1360 3118 1416 vocat,
3145 1351 3212 1404 ab
3247 1349 3474 1419 Origene

1916 1443 2042 1498 item
2067 1453 2120 1498 et
2144 1444 2391 1498 Eusebio.

1987 1535 2089 1588 Alii
2136 1550 2263 1589 vero
2313 1535 2560 1588 dicebant
2607 1531 2873 1588 Christum
2921 1548 3015 1603 per
3059 1533 3274 1588 Mariam
3324 1547 3473 1602 quasi

1917 1637 2105 1692 aquam
2135 1639 2228 1692 per
2250 1625 2486 1677 carnalem
2514 1622 2781 1682 transiisse
2800 1633 3022 1690 tantum,
3063 1622 3114 1676 id
3156 1632 3256 1689 cst,
3283 1637 3476 1691 corpus

1917 1715 2030 1783 ejus
2057 1729 2158 1769 non
2187 1717 2236 1769 in
2261 1724 2410 1769 utero
2433 1715 2659 1785 Virginis
2677 1716 2926 1781 crevisse,
2951 1715 3023 1768 uti
3053 1715 3189 1770 solet
3217 1713 3351 1778 eri,
3381 1713 3472 1768 scd

1913 1807 2020 1875 jam
2048 1805 2322 1859 formatum
2353 1806 2621 1860 trausiisse
2647 1813 2866 1866 tantum,
2891 1805 3032 1858 velut
3052 1820 3238 1874 aquam
3263 1820 3354 1873 per
3382 1820 3472 1857 ca-

1920 1897 2089 1950 nalem
2131 1915 2142 1950 :
2185 1912 2339 1964 quem
2381 1911 2612 1950 errorem
2654 1896 2823 1964 rejicit
2855 1895 3260 1966 Clirysostomus
3292 1893 3474 1966 (Tomo

1917 1986 2124 2053 septimo
2149 1985 2188 2056 ).
2222 1985 2450 2039 [renatus
2492 2001 2618 2040 vero
2668 1985 2803 2039 hanc
2838 1984 3138 2039 liazreticam
3169 1984 3472 2053 Opinionem

1921 2075 2297 2130 Valentinianis
2339 2076 2591 2130 adscribit
2635 2073 2905 2141 (Iremcus
2950 2093 3004 2145 p.
3055 2076 3195 2143 33),
3226 2086 3382 2145 atque
3408 2091 3473 2128 ex

1922 2166 2122 2221 Irenaeo
2167 2165 2488 2235 Epiphanius
2539 2167 2587 2219 id
2633 2167 2800 2234 ipsum
2847 2167 3042 2235 profert
3081 2164 3384 2238 (Epiphan.
3417 2186 3469 2234 .

1921 2259 2024 2312 172
2047 2258 2091 2328 ).
2122 2257 2234 2312 lmo
2268 2267 2417 2312 erant
2445 2258 2656 2327 quidam
2689 2257 2919 2312 haeretici
2956 2258 3046 2326 qui
3084 2273 3150 2312 eo
3191 2258 3474 2325 impietatis

1917 2351 2288 2419 irrumperent,
2321 2363 2375 2401 ut
2397 2349 2573 2402 dicere
2592 2349 2704 2402 ausi
2733 2349 2857 2414 sint,
2887 2349 3299 2403 incarnationem
3323 2347 3474 2402 Clui-

1915 2441 1984 2494 Sti
2018 2457 2134 2494 csse
2157 2439 2384 2494 fabulam
2414 2439 2499 2510 (.
2521 2441 2596 2511 7).

1985 2533 2266 2589 Gnosticos
2309 2533 2472 2588 semel
2513 2540 2712 2586 tantum
2742 2541 3123 2588 commemorat
3159 2531 3473 2604 Cbrysosto-

1917 2641 2053 2691 mus,
2079 2642 2210 2694 quos
2238 2627 2336 2679 hoc
2359 2626 2569 2679 nomine
2597 2639 2712 2679 sese
2734 2625 3081 2694 appellavisse
3104 2625 3249 2688 dicit,
3271 2627 3389 2695 quia
3417 2641 3474 2679 se

1917 2719 2051 2771 scire
2084 2717 2333 2786 putabant
2372 2717 2488 2785 plus
2525 2731 2682 2786 quam
2718 2717 2895 2770 caeteri
2925 2717 3125 2770 scirent
3167 2715 3347 2785 (Tanto
3377 2734 3472 2769 tm-

1915 2806 2148 2880 decimo).
2173 2809 2274 2862 Sed
2296 2808 2362 2862 de
2385 2807 2779 2871 Valentiuiauis,
2803 2807 2890 2876 qui
2917 2815 2971 2860 et
2996 2808 3091 2875 ipsi
3122 2808 3173 2860 in
3199 2807 3476 2862 Gnostico-

1915 2914 2034 2953 rum
2059 2914 2280 2953 numero
2305 2899 2676 2962 censebantur,
2706 2899 2867 2951 multa
2906 2896 3106 2967 profert
3133 2899 3291 2951 variis
3320 2899 3369 2952 in
3399 2901 3474 2953 lo-

1915 2989 2016 3056 cis,
2066 3003 2184 3058 quar.
2220 2988 2528 3056 plerumque
2557 3003 2677 3041 cum
2719 2987 3171 3042 lfarciouistarum
3213 2997 3268 3041 et
3311 2987 3476 3041 Mani-

1915 3078 2181 3132 chzeorum
2221 3078 2407 3132 haeresi
2433 3078 2786 3133 consentiunt.
2818 3078 3033 3133 Dicebat
3067 3094 3226 3148 porro
3249 3078 3477 3132 Valenti-

1917 3184 2017 3222 nus
2047 3170 2316 3223 materiam
2347 3179 2469 3224 ante
2491 3171 2810 3224 creationem
2851 3169 3032 3224 mundi
3071 3170 3470 3238 praeexstitisse,

1915 3275 2070 3329 quem
2106 3269 2160 3313 et
2191 3259 2320 3313 alios
2359 3260 2551 3314 similia
2594 3259 2920 3329 proferentes
2951 3259 3286 3314 validissimis
3323 3274 3476 3326 argu-

1916 3350 2107 3405 mentis
2147 3350 2377 3404 confutat
2415 3351 2500 3405 ille
2525 3349 2704 3418 (Tomo
2728 3353 2951 3418 quarto).
2977 3351 3142 3403 Deum
3170 3365 3294 3402 vero
3313 3347 3472 3401 Crea-

1916 3451 2083 3495 torem
2123 3457 2241 3496 essc
2279 3444 2673 3512 negabatzerat
2720 3443 2861 3496 enim
2909 3457 2975 3494 cx
3022 3453 3241 3493 numero
3291 3453 3474 3491 eorum

1915 3534 2002 3602 qui
2045 3533 2305 3588 lEouibus
2365 3535 2540 3588 omnia
2597 3534 2956 3588 adscriberent
3003 3530 3296 3602 (Ibidem).
3345 3532 3475 3584 Cum

1917 3626 2266 3679 Marcionistis
2326 3637 2504 3679 autem
2550 3635 2605 3679 ct
2660 3625 2958 3680 Maniclneis
2998 3625 3244 3678 dicebant
3290 3622 3475 3678 Valen-

1916 3718 2098 3770 tiniani
2140 3717 2295 3770 demn
2339 3717 2532 3770 veteris
2556 3716 2879 3770 'l'estamenti
2923 3723 3191 3769 auctorem
3217 3729 3334 3770 esse
3363 3731 3475 3768 ma-

1917 3808 2023 3861 lum
2052 3825 2066 3861 :
2094 3821 2147 3861 et
2181 3808 2258 3861 sic
2293 3806 2425 3860 duos
2480 3807 2824 3861 admittebant
2871 3806 3030 3869 deos,
3079 3806 3233 3860 deum
3286 3822 3476 3871 nempe

1917 3899 2038 3952 novi
2109 3899 2382 3953 estamenti
2410 3940 2424 3963 ,
2464 3915 2619 3969 quem
2665 3899 2859 3952 bonum
2901 3899 3190 3967 putabant,
3225 3909 3280 3953 et
3317 3899 3474 3955 deum

1920 3991 2116 4044 veteris
2139 3990 2481 4057 Testamenti,
2510 4006 2664 4059 quem
2693 3991 2912 4053 malum,
2937 3991 3040 4044 imo
3064 3991 3335 4045 Manichzei
3363 3992 3476 4045 dia-

1918 4080 2098 4133 bolum
2124 4096 2239 4135 esse
2265 4081 2539 4145 dicebant,
2562 4090 2616 4135 et
2644 4081 2721 4136 sic
2745 4082 2912 4150 legem
2941 4097 2970 4134 a
2997 4082 3172 4152 Moyse
3198 4082 3471 4149 prolatam,

1920 4182 1975 4224 ut
2007 4187 2036 4224 a
2079 4174 2218 4226 malo
2243 4172 2344 4226 deo
2368 4174 2542 4226 datam
2573 4187 2638 4228 ex
2677 4172 3065 4240 Scripturaruut
3113 4174 3350 4240 catalogo
3385 4188 3476 4224 ex-

1918 4267 2218 4331 pungehant
2245 4265 2261 4332 (
2471 4264 2632 4332 printo
2658 4272 2702 4316 et
2728 4261 2886 4315 Tomo
2905 4261 3158 4333 septimo).

1990 4355 2402 4409 incarnationem
2441 4371 2567 4410 vero
2609 4355 2802 4410 Christi
2847 4371 2965 4408 cum
3009 4355 3288 4418 Marcioue,
3313 4354 3476 4407 Mani-

1921 4447 2070 4500 cbaso
2097 4456 2150 4501 et
2192 4447 2306 4501 aliis
2344 4448 2567 4516 negabat
2607 4448 2912 4503 Valentinus
2947 4446 3124 4517 (Tanto
3153 4448 3316 4518 tertio)
3343 4487 3358 4512 ,
3389 4465 3474 4515 per

1919 4554 1974 4590 os
2025 4539 2212 4591 diaboli
2262 4539 2466 4603 dicens,
2499 4555 2612 4591 eum
2666 4555 2824 4607 neque
2869 4540 3181 4592 incarnatum
3243 4554 3364 4601 esse,
3392 4555 3476 4590 ne-

1918 4645 2014 4698 que
2039 4646 2238 4682 carnem
2267 4629 2490 4682 induisse
2511 4671 2526 4693 ,
2557 4631 2645 4684 sed
2670 4631 2881 4698 speciem
2917 4631 2971 4683 id
2995 4630 3264 4699 quamdam
3285 4630 3436 4696 fuisse
3457 4671 3470 4690 ,

1920 4721 2236 4790 phantasma,
2265 4722 2631 4774 simulationem
2661 4737 2678 4775 :
2705 4721 2896 4774 tametsi
2922 4723 3176 4791 passiones
3203 4734 3246 4775 et
3270 4737 3404 4773 mors
3429 4732 3475 4772 et

1918 4814 2200 4880 sepulcrum
2228 4823 2272 4866 et
2297 4814 2453 4882 [ames
2477 4815 2810 4866 reclamabant
2836 4831 2853 4866 :
2879 4817 2920 4867 si
2958 4815 3084 4868 nihil
3110 4817 3286 4867 horum
3315 4814 3474 4864 conti-

1917 4906 2085 4975 gisset,
2125 4922 2287 4958 nonne
2329 4908 2484 4958 multo
2532 4908 2747 4974 amplius
2795 4907 3020 4960 diabolus
3068 4910 3172 4959 lucc
3211 4907 3475 4973 impietatis

1920 4999 2133 5066 pessima
2157 4998 2388 5068 dogmata
2416 4999 2820 5052 disseminasset?
2863 4998 3012 5063 Quod
3042 4999 3209 5066 ipsum
3236 4997 3357 5048 alibi
3387 5014 3467 5049 rc-

1920 5089 2048 5156 pclit
2074 5086 2480 5159 Clirysostomus
2509 5088 2701 5158 (Tanto
2733 5091 2936 5158 primo).

1991 5179 2066 5232 De
2107 5180 2369 5236 Marcione
2392 5193 2445 5236 et
2479 5183 2762 5236 Manichmo
2805 5184 3077 5234 innumera
3117 5194 3251 5247 pene
3280 5178 3478 5233 baben-

1921 5279 2004 5322 tur
2047 5270 2097 5322 in
2137 5271 2497 5342 Chrysostomi
2527 5275 2814 5343 operibus;
2850 5275 3074 5338 itemque
3100 5269 3165 5322 de
3199 5271 3476 5323 Marcioni-

1918 5371 2015 5422 sxis
2042 5377 2093 5420 et
2133 5367 2449 5421 Manichazis.
2475 5367 2534 5418 lli
2563 5380 2687 5418 vero
2715 5364 2942 5416 hzeretici
2976 5364 3025 5413 in
3048 5363 3225 5414 multis
3251 5377 3476 5414 consen-

1918 5459 2148 5518 ticbaut;
2193 5458 2282 5509 sed
2314 5458 2430 5522 quia
2461 5456 2665 5522 utrique
2709 5454 2868 5504 multa
2902 5452 3166 5504 habebant
3191 5451 3286 5505 sibi
3318 5466 3475 5518 pecu-

1919 5548 2064 5601 liaria
2093 5589 2107 5612 ,
2140 5548 2204 5600 de
2242 5547 2495 5599 ambobus
2534 5543 2814 5612 separatim
2850 5542 3132 5612 agendum.
3187 5541 3433 5595 Marcioui
3461 5584 3474 5602 ,

1919 5639 2105 5692 Mancti
2137 5646 2189 5692 et
2215 5635 2493 5690 Valentino
2519 5633 2728 5689 errandi
2757 5649 2968 5687 causam
2991 5633 3152 5686 fuisse
3175 5633 3317 5696 dicit,
3340 5636 3473 5702 quod

1921 5746 2161 5800 quamam
2189 5729 2255 5782 sit
2286 5729 2540 5782 malorum
2567 5740 2719 5780 causa
2757 5724 3060 5797 quzesierint
3086 5766 3098 5784 ,
3127 5733 3179 5775 et
3217 5738 3310 5792 per
3346 5723 3476 5775 banc

3089 5813 3126 5873 li,
