3938 6136
464 281 532 334 6::
1787 289 2104 349 SYNOPSIS
2137 291 2367 351 eorum
3612 289 3681 350 66

468 404 809 470 quaestionem
860 405 1158 458 innumeras
1210 403 1438 458 haereses
1495 404 1795 458 suscitarint
1832 403 2026 475 (Tomo

471 495 674 566 primo).
709 495 921 549 Dicebat
951 495 1072 548 item
1114 495 1340 549 Marcion
1368 495 1638 549 materiam
1664 503 1785 549 ante
1805 499 2028 550 creatio-

469 603 588 640 nem
643 587 820 641 mundi
867 587 1239 655 prreexstitisse
1293 586 1490 656 (Tomo
1537 592 1772 656 quarto).
1803 585 2023 641 Marcio-

470 680 618 732 nista:
643 693 768 734 vero
799 679 1046 747 putabant
1081 679 1383 735 Creatorem
1419 680 1614 750 justum
1643 681 1851 749 quidem
1877 695 2025 748 esse,

470 769 563 823 sed
593 785 696 822 non
727 769 918 823 bonum
952 769 970 841 (
998 769 1153 824 Tomo
1178 769 1415 842 decimo).

539 858 697 914 Iidem
735 874 864 914 vero
903 860 1070 928 legem
1117 861 1308 932 Moysis
1350 876 1412 915 ex
1450 861 1689 931 catalogo
1731 861 2025 916 divinarum

472 949 863 1019 Scripturarum
900 952 1271 1021 expungebant
1317 951 1515 1021 (Tomo
1561 951 1765 1023 primo).
1816 953 2032 1007 Dicebat

469 1042 608 1095 enim
672 1041 923 1108 Marcion,
953 1058 1055 1097 non
1113 1057 1231 1097 esse
1283 1043 1524 1096 eumdem
1573 1044 1766 1096 veteris
1815 1051 1872 1098 et
1909 1044 2029 1098 novi

471 1132 796 1186 Tcstamenti
839 1131 1224 1204 Deum(Tomo
1266 1132 1451 1203 tertio).
1478 1132 1606 1187 Nam
1660 1134 1782 1187 licet
1824 1133 1876 1186 id
1927 1148 2030 1188 non

471 1237 723 1292 expresse
760 1222 974 1286 feratur,
1019 1223 1300 1278 verisimile
1327 1238 1539 1291 prorsus
1577 1231 1659 1278 est
1695 1224 1838 1277 illum
1861 1265 1876 1288 ,
1907 1239 2031 1292 per-

473 1312 600 1366 inde
641 1323 797 1380 atque
825 1313 1081 1366 Manetem
1101 1355 1116 1378 ,
1145 1313 1300 1367 deum
1337 1313 1530 1367 malum
1558 1322 1613 1369 et
1639 1314 1793 1368 deum
1841 1315 2031 1368 bonum

475 1403 751 1458 admisisse
774 1443 788 1466 ,
823 1418 886 1458 ac
917 1404 1071 1458 deum
1111 1405 1302 1457 malum
1335 1420 1430 1474 pro
1455 1416 1694 1460 creatore
1740 1406 1916 1459 mundi
1945 1405 2036 1460 ha-

476 1494 674 1555 buisse,
709 1504 864 1562 atque
894 1495 971 1548 sic
997 1495 1358 1564 intelligendus
1384 1505 1494 1549 erat
1517 1511 1634 1549 cum
1660 1495 1857 1550 diceret
1871 1496 2034 1550 Deum

477 1600 582 1640 non
612 1601 729 1640 esse
754 1596 1042 1641 creatorem
1070 1588 1246 1641 mundi
1275 1585 1471 1659 (Tomo
1499 1597 1672 1656 quarto
1698 1593 1736 1656 ).

549 1675 774 1729 Marcion
829 1676 1075 1730 Ponticus
1125 1676 1331 1731 dicebat
1374 1677 1637 1732 Christum
1691 1678 1898 1732 nonnisi
1946 1692 2038 1746 per

477 1767 705 1834 speciem
743 1766 1019 1822 advenisse
1045 1766 1224 1836 (Tomo
1250 1769 1438 1838 tertio),
1466 1784 1566 1838 qua
1613 1769 1661 1821 in
1709 1784 1768 1822 re
1807 1783 2036 1822 consen-

477 1859 638 1913 tiebat
666 1873 767 1913 non
798 1860 952 1914 modo
976 1875 1094 1915 cum
1122 1859 1425 1914 Manichaeis
1451 1871 1504 1915 et
1529 1860 1924 1923 Valentinianis,
1944 1859 2039 1915 sed

476 1953 631 2006 etiam
659 1967 776 2005 cum
811 1953 1182 2007 vetustioribus
1213 1954 1468 2007 Inereticis
1493 1954 1579 2023 qui
1606 1953 1854 2021 putabant
1883 1951 2039 2007 Chri-

477 2053 615 2096 stum
646 2043 821 2112 specie
863 2051 1063 2097 tantum
1103 2053 1156 2098 et
1200 2058 1294 2112 per
1332 2043 1658 2112 phantasiam
1688 2044 1911 2098 venisse.
1951 2042 2037 2096 ln-

476 2136 832 2189 carnationem
862 2151 991 2190 vero
1009 2135 1204 2190 Christi
1228 2136 1449 2204 negabat
1476 2177 1491 2201 ,
1523 2151 1622 2204 qua
1653 2136 1702 2188 iu
1740 2151 1798 2190 re
1820 2151 1851 2189 a
1873 2134 2041 2206 Chry-

479 2235 716 2281 sostomo
736 2226 1056 2281 validissime
1085 2225 1385 2280 confutatur
1417 2228 1436 2293 (
1467 2225 1620 2280 Tomo
1645 2236 1782 2281 sexto
1807 2235 1853 2280 et
1881 2225 2041 2280 Tomo

479 2318 729 2387 septimo).

551 2405 782 2476 Negabat
807 2420 1014 2475 quoque
1037 2404 1302 2461 Christum
1331 2422 1457 2462 vere
1485 2423 1694 2476 passum
1720 2423 1837 2463 esse
1863 2407 2041 2479 (Tomo

479 2496 751 2566 septimo).
780 2495 1110 2565 Quapropter
1155 2497 1280 2552 dicit
1325 2508 1535 2552 sanctus
1589 2497 1776 2552 doctor
1811 2513 1903 2552 eos
1952 2500 2041 2568 qui

480 2587 755 2641 Marcionis
794 2588 980 2642 morbo
1005 2588 1242 2643 laborant
1259 2589 1392 2643 filios
1419 2588 1612 2643 diaboli
1636 2588 2037 2658 essc_(Ibidem).

491 2677 704 2732 Dicebat
746 2678 904 2731 etiam
933 2678 1142 2734 Patrem
1193 2679 1420 2748 ignotum
1464 2695 1581 2734 esse
1611 2681 1744 2734 Filio
1769 2681 1881 2735 Dei.
1908 2681 2042 2735 Mar-

478 2771 713 2826 cionistm
736 2771 1064 2826 alﬁrmabant
1092 2771 1356 2826 Christum
1397 2789 1501 2828 non
1541 2788 1658 2827 esse
1694 2773 1994 2828 Creatorem
2024 2790 2038 2826 :

481 2877 614 2930 quos
661 2863 867 2931 egregie
905 2863 1093 2918 refellit
1115 2862 1524 2935 Chrysostomus
1555 2862 1841 2934 (Ibidem).
1869 2863 2040 2934 Nega-

479 2950 604 3003 bant
645 2951 802 3005 etiam
844 2951 982 3021 quod
1028 2967 1090 3006 ex
1147 2952 1308 3007 Maria
1336 2952 1549 3022 Virgine
1589 2962 1740 3007 natus
1787 2963 1946 3020 esset,
1979 2969 2041 3009 ae

479 3041 616 3109 quod
647 3057 771 3096 vere
798 3044 1216 3098 resurrexisseta
1237 3045 1457 3099 mortuis
1483 3045 1664 3114 (Tomo
1692 3048 1905 3116 octavo).

548 3131 855 3187 Gcbennam
902 3134 1098 3187 nullam
1144 3145 1264 3204 post
1309 3145 1532 3189 mortem
1571 3135 1684 3190 fore
1734 3136 2042 3190 dictitabant

477 3223 843 3288 Marcioniste,
874 3241 1095 3295 quorum
1127 3225 1502 3294 impudentiam
1535 3227 1831 3296 comprimit
1857 3227 2042 3282 doctor

478 3324 658 3370 noster
681 3316 699 3385 (
723 3314 876 3369 Tomo
905 3317 1250 3388 nono).'Paul~i
1287 3318 1441 3371 dictis
1487 3318 1730 3373 utebatur
1769 3319 1998 3374 Marcion
2021 3361 2036 3383 ,

477 3406 568 3460 sed
625 3407 904 3461 truncatim
941 3417 995 3462 et
1046 3409 1260 3463 concise
1302 3407 1481 3478 (Tomo
1545 3409 1774 3479 decimo).
1823 3412 2042 3467 Marcio-

479 3498 629 3551 uista‘.
667 3513 792 3552 vero
827 3513 986 3552 unum
1027 3507 1232 3552 tantum
1273 3500 1645 3569 evangelistam
1697 3501 2035 3570 recipiebant,

476 3601 631 3652 quem
657 3587 825 3655 ipsum
851 3595 1023 3642 tamen
1045 3588 1301 3642 arbitratu
1323 3603 1420 3642 suo
1442 3589 1877 3645 mutilaverantet
1895 3606 2038 3645 com-

483 3678 820 3730 miscuerant.

547 3765 892 3823 Marcionistze
918 3768 1184 3825 Salamine
1210 3780 1361 3825 erant
1392 3771 1441 3824 in
1471 3771 1666 3843 Cypro,
1698 3781 1751 3826 ct
1782 3781 1944 3827 totam
1975 3775 2040 3828 il-

478 3858 579 3912 lam
607 3860 868 3914 civitatem
900 3863 1299 3931 Opprimebant,
1338 3864 1503 3933 inquit
1531 3881 1545 3917 :
1573 3865 1655 3918 cui
1693 3865 1830 3918 malo
1869 3882 2039 3922 reme-

476 3946 620 4002 dium
649 3949 839 4005 aﬂ'erre
866 3952 1083 4020 parabat
1111 3953 1520 4024 Cbrysostomus
1545 3994 1559 4016 ,
1591 3963 1644 4008 et
1680 3969 1794 4008 rem
1822 3971 2036 4010 omnem

479 4037 699 4094 feliciter
737 4042 1072 4097 conlecturus
1099 4053 1212 4098 erat
1233 4085 1248 4109 ,
1278 4045 1377 4099 nisi
1408 4045 1607 4114 ejectus
1634 4055 1689 4099 et
1719 4046 1769 4100 in
1796 4048 2036 4102 exsilium

476 4129 666 4184 missus
696 4129 879 4184 fuisset
909 4132 1091 4202 (Tomo
1121 4134 1307 4204 tertio).

543 4219 988 4276 Marcionistarum
1043 4239 1166 4278 vero
1227 4241 1376 4278 usum
1427 4225 1705 4295 quemdam
1763 4227 2035 4285 ridiculum

473 4311 544 4364 ita
589 4311 840 4366 describit
882 4323 1096 4368 sanctus
1136 4315 1320 4370 doctor
1363 4316 1560 4386 (Tomo
1590 4317 1780 4372 decimo
1806 4318 1846 4390 ).
1887 4319 2035 4374 Post-

472 4420 621 4470 quam
640 4445 654 4466 ,
702 4405 906 4472 inquit,
957 4407 1332 4461 catechumenus
1363 4410 1610 4478 quispiam
1646 4411 1782 4480 apud
1808 4411 1921 4466 illos
1951 4415 2036 4467 de-

474 4494 674 4561 functus
711 4505 819 4559 est,
850 4496 941 4548 sub
981 4497 1106 4549 lecto
1141 4499 1322 4551 mortui
1349 4501 1586 4554 absconso
1615 4501 1783 4571 aliquo
1819 4504 2031 4571 vivente,

476 4585 714 4636 accedunt
738 4585 804 4636 ad
824 4596 1100 4650 mortuum,
1125 4596 1171 4640 et
1195 4588 1514 4656 alloquuntur
1537 4592 1734 4659 ipsum,
1762 4605 2035 4664 rogantque

472 4669 659 4727 velitne
687 4675 910 4739 accipere
947 4676 1263 4744 baptismum.
1305 4676 1501 4732 Deinde
1541 4682 1628 4734 illo
1665 4684 1789 4737 nihil
1826 4704 2034 4756 respon-

471 4766 634 4826 dente,
667 4763 752 4834 qui
778 4763 1046 4817 absconsus
1076 4776 1146 4819 est
1173 4783 1262 4834 pro
1287 4768 1376 4820 illo
1391 4768 1510 4820 dicit
1535 4787 1587 4823 se
1610 4772 1731 4824 velle
1750 4772 2030 4844 baptizari:

471 4866 513 4908 et
544 4856 614 4909 sic
643 4873 758 4908 eum
781 4855 1035 4926 baptizant
1071 4873 1161 4924 pro
1191 4875 1248 4912 eo
1271 4860 1355 4927 qui
1383 4862 1628 4926 excessit;
1654 4881 1711 4916 ac
1736 4867 1778 4918 si
1802 4867 1854 4918 in
1879 4883 2028 4921 scena

471 4947 700 5000 luderent
739 4957 977 5000 :tantum
1020 4947 1175 5001 valuit
1224 4949 1451 5004 diabolus
1492 4953 1544 5004 in
1589 4955 1877 5024 ignavorum
1913 4960 2026 5011 ani-

469 5039 580 5091 mis.
617 5036 808 5091 Deinde
843 5054 955 5090 cum
991 5047 1322 5103 accusantur,
1361 5042 1628 5096 obtendunt
1669 5045 1763 5098 hoc
1795 5047 2025 5112 verbum,

467 5126 754 5192 Apostolus,
783 5126 1032 5196 inquiunt,
1064 5127 1209 5193 dixit,
1243 5127 1344 5195 Qui
1367 5129 1659 5200 baptizatur
1684 5150 1781 5204 pro
1806 5139 2028 5192 mortuis

469 5218 557 5282 (l.
583 5214 819 5272 Cor.15.
849 5216 974 5286 29).

540 5303 682 5357 Alias
705 5321 914 5376 quoque
941 5305 1218 5364 Marcionis
1247 5319 1300 5363 et
1323 5309 1770 5370 Marcionistarum
1808 5326 2024 5372 senten-

471 5392 569 5446 tias
609 5401 662 5445 et
694 5393 830 5446 dicta
876 5396 1028 5449 affert
1066 5397 1494 5470 Chrysostomus.
1533 5403 1644 5458 Non
1677 5415 1900 5474 poterat,
1944 5409 2028 5462 in-

470 5478 681 5544 quiebat
701 5481 948 5548 Marcion,
971 5486 1125 5548 Deus,
1143 5503 1407 5560 assumpta
1425 5511 1603 5561 carne,
1631 5504 1845 5552 ma'nere
1869 5514 2026 5553 mun-

467 5565 588 5621 dus.
612 5570 684 5622 Ex
723 5568 789 5624 iis
827 5587 978 5639 vero,
1011 5591 1127 5645 quat
1165 5577 1232 5632 de
1267 5580 1612 5640 Marcionistis
1641 5589 1836 5656 passim
1874 5588 2018 5652 dicit,

472 5657 720 5724 liquidum
755 5674 833 5719 est
877 5665 1322 5723 Marcionistarum
1360 5673 1599 5728 hreresim
1640 5692 1736 5730 suo
1779 5687 2014 5745 tempore

2132 405 2360 476 viguisse
2389 424 2401 458 :
2433 407 2539 460 imo
2575 407 2977 477 disputationem
3010 422 3164 478 quam
3208 421 3328 462 cum
3357 407 3693 465 Marcionista

2132 496 2358 564 quodam
2409 496 2588 550 habuit
2631 496 2792 551 refert
2835 497 3056 552 llomilia
3097 498 3253 551 tertia
3299 499 3354 551 in
3403 497 3566 566 Epist.
3620 499 3688 552 ad

2136 587 2590 659 Philemonem('l‘.
2620 588 2922 657 undecimo).
2951 587 3082 641 Cum
3106 589 3244 641 enim
3266 589 3491 656 probare
3514 588 3696 652 vellet,

2135 681 2296 734 Deum
2324 681 2478 734 etiam
2497 695 2616 734 cum
2641 694 2822 748 poenas
2846 680 3061 748 expetit,
3083 679 3277 734 bonum
3305 689 3357 733 et
3375 679 3694 733 clementem

2132 784 2272 832 esse,
2302 780 2354 822 et
2383 770 2521 823 hunc
2546 770 2716 822 locum
2744 768 2953 823 aﬂ'erret
2982 786 2996 823 :
3027 768 3199 824 Solem
3232 769 3355 822 oriri
3383 780 3524 822 curat
3544 786 3702 838 super

2134 860 2292 913 malos
2320 871 2365 913 et
2391 860 2567 923 bonos,
2593 861 2719 930 pluit
2746 876 2895 930 super
2911 861 3079 930 justas
3111 869 3156 912 et
3183 859 3397 929 injustas
3427 875 3446 912 :
3470 859 3694 913 Marciu-

2137 953 2271 1006 nista
2297 953 2385 1020 qui
2413 951 2596 1005 aderat
2637 950 2906 1019 respondit
2937 969 2950 1004 :
2980 949 3035 1004 Si
3074 961 3407 1020 peccatorum
3435 950 3701 1004 rationem

2136 1057 2239 1096 non
2279 1050 2568 1110 expeteret,
2611 1041 2660 1094 id
2701 1041 2949 1095 bonitatis
2984 1041 3126 1107 fore;
3159 1041 3203 1093 si
3243 1049 3484 1109 expetat,
3511 1040 3564 1094 id
3585 1040 3705 1109 jam

2137 1132 2386 1186 bonitatis
2418 1147 2522 1185 non
2560 1145 2695 1186 esse.
2735 1129 2928 1184 Contra
2967 1145 3094 1184 vero
3133 1129 3542 1200 Chrysostomus
3574 1145 3704 1199 pro-

2135 1223 2297 1288 bavit,
2353 1223 2537 1286 Deum,
2583 1222 2626 1275 si
2681 1223 2934 1276 rationem
2992 1235 3096 1275 non
3143 1231 3375 1288 expetat,
3425 1236 3530 1274 non
3578 1235 3706 1274 esse

2138 1315 2354 1378 bonum,
2392 1322 2445 1368 et
2471 1314 2589 1383 quia
2619 1314 2836 1382 expetit,
2867 1313 2984 1366 ideo
3015 1313 3207 1365 bonum
3235 1327 3374 1366 esse.
3412 1311 3544 1377 Quia
3573 1326 3707 1364 vero

2136 1414 2442 1474 argumenta
2473 1404 2586 1472 ejus
2615 1405 2788 1458 omnia
2819 1404 3015 1458 referre
3043 1404 3292 1472 longioris
3319 1411 3462 1457 esset
3486 1417 3664 1472 opera:
3685 1442 3703 1467 ,

2138 1498 2204 1550 ad
2231 1498 2402 1551 locum
2434 1501 2602 1565 ipsum
2627 1496 2880 1550 mittimus
2909 1494 3088 1563 (Tomo
3117 1494 3338 1566 quarto).

2208 1587 2385 1642 Manes
2414 1595 2468 1641 et
2501 1586 2804 1652 Manichaai,
2833 1601 2966 1654 quos
2994 1587 3184 1654 passim
3216 1585 3505 1640 insectatur
3533 1585 3706 1657 Chry-

2139 1689 2402 1732 sostomus
2441 1678 2704 1740 dicebant,
2745 1687 2802 1730 ut
2829 1677 3057 1730 Marcion
3084 1685 3138 1731 et
3170 1677 3493 1742 Valentinus,
3529 1687 3705 1731 mate-

2146 1771 2275 1822 riam
2309 1778 2430 1824 ante
2457 1770 2635 1823 mundi
2664 1769 2982 1823 creationem
3009 1768 3273 1823 exstitisse
3300 1768 3480 1839 (Tomo
3510 1767 3702 1838 tertio).

2140 1860 2253 1915 Non
2294 1869 2498 1929 poterat
2531 1861 2667 1914 enim
2703 1861 2858 1924 Deus,
2882 1859 3201 1928 inquiebant,
3225 1859 3475 1912 mundum
3510 1873 3703 1913 creare

2142 1951 2338 2020 absque
2355 1952 2593 2006 materia.
2612 1950 2813 2004 Bonum
2835 1957 2888 2006 et
2911 1951 3104 2004 malum
3139 1952 3293 2004 deum
3315 1949 3661 2004 admittebant
3689 1968 3702 2002 :

2143 2043 2339 2096 malum
2368 2041 2523 2096 deum
2554 2042 2749 2097 veteris
2783 2041 3098 2096 Testamenti
3143 2051 3411 2095 auctorem
3462 2056 3582 2096 esse
3619 2039 3706 2094 af-

2143 2133 2448 2198 firmabant,
2493 2133 2688 2187 bonum
2748 2141 2924 2187 autem
2969 2133 3089 2186 novi
3133 2133 3454 2187 Testamenti
3497 2131 3706 2203 (Tomo

2141 2224 2370 2292 septimo)
2407 2225 2512 2278 imo
2551 2234 2782 2279 veterem
2825 2225 2991 2294 legem
3033 2240 3098 2278 ex
3134 2225 3342 2278 diabolo
3389 2239 3509 2280 esse
3557 2224 3704 2279 dices

2143 2316 2288 2370 bant.
2325 2316 2502 2384 (Tomo
2533 2313 2715 2388 primo)
2747 2315 3075 2370 Patriarchas
3113 2326 3286 2370 autem
3328 2327 3381 2370 et
3415 2316 3705 2386 prophetas

2143 2405 2262 2460 ideo
2287 2406 2626 2474 spernebant,
2657 2404 2796 2475 quod
2832 2407 2884 2460 in
2910 2406 3072 2460 veteri
3102 2406 3217 2475 lege
3249 2405 3488 2460 fuissent.
3520 2406 3707 2476 (Tomo

2140 2495 2340 2566 quarto)
2366 2495 2530 2549 Deum
2555 2511 2680 2550 vero
2707 2505 2997 2550 creatorem
3016 2511 3133 2550 esse
3150 2496 3404 2564 negabant
3433 2495 3705 2564 (Ibidem);

2143 2587 2248 2639 imo
2275 2593 2512 2639 naturam
2530 2587 2675 2655 quasi
2699 2602 2800 2640 non
2824 2586 3010 2641 factam
3029 2587 3335 2640 honorabant
3355 2590 3370 2655 (
3393 2586 3452 2640 Τ.
3476 2586 3702 2657 octavo).

2141 2674 2319 2744 Neque
2333 2685 2507 2729 tamen
2522 2676 2618 2729 sibi
2637 2677 3012 2743 constabant,si
3028 2677 3095 2731 de
3110 2677 3209 2732 illis
3224 2678 3616 2747 intelligendum
3634 2680 3708 2734 sit

2144 2769 2192 2823 id
2210 2769 2347 2839 quod
2369 2769 2494 2823 dicit
2509 2769 2934 2840 Chrysostomus,
2953 2779 3008 2824 ut
3036 2770 3250 2824 omnino
3280 2771 3562 2824 verisimile
3579 2780 3663 2824 est
3685 2788 3701 2822 :

2146 2859 2380 2926 Quidam,
2403 2861 2569 2928 inquit
2585 2860 2790 2927 (Ibid.),
2813 2860 2969 2912 alium
3000 2876 3104 2914 esse
3128 2860 3302 2912 mundi
3329 2869 3604 2913 creatorem
3623 2861 3708 2912 di-

2141 2959 2277 3014 cunt,
2302 2967 2548 3018 operaque
2575 2951 2786 3003 visibilia
2820 2967 2916 3004 non
2943 2951 3051 3020 ejus
3079 2967 3201 3014 esse,
3231 2951 3317 3005 sed
3351 2951 3553 3005 alterius
3583 2951 3707 3017 Dei,

2141 3041 2240 3107 ipsi
2261 3041 2516 3093 contrarii.
2553 3040 2674 3093 Ideo
2703 3049 2874 3094 autem
2914 3042 3245 3109 reprobatam
3276 3042 3436 3096 fuisse
3460 3052 3706 3098 veterem

2141 3131 2309 3200 legem
2339 3131 2598 3194 dicebant,
2628 3132 2748 3200 quia
2775 3147 2801 3183 a
2830 3132 2966 3185 malo
3004 3131 3104 3186 deo
3134 3130 3289 3195 facta,
3320 3132 3456 3206 mala
3493 3140 3546 3186 et
3585 3133 3705 3203 ipsa

2141 3232 2272 3284 erat,
2301 3233 2456 3292 atque
2487 3223 2837 3291 hocApostoli
2870 3222 3010 3277 dicto
3039 3224 3319 3278 utebantur
3350 3241 3364 3276 :
3395 3223 3705 3292 Reprobatio

2139 3313 2336 3381 quidem
2361 3315 2417 3382 [it
2443 3313 2765 3382 prtecedentis
2790 3315 3013 3368 mandati
3037 3325 3238 3384 propter
3271 3316 3618 3381 inﬁrmitatem
3652 3325 3706 3370 et

2140 3403 2454 3456 inutilitatem
2479 3401 2657 3471 (Hebr.
2675 3405 2727 3457 7.
2756 3403 2864 3473 18).
2889 3403 3027 3458 Ecce
3050 3404 3257 3464 Paulus,
3280 3405 3579 3474 iuquiebant
3599 3406 3706 3471 illi,

2140 3494 2331 3546 malum
2355 3493 2480 3547 dicit
2500 3494 2798 3547 mandatum
2815 3493 2994 3561 (Tomo
3011 3494 3348 3564 duodecimo).
3375 3495 3478 3551 Sed
3491 3498 3704 3551 attende

2141 3583 2420 3654 diligenter,
2451 3585 2660 3652 reponit
2687 3584 3096 3655 Chrysostomus
3135 3603 3147 3640 :
3177 3603 3277 3639 non
3303 3587 3422 3639 dicit
3465 3588 3600 3655 quod
3634 3590 3708 3642 sit

2139 3678 2369 3730 vitiosum
2411 3686 2457 3730 et
2495 3694 2722 3746 pravum,
2764 3677 2851 3731 sed
2890 3687 3090 3747 prapter
3130 3679 3473 3748 inﬁrmitatem
3510 3681 3620 3748 ejus
3653 3690 3708 3734 et

2139 3769 2474 3822 inutilitatem.

2207 3860 2455 3915 Naturam
2495 3869 2726 3916 nostram
2762 3875 2880 3916 esse
2920 3861 3110 3915 malam
3151 3860 3485 3915 affirmabant
3514 3861 3703 3930 (Tomo

2137 3952 2372 4023 secundo)
2409 3970 2422 4005 :
2453 3961 2731 4020 tamenque
2778 3952 2899 4021 quia
2940 3968 3042 4005 non
3094 3962 3266 4020 potest
3313 3953 3552 4021 impietas
3607 3969 3701 4008 se-

2138 4057 2256 4096 cum
2307 4057 2516 4110 semper
2559 4043 2855 4096 consentirc
2876 4084 2890 4106 ,
2923 4043 2974 4095 in
3003 4059 3150 4095 canes
3198 4053 3243 4095 et
3272 4044 3442 4098 simias
3467 4047 3704 4113 ferasque

2138 4133 2300 4186 omnis
2340 4135 2533 4203 generis
2569 4134 2787 4186 divinam
2832 4135 3091 4187 essentiam
3130 4134 3447 4199 inducebant,
3480 4135 3704 4190 dicentes

2139 4227 2357 4291 ferarum
2385 4223 2607 4275 omnium
2631 4224 2825 4276 animus
2851 4239 2911 4276 ea:
2935 4224 3104 4276 divina
3131 4225 3342 4276 essentia
3367 4240 3508 4289 esse;
3539 4225 3611 4278 ita
3641 4235 3704 4279 ut

2138 4317 2290 4385 longe
2311 4318 2592 4371 nobiliores
2619 4320 2806 4372 anima:
2828 4319 3054 4374 ferarum
3085 4330 3262 4374 essent
3289 4321 3564 4375 animabus
3595 4320 3700 4376 ho-

2138 4409 2355 4460 minum.
2383 4409 2684 4464 Creaturam
2733 4427 2858 4464 vero
2903 4411 3171 4465 Mauichan'
3200 4413 3378 4482 (Tomo
3427 4414 3620 4483 tertio).
3649 4424 3702 4468 et

2135 4501 2222 4554 alii
2251 4501 2467 4555 hteretici
2502 4503 2722 4570 quidam,
2755 4505 2835 4558 dei
2863 4522 2961 4558 non
2989 4506 3102 4558 boni
3139 4523 3264 4574 opus
3293 4524 3398 4562 esse
3426 4508 3703 4563 dixerunt:

2133 4593 2337 4662 quidam
2361 4609 2512 4645 unam
2529 4595 2639 4662 ejus
2666 4604 2856 4663 partem
2875 4597 3098 4649 avulsam
3122 4613 3153 4648 a
3177 4598 3385 4663 caeteris,
3409 4606 3705 4666 spontanee

2134 4683 2353 4736 materia:
2377 4685 2722 4747 attribuerunt,
2747 4703 2949 4755 eamque
2971 4688 3229 4757 indignam
3249 4705 3353 4741 esse
3381 4688 3472 4741 Dei
3493 4689 3701 4756 api/icio

2121 4774 2443 4842 judicarunt.
2472 4776 2617 4828 Licet
2655 4785 2828 4830 autem
2875 4777 3188 4831 Maniehmos
3232 4794 3337 4833 non
3369 4780 3605 4832 nominet
3643 4779 3700 4832 in

2134 4863 2267 4916 libro
2296 4863 2362 4917 de
2392 4865 2788 4932 Prophetiarum
2815 4869 3154 4932 obscuritate,
3188 4869 3306 4922 illos
3334 4879 3504 4923 tamen
3535 4869 3702 4938 respi-

2131 4955 2201 5006 cit
2229 4970 2344 5008 cum
2379 4956 2644 5025 impugnat
2687 4974 2779 5012 eos
2818 4959 2904 5028 qui
2936 4959 3178 5014 dicebant
3212 4977 3406 5030 corpus
3431 4977 3548 5014 esse
3574 4977 3698 5014 ma-

2130 5044 2272 5110 lum;
2315 5046 2628 5116 illorutnquc
2669 5063 2903 5102 errorem
2939 5049 3174 5118 depellit,
3218 5066 3322 5120 quo
3361 5050 3699 5105 aflirmabant

2131 5135 2318 5188 malam
2345 5150 2461 5189 esse
2485 5147 2722 5191 naturam
2749 5137 2926 5208 (Tomo
2955 5138 3206 5211 septimo).

2198 5226 2514 5280 Mauichmus
2535 5229 2690 5282 Persa
2714 5231 3122 5285 incarnationem
3153 5231 3305 5285 Verbi
3333 5233 3419 5286 Dei
3444 5235 3698 5303 negabat,

2131 5326 2186 5370 ut
2232 5326 2286 5372 et
2329 5318 2557 5372 Marcion
2605 5329 2657 5373 et
2703 5319 3028 5385 Valentinus,
3073 5322 3382 5391 dicebatque
3421 5322 3696 5378 Christum

2129 5410 2338 5464 nonnisi
2395 5425 2488 5479 per
2533 5412 2762 5480 speciem
2806 5411 3112 5478 advenisse,
3160 5415 3338 5481 siCque
3387 5414 3694 5470 Docttarum

2129 5498 2350 5554 baeresin
2371 5502 2655 5556 renovabat
2687 5500 2864 5566 (Tomo
2893 5505 3080 5569 tertio).
3105 5502 3351 5569 Idemque
3369 5503 3696 5559 Manicbzeus

2127 5591 2342 5657 perinde
2377 5601 2533 5660 atque
2572 5592 2818 5656 Marcion,
2864 5593 3127 5648 Christum
3173 5609 3275 5648 non
3317 5606 3438 5648 esse
3472 5607 3692 5651 creato-

2128 5698 2235 5736 rem
2265 5685 2596 5738 asseverabat
2624 5681 2801 5748 (Tomo
2831 5685 3082 5753 septimo).
