4748 6520
819 297 886 352 69
2124 279 2440 339 SYNOPSIS
2479 279 2694 338 EORUM

2184 279 2440 339 tsorsts
2479 279 2710 338 eorum
3989 307 4059 362 τε,

814 428 1164 499 scriptoribus
1193 427 1583 493 ecclesiasticis,
1625 427 1932 492 Athanasio,
1964 427 2215 494 Eusebio,
2256 427 2382 498 Epi-

815 523 1011 593 phanio
1039 533 1093 575 et
1129 517 1428 575 Pbilastrio.
1465 518 1687 587 Quidam
1728 528 1914 590 putant
1954 519 2098 573 illum
2120 561 2134 585 ,
2165 519 2384 589 perinde

814 623 975 681 atque
1017 608 1322 673 Sabellium,
1363 610 1671 662 identitatem
1723 623 2066 678 personarum
2117 609 2289 664 Patris
2331 617 2386 664 et

816 703 935 757 Filii
957 713 1008 758 et
1033 703 1258 772 Spiritus
1283 702 1472 765 sancti,
1498 716 1669 770 neque
1693 710 1797 754 tres
1817 715 2068 769 personas
2091 700 2384 755 admisisse.

819 794 1180 850 Theodoretus
1217 808 1346 846 vero
1385 793 1476 847 lib.
1527 793 1550 846 l
1601 793 1666 844 de
1707 791 1977 845 Haereticis
2015 791 2227 854 fabulis,
2259 791 2386 846 dicit

816 887 1029 942 Paulum
1072 886 1476 940 Samosatenum
1520 899 1739 953 negasse
1774 883 1914 953 quod
1948 883 2100 938 Jesus
2137 883 2382 939 Christus

819 982 974 1034 fuerit
1003 980 1157 1043 Deus,
1192 979 1348 1045 idque
1377 977 1523 1032 clare
1551 977 1676 1030 dicit
1723 976 2048 1031 Philastrius.
2084 978 2230 1030 Illam
2260 992 2386 1032 vero

814 1071 1128 1126 sententiam
1177 1076 1448 1139 Oppugnat
1486 1077 1539 1122 et
1588 1069 1753 1134 carpit
1795 1083 1858 1121 ex
1903 1067 1985 1121 his
2024 1065 2385 1139 Chrysostomi

815 1161 990 1216 verbis
1008 1159 1189 1227 (Tomo
1221 1159 1506 1228 undecimo)
1535 1176 1548 1210 :
1581 1159 1677 1225 Qui
1706 1158 1954 1212 descendit
1979 1161 2084 1228 ipse
2111 1170 2201 1224 est,
2232 1171 2276 1213 et
2303 1161 2388 1231 qui

814 1252 1036 1305 ascendit
1063 1267 1213 1318 super
1237 1266 1403 1303 omnes
1429 1251 1598 1315 caelos,
1627 1263 1678 1302 ut
1699 1250 1990 1322 adimpleret
2021 1254 2206 1305 onmia.

884 1341 1019 1397 Cum
1061 1342 1124 1395 iis
1167 1343 1323 1395 etiam
1364 1340 1579 1394 Paulum
1609 1341 2007 1396 Samosatenum
2054 1353 2385 1406 annumerat,

818 1435 903 1503 qui
926 1433 1294 1488 resurrectioni
1316 1446 1415 1485 non
1434 1431 1717 1486 credebant
1737 1430 1917 1503 (Tomo
1948 1431 2164 1502 quinta).

891 1523 1426 1596 Melchisedecitarnm
1454 1539 1661 1593 quoque
1684 1524 1901 1578 hazresis
1927 1525 2132 1593 vigebat
2155 1524 2387 1594 Chryso-

824 1613 986 1668 stomi
1014 1629 1148 1678 aevo,
1195 1628 1324 1682 quos
1357 1612 1854 1670 Melehisedecianos
1890 1625 2041 1668 vocat
2073 1615 2391 1683 Epiphanius

822 1705 1017 1773 (Tomo
1043 1707 1240 1773 sexto).
1302 1705 1364 1760 Hi
1417 1705 1661 1760 dicebant
1698 1705 2133 1760 Melchisedecuut
2185 1703 2393 1760 Christo

823 1795 1076 1864 majorem
1117 1810 1256 1850 esse.
1301 1796 1405 1850 Alii
1441 1811 1624 1851 rursus
1666 1797 1910 1851 dicebant
1950 1796 2390 1852 Melehisedecum

822 1900 941 1940 esse
964 1884 1210 1954 Spiritum
1234 1897 1492 1952 sanctum,
1516 1887 1667 1956 cujus
1692 1889 1888 1940 erroris
1916 1895 2185 1941 auctorem
2211 1884 2394 1942 Hiera-

820 1989 936 2029 cem
984 1974 1183 2043 profert
1240 1975 1581 2044 Epiphanius.
1642 1977 1751 2030 lloc
1798 1985 1974 2031 autem
2027 1987 2390 2047 argumentum

820 2066 1137 2136 objiciehant
1157 2065 1640 2130 Melehisedeciani;
1672 2068 1721 2121 in
1745 2068 1968 2122 Psalmis
1992 2069 2058 2123 de
2081 2069 2291 2124 Christo
2312 2069 2394 2123 di-

822 2159 956 2213 citur
984 2176 997 2212 :
1030 2157 1110 2212 Tu
1153 2175 1203 2212 es
1237 2159 1472 2212 sacerdos
1502 2160 1554 2212 in
1593 2169 1832 2212 wternum
1870 2160 2139 2214 secundum
2170 2162 2394 2214 ordinem

822 2249 1153 2302 Melchisedec
1180 2247 1348 2318 (Psat.
1375 2248 1495 2303 l09.
1521 2247 1576 2319 4)
1605 2266 1617 2300 :
1660 2249 1797 2303 unde
1839 2249 2134 2302 inferebant
2157 2265 2276 2304 eum
2305 2249 2394 2318 qui

823 2339 876 2391 iu
893 2339 1078 2392 ordine
1103 2337 1468 2391 Melehisedeei
1493 2349 1652 2401 esset,
1676 2337 1876 2392 ordinis
1900 2339 2054 2407 capiti
2088 2347 2142 2392 et
2173 2339 2394 2407 principi

825 2425 1129 2480 inferiorem
1151 2439 1286 2479 esse.
1313 2426 1613 2496 Respondet
1633 2429 2039 2497 Chrysostomus
2060 2427 2398 2489 Melchisede-

826 2532 948 2570 cum
981 2517 1199 2584 ﬁguram
1225 2523 1423 2568 tantum
1454 2517 1613 2569 fuisse
1640 2515 1856 2580 Christi,
1888 2527 1940 2570 et
1969 2533 2087 2571 cum
2116 2533 2304 2586 panem
2343 2527 2399 2572 et

827 2611 1007 2661 vinum
1037 2607 1243 2672 obtulit,
1271 2607 1586 2663 sacrificium
1613 2625 1641 2661 a
1672 2608 1881 2662 Christo
1909 2609 2232 2664 oﬂ‘erendum
2258 2625 2395 2679 prce-

831 2699 1140 2761 nnntiasse;
1188 2712 1249 2752 ac
1281 2713 1399 2753 cum
1427 2698 1704 2766 Apostolus
1747 2699 1904 2762 dicat,
1946 2697 2014 2753 In
2051 2700 2250 2753 nomine
2273 2699 2399 2753 Iesu

830 2805 976 2842 omne
1007 2804 1134 2858 genu
1169 2789 1397 2858 ﬂectatur
1443 2787 1694 2861 (Philipp.
1734 2789 1785 2842 2.
1827 2789 1940 2860 10),
1980 2789 2105 2845 hinc
2144 2789 2397 2858 consequi

830 2882 987 2934 etiam
1018 2880 1461 2937 Melchisedecnm
1502 2897 1670 2954 genua
1702 2882 1912 2938 ﬂexisse
1951 2895 2074 2939 ante
2108 2883 2394 2939 Christum.

834 2973 908 3026 De
932 2971 1412 3030 Melchisedecianis
1440 2974 1548 3045 agit
1585 2977 1738 3030 etiam
1767 2975 2132 3032 Theodoretus
2174 2977 2397 3031 Haareti-

832 3076 1011 3117 carum
1059 3061 1224 3116 fabul.
1253 3063 1288 3116 Ι.
1321 3065 1407 3126 ll,
1437 3074 1491 3117 et
1517 3063 1667 3118 Joan.
1712 3065 2065 3121 Damascenus
2096 3066 2292 3120 Haeresi
2331 3068 2398 3122 55

832 3150 987 3221 (Ibid.
1016 3152 1179 3220 d.e.).
1223 3151 1390 3206 Judaei
1428 3168 1551 3205 vero
1580 3154 1822 3232 dicebant
1845 3154 2280 3209 Melchisedecum
2329 3171 2397 3210 ex

835 3243 1176 3299 fornicatione
1221 3253 1399 3295 natum
1445 3243 1624 3306 fuisse,
1679 3243 1900 3313 ideoque
1943 3245 2055 3297 sine
2097 3245 2400 3314 genealogia

833 3351 969 3404 esse,
1007 3335 1145 3406 quod
1175 3336 1332 3388 etiam
1371 3335 1534 3389 refert
1560 3335 1903 3404 Epiphanius.
1937 3334 2127 3400 Quibus
2156 3353 2245 3390 nos
2269 3339 2403 3390 dice-

835 3444 964 3490 mus,
995 3427 1126 3495 quod
1162 3426 1256 3494 ipsi
1289 3441 1550 3494 perperam
1593 3425 1858 3496 loquantur
1884 3443 1903 3480 :
1937 3425 2222 3480 Salomonis
2249 3429 2398 3494 enim,

834 3518 915 3585 qui
942 3532 1005 3568 ea:
1029 3515 1257 3567 adultera
1291 3513 1429 3568 Uria:
1450 3531 1605 3568 uxore
1628 3525 1777 3567 natus
1805 3525 1894 3580 est,
1926 3517 2212 3588 genealogia
2237 3528 2402 3572 tamen

835 3605 1053 3657 ducitur.
1103 3604 1207 3658 Sed
1231 3605 1466 3672 quoniam
1497 3604 1825 3660 Melchisedec
1852 3615 2001 3676 typus
2040 3619 2145 3662 erat
2175 3608 2397 3676 Domini,

836 3707 882 3746 et
921 3695 1185 3764 imaginem
1220 3695 1406 3764 ferebat
1434 3694 1641 3761 Christi,
1683 3698 2097 3765 quemadmodum
2133 3711 2180 3755 et
2217 3699 2402 3767 Jonas,

838 3786 950 3837 ideo
974 3783 1240 3852 Scriptura
1279 3787 1387 3856 ejus
1415 3797 1606 3856 patrem
1651 3789 1824 3857 tacuit,
1874 3798 1928 3843 ut
1957 3789 2007 3844 in
2035 3788 2126 3842 illa
2149 3801 2402 3863 tamquam

839 3877 888 3926 in
915 3875 1132 3944 imagine
1155 3873 1400 3929 Christum
1419 3918 1432 3942 ,
1477 3879 1563 3947 qui
1591 3893 1700 3932 vere
1722 3879 1830 3934 sine
1855 3890 2000 3949 patre
2027 3890 2070 3932 et
2094 3881 2201 3936 sine
2224 3899 2400 3952 genea-

842 3966 976 4035 logia
1000 3975 1092 4032 est,
1121 3966 1421 4021 intueamur.

909 4055 1164 4111 Catharos
1211 4058 1370 4112 etiam
1416 4059 1524 4113 sive
1572 4059 1740 4115 Puros
1778 4076 1881 4115 non
1921 4063 2083 4116 semel
2116 4064 2402 4134 impugnat,

837 4146 975 4216 quod
1005 4163 1063 4203 se
1081 4148 1341 4204 Catharos
1365 4150 1475 4205 sive
1501 4166 1661 4220 puros
1689 4152 1947 4221 dicerent,
1979 4154 2066 4224 qui
2091 4157 2231 4209 omni
2253 4158 2407 4213 sorde

841 4239 982 4309 pleni
1005 4251 1204 4309 essent,
1229 4257 1328 4297 nec
1354 4242 1460 4298 alio
1483 4258 1704 4315 usquam
1733 4247 1949 4300 nomine
1971 4248 2199 4317 appellat
2221 4248 2407 4319 (Tomo

851 4333 1110 4386 undecimo
1156 4343 1204 4387 et
1257 4333 1412 4388 Temo
1458 4335 1820 4407 duodecimo).
1869 4337 2032 4392 Erant
2092 4346 2269 4394 autem
2334 4342 2407 4396 illi

839 4420 1132 4489 Novatiani,
1161 4424 1229 4478 de
1251 4438 1475 4494 quorum
1497 4427 1699 4495 origine
1728 4428 1887 4482 multa
1912 4428 2110 4497 profert
2131 4433 2182 4485 in
2200 4430 2408 4500 Episto-

844 4513 908 4566 lis
929 4516 1036 4570 suis
1064 4516 1120 4570 S.
1149 4517 1463 4585 Cyprianus,
1487 4533 1549 4572 ac
1579 4529 1698 4588 post
1725 4535 1843 4573 eum
1867 4522 2126 4578 Eusebius
2153 4523 2406 4593 Pamphili

845 4605 899 4658 in
928 4602 1084 4668 llist.,
1126 4604 1444 4675 demumque
1479 4606 1806 4676 Epiphanius
1839 4624 1900 4664 ac
1937 4623 2052 4680 post
2087 4628 2204 4666 eum
2233 4613 2414 4667 Phila-

843 4693 1005 4748 strins
1033 4710 1046 4747 :
1078 4707 1196 4762 qnte
1223 4694 1376 4747 simul
1419 4696 1593 4749 omnia
1632 4711 1908 4753 recensere
1936 4717 2038 4754 non
2069 4712 2151 4757 est
2190 4703 2409 4758 instituti

843 4788 1038 4842 nostri.
1084 4785 1164 4840 Ex
1196 4784 1260 4837 iis
1291 4799 1438 4849 vero,
1479 4802 1597 4856 qua:
1633 4789 1970 4844 concionatus
2007 4803 2088 4846 est
2126 4810 2264 4849 anno
2307 4796 2411 4851 399

844 4875 1325 4944 Constantinopoli,
1375 4877 1522 4946 argui
1556 4877 1764 4931 videtur
1792 4881 1984 4934 multos
2015 4893 2138 4936 tunc
2168 4883 2328 4938 fuisse
2358 4889 2412 4938 in

845 4973 934 5026 illa
974 4969 1106 5024 urbe
1135 4967 1452 5024 Novatianos
1487 4984 1578 5024 seu
1600 4969 1852 5026 Catbaros
1877 4973 1966 5042 qui
1996 4991 2052 5028 se
2074 4974 2173 5030 hoc
2203 4978 2413 5032 nomine

847 5061 1232 5130 compellabant
1254 5059 1434 5133 (Tomo
1462 5061 2082 5130 duodecimo).Auditores
2106 5068 2245 5121 enim
2269 5077 2415 5137 rogat

848 5162 901 5206 et
926 5151 1166 5207 obsecrat
1195 5165 1248 5207 ut
1282 5168 1311 5207 a
1355 5153 1441 5208 tali
1466 5153 1720 5223 jactantia
1751 5167 1809 5207 se
1846 5155 2096 5220 eximant,
2127 5166 2180 5211 et
2207 5158 2411 5212 illorum

853 5247 1198 5311 arrogantiam
1245 5245 1497 5309 devitem,
1545 5259 1607 5300 ac
1657 5245 1828 5314 potius
1858 5245 2046 5299 delicta
2076 5262 2168 5301 sua
2199 5249 2416 5303 abluant

852 5347 898 5386 et
929 5349 1138 5404 peccata
1161 5339 1531 5392 oonliteantur.

926 5427 1101 5480 Arium
1124 5438 1176 5481 et
1194 5430 1418 5482 Arianos
1439 5426 1798 5498 infrequenter
1820 5435 2079 5481 memorat
2103 5426 2416 5499 Chrysosto-

803 5535 806 5540 ·
854 5529 988 5582 nius,
1037 5520 1156 5589 quia
1189 5522 1453 5579 Anomcei.
1497 5537 1562 5575 ex
1604 5522 1921 5575 Arianorum
1953 5520 2116 5589 stirpe
2153 5521 2412 5589 pmgnati,

855 5621 975 5666 tunc
997 5628 1088 5681 per
1114 5614 1382 5670 Orientem
1411 5615 1782 5683 grassabantur
1801 5623 1853 5670 et
1872 5613 2160 5670 catholicos
2174 5613 2419 5668 doctores

856 5711 1164 5762 exercebant
1197 5724 1211 5763 :
1244 5708 1471 5780 indeque
1492 5707 1548 5763 iit
1577 5715 1837 5764 utcontra
1863 5708 2151 5761 Anommos
2177 5705 2264 5760 ille
2295 5719 2414 5776 pcr-

2491 442 2652 503 petuo
2679 430 2986 485 velillcetur.
3024 430 3098 484 De
3121 431 3247 484 Ario
3275 439 3447 484 autem
3468 429 3539 483 ait
3567 430 3651 483 ille
3674 429 3757 500 (T.
3779 431 3830 484 l.
3857 448 3910 493 ρ.
3930 431 4062 485 410.

2491 523 2574 592 a):
2601 521 2764 574 Instat
2788 521 2936 574 Arius
2977 525 3029 574 in
3066 521 3394 574 diversitatem
3419 522 3707 574 substantiae
3737 537 4068 592 personarum

2489 612 2858 664 distinctionem
2898 613 3118 664 trahens.
3153 611 3367 665 Dicebat
3413 613 3552 664 enim
3585 612 3674 666 Dei
3699 611 3928 665 Verbum
3957 625 4067 664 non

2493 717 2707 770 semper
2739 700 2918 767 fuisse,
2966 701 3057 754 sed
3084 716 3146 755 ex
3176 701 3339 754 nihilo
3368 699 3560 755 factum
3588 711 3641 755 et
3666 709 3921 763 creatum,
3955 714 4064 753 non

2489 805 2768 857 azteruum,
2818 809 2920 846 non
2971 793 3110 846 Patri
3145 793 3317 847 simile
3357 793 3645 847 secundum
3690 791 4066 856 substantiam,

2489 904 2660 956 neque
2686 903 2867 942 verum
2903 885 2992 940 Dei
3025 887 3274 950 Verbum,
3306 895 3393 938 aut
3438 884 3771 954 sapientiam,
3803 883 3894 939 sed
3924 894 4072 936 cata-

2488 980 2723 1033 chrestice
2774 980 2842 1032 ita
2892 978 3120 1031 vocari:
3174 992 3292 1030 esse
3339 987 3521 1030 natura
3570 975 3843 1037 mutabile,
3888 990 4071 1044 neque

2491 1087 2646 1126 nosse
2669 1072 2897 1133 Patrem,
2930 1070 3036 1123 imo
3071 1085 3136 1123 ne
3163 1083 3310 1122 suam
3341 1067 3550 1138 quidem
3579 1068 3744 1137 ipsius
3774 1079 4014 1120 naturam
4053 1084 4066 1117 :

2490 1175 2704 1233 propter
2753 1176 2846 1217 nos
2884 1161 3076 1216 factum
3110 1161 3289 1223 fuisse,
3337 1170 3393 1213 ut
3441 1161 3529 1214 illo
3568 1175 3664 1213 ccn
3710 1160 4072 1213 instrumento

2493 1270 2588 1308 nos
2616 1253 2870 1308 conderet
2900 1253 3036 1306 Deus
3062 1268 3076 1317 ;
3111 1267 3278 1320 neque
3308 1250 3591 1305 creandum
3622 1249 3800 1315 fuisse,
3834 1249 3935 1303 nisi
3968 1264 4072 1303 nos

2494 1346 2630 1400 Dens
2662 1343 2890 1397 condere
2919 1343 3188 1396 voluisset.

2567 1436 2710 1488 llanc
2757 1448 2913 1502 porro
2964 1431 3276 1486 sententiam
3327 1428 3474 1499 quasi
3531 1429 3597 1482 ab
3627 1427 3754 1481 Ario
3805 1427 4067 1493 prolatam

2495 1525 2657 1579 refert
2694 1522 3100 1592 Chrysostomus
3143 1519 3322 1592 (Tomo
3346 1519 3662 1585 undecimo):
3703 1515 3820 1569 Non
3869 1526 4069 1585 poterat

2495 1613 2631 1668 Deus
2655 1629 2894 1682 generans
2920 1627 3154 1682 generare
3189 1610 3548 1681 impatibilt’ter.
3593 1607 3818 1675 Ideoque
3858 1621 3923 1659 ue
3950 1621 4071 1674 pas-

2496 1706 2697 1758 sionem
2728 1702 3006 1772 quamdam
3038 1702 3088 1754 in
3120 1701 3226 1754 Deo
3255 1699 3572 1758 admitteret,
3597 1697 3806 1750 dicebat
3837 1695 4069 1750 Verbum

2497 1808 2526 1847 a
2558 1793 2665 1846 Deo
2702 1808 2806 1844 non
2837 1791 3094 1860 genitum,
3143 1790 3233 1844 sed
3262 1789 3454 1843 factum
3494 1789 3837 1856 creatumque
3881 1786 4068 1840 fuisse.

2502 1902 2520 1935 ι
2555 1884 2706 1938 Arius
2737 1882 2923 1936 Filium
2955 1881 3164 1948 quidem
3196 1882 3404 1946 fatetur,
3436 1880 3526 1934 sed
3577 1889 3776 1932 tantum
3812 1878 4027 1932 nomine
4053 1895 4069 1930 :

2494 1983 2789 2029 creaturam
2815 1968 2954 2026 enim
2981 1986 3099 2026 esse
3135 1971 3265 2025 dicit
3304 1979 3358 2025 et
3390 1970 3547 2024 Patre
3577 1969 3730 2037 longe
3755 1968 4018 2021 minorem
4047 1985 4066 2018 ι

2498 2063 2762 2137 (Ibidem).

2567 2157 2724 2210 Arius
2754 2170 2879 2210 vero
2907 2163 2956 2210 et
2986 2154 3100 2224 ejus
3130 2167 3380 2223 sequaces
3403 2151 3592 2206 Filium
3621 2166 3734 2206 rem
3763 2161 3999 2206 creatam
4018 2160 4074 2207 et

2498 2246 2806 2302 dissimilem
2835 2261 2953 2300 esse
2979 2246 3116 2300 Patri
3146 2245 3522 2313 proﬁtebantur
3549 2261 3566 2297 :
3597 2246 3715 2314 quia
3749 2253 3922 2299 tamen
3953 2255 4076 2314 post

2499 2349 2738 2390 exortum
2767 2351 2918 2389 suum
2945 2351 2974 2388 a
3002 2335 3288 2390 Catholicis
3310 2333 3484 2388 acrius
3507 2335 3918 2404 impetebantur,
3950 2336 4077 2391 inde

2501 2427 2693 2482 factum
2726 2438 2781 2480 ut
2819 2426 2871 2480 in
2904 2427 3023 2480 fidei
3065 2424 3304 2480 formulis
3339 2441 3401 2480 ac
3428 2426 3800 2480 controversiis
3828 2427 4075 2496 quaedam

2499 2517 2756 2583 celarent,
2793 2517 2892 2569 alia
2925 2516 3245 2586 mitigarent,
3275 2515 3430 2586 idque
3455 2514 3600 2570 vafre
3624 2525 3678 2569 et
3710 2515 4078 2572 fraudulenter

2501 2618 2642 2662 metu
2687 2607 3100 2675 impendentium
3152 2607 3434 2674 malorum,
3484 2614 3542 2661 ut
3585 2607 3794 2676 paulum
3847 2609 4077 2676 tempori

2499 2698 2868 2754 concederent.
2909 2699 3096 2754 Postea
3124 2713 3249 2754 vero
3274 2715 3391 2752 cum
3421 2700 3712 2767 imperante
3739 2697 4078 2764 Constantio,

2500 2807 2609 2846 sua:
2643 2799 2801 2846 saeue
2839 2789 3068 2854 addicto,
3117 2791 3318 2860 majore
3345 2792 3642 2846 fruerentur
3670 2790 3936 2853 libertate,
3980 2789 4075 2845 Fi-

2501 2883 2625 2937 lium
2655 2883 2794 2937 Patri
2821 2883 3151 2946 dissimilem,
3169 2899 3466 2947 anomaeum,
3491 2882 3697 2951 publice
3715 2891 3770 2935 et
3793 2881 3844 2934 in
3871 2882 4082 2935 formu-

2501 2973 2565 3026 lis
2591 2972 2710 3026 lidei
2737 2973 2998 3036 dicebant,
3029 2971 3255 3041 indeque
3285 2971 3499 3036 factum,
3532 2980 3585 3024 ut
3610 2970 3856 3032 Anommi,
3883 2973 4079 3039 appel-

2500 3063 2755 3118 larentur.
2782 3064 2943 3117 Erant
2964 3073 3138 3117 autem
3163 3077 3353 3132 magno
3379 3076 3599 3116 numero
3625 3071 3731 3115 tum
3755 3061 4079 3127 Antiochiae,

2505 3165 2612 3210 tum
2643 3155 3128 3225 Constantinopoli,
3173 3162 3228 3210 et
3252 3153 3483 3224 quotidie
3517 3169 3636 3208 cum
3662 3153 3947 3208 Catholicis
3974 3153 4079 3208 de-

2501 3246 2790 3300 certabant.
2831 3245 3062 3301 Joannes
3089 3259 3216 3300 vero
3250 3255 3431 3300 noster
3457 3244 3649 3299 multas
3673 3243 3926 3298 adversus
3955 3244 4079 3299 illos

2502 3337 2787 3392 conciones
2837 3337 3017 3391 habuit
3070 3335 3159 3407 (Τ.
3210 3338 3292 3406 l),
3338 3351 3528 3405 nempe
3563 3336 3854 3390 Antiochiae
3887 3335 4078 3391 deocm

2503 3429 2854 3490 continenter,
2877 3443 3027 3498 quas,
3055 3427 3380 3496 interpositis
3395 3427 3514 3481 aliis
3533 3426 3725 3482 diversi
3754 3427 4076 3495 argumenti,

2506 3520 2691 3588 partim
2721 3535 2861 3573 anno
2890 3519 3013 3580 586,
3061 3519 3246 3589 partim
3285 3518 3499 3573 ineunte
3525 3519 3648 3583 587,
3690 3518 4078 3587 pronuntiavit.

2503 3612 2650 3666 Alias
2691 3626 2898 3680 quoque
2927 3612 3079 3665 annis
3111 3611 3449 3681 sequentibus
3495 3611 3779 3666 conciones
3821 3611 4075 3667 habuisse

2504 3701 2729 3766 videtur,
2783 3715 3003 3770 quarum
3033 3716 3189 3754 unam
3216 3715 3439 3770 eamque
3469 3701 3733 3770 egregiam
3772 3699 3973 3763 deteri,
4018 3711 4077 3756 et

2505 3806 2533 3844 a
2569 3791 2835 3846 Bentzelio
2879 3806 3044 3861 nuper
3079 3791 3272 3846 editam
3310 3791 3487 3846 multis
3522 3793 3574 3846 in
3619 3790 3750 3846 locis
3790 3791 4080 3848 emendavi

2507 3879 2592 3951 (Τ.
2612 3881 2688 3951 6).

2576 3972 2705 4038 Quia
2733 3984 2856 4025 vero
2885 3967 3334 4040 Constantinopoli
3366 3970 3523 4025 etiam
3554 3971 3938 4027 Anomteornm
3966 3971 4076 4026 fre-

2507 4061 2721 4131 quentia
2752 4071 2898 4125 erat;
2937 4059 3189 4125 secunda,
3218 4075 3374 4128 quam
3402 4059 3486 4114 illa
3514 4059 3645 4116 urbe
3670 4059 3872 4116 Praesul
3897 4061 4081 4116 habuit

2507 4153 2715 4218 concio,
2754 4162 2935 4208 contra
2958 4152 3245 4206 Anommos
3272 4159 3405 4205 erat.
3441 4151 3695 4217 Alteram,
3735 4165 3896 4220 quam
3919 4153 4078 4208 etiam

2509 4257 2691 4303 contra
2720 4246 3009 4300 Anomteos
3037 4244 3486 4314 Constantinopoli
3509 4245 3706 4309 habuit,
3740 4245 4082 4300 continenter

2509 4339 2802 4410 posuimus,
2828 4336 3070 4404 forteque
3098 4337 3226 4390 alias
3262 4346 3443 4390 contra
3462 4337 3739 4391 ltaereticos
3766 4337 3888 4391 illos
3911 4337 4082 4392 homic

2510 4430 2607 4483 lias
2630 4427 2781 4493 dixit,
2809 4442 2927 4499 quae
2949 4427 3030 4482 vel
3057 4427 3222 4483 latent
3240 4429 3290 4483 in
3310 4427 3542 4496 Oriente,
3571 4429 3652 4484 vel
3681 4444 3898 4500 prorsus
3916 4432 4082 4486 amis-

2512 4537 2584 4578 ειη
2607 4529 2747 4576 sunt.

2556 4595 2826 4668 'Anomtei
2852 4626 2917 4667 eo
2945 4611 3275 4682 arrogantiae,
3306 4611 3411 4665 imo
3441 4609 3776 4680 impudentiae
3801 4623 4085 4676 venerant,

2515 4715 2571 4762 ut
2597 4706 2834 4762 dicerent
2867 4719 2927 4760 se
2955 4705 3166 4759 omnem
3197 4703 3470 4758 scientiam
3506 4703 3790 4773 accepisse,
3822 4717 3989 4773 seque
4017 4707 4086 4758 ita

2518 4797 2680 4851 Deum
2724 4810 2914 4859 nosse,
2954 4804 3011 4848 ut
3059 4793 3176 4864 ipse
3215 4807 3273 4847 se
3332 4799 3553 4846 noverat
3596 4789 3798 4862 (Tomo
3847 4795 4013 4864 primo
4046 4803 4087 4864 ).

2517 4885 2703 4940 Filium
2758 4901 2860 4940 non
2905 4885 3192 4939 substantia
3231 4883 3458 4936 similem
3504 4881 3646 4936 Patri
3687 4896 3807 4936 esse
3844 4883 4088 4936 allirma-

2518 4979 2641 5034 bant
2694 4978 2994 5051 (Ibidem).
3039 4977 3159 5032 Ideo
3203 4985 3376 5030 autem
3419 4975 3664 5030 dicebant
3707 4974 3880 5043 ipsum
3938 4974 4084 5029 Patri

2518 5085 2698 5139 parem
2731 5085 2836 5123 non
2865 5083 3010 5132 esse,
3041 5069 3158 5137 quia
3188 5067 3396 5121 Patrem
3427 5066 3740 5134 precabatur
3767 5064 4010 5134 (Ibidem
4043 5067 4083 5132 ).

2520 5159 2828 5229 lnazqualem
2881 5174 2998 5213 esse
3045 5158 3184 5212 Patri
3229 5157 3422 5226 passim
3469 5155 3778 5209 asserebant
3802 5152 4022 5220 (Ibidem
4047 5156 4090 5224 ).

2519 5251 2792 5305 Addebant
2845 5263 3053 5318 quoque
3103 5247 3368 5302 Christum
3432 5260 3730 5314 supremam
3769 5245 3953 5314 judicii
4006 5247 4090 5299 fe-

2521 5341 2669 5395 rendi
2711 5323 3022 5410 potestatem
3066 5354 3167 5392 non
3193 5337 3404 5391 habere.
3436 5337 3767 5406 Quapropter
3792 5338 4090 5392 Anomtnoo

2523 5446 2641 5484 rum
2714 5441 2912 5484 sectam
2974 5429 3211 5498 apposite
3264 5427 3460 5497 carpsit
3507 5425 3918 5497 Chrysostomus
3963 5444 4088 5484 cum

2521 5523 2652 5577 dixit
2676 5525 2695 5589 (
2719 5522 2910 5576 Ibidem
2939 5522 2995 5591 ):
3033 5541 3050 5573 ι
3079 5524 3454 5574 Anommorum
3522 5517 3768 5574 haeresim
3827 5519 4090 5588 plantavit

2525 5614 2916 5667 ratiociniorum
2960 5611 3322 5678 intempestiva
3375 5609 3670 5663 curiositas.
3706 5627 3725 5661 ι
3762 5612 4090 5679 Argumenta

2527 5715 2700 5759 autem
2752 5717 2934 5759 eorum
2982 5712 3090 5756 tam
3135 5700 3298 5772 probe
3345 5710 3399 5757 et
3443 5703 3720 5771 perSpicue
3763 5701 3985 5771 depellit
4035 5703 4091 5758 in
