2374 3260
666 107 671 108 γ
794 89 885 105 (“’7

96 148 121 157 _
238 142 270 146 ,τ
335 146 343 148 ν

144 335 173 363 Ἡ
535 337 616 374 QUE
635 338 668 366 IN
685 338 852 367 OPERIBUS
869 336 1100 366 CIIRYSOSTOMI
1120 335 1383 366 OBSERVANTUR.
1734 334 1767 375 73

141 395 319 424 conciouibus
329 395 402 429 suis,
416 398 446 422 ut
459 396 502 423 vix
516 394 618 430 uspiam
631 394 694 430 quid
718 393 860 428 perfectius
878 391 930 421 hoc
985 389 1131 426 Eugenium
1152 391 1292 421 diaconum
1306 394 1355 430 ipsi
1373 393 1445 422 misit
1458 401 1517 422 cum
1531 392 1591 421 ﬁdei
1605 392 1769 421 confessione

141 441 171 468 in
181 448 284 476 genere
293 438 384 469 videre
394 440 480 476 possis
493 449 500 468 :
513 439 548 467 sb
563 440 596 468 iis
608 447 671 468 vero
680 439 825 468 referendis
845 438 928 467 absti-

145 494 255 519 nemus,
271 493 306 514 ne
316 486 444 522 longiores
456 485 549 515 simus.

179 531 361 559 Macedonium
381 539 486 569 quoque
499 533 603 568 impetit
617 537 646 560 et
663 533 928 567 Pueumatomacbos,

143 579 187 614 qui
215 577 348 606 Paracleto
375 573 468 606 bellum
495 578 636 614 inferebant
666 578 765 613 (Tomo
786 580 928 615 secundo).

144 623 241 651 Contra
257 624 524 653 Pneumatomacbum
544 625 615 652 enim
634 625 698 660 agit,
716 633 777 654 cum
793 626 930 661 explicans

146 669 218 697 illum
233 670 305 698 Pauli
319 670 416 702 locum,
432 670 496 698 Haec
507 676 591 698 autem
605 672 688 698 omnia
698 667 816 707 opiratur
829 680 894 698 unus
906 676 930 698 et

145 715 208 742 idem
216 714 336 750 Spiritus,
345 715 456 743 dividens
462 716 568 752 singulis
576 721 649 751 prout
658 715 709 743 uult
716 716 741 751 (i
747 736 755 743 .
764 716 866 744 (Ionii.
873 717 883 743 i
891 717 928 751 i),

146 759 204 786 talia
215 753 304 787 fatur:
321 769 331 786 ι
349 759 413 788 Hac
425 769 502 796 porro
517 762 602 788 omnia
617 766 736 795 operatur
752 769 818 789 unus
830 767 853 788 et
863 761 930 788 idem

142 805 264 838 Spiritus.
278 804 332 833 Sed
345 809 444 838 motus,
460 806 573 841 inquies,
584 814 598 833 a
611 806 676 840 Deo,
690 806 787 834 Verum
802 806 852 834 hoc
864 814 929 833 nus-

141 858 219 884 quam
232 850 310 884 dixit,
331 851 378 879 sed
390 855 417 878 tu
431 851 495 880 illud
509 851 624 887 efﬁngis.
638 852 749 887 Quando
762 853 833 879 enim
854 852 927 885 dicit,

143 895 192 928 Qui
199 900 317 930 operatur
330 897 414 923 omnia
425 897 452 923 in
465 896 663 933 omnibus(lbid.
673 905 700 924 υ.
710 897 750 932 6),
764 897 798 925 de
813 897 928 926 homini-

141 940 191 968 bus
205 941 255 969 hoc
264 941 347 969 dicit:
361 950 491 977 nusquam
501 950 561 970 cum
574 942 725 971 hominibus
737 943 863 979 Spiritum
878 951 929 972 an-

141 992 272 1020 numerat,
288 988 392 1015 etiamsi
400 988 496 1016 millies
504 993 625 1017 amenter
635 989 750 1025 loquaris
761 995 788 1017 et
799 990 927 1018 insanias.

140 1031 191 1066 Qui
204 1032 275 1060 enim
289 1033 355 1060 dixit
363 1033 436 1066 alibi,
457 1032 507 1061 Per
521 1034 654 1070 Spiritum,
671 1040 696 1063 ul
711 1043 744 1063 ne
757 1040 831 1070 putes
853 1036 926 1069 illud,

141 1085 195 1113 per,
217 1077 408 1106 imminutionis
421 1086 482 1107 esse
499 1087 603 1112 vocem.
619 1088 668 1108 nec
688 1080 763 1108 illum
778 1081 879 1109 moveri
893 1082 927 1109 ad

140 1123 341 1157 operationem,
365 1124 501 1160 subiungit
522 1127 627 1161 operari
654 1126 793 1162 Spiritum,
819 1135 871 1155 non
894 1128 927 1155 ad

141 1168 322 1200 operationem
331 1169 448 1202 moveri;
457 1175 483 1197 et
497 1176 622 1205 operatur
634 1176 662 1199 ut
674 1172 740 1204 vult,
751 1180 803 1200 non
812 1179 838 1200 ut
849 1174 927 1208 jube-

142 1216 195 1240 tur.
207 1212 436 1246 Quemadmodum
450 1215 521 1243 enim
535 1215 570 1243 de
584 1216 662 1244 Patre
668 1217 752 1245 Filius
762 1219 834 1252 dicit,
848 1219 928 1247 Exci-

142 1263 179 1284 tat
196 1263 308 1286 mortuos
320 1264 343 1287 et
362 1261 469 1295 uiui/icat
482 1260 570 1297 (Joan.
585 1263 611 1290 5.
625 1263 671 1298 21)
693 1273 701 1291 :
717 1265 838 1294 similiter
850 1271 878 1294 et
894 1267 928 1295 de

142 1304 243 1338 seipso,
259 1304 327 1338 Quos
339 1306 391 1333 uult
402 1306 509 1341 vivi/ica!
516 1316 525 1340 ;
537 1309 575 1336 sic
587 1313 614 1336 et
622 1309 656 1338 de
667 1309 776 1345 Spiritu,
790 1311 851 1339 alibi
865 1313 927 1348 qui-

143 1349 204 1376 dem
214 1350 283 1384 quod
296 1357 355 1378 cum
367 1356 496 1386 potestate
504 1354 592 1382 omnia
605 1354 692 1389 faciat,
703 1361 730 1384 et
739 1357 803 1385 nihil
811 1358 845 1385 sit
855 1359 926 1394 quod

141 1395 277 1429 impediat,
296 1406 306 1423 ι
318 1401 369 1425 etc.

176 1441 215 1468 De
235 1441 360 1470 Marcello
380 1444 520 1479 Ancyrano
538 1451 566 1473 et
586 1446 699 1475 Photino
716 1449 773 1484 ejus
794 1450 925 1486 discipulo

134 1484 197 1512 lucc
211 1492 299 1514 narrat
315 1487 530 1525 Chrysostomus,
547 1492 618 1526 ipsos
637 1501 732 1529 nempe
746 1495 838 1522 eadem
849 1484 925 1524 asse-

134 1534 224 1560 ruisse
236 1538 263 1561 et
269 1535 438 1570 pnedicasse,
448 1545 507 1572 qua:
515 1538 653 1572 Sabellius,
664 1541 707 1574 qui
716 1541 817 1569 diccbat
829 1541 923 1570 Filium

132 1583 161 1605 et
181 1578 288 1607 Patrem
306 1585 333 1608 et
346 1581 474 1616 Spiritum
488 1588 606 1611 sanctum
621 1593 698 1613 unam
711 1594 772 1614 esse
784 1595 924 1621 personam

132 1622 229 1656 (Temo
238 1625 410 1662 duodecimo).
425 1627 462 1655 De
480 1628 594 1656 Marcelli
610 1638 672 1657 vero
684 1631 804 1659 doctrina
818 1633 923 1669 longam

131 1670 276 1698 diatribam
292 1672 422 1700 edidimus
437 1681 508 1702 anno
523 1675 591 1704 i707
607 1684 614 1703 :
636 1676 679 1704 ubi
696 1678 754 1712 ejus
765 1681 923 1709 sententiam

129 1725 165 1745 ex
179 1717 298 1755 Eusebio
308 1718 438 1753 Pamphili
455 1725 592 1756 exceptam
607 1722 646 1750 sic
663 1725 840 1759 expressimus
854 1725 923 1761 (Col-

128 1762 207 1789 lectio
221 1762 298 1790 Nora
312 1763 416 1792 Patrum
429 1770 448 1792 t.
457 1765 484 1793 2.
497 1767 580 1801 initio)
602 1777 609 1795 :
623 1767 695 1796 Unus
708 1769 739 1796 ab
748 1775 841 1798 artemo
854 1771 923 1800 Deus

127 1808 231 1835 exsistit
251 1815 262 1835 .'
283 1809 355 1844 cujus
381 1810 473 1844 Ratio,
503 1817 548 1839 aut
575 1811 699 1847 Verbum,
730 1823 789 1842 nam
818 1821 923 1852 utroque

126 1854 205 1880 modo
218 1855 382 1888 exprimitur,
402 1857 496 1890 pariter
507 1863 638 1892 utentum,
655 1868 734 1886 unum
747 1866 783 1888 est
797 1870 854 1889 cum
868 1862 921 1890 Deo

125 1898 182 1933 ipso
191 1899 337 1926 substantia
349 1904 373 1928 et
387 1901 525 1936 ltypostasi,
536 1903 572 1930 ita
582 1908 609 1931 ut
623 1905 694 1932 nulla
703 1906 736 1932 sit
748 1906 812 1934 inter
825 1913 921 1935 utraut-

123 1952 173 1979 que
183 1945 317 1972 distinctio
328 1954 339 1973 :
353 1951 438 1982 estque
449 1948 548 1975 uerbum
558 1950 644 1983 silem,
657 1950 794 1979 internum.
809 1952 920 1988 Spiritus

123 1990 184 2018 item
196 1996 305 2019 sanctus
323 1992 350 2020 in
364 1992 418 2020 Deo
436 1994 467 2020 ab
482 1999 575 2022 (eterna
587 1996 646 2031 fuit,
662 1997 733 2024 nulla
743 1998 858 2026 similiter
871 2001 920 2027 nisi

122 2037 237 2065 nominis
246 2041 272 2064 et
281 2038 387 2065 rationis
400 2039 565 2067 distinctione.
579 2039 643 2068 Cum
649 2047 732 2069 autem
744 2042 813 2070 Deus
825 2052 917 2079 opera-

122 2087 165 2109 tur
178 2087 203 2110 et
216 2083 344 2118 loquitur,
361 2089 421 2112 tunc
438 2084 546 2112 Verbum
563 2094 609 2114 ceu
621 2088 736 2122 quadam
748 2089 857 2123 emissio,
873 2099 919 2117 eo;-

119 2129 202 2156 tensio
217 2134 243 2156 et
253 2129 372 2157 dilatatio
384 2130 484 2159 deitatis
493 2131 585 2166 prodit,
600 2137 624 2159 et
637 2139 692 2168 post
703 2139 800 2169 gestum
809 2143 873 2170 opus
885 2136 919 2162 ad

119 2172 206 2201 Deum
218 2175 365 2208 reuertitur,
378 2180 403 2203 et
416 2176 444 2203 in
453 2177 705 2211 pristinaeonditione
713 2184 805 2207 manet.
817 2179 919 2207 Pariter

118 2222 244 2250 emissum
266 2222 321 2259 fuit
341 2222 459 2257 Verbum,
482 2229 509 2251 ut
523 2233 624 2252 carnem
636 2231 790 2260 assumeret;
812 2232 918 2262 tuncque

118 2265 206 2294 Filius
218 2266 274 2295 Dei
289 2266 407 2300 effectum
419 2273 468 2301 est,
481 2268 537 2296 Rea:
549 2269 618 2302 item,
632 2269 756 2304 Christus,
772 2272 856 2307 imago
869 2271 918 2299 Dei

114 2312 268 2346 invisibilis,
290 2317 316 2340 et
330 2312 515 2350 Primogenitus
527 2316 607 2343 omnis
621 2321 754 2347 creatura.
771 2326 828 2345 cum
841 2323 916 2346 antea

114 2357 184 2385 nihil
194 2366 290 2386 eorum
302 2359 391 2394 fuisset
405 2367 415 2386 :
427 2367 458 2387 ac
470 2365 527 2395 post
538 2362 660 2395 iudicium
673 2363 726 2390 lucc
741 2364 825 2391 omnia
837 2365 916 2392 amis—

112 2410 215 2437 surum,
229 2409 313 2439 atque
326 2409 352 2431 ut
366 2405 438 2444 prius
449 2414 526 2433 unum
535 2415 591 2435 cum
605 2407 684 2435 Patre
695 2411 808 2443 futurum
817 2415 863 2437 est.
880 2410 914 2439 Ut

111 2453 201 2475 autem
223 2448 340 2477 Verbum
354 2455 391 2477 est
400 2452 509 2479 extensio
521 2457 545 2479 et
557 2453 673 2480 dilatatio
681 2453 738 2487 Dei,
754 2455 789 2482 sic
798 2459 822 2482 et
832 2455 915 2490 Spiri-

110 2500 152 2524 tus
165 2502 278 2524 sanctus
293 2496 400 2524 ulterior
410 2498 519 2525 extensio
533 2503 556 2525 et
569 2498 684 2527 dilatatio
697 2505 743 2532 est,
764 2502 807 2535 qui
821 2503 915 2537 pariter

107 2550 124 2568 α
139 2540 196 2568 Deo
209 2542 342 2570 mittitur
353 2546 378 2569 et
390 2542 425 2569 ad
432 2542 514 2570 Deum
526 2544 656 2571 revertitur
666 2550 692 2572 ut
706 2544 822 2579 Verbum,
833 2555 913 2574 unus-

107 2594 157 2619 que
168 2592 209 2614 est
223 2595 289 2614 cum
302 2586 360 2618 Deo
371 2591 395 2614 et
415 2586 493 2615 Verbo
504 2588 559 2616 sine
569 2589 622 2616 ulla
635 2589 802 2618 distinctione.

145 2632 213 2660 [iam
226 2632 353 2660 Marcelli
363 2634 492 2661 sententia
505 2639 546 2661 est
553 2635 697 2663 secundum
709 2636 814 2664 Eusebii
826 2638 911 2672 expli-

105 2677 259 2710 cationem.
281 2677 341 2710 cui,
360 2678 407 2706 sed
420 2686 473 2706 non
488 2679 523 2707 ita
537 2680 618 2715 clare,
634 2681 826 2716 adstipulantur
837 2683 912 2710 Basi-

107 2723 159 2751 lius
175 2728 204 2751 et
219 2721 426 2756 Theodoretus,
443 2723 538 2759 quibus
550 2725 576 2752 in
591 2725 650 2753 loco
663 2734 742 2761 supra
763 2733 910 2755 memorato

103 2768 224 2797 succinit
244 2767 470 2803 Chrysostomus.
495 2769 523 2797 Si
544 2777 623 2805 porro
641 2771 700 2798 talis
721 2772 779 2806 ejus
793 2772 909 2800 doctrina

104 2814 163 2847 fuit,
176 2815 204 2842 in
219 2813 304 2842 nullo
317 2820 382 2841 vere
393 2813 530 2842 diﬂ‘erebat
541 2823 556 2842 a
570 2815 685 2843 Sabellio
698 2821 724 2844 et
734 2816 909 2852 Patripassia—

103 2859 165 2892 nis;
181 2863 211 2887 et
223 2857 385 2894 Epiphanio
399 2863 477 2892 teste,
491 2866 630 2895 suspectus
639 2862 717 2888 etiam
731 2861 779 2889 fuit
793 2862 910 2890 Athana-

101 2904 143 2932 sio
162 2904 274 2939 pridem
298 2902 357 2931 sibi
369 2904 466 2934 amico.
486 2905 582 2933 Verum
605 2906 631 2933 in
646 2907 703 2940 ejus
722 2907 826 2942 scriptis
847 2908 908 2935 illos

102 2953 194 2978 mutos
207 2955 329 2985 more;
340 2947 548 2984 deprehendere
561 2948 667 2979 difficile
681 2952 769 2980 interit.
788 2952 853 2981 Utut
865 2961 908 2982 res

100 3001 152 3030 est,
162 2992 394 3024 Herculaneum
405 3002 435 3023 se
445 2995 544 3023 videret
558 3003 572 3023 a
583 2997 680 3025 Basilio
691 3002 718 3024 et
730 2997 788 3025 aliis
799 2999 907 3026 damna—

99 3043 136 3076 ri.
158 3047 186 3070 et
200 3041 277 3077 apud
294 3046 426 3074 magnum
440 3040 611 3069 Athanasium
632 3047 783 3077 suspectum
804 3044 903 3077 haberi,

983 437 1113 472 (Collectio
1125 446 1188 465 noua
1198 438 1304 466 Patrum
1316 444 1334 466 t.
1342 438 1368 465 Ξ.
1381 448 1406 474 p.
1418 439 1458 474 1),
1470 446 1521 474 qua
1533 446 1563 466 se
1575 444 1648 466 recte
1660 439 1769 470 sentire,

982 488 1009 510 et
1022 490 1037 510 a
1052 482 1195 511 Catholica!
1210 484 1336 512 Ecclesia:
1349 485 1399 512 llde
1408 485 1434 512 in
1447 484 1519 512 nullo
1529 484 1670 512 deflectere
1683 485 1767 513 decla-

982 529 1066 562 rabat,
1090 530 1131 557 cui
1155 530 1336 565 subscripsere
1360 531 1521 558 Athanasius
1543 536 1571 558 et
1593 531 1636 558 alii
1654 530 1768 568 Egyptii

982 575 1108 610 episcopi.
1125 575 1187 602 Post
1200 575 1317 604 Marcelli
1329 584 1394 603 vero
1410 582 1522 603 mortem
1537 577 1596 610 ejus
1607 576 1726 611 discipuli
1741 577 1767 603 iu

983 620 1162 655 Diospolitana
1176 621 1292 657 Synodo,
1310 622 1424 649 similem
1438 622 1496 649 fidei
1508 622 1700 650 confessionem
1712 629 1772 656 pro-

982 665 1108 699 ferentes,
1131 666 1163 693 ad
1183 667 1395 694 communionem
1410 672 1437 695 et
1456 675 1470 694 a
1484 668 1593 703 Synodo
1605 673 1633 695 et
1646 675 1661 694 a
1674 666 1769 696 Basilio

981 712 1090 740 admissi
1106 717 1176 740 sunt.
1190 712 1255 740 Rem
1269 718 1345 741 antea
1359 714 1517 746 intricatam,
1532 714 1680 742 luculenter
1693 722 1707 741 a
1722 723 1767 741 no.

981 758 1021 786 bis
1033 760 1188 794 explicatam
1205 760 1285 788 habes
1299 760 1324 787 in
1339 765 1485 788 memorato
1501 761 1577 788 libro.

1017 804 1144 833 Photinus
1163 810 1250 833 autem
1266 805 1380 833 Marcelli
1403 806 1547 841 discipulus
1567 807 1672 834 dicebat
1689 807 1770 835 Chri-

980 853 1051 878 stum
1064 851 1136 878 nullo
1149 850 1228 878 modo
1241 851 1373 879 exstitisse
1385 856 1525 887 antequam
1539 852 1565 879 in
1578 852 1657 879 Maria
1667 853 1771 888 Virgine

980 896 1108 931 originem
1121 897 1239 925 duceret.
1254 897 1328 924 Illum
1343 905 1402 924 cum
1417 897 1499 925 Paulo
1515 898 1689 926 Samosateno
1703 906 1767 926 con-

980 942 1079 969 sentire
1092 943 1220 977 putabant
1234 943 1310 970 multi
1325 951 1331 970 :
1346 943 1554 978 ChrySostomus
1568 951 1646 978 supra
1663 943 1770 971 Sabellii

979 987 1064 1014 errori
1079 987 1212 1015 addictum
1232 988 1314 1015 fuiSse
1326 987 1390 1015 dicit
1410 988 1519 1022 perinde
1539 993 1618 1023 atque
1632 987 1769 1016 doctorem

980 1039 1055 1059 suum
1070 1032 1232 1065 Marcellum,
1243 1034 1288 1069 qui
1298 1033 1441 1060 Sabellium
1456 1033 1481 1060 in
1495 1034 1585 1061 multis
1599 1035 1768 1069 sequebatur,

979 1079 1002 1105 si
1018 1086 1081 1106 vere
1096 1079 1139 1106 illa
1155 1080 1277 1111 senserit,
1292 1087 1352 1114 qua:
1366 1079 1496 1106 Eusebius
1510 1079 1559 1114 ipsi
1579 1087 1657 1115 supra
1671 1079 1770 1107 adscri-

980 1124 1027 1151 bit.
1043 1124 1139 1151 Vcrum
1152 1125 1289 1152 Marcellus
1309 1125 1334 1152 iu
1348 1130 1468 1152 extremo
1487 1125 1548 1152 viuc
1561 1132 1641 1152 cursu
1653 1125 1769 1153 Catholi-

980 1177 1038 1197 cam
1059 1171 1148 1198 emisit
1173 1171 1232 1198 ﬁdei
1257 1170 1459 1205 professionem.
1484 1171 1613 1199 Photinus
1635 1179 1699 1199 vero
1725 1172 1768 1199 illa

981 1216 1070 1243 omnia
1084 1217 1224 1251 scripsisse
1238 1217 1352 1251 videtur,
1365 1225 1423 1252 quac
1436 1217 1536 1245 doctori
1553 1217 1634 1253 ipsius
1647 1217 1770 1245 Marcello

981 1260 1108 1288 Eusebius
1122 1261 1257 1289 adscribit.

1015 1307 1114 1335 Praeter
1126 1307 1192 1340 haec,
1204 1308 1254 1335 alia
1271 1307 1354 1336 refert
1363 1308 1570 1344 (Ibrysostomus
1578 1309 1649 1336 circa
1662 1316 1768 1336 errores

978 1352 1076 1380 multos
1088 1354 1132 1387 qui
1147 1360 1196 1380 suo
1206 1361 1263 1380 aevo
1279 1354 1346 1388 apud
1360 1354 1540 1382 Antiochcnos
1555 1355 1686 1390 vigebant,
1700 1363 1768 1390 quo-

978 1406 1036 1425 rum
1050 1398 1160 1433 aliquot,
1173 1403 1202 1427 ut
1218 1407 1249 1428 es
1265 1399 1343 1427 dictis
1357 1400 1414 1435 ejus
1425 1401 1578 1436 percipitur,
1594 1401 1620 1428 in
1636 1408 1684 1429 ore
1696 1401 1766 1434 vulgi

978 1442 1139 1471 ferebantur.

1015 1498 1024 1514 t
1040 1489 1147 1517 Plurimi
1160 1494 1222 1518 tunc
1234 1495 1320 1524 erant,
1334 1491 1378 1526 qui
1390 1491 1469 1518 futuri
1481 1492 1570 1519 sasculi
1591 1496 1619 1519 et
1645 1499 1765 1520 resurre-

977 1535 1070 1562 ctionis
1082 1535 1228 1564 doctrinam
1244 1537 1383 1564 admittere
1403 1537 1574 1572 pertinaciter
1586 1538 1732 1566 renuebaut
1753 1549 1760 1563 ι

979 1580 1069 1616 (Temo
1082 1581 1186 1615 primo).
1203 1582 1234 1608 Hi
1260 1582 1327 1608 haud
1349 1582 1429 1609 dubie
1443 1582 1569 1617 putabant
1582 1583 1683 1610 animas
1698 1585 1764 1610 mori

975 1633 1036 1654 cum
1057 1634 1179 1662 corpore.
1195 1627 1352 1655 Guillelmus
1379 1634 1443 1654 vero
1468 1628 1652 1662 Pastrengicus
1666 1629 1674 1663 (
1688 1628 1765 1655 'l'omn

976 1672 1084 1707 decimo)
1099 1672 1259 1699 Veronensis
1286 1672 1312 1700 in
1342 1680 1444 1708 opere,
1467 1673 1498 1700 de
1517 1672 1660 1708 Originibus
1682 1683 1764 1700 rerum

975 1722 998 1744 et
1019 1717 1051 1744 de
1077 1717 1216 1753 Scripturis
1241 1718 1351 1745 uirorum
1375 1717 1528 1751 illustrium,
1557 1718 1673 1745 Venetiis
1699 1727 1764 1746 cuso

975 1771 1046 1791 anno
1076 1764 1160 1796 1547,
1183 1764 1227 1791 ubi
1247 1765 1328 1792 refert
1356 1772 1436 1800 opera
1461 1765 1489 1792 S.
1513 1765 1622 1792 Joannis
1647 1765 1761 1801 Chryso-

975 1810 1162 1841 stomi,|ibrum
1175 1810 1232 1845 ejus
1248 1815 1377 1838 memorat
1391 1811 1442 1838 hoc
1459 1811 1550 1838 titulo:
1563 1811 1687 1838 Adversus
1701 1812 1764 1838 Ara-

974 1855 1015 1882 bes
1026 1855 1058 1882 de
1077 1854 1267 1883 Resurrectione
1282 1862 1434 1883 mortuorum
1445 1857 1501 1883 libri
1514 1857 1575 1889 duo,
1589 1857 1633 1891 qui
1651 1856 1764 1884 dicebant

972 1902 1069 1929 animas
1088 1903 1152 1929 mori
1168 1911 1225 1930 cum
1246 1912 1359 1939 corpore.
1374 1904 1423 1938 Qui
1449 1904 1631 1939 Cbrysostomi
1650 1905 1727 1937 libri,
1740 1905 1761 1931 si

972 1955 1033 1975 vere
1048 1948 1123 1975 istius
1141 1950 1223 1975 sancti
1235 1949 1350 1976 doctoris
1370 1950 1466 1977 fuerint
1478 1971 1486 1982 ,
1502 1951 1542 1978 vel
1554 1950 1635 1977 latent
1647 1950 1759 1983 alicubi,

972 1993 1015 2019 vel
1028 2000 1137 2026 prorsus
1152 1994 1318 2021 interierunt.
1341 1995 1472 2022 Eusebius
1487 2004 1549 2023 vero
1565 1996 1590 2023 in
1605 1997 1671 2024 llist.
1686 1997 1748 2025 Eccl

971 2044 999 2072 p.
1019 2037 1081 2070 153,
1091 2037 1165 2071 dicit,
1178 2038 1278 2066 Arabas
1288 2039 1409 2074 Origenis
1420 2044 1538 2074 tempore
1551 2041 1635 2076 palam
1650 2042 1759 2074 dixisse,

971 2082 1071 2110 animas
1090 2090 1158 2110 ιηοιιι
1178 2091 1238 2110 cum
1251 2091 1373 2119 corpore,
1395 2089 1495 2112 etcum
1516 2093 1548 2114 ΘΗ
1563 2093 1759 2115 resurrecturas

971 2135 1046 2155 esse:
1061 2131 1140 2163 atque
1158 2128 1285 2156 adversus
1306 2130 1364 2157 illos
1379 2134 1498 2158 coactam
1514 2131 1594 2160 fuisse
1608 2132 1757 2168 Synodum,

970 2174 1012 2201 cui
1022 2173 1106 2201 adfuit
1120 2174 1258 2210 Origenes.

1005 2220 1102 2249 Verum
1115 2222 1274 2249 Antiocheni
1291 2222 1327 2249 illi
1342 2223 1398 2258 qui,
1421 2227 1488 2250 teste
1500 2223 1701 2259 Cbrysostomo,
1717 2223 1756 2251 fu-

969 2270 1054 2294 turum
1061 2267 1187 2294 saeculum
1195 2268 1338 2302 negabant,
1349 2275 1434 2303 neque
1445 2269 1545 2295 animas
1555 2276 1639 2303 neque
1647 2276 1756 2303 corpora

969 2316 1150 2339 resurrectura
1164 2320 1223 2340 esse
1237 2313 1376 2347 putabant.
1393 2314 1525 2347 Insignem
1548 2321 1654 2349 quoque
1676 2315 1756 2341 alium

969 2357 1194 2386 Antiochenorum
1219 2359 1395 2393 complurium
1422 2367 1540 2386 errorem
1567 2366 1756 2388 commemorat

968 2402 1080 2429 Homilia
1093 2402 1128 2430 28
1141 2404 1165 2430 in
1181 2403 1344 2431 Mattlttcum.
1367 2404 1420 2432 Sed
1436 2413 1497 2438 cur,
1512 2405 1612 2441 inquit,
1627 2405 1754 2433 daemones

966 2448 993 2474 in
1013 2448 1135 2482 sepulcris
1161 2448 1264 2475 libenter
1287 2455 1417 2477 versantur
1440 2450 1537 2486 (Temo
1559 2452 1707 2487 seutitno)?
1722 2452 1755 2479 Ut

966 2494 1131 2529 perniciosam
1154 2495 1293 2522 doctrinam
1317 2496 1454 2524 multorum
1477 2499 1600 2525 mentibus
1621 2499 1753 2530 inserant,

966 2547 1054 2573 nempe
1066 2540 1163 2567 animas
1184 2546 1340 2568 mortuorum
1358 2545 1486 2569 daemonas
1498 2543 1564 2576 ﬁeri,
1582 2543 1650 2578 quod
1664 2551 1695 2569 ne
1709 2550 1753 2569 co-

964 2585 1023 2620 gitet
1035 2585 1159 2620 quispiam
1169 2586 1241 2612 absit.
1257 2585 1309 2613 Sed
1325 2587 1386 2623 quid
1399 2587 1477 2620 dicas,
1490 2588 1621 2623 inquiunt,
1641 2587 1673 2614 de
1685 2595 1751 2621 prte—

964 2632 1133 2666 stigiatoribus
1153 2632 1255 2663 multis,
1277 2632 1320 2665 qui
1342 2638 1429 2666 captos
1453 2642 1542 2668 pueros
1560 2632 1700 2667 jugulanl,
1724 2637 1753 2660 at

963 2677 1074 2704 animam
1097 2682 1183 2713 postea
1203 2677 1250 2704 sibi
1272 2678 1454 2705 ministrantem
1468 2677 1675 2705 ltobeant?Nam
1687 2680 1753 2712 quod

959 2725 1088 2761 jugulent,
1105 2725 1152 2752 hoc
1170 2724 1243 2752 mulli
1263 2726 1368 2758 dicunt;
1384 2725 1451 2759 quod
1466 2730 1549 2752 autem
1564 2732 1685 2752 uasorum
1695 2726 1752 2751 ani-

962 2778 1010 2797 ma:
1022 2778 1078 2797 cum
1094 2770 1155 2805 ipsis
1169 2770 1229 2803 sint,
1241 2770 1318 2803 unde,
1334 2778 1427 2806 quaso,
1441 2769 1530 2796 nosti?
1540 2768 1607 2803 Ipsi,
1620 2769 1750 2804 inquiunt,

963 2816 1108 2843 dmoniaci
1128 2817 1174 2843 hoc
1195 2817 1281 2843 dicunt
1297 2824 1306 2842 :
1322 2816 1376 2850 Ego
1396 2823 1452 2842 sum
1471 2815 1556 2841 anima
1576 2815 1643 2842 illius
1660 2816 1747 2850 cujus-

964 2863 1041 2896 piam.
1063 2861 1154 2888 Verum
1175 2863 1228 2889 [nec
1247 2863 1318 2896 [rans
1332 2866 1354 2887 et
1370 2860 1474 2896 fallacia
1496 2859 1620 2887 diabolica
1639 2866 1751 2887 estmo-

961 2917 1009 2943 que
1021 2908 1087 2935 enim
1107 2908 1192 2934 anima
1207 2907 1297 2933 mortui
1320 2911 1356 2933 est
1375 2914 1431 2942 quae
1447 2906 1559 2939 clamat,
1573 2906 1618 2933 sed
1632 2914 1728 2933 memon
1742 2928 1747 2938 ,

961 2954 1003 2989 qui
1018 2954 1064 2980 hoc
1087 2953 1189 2980 simulat
1201 2957 1229 2979 ut
1248 2952 1375 2980 auditores
1398 2952 1516 2987 decipiat.
1539 2952 1607 2979 Nam
1627 2953 1650 2979 si
1668 2959 1750 2986 possit

963 3000 1048 3026 animo
1062 2998 1088 3025 in
1107 2998 1228 3025 daemonis
1239 2997 1405 3025 substantiam
1426 2997 1540 3034 ingredi,
1555 2998 1634 3024 multo
1648 2997 1750 3031 [acilius

961 3047 986 3072 in
1000 3053 1090 3078 corpus
1103 3052 1176 3071 suum
1187 3043 1365 3078 ingrederetur.
1380 3045 1506 3072 Pra'terea
1519 3042 1573 3074 quis
1584 3042 1681 3069 ratione
1690 3047 1750 3072 pw-

2121 738 2125 755 ι

2126 884 2129 906 μ

1995 1015 2012 1024 ,ρ
2091 1069 2094 1076 ’
2129 1024 2133 1063 3
2216 1039 2219 1075 ἶ

1995 1186 1999 1203 ο
2063 1196 2094 1214 vl.
2182 1212 2183 1215 Ἰ

1972 1266 2027 1319 λίκ

1997 1331 2002 1334 .
2040 1336 2072 1362 μ
2093 1330 2138 1361 .

1980 1390 1983 1397 ’
2187 1405 2189 1414 η

1976 1445 2006 1474 «Ἀ
2159 1439 2233 1477 ,ί-

1973 1476 1993 1534 tu
2029 1473 2216 1532 ιτῗυπε

1974 1524 2010 1548 .ηί
2043 1524 2178 1562 .;‘_?
2205 1531 2210 1537 ‘

1980 1670 1981 1674 η
2036 1631 2079 1668 ‹“

2108 1823 2123 1888 ῖ-
2157 1809 2250 1886 -ξτ
2279 1827 2302 1881 κ

2146 1893 2258 1930 ,‘-‘:_‘
2277 1889 2301 1927 hi

2050 1930 2055 1934 '
2189 1927 2214 1963 δ’
2237 1930 2302 1970 θεέ)
2344 1966 2345 1969 η

2192 1965 2305 2048 eiii

2214 2236 2247 2272 ’λδ
2331 2231 2365 2279 μ’

2271 2274 2365 2379 »ξι

2224 2369 2369 2416 "ﬂ

2236 2486 2263 2498 γι
2299 2483 2331 2506 ῖ

2268 2515 2298 2562 ιζ’
2323 2514 2367 2559 ἱ,

2266 2567 2301 2652 ξρξ
2323 2580 2367 2622 1‘

2322 2641 2339 2680 ι’
2365 2643 2370 2670 ξ

2240 2746 2270 2784 ’Ξ
2318 2756 2348 2836 ρ’

2327 2815 2334 2834 Ἰ

2300 2796 2370 3242 lx

2284 2927 2289 2935 η
2317 2900 2348 2938 li

2284 2959 2290 2978 τ’
2320 2943 2352 2982 "3

2283 2994 2303 3034 ξι
2332 2979 2358 3034 ῒλ
