3938 6136
413 370 486 423 τε
1747 343 2065 403 SYNOPSIS
2090 346 2328 406 eorum
3585 349 3660 405 7t

415 485 550 536 ditus
579 481 776 534 credere
801 479 952 549 possit
981 477 1196 528 anintam
1223 473 1411 532 (cesam,
1439 488 1491 524 se
1533 470 1732 524 [cedenti
1755 470 1990 525 sociare?

426 582 513 625 aut
549 571 795 624 hominem
826 583 968 637 posse
992 567 1087 618 vim
1110 563 1523 634 incorporeantiu
1559 562 1765 613 alteram
1801 569 1990 614 mutare

426 659 802 717 substantiam?
846 657 982 711 Nam
1010 657 1053 709 si
1081 658 1133 709 in
1177 653 1466 724 corporibus
1505 652 1558 703 id
1601 651 1709 720 ﬁeri
1748 660 1986 718 nequeat,

419 771 507 807 nec
532 753 788 824 quisquam
818 749 972 820 possit
998 763 1176 817 corpus
1201 745 1414 798 hominis
1442 746 1494 795 in
1519 757 1697 810 corpus
1725 741 1853 792 asini
1881 756 1988 792 mu-

415 857 540 910 tare,
571 841 905 911 multomagis
930 841 980 891 in
1015 839 1184 889 aninta
1211 835 1442 889 invisibili
1469 833 1521 885 id
1547 833 1657 900 ﬁeri
1694 832 1877 900 nequit,
1901 846 1991 883 nec

423 937 534 1005 quis
555 935 707 1005 possit
727 933 869 987 illaut
893 933 946 984 in
971 931 1210 984 dtemonis
1230 927 1553 982 substantiam
1577 934 1778 980 vertere.

507 1025 852 1080 Antiochenis
896 1023 1056 1076 etiam
1094 1021 1220 1074 dicit
1249 1018 1527 1072 nonnullos
1564 1015 1836 1070 haereticos
1873 1029 1992 1069 esse

420 1117 508 1186 qui
536 1115 865 1168 afﬁrmarent
885 1113 1028 1166 aliud
1056 1126 1248 1178 corpus
1273 1109 1484 1174 cadere,
1519 1106 1658 1160 aliud
1687 1121 1988 1175 resurgere.

424 1225 445 1256 ι
474 1205 748 1273 Quomodo
793 1218 917 1271 ergo
943 1201 1256 1256 resurrectio
1282 1198 1436 1252 fuerit
1460 1216 1478 1249 s
1513 1197 1530 1265 (
1555 1196 1708 1248 Tomo
1737 1194 1993 1264 decimo)?

418 1299 605 1367 inquit,
649 1315 668 1348 ι
717 1297 760 1349 si
791 1310 979 1362 nempe
1003 1293 1142 1346 aliud
1168 1291 1353 1356 cadat,
1380 1288 1520 1343 aliud
1553 1285 1827 1355 resurgat?
1853 1285 1992 1339 unde

422 1390 523 1442 hoc
543 1387 757 1460 quaeso?
786 1386 994 1440 aliudue
1036 1382 1286 1451 peccavit,
1319 1389 1373 1434 et
1407 1378 1547 1432 aliud
1575 1377 1824 1446 punitur?
1850 1374 1992 1429 aliud

423 1490 567 1533 recte
594 1478 748 1542 fecit,
779 1485 832 1531 et
857 1475 994 1529 aliud
1024 1472 1342 1528 coronatur?
1371 1488 1389 1522 ι
1425 1468 1575 1538 Apud
1618 1466 1989 1521 Constantino-

427 1573 691 1642 politanos
736 1571 894 1624 etiam
944 1567 1090 1622 multi
1145 1575 1294 1620 erant
1334 1563 1422 1633 qui
1469 1563 1704 1616 dicerent
1741 1561 1870 1613 alios
1910 1574 1994 1613 rc-

420 1674 750 1719 surrecturos
770 1705 783 1726 ,
811 1662 942 1715 alios
982 1675 1088 1714 non
1127 1667 1518 1728 resurrecturos
1554 1669 1706 1720 esse,
1736 1667 1866 1721 quos
1904 1665 1993 1704 va-

429 1754 693 1808 lidissimis
740 1752 1059 1822 argumentis
1109 1747 1345 1805 confutat
1390 1742 1992 1816 Chrysostomus(Tomo

422 1846 711 1899 duodecimo
733 1847 770 1913 ).

489 1937 652 1990 Erant
677 1936 834 1989 etiam
863 1934 1077 2004 quidam
1118 1933 1208 2002 qui
1234 1929 1732 1986 dicebant‘animam
1756 1935 1990 1981 nostram

416 2046 480 2083 cx
509 2030 797 2084 subSIauti-a
847 2029 938 2081 Dei
980 2041 1134 2088 esse;
1162 2035 1216 2080 et
1257 2025 1309 2076 in
1351 2024 1481 2077 alios
1526 2035 1735 2076 errores
1786 2027 1989 2072 temere

420 2119 756 2174 ferebantur:
787 2133 887 2187 qua
913 2117 978 2171 de
1019 2132 1075 2170 re
1119 2114 1413 2167 audiendus
1439 2120 1519 2166 est
1559 2111 1988 2181 Chrysostomus.

421 2211 472 2263 In
528 2210 640 2262 haec
685 2208 952 2263 Geneseos
996 2207 1152 2259 verba
1200 2203 1394 2269 (Tomo
1433 2199 1665 2271 quarto):
1718 2198 1784 2251 Et
1836 2197 1994 2262 inspi-

417 2303 541 2354 ravit
581 2303 632 2353 in
681 2300 860 2368 faciem
915 2300 1023 2360 eius
1074 2295 1380 2366 spiraculum
1431 2294 1580 2358 vita,
1615 2301 1658 2343 et
1713 2295 1876 2359 {actus
1922 2301 1993 2345 est

418 2395 566 2444 homo
630 2392 681 2443 in
741 2390 961 2442 animam
1015 2388 1287 2450 viventem,
1331 2385 1404 2438 ait
1450 2383 1589 2437 ille:
1634 2381 1731 2434 Hic
1790 2381 1992 2449 quidam

420 2483 552 2534 male
595 2480 798 2550 feriati,
850 2478 1070 2547 propriis
1111 2477 1231 2529 moti
1266 2475 1575 2539 ratiociniis,
1621 2473 1840 2543 nihilque
1882 2470 1992 2525 Deo

425 2572 634 2641 diguunt
681 2570 984 2639 cogitantes,
1038 2583 1195 2634 neque
1233 2569 1493 2619 verborum
1537 2563 1992 2631 attemperationem

419 2679 586 2714 secum
614 2670 900 2731 reputantes
924 2701 938 2725 ,
984 2660 1148 2711 dicere
1186 2657 1372 2710 audent
1415 2657 1632 2708 animant
1664 2671 1724 2707 ea:
1748 2653 1842 2706 Dei
1875 2655 1989 2707 sub.

418 2757 602 2806 stantia
631 2766 751 2804 esse.
788 2750 831 2803 0
869 2749 1158 2803 insaniam!
1180 2764 1208 2800 o
1232 2746 1540 2801 amentiam!
1587 2746 1719 2811 Quot
1761 2745 1992 2813 perniciei

416 2847 523 2900 uias
568 2846 796 2899 diabolus
843 2844 1038 2915 paravit
1083 2842 1356 2895 cultoribus
1401 2840 1548 2893 suis?
1587 2838 1653 2891 1d
1694 2847 1747 2890 ut
1789 2837 1987 2902 discas,

418 2937 667 3008 perpende
714 2952 862 3005 quant
904 2934 1112 2987 diversis
1172 2933 1404 2984 incedant
1456 2931 1565 2983 viis.
1605 2927 1741 2981 Nam
1783 2926 1871 2980 alii
1930 2943 1991 2979 ea:

417 3030 510 3080 hoc
562 3027 744 3089 verba,
800 3025 1116 3094 inspiravit,
1187 3039 1363 3075 ansam
1422 3019 1753 3089 arripientes,
1819 3017 1989 3070 dicunt

417 3118 609 3169 animas
639 3133 700 3169 ea:
726 3114 1006 3169 substantia
1050 3113 1144 3165 Dei
1172 3129 1314 3176 esse;
1352 3112 1440 3164 alii
1461 3126 1662 3162 rursum
1700 3109 1907 3170 dicunt,
1937 3108 1988 3160 in

416 3208 762 3260 vilissimorum
789 3205 1046 3258 brutorunt
1070 3202 1402 3257 substantiam
1429 3201 1565 3269 ipsas
1611 3201 1823 3252 transire
1840 3215 1858 3252 :
1891 3215 1990 3268 qua

416 3298 630 3350 amentia
651 3297 770 3365 quid
794 3296 1007 3348 deterius
1028 3311 1131 3347 esse
1152 3292 1347 3362 possit?
1371 3291 1501 3358 Quia
1525 3291 1655 3344 enint
1676 3290 1990 3343 obtenebrata

415 3400 485 3442 est
505 3390 635 3442 ratio
665 3405 835 3441 eorum
855 3427 872 3453 ,
915 3395 959 3440 et
989 3402 1159 3438 verum
1198 3384 1476 3453 Scriptura:
1499 3398 1696 3435 sensum
1722 3375 1985 3450 ignorant,

416 3480 558 3548 quasi
585 3479 819 3532 τεθωραιὶ
864 3476 1041 3530 mentis
1069 3475 1228 3528 oculis
1268 3474 1322 3526 in
1364 3474 1557 3526 diversa
1585 3474 1813 3542 feruntur
1856 3487 1987 3539 pra:-

415 3571 585 3640 cipitia
605 3610 620 3634 ,
638 3572 772 3640 dum
800 3568 888 3621 alii
913 3566 1054 3620 illam
1099 3581 1253 3634 supra
1279 3564 1570 3633 dignitatem
1612 3561 1826 3627 e/ferunt
1846 3599 1864 3628 ,
1899 3563 1989 3614 alii

417 3673 578 3715 autent
622 3662 757 3730 infra
805 3660 1092 3729 dignitatem
1141 3657 1466 3726 deprintunt:
1505 3654 1583 3708 illi
1638 3654 1860 3708 videlicet
1904 3657 1988 3724 qui

418 3754 825 3822 metempsycosin
850 3751 1172 3814 inducebant,
1222 3766 1308 3802 seu
1336 3749 1594 3802 transitum
1619 3749 1802 3803 anima
1824 3747 1987 3801 Itami-

419 3844 494 3897 nis
532 3843 586 3895 in
622 3844 754 3912 [eras
783 3850 827 3894 et
874 3842 1014 3894 bruta
1039 3839 1297 3893 animalia.

488 3935 632 3988 Multi
664 3943 814 3988 erant
843 3933 1204 4003 Chrysostomi
1231 3947 1344 3985 aavo
1370 3973 1382 3996 ,
1433 3931 1520 4000 qui
1551 3930 1779 3983 divinam
1809 3929 1986 3998 provi-

419 4025 649 4079 dentiam
691 4033 965 4092 negantes,
990 4023 1167 4077 omnia
1216 4021 1324 4076 fato
1353 4021 1476 4075 ferri
1516 4021 1761 4074 dicebant
1785 4060 1800 4084 ,
1831 4029 1986 4090 puta-

421 4115 647 4184 bantqne
674 4128 770 4167 nos
791 4129 852 4167 ex
881 4113 969 4166 fati
999 4113 1313 4167 necessitate
1335 4111 1419 4164 vel
1449 4113 1649 4164 bonum
1679 4110 1761 4163 vel
1791 4111 1984 4164 malum

420 4216 758 4276 perpetrare;
790 4205 858 4257 ita
893 4215 950 4257 ut
991 4218 1202 4257 omnem
1231 4201 1434 4256 arbitrii
1479 4201 1773 4256 libertatem
1806 4201 1988 4254 tollere

420 4297 743 4361 viderentur,
775 4295 1149 4363 hominemque
1195 4309 1224 4346 a
1269 4292 1444 4346 studio
1474 4293 1737 4347 sectanda:
1782 4293 1988 4346 virtutis

419 4394 474 4440 et
502 4386 746 4454 nequitias
773 4384 1032 4454 fugienda:
1053 4392 1295 4436 avertere
1318 4401 1330 4436 :
1358 4398 1462 4452 qua
1507 4391 1657 4451 peste
1682 4398 1799 4450 qua:
1824 4383 1989 4450 possit

422 4491 540 4530 esse
569 4476 780 4544 major?
817 4477 1151 4544 Quapropter
1193 4473 1347 4541 hujus
1389 4473 1648 4541 Opinionis
1698 4480 1987 4525 assertores

423 4567 765 4621 vehementer
791 4567 1020 4632 exagitat
1049 4564 1474 4634 Chrysostomus.
1504 4564 1663 4616 Erant
1689 4564 1826 4617 enim
1857 4579 1988 4616 non-

421 4658 552 4712 ttttlli
577 4657 664 4726 qui
683 4655 924 4708 dicebant
950 4655 1292 4722 philosophos
1310 4653 1556 4723 praeclara
1575 4653 1813 4721 quzedam
1844 4654 1988 4708 inve-

418 4753 564 4805 nisse
610 4759 663 4802 et
693 4748 1060 4816 praestantiora
1092 4747 1156 4800 iis
1182 4761 1298 4815 qua:
1335 4745 1403 4799 de
1427 4747 1810 4800 resurrectione
1839 4746 1985 4800 dice-

419 4843 611 4895 bantur
636 4837 826 4909 (Tomo
879 4835 1076 4907 sexto);
1105 4837 1220 4889 illos
1267 4850 1456 4903 nempe
1502 4835 1841 4905 philosophos
1861 4879 1874 4902 ,
1899 4837 1988 4906 qui

419 4934 582 4985 fatum
631 4928 982 4992 inducebant,
1015 4926 1263 4980 docentes
1314 4940 1402 4979 res
1448 4925 1602 4994 hujus
1643 4926 1820 4980 mundi
1871 4941 1987 4980 om-

418 5040 512 5078 nes
550 5023 693 5077 nulla
728 5021 837 5091 geri
884 5018 1246 5091 providentia,
1278 5017 1574 5087 nullamque
1618 5019 1768 5072 nobis
1813 5033 1986 5073 rerum

418 5133 598 5170 curam
643 5131 762 5172 esse
805 5114 998 5169 debere
1030 5111 1227 5183 (Tomo
1266 5111 1585 5183 undecimo).
1616 5113 1891 5167 Addebam
1918 5115 1991 5168 iu-

419 5224 578 5280 super
618 5210 791 5264 omnia
838 5216 1082 5263 constare
1121 5220 1186 5260 ex
1211 5204 1420 5258 atomis.
1448 5204 1548 5256 Alii
1583 5219 1710 5258 vero
1747 5205 1991 5259 dicebant

424 5303 587 5356 Deum
613 5317 730 5357 esse
759 5311 812 5356 et
839 5296 1317 5368 metempsychosiu
1355 5294 1726 5359 admittebant,
1761 5295 1987 5349 homini-

423 5395 623 5461 busque
655 5392 946 5447 suadebant
989 5391 1146 5444 talem
1189 5388 1272 5443 vel
1303 5387 1458 5441 talem
1498 5386 1781 5456 aliquando
1827 5385 1990 5442 fuisse

422 5501 628 5549 canem,
657 5486 738 5538 vel
770 5486 963 5553 piscem
991 5485 1070 5537 vel
1103 5483 1330 5537 leonem.
1364 5481 1526 5534 Erant
1553 5479 1747 5548 quippe
1772 5480 1862 5533 illo
1879 5494 1991 5532 aevo

427 5574 718 5642 philosophi
736 5576 952 5644 gentiles
972 5575 1145 5637 multi,
1160 5576 1246 5643 qui
1265 5573 1494 5626 tribonio
1511 5572 1698 5636 induti,
1719 5581 1771 5625 et
1793 5571 1989 5639 prolixa

426 5665 585 5718 barba
613 5665 868 5731 instructi,
895 5664 1071 5732 populi
1093 5665 1482 5718 venerationem
1498 5661 1598 5716 sibi
1617 5660 1986 5722 conciliabant,

428 5757 733 5832 plebemque
753 5755 840 5810 tali
867 5754 1168 5809 imbuebant
1190 5754 1487 5823 disciplina,
1506 5768 1622 5823 quae
1645 5752 1710 5806 ad
1729 5751 1989 5806 Christia-

2095 481 2222 521 num
2243 479 2383 538 saepe
2416 468 2662 538 pupulum
2697 468 2967 522 transibat.
3007 465 3121 521 Fati
3139 467 3319 537 opinio
3343 468 3480 523 inter
3497 476 3662 524 etate-

2093 575 2180 615 ras
2203 562 2484 624 eminebat,
2501 576 2655 632 quam
2679 575 2784 616 non
2798 561 3657 632 raroinsectaturChrysestomus.

2163 653 2353 722 lugens
2392 664 2506 708 erat
2530 653 2669 722 apud
2696 653 2988 708 Orientales
3016 653 3136 707 illos
3157 653 3464 722 opinionum
3493 663 3550 709 et
3570 670 3661 710 er-

2093 758 2273 797 rorum
2308 744 2615 800 diversitas:
2645 746 2923 800 levissimis
2946 745 3087 800 enim
3119 746 3247 799 moti
3294 747 3618 816 eonjeeturis
3641 789 3661 814 ,

2094 849 2212 901 qua:
2243 835 2292 887 in
2316 845 2544 889 mentem
2572 836 2871 902 veniebant,
2901 846 3097 890 temere
3121 846 3174 890 et
3197 837 3403 890 incaute
3426 839 3664 906 profere-

2094 924 2221 979 bant
2266 926 2316 978 iu
2341 926 2593 988 medium,
2621 935 2676 980 et
2700 931 2875 980 statim
2899 935 3190 982 sectatores
3219 926 3501 980 habebant.
3535 928 3663 983 lude

2096 1015 2288 1070 factum
2316 1027 2372 1070 ut
2398 1017 2762 1074 Occidentales
2795 1006 2898 1072 tam
2944 1019 3075 1072 levia
3108 1029 3162 1073 et
3201 1020 3473 1074 mutabilia
3519 1019 3662 1090 apud

2096 1109 2213 1162 illos
2237 1109 2473 1164 videntes
2494 1111 2797 1179 opinionum
2827 1111 3046 1164 divortia
3073 1111 3173 1165 hoc
3193 1112 3334 1167 dicto
3356 1121 3660 1180 uterentur,

2099 1197 2368 1252 Orientalis
2393 1198 2582 1253 levitas.
2615 1201 2688 1253 llli
2709 1217 2832 1254 vero
2853 1211 3033 1255 contra
3061 1203 3383 1271 reponebant
3411 1201 3663 1257 Occiden-

2097 1291 2196 1342 tale
2223 1291 2565 1360 supercilium,
2611 1292 2869 1361 superbia:
2901 1293 3201 1347 incusantes
3227 1308 3320 1348 eos
3345 1295 3432 1362 qui
3459 1295 3558 1349 sibi
3580 1295 3660 1349 le-

2095 1379 2307 1433 vitatem
2352 1380 2658 1450 objicerent.
2700 1381 2827 1448 Quze
2855 1396 2984 1436 sane
3029 1382 3212 1436 levitas
3244 1391 3390 1449 tanta
3423 1394 3557 1449 erat,
3607 1394 3665 1439 ut

2094 1470 2328 1538 quotidie
2371 1471 2423 1524 in
2471 1471 2721 1541 religione
2764 1482 2995 1527 monstra
3030 1484 3258 1542 pareret.
3293 1475 3455 1528 Erant
3482 1485 3663 1531 autem

2095 1560 2234 1626 apud
2280 1561 2400 1616 illos
2441 1563 2528 1631 qui
2555 1562 2795 1623 dicerent
2822 1564 2996 1618 omnia
3022 1579 3146 1618 casu
3175 1565 3428 1620 exsistere
3462 1565 3663 1637 (Tomo

2065 1649 2431 1725 duodecimo).
2464 1654 2714 1708 Eamdem
2739 1695 2753 1719 ,
2794 1655 2887 1709 sed
2931 1655 3152 1711 diversis
3179 1658 3357 1712 verbis
3379 1699 3394 1722 ,
3425 1658 3665 1728 profere—

2095 1742 2221 1795 bant
2261 1745 2571 1798 sententiam
2601 1761 2718 1800 eum
2745 1747 2979 1801 dicerent
3028 1763 3114 1803 res
3154 1759 3358 1804 creatas
3395 1758 3661 1805 automata

2094 1849 2230 1888 esse.
2253 1853 2272 1887 ς
2301 1836 2421 1902 Alii,
2457 1855 2475 1888 ι
2495 1837 2659 1907 pergit
2675 1839 3100 1909 Chrysostomus,
3129 1859 3148 1892 ι
3169 1841 3498 1896 daemonibus
3519 1845 3664 1898 attri-

2095 1924 2260 1978 buunt
2291 1927 2469 1980 mundi
2500 1929 2820 1983 creationem
2849 1940 2901 1984 et
2926 1931 3331 1999 providentiam,
3362 1934 3500 2002 qttod
3531 1948 3663 2003 pec-

2096 2025 2269 2068 catum
2297 2017 2381 2069 vix
2407 2018 2614 2071 veniam
2643 2018 2882 2073 admittat
2915 2038 2934 2070 ι
2970 2020 2987 2090 (
3011 2019 3168 2074 Tomo
3196 2023 3456 2076 undecimo
3483 2025 3520 2080 ).

2163 2105 2584 2161 Necromantiam
2605 2109 2758 2162 etiam
2787 2111 2874 2164 illa
2898 2120 3205 2181 tempestate
3225 2114 3478 2184 quosdam
3499 2130 3661 2170 exer-

2095 2197 2266 2251 cuisse
2285 2198 2431 2260 dicit,
2455 2199 2540 2267 qui
2563 2198 2937 2254 absurdissima
2963 2202 3124 2255 multa
3146 2204 3435 2258 tentabant:
3458 2205 3522 2259 ad
3543 2205 3663 2263 tunc

2097 2289 2370 2355 pulverum
2397 2297 2450 2343 et
2477 2290 2705 2344 cinerem
2753 2291 3085 2358 adhibentes,
3135 2301 3191 2346 ut
3217 2294 3420 2348 scilicet
3459 2311 3657 2351 arcana

2095 2388 2149 2434 et
2175 2381 2347 2435 futura
2377 2382 2474 2434 hac
2503 2392 2617 2435 arte
2643 2382 2939 2436 divinarent
2966 2382 2986 2457 (
3009 2383 3162 2437 Tomo
3190 2386 3399 2455 septimo
3421 2383 3462 2457 ).

2166 2473 2312 2527 Alios
2361 2483 2738 2528 commemorat
2794 2473 3201 2546 Chrysostomus
3259 2479 3348 2547 qui
3420 2479 3661 2535 dicerent

2095 2563 2346 2618 mundum
2389 2579 2505 2619 esse
2546 2565 2700 2620 deum
2731 2566 2750 2638 (
2773 2566 2928 2620 Tomo
2953 2568 3221 2640 deciate);
3271 2570 3362 2624 sed
3412 2570 3498 2625 ltic
3532 2583 3662 2641 puto

2094 2659 2180 2728 agi
2209 2660 2274 2715 de
2301 2661 2487 2730 priscis
2517 2662 2617 2716 illis
2644 2663 2968 2733 philosophis
3014 2673 3122 2717 tum
3153 2663 3353 2720 Graecis
3395 2675 3504 2719 tum
3548 2665 3662 2721 La-

2097 2751 2252 2815 tinis,
2297 2765 2518 2820 quorum
2583 2768 2686 2807 non
2733 2755 2885 2822 pauci
2938 2755 3191 2822 putabant
3240 2757 3491 2810 mundum
3537 2771 3662 2812 esse

2094 2841 2271 2895 deum.
2315 2842 2492 2912 Pergit
2519 2851 2694 2898 autem
2738 2845 2930 2899 ibidem
2980 2845 3037 2900 S.
3083 2845 3270 2900 doctor
3307 2863 3318 2899 :
3357 2865 3375 2898 ‹
3430 2846 3531 2900 Alii
3587 2847 3661 2901 ita

2094 2933 2273 2987 mundi
2316 2934 2754 3002 pulchritudinem
2798 2937 3122 3006 ignorarunt,
3153 2947 3210 2992 ut
3257 2937 3348 2992 Dei
3390 2940 3664 2995 creatione

2097 3023 2364 3092 indignum
2408 3025 2696 3092 haberent,
2743 3041 2806 3081 ac
2832 3027 3140 3095 perniciosae
3167 3026 3375 3081 cuidam
3423 3029 3662 3082 materia:

2094 3130 2332 3184 magnam
2361 3117 2474 3184 ejus
2503 3126 2704 3186 partem
2726 3120 3078 3187 assignarent.
3117 3138 3135 3170 ι
3181 3119 3328 3173 lianc
3373 3135 3497 3174 vero
3537 3121 3658 3189 opi-

2092 3207 2304 3260 nionem
2353 3209 2599 3263 tenebant
2627 3209 2932 3264 Valentinus
2954 3218 3009 3265 et
3051 3210 3140 3264 alii
3177 3210 3442 3276 haeretici,
3481 3221 3536 3267 ut
3577 3214 3660 3268 vi-

2091 3295 2266 3349 dimus
2293 3312 2472 3365 supra.

2162 3385 2348 3439 Malam
2373 3385 2615 3442 haeresim
2640 3398 2788 3442 vocat
2820 3403 2937 3442 eam
2980 3404 3078 3458 qua
3105 3389 3220 3444 sola
3268 3404 3401 3459 aqua
3429 3391 3657 3448 adhibe-

2092 3475 2245 3530 batur
2283 3477 2349 3531 ad
2388 3477 2695 3548 mysterium
2733 3479 2932 3544 calicis,
2963 3493 3120 3549 quam
3152 3479 3404 3534 haeresim
3432 3481 3660 3536 Tatiano

2092 3574 2145 3620 et
2174 3567 2456 3621 Eucratitis
2481 3566 2731 3621 adscribit
2755 3567 3103 3638 Epiphanius,
3138 3579 3194 3622 ut
3220 3585 3376 3639 supra
3426 3569 3663 3628 vidimus

2097 3657 2114 3724 (
2137 3654 2290 3709 Tomo
2319 3654 2572 3727 septimo).

2161 3747 2312 3801 Circa
2341 3749 2555 3816 angelos
2579 3757 2753 3801 autem
2801 3749 3040 3817 quatdam
3066 3750 3211 3814 dicit,
3243 3766 3360 3820 quas
3386 3751 3472 3806 ltie
3512 3753 3658 3808 refe-

2094 3836 2256 3890 renda
2284 3847 2560 3904 putamus,
2609 3834 2998 3892 Commentario
3030 3838 3085 3892 in
3119 3839 3368 3894 Geuesim
3417 3841 3468 3894 in
3515 3842 3660 3898 hunc

2093 3928 2267 3984 locum
2301 3927 2490 4000 (Tomo
2516 3927 2762 3999 quarto):
2796 3929 2862 3983 Ut
2890 3931 3114 3984 viderunt
3147 3933 3241 3999 filii
3279 3932 3370 3986 Dei
3399 3935 3532 4002 ﬁlias
3556 3936 3646 3988 Ito-

2091 4021 2283 4073 ntinunt
2334 4023 2468 4087 quod
2509 4021 2732 4092 pulchra:
2773 4031 2949 4080 essent,
2977 4033 3292 4090 sumpserunt
3333 4024 3426 4078 sibi
3476 4042 3660 4080 uxores

2092 4130 2153 4167 ea:
2179 4114 2406 4167 omnibus
2441 4130 2564 4184 quas
2604 4114 2851 4183 elegerant
2879 4113 2897 4184 (
2916 4111 3039 4166 Gen.
3068 4114 3121 4167 6.
3155 4113 3190 4166 2
3214 4115 3252 4183 ).
3285 4134 3303 4165 ‹
3330 4116 3596 4186 Singulas,
3633 4137 3652 4170 ι

2091 4205 2279 4273 inquit,
2307 4223 2327 4255 ς
2346 4203 2602 4257 dictiones
2629 4203 2907 4273 diligenter
2931 4203 3342 4269 consideremus,
3366 4222 3431 4260 ne
3447 4206 3570 4276 quid
3604 4208 3656 4260 in

2092 4295 2253 4349 fundo
2273 4296 2441 4347 latens
2455 4309 2549 4346 nos
2568 4302 2862 4362 praztereat.
2886 4292 3070 4362 Opera:
3087 4295 3311 4363 pretium
3333 4296 3472 4350 enim
3497 4296 3659 4352 fuerit

2090 4387 2224 4441 bene
2243 4385 2463 4438 scrutari
2481 4384 2621 4438 hunc
2642 4384 2835 4450 locum,
2860 4395 2918 4438 ut
2935 4384 3298 4440 subvertamus
3323 4385 3524 4441 fabulas
3537 4403 3625 4441 om
3642 4416 3658 4426 -

2090 4479 2175 4531 nia
2204 4476 2590 4531 inconsiderate
2636 4476 2980 4545 loquentium.
3030 4477 3095 4531 Et
3122 4479 3346 4547 printum
3389 4479 3658 4536 ederenda

2091 4585 2152 4623 ea
2182 4584 2298 4638 qua:
2339 4567 2518 4622 dicere
2563 4567 2778 4633 audent,
2819 4576 2872 4622 et
2902 4578 3185 4623 monstrata
3212 4585 3415 4635 eorum,
3445 4587 3562 4641 qua:
3590 4575 3660 4629 ab

2093 4660 2194 4713 illis
2239 4658 2516 4722 dicuntur,
2563 4658 2918 4722 absurditate,
2966 4674 3246 4727 germanus
3275 4677 3482 4731 quoque
3513 4662 3659 4718 Seri-

2091 4760 2256 4818 ptura:
2285 4765 2469 4802 sensus
2504 4759 2691 4802 vestra:
2733 4749 2936 4803 caritati
2975 4751 3288 4818 aperiendus
3329 4761 3450 4819 est,
3499 4761 3555 4807 ut
3591 4771 3660 4808 ne

2090 4842 2395 4910 simpliciter
2410 4851 2462 4896 et
2477 4840 2627 4895 facile
2647 4855 2800 4895 aures
2816 4839 3218 4897 accommodatis
3237 4852 3339 4896 tam
3353 4843 3659 4913 blasphetna

2092 4933 2384 4988 dicentibus
2405 4921 2501 4996 ,'ct
2527 4932 2805 4986 adversum
2838 4932 3006 5000 capita
3037 4949 3131 4986 sua
3161 4933 3422 4989 blaterare
3457 4935 3661 4989 auden-

2095 5026 2251 5079 tibus.
2298 5027 2559 5079 Asserunt
2583 5024 2722 5076 enim
2766 5021 2867 5077 hoc
2897 5038 2999 5076 non
3025 5023 3092 5077 de
3126 5023 3426 5078 hominibus
3451 5023 3658 5080 dictum

2091 5131 2229 5178 esse,
2256 5115 2348 5168 sed
2378 5115 2444 5168 de
2467 5114 2699 5183 angelis:
2734 5113 2830 5166 hos
2855 5114 3001 5167 enim
3024 5152 3038 5176 ,
3067 5115 3253 5177 aiunt,
3283 5115 3416 5169 ﬁlios
3445 5116 3536 5170 Dei
3563 5131 3660 5185 ap-

2096 5205 2323 5275 pellavit.
2356 5205 2584 5259 Primum
2617 5204 2898 5258 ostendant
2926 5205 3010 5257 ubi
3039 5205 3210 5274 angeli
3244 5205 3330 5259 lilii
3361 5207 3453 5261 Dei
3481 5212 3663 5276 appel-

2096 5297 2182 5350 lati
2209 5298 2345 5352 sint:
2370 5295 2465 5350 sed
2497 5310 2598 5348 non
2647 5303 2890 5363 potet-unt
2931 5311 3149 5364 usquam
3186 5306 3499 5350 monstrare.
3550 5297 3660 5351 Ho-

2095 5389 2263 5441 mines
2287 5387 2498 5456 quidem
2523 5386 2612 5438 ﬁlii
2644 5387 2734 5439 Dei
2763 5385 2889 5440 dicti
2921 5397 3066 5452 sunt,
3096 5389 3267 5457 angeli
3297 5398 3473 5442 autem
3504 5405 3662 5442 num-

2095 5494 2271 5547 quam.
2303 5478 2459 5546 Alqui
2489 5477 2554 5531 de
2594 5477 2794 5545 angelis
2835 5476 2981 5540 dicit,
3019 5477 3118 5544 Qui
3147 5479 3270 5546 facit
3295 5481 3500 5548 angelos
3549 5497 3666 5532 suos

2095 5568 2319 5636 spiritus,
2338 5577 2383 5621 et
2411 5569 2661 5620 ministros
2685 5584 2798 5620 suos
2819 5568 3072 5635 ﬂammant
3099 5569 3226 5638 ignis
3252 5568 3421 5638 (Psal.
3442 5570 3562 5625 105.
3583 5573 3661 5632 4).

2098 5659 2171 5712 De
2188 5658 2484 5712 hominibus
2501 5668 2696 5723 autem,
2719 5657 2825 5727 Ego
2838 5659 2962 5724 dixi,
2986 5659 3071 5712 Dii
3085 5661 3198 5712 estis
3218 5658 3384 5728 (Psal.
3407 5661 3496 5713 8|.
3519 5661 3596 5729 6):
3613 5673 3666 5714 ct

2098 5753 2304 5816 iterum,
2334 5749 2491 5804 Filios
2510 5751 2653 5818 genui
2675 5761 2718 5803 et
2739 5751 2949 5802 exaltari
2975 5750 3134 5818 (Isai.
3161 5752 3210 5804 1.
3235 5752 3266 5801 ‘2
3291 5752 3306 5817 )
3333 5769 3342 5801 :
3374 5761 3423 5804 et
3451 5752 3668 5816 iterum,
