3938 6136
300 209 372 263 75
1089 216 1243 284 ρυΑξ
1280 216 1346 272 IN
1371 215 1702 273 OPERIBUS
1737 217 2200 276 CHRYSOSTOMI
2239 222 2753 284 OBSEliVANTUR.
3479 227 3543 281 76

298 326 674 394 Primogenitus
699 322 838 393 ﬁlius
865 341 1007 379 meus
1035 323 1194 380 Israel
1221 322 1420 395 (Exod.
1448 325 1501 379 4.
1533 325 1604 379 ‘22
1625 325 1666 396 ).
1703 328 1878 396 Ange-

292 423 378 472 lus
399 430 576 472 atem
600 433 864 488 nusquam
891 427 1106 472 vocatus
1125 427 1206 472 est
1230 417 1389 484 illius,
1420 434 1588 488 neque
1608 419 1746 472 filius
1765 419 1876 474 Dei.

296 513 544 566 Profecto
563 511 740 581 angeli
762 511 975 581 quidam
993 520 1170 574 erant;
1194 511 1285 566 sed
1301 512 1421 581 quia
1439 512 1503 564 ad
1527 512 1758 580 iniquum
1781 511 1883 566 hoc

298 621 434 675 opus
474 604 897 667 descenderunt,
922 603 1174 672 dignilale
1219 617 1312 656 sua
1363 603 1690 668 exciderunt,
1727 621 1745 654 ι
1775 613 1876 658 etc.

368 695 469 748 Hic
494 708 690 762 aspere
715 694 820 762 agit
847 691 1264 764 Chrysostomus
1287 693 1335 746 in
1352 708 1444 746 eos
1473 693 1558 761 qui
1584 707 1739 760 supra
1766 707 1880 746 me-

298 793 566 840 moratum
610 785 786 838 locum
817 766 886 838 de
919 785 1118 853 angelis
1145 777 1485 849 intellexere,
1529 792 1686 852 atque
1739 784 1882 852 ipsos

297 879 436 933 illius
458 879 741 932 hominum
771 881 822 931 in
855 893 1046 932 uxores
1075 879 1338 947 accepisse
1356 917 1369 941 ,
1397 891 1723 944 corporeque
1749 890 1884 944 pra:-

306 971 444 1024 ditos
474 971 598 1024 illos
626 971 844 1039 angelos
868 968 1050 1023 fuisse.
1083 971 1150 1022 At
1175 969 1459 1023 multorum
1499 977 1734 1022 veterum
1767 966 1882 1020 hinc

305 1062 484 1130 opinio
519 1061 645 1125 fuit,
674 1075 866 1129 nempe
893 1075 1181 1129 corporeus
1205 1060 1348 1128 ipsos
1372 1060 1529 1112 fuisse
1548 1100 1563 1124 ,
1592 1069 1644 1112 et
1673 1073 1789 1113 cum
1819 1058 1882 1110 li-

297 1152 466 1205 liabus
483 1152 766 1205 hominum
789 1167 899 1204 rem
913 1150 1155 1205 habuisse
1177 1169 1188 1202 :
1213 1151 1430 1218 illosque
1446 1149 1660 1219 angelos
1673 1148 1882 1218 quidam

299 1256 558 1300 vocarunt
574 1245 770 1316 vigiles.
789 1243 1051 1312 Josephus
1066 1246 1242 1312 Antiq.
1266 1243 1302 1296 ι.
1328 1243 1373 1296 l.
1391 1258 1439 1297 c.
1459 1243 1492 1296 4
1513 1260 1525 1295 :
1550 1242 1696 1295 Multi
1722 1243 1886 1311 angeli

297 1337 396 1391 Dei
425 1354 547 1390 cum
566 1337 863 1391 mulieribus
891 1337 1053 1390 mixti.
1077 1334 1303 1404 ldipsum
1325 1333 1702 1398 fereJustinus,
1727 1333 1889 1386 Athe-

298 1444 568 1498 nagoras,
608 1427 859 1483 Clemens
894 1425 1300 1489 Alexandrinus,
1332 1424 1700 1493 Theognostus
1747 1423 1885 1492 apud

297 1519 553 1574 Photium
583 1529 639 1572 et
668 1519 778 1572 alii.
808 1518 976 1584 Quam
1007 1529 1116 1572 rem
1145 1524 1491 1587 persequutus
1514 1525 1596 1569 est
1623 1515 1887 1585 .losephus

302 1612 549 1681 Scaliger
586 1612 640 1666 in
671 1611 811 1665 notis
838 1610 903 1664 ad
935 1610 1143 1664 Eusebii
1173 1608 1470 1664 Chronicon
1490 1649 1505 1672 ,
1537 1617 1589 1662 et
1617 1617 1739 1678 post
1763 1622 1886 1662 eum

303 1704 392 1757 alii
423 1705 718 1767 innumeri,
752 1717 885 1772 quos
912 1703 1120 1769 longum
1147 1711 1286 1754 esset
1314 1714 1612 1753 recensere.

381 1798 468 1851 Ait
481 1813 610 1850 vero
623 1796 1042 1865 Chrysostomus
1061 1811 1073 1846 :
1099 1791 1375 1846 Ostendam
1395 1790 1479 1844 ubi
1496 1791 1662 1861 angeli
1683 1789 1776 1858 ﬁlii
1793 1788 1886 1842 Dei

306 1891 549 1960 appellati
573 1890 672 1943 sint
691 1890 718 1942 ?
746 1888 1014 1957 Nusquam
1039 1895 1181 1942 certe
1209 1885 1345 1955 apud
1376 1884 1517 1940 LXX
1548 1885 1883 1951 lnterpretes,

307 1996 441 2050 quos
463 1982 604 2036 solos
633 1981 844 2049 legebat
869 1977 1298 2049 Chrysostomus.
1329 1977 1520 2031 Verum
1548 1978 1600 2030 in
1631 1975 1887 2029 Hebraico

327 2079 472 2125 textu
510 2071 622 2124 libri
651 2070 752 2124 Joh
779 2084 826 2124 c.
871 2071 924 2135 l,
951 2085 1003 2121 ν.
1033 2069 1084 2135 6,
1116 2068 1287 2138 angeli
1332 2067 1425 2121 filii
1457 2067 1548 2120 Dei
1593 2075 1848 2120 vocantur
1868 2105 1884 2130 ,

326 2138 612 2216 πώνην-π
657 2179 670 2214 :
710 2170 767 2216 et
810 2162 865 2214 in
919 2160 1142 2229 Vulgata
1185 2175 1394 2229 quoque
1433 2159 1528 2226 ﬁlii
1573 2156 1689 2210 Dei.
1738 2155 1886 2210 Nihi-

327 2252 549 2305 lominus
592 2251 673 2306 hic
725 2251 897 2322 probe
921 2249 1166 2304 'confutat
1205 2250 1615 2320 Clirysostomus
1660 2262 1754 2302 eos
1797 2246 1887 2315 qui

333 2341 571 2408 dicerent,
602 2342 764 2397 hosce
791 2340 937 2396 ﬁlios
956 2341 1048 2395 Dei
1076 2340 1234 2396 fuisse
1261 2340 1498 2410 angelos.

879 2587 1198 2643 DIATRIBA
1238 2587 1324 2642 IV.

835 2743 1162 2797 Miscellanea
1193 2744 1369 2797 multa.

389 2897 574 2953 Narrat
601 2898 1052 2970 Chrysostomus,
1084 2916 1178 2953 suo
1204 2916 1316 2954 :evo
1347 2909 1512 2954 totum
1553 2901 1736 2954 orbem
1763 2942 1778 2964 ,
1810 2900 1887 2954 sic

312 2989 426 3053 ille,
450 2990 514 3043 ad
539 2990 810 3044 Bethleem
834 2991 1173 3056 conﬂuxisse,
1199 3006 1300 3045 non
1324 2992 1424 3043 alia
1445 2991 1510 3045 de
1535 3006 1712 3057 causa,
1730 3007 1886 3060 quam

313 3089 374 3132 ut
425 3080 600 3133 locum
656 3079 903 3134 viderent
955 3081 1041 3134 ubi
1090 3089 1242 3135 natus
1290 3082 1660 3151 repositusque
1717 3081 1887 3136 fuerat

312 3168 555 3225 Christus
576 3169 770 3240 (Tomo
799 3171 1008 3238 primo).

386 3259 462 3313 De
486 3260 604 3313 Jobi
633 3260 756 3313 limo
778 3261 892 3314 haec
918 3276 1162 3332 perquam
1188 3263 1470 3332 singularia
1490 3261 1681 3330 profert
1707 3262 1885 3332 (Tomo

317 3351 555 3423 secundo)
585 3369 597 3404 :
631 3351 782 3405 Multi
817 3369 949 3405 nunc
997 3351 1194 3422 longam
1246 3363 1292 3406 et
1337 3357 1720 3407 transmarinam
1769 3373 1882 3422 per-

315 3443 676 3510 egrinationem
727 3459 759 3495 a
798 3452 944 3496 terra
984 3445 1165 3510 ﬁnibus
1201 3445 1253 3496 in
1299 3444 1532 3496 Arabiam
1575 3446 1882 3514 suscipiunt,

316 3542 368 3585 ut
403 3533 587 3601 ﬁmum
646 3534 790 3586 illum
838 3545 1076 3599 cernant,
1135 3544 1182 3587 et
1230 3536 1500 3605 conspicati
1546 3545 1726 3588 terram
1762 3537 1884 3589 deo-

315 3626 607 3691 sculentur,
656 3643 770 3694 qute
807 3626 945 3680 illius
989 3629 1186 3682 uictoris
1243 3630 1513 3682 certamina
1553 3641 1599 3682 et
1661 3647 1885 3684 cruorem

317 3719 448 3770 omni
487 3735 615 3771 auro
656 3720 993 3786 pretiosiorem
1039 3721 1272 3788 suscepit.
1314 3718 1490 3789 Neque
1523 3723 1654 3775 enim
1692 3733 1883 3776 tantum

315 3809 536 3860 radiaret
566 3825 797 3878 purpura
819 3849 833 3872 ,
870 3818 1108 3878 quantum
1144 3811 1271 3862 illud
1299 3827 1478 3879 corpus
1515 3820 1630 3864 tunc
1657 3813 1882 3880 resplen-

318 3900 498 3966 debat,
525 3917 624 3952 non
645 3899 809 3953 alieno
830 3940 844 3964 ,
875 3901 962 3953 sed
991 3903 1194 3970 proprio
1215 3903 1417 3955 tinctum
1447 3904 1704 3973 sanguine.
1733 3902 1882 3957 Ulce-

315 4006 372 4042 ra
394 4007 510 4043 vero
530 3991 621 4042 illa
644 3992 849 4060 gemmis
874 3991 1098 4045 omnibus
1125 4002 1265 4044 erant
1286 3994 1496 4045 cariora.

384 4081 475 4134 Ait
499 4081 612 4148 ipse
632 4081 1058 4152 Chrysostomus,
1084 4082 1331 4150 reliquias
1351 4098 1486 4136 arceo
1505 4083 1631 4137 Noae
1649 4084 1883 4138 hactenus

321 4176 519 4224 servari
547 4173 598 4224 in
629 4172 897 4227 montibus
924 4173 1185 4227 Armenia:
1224 4173 1287 4227 ad
1315 4185 1547 4228 nostram
1573 4175 1885 4234 admonitio-

318 4282 434 4320 nem
465 4265 646 4334 (Tomo
675 4267 862 4334 sexto).

387 4355 500 4408 Non
530 4355 982 4424 praetermittenda
1005 4365 1126 4410 sunt
1145 4371 1261 4425 qua!
1286 4357 1351 4412 de
1372 4368 1506 4412 terra
1533 4356 1880 4413 Sodomorum

316 4443 697 4513 dicitllbidem)
734 4463 748 4498 :
785 4443 969 4498 Verum
1012 4448 1118 4499 haec
1165 4463 1295 4499 nunc
1344 4457 1414 4500 est
1449 4449 1668 4500 omnium
1715 4449 1882 4502 deser-

317 4545 476 4589 torum
519 4538 850 4591 desertissima
871 4548 1036 4591 :stant
1069 4539 1201 4592 enim
1233 4541 1431 4594 arbores
1465 4549 1510 4593 et
1549 4545 1762 4611 fructum
1791 4543 1882 4593 ha-

318 4628 427 4679 bent
447 4669 460 4692 ,
494 4638 546 4678 at
572 4631 767 4696 fructus
797 4627 881 4679 ille
909 4628 999 4680 ira:
1022 4629 1205 4681 divina:
1230 4630 1584 4682 monimentum
1613 4641 1724 4684 est:
1749 4641 1882 4683 stant

313 4720 662 4787 malogranata
699 4719 994 4787 splendida,
1025 4720 1153 4790 facie
1175 4736 1312 4789 spem
1337 4719 1514 4773 bonam
1539 4722 1882 4791 ignorantibus

312 4809 586 4878 prabentia
605 4849 622 4874 ,
663 4809 892 4861 manibus
927 4819 1089 4862 autem
1118 4820 1320 4880 accepta
1365 4821 1407 4864 et
1443 4815 1601 4881 fracta
1622 4852 1634 4874 ,
1663 4812 1880 4878 fructum

310 4899 506 4968 quidem
551 4897 775 4962 nullum,
813 4899 898 4951 sed
936 4899 1188 4967 pulverem
1226 4902 1531 4971 cineremque
1569 4903 1775 4954 multum
1802 4903 1879 4953 in-

308 4998 384 5043 tus
411 4989 635 5059 positum
662 4988 910 5042 exhibent.
938 4987 1079 5044 Talis
1103 4999 1174 5042 est
1204 4999 1336 5043 terra
1361 5031 1375 5054 ,
1405 4991 1526 5043 tales
1550 4991 1774 5067 lapides,
1805 5002 1879 5043 ta-

307 5080 367 5130 lis
396 5080 504 5148 ipse
525 5093 614 5129 aer
643 5091 661 5129 :
689 5080 857 5130 omnia
895 5079 1094 5131 incensa
1110 5088 1242 5141 sunt,
1263 5081 1430 5132 omnia
1453 5082 1504 5133 in
1524 5082 1734 5134 cinerem
1761 5082 1848 5133 red
1858 5112 1875 5122 -

306 5179 451 5233 acta,
506 5177 841 5237 prieterquam
893 5169 984 5221 ira:
1035 5170 1371 5233 monimenta,
1443 5172 1600 5241 futuri
1647 5171 1876 5242 supplicii

307 5260 512 5312 indicia.

378 5351 512 5404 Dicit
539 5351 706 5404 etiam
728 5349 913 5403 doctor
933 5361 1124 5417 noster,
1149 5367 1178 5405 a
1208 5352 1462 5405 decennio
1481 5352 1720 5408 homines
1742 5370 1864 5423 pec-

306 5451 544 5494 catorum
577 5439 845 5494 rationem
889 5441 1177 5495 reddituros
1206 5458 1325 5496 esse
1350 5461 1360 5494 :
1387 5441 1452 5496 Ut
1474 5444 1639 5510 palam
1661 5446 1868 5514 faciunt,

305 5532 476 5602 pergit
502 5531 594 5584 ille
617 5571 632 5593 ,
669 5532 818 5599 pueri
841 5571 854 5593 ,
880 5533 959 5599 qui
996 5535 1126 5602 quod
1158 5533 1392 5588 Elisteum
1431 5535 1633 5589 irridere
1662 5539 1770 5590 ausi
1790 5555 1867 5590 es—

307 5634 440 5688 sent,
469 5621 529 5674 ab
557 5621 693 5674 ursis
725 5619 946 5675 devorati
974 5634 1101 5678 sunt.

2057 327 2132 382 De
2159 329 2410 384 mendicis
2435 372 2448 394 ,
2480 346 2586 401 quo
2612 341 2763 400 pacto
2789 334 2988 388 scilicet
3012 341 3134 388 tunc
3157 339 3412 406 temporis
3444 341 3541 394 sti-

1983 433 2102 486 pem
2128 429 2394 489 cogerent,
2426 421 2586 474 multa
2608 422 2734 477 dicit
2759 439 2876 491 quae
2904 441 3006 478 non
3027 437 3148 481 sunt
3173 425 3382 483 silentio
3409 446 3543 500 pra:-

1989 509 2239 563 tereunda
2277 508 2468 583 (Tomo
2495 513 2794 584 undecimo).
2819 515 3080 586 Principio
3100 520 3309 588 quidem
3342 521 3546 575 mendi-

1983 598 2065 663 ci,
2094 608 2202 653 uta
2235 603 2672 669 praetereuntibus
2700 621 2857 658 unum
2896 608 2977 660 vel
3025 609 3156 663 duos
3201 611 3385 665 obolos
3411 614 3547 668 acci-

1985 697 2170 754 perent
2191 729 2205 752 ,
2239 705 2331 758 per
2360 690 2639 744 Domimnn
2671 693 3013 762 adjurabant,
3046 707 3100 750 ut
3126 709 3322 753 metum
3350 702 3546 757 incute.

1987 790 2122 844 rent,
2147 781 2406 850 principue
2425 785 2676 838 matronis
2693 794 2745 838 et
2765 787 2972 854 puellis,
2997 804 3111 858 quae
3127 792 3407 860 opulentia:
3432 809 3548 862 spe-

1985 868 2118 924 ciem
2145 886 2250 940 prae
2271 888 2327 925 se
2353 874 2585 926 ferebant
2607 892 2619 926 :
2641 875 2730 929 sed
2751 890 2870 929 cum
2889 877 2984 932 hac
3004 881 3084 933 via
3113 897 3295 950 parum
3316 884 3397 938 vel
3420 884 3547 938 nihil

1986 961 2418 1028 espiscareutur,
2461 965 2601 1018 aliud
2642 967 2943 1031 tentabant,
2985 972 3125 1038 quod
3175 974 3252 1027 sic
3298 977 3545 1042 exprimit

1987 1051 2399 1122 Chrysostomus
2430 1075 2440 1108 :
2476 1057 2609 1109 Nam
2633 1059 2866 1128 quoniam
2886 1060 3042 1113 uerbis
3068 1072 3258 1117 utentes
3287 1066 3547 1119 vehemen-

1988 1144 2118 1197 tibus
2144 1156 2188 1198 et
2219 1147 2446 1211 acribus,
2487 1165 2587 1202 non
2626 1160 2834 1221 tangunt
2874 1154 3096 1205 anintum
3118 1170 3137 1219 ;
3163 1156 3230 1208 ad
3268 1157 3396 1210 hanc
3421 1159 3548 1210 uiam

1989 1246 2258 1302 praperant
2278 1277 2290 1298 ,
2321 1254 2409 1306 per
2436 1255 2583 1308 quam
2609 1241 2822 1293 maxime
2851 1242 3128 1311 delectant,
3155 1257 3200 1298 et
3225 1264 3336 1300 eum
3355 1250 3442 1316 qui
3478 1259 3550 1303 est

1986 1327 2040 1379 in
2067 1328 2350 1381 calamitate
2374 1339 2420 1382 et
2464 1331 2599 1398 fame
2628 1333 2878 1387 cruciatur
2902 1375 2915 1399 ,
2961 1336 3090 1405 cogit
3122 1338 3413 1408 improbitas
3459 1359 3549 1394 no-

1987 1428 2092 1471 stra
2119 1421 2395 1474 encomium
2425 1423 2590 1477 dicere
2618 1441 2636 1477 :
2661 1435 2706 1478 et
2736 1427 2927 1480 utinam
2964 1430 3056 1482 hoc
3081 1431 3282 1485 solum!
3305 1433 3394 1486 sed
3429 1433 3548 1487 alte-

1988 1527 2100 1563 runt
2118 1527 2310 1583 quoque
2337 1530 2490 1583 genus
2519 1517 2610 1568 hoc
2644 1519 2866 1572 acerbius
2890 1561 2906 1585 ,
2952 1537 3125 1591 nempe
3167 1525 3550 1594 praestigiator“

1988 1604 2120 1674 cogit
2149 1621 2254 1658 esse
2279 1622 2524 1675 pauperes
2543 1649 2557 1669 .
2597 1625 2794 1665 scurras
2819 1621 2862 1664 et
2889 1612 3044 1666 risum
3065 1627 3330 1670 moventes.
3367 1619 3547 1685 Quan-

1989 1693 2053 1746 do
2074 1695 2206 1747 enim
2237 1695 2438 1762 calices,
2470 1697 2765 1752 hederaceas
2791 1711 2992 1769 pateras
3012 1711 3057 1756 et
3084 1706 3264 1774 pocula
3285 1707 3454 1775 digitis
3474 1710 3548 1762 in-

1988 1798 2154 1836 serens
2178 1795 2222 1836 et
2250 1785 2514 1854 imponens
2536 1829 2550 1850 ,
2576 1787 2702 1840 ludit
2723 1790 2960 1858 cymbalis
2983 1833 2998 1857 ,
3026 1801 3072 1846 et
3102 1794 3320 1859 ﬁstulam
3345 1797 3549 1861 habens,

1991 1875 2156 1944 turpia
2201 1876 2391 1928 cantica
2428 1887 2474 1929 et
2515 1893 2684 1932 amore
2711 1880 2858 1948 plena
2907 1897 2993 1948 per
3035 1898 3145 1936 eam
3188 1895 3337 1938 cantu
3365 1897 3410 1938 et
3440 1904 3550 1942 race

1990 1965 2174 2019 clamat
2204 1982 2222 2020 :
2249 1978 2364 2020 tunc
2408 1970 2550 2023 multi
2597 1972 2950 2038 circumstant,
3001 1983 3047 2026 et
3093 1975 3182 2027 alii
3211 1977 3408 2044 quidem
3439 1980 3550 2048 fru-

1990 2067 2122 2109 stum
2172 2059 2352 2128 panis,
2404 2061 2492 2113 alii
2532 2077 2644 2114 vero
2691 2063 2929 2128 obolum,
2977 2064 3066 2117 alii
3111 2067 3366 2134 quidpiam
3411 2071 3550 2123 aliud

1990 2147 2206 2216 prtebent
2229 2189 2245 2213 ,
2296 2160 2343 2203 et
2369 2151 2458 2202 diu
2485 2153 2721 2218 retinent,
2773 2162 2819 2206 et
2848 2154 3154 2209 delectantur
3180 2158 3273 2211 viri
3296 2169 3342 2212 et
3370 2162 3551 2215 mulie-

1989 2255 2067 2291 res
2095 2253 2114 2292 :
2142 2239 2262 2305 quid
2286 2250 2356 2293 est
2386 2243 2478 2294 hoc
2517 2244 2715 2311 gravius
2741 2244 2766 2296 Ρ

2060 2329 2138 2385 Ex
2167 2331 2420 2386 mendicis
2445 2343 2620 2387 autem
2659 2334 2763 2388 illis
2791 2335 3003 2404 quidam
3031 2337 3254 2407 improbi
3285 2355 3345 2394 ac
3384 2344 3552 2398 scele-

1991 2421 2056 2474 sti
2095 2431 2264 2485 erant,
2291 2422 2356 2476 de
2387 2424 2576 2492 quibus
2608 2425 3103 2496 aitChrysostomus
3123 2428 3302 2498 (Tomo
3329 2433 3549 2503 primo):

1993 2511 2170 2564 Annon
2197 2512 2332 2564 uides
2353 2513 2690 2567 mendicorunt
2716 2515 2955 2584 plurimos
2977 2519 3105 2571 inter
3128 2536 3387 2588 pressurus
3413 2523 3546 2592 ipsas

1992 2612 2036 2654 et
2064 2603 2323 2673 angustias
2348 2606 2609 2658 innumera
2638 2616 2977 2675 perpetrantes
3002 2611 3187 2663 scelera
3204 2653 3218 2674 ,
3239 2629 3449 2682 quorum
3474 2624 3553 2668 ta-

1990 2709 2102 2746 men
2124 2694 2346 2746 omnium
2374 2710 2526 2748 causa
2569 2713 2669 2748 non
2719 2698 2918 2766 aﬁlictio
2967 2704 3274 2769 paupertatis
3312 2715 3418 2770 est,
3467 2707 3553 2759 sed

1990 2784 2100 2836 sola
2132 2786 2397 2853 nequitia?
2426 2786 2608 2839 Audivi
2651 2803 2739 2857 ego
2777 2789 3018 2858 quosdam
3041 2832 3056 2857 ,
3100 2794 3184 2861 qui
3210 2794 3427 2849 dicerent
3455 2797 3552 2850 liu-

1981 2875 2208 2944 jusmodi
2236 2876 2456 2930 homines
2475 2878 2728 2931 mulierem
2746 2881 3014 2947 quamdam
3040 2881 3295 2937 honestam
3321 2896 3364 2938 et
3386 2891 3552 2957 forma

1991 2967 2183 3020 liberali
2227 2968 2280 3020 in
2310 2967 2581 3022 solitudine
2624 2980 2815 3037 nactos,
2844 2972 2888 3024 ei
2915 2973 3150 3026 violenter
3188 2991 3247 3026 ac
3273 2977 3553 3042 petulanter

1990 3057 2224 3110 illusisse.
2257 3059 2403 3128 Atqui
2431 3075 2532 3129 qua
2559 3061 2845 3115 necessitate
2867 3105 2882 3128 ,
2910 3079 3008 3133 qua
3032 3065 3319 3120 calamitate
3357 3069 3425 3121 ad
3461 3071 3554 3125 hoc

1989 3151 2178 3204 inducti
2205 3163 2318 3205 sunt
2340 3152 2366 3206 .9

2059 3247 2205 3299 Alios
2233 3248 2391 3301 etiam
2419 3259 2673 3303 memorat
2700 3253 3065 3321 marsupiorum
3103 3264 3336 3319 sectores,
3367 3255 3454 3325 qui
3500 3257 3553 3311 in

1995 3338 2271 3392 ecclesiam
2302 3341 2686 3396 conveniebant
2711 3383 2725 3407 ,
2757 3352 2812 3395 ut
2837 3359 2954 3396 cum
2985 3343 3231 3398 divitibus
3260 3345 3309 3398 in
3345 3348 3555 3400 concio-

1989 3445 2056 3484 ne
2083 3432 2394 3499 intermixti,
2427 3449 2728 3489 crumenam
2755 3445 2807 3489 et
2835 3451 3019 3490 aurum
3049 3437 3176 3506 ipsis
3215 3437 3552 3508 subriperent

1993 3523 2013 3592 (
2035 3522 2226 3577 Ibidem
2243 3525 2283 3595 ).

2059 3613 2245 3667 Narrat
2291 3614 2502 3670 Judaeos
2543 3619 2794 3685 templum
2853 3632 3004 3672 suum
3062 3629 3360 3676 restaurare
3412 3637 3553 3691 smpe

1989 3702 2180 3757 frustra
2237 3705 2840 3779 tentavisse(1bidem);
2873 3709 2980 3762 imo
3024 3708 3284 3765 Julianum
3332 3713 3553 3781 Aposta-

1988 3803 2094 3848 tam
2149 3795 2271 3850 illud
2320 3798 2495 3866 operis
2542 3800 2856 3867 suscepisse.
2902 3798 3039 3852 Nam
3075 3811 3219 3854 letale
3250 3813 3448 3867 nostra,
3475 3804 3552 3857 in-

1989 3887 2132 3957 quit,
2168 3889 2439 3958 imperator
2483 3891 2564 3960 qui
2614 3907 2784 3945 omnes
2844 3891 3100 3963 impietate
3159 3895 3461 3963 superabat.
3506 3908 3550 3950 et

1992 3978 2287 4046 facultatem
2316 3988 2432 4033 tunc
2459 3979 2652 4034 Judwis
2680 3981 2812 4034 dedit
2837 4022 2852 4047 ,
2885 3993 2932 4036 et
2959 3996 3248 4053 coeperatus
3274 3997 3363 4040 est.
3411 3987 3550 4057 Opus

1987 4069 2066 4122 illi
2094 4071 2322 4138 incepere
2345 4111 2360 4132 ,
2387 4087 2445 4122 ac
2470 4087 2528 4123 ne
2547 4071 2620 4124 vel
2645 4072 2901 4124 minimum
2928 4076 3158 4144 progredi
3177 4077 3307 4128 ultra
3330 4087 3548 4146 potuere,

1987 4159 2073 4212 sed
2102 4161 2228 4229 ignis
2256 4177 2286 4210 α
2315 4161 2650 4228 fundamentis
2675 4162 2903 4215 exsiliens
2932 4180 3101 4218 omnes
3143 4167 3355 4235 fugavit.
3403 4169 3549 4232 Quod

1985 4261 2149 4304 autem
2178 4253 2420 4305 voluerint
2439 4294 2454 4320 ,
2485 4253 2578 4305 hoc
2605 4254 2848 4306 indicium
2873 4265 2944 4308 est
2971 4294 2987 4319 ,
3019 4257 3152 4324 quod
3176 4257 3414 4312 hactenus
3430 4260 3547 4328 [un-

1985 4343 2220 4396 damenta
2239 4345 2430 4397 nudata
2451 4354 2730 4415 appareant
2759 4361 2777 4398 :
2800 4355 2853 4399 ut
2878 4346 3048 4400 videas
3085 4349 3220 4416 ipsos
3245 4350 3446 4420 quidem
3473 4354 3551 4421 fo-

1987 4435 2102 4488 dere
2139 4436 2341 4504 ctepisse
2364 4477 2378 4501 ,
2425 4435 2512 4489 sed
2557 4436 2812 4504 aediﬁcare
2851 4453 2949 4490 non
2997 4439 3250 4507 potuisse,
3290 4439 3553 4496 obsistente

1987 4531 2172 4584 Christi
2201 4531 2558 4584 sententia.....
2589 4531 2738 4600 Atqui
2758 4532 2800 4584 si
2825 4548 2924 4584 non
2945 4532 3112 4586 divina
3130 4534 3283 4588 virtus
3303 4534 3545 4588 collucta-

1985 4630 2140 4683 retur,
2173 4621 2294 4687 quid
2323 4621 2578 4674 obstaret?
2601 4638 2770 4674 annon
2799 4639 2980 4692 magna
3007 4623 3078 4674 vis
3109 4626 3434 4693 pecuniarum
3459 4622 3545 4692 17e-

1987 4728 2072 4764 nes
2095 4711 2210 4764 illos
2239 4711 2350 4763 est?
2376 4728 2544 4764 annon
2579 4713 2641 4764 ab
2671 4712 2899 4764 omnibus
2929 4713 3152 4782 undique
3182 4713 3371 4765 tributa
3399 4713 3546 4765 colli-

1982 4821 2102 4873 gens
2118 4803 2422 4872 patriarcha,
2444 4804 2707 4857 immensos
2725 4805 2940 4874 possidet
2957 4805 3213 4856 thesauros
3230 4805 3256 4854 Ρ

2055 4899 2128 4952 De
2178 4898 2478 4953 Judmorum
2521 4903 2755 4955 moribus
2805 4912 2859 4955 et
2906 4899 3090 4952 ritibus
3138 4897 3298 4949 multa
3349 4896 3546 4965 profert

1981 4990 2392 5061 Chrysostomus
2438 4993 2488 5046 in
2516 4992 2854 5047 concionibus
2893 4990 3150 5043 adversus
3181 4987 3391 5042 Judceos
3413 4987 3544 5057 (lbi-

1985 5080 2136 5152 dem)
2167 5082 2454 5150 :siugulare
2481 5099 2605 5136 vero
2651 5081 2776 5135 illud
2806 5089 2922 5145 est,
2945 5075 3088 5143 quod
3112 5091 3218 5130 non
3233 5078 3395 5131 semel
3427 5094 3543 5132 nar-

1985 5182 2099 5235 rat,
2128 5173 2343 5228 .ludznos
2389 5189 2580 5243 nempe
2601 5214 2616 5238 ,
2666 5171 2875 5241 quando
2910 5169 3246 5239 jejunabant,
3274 5169 3427 5224 nudis
3459 5187 3538 5239 pe-

1977 5264 2130 5317 dibus
2158 5265 2206 5316 in
2240 5265 2351 5318 foro
2376 5266 2570 5319 saltare
2598 5261 2954 5316 consuevisse.

2036 5353 2149 5406 Non
2172 5355 2332 5408 semel
2361 5355 2598 5421 queritur
2619 5352 2756 5420 quod
2775 5351 3058 5405 Christiani
3080 5350 3292 5419 quidam
3307 5350 3542 5420 judaiza-

1975 5453 2123 5507 rent,
2174 5444 2473 5498 Iudaeorum
2500 5442 2852 5497 conventibus
2899 5457 2960 5496 ac
2995 5442 3143 5496 festis
3171 5442 3356 5505 diebus
3383 5444 3544 5495 inter-

1972 5544 2184 5600 essent,
2218 5550 2313 5588 nec
2352 5550 2545 5603 paucos
2592 5549 2710 5588 esse
2750 5535 2837 5604 qui
2889 5535 2987 5588 hoc
3016 5535 3199 5588 morbo
3242 5534 3539 5612 laborarent

1977 5625 2235 5698 (Ibidem).
2262 5627 2474 5692 Quinam
2515 5637 2585 5680 est
2623 5627 2818 5681 morbus
2866 5628 2980 5692 iste,
3010 5627 3209 5696 inquit,
3240 5625 3402 5678 ἰδίη-ἕω
3441 5623 3539 5676 Ju-
