3938 6136
333 214 400 266 77
1631 193 1955 256 SYNOPSIS
1992 191 2229 248 EORUM
3493 175 3561 231 78

332 324 554 380 deorum
574 321 865 375 miserorum
879 319 1064 371 instant
1083 355 1098 377 ,
1128 327 1292 382 eisque
1304 317 1547 364 continua:
1561 323 1619 359 ac
1642 309 1876 376 frequen-

336 427 442 476 tes,
485 413 651 477 tuba,
696 409 1026 478 seenopegiaz,
1067 403 1306 476 jejunio:
1342 411 1390 454 et
1423 399 1564 451 multi
1600 395 1757 449 nostri
1802 409 1891 446 or-

335 506 468 558 dinis
487 547 500 568 ,
523 505 606 573 qui
627 520 679 556 se
703 501 956 554 nobiscum
982 498 1162 550 sentire
1190 494 1382 559 dicunt,
1409 493 1593 562 partim
1612 497 1889 558 spectatum

337 596 452 648 illas
480 597 632 663 ferias
662 591 938 662 prodeunt,
967 588 1148 658 partim
1170 586 1315 638 etiam
1344 601 1445 636 una
1476 582 1756 645 celebrant,
1790 594 1894 631 una

336 686 582 759 jejunant,
599 697 747 750 quant
768 696 975 751 pravam
1003 677 1406 731 consuetudinem
1426 689 1556 728 nunc
1578 671 1640 725 ab
1665 669 1894 724 Ecclesia

339 775 447 828 volo
467 788 656 826 arcere.

408 863 624 931 Quidam
655 863 812 915 etiam
843 875 907 915 eo
944 859 1223 914 dementia:
1251 863 1644 925 processerant,
1679 861 1735 908 ut
1776 867 1896 908 cum

340 952 631 1022 quempiam
657 949 1022 1018 adjurandum
1051 947 1367 1016 compellere
1391 945 1617 1006 vellent.
1656 943 1802 996 illum
1831 941 1898 995 ad

339 1042 505 1095 tndem
534 1039 840 1094 Judaeorum
865 1037 1112 1091 inducere
1138 1044 1472 1099 conarentur,
1496 1032 1633 1102 quod
1657 1039 1900 1101 putarent

338 1135 693 1202 juramentum
757 1128 828 1183 ibi
871 1129 1049 1181 datum
1093 1126 1256 1195 magis
1307 1122 1691 1178 formidandum
1734 1135 1897 1175 esse:

341 1239 498 1294 quam
528 1237 640 1277 rem
668 1236 826 1290 supra
862 1219 1094 1290 pluribus
1118 1219 1474 1272 enarravimus
1498 1216 1550 1269 in
1577 1215 1686 1268 Vita
1715 1213 1770 1269 S.
1801 1213 1900 1268 do-

343 1318 526 1370 ctoris.
557 1315 721 1370 Erant
749 1313 907 1366 etiam
938 1312 1026 1381 qui
1054 1310 1268 1364 sabbata
1293 1324 1410 1363 cum
1436 1307 1633 1363 Judaeis
1659 1307 1904 1362 observa-

347 1419 492 1472 rent,
523 1408 629 1460 imo
657 1415 710 1460 et
745 1404 796 1459 S.
846 1404 1044 1459 Pascha
1077 1403 1404 1457 celebrarent
1431 1417 1550 1456 cum
1592 1400 1777 1455 iisdem
1805 1399 1904 1454 Ju-

349 1500 480 1552 d:eis
511 1497 694 1568 (Tomo
724 1497 957 1564 decimo).
986 1496 1096 1562 Qua
1125 1494 1192 1549 de
1229 1509 1288 1549 re
1316 1505 1487 1547 actum
1522 1507 1678 1562 supra
1703 1493 1758 1546 in
1786 1491 1906 1546 Vita

355 1589 719 1661 Cltrysostomi
742 1589 806 1642 ad
835 1603 1029 1642 annum
1057 1587 1178 1642 587.

420 1680 533 1733 Non
558 1680 704 1748 pauci
731 1694 937 1749 quoque
961 1687 1111 1732 erant
1138 1677 1224 1745 qui
1250 1677 1519 1747 gentilium
1541 1676 1706 1730 multa
1726 1675 1909 1732 obser-

351 1781 532 1825 varent
561 1770 611 1839 (Ι
620 1769 814 1840 bidem)
841 1787 857 1824 :
883 1769 1134 1840 sortilegia
1157 1785 1332 1838 nempe
1353 1809 1367 1832 ,
1395 1769 1608 1839 auguria
1625 1809 1641 1835 ,
1663 1769 1831 1821 omina
1849 1783 1910 1820 ac

349 1863 541 1914 dierum
584 1860 976 1926 observationes,
1022 1861 1412 1929 superstitiosam
1457 1875 1608 1929 super
1625 1859 1793 1930 genesi
1819 1875 1910 1913 cu-

349 1970 459 2005 ram
481 1994 496 2017 ,
526 1961 571 2006 et
597 1952 757 2005 omnis
795 1951 1061 2020 impietatis
1114 1951 1286 2020 plenas
1323 1950 1492 2004 literas
1511 1992 1526 2014 ,
1553 1967 1675 2017 quas
1723 1965 1905 2019 puero-

351 2062 496 2109 rum,
535 2045 762 2115 protinus
802 2052 858 2097 ut
897 2044 1002 2097 nati
1043 2053 1198 2108 sunt,
1234 2042 1477 2112 capitibus
1515 2043 1810 2110 imponunt;
1849 2039 1912 2094 ab

350 2138 460 2207 ipso
493 2137 660 2189 statim
690 2135 894 2190 exordio
933 2135 1162 2188 docentes
1198 2132 1311 2186 illos
1348 2133 1543 2186 virtutis
1579 2131 1915 2203 adipiscenda:

351 2229 570 2282 studium
593 2227 838 2300 abjicere,
873 2235 917 2280 et
940 2226 1007 2279 ad
1046 2225 1281 2296 fallacem
1317 2225 1412 2295 fati
1449 2226 1763 2295 tyrannidem
1799 2225 1914 2279 illos

352 2319 670 2372 adducentes.

424 2408 502 2461 Ex
529 2407 594 2460 iis
623 2421 748 2459 vero
766 2445 782 2469 ,
811 2419 928 2474 quas
953 2404 1360 2476 Chrysostomus
1384 2411 1564 2458 narrat
1593 2403 1646 2458 in
1671 2404 1776 2458 line
1805 2403 1916 2458 Ho-

356 2497 514 2550 ruilite
543 2505 743 2566 quarta:
766 2496 816 2549 in
847 2495 1015 2564 Epist.
1048 2495 1114 2550 ad
1144 2495 1424 2564 Ephesios,
1472 2495 1641 2565 palam
1668 2503 1749 2549 est
1772 2495 1912 2549 inter

341 2585 676 2642 Christianos
697 2586 1056 2642 Antiochenos
1069 2586 1322 2657 plurimos
1340 2585 1502 2642 fuisse
1516 2586 1604 2657 qui
1623 2585 1918 2656 genethlia-

364 2678 518 2748 logiae
541 2693 758 2747 Operam
783 2678 988 2733 darent.

428 2771 592 2824 Erant
615 2771 774 2824 etiam
801 2787 904 2824 non
931 2771 1079 2840 pauci
1126 2768 1412 2826 Christiani
1437 2768 1749 2824 Antiocheui
1771 2809 1789 2836 ,
1830 2768 1921 2838 qui

362 2876 462 2914 una
509 2877 626 2916 cum
655 2862 936 2931 gentilibus
980 2862 1046 2916 ad
1086 2861 1340 2933 Daphnen
1386 2868 1747 2931 properarent.
1790 2860 1919 2914 Erat

360 2963 531 3007 autem
563 2953 777 3020 Daphne
818 2953 1127 3008 suburbium
1153 2953 1542 3008 Antiochenum
1566 2994 1582 3018 ,
1614 2952 1692 3006 sic
1716 2965 1917 3006 nuncu—

362 3053 538 3112 patum
573 3059 604 3098 a
634 3045 851 3112 Daphne
894 3045 1064 3114 puella
1089 3085 1106 3111 ,
1155 3059 1312 3114 quam
1360 3043 1649 3115 mythologi
1690 3042 1920 3097 Ladonis

361 3137 504 3190 tluvii
535 3136 694 3190 tiliam
721 3137 920 3190 dicunt.
938 3135 1063 3191 Haec
1086 3150 1205 3190 cum
1223 3136 1521 3205 Apollinem
1545 3135 1772 3190 libidinis
1796 3150 1923 3190 cau-

362 3247 418 3286 sa
444 3245 502 3285 se
536 3231 897 3299 insequentem
936 3229 1070 3283 ultra
1097 3227 1328 3298 eifugere
1355 3244 1459 3282 non
1491 3237 1699 3298 posset,
1728 3227 1920 3297 implo-

363 3331 475 3374 rato
503 3320 703 3390 paterni
727 3320 953 3374 numinis
979 3320 1173 3373 auxilio
1192 3361 1207 3386 ,
1231 3320 1282 3374 in
1310 3321 1516 3374 laurum
1536 3335 1785 3375 conversa
1817 3327 1918 3374 est.

366 3410 489 3464 Erat
514 3424 675 3480 porro
707 3409 922 3479 Daphne
945 3409 1248 3464 suburbium
1269 3451 1284 3476 ,
1307 3410 1453 3464 locus
1472 3426 1711 3466 ammnus
1729 3450 1744 3477 ,
1768 3411 1926 3465 lotiu-

365 3501 496 3564 bus,
539 3500 820 3555 arboribus
865 3509 918 3554 et
961 3501 1226 3569 cupressis
1270 3509 1504 3555 ornatus.
1551 3501 1626 3556 lbi
1670 3503 1923 3571 templum

358 3592 621 3660 Apollinis
639 3633 656 3657 ,
687 3591 839 3661 cujus
864 3600 1036 3646 statua
1065 3593 1278 3663 elegans
1301 3608 1420 3646 cum
1445 3608 1632 3648 novem
1662 3594 1926 3648 Musarum

365 3684 528 3735 choro
552 3681 992 3751 conspiciebatur.
1025 3681 1120 3736 lllo
1161 3684 1546 3754 properabant,
1577 3685 1780 3740 colendi
1808 3686 1926 3740 talis

367 3773 596 3826 numinis
619 3788 795 3837 causa,
822 3774 1132 3830 Antiocheni
1154 3775 1410 3844 gentiles,
1442 3775 1629 3845 quibus
1655 3777 1813 3832 etiam
1841 3779 1924 3831 in-

369 3862 598 3915 termiin
628 3871 780 3917 erant
805 3879 905 3916 non
929 3866 1077 3933 pauci
1098 3864 1402 3932 Christiani,
1430 3881 1562 3936 quos
1583 3867 1948 3922 vehementer

368 3953 575 4008 mordet
600 3963 653 4007 et
681 3955 916 4026 increpat
941 3956 1369 4027 Chrysostomus,
1391 3956 1806 4012 Christianorum
1827 3975 1923 4013 no-

373 4047 520 4098 mine
549 4045 790 4114 indignos
818 4061 1042 4100 censens
1067 4062 1159 4101 eos
1177 4087 1192 4111 ,
1221 4048 1310 4116 qui
1338 4062 1369 4101 a
1394 4047 1487 4102 tali
1515 4047 1782 4101 consortio
1819 4062 1926 4102 non

370 4135 736 4190 abhorrerent.
765 4135 876 4190 Hoc
904 4151 1029 4191 vero
1057 4138 1307 4207 templum
1337 4153 1456 4192 cum
1480 4137 1734 4207 Apollinis
1758 4146 1928 4192 statua

370 4228 584 4282 fulmine
600 4237 792 4282 tactum
814 4227 927 4293 fuit,
944 4245 1044 4299 qua
1063 4229 1128 4283 de
1146 4246 1202 4284 re
1221 4230 1516 4286 Monodiam
1531 4231 1642 4284 sive
1660 4231 1928 4301 planctum

371 4318 532 4371 edidit
552 4317 799 4374 Libanius
827 4319 1120 4385 idololatra,
1143 4321 1292 4391 cujus
1321 4332 1520 4392 partem
1538 4322 1790 4377 irridendi
1814 4337 1932 4378 cau-

373 4424 427 4459 sa
457 4407 615 4461 refert
641 4409 1069 4480 Chrysostomus.

445 4497 722 4552 Antiochia
751 4515 876 4553 vero
903 4499 1131 4554 Orientis
1159 4509 1315 4570 caput
1339 4510 1392 4556 et
1432 4504 1738 4572 metropolis
1779 4513 1895 4558 erat
1917 4545 1931 4567 ,

375 4591 778 4659 continebatque
803 4590 864 4660 (Τ
869 4608 981 4644 omo
1008 4592 1245 4661 secundo)
1269 4593 1492 4648 ducenta
1517 4593 1789 4648 hominum
1825 4595 1937 4648 mil-

378 4683 468 4747 lia,
495 4696 560 4735 ex
595 4695 820 4749 quorum
841 4697 1059 4735 numero
1095 4681 1276 4752 (Tomo
1297 4685 1527 4754 septimo)
1558 4693 1768 4740 centum
1795 4685 1937 4740 mille

374 4774 586 4828 circiter
603 4771 886 4826 Christiani
913 4783 1064 4827 erant
1095 4793 1108 4828 :
1141 4774 1410 4844 majorque
1434 4787 1720 4832 conventus
1745 4775 1936 4844 (Tomo

378 4865 576 4937 primo)
619 4863 1035 4919 Christianorum
1074 4866 1364 4920 Antiochia:
1413 4877 1564 4932 erat,
1595 4883 1751 4938 quam
1797 4868 1938 4922 Con-

378 4956 712 5025 stantinopoli
743 4953 923 5024 (Tomo
950 4954 1204 5026 septimo).

453 5046 686 5102 Ecclesia
741 5062 867 5102 vero
911 5046 1236 5104 Antiochcua
1290 5048 1586 5118 possidebat
1620 5065 1805 5120 agros,
1844 5051 1941 5104 do-

382 5151 514 5201 mos,
545 5137 832 5192 locationes
879 5138 1068 5193 aedium
1094 5179 1110 5204 ,
1167 5137 1398 5192 vehicula
1418 5178 1434 5204 ,
1457 5138 1737 5207 muliones,
1768 5141 1941 5194 mulos

382 5239 434 5282 et
467 5232 627 5284 multa
667 5232 770 5286 alia
805 5230 1106 5301 hujusmodi
1136 5229 1429 5304 (Ibidem).
1456 5231 1656 5297 Quibus
1689 5232 1940 5287 instructa

385 5322 717 5377 facultatibus
752 5322 987 5378 Ecclesia
1034 5325 1129 5379 ista
1176 5339 1353 5379 arcam
1381 5323 1608 5378 habebat
1649 5323 1852 5379 alendis
1888 5324 1942 5379 in

386 5413 574 5483 opibus
595 5413 930 5483 deputatam;
976 5415 1042 5469 Et
1078 5417 1258 5488 cogites
1287 5417 1465 5482 velim,
1507 5415 1676 5486 inquit
1716 5416 1944 5488 Chryso-

389 5511 593 5558 stomus
613 5545 627 5569 ,
655 5516 774 5574 quot
799 5507 972 5561 viduas
990 5550 1005 5573 ,
1049 5518 1166 5578 quot
1193 5509 1404 5580 virgines
1427 5510 1532 5564 alat
1573 5510 1790 5580 quotidie
1814 5523 1833 5561 :
1861 5525 1945 5561 ea-

392 5607 501 5646 nsm
527 5604 653 5649 certe
675 5597 929 5669 catalogus
953 5598 1022 5652 ad
1051 5608 1122 5652 ter
1138 5599 1271 5654 mille
1297 5601 1547 5673 pertingit.
1573 5601 1648 5655 Ad
1671 5601 1775 5654 hate
1797 5600 1944 5654 etiam

1995 304 2050 357 in
2073 317 2270 357 carcere
2295 301 2481 356 vinctos
2496 342 2511 368 ,
2540 302 2593 354 in
2618 298 2927 355 modocltio
2951 313 3110 369 agros
3125 337 3141 361 ,
3173 295 3300 350 alios
3328 295 3450 349 bene
3473 310 3567 348 oa-

1997 399 2178 464 lentes,
2211 397 2494 465 peregrinos
2517 436 2531 462 ,
2574 393 2804 448 membris
2841 391 3072 457 mutilos,
3114 390 3266 444 altari
3288 388 3569 443 assidentes

1997 487 2222 540 alimenti
2245 487 2488 556 vestisque
2511 500 2666 538 causa
2686 525 2704 552 ,
2729 482 2958 553 aliosque
2976 497 3096 535 casu
3119 478 3403 533 accedentes
3431 482 3565 549 fovet

1998 577 2220 648 quotidie
2247 594 2265 631 :
2286 592 2440 643 neque
2479 585 2649 630 tamen
2688 577 2801 647 ejus
2828 574 3093 646 facultates
3120 571 3398 625 imminuta:
3422 578 3563 623 sunt.

1999 668 2214 737 Itaque,
2245 669 2288 722 si
2311 669 2477 722 decem
2515 669 2606 721 viri
2644 676 2838 721 tantum
2872 665 3018 736 paria
3057 664 3435 719 subministrare
3463 661 3568 715 vel-

2001 761 2101 815 lent
2118 800 2134 826 ,
2167 759 2334 813 nullus
2359 762 2485 830 foret
2509 775 2722 828 pauper.

2072 854 2269 908 Morem
2292 852 2709 907 Christianorum
2740 859 2969 904 veterem
2995 854 3375 903 commemorat
3403 844 3568 912 alibi,

2003 944 2093 1014 qui
2136 959 2250 998 :evo
2300 957 2396 997 suo
2435 942 2544 1012 jam
2590 942 2922 996 obsoleverat
2951 939 3140 1006 (Tomo
3183 940 3411 1009 tertio):
3448 937 3570 992 Mos

2002 1036 2205 1106 quidam
2250 1035 2524 1100 mirabilis,
2575 1035 2768 1104 inquit,
2818 1043 2934 1087 tunc
2973 1033 3209 1086 inductus
3249 1042 3321 1086 est
3355 1047 3374 1085 :
3403 1033 3566 1086 coacti

2004 1146 2216 1199 namque
2239 1129 2390 1182 simul
2429 1128 2600 1197 ﬁdeles
2644 1143 2814 1180 omnes
2843 1135 2960 1197 post
2994 1125 3222 1179 auditam
3251 1125 3532 1178 doctrinam
3552 1164 3574 1192 ,

2007 1231 2116 1290 post
2145 1220 2394 1274 orationes
2417 1261 2432 1286 ,
2460 1228 2573 1289 post
2607 1218 2958 1288 mysteriorum
3000 1216 3462 1288 participationem,
3487 1231 3575 1269 so-

2008 1311 2115 1364 luta
2135 1311 2346 1380 synaxi,
2395 1327 2496 1363 non
2542 1309 2706 1363 statim
2737 1309 2942 1362 domum
2969 1308 3342 1374 concedebant;
3383 1307 3470 1362 sed
3493 1308 3576 1361 di-

2008 1404 2127 1456 vites
2143 1411 2186 1455 et
2202 1402 2533 1471 opulentiores
2546 1402 2781 1454 alimenta
2791 1410 2838 1456 et
2847 1401 3038 1470 fercula
3049 1416 3077 1454 e
3088 1400 3315 1454 domibus
3330 1400 3434 1454 suis
3447 1397 3578 1464 affe-

2009 1504 2171 1547 rentes
2189 1533 2206 1556 ,
2247 1509 2490 1563 pauperes
2518 1492 2861 1558 advocabant,
2891 1492 3240 1560 communique
3265 1491 3414 1545 simul
3435 1507 3578 1544 men-

2011 1602 2069 1641 sa
2112 1586 2438 1656 fruebantur,
2480 1586 2920 1656 communibusque
2955 1585 3118 1654 epulis
3159 1593 3306 1652 atque
3342 1583 3580 1637 conviviis

2011 1678 2064 1729 in
2093 1677 2204 1744 ipsa
2233 1676 2474 1740 ecclesia;
2500 1676 2576 1728 ita
2600 1685 2656 1729 ut
2682 1685 2729 1729 et
2756 1693 2788 1728 a
2823 1676 3074 1730 consortio
3098 1689 3313 1740 mensis,
3341 1685 3388 1727 et
3413 1690 3445 1727 a
3479 1674 3585 1728 loci

2011 1768 2288 1821 reverentia
2309 1809 2323 1830 ,
2355 1767 2538 1819 caritas
2557 1767 2994 1838 constringeretar,
3019 1782 3130 1819 cum
3150 1767 3309 1820 multa
3327 1766 3585 1826 voluptate

2012 1863 2162 1918 simul
2188 1873 2333 1932 atque
2356 1863 2587 1915 utilitate.

2085 1956 2160 2009 De
2195 1954 2258 2008 iis
2297 1953 2390 2023 qui
2418 1953 2500 2007 vel
2539 1953 2592 2006 in
2635 1965 2902 2007 carcerem
2941 1950 3214 2017 trudendi,
3243 1950 3330 2006 vel
3363 1948 3431 2004 ad
3478 1965 3584 2004 ne-

2017 2061 2130 2100 cem
2161 2045 2387 2116 qumsiti,
2423 2048 2474 2099 in
2513 2044 2794 2099 ecclesiam
2819 2043 3180 2114 confugerent,
3207 2041 3448 2112 quaedam
3483 2057 3587 2096 nos

2018 2139 2252 2194 dicturos
2300 2152 2419 2194 esse
2475 2137 2692 2207 polliciti
2739 2150 2957 2201 sumus,
3007 2149 3128 2190 cum
3199 2135 3269 2190 de
3327 2133 3589 2202 EutrOpio

2021 2230 2262 2286 eunucho
2283 2231 2348 2285 ad
2371 2244 2554 2285 necem
2575 2230 2795 2298 quaesito
2809 2237 3051 2299 ageretur
3067 2227 3328 2299 (Ibidem).
3351 2227 3438 2282 Sic
3453 2243 3589 2283 vero

2020 2324 2230 2394 legitur,
2253 2333 2298 2376 et
2320 2323 2386 2376 ad
2405 2340 2549 2376 sacra
2567 2338 2686 2376 vasa
2697 2322 2937 2392 confugit.
2962 2320 3067 2377 Sed
3087 2319 3348 2400 quiahtec
3370 2320 3435 2374 ad
3457 2320 3588 2374 lite-

2019 2429 2132 2467 ram
2172 2413 2473 2482 accipienda
2513 2429 2618 2467 non
2649 2413 2908 2478 videntur,
2941 2421 2996 2467 et
3022 2412 3142 2481 quia
3176 2412 3592 2484 Chrysostomus

2023 2506 2180 2575 paulo
2207 2514 2409 2574 postea,
2438 2505 2602 2574 ipsum
2624 2505 2677 2557 in
2703 2505 2922 2558 sacrario
2945 2506 3248 2570 excepimus,
3271 2520 3365 2559 seu
3392 2505 3441 2558 in
3464 2506 3588 2560 loco

2022 2597 2149 2650 solis
2171 2595 2530 2650 sacerdotibus
2550 2596 2813 2650 destinato
2828 2637 2843 2660 ,
2869 2596 2973 2650 alio
2993 2596 3150 2651 modo
3171 2611 3258 2652 res
3276 2595 3589 2664 explicanda

2024 2686 2248 2741 videtur.
2279 2685 2452 2751 Quaeri
2477 2697 2653 2740 autem
2676 2695 2852 2755 posset
2873 2695 3046 2740 utrum
3083 2694 3317 2741 veterum
3345 2702 3493 2741 more
3518 2687 3591 2744 ad

2025 2792 2168 2832 aram
2195 2778 2479 2832 accesserit
2507 2819 2522 2843 ,
2568 2785 2622 2832 et
2663 2793 2806 2831 aram
2835 2777 3104 2845 tetigerit,
3137 2777 3275 2846 quod
3315 2794 3419 2833 non
3447 2778 3592 2847 apud

2025 2867 2274 2937 profanos
2311 2867 2470 2922 modo
2493 2909 2508 2934 ,
2549 2867 2642 2923 sed
2681 2869 2816 2938 apud
2842 2867 3171 2923 Christianos
3199 2869 3357 2923 etiam
3389 2869 3440 2923 in
3489 2885 3592 2925 usu

2029 2956 2144 3023 fuit,
2174 2972 2291 3011 cum
2316 2957 2434 3026 quis
2447 2957 2528 3012 vel
2555 2967 2724 3012 morte
2755 2958 3107 3019 mulctandus,
3138 2959 3220 3012 vel
3243 2959 3294 3012 in
3319 2974 3594 3014 carcerem

2029 3047 2392 3116 conjiciendus
2427 3048 2840 3118 perquireretur.
2873 3047 3064 3102 Verum
3095 3048 3209 3104 haec
3235 3051 3456 3119 qum-stin
3485 3067 3595 3104 non

2033 3139 2160 3191 tanti
2185 3153 2305 3193 esse
2331 3138 2565 3203 videtur,
2588 3147 2642 3193 et
2663 3137 2731 3192 de
2759 3139 3012 3208 Eutropio
3038 3141 3103 3194 iis
3127 3156 3244 3210 qua:
3267 3140 3595 3211 Chrysosto-

2031 3245 2149 3284 mus
2179 3231 2394 3299 protulit
2419 3271 2436 3296 ,
2476 3230 2683 3285 nonnisi
2710 3231 2995 3285 divinando
3019 3245 3299 3302 possumus
3322 3232 3595 3302 quidpiam

2031 3321 2280 3390 adjicere.

2102 3413 2238 3466 Dicit
2265 3412 2669 3482 Chrysostomus
2691 3413 2913 3467 llomilia
2931 3413 2999 3468 30
3039 3413 3090 3468 in
3123 3413 3369 3470 Genesim
3398 3415 3416 3486 (
3441 3414 3598 3469 Tanto

2037 3502 2276 3574 quarto):
2325 3503 2568 3574 Magnam
2613 3520 2843 3558 vocamus
2885 3505 3282 3569 hebdomadam,
3315 3524 3417 3560 non
3461 3509 3600 3576 quod

2039 3595 2286 3665 longiores
2317 3597 2370 3649 in
2411 3612 2470 3649 ea
2495 3596 2593 3649 sint
2621 3596 2790 3660 horae;
2829 3606 2943 3649 sunt
2976 3597 3107 3649 enim
3152 3597 3270 3650 alia:
3301 3613 3412 3667 qua:
3439 3599 3602 3652 multo

2043 3691 2258 3754 majores
2284 3688 2435 3740 horas
2464 3687 2664 3740 habent.
2688 3686 2856 3740 Horas
2883 3695 3061 3741 autem
3097 3687 3324 3755 majores
3349 3698 3402 3742 et
3428 3690 3594 3741 mino-

2043 3795 2128 3834 res
2161 3783 2462 3835 necessario
2488 3789 2693 3833 veteres
2717 3779 3084 3854 admittebant,
3113 3780 3201 3848 qui
3230 3778 3372 3833 diem
3394 3781 3446 3833 in
3474 3782 3604 3834 duo-

2038 3872 2208 3926 decim
2234 3913 2250 3939 ,
2278 3881 2332 3925 et
2356 3881 2564 3926 noctem
2591 3870 2642 3923 in
2667 3869 2880 3924 totidem
2904 3879 3076 3938 partes
3104 3883 3199 3924 seu
3225 3869 3382 3923 horas
3407 3869 3605 3924 divise-

2038 3973 2160 4018 runt
2202 3981 2215 4018 :
2265 3961 2406 4017 unde
2461 3962 2777 4030 sequebatur
2818 3961 3035 4017 diurnas
3086 3961 3310 4016 hiberno
3365 3972 3609 4032 tempore

2039 4057 2274 4109 minores
2293 4096 2309 4121 ,
2332 4055 2516 4108 aestivo
2539 4063 2716 4108 autem
2743 4053 2972 4122 majores
3001 4067 3141 4107 esse.
3167 4052 3318 4108 Unde
3346 4053 3606 4110 Martialis

2039 4147 2075 4200 l.
2101 4145 2188 4212 12,
2217 4146 2384 4216 epigr.
2409 4147 2460 4213 1,
2494 4145 2678 4200 horam
2713 4145 2950 4198 aestivam
2980 4145 3058 4199 sic
3084 4153 3506 4200 commemorat:

2220 4290 2339 4331 ﬂora
2361 4292 2454 4328 nec
2475 4279 2639 4328 aestiva
2664 4286 2756 4339 est,
2781 4290 2873 4328 nec
2894 4278 2978 4328 tibi
3002 4286 3100 4329 tota
3122 4281 3266 4342 perit.

2042 4414 2290 4484 Virgilius
2313 4421 2510 4476 autem,

2222 4531 2322 4574 tam
2342 4535 2438 4573 nox
2461 4523 2688 4572 hibernas
2699 4521 2774 4570 bis
2795 4521 3007 4583 quinque
3025 4525 3288 4580 peregerat
3310 4518 3453 4566 horas

2116 4670 2394 4724 Hominem
2445 4667 2812 4733 tricubitalem,
2850 4673 3002 4719 vocat
3051 4662 3464 4735 Chrysostomus
3490 4705 3505 4729 ,
3554 4673 3610 4718 ut

2045 4763 2203 4818 etiam
2228 4760 2570 4831 Geograpbus
2598 4758 2882 4813 Nubiensis
2912 4758 2964 4811 in
2993 4756 3211 4812 climate
3240 4757 3398 4811 tertio
3424 4755 3609 4826 (Tomo

2039 4856 2214 4926 quinto
2268 4861 2312 4908 et
2349 4851 2502 4905 Tanto
2528 4846 2792 4920 septimo):
2843 4847 3070 4917 alibique
3112 4845 3244 4900 dicit
3286 4845 3476 4900 doctor
3515 4861 3612 4898 no-

2047 4959 2192 5014 ster,
2225 4948 2419 5014 homo,
2467 4947 2600 4999 intra
2651 4954 2748 4998 tres
2793 4941 2985 4996 cubitos
3025 4941 3298 5007 sepelitur,
3345 4954 3436 4994 nec
3486 4939 3611 5007 quid

2047 5043 2179 5095 ultra
2203 5038 2385 5112 (Tomo
2413 5034 2630 5107 quinto).
2669 5076 2672 5080 η

2121 5132 2443 5204 Babylonios
2481 5138 2536 5183 et
2563 5128 2694 5182 alios
2722 5125 3016 5181 Orientales
3059 5137 3202 5193 saepe
3247 5130 3400 5176 vocat
3435 5119 3615 5191 Chry-

2050 5234 2322 5297 sostomus'
2347 5222 2526 5292 (Tomo
2546 5217 2730 5290 sexto).

2128 5316 2502 5386 Suspicabatur
2536 5313 2624 5368 ille
2667 5312 2822 5365 linem
2851 5308 3033 5364 mundi
3072 5308 3274 5363 instare
3321 5314 3378 5362 et
3427 5304 3615 5373 proxi-

2049 5424 2195 5464 mum
2221 5421 2339 5462 esse
2380 5403 2573 5478 (Tomo
2601 5403 2808 5472 septimo
2834 5402 2872 5471 ).
2916 5399 3098 5454 Finem
3146 5397 3328 5454 mundi
3368 5413 3617 5468 praenun-

2054 5501 2202 5564 tiant,
2222 5498 2410 5568 inquit,
2430 5495 2584 5558 bella,
2609 5509 2878 5557 aerumnas,
2907 5481 3062 5547 terra:
3086 5500 3260 5545 motus
3284 5500 3334 5543 et
3352 5489 3618 5544 esstiueta

2055 5599 2248 5653 caritas
2280 5589 2479 5662 (Tomo
2519 5589 2746 5660 octavo).
2797 5589 2924 5644 Eam
2970 5601 3125 5656 quam
3165 5583 3356 5640 Paulus
3387 5582 3620 5652 plenitu-
