3938 6136
256 297 322 352 79
1022 289 1183 358 ρυλε
1211 287 1276 343 IN
1310 286 1644 345 OPERIBUS
1676 285 2137 345 CHRYSOSTOMI
2174 290 2691 348 OBSERVANTUR.
3399 285 3470 340 80

249 418 414 470 dinem
468 423 770 486 temporum
819 421 1013 478 vocat,
1061 413 1170 481 jam
1208 411 1486 468 advenisse
1535 409 1788 478 putabat:

254 510 328 558 tta
379 505 424 558 ὁ
473 513 543 558 tet
594 520 851 558 annorum
900 502 1438 574 quadringentesimum
1493 517 1597 555 esse
1653 500 1805 568 ﬁnem

248 581 529 658 discriptus,
555 611 660 648 non
683 595 1044 649 aberrabimus.
1075 592 1180 648 Sed
1229 603 1287 647 ut
1326 592 1381 647 in
1423 592 1805 660 supputatione

251 702 533 756 temporum
559 702 665 741 non
693 687 764 741 ita
791 697 1064 741 accuratus
1089 685 1624 757 fuitChrysostomus,
1645 685 1722 737 sic
1751 685 1804 738 in

249 779 336 834 hac
361 778 704 848 praedictione
740 779 897 848 longe
923 778 1181 832 aberravit
1211 795 1224 832 :
1275 777 1417 848 quod
1457 775 1641 830 multis
1684 772 1804 827 aliis

246 870 431 924 sanctis
455 871 593 922 viris
621 869 866 938 contigit.

307 963 577 1030 Cognatas
591 958 794 1012 Christi
820 958 1154 1027 Desposynos
1171 954 1464 1024 appellatos
1479 957 1650 1012 multo
1666 967 1798 1012 tem-

248 1067 362 1122 pore
377 1049 728 1105 admirationi
771 1048 938 1102 fuisse
971 1048 1119 1112 dicit,
1141 1047 1461 1116 illorumque
1489 1055 1668 1103 tamen
1699 1064 1796 1102 no-

248 1147 378 1200 mina
397 1144 621 1214 prepria
639 1140 1172 1221 iguorariLEusebius
1189 1156 1402 1210 quoque
1419 1140 1455 1194 I.
1483 1141 1520 1195 Ι.
1536 1139 1676 1196 Hist.
1691 1141 1795 1197 Ec-

243 1228 303 1278 cI.
329 1225 399 1278 ait
421 1233 682 1294 cognatos
703 1224 895 1280 Christi
923 1226 1256 1297 Desposynos
1271 1236 1598 1295 nuncupatos
1619 1224 1801 1282 fuisse.

301 1315 531 1370 Homilia
558 1317 624 1370 41
654 1316 708 1369 in
737 1319 868 1370 Acta
895 1316 1267 1385 Apostolorum
1295 1332 1408 1370 rem
1435 1326 1612 1371 narrat
1632 1317 1804 1386 singu-

241 1408 392 1462 larem
421 1405 626 1480 (Temo
668 1423 801 1461 nene
817 1406 858 1479 ).
905 1406 1033 1461 Erat
1075 1408 1270 1461 cuidam
1317 1409 1662 1478 pradium.in
1703 1425 1803 1480 quo

240 1497 460 1551 occultus
512 1498 776 1552 thesaurus
819 1507 927 1551 erat
966 1513 985 1552 :
1021 1507 1214 1568 emptor
1258 1515 1370 1553 vero
1391 1539 1406 1564 ,
1459 1517 1574 1552 cum
1618 1511 1802 1554 terram

237 1587 444 1656 foderet,
471 1589 763 1642 thesaurum
815 1589 959 1642 illum
1001 1590 1206 1643 invenit.
1239 1589 1315 1644 Re
1352 1601 1607 1658 comperta
1645 1591 1688 1644 is
1715 1592 1798 1659 qui

236 1679 550 1745 uendiderat,
578 1688 854 1748 emptorem
883 1680 1087 1750 cogebat
1125 1691 1180 1733 ut
1211 1681 1498 1734 thesaurum
1535 1669 1795 1748 redderet,

237 1770 420 1830 dicens,
447 1787 504 1823 se
530 1770 775 1838 prndium
799 1771 1097 1836 vendidisse,
1121 1787 1221 1824 non
1247 1772 1534 1825 thesaurum
1553 1787 1571 1824 :
1591 1781 1798 1825 centen-

235 1859 373 1914 debat
396 1861 527 1913 alter
550 1901 566 1926 ,
594 1876 648 1914 se
674 1861 922 1930 pradium
945 1877 1060 1914 cum
1098 1861 1332 1914 thesauro
1361 1861 1558 1915 emisse.
1615 1861 1715 1916 Res
1747 1863 1798 1915 in

240 1956 367 2006 litem
391 1968 536 2006 tersa
560 1962 652 2016 est,
680 1952 772 2006 illo
795 1953 941 2006 reddi
975 1951 1067 2006 sibi
1103 1953 1296 2006 volente
1314 1992 1329 2017 ,
1361 1953 1520 2006 altero
1565 1963 1796 2022 negante.

236 2043 522 2098 Incidentes
547 2055 714 2098 autem
754 2045 809 2098 in
849 2045 1097 2098 hominem
1141 2046 1426 2115 quempiam
1449 2085 1463 2109 ,
1495 2043 1754 2115 litigabunt
1780 2059 1800 2098 :

236 2135 512 2206 deindeque
552 2135 923 2205 interrogarunt
958 2135 1104 2188 illum
1133 2175 1148 2199 ,
1193 2136 1274 2188 cui
1317 2135 1512 2189 deberet
1539 2135 1798 2189 thesaurus

238 2228 543 2299 adjudicari.
566 2225 661 2282 Ille
683 2244 800 2287 vero
828 2229 1121 2282 sententiam
1141 2243 1241 2282 non
1269 2228 1382 2282 tulit
1405 2268 1420 2292 ,
1468 2228 1556 2282 sed
1584 2244 1637 2282 se
1664 2227 1798 2282 litem

236 2321 520 2374 soluturum
536 2335 658 2385 esse,
680 2320 724 2373 si
749 2319 1014 2374 thesaurus
1036 2320 1130 2374 sibi
1154 2329 1392 2374 maneret.
1417 2317 1533 2374 Illis
1558 2335 1672 2374 vero
1699 2337 1796 2374 an-

239 2412 518 2477 nuentibus,
554 2420 749 2483 accepto
775 2413 1009 2466 thesauro
1031 2413 1293 2466 innumera
1321 2413 1500 2466 deinde
1523 2411 1658 2466 mala
1682 2429 1799 2483 pas-

235 2521 324 2558 sus
349 2515 464 2558 est:
487 2515 532 2558 et
561 2521 614 2558 re
635 2505 813 2558 didicit
822 2506 942 2576 jure
969 2504 1092 2559 illos
1106 2505 1166 2558 ab
1193 2506 1285 2559 hoc
1299 2505 1616 2559 abstinuisse.

298 2593 408 2649 Nec
436 2596 613 2649 minus
635 2594 1029 2651 observandum
1056 2605 1138 2650 est
1159 2595 1208 2650 id
1239 2596 1379 2666 quod
1405 2597 1569 2652 refert
1598 2597 1792 2651 Homil.

233 2686 300 2739 l3
324 2685 378 2739 in
392 2685 566 2755 Epist.
595 2685 661 2740 ad
688 2685 958 2741 Romanos
985 2685 1165 2758 (Temo
1184 2688 1360 2758 none).
1385 2688 1510 2755 Quae
1528 2689 1656 2742 enim
1680 2699 1796 2742 ante

230 2780 411 2832 nmini
446 2779 710 2848 possibilia
746 2779 1043 2834 uidebantur
1086 2796 1221 2846 esse,
1265 2781 1528 2850 virginitas
1551 2823 1566 2847 ,
1615 2782 1794 2834 mortis

227 2880 562 2942 contemptus,
585 2873 964 2941 compluresque
981 2871 1071 2925 alii
1086 2871 1298 2938 labores,
1317 2873 1423 2926 haec
1442 2871 1619 2942 ubique
1633 2883 1793 2926 terra-

224 2979 330 3016 rum
341 2964 460 3030 jam
491 2973 793 3033 prwstantur
814 3005 832 3032 ,
861 2980 962 3018 non
986 2964 1125 3034 apud
1145 2981 1234 3019 nos
1258 2975 1452 3018 tantum
1471 3009 1485 3030 ,
1534 2965 1620 3018 sed
1641 2965 1792 3018 etiam

221 3056 356 3123 apud
388 3054 632 3126 Scythas,
660 3054 896 3121 Thraces,
925 3053 1105 3121 Indos,
1134 3054 1341 3122 Persas,
1363 3056 1588 3126 aliosque
1607 3057 1790 3108 barba-

221 3162 300 3199 ros
321 3146 513 3197 multos
538 3161 560 3209 ;
606 3155 652 3198 et
671 3146 919 3216 virginum
955 3145 1094 3198 chori
1112 3186 1127 3211 ,
1155 3155 1430 3216 martyrum
1457 3147 1650 3216 populi,
1677 3163 1791 3200 me-

227 3239 508 3291 naclterum
533 3239 823 3292 sodalitates
841 3240 955 3309 jam
974 3238 1142 3309 plures
1163 3247 1316 3304 sunt,
1338 3254 1487 3308 quam
1513 3255 1684 3293 eorum
1703 3240 1790 3308 qui

222 3328 466 3382 connubio
487 3329 793 3400 junguntur.

285 3423 488 3475 Contra
532 3420 861 3474 Christianos
880 3419 1136 3490 quosdam
1158 3420 1350 3491 stylum
1376 3421 1517 3473 acuit
1551 3420 1787 3492 Chryso-

222 3518 441 3576 stamus,
469 3510 616 3579 quia
642 3508 945 3563 Manicbmis
971 3509 1177 3563 seducti
1201 3550 1217 3575 ,
1247 3517 1305 3565 ut
1328 3509 1535 3564 videtur
1557 3551 1572 3574 ,
1614 3511 1786 3565 virilia

223 3600 318 3653 sibi
345 3601 693 3670 amputabant
717 3617 729 3651 :
759 3615 877 3670 qua:
900 3598 1229 3654 consuetudo
1252 3607 1430 3658 tamen
1452 3616 1556 3653 non
1586 3600 1674 3655 diu
1703 3602 1784 3654 vi-

227 3693 395 3760 guisse
421 3691 641 3746 videtur
662 3689 843 3762 (Temo
871 3691 1108 3759 decimo).

293 3779 524 3835 Infantes
552 3796 740 3835 recens
769 3781 876 3834 nati
919 3781 1245 3851 signaculum
1270 3777 1321 3834 in
1349 3779 1524 3836 fronte
1549 3797 1580 3836 a
1609 3797 1786 3837 sacer-

227 3870 348 3923 dote
379 3871 718 3940 accipiebant
740 3869 1003 3939 (Ibidem).

293 3958 486 4013 Caelum
515 3974 636 4014 esse
660 3958 998 4029 sphaericum,
1028 3970 1081 4014 et
1106 3968 1303 4015 terram
1328 3975 1446 4015 esse
1473 3961 1783 4030 spluericam

224 4055 444 4120 negabat
473 4049 889 4122 Chrysostomus
923 4053 942 4120 (
969 4049 1126 4104 Temo
1161 4049 1480 4122 duodecimo)
1512 4068 1525 4104 :
1572 4067 1673 4122 qua
1718 4053 1785 4106 de

224 4157 285 4195 re
331 4141 555 4196 videnda
606 4151 731 4195 sunt
782 4156 901 4210 qua:
959 4140 1184 4195 diximus
1247 4141 1300 4195 in
1354 4140 1669 4196 Prtefatione
1716 4141 1783 4196 ad

223 4233 466 4286 Cosmam
493 4231 824 4304 Egyptium,
873 4231 961 4300 qui
1008 4231 1072 4285 ad
1109 4231 1249 4285 illam
1281 4233 1596 4286 sententiam
1633 4243 1783 4286 tuen-

225 4323 344 4376 dam
391 4324 562 4378 locutn
596 4323 751 4377 allert
785 4322 1147 4392 Cbrysostomi
1194 4338 1259 4377 ex
1309 4321 1699 4378 Commentario
1728 4324 1782 4377 in

227 4413 512 4482 Epistulam
541 4414 610 4469 ad
637 4415 908 4481 llebraros,
935 4429 1090 4483 quem
1122 4413 1312 4468 videsis
1342 4418 1394 4468 in
1421 4415 1566 4470 edito
1591 4415 1780 4470 Cosma

227 4523 286 4574 p.
315 4504 431 4560 528.
464 4507 822 4560 Plurimorum
847 4507 988 4562 enim
1017 4505 1233 4561 Patrum
1251 4515 1306 4561 et
1324 4507 1639 4577 scriptorum
1670 4507 1783 4561 btec

227 4596 408 4666 opinio
433 4595 549 4650 fuit.

303 4686 588 4742 Antiochia:
629 4686 950 4740 concionans
975 4686 1104 4740 dicit
1127 4687 1178 4740 in
1201 4702 1350 4741 more
1368 4702 1487 4741 esse
1507 4697 1565 4741 ut
1590 4689 1782 4742 mulie-

229 4789 316 4828 res
343 4786 391 4830 et
417 4776 617 4846 parvuli
643 4791 674 4831 e
703 4777 841 4831 collo
867 4776 1136 4846 evangelia
1179 4776 1561 4846 suspenderent
1585 4776 1781 4847 (Temo

231 4868 436 4922 secundo
453 4870 494 4939 ).

797 5070 1115 5126 DIATRIBA
1153 5070 1217 5126 V.

233 5180 563 5253 Digressiones
597 5182 704 5238 sive
729 5182 820 5236 illa
843 5181 1012 5235 omnia
1034 5195 1146 5252 qua:
1173 5181 1226 5234 in
1248 5181 1651 5235 similitudinibus
1680 5186 1783 5254 fre-

295 5277 614 5342 quentissime
640 5281 992 5327 commemorat
1017 5272 1423 5344 Chrysostemus,
1453 5289 1565 5344 qua:
1589 5275 1656 5326 ad
1683 5292 1785 5328 rem

289 5364 697 5420 Ecclesiasticam
736 5381 838 5418 non
859 5375 1096 5435 spectant,
1121 5373 1168 5418 et
1198 5365 1474 5436 singularia
1497 5379 1629 5436 sape
1647 5381 1784 5418 cont-

289 5457 591 5524 plectuntur.
821 5461 828 5470 ‘

287 5568 494 5625 Genere
523 5568 717 5641 Syrius
738 5575 858 5622 erat
882 5567 1105 5628 Joannes
1124 5580 1306 5627 noster
1328 5577 1382 5624 et
1403 5568 1780 5626 Antiochenus:

228 5660 583 5732 familiareque
603 5671 688 5716 est
717 5660 872 5730 Syris
892 5700 907 5727 ,
928 5663 1087 5731 inquit
1113 5663 1461 5737 Hieronymus
1480 5706 1493 5730 ,
1527 5665 1598 5718 uti
1629 5681 1778 5734 para-

1911 406 2046 462 bolis
2071 417 2125 462 et
2148 405 2596 462 similitudinibus.
2638 406 2749 462 llsc
2765 405 2818 461 in
2851 419 2911 461 re
2951 414 3207 476 perpetuo
3232 417 3475 465 versatur

1905 499 2313 562 Cbrysostomus
2338 500 2390 553 in
2419 498 2762 554 concionibus
2799 497 2930 553 suis.
2970 498 3222 568 Exempla
3261 499 3468 570 profert

1907 592 2300 660 imperatorum,
2327 590 2638 655 aulicorum,
2660 591 2954 653 consulum,
2979 589 3200 645 divitum
3216 599 3271 646 et
3294 591 3474 660 cujus-

1906 696 2132 750 cumque
2157 680 2478 735 conditionis
2507 680 2781 734 hominum
2817 699 2830 735 :
2857 682 3168 736 vestimenta
3195 681 3431 752 depingit
3451 702 3484 748 ,-

1907 773 2342 842 suppellectilem.
2364 772 2554 827 aedium
2574 771 2794 826 formam
2824 782 2878 828 et
2898 782 3241 828 ornamenta:
3267 774 3472 828 circen-

1907 879 1994 918 ses
2029 865 2180 919 ludos
2215 874 2270 919 et
2299 864 2702 934 hippodromum
2730 865 3031 936 frequenter
3064 848 3468 922 commemorat.

1909 953 1977 1009 Ut
2002 969 2032 1008 a
2068 954 2412 1010 theatralibus
2445 956 2760 1025 spectaculis
2807 958 3052 1027 populum
3106 970 3325 1025 avocet,
3353 975 3472 1025 quas

1905 1045 2078 1114 turpia
2100 1044 2205 1100 illic
2246 1046 2582 1116 gerebantur,
2621 1047 2916 1100 minutatim
2944 1047 3217 1104 describit.
3247 1050 3343 1104 llic
3386 1051 3469 1104 vi-

1905 1134 2032 1190 deas
2051 1138 2348 1205 nuptiarum
2373 1140 2522 1201 ritus,
2556 1139 2881 1207 praeﬁcarum
2911 1155 3109 1194 morem
3134 1158 3146 1193 :
3178 1141 3335 1196 modo
3361 1142 3470 1196 cir-

1909 1225 2197 1280 culatorum
2231 1237 2376 1296 gesta
2407 1229 2684 1298 singularia
2705 1270 2718 1292 ,
2748 1231 2906 1284 modo
2934 1230 3353 1286 funambulorum
3375 1248 3468 1287 ar-

1911 1323 2051 1380 tem;
2071 1316 2286 1386 justitia:
2305 1319 2615 1373 exercenda:
2639 1321 2825 1383 ritum,
2869 1321 3248 1389 praestigiarum
3275 1337 3469 1388 genera

1907 1409 2155 1478 plurima,
2185 1410 2393 1480 aliaque
2418 1413 2697 1482 permulta.
2725 1411 2853 1478 Qum
2880 1413 3056 1466 omnia
3079 1455 3091 1476 ,
3121 1415 3306 1469 ordine
3333 1430 3468 1484 quo-

1903 1501 2022 1556 dam
2048 1502 2365 1569 distributa,
2413 1502 2501 1558 hic
2547 1519 2826 1558 recensere
2867 1519 3044 1575 operte
3089 1507 3315 1575 pretium
3349 1521 3472 1563 esse

1901 1594 2046 1648 duxi.

2031 1703 2400 1775 Imperaterum
2415 1705 2600 1769 cultus,
2627 1716 2802 1772 vestes,
2822 1717 3137 1773 ornamenta,
3164 1710 3338 1775 aulici,

2553 1798 2813 1851 satellites.

1973 1907 2262 1975 Imperator
2289 1921 2540 1962 coronam
2564 1907 2803 1978 gestabat
2825 1923 3038 1963 auream
3081 1907 3304 1977 gemmis
3349 1924 3461 1962 ma-

1900 1997 2015 2065 guis
2061 2005 2118 2051 et
2160 1998 2554 2067 pretiosissimis
2579 1999 2910 2052 intertextam
2939 2015 2951 2050 :
2983 2012 3248 2065 purpureo
3274 1997 3462 2053 vestitu

1901 2096 2010 2141 toto
2055 2101 2277 2156 corpore
2319 2087 2546 2157 fulgebat
2586 2084 2768 2156 (Temo
2795 2086 2956 2154 primo
2994 2094 3039 2137 et
3085 2082 3242 2138 Temo
3270 2087 3460 2153 tertio).

1901 2180 2012 2235 Soli
2053 2191 2228 2234 autem
2263 2179 2570 2250 Imperatori
2613 2178 2803 2232 licebat
2834 2187 3042 2247 gestare
3083 2192 3368 2245 purpuram
3410 2186 3464 2227 et

1898 2271 2140 2326 diadema
2167 2271 2217 2325 in
2246 2271 2437 2338 capite.
2466 2268 2522 2324 In
2561 2269 2795 2324 vestibus
2831 2268 2946 2336 ejus
2985 2267 3166 2322 sericis
3206 2266 3463 2321 dracones

1897 2364 2134 2433 depictos
2177 2362 2356 2418 videre
2401 2373 2510 2416 erat
2549 2359 2753 2430 (Temo
2807 2360 3003 2428 sexto).
3045 2360 3213 2414 Aulici
3257 2375 3462 2428 quoque

1897 2467 1950 2510 et
1975 2455 2226 2510 satellites
2252 2454 2366 2523 ejus
2387 2469 2514 2507 auro
2544 2453 2843 2522 fulgebant,
2880 2463 3053 2506 vestes
3076 2467 3258 2507 eorum
3286 2452 3462 2504 aureis

1896 2546 2000 2601 Illis
2028 2550 2324 2601 intertexta:
2341 2553 2492 2597 erant
2520 2560 2531 2595 :
2565 2543 2752 2596 borum
2783 2544 2978 2597 lancea:
3005 2542 3270 2597 deaurata:
3295 2559 3308 2596 :
3339 2541 3460 2610 equi

1895 2651 2057 2690 aureo
2096 2636 2248 2690 freno
2267 2675 2280 2698 ,
2303 2633 2547 2703 ephippia
2577 2648 2706 2687 auro
2733 2635 2998 2688 micantia.

1967 2728 2072 2782 Per
2096 2727 2281 2781 urbem
2310 2737 2364 2781 et
2402 2741 2617 2795 campos
2660 2735 2940 2780 exeuntem
2971 2768 2986 2791 ,
3038 2737 3362 2782 scutatorum
3406 2736 3459 2784 et

1894 2817 2221 2873 hastatorum
2243 2816 2490 2870 cohortes
2511 2815 2792 2883 stipabant,
2815 2817 2902 2884 qui
2929 2823 2982 2868 et
3018 2816 3117 2884 ipsi
3164 2832 3294 2870 auro
3328 2831 3458 2870 ouu-

1893 2911 1959 2964 sti
1979 2911 2194 2982 clypeos
2233 2908 2506 2978 gestabant
2529 2907 2701 2961 aureis
2722 2907 2982 2960 umbilicis
3007 2905 3284 2961 decoratos
3313 2924 3326 2972 ;
3353 2909 3457 2962 cir-

1891 3017 2012 3056 cum
2049 2998 2223 3055 aulem
2264 2999 2538 3054 umbilicos
2581 2997 2727 3052 aurci
2763 2997 2902 3051 oculi
2952 2996 3297 3062 visebantur;
3345 2998 3455 3054 lora

1891 3093 1960 3147 ad
1989 3107 2221 3147 summas
2241 3105 2363 3145 oras
2391 3098 2609 3144 extensa
2638 3088 2827 3157 lapillis
2855 3096 3038 3142 ornata
3070 3088 3248 3142 multis
3273 3099 3453 3143 erant.

1891 3187 2089 3241 Currus
2110 3184 2328 3254 Augusti
2354 3193 2494 3237 totus
2527 3196 2749 3246 aureus,
2777 3180 2902 3250 jugo
2927 3180 3164 3235 albarum
3195 3181 3456 3236 mularum

1889 3294 2020 3333 auro
2070 3277 2380 3346 fulgentium
2423 3275 2638 3345 junctus
2684 3281 2798 3328 erat
2832 3271 3014 3342 (Temo
3041 3270 3270 3342 primo);
3303 3273 3370 3324 ita
3400 3282 3457 3328 ut

1889 3371 2205 3425 mirarentur
2219 3383 2426 3430 omnes,
2446 3366 2615 3435 inquit
2629 3365 3041 3435 Cbrysostomus
3060 3360 3079 3434 (
3100 3360 3252 3414 Temo
3268 3360 3452 3432 sexto),

1886 3477 2135 3533 purpura:
2185 3459 2403 3523 ﬂorem,
2435 3454 2762 3528 gei'nmarum
2816 3454 3227 3526 magnitudinem
3249 3496 3263 3519 ,
3298 3455 3455 3508 mula-

1886 3571 2001 3609 rum
2059 3553 2329 3613 alborem,
2352 3550 2534 3620 jugum
2573 3563 2834 3612 aureum,
2883 3555 2937 3600 et
2984 3546 3131 3600 strati
3177 3544 3452 3614 fulgorem,

1885 3644 2025 3714 quod
2085 3651 2306 3696 stratum
2353 3641 2563 3693 niveum
2603 3645 2716 3691 erat
2750 3646 2907 3705 atque
2942 3634 3221 3690 candidum
3260 3633 3456 3705 (Temo

1886 3746 2055 3791 octavo
2095 3743 2141 3786 et
2184 3732 2337 3785 Temo
2375 3729 2566 3796 nene).
2599 3728 2655 3781 In
2683 3742 2840 3781 curru
2885 3741 3012 3779 vero
3048 3725 3255 3778 lamina:
3303 3735 3456 3780 erant

1885 3843 2060 3881 aurea:
2086 3823 2392 3883 versatiles,
2433 3835 2550 3889 qum
2580 3828 2725 3873 motu
2756 3817 2962 3888 agitata:
2988 3816 3255 3871 micabant
3279 3855 3292 3869 .
3321 3817 3453 3887 Equi

1885 3919 2045 3972 etiam
2073 3912 2408 3986 Imperatoris
2428 3926 2558 3966 auro
2582 3909 2777 3974 onusti,
2810 3916 2862 3963 et
2891 3907 3037 3962 frena
3064 3923 3270 3978 quoque
3294 3923 3462 3964 aurea

1883 4015 2052 4063 erant.

1959 4096 2190 4166 Depictis
2215 4111 2344 4151 vero
2390 4097 2745 4163 Augustorum
2778 4090 3089 4160 imaginibus
3123 4091 3236 4143 lucc
3281 4089 3451 4143 refert

1885 4190 1976 4244 ille
2018 4188 2206 4261 (Temo
2255 4186 2439 4256 tertio)
2478 4201 2490 4236 :
2532 4183 2711 4236 Vidisti
2754 4197 2886 4250 saepe
2918 4180 3292 4249 imperatoriam
3325 4182 3467 4232 ima--

1884 4281 2050 4350 ginem
2094 4278 2304 4332 caeruleo
2356 4278 2557 4330 tinctam
2601 4274 2803 4327 colore:
2837 4270 3016 4325 deinde
3054 4287 3167 4324 vero
3216 4273 3460 4339 pictorem.

1887 4373 2026 4424 albas
2052 4371 2208 4423 lineas
2231 4369 2506 4430 ducentem,
2538 4375 2583 4418 et
2607 4366 2792 4417 solium
2818 4363 3216 4431 imperatorium,
3234 4372 3279 4414 et
3300 4379 3461 4431 equos

1885 4465 2159 4524 adstantes,
2177 4472 2221 4513 et
2247 4460 2503 4521 satellites,
2532 4467 2576 4510 et
2617 4458 2804 4510 vinctos
2833 4457 2996 4508 hostes
3024 4466 3175 4525 atque
3201 4453 3449 4508 subactos.

1957 4553 2072 4606 Pari
2098 4551 2242 4606 cultu
2269 4549 2514 4603 consules
2546 4546 2858 4602 incedebant
2879 4586 2892 4606 .
2935 4553 2995 4597 ut
3022 4544 3133 4612 ipse
3159 4545 3270 4612 ait(
3297 4543 3456 4597 Temo

1888 4640 2227 4712 duodecimo)
2260 4659 2272 4693 :
2308 4640 2427 4692 Non
2487 4639 2660 4692 videtis
2731 4636 3067 4706 Imperatores
3128 4645 3175 4688 et
3227 4637 3455 4688 consules

1889 4752 2038 4788 curru
2072 4741 2284 4804 gestatas
2313 4741 2356 4784 et
2381 4746 2506 4782 auro
2531 4738 2730 4782 ornatos
2757 4769 2773 4794 ,
2813 4738 2857 4781 et
2892 4726 3130 4780 satellites
3169 4726 3336 4779 omnia
3359 4725 3455 4776 ha-

1891 4826 2056 4878 bentes
2079 4837 2233 4875 aurea
2260 4861 2276 4888 ,
2313 4837 2492 4874 aureas
2533 4820 2735 4873 lanceas
2759 4861 2773 4884 ,
2805 4835 2981 4872 aureos
3021 4820 3240 4888 clypeos,
3272 4831 3457 4868 aureas-

1886 4927 2058 4981 vestes,
2077 4931 2227 4982 eques
2256 4913 2420 4966 aureis
2441 4922 2644 4965 ornatos
2673 4911 2922 4980 ephippiis
2945 4909 2970 4962 .9

1958 5009 2306 5076 Imperatores
2337 5003 2600 5075 praefectis
2643 5004 2751 5057 suis
2775 5016 2961 5056 aureas
2999 4999 3337 5072 porrigebant
3369 5005 3454 5051 ta-

1887 5099 2053 5152 bellas
2093 5099 2144 5151 in
2181 5097 2517 5167 magistratus
2567 5097 2772 5164 signum
2798 5093 2977 5163 (Temo
3005 5092 3166 5159 sexto)
3188 5128 3200 5142 .
3229 5089 3462 5156 Quando

1889 5191 2065 5243 literas
2083 5187 2358 5242 mittebant
2385 5186 2732 5256 Imperatores
2757 5184 2868 5235 sive
2886 5185 2936 5235 in
2961 5183 3165 5236 theatro
3191 5183 3300 5235 sive
3322 5179 3463 5235 alibi

1896 5276 2144 5346 legendas
2169 5317 2184 5341 ,
2213 5291 2289 5329 etc
2331 5290 2450 5329 cum
2484 5287 2670 5342 magna
2700 5272 2991 5326 reverentia
3035 5283 3266 5340 excepta:
3309 5271 3457 5343 lege-

1892 5370 2080 5424 bantur
2121 5369 2395 5423 silentibus
2445 5367 2694 5420 omnibus
2737 5363 2915 5434 (Temo
2940 5362 3162 5434 quarto).

2172 5478 2483 5549 Optimamm
2509 5485 2554 5529 et
2575 5475 2784 5528 divitum
2814 5475 2985 5540 luxus,
3017 5489 3156 5542 apes,

2413 5570 2546 5623 cedes
2565 5608 2580 5633 ,
2609 5583 2799 5632 mensa,
2830 5577 2924 5619 etc.

1965 5664 2286 5734 Optitnatum
2328 5674 2537 5730 quoque
2575 5673 2637 5714 ac
2685 5659 2907 5714 dixitum
2947 5659 3143 5713 fastum
3177 5667 3227 5715 et
3275 5657 3448 5712 lusum
