3938 6136
469 255 531 311 8!
1771 255 2085 314 SYNOPSIS
2121 258 2354 315 EORUM
3587 253 3657 304 89·

459 363 764 435 perstringit
803 360 1248 433 Chrysostomus,
1291 360 1644 430 describitque
1670 357 1861 412 aedium
1898 371 2010 411 ma-

459 457 838 525 gniﬁcentiam,
861 455 1084 509 vestium
1109 454 1330 516 cultum,
1359 466 1660 507 mensarum
1681 458 2008 519 apparatum,

459 549 806 617 parasitorum
829 546 1058 613 agmina,
1091 543 1403 598 famulorum
1430 543 1698 612 ingentem
1712 555 2008 594 numerum.

524 639 814 710 Optimates
839 639 992 708 igitur
1017 646 1072 692 et
1094 637 1332 706 opulenti
1369 636 1564 704 quique
1592 635 1689 688 viri
1720 633 1903 687 sericis
1924 633 2008 685 in-

457 733 566 787 duti
595 731 822 786 vestibus
847 739 999 786 erant
1017 745 1147 783 auro
1177 728 1472 782 intertextis
1493 725 1877 794 etmagniﬁcis:
1907 739 2007 776 uu-

454 803 642 893 guenta
683 829 737 875 et
779 831 1015 874 aromata
1047 834 1258 888 semper
1285 817 1531 872 olebant:
1583 830 1712 869 zona
1740 814 2007 884 praecincti

452 925 630 974 aurea,
659 910 820 965 calcei
865 924 1072 978 quoque
1109 922 1238 961 auro
1281 907 1565 976 fulgebant.
1591 905 1928 959 Famulorum
1955 911 2008 956 et

447 1001 810 1055 cunuchorum
859 999 1064 1054 turbam
1119 999 1380 1067 ingentem
1433 997 1574 1050 alere
1635 1005 1689 1048 et
1741 1002 2007 1048 ostentare

447 1106 657 1145 summo
676 1090 853 1146 studio
877 1089 1132 1143 curabant
1153 1129 1168 1153 ,
1197 1102 1418 1156 quorum
1435 1086 1586 1139 multi
1611 1084 1815 1138 barbari
1835 1089 2002 1136 erant.

449 1184 524 1238 De
551 1198 708 1251 opum
757 1180 942 1250 grandi
994 1180 1144 1248 copia
1178 1187 1233 1232 et
1270 1177 1583 1230 famulorum
1623 1189 1845 1228 numero
1891 1175 2005 1228 haec.

446 1274 670 1342 carptim
689 1273 814 1326 dicit
832 1270 1237 1340 Chrysostomus
1253 1267 1430 1338 (Tomo
1452 1264 1680 1336 septimo)
1701 1282 1713 1317 :
1740 1264 1801 1318 Et
1819 1273 1871 1316 tu
1889 1263 2005 1331 qui-

448 1362 560 1416 dem
577 1371 646 1415 tot
669 1377 912 1417 memoras
938 1369 1082 1412 terrte
1095 1359 1296 1428 jugera,
1321 1358 1492 1410 dontos
1513 1356 1678 1408 decem
1707 1355 1782 1407 vel
1810 1353 2003 1422 viginti,

447 1452 625 1507 balnea
651 1451 871 1513 totidem,
894 1465 1057 1504 servos
1083 1448 1217 1501 mille
1242 1458 1327 1500 aut
1352 1448 1423 1501 bis
1447 1447 1602 1511 mille,
1625 1462 1801 1500 currus
1825 1460 2005 1515 argen-

449 1545 541 1597 teis
572 1542 771 1596 laminis
800 1542 873 1596 vel
902 1558 1027 1594 auro
1054 1550 1270 1610 apertos.
1300 1538 1716 1592 Eunuchietiam
1745 1547 1798 1592 et
1824 1537 2003 1591 famuli

445 1648 576 1688 auro
603 1633 859 1702 fulgentes
886 1641 1038 1686 erant
1057 1673 1071 1694 ,
1101 1632 1395 1699 horumque
1417 1629 1628 1700 plurimi
1659 1627 1931 1698 torquibus
1951 1634 2005 1682 et

445 1724 666 1778 armillis
693 1724 867 1777 aureis
896 1721 1303 1776 decorabantur.

513 1812 730 1868 mdium
780 1828 987 1882 quoque
1044 1811 1380 1880 splendorem
1437 1819 1492 1864 et
1564 1808 2001 1879 magniﬁcentiam

445 1906 754 1974 plerumque
802 1905 1049 1959 describit
1079 1922 1092 1957 :
1124 1903 1462 1972 Splendidas,
1493 1902 1678 1971 inquit,
1711 1911 2002 1955 construunt

441 1996 800 2062 domos,latas
845 1996 1064 2065 porticus
1097 2036 1112 2061 ,
1167 1993 1313 2063 longa
1360 2003 1522 2063 septa.
1575 1990 1779 2045 Tectum
1819 2000 1984 2044 autem

437 2087 621 2139 (cilium
642 2103 702 2140 ea:
729 2087 920 2140 tabellis
938 2086 1112 2156 ligneis
1129 2085 1500 2150 concinnatum,
1518 2084 1810 2136 deauratum
1838 2092 1997 2135 totum

438 2187 544 2230 erat
571 2193 590 2230 :
610 2178 787 2246 janua:
810 2187 974 2228 autem
999 2216 1016 2241 ,
1045 2176 1192 2227 etiam
1224 2175 1406 2242 bifores
1431 2214 1445 2235 ,
1485 2173 1714 2226 eburnea:
1740 2185 1900 2225 erant.
1932 2172 1998 2225 In

438 2269 670 2320 tricliniis
690 2277 736 2319 et
764 2266 1002 2319 cubiculis
1030 2266 1244 2336 parietes
1268 2280 1512 2317 marmore
1538 2266 1745 2317 crustati
1766 2280 1784 2318 :
1805 2265 1846 2317 si
1875 2265 1998 2334 quid

437 2375 550 2412 vero
576 2357 794 2426 lapidem
821 2365 1162 2425 compareret,
1206 2355 1338 2409 illud
1379 2355 1545 2409 aureis
1575 2354 1772 2409 laminis
1806 2366 1853 2408 et
1877 2357 1995 2408 bra-

435 2449 556 2500 cteis
584 2447 918 2515 obtegebatur.

506 2535 797 2605 Laquearia
821 2534 996 2589 omnia
1021 2549 1198 2600 aurea,
1238 2549 1330 2589 seu
1359 2537 1560 2604 potius,
1592 2544 1649 2590 ut
1673 2535 1797 2589 alibi
1829 2536 1996 2605 expli-

433 2637 557 2693 cat,
603 2641 731 2680 auro
762 2625 922 2680 oblita
948 2636 1131 2690 erant;
1163 2627 1516 2694 pavimentum
1558 2641 1684 2680 vero
1728 2629 1994 2683 tesserulis

431 2728 486 2772 et
513 2717 736 2786 genunis
762 2715 1064 2772 distinctum
1091 2717 1509 2786 adornatumque
1529 2759 1542 2780 ,
1574 2718 1713 2786 quod
1741 2732 1880 2786 saepe
1911 2727 1992 2770 ta-

431 2809 641 2878 petibus
670 2809 976 2878 operiebant
994 2809 1338 2878 elegantibus.
1366 2809 1436 2863 lbi
1464 2809 1642 2864 videre
1661 2819 1775 2864 erat
1795 2811 1994 2864 colum-

429 2914 524 2953 nas
544 2914 866 2954 marmoreas
882 2900 1160 2969 aliquando
1179 2903 1325 2952 mirzze
1348 2901 1747 2980 magnitudinis,
1771 2917 1991 2970 quarum

425 2992 670 3060 capitella
715 3007 904 3057 aurea;
951 2993 1057 3046 imo
1103 2992 1382 3060 aliquando
1434 3001 1541 3046 tota
1584 2994 1827 3047 columna
1875 3002 1990 3048 erat

427 3085 602 3138 aureis
634 3083 841 3137 laminis
869 3093 1084 3152 operta;
1117 3093 1313 3137 statuas
1349 3098 1556 3152 quoque
1583 3083 1805 3138 vidisses
1832 3099 1990 3138 manu

424 3176 770 3245 insigniorum
802 3175 942 3229 illius
965 3177 1062 3230 (ενί
1091 3175 1350 3229 artiﬁcum
1379 3177 1658 3230 adornatas
1679 3217 1692 3240 ,
1716 3189 1846 3245 quas
1873 3175 1986 3244 qui-

423 3269 544 3324 dam
579 3270 747 3334 idola,
775 3269 866 3322 alii
895 3269 1166 3322 daemonas
1195 3269 1544 3337 appellabant.
1577 3268 1660 3321 Ad
1700 3267 1813 3322 lucc
1840 3275 1991 3324 erant

423 3360 662 3414 cubicula
695 3359 908 3428 picturis
933 3369 987 3412 et
1010 3360 1223 3412 musicis
1248 3358 1494 3426 operibus
1521 3357 1784 3412 decorata.

494 3451 640 3506 Lecti
669 3466 877 3520 quoque
905 3459 962 3503 ut
1001 3451 1281 3520 plurimum
1310 3465 1372 3504 ex
1401 3450 1589 3513 ebore,
1619 3449 1898 3519 aliquando
1927 3449 1992 3504 li-

426 3546 546 3613 gnei
577 3553 629 3598 et
655 3543 918 3608 dcaurati,
962 3543 1042 3596 vel
1073 3543 1338 3611 argenteis
1364 3545 1486 3596 tecti
1519 3543 1762 3598 laminis:
1793 3544 1897 3597 imo
1923 3559 1988 3598 ex

422 3645 642 3706 argento
669 3652 799 3705 puro
823 3651 966 3704 saepe
997 3636 1086 3688 toti
1118 3636 1449 3700 constabant,
1477 3636 1757 3705 multisque
1784 3636 1834 3688 in
1857 3637 1987 3689 locis

423 3729 652 3781 micabat
681 3742 885 3780 aurum.
910 3725 1239 3794 Opulentiam
1266 3727 1390 3780 item
1421 3741 1663 3794 magnam
1689 3741 1794 3795 prie
1823 3741 1881 3780 se
1908 3725 1987 3780 fe-

424 3817 576 3871 rebat
607 3825 712 3871 tota
739 3818 1005 3886 supellex;
1036 3817 1301 3871 cathedra:
1339 3833 1547 3886 quoque
1576 3826 1629 3871 et
1667 3818 1890 3871 scabella
1919 3833 1982 3872 cx

421 3907 584 3961 ebore
613 3915 762 3960 erant
793 3925 804 3959 :
837 3908 1034 3962 lebetes
1066 3908 1226 3973 item,
1259 3921 1379 3960 vasa
1401 3947 1415 3970 ,
1457 3908 1563 3960 imo
1608 3907 1735 3975 ips-.e
1776 3909 1985 3961 matula:

421 4011 489 4051 ex
516 4012 645 4050 auro
675 3997 753 4050 vel
781 4007 997 4067 argento
1023 3997 1282 4052 conﬂatze.
1316 3998 1456 4051 Inter
1481 3997 1596 4051 ιιωο
1624 4011 1748 4051 vasa
1787 4010 1840 4052 et
1879 3998 1982 4052 alia

422 4096 731 4141 ornamenta
763 4087 814 4140 in
843 4088 1010 4157 pretio
1060 4097 1214 4143 erant
1252 4087 1508 4142 Laconica
1537 4088 1794 4142 velamina
1818 4129 1833 4151 ,
1866 4103 1984 4156 quae

420 4179 548 4234 dicit
589 4178 996 4250 Chrysostomus
1045 4180 1096 4233 in
1147 4180 1414 4248 penuariis
1463 4187 1728 4233 asservata
1782 4177 1979 4243 fuisse,

421 4272 714 4340 eductaquc
756 4270 978 4327 fortasse
1023 4273 1075 4325 in
1125 4272 1380 4327 conviviis
1433 4279 1488 4327 et
1538 4272 1655 4326 aliis
1701 4271 1980 4326 celebrita-

420 4363 576 4417 tibus.

491 4452 546 4506 ln
575 4461 773 4507 tantum
805 4453 984 4508 luxum
1013 4463 1066 4507 et
1095 4453 1281 4509 fastum
1324 4454 1622 4510 declamans
1658 4454 1978 4526 Chrysosto-

419 4557 572 4606 mus,
601 4544 764 4597 refert
803 4545 997 4599 alicubi
1039 4544 1310 4600 historiam
1340 4547 1621 4616 Aristippi,
1664 4557 1719 4600 ut
1759 4546 1980 4600 habetur

417 4634 557 4704 apud
582 4632 863 4702 Diogenem
889 4635 1154 4689 Laertium
1179 4653 1194 4700 ;
1223 4636 1315 4690 sed
1345 4638 1500 4690 tacito
1541 4638 1704 4706 ipsius
1743 4637 1974 4690 nomine.

419 4725 698 4790 Narratur,
729 4725 914 4792 inquit,
941 4729 1221 4796 quempiam
1248 4729 1300 4781 in
1329 4730 1527 4782 domum
1559 4730 1874 4798 splendidam
1893 4745 1979 4784 ve-

414 4822 548 4874 nisse
585 4818 858 4889 fulgentem
887 4819 1212 4872 marmoribus
1239 4829 1285 4872 et
1315 4821 1661 4874 columnarum
1698 4822 1980 4891 pulchritu-

413 4911 563 4974 dine;
606 4924 719 4962 cnm
757 4918 922 4961 autent
960 4909 1292 4977 pavimentum
1317 4911 1466 4964 etiam
1509 4913 1706 4966 vidisset
1736 4913 1980 4982 tapetibus

411 5013 656 5067 stratum,
697 5002 751 5054 in
793 5003 972 5072 faciem
998 5002 1185 5054 domini
1210 5003 1396 5055 adium
1428 5004 1674 5073 conspuit.
1708 5003 1976 5074 ImprOpc-

413 5105 554 5148 rante
581 5104 744 5148 autem
774 5095 884 5160 illo,
911 5095 1226 5164 respondisse
1251 5111 1269 5147 :
1294 5097 1410 5165 quia
1436 5097 1489 5149 in
1513 5098 1652 5150 nulla
1677 5097 1780 5150 alia
1799 5097 1977 5150 domus

414 5195 555 5254 parte
590 5185 642 5238 id
671 5186 836 5254 facere
863 5186 1076 5251 licebat,
1105 5196 1332 5239 coactum
1369 5202 1421 5240 se
1459 5185 1613 5255 fuisse
1637 5187 1795 5240 vultui
1819 5188 1977 5258 ipsius

414 5276 542 5328 hanc
569 5277 919 5331 contumeliam
947 5276 1152 5346 inferre.

489 5365 582 5420 llis
610 5381 738 5420 vero
763 5366 1056 5436 magniﬁcis
1079 5367 1447 5434 Opulcntorum
1476 5366 1746 5420 hominum
1772 5366 1976 5421 aedibus

414 5456 674 5523 adjuncta:
700 5468 850 5510 erant
880 5460 996 5512 latze
1023 5458 1254 5527 porticus
1275 5499 1290 5524 ,
1320 5458 1657 5528 aquaiductus
1680 5466 1735 5512 et
1760 5457 1932 5512 fontes
1957 5497 1972 5520 ,

415 5545 715 5597 suburbana
746 5544 928 5599 balnea
956 5555 1011 5599 et
1039 5547 1364 5603 ambulacra.

487 5634 662 5702 Longe
705 5635 851 5700 plura
899 5635 1059 5690 refert
1107 5638 1173 5693 de
1215 5641 1576 5694 conviviorum
1607 5648 1658 5694 et
1699 5653 1968 5693 cmnarum

2118 359 2431 428 sumptibus.
2446 361 2640 416 Mensa:
2655 362 2874 418 formam
2895 371 3260 434 etapparatum
3281 363 3538 436 depingit:
3554 373 3668 420 erat

2115 448 2202 502 illa
2233 451 2313 504 vel
2341 466 2471 506 auro
2497 453 2724 523 fulgens,
2754 455 2835 509 vel
2863 464 3081 526 argento
3109 447 3472 518 circumtecta,
3502 455 3663 510 semi-

2112 539 2414 606 circularis,
2445 551 2503 596 ut
2541 544 2626 596 illa
2666 559 2824 613 quam
2864 547 3024 621 sigma
3065 555 3220 599 vocat
3263 535 3552 608 Martialis,
3596 543 3657 599 ad

2111 626 2332 682 formam
2360 647 2549 701 nempe
2574 634 2736 688 litera:
2760 635 2819 698 C,
2842 651 2959 704 quae
2986 645 3108 689 tunc
3131 637 3290 706 sigma
3311 635 3658 705 exprimebat,

2111 719 2419 798 concinnata
2445 723 2462 791 (
2487 721 2640 776 Tomo
2667 725 2926 794 undecimo
2945 725 2990 796 ).
3021 725 3096 779 Ea
3137 741 3262 781 vero
3305 736 3463 780 tanta:
3509 728 3662 781 molis

2111 817 2242 871 erat,
2266 818 2324 862 ut
2351 811 2436 863 vix
2461 811 2564 865 duo
2584 814 2942 870 adolescentes
2971 815 3137 884 ipsam
3165 827 3378 871 mOVere
3404 829 3622 886 possent
3648 837 3661 873 :

2110 899 2255 952 molli
2285 903 2515 970 stragula
2545 904 2769 972 undique
2798 907 3148 971 sternebatur,
3186 917 3244 961 ut
3281 907 3351 962 ibi
3385 907 3664 962 commbde

2108 990 2346 1044 conviva:
2387 994 2774 1049 accumberent.
2809 995 2944 1050 Vasa
2985 999 3161 1051 omnia
3205 1013 3268 1052 ex
3307 1014 3436 1066 auro
3471 1000 3552 1053 vel
3577 1015 3662 1052 ar-

2109 1090 2266 1147 gento
2293 1097 2306 1134 :
2337 1081 2511 1150 phiala
2537 1100 2636 1138 una
2665 1094 2778 1139 erat
2814 1101 2970 1141 aurea
3006 1089 3181 1154 pondo
3218 1088 3660 1156 dimidii‘lalenti,

2108 1186 2265 1236 quam
2309 1173 2394 1227 vix
2441 1175 2544 1228 duo
2580 1176 2800 1245 juvenes
2847 1167 3060 1234 movere
3107 1189 3359 1247 possent:
3391 1180 3664 1250 amphoras

2107 1270 2282 1317 autem
2313 1278 2442 1319 auro
2477 1266 2815 1335 splendentes
2838 1269 3022 1324 ordine
3057 1271 3168 1324 sita:
3193 1271 3591 1340 comparebant.

2179 1353 2641 1426 Aderantquoque
2668 1359 2929 1423 ministri,
2962 1376 3065 1413 non
3097 1360 3270 1415 minus
3300 1361 3472 1416 ornati
3497 1363 3664 1417 vesti-

2105 1443 2204 1500 bus
2246 1455 2302 1500 et
2345 1449 2616 1516 splendide
2657 1452 2860 1515 amicti,
2897 1452 3237 1524 anaxyridas,
3277 1469 3407 1523 quas
3447 1454 3664 1509 braccas

2105 1545 2296 1590 vocant
2319 1577 2334 1601 ,
2366 1539 2508 1593 laxas
2536 1540 2788 1596 habentes
2809 1581 2824 1605 ,
2851 1543 2960 1596 uisu
2987 1543 3183 1612 pulchri
3202 1585 3217 1610 ,
3257 1543 3310 1598 in
3351 1545 3462 1614 ipso
3499 1548 3664 1600 (etatis

2105 1625 2230 1695 ﬂore
2254 1629 2580 1696 luxuriantes,
2611 1633 2730 1686 bene
2759 1643 2932 1686 curata
2958 1644 3067 1688 cute
3095 1643 3139 1688 et
3165 1635 3307 1689 bona:
3329 1635 3658 1690 habitudinis.

2105 1717 2201 1773 Hic
2225 1720 2444 1775 vidisses
2473 1723 2630 1776 etiam
2661 1726 2979 1780 musicorum
3010 1727 3212 1780 turbam
3232 1769 3248 1794 ,
3281 1728 3464 1794 tibias,
3491 1730 3663 1784 citha-

2101 1825 2191 1865 ras
2219 1822 2271 1866 et
2297 1813 2516 1879 fistulas,
2555 1831 2651 1870 nec
2683 1817 2900 1873 deerant
2936 1830 3196 1890 unguenta
3229 1831 3283 1876 et
3314 1832 3546 1877 aromata
3576 1824 3663 1878 ln-

2104 1898 2241 1963 dica,
2273 1903 2515 1966 Arabica,
2550 1904 2779 1960 Persica.

2172 1990 2584 2060 Apponebantur
2612 1997 2902 2052 eduliorum
2931 1999 3227 2064 varietates,
3261 2001 3497 2057 ciborum
3525 2004 3664 2059 deli-

2101 2081 2196 2134 ciae
2226 2099 2238 2135 :
2265 2082 2331 2155 de
2355 2092 2606 2152 apparatu
2634 2079 2948 2140 ferculorum
2975 2089 3209 2158 quaedam
3235 2088 3366 2144 dixit
3389 2106 3492 2146 nou
3514 2108 3658 2161 pra:-

2103 2174 2456 2228 termittenda.
2508 2177 2582 2232 De
2630 2177 3025 2246 pulmentariis,
3081 2184 3298 2252 coquis,
3353 2199 3661 2240 mensarum

2100 2267 2465 2332 structoribus,
2493 2269 2854 2338 placentarum
2887 2271 3209 2337 artiﬁcibus,
3240 2273 3506 2342 phasianis
3545 2278 3660 2330 avi-

2099 2356 2198 2411 bus
2237 2359 2509 2428 loquutus,
2539 2360 2651 2415 hzec
2687 2362 2871 2417 addit:
2907 2365 3063 2431 Quasi
3089 2368 3442 2435 rempublicam
3475 2369 3662 2439 guber-

2098 2460 2269 2504 nantes
2295 2461 2340 2503 et
2369 2453 2525 2504 aciem
2551 2453 2846 2509 instruentes
2867 2498 2883 2523 ,
2919 2458 2991 2511 sic
3022 2468 3068 2512 et
3095 2460 3176 2512 isti
3211 2460 3304 2514 hoc
3340 2470 3388 2514 et
3429 2462 3522 2516 hoc
3547 2465 3660 2532 pri-

2099 2557 2254 2605 mum,
2285 2543 2378 2595 hoc
2403 2553 2448 2596 et
2475 2545 2568 2598 hoc
2596 2547 2866 2601 secundum
2899 2551 3241 2604 constituunt:
3261 2562 3308 2605 et
3336 2553 3425 2607 alii
3453 2555 3659 2624 quidem

2098 2634 2312 2700 primum
2337 2651 2449 2689 aves
2483 2653 2637 2705 supra
2675 2639 2911 2694 carbones
2939 2657 3080 2694 assas
3100 2683 3113 2704 ,
3143 2643 3453 2711 piscibusque
3490 2648 3659 2714 [artas

2095 2721 2341 2788 offerunt;
2373 2727 2460 2778 alii
2489 2728 2591 2780 alia
2615 2729 2756 2781 initia
2785 2731 3222 2786 immoderatarum
3255 2749 3506 2787 ccenarum
3538 2743 3656 2789 sta—

2093 2822 2236 2867 tuunt
2264 2829 2283 2866 :
2313 2818 2563 2886 multaque
2582 2819 2714 2872 circa
2739 2820 2844 2873 hac
2881 2831 2955 2874 est
2987 2825 3284 2876 concertatio
3305 2865 3320 2889 ,
3361 2834 3406 2878 et
3437 2826 3500 2879 de
3525 2843 3660 2896 qua-

2095 2903 2254 2970 litate,
2280 2915 2326 2957 et
2346 2905 2408 2959 de
2433 2908 2608 2961 ordine
2626 2949 2641 2974 ,
2665 2918 2710 2962 et
2735 2910 2797 2963 de
2823 2913 2988 2978 capia.
3014 2913 3202 2967 Vinum
3232 2915 3389 2968 etiam
3419 2916 3657 2984 exquisi-

2093 3003 2204 3049 tum
2234 2998 2616 3066 apponebatur,
2656 3001 2747 3055 sed
2785 3002 3036 3057 Thasium
3075 3007 3397 3073 praesertim,
3444 3022 3538 3062 seu
3580 3024 3653 3063 ex

2093 3085 2262 3140 insula
2288 3087 2464 3142 Thaso
2491 3107 2503 3142 :
2527 3090 2665 3158 quod
2694 3092 2831 3159 apud
2860 3095 3148 3164 scriptores
3171 3105 3277 3151 tum
3301 3097 3513 3154 Graecos
3532 3107 3652 3154 tum

2090 3173 2306 3231 Latinos
2330 3179 2610 3234 admodum
2641 3183 2958 3237 celebratur.

2159 3266 2380 3334 Quando
2407 3271 2504 3323 viri
2533 3271 2603 3324 illi
2636 3282 2742 3325 tum
2769 3273 3052 3343 dignitate,
3082 3285 3189 3330 tum
3217 3279 3478 3346 opulentia
3510 3294 3654 3348 pra:-

2089 3366 2306 3421 stantes,
2336 3360 2446 3414 sive
2472 3361 2522 3414 in
2547 3377 2703 3416 curru
2728 3378 2856 3418 auro
2883 3363 3112 3434 fulgente
3130 3407 3143 3428 ,
3175 3367 3286 3421 sive
3307 3383 3446 3439 equo
3471 3371 3607 3424 vecti
3633 3414 3648 3434 ,

2089 3448 2240 3517 cujus
2269 3448 2474 3503 frenum
2500 3466 2714 3506 aureum
2737 3495 2752 3518 ,
2781 3469 2873 3522 per
2893 3455 3073 3510 urbem
3096 3456 3179 3509 vel
3208 3457 3258 3510 in
3290 3456 3404 3512 foro
3433 3458 3651 3515 incede-

2088 3537 2247 3604 bant,
2297 3541 2513 3608 praeibat
2559 3558 2760 3610 praeco,
2813 3545 2955 3598 cultu
3000 3547 3284 3603 instructus
3330 3550 3646 3620 magniﬁco,

2089 3630 2176 3698 qui
2219 3630 2498 3685 adventum
2543 3633 2653 3687 heri
2692 3635 2971 3689 nuntiaret.
3002 3636 3115 3704 lpse
3143 3651 3266 3692 vero
3296 3638 3471 3694 balteo
3495 3656 3642 3709 prm-

2087 3721 2291 3774 cinctus
2315 3730 2367 3775 et
2396 3722 2574 3777 multis
2595 3724 2817 3792 stipatus
2841 3726 3130 3792 lictoribus,
3151 3728 3238 3796 qui
3267 3728 3468 3796 plebem
3486 3745 3643 3784 arce-

2086 3819 2238 3874 rent,
2283 3814 2510 3879 superbe
2550 3813 2832 3884 gradiens,
2879 3817 3146 3871 clientium
3188 3827 3243 3872 et
3285 3821 3640 3887 parasitorum

2087 3900 2238 3954 turba
2266 3902 2624 3971 cingebantur.

2161 3990 2234 4044 De
2263 3992 2540 4046 mulierum
2569 4003 2755 4048 ornatu
2774 4036 2786 4057 ,
2819 3996 2952 4051 fastu
2979 4006 3033 4052 et
3060 3998 3188 4052 luxu
3215 3998 3643 4070 frequentissime

2085 4082 2191 4151 agit
2222 4082 2651 4154 Chrysostomus.
2673 4085 2904 4141 Ornatus
2943 4089 3254 4158 mulierum,
3304 4093 3471 4160 inquit
3513 4093 3640 4161 ille,

2086 4185 2209 4231 sunt
2233 4179 2354 4231 torti
2383 4178 2576 4244 crines,
2609 4179 2818 4232 inaures
2845 4191 3254 4250 ornamentaque
3279 4183 3380 4235 alia
3411 4183 3463 4236 in
3485 4187 3641 4252 genis

2084 4277 2139 4324 et
2175 4269 2354 4323 collo:
2387 4268 2489 4322 fuci
2531 4277 2586 4323 et
2624 4270 2884 4338 pigmenta
2930 4272 3230 4335 oculorum,
3284 4271 3387 4326 fuci
3414 4277 3538 4327 item
3581 4285 3640 4329 et

2084 4362 2346 4432 pigmenta
2373 4377 2644 4430 genarum,
2675 4373 2848 4417 vestes
2872 4378 2998 4415 auro
3022 4364 3330 4427 intertextus,
3370 4364 3642 4432 palliolum

2081 4452 2239 4520 capiti
2267 4452 2602 4521 impositum;
2632 4468 2816 4506 manus
2844 4454 3167 4508 extrinsecus
3203 4453 3499 4519 deaurata,
3527 4455 3642 4510 cal-

2084 4559 2210 4599 ceus
2238 4544 2386 4612 nigro
2414 4545 2590 4597 colore
2634 4545 2854 4598 multum
2883 4543 3117 4613 fulgens,
3150 4544 3201 4598 in
3231 4559 3448 4599 acumen
3488 4545 3636 4598 desi-

2085 4650 2217 4690 nens
2274 4642 2328 4688 et
2388 4635 2704 4704 picturarum
2745 4633 2988 4688 decorem
3055 4634 3284 4687 imitans.
3329 4634 3466 4688 Alibi
3509 4649 3642 4689 vero

2081 4726 2241 4780 dicit:
2262 4725 2502 4779 Mulieres
2529 4724 2698 4778 mulos
2719 4723 2864 4778 albos
2887 4723 3211 4793 quarebant,
3231 4731 3284 4778 et
3305 4723 3450 4778 frena
3469 4723 3634 4779 deau-

2081 4826 2193 4871 rata
2218 4858 2232 4879 ,
2275 4815 2580 4885 obsequium
2620 4813 3008 4881 cunuchorum,
3047 4829 3292 4883 magnum
3322 4814 3639 4870 ancillarum

2083 4921 2292 4978 gregem
2320 4916 2372 4960 et
2399 4920 2642 4974 pompam
2672 4903 2967 4958 ridiculam.

2152 4997 2526 5052 Adolescentes
2559 5009 2766 5066 quoque
2802 4994 3030 5063 exagitat
3070 4993 3296 5061 superbe
3337 4999 3551 5062 agentes
3586 4993 3645 5048 in

2082 5091 2217 5156 foro,
2243 5106 2363 5146 cum
2390 5088 2706 5152 hominibus,
2729 5087 2816 5157 qui
2841 5085 3158 5156 sumptuosis
3174 5094 3229 5139 et
3242 5083 3532 5155 magniﬁcis
3547 5099 3640 5139 ve-

2081 5185 2251 5240 stibus
2289 5182 2455 5254 operti
2498 5189 2666 5235 erant.
2703 5179 2863 5234 Iidem
2888 5193 3015 5232 vero
3042 5177 3405 5232 adolescentes
3426 5174 3638 5231 calceos

2082 5289 2208 5330 suos
2234 5273 2337 5329 ﬁlis
2362 5272 2546 5329 sericis
2577 5280 2631 5325 et
2657 5285 2787 5324 auro
2811 5268 3158 5324 exornabant.

2457 5407 2709 5463 Circenses
2733 5404 2857 5471 ludi,
2887 5401 3265 5474 hippodromus.

2155 5543 2232 5597 Ad
2262 5543 2457 5597 circum
2486 5549 2542 5595 et
2581 5536 2981 5607 hippodromum
3024 5549 3082 5588 se
3116 5531 3357 5585 conferre
3399 5529 3647 5584 solebant

2089 5637 2454 5705 Imperatores,
2479 5644 2535 5688 ut
2562 5630 2798 5686 ludorum
2821 5637 2873 5685 et
2899 5639 3187 5698 pugnarum
3213 5631 3540 5693 spectatores
3561 5635 3642 5674 cs-
