3938 6136
236 329 298 383 83
963 314 1125 386 ρυλε
1160 311 1226 367 IN
1261 302 1594 366 OPERIBUS
1629 295 2095 355 CHRYSOSTOMI
2134 290 2651 350 OBSERVANTUR.
3343 266 3416 320 84

228 443 350 497 sent,
374 439 426 483 et
452 435 575 482 ante
599 440 696 481 eos
721 423 813 494 qui
846 419 1091 474 certaturi
1119 419 1287 470 erant,
1317 418 1559 462 coronas,
1592 399 1768 452 bravia

225 538 272 580 et
307 494 616 578 vestimenta
669 514 870 584 exponi
915 508 1184 564 curabant.
1232 502 1290 556 lu
1341 494 1596 567 gymnicis
1645 503 1771 543 vero

223 611 583 668 certaminibus
608 583 847 662 victores
875 601 958 655 vel
983 598 1114 653 oleae
1140 591 1224 647 vel
1263 587 1398 642 lauri
1426 583 1588 638 ramis
1614 593 1772 634 coro-

223 707 487 760 nabantur.
1307 708 1312 710 -

281 796 374 861 Qui
403 795 458 847 in
488 787 810 862 spectaculis
833 778 1156 838 circensibus
1178 771 1480 830 currebant,
1508 773 1562 819 et
1581 774 1772 817 nomen

219 895 268 942 et
305 898 472 956 genus
513 891 571 936 et
609 876 838 950 patriam
881 881 934 927 et
961 867 1322 924 educationem
1347 869 1602 927 equorum
1635 865 1771 956 scie-

223 939 354 1039 hani,
381 982 436 1028 et
463 939 629 1040 quani
655 965 929 1020 victoriam
955 954 1360 1028 reportavissent
1383 946 1563 1018 (Tomo
1585 939 1770 1009 tertio).

221 1035 694 1121 Cursores-autem
738 1055 816 1110 illi
860 1055 1120 1106 circenses
1167 1043 1231 1097 ad
1269 1040 1440 1094 solum
1484 1035 1773 1103 Imperato-

221 1172 322 1211 rem
349 1149 731 1212 attendebant,
763 1145 983 1198 aliorum
1007 1153 1135 1192 vero
1165 1134 1374 1203 plausus
1398 1141 1502 1180 non
1529 1125 1597 1178 ita
1623 1135 1776 1175 cura-

224 1249 352 1300 bant.
381 1242 558 1298 Tanta
603 1245 781 1293 autem
823 1240 938 1288 erat
981 1227 1157 1298 populi
1207 1218 1530 1290 frequentia,
1567 1225 1624 1268 ut
1669 1225 1772 1264 non

220 1339 377 1393 circus
400 1333 591 1397 modo,
614 1330 709 1385 sed
729 1328 886 1382 etiam
905 1322 1075 1376 vicina
1095 1313 1384 1377 cmnacula,
1405 1310 1610 1368 domus,
1634 1311 1775 1358 tecta

220 1426 606 1500 spectatoribus
646 1422 798 1492 plena
842 1420 1036 1471 essent.
1075 1409 1211 1463 Inter
1245 1409 1567 1474 spectatores
1599 1404 1774 1450 autem

218 1521 524 1576 meretrices
549 1523 704 1571 erant
728 1518 782 1565 et
808 1505 956 1577 pueri
981 1501 1186 1556 molles.

279 1610 599 1682 Agonalium
624 1600 968 1659 certaminum
990 1599 1336 1662 spectatores,
1358 1583 1403 1636 si
1422 1578 1630 1682 quando
1649 1584 1778 1630 stre-

220 1668 374 1756 nuum
423 1697 681 1752 athletam
705 1693 812 1760 jam
838 1693 1144 1742 coronatum
1197 1674 1451 1731 accedere
1497 1668 1773 1729 viderent,

221 1755 400 1847 omnes
444 1755 824 1847 sccurrehant,
863 1786 921 1832 ut
946 1775 1062 1843 ejus
1103 1781 1336 1840 pugnas,
1374 1770 1570 1823 artem,
1617 1755 1778 1812 robur

221 1893 454 1954 spectare
497 1884 734 1950 possent.
765 1871 822 1924 In
867 1863 1214 1936 hippodromo
1252 1861 1524 1911 currentes
1558 1848 1694 1954 inter
1718 1859 1778 1900 se

221 1937 431 2030 Sirenue
463 1937 864 2024 concertabant,
899 1968 952 2012 et
975 1955 1062 2009 alii
1093 1952 1316 2005 aliorum
1343 1957 1530 1999 currus
1560 1937 1781 1993 subver-

223 2076 330 2122 tere
355 2063 703 2119 conabantur.
733 2055 842 2108 Hac
862 2051 930 2105 de
958 2063 1017 2102 re
1045 2043 1362 2127 singularem
1397 2047 1579 2090 casum
1620 2027 1782 2084 refert

225 2120 624 2228 Chrysostomus
652 2146 832 2216 (Tomo
876 2120 1188 2202 duodecimo)
1214 2150 1227 2186 :
1250 2129 1421 2186 Ctedes
1441 2167 1456 2188 ,
1489 2122 1688 2224 inquit,
1715 2120 1780 2228 'in

226 2209 555 2318 luppodromo
583 2209 684 2292 lteri
712 2242 930 2299 patrata,
958 2226 1196 2297 tragoedia
1223 2221 1394 2275 urbem
1422 2224 1576 2318 totam
1603 2209 1781 2312 imple-

226 2301 327 2400 t-il:
359 2332 617 2388 mulierum
655 2328 833 2382 choros
861 2324 1046 2376 circum
1071 2315 1314 2378 attraxit,
1346 2313 1510 2382 forum
1553 2301 1781 2358 lamentis

227 2394 396 2480 multis
421 2423 648 2493 replevit,
674 2418 794 2472 dum
821 2417 864 2468 is
891 2414 975 2484 qui
1009 2427 1039 2462 a
1064 2406 1290 2462 curribus
1329 2403 1400 2454 ita
1439 2394 1782 2452 miserabiliter

227 2519 447 2572 concisus
473 2523 518 2566 et
544 2513 818 2577 discerptus
844 2509 1030 2574 fuerat.
1062 2514 1149 2569 per
1171 2495 1391 2548 medium
1421 2495 1587 2559 forum
1621 2493 1784 2556 gesta-

225 2622 372 2665 ntur.
403 2607 537 2673 Hic,
564 2614 620 2658 ut
656 2602 770 2655 novi
789 2639 804 2665 ,
843 2597 929 2668 qui
967 2591 1205 2662 postridie
1235 2583 1484 2656 nuptiales
1512 2577 1779 2673 lampadas

223 2667 672 2758 accensurus'eral,
698 2706 813 2745 cum
839 2667 1070 2757 apparati
1101 2677 1310 2734 thalami
1340 2681 1519 2738 essent,
1542 2679 1587 2724 et
1615 2667 1783 2722 omnia

224 2796 285 2846 ad
319 2793 523 2858 nuptias
560 2785 884 2842 concinnata,
918 2776 1007 2830 sub
1033 2769 1274 2844 praeconis
1315 2765 1489 2820 ordine
1529 2763 1583 2814 in
1620 2759 1784 2813 stadio

225 2849 624 2941 locum-habens,
649 2889 762 2926 cum
787 2873 926 2940 infra
951 2870 1197 2924 curreret,
1226 2853 1523 2912 instantibus
1556 2849 1746 2919 aurigis
1764 2887 1780 2914 ,

226 2993 269 3036 et
290 2985 463 3030 mutuo
487 2964 886 3026 concertantibus
907 2999 922 3024 ,
944 2957 1134 3010 medius
1156 2954 1453 3018 interceptus
1472 2986 1486 3009 ,
1516 2944 1782 2998 violentam

225 3069 360 3122 illam
396 3074 443 3118 et
481 3056 818 3115 miserabilem
859 3057 1064 3104 mortem
1089 3044 1255 3108 subiit,
1285 3040 1446 3109 capite
1473 3045 1518 3089 et
1552 3039 1783 3090 extremis

297 3694 570 3767 Olympica
610 3695 900 3743 certamina
945 3674 1305 3748 Chrysostomi
1353 3683 1467 3724 τενο
1508 3665 1788 3721 admodum

241 3759 466 3856 vigui-sse.
483 3780 752 3840 videntur,
781 3782 836 3826 et
855 3784 972 3825 cum
993 3773 1246 3837 apparatu
1267 3763 1495 3815 maximo
1521 3759 1791 3827 przumissn

245 3848 497 3932 celebrata
545 3870 707 3923 fuisse
737 3861 939 3934 (Tomo
975 3857 1116 3910 tertio
1140 3854 1180 3925 ).
1213 3851 1277 3906 In
1330 3848 1602 3920 Olympicis
1663 3848 1791 3899 enim

245 3964 623 4026 certaminibus,
661 3955 833 4026 inquit
875 3952 998 4015 ille,
1041 3957 1151 4018 post
1193 3945 1396 4015 triginta
1434 3942 1538 3994 dies
1579 3940 1632 3992 in
1673 3938 1794 3991 urbe

246 4064 535 4117 transactos,
562 4052 615 4103 in
641 4043 931 4101 suburbium
956 4040 1070 4093 illos
1097 4036 1297 4091 eductos
1333 4030 1723 4089 circumvehunt,
1749 4036 1794 4079 et

246 4160 338 4202 toto
360 4148 560 4201 sedente
583 4141 776 4193 theatro
803 4133 988 4188 clamat
1015 4143 1177 4199 praeco
1199 4142 1220 4179 :
1249 4123 1388 4178 Nunt
1423 4122 1530 4191 quis
1556 4121 1686 4173 hunc
1706 4133 1795 4170 ac-

247 4238 415 4293 cusat?
431 4233 516 4289 Ita
531 4243 584 4286 ut
606 4229 740 4285 omni
754 4223 945 4281 servilis
960 4217 1255 4273 conditionis
1271 4213 1548 4283 suspicione
1563 4211 1794 4276 depulsa,

249 4332 296 4382 in
320 4325 588 4382 certamina
612 4321 785 4389 pedem
809 4316 1012 4384 inferat.
1037 4310 1166 4363 Rem
1194 4305 1385 4361 clarius
1409 4302 1532 4356 alibi
1568 4301 1800 4368 explicat

255 4418 335 4489 (Τ.
364 4411 678 4477 duodecimo)
708 4449 720 4461 .
739 4406 806 4460 In
824 4400 1097 4473 Olympicis
1129 4395 1475 4450 certaminibus
1509 4399 1603 4444 stat
1637 4404 1800 4458 prteco

254 4485 426 4580 magna
458 4519 576 4560 voce
617 4501 840 4554 clamans
864 4510 883 4546 :
904 4489 1163 4556 Numquid
1205 4485 1384 4554 aliquis
1424 4497 1535 4534 eum
1561 4487 1797 4543 accusat,

257 4574 372 4656 sitne
393 4611 582 4660 servus,
613 4600 698 4645 aut
729 4589 833 4657 fur,
859 4594 944 4637 aut
963 4582 1111 4635 malis
1134 4574 1392 4631 moribus?

318 4687 706 4761 Olympicorum
739 4676 985 4733 ludorum
1010 4667 1302 4724 athletaein
1331 4664 1534 4718 theatro
1555 4659 1677 4715 nudi
1699 4667 1806 4712 sta-

262 4749 400 4842 bant:
430 4749 594 4832 radiis
619 4769 878 4825 solaribus
905 4760 1126 4832 expositi
1161 4758 1180 4827 (
1203 4756 1357 4810 Tomo
1385 4754 1545 4822 primo
1578 4763 1622 4842 et
1649 4749 1804 4804 Tomo

262 4871 447 4942 tertio).
494 4867 836 4937 Spectatores
875 4864 1048 4910 autem
1091 4865 1120 4903 a
1159 4848 1330 4902 media
1378 4854 1532 4898 nocte
1556 4841 1622 4896 ad
1645 4842 1806 4895 meri-

262 4939 705 5016 diem'sedebant,
724 4958 783 5002 ut
808 4945 1050 4999 viderent
1077 4939 1160 4993 cui
1181 4949 1373 4992 corona
1397 4948 1608 4988 cessura
1644 4939 1803 4985 esset.

267 5052 439 5106 Nonne
460 5045 641 5102 uidetis
666 5083 681 5106 ,
724 5036 893 5106 inquit
921 5031 1100 5104 (Tomo
1126 5025 1330 5098 primo),
1352 5025 1403 5076 in
1429 5021 1702 5092 Olympicis
1729 5032 1832 5071 cer.

265 5144 526 5198 luminibus
544 5179 559 5202 ,
590 5135 712 5187 dum
739 5128 898 5198 capite
923 5138 1157 5178 coronam
1179 5128 1397 5189 gestans,
1429 5115 1640 5168 amictus
1661 5111 1807 5174 stola,

261 5239 440 5306 virgam
453 5244 617 5286 manu
640 5234 809 5278 tenens
827 5216 1118 5289 agonotheta
1140 5228 1228 5280 per
1247 5206 1812 5280 forumincedit,quanta

266 5292 684 5394 sitiranquillitas
704 5321 752 5364 et
774 5307 1039 5370 modestia,
1063 5304 1183 5356 dum
1219 5315 1384 5369 praeco
1411 5309 1527 5348 voce
1559 5292 1813 5345 denuntiat

267 5427 502 5471 utomncs
532 5411 718 5465 sileant
744 5419 805 5455 ac
834 5401 1056 5454 decenter
1079 5395 1351 5466 quiescant.

326 5508 404 5563 Ex
431 5495 831 5574 spectatoribus
858 5504 979 5542 vero
1013 5487 1102 5541 alii
1143 5485 1266 5538 aliis
1308 5478 1519 5534 athletis
1547 5474 1816 5535 favebant,

262 5613 316 5656 ut
340 5601 391 5654 in
418 5564 533 5668 pari
559 5605 691 5647 casu
720 5582 1023 5650 contingere
1046 5579 1177 5631 solet
1202 5577 1217 5637 (
1249 5571 1408 5626 Tomo
1438 5568 1599 5637 primo
1617 5565 1657 5635 ).
1687 5564 1817 5662 Tota

265 5653 437 5746 auteni
463 5694 624 5741 nocte
666 5687 849 5748 praeco
875 5667 1146 5725 admodum
1175 5663 1430 5718 sollicitus
1460 5667 1590 5720 erat,
1613 5669 1678 5708 ne
1702 5653 1817 5721 quis

1876 409 1938 448 ex
1969 395 2290 447 certantibus
2317 408 2587 462 egressus,
2627 391 2874 445 indecore
2906 403 2966 442 se
3001 395 3224 457 gereret.
3263 387 3430 456 Magi-

1875 496 1974 540 ster
2009 501 2122 538 vero
2167 485 2308 550 ludi,
2355 485 2523 552 inquit
2548 481 2742 553 (Tomo
2790 481 3064 548 secundo),
3103 479 3228 548 foris
3255 479 3427 531 consi-

1877 577 2018 642 dens,
2043 576 2346 630 sermonibus
2369 574 2515 639 a/Tert
2539 574 2802 638 auxilium,
2835 581 3131 639 eatenusque
3167 568 3432 621 dumtaxat

1877 675 2142 719 certantem
2157 668 2303 735 juvat
2320 707 2334 730 ,
2365 675 2603 731 quatenus
2629 661 3068 716 acclamationibus
3097 657 3431 713 sermonibus—

1875 773 1971 826 que
1988 757 2115 810 valet
2137 771 2156 809 :
2187 772 2342 825 neque
2373 757 2502 808 enim
2528 755 2633 806 ulla
2662 758 2705 806 ei
2739 754 2845 822 lege
2882 752 3182 824 permittitur
3225 751 3432 820 propius

1876 848 2105 900 assistere
2133 858 2178 900 et
2202 847 2426 899 manibus
2437 847 2636 916 juvare.
2663 843 2728 897 In
2761 843 3035 912 Olympicis
3055 841 3428 903 certaminibus,

1877 937 1949 989 ait
1978 937 2099 1001 ille,
2124 937 2352 1001 luctator,
2395 936 2568 1004 pugil,
2610 936 2948 1003 pancratiasta
2981 931 3185 985 diversis
3229 929 3432 1000 quidem

1879 1025 2176 1094 temporibus
2191 1036 2436 1078 certamen
2452 1027 2678 1087 subeunt,
2701 1024 2787 1077 sed
2804 1038 2903 1075 uno
2925 1022 3160 1091 temporis
3181 1029 3431 1074 momento

1877 1120 1961 1187 qui
1989 1129 2286 1189 superarunt
2310 1134 2478 1172 omnes
2506 1135 2537 1170 a
2561 1132 2787 1187 precone
2812 1115 3017 1170 victores
3044 1113 3432 1184 pronuntiantur

1879 1207 1900 1279 (
1915 1207 2068 1262 Tomo
2089 1209 2279 1281 tertio),

2324 1342 2650 1396 Theatrorum
2673 1340 2974 1411 spectacula.

1951 1473 2016 1528 In
2040 1475 2262 1540 theatro,
2292 1475 2457 1542 inquit
2486 1473 2504 1543 (
2533 1474 2686 1527 Tomo
2712 1471 2982 1542 septimo),
3008 1471 3252 1525 velamina
3275 1470 3434 1523 multa

1879 1573 2026 1628 sunt,
2063 1565 2304 1632 multique
2339 1565 2521 1618 scenici
2559 1565 2767 1634 ingressi
2795 1563 3137 1616 histrionicum
3167 1562 3356 1614 larvam
3380 1562 3434 1613 in

1879 1657 2019 1708 vultu
2062 1657 2262 1722 habent,
2308 1666 2518 1709 veterem
2546 1655 2771 1726 fabulam
2809 1663 3044 1715 tractant,
3072 1669 3245 1722 resque
3270 1661 3434 1722 gestas

1879 1757 2120 1815 narrant,
2164 1757 2213 1803 et
2253 1749 2384 1802 alius
2422 1748 2622 1819 quidem
2667 1746 3018 1817 philosOphum
3041 1746 3166 1816 agit,
3194 1745 3325 1799 alius
3349 1759 3431 1798 rc-

1879 1856 2011 1910 gem,
2038 1849 2140 1894 etc.

1950 1931 2143 1986 Contra
2170 1929 2444 1986 theatralia
2469 1944 2596 1984 vero
2624 1926 2920 1998 spectacula
2960 1933 3216 1996 perpetuo
3253 1923 3434 1979 decla-

1881 2030 1990 2076 mat
2011 2021 2448 2093 Chrysostomus;
2472 2029 2526 2074 et
2554 2020 2673 2089 jure
2711 2017 2958 2088 quidem,
2994 2031 3096 2070 non
3119 2015 3275 2068 modo
3312 2015 3434 2084 quia

1883 2111 2169 2166 theatrales
2198 2127 2372 2166 scenae
2401 2126 2493 2180 per
2519 2126 2578 2165 se
2596 2109 2925 2178 juventutem
2951 2106 3016 2160 ad
3038 2105 3249 2160 mollem
3274 2107 3434 2158 vitam

1883 2210 1936 2257 et
1961 2203 2244 2256 dissolutos
2269 2217 2443 2256 mores
2471 2202 2737 2255 attrahere
2764 2199 2968 2264 solent,
2999 2196 3092 2252 sed
3127 2199 3286 2251 etiam
3315 2196 3435 2266 quis

1885 2302 2008 2348 tunc
2038 2295 2290 2362 temporis
2315 2293 2458 2348 nulla
2484 2293 2537 2347 in
2561 2290 2781 2346 theatris
2805 2299 2920 2345 erat
2943 2287 3158 2359 pudoris
3185 2301 3311 2342 cura
3332 2327 3348 2350 ,
3378 2295 3437 2340 ut

1883 2399 2004 2438 mox
2036 2385 2316 2439 videbitur.
3012 2378 3029 2397 ⁶

1952 2475 2094 2528 Atius
2111 2476 2309 2543 juvenis
2349 2491 2462 2528 cum
2505 2475 2598 2538 sit,
2620 2474 2694 2528 ait
2722 2473 2809 2527 ille
2841 2470 3036 2542 (Tomo
3061 2468 3330 2539 septimo),
3351 2483 3438 2522 co—

1884 2580 2016 2616 mam
2037 2575 2167 2617 retro
2195 2565 2450 2617 reductam
2479 2563 2645 2627 habet,
2669 2572 2716 2616 et
2741 2571 2976 2614 naturam
2997 2561 3162 2628 ipsam
3182 2557 3438 2624 effeminat

1883 2665 2106 2722 aspectu,
2129 2654 2321 2719 habitu,
2350 2653 2669 2718 vestimentis,
2697 2652 2894 2704 demum
2911 2650 3163 2711 omnibus,
3188 2650 3436 2719 formant-

1885 2761 1979 2814 que
2005 2755 2184 2798 tenerat
2206 2745 2384 2814 puellm
2411 2743 2631 2810 aITectat.
2665 2743 2805 2795 Alius
2828 2756 2941 2794 vero
2968 2755 3118 2792 senex
3135 2755 3162 2791 e
3186 2739 3440 2792 contrario

1885 2835 2082 2904 capillis
2108 2835 2352 2888 novacula
2380 2835 2592 2897 abrasit,
2617 2833 2816 2886 renibus
2839 2831 3117 2884 succinctus
3135 2870 3150 2895 ,
3179 2840 3441 2898 postquam

1887 2925 2128 2994 pudorem
2156 2935 2271 2977 ante
2295 2923 2506 2992 capillos
2529 2923 2757 2985 succidit,
2790 2928 2886 2973 stat
2909 2918 2975 2971 ad
2995 2918 3174 2987 alapas
3191 2919 3442 2986 accipien—

1886 3016 1996 3080 das,
2021 3024 2068 3069 et
2087 3017 2152 3067 ad
2172 3016 2338 3069 omnia
2365 3014 2576 3067 dicenda
2596 3011 2922 3081 faciendaque
2947 3018 3170 3078 paratus.
3205 3006 3442 3060 Mulieres

1886 3118 2050 3161 autem
2079 3107 2212 3161 nudo
2240 3107 2401 3175 capite
2421 3147 2437 3172 ,
2464 3104 2598 3159 omni
2627 3103 2775 3156 misso
2801 3101 3009 3164 rubore,
3038 3107 3172 3152 stant
3201 3097 3443 3166 papulum

1886 3200 2209 3270 alloquentes,
2249 3206 2440 3250 tantum
2479 3194 2702 3248 videlicet
2744 3190 3064 3260 impudentia
3099 3188 3319 3240 studium
3344 3185 3442 3240 Ita-

1887 3289 2072 3354 bentes,
2101 3305 2389 3357 omnemque
2417 3286 2743 3356 petulantiam
2761 3293 2808 3337 et
2825 3282 3077 3336 lasciviam
3092 3281 3144 3332 in
3161 3279 3444 3332 auditorum

1887 3380 2081 3432 animos
2125 3379 2460 3449 infundentes.
2509 3375 2652 3430 Illud
2693 3390 2850 3427 unum
2891 3371 3108 3426 studium
3146 3368 3361 3431 habent,
3389 3378 3444 3422 ut

1889 3470 2163 3523 castitatem
2182 3486 2374 3522 onmem
2396 3468 2633 3522 radicitus
2654 3465 2884 3525 evellant,
2907 3472 3137 3515 naturam
3160 3460 3443 3528 deturpent,

1890 3561 2011 3614 mali
2038 3560 2280 3613 daemonis
2304 3557 2751 3627 concupiscentiam
2770 3554 3021 3622 expleant.
3047 3550 3183 3603 Nam
3203 3550 3282 3602 ltic
3301 3549 3448 3602 verba

1892 3653 2137 3712 obscaena,
2162 3652 2358 3704 habitus
2386 3650 2607 3711 ridiculi,
2632 3658 2837 3699 tonsura
2861 3644 3059 3706 similis,
3091 3643 3329 3704 incessus,
3361 3656 3444 3695 ve-

1893 3743 2056 3803 stitus,
2086 3757 2199 3805 vox,
2227 3741 2556 3793 membrorum
2577 3736 2826 3799 mollities,
2850 3734 3105 3788 oculorum
3127 3731 3447 3796 inversiones,

1895 3832 2077 3898 ﬁstula:
2095 3871 2110 3893 ,
2137 3829 2298 3892 tibiae,
2326 3829 2554 3881 dramata
2574 3867 2590 3891 ,
2618 3833 2936 3897 argumenta,
2967 3824 3230 3892 omniaque
3251 3821 3456 3876 tle-num

1895 3930 2124 3974 extremae
2149 3920 2361 3973 lascivia
2386 3919 2532 3988 plena
2555 3925 2691 3971 sunt.

1969 4013 2024 4066 In
2055 4012 2259 4066 theatro
2294 4011 2428 4065 vides
2453 4009 2706 4062 mulierem
2741 4005 2875 4058 nudo
2919 4005 3080 4074 capite
3123 4019 3238 4057 cum
3284 4003 3450 4070 impu-

1899 4104 2064 4158 dentia
2089 4119 2271 4173 magna
2315 4103 2608 4162 intrantem,
2644 4097 2808 4150 aureis
2853 4097 3078 4149 indutam
3126 4095 3452 4157 vestimentis,

1900 4197 2111 4250 delicato
2165 4194 2398 4263 mollique
2433 4208 2603 4263 gressu
2644 4198 2894 4252 utentem,
2945 4187 3138 4240 cantica
3180 4185 3454 4237 meretricia

1902 4297 2191 4351 canentem,
2219 4287 2441 4338 carmina
2489 4283 2709 4346 lubrica,
2746 4281 2914 4350 turpia
2939 4279 3085 4333 verba
3127 4283 3461 4346 proferentem

1904 4379 2082 4449 (Tomo
2108 4378 2291 4446 sexto).

1973 4471 2134 4526 Nudae
2159 4471 2314 4524 etiam
2346 4469 2592 4522 mulieres
2633 4467 2686 4521 in
2723 4465 2941 4520 theatris
2983 4460 3359 4532 comparebant
3405 4469 3461 4515 et

1906 4562 2186 4633 aliquando
2212 4569 2455 4616 natantes
2497 4560 2516 4630 (
2539 4559 2697 4613 Tomo
2723 4559 2932 4627 septimo
2954 4559 2972 4627 )
2993 4573 3007 4610 :
3032 4556 3324 4628 puellaque
3359 4554 3470 4610 sal-

1910 4668 2080 4712 tantes
2103 4655 2294 4711 ibidem
2326 4655 2626 4709 visebantur
2646 4652 2912 4723 (Ibidem).

2511 4767 2835 4821 Funambuli.

1985 4876 2285 4930 Funambuli
2312 4874 2396 4943 qui
2430 4890 2516 4943 per
2545 4876 2712 4943 funem
2756 4871 2818 4924 ab
2859 4872 2959 4923 imo
2995 4870 3047 4921 in
3073 4866 3231 4919 altum
3277 4875 3470 4916 tensum

1913 4970 2176 5022 ascendere
2197 4983 2256 5019 ac
2286 4965 2578 5018 descendere
2622 4963 2942 5022 meditantur,
2972 4959 3015 5010 si
3063 4954 3330 5025 paululum
3371 4949 3465 5004 de—

1915 5061 2156 5127 ﬂexerunt
2177 5057 2331 5109 oculis
2356 5096 2368 5118 ,
2401 5056 2591 5106 inverso
2618 5066 2822 5119 corpore
2859 5049 3146 5117 deferuntur
3190 5045 3243 5096 in
3293 5041 3468 5094 orche-

1918 5161 2067 5202 stram
2090 5156 2389 5217 pereuntque
2418 5145 2596 5215 (Tomo
2620 5143 2796 5208 sexto).

1989 5237 2295 5291 Funambuli
2335 5252 2422 5304 per
2458 5235 2624 5302 funem
2659 5239 2910 5284 extensum
2954 5223 3164 5294 ingressi
3214 5231 3261 5276 et
3299 5221 3472 5274 ambu-

1922 5332 2108 5394 lantes,
2157 5344 2209 5382 se
2251 5325 2520 5380 induebant
2562 5331 2607 5375 et
2647 5319 2916 5381 exuebant,
2963 5325 3217 5383 tamquam
3253 5312 3306 5362 in
3350 5311 3474 5362 lecto

1922 5425 2162 5487 sedentes,
2193 5429 2294 5473 etc.
2322 5417 2504 5485 (Tomo
2530 5410 2743 5466 secundo
2772 5417 2818 5462 et
2843 5407 3002 5460 Tomo
3030 5399 3366 5468 duodecimo).

2533 5523 2882 5576 Circntatores.

2004 5647 2064 5699 ln
2091 5644 2339 5698 orchestra
2359 5635 2559 5703 quidam
2593 5631 2814 5684 membris
2839 5639 2890 5683 ut
2911 5629 3002 5683 alis
3028 5628 3284 5680 utebantur
3301 5621 3478 5690 (Tomo
