4748 6520
894 255 965 308 εδ
2197 244 2516 310 SYNUPbIS
2555 255 2787 314 sonu-ar
4049 278 4127 334 se

895 367 1184 434 secundo):
1218 367 1420 436 quidam
1465 367 1518 418 in
1558 365 1688 434 facie
1752 373 1950 418 contum
2002 365 2349 436 imponebant,
2404 375 2467 454 et.

898 477 1022 530 puer
1065 471 1209 513 conto
1242 459 1498 527 impositus
1535 459 1816 512 innumeros
1859 467 2024 511 motus
2069 458 2244 528 agebat
2272 457 2451 530 (Tomo

895 551 1111 606 secundo
1137 561 1184 605 et
1221 549 1371 604 Tomo
1398 548 1749 619 duodecimo).

968 641 1182 707 Quidam
1201 641 1438 710 perticam
1461 641 1516 693 in
1559 640 1725 707 fronte
1759 649 2008 706 gestantes
2058 641 2185 694 velut
2221 643 2448 696 arborem

893 734 945 785 in
965 743 1094 785 terra
1123 732 1426 796 radicatam,
1449 731 1523 784 sic
1546 732 1802 783 immotam
1849 741 2156 784 conservant.
2187 731 2368 802 Neque
2394 733 2448 786 id

889 823 1051 874 solum
1074 819 1300 874 mirabile
1328 830 1399 875 est
1423 862 1436 884 ,
1457 820 1543 873 sed
1571 820 1704 888 quod
1729 820 1876 872 etiam
1905 819 2137 889 puerulos
2179 838 2357 890 parvos
2393 823 2447 876 in

887 927 1078 965 summo
1105 913 1240 981 ligno
1267 912 1396 963 inter
1423 927 1478 963 se
1515 919 1799 962 concertare
1816 918 2020 962 curent:
2038 926 2099 962 ac
2140 927 2292 978 neque
2332 927 2444 964 ma-

885 1017 1008 1064 nus,
1027 1017 1182 1070 neque
1219 1001 1326 1053 alia
1350 999 1574 1069 corporis
1618 1014 1737 1069 pars
1755 1039 1770 1064 ,
1791 998 1877 1053 sed
1911 1000 2051 1069 frons
2069 1001 2178 1054 sola
2205 1002 2444 1070 perticam

881 1090 1023 1145 illam
1050 1093 1176 1162 gerit
1200 1093 1566 1144 inconcussam.

951 1182 1178 1247 Quidam
1204 1189 1356 1236 erant
1381 1180 1470 1248 qui
1500 1181 1681 1234 clavos
1715 1179 2048 1234 acutissimos
2086 1179 2438 1250 deglutirent,

881 1274 972 1341 qui
1027 1274 1237 1328 calceos
1315 1271 1625 1326 manderent
1669 1281 1722 1325 et
1759 1271 2069 1326 devorarent
2113 1271 2307 1342 (Tomo
2354 1291 2440 1330 se-

881 1363 1049 1415 eundo
1071 1363 1112 1415 δ.

956 1363 1049 1415 ndo
1101 1401 1112 1415 .

956 1360 1125 1507 Erat)“
1164 1453 1251 1522 qui
1297 1451 1605 1506 hirundines
1652 1451 2088 1517 circumferrent‘,
2135 1460 2188 1505 et
2226 1450 2441 1521 fuligine

867 1520 1094 1599 iobducti
1113 1585 1129 1611 ,
1157 1520 1430 1600 maledicta
1473 1545 1526 1598 iu
1573 1558 1758 1599 omnes
1785 1543 2080 1613 proferrent
2108 1542 2301 1614 (Tomo
2324 1520 2443 1614 sep-

882 1637 1004 1689 timo
1021 1636 1061 1706 ).

953 1725 1117 1782 Erant
1143 1727 1353 1797 quidam
1374 1727 1644 1782 moriones
1661 1767 1676 1792 ,
1704 1725 1792 1795 qui
1818 1724 2080 1780 Cordaces
2095 1725 2433 1792 vocabantur,

877 1818 1073 1887 quique
1112 1827 1166 1871 ut
1197 1819 1360 1872 risum
1387 1825 1662 1872 moverent
1705 1815 1834 1870 nihil
1859 1830 1964 1871 non
1993 1816 2216 1887 agebant
2246 1816 2434 1887 (Tomo

875 1909 1134 1962 undecimo

993 1997 1072 2053 De
1096 2001 1422 2056 tribunalibus
1446 2009 1496 2056 et
1531 2001 1593 2055 de
1619 2000 1826 2070 judiciis
1844 2009 1993 2071 atque
2017 2001 2296 2072 suppliciis.

941 2087 1125 2144 Iudice
1155 2092 1438 2160 prodituro,
1470 2100 1525 2146 ut
1553 2091 1606 2144 in
1631 2091 1821 2145 excelso
1842 2080 2080 2145 tribunali
2104 2093 2291 2157 sedeat,
2313 2107 2430 2144 car-

868 2180 995 2234 ceris
1022 2185 1282 2247 custodes,
1311 2184 1532 2236 detentas
1568 2197 1736 2236 omnes
1773 2182 1972 2236 eductos
1998 2183 2250 2236 domicilio
2271 2222 2286 2246 ,
2317 2192 2432 2265 ante

869 2277 1118 2331 cancellos
1146 2286 1191 2330 et
1218 2275 1480 2328 tribunalis
1525 2273 1636 2328 vela
1679 2272 1952 2338 collocant,
1991 2274 2247 2341 squalidos
2269 2315 2284 2340 ,
2315 2291 2427 2328 sor-

867 2370 1038 2422 dentes
1057 2407 1073 2432 ,
1097 2367 1256 2436 passis
1282 2365 1479 2435 lapillis
1497 2406 1513 2432 ,
1541 2365 1708 2418 scissis
1745 2363 1923 2434 pannis
1957 2365 2180 2431 indutos,
2204 2374 2307 2420 etc.
2337 2364 2421 2436 (T.

867 2458 1057 2529 primo)
1069 2495 1080 2507 .

935 2545 1234 2600 Sceleribus
1254 2545 1465 2600 obnoxii
1510 2555 1565 2600 et
1588 2545 1818 2600 damnati
1871 2545 1936 2600 ad
1985 2556 2209 2601 mortem
2259 2547 2424 2606 duce-

867 2630 1083 2694 bantur,
1107 2629 1234 2685 fune
1249 2630 1315 2685 ad
1341 2645 1401 2684 os
1421 2631 1630 2699 alligato
1647 2629 1692 2697 (l
1700 2629 1905 2697 bidem).
1931 2629 2027 2701 (De
2047 2630 2325 2686 Theodoro
2339 2636 2422 2702 agi

870 2727 1101 2789 putatur,
1129 2719 1218 2790 qui
1257 2720 1585 2791 tyrannidem
1605 2719 1971 2793 aliectaverat.)

937 2807 1246 2865 Testamenta
1275 2811 1550 2884 tabulteque
1591 2811 1654 2866 de
1692 2813 1914 2882 nuptiis,
1943 2813 2004 2867 de
2047 2812 2223 2868 debitis
2267 2814 2423 2884 deque

860 2901 1045 2956 relictis
1069 2905 1431 2970 contractibus,
1461 2905 1558 2958 nisi
1581 2905 1635 2958 in
1659 2904 1972 2975 frontispicio
2010 2904 2284 2960 Consulum
2323 2921 2418 2959 an-

860 3010 951 3050 nos
979 2995 1191 3051 habeant
1214 2999 1560 3068 prtescriptos,
1610 2997 1803 3052 nullam
1846 3014 1909 3053 ea:
1951 3014 2059 3054 sese
2100 2999 2197 3053 vim
2237 2999 2419 3055 habent

858 3082 1041 3157 (Tomo
1077 3089 1260 3157 sexto).

926 3175 1094 3231 Usura
1131 3177 1421 3232 centesima
1461 3193 1490 3230 a
1541 3177 1918 3250 Cbrysostomo
1943 3190 2285 3246 memoratur,
2311 3198 2414 3252 qua

853 3268 908 3321 in
934 3265 1105 3322 faenus
1130 3267 1489 3335 accipiebant,
1516 3268 1600 3320 illa
1623 3269 1923 3324 conditione
1946 3277 2004 3324 ut
2028 3270 2246 3342 singulis
2266 3287 2414 3328 men-

851 3358 1002 3413 sibus
1047 3359 1390 3414 centesimam
1433 3368 1636 3428 partem
1673 3360 1974 3428 solverent,
2006 3362 2076 3416 ita
2104 3373 2163 3417 ut
2201 3375 2411 3421 centum

848 3449 1050 3504 exactis
1079 3449 1350 3506 mensibus
1373 3463 1492 3504 sors
1517 3460 1814 3519 aequaretur
1837 3451 2019 3524 (Tomo
2039 3455 2290 3526 septimo).

847 3538 928 3596 De
967 3543 1188 3611 nuptiis,
1220 3543 1321 3596 sive
1346 3544 1409 3598 de
1436 3544 1610 3598 ritibus
1639 3545 1715 3598 vel
1755 3546 1978 3616 profanis
2014 3547 2090 3601 vel
2127 3547 2314 3602 illicitis
2355 3549 2410 3604 in

1408 3636 1608 3707 nuptias
1626 3637 1846 3691 invectis.

916 3721 1120 3775 Nostra:
1143 3725 1304 3778 (etatis
1329 3726 1551 3781 homines
1569 3728 1621 3781 in
1644 3729 1828 3798 nuptiis
1847 3729 2060 3800 hymnos
2084 3733 2138 3785 in
2172 3731 2406 3786 Venerem

842 3813 1077 3866 saltando
1097 3825 1282 3870 canunt
1308 3827 1355 3871 et
1380 3819 1629 3873 adulteria
1655 3821 1815 3875 multa
1833 3864 1848 3887 ,
1875 3832 1922 3876 et
1954 3825 2246 3893 nuptiarum
2293 3829 2402 3880 vio-

841 3902 1082 3968 lationes,
1105 3914 1152 3958 et
1189 3907 1472 3978 illegitimos
1517 3926 1744 3977 amores,
1773 3913 2069 3985 illicitosque
2113 3918 2272 3971 coitus
2294 3960 2308 3983 ,
2355 3927 2404 3972 et

839 3993 947 4048 alia
998 3995 1218 4066 plurima
1261 3999 1531 4069 impietatis
1582 4011 1629 4056 et
1665 4003 1952 4074 ignominiae
1977 4007 2171 4060 cantica
2199 4009 2218 4067 (
2243 4007 2402 4064 Temo

837 4084 984 4139 tertio
1003 4085 1044 4156 ).

907 4175 965 4231 In
991 4175 1058 4231 iis
1085 4193 1203 4246 qua:
1230 4181 1437 4250 nuptias
1455 4183 1840 4240 contrahebant
1862 4185 2038 4240 fucum
2055 4197 2111 4242 et
2140 4190 2399 4259 pigmenta

834 4268 1100 4338 superﬂua
1153 4271 1254 4326 alia
1305 4272 1688 4331 adhibebantur
1724 4277 1908 4348 (Tomo
1935 4279 2167 4349 decimo).
2194 4281 2398 4352 Sponsa

833 4376 962 4416 vero
985 4375 1016 4416 ε
1043 4363 1169 4418 viris
1198 4365 1359 4422 ebriis
1399 4382 1493 4436 per
1517 4368 1702 4424 urbem
1741 4381 1793 4426 et
1818 4372 1989 4428 forum
2038 4377 2198 4431 etiam
2236 4387 2394 4432 noctu

833 4451 1193 4506 adducebatur
1207 4470 1326 4508 cum
1359 4458 1576 4526 impuris
1593 4461 1807 4516 canticis
1822 4475 1876 4517 et
1889 4466 2196 4535 symphonia
2215 4468 2394 4540 (Tomo

832 4539 1096 4594 undecimo
1124 4539 1166 4612 ).
1213 4543 1519 4602 Meretrices
1566 4550 1723 4603 etiam
1755 4552 2142 4612 advocabantur
2181 4539 2246 4614 ad
2292 4577 2393 4616 nu-

831 4629 1000 4698 ptias;
1058 4632 1287 4703 itemque
1343 4636 1514 4703 tibia,
1560 4641 1798 4708 cymbala
1850 4653 1903 4699 et
1959 4647 2205 4721 chorea:(
2235 4649 2392 4708 Tanto

828 4719 1036 4792 primo).

825 4808 1144 4882 Prtestigite,
1196 4814 1590 4885 incantationes,
1649 4820 1918 4893 ligamina,
1991 4832 2384 4900 superstitiones.

897 4902 981 4958 Ex
1023 4902 1457 4973 frequentissimis
1494 4908 1856 4982 Chrysostomi
1898 4917 2050 4975 dictis
2088 4931 2143 4976 et
2174 4925 2389 4980 monitis

825 4993 1000 5060 palam
1039 5005 1121 5049 est
1149 4999 1324 5052 omnia
1352 5000 1733 5072 praestigiarum
1777 5023 1969 5077 genera
2019 5013 2300 5070 admodum
2330 5017 2384 5074 in

825 5100 922 5138 usu
952 5084 1112 5142 fuisse
1135 5103 1248 5143 arvo
1272 5106 1368 5145 suo
1397 5102 1506 5150 tum
1525 5097 1818 5155 Antiochia:
1858 5111 1971 5156 tum
2018 5104 2386 5163 Constantino-

824 5177 964 5246 poli,
994 5193 1112 5249 quae
1141 5181 1224 5237 his
1250 5185 1425 5240 verbis
1465 5199 1709 5246 recenset
1734 5192 1822 5248 ille
1846 5194 2040 5251 Homil.
2088 5197 2288 5253 decima
2329 5202 2382 5254 in

822 5271 1105 5339 Epistulam
1140 5276 1191 5329 1.
1219 5275 1287 5330 ad
1313 5277 1676 5337 Timotheum:
1702 5283 1818 5337 Alia
1839 5287 1968 5339 enim
1992 5289 2130 5342 mitto
2149 5291 2384 5363 lacrymis

819 5364 1005 5434 digna,
1036 5376 1088 5419 ut
1123 5370 1370 5439 auguria,
1399 5372 1632 5425 vaticinia
1651 5412 1667 5435 ,
1710 5374 2106 5443 observationes,
2144 5397 2377 5450 geneses,

816 5457 1074 5525 symbolo,
1110 5459 1380 5527 ligamina,
1425 5461 1784 5531 divinationes,
1833 5467 2222 5538 incantationes,
2266 5490 2381 5527 ma-

815 5549 951 5616 gicas
983 5558 1114 5602 artes
1141 5547 1318 5615 (Tomo
1345 5553 1651 5624 undecimo).

882 5637 1322 5698 incantationibus
1346 5654 1400 5698 et
1419 5645 1751 5714 ligaminibus
1774 5659 1895 5707 tunc
1922 5655 2067 5709 multi
2096 5659 2375 5714 utebantur

2555 367 2622 421 ad
2666 370 2879 427 morbos
2917 375 3180 431 curandos
3209 378 3228 448 (
3256 377 3411 434 Tomo
3430 381 3592 450 primo
3612 382 3651 451 ).
3674 384 3752 440 De
3798 387 4121 457 quibusdam

2553 469 2709 524 etiam
2737 472 2844 541 agit
2869 473 3274 544 Chrysostomus
3309 477 3487 549 (Tomo
3516 480 3833 552 undecimo),
3858 487 3946 555 qui
3987 503 4114 543 car-

2552 559 2692 612 mina
2717 561 3039 632 etligaturas
3064 568 3384 637 usurpabant
3419 569 3485 624 ad
3513 573 3726 627 tutelam
3747 615 3762 640 ,
3785 576 3983 646 quique
4021 595 4120 633 au-

2551 665 2640 704 rea
2663 652 2947 709 Alexandri
2981 659 3292 713 numismata
3327 662 3485 731 capiti
3515 664 3597 718 vel
3623 665 3845 733 pedibus
3886 669 4118 724 circum-

2549 740 2969 814 ligabant(Tomo
2986 747 3246 820 secundo).
3268 749 3431 806 Erant
3449 752 3606 807 etiam
3628 757 3716 824 qui
3736 756 3804 810 ad
3825 773 4115 826 puerorum

2548 833 2764 888 tutelam
2817 835 3094 906 ligamina,
3137 840 3453 909 crepitacula
3495 851 3550 897 et
3586 846 3814 900 stamina
3859 849 4113 904 coccinea

2547 927 2788 981 manibus
2825 928 3055 997 ipsorum
3075 931 3440 1000 appenderent
3470 933 3650 1006 (Tomo
3676 937 3914 1001 decimo).
3947 941 4113 998 Aliud

2546 1014 2739 1071 ibidem
2767 1016 2929 1072 refert
2974 1023 3362 1090 superstitionis
3398 1038 3598 1094 genus:
3626 1025 3811 1080 Lutum
3840 1031 4074 1086 mulieres
4095 1075 4111 1094 ,

2544 1107 2743 1176 inquit,
2775 1109 2828 1162 in
2855 1111 3028 1164 balneo
3080 1113 3403 1182 accipientes,
3448 1116 3664 1170 nutrices
3707 1135 3902 1189 quoque
3940 1132 3989 1174 et
4017 1138 4110 1176 an-

2542 1200 2673 1255 cillae
2710 1201 2866 1272 digito
2905 1203 3179 1274 tingentes,
3210 1207 3262 1259 in
3296 1207 3439 1276 pueri
3481 1209 3644 1276 fronte
3669 1210 3981 1281 imprimunt.
4039 1215 4110 1269 Et

2541 1288 2587 1342 si
2631 1291 2743 1357 quis
2789 1291 3088 1363 interroget,
3136 1294 3272 1358 Quid
3309 1295 3404 1350 sibi
3444 1298 3547 1352 vult
3590 1298 3786 1366 lutum,
3832 1303 3956 1370 quid
4008 1321 4103 1360 cm-

2541 1381 2701 1437 num?
2725 1381 2921 1435 Malum
2961 1383 3135 1437 avertit
3161 1386 3395 1454 oculum,
3432 1388 3692 1458 inquiunt,
3717 1391 4020 1464 livoremque
4058 1407 4109 1452 et

2540 1470 2798 1524 invidiam.

2609 1559 2742 1615 Alia:
2766 1563 2975 1618 nomina
2998 1562 3275 1620 fluviorum
3294 1566 3555 1637 descripta
3571 1571 3811 1626 manibus
3827 1574 4102 1634 infantium

2504 1687 2511 1692 .
2538 1652 2899 1717 apponebant;
2929 1654 3045 1708 alia:
3076 1655 3308 1711 cinerem
3329 1697 3345 1723 ,
3377 1657 3645 1729 fuliginem
3675 1670 3728 1718 et
3752 1662 3892 1720 sales
3945 1666 4100 1724 adhi-

2538 1738 2737 1796 bebant
2765 1753 2820 1796 ut
2839 1743 3033 1797 malum
3054 1746 3264 1800 oculum
3293 1757 3609 1805 averterent.

2605 1831 2992 1902 Praestigiarum
3018 1850 3213 1904 genera
3233 1838 3409 1892 omnia
3437 1847 3560 1894 tunc
3587 1841 3860 1911 vigebant,
3888 1845 4101 1905 dierum

2533 1922 2924 1981 observationes
2943 1967 2959 1992 ,
2983 1928 3201 1996 auguria
3221 1969 3237 1994 ,
3270 1930 3519 1984 veneﬁcia
3541 1972 3557 1996 ,
3590 1944 3762 1988 sortes
3781 1975 3795 1997 ,
3818 1940 4056 2006 auspicia
4082 1983 4098 2003 .

2531 2014 2726 2078 omina;
2750 2029 2954 2070 necnon
2982 2016 3073 2070 fati
3096 2019 3370 2087 opiniones
3391 2018 3570 2087 (Tomo
3595 2023 3899 2095 undecimo).
3929 2027 4004 2081 De
4029 2031 4096 2082 iis

2531 2117 2657 2158 vero
2684 2107 2771 2174 qui
2819 2107 3085 2163 ominibus
3136 2117 3191 2162 et
3234 2107 3342 2162 fato
3379 2110 3541 2164 dediti
3583 2121 3735 2166 erant
3770 2112 3886 2169 haec
3929 2115 4100 2172 refert

2529 2194 2935 2266 Chrysostomus
2978 2197 3151 2265 (Ibid.
3192 2197 3235 2270 ).
3279 2199 3457 2255 Multis
3498 2203 3768 2258 terroribus
3814 2206 3964 2276 plena
4019 2220 4098 2264 est

2528 2300 2698 2338 eorum
2741 2288 2946 2352 anima;
2965 2297 3020 2341 ut
3069 2297 3190 2360 puta
3207 2304 3227 2344 .'
3255 2290 3336 2344 hic
3363 2300 3451 2344 aut
3487 2292 3573 2345 ille
3600 2293 3791 2362 primus
3839 2297 3962 2351 mihi
4003 2315 4095 2353 oe-

2527 2375 2683 2428 currit
2709 2375 2856 2430 domo
2882 2380 3112 2446 exeunti,
3151 2381 3351 2434 omnino
3382 2383 3665 2453 contingere
3711 2385 3835 2438 mihi
3885 2399 4085 2456 oportet

2525 2469 2660 2522 mala
2709 2470 3108 2525 innumerabilia.
3159 2471 3311 2526 Nunc
3360 2490 3528 2528 servus
3577 2477 3915 2556 exsecrandus
3962 2481 4093 2537 dans

2527 2559 2652 2612 mihi
2677 2558 2869 2614 calceos
2886 2601 2902 2627 ,
2933 2563 3147 2633 primum
3186 2565 3407 2634 porrexit
3434 2575 3625 2635 partem
3651 2569 3941 2624 sinistram:
3967 2590 4090 2644 gra-

2522 2663 2602 2702 ves
2623 2650 2966 2721 significantur
2987 2653 3293 2708 calamitates
3318 2664 3364 2709 et
3382 2657 3712 2711 contumeliae.
3735 2655 3848 2729 Ego
3892 2677 4090 2732 quoque

2520 2741 2688 2796 exiens
2705 2742 2903 2796 sinistro
2927 2745 3084 2812 priori
3127 2747 3340 2814 processi
3367 2746 3490 2816 pede
3515 2762 3534 2800 :
3563 2747 3656 2800 hoc
3692 2764 3884 2819 quoque
3925 2756 4092 2808 estsi-

2517 2847 2672 2899 gnum
2687 2831 3045 2887 calamitatum.
3054 2834 3119 2888 Et
3133 2835 3239 2890 hac
3252 2835 3451 2908 quidem
3471 2835 3606 2890 domi
3620 2847 3735 2891 sunt
3753 2840 3889 2892 mala
3905 2856 3923 2893 :
3940 2845 4084 2912 foras

2517 2932 2683 2976 autem
2725 2940 2918 2995 egresso
2941 2926 3110 2981 dexter
3133 2928 3306 2981 oculus
3343 2930 3466 2982 mihi
3490 2930 3682 2998 inferne
3709 2930 3867 2985 salit:
3889 2933 3985 2986 hoc
4011 2945 4087 2989 est

2515 3011 2753 3066 indicium
2777 3014 3130 3084 lacrgmarum.
3164 3015 3400 3072 Mulieres
3427 3024 3626 3087 quando
3670 3029 3851 3073 sonant
3891 3024 4082 3078 calami

2513 3101 2582 3154 ad
2605 3112 2810 3156 textura:
2832 3113 2965 3158 recta
2992 3105 3126 3175 ligna
3174 3105 3309 3160 allisi
3326 3149 3341 3174 ,
3365 3109 3440 3162 vel
3466 3125 3580 3162 cum
3605 3109 3729 3181 ipsa:
3748 3114 3940 3180 pectine
3971 3115 4080 3169 dis-

2513 3190 2809 3259 criminant,
2839 3193 2933 3246 hoc
2952 3210 3043 3264 pro
3066 3195 3210 3265 signo
3239 3196 3437 3251 habent.
3485 3197 3680 3253 Rursus
3706 3201 3910 3272 quando
3955 3205 4078 3257 sub-

2513 3290 2706 3354 tegmen
2731 3286 2920 3346 pectine
2942 3287 3260 3352 concutiunt,
3283 3297 3329 3341 et
3375 3289 3430 3342 id
3467 3289 3658 3359 faciunt
3704 3292 4078 3362 vehementius;

2511 3373 2690 3428 deinde
2707 3377 2791 3445 qui
2815 3387 2928 3431 sunt
2946 3395 3160 3448 superne
3181 3379 3364 3433 calami
3383 3379 3443 3434 ob
3467 3381 3713 3436 intensum
3740 3383 3895 3438 ictum
3919 3387 4078 3441 edunt

2508 3468 2765 3537 strepitum
2788 3510 2801 3534 ,
2824 3469 2960 3523 allisi
2979 3470 3046 3523 ad
3065 3479 3250 3526 rectum
3276 3481 3486 3526 textum
3513 3473 3701 3544 lignum
3721 3516 3738 3541 ,
3767 3477 3862 3530 hoc
3883 3479 4069 3535 habent

2510 3574 2600 3626 pro
2625 3559 2784 3629 signo.
2811 3558 2876 3612 Et
2902 3561 3006 3614 alia
3039 3561 3422 3615 innumerabilia
3446 3563 3600 3633 digna
3639 3580 3751 3633 qua:
3785 3566 4073 3624 videantur.

2507 3646 2575 3702 Et
2602 3651 2647 3703 si
2675 3649 2846 3703 asinus
2871 3651 3248 3717 exclamauerit,
3276 3663 3324 3707 et
3341 3655 3386 3708 si
3409 3655 3603 3725 gallus,
3631 3664 3678 3710 et
3695 3657 3741 3710 si
3783 3659 3895 3728 quis
3937 3671 4070 3716 ster-

2505 3744 2751 3794 nutaverit
2769 3783 2782 3803 ,
2814 3751 2858 3796 et
2880 3745 3085 3812 quodvis
3105 3745 3276 3811 aliud,
3303 3755 3558 3815 tamquam
3578 3747 3738 3804 decies
3776 3751 3917 3807 mille
3953 3756 4065 3809 vin-

2504 3831 2572 3884 cti
2607 3832 2813 3887 vinculis
2830 3873 2845 3897 ,
2870 3843 3119 3904 tamquam
3145 3837 3229 3906 qui
3253 3838 3596 3907 teneantur,in
3620 3840 3862 3908 tenebris,
3897 3848 4070 3900 omnia

2504 3922 2682 3976 habent
2703 3935 2932 3994 suspecta
2949 3966 2966 3992 ,
2995 3937 3041 3981 et
3063 3937 3179 3980 sunt
3207 3928 3367 3998 magis
3401 3929 3602 3984 serviles
3624 3945 3776 4000 quam
3800 3933 4071 3993 innumera

2503 4015 2772 4084 mancipia.
3689 4075 3697 4082 η

2570 4104 2660 4157 Ait
2707 4119 2832 4160 vero
2885 4104 3290 4177 Chrysosmmus
3334 4107 3746 4178 praestigiatores
3801 4115 4066 4183 quosdam

2501 4208 2598 4250 suo
2624 4204 2858 4266 tempore
2881 4197 3044 4254 fuisse
3071 4198 3161 4269 qui
3185 4199 3332 4268 signa
3358 4198 3693 4271 facerent(T.
3717 4200 4064 4278 duodectmo).

3165 4288 3390 4344 Funera.

2570 4377 2844 4440 Parentes,
2866 4377 3055 4436 fratres
3075 4389 3130 4436 et
3141 4381 3515 4452 consanguinei
3531 4379 3913 4441 decedentibus
3937 4402 4066 4442 ocu.

2497 4469 2577 4524 los
2625 4470 2938 4526 claudebant
2977 4481 3028 4527 et
3070 4487 3132 4527 os
3158 4472 3546 4542 componebant
3586 4472 3767 4545 (Tomo
3789 4478 4063 4551 secundo).

2494 4561 2661 4616 Nemo
2721 4563 2774 4616 in
2842 4562 2972 4618 urbe
3029 4565 3325 4632 sepulcrum
3393 4565 3766 4629 construebat,
3824 4567 4055 4640 ideoque

2492 4653 2856 4710 defunctorum
2881 4670 3102 4724 corpora
3130 4665 3278 4711 extra
3299 4656 3482 4711 urbem
3507 4655 3812 4727 sepelienda
3859 4675 4058 4729 expor-

2490 4745 2754 4805 tabantur.
2782 4747 2870 4815 qui
2898 4761 3012 4801 mos
3049 4746 3296 4816 antiquus
3322 4756 3472 4814 erat,
3500 4745 3597 4802 sed
3640 4761 3785 4818 saepe
3830 4749 4060 4807 violatus

2493 4836 2661 4891 fuerat
2690 4834 2870 4907 (Tomo
2893 4838 3152 4908 septimo).

2560 4927 2778 4982 Pullata:
2801 4943 2895 4982 seu
2924 4929 3084 4997 nigra:
3108 4937 3283 4983 vestes
3305 4928 3356 4982 in
3405 4926 3677 4983 funeribus
3719 4927 4055 4987 adhibeban-

2489 5029 2574 5075 tur
2621 5019 2819 5089 (Tomo
2863 5029 3002 5073 sexto
3028 5017 3079 5090 );
3129 5035 3285 5090 quam
3348 5035 3460 5074 rem
3503 5018 3805 5088 improbare
3840 5021 4053 5079 videtur

2488 5111 2893 5182 Chrysostomus
2912 5111 2930 5180 (
2947 5109 3105 5165 Tomo
3127 5111 3388 5165 undecimo
3404 5110 3441 5180 ).
3459 5109 3584 5164 Cum
3607 5127 3788 5179 corpus
3815 5111 4050 5180 effertur,

2489 5205 2657 5275 inquit
2682 5204 2767 5258 ille
2783 5245 2798 5268 ,
2823 5203 3118 5257 adhibentur
3139 5202 3369 5273 planctus
3385 5244 3400 5268 ,
3424 5203 3641 5274 ejulatus
3659 5203 3856 5269 insani,
3888 5205 4047 5259 stulta

2485 5297 2540 5350 in
2566 5295 2832 5367 sepulturis
2862 5295 3108 5358 admissa,
3133 5296 3266 5349 circa
3293 5303 3611 5348 monumenta
3626 5295 3847 5348 studium
3871 5297 4051 5351 intem-

2485 5389 2723 5459 pestivum
2741 5429 2758 5454 ,
2789 5397 2835 5441 et
2862 5385 3128 5440 ridiculum
3155 5385 3472 5456 prteﬁcarum
3497 5401 3678 5456 agmen
3695 5424 3711 5451 ,
3739 5385 3939 5440 dierum
3964 5388 4049 5441 ob-

2483 5479 2696 5533 servatio
2713 5517 2730 5545 ,
2751 5491 2941 5532 necnon
2965 5478 3216 5548 ingressus
3258 5485 3304 5529 et
3332 5492 3555 5546 egressus
3594 5473 3779 5545 (Tomo
3805 5477 4038 5545 decimo).

2553 5572 2628 5627 De
2650 5571 2975 5642 praeficarum
3018 5566 3473 5638 ch0ris,quarum
3521 5567 3762 5639 quaedam
3815 5572 4047 5638 gentiles

2481 5671 2669 5724 erant.
2713 5659 3008 5730 saepissime
3049 5659 3158 5730 agit
3202 5659 3647 5731 Chrysostomus,
3675 5659 3893 5730 vultque
3931 5661 4048 5715 illas
