3938 6136
207 294 275 348 87
1206 280 1364 347 QUAE
1407 279 1475 333 ΙΝ
1513 277 1662 333 OPP.
1701 274 1946 331 CIIRYS.
1987 269 2523 358 OBSERVANTbﬂ.
3370 276 3438 333 ss

216 412 438 468 omnino
467 426 498 465 a
520 408 801 465 funeribus
847 419 1014 462 arcen
1034 446 1052 470 ,
1097 412 1153 461 et
1196 401 1519 460 moderatius
1553 395 1792 468 lugubria

220 509 407 559 lunera
432 500 668 574 persolvi
686 498 875 571 (Temo
899 494 1230 566 duodecimo).
1250 494 1555 563 Lugeamus,
1578 492 1653 545 ait
1682 488 1789 552 ille,

221 597 306 651 sed
339 612 443 650 non
472 594 709 648 vellentes
750 588 966 659 capillos
983 630 998 653 ,
1025 604 1123 642 non
1149 586 1357 640 brachia
1400 582 1667 645 nudantes,
1694 594 1793 632 non

222 690 501 740 lacerantes
529 685 730 754 faciem,
757 699 860 737 non
880 682 1043 753 pullas
1067 690 1220 734 uestes
1243 676 1526 731 induentes.

291 776 524 845 Quidam
540 775 702 830 etiam
728 783 912 839 erant,
940 772 1102 842 quiin
1132 769 1403 824 funeribus
1430 774 1589 836 caput
1614 766 1794 820 cinere

218 874 657 938 conspergerent.
976 948 981 951 _

606 994 814 1050 Vimm
839 993 1149 1064 publicarum
1174 988 1424 1045 custodia.

294 1132 493 1188 Eadem
510 1128 755 1184 distantia
778 1128 997 1181 locorum
1013 1166 1029 1190 ,
1052 1139 1166 1195 qua
1189 1123 1311 1178 olim
1341 1131 1457 1175 tunc
1489 1127 1595 1175 erat
1614 1157 1629 1183 ,
1659 1132 1794 1171 nunc

220 1229 372 1281 etiam
422 1235 531 1289 est;
559 1222 754 1277 itineris
790 1237 904 1275 vero
953 1218 1170 1274 conditio
1217 1233 1317 1271 non
1349 1214 1523 1271 eadem
1554 1222 1653 1279 est,
1683 1226 1797 1283 qua:

220 1320 338 1372 olim
358 1317 525 1389 fuisse
540 1315 782 1369 creditur.
821 1310 974 1365 Nunc
1001 1312 1133 1363 enim
1160 1306 1499 1362 mansionibus
1543 1304 1796 1374 perpetuis

222 1410 516 1462 distinctum
529 1414 603 1460 est
630 1405 745 1468 iter,
770 1413 819 1456 et
838 1400 1037 1455 urbibus
1057 1417 1116 1453 ac
1132 1400 1263 1453 villis
1289 1396 1625 1469 frequentibus
1644 1410 1796 1447 orna-

221 1512 360 1562 tum,
396 1498 712 1562 viatoresque
742 1493 985 1565 plurimos
1006 1490 1304 1558 offendunt,
1334 1488 1421 1559 qui
1465 1488 1587 1541 illuc
1634 1486 1795 1555 prefi-

215 1592 502 1655 ciscuatur,
552 1586 688 1655 quod
726 1602 827 1639 non
891 1585 1054 1637 minus
1096 1580 1163 1634 ad
1208 1579 1486 1635 securitatis
1551 1578 1795 1631 rationem

219 1685 354 1735 valet
378 1722 395 1747 ,
424 1696 579 1751 quam
633 1677 916 1731 mansiones
934 1716 948 1740 ,
978 1680 1125 1727 urbes
1163 1683 1310 1743 atque
1361 1669 1512 1724 villa.
1542 1668 1795 1722 Praeterea

218 1795 281 1831 ea:
307 1775 572 1846 prosincia
592 1773 848 1826 civitatum
872 1768 1119 1839 principes
1159 1766 1384 1837 deligunt
1423 1764 1584 1829 uires,
1615 1777 1796 1827 corpe-

217 1872 288 1921 ris
320 1866 671 1937 magnitudine
697 1873 743 1916 et
772 1860 947 1915 robore
970 1857 1161 1912 cunctis
1202 1855 1561 1925 praecedentes,
1583 1852 1793 1925 jacule-

217 1976 315 2024 que
341 1971 394 2011 et
420 1956 582 2028 [unda
617 1965 811 2008 tantum
858 1951 1104 2015 ualentes,
1134 1956 1376 2019 quantum
1427 1945 1503 1998 vel
1550 1941 1795 2014 sagittarii

216 2051 451 2121 sagittis,
478 2064 563 2101 ver
590 2045 773 2099 armati
810 2044 927 2112 pilis
955 2057 973 2095 :
1006 2041 1297 2109 statutisque
1336 2036 1576 2100 ducibus,
1618 2034 1795 2104 quibus

217 2144 294 2195 illi
339 2141 715 2207 obtemperent,
761 2135 854 2188 hoc
899 2134 971 2187 eis
1016 2133 1219 2185 unicum
1263 2128 1533 2198 injungunt
1580 2140 1791 2186 munus,

213 2234 481 2301 sciantque
522 2229 713 2282 itineris
764 2226 933 2279 tuendi
961 2240 1135 2278 curam
1163 2222 1540 2289 custodiamque
1591 2218 1795 2288 permit-

217 2336 348 2379 tunt.
379 2324 459 2377 Ad
486 2325 594 2376 ἠως
614 2322 766 2374 aliam
789 2319 933 2389 longe
955 2318 1032 2370 his
1060 2317 1286 2370 omnibus
1314 2313 1677 2383 diligentiorem
1705 2327 1793 2364 cu-

215 2435 329 2470 ram
383 2415 753 2483 magitarunt.
783 2408 1091 2463 Habitacula
1128 2408 1260 2459 enim
1294 2406 1432 2459 mille
1460 2404 1687 2476 passibus
1729 2401 1792 2455 ab

214 2510 434 2563 invicem
464 2504 709 2559 distantia
730 2504 782 2556 in
801 2503 978 2555 itinere
1021 2509 1122 2554 tete
1152 2498 1482 2571 fabricantes,
1528 2504 1795 2550 nocturnes

212 2601 323 2653 illic
350 2609 573 2652 statuere
618 2594 880 2660 custodes,
910 2609 998 2664 per
1021 2591 1228 2645 illorum
1270 2587 1467 2642 labores
1513 2596 1559 2641 et
1596 2587 1793 2657 uigilias

212 2693 495 2747 unanimum
523 2699 700 2744 contra
725 2690 981 2743 latronum
1005 2687 1221 2756 impetus
1244 2684 1500 2738 munimen
1524 2683 1793 2736 viatoribus

210 2784 574 2840 constituentes
595 2779 777 2853 (Temo
796 2778 1004 2850 primo).

840 2934 1184 2990 Hiscellanea.

281 3097 579 3162 Kalendae,
620 3110 713 3151 seu
755 3095 963 3150 initium
1006 3093 1165 3159 anni,
1218 3093 1297 3148 sic
1347 3092 1603 3147 celebrari
1650 3091 1791 3146 sole-

207 3190 341 3247 bant
363 3189 614 3263 (Ibidem)
634 3206 649 3242 :
672 3187 1117 3259 pernoctationes,
1144 3186 1523 3250 cavillationes,
1551 3184 1790 3239 convicia

211 3294 269 3339 et
322 3282 646 3337 saltationes
704 3289 1013 3343 nocturnae,
1060 3276 1230 3331 forum
1278 3277 1653 3341 coronabatur,
1681 3284 1785 3330 etc.

278 3370 610 3428 Antiocheni
664 3379 949 3441 postquam
997 3367 1354 3424 Theodosium
1411 3368 1787 3437 Imperatorem

209 3464 594 3533 placaverant,
620 3462 675 3517 in
704 3462 901 3516 laetitia:
942 3461 1150 3531 signum
1203 3458 1379 3515 forum
1428 3457 1784 3525 corouai'unt,

210 3558 457 3613 lucernas
480 3555 848 3611 accenderunt
879 3594 894 3618 ,
918 3562 972 3608 et
998 3553 1165 3608 lectos
1188 3567 1282 3607 seu
1314 3552 1639 3607 lectisternia
1666 3561 1789 3606 ante

209 3649 451 3706 ofﬁcinas
483 3656 780 3720 posuerunt
816 3646 999 3719 (Temo
1019 3646 1282 3717 secunde).

276 3742 503 3810 Quidam
549 3749 898 3796 externorum
936 3747 1209 3793 oratorum
1257 3753 1322 3792 ex
1366 3736 1592 3805 quadam
1631 3736 1787 3791 stulta

210 3832 594 3887 consuetudine
649 3829 935 3885 dexterum
998 3828 1170 3884 eundo
1229 3828 1508 3884 humerum
1578 3827 1789 3884 assidue

211 3925 450 3979 movebat
474 3921 775 3996 (Ibidem);
808 3921 909 3977 sed
936 3920 1365 3976 consuetudinem
1402 3922 1563 3987 vicit,
1594 3932 1648 3975 et
1673 3922 1788 3991 gla-

210 4014 320 4070 dios
336 4024 524 4071 acutos
550 4015 831 4100 ut‘imque
888 4012 1122 4068 humeris
1167 4013 1451 4083 imposuit,
1477 4023 1533 4067 ut
1558 4014 1789 4069 vulneris

213 4107 392 4164 tim0re
437 4108 749 4164 membrum
795 4108 985 4177 inepte
1031 4121 1089 4161 se
1130 4122 1349 4161 movens
1377 4108 1684 4176 corrigeret.

272 4199 468 4260 Leonas
488 4202 693 4259 ovibul
709 4200 1111 4257 mansuetiores
1130 4215 1223 4270 per
1240 4199 1409 4256 ferum
1437 4200 1783 4269 ducebantur,

1896 406 1953 453 et
1996 397 2144 453 multi
2179 398 2232 453 in
2256 397 2485 453 ofﬁcinis
2506 396 2781 469 pecuniam
2808 411 2991 453 eorum
3020 394 3224 451 custodi
3268 413 3453 452 nume-

1896 488 2104 554 rabant,
2135 490 2222 557 qui
2251 488 2501 544 custodes
2524 489 2745 543 multum
2769 486 2892 543 hinc
2917 487 3256 542 lucrabantur
3276 486 3456 549 (Temo

1895 591 2075 652 quarto
2100 589 2145 633 et
2168 578 2326 633 Temo
2350 576 2526 651 nene).

1966 670 2023 728 In
2049 671 2188 740 agris
2214 670 2423 725 termini
2455 670 2816 739 columnaque
2841 683 2949 723 non
2982 669 3160 725 sinunt
3182 684 3313 725 arva
3333 683 3462 724 con-

1897 764 2042 819 fundi
2072 763 2252 835 (Temo
2276 761 2459 833 sexto).

1964 856 2082 912 Ursi
2107 857 2261 910 etiam
2288 864 2341 910 et
2375 869 2510 909 ursae
2538 854 2606 908 ab
2634 853 2974 908 Antiocheuis
3009 853 3150 909 domi
3178 856 3462 910 servaban-

1898 956 1983 1002 tur
2018 946 2204 1016 (Teme
2229 946 2490 1018 septimo).
2524 944 2582 1000 Si
2620 962 2739 999 ursa
2790 946 2921 998 clam
2963 948 3242 1015 aufugerit,
3287 948 3461 1001 demes

1897 1039 2196 1104 claudimus,
2238 1054 2324 1106 per
2344 1038 2474 1090 uicos
2513 1036 2777 1100 currimus,
2814 1051 2875 1088 ne
2913 1036 2965 1087 in
3006 1052 3115 1089 eam
3162 1037 3462 1094 incidamus.

1966 1130 2144 1187 Studia
2170 1130 2475 1200 quindecim
2500 1138 2622 1183 sunt
2645 1128 2883 1181 milliaria
2913 1126 3214 1198 duo(Teme
3243 1138 3460 1197 octavo).

1969 1224 2235 1292 Pauperes
2259 1222 2471 1292 quidam
2498 1222 2632 1276 ﬁlios
2656 1235 2779 1275 suos
2810 1220 3169 1284 excmcabant,
3190 1230 3246 1274 ut
3268 1222 3463 1292 largio-

1898 1330 2010 1370 rem
2039 1314 2227 1384 stipem
2276 1322 2546 1383 cogerent.
2595 1312 2696 1366 Alii
2736 1328 2855 1365 cum
2888 1311 3017 1365 nihil
3048 1312 3273 1381 petendo
3296 1314 3461 1381 impe-

1898 1414 2140 1473 trarent,
2178 1406 2356 1460 missis
2401 1403 2889 1474 supplicationibus,
2920 1403 3230 1457 detritorum
3259 1405 3466 1459 calceo-

1898 1513 2015 1553 rum
2045 1500 2187 1553 coria
2221 1497 2581 1561 mandehant;
2612 1495 2701 1549 alii
2738 1504 2920 1549 acutos
2954 1494 3131 1548 clavos
3155 1496 3312 1565 capiti
3343 1495 3466 1549 inli-

1898 1591 2123 1662 gebant;
2171 1590 2261 1645 alii
2305 1591 2358 1644 in
2407 1588 2556 1658 aquis
2610 1588 2728 1656 gelu
2784 1586 3046 1642 concretis
3093 1586 3233 1641 nudo
3283 1598 3466 1642 ventre

1901 1683 2337 1746 immorabantur,
2376 1690 2430 1736 et
2459 1681 2559 1736 illis
2584 1678 2902 1749 spectaculis
2927 1679 3181 1748 majorem
3209 1679 3469 1749 cogebant

1898 1778 2086 1846 stipem
2114 1775 2302 1838 (Temo
2335 1774 2580 1843 decimo).

1967 1842 2103 1935 Quid
2136 1866 2346 1936 gravius
2374 1874 2427 1918 et
2454 1842 2719 1919 difﬁcilius
2748 1878 2906 1933 quam
2946 1862 2998 1918 in
3024 1842 3240 1918 ensibus
3274 1864 3465 1934 sphera

1899 1961 2079 2017 ludere
2105 1959 2293 2031 (Temo
2320 1958 2667 2027 duodecimo)-

1969 2054 2237 2119 Meretrix,
2256 2061 2436 2107 πέταλα
2462 2058 2669 2121 papam,
2694 2048 2748 2104 id
2771 2057 2853 2104 est
2871 2063 2987 2117 quae
3009 2047 3217 2101 laminis
3240 2056 3293 2102 et
3313 2063 3459 2102 amu-

1901 2146 2022 2200 letis
2050 2146 2280 2199 virorum
2309 2144 2530 2197 salutem
2552 2138 2891 2211 prosequitur
2917 2136 3096 2207 (Temo
3118 2138 3303 2208 tertio).

1967 2236 2112 2291 Libri
2151 2237 2325 2289 aureis
2365 2233 2532 2288 literis
2575 2240 2935 2287 memorantur
2971 2245 3002 2283 a
3040 2229 3420 2300 Chrysostomo
3447 2271 3462 2293 ,

1896 2328 2081 2401 quales
2116 2328 2263 2382 multi
2295 2335 2445 2381 erant
2492 2324 2633 2379 illius
2673 2338 2816 2386 :evo,
2862 2331 2918 2375 ut
2946 2321 3073 2377 dicit
3114 2322 3467 2393 Hieronymus

1898 2423 1917 2495 (
1939 2422 2098 2479 Temo
2116 2423 2333 2491 octavo).

1968 2516 2033 2571 In
2068 2516 2308 2589 pugillari
2353 2512 2531 2574 delete,
2555 2510 2607 2564 in
2634 2509 2977 2580 palimpsesto
3003 2505 3185 2575 (Temo
3205 2503 3465 2577 septimo).

1898 2610 1973 2666 De
1994 2609 2337 2681 palimpsesto
2366 2614 2485 2676 post
2516 2604 2827 2660 Ciceronem
2879 2601 3038 2655 locuti
3064 2615 3249 2654 sumus
3274 2599 3328 2653 in
3367 2599 3466 2654 Pa-

1896 2702 2214 2775 laeographia
2243 2700 2447 2756 Graeca.

1968 2795 2405 2866 Philosophorum
2422 2805 2593 2856 coma,
2612 2789 2850 2847 baculus.
2867 2785 3038 2840 abolla
3061 2784 3240 2853 (Temo
3258 2782 3464 2851 primo).

1894 2889 2198 2959 PhiIOSOplti
2231 2884 2485 2957 profunda
2516 2881 2752 2936 instructi
2786 2877 2969 2940 barba,
2992 2876 3147 2943 pallia
3177 2881 3463 2944 gestantes,

1895 2996 1948 3041 et
1994 2985 2229 3048 baculus,
2259 2979 2441 3051 cynica
2470 2973 2670 3045 piacula
2701 2969 2881 3043 (Temo
2904 2965 3166 3034 secunde).

1966 3081 2198 3134 Duorum
2234 3068 2669 3143 phil050phorum
2709 3062 2902 3132 scripta
2928 3066 3113 3113 contra
3137 3054 3465 3109 Christianos

1894 3183 2132 3240 tempore
2155 3160 2513 3238 Chrysostomi
2541 3158 2720 3228 (Temo
2745 3148 2960 3221 octavo).

1968 3266 2142 3319 Persae
2179 3274 2298 3315 cum
2350 3252 2606 3310 matribus
2635 3247 2745 3301 suis
2772 3244 3083 3303 miscentur,
3133 3249 3304 3306 neque
3328 3249 3465 3287 unus

1892 3366 1985 3413 aut
2010 3358 2134 3418 duo,
2166 3352 2261 3407 sed
2290 3363 2419 3421 gens
2445 3345 2690 3400 universa
2718 3337 2898 3409 (Temo
2922 3333 3159 3398 decimo).

1964 3454 2157 3509 Persas
2186 3445 2274 3517 qui
2297 3418 2497 3497 matres
2515 3450 2641 3493 suas
2669 3444 2859 3488 uxores
2884 3442 2991 3481 non
3021 3425 3215 3478 ducunt
3238 3418 3467 3474 admira-

1890 3562 2011 3603 mur
2041 3543 2219 3617 (Temo
2246 3537 2451 3610 primo).

1965 3597 2113 3707 apud
2143 3597 2329 3688 Persas
2349 3597 2483 3697 ignis
2503 3624 2641 3678 Deus
2669 3631 2789 3671 esse
2805 3621 3016 3684 putatur
3033 3606 3213 3680 (Temo
3228 3597 3466 3666 secundo)

1894 3741 2077 3791 contra
2102 3741 2195 3781 eos
2219 3723 2305 3792 qui
2338 3724 2512 3790 ignem
2539 3715 2780 3768 adorant.

1965 3825 2075 3879 Rex
2101 3790 2377 3876 Persarum
2395 3811 2607 3868 barbam
2625 3806 2783 3861 habet
2806 3813 3042 3860 auream,
3073 3794 3136 3848 iis
3163 3792 3249 3863 qui
3279 3790 3465 3845 harum

1894 3935 2072 3979 rerum
2102 3923 2224 3971 sunt
2249 3909 2400 3980 periti
2436 3903 2597 3961 veluti
2622 3900 2720 3955 sub
2758 3894 2987 3964 tegmine
3016 3890 3155 3943 illius
3181 3885 3303 3955 pilis
3327 3882 3465 3937 intra

1893 4014 2006 4069 auri
2033 4009 2253 4065 laminas
2279 3996 2661 4058 involveutibus
2687 3989 2865 4061 (Temo
2890 3979 3193 4049 undecimo).

1967 4065 2297 4160 llamaxohii,
2328 4089 2539 4164 Scytha:
2583 4094 2637 4139 et
2660 4078 2924 4138 Nomades
2970 4073 3168 4129 nullum
3198 4065 3471 4121 struebant

1894 4194 2172 4255 aedilicium
2197 4186 2393 4260 (Temo
2414 4175 2686 4251 septimo).
