3938 6136
244 265 315 322 89
1429 258 1516 317 DE
1550 259 1607 316 S.
1652 257 1912 318 JOANNE
1949 259 2337 315 CHRYSOST.

1471 411 3484 436 Μ

1081 657 1184 717 DE
1226 657 1288 718 S.
1332 655 1664 718 JOANNIS
1704 653 2278 717 CHRYSOSTOMI
2315 651 2684 716 SCRIPTIS.

244 900 624 973 scriptoribus
661 897 772 954 illis
795 912 863 952 ea
895 907 1107 953 tantum
1129 897 1382 964 referam,
1424 913 1546 969 quae
1575 897 1813 968 aliquam
1843 896 1947 963 rei,
1995 895 2064 951 de
2092 909 2201 967 qua
2229 903 2485 951 auctores
2527 893 2605 948 illi
2645 900 2833 965 agunt,
2868 893 3117 949 notitiam
3143 895 3340 950 lectori
3369 895 3504 952 dare

246 1027 484 1095 possint.
518 1022 898 1093 Incipiamque
921 1038 951 1077 a
978 1022 1190 1087 Photio,
1219 1023 1312 1094 qui
1338 1037 1480 1093 saepe
1506 1020 1880 1093 Chrysostomi
1901 999 2088 1090 opera,
2116 1027 2174 1074 et
2208 1019 2500 1090 aliquando
2539 1034 2664 1073 eum
2702 1017 2975 1088 exquisito
3001 1019 3230 1091 judicio,
3261 1032 3501 1073 comme—

250 1150 470 1206 morat;
508 1139 623 1194 imo
665 1154 811 1210 saepe
846 1139 1020 1193 multa
1061 1153 1127 1191 ex
1169 1138 1288 1208 ejus
1315 1136 1534 1206 scriptis
1557 1135 1624 1190 ad
1650 1134 1888 1189 litteram
1912 1133 2098 1189 refert.
2125 1133 2439 1204 Deindeque
2461 1132 2654 1188 ordine
2685 1141 2991 1203 temporum
3019 1142 3254 1197 servato,
3276 1146 3504 1191 caeteros

247 1255 554 1323 scriptores
580 1254 818 1310 referam
850 1255 948 1324 qui
980 1254 1352 1326 Chrysostomi
1397 1267 1562 1324 opera
1585 1265 2102 1306 commemoravere.

316 1371 505 1428 Pbotii
539 1388 680 1428 vero
711 1372 833 1428 loca
861 1372 958 1428 hic
985 1374 1075 1428 illo
1095 1373 1284 1430 ordine
1308 1373 1622 1429 referuntur
1654 1387 1764 1441 quo
1797 1385 1829 1425 a
1860 1370 2064 1426 Savilio
2095 1370 2243 1426 edita
2274 1369 2448 1436 fuere,
2479 1379 2611 1425 tom.
2646 1369 2782 1434 Vill,
2807 1385 2862 1440 p.
2894 1369 2998 1424 477
3021 1376 3078 1426 et
3112 1384 3264 1440 seqq.

1449 2047 1608 2136 EX
1703 2043 2163 2140 PHOTIO
2209 2029 2322 2132 (⁸³).

325 2778 450 2850 Legi
501 2773 762 2850 csulibris
812 2770 875 2824 Β.
923 2766 1277 2850 Theodoreti,
1306 2779 1440 2836 quos
1486 2766 1538 2819 in
1590 2772 1828 2850 sanctum

251 2835 515 2906 Joannem
535 2845 982 2912 Chrysostomum
1006 2840 1251 2912 scripsit:
1283 2835 1505 2906 quorum
1532 2852 1627 2890 nos
1654 2835 1832 2912 hacte-

251 2936 353 2975 nus
380 2919 616 2988 quinque
645 2907 812 2968 iibros
842 2910 1091 2975 vidimus,
1115 2907 1259 2963 unde
1285 2917 1530 2976 excerpta
1558 2907 1830 2976 sequentia

252 2989 658 3058 descripsimus.

325 3046 543 3115 Primus
566 3071 630 3109 ex
671 3055 907 3124 quinque
932 3050 1032 3104 illis
1061 3049 1207 3124 libris
1235 3048 1316 3103 vel
1346 3048 1504 3124 alium
1535 3055 1663 3124 ante
1674 3046 1828 3124 illum

253 3135 425 3186 fuisse
464 3117 704 3182 indicare
723 3167 738 3188 ,
771 3117 855 3176 vel
903 3136 1022 3190 pars
1064 3120 1198 3173 illius
1225 3135 1343 3174 esse
1361 3118 1598 3190 videtur.
1643 3117 1830 3190 Narrat

257 3217 418 3260 vero.
448 3197 591 3252 unde
621 3189 912 3248 advocatus
943 3189 1732 3260 Constantinopolim;venerit,
1777 3197 1832 3260 et

255 3258 533 3342 quomodo
557 3267 716 3334 hujus
744 3258 1608 3342 civitatisarchiepiscopus‘l'oerit
1635 3258 1831 3342 consti-

257 3329 410 3395 t'utus
440 3358 453 3393 :
483 3349 538 3390 et
577 3329 844 3406 quomodo
883 3332 1011 3385 nihil
1052 3345 1154 3406 non
1185 3331 1348 3406 egerit
1396 3337 1453 3382 ut
1478 3329 1828 3406 sacerdotium

257 3424 311 3466 et
337 3399 798 3476 archiepisc0pale
843 3417 1032 3476 munus
1069 3400 1133 3476 ad
1179 3403 1407 3468 priscum
1441 3399 1640 3476 cultum
1678 3414 1832 3476 revo-

258 3493 411 3536 caret
437 3495 456 3534 :
477 3468 749 3545 et'quanta
777 3483 962 3545 contra
993 3470 1213 3545 Gainam
1241 3484 1530 3538 generosus
1560 3469 1645 3522 illc
1673 3468 1828 3545 Joan:

260 3568 361 3607 nes
393 3539 604 3619 egerit,
637 3557 743 3599 tmn
795 3553 856 3597 ut
899 3542 1034 3595 illius
1063 3556 1122 3594 os
1147 3541 1446 3600 obturaret,
1479 3549 1586 3619 tum
1614 3548 1670 3590 ut
1693 3539 1832 3619 apud

263 3624 417 3676 illum
437 3609 731 3690 'pnblicam
758 3628 972 3690 causam
1003 3620 1180 3682 ageret
1206 3625 1312 3690 :Iac
1341 3609 1604 3690 quomodo
1623 3625 1724 3690 per
1755 3609 1834 3690 in-

265 3679 477 3745 vidiam'
521 3691 571 3742 in
614 3687 827 3740 exilium
874 3679 1104 3737 Joannes
1151 3681 1334 3750 pulsus
1397 3681 1570 3733 fuerit.
1621 3679 1686 3731 Et
1731 3679 1831 3730 alia

267 3762 513 3832 quaedam
543 3774 572 3811 a
597 3765 779 3832 sancto
822 3755 936 3832 viro
961 3751 1026 3832 ad
1057 3753 1212 3832 finem
1235 3765 1410 3832 usque
1454 3751 1576 3832 vita:
1595 3759 1832 3832 “peracta

266 3819 581 3889 recensens,
610 3826 794 3889 multa,
821 3825 928 3878 imo
957 3823 1196 3891 plurima,
1231 3823 1560 3891 transcurrit.
1594 3819 1833 3891 Sequens

269 3903 407 3956 liber
436 3887 620 3952 laudes
646 3887 898 3965 quasdam
931 3887 1160 3965 breviter
1188 3897 1336 3965 _(nam
1364 3889 1606 3965 brevitati
1627 3887 1832 3965 studet)

270 3971 608 4042 persequitur
632 3958 749 4042 ,isic
777 3964 1051 4042 incipiens
1075 3979 1098 4042 ,ε
1135 3979 1153 4012 ι
1188 3958 1578 4042 Rursusnnobis
1618 3958 1834 4038 Joannis

271 4029 555 4096 inemo-ria.
593 4057 612 4090 ι
650 4037 747 4102 Qui
777 4029 921 4089 hunc
941 4033 1175 4102 sequitur
1198 4031 1356 4085 etiam
1387 4029 1538 4102 liber,
1567 4030 1835 4082 encomio-

272 4129 390 4165 rum
440 4109 654 4164 modum
675 4100 745 4160 'et
792 4100 1217 4174 legemexcedit,
1263 4100 1619 4168 praecedentes
1642 4108 1832 4174 autem

275 4183 440 4237 libros
469 4177 736 4232 antecellit
763 4169 1022 4244 elegantia
1045 4173 1324 4224 verborum
1350 4179 1402 4222 et
1429 4169 1830 4244 sententiarum.

275 4252 367 4306 Sic
409 4259 584 4304 autem
627 4238 875 4301 orditur?
907 4263 927 4296 ι
965 4249 1338 4310 Argumentum
1381 4239 1522 4308 quod
1561 4238 1834 4310 multiplici

278 4338 372 4377 ore
400 4320 620 4388 pracdita
649 4317 767 4388 tuba
784 4329 928 4388 opus
968 4308 1202 4388 haberet,
1233 4325 1373 4388 nunc
1403 4311 1560 4388 video
1582 4310 1632 4362 in
1662 4308 1836 4388 lingua

281 4379 465 4461 puerili
512 4379 948 4461 periclitari_3_et
1000 4382 1214 4461 atiilelze
1241 4381 1410 4461 decus
1443 4381 1596 4460 .mille
1637 4379 1838 4461 artibus

283 4449 628 4527 descriptum,
652 4471 788 4510 nunc
811 4453 1106 4527 infirmatur
1126 4450 1252 4527 mihi
1271 4451 1454 4527 artifici
1475 4449 1797 4527 impositum.-
1811 4465 1832 4499 ι

285 4531 392 4586 Hoc
433 4519 517 4583 est
561 4529 876 4598 promtnium
901 4539 929 4598 _:_
955 4540 973 4574 ‹
1008 4522 1155 4598 Alius
1197 4522 1320 4598 dum
1349 4520 1581 4598 rapitur,
1612 4520 1754 4572 illum
1786 4519 1837 4571 in

287 4601 541 4655 auxilium
563 4590 836 4659 'attrahit;
867 4595 1000 4646 alius
1047 4594 1098 4645 in
1135 4591 1386 4658 judicium
1417 4590 1628 4652 ductos,
1661 4598 1838 4659 patro-

291 4688 408 4724 num
437 4672 704 4730 advocat;
735 4658 866 4718 alius
885 4663 1332 4722 esuriens,cibum
1363 4660 1622 4730 postulat;
1649 4658 1837 4730 nudus,

293 4756 484 4797 vestem
512 4757 526 4803 ;
556 4729 696 4790 alius
712 4736 854 4789 illum
877 4734 1051 4794 exuit;
1074 4732 1206 4783 alius
1230 4729 1838 4803 lugenseonsolalionem

292 4814 453 4882 petit;
481 4798 616 4882 aiins
647 4804 964 4882 in__vincnl_is
1007 4803 1197 4882 clamat
1222 4810 1275 4853 et
1301 4799 1439 4882 solvi
1453 4798 1711 4879 .Postnlat.
1744 4801 1840 4850 At-

295 4872 449 4934 imhit
491 4881 639 4932 illum
678 4877 812 4929 alius
856 4874 920 4926 ad
960 4872 1261 4926 morborum
1302 4872 1660 4929 curationem;
1695 4883 1842 4934 pere-

295 4956 468 5020 grinus
492 4948 778 5020 hospitium
807 4943 1094 5020 efflagitat;
1123 4941 1263 5020 alios
1279 4955 1336 4992 se
1361 4940 1638 5020 sistensde
1667 4938 1844 5020 debito

299 5009 648 5080 iamentatur;
687 5017 820 5068 alius
873 5009 1014 5066 illum
1059 5012 1313 5063 arbitrum
1357 5019 1412 5062 et
1460 5009 1843 5080 pacificatorem

300 5078 704 5145 domesticarum
749 5084 1014 5137 turbarum
1060 5081 1326 5135 accersit:
1359 5094 1530 5146 neque
1572 5078 1637 5129 ad
1687 5079 1845 5130 alium

303 5175 478 5215 servus
505 5157 776 5225 confugit,
802 5169 1031 5225 amaram
1075 5151 1188 5204 heri
1224 5146 1848 5225 _indignat_ionem_deplo-

303 5246 449 5284 rans:
468 5228 629 5282 vidua
655 5216 866 5287 clamat,
892 5221 1165 5282 Miserere;
1189 5222 1287 5275 alia
1310 5216 1375 5272 de
1399 5220 1623 5270 orbitate
1652 5216 1849 5287 lamen-

307 5311 453 5353 tatur.
474 5297 770 5351 lnnumerze
792 5286 927 5361 patri
955 5291 1186 5361 quotidie
1210 5290 1452 5361 accidunt
1471 5303 1592 5355 erga
1618 5286 1850 5355 singulos

307 5379 356 5421 et
382 5384 475 5438 pro
498 5368 720 5436 singulis
751 5358 1084 5438 mutationes.
1110 5360 1331 5427 Rapitur
1355 5358 1492 5426 quis,
1524 5366 1576 5410 et
1603 5367 1850 5438 patronus

309 5428 556 5508 est'pater
584 5428 610 5490 ἶ
634 5438 804 5488 fames
843 5431 1134 5508 excruciat,
1163 5439 1218 5508 et
1259 5444 1322 5482 ex
1355 5439 1579 5508 putrono
1608 5428 1852 5508 nutritius

309 5497 522 5562 efficitur
552 5526 566 5562 :
598 5508 897 5559 infirmatur
937 5501 1057 5569 quis
1079 5541 1093 5563 ,
1119 5508 1173 5553 et
1203 5500 1256 5552 in
1303 5497 1565 5551 medicum
1609 5498 1854 5550 nutritius

368 5659 436 5719 fa)
466 5657 590 5706 Edit.
615 5654 831 5704 Bekker.
857 5649 970 5702 00d.
995 5650 1111 5709 273,
1134 5663 1180 5711 p.
1204 5651 1311 5707 507,
1337 5650 1386 5697 b.

1938 2775 2170 2820 mutatur
2197 2783 2210 2813 ε
2240 2766 2291 2818 in
2319 2765 2513 2820 luctum
2541 2767 2659 2835 quis
2697 2767 2913 2832 incidit,
2945 2778 2998 2824 et
3026 2773 3313 2828 nosocomii
3343 2789 3506 2831 cura-

1939 2843 2022 2890 tor
2050 2837 2290 2916 solatium
2331 2836 2484 2889 affert
2504 2854 2526 2916 _:
2556 2839 2713 2916 instat
2757 2838 3021 2916 hospitum
3052 2857 3178 2895 cura
3201 2885 3215 2907 ,
3243 2856 3320 2916 et_
3325 2843 3504 2916 hospi.

1936 2916 2046 2985 tum
2085 2915 2335 2985 exceptor
2383 2917 2463 2985 est
2503 2907 2546 2960 is
2567 2908 2661 2985 qui
2689 2909 2863 2962 omnia
2907 2909 3126 2985 effectus
3151 2923 3252 2966 est.
3284 2914 3345 2968 Et
3376 2907 3500 2985 quid

1935 2977 2123 3030 attinet
2149 2977 2348 3046 singula
2370 2977 2589 3030 dicere?
2613 2989 2735 3046 quot
2767 2982 3018 3046 temporis
3047 2994 3311 3036 momenta
3337 2977 3499 3042 viiam

1935 3048 2049 3115 ejus
2068 3062 2282 3100 emensa
2309 3057 2431 3122 sunt
2458 3047 2626 3117 (utne
2653 3049 2824 3122 solum
2848 3051 2962 3117 ejus
2990 3051 3499 3122 archiepiscopatum

1935 3119 2425 3189 commemorem),
2479 3128 2619 3172 tanta
2665 3120 2972 3174 salutarium
3011 3119 3229 3189 Opermn
3274 3119 3501 3182 varietas

1936 3187 2176 3260 homines
2216 3189 2267 3260 in
2297 3187 2526 3242 decursu
2574 3205 2837 3259 nunquam
2867 3187 3113 3260 reliquit.
3144 3193 3188 3245 Ο
3227 3203 3502 3253 strenuum

1935 3258 2155 3331 militem
2184 3258 2778 3331 etiampostmmorteml
2815 3276 2848 3315 ο
2877 3258 3219 3331 pugnatorem
3262 3274 3380 3331 post
3409 3283 3501 3321 se-

1936 3330 2198 3404 pulturam
2232 3328 2470 3404 hostibus
2499 3328 2980 3404 formidabilemio
3011 3333 3177 3404 lyram
3203 3328 3348 3404 omni
3379 3336 3502 3391 har-

1936 3401 2108 3452 monia
2141 3399 2433 3466 praeditam,
2462 3411 2633 3453 morte
2677 3402 2899 3454 solutam
2926 3402 2939 3455 !
2968 3417 3000 3455 0
3030 3399 3311 3456 iribunalia
3357 3415 3502 3460 tanto

1934 3469 2308 3542 concinnatore
2329 3470 2543 3522 orbata!
2571 3487 2604 3522 o
2629 3472 2908 3542 salutarem
2935 3472 3230 3526 hominibus
3251 3489 3498 3542 sagenam

1935 3540 1987 3592 in
2017 3541 2206 3593 caelum
2234 3551 2435 3608 raptam
2463 3542 2476 3592 !
2507 3555 2540 3593 ο
2565 3540 2808 3593 arborem
2840 3543 2889 3593 in
2919 3543 3111 3594 cualum
3143 3556 3194 3596 et
3225 3545 3274 3596 in
3305 3540 3498 3600 terram

1936 3620 2230 3670 extensam,
2254 3619 2306 3661 et
2334 3609 2453 3661 huic
2482 3624 2695 3675 corpus,
2726 3610 2797 3661 illi
2829 3612 3056 3664 animam
3086 3613 3376 3668 tradentem
3404 3618 3416 3669 !
3448 3618 3499 3670 in

1936 3679 2182 3752 sepulcro
2209 3693 2267 3752 es
2298 3679 2548 3752 Ecclesia:
2591 3679 2894 3732 conclusum
2938 3692 3038 3752 est.
3084 3683 3264 3746 Qualis
3294 3686 3504 3752 pietatis

1936 3763 2000 3802 ex
2047 3747 2344 3800 heminibus
2393 3747 2576 3820 oculus
2617 3758 2802 3820 raptus,
2837 3751 2956 3802 est?
2993 3750 3106 3804 Non
3138 3747 3376 3808 mortuus
3401 3772 3461 3811 cs
3485 3799 3500 3820 ,

1939 3827 2119 3891 sancte
2147 3822 2314 3891 pater,
2347 3817 2437 3891 sed
2469 3818 2628 3891 utsol
2657 3819 2895 3891 occidisti
2923 3837 2935 3872 :
2969 3837 3070 3874 non
3105 3827 3162 3875 ut“
3190 3835 3453 3880 mortuum
3481 3817 3497 3891 ζ

1938 3887 2030 3941 sed
2059 3897 2114 3940 ut
2142 3888 2292 3940 nobis
2316 3887 2680 3940 absconditum
2709 3889 2948 3956 lugemus
2974 3908 2986 3943 ε
3012 3907 3114 3944 non
3146 3902 3201 3946 ut
3231 3887 3498 3950 mortuum

1943 3968 1992 4010 te
2015 3959 2320 4023 quaerimus,
2353 3958 2442 4010 sed
2476 3968 2531 4010 ut
2559 3961 2608 4011 in
2635 3959 2802 4014 cmlos
2829 3961 3160 4018 translatum.
3196 3980 3215 4014 ι
3249 3965 3392 4019 Talia
3424 3966 3503 4020 ef-

1940 4027 2040 4080 fert
2064 4030 2245 4081 tertins
2270 4029 2418 4082 liber.

2011 4096 2166 4171 Liber
2195 4099 2352 4171 etiam
2388 4109 2604 4171 quartus
2639 4099 2998 4171 encomiorum
3029 4099 3249 4156 formam
3277 4105 3502 4171 retinet,

1944 4168 2154 4220 laudum
2205 4169 2406 4220 initimn
2452 4167 2650 4220 docens
2679 4183 2742 4219 ex
2775 4169 2976 4224 honore
3010 4174 3319 4236 parentibus
3349 4167 3498 4230 exhiQ

1944 4238 2115 4290 bendo
2148 4257 2160 4290 :
2191 4239 2241 4309 in
2284 4254 2388 4304 quo
2431 4237 2544 4289 hzec
2590 4238 2876 4309 leguntur:
2916 4259 2932 4288 ‹
2989 4240 3186 4293 Horum
3234 4255 3501 4309 pastorum

1944 4323 2078 4360 unus
2106 4317 2187 4362 est
2211 4307 2456 4365 Joannes,
2480 4307 2777 4360 intellectus
2803 4309 2916 4362 sine
2947 4311 3164 4372 malitia,
3189 4307 3338 4366 mens
3368 4316 3504 4368 mul-

1945 4380 2011 4431 tis
2062 4377 2274 4439 praedita
2323 4377 2521 4447 oculis,
2573 4378 2888 4446 evangelica:
2933 4381 3135 4447 peritiae
3181 4382 3334 4446 liber,
3382 4400 3504 4439 cera

1944 4448 2152 4500 mollior
2193 4448 2257 4499 ad
2297 4446 2555 4522 sedandas
2583 4447 2893 4522 discordias,
2925 4446 2993 4501 ad
3017 4449 3331 4522 charismata
3361 4456 3504 4522 pela-

1944 4533 2061 4587 gus,
2091 4527 2273 4570 contra
2310 4517 2534 4587 hostium
2568 4517 2718 4569 dolos
2749 4517 3022 4585 infractus,
3054 4520 3302 4576 Ecclesia:
3328 4517 3504 4577 ninni-

1947 4585 2178 4658 ξιςιειιιυω
2215 4607 2226 4640 :
2260 4587 2431 4639 nullus
2479 4585 2816 4658 hypocriseos
2861 4604 3079 4657 serpens
3122 4592 3290 4658 ipsum
3336 4595 3506 4648 latuit.

1947 4657 2098 4712 Unde
2120 4657 2198 4709 vis
2229 4657 2316 4710 tibi
2342 4669 2693 4709 monstremus
2721 4657 2979 4712 Joannem
3019 4657 3301 4716 admodum
3336 4664 3505 4716 hono-

1948 4729 2163 4800 rabilem
2187 4728 2208 4778 ?
2231 4742 2293 4800 ex
2323 4726 2716 4800 hospitalitate?
2748 4731 2865 4796 quis
2892 4730 3093 4784 Joanne
3121 4735 3286 4797 magis
3334 4734 3507 4800 hospi-

1949 4798 2110 4869 talis?
2138 4813 2199 4850 ex
2230 4799 2344 4862 ejus
2385 4797 2437 4869 in
2467 4799 2756 4869 patrocinio
2787 4801 2999 4852 ferendo
3029 4802 3315 4853 firmitate?
3347 4797 3508 4869 ecqua

1950 4867 2096 4920 illum
2150 4877 2380 4935 potestas
2411 4865 2660 4919 deﬂexit?
2687 4885 2714 4919 a
2742 4870 2916 4921 studio
2960 4871 3009 4923 in
3056 4871 3342 4922 Ecclesium
3365 4873 3387 4920 ’ἰ
3415 4865 3508 4923 cu-

1946 4940 2156 5005 jnsnam
2200 4946 2282 4989 est
2327 4937 2414 4988 illa
2463 4939 2716 4990 concinna
2765 4940 3052 4990 modulatio
3097 4941 3412 5006 ps:ilmorom
3457 4941 3506 4993 in

1952 5009 2088 5060 hanc
2118 5023 2284 5074 usque
2315 5006 2462 5078 diem
2514 5009 2718 5075 publice
2756 5008 3035 5060 instituta?
3069 5027 3087 5057 ι
3120 5008 3224 5061 Sed
3257 5009 3367 5061 haec
3393 5010 3510 5078 qui-

1951 5079 2070 5132 dem
2103 5081 2151 5129 in
2185 5079 2281 5128 hoc
2313 5077 2466 5128 libro.

2024 5151 2120 5213 Qui
2152 5147 2386 5215 sequitur
2404 5155 2576 5202 autem
2604 5147 2815 5199 easdem
2839 5147 2999 5198 nectit
3029 5146 3238 5199 landum
3265 5162 3510 5212 coronas,

1953 5218 2355 5271 luculentiorem
2402 5232 2527 5270 vero
2571 5219 2948 5270 sententiarum
2989 5218 3093 5268 vim
3139 5219 3394 5271 enuntiat.
3431 5220 3512 5272 νὶ-

1954 5291 2146 5340 dentur
2173 5297 2349 5339 autem
2398 5287 2468 5338 illi
2515 5303 2696 5339 omnes
2728 5287 2958 5352 quinque
2991 5285 3105 5339 libri
3141 5297 3256 5353 post
3287 5289 3512 5346 reditum

1955 5359 2020 5410 ab
2048 5357 2205 5410 exilio
2245 5355 2544 5421 compositi.
2593 5356 2756 5422 llujos
2785 5370 2910 5407 \ero
2939 5355 3056 5408 libri
3088 5371 3206 5424 pars
3249 5369 3369 5411 sunt
3415 5375 3516 5413 cx-

1956 5441 2133 5495 cerpta
2171 5427 2462 5493 sequentia.
2517 5494 2521 5495 7
2817 5450 2826 5459 -

2035 5494 2062 5548 ί
2087 5497 2373 5549 Commoda
2407 5494 2576 5555 nobis,
2604 5504 2772 5562 pater,
2811 5495 2977 5564 lyram
3007 5505 3168 5557 tuam,
3193 5507 3245 5550 et
3276 5508 3422 5552 luum
3453 5499 3515 5552 ad

1966 5577 2014 5620 te
2043 5566 2355 5620 laudamlmn
2380 5565 2610 5618 concede
2639 5568 2914 5632 plectrum.
2939 5567 3044 5620 Etsi
3075 5570 3210 5620 enim
3235 5586 3295 5622 ex
3322 5583 3521 5622 naturae

1966 5639 2081 5702 lege
2114 5652 2297 5688 manus
2327 5636 2511 5689 ευιυιίυ
2545 5647 2702 5698 sunt;
2737 5645 2789 5688 at
2830 5635 2942 5706 lyra
2973 5654 3033 5692 ex
3064 5638 3200 5692 dono
3225 5651 3402 5706 gratia-
3433 5653 3525 5708 per
