3938 6136
231 282 295 335 91
1419 281 1507 338 DE
1538 281 1598 338 S.
1632 280 1893 339 JOANNE
1930 283 2298 342 CHRYSOST.
3420 299 3487 350 εις

232 393 432 464 quantm
462 392 721 447 seductor
752 401 811 449 et
836 392 1201 464 Samaritanus
1246 391 1538 449 vocabatur
1556 435 1572 458 .
1598 403 1808 451 creatu-

234 463 340 518 ram
365 464 549 517 abhis
580 465 854 527 tantisque
880 477 930 519 et
958 474 1062 519 tam
1086 463 1354 519 diuturnis
1383 466 1585 520 morbis
1609 476 1665 521 et
1690 482 1810 521 ma-

233 536 362 588 culis
401 535 718 589 mandavit:
776 536 991 604 quando
1031 535 1210 590 veniet
1260 544 1319 589 ut
1350 534 1513 603 judex
1569 536 1812 593 vivorum

232 619 279 660 et
304 616 670 669 nnirtuorum,
715 606 933 674 quando
975 607 1277 676 angelorum
1310 606 1602 661 innumeris
1640 608 1809 676 stipa.

233 687 312 729 tus
326 676 627 737 ordinibus,
648 676 867 746 quando
888 677 1124 730 omnium
1145 675 1444 730 dominator
1464 686 1515 731 et
1537 675 1807 743 dominus,

233 746 442 814 quando
465 748 648 800 omnia
680 748 906 801 horrore
924 747 1289 818 concutientur
1306 755 1361 801 et
1382 756 1645 813 tremore;
1677 763 1810 818 quo-

231 819 391 871 modo
430 819 658 871 mutatio
682 834 710 868 a
740 818 1079 887 corruptione
1107 817 1159 870 in
1186 817 1671 886 incorruptionem,
1697 817 1807 874 non

232 887 478 942 videatur
504 898 793 942 consecuta
843 903 905 941 ea
951 902 1070 957 quas
1111 887 1218 942 Deo
1255 886 1409 956 digna
1437 887 1605 943 sunt?
1641 906 1661 939 ι

304 975 329 1009 α
359 958 521 1015 Venit
545 959 821 1019 Servatur,
852 958 1252 1025 prtedicentibus
1270 956 1540 1028 prophetis
1565 976 1578 1010 :
1599 973 1665 1013 ne
1686 960 1806 1028 quis

230 1038 401 1111 putet,
429 1029 625 1111 eodem
649 1030 964 1111 modo._qno
990 1029 1166 1111 hoino,
1203 1044 1235 1082 a
1260 1026 1439 1111 primo
1460 1026 1730 1111 proposito
1752 1039 1807 1085 et

232 1100 430 1153 auxilio
459 1100 719 1154 abemus
739 1142 754 1163 .
782 1100 849 1152 ad
877 1098 1162 1153 secundum
1193 1100 1375 1163 venit;
1408 1098 1477 1152 ita
1504 1098 1664 1154 etiam
1696 1100 1806 1155 Deo

233 1181 550 1224 eventurum
579 1184 721 1225 esse.
749 1169 827 1225 Ne
851 1172 968 1239 quis
991 1169 1150 1239 igitur
1174 1168 1226 1223 id
1251 1169 1567 1240 suspicetur.
1596 1170 1684 1224 diu
1708 1186 1806 1224 an-

235 1250 315 1312 tea
343 1242 626 1312 propheta:
650 1240 793 1295 illius
818 1238 1512 1312 adventumiprardixerunt,
1544 1248 1603 1312 ut
1625 1250 1806 1295 osten-

231 1309 459 1377 dereut,'
470 1312 637 1366 Deum
663 1326 768 1365 non
792 1309 1093 1365 meditando
1114 1309 1350 1364 invenire
1376 1310 1425 1363 id
1451 1310 1591 1380 quod
1612 1326 1809 1380 oppor-

233 1390 420 1436 tunum
460 1382 555 1446 sit,
583 1380 679 1435 sed
719 1399 747 1435 a
776 1382 1034 1450 principio
1071 1382 1247 1435 omnia
1289 1380 1617 1449 praevidisse.
1670 1380 1803 1435 Nam

231 1467 331 1506 nos
354 1453 583 1523 quidem
601 1451 843 1505 homines
867 1451 1200 1517 meditantur,
1230 1459 1286 1523 et
1308 1451 1352 1504 si
1374 1466 1402 1505 a
1424 1452 1587 1520 priori
1612 1460 1807 1506 conatu

229 1520 573 1585 aberremus,
604 1523 670 1575 ad
699 1523 858 1576 alium
887 1524 1169 1576 transimus
1198 1539 1214 1576 :
1244 1520 1383 1575 Deus
1405 1536 1533 1575 vero
1559 1537 1663 1576 non
1689 1523 1803 1586 sic;

227 1594 326 1648 sed
356 1594 513 1649 dedit
552 1594 721 1663 legem
740 1634 757 1657 ,
786 1593 1099 1660 prophetas,
1129 1601 1184 1646 et
1210 1600 1392 1663 postea
1418 1591 1762 1663 Evangelium
1787 1608 1803 1656 ;

230 1679 340 1718 non
373 1661 636 1730 temporis
662 1665 888 1717 decursu
916 1664 1040 1732 quid
1070 1663 1138 1717 sit
1166 1661 1294 1717 utile
1323 1662 1536 1717 discens
1558 1661 1589 1728 ,⁷
1616 1664 1708 1717 sed
1738 1664 1807 1718 ab

232 1735 392 1788 initio
416 1735 645 1800 videns,
677 1748 781 1788 non
809 1734 964 1787 aliter
989 1733 1225 1802 potuisse
1250 1743 1546 1787 creaturam
1584 1744 1640 1788 et
1665 1735 1715 1786 in
1741 1749 1805 1788 ea

234 1806 513 1860 hominem
545 1807 690 1870 tieri,
721 1806 802 1858 vel
830 1805 1027 1857 institui
1052 1844 1068 1869 ,
1097 1817 1268 1872 neque
1295 1802 1701 1870 incorruptionis
1725 1802 1808 1857 di-

230 1877 495 1945 gnitatem
526 1877 772 1945 accipere
791 1917 806 1939 ,
839 1875 937 1945 nisi
966 1888 1031 1927 eo
1056 1874 1214 1927 modo
1243 1887 1349 1943 quo
1375 1873 1653 1929 inell'abilis
1680 1888 1805 1945 pro-

234 1944 469 2001 ridentia
501 1957 554 2001 et
586 1946 884 1999 humanitas
908 1944 1249 2015 dispensavit.
1288 1962 1310 1996 ι

301 2018 397 2083 Si,
430 2017 711 2087 inquiunt,
747 2016 884 2068 Deus
913 2015 1151 2087 praevidit
1170 2015 1435 2087 édatuum
1460 2028 1581 2070 esse
1619 2029 1809 2084 pecca-

234 2097 413 2141 turum
439 2130 456 2151 ,
484 2084 650 2157 quare
679 2087 826 2139 illum
857 2085 1144 2157 produxit?
1164 2084 1233 2139 Et
1257 2086 1440 2157 multa:
1456 2095 1580 2140 sunt
1608 2095 1662 2157 et
1686 2087 1805 2157 pul-

233 2154 520 2213 cherrimas
550 2157 708 2227 hujus
731 2157 874 2227 dubii
913 2156 1237 2227 solutiones;
1276 2154 1404 2209 dicit
1429 2155 1604 2227 itaque
1629 2154 1806 2212 divina

235 2230 496 2299 Sapientia
520 2223 766 2298 praeditus
785 2225 1016 2299 Joannes
1030 2223 1439 2299 Chrysostotnus
1462 2242 1473 2277 :
1500 2223 1533 2276 ί
1549 2226 1663 2299 Νριι
1686 2236 1805 2281 tan-

235 2296 346 2353 turn
368 2301 491 2353 dico
515 2296 655 2368 quod
676 2301 774 2352 hoc
786 2297 1127 2366 praesciverit,
1146 2297 1237 2351 sed
1258 2296 1416 2350 etiam
1438 2296 1576 2368 quod
1599 2297 1803 2366 lapsum

236 2372 510 2424 hominem
536 2367 633 2437 per
653 2382 1000 2424 mentiomtam
1021 2375 1481 2438 erecturusesset.
1508 2367 1613 2421 Nec
1633 2369 1807 2438 primo

233 2442 479 2496 scivisset
508 2443 737 2508 lapsum,
768 2439 865 2491 nisi
894 2439 1052 2491 etiam
1080 2437 1433 2508 prmscivisset
1458 2437 1805 2493 resurrectio-

236 2529 380 2567 nem.
412 2506 625 2566 Scieliat
653 2526 774 2565 eum
804 2510 1072 2576 lapsorum
1097 2522 1217 2562 esse
1235 2549 1250 2571 ,
1278 2506 1373 2561 sed
1401 2510 1804 2564 resurrectionis

234 2583 534 2636 remedium
565 2580 897 2649 pneparavit,
928 2588 980 2632 et
1010 2579 1249 2649 permisit
1273 2577 1540 2631 hominem
1568 2578 1633 2633 ad
1663 2595 1807 2632 tuor-

234 2655 299 2706 tis
324 2648 710 2717 experientiam
755 2648 1069 2719 pervenire,
1102 2658 1159 2702 ιιι
1193 2648 1421 2702 disceret
1447 2650 1573 2717 quid
1615 2664 1708 2719 per
1744 2664 1804 2705 se

233 2736 672 2792 consequeretur,
687 2721 811 2791 quid
825 2735 919 2792 per
934 2720 1199 2792 Creatoris
1213 2720 1453 2792 gratiam.
1465 2719 1672 2792 sciebat
1691 2720 1804 2777 fore

237 2805 293 2847 ut
318 2789 488 2847 Adam
516 2789 764 2852 caderet;
795 2790 887 2843 sed
915 2789 1126 2843 videbat
1153 2804 1218 2844 ex
1240 2790 1331 2844 illo
1355 2790 1658 2859 prodituros
1683 2807 1804 2847 esse

236 2865 392 2929 Abel,
422 2864 585 2927 Eiios,
616 2863 817 2923 Enoch,
839 2859 972 2923 Noe,
1000 2860 1184 2926 Eliam,
1213 2862 1514 2930 prophetas,
1540 2861 1804 2917 admiran-

234 2936 331 2987 dos
372 2936 666 3005 apostolos.
716 2930 1323 3005 nobilitatem_natur:e;_
1349 2933 1479 3005 vidit
1512 2942 1800 3005 martyrum

234 3000 445 3069 nnbes',
477 3005 729 3058 divinitus
773 3010 942 3054 motas
965 3040 982 3066 ,
1015 3000 1261 3070 pietatem
1291 3001 1627 3057 distillantes.
1652 3000 1807 3057 ‘Vidit

232 3076 373 3140 inec,
402 3089 453 3128 et
484 3076 573 3128 ubi
601 3083 719 3129 erat
748 3072 1019 3134 honestas,
1053 3072 1141 3124 ubi
1160 3071 1384 3141 jnstitia,
1413 3075 1502 3129 ubi
1529 3089 1661 3142 opus
1694 3074 1803 3129 Deo

233 3147 497 3216 dignum?
522 3163 587 3199 an
616 3147 737 3215 quia
764 3156 901 3196 unus
939 3142 1097 3216 homo
1123 3153 1433 3216 peccaturus
1459 3155 1593 3209 erat,
1623 3160 1690 3216 ex
1724 3146 1804 3198 ni-

235 3212 346 3270 hilo
386 3218 536 3270 illum
576 3212 868 3284 producere
907 3226 1010 3267 non
1050 3212 1270 3279 debuit,
1300 3224 1356 3269 et
1399 3227 1476 3269 tot
1505 3214 1799 3276 hominum,

234 3303 461 3357 quorum
494 3302 561 3341 ne
580 3283 696 3340 uno
720 3284 933 3357 quidem
953 3283 1150 3357 dignus
1171 3295 1284 3339 erat
1311 3287 1556 3348 mundus.
1576 3283 1802 3357 fructum

234 3353 514 3426 amputare
551 3374 614 3411 ac
650 3353 901 3410 radicitus
935 3353 1202 3409 demetere
1224 3365 1428 3410 tantum
1466 3356 1674 3426 generis
1704 3355 1805 3409 ltu-

233 3433 375 3482 mani
404 3443 624 3498 germen
651 3434 704 3480 et
729 3432 1119 3498 ornamentum,
1149 3436 1309 3496 atque
1333 3438 1515 3481 contra
1549 3426 1675 3479 illud
1699 3427 1800 3479 im-

234 3495 446 3554 mittere
477 3498 666 3552 falcem
691 3504 746 3551 et
771 3497 935 3548 iram:
962 3495 1118 3565 idque
1141 3510 1261 3550 cum
1280 3507 1461 3565 postea
1493 3506 1803 3563 peccaturus

233 3580 396 3633 esset,
418 3583 482 3623 ac
503 3568 736 3621 nondum
758 3574 1051 3636 peccasset,
1065 3581 1235 3635 neque
1249 3582 1469 3636 peccare
1488 3568 1797 3636 cogitasset,

234 3642 429 3708 quippe
461 3639 701 3692 nondum
729 3638 1008 3691 existens?
1043 3637 1099 3708 Si
1125 3638 1264 3691 enim
1296 3637 1629 3705 prudentium
1664 3638 1803 3691 viro-

233 3703 349 3764 rum
364 3703 457 3764 est
476 3725 581 3763 non
609 3711 677 3762 ab
701 3723 768 3763 eo
791 3721 974 3777 pinnas
996 3703 1209 3777 exigere
1232 3703 1319 3776 qui
1347 3722 1565 3776 peccare
1589 3708 1800 3777 quidem

235 3782 526 3851 cogitavit,
574 3779 808 3833 nondum
855 3790 1031 3834 tamen
1078 3780 1351 3851 peccavit;
1400 3780 1664 3851 quomodo
1710 3778 1802 3832 Dei

235 3848 352 3906 esSe
383 3852 574 3921 possit,
605 3853 674 3903 al)
704 3865 793 3915 eo,
813 3852 902 3921 qui
929 3862 996 3902 ne
1018 3848 1300 3921 meditatus
1327 3848 1540 3916 quidem
1567 3848 1636 3921 sit
1675 3863 1800 3918 pec-

233 3919 398 3987 care,
442 3935 628 3990 ptenas
666 3919 1004 3990 peccatorum
1043 3919 1296 3989 exigere?
1344 3919 1633 3987 praesertim
1678 3934 1801 3972 cum

235 4003 359 4047 tunc
409 4008 572 4061 grave
609 4002 886 4061 peccatum
939 4000 1122 4043 esset:
1177 3990 1478 4060 (quomodo
1508 3992 1648 4042 enim
1694 4005 1799 4043 non

231 4078 391 4131 grave
418 4065 579 4118 fuerit
607 4064 811 4116 Domini
845 4070 1163 4131 praeceptum
1198 4061 1549 4128 despicere?)
1581 4076 1684 4113 nou
1718 4062 1799 4113 itt-

232 4130 467 4188 curabile
512 4149 638 4187 Vero
686 4130 960 4202 peccatum
1005 4133 1233 4184 futurum
1281 4142 1395 4183 erat
1439 4147 1502 4184 ex
1546 4130 1799 4184 inell'aliili

230 4204 537 4258 Conditoris
563 4205 867 4266 clementia,
897 4203 1122 4272 primttm
1152 4202 1416 4255 hominem
1439 4202 1501 4253 ad
1525 4202 1798 4269 pristinattt

229 4277 541 4345 dignitatem
572 4275 892 4329 reVocatnri.
926 4273 1105 4341 itaque
1130 4275 1171 4325 si
1206 4288 1308 4325 ιιοιι
1337 4273 1581 4345 conditus
1611 4272 1799 4325 luisset

229 4343 433 4414 primus
463 4346 644 4409 homo,
673 4345 793 4411 quia
826 4354 1136 4414 peccaturus
1157 4354 1306 4408 erat;
1340 4343 1460 4397 hinc
1487 4352 1800 4412 sequeretur

234 4413 403 4471 Deum
432 4417 619 4486 punire
643 4430 765 4470 eum
801 4416 890 4486 qui
928 4413 1161 4486 nondum
1191 4425 1456 4483 peccasset
1477 4455 1493 4477 ,
1521 4423 1575 4466 et
1617 4425 1795 4482 poste-

228 4490 369 4543 riore
396 4485 675 4542 vocatione
693 4497 852 4555 atque
881 4485 1302 4557 saluteiprivare,
1325 4494 1380 4539 et
1399 4492 1695 4538 creaturam
1720 4493 1796 4538 tot

227 4561 493 4627 tantisque
521 4559 647 4612 viris
675 4554 860 4611 orbam
885 4554 1187 4627 ostendere.
1226 4573 1245 4627 ι

295 4649 316 4680 ι
354 4624 492 4685 Cinn
521 4629 739 4682 divinus
781 4627 976 4681 Paulus
1004 4625 1145 4680 dicat
1167 4665 1183 4689 ,
1226 4624 1603 4695 Primogenitus
1632 4625 1794 4679 cumis

226 4711 471 4754 creaturi:
493 4698 628 4771 (Col.
648 4697 689 4762 Ι,
722 4701 835 4765 l5),
864 4696 1153 4771 haeretici,»
1182 4697 1368 4771 inquit,
1403 4715 1422 4748 ι
1455 4713 1559 4750 non
1590 4695 1793 4771 intelli-

223 4782 407 4839 gentes
426 4765 621 4840 de'qua
642 4781 882 4823 creatura
905 4768 1166 4840 loquatur,
1191 4767 1256 4821 ad
1278 4778 1571 4821 creaturam
1598 4765 1789 4821 Filium

225 4839 551 4913 insipientes
576 4841 901 4913 deprimunt.
945 4839 1145 4906 Duplex
1174 4849 1350 4913 autem
1387 4849 1470 4892 est
1504 4848 1785 4913 creatura:

223 4907 566 4983 una'quidem
594 4907 749 4983 faeta,
772 4911 936 4983 altera
958 4918 1235 4983 renovata.
1264 4907 1404 4962 ldctn
1431 4910 1572 4964 enim
1596 4909 1790 4983 i’at‘ilus

221 4978 405 5037 iterum
423 4986 623 5038 clamat
644 5001 656 5036 :
682 4982 740 5037 Si
758 4998 857 5049 qua
871 4982 924 5033 in
945 4980 1165 5043 Christo,
1189 4995 1315 5033 nova
1334 4993 1562 5033 creatura
1587 4979 1647 5046 (II
1668 4978 1785 5033 Cor.

227 5054 279 5113 ι’.
313 5057 443 5124 l7).
484 5053 659 5122 thue
706 5053 905 5124 clarius
952 5050 1200 5124 ostendat
1229 5065 1286 5104 se
1310 5051 1581 5124 Christian
1609 5049 1787 5124 dicere

220 5119 482 5180 ratioratio
503 5119 764 5180 creatura:
797 5121 1228 5194 primogenitum,
1276 5121 1442 5194 addit,
1474 5119 1787 5188 Pritttogeni-

218 5206 286 5250 tus
313 5214 379 5251 ea:
405 5196 620 5249 mortuis
644 5194 863 5266 (Coloss.
896 5193 936 5255 Ι,
968 5191 1083 5262 I8),
1119 5201 1177 5245 ut
1209 5192 1259 5244 iu
1292 5193 1555 5266 omnibus
1590 5194 1786 5266 primas

220 5279 403 5323 teneat.
436 5260 662 5321 Primus
691 5275 775 5319 est
813 5260 1187 5317 renovaturum
1207 5302 1221 5326 ,
1241 5277 1437 5342 eorum
1470 5260 1557 5341 qui
1598 5260 1663 5313 ad
1698 5261 1777 5342 iu_-

215 5341 606 5407 corruptionem
639 5345 919 5398 vocantur,
951 5348 1134 5407 eorum
1166 5333 1270 5407 qui
1290 5346 1322 5407 a_
1351 5334 1575 5385 mortuis
1616 5333 1784 5386 susci-

217 5403 384 5463 tantur
417 5427 431 5460 :
474 5410 679 5479 primus
704 5446 721 5470 ,
759 5420 866 5479 non
909 5405 1220 5479 secundum
1243 5403 1491 5456 deitatem
1515 5442 1530 5464 ,
1574 5416 1777 5471 apage:

214 5474 684 5533 contumeliarum
708 5488 792 5530 est
819 5477 930 5528 Deo
948 5476 1122 5528 vocari
1143 5474 1369 5542 primum
1398 5482 1778 5536 creaturarum,

214 5566 288 5615 qui
310 5550 558 5604 inen'ahiti
583 5550 819 5609 ratione,
842 5554 897 5601 et
928 5543 1445 5613 iucomprehensihili
1469 5545 1778 5597 excellentia

213 5634 358 5688 super
375 5637 566 5675 attines
587 5627 871 5675 creaturas
896 5615 1131 5688 ascendit
1152 5618 1435 5683 sedetque;
1459 5617 1549 5668 sed
1581 5616 1780 5688 primus

215 5685 281 5743 est
300 5695 590 5746 scentulum
617 5689 1030 5747 humanitatem,
1054 5685 1296 5753 princeps
1323 5692 1487 5738 tactos
1517 5686 1667 5737 nobis
1695 5701 1779 5739 rc-

213 5765 557 5823 surrectionis.
583 5772 638 5815 ct
666 5756 984 5813 nodationis
1002 5770 1070 5811 ex
1088 5758 1427 5826 corruptione
1442 5756 1491 5810 in
1512 5756 1777 5824 incorrup-

1920 397 2139 474 tionem.
2172 396 2246 474 §i
2288 398 2431 474 enim
2483 395 2844 474 Eliashﬂlium
2890 402 3057 457 Vitium
3097 407 3380 474 excitavit,
3431 423 3485 464 ιοι

1918 469 2135 546 [inmens
2166 469 2332 546 lilium
2363 469 2711 546 Suuamitidis
2732 513 2746 532 .
2777 483 2830 527 et
2861 475 2973 543 ipse
3002 476 3253 532 Servatur
3278 469 3483 546 quatria

1912 540 2143 593 duanutn
2185 539 2441 594 Lazarum
2481 542 2769 606 excitavit;
2803 554 2856 598 at
2883 539 3050 600 nemo
3091 564 3274 602 eorum
3297 539 3369 604 'ad
3404 552 3483 602 in-

1911 609 2304 683 corruptiouetu
2324 620 2378 683 ut
2399 612 2846 683 immortalitatem
2869 616 3125 670 ειείιτιιιις
3146 629 3227 672 est
3249 636 3264 683 ;
3290 620 3478 677 iterum

1911 681 2051 733 enim
2074 696 2218 735 mons
2245 682 2296 735 in
2325 682 2441 735 illos
2461 682 2751 737 dominium
2777 687 3013 740 exercuit
3038 702 3056 741 :
3080 681 3325 744 Christus
3354 707 3478 746 vero

1911 766 2195 819 resurgens
2234 768 2297 806 ex
2328 752 2553 806 mortuis
2576 793 2591 817 ,
2630 769 2734 806 non
2777 755 2911 808 ultra
2949 759 3192 822 moritur,
3227 777 3370 815 mors
3403 764 3476 817 illi

1909 834 2012 873 nou
2031 822 2279 896 _amplius_
2294 823 2629 896 dominatur;
2667 824 2763 896 sed
2795 841 2965 896 neque
3007 829 3110 882 illis
3154 845 3284 896 quos
3313 832 3363 886 in
3391 848 3477 886 se-

1906 890 2081 970 cundo
2102 907 2197 945 suo
2217 892 2442 970 adventu
2468 892 2766 970 sitscitaiiit._
2786 895 2829 948 υ
2851 890 3037 970 malam
3064 910 3116 951 et
3139 890 3473 970 insipientem

1907 969 2140 1016 mentem
2170 964 2431 1018 vestram!
2469 961 2620 1016 Venit
2644 963 2883 1017 Christus
2909 967 2973 1019 ad
3002 984 3119 1033 nos,
3146 961 3291 1026 dedit
3323 973 3475 1028 nobis

1904 1033 2147 1098 Spiritum
2170 1048 2346 1098 snnnt,
2368 1043 2421 1088 et
2444 1034 2731 1102 assumpsit
2755 1049 2947 1104 corpus
2980 1051 3239 1105 nostrmn,
3268 1052 3318 1096 et
3344 1059 3476 1097 ron-

1906 1111 2103 1173 tractus
2134 1105 2421 1172 praecessit,
2449 1115 2501 1159 et
2521 1114 2788 1173 assumpta
2812 1121 2982 1160 massa
3010 1120 3190 1163 nostra
3216 1114 3476 1168 exultavit

1905 1172 2086 1249 illam,_
2101 1182 2154 1226 et
2181 1175 2454 1249 constituit
2474 1173 2526 1227 itt
2552 1172 2773 1249 dextera
2799 1175 2992 1249 Patris,
3017 1187 3071 1232 et
3100 1179 3335 1249 ingratus
3360 1183 3477 1237 aui-

1906 1258 2025 1319 ntus
2073 1243 2383 1298 beneﬁcium
2426 1246 2760 1319 Contumelia
2778 1246 2962 1303 afﬁcit.
2999 1243 3221 1319 Accepit
3250 1268 3280 1307 a
3325 1254 3476 1310 nobis

1906 1311 2233 1392 ﬁgmentum,
2261 1327 2314 1368 et
2329 1317 2611 1392 constituit
2637 1316 2710 1392 ad
2730 1316 3011 1392 dexteram
3030 1311 3199 1375 l’atris
3228 1337 3241 1374 :
3269 1325 3477 1392 act-epi-

1907 1398 2025 1438 tuus
2052 1386 2119 1439 ab
2146 1386 2236 1439 illo
2261 1386 2529 1455 spiritum,
2558 1397 2611 1439 et
2640 1387 2887 1443 iniuriam
2919 1387 3159 1456 facimus,
3189 1392 3240 1447 in
3267 1386 3476 1449 creatu-

1907 1470 2083 1529 rarum
2111 1466 2162 1529 et
2180 1471 2459 1529 servorum
2487 1456 2728 1529 ordinem
2756 1458 2901 1513 illum
2934 1462 3252 1529 redigentes.
3290 1482 3310 1517 ι

1981 1543 2001 1576 ε
2041 1525 2229 1604 l’etitio
2260 1526 2474 1604 quidem
2504 1527 2714 1591 dicitur,
2755 1547 2788 1604 i_
2808 1529 3006 1598 inquit,
3049 1525 3071 1583 ἱ
3106 1533 3317 1602 quando
3358 1536 3478 1604 quis

1910 1595 2072 1672 Deum
2093 1596 2358 1672 quidpiam
2380 1609 2559 1665 rogat;
2595 1600 2829 1666 precatio
2856 1595 3053 1666 autem,
3071 1595 3282 1672 quando
3310 1595 3475 1660 Deum

1906 1665 2423 1741 laudat;gratiarutu
2444 1665 2610 1741 actio,
2640 1684 2761 1723 cum
2784 1674 2901 1739 quis
2931 1687 3028 1741 pro
3053 1665 3284 1741 acceptis
3312 1675 3475 1730 bette-

1908 1736 2041 1813 tieiis
2072 1738 2269 1806 gratias
2301 1738 2409 1807 agit
2443 1738 2546 1813 Deo
2571 1754 2588 1801 ;
2613 1736 2962 1813 supplicatio,
2992 1758 3111 1797 cum
3141 1736 3261 1813 quis
3286 1755 3477 1801 eontra-

1908 1806 2086 1875 iuiqne
2113 1816 2333 1877 agentes
2358 1808 2560 1862 accedit
2585 1810 2649 1862 ad
2681 1806 2866 1877 Deum,
2894 1806 3090 1869 vocans
3120 1806 3264 1869 illum
3292 1815 3357 1870 ad
3390 1817 3473 1871 ul-

1909 1878 2127 1954 tionem.
2161 1897 2181 1930 ι
2218 1898 2237 1931 ι
2265 1879 2575 1946 Supplicare
2598 1896 2722 1934 vero
2742 1898 2849 1936 non
2875 1894 2955 1937 est
2980 1887 3207 1952 precari,
3240 1905 3260 1937 ι
3284 1886 3476 1954 inquit,

1913 1964 1945 2018 ξ
1961 1947 2058 2003 sed
2100 1949 2427 2018 interrogare
2456 1959 2509 2003 et
2537 1966 2848 2017 responsum
2875 1947 3135 2015 accipere.
3171 1947 3310 2010 Dicit
3340 1947 3479 2011 Deus

1908 2016 2044 2097 Elite
2067 2037 2079 2071 ε
2110 2018 2245 2085 Quid
2267 2016 2324 2097 tu
2349 2019 2450 2097 hic,
2483 2019 2600 2073 Elia
2628 2016 2728 2089 (III
2754 2021 2893 2097 Reg;
2910 2023 3051 2097 XIX,
3080 2024 3135 2090 9,
3176 2026 3244 2082 10
3264 2028 3324 2097 )I
3349 2028 3479 2081 lies-

1978 2088 2104 2166 ndet
2131 2089 2384 2166 propheta
2421 2088 2775 2166 interrogatus
2804 2088 2971 2166 z'Zelo
3022 2088 3213 2150 celatus
3240 2088 3354 2152 sum
3385 2115 3478 2166 pro

1957 2159 2127 2237 omitto
2165 2160 2492 2237 omnipotenti
2510 2159 2694 2237 _,_qtit'a
2739 2164 3111 2235 dereliquerunt
3162 2177 3209 2221 te
3249 2169 3344 2237 ﬁlii
3385 2159 3471 2223 ls-

1904 2230 2047 2293 rael,
2080 2240 2185 2309 etc.
2231 2229 2345 2284 Non
2389 2242 2470 2285 est
2509 2233 2594 2286 hic
2631 2229 3022 2309 precatiorpsed
3057 2229 3401 2309 interrogatio
3427 2250 3481 2293 et

1904 2301 2204 2374 responsio,
2229 2310 2301 2374 iet
2337 2318 2401 2374 ex
2435 2312 2657 2372 utroque
2702 2304 2760 2357 fit
2788 2308 3128 2374 colloquium.
3160 2309 3225 2363 Et
3257 2301 3400 2363 unde
3429 2311 3479 2363 id

1907 2371 2199 2437 probatur?
2228 2371 2446 2425 Paulum
2468 2371 2731 2428 dicentem
2761 2376 2884 2429 andi
2911 2394 2923 2430 :
2947 2371 3033 2431 ’Λιι
3059 2379 3257 2434 nescitis
3280 2382 3333 2434 in
3361 2379 3480 2433 Elia

1902 2441 2026 2508 quid
2044 2441 2174 2518 _dicit
2191 2443 2513 2518 _$criptura_?
2537 2447 2958 2518 quemadmodum
2985 2450 3268 2518 interpellat
3295 2453 3480 2505 adver-

1903 2527 2014 2563 sum
2036 2509 2395 2587 IsraeliRom.
2418 2509 2634 2587 X53)?
2684 2516 2843 2585 Igitur
2871 2509 3208 2587 interpellatio
3250 2539 3352 2575 non
3397 2533 3480 2576 est

1904 2582 2180 2661 peccatiog
2202 2583 2304 2637 Sed
2318 2582 2904 2661 _h;ec_t)brysosttitttus.
2924 2582 3145 2658 Oportet
3175 2593 3333 2661 igitur
3355 2594 3480 2646 sub-

1905 2653 2047 2733 tilius
2070 2651 2394 2733 differentias
2432 2651 2694 2733 uictui-unt
2720 2651 3014 2733 hominum
3059 2651 3387 2733 perpe'ndere
3425 2675 3480 2717 et

1903 2722 2273 2802 considerare;
2306 2734 2362 2802 ιιι
2383 2727 2688 2802 non_solun_t
2720 2729 2907 2781 idonea
2949 2722 3196 2802 sint-quie
3223 2734 3361 2802 plebi
3389 2735 3480 2787 di-

1902 2802 2108 2867 cantur,
2152 2796 2245 2867 sed
2287 2795 2446 2848 etiam
2484 2796 2561 2867 iis
2594 2799 2683 2867 qui
2732 2815 2823 2852 cas
2877 2814 3035 2855 voces
3085 2795 3262 2858 volent
3300 2808 3476 2859 acrius

1903 2864 2200 2930 explorare,
2233 2864 2623 2934 insuperabiles'
2642 2878 2697 2922 et
2720 2868 2991 2924 inoll‘ensa:
3012 2883 3339 2928 remaneant.

1907 2974 1988 3029 Ea:
2015 2979 2241 3032 oratione
2264 3019 2278 3042 ,
2311 2978 2460 3046 Quod
2485 2981 2661 3035 veteris
2690 2990 2737 3035 et
2777 2982 2891 3036 novi
2920 2981 3225 3038 Testamenti
3258 3002 3385 3039 unus
3414 2987 3478 3039 sit

1973 3049 2249 3189 legislatoz,
2271 3060 2321 3192 )et
2347 3052 2400 3104 in
2423 3052 2737 3107 sacerdotum
2773 3054 3118 3109 indumentum
3141 3096 3157 3120 ,
3189 3065 3236 3109 et
3262 3057 3325 3110 de
3357 3055 3475 3111 Pat-

1974 3130 2184 3174 mtentta
2235 3138 2264 3173 a
2297 3160 2311 3175 .

1981 3252 1999 3285 ι
2036 3235 2129 3311 Ait
2150 3235 2344 3311 Paulus
2368 3255 2380 3292 :
2409 3236 2533 3291 Non
2561 3239 2693 3293 enim
2722 3240 2955 3311 erubesco
2970 3235 3293 3311 Evangelium
3323 3256 3342 3295 :
3356 3242 3474 3311 jus-

1905 3306 2014 3383 titia
2050 3307 2178 3383 enim
2327 3308 2380 3383 in
2405 3324 2467 3383 eo
2490 3311 2736 3363 reveletur
2762 3310 2937 3383 (Rom.
2968 3310 3009 3376 Ι,
3045 3305 3157 3380 16).
3196 3305 3472 3379 Quomodo

1907 3375 2064 3449 igitur
2097 3376 2296 3449 iustitia
2328 3379 2419 3433 Dei
2458 3381 2509 3433 in
2536 3394 2602 3433 eo
2631 3375 2938 3436 revel'atur?
2978 3375 3300 3448 Quomodo?
3337 3384 3470 3449 Quia

1906 3447 2083 3519 prima
2115 3448 2197 3519 lex
2224 3448 2421 3502 Iudaeis
2452 3450 2620 3503 solum
2650 3452 2768 3505 data
2812 3447 3014 3519 fuerat,
3034 3453 3155 3507 licet
3180 3453 3267 3507 alii
3299 3447 3476 3506 lto—mi-

1904 3532 1999 3591 nes
2041 3518 2277 3584 ejusdem
2305 3530 2487 3573 essent
2514 3521 2833 3576 conditionis
2870 3533 2924 3575 et
2954 3518 3154 3577 natura:
3183 3539 3197 3587 ;
3226 3523 3471 3591 Evange-

1904 3587 2190 3660 iitttnvero
2223 3590 2474 3660 omnibus
2506 3592 2781 3659 aequaliter
2804 3594 3048 3660 gentibus
3080 3608 3093 3645 :
3120 3593 3242 3660 jure
3278 3587 3469 3648 merito

1910 3656 1963 3733 in
1995 3657 2307 3733 illojustitia
2341 3656 2745 3733 lteirevelatur,
2793 3656 2848 3716 et
2876 3673 3095 3716 vocatur
3121 3656 3474 3733 Evangeliuui

1897 3726 2138 3797 justitize.
2169 3729 2221 3782 in
2255 3729 2416 3781 veteri
2445 3730 2601 3796 igitur
2622 3731 2963 3785 Testamento
2991 3749 3094 3787 non
3123 3746 3237 3789 erat
3264 3726 3472 3790 iocatio

1896 3799 2039 3863 justa
2062 3815 2075 3851 :
2103 3812 2207 3850 non
2233 3798 2373 3852 enim
2403 3799 2647 3853 similiter
2671 3817 2858 3856 omnes
2886 3804 3104 3858 vocabat
3127 3817 3180 3861 et
3205 3806 3471 3860 illumina-

1902 3867 2010 3931 bat,
2033 3868 2136 3944 sed
2156 3869 2300 3923 solos
2320 3867 2551 3925 Iudaeos.
2570 3871 2687 3944 ΔΝοιι
2710 3884 2824 3944 erat
2853 3873 3010 3943 igitur
3025 3874 3186 3944 justa,
3213 3877 3307 3931 sed
3327 3892 3474 3931 meo-

1903 3940 2108 4011 nomira
2137 3954 2489 4011 ,praeparans
2532 3941 2670 3995 viam
2713 3940 2967 4011 jusnti'aa?
3010 3940 3125 4000 Non
3167 3947 3289 4001 dico
3332 3946 3471 4001 hanc

1899 4009 2114 4077 justam,
2150 4010 2289 4086 illam
2318 4026 2446 4086 vero
2474 4009 2748 4086 injustam,
2783 4016 2875 4086 sed
2908 4016 3048 4068 illam
3073 4019 3207 4071 viam
3239 4019 3392 4086 hujus
3418 4029 3473 4072 et

1905 4082 2362 4158 prmparationem.
2391 4083 2754 4158 Qpinahantur
2773 4083 3057 4158 Judazisibi
3088 4090 3214 4141 solis
3241 4082 3469 4158 evange-

1903 4151 2026 4202 lium
2056 4151 2235 4204 datum
2262 4152 2345 4226 iri,
2377 4151 2514 4226 sicut
2540 4161 2599 4226 et,
2624 4154 2792 4226 legem
2824 4172 2837 4208 :
2870 4155 2966 4226 sed
2992 4160 3317 4226 exspectatio
3342 4151 3470 4212 con-

1903 4229 1980 4296 tra
2010 4236 2155 4296 spem
2181 4223 2379 4296 evenit.
2402 4222 2525 4296 Ideo
2552 4224 2863 4296 dicitDavid
2895 4245 2906 4278 :
2939 4222 3282 4296 Suscipimus,
3310 4226 3467 4293 Deus,

1900 4291 2294 4365 misericordiam
2323 4294 2537 4365 tuamin
2566 4294 2730 4365 medio
2756 4297 2931 4365 populi
2959 4300 3029 4348 tui
3059 4291 3230 4365 (Paul.
3260 4291 3466 4364 XLVII,

1902 4360 1988 4420 l0.
2020 4359 2107 4431 ll)
2137 4376 2151 4414 :
2184 4362 2375 4415 deinde
2415 4379 2430 4418 :
2459 4359 2957 4419 Secundum'nomen
2984 4359 3123 4419 tuum
3145 4408 3160 4432 ,
3192 4368 3326 4423 Deus
3346 4410 3361 4431 ,
3393 4359 3468 4423 ita

1898 4442 1944 4504 et
1974 4433 2084 4504 laus
2111 4441 2216 4494 tua,
2249 4448 2350 4484 non
2374 4433 2546 4504 solum
2579 4436 2628 4488 in
2659 4435 2834 4489 medio
2867 4438 3037 4504 populi
3070 4438 3164 4502 ttti,
3193 4440 3285 4493 sed
3308 4432 3465 4495 etiain

1896 4502 1948 4553 in
1990 4502 2116 4574 ﬁnes
2160 4512 2326 4574 terrm.
2370 4502 2438 4574 Et
2475 4512 2529 4574 ιιι
2554 4505 2799 4560 ostendat
2823 4502 2961 4574 quod
3006 4507 3243 4563 misereri
3285 4512 3466 4564 lininm

1900 4581 2054 4625 teme
2092 4572 2310 4641 justitim
2348 4573 2439 4640 sit,
2470 4573 2617 4629 addit
2648 4594 2662 4630 :
2703 4572 2913 4631 Justitia
2956 4579 3107 4649 plena
3144 4589 3214 4633 est
3262 4581 3469 4635 dextera

1895 4651 2002 4693 tua.
2038 4660 2057 4692 ι
2140 4650 2151 4663 ⁸

1971 4731 1989 4764 ι
2018 4712 2265 4788 Dominus
2279 4715 2500 4788 regnatgit
2516 4714 2687 4785 (Psal.
2704 4717 2856 4779 XCII.
2878 4720 2953 4787 1),
2978 4721 3164 4788 inquit.
3189 4720 3470 4787 Quomodo

1894 4784 2134 4852 regnavit
2178 4784 2464 4859 Dominus?
2490 4784 2566 4859 an,
2580 4790 2732 4859 quasi
2761 4784 2949 4843 novatn
2981 4784 3253 4858 accipietis
3291 4790 3467 4859 digni-

1895 4862 2062 4928 tatem,
2087 4855 2274 4928 regni?
2295 4856 2348 4909 Si
2370 4858 2512 4910 enim
2538 4858 2780 4923 dixisset,
2812 4860 3065 4913 Dominus
3088 4855 3292 4928 regnat,
3321 4855 3465 4914 :eter-

1895 4941 2013 4996 nam
2050 4925 2257 4978 Domini
2285 4935 2599 4996 potestatem
2627 4929 2981 4993 ostendisset;
3011 4945 3133 4983 cum
3153 4925 3287 4982 dicit
3317 4945 3470 4995 vero,

1894 4994 2159 5065 Regnavit,
2191 4994 2305 5064 ejus
2326 4999 2676 5051 oeconomiam
2706 5014 2799 5068 per
2819 5016 3034 5053 carnem
3065 5000 3346 5068 signiﬁcat,
3374 4994 3469 5068 per

1890 5080 2046 5133 quam
2078 5078 2259 5120 natura
2292 5077 2469 5121 nostra
2497 5068 2624 5136 jttgo
2650 5069 2868 5129 diaboli,
2894 5071 3112 5135 ιιραοςιιὶ,
3139 5071 3343 5133 mortis,
3368 5085 3464 5123 ex-

1891 5150 2070 5196 cusso.
2097 5137 2405 5191 Creatorem
2436 5141 2703 5208 cognovit.
2735 5148 2789 5190 ut
2820 5154 3000 5190 rerum
3036 5140 3227 5207 Ilegent
3251 5180 3266 5202 ,
3304 5139 3465 5208 largi-

1892 5215 2058 5279 torem
2092 5208 2522 5279 incorruptionis,
2556 5211 2979 5262 resurrectionis.
3013 5210 3261 5263 Nuntium
3303 5210 3462 5279 igitur

1890 5277 2068 5329 itetum
2095 5278 2246 5330 all'ert
2276 5277 2434 5330 David
2468 5279 2550 5337 iis,
2583 5279 2669 5345 qui
2702 5293 2729 5329 a
2764 5288 3001 5344 peccato,
3035 5291 3225 5342 morte,
3255 5277 3467 5335 dialto!o

1888 5348 2013 5399 olim
2044 5348 2383 5416 regebantur,
2408 5347 2551 5419 quod
2574 5348 2759 5415 jugnm
2792 5349 2915 5400 iliud
2943 5352 3226 5403 entitritutn
3249 5391 3266 5414 ,
3299 5351 3469 5419 impe-

1888 5419 2023 5470 rium
2070 5419 2332 5470 sublatum
2375 5418 2463 5476 sit.
2494 5427 2544 5470 ct
2582 5422 2834 5470 Dominus
2865 5422 3109 5472 omnibus
3137 5418 3463 5483 dominetur,

1889 5489 2082 5555 utipse
2111 5503 2319 5556 quoque
2366 5496 2484 5552 post
2524 5489 2963 5542 resurrectionem
2995 5491 3170 5544 dixit:
3212 5490 3343 5543 Data
3388 5503 3463 5545 est

1886 5559 2009 5632 mihi
2020 5561 2200 5632 omnis
2223 5566 2441 5632 potestas
2469 5557 2519 5632 in
2544 5559 2664 5610 coelo
2691 5568 2737 5611 et
2759 5559 2963 5632 interra
2987 5562 3200 5632 (Matth.
3228 5562 3460 5627 XXVIII,

1886 5631 1995 5698 18).
2020 5629 2168 5682 Prius
2195 5644 2319 5681 vero
2345 5626 2614 5681 dominata
2646 5639 2726 5682 est
2745 5630 2896 5683 nobis
2919 5626 3059 5685 mors
3082 5643 3133 5685 ct
3162 5626 3459 5703 peceatum;

1947 5764 2016 5825 (tt)
2038 5765 2171 5814 l’ltot.
2199 5764 2371 5821 Bl'hii.,
2399 5779 2443 5825 p.
2472 5763 2576 5822 3320,
2595 5764 2639 5810 Il.
2667 5764 2758 5827 Op.
2786 5764 3004 5828 Chrysos.
3054 5775 3088 5817 t.
3113 5775 3176 5815 ιι.
