4748 6520
877 413 979 470 105

873 528 964 577 dat
990 523 1286 586 artiﬁcium,
1317 521 1409 577 sed
1427 521 1644 575 artiﬁcis
1683 520 1902 588 gloriam
1941 521 2013 575 illi
2045 535 2146 575 non
2176 521 2434 576 attribuit.

873 594 1071 663 impius
1113 609 1235 647 vero
1269 594 1405 663 bene
1431 593 1642 660 quidem
1688 593 1836 655 vidit,
1862 591 1953 646 sed
2000 591 2137 646 male
2181 592 2436 662 adoravit,

870 677 923 718 et
952 662 1159 716 omnem
1187 662 1422 715 ordinem
1453 663 1726 716 subvertit.
1760 679 1778 712 ι
2031 707 2033 709 ,

949 751 967 784 t
1011 733 1161 800 Saepe
1185 732 1450 800 Scriptura
1480 733 1744 784 diabolum
1768 739 1918 783 vocat
1943 731 2223 784 draconem
2251 740 2309 786 et
2327 745 2440 784 ser-

873 812 1082 871 pentem
1127 812 1438 854 tortuosum.
1486 802 1609 855 Ideo
1651 800 1901 855 Set-valor
1949 802 2115 854 dicit:
2150 801 2279 853 Ecce
2325 801 2439 854 dedi

870 874 1005 926 vobis
1031 881 1318 942 potestatem
1355 872 1584 924 calcandt'
1609 887 1762 936 supra
1799 881 2048 942 serpentes
2076 881 2121 942 et
2153 871 2438 942 scorpiones

870 940 1037 1013 (Luc.
1064 940 1129 1005 Χ,
1157 941 1245 1008 19)
1281 962 1294 996 :
1326 951 1378 995 et
1405 941 2000 1013 nereptiliagintelligas,
2028 940 2236 1009 adjecit.
2263 940 2326 993 Et
2347 957 2434 1013 su-

909 1029 964 1063 ra
993 1028 1188 1064 omnem
1215 1013 1444 1064 virtutem
1465 1012 1675 1064 inimici.
1711 1011 1875 1081 Draco
1901 1022 1951 1064 et
1979 1025 2196 1081 serpens
2219 1020 2300 1081 est
2327 1011 2438 1081 dia:

909 1030 964 1063 ra
993 1030 1188 1064 omnem
1215 1030 1444 1064 virtutem
1465 1030 1675 1064 nutum.
1711 1030 1875 1064 uraco
1901 1030 1951 1064 el
1979 1030 2196 1078 serpens
2219 1030 2300 1063 εει
2327 1030 2436 1063 (1ιὲ-

870 1030 1045 1145 iiolus,
1071 1097 1175 1134 non
1205 1092 1261 1134 ut
1285 1083 1495 1134 malitia:
1521 1081 1689 1144 radix,
1719 1091 1774 1133 ut
1818 1079 2087 1133 Manicha'i
2116 1075 2315 1145 dicunt,
2344 1079 2436 1134 sed

871 1163 926 1203 ttt
976 1151 1220 1220 princeps
1262 1151 1583 1214 daemonum,
1631 1159 1684 1204 et
1728 1160 1908 1203 auctor
1946 1151 2120 1220 lapsus
2164 1149 2267 1203 illis
2311 1149 2437 1204 eﬂ'e-

865 1231 1001 1275 ctus.
1035 1240 1056 1274 ι

1079 1310 1163 1366 Ea:
1191 1311 1462 1365 Itartatorio
1487 1327 1708 1364 sermone
1735 1310 1796 1363 de
1822 1307 2120 1363 Ptenitentia
2140 1310 2239 1379 (a).

945 1419 966 1452 ι
1015 1401 1089 1455 De
1116 1416 1180 1454 eo
1210 1402 1294 1470 qtti
1327 1401 1457 1453 dixit
1486 1414 1499 1449 :
1532 1399 1798 1452 Destruam
1829 1403 2006 1452 horrea
2028 1417 2154 1460 mea,
2175 1409 2218 1451 et
2243 1401 2435 1467 majora

870 1471 1058 1540 faciam
1079 1470 1228 1540 (Luc.
1283 1471 1396 1535 XII,
1429 1471 1532 1538 18),
1564 1471 1876 1523 sententiam
1897 1488 1923 1520 a
1945 1471 2219 1523 Deolatam
2247 1471 2297 1522 itt
2325 1486 2438 1523 me-

873 1545 1096 1595 moriam
1127 1552 1460 1604 revocantes,
1481 1543 1680 1608 aperite
1701 1541 1974 1592 thesauros
2001 1550 2220 1600 vestros,
2251 1541 2436 1594 etdate

872 1612 1285 1681 eleenwsynam.
1316 1611 1494 1681 Facite
1525 1611 1671 1663 vobis
1700 1609 1974 1681 thesauros
2001 1609 2360 1681 indeﬁcientes
2383 1610 2433 1663 in

871 1682 1030 1746 cmlo,
1055 1679 1122 1734 ut'
1142 1681 1390 1734 Dominus
1412 1680 1581 1748 jubet,
1605 1681 1691 1748 qui
1721 1679 1892 1732 futiles
1906 1680 2116 1732 divitias
2142 1695 2207 1732 ex
2236 1679 2436 1734 [tenore

871 1762 927 1804 et
949 1752 1192 1818 injustitia
1215 1750 1525 1819 collegislis:
1550 1749 1723 1802 Facite
1743 1749 1879 1803 vobis
1901 1752 2085 1802 amicos
2111 1751 2171 1801 de
2195 1766 2437 1802 mammo-

873 1837 960 1884 na,
991 1831 1045 1873 ut
1073 1823 1322 1874 Dominus
1352 1823 1602 1887 imperat;
1632 1830 1684 1888 tit
1719 1835 1833 1870 cum
1875 1821 2172 1888 defeceritis,
2194 1821 2435 1888 recipiant

869 1906 953 1943 vos
973 1891 1023 1942 in
1051 1901 1234 1944 (eterna
1259 1889 1579 1942 tabernacula
1603 1887 1750 1950 (Luc.
1771 1889 1908 1954 XVI,
1940 1887 2050 1960 9).»

874 1981 957 2033 [ιω
975 1981 1179 2033 ltomilt'a
1201 1982 1250 2032 in
1272 1989 1417 2033 terra
1436 1989 1642 2043 motum,
1674 1989 1719 2032 et
1741 1979 2026 2045 Lazarum,
2051 1989 2095 2032 et
2114 1980 2313 2033 divitem
2339 1979 2433 2052 (ὁ).

947 2089 966 2122 ‹
1001 2071 1113 2126 Νοη
1141 2087 1293 2145 cesso
1323 2074 1521 2137 dicere,
1548 2076 1753 2130 etiamsi
1779 2090 1937 2128 nemo
1977 2074 2171 2128 audiat.
2206 2075 2438 2145 Medicus

868 2157 1008 2214 sum,
1041 2143 1425 2214 medicamenta
1463 2161 1669 2213 appono
1699 2163 1712 2199 :
1745 2156 2035 2214 pra-ceptor
2063 2162 2201 2208 sum,
2223 2143 2438 2199 [imitere

865 2212 1044 2281 jussus
1088 2227 1226 2267 sum.
1276 2212 1548 2267 Neminem
1581 2212 1824 2284 corrigo?
1853 2212 2065 2284 et’qnid
2095 2213 2194 2268 hoc
2224 2216 2342 2267 est?
2370 2218 2438 2268 At

869 2297 975 2355 ego
998 2284 1295 2355 mercedem
1327 2284 1514 2337 habeo.
1545 2284 1740 2338 Verum
1779 2284 1936 2338 etiam
1984 2301 2075 2355 per
2114 2285 2436 2355 hyperbolen

873 2354 979 2405 dixi
1009 2369 1022 2402 :
1067 2356 1177 2405 ﬁeri
1206 2353 1346 2404 enim
1376 2355 1556 2422 nequit
1588 2365 1640 2407 ut
1671 2356 1721 2408 in
1751 2363 1893 2406 tanta
1921 2353 2251 2407 multitudine
2283 2370 2438 2408 nemo

868 2437 926 2474 se
952 2423 1216 2493 emendet.
1269 2423 1460 2484 Audio,
1494 2425 1679 2491 inquit,
1729 2424 1995 2493 quotidie,
2035 2432 2089 2476 et
2132 2439 2235 2476 non
2283 2423 2433 2478 facto.

869 2492 1028 2554 Audi,
1057 2493 1260 2544 etiamsi
1307 2508 1408 2544 non
1441 2494 1598 2546 facias
1625 2515 1637 2547 ;
1662 2510 1724 2547 ex
1746 2492 1931 2546 auditu
1964 2496 2102 2547 enim
2131 2494 2356 2546 efﬁcitur
2385 2504 2439 2548 ut

870 2570 1074 2630 agatur.
1108 2560 1325 2612 Etiamsi
1354 2577 1456 2633 non
1479 2563 1655 2629 facias,
1687 2580 1750 2616 ex
1779 2573 1994 2633 peccato
2022 2564 2220 2632 pudore
2245 2564 2439 2618 afﬁcie-

872 2637 945 2684 ris
967 2633 1204 2693 ;etiantsi
1236 2648 1336 2682 non
1372 2631 1549 2696 facias,
1581 2631 1810 2687 mutatur
1858 2634 1946 2686 tibi
1974 2631 2206 2698 animus;
2233 2634 2436 2687 etiamsi

876 2715 979 2752 non
1009 2699 1189 2763 facias,
1222 2702 1442 2769 teipsuni
1465 2704 1789 2757 condemnas
1810 2705 1948 2772 quod
1975 2720 2077 2758 non
2111 2703 2268 2756 facias
2297 2719 2310 2754 :
2334 2705 2439 2757 sei-

876 2782 1229 2842 psum_autetn
1284 2774 1545 2836 incusare,
1579 2775 1886 2842 principium
1926 2784 2004 2828 est
2034 2773 2436 2829 emendationis.

871 2839 1093 2906 Quando
1116 2841 1336 2905 dixeris,
1365 2842 1458 2895 Hei
1487 2839 1616 2896 milii
1647 2845 1659 2896 l
1689 2839 1862 2898 audivi
1902 2855 1956 2898 et
1985 2860 2090 2898 non
2118 2845 2284 2908 facio;
2312 2843 2439 2898 illud

873 2910 968 2964 llei
994 2911 1145 2977 mihi,
1181 2913 1381 2966 initimn
1413 2927 1492 2967 est
1517 2915 1821 2969 mutationis
1843 2915 1896 2969 in
1923 2917 2129 2970 melius.
2170 2933 2189 2966 ι

1180 3024 1246 3079 1η
1271 3027 1420 3093 illud,
1449 3028 1594 3083 Mitte
1621 3029 1896 3096 Lazarum,
1919 3040 2012 3082 etc.
2047 3031 2142 3101 (ε).

948 3160 967 3193 t
1016 3141 1078 3194 Et
1106 3143 1191 3194 tthi
1221 3158 1358 3194 nunc
1387 3151 1510 3194 sunt
1540 3143 1800 3207 pincei-nae
1830 3144 1903 3196 tui
1927 3183 1942 3205 ,
1973 3150 2192 3210 tapetes,
2227 3141 2438 3211 parasiti

871 3222 923 3264 et
949 3213 1250 3266 adulatores
1272 3211 1421 3282 (an.
1445 3211 1718 3278 XVI,‘24)?
1748 3215 1833 3264 ubi
1865 3217 2027 3265 fastus
2044 3222 2097 3265 et
2119 3213 2442 3282 pliautasite?

874 3282 1019 3336 Folia
1051 3292 1223 3347 erant,
1255 3292 1308 3335 et
1348 3282 1520 3336 hiems
1564 3283 1797 3346 abstulit,
1824 3286 2104 3350 omniaque
2145 3283 2441 3352 perierunt,

873 3353 1136 3406 Somnium
1155 3363 1375 3406 erantet
1401 3363 1547 3406 ortus
1567 3362 1648 3406 est
1673 3353 1802 3415 dies,
1828 3354 2194 3421 somninmqoe
2217 3353 2441 3420 dissipa-

881 3434 986 3476 ttiiti
1012 3434 1108 3476 est.
1130 3421 1235 3476 Cur
1259 3434 1430 3475 autem
1479 3438 1582 3475 non
1606 3423 1734 3486 hoc,
1769 3424 1847 3476 vel
1876 3423 2148 3481 Jacobum.
2181 3423 2271 3476 sed
2303 3425 2442 3475 Isaa-

869 3508 1010 3552 cutn.
1028 3493 1106 3547 vel
1133 3493 1484 3546 Abraliatnttm
1515 3494 1661 3546 dives
1684 3493 1846 3544 vidit?
1875 3494 2084 3558 Quare?
2110 3495 2228 3561 quia
2262 3493 2444 3561 hospi-

877 3565 996 3616 talis
1021 3565 1437 3626 eratAbrabam,
1469 3573 1525 3616 et
1548 3564 1662 3630 ejus
1680 3563 2008 3632 hospitantas
2029 3565 2177 3616 istius
2205 3564 2446 3617 inhuma-

872 3634 1050 3687 uitatis
1072 3636 1238 3701 major
1263 3643 1343 3687 est
1371 3645 1690 3686 accusatio.»

873 3742 959 3797 Ea:
1001 3745 1208 3798 homilia
1245 3746 1494 3815 quadam,
1521 3744 1642 3799 Non
1670 3745 1818 3889 (εἴη)
1867 3746 2122 3816 deﬂendo:
2165 3762 2272 3800 esse
2311 3762 2447 3800 mor-

1541 3827 1652 3870 tuos
1760 3856 1772 3869 .

1541 3827 1652 3870 tuos
1670 3827 1772 3870 (α).

949 3941 967 3974 t
1015 3923 1154 3977 Mors
1185 3926 1376 3980 solutio
1401 3937 1483 3980 est
1507 3928 1940 3983 sollicitudinum.
1970 3927 2080 3982 Nisi
2109 3942 2251 3981 mors
2281 3936 2442 3992 esset,

873 4009 970 4049 nos
1014 3996 1156 4063 ipsos
1185 3997 1596 4062 devoraremus;
1627 4001 1724 4051 nisi
1755 4001 2076 4067 puuitionem
2105 4008 2447 4066 chpectare-

873 4079 1012 4128 mus,
1054 4081 1382 4135 nequaquam
1414 4084 1441 4118 a
1473 4070 1627 4122 malis
1673 4084 2019 4122 cessaremus.
2057 4068 2212 4121 Vides
2242 4068 2447 4120 Domini

877 4137 1300 4205 benignitatem?
1342 4152 1526 4206 poenas
1572 4155 1633 4191 ex
1663 4140 2092 4205 praivartcatione
2117 4147 2447 4203 exstieclatas

873 4208 1059 4261 salutis
1085 4209 1417 4261 occasionem
1445 4208 1634 4261 effecit.
1653 4213 1704 4261 Si
1721 4209 2031 4277 ergojustus
2058 4216 2172 4260 erat
2191 4208 2278 4274 qui
2307 4224 2449 4260 mor-

873 4289 995 4331 tuus
1019 4288 1118 4342 est,
1143 4280 1331 4346 gaude,
1360 4295 1478 4348 quia
1501 4295 1621 4330 cum
1668 4280 1853 4332 ﬁducia
1887 4279 1952 4331 ad
2000 4279 2273 4331 Dominum
2331 4293 2447 4344 pro-

874 4349 1042 4402 fectus
1067 4360 1146 4402 est
1175 4365 1188 4400 :
1213 4351 1256 4401 si
1293 4363 1420 4402 vero
1471 4360 1711 4417 peccator
1750 4358 1884 4411 erat,
1915 4363 1980 4402 ne
2032 4349 2248 4416 lugeas;
2283 4349 2332 4400 id
2363 4349 2448 4400 lu-

873 4429 1052 4472 cratns
1099 4427 1197 4482 est,
1226 4422 1365 4488 quod
1409 4431 1618 4487 peccata
1668 4423 1896 4488 peccatis
1943 4435 2048 4472 non
2091 4418 2286 4471 addere
2329 4434 2450 4486 pos-

874 4489 958 4540 sit.
993 4506 1012 4539 ι

949 4553 1005 4610 lu
1035 4557 1255 4625 cpistola
1296 4559 1358 4611 ad
1385 4560 1660 4630 Cyriacutn
1681 4560 1984 4627 episcopum
2007 4557 2100 4627 (ε),
2129 4574 2284 4626 quam
2309 4557 2452 4630 misit

880 4643 926 4706 in
947 4632 1178 4706 secundo
1202 4631 1409 4706 evsdio,
1434 4629 1712 4706 'Ai'saciuin
1737 4632 2058 4706 perstringit,
2085 4646 2278 4706 vocans
2302 4629 2446 4706 illuni

876 4699 1100 4751 delirum
1127 4709 1181 4752 et
1205 4701 1500 4752 adulterum
1524 4717 1535 4751 :
1563 4701 1840 4770 laudatque
1885 4701 2003 4753 illos
2033 4701 2120 4768 qtii
2151 4701 2265 4768 ejus
2305 4699 2439 4752 00ιὴ-

877 4771 1537 4840 tnunionemaversantur,
1568 4783 1623 4824 ut
1649 4773 1736 4840 qui
1783 4781 1992 4839 propter
2032 4771 2195 4823 Deum
2227 4780 2280 4824 et
2311 4771 2448 4838 inju-

876 4853 1070 4892 stttiatn
1098 4839 1496 4908 :trcltiepisc0po
1540 4856 1637 4895 suo
1668 4842 1863 4894 illatam
1911 4843 1978 4894 ab
2009 4843 2096 4894 illo
2140 4840 2405 4894 declinent
2432 4856 2446 4893 :

878 4924 1178 4978 quanquam
1198 4908 1250 4960 in
1277 4910 1395 4964 aliis
1441 4912 1677 4965 videatur
1701 4913 1892 4965 hortari
1922 4927 1988 4966 ne
2011 4914 2076 4964 ab
2106 4911 2334 4964 Ecclesia
2364 4927 2451 4964 re.

829 4987 1084 5036 "cedant.
1117 4982 1303 5035 i'ostea
1325 4992 1521 5044 autem,
1543 4993 1600 5035 ut
1621 4983 1841 5044 videtur,
1871 4983 2184 5036 sententiam
2210 4986 2447 5044 mutavit,

593 6053 840 6141 ΑΔΔ

879 5055 1126 5121 quoniam
1152 5053 1187 5106 ii
1218 5051 1306 5120 qui
1339 5055 1508 5120 ipsum
1533 5056 1725 5119 injuste
1753 5055 2048 5121 ejetterant,
2095 5064 2316 5120 peractis
2348 5069 2450 5104 non

881 5123 1138 5192 contenti,
1172 5125 1328 5176 etiam
1352 5127 1400 5177 ιιι
1423 5139 1515 5178 eos
1541 5125 1626 5192 qui
1656 5125 1753 5192 ipsi
1772 5126 1961 5178 addicti
1980 5133 2180 5185 essent,
2201 5123 2454 5176 incursio-

881 5191 1312 5316 neflinSidiasque
1335 5191 1606 5264 parabant,
1624 5195 1978 5262 curabatitque
2000 5195 2116 5247 illos
2141 5197 2190 5245 lll
2210 5193 2452 5248 exsnium

881 5277 944 5316 tte
990 5281 1022 5316 Ι.

881 5277 1197 5404 peregnans
1217 5335 1287 5406 (Ῑ)
1303 5335 1666 5408 Chrysostomi
1685 5335 1735 5389 iii
1754 5335 1999 5391 Genesim
2018 5334 2272 5390 llomilias
2295 5348 2452 5388 unam

967 5490 1014 5557 gi
1051 5491 1194 5542 Pbot.
1218 5491 1392 5557 ltekk.,
1421 5509 1468 5557 p.
1485 5494 1594 5545 δέει.

969 5553 995 5597 b
1053 5557 1203 5616 Oper.
1231 5555 1395 5607 (λιι-νδ.
1419 5553 1455 5603 ἰ.
1481 5564 1515 5613 I,
1543 5557 1634 5607 col.
1663 5557 1796 5607 1029.

969 5562 1024 5722 ti
1049 5607 1387 5722 lmpéé'B-ekitq
1415 5632 1462 5680 p.
1480 5619 1588 5667 525.
1614 5620 1762 5681 Oper.
1786 5622 1796 5667 1

967 5607 1024 5736 CJ)
1049 5607 1387 5726 l;2?(;.e'g.t'kk.,
1415 5632 1462 5680 p.
1480 5607 1588 5667 525.
1614 5620 1762 5681 Oper.
1786 5617 1950 5682 Chrys.
1971 5625 2006 5666 t.
2028 5623 2061 5675 ι,
2085 5614 2176 5664 col.
2207 5614 2340 5664 1059.

1202 5691 1266 5726 ιη.

890 5735 1176 5844 (Anagnia
1205 5752 1311 5799 quae
1343 5739 1406 5786 de
1441 5739 1529 5786 hac
1562 5740 1764 5801 epistola
1795 5739 2003 5788 diximus
2027 5739 2076 5787 in
2101 5738 2297 5796 Monito,
2324 5741 2358 5786 t.
2385 5742 2452 5797 Ill,

949 5857 1034 5921 (ι)
1071 5858 1211 5908 Phot.
1236 5859 1358 5908 Bibl.
1379 5847 1744 5916 et!._iiekk.cod.
1775 5861 1990 5917 nam.
2015 5875 2057 5923 ρ.
2094 5859 2196 5921 118,
2218 5860 2265 5910 ιι.

2058 406 2456 463 TESTIMONIA
2496 409 2821 465 VETEBUH

3985 421 4087 477 1οἆ

2543 533 2925 611 et.‘scxagit._ta-,
2953 533 3006 611 in
3054 533 3152 586 tria
3191 533 3498 611 distributas
3535 535 3822 611 volumina,
3865 555 4087 611 quorum

2543 600 2785 681 primum
2815 602 3022 682 viginti,
3038 605 3323 682 secundum
3357 606 3642 682 sexdecim,
3670 600 4091 682 tertidm'ﬁviginti

2541 670 2771 740 quinque
2797 670 3115 750 continebat.
3139 674 3399 750 indicatur
3421 687 3593 750 autem
3623 679 3674 732 in
3700 679 3872 748 primo
3894 670 4088 750 ipsum,

2541 754 2659 821 cum
2688 755 2717 792 a
2747 741 3432 821 principioguadragesimaa
3450 747 3562 821 haec
3578 741 3875 821 concionari
3896 741 4091 821 capis;

2541 819 2640 889 set,
2669 819 2945 889 antequam
2986 812 3070 866 illa
3091 812 3347 889 ﬁniretur,
3369 817 3465 870 hos
3501 818 3680 889 viginti
3721 812 4012 888 sermones,
4038 832 4094 878 et

2541 880 2673 952 alios
2699 888 2805 934 tres
2821 881 2901 934 vel
2927 893 3148 952 quatuor
3175 885 3312 940 inter
3333 880 3604 942 sermonés
3626 888 3679 942 in
3707 891 3976 952 Genesim,
3997 880 4093 947 ite-

2541 949 2788 1028 cessitate
2813 960 2869 1005 ut
2891 951 3097 1028 videtur
3135 955 3214 1028 ita
3230 955 3558 1021 postulante,
3590 960 3783 1028 populo
3807 949 4094 1016 concinna-

2542 1026 2652 1071 tum
2694 1019 2875 1098 fuisse.
2917 1019 3310 1098 Qbservandum
3356 1019 3676 1098 autemest,
3697 1029 3843 1098 quod
3887 1032 4093 1087 etiamsi

2541 1103 2790 1170 sermones
2944 1090 3062 1170 b0c_
3087 1090 3768 1170 volumine__i_nscribaittur_
3793 1098 3811 1170 (
3832 1101 3910 1154 sic
3951 1102 4093 1158 enim

2542 1160 2792 1236 inveni
2821 1160 2883 1236 iis
2909 1177 3026 1231 quae
3049 1163 3148 1234 legi
3174 1165 3214 1234 ),
3245 1167 3462 1220 Itomilite
3485 1175 3658 1221 tamen
3687 1160 3928 1223 videntur
3951 1185 4090 1236 esse,

2543 1235 2649 1281 tum
2676 1230 2798 1306 aliis
2839 1231 2906 1286 de
2930 1230 3138 1306 causis,
3166 1230 3275 1288 tum
3317 1237 3473 1306 etiam
3515 1237 3632 1306 quia
3661 1237 3835 1292 multis
3863 1241 3917 1294 in
3939 1230 4092 1306 locis,

2541 1299 2688 1378 quasi
2723 1312 3006 1367 prtesentes
3034 1303 3215 1378 videns
3236 1299 3619 1378 auditoresfsic
3644 1308 3760 1362 illos
3784 1299 4090 1378 alloquitur,

2541 1374 2827 1443 interrogat
2855 1382 2905 1423 et
2927 1374 3208 1437 respondet
3229 1385 3283 1428 et
3307 1375 3762 1443 pollicitationibus
3787 1374 3966 1434 utitur.
3992 1381 4096 1434 Po-

2544 1447 2676 1490 terat
2702 1439 2934 1507 quidem,
2965 1443 3008 1495 si
3034 1443 3140 1497 alio
3166 1439 3322 1513 quani
3349 1444 3677 1500 homiliarum
3705 1462 3852 1502 more
3875 1451 4094 1504 concin-

2542 1516 2661 1586 nata
2687 1521 2826 1563 esset
2849 1513 3036 1575 oratio,
3078 1513 3264 1568 iisdem
3297 1514 3473 1586 ﬁguris
3509 1523 3562 1570 et
3589 1518 3752 1586 tropis
3793 1533 4093 1575 sermonem

2539 1577 2815 1652 adornare,
2847 1595 2950 1652 non
2982 1591 3154 1637 tamen
3197 1593 3304 1637 tam
3333 1577 3635 1652 frequenter
3672 1577 3733 1641 et
3759 1589 3967 1643 assidue
3994 1589 4096 1646 hoc

2542 1647 2753 1724 facere.
2786 1649 2878 1724 sed
2922 1667 3038 1705 cum
3078 1647 3513 1724 attemperatione
3553 1657 3803 1724 quadam.
3858 1659 4100 1715 Declarit

2541 1732 2667 1786 ergo
2699 1719 2810 1786 ipse
2839 1719 2934 1775 has
2961 1737 3085 1777 vere
3113 1719 3356 1777 homilias
3381 1739 3519 1780 esse.
3562 1719 3752 1780 Habuit
3778 1737 3952 1783 autem
3980 1731 4097 1786 illas

2540 1787 2895 1868 tul-populum,
2914 1799 2971 1868 ut
2989 1807 3052 1868 εξ
3074 1793 3201 1862 ipsis
3224 1794 3452 1868 ltotniliis
3468 1795 3717 1868 discimus
3737 1815 3751 1850 :
3775 1812 3934 1868 saepe,
3961 1816 4095 1867 quo-

2542 1858 3013 1936 tidie;ali_quando,
3036 1858 3356 1932 interpositis
3381 1864 3586 1936 diebus.
3606 1865 3682 1919 Ita
3711 1881 3770 1922 se
3799 1858 3960 1924 habet
3979 1858 4097 1936 'pri-

2540 1943 2683 2004 mum
2706 1930 2971 2004 volumen,
2999 1933 3049 1985 in
3075 1930 3186 2002 quo
3205 1942 3330 1988 sunt
3355 1935 3533 2004 viginti
3559 1936 3805 1990 hotniliae.
3853 1930 4092 1993 Alterum

2540 1999 2784 2052 volumen
2824 1999 3108 2077 sexdecim
3133 1999 3431 2077 sermonesi
3448 2005 3840 2074 complectitur,
3871 2023 4094 2077 quorum

2541 2079 2740 2145 septem
2769 2071 2970 2145 priores
2997 2074 3167 2128 adhuc
3205 2075 3256 2128 in
3286 2071 3678 2145 quadragesima
3705 2071 3910 2132 habitos
3937 2081 4096 2134 luisse

2541 2139 2798 2206 signiﬁcat
2819 2141 2935 2214 ;_ita
2958 2151 3014 2195 ut
3037 2158 3130 2213 per
3152 2139 3317 2197 totam
3343 2139 3790 2214 quadragesimam
3838 2162 4000 2214 usque
4027 2149 4093 2204 ad

2541 2224 2779 2273 magnam
2825 2209 3008 2284 (eriam
3038 2209 3290 2284 fquartam
3315 2209 3494 2284 viginti
3533 2209 3734 2284 septem
3767 2218 3817 2270 in
3847 2209 4096 2273 Genesim

2540 2293 2812 2332 sermones
2835 2280 3100 2338 habuerit.
3129 2284 3335 2354 Reliqui
3363 2280 3490 2339 vero
3515 2280 3700 2340 novem
3727 2288 3939 2341 secundi
3969 2291 4095 2343 torni

2541 2361 2830 2414 sermones,
2859 2360 2912 2403 et
2937 2354 3115 2420 viginti
3141 2354 3370 2420 quinque
3397 2356 3556 2414 tertii.
3576 2373 3678 2410 non
3709 2359 3881 2410 statim
3904 2366 3957 2410 et
3977 2376 4099 2412 cou-

2543 2420 2770 2471 tinenler
2797 2430 2914 2486 post
2941 2423 3133 2490 pascha
3160 2420 3318 2478 habiti
3347 2423 3510 2478 fuere.
3543 2426 3666 2481 Post
3688 2427 3916 2480 habitam
3954 2430 4095 2483 enim

2541 2489 2594 2541 iit
2623 2504 2807 2574 magna
2833 2489 2960 2571 feria
2978 2493 3804 2574 quarta(niajorisnhebdomadaq
3826 2497 4095 2574 homiliam

2540 2574 2660 2625 qua:
2688 2569 2770 2611 est
2797 2562 3044 2634 vigesima
3071 2562 3290 2631 septima
3319 2564 3370 2634 in
3399 2562 3667 2630 Genesim,
3685 2562 3866 2634 postea
3887 2571 4100 2622 concio-

2542 2642 2702 2705 natus
2723 2640 2801 2680 est
2829 2631 2893 2683 de
2927 2641 3104 2705 sancta
3133 2647 3309 2699 cruce,
3352 2632 3472 2687 hinc
3498 2635 3565 2690 de
3591 2631 3884 2705 proditione
3923 2637 4096 2705 Judm,

2540 2714 2602 2752 ac
2623 2699 2868 2767 deinceps
2890 2701 3175 2756 secundum
3194 2713 3529 2759 occurrentes
3558 2699 3672 2760 dies
3701 2705 3859 2760 festos
3881 2717 3936 2762 et
3964 2699 4098 2763 inci;

2541 2769 2714 2844 dentia
2747 2781 3048 2844 argumenta
3072 2772 3299 2844 humilia;
3322 2773 3473 2828 dictae
3499 2774 3726 2830 fuerunt.
3775 2777 3839 2831 Et
3867 2789 3982 2844 post
4003 2780 4102 2834 bo-

2543 2840 2714 2892 milias
2734 2839 2798 2892 de
2827 2843 3232 2916 resurrectione,
3265 2843 3467 2916 ingActa
3495 2845 3796 2916 frequenter
3816 2839 4101 2902 concinna-

2545 2918 2627 2963 tus
2654 2919 2754 2983 est.
2785 2917 2845 2983 ut
2869 2909 2979 2983 ipse
3000 2912 3148 2966 initio
3176 2914 3411 2983 vigesimi
3431 2909 3606 2968 octavi
3645 2917 3696 2969 in
3717 2915 3959 2971 Genesitn
3983 2934 4098 2972 ser-

2543 2981 2714 3032 monis
2757 2981 3043 3054 signiﬁcat;
3069 2981 3589 3051 quem—sermonem,
3621 2995 3679 3038 ut
3705 2987 3872 3054 palam
3899 3000 3999 3052 εει,
4046 2999 4102 3042 et

2543 3062 2846 3122 sequentes,
2874 3051 3030 3122 longo
3056 3063 3175 3122 post
3211 3061 3449 3122 tempore
3478 3055 3676 3109 habuit.
3701 3051 3935 3111 Humilia:
3957 3051 4100 3112 enim

2545 3121 2594 3174 in
2622 3122 2751 3173 Acta
2775 3121 3170 3192 quinquaginta
3201 3121 3418 3178 numero
3439 3133 3595 3178 sunt:
3623 3127 3674 3180 in
3721 3127 3824 3182 illis
3865 3129 4102 3183 dicendis

2544 3204 2738 3264 annum
2766 3190 2876 3264 fere
2904 3190 3162 3262 integrum
3207 3195 3503 3262 insumpsit.
3534 3195 3647 3249 Non
3685 3198 3826 3250 enim
3867 3200 4103 3264 quotidie

2545 3260 2681 3336 illas,
2713 3261 2807 3336 sed
2835 3260 3082 3331 quinque,
3107 3264 3188 3336 vel
3210 3260 3434 3332 septem,
3455 3265 3536 3319 vel
3561 3260 4105 3336 pluribusintcrjectis

2545 3330 2727 3384 dit-bus
2759 3330 2871 3386 illas
2900 3330 3294 3401 prOnuntiavit}
3325 3330 3454 3402 quas
3497 3330 3576 3390 se'
3600 3337 3845 3391 habuisse
3870 3330 4105 3393 declarat

2545 3415 2684 3473 anno
2705 3403 2859 3455 tertio
2887 3404 3362 3473 archiepiscopatus
3382 3406 3482 3458 sui.
3507 3406 3758 3462 llomilias
3775 3422 3898 3461 vero
3921 3411 3968 3460 in
3995 3408 4109 3462 Ge-

2549 3472 2711 3545 nesim
2739 3471 3069 3545 quandonaut
3103 3471 3470 3542 pronuntiarit,
3499 3476 3637 3530 scire
3667 3491 3770 3530 non
3798 3476 4100 3545 possumus.

2547 3543 2803 3614 tlteterum
2831 3558 2895 3594 an
2925 3544 2973 3594 in
2994 3542 3251 3614 ivigesimo
3278 3553 3463 3598 octavo
3487 3561 3732 3614 sermone
3770 3542 3975 3600 illarum
4007 3551 4073 3599 ho
4091 3579 4105 3588 ο

2548 3611 2809 3686 miliarum
2846 3613 3147 3686 meminerit
3183 3629 3311 3680 quas
3346 3618 3497 3668 tertio
3525 3611 3997 3686 archiepiscopatus
4022 3618 4106 3673 sui

2548 3696 2686 3733 :mno
2709 3682 2902 3744 emisit,
2930 3698 2994 3734 an
3030 3682 3248 3735 aliarum
3275 3686 3455 3738 eadem
3506 3686 3574 3742 de
3614 3682 3937 3748 re,hondinn
3969 3691 4108 3741 scire

2548 3753 2713 3817 potui.
2766 3750 2958 3822 Utique
2985 3767 3103 3804 cum
3132 3753 3553 3822 archiepiscopus
3583 3766 3743 3822 esset,
3781 3758 3875 3810 has
3901 3757 4064 3810 edidit
4088 3775 4103 3822 ;

2550 3836 2740 3889 nempe
2759 3821 2940 3889 viginti
2962 3832 3162 3896 septem
3193 3824 3242 3876 in
3286 3821 3679 3896 quadragesima
3706 3821 3917 3882 secundi
3957 3821 4105 3893 anni,

2548 3900 2766 3966 crateras
2791 3905 2915 3945 vero
2943 3893 3150 3958 triginta
3181 3905 3404 3966 quatuor
3428 3893 3568 3949 anno
3595 3907 3802 3966 quarto.
3830 3897 3993 3950 Dictio
4011 3913 4109 3951 au-

2552 3972 2653 4012 tem
2683 3961 2818 4013 illitis
2841 3976 2936 4028 pro
2957 3977 3102 4037 more
3131 3965 3402 4032 perspicua
3425 3977 3478 4019 et
3510 3961 3655 4035 pora,
3683 3968 3950 4037 splendida
3977 3984 4112 4035 quo-

2549 4046 2650 4098 que
2677 4042 2727 4083 et
2756 4041 2942 4099 sponte
2966 4033 3131 4087 lluens
3157 4043 3255 4096 est,
3287 4038 3499 4088 multam
3511 4033 3773 4090 sensuum
3799 4033 4107 4091 varietatem

2550 4102 2987 4172 etexetnplornm
3018 4104 3219 4170 c0piani
3241 4113 3362 4172 apte
3400 4117 3710 4161 contexens.
3739 4107 3906 4161 Tanto
3933 4119 4109 4163 LIIIIt‘n

2553 4170 2763 4246 inferior
2783 4171 3070 4246 est_dictio,
3104 4173 3154 4246 i_n
3185 4170 3380 4228 hutitile
3407 4176 3648 4244 loquendi
3678 4192 3843 4246 genus
3872 4177 4106 4244 delapsa,

2551 4242 2689 4308 stylo
2733 4240 3070 4313 liomilianini
3112 4243 3163 4296 iii
3217 4245 3344 4297 Acta
3377 4285 3390 4307 ,
3429 4240 3623 4313 quanto
3653 4240 3765 4301 ista:
3791 4263 3818 4299 a
3842 4240 4113 4300 conum-n-

2553 4313 2697 4386 tat-iis
2724 4312 2777 4386 in
2803 4312 3108 4386 Apostolum
3125 4322 3183 4386 et
3209 4315 3257 4367 iii
3285 4312 3518 4386 Psaltuos
3539 4325 3872 4382 superantur.
3906 4316 4113 4386 Ubique

2551 4385 2689 4434 enim
2724 4382 2771 4432 iti
2800 4381 3045 4448 operibus
3071 4384 3181 4455 suis
3209 4385 3432 4453 puritate
3457 4426 3470 4446 ,
3493 4381 3789 4454 Splentlore,
3828 4381 4115 4455 Sagacitate

2551 4467 2668 4523 t-nnt
2715 4460 2968 4505 suavitate
3005 4454 3282 4523 conjuncta
3310 4467 3467 4522 atque
3513 4457 3733 4511 artiﬁcio
3765 4454 4023 4520 ususest;
4059 4458 4115 4512 in

2553 4519 2634 4572 bis
2663 4523 2886 4596 maxime
2929 4519 3320 4596 commentariis
3365 4519 3658 4594 liujusniodi
3689 4528 3929 4596 splendet
3953 4543 4115 4579 orna-

2555 4593 3149 4666 mentis,exemplorum
3180 4593 3439 4660 ubertate,
3463 4593 3910 4666 enthymematum
3938 4599 4114 4665 copia,

2553 4670 2625 4723 et,
2651 4663 2824 4737 sit-ubi
2867 4678 3016 4737 opus
3044 4675 3145 4737 est,
3177 4667 3333 4718 etiam
3379 4663 3670 4737 gravitate:
3702 4678 3877 4735 atque,
3906 4677 3963 4720 ut
4006 4663 4117 4719 into

2555 4731 2715 4784 verbo
2748 4732 2945 4800 loquar,
2969 4734 3212 4796 dictione,
3247 4731 3664 4799 constructione,
3695 4731 3960 4795 metliodo.
3993 4753 4119 4789 sen-

2557 4801 2751 4877 tentiis,
2781 4817 2842 4854 ac
2872 4804 3072 4872 reliquo
3095 4817 3346 4874 apparatu
3366 4845 3381 4870 ,
3409 4806 3502 4860 bas
3525 4809 3880 4877 expositiOnes
3921 4808 4116 4862 eximie

2554 4883 2775 4924 ornavit.

2627 4942 2702 4995 Ex
2735 4943 2862 5010 ipsis
2891 4959 3046 5010 porro
3085 4946 3478 4998 commentariis
3506 4945 3557 4999 in
3600 4947 3904 5012 Apostolum
3946 4947 4116 5001 inter-

2558 5013 2700 5065 nosci
2725 5022 2910 5080 potest.
2927 5015 3138 5081 quinam
3156 5015 3222 5068 ab
3239 5031 3301 5067 eo
3325 5017 3610 5068 Antiochiae
3626 5018 3876 5070 elaborati
3896 5016 4085 5070 fuerint
4098 5061 4113 5083 ,

2557 5087 2675 5151 quia
2703 5093 2823 5154 sunt
2851 5085 3150 5151 diligentius
3193 5097 3240 5137 et
3282 5088 3576 5138 accuratius
3619 5088 3886 5147 adornati;
3916 5094 3968 5138 et
3992 5091 4115 5154 qui-

2559 5170 2699 5217 nam,
2729 5152 2850 5206 dutn
2897 5155 3320 5223 archiepiscopus
3346 5165 3507 5219 esset,
3533 5158 3830 5210 concinnati
3876 5152 4073 5211 fuerint
4101 5175 4116 5212 :

2557 5224 2965 5294 commentarios
2988 5235 3162 5278 autem
3190 5224 3240 5276 itt
3272 5225 3508 5294 Psalmos
3545 5228 3875 5294 quandonam
3907 5227 4116 5292 fecerit,

2559 5295 2693 5346 scitu
2735 5292 2946 5346 difﬁcile
2986 5303 3100 5346 est:
3129 5295 3226 5346 nisi
3257 5295 3373 5362 quis
3416 5292 3640 5349 fortasse
3676 5297 3886 5361 dixerit,
3926 5297 4030 5350 vim
4063 5310 4121 5353 et

2563 5365 2912 5436 pracsututiam
2957 5366 3215 5436 sermonis
3243 5366 3480 5436 miratus,
3518 5367 3688 5434 ipsum
3717 5370 3888 5436 potius
3914 5369 3963 5420 itt
4007 5371 4121 5422 otio

2559 5433 2855 5505 degentem,
2879 5447 3034 5502 quam
3077 5434 3128 5488 in
3160 5435 3378 5505 publicis
3406 5433 3698 5490 versantem
3718 5433 3970 5505 negotiis,
4004 5437 4121 5493 haec

2561 5503 2818 5576 emisisse.
2840 5506 2906 5576 rSi
2935 5519 3036 5572 qua
3065 5514 3238 5559 autem
3261 5504 3419 5568 dicta,
3440 5522 3557 5575 qua!
3575 5508 3656 5561 vel
3686 5503 4120 5576 interpretatione

2561 5574 2640 5645 vel
2667 5575 2946 5645 attentiore
2971 5575 3325 5642 speculatione
3343 5574 3578 5644 egerent,
3610 5593 3711 5630 non
3742 5579 3810 5630 ita
3827 5574 4116 5645 diligi-nter

2560 5644 2627 5694 ab
2655 5657 2720 5694 eo
2739 5643 3018 5716 explanata
3047 5645 3255 5706 fut-rint,
3277 5645 3402 5698 nihil
3434 5648 3641 5699 mirum.
3667 5649 3794 5700 Nam
3819 5664 3878 5701 ea
3904 5643 4118 5716 quidem

2561 5727 2678 5785 qua:
2705 5714 2998 5785 auditorum
3043 5717 3215 5781 captui
3257 5718 3649 5769 accommodata
3687 5729 3857 5781 erant,
3890 5714 3968 5771 vel
3999 5736 4124 5785 qua:

2562 5782 2626 5834 ad
2648 5797 2827 5856 eorum
2851 5782 3071 5856 salutem
3093 5785 3441 5856 et_utilitatem
3479 5787 3824 5854 pertinebant,
3850 5782 4121 5856 nunquam

2564 5851 2915 5920 praetermisit.
2946 5852 3299 5918 Quamobrem
3343 5851 3522 5910 mirari
3572 5860 3711 5911 subit
3757 5851 4119 5914 beatissimum
