4018 6138
1503 348 1588 405 DE
1627 351 1685 406 S.
1724 347 1983 406 JOANNE
2019 348 2384 406 CIIRYSOST.

3481 375 3582 428 ΗΟ

447 489 3556 533 ._.________________________________,____________

380 611 557 653 NILUS
602 611 948 658 IONACHUS
985 616 1069 657 AD
1110 614 1437 659 AICADIUM
1469 615 1908 661 IMPERATORI-ll

2017 619 2298 687 spis'rou
2342 602 2484 672 279,
2521 623 2639 664 un.
2690 624 2782 673 Ill,
2835 625 2888 665 Ρ.
2937 607 3076 678 1ι35,
3125 615 3296 672 corr.
3345 631 3556 682 ιιοΜιιε,

1697 718 1866 772 pou,
1888 718 2054 762 anno
2082 702 2260 764 1668.

422 857 734 937 Joannem,“
751 863 1024 937 maximun
1056 863 1428 937 erbisglumen,
1459 864 1696 937 Byzantii
1718 880 1920 935 praesu-

353 931 479 1011 lem,
532 934 586 986 in
614 933 830 1011 exilium
880 935 1075 1011 injuste
1103 935 1314 1011 misisti,
1345 931 1688 1011 suadentibus
1715 931 1924 1006 episco-

355 1005 451 1077 pis_
471 1017 692 1077 summie
719 1005 954 1077 levitatis
978 1015 1033 1061 et
1059 1007 1199 1062 male
1241 1007 1615 1062 sentientibus.
1647 1005 1775 1062 Cum
1797 1022 1925 1077 ergo

350 1071 668 1151 catholicam
711 1075 1004 1151 Ecclesiam
1027 1077 1307 1151 inculpata
1335 1078 1646 1151 sinceraque
1684 1071 1924 1133 doctriua

352 1146 664 1214 privaveris,
698 1162 766 1203 ne
791 1148 990 1219 absque
1010 1146 1200 1204 dolore
1224 1147 1387 1202 vitam
1418 1148 1712 1218 transigito.

575 1260 822 1333 Ejusdem
857 1260 972 1316 Lib.
1012 1260 1074 1326 Il,
1114 1261 1260 1331 epist.
1299 1259 1425 1327 265,
1461 1277 1514 1332 ρ.
1553 1260 1678 1316 254.

839 1373 1057 1429 Arcadio
1103 1375 1412 1445 imperatori.

416 1506 533 1574 Quo
549 1514 706 1574 pacto
728 1520 758 1559 a
788 1504 1227 1576 frequentissimis
1254 1513 1408 1561 terra:
1433 1503 1662 1560 motibus
1680 1505 1924 1560 aetherei-

347 1577 594 1648 queignis
608 1575 1168 1648 conﬂictibusliberam
1180 1575 1691 1648 Constantinopolim
1703 1590 1924 1648 cernere

348 1647 514 1716 cupis,
543 1662 662 1701 cum
690 1647 970 1702 innumera
1009 1647 1078 1701 ibi
1100 1647 1298 1702 scelera
1321 1657 1712 1717 perpetrentur,
1741 1657 1794 1700 et
1820 1647 1923 1700 ini-

348 1721 520 1788 quitas
540 1731 638 1786 pro
663 1717 778 1788 lege
805 1717 1160 1788 cumiaudacia
1184 1718 1347 1772 multa
1375 1718 1770 1787 praescrihatur,
1799 1731 1921 1771 cum

346 1787 450 1856 jam
503 1789 554 1841 in
605 1787 822 1842 exilium
865 1787 1015 1856 pulsa
1065 1789 1135 1842 sit
1178 1788 1426 1844 Ecclesia
1481 1788 1762 1850 columna,
1826 1788 1919 1840 lux

350 1858 603 1964 religatis,
644 1858 770 1914 tuba
797 1856 1017 1926 Christi,
1066 1857 1301 1914 Joannes
1330 1859 1665 1915 beatissimus
1711 1858 1920 1928 episco—

349 1945 442 1997 pus
471 1945 485 1981 ε

2035 867 2280 937 Ejusdem
2327 870 2394 923 ad
2449 869 3075 998 Severu‘tggexconfgéem.
3147 876 3258 931 Lib.
3313 878 3390 942 ll,
3450 882 3581 948 epist

2735 982 2746 994 .
2790 962 2840 998 ν.
2881 963 2916 998 ο
2992 985 3005 998 .

2735 982 2746 994 .
2789 962 2840 1014 p.
2881 962 3005 1000 oux.

2069 1073 2296 1160 _lnvidia
2323 1079 2578 1160 compulsi
2603 1079 2814 1160 quidam
2831 1083 3062 1160 episcopi
3080 1083 3152 1160 ob
3164 1099 3422 1141 summam
3435 1087 3596 1160 .loemo

2030 1152 2135 1210 nis.
2188 1152 2433 1222 episcopi
2471 1153 3050 1222 constantinopolitani,
3106 1156 3372 1220 virtutem,
3417 1158 3602 1212 divino

2031 1227 2173 1288 metu
2217 1220 2393 1275 valere
2415 1219 2588 1288 jusso,
2637 1219 2874 1277 sanctum
2905 1223 3194 1286 hominem.
3217 1243 3338 1282 vere
3368 1229 3600 1284 universi

2030 1286 2228 1370 lumen,
2267 1286 2471 1370 insidiis
2491 1294 2886 1370 aggressisunt,
2926 1296 3268 1370 ieceruntque
3295 1307 3346 1352 ut
3370 1300 3596 1367 impera-

2030 1367 2112 1413 tor
2137 1360 2404 1426 piissimus
2433 1371 2488 1416 et
2511 1360 2954 1430 simplicissimus,
2989 1360 3257 1421 fraudibus
3278 1360 3460 1422 eorum
3505 1371 3601 1425 de-

2028 1440 2234 1496 ceptus,
2267 1432 2540 1486 cmlestem
2575 1435 2742 1488 virum
2793 1436 2843 1489 in
2892 1436 3106 1490 exilium
3154 1439 3408 1494 mitteret.
3467 1440 3597 1494 Cum

2029 1514 2158 1582 ergo
2200 1502 2463 1570 pestiferis
2513 1512 2568 1558 et
2620 1503 2808 1582 invidis
2862 1506 3160 1582 pastoribus
3203 1510 3599 1582 circumventus

2030 1575 2321 1646 imperator
2347 1587 2507 1629 aures
2532 1575 2836 1645 praebuerit,
2863 1577 2982 1646 jure
3010 1578 3263 1646 prOpheta
3291 1581 3551 1634 clamabat
3582 1600 3594 1633 :

2027 1641 2271 1722 {Extendit
2322 1641 2692 1722 manuni—suem
2729 1641 3146 1722 enm'illusorei
3177 1648 3303 1704 Osee
3351 1649 3461 1715 VII,
3495 1652 3596 1722 5).

2029 1713 2291 1788 Caeterum
2345 1724 2463 1788 post
2508 1717 2650 1788 justi
2691 1717 2905 1770 exilium
2963 1713 3189 1772 tnaxima
3241 1735 3362 1788 pars
3389 1713 3595 1783 eorum,

2027 1787 2115 1854 qui
2144 1785 2257 1858 haec
2287 1786 2573 1858 machinati
2627 1785 2834 1858 fuerant
2884 1803 3068 1858 poenas
3115 1785 3503 1857 persolverunt,
3535 1807 3597 1846 ac

2027 1870 2148 1910 cum
2177 1856 2303 1910 ﬂetu
2323 1867 2376 1910 et
2401 1857 2632 1912 clamore
2659 1856 2900 1912 Confessi
2915 1869 3057 1922 sunt,
3086 1856 3144 1914 se
3168 1859 3512 1916 vehementer
3544 1862 3595 1916 in

2028 1928 2196 1980 virum
2218 1937 2456 1981 sanctum
2481 1927 2787 1997 deliquisse.

1058 2039 3590 2066 —-—————-—_—_————-———————-—'—I

345 2133 608 2190 srnssn,
653 2133 935 2178 crassas
977 2134 1282 2194 EPISCOPI,
1327 2137 1528 2180 EPIST.
1571 2119 1675 2192 66,
1732 2137 1816 2180 an
1867 2135 2312 2194 THEOPHILUM,
2357 2137 2860 2180 ALEXANDRINUM
2919 2138 3298 2196 EPISCOPUM,
3347 2141 3403 2182 ιι.
3452 2122 3592 2184 206.

408 2237 661 2292 Nonnihil
691 2239 1060 2310 sciscitaturus
1084 2238 1178 2292 abs
1207 2248 1279 2304 te,
1305 2255 1405 2310 qua
1434 2239 1502 2310 de
1527 2255 1585 2294 re
1614 2239 1913 2294 sciscitatu-

340 2323 429 2364 rus
458 2310 559 2362 sim
611 2319 770 2363 antea
795 2309 925 2364 libet
949 2324 1238 2376 exponere.
1271 2309 1570 2364 Alexander
1594 2325 1626 2365 e
1647 2312 1915 2364 senatorio

341 2379 525 2436 ordine
573 2378 915 2450 Cyrenensis,
965 2380 1138 2434 adhuc
1188 2381 1520 2445 adolescens,
1567 2383 1912 2434 monasticam

339 2451 498 2503 vitam
528 2448 802 2520 professus
824 2458 908 2506 est
938 2467 952 2504 :
982 2465 1208 2520 cumque
1236 2467 1337 2504 tina
1372 2466 1490 2505 cum
1518 2461 1674 2505 aetate
1701 2466 1916 2505 monas-

344 2522 500 2574 ticum
552 2519 680 2574 illud
725 2521 848 2575 vitae
894 2519 1191 2575 institutum
1223 2523 1556 2591 procederet,
1594 2523 1820 2591 primum
1848 2521 1914 2576 ad

340 2592 567 2654 diaconi,
622 2591 746 2646 inde
790 2591 858 2645 ad
902 2591 1185 2662 sacerdotii
1235 2593 1288 2646 in
1317 2592 1551 2647 Ecclesia
1605 2593 1914 2662 dignitatem

338 2672 618 2729 provectus
654 2671 754 2715 est.
784 2662 908 2716 Post
935 2661 1070 2725 haec,
1099 2663 1386 2718 occasione
1413 2663 1610 2732 negotii
1637 2661 1914 2731 cujusdam

334 2731 400 2786 ad
447 2742 621 2787 castra
664 2734 953 2802 profectus,
1008 2741 1062 2788 et
1113 2732 1284 2788 beatae
1313 2731 1583 2788 memoriae
1611 2733 1800 2788 Joanni
1853 2747 1913 2788 se

2019 2243 2214 2297 sistens
2265 2241 2594 2310 (honoretur
2644 2243 2783 2296 enim
2811 2257 2841 2296 a
2869 2242 3020 2298 nobis
3065 2245 3256 2298 mortui
3316 2246 3592 2309 memoria,

2018 2313 2266 2382 quoniam
2314 2314 2486 2366 omnis
2534 2327 2654 2366 cum
2703 2315 2808 2365 vita
2856 2313 3097 2367 simultas
3139 2316 3391 2384 exuitur)
3424 2333 3436 2368 :
3469 2315 3593 2371 huic

2020 2384 2177 2452 igitur
2205 2398 2262 2438 se
2291 2385 2484 2438 sistens
2513 2393 2635 2438 ante
2665 2398 2838 2437 matus
2887 2384 3006 2438 illos
3031 2395 3084 2438 et
3125 2387 3377 2445 tumultus
3414 2388 3595 2442 lict-le-

2021 2453 2240 2517 siarum,
2273 2453 2652 2524 Basinopoleos
2677 2453 2933 2525 Bithyniae
2962 2458 3240 2524 episcopus
3267 2458 3404 2511 illius
3426 2459 3594 2511 mani-

2021 2525 2118 2578 bus
2163 2534 2244 2596 est
2289 2526 2580 2578 ordinatus.
2613 2526 2736 2578 Orta
2769 2539 2897 2579 vero
2924 2528 3282 2588 contentione.
3341 2531 3390 2582 in
3418 2530 3531 2596 ejus
3561 2546 3590 2581 a

2019 2609 2126 2664 quo
2151 2595 2350 2648 electus
2377 2605 2493 2649 erat
2516 2596 2743 2650 amicitia
2775 2597 3153 2666 perseveravit,
3176 2609 3231 2653 et
3257 2599 3397 2654 illius
3416 2595 3592 2669 partes

2021 2677 2234 2720 SCCUIUS
2255 2674 2357 2720 ρει.

1059 2963 1295 3010 Ismeni
1338 2963 1698 3008 PELUSIOTE
1741 2962 2086 3008 srmucno
2129 2958 2428 3004 EPISTOLA
2475 2941 2590 3003 152
2630 2960 2799 3003 Lmnt
2845 2943 2892 3004 Ι.

403 3070 545 3126 Petis
591 3084 620 3123 a
640 3083 729 3126 me
749 3079 809 3124 ut
825 3068 988 3124 divini
1017 3067 1237 3124 Joannis
1275 3068 1586 3139 tragtediam
1619 3069 1710 3124 tibi
1739 3083 1908 3138 expo-

331 3155 473 3195 nam.
513 3140 619 3196 Sed
645 3141 826 3195 nescio
852 3139 1118 3210 quomodo
1165 3156 1280 3195 eam
1334 3141 1591 3209 explicem
1626 3158 1638 3193 :
1670 3151 1900 3195 mentem

330 3213 469 3265 enim
521 3225 606 3281 res
655 3212 756 3265 ista
804 3222 1020 3280 superat
1046 3228 1059 3264 :
1091 3225 1274 3266 verum
1300 3225 1463 3280 pauca
1489 3211 1728 3281 quardam
1758 3211 1899 3264 audi.

330 3281 510 3336 Vicina
528 3279 788 3352 Egyptus
807 3279 906 3351 pro
927 3297 1074 3336 more
1093 3295 1190 3336 suo
1207 3279 1382 3351 inique
1402 3297 1459 3336 se
1477 3279 1903 3352 gessit,Moysent

331 3367 604 3419 recusans,
635 3353 961 3407 Pharaonem
983 3353 1288 3416 admittens,
1315 3353 1538 3406 humiles
1553 3353 1730 3422 ﬂagris
1761 3353 1903 3406 lace-

330 3439 472 3482 rans.
522 3423 828 3478 laborantes
876 3423 1202 3492 opprimens,
1257 3423 1415 3477 urbes
1464 3433 1804 3488 construens,
1851 3437 1905 3478 et

329 3493 630 3548 mercedem
658 3494 1006 3548 structoribus
1025 3507 1222 3563 negans
1252 3511 1263 3545 :
1294 3502 1347 3547 et
1367 3493 1433 3547 ad
1455 3493 1554 3548 hoc
1576 3508 1739 3562 usque
1769 3501 1904 3546 teni.

324 3581 426 3634 pus
455 3566 570 3618 haec
620 3579 804 3634 agens.
845 3563 977 3618 Nam
1030 3565 1216 3618 insano
1253 3564 1544 3634 lapillorum
1574 3579 1756 3618 amore
1806 3567 1902 3634 lla-

324 3633 564 3704 grantem
595 3633 797 3689 et’auri
824 3635 1080 3689 cultorem
1109 3633 1459 3703 Theophilum
1487 3634 1778 3704 assumptis
1808 3633 1904 3687 ad-

323 3705 609 3774 jutoribus,
655 3706 764 3759 imo
792 3705 1072 3774 apostasia;
1097 3707 1254 3760 sociis
1279 3716 1524 3772 quatuor,
1573 3705 1625 3757 in
1671 3704 1901 3758 medium

327 3775 627 3844 proferens,
651 3777 796 3845 pium
827 3775 1112 3844 divinaque
1136 3774 1377 3829 doctrina
1407 3775 1681 3842 praeditum
1725 3775 1902 3828 virum

327 3848 683 3916 oppugnavit;
732 3846 910 3901 odium
943 3855 1100 3914 atque
1126 3846 1452 3900 inimicitiam
1506 3860 1662 3914 quam
1702 3845 1776 3916 in
1809 3860 1901 3899 co-

327 3915 634 3986 gnominem
679 3932 857 3970 meum
881 3916 956 3987 (a)
990 3927 1324 3987 conceperat,
1358 3917 1605 3987 nequitiae
1634 3931 1745 3971 suae
1767 3915 1902 3987 inci-

331 3995 619 4042 tamentum
661 3996 867 4041 nactus.
895 3986 970 4040 At
997 3986 1183 4040 domus
1216 3986 1428 4040 Davidis
1459 3988 1752 4050 invalescit,
1808 3986 1905 4040 do-

329 4073 445 4110 mus
469 4067 648 4112 autem
689 4057 865 4112 Saulis
890 4055 1216 4119 debilitatur,
1247 4068 1302 4111 ut
1327 4057 1474 4111 vides
1501 4075 1513 4110 :
1541 4058 1800 4126 siquidem
1825 4059 1904 4110 vir

329 4128 442 4190 ille,
484 4137 732 4196 superata
784 4127 905 4182 vita:
945 4137 1276 4198 tempestate,
1322 4126 1388 4182 ad
1438 4143 1719 4198 supernam
1760 4138 1902 4182 tran-

327 4199 637 4268 quillitatem
655 4199 918 4268 migravit.

505 4289 752 4360 Ejusdem
789 4287 1057 4343 Eustathio
1084 4290 1296 4359 epistola
1335 4289 1628 4357 156,eiusd.
1661 4291 1699 4344 Ι.

401 4380 510 4450 Ego
538 4381 753 4452 quidem
779 4384 968 4438 librum
983 4384 1122 4446 misi,
1152 4399 1308 4453 quem
1339 4398 1366 4435 a
1392 4399 1476 4437 me
1503 4383 1732 4452 petiisti;
1772 4382 1904 4436 fruc-

330 4461 541 4522 tumque
566 4469 632 4507 ex
659 4469 726 4508 eo
752 4469 847 4522 per
877 4465 926 4508 te
952 4463 1224 4523 exspecto.
1268 4455 1354 4519 qui
1385 4454 1452 4507 ab
1498 4456 1743 4508 omnibus
1764 4455 1900 4520 exigi

329 4525 619 4593 consuevit.
663 4523 880 4578 Nullum
928 4525 1091 4590 enim,
1123 4525 1323 4579 nullum
1367 4535 1450 4579 est
1485 4539 1578 4578 cor
1615 4525 1756 4593 quod
1787 4525 1902 4591 ejus

330 4591 553 4648 lectione
578 4593 816 4660 fruitum,
846 4610 952 4648 non
978 4595 1157 4650 divino
1181 4611 1363 4650 amore
1386 4591 1681 4650 sauciatuin
1702 4594 1859 4649 fuerit
1884 4612 1896 4645 :

346 4722 457 4815 1(a)
488 4749 577 4800 Hic
597 4750 813 4814 loquitur
836 4751 900 4802 de
925 4751 1108 4802 Isidoro
1130 4751 1230 4810 illo,
1256 4755 1356 4801 viro
1380 4761 1562 4814 sancto,
1589 4754 1670 4815 qui
1697 4753 1757 4802 ab
1778 4751 1899 4801 Hos-

331 4811 561 4871 pitalitate
583 4811 764 4863 nethen
789 4815 993 4876 accepit.

2009 3066 2203 3137 quippe
2226 3068 2311 3133 qui
2350 3065 2703 3137 venerandam
2733 3081 2844 3119 rem
2874 3074 2928 3120 et
2956 3080 3172 3121 accessu
3201 3066 3471 3124 difﬁcilem
3502 3085 3589 3124 sa-

2013 3135 2312 3208 cerdotium
2361 3150 2480 3208 esse
2528 3135 2891 3208 demonstret;
2927 3137 3154 3208 etsimul
3181 3141 3447 3208 quomodo
3473 3144 3588 3196 sino

2013 3209 2116 3262 ulla
2140 3205 2568 3278 reprehensionis
2585 3207 2701 3262 labe
2721 3217 2952 3262 sectetur
2971 3207 3178 3263 doceat.
3198 3205 3427 3278 Sapiens
3445 3215 3585 3269 enim

2014 3279 2461 3352 ille‘arcanorum
2510 3277 2633 3352 Dei,
2665 3278 2927 3352 intecpres
2969 3278 3230 3352 Joannes,
3270 3277 3586 3352 Byzantium

2013 3349 2284 3413 Ecclesiae,
2334 3350 2441 3402 imo
2496 3351 2730 3402 omnium
2779 3349 3134 3403 Ecclesiarum
3163 3349 3368 3416 oculus,
3396 3351 3584 3408 librum

2013 3422 2156 3475 illum
2192 3420 2258 3472 ita
2291 3419 2581 3488 prudenter
2618 3429 2670 3472 et
2701 3429 2948 3473 accurate
2975 3420 3160 3486 edi-dit,
3194 3431 3247 3474 ιιι
3272 3436 3375 3476 tam
3403 3439 3588 3479 omnes

2010 3493 2199 3561 qui,ut
2219 3490 2324 3543 Deo
2351 3501 2554 3558 gratum
2578 3499 2676 3551 est,
2704 3505 2860 3561 quam
2882 3491 2969 3558 qui
3002 3492 3324 3561 negligenter
3349 3495 3587 3547 sacerdo-

2013 3560 2086 3615 tio
2110 3561 2414 3629 funguntur,
2444 3561 2528 3632 hic
2550 3571 2598 3613 et
2625 3570 2764 3614 recte
2788 3560 2922 3614 facta
2951 3576 3064 3626 sua,
3093 3571 3147 3615 et
3176 3561 3588 3632 reprehensione

2010 3633 2162 3700 digna
2188 3641 2331 3699 gesta
2361 3630 2642 3698 reperiant.

2012 3722 2258 3793 Ejusdem
2295 3719 2486 3789 Cyrillo
2525 3721 2870 3775 Alexandrino
2927 3721 3138 3790 epistola
3194 3723 3300 3778 310
3337 3725 3503 3796 ejusd.
3545 3728 3584 3780 ι.

2080 3814 2314 3868 Aﬂ'ectus
2345 3812 2538 3867 nimius
2566 3830 2668 3866 non
2711 3823 2863 3868 acute
2893 3816 3096 3879 cernit;
3136 3816 3316 3871 odium
3345 3834 3472 3874 vero
3498 3823 3581 3874 ni-

2010 3885 2314 3960 bilomnino
2337 3887 2528 3960 cernit.
2554 3883 2844 3960 Siergoab
2871 3895 3096 3960 utroque
3123 3887 3315 3942 damno
3333 3905 3498 3960 purus
3523 3906 3585 3944 ac

2010 3957 2148 4011 liber
2189 3969 2310 4009 esse
2352 3954 2506 4018 velis,
2538 3956 2642 4008 noli
2674 3956 2935 4011 violentas
2980 3956 3116 4013 ferre
3145 3954 3458 4025 sententias,
3488 3963 3580 4016 sed

2004 4028 2151 4102 justo
2197 4025 2396 4102 judicio
2445 4039 2632 4080 causas
2683 4028 2975 4102 committe.
3033 4029 3240 4102 Etenim
3291 4031 3450 4097 Deus,
3492 4034 3583 4102 qui

2008 4100 2182 4154 omnia
2210 4098 2358 4151 novit
2384 4104 2665 4164 antequam
2695 4097 2840 4160 tiant,
2874 4112 2970 4166 pro
2991 4113 3082 4152 sua
3112 4099 3438 4155 humanitate
3458 4097 3583 4155 des-

2007 4170 2255 4234 cendere,
2285 4177 2338 4220 et
2366 4166 2656 4222 clamorem
2686 4166 3036 4222 Sodomorum
3067 4171 3369 4236 perspicere
3395 4171 3582 4230 voluit,

2008 4250 2066 4295 ut
2115 4255 2212 4294 nos
2256 4239 2322 4292 ad
2367 4251 2452 4290 res
2496 4247 2742 4291 accurate
2785 4241 3097 4292 scrutandas
3125 4242 3378 4294 ermliret.
3434 4241 3583 4296 Multi

2008 4313 2146 4366 enim
2170 4327 2233 4365 ex
2268 4313 2351 4374 iis,
2401 4308 2490 4374 qui
2539 4309 2732 4376 Ephesi
2757 4310 2924 4363 coacti
2973 4319 3115 4374 sunt,
3145 4321 3195 4364 te
3223 4312 3504 4365 traducunt
3529 4323 3584 4366 ut

2009 4391 2124 4434 tuas
2156 4377 2460 4435 inimicitias
2506 4380 2870 4443 ulciscentem,
2925 4395 2986 4435 ac
3028 4395 3133 4436 non
3187 4397 3247 4435 ea
3291 4398 3410 4451 quze
3454 4382 3578 4437 Jesu

2008 4452 2202 4505 Christi
2258 4460 2399 4512 sunt,
2457 4451 2752 4505 orthodoxe
2777 4460 3122 4520 qumrentem.
3155 4451 3454 4521 Theoithili,
3499 4454 3578 4507 in-

2007 4524 2212 4592 quiunt.
2265 4538 2331 4576 ex
2377 4537 2562 4578 sorOre
2607 4537 2771 4590 nepos
2809 4532 2910 4587 est,
2953 4523 3206 4593 illumque
3231 4523 3487 4578 imitatur.
3516 4525 3581 4577 Ut

2007 4595 2147 4646 enim
2191 4593 2282 4646 ille
2313 4593 2565 4649 adversus
2599 4593 2835 4647 divinqu
2884 4607 2946 4647 ac
2978 4594 3087 4648 Deo
3114 4609 3292 4648 carum
3322 4595 3578 4650 Joannem

2007 4666 2184 4717 furore
2207 4674 2358 4718 actus
2387 4674 2468 4719 est
2501 4682 2512 4716 :
2545 4664 2623 4718 sic
2659 4665 2818 4718 etiam
2849 4663 2948 4717 iste
2975 4665 3188 4734 gloriari
3230 4675 3283 4720 et
3309 4680 3428 4718 sese
3461 4665 3575 4732 jac-

2007 4743 2119 4788 tare
2144 4735 2363 4802 expetit,
2393 4736 2598 4790 etiamsi
2623 4749 2868 4804 magnum
2898 4735 2967 4788 sit
3009 4737 3146 4790 inter
3170 4751 3263 4790 eos
3306 4737 3394 4805 qui
3421 4750 3572 4788 accu-

2005 4815 2189 4858 santur
2219 4805 2521 4860 discrimen.

332 5019 622 5066 αῑιυιιῠε
663 5022 1174 5080 Διειλιωκιηῠε,
1220 5024 1417 5067 EPIST.
1484 5005 1524 5066 8
1578 5025 1662 5066 AD
1721 5023 1908 5066 CONS'I

2017 5021 2541 5076 I'INOPOLITANOS,
2589 5020 2916 5073 POSTQUAM
2974 5020 3333 5062 NESTORIUM
3380 5021 3532 5065 PRAV

1315 5124 1696 5177 LOQUENTEM
1739 5124 2128 5172 INDUXERAT,
2178 5121 2316 5164 HEC
2361 5123 2591 5164 ΗΔΒΕΤ.

397 5243 639 5316 Nunquid
667 5247 998 5318 eloquentior
1013 5259 1094 5304 est
1118 5248 1322 5303 Joanne
1339 5249 1801 5319 (Chrysostomo)?
1831 5265 1896 5301 an
1931 5264 2022 5317 par
2051 5249 2130 5302 vel
2160 5247 2450 5316 sapientior
2477 5256 2556 5299 cst
2584 5247 2739 5300 beato
2761 5246 2975 5300 Attico?

974 5475 1318 5518 CONCILIUM
1368 5475 1950 5530 EPHESINUM,EDIT.
1999 5471 2419 5528 PABIS.,ANNO
2466 5452 2642 5522 1671,
2689 5469 2744 5509 ι).
2796 5452 2931 5510 117.

401 5601 649 5670 Joannis,
694 5602 931 5672 episcopi
988 5603 1565 5672 constantinopolitani,
1613 5602 1676 5658 de
1719 5605 1894 5656 divina

338 5677 684 5742 generatione.
723 5673 982 5739 Loquitur
1005 5683 1176 5726 autem
1199 5675 1264 5726 de
1294 5684 1470 5726 sancta
1501 5674 1724 5742 Virgine.
1755 5673 1896 5727 Loco

339 5744 458 5798 solis
491 5756 668 5799 autem
699 5744 1157 5810 incircumscripte
1186 5745 1357 5797 Solent
1382 5744 1597 5812 justitia:
1622 5747 1894 5810 Complexu

343 5815 448 5870 luit.
483 5815 668 5886 Neque
706 5814 792 5868 hic
830 5813 1108 5883 quaesieris
1133 5815 1394 5885 quomodo
1427 5834 1438 5867 :
1472 5815 1554 5870 ubi
1588 5816 1726 5870 enim
1761 5817 1896 5870 Deus

2006 5603 2133 5664 vult,
2164 5611 2364 5654 naturae
2395 5597 2532 5668 ordo
2551 5596 2795 5668 vincitur.
2847 5597 3024 5651 Voluit
3050 5599 3211 5658 cnim,
3247 5603 3434 5668 potuit,
3458 5602 3577 5655 des-

2004 5674 2199 5733 cendit,
2255 5670 2477 5724 salutem
2505 5666 2653 5741 dedit
2681 5685 2693 5719 :
2727 5668 2899 5720 omnia
2937 5669 3024 5720 Dei
3058 5666 3575 5741 nutttm’sequuntur.
3650 5729 3653 5732 ,

2006 5745 2169 5797 Hodie
2210 5743 2294 5808 qui
2325 5748 2438 5793 erat
2476 5739 2738 5807 gignitur;
2772 5748 2821 5789 et
2852 5743 2937 5806 qui
2961 5750 3061 5802 est,
3097 5742 3145 5793 id
3168 5741 3306 5808 quod
3337 5739 3438 5796 non
3462 5751 3576 5797 erat

2003 5815 2226 5868 cilicilut‘
2255 5831 2264 5862 :
2301 5825 2421 5866 nam
2452 5826 2570 5865 cum
2602 5808 2736 5862 Deus
2759 5822 2916 5875 esset,
2969 5810 3021 5863 ﬁt
3047 5813 3224 5878 homo,
3260 5829 3355 5867 nec
3384 5813 3577 5871 desinit
