4018 6138
425 339 515 392 ιιι

421 468 538 505 νεεδ
558 452 716 506 Deus.
738 452 919 522 Neque
937 452 1077 506 enim
1101 466 1220 506 eum
1246 449 1456 522 deitatis
1476 450 1679 522 jactura
1705 450 1874 522 iactus
1897 459 1981 505 est

424 524 604 586 homo,
636 537 807 591 neque
833 519 926 590 per
951 524 1332 576 incrementum
1357 535 1423 574 ex
1445 519 1660 574 homine
1708 520 1874 574 factus
1899 531 1983 574 est

434 595 601 656 Deus;
632 592 723 646 sed
768 607 885 646 cum
924 593 1140 645 verbum
1170 599 1331 654 esset,
1379 601 1596 660 propter
1625 591 1984 660 impatibilita-

423 673 548 726 tem,
575 677 697 716 caro
718 661 909 717 factum
931 671 1032 727 est,
1058 676 1151 716 sua
1173 669 1420 715 manente
1440 660 1753 715 immutabili
1771 671 1979 714 natura.

1634 333 2035 390 TESTIMONIA
2079 333 2400 391 VETERUM

3556 338 3659 392 ΙΗ-

2082 450 2209 504 Ηωε
2256 450 2436 504 deinde
2455 451 2790 520 adjicit:Qul
2843 453 2896 506 in
2941 437 3076 507 solio
3101 457 3318 508 excelso
3342 451 3656 521 sublimique

2085 521 2279 604 sedet,_
2305 522 2353 602 in
2389 524 2643 590 prmsepio
2691 523 2900 604 ponitur
2930 539 2943 575 :
2975 524 3064 604 qui
3117 521 3485 604 impalpabilis,
3515 527 3658 604 _sitn-

2087 592 2208 660 plex
2232 599 2287 644 et
2314 592 2656 659 incorporeus
2681 601 2783 656 est,
2809 592 3053 646 humanis
3072 592 3318 647 manibus
3336 593 3653 648 involvitur:

2089 661 2178 730 qui
2203 671 2537 728 peccatorum
2580 662 2787 716 vincula
2815 664 2992 725 solvit,
3033 661 3210 718 fasciis
3254 663 3648 734 constringitur.

497 893 765 936 sanc'ros
812 891 1224 947 AUGUSTINUS,
1269 891 1353 932 DE
1395 890 1648 933 unum
1691 891 1770 933 ET
1811 889 2337 959 cnumcomna
2376 889 2718 943 PELAGIUM,
2764 892 2822 933 τ.
2872 892 2935 945 x,
2982 866 3039 935 c.
3084 873 3184 950 6’s,
3229 893 3286 934 ι).
3336 874 3473 937 159.
3515 895 3574 937 B.

489 1020 619 1074 Item
672 1018 936 1080 Joannes,
989 1014 1590 1082 constantinopolitanus
1660 1014 1978 1084 episcopus,

420 1089 570 1156 cujus
616 1089 801 1158 posuit
835 1087 1151 1142 sententiam
1177 1127 1193 1150 ,
1247 1084 1375 1158 dicit
1421 1094 1692 1158 peccatum
1731 1099 1837 1137 non
1867 1099 1986 1158 esse

421 1153 763 1214 substantiam
791 1199 806 1224 ,
840 1158 932 1212 sed
961 1166 1133 1210 actum
1164 1155 1471 1223 malignum.
1505 1155 1633 1222 Quis
1661 1156 1759 1208 hoc
1788 1153 1987 1220 negat?

421 1240 474 1284 et
515 1231 636 1298 quia
677 1244 787 1298 non;
815 1236 897 1281 est
921 1226 1176 1298 naturale,
1204 1225 1324 1298 ideo
1351 1234 1533 1298 contra
1567 1225 1989 1298 illud_l_ege_mla-

422 1294 546 1362 tam,
577 1296 793 1366 etquod
838 1298 902 1350 de
953 1296 1152 1349 arbitrii
1203 1295 1447 1366 libertate
1497 1294 1788 1366 descendit.
1813 1295 1987 1348 Etiam

421 1370 523 1423 hoc
547 1364 890 1438 qnis‘negat?
920 1367 1020 1420 Sed
1051 1381 1188 1438 nunc
1213 1365 1472 1438 agit_ur_de_
1499 1364 1725 1417 humana
1754 1375 1940 1418 natura
1969 1403 1985 1430 ,

423 1455 540 1508 quae
568 1435 749 1492 vitiata
769 1435 902 1500 ‘est;
925 1437 1094 1504 agitur
1108 1436 1173 1489 de
1193 1436 1357 1508 gratia
1374 1435 1497 1508 Dei,
1522 1445 1868 1508 quasanatur
1892 1449 1988 1503 per

422 1505 685 1563 medicum
715 1508 1006 1571 Christum,
1036 1521 1139 1575 quo
1166 1521 1268 1559 non
1297 1505 1579 1573 indigeret,
1606 1505 1651 1557 si
1677 1519 1802 1557 sana
1824 1513 1986 1575 esset,

423 1595 542 1646 qua:
571 1580 636 1632 ab
676 1579 776 1631 isto
802 1573 1068 1646 tanquam
1095 1591 1244 1646 sana,
1272 1577 1358 1629 vel
1411 1584 1660 1643 tanquam
1697 1575 1798 1629 sibi
1827 1573 1989 1646 sufﬁ-

422 1643 595 1703 ciente
633 1643 922 1702 voluntatis
949 1645 1176 1699 arbitrio
1199 1687 1214 1712 ,
1242 1659 1400 1715 posse
1423 1661 1527 1699 non
1549 1659 1770 1714 peccare
1809 1643 1991 1699 defen-

420 1719 581 1774 ditur.

422 1831 664 1901 Ejusdem
705 1838 880 1883 contra
932 1825 1607 1901 Jitlianum_Pela_gianum,
1649 1837 1686 1880 ι.
1718 1826 1788 1894 Χ,
1824 1827 1911 1882 lib.
1937 1826 1980 1895 Ι,

879 1915 926 1952 c.
959 1897 1012 1962 6,
1043 1914 1097 1967 ρ.
1133 1897 1236 1952 509
1262 1907 1308 1951 et
1334 1898 1532 1980 510_,a.

491 2015 633 2068 Itane
653 2015 750 2066 ista
773 2011 937 2066 verba
969 2010 1136 2064 sancti
1157 2009 1376 2064 Joannis
1401 2010 1635 2079 episcopi
1676 2009 1841 2066 audes
1877 2016 1997 2065 tan-

419 2099 574 2151 quam
596 2100 627 2138 e
647 2085 917 2138 contrario
948 2090 1024 2134 tot
1054 2081 1342 2146 taliumque
1362 2082 1638 2135 sententiis
1663 2082 1988 2150 collegarum

423 2156 534 2217 ejus
557 2168 844 2223 opponere,
869 2166 1096 2220 eumque
1125 2151 1192 2223 ab
1220 2151 1430 2223 illorum
1461 2151 1875 2223 concordissima
1904 2165 1997 2223 so-_-

421 2220 610 2278 cietate
631 2220 938 2292 ’sejungere
965 2261 980 2286 ,
1035 2229 1091 2292 et
1130 2221 1207 2274 eis
1235 2220 1594 2292 adversarium
1618 2221 1946 2292 constituere
1970 2220 1996 2272 ?

422 2293 606 2358 Absit,
659 2293 796 2346 absit
817 2289 938 2344 ‘hoc
981 2291 1180 2343 malum
1223 2289 1288 2342 de
1334 2297 1480 2343 tanto
1510 2291 1628 2343 viro
1656 2290 1877 2344 credere
1905 2298 1996 2344 aut

422 2363 615 2418 dicere.
648 2362 816 2427 Absit,
849 2362 1093 2429 inquam,
1116 2367 1174 2412 ut
1201 2359 1814 2430 constantinopolitanus
1833 2359 1995 2414 Joan-

2089 1028 2186 1086 nes
2205 1012 2271 1067 de
2292 1013 2605 1086 baptismate
2647 1013 2982 1082 parvulorum
3008 1057 3024 1080 ,
3053 1031 3344 1086 eorumque
3373 1031 3403 1070 a
3435 1028 3656 1086 paterno

2091 1084 2445 1152 chirographo
2474 1083 2787 1139 liberatione
2831 1101 2926 1154 per
2967 1083 3274 1149 Christum,
3299 1095 3376 1141 tot
3405 1083 3466 1141 ac
3495 1090 3657 1144 tantis

2093 1156 2420 1221 coepiscopis
2473 1154 2604 1218 suis,
2659 1157 2991 1222 maximeque
3048 1171 3269 1211 romano
3309 1156 3658 1220 Innocentio,

2089 1224 2495 1296 cartltaginiensi
2519 1224 2780 1296 Cypriano
2801 1265 2816 1289 ,
2849 1225 3134 1294 cappadoci
3199 1227 3420 1293 Basilio,
3444 1229 3661 1282 nazian-

2090 1307 2223 1346 zeno
2260 1292 2514 1363 Gregorio
2539 1292 2722 1362 {gallo
2763 1292 2995 1357 Hilario,
3027 1292 3412 1351 mediolanensi
3445 1300 3660 1353 resistat

2091 1364 2393 1438 Ambrosio,
2434 1372 2536 1438 etc.
2585 1363 2773 1418 Postea
2797 1365 3199 1438 quaedamaﬂ'ert
3226 1383 3286 1421 ex
3315 1368 3424 1437 ejus
3450 1369 3660 1438 epistola

2091 1433 2158 1486 ad
2185 1432 2534 1503 Olympiadem
2554 1445 2600 1488 et
2615 1451 2677 1488 ea:
2694 1432 2919 1489 sermone
2942 1436 3004 1489 de
3023 1436 3238 1490 Lazaro.

2091 1544 2358 1617 Ejusdem,
2380 1548 2435 1600 in
2480 1563 2629 1615 opere
2666 1547 2955 1616 imperfecto
2983 1559 3158 1602 contra
3181 1547 3470 1617 Iulianum,
3497 1559 3537 1604 l.
3563 1550 3613 1606 Χ
3641 1593 3656 1618 ,

2509 1634 2626 1687 cap.
2652 1619 2706 1685 7,
2736 1635 2789 1687 ρ.
2818 1617 2958 1673 1296
2980 1628 3025 1672 el
3058 1618 3215 1674 I297.

2165 1729 2236 1784 Et
2256 1730 2390 1804 mihi
2413 1730 2598 1804 obiicis
2618 1733 2818 1804 peccati
2845 1731 2999 1802 primi
3023 1733 3250 1788 hominis
3273 1735 3657 1804 granditatem,

2097 1802 2394 1872 quartanti
2441 1803 2566 1856 ntali
2618 1801 2889 1856 hominum
2932 1807 3166 1858 omnium
3221 1801 3422 1859 ex'stitit
3473 1822 3659 1872 causa,

2096 1871 2247 1940 quasi
2273 1871 2374 1925 hoc
2403 1887 2503 1938 ego
2540 1873 2686 1927 solus
2710 1873 2793 1927 vel
2824 1873 3026 1942 primus
3051 1875 3314 1929 dixerim?
3336 1875 3470 1934 Audi
3496 1871 3660 1932 Joan-L

2095 1956 2219 1995 nem
2269 1943 2896 2010 constantinopolitanum
2943 1945 3252 1999 excellentis
3278 1946 3458 2012 gloriae
3490 1966 3504 2001 :
3537 1947 3665 2002 Pee-

2097 2012 2454 2084 cavit,inquit,
2485 2013 2650 2066 Adam
2689 2014 2816 2067 illud
2855 2016 3050 2084 grande
3082 2025 3335 2082 peccatum
3367 2057 3383 2078 ,
3429 2027 3477 2070 et
3516 2034 3664 2073 omne

2131 2098 2250 2135 enus
2288 2082 2545 2136 hominum
2584 2084 2638 2136 in
2675 2082 2933 2138 commune
2960 2085 3236 2139 damnavit.
3263 2087 3396 2140 Audi
3420 2090 3578 2142 etiam
3611 2090 3664 2142 in

2143 2151 2282 2204 azari
2311 2153 2715 2226 resuscitatione
2735 2154 2860 2226 quid
2881 2154 3042 2220 dicat,
3071 2166 3127 2210 ut
3143 2157 3404 2226 intelligas
3427 2160 3668 2226 corporis

2099 2229 2325 2293 mortem
2370 2224 2437 2277 de
2473 2224 2562 2276 illo
2588 2223 2774 2293 grandi
2813 2226 3024 2280 venisse
3067 2238 3286 2293 peccato
3311 2223 3330 2280 Ξ
3354 2223 3555 2291 Flebal,
3580 2230 3665 2282 in-

2101 2293 2234 2367 quit,
2265 2291 2512 2367 Christus,
2540 2291 2675 2365 quod
2696 2310 2779 2347 eos
2805 2296 2889 2367 qui
2915 2291 3221 2351 immortales
3245 2313 3349 2351 esse
3371 2309 3663 2367 potuerunt,

2105 2362 2333 2417 diabolus
2359 2364 2476 2434 fecit
2505 2362 2609 2418 esse
2637 2366 2893 2430 mortales,
2926 2377 3029 2420 etc.

1132 2597 1486 2654 CASSIANUS,
1532 2598 1615 2640 DE
1657 2595 2123 2640 INCABNATIONE
2166 2595 2418 2652 DOMINI,
2465 2594 2586 2636 un.
2633 2595 2746 2646 vn,
2791 2595 2848 2638 c.
2890 2577 2990 2638 30.

496 2752 728 2806 Joannes
746 2791 762 2815 ,
791 2751 1484 2821 constantinopolitanorum
1505 2748 1795 2803 antistitum
1814 2746 2000 2821 decus,

423 2822 572 2889 cujus
611 2823 860 2876 sanctitas
907 2822 1108 2891 absque
1135 2817 1256 2875 'ulla
1303 2820 1576 2890 gentilitite
1618 2817 2004 2888 persecutionis

426 2892 656 2961 procella
685 2892 750 2947 ad
775 2892 1014 2963 martyrii
1042 2892 1232 2946 merita
1257 2891 1518 2962 pervenit,
1545 2898 1650 2945 etc.

886 3025 1129 3096 Ejusdem
1153 3025 1335 3080 lib.VIl
1361 3043 1409 3081 ε.
1439 3025 1529 3080 '50.

491 3158 643 3214 Unde
687 3173 786 3228 ego
847 3157 1224 3228 quoqueipse
1273 3156 1486 3228 humilis
1536 3164 1694 3228 atque
1740 3155 2000 3228 obscurus

425 3230 635 3283 nomine
659 3226 796 3283 sic—nt
825 3226 1036 3291 merito,
1069 3227 1192 3281 licet
1232 3227 1360 3280 mihi
1407 3228 1544 3281 inter
1594 3226 1818 3281 eximios
1871 3241 2001 3282 cono

423 3299 903 3368 stantinopolitanre
941 3299 1084 3353 urbis
1110 3298 1330 3352 antistes
1360 3298 1533 3368 locum
1580 3297 1817 3368 magistri
1847 3311 2000 3351 usur-

430 3386 553 3436 pare
569 3366 672 3424 non
690 3370 908 3438 possim,
925 3368 1155 3422 studium
1180 3367 1620 3438 tamenidiscipuli
1646 3366 1997 3436 alfectumque

427 3437 706 3505 praesumo}
740 3439 1034 3506 Adeptatus
1088 3439 1229 3492 enim
1285 3453 1314 3490 a
1361 3437 1678 3491 beatissima:
1726 3438 1998 3492 memoriae

424 3509 628 3564 Joanne
655 3509 908 3578 episeopo
936 3508 988 3562 in
1032 3508 1386 3562 ministerium
1409 3521 1642 3578 sacrum,
1666 3517 1823 3578 atque
1843 3507 1996 3560 obla-

424 3589 508 3633 tns
534 3595 562 3632 a
593 3576 719 3642 Deo,
751 3576 858 3634 etsi
883 3593 1109 3646 corpore
1149 3579 1372 3643 absum,
1403 3576 1592 3631 affectu
1618 3577 1723 3630 illic
1751 3592 1868 3631 sum
1899 3592 1914 3630 :
1944 3585 1998 3630 et

423 3649 496 3703 illi
537 3650 880 3704 dilectissimo
923 3649 1052 3702 mihi
1089 3663 1151 3702 ac
1180 3647 1632 3702 venerandissimo
1660 3646 1752 3701 Dei
1776 3646 1993 3716 populo,

423 3720 534 3776 etsi.
574 3735 714 3774 nunc
766 3719 1047 3789 praesentia
1084 3734 1192 3772 non
1229 3718 1546 3783 admisceor,
1594 3728 1770 3772 tamen
1813 3725 1995 3773 mente

425 3849 602 3865 -ο

2106 2744 2488 2815 conjungor....
2514 2744 2831 2799 Mementote
2851 2745 3218 2814 magistrorum
3260 2755 3496 2804 veterum
3517 2790 3531 2810 .
3579 2765 3671 2804 sa-

2106 2816 2488 2887 cerdotumque
2507 2825 2828 2887 vestrorum.
2861 2815 3100 2887 Gregorii
3125 2817 3315 2872 nobilis
3336 2834 3431 2887 per
3454 2821 3665 2885 orbem,

2104 2885 2331 2958 Nectarii
2353 2885 2966 2958 san_ctimo_niaiinsignis,
2986 2885 3214 2958 Joannis
3239 2885 3423 2944 ﬁtleac
3436 2891 3669 2958 puritate

2105 2955 2400 3030 mirabilis:
2429 2955 2680 3030 J_oanttis,_
2704 2956 2937 3030 inquam,
2977 2956 3195 3030 Joannis
3238 2959 3398 3022 illius,
3431 2955 3674 3030 quivere

2103 3026 2168 3100 ad
2215 3025 2614 3100 similitudinem
2655 3026 2874 3100 Joannis
2922 3028 3258 3097 evangelista:
3286 3039 3340 3084 et
3378 3025 3672 3100 discipulus

2102 3096 2226 3168 Jesu
2255 3105 2308 3150 et
2332 3096 2802 3168 apostolus,quasi
2817 3113 2992 3168 super
3017 3096 3200 3167 pectus
3222 3100 3430 3155 Domini
3455 3096 3671 3168 semper

2100 3165 2452 3239 afﬂectumque
2480 3165 2764 3239 discubuit.
2815 3165 2980 3233 Illius,
3019 3165 3266 3239 inquam,
3307 3165 3630 3227 mementote
3653 3213 3672 3236 ,

2102 3237 2249 3290 illum
2281 3237 2585 3304 sequimini,
2617 3238 2757 3292 illius
2782 3241 3058 3307 puritatem
3088 3237 3272 3304 ,illius
3298 3239 3453 3295 ﬁdem
3476 3281 3491 3304 ,
3531 3242 3673 3296 illius

2099 3307 2391 3361 doctrinam
2426 3310 2922 3378 acisanctituoniam
2953 3310 3180 3378 cogitate
3214 3327 3227 3362 :
3261 3310 3404 3369 illius
3432 3327 3674 3367 memen-

2100 3387 2207 3431 tote
2237 3392 2448 3447 semper
2483 3377 2716 3434 doctoris
2765 3379 2928 3434 vestri
2978 3377 3039 3432 ac
3082 3380 3394 3445 nutritoris;
3435 3382 3488 3435 in
3520 3383 3673 3449 cujus

2098 3449 2248 3519 quasi
2293 3449 2498 3517 gremio
2555 3449 2946 3519 quodammodo
2985 3450 3336 3519 amplexuque
3384 3453 3667 3515 crevistis;

2098 3517 2188 3593 qui
2218 3517 2667 3593 communismihi
2694 3537 2756 3593 ac
2780 3520 2930 3574 vobis
2957 3521 3208 3593 magister
3233 3517 3366 3585 fuit;
3399 3523 3552 3593 cujus
3579 3522 3660 3578 di-

2096 3587 2288 3656 scipuli
2323 3597 2482 3658 atque
2518 3589 2777 3646 institutio
2817 3605 3020 3646 sumus.
3056 3587 3216 3646 Illius
3272 3587 3480 3662 scripta'
3524 3594 3656 3663 legi-

2100 3665 2173 3723 te,
2200 3668 2303 3713 etc.

509 3946 867 3990 COELESTINI
910 3946 1082 3989 mea:
1126 3944 1324 3987 EPIST.
1371 3945 1455 3986 an
1497 3943 1750 3986 omnum
1794 3943 1873 3983 ET
1914 3938 2207 3984 POPULUM
2249 3941 2344 3984 cr.
2391 3942 2819 3991 concmouun
2860 3945 3033 3991 ΤοΜο
3075 3947 3170 4000 ιιι,
3222 3949 3278 3990 p.
3323 3929 3463 3992 365.
3505 3948 3561 3993 α.

501 4073 638 4140 Quid
670 4088 774 4126 non
803 4072 1078 4127 animabus
1098 4072 1290 4126 vestris
1309 4071 1548 4125 doctrina
1576 4078 1772 4124 sancta:
1794 4084 1996 4140 memo-

425 4138 775 4214 ritc'episcopi
805 4143 1023 4198 Joannis
1049 4141 1311 4196 immisit?
1339 4141 1490 4214 cujus
1531 4153 1722 4214 sermo
1776 4138 2000 4192 catholi-

424 4229 539 4269 cam
564 4207 1034 4270 ﬁdem'instituens
1071 4228 1168 4282 per
1203 4221 1372 4266 totum
1405 4207 1596 4264 orbem
1623 4207 1846 4264 diﬁ'usus
1873 4218 1991 4276 est,

425 4350 650 4362 ψ

2105 4072 2193 4148 qui
2224 4086 2481 4140 nusquam
2513 4087 2611 4148 per
2635 4072 2930 4148 doctrinam
2957 4075 3120 4131 deluit
3139 4118 3156 4143 ,
3196 4077 3315 4147 quia
3354 4076 3672 4148 ubicumque

2109 4141 2274 4197 lectus
2299 4151 2380 4196 est
2397 4142 2719 4212 praedicavit.

651 4338 3640 4362 ———————-——-——-——-—————-————————_——d

1291 4432 1700 4478 TBEODOBETI
1742 4432 1994 4476 nume.
2040 4433 2086 4489 ι,
2130 4435 2190 4476 'r.
2237 4435 2323 4490 ιγ,
2371 4435 2426 4475 ιι.
2467 4418 2538 4476 31
2587 4437 2666 4477 ΕΤ
2708 4419 2806 4478 3:2.

495 4566 754 4621 Joannem
782 4581 929 4631 vero,
954 4579 1203 4635 magnum
1230 4563 1378 4635 orbis
1404 4562 1581 4635 lumen
1600 4602 1615 4625 ,
1647 4561 1735 4630 qui
1767 4561 1997 4635 primum

425 4637 638 4700 quidem
691 4651 881 4700 magno
928 4631 1069 4688 cunf
1095 4635 1296 4687 honore
1343 4631 1726 4686 Antiochenam
1769 4631 2000 4700 irrigavit

427 4699 741 4770 Ecclesium,
765 4699 1061 4773 deindeque
1081 4704 1282 4774 regiam
1311 4702 1777 4774 urbemisapientcr
1797 4699 1993 4774 coluit;

422 4795 600 4832 annon
642 4788 795 4848 putas
822 4770 1168 4848 apostolicam
1219 4772 1338 4828 ﬁdei
1369 4772 1603 4848 regulam
1625 4770 1994 4848 servasse?....

426 4851 520 4904 ilic
578 4841 736 4918 igitur
791 4841 875 4900 vir
925 4847 1080 4913 longe
1125 4844 1595 4921 praestantissimus
1641 4841 1998 4921 apostolicum

429 4921 572 4974 hunc
600 4913 780 4974 locum
817 4913 1190 4986 interpretatus
1215 4924 1297 4969 est
1340 4931 1355 4968 :
1400 4914 1476 4968 sic
1512 4923 1690 4967 autem
1721 4913 1951 4981 loquitur
1983 4927 1994 4963 :

2106 4561 2318 4636 Quare,
2371 4564 2573 4632 quando
2619 4569 2783 4629 audis,
2814 4567 3045 4622 Verbum
3073 4583 3197 4623 caro
3225 4571 3413 4624 factum
3443 4583 3545 4636 est,
3573 4589 3672 4628 non

2103 4633 2314 4686 turberis
2342 4650 2428 4687 nec
2463 4637 2688 4688 animum
2728 4638 2971 4700 deficias?
3011 4637 3130 4692 Non
3155 4642 3285 4692 enim
3314 4633 3592 4696 substantia
3619 4647 3670 4697 in

2102 4719 2302 4782 carnem
2332 4714 2657 4782 mittaiaest;
2685 4708 2777 4782 hoc
2807 4712 2937 4760 enim
2964 4709 3130 4762 dicere
3165 4723 3399 4766 extrema?
3440 4713 3672 4782 impieta-

2102 4773 2164 4825 tis
2203 4784 2364 4854 esset;
2401 4777 2488 4827 sed
2525 4777 2579 4828 id
2627 4778 2760 4844 quod
2799 4789 2906 4831 erat
2944 4796 3170 4845 manens,
3199 4784 3272 4835 sic
3299 4783 3427 4837 servi
3453 4773 3671 4853 formam

2102 4854 2312 4912 accepit,
2342 4856 2444 4899 etc.

427 5040 3665 5074 ____—_—_——————_————————_——_-—————-——d

999 5143 1218 5187 ssnon
1263 5141 1480 5183 LEONIS
1526 5140 1724 5182 MAGNI
1770 5137 1943 5180 rara;
1987 5132 2296 5177 ANATOLIO
2341 5132 2658 5187 Episcopo,
2707 5134 2902 5176 EPIST.
2951 5116 3086 5176 106.

497 5274 549 5329 Si
605 5273 754 5327 ﬁrmo
804 5271 1326 5337 incommutabiliqne
1359 5267 1630 5340 proposito
1649 5267 1874 5340 dilectio
1903 5274 1990 5319 tua

431 5359 609 5397 curam
657 5345 837 5408 gratia:
874 5343 1172 5396 communis
1212 5340 1500 5403 habuisset,
1551 5337 1694 5392 nihil
1731 5337 1989 5407 prolecto,

429 5415 568 5480 quod
599 5411 761 5467 ullam
808 5415 1144 5466 anxietatem.
1183 5411 1274 5465 tibi
1327 5411 1626 5479 ingereret,
1679 5409 1990 5462 exstitisset.

433 5483 547 5537 Non
579 5485 719 5537 enim
745 5484 950 5537 sinebat
977 5484 1108 5536 ratio
1137 5492 1191 5536 ut
1213 5482 1328 5550 ejus
1357 5482 1628 5534 caritatem
1657 5494 1986 5550 spernerem,

429 5569 583 5614 quem
624 5568 805 5606 amore
851 5553 994 5620 pacis
1038 5567 1087 5607 ct
1139 5548 1311 5605 studio
1359 5550 1666 5618 reparandae
1704 5548 1992 5620 catholica:

432 5623 552 5675 ﬁdei
606 5624 740 5675 inter
785 5619 895 5690 ipsa
952 5624 1286 5688 CpiSCOpallIS
1351 5621 1645 5675 rudimenta
1692 5619 1988 5689 juvissem.

434 5702 624 5758 optans
640 5693 690 5746 in
707 5691 1078 5746 ecclesiasticis
1105 5693 1245 5745 curis
1273 5691 1427 5744 talem
1453 5692 1646 5745 habere
1667 5700 1986 5759 consortem,

2106 5268 2160 5312 ut
2198 5259 2322 5312 mihi
2368 5259 2434 5314 de
2487 5261 2682 5313 sanctis
2726 5263 3138 5329 prmcessoribus
3177 5267 3281 5322 tttis
3320 5286 3417 5323 nec
3444 5271 3488 5326 ,ιι
3512 5275 3669 5327 annis

2103 5329 2431 5401 spiritualem
2454 5330 2827 5399 copiosamque
2852 5333 3168 5401 doctrinam,
3189 5354 3286 5392 nec
3301 5343 3667 5396 auctoritatem

2103 5400 2282 5470 Attici,
2308 5415 2410 5470 nec
2450 5401 2760 5454 industriam
2790 5402 2984 5470 Procli,
3015 5421 3112 5460 nec
3155 5400 3311 5462 ﬁdem
3351 5411 3490 5465 beati
3546 5413 3668 5466 Fla-

2101 5469 2240 5546 viani
2289 5469 2475 5546 deesse
2518 5473 2768 5546 sentirem
2793 5490 2814 5546 _:
2844 5485 2897 5546 et
2929 5469 2994 5528 ita
3026 5476 3214 5529 studiis
3245 5480 3350 5534 tuis
3377 5493 3571 5546 uterer,
3616 5494 3667 5536 nt

2102 5540 2277 5614 nullus
2320 5541 2654 5614 auderetnvel
2687 5541 2806 5595 ﬁdei
2833 5544 3119 5599 Catholica:
3146 5549 3400 5603 resultare
3419 5591 3435 5614 ,
3472 5540 3566 5604 vel
3595 5556 3668 5604 ni-

2051 5623 2057 5652 ε
2102 5610 2262 5662 cautis
2292 5612 2664 5665 VCIICI'HIIIIIIIIII
2700 5623 2906 5682 patrum
2936 5616 3131 5685 regulis
3155 5610 3436 5684 contraire,
3469 5631 3570 5676 etc.
