4044 6258
339 256 466 328 113

1178 267 1508 324 VETERUM
1544 268 1957 327 TESTIMONIA
1991 269 2080 325 DE
2109 270 2166 327 S.
2190 269 2448 327 JOANNE
2469 270 2843 341 CHRYSOST.

3469 280 3564 337 ΙΝ

1332 809 1544 852 SUIDAS
1587 809 1661 851 ET
1694 809 2079 856 GUILLELMUS
2119 812 2596 859 PASTRERGICUS.

422 1063 570 1139 [289]
599 1065 852 1137 Ἰωάννης
889 1067 1195 1137 Ἀντιοχεὺς
1215 1069 1244 1119 ό
1270 1066 1583 1138 ἐπικληθεὶς
1609 1066 1914 1140 Χρυσόστοο

352 1173 451 1228 μος
476 1155 852 1229 πρεσϐύτερος
881 1157 978 1227 μέν
997 1159 1057 1210 ἐν
1085 1157 1324 1229 πρώτοις
1366 1161 1713 1228 Ἀντιοχείας,
1737 1161 1910 1214 Εὐσε-

348 1247 463 1301 6ίου
483 1247 540 1300 δέ
559 1248 652 1301 τοῦ
680 1249 977 1318 Ἐμεσηνοῦ
1001 1248 1293 1319 φιλοσόφου
1314 1251 1408 1304 κα)¹
1421 1249 1684 1322 Διοδώρου
1697 1253 1912 1306 ἀκόλου-

349 1339 462 1404 θος.
487 1332 655 1404 Οὗτος
679 1339 851 1394 πολλὰ
884 1341 1194 1413 συγγράψαι
1218 1341 1458 1408 λέγεται,
1480 1343 1575 1411 ἀφ’
1610 1338 1684 1398 ὧν
1709 1346 1758 1398 οί
1782 1345 1910 1416 περ)⁹

349 1431 647 1503 ἱερωσύνης
678 1433 1072 1504 ὑπερϐάλλουσι
1104 1434 1251 1502 λόγοι
1301 1434 1380 1504 τῷ
1424 1453 1483 1488 τε
1529 1436 1653 1505 ὕψει
1698 1438 1792 1491 καὶ
1837 1439 1902 1510 τῇ

344 1525 546 1594 φράσει
574 1525 668 1578 καὶ
689 1527 755 1596 τῇ
779 1525 1012 1596 λειότητι
1041 1527 1133 1580 καὶ
1159 1525 1237 1596 τῷ
1263 1526 1450 1581 κάλλει
1466 1528 1575 1581 τῶν
1599 1529 1902 1599 ὀνομάτων.

343 1615 569 1678 Τούτοις
628 1615 914 1688 ἐφάμιλλοι
960 1618 1056 1670 καὶ
1095 1620 1142 1672 οἱ
1182 1621 1262 1683 εἰς
1306 1621 1437 1684 τοὺς
1485 1620 1752 1690 Ψαλμοὺς
1811 1619 1906 1674 τοῦ

345 1706 510 1760 Δαυῖδ
539 1706 709 1775 λόγοι,
742 1706 836 1760 καὶ
872 1709 905 1778 ἡ
937 1707 1032 1761 τοῦ
1057 1708 1198 1762 κατὰ
1264 1709 1516 1781 Ἰωάννην
1563 1710 1904 1779 Εὑαγγελίου

345 1801 610 1870 σημασία,
638 1799 732 1854 καὶ
763 1799 832 1854 τὰ
855 1803 935 1865 εἰς
959 1802 1052 1855 τὸν
1081 1801 1358 1856 Ματθαῖον
1385 1802 1501 1856 ῗκαὶ
1534 1802 1760 1874 Μάρκον
1807 1801 1904 1858 καὶ

342 1891 558 1945 Λουκᾶν
587 1892 974 1962 ὑπομνήματα.
1005 1891 1088 1945 Τά
1126 1892 1183 1946 δὲ
1220 1893 1382 1946 λοιπὰ
1417 1893 1584 1948 αὑτοῦ
1615 1893 1902 1964 συγγράμ-

343 2000 490 2051 ματα
534 1985 818 2054 κρείττονα
878 1984 1113 2056 ἀριθμοῦ
1160 1985 1440 2055 τυγχάνει.
1488 1986 1742 2040 Ἀπασαν
1792 1985 1902 2056 γὰρ

354 2075 649 2149 Ἶουδαῖκὴν
665 2077 888 2151 Γραφὴν
922 2079 1015 2132 καὶ
1045 2078 1429 2150 Χριστιανικὴν
1455 2079 1901 2150 ὑπεμνημάτισεν

339 2167 415 2231 ὡς
436 2166 594 2232 ἄλλος
627 2168 820 2231 οὐδείς.
863 2168 976 2233 Τὰς
1000 2168 1108 2223 τῶν
1152 2171 1444 2242 μαρτύρων
1479 2171 1534 2223 δέ
1564 2169 1901 2240 πανηγύρεις

339 2262 651 2332 ἐπηύξησεν
668 2262 725 2316 ἐν
760 2261 840 2334 τῷ
871 2262 1175 2334 σχεδιάζειν
1206 2263 1636 2334 ἀνεμποδίστως,
1679 2263 1773 2314 καὶ
1794 2262 1895 2332 τὴν

339 2352 588 2421 γλῶσσαν
625 2354 791 2408 αὐτοῦ
810 2356 1108 2426 καταρρεῖν
1135 2355 1272 2426 ὑπὲρ
1307 2356 1432 2418 τοὺς
1474 2354 1748 2425 Νειλῲους
1793 2371 1895 2407 κα-

337 2447 668 2518 ταρράκτας.
707 2448 895 2511 Οὐδεὶς
915 2443 1008 2502 οὖν
1038 2447 1144 2501 τῶν
1168 2449 1266 2503 ἀπ’
1288 2448 1483 2510 αἰῶνος
1521 2447 1790 2511 τοιαύτην
1808 2446 1896 2497 λό-

338 2555 450 2604 γων
468 2539 782 2610 ηὐπόρησεν
814 2539 1055 2612 εῦροιαν,
1088 2543 1154 2610 ἥν
1179 2540 1338 2610 μόνος
1368 2541 1530 2604 αὐτὸς
1562 2540 1893 2610 ἐπλούτησε,

337 2630 430 2682 καὶ
460 2628 619 2700 μόνος
637 2630 943 2702 άκιδδήλως
969 2632 1030 2685 τὸ
1056 2632 1291 2703 χρυσοῦν
1328 2649 1387 2684 τε
1419 2632 1515 2684 καὶ
1542 2632 1683 2685 θεῖον
1729 2631 1893 2700 ἐκλη-

339 2721 638 2793 ρονόμησεν
668 2724 859 2795 ὄνομα.
884 2723 1004 2778 Τῶν
1033 2725 1088 2778 δέ
1125 2726 1570 2795 συγγραμμάτων
1597 2724 1759 2777 αὑτοῦ
1792 2740 1895 2777 κα·

336 2813 584 2882 ταλέγειν
611 2815 702 2869 τὸν
727 2816 957 2888 ἀριθμὸν
979 2818 1080 2871 οὐκ
1106 2815 1414 2888 ἀνθρώπου,
1445 2816 1579 2869 Θεοῦ
1609 2816 1663 2868 δὲ
1693 2815 1895 2883 μᾶλλον

333 2906 428 2958 τοῦ
459 2906 528 2959 τά
552 2906 728 2962 πάντα.
766 2908 1143 2977 γινώσκοντος.
1183 2901 1351 2972 Οὗτος
1383 2911 1412 2962 ὁ
1452 2908 1604 2975 ἅγιος
1641 2907 1894 2974 Ἰωάννης

333 2999 362 3050 ὁ
385 2999 767 3070 Χρυσόστομος
801 3001 1044 3073 ἀσκητὴς
1067 2997 1135 3072 ἦν
1166 3003 1332 3072 ἄκρος
1357 3001 1451 3052 καὶ
1480 2999 1896 3068 πολυάγρυπνος

334 3092 428 3145 καὶ
455 3091 748 3164 φιλήσυχος
786 3093 926 3158 λίαν,
957 3094 1052 3146 καὶ
1084 3093 1170 3146 διὰ
1206 3093 1365 3163 ζῆλον
1414 3089 1767 3160 σωφροσύνης
1801 3087 1894 3140 εὐ-

334 3185 742 3256 παρῤησίαστος
769 3185 866 3238 καὶ
902 3184 1226 3256 ἀκρόχολος’
1264 3182 1423 3252 θυμῷ
1456 3183 1564 3251 γὰρ
1602 3180 1821 3252 μᾶλλον,
1856 3182 1889 3251 ἢ

332 3277 473 3330 αἰδοῖ
493 3275 798 3347 ἐχαρίζετο,
837 3275 932 3328 καὶ
970 3273 1421 3344 ἐλευθεροστομίᾳ
1456 3271 1594 3343 πρὸς
1637 3273 1764 3334 τοὺς
1807 3273 1893 3325 ἐν-

329 3369 699 3437 τυγχάνοντας
733 3365 988 3437 ἀμέτρως
1023 3365 1309 3434 ἐκέχρητο.
1340 3365 1450 3417 Καὶ
1476 3366 1532 3416 ἐν
1574 3364 1672 3434 μὲν
1701 3364 1778 3434 τῷ
1809 3364 1891 3417 δι-

330 3457 552 3511 δάσκειν
586 3457 757 3518 πολὺς
777 3450 847 3526 ἦν
876 3455 1013 3526 πρὸς
1034 3453 1322 3523 ὠφέλειαν,
1360 3455 1416 3507 ἐν
1436 3453 1492 3506 δὲ
1533 3456 1654 3518 ταῖς
1696 3471 1890 3506 συντυ-

331 3550 477 3620 χίαις
521 3547 837 3611 άλαζονικός
868 3565 952 3612 τις
994 3547 1088 3600 καὶ
1122 3547 1434 3618 ὑπερόπτης
1458 3547 1739 3618 ἐνομίζετο
1777 3551 1891 3612 τοῖς

332 3641 495 3694 αὐτὸν
519 3637 797 3707 ἀγνοοῦσι.
831 3639 920 3692 Διὸ
948 3639 1041 3693 καὶ
1061 3640 1156 3692 ἐπὶ
1201 3638 1298 3710 τὴν
1331 3641 1634 3712 ἐπισκοπὴν
1656 3640 1895 3711 προϐλη-

331 3734 467 3798 θεὶς,
494 3734 702 3804 μείζονι
717 3735 879 3805 όφρύῖ
899 3737 1042 3788 κατὰ
1062 3733 1168 3788 τῶν
1183 3735 1434 3803 ὑπηκόων
1447 3736 1733 3806 ἐκέχρητο,
1758 3734 1895 3806 πρὸς

332 3825 620 3897 διόρθωσιν
657 3825 889 3880 ἑκάστου
922 3827 1017 3880 καὶ
1053 3829 1326 3899 σωτηρίαν
1364 3828 1613 3892 καὶτοὺς
1654 3829 1895 3898 τρόπους

332 3917 580 3981 καὶτοὺς
617 3916 806 3987 λόγους
841 3919 1240 3988 μεταλλάττων.
1289 3920 1363 3972 Οὑ
1398 3920 1596 3984 τοίνυν,
1620 3921 1669 3972 εἰ
1710 3921 1783 3991 μή
1813 3937 1896 3980 τις

329 4011 417 4080 εἴη
450 4008 635 4075 κόλαξ,
661 4009 850 4064 τοῦτον
885 4011 1118 4076 ἀλαζόνα
1151 4012 1432 4082 νομιστέον
1475 4007 1614 4065 εἶναι
1635 4028 1649 4041 ’
1680 4012 1789 4065 οὐδ’
1824 4011 1894 4064 αὖ

332 4101 513 4166 πάλιν,
533 4104 581 4154 εί
609 4102 772 4170 κόλαξ
796 4104 880 4173 είη
907 4103 1002 4156 καὶ
1028 4103 1282 4172 ἀγεννὴς,
1311 4104 1497 4155 τοῦτον
1521 4103 1892 4172 μετριόφρονα

329 4191 578 4246 λεκτέον·
598 4192 736 4247 ἀλλὰ
767 4195 859 4247 τὸν
891 4195 949 4249 ἐν
967 4196 1032 4265 τῇ
1065 4195 1417 4264 προσηκούσῃ
1447 4194 1602 4260 τάξει
1631 4197 1697 4265 τῇ
1742 4195 1892 4247 ἐλευ-

331 4285 511 4356 Θέροις
541 4288 829 4359 πρεπούσῃ
868 4289 1062 4341 ἐαυτὸν
1098 4288 1454 4356 φυλάττοντα,
1506 4287 1894 4358 μεγαλόψυχον

333 4377 431 4443 μὲν
468 4372 606 4432 εἶναι
651 4379 942 4449 προσήκει,
975 4380 1074 4449 οὐχ
1104 4379 1475 4452 ὑπερήφανον,
1523 4380 1788 4451 ἀνδρεῖον,
1826 4383 1887 4435 οὐ

330 4464 555 4534 Θρασὺν,
574 4465 812 4536 ἐπιεικῆ,
834 4467 894 4519 οὐ
923 4466 1288 4540 δουλοπρεπῆ,
1316 4470 1695 4541 μετριὸφρονα,
1715 4472 1774 4524 οὐ
1800 4489 1893 4525 τα-

331 4574 398 4610 πε
409 4556 760 4629 ινοφροσύνην
777 4559 1222 4629 ὑποκρινόμενον,
1242 4561 1566 4634 ἐλευθέριον,
1583 4565 1680 4618 οὐκ
1697 4565 1891 4636 ἀνδρα-

325 4646 542 4718 ποδώδη
567 4663 581 4678 ·
617 4645 765 4720 [Ξ90]
801 4648 876 4710 ὡς
911 4649 1005 4703 καὶ
1022 4650 1184 4714 αὐτὸς
1211 4651 1357 4719 λέγει
1379 4670 1393 4685 ·
1435 4653 1538 4707 Διὰ
1564 4654 1737 4708 τοῦτο
1763 4671 1890 4709 ποι-

327 4742 504 4794 κίλον
539 4734 694 4793 εἶναι
721 4738 818 4792 δεῖ
865 4740 969 4794 τὸν
1025 4744 1278 4811 ποιμένα
1331 4743 1427 4798 καί
1467 4744 1842 4801 διδάσκαλον
1867 4764 1879 4777 ·

327 4831 609 4884 ποικίλον
655 4829 723 4883 δέ
773 4832 948 4902 λέγω,
979 4834 1091 4902 οὐχ
1151 4835 1424 4890 ὕπουλον
1478 4836 1619 4891 οὐδὲ
1651 4839 1882 4892 κόλακα

325 4923 424 4976 καὶ
445 4920 759 4992 ὑϐριστὴν,
794 4923 953 4978 ἀλλὰ
976 4926 1215 4996 πολλῆς
1245 4927 1586 5003 ἐλευθερίας
1612 4928 1709 4982 καί
1737 4932 1884 4999 παῤ-

321 5015 545 5084 ρησίας
575 5015 934 5085 ἀνάμεστον,
971 5019 1167 5071 εἰδότα
1198 5019 1297 5073 καὶ
1327 5021 1712 5090 συγκατιέναι
1737 5038 1882 5090 χρη-

323 5110 532 5178 σίμως,
575 5107 724 5162 ὅταν
771 5109 994 5179 ἀπαιτῇ
1039 5112 1215 5166 τοῦτο
1265 5114 1303 5182 ἡ
1355 5112 1470 5166 τῶν
1518 5111 1877 5182 πραγμάτων

321 5203 628 5268 ὑπόθεσις,
659 5201 756 5255 καί
780 5202 1047 5271 χρηστὸν
1072 5199 1223 5259 εἷναι
1254 5204 1400 5274 όμοῦ
1424 5204 1520 5259 καὶ
1547 5205 1873 5272 αὐστηρόν.

317 5292 398 5344 Οὐ
437 5291 545 5361 γὰρ
572 5291 662 5345 ἐνί
679 5293 872 5361 τρόπῳ
887 5292 1146 5362 χρῆσθαι
1165 5296 1289 5361 τοῖς
1304 5293 1654 5364 ἀρχομένοις
1683 5295 1871 5349 ἅπασι

321 5384 489 5439 δέον·
547 5385 673 5440 ἐπεὶ
719 5386 874 5455 μηδὲ
931 5387 1142 5456 ἰατρῶν
1192 5387 1402 5442 παισὶν
1455 5386 1546 5440 ἑνὶ
1585 5386 1873 5455 φαρμάκῳ

2014 1067 2165 1123 πᾶσι
2197 1070 2321 1136 τοῖς
2347 1072 2643 1140 κάμνουσι
2678 1078 3119 1146 προσφέρεσθαι
3167 1084 3378 1144 καλὸν.
3412 1086 3568 1154 μηδὲ

2013 1161 2344 1230 κυϐερνήτῃ
2369 1164 2516 1232 μίαν
2555 1163 2701 1218 ὁδὸν
2733 1166 2882 1222 ἱέναι
2919 1169 3026 1237 τῆς
3081 1174 3228 1241 πρὸς
3274 1175 3345 1228 τὰ
3381 1180 3565 1232 πνεύ-

2006 1271 2165 1322 ματα
2201 1254 2420 1323 μάχης.
2475 1255 2798 1323 Ἐννόησον
2836 1256 2949 1314 οὖν
2994 1263 3204 1318 ὁποῖόν
3241 1283 3374 1320 τινα
3415 1266 3566 1324 εἶναι

2009 1345 2126 1414 χρὴ
2154 1346 2258 1399 τὸν
2279 1346 2584 1414 μέλλοντα
2625 1349 2773 1418 πρὸς
2801 1351 3058 1421 χειμῶνα
3105 1358 3400 1412 τοσοῦτον
3427 1362 3556 1415 ἀνθ-

2009 1434 2170 1500 έξειν
2197 1435 2297 1489 καὶ
2326 1437 2610 1504 τοιαύτην
2642 1437 2828 1507 ζάλην
2868 1444 2962 1496 καί
3006 1446 3272 1502 τοσαῦτα
3310 1451 3562 1518 κύματα,

2008 1526 2156 1595 πρὸς
2193 1527 2260 1580 τὸ
2289 1527 2570 1597 γενέσθαι
2606 1530 2731 1597 τοῖς
2753 1531 2908 1588 πᾶσι
2941 1535 3159 1602 πάντα,
3199 1540 3301 1593 ἵνα
3335 1541 3561 1608 πάντας

2005 1621 2296 1692 κερδήσῃ.
2332 1626 2441 1679 Καὶ
2482 1627 2592 1696 γὰρ
2621 1628 2849 1697 σεμνὸν
2868 1624 3022 1684 εἶναι
3044 1630 3139 1684 δεῖ
3159 1631 3268 1684 τὸν
3294 1634 3569 1690 τοιοῦτον

2005 1714 2104 1768 καὶ
2135 1714 2367 1785 ἄτυφον
2418 1718 2517 1772 καί
2566 1721 2820 1788 φοϐερὸν
2866 1721 2964 1774 καί
2999 1722 3278 1792 προσηνῆ
3332 1726 3430 1778 καὶ
3461 1727 3565 1795 ἀρ-

2004 1808 2295 1877 χοντικόν
2341 1809 2441 1862 καὶ
2499 1811 2852 1865 κοινωνικὸν
2911 1813 3011 1864 καὶ
3074 1813 3411 1868 ἀδέκαστον
3467 1816 3566 1870 καί

2005 1902 2435 1968 θεραπευτικὸν
2482 1903 2581 1957 καί
2621 1902 2906 1957 ταπεινὸν
2942 1904 3040 1958 καί
3082 1905 3428 1960 ἀδούλωτον
3465 1907 3564 1960 καί

2001 1992 2258 2060 φαιδρὸν
2281 1993 2380 2048 καὶ
2413 1995 2657 2064 ἥμερον,
2689 1996 2789 2049 ἵνα
2819 1996 3004 2049 ταῦτα
3025 1999 3290 2064 εὐκόλως
3313 1997 3564 2066 δύνηται

1995 2083 2314 2154 μάχεσθαι.
2371 2088 2609 2141 Οὐκοῦν
2663 2087 2759 2142 δεῖ
2805 2091 2912 2143 τὸν
2976 2089 3414 2160 ἐναργέστατον
3464 2091 3566 2146 καὶ

2000 2176 2296 2246 ἐχέφρονα
2317 2180 2562 2246 φεύγειν
2587 2181 2652 2234 τὸ
2700 2180 3058 2236 κολακεύειν
3102 2179 3202 2234 καὶ
3241 2184 3561 2236 κολακεύε-

2001 2270 2162 2331 σθαι,
2198 2267 2350 2335 μήτε
2375 2267 2728 2329 ἀλαζονικὸν
2762 2271 2914 2324 εἶναι
2930 2269 3084 2339 μήτε
3129 2271 3381 2335 κόλακα,
3424 2271 3562 2326 ἀλλ’

2001 2356 2349 2425 ἀμφοτέρων
2372 2356 2489 2411 τῶν
2513 2359 2710 2412 κακῶν
2735 2361 2960 2413 τούτων
2992 2357 3264 2420 κολάζειν
3290 2358 3406 2427 τὴν
3431 2361 3564 2430 ἀμε·

2001 2449 2202 2517 τριάν·
2239 2449 2338 2502 καί
2369 2450 2688 2517 ἐλεύθερον
2727 2447 2901 2515 εἶναι,
2935 2451 3088 2520 μήτε
3125 2453 3210 2517 εις
3243 2452 3566 2514 αὐθάδειαν

2000 2540 2428 2606 ἀποκλίνοντα,
2473 2541 2629 2610 μήτε
2669 2543 2757 2607 είς
2792 2541 3270 2610 δουλοπρέπειαν
3316 2545 3563 2598 καταπί-

2001 2644 2246 2685 πτοντα.
2277 2630 2433 2699 Πρὸς
2454 2631 2571 2700 μὲν
2609 2634 2720 2700 γὰρ
2749 2631 2892 2698 τοὺς
2932 2633 3233 2702 χρηστοὺς
3277 2632 3563 2690 ταπεινὸν

2000 2719 2295 2786 ὑπάρχειν
2321 2719 2430 2785 δεῖ,
2452 2721 2602 2788 πρὸς
2624 2720 2691 2774 δὲ
2721 2721 2965 2789 θρασεῖς
2989 2725 3254 2791 ὑψηλόν.
3291 2724 3561 2792 Ἐπείπερ

2001 2815 2054 2866 οί
2083 2811 2200 2880 μὲν
2226 2811 2446 2879 ἀρετὴν
2471 2809 2623 2865 εἶναι
2648 2811 2764 2880 τὴν
2801 2813 3129 2867 ἐπιείκειαν
3166 2813 3476 2882 ἡγοῦνται,
3507 2817 3562 2869 οἱ

2000 2904 2067 2958 δὲ
2104 2904 2386 2972 ἀνδρείαν
2408 2905 2748 2973 θρασύτητα
2765 2920 2779 2935 ·
2807 2904 3063 2970 ἐκείνοις
3081 2904 3202 2972 μὲν
3225 2903 3337 2972 τὴν
3361 2921 3562 2959 ταπει-

1999 3001 2389 3067 νοφροσύνην
2403 2998 2783 3066 προσφέρειν,
2801 2997 3033 3062 τούτοις
3048 2995 3116 3049 δὲ
3131 2996 3244 3064 τὴν
3257 2996 3558 3064 ἀνδρείαν,

2000 3092 2420 3143 σϐεννύουσαν
2469 3088 2667 3149 αὐτῶν
2703 3089 2816 3155 τὴν
2865 3087 2985 3140 ἀπὸ
3031 3085 3142 3154 τῆς
3186 3089 3561 3156 θρασύτητος

1999 3182 2188 3246 δόξαν
2212 3197 2226 3211 ·
2257 3182 2355 3235 ἵνα
2383 3181 2524 3247 τοὺς
2546 3180 2663 3249 μὲν
2693 3179 3037 3248 ὠφελήσῃς,
3080 3177 3198 3232 τῶν
3241 3178 3310 3232 δὲ
3360 3195 3562 3234 ταπει-

1999 3273 2203 3343 νώσῃς
2229 3274 2297 3327 τὸ
2322 3274 2613 3342 φρόνημα.
2667 3271 2873 3343 Καιρδς
2910 3271 3022 3340 γὰρ
3064 3269 3144 3341 τῷ
3195 3270 3359 3324 παντὶ
3411 3271 3558 3342 πρά·-

2001 3383 2194 3436 γματι,
2229 3367 2379 3434 φησι
2411 3363 2726 3435 Σολομῶνο
2764 3363 3060 3428 τουτέστι,
3109 3363 3562 3431 ταπεινότητος,

1998 3458 2303 3524 ἐξουσίας,
2335 3457 2607 3529 ἐλέγχου,
2633 3457 3085 3526 παρακλήσεως,
3112 3455 3378 3524 φειδοῦς,
3407 3457 3563 3525 παρ-

1990 3550 2235 3618 ρησίας,
2253 3553 2679 3620 χρηστότητος,
2699 3550 3052 3619 ἀποτομίας.
3069 3547 3167 3602 καί
3189 3547 3560 3614 ἁπαξαπλῶς

1998 3638 2224 3703 παντὸς
2272 3638 2650 3709 πράγματος·
2713 3639 2868 3693 ὥστε
2943 3638 3088 3692 ποτὲ
3150 3638 3268 3706 μὲν
3336 3637 3405 3691 τὸ
3445 3637 3555 3706 τῆς

1993 3732 2416 3798 ταπεινότητος
2442 3732 2762 3798 δεικνύειν,
2810 3731 2906 3786 καὶ
2933 3733 3237 3798 μιμεῖσθαι
3258 3731 3328 3784 ἐν
3355 3746 3559 3809 ταπει-

1993 3821 2174 3876 νώσει
2226 3823 2299 3876 τὰ
2341 3819 2546 3876 παιδία
2577 3823 2726 3877 κατὰ
2784 3822 2899 3889 τὴν
2953 3821 3260 3891 Κυριακὴν
3313 3821 3558 3891 φωνήνο

1995 3912 2140 3966 ποτὲ
2178 3911 2245 3965 δὲ
2292 3911 2364 3980 τῇ
2411 3911 2662 3978 ἐξουσίᾳ
2712 3912 3081 3980 κεχρῆσθαι,
3126 3911 3208 3979 ἦν
3249 3911 3472 3965 ἔδωκεν
3524 3911 3560 3966 ὁ

1993 4005 2246 4074 Χριστὸς
2276 4007 2358 4069 εὶς
2394 4003 2739 4072 οἰκοδομὴν,
2771 4002 2873 4057 καὶ
2900 4005 3010 4057 οὐκ
3057 4005 3145 4069 είς
3187 4003 3556 4072 καθαίρεσιν,

1993 4095 2198 4163 ὅτανὴ
2261 4096 2433 4165 χρεία
2475 4094 2715 4163 ὲπιζητῇ
2758 4093 2873 4162 τὴν
2919 4095 3292 4164 παρρησίανο
3348 4093 3447 4147 καὶ
3490 4095 3560 4150 ἐν

1991 4191 2174 4260 καιρῷ
2205 4191 2322 4261 μὲν
2363 4189 2799 4258 παρακλήσεως
2835 4189 2901 4243 τὸ
2942 4189 3210 4258 χρηστὸν
3251 4188 3560 4244 ἐνδείκνυ-

1992 4285 2151 4347 σθαι,
2184 4283 2254 4336 ἐν
2294 4282 2478 4350 καιρῷ
2523 4281 2591 4334 δέ
2624 4281 2953 4351 ἀποτομίας
2986 4283 3094 4334 τὸν
3131 4278 3317 4350 ζῆλον
3348 4281 3561 4350 ἐμφαί-

1991 4389 2153 4426 νειν·
2186 4373 2282 4426 καὶ
2327 4373 2420 4442 ἐφ’
2477 4370 2741 4425 ἑκάστου
2786 4370 2904 4425 τῶν
2948 4370 3154 4426 ἄλλων
3191 4373 3407 4440 ὁμοίως
3450 4371 3560 4426 τὸν

1991 4463 2265 4530 ἔγκριτον
2317 4460 2416 4513 καί
2475 4459 2711 4513 δίκαιον
2767 4461 3062 4530 λογισμὸν
3127 4459 3556 4530 ἀποφέρεσθαι.

1989 4554 2258 4623 Λογισμοὶ
2289 4552 2397 4624 γὰρ
2424 4551 2656 4605 δικαίων
2681 4551 2946 4624 κρίματα.
2997 4553 3104 4605 Καὶ
3157 4552 3432 4623 Ἰσίδωρος
3462 4552 3518 4604 δέ
3539 4570 3553 4583 ·

1993 4648 2106 4702 Τὸν
2119 4647 2379 4715 ἄρχοντα
2402 4646 2636 4700 δίκαιον
2654 4646 2806 4700 εἶναι
2827 4645 2923 4699 δεῖ
2938 4646 3034 4700 καὶ
3066 4645 3343 4714 φοϐερὸν,
3389 4645 3467 4698 ἵν’
3501 4648 3556 4699 οί

1983 4739 2101 4811 μὲν
2149 4736 2218 4794 εὖ
2243 4740 2527 4806 ,βιοῦντες
2559 4739 2852 4810 θαρῤοῖεν,
2911 4740 2965 4791 οί
3020 4737 3070 4790 δ’
3115 4736 3557 4807 ἁμαρτάνοντες

1992 4834 2258 4887 όκνοῒενο
2299 4831 2550 4901 θάτερον
2601 4832 2711 4903 γὰρ
2763 4829 3011 4899 θατέρου
3061 4829 3238 4899 χωρὶς
3300 4830 3558 4899 ἀναρχία

1985 4921 2229 4992 μᾶλλόν
2249 4923 2440 4987 ἐστιν,
2471 4921 2510 4990 ἣ
2553 4921 2730 4991 ἀρχή.
2769 4921 2840 4972 El
2865 4917 2979 4987 μὲν
3007 4917 3114 4986 γὰρ
3144 4917 3366 4982 πάντες
3393 4912 3558 4987 ἦσαν

1989 5015 2281 5082 εὐπειθεῖς
2306 5014 2403 5068 καὶ
2428 5012 2734 5083 φιλάρετοι
2755 5051 2770 5076 ,
2797 5010 3160 5080 ἀγαθότητος
3196 5007 3318 5062 έδει
3339 5009 3554 5077 μόνης·

1990 5113 2040 5163 εί
2089 5109 2157 5164 δὲ
2213 5104 2754 5178 φιλαμαρτήμονες,
2809 5103 2996 5172 φόϐου
3024 5119 3037 5132 ο
3081 5100 3288 5169 ἐπειδὴ
3342 5099 3411 5153 δὲ
3455 5101 3556 5153 καὶ

1989 5203 2200 5272 ἀγαθοί
2233 5206 2351 5257 εισι
2381 5203 2476 5257 καί
2513 5200 2708 5265 κακοί,
2737 5199 3036 5268 ἀμφότερα
3069 5196 3558 5269 καταχειριστέον

1989 5293 2068 5358 τῷ
2091 5295 2332 5364 ἄρχοντι
2355 5293 2448 5348 καί
2478 5292 2909 5363 προϊσταμένῳ.
