4018 6138
359 236 461 291 Ηῖῑ

1546 231 1629 284 DE
1669 230 1723 284 S.
1765 227 2022 282 JOANNE
2060 228 2422 287 CIIRYSOST.

3479 247 3574 302 ιιι

875 453 1094 497 vretm
1137 452 1464 496 TAPSENSIS
1511 452 1704 495 EPISC.
1751 453 1995 495 CONTRA
2043 455 2458 498 eurrcuereu
2505 458 2623 500 ue.
2674 461 2716 514 ι,
2762 461 2897 504 car.
2945 445 3044 506 15.

427 557 572 615 Uade
618 557 896 611 hortamur
947 569 1130 609 omnes
1175 554 1416 606 homines
1455 551 1692 607 nefanda:
1750 552 1907 620 hujus

350 630 583 700 perﬁdia:
619 637 933 700 sectatores,
965 625 1085 678 dum
1117 625 1218 677 vita
1251 632 1427 700 manet
1455 663 1468 684 ,
1499 622 1623 676 dum
1656 624 1908 700 ppnitere

349 691 509 762 iicet,
555 699 749 750 erroris
803 696 886 748 sui
935 706 1138 748 mutare
1177 694 1512 752 sententiam,
1563 703 1617 746 et
1667 691 1906 760 Gregorii

349 771 525 837 potius
559 777 711 836 atque
745 765 965 837 Basilii,
1022 764 1308 837 Theophili
1345 773 1641 837 qu‘oqueeet
1689 762 1906 837 Joannis

348 833 579 892 civitatis
615 833 1202 903 constantinopolitana:
1227 833 1575 902 opinatissimi
1613 834 1858 885 allliStiliS
1881 871 1896 898 ,

2008 570 2224 628 necnon
2252 563 2314 628 et_
2335 553 2520 625 Cyrilli
2567 556 2906 628 alexandrini
2939 557 3206 628 episcopi,
3248 565 3306 614 et
3326 555 3563 618 aliorum

2008 624 2561 693 quamplurimbrum,
2576 626 2669 694 qui
2698 624 3004 696 antiquitus
3028 628 3080 682 in
3094 624 3338 684 Ecclesia
3358 629 3562 686 ﬂorue-

2009 703 2348 773 r_unt.super
2391 696 2675 773 utriusque
2711 706 2920 773 natura:
2971 701 3308 773 proprietate
3360 703 3562 773 sectari

2007 764 2336 826 doctrinam,
2357 764 2601 832 quorum
2627 765 2707 819 eis
2722 768 2788 820 de
2814 768 2914 821 hac
2937 764 2995 823 re
3030 764 3332 826 séntentias
3359 772 3563 826 extrin-

2007 850 2165 888 secus
2187 832 2471 889 oli'erimus
2503 837 2876 906 perlegendas.

3181 969 3540 990 ..ι-ιι...-

1348 1055 1565 1099 SUIDAS
1608 1056 1688 1097 ΕΤ
1729 1055 2114 1100 ϐῠιιιειιιυε
2157 1057 2639 1104 ΡΑετιιεΝρισῦε.

426 1190 445 1222 ι
469 1169 700 1224 Joannes
725 1164 1085 1220 Antiochenus
1110 1162 1300 1234 (inquit
1326 1161 1539 1234 Stiidas)
1566 1171 1914 1234 cognomento

345 1241 777 1310 Chrysestomus,
808 1236 1067 1310 principio
1076 1231 1352 1310 presbyter
1365 1232 1780 1310 fuitenliochim,
1799 1231 1904 1310 [ξιι-

346 1301 481 1366 sebii
511 1309 758 1362 Emeseni
791 1301 1093 1374 philosophi
1131 1315 1184 1357 ct
1225 1301 1434 1357 Diodori
1475 1302 1779 1374 discipulus.
1799 1301 1905 1374 llic

347 1382 512 1434 multa
541 1372 818 1446 scripsisse
845 1372 1172 1435 narraiur.in
1199 1374 1387 1446 quibus
1404 1373 1668 1426 excellunt
1693 1372 1810 1446 libri
1837 1372 1904 1426 de

344 1444 682 1507 Sacerdotio,
709 1458 816 1500 tum
834 1446 1153 1499 sublimitate
1170 1453 1223 1496 et
1241 1445 1398 1514 stylo,
1427 1451 1535 1496 tum
1568 1444 1834 1514 suavitate
1849 1450 1904 1496 et

346 1520 607 1588 elegantia
622 1518 902 1588 verborum
913 1556 926 1568 .
941 1515 1072 1568 Cum
1096 1514 1176 1566 his
1189 1511 1490 1588 concertant
1502 1527 1774 1588 sertnenee
1788 1511 1904 1578 ejus

344 1592 397 1646 in
429 1581 644 1645 Davidis
674 1587 925 1648 Psalmos,
947 1595 1000 1638 et
1025 1584 1388 1637 annotationes
1415 1585 1465 1635 in
1491 1582 1709 1635 Joannis
1732 1581 1905 1635 Evan-

345 1661 560 1730 geliumﬁ,
584 1661 705 1713 etin
732 1658 1058 1730 Matthaeum,
1074 1654 1303 1730 Marcum
1323 1662 1376 1706 et
1399 1653 1591 1706 Lucam
1615 1653 1900 1706 Commen-

347 1725 488 1784 iarii.
516 1729 720 1783 Caetera
759 1741 884 1780 vero
928 1726 1044 1792 ejus
1087 1725 1277 1792 scripta
1326 1739 1599 1775 numerum
1630 1731 1900 1789 superant.

346 1801 535 1855 Totam
585 1800 726 1852 enim
764 1795 1027 1865 judaicam
1070 1804 1123 1848 et
1166 1793 1506 1865 christianam
1579 1793 1900 1865 scripturam

351 1862 778 1924 commentariis
806 1867 1122 1925 illustravit,
1164 1873 1223 1917 ut
1261 1863 1393 1916 alius
1441 1877 1616 1916 nemo.
1647 1862 1903 1916 Plurimas

347 1943 504 1996 etiam
543 1941 594 1993 in
636 1937 842 1992 laudem
874 1949 1163 2006 martyrum
1197 1948 1337 2006 serpe
1363 1943 1695 2006 extempore
1725 1931 1906 1986 habuit

348 2012 460 2075 ille,
485 2011 636 2078 cujus
664 2008 854 2077 linguae
878 2001 1190 2078 proﬂuvium
1217 2004 1356 2072 ipsas
1382 2001 1482 2056 Nili
1507 2011 1796 2078 eataraetas
1823 2014 1904 2078 su-

346 2070 606 2152 ικειέώιιὶ.Δ
633 2070 816 2132 ΝυιΓιιε
854 2070 1111 2152 έὺηριιιιιί
1163 2070 1276 2152 aevo
1312 2082 1452 2152 tenta
1492 2070 1721 2152 dieendi
1750 2071 1901 2152 copia

349 2139 667 2212 abundavit,
701 2158 891 2217 quanta
931 2145 1023 2217 ille
1063 2145 1309 2217 praeditus
1337 2142 1435 2196 fuit
1465 2157 1478 2194 :
1510 2141 1644 2194 adeo
1673 2149 1728 2194 ut
1753 2139 1902 2194 solus

344 2223 537 2276 merito
577 2215 794 2272 aureum
839 2215 968 2270 illud
998 2226 1050 2270 et
1077 2216 1310 2269 divinum
1348 2226 1539 2266 nomen
1585 2220 1901 2265 consecutus

348 2293 434 2344 sit.
469 2291 798 2358 Scriptorum
827 2287 942 2356 ejus
975 2301 1250 2358 numerum
1279 2297 1556 2358 recensere
1585 2296 1688 2334 non
1720 2281 1899 2358 homi-

346 2363 428 2414 nis
467 2351 612 2416 essei
631 2401 646 2425 ,
689 2358 782 2411 sed
812 2351 902 2411 Dei
932 2358 1134 2426 potius.
1166 2355 1252 2424 qui
1283 2354 1457 2426 omnia
1487 2351 1776 2420 cognoscit.
1806 2351 1901 2426 llic

344 2432 400 2485 S.
430 2420 668 2486 Joannes
697 2420 1103 2496 Ctirysosiomus
1128 2420 1300 2479 asceta
1339 2423 1435 2476 fuit
1460 2437 1695 2496 summus
1716 2463 1731 2487 ,
1762 2420 1899 2496 mul-

346 2513 561 2569 tumque
593 2492 858 2569 vigilabat,
887 2497 1151 2569 etquietis
1177 2504 1290 2569 erat
1309 2492 1720 2569 amantissimus,
1751 2502 1804 2569 et
1833 2492 1901 2544 ob

346 2562 618 2625 sumntum
645 2562 1015 2637 'temperantiie
1055 2565 1223 2637 zelum
1264 2567 1314 2618 in
1351 2562 1574 2637 dicendo
1604 2562 1901 2637 liberrimus

343 2652 458 2695 erat
500 2652 555 2695 et
590 2639 656 2694 ad
694 2633 824 2692 ira—in
864 2637 1111 2705 proclivis
1144 2654 1156 2689 :
1192 2636 1282 2688 ira:
1327 2635 1465 2705 enim
1509 2633 1709 2705 magis,
1743 2647 1898 2702 quam

343 2711 531 2781 pudori
557 2703 972 2781 obsequebatur,
1003 2715 1057 2781 et
1093 2705 1372 2781 immediea
1411 2703 1902 2781 dicendinlibertate

344 2774 601 2835 adversus
624 2774 894 2834 auditores
922 2776 1186 2830 utebatur.
1217 2775 1275 2828 In
1302 2775 1540 2828 docendo
1568 2774 1900 2834 utilissimus,

343 2852 395 2905 in
421 2851 796 2921 congressibus
823 2849 1118 2916 arrogantia
1147 2856 1204 2900 et
1235 2846 1376 2921 fastu
1418 2843 1670 2921 praeditus
1693 2845 1904 2921 videba-

343 2933 429 2974 tur
467 2914 649 2990 iis—qui
691 2934 811 2974 eum
851 2914 967 2971 noni
989 2925 1194 2990 norant.
1227 2915 1762 2990 Quamobremetiam
1789 2914 1901 2982 epi-

341 3005 539 3060 scopus
571 2984 877 3060 designatus
903 2987 1100 3055 majore
1128 2985 1408 3060 supercilio
1435 2985 1486 3038 in
1518 2984 1756 3060 subditos
1787 2995 1901 3038 ute-

341 3053 520 3126 batirr,
561 3061 627 3114 ad
666 3053 1000 3128 singulorum
1036 3053 1456 3128 emendationem
1493 3065 1552 3128 et
1581 3053 1803 3128 salutem
1826 3064 1902 3128 et

341 3124 520 3186 triones
548 3124 846 3186 sermonem
883 3126 1306 3180 accommodans.
1337 3125 1390 3180 Si
1419 3127 1535 3194 quis
1563 3140 1688 3192 ergo
1717 3124 1901 3177 adula-

341 3212 426 3256 tor
458 3218 562 3255 non
613 3201 798 3261 fuerit,
835 3213 937 3251 non
985 3196 1101 3250 ideo
1123 3211 1376 3265 arrogans
1403 3194 1821 3256 existimandus;
1856 3194 1899 3248 si

340 3275 461 3342 quis
494 3287 622 3326 vero
659 3271 898 3342 adulatur
937 3267 1026 3329 sit,
1068 3278 1121 3322 et
1157 3265 1367 3342 humilis
1402 3280 1616 3342 genere,
1649 3279 1752 3317 non
1777 3265 1902 3342 idee

339 3335 614 3397 modestus
640 3339 906 3394 vocandus
932 3347 1016 3392 est
1046 3354 1060 3389 :
1091 3337 1184 3390 sed
1210 3352 1330 3390 enm
1369 3337 1458 3403 qui
1489 3337 1538 3388 in
1567 3335 1898 3388 convenienti

338 3414 552 3475 ordine,
591 3413 679 3481 qui
710 3411 874 3464 libero
897 3407 1164 3470 convenit,
1196 3421 1315 3481 sese
1341 3414 1616 3481 congervat
1637 3445 1651 3470 ,
1685 3420 1902 3474 inagna-

341 3486 544 3537 nimum
572 3475 689 3537 esse
717 3489 946 3548 Oportet,
973 3493 1077 3532 non
1105 3477 1384 3548 superbum
1407 3493 1419 3538 ;
1443 3475 1655 3548 fortem,
1685 3489 1788 3527 non
1818 3490 1903 3527 au-

338 3555 527 3607 dacem
552 3570 566 3614 ;
595 3545 823 3612 comem,
851 3564 955 3602 non
984 3549 1192 3602 servilis
1220 3547 1380 3599 animi
1405 3563 1419 3609 ;
1453 3545 1770 3607 modestum,
1797 3561 1901 3598 non

339 3623 654 3677 humilitatis
681 3622 1080 3681 simulatorem;
1121 3617 1412 3678 liberalem,
1453 3629 1557 3668 non
1585 3614 1856 3669 sordidum
1883 3631 1898 3679 ;

340 3705 396 3747 ιιι
427 3705 483 3748 et
523 3696 637 3762 ipse
673 3693 801 3746 dicit
833 3707 846 3742 :
883 3708 900 3739 ι
935 3692 1108 3762 Quare
1138 3689 1334 3762 varium
1374 3702 1490 3739 esse
1533 3685 1684 3762 decet
1728 3694 1904 3754 pasto-

340 3779 455 3818 rem
497 3756 556 3816 et'
573 3765 878 3824 doctorem;
921 3760 1126 3814 vatium
1158 3758 1299 3820 dico,
1341 3773 1444 3809 non
1477 3756 1776 3820 subdolum,
1806 3771 1902 3810 nec

339 3834 694 3898 adulatorem,
741 3847 838 3886 nec
874 3829 1336 3891 contumeliosum,
1385 3827 1477 3898 sed
1521 3827 1681 3880 multa
1728 3827 1778 3880 in
1823 3826 1902 3878 di-

341 3905 514 3958 cendo
546 3905 786 3957 libertate
816 3902 1049 3971 plenum,
1082 3901 1166 3968 qui
1195 3899 1328 3971 sciat
1357 3897 1551 3971 utiliter
1579 3912 1779 3971 morem
1809 3911 1902 3964 ge-

342 3991 483 4038 rere,
506 3975 713 4042 quoties
740 3967 848 4041 ipsa
873 3987 958 4026 res
985 3971 1086 4025 hoc
1105 3967 1349 4038 requirit,
1374 3967 1646 4042 leuemque
1671 3968 1824 4042 simul
1852 3975 1904 4018 et

340 4038 614 4099 austerum
645 4038 809 4098 esse:
842 4058 945 4096 non
985 4042 1125 4094 enim
1165 4055 1283 4092 cum
1320 4038 1543 4090 subditis
1569 4038 1814 4089 omnibus
1846 4051 1903 4087 so

345 4118 455 4180 pari
503 4115 660 4168 modo
698 4127 882 4179 gerere
920 4111 1096 4166 debet.
1124 4109 1254 4164 Nam
1285 4123 1454 4177 neque
1492 4108 1725 4161 medicos
1754 4107 1903 4160 decet

411 4247 731 4300 Innumeros
761 4260 1033 4312 possemus
1075 4244 1305 4309 adiicere
1337 4245 1617 4312 scriptores
1656 4243 1815 4297 medii
1845 4253 1901 4299 et

342 4316 504 4368 infimi
547 4319 643 4366 aevi
682 4331 766 4383 qui
799 4315 865 4366 de
906 4323 1089 4367 sancto
1116 4314 1318 4368 Joanne
1340 4315 1718 4385 Clirysostomo
1746 4315 1894 4368 lucu-

341 4387 480 4440 lenta
510 4387 676 4438 tulere
706 4385 998 4438 tesumonia
1024 4401 1037 4442 ;
1071 4385 1164 4438 sed
1193 4401 1258 4437 ne
1287 4385 1492 4449 longius
1523 4385 1894 4452 procedamus,

341 4472 502 4508 unum
533 4467 729 4508 tantum
760 4453 1023 4508 Guillelmi
1057 4454 1378 4523 Pastrengici
1419 4454 1757 4519 Veronensis,
1801 4455 1900 4509 Pe-

342 4526 566 4579 trarchaa
591 4527 770 4586 amici,
794 4525 966 4578 locum
991 4524 1288 4588 all‘eremus,
1323 4525 1408 4578 ubi
1428 4525 1664 4595 quaedam
1696 4525 1897 4580 haben-

342 4604 425 4649 tur
452 4605 634 4649 notatu
657 4595 832 4663 digna.

411 4667 484 4720 De
527 4681 594 4720 eo
633 4665 745 4718 bzec
787 4665 940 4716 habet
971 4663 1284 4718 Guillelmus
1327 4664 1694 4732 Pastrengicus
1724 4664 1898 4720 Vero-

342 4739 542 4800 nensis,
574 4735 837 4789 Francisci
861 4735 1159 4788 Petrareha:
1183 4738 1403 4800 amicus,
1433 4737 1514 4790 cui
1539 4737 1626 4789 ille
1647 4747 1768 4788 octo
1790 4737 1902 4804 epi-

340 4808 501 4860 stolas
539 4807 683 4860 misit
707 4821 827 4859 cum
862 4805 980 4857 aliis
1012 4805 1312 4875 Petrarcha:
1346 4807 1583 4874 epistolis
1626 4808 1762 4875 typis
1791 4807 1901 4858 edi-

343 4889 438 4931 tas.
469 4875 682 4930 Librum
728 4885 903 4928 autem
947 4876 1121 4928 emisit
1148 4873 1458 4929 Guillelnius
1486 4875 1583 4928 hoc
1611 4873 1762 4929 titulo
1781 4918 1795 4940 ,
1825 4876 1902 4929 De

344 4947 619 5016 Scriptum
644 4947 861 4999 virorum
889 4945 1162 5016 illustrium
1195 4961 1212 4998 :
1239 4947 1320 4998 vir
1344 4956 1486 4999 certe
1523 4955 1581 4999 ut
1616 4947 1702 4999 illa
1746 4957 1902 4999 aitate

342 5015 620 5070 adnmdum
659 5017 918 5077 eruditus,
963 5015 1053 5084 qui
1101 5016 1166 5070 de
1209 5017 1555 5084 scriptoribus
1605 5019 1899 5083 prsesertim

345 5088 496 5143 medii
525 5087 621 5140 αξνί
653 5088 814 5139 multa
844 5086 998 5138 docet
1025 5103 1128 5139 non
1166 5087 1482 5150 spernenda.
1514 5087 1699 5139 Editus
1725 5097 1899 5140 autem

344 5157 436 5212 fuit
482 5159 566 5212 hic
613 5158 742 5210 liber
792 5156 1024 5210 \‘euetiis
1070 5173 1098 5208 a
1145 5156 1398 5211 Michaele
1443 5157 1645 5225 Angelo
1698 5157 1902 5210 Blondo

344 5244 480 5280 anno
509 5228 642 5282 1547
668 5243 684 5290 ;
721 5227 812 5281 sed
842 5242 962 5278 cum
1000 5228 1286 5281 innumeris
1316 5228 1519 5281 mendis
1551 5245 1562 5280 :
1593 5227 1696 5279 emi
1727 5238 1901 5280 autem

346 5314 466 5350 casu
499 5299 686 5352 librum
718 5299 863 5350 illum
899 5296 1128 5350 Venetiis
1149 5339 1162 5357 ,
1191 5300 1276 5364 qui
1309 5299 1567 5351 universis
1598 5299 1905 5366 penevigno-

351 5379 432 5420 tus
455 5380 554 5431 est,
585 5369 962 5436 exemplarque
989 5383 1159 5420 meum
1188 5371 1237 5420 in
1274 5369 1403 5422 locis
1429 5367 1605 5420 multis
1627 5369 1904 5421 emendavi

350 5439 664 5492 conferendo
691 5453 814 5491 cum
842 5436 1315 5490 Codice-Vaticano
1334 5479 1348 5500 ,
1387 5448 1440 5491 et
1465 5453 1583 5490 cum
1626 5439 1794 5492 altero
1823 5439 1905 5491 Bi-

350 5509 619 5562 bliotheca:
654 5507 1048 5577 Ottobonianae.
1081 5507 1199 5561 Haec
1238 5518 1436 5574 autem,
1467 5507 1716 5577 inquam,
1749 5512 1903 5562 habet

351 5578 436 5632 ille
461 5579 522 5632 de
547 5580 602 5632 S.
634 5578 844 5633 Joanne
871 5576 1261 5644 Chrysostomo.

425 5668 446 5699 ι
487 5649 719 5703 Joannes
769 5646 1210 5714 ClirySOstonius,
1263 5647 1591 5702 antiochente
1650 5646 1907 5701 Ecclesia;

356 5722 651 5782 presbrter,
682 5718 882 5775 deinde
906 5715 1380 5786 Constantinopolis
1411 5721 1713 5787 cpiscopus,
1747 5720 1827 5772 vir
1855 5722 1906 5774 in

2009 1163 2221 1230 aegrotis
2258 1160 2503 1213 omnibus
2543 1161 2680 1214 idem
2712 1160 3151 1214 medicamentum
3181 1162 3435 1230 prrchere,
3469 1180 3564 1219 ne-

2009 1245 2114 1297 que
2155 1231 2560 1298 gubernatorem
2606 1233 2849 1285 eumdem
2893 1246 3104 1284 cursum
3137 1239 3357 1300 tenere,
3393 1239 3566 1290 ventis

2010 1301 2336 1353 reflantibus.
2368 1301 2550 1368 Cogita
2591 1317 2717 1369 ergo
2760 1301 2970 1369 qualem
3013 1301 3200 1356 deceat
3227 1316 3347 1357 esse
3376 1304 3521 1358 illum
3547 1347 3563 1370 ,

2009 1385 2166 1439 quem
2198 1381 2356 1424 tanta:
2388 1373 2630 1438 procella:
2670 1384 2720 1424 et
2767 1373 3062 1438 tempestati
3103 1389 3165 1426 ac
3205 1381 3282 1425 tot
3322 1374 3568 1432 ﬂuctibus

2007 1442 2254 1495 resistere
2273 1452 2511 1511 oporteat
2531 1457 2544 1504 ;
2569 1452 2626 1495 ut
2645 1442 2889 1496 omnibus
2913 1443 3085 1495 omnia
3107 1443 3194 1504 sit,
3211 1453 3267 1497 et
3286 1460 3472 1499 omnes
3490 1448 3569 1498 lu-

2007 1521 2202 1565 cretur.
2235 1512 2440 1565 Etenim
2485 1515 2640 1566 talem
2683 1513 2849 1565 virum
2877 1522 3086 1582 oportet
3117 1528 3234 1568 esee
3272 1529 3484 1581 gravem
3513 1527 3568 1571 et

2008 1582 2174 1636 fastus
2202 1593 2493 1654 expertem,
2524 1583 2908 1654 formidabilem
2939 1595 2992 1637 et
3017 1595 3370 1646 mansuetum,
3401 1587 3570 1654 impe-

2007 1653 2204 1726 riosum
2245 1653 2672 1726 et_soeiabilem,
2715 1654 3074 1722 incorruptum
3114 1664 3168 1709 et
3192 1655 3429 1724 obsequii
3458 1653 3566 1726 ple-

2007 1738 2150 1795 num,
2185 1722 2436 1795 lnimilem
2464 1739 2560 1777 nec
2588 1725 2856 1788 servilem,
2887 1726 3104 1778 hilarem
3133 1737 3187 1778 et
3209 1722 3562 1795 mansuetum,

2008 1803 2062 1845 ut
2084 1793 2197 1846 haec
2223 1794 2510 1847 certamina
2541 1795 2692 1848 facile
2721 1798 2987 1849 oonlicere
3015 1797 3199 1864 possit.
3230 1794 3447 1862 Oportet
3470 1793 3567 1866 igi;

2007 1871 2092 1916 tur
2114 1867 2281 1916 virum
2309 1875 2578 1918 strenuum
2606 1875 2656 1919 et
2685 1867 2992 1930 prudentem
3019 1881 3227 1930 cavere,
3252 1882 3320 1920 ne
3341 1868 3420 1921 vel
3445 1875 3569 1921 ado-

2007 1931 2164 1996 ietur,
2211 1935 2288 1986 vel
2330 1934 2629 1988 adulantem
2677 1931 2843 2000 ferat,
2895 1951 3028 1990 neve
3076 1951 3328 2005 arrogans
3370 1938 3439 1990 sit
3482 1941 3565 1994 vel

2006 2005 2282 2067 adulator;
2320 2006 2411 2057 sed
2450 2015 2506 2058 ut
2535 2018 2812 2075 utrumque
2856 2008 3037 2060 vitium
3068 2007 3304 2071 recidat;
3338 2018 3406 2060 ut;
3431 2009 3566 2064 liber

2005 2077 2096 2139 sit,
2136 2090 2232 2128 nec
2259 2075 2309 2127 in
2351 2077 2704 2144 arrogantiam
2735 2077 3004 2142 deﬂectat,
3032 2092 3132 2131 nec
3157 2077 3222 2131 ad
3251 2079 3442 2132 servile
3467 2081 3564 2132 ob-

2005 2146 2242 2213 sequium
2285 2159 2341 2198 se
2379 2146 2637 2199 demittat.
2681 2147 2810 2201 Nam
2845 2163 2963 2202 cum
2996 2148 3284 2203 mansuetis
3313 2147 3562 2204 humilem

2003 2225 2378 2287 oportet_esse,
2419 2231 2537 2270 cum
2568 2218 2855 2272 audacibus
2882 2233 3007 2272 vero
3041 2220 3176 2271 altos
3217 2219 3431 2287 spiritus
3471 2235 3562 2273 su-

2005 2301 2170 2360 mere.
2209 2285 2417 2360 Etenim
2445 2287 2676 2360 quidam
2720 2298 2906 2360 putant
2942 2285 3399 2360 mansuetudinem
3443 2304 3564 2343 esse

2005 2357 2250 2410 virtutem
2277 2373 2292 2421 ;
2321 2357 2408 2410 alii
2437 2357 2793 2413 fortitudinem
2829 2375 2946 2414 esse
2976 2359 3270 2413 audaciam.
3302 2361 3432 2413 Cum
3460 2361 3562 2414 illis

2004 2425 2297 2482 humilitate
2335 2429 2586 2482 utendum
2628 2439 2743 2496 est,
2785 2446 2904 2484 cum
2951 2431 3030 2483 his
3058 2445 3184 2484 vero
3223 2429 3558 2495 fortitudine,

2001 2513 2119 2569 qua:
2140 2498 2375 2552 audacia:
2405 2499 2612 2554 illorum
2635 2502 2853 2568 gloriam
2880 2503 3178 2569 exstinguat
3201 2517 3215 2565 ;
3237 2511 3292 2554 ut
3313 2501 3414 2555 illis
3437 2515 3562 2568 pro-

2000 2568 2075 2619 sis
2094 2607 2108 2629 ,
2143 2569 2436 2640 horumque
2478 2572 2694 2639 spiritus
2725 2571 3012 2640 deprimas.
3041 2568 3195 2636 Nam,
3221 2581 3278 2626 ut
3305 2573 3380 2624 ait
3405 2571 3559 2625 Salo-

2000 2651 2124 2713 mon
2142 2678 2162 2713 _,
2191 2637 2468 2713 Un'ieuique
2491 2637 2562 2692 rei
2590 2658 2736 2713 suum
2768 2637 2838 2695 est
2865 2653 3056 2713 tempus
3083 2642 3268 2713 (Eccli.
3301 2641 3384 2704 Ill,
3406 2642 3482 2710 i);
3511 2641 3564 2695 id

2014 2711 2120 2780 est,
2141 2707 2445 2780 humi-titan,
2464 2707 2728 2780 potentiae,
2755 2707 3172 2780 reprehensioni,
3197 2707 3561 2780 consolationi,

2005 2773 2192 2835 venim,
2240 2772 2446 2825 dicendi
2492 2774 2740 2836 libertati,
2774 2775 2994 2840 lenitati,
3027 2781 3296 2834 severitati
3331 2799 3345 2834 :
3374 2793 3427 2836 et
3454 2772 3562 2838 uno

2005 2841 2184 2904 verbo,
2215 2842 2372 2915 rebus
2399 2843 2643 2915 omnibus
2668 2861 2680 2896 :
2709 2854 2764 2896 ut
2791 2845 2948 2898 modo
2972 2847 3184 2915 quidem
3210 2849 3479 2906 humiliter
3508 2865 3560 2909 te

2001 2924 2155 2981 geras
2181 2921 2234 2963 et
2259 2911 2608 2966 submissione
2639 2928 2829 2981 pueros
2859 2911 3101 2981 imiteris,
3130 2921 3417 2974 secundum
3453 2923 3554 2978 Do-

2001 2980 2128 3060 mini
2175 2992 2532 3060 ppeeeptum;
2564 2980 2848 3060 aliquando
2891 2980 3147 3051 potestate
3177 2991 3373 3060 utaris,
3403 3006 3560 3060 quam

2001 3049 2144 3102 dedit
2173 3049 2413 3104 Christus
2449 3051 2514 3105 ad
2543 3049 2943 3109 aediﬁcationem
2966 3096 2980 3120 ,
3016 3071 3120 3110 non
3151 3057 3215 3110 ad
3241 3049 3560 3115 destructio-

2000 3135 2143 3196 nem,
2177 3121 2388 3188 quando
2408 3121 2625 3196 dieendi
2658 3125 2898 3196 libertate
2933 3139 3065 3194 opus
3094 3138 3175 3180 est
3205 3145 3216 3180 :
3247 3137 3298 3181 et
3325 3139 3562 3196 tempore

1999 3189 2209 3255 quidem
2240 3192 2633 3266 consolationis,
2654 3194 2922 3266 lenitatem
2948 3189 3228 3252 ostendere
3249 3189 3480 3266 oportet;
3507 3204 3558 3256 in

1999 3270 2239 3332 tempore
2263 3273 2439 3314 autem
2463 3261 2861 3332 objurgationis,
2879 3266 3046 3319 zelum
3071 3261 3432 3324 demonstrare
3464 3261 3477 3324 Ξ
3507 3283 3558 3326 et

1998 3329 2050 3382 in
2074 3331 2318 3384 omnibus
2343 3332 2458 3384 aliis
2484 3329 2641 3386 rebus
2661 3329 2855 3401 justam
2887 3335 3069 3402 judicii
3106 3347 3158 3391 et
3188 3339 3404 3392 rationis
3435 3357 3556 3394 nor-

1996 3415 2136 3475 ma-m
2179 3402 2432 3475 adhibere
2457 3413 2686 3475 eportet;
2715 3403 2982 3475 Justorum
3012 3408 3151 3459 enim
3183 3408 3453 3462 ratiocinia
3478 3411 3567 3475 ju-

1997 3470 2259 3550 digiasnnt
2293 3489 2309 3519 ι
2332 3468 2636 3550 Etlsidorus
2648 3471 2821 3550 Peius.
2841 3475 2960 3527 dicit
2975 3474 3108 3550 (Lib.
3130 3477 3189 3550 ν,
3211 3480 3354 3550 epist.
3374 3468 3500 3550 158)
3537 3501 3550 3535 :

1999 3534 2328 3613 fPrincipem
2342 3547 2686 3613 oportetesso
2710 3543 2908 3611 justum
2941 3534 2995 3598 ei.
3038 3534 3445 3613 formidabilem,
3481 3534 3556 3606 [ut

2001 3608 2118 3657 hom
2145 3611 2352 3678 quidem
2396 3611 2567 3662 securi
2598 3608 2735 3672 sint,
2769 3624 3070 3678 peceatores
3094 3632 3221 3671 vero
3247 3608 3540 3675 deterrean-

1999 3683 2100 3759 tor.
2144 3677 2272 3759 nam
2311 3680 2533 3758 alterum
2570 3680 2684 3759 sine
2729 3682 2896 3759 altero
2936 3685 3144 3759 imperii
3203 3690 3408 3742 eversio
3461 3705 3553 3759 po-

1997 3745 2104 3830 tius
2126 3754 2208 3798 est
2247 3763 2407 3830 quam.
2441 3749 2736 3830 imperium.
2781 3751 2836 3804 Si
2881 3745 3247 3830 eniniomnes
3284 3745 3549 3830 obseque-

1995 3827 2178 3899 rentur
2244 3826 2300 3896 et
2360 3817 2608 3899 virtutem
2648 3820 2919 3899 colerent_.
2962 3824 3081 3899 _s_o_la
3129 3825 3361 3882 bonitate
3417 3817 3550 3899 opus

1993 3895 2168 3943 esset;
2225 3891 2305 3940 sin
2346 3897 2537 3959 autem
2597 3892 2820 3956 peccatis
2874 3891 3037 3947 dediti
3091 3907 3294 3959 essent,
3359 3891 3547 3955 timore

1995 3964 2194 4040 tantum
2231 3974 2242 4007 :
2271 3957 2645 4040 quiiauveroet
2679 3960 2802 4040 boni
2845 3973 2968 4040 sunt
2997 3975 3065 4040 et_
3089 3969 3230 4031 mali,
3272 3957 3548 4040 utramque

1993 4027 2259 4080 rationem
2277 4027 2525 4083 adhibere
2550 4028 2702 4083 debet
2732 4031 2777 4084 is
2797 4033 2882 4101 qui
2911 4036 3103 4102 pepqu
3131 4027 3338 4106 praicst.
3374 4059 3408 4090 »ι

1995 4244 2168 4294 divina
2199 4250 2252 4295 et
2276 4243 2502 4294 humana
2532 4239 2856 4308 philosophia
2890 4243 3203 4310 pr.ecipuns,
3233 4242 3550 4310 irrdisputa-

1997 4315 2227 4365 tionibus
2245 4311 2538 4380 perspicax,
2559 4311 2609 4362 in
2626 4311 2960 4364 eonl'titandis
2979 4313 3557 4368 liazreticorttmerrori-

1998 4383 2095 4434 bus
2131 4396 2253 4453 acer
2279 4399 2294 4440 ;
2319 4380 2387 4453 de
2407 4395 2512 4449 quo
2539 4382 2722 4453 beatus
2749 4381 3120 4453 Hieronymus,
3149 4383 3284 4437 libro
3319 4384 3385 4437 de
3421 4386 3557 4442 Viris

1999 4452 2307 4514 illustribus,
2341 4451 2581 4520 loquens,
2614 4451 2726 4504 ait:
2768 4469 2787 4502 ι
2820 4451 3070 4515 Joannes,
3095 4454 3424 4509 antiocliente
3457 4459 3556 4509 Ec-

1997 4523 2173 4576 clesiae
2201 4520 2499 4594 presbyter,
2531 4521 2737 4594 Eusebii
2769 4523 3012 4594 Emeseni
3039 4524 3355 4594 Diodoriqne
3383 4539 3555 4579 secta-

2002 4605 2102 4664 tur.
2119 4593 2278 4664 multa
2293 4591 2666 4664 _coinposuisse
2693 4592 2909 4656 dicitur,
2932 4611 3047 4664 qua:
3062 4604 3236 4649 tamen
3267 4591 3371 4649 non
3397 4596 3553 4664 legi.»

2002 4663 2064 4715 Et
2092 4663 2214 4716 alibi
2242 4661 2306 4714 ad
2334 4662 2541 4715 beatum
2573 4661 3223 4731 Augustinumscribensn
3243 4661 3556 4729 Quiddiéatn

1999 4736 2065 4786 de
2102 4732 2326 4805 Joanne,
2357 4735 2444 4800 qui
2470 4731 2666 4805 dudum
2706 4735 2754 4786 in
2788 4736 3068 4803 pontificali
3098 4738 3260 4805 gradu
3296 4738 3559 4790 Constan-

2001 4803 2402 4871 tioopolitanam
2427 4805 2559 4856 rexit
2588 4804 2900 4867 Ecclesium,
2932 4816 2985 4859 et
3008 4803 3164 4872 supi-r
3188 4805 3470 4868 Epistulam
3493 4805 3560 4857 ad

2000 4873 2212 4928 Galatas
2252 4873 2562 4926 latissimum
2608 4880 2850 4929 exaravit
2887 4877 3123 4928 librum?
3160 4895 3178 4925 ι
3213 4876 3434 4942 Scripsit
3476 4874 3562 4929 hic

2001 4945 2330 4997 venerandus
2359 4944 2454 4997 Dei
2471 4945 2690 4998 antistes
2717 4961 2876 5013 super
2896 4956 3006 4999 tOto
3034 4947 3194 4999 veteri
3226 4955 3282 4998 et
3302 4959 3437 4996 novo
3461 4944 3562 4998 Te-

2001 5024 2261 5067 stamento
2301 5014 2696 5080 Expositionum
2749 5016 2910 5069 libros
2965 5034 2978 5068 :
3034 5015 3452 5067 Commentarios
3509 5017 3561 5069 in

2001 5085 2300 5137 Mattlneum
2331 5084 2606 5154 distinctos
2655 5101 2746 5154 per
2799 5086 3042 5138 homilias
3067 5085 3136 5138 90
3166 5103 3178 5135 :
3216 5099 3375 5151 super
3405 5083 3566 5137 Joan-

2001 5171 2121 5206 nem
2173 5155 2412 5206 hutnilias
2451 5153 2520 5208 88
2571 5173 2581 5205 :
2626 5153 2784 5222 Super
2829 5156 3092 5223 Epistolas
3135 5155 3296 5206 libros
3333 5154 3568 5221 singulos

2002 5241 2094 5292 per
2155 5239 2429 5277 sermones
2491 5225 2766 5277 distinctos
2821 5227 2926 5277 :in
2986 5225 3270 5291 Epistulam
3339 5224 3404 5276 ad
3465 5225 3568 5279 Ile-

2002 5298 2170 5349 buxeos
2201 5294 2268 5348 54
2300 5295 2534 5348 condidit
2575 5295 2814 5347 lioniilias
2845 5312 2856 5346 :
2890 5310 3046 5358 super
3085 5294 3334 5349 Genesim
3374 5296 3568 5350 librum

2003 5367 2352 5434 qmcstionuni
2411 5382 2423 5418 :
2474 5365 2540 5417 de
2593 5364 2832 5416 laudibus
2893 5364 3037 5434 Pauli
3104 5365 3325 5434 apostoli
3395 5366 3568 5420 homi-

2003 5433 2100 5490 lias
2165 5436 2194 5487 7
2246 5453 2259 5484 :
2317 5445 2502 5486 contra
2579 5437 2878 5487 arianorum
2940 5433 3182 5489 heresim
3256 5436 3570 5491 fortissimos

2002 5507 2165 5559 libros
2202 5524 2213 5557 :
2245 5515 2427 5558 contra
2472 5504 2819 5568 sinioniacos,
2862 5514 3044 5559 contra
3089 5506 3428 5568 Marcionem,
3464 5506 3570 5560 Ce-

2003 5576 2259 5639 rintlnnn,
2282 5575 2555 5635 Ebioneni,
2590 5579 2607 5596 '
2632 5574 3017 5630 Arcliemonem
3064 5588 3221 5636 atque
3262 5577 3566 5639 Pholinum,

2003 5651 2088 5712 qui
2121 5662 2301 5698 eorum
2348 5645 2619 5698 suscitavit
2661 5647 2901 5718 lia-resin]
2938 5666 2950 5698 :
2983 5659 3167 5701 emitra
3209 5649 3567 5718 Apollinarem

2005 5718 2196 5772 librum
2237 5718 2253 5772 l
2287 5735 2297 5770 :
2329 5727 2509 5772 contra
2541 5717 2859 5774 nianiclneos
2887 5719 3089 5779 insigne
3123 5721 3371 5776 volumen
3403 5737 3413 5772 :
3445 5735 3569 5772 con»
