4044 6258
359 193 460 250 “5

368 310 446 351 tra
478 307 664 349 omnes
688 294 965 347 hatreticos
1001 304 1161 356 super
1196 289 1442 356 parabnla
1477 286 1694 356 seminis
1719 286 1934 348 longum

361 350 499 421 opus
528 364 584 408 et
609 357 824 424 elegans
863 370 889 424 εί
919 350 1211 424 tractatum"
1229 364 1390 424 unum
1433 353 1483 424 in
1513 350 1769 424 Thomam
1796 362 1931 416 apo-

363 418 585 489 stolum,
614 425 668 478 in
697 418 801 493 quo
828 423 1080 493 adversus
1107 421 1317 493 arianos
1353 419 1636 493 fortissime
1659 418 1930 493 disputat:

366 507 528 564 super
567 489 780 564 Cantica
827 492 1152 564 canticorum
1193 489 1360 564 libros
1384 489 1538 564 duos
1571 505 1584 542 :
1618 490 1742 564 item
1773 489 1934 564 vitam

366 559 537 618 sancti
583 563 775 618 Meletii
829 561 1062 630 episcopi
1100 561 1398 615 antiocheni
1433 579 1445 614 :
1478 561 1546 615 de
1581 559 1817 614 vestibus
1861 560 1936 614 Ie-

366 634 571 704 galibus
595 632 938 704 sacerdotum
945 643 998 685 et
1021 632 1344 704 Levitarum,
1374 641 1426 685 et
1446 632 1512 685 de
1528 642 1714 704 ornatu
1740 631 1936 704 summi

405 706 630 759 untilicis
656 703 861 758 Veteris
898 701 1221 757 Testamenti
1257 704 1498 756 volumen
1528 701 1793 771 egregium
1826 718 1840 755 :
1869 701 1938 757 de

405 719 630 759 uutmcts
664 719 861 758 veteris
899 719 1221 757 tesmmeuu
1257 719 1498 756 volumen
1528 719 1793 771 egregium
1826 719 1840 755 :
1869 719 1936 757 ue

368 719 662 830 ﬁumilitale
691 775 741 828 in
770 772 966 829 lotione
990 773 1182 843 pedum
1213 783 1491 827 tractatum
1520 788 1678 825 unum
1706 789 1719 824 :
1751 783 1936 828 contra

369 861 464 901 eos
508 847 594 914 qui
633 845 698 898 ad
728 845 919 900 missas
948 861 1053 898 non
1093 855 1384 914 occurrunt
1404 853 1682 914 tractatum
1727 858 1887 914 unum
1919 860 1932 895 :

367 918 436 972 de
481 913 820 984 virginitate:
849 916 918 969 de
956 915 1264 984 poenitentia
1302 933 1314 968 :
1357 913 1424 968 de
1456 913 1594 967 fide:
1625 913 1690 967 de
1734 913 1938 982 patien-

372 987 442 1042 tia
475 1005 488 1040 ε
516 986 584 1042 de
620 986 956 1042 confessione
994 1004 1009 1040 :
1048 985 1116 1040 de
1151 986 1490 1056 eleemosyna
1531 993 1782 1056 tractatus
1823 984 1938 1052 plu-

368 1073 476 1114 res.
500 1057 756 1112 Hotnilias
775 1065 832 1112 et
844 1071 1122 1110 sermones
1139 1071 1232 1124 per
1254 1064 1356 1108 tota
1365 1054 1414 1108 nl
1441 1054 1574 1124 quad
1585 1056 1895 1123 ragesimatn
1922 1073 1937 1109 :

370 1143 670 1184 sermonem
716 1127 1152 1183 declamatorium
1220 1127 1272 1178 in
1321 1125 1723 1180 decollationem
1770 1127 1938 1181 sancti

368 1199 590 1255 Joannis
622 1199 1039 1268 Baptistaaﬁtem
1067 1198 1116 1268 in
1146 1197 1351 1251 Iaudem
1377 1197 1542 1250 beatte
1562 1195 1791 1266 Virginis
1808 1197 1940 1252 mira

369 1271 628 1326 suavitate
669 1267 965 1339 fragrantes
993 1285 1008 1322 :
1039 1267 1294 1339 adversus
1330 1268 1534 1339 Arabas
1561 1268 1629 1339 de
1671 1282 1943 1339 resurrec-

373 1342 519 1396 tione
548 1337 879 1395 mortuorum
919 1340 1081 1394 libros
1121 1337 1288 1403 duos,
1318 1339 1407 1407 qui
1451 1338 1696 1392 dicebant
1736 1337 1942 1394 animas

371 1411 509 1466 mori
525 1426 645 1467 cum
665 1425 889 1480 corpore
909 1429 924 1466 :
946 1412 1070 1465 item
1090 1419 1273 1463 contra
1287 1407 1500 1480 Judaaos
1526 1409 1715 1480 librum
1737 1425 1900 1463 unum
1921 1425 1936 1462 :

371 1482 500 1537 item
542 1479 822 1536 adversum
851 1480 1048 1538 Gentes
1090 1480 1142 1533 in
1182 1479 1396 1533 modum
1435 1479 1626 1548 dialogi
1665 1481 1863 1549 grande
1890 1487 1944 1534 et

371 1552 580 1623 insigne
607 1552 849 1607 volumen
894 1571 908 1606 :
948 1552 1015 1607 de
1045 1550 1234 1605 ordine
1261 1560 1313 1605 et
1339 1550 1843 1623 ollicio__sacerdotis
1881 1549 1943 1603 lic

371 1621 527 1694 brum
556 1639 740 1694 unum.
765 1622 1001 1694 Hymnus
1028 1632 1082 1678 et
1104 1622 1372 1674 orationes
1392 1629 1446 1674 et
1475 1621 1575 1694 alia
1596 1621 1942 1694 Aplura_metr_a

371 1693 538 1748 edidit
581 1693 720 1764 apud
766 1690 1012 1757 Graecos,
1071 1703 1127 1746 et
1167 1706 1468 1764 quanquam
1518 1692 1681 1745 latino
1700 1690 1948 1764 _fu|se_rit

372 1761 922 1834 eloquio,'plurimum
953 1771 1127 1818 tamen
1168 1761 1382 1832 Scripsit
1408 1761 1461 1816 in
1497 1776 1673 1832 graeco
1699 1761 1944 1816 Theodo-

371 1835 634 1905 siiMagni
660 1835 1004 1905 temporibus.
1042 1853 1060 1887 ι

445 1904 500 1959 In
529 1901 630 1961 liae
649 1901 958 1962 recensione
979 1903 1219 1974 quaedam
1241 1901 1430 1958 Joanni
1448 1903 1830 1975 Chrysostomo
1852 1905 1946 1961 ad-

372 1975 593 2043 scribit,
644 1991 764 2046 que
823 1977 963 2031 inter
1017 1989 1179 2044 opera
1246 1975 1363 2042 ejus
1417 1989 1684 2043 nunquam
1739 1978 1946 2030 censeri

372 2047 607 2116 potuisse
650 2048 900 2103 videntur
938 2069 953 2100 :
992 2046 1096 2100 alia
1143 2059 1304 2116 vero,
1351 2059 1469 2115 quas
1510 2060 1771 2116 nusquam
1821 2047 1946 2102 alibi

371 2115 876 2182 commemorantur,
907 2131 1134 2187 quaeque
1165 2115 1248 2169 vel
1269 2115 1451 2187 latent
1467 2115 1659 2187 alicubi
1681 2157 1697 2180 ,
1726 2117 1810 2170 vel
1843 2117 1950 2170 for-

375 2197 518 2243 tasse
555 2188 830 2259 perierunt
856 2205 874 2259 :7
899 2186 1075 2259 qualia
1103 2196 1228 2259 sun_t
1267 2186 1400 2241 liber
1422 2186 1513 2259 ille
1536 2197 1720 2240 contra
1747 2188 1950 2257 Apolli-

373 2255 575 2313 narem'
596 2266 652 2314 et
687 2258 806 2314 libri
847 2255 955 2314 duo
981 2258 1068 2312 alii
1098 2257 1164 2311 de
1186 2255 1594 2312 Resurrectione
1620 2255 1946 2312 mortuorum

373 2337 565 2398 contra
579 2329 803 2393 Arabas,
831 2328 919 2398 qni
937 2327 1396 2383 dicebantanimas
1412 2326 1544 2380 mori
1560 2340 1679 2398 cum
1701 2341 1944 2398 corpore.

448 2398 524 2454 De
553 2397 656 2454 hoc
681 2395 863 2454 autem
887 2406 1159 2468 postremo
1188 2411 1361 2468 opere
1394 2398 1558 2451 multa
1588 2395 1741 2451 nobis
1761 2395 1948 2468 obser-

379 2468 545 2523 vanda
586 2476 712 2524 sunt
750 2467 852 2538 (a).
890 2467 981 2524 Ait
1005 2467 1266 2523 Eusebius
1294 2468 1495 2523 Arabes
1522 2468 1720 2524 dixisse
1744 2467 1952 2525 animas

435 2577 507 2646 (α)
538 2576 665 2628 Hist.
693 2575 817 2627 ecel.
843 2588 892 2639 p.
917 2572 1026 2633 153,
1053 2570 1171 2622 edit.
1197 2567 1261 2619 Η.
1285 2567 1486 2619 Valesii.

1091 175 1501 234 TESTIMONIA
1540 169 1868 228 VETERUM
1910 168 1994 223 DE
2031 167 2088 224 S.
2129 165 2387 222 JOANNE
2424 163 2794 222 ClIRYSOST.

3506 158 3608 213 N6

2031 285 2164 338 mori
2187 299 2306 340 cum
2331 297 2576 353 corpore,
2607 293 2660 339 et
2691 298 2816 338 cum
2839 297 2906 338 eo
2933 290 3324 336 resurrecturus
3350 278 3530 353 fuisse,
3554 291 3608 334 et

2029 364 2212 408 contra
2244 354 2380 408 hanc
2419 350 2663 410 haeresim
2713 362 2952 410 coactam
2991 354 3152 406 fuisse
3196 350 3491 422 synodum,
3522 352 3606 404 cui

2029 425 2198 480 adfuit
2237 424 2512 494 Origenes.
2555 424 2708 491 Saepe
2739 426 2966 478 vidimus
2987 423 3424 494 Chrysostomum
3451 436 3608 494 pero-

2031 505 2237 550 rantem
2269 491 2527 550 adversus
2555 495 2750 550 multos
2777 511 2843 549 ex
2866 491 3215 550 auditoribus.
3244 493 3332 562 qui
3366 491 3607 546 resurrei

2030 567 2259 621 ctionem
2281 567 2498 620 omnino
2516 568 2771 635 negabant
2790 566 3011 635 :quique
3029 573 3154 619 tunc
3174 573 3366 633 magno
3385 577 3608 635 numero

2036 638 2332 692 Antiochia:
2357 637 2518 690 fuisse
2538 634 2779 690 videntur
2801 654 2816 700 ;
2836 634 3098 704 nusquam
3119 645 3297 688 autem
3326 649 3409 687 me
3432 634 3604 700 ipsum

2033 707 2227 776 legisse
2257 707 2472 760 memini
2503 708 2862 761 confutantem
2889 721 2983 761 eos
3009 705 3100 775 qui
3128 705 3369 759 dicerent
3403 706 3607 757 animas

2033 793 2154 832 cum
2183 792 2409 845 corpore
2437 778 2720 832 morituras
2743 788 2934 833 etcum
2956 791 3022 831 θο
3040 785 3432 845 resurrecturus
3459 789 3601 838 esse,

2033 849 2116 902 vel
2157 844 2359 901 Arabes
2390 848 2614 917 idipsum
2650 846 3345 918 docentes,aggredientem.
3381 844 3607 918 Tanain-

2034 935 2138 988 que
2161 914 2477 973 Guillelmus
2513 919 2884 987 Pastrengicus
2908 914 3074 971 libr—os
3100 917 3220 988 illos
3247 916 3388 988 duos
3409 915 3490 988 de
3506 914 3605 968 Re-

2035 986 2364 1044 surrectione
2384 999 2713 1043 mortuorum
2735 986 2990 1043 adversus
3009 987 3229 1049 Arabes,
3248 987 3337 1056 qui
3359 986 3609 1041 dicebant

2036 1061 2240 1114 animas
2278 1061 2410 1113 mori
2445 1075 2567 1113 cum
2605 1075 2846 1128 corpore,
2889 1075 2949 1112 se
2991 1058 3186 1112 vidisse
3227 1067 3609 1128 commemorat

2037 1131 2258 1185 Joannis
2299 1130 2664 1200 Chrysostomi
2703 1126 2957 1192 nomine;
2999 1128 3319 1200 omninoque
3361 1128 3433 1183 illi
3476 1126 3609 1200 fidus

2041 1200 2281 1255 habenda
2325 1197 2554 1254 videtur.
2596 1201 2754 1254 Multa
2799 1210 2945 1254 certe
2992 1197 3242 1268 quotidie
3267 1213 3334 1253 ex
3378 1197 3610 1252 tenebris

2039 1282 2298 1342 eruuntur
2327 1271 2546 1342 Joannis
2565 1269 2928 1342 Chrysostomi
2955 1285 3141 1342 opera,
3163 1279 3220 1323 ut
3238 1269 3422 1342 videre
3446 1279 3528 1342 est
3554 1268 3609 1342 in

2041 1341 2142 1397 hac
2182 1352 2360 1396 nostra
2402 1342 2460 1396 S.
2505 1339 2739 1396 doctoris
2781 1339 3003 1408 Operum'
3045 1340 3380 1402 collectione,
3425 1339 3514 1393 ubi
3558 1339 3609 1391 in

2041 1421 2188 1467 tumo
2216 1413 2533 1467 duodecimo
2569 1412 2810 1466 undecim
2842 1411 3124 1480 praeclaras
3171 1410 3449 1472 homilias,
3493 1425 3614 1478 quae

2045 1483 2297 1538 hactenus
2323 1483 2615 1548 latuerant,
2644 1483 2918 1537 emisimus
2936 1525 2948 1544 ,
2976 1481 3028 1535 in
3056 1481 3276 1550 aliisque
3302 1480 3463 1535 tomis
3501 1495 3609 1533 non

2044 1568 2258 1624 paucas.
2302 1554 2412 1608 Hos
2451 1553 2783 1624 veroilibros
2820 1553 3054 1624 edidisse
3095 1553 3289 1622 potuit,
3333 1551 3612 1624 sive_qui.i

2047 1621 2247 1679 Arabes
2274 1639 2370 1678 suo
2394 1639 2508 1677 :evo
2532 1623 2704 1679 adhuc
2734 1624 2784 1678 in
2818 1623 3041 1689 pristino
3069 1621 3252 1676 errore
3280 1621 3611 1692 perstabant,

2045 1695 2160 1749 sive
2197 1696 2319 1764 quia
2347 1695 2586 1749 nonnulli
2627 1693 2942 1748 Antiocheni
2969 1693 3438 1764 Arabibusvicini,
3471 1702 3616 1746 vete-

2044 1781 2159 1821 rem
2187 1762 2330 1818 illum
2362 1765 2593 1819 Arabum
2621 1779 2856 1820 errorem
2885 1779 3142 1818 renovare
3168 1762 3506 1817 videbantur.

2117 1835 2267 1904 Quod
2294 1851 2422 1890 vero
2448 1835 2630 1904 adjicit
2648 1837 2699 1889 in
2729 1833 2833 1889 line
2860 1834 3174 1890 Guillelmus
3202 1833 3573 1901 Pastrengicus
3600 1851 3613 1885 :

2047 1905 2116 1961 Et
2149 1922 2435 1976 quanquam
2479 1907 2635 1977 fatin_o
2665 1904 2865 1977 fulserit
2907 1904 3123 1977 eloquio,
3153 1904 3424 1977 plurimum
3453 1912 3617 1956 tamen

2047 1978 2246 2048 scripsit
2283 1975 2337 2030 in
2388 1993 2552 2048 grwco
2589 1975 2856 2048 Theodosii
2883 1975 3054 2048 magni
3079 1975 3406 2048 temporibus,
3427 1978 3618 2048 nescio

2049 2044 2189 2102 unde
2231 2044 2532 2114 expiséatus
2577 2056 2695 2112 est;
2755 2047 2884 2100 nihil
2942 2044 3084 2100 enim
3132 2046 3292 2099 latine
3337 2044 3616 2113 scripsisse

2048 2117 2495 2188 Chrysostomumi
2526 2127 2711 2186 putant
2747 2131 2932 2171 omnes
2970 2117 3058 2186 qui
3093 2116 3287 2186 scripta
3317 2115 3433 2188 ejus
3466 2129 3622 2168 accu-

2049 2184 2172 2243 rate
2186 2190 2444 2258 legerunt.
2462 2184 2619 2242 Forte
2637 2188 2956 2243 existimavit
2980 2184 3067 2241 ille
3091 2184 3332 2240 sanetum
3348 2184 3618 2258 doctorem

2052 2260 2217 2313 latino
2243 2255 2458 2314 fulsisse
2484 2260 2847 2328 eloquio,quia
2866 2258 3072 2312 viderat
3089 2272 3226 2327 opus
3255 2255 3619 2326 imperfectum

2052 2330 2107 2384 in
2135 2329 2436 2383 Matthzuum
2457 2371 2472 2393 ,
2513 2328 2652 2397 quod
2679 2329 3044 2400 Chrysostomi
3074 2329 3288 2383 nomine
3315 2328 3623 2400 circumfer-

2053 2410 2159 2466 tur,
2205 2401 2364 2454 latine
2389 2401 2640 2471 scriptum
2663 2440 2678 2463 ,
2711 2398 2958 2469 quedque
2983 2398 3348 2471 Chrysostomi
3370 2414 3473 2454 non
3505 2413 3624 2453 esse

2051 2479 2288 2542 pugnant
2307 2470 2466 2526 hodie
2493 2471 2682 2526 eruditi
2710 2485 2916 2526 omnes.

397 2686 3633 2718 W

734 2778 862 2841 FB.
909 2773 1306 2839 ΜΑΤΤΗΕΙ
1339 2772 1444 2837 DE
1487 2767 1963 2835 CHRYSOSTOI

2070 2778 2078 2820 l
2119 2766 2502 2829 ORATORE
2546 2743 2807 2826 EREVE
2854 2765 3250 2830 JUDlClUM.

453 2947 797 3004 Homiliarum
821 2939 1188 3015 Chrysostomi
1211 2939 1319 3015 duo
1345 2946 1470 3015 sunt
1487 2937 1706 3015 omnino
1731 2949 1947 3006 genera.

385 3021 440 3077 In
460 3019 577 3073 aliis
595 3018 737 3074 enim
785 3008 1036 3084 deinceps
1061 3027 1169 3084 suo
1181 3011 1374 3084 ordine
1395 3011 1633 3084 integros
1660 3008 1953 3084 litterarum

386 3103 654 3148 sacrarum
699 3087 867 3142 libros
891 3077 1099 3139 tractat.
1131 3081 1226 3135 Hic
1268 3082 1319 3135 in
1365 3079 1584 3148 singulis
1615 3077 1843 3131 homiliis
1877 3077 1953 3146 (α)

388 3161 636 3232 pmponit
678 3155 878 3232 partem
905 3154 1020 3232 ejus
1045 3151 1189 3207 modi
1207 3151 1376 3232 libri.‘
1407 3164 1630 3232 eamque
1677 3148 1756 3232 in.
1781 3149 1958 3232 priore

388 3218 538 3305 parie
562 3218 796 3305 hom'ilia‘.
820 3218 1071 3305 explicat,
1101 3236 1165 3277 ac
1207 3219 1470 3305 interdum
1491 3218 1789 3305 eadem-bis
1813 3228 1959 3299 terve

388 3288 612 3358 resumit
644 3307 698 3354 et
723 3288 992 3352 retractat.
1021 3291 1262 3348 Secunda
1292 3306 1412 3360 pars
1429 3304 1636 3344 morum
1663 3288 1961 3344 doctrinam

392 3380 615 3440 spectat,
643 3378 850 3440 sumpta
870 3364 1080 3420 dicendi
1108 3362 1324 3440 materia
1347 3368 1438 3415 aut
1455 3375 1487 3413 a
1503 3361 1682 3414 verbis
1721 3375 1839 3429 quae
1865 3373 1960 3414 ex-

395 3433 907 3514 posuit,_'s:epiusque
934 3451 1000 3490 ex
1029 3433 1208 3514 paucis
1235 3443 1289 3486 et
1310 3446 1443 3514 uno:
1471 3441 1561 3514 aut
1588 3442 1904 3514 a__tonipore,
1932 3444 1963 3483 a

394 3502 658 3582 personis,
684 3502 714 3564 5
746 3502 926 3572 rebus,
952 3502 1077 3582 quae
1097 3513 1222 3558 tunc
1235 3503 1572 3582 gerebantur,
1607 3502 1676 3556 ita
1699 3503 1968 3582 etiatn‘in-

398 3571 723 3646 ierdum,'ut
746 3571 927 3633 coacta
956 3571 1012 3630 et
1046 3571 1258 3630 detorta
1303 3573 1544 3628 videatur
1569 3572 1780 3646 _oratio.
1815 3571 1968 3646 _Hi_nc

399 3643 705 3722 frequentes
747 3649 849 3705 illae
896 3647 1279 3722 diSputationes
1323 3653 1507 3722 contra
1545 3643 1774 3722 theatra,
1815 3643 1969 3722 ludos

398 3712 688 3784 circenses,
715 3729 859 3775 artes
885 3712 1115 3787 magicas
1136 3757 1152 3782 ,
1177 3715 1545 3786 jusjurandum
1571 3712 1682 3787 (b),
1709 3713 1968 3787 supersti-

402 3797 628 3859 tionem,
661 3792 953 3852 libidinem,
975 3784 1192 3853 luxum,
1208 3784 1392 3859 contra
1415 3801 1510 3842 eos
1538 3784 1632 3859 qui
1668 3786 1722 3859 in
1745 3784 1968 3859 ecclesia

406 3868 544 3920 inter
591 3855 651 3919 se
700 3858 1482 3922 confabulabantur,ridebant,
1531 3855 1812 3919 saltabant,
1866 3857 1973 3907 imo

403 3936 564 3990 etiam
596 3929 1334 4004 marsupiajc)succidebant,
1359 3938 1417 4004 et
1443 3937 1627 3982 contra
1649 3927 1751 4004 alia
1773 3925 1976 4004 effemi-

405 4007 539 4071 nati,
569 3997 986 4067 mollia—effreni
1009 4008 1064 4056 et
1107 3999 1174 4054 ad
1220 3999 1488 4071 interitum
1531 3997 1742 4071 ruentis.
1784 3998 1970 4071 seculi,

409 4065 707 4133 veri'fidem
749 4065 804 4129 et
836 4073 1048 4128 modum
1075 4085 1288 4125 omnem
1317 4067 1624 4123 excedentia
1654 4065 1802 4119 vitia.
1828 4067 1974 4120 Alte-

407 4163 526 4202 rum
569 4144 1118 4217 genushomiliarum
1161 4150 1249 4194 aut
1293 4137 1689 4217 ecclesiasticas
1726 4136 1981 4217 lectiones

413 4207 768 4288 Evangeliarii
801 4224 856 4288 et
881 4213 1122 4288 Apostoli
1165 4209 1404 4288 exponit,
1431 4217 1524 4261 aut
1551 4207 1785 4262 habitum
1807 4217 1885 4261 est
1930 4211 1980 4260 in

411 4282 593 4343 certis'
611 4288 798 4342 diebus
829 4282 996 4348 festis,
1021 4285 1146 4337 item
1171 4282 1330 4335 variis
1357 4289 1674 4349 temporum,
1700 4293 1985 4348 rerumque

414 4357 869 4413 vicissitudinibus
889 4368 942 4410 et
967 4354 1198 4408 casibus.
1226 4350 1285 4408 ln
1309 4350 1393 4404 his
1420 4351 1729 4418 plerumque
1759 4353 1984 4417 amplior

415 4438 498 4482 est
517 4432 686 4482 oratio
714 4436 769 4480 et
793 4426 1049 4480 ornatior.
1075 4421 1228 4490 Quod
1250 4423 1630 4484 inventionem,
1668 4420 1721 4473 in
1752 4420 1986 4475 Secundo

418 4497 649 4552 maxime
675 4510 890 4566 genere,
909 4497 1117 4555 attinet,
1151 4494 1234 4546 hic
1254 4506 1412 4566 nemo
1451 4492 1814 4566 Chrysostomi
1844 4491 1988 4566 desi-

418 4566 630 4623 derabit
675 4563 967 4634 ingenium,
1021 4578 1164 4632 smpe
1216 4579 1344 4634 vero
1372 4563 1650 4634 luxuriam
1695 4563 1987 4625 accusabit,

418 4637 637 4696 modum
670 4632 970 4692 excessisse
997 4634 1252 4703 culpabit,
1285 4632 1588 4704 facilitatem
1623 4641 1678 4685 et
1702 4633 1987 4704 probabili-

419 4719 586 4767 tatem
615 4706 938 4764 inventionis
955 4708 1209 4775 requiret.
1237 4703 1643 4775 Dispositionem
1671 4703 1821 4772 primi
1839 4719 2005 4774 gene-

422 4783 500 4838 ris
521 4780 774 4842 homiliat,
798 4786 854 4830 ut
873 4777 1006 4840 dixi,
1030 4774 1273 4830 eantdem
1293 4789 1478 4829 omnes
1493 4774 1710 4828 habent.
1735 4775 1811 4829 Ex
1829 4780 1998 4828 altero

423 4867 622 4924 genere
667 4848 1002 4924 paucissima:
1045 4847 1310 4924 subtiliter
1351 4852 1477 4900 sunt
1503 4845 1815 4924 dispositae:
1859 4845 1998 4924 haud

427 4916 551 4980 raro
600 4916 1020 4994 propositionem
1050 4920 1208 4974 etiam
1253 4926 1441 4984 mutat,
1491 4918 1571 4971 vel
1629 4917 1894 4983 latiorem,
1918 4916 1999 4970 vel

489 5056 564 5124 (ᾳ)
596 5056 980 5124 Ab_hac__t_torma
1009 5060 1174 5106 tamen
1197 5053 1398 5124 recedit
1429 5053 1478 5102 in
1510 5053 1724 5124 homiliis
1757 5054 2005 5118 plerisque

427 5123 478 5173 in
498 5116 753 5172 Genesim.
778 5117 872 5170 Hic
903 5118 1032 5168 enim
1059 5116 1310 5167 exordium
1334 5123 1387 5165 et
1407 5118 1650 5179 peroratio
1670 5116 1856 5165 morum
1881 5116 2006 5179 pra:-

429 5191 576 5246 cepta
598 5187 822 5240 uractant,
847 5180 1004 5246 media
1019 5191 1132 5246 pars
1150 5178 1828 5246 orationisexplicatsensum
1853 5178 2008 5230 Litte-

433 5241 595 5296 rarum
628 5256 892 5294 sacrarum.
933 5241 1179 5294 interdum
1213 5241 1358 5292 etiam
1384 5243 1430 5290 in
1456 5241 1653 5290 exordio
1675 5249 1906 5292 retractat
1949 5254 2009 5291 ea

431 5318 544 5371 quae
571 5312 717 5356 antea
747 5304 846 5368 jam
867 5309 1196 5371 exposuerat._
1213 5302 1269 5352 In
1307 5302 1516 5371 homiliis
1534 5304 1591 5371 _i_n
1624 5302 1838 5353 Psalmos
1861 5305 2011 5371 verba

434 5364 610 5431 textus
634 5380 727 5431 per
747 5364 1149 5431 'partes'recitat,
1183 5365 1399 5431 breviter
1435 5364 1666 5431 explicat,
1700 5376 1756 5414 ac
1785 5368 2012 5431 continuo

433 5427 878 5503 sin-gulis'partibus
898 5430 1051 5478 nectit
1073 5427 1460 5503 adhortationes,
1488 5429 1553 5503 ita
1577 5434 1630 5474 ut
1653 5429 1702 5475 in
1727 5427 1899 5503 eadem
1924 5429 2012 5478 bo-

438 5489 566 5540 milia
587 5489 724 5553 plura
745 5504 803 5540 ac
822 5491 1321 5553 diversaiargumenta
1345 5489 1503 5553 ethice
1525 5498 1795 5553 occurrant.

493 5559 563 5618 (b)
590 5550 776 5618 'Coutra
791 5550 1360 5618 jusjurandumpluribus
1380 5550 1612 5614 deinceps
1633 5551 1844 5612 disputat
1865 5552 2016 5603 homi-

436 5611 530 5677 ttts‘,
547 5611 591 5667 ἰ.
615 5624 669 5670 ιι.
700 5611 812 5664 inde
835 5611 995 5676 apag.
1017 5611 1178 5677 51x2:

602 5677 722 5730 Vide
753 5673 928 5736 Lomfl,
1031 5674 1137 5734 ΠΩ,
1164 5673 1221 5732 Β,
1246 5686 1382 5736 seqq.

2061 2934 2437 3005 angustiorem
2474 2931 2740 3005 vocabulis
2765 2931 3052 3002 subjiciens
3076 2934 3368 2990 notionem.
3393 2936 3634 3002 Accedit,

2061 3003 2203 3075 (ιυὸά
2232 3003 2503 3075 multoties
2550 3004 2696 3075 inter
2721 3005 2832 3070 ipsa
2877 3014 3184 3073 argumenta
3211 3005 3276 3058 ad
3311 3005 3412 3059 alia
3441 3007 3642 3062 delabi-

2062 3074 2148 3150 tur
2177 3094 2190 3130 :
2219 3074 2544 3150 trgreuenim
2581 3074 2824 3129 exultans
2864 3075 3130 3150 ingenium
3174 3090 3517 3150 compescere
3541 3095 3641 3150 po-

2065 3146 2184 3201 tuit.
2229 3145 2625 3213 Supellectilem
2661 3154 2838 3199 autem
2867 3147 3177 3210 oratoriam,
3226 3146 3387 3201 ﬂores
3423 3145 3558 3202 dico'
3588 3157 3644 3204 t-t

2065 3218 2358 3286 pigmenta,
2395 3216 2590 3285 ubique
2615 3230 2797 3270 secum
2829 3231 3039 3286 omnem
3070 3217 3397 3284 circumfert,
3429 3228 3488 3272 ut
3519 3235 3643 3274 cre-

2066 3285 2182 3353 das,
2237 3287 2526 3353 hominem,
2553 3302 2614 3341 ex
2627 3295 2847 3356 pugnata
2875 3285 3353 3357 Constantinopoli,
3375 3288 3646 3358 aufugisse

2068 3373 2189 3412 cum
2251 3358 2496 3411 omnibus
2556 3360 2666 3411 anis
2714 3359 2996 3424 opulentiae
3034 3361 3222 3429 regite
3275 3358 3540 3429 luxusque
3592 3370 3648 3416 et

2071 3429 2481 3500 magnificentize
2497 3429 2696 3500 copiis.
2737 3427 3175 3500 lieprrehenditur
3205 3429 3365 3483 etiam
3420 3427 3646 3500 partium

2072 3497 2418 3581 inm'qualitas.
2466 3497 2622 3581 Modo
2673 3499 2966 3581 exurdiunr
3000 3499 3073 3569 (a)
3130 3497 3648 3570 dimidiam'partent

2071 3569 2327 3624 orationis
2369 3570 2605 3634 abstulit,
2635 3569 2794 3624 modo
2824 3570 2999 3624 brevis
3047 3569 3483 3640 argumentorum
3513 3582 3651 3626 trac-

2075 3641 2201 3696 tatio
2243 3641 2508 3708 ingentem
2559 3648 2678 3709 post
2722 3655 2781 3693 se
2811 3640 2972 3692 trahit
3017 3642 3538 3697 sermocinationem.
3593 3645 3650 3698 In

2077 3711 2236 3781 priori
2263 3711 2339 3781 (ὁ)
2363 3724 2577 3780 genere,
2608 3725 2727 3763 cum
2749 3709 2886 3764 dicta
2913 3710 3230 3766 Litterarum
3258 3728 3526 3768 sacrarum
3554 3729 3651 3767 ex-

2079 3782 2360 3850 plicantur,
2387 3783 2620 3835 elocutio
2639 3782 2906 3835 interdum
2934 3797 3039 3837 non
3063 3792 3168 3836 tam
3213 3785 3387 3838 tenuis
3408 3795 3462 3839 et
3484 3785 3653 3837 subti-

2079 3853 2145 3907 lis
2175 3861 2277 3916 est,
2305 3852 2447 3919 quod
2477 3853 2668 3924 merito
2699 3853 3049 3924 probaretur,
3080 3853 3175 3908 sed
3227 3855 3394 3920 lenta,
3442 3857 3654 3924 supina,

2080 3924 2390 3994 negligens,
2441 3922 2709 3978 fastidium
2764 3938 2795 3977 a
2846 3923 3253 3992 repetitionibus
3299 3922 3546 3981 efferens.
3597 3925 3655 3980 In

2081 3995 2249 4048 altero
2270 4009 2486 4063 genere,
2513 3994 2707 4061 smpius
2725 3994 2883 4047 nimis
2907 3996 3125 4063 qumsita
3153 4003 3235 4049 est
3253 3996 3498 4062 elocutio,
3526 4012 3660 4050 cmi-

2085 4065 2243 4118 tinuis
2267 4079 2330 4118 ac
2356 4064 2701 4118 dissimilibus
2736 4064 3168 4121 translationibus
3195 4065 3409 4128 referta,
3443 4067 3663 4122 ﬂoribus

2085 4135 2264 4189 multis
2304 4143 2359 4189 et
2408 4135 2761 4190 discoloribus
2788 4135 2980 4197 obsita,
3033 4137 3099 4190 ad
3148 4137 3556 4192 ostentationem
3609 4148 3664 4191 et

2085 4208 2290 4259 aurium
2317 4206 2637 4274 voluptatem
2664 4207 2972 4275 composita,
2993 4209 3134 4261 mole
3163 4207 3432 4269 laborans,
3459 4207 3662 4272 inﬂata,

2089 4287 2298 4331 tumens
2337 4287 2411 4334 et.
2465 4286 2521 4329 ut
2569 4277 2742 4350 ipsius
2777 4277 2975 4350 verbis_
2990 4287 3127 4338 utar,
3145 4288 3379 4350 βρύουσα,
3412 4286 3668 4348 βρίθουσα,

2090 4358 2298 4413 κομῶσαι,
2345 4358 2599 4417 σφριγῶσα.
2651 4347 2914 4431 Ερὶειοιξιε
2937 4346 3301 4431 Cltrysostomi
3330 4346 3523 4431 nemini
3552 4367 3669 4430 Itiu-

2090 4433 2194 4486 gno
2239 4433 2404 4489 opere
2445 4419 2951 4481 cummendaverim,
3009 4419 3106 4473 nisi
3143 4421 3229 4484 iis,
3261 4420 3351 4489 qui
3394 4420 3670 4474 historiam

2092 4489 2235 4542 exilii
2271 4488 2390 4560 ejus
2411 4490 2659 4560 __cupiunt
2703 4503 3048 4558 cognoscere.
3085 4488 3292 4554 Paucae,
3339 4505 3524 4560 extaque
3555 4493 3672 4543 lon-

2094 4560 2290 4631 giores,
2323 4559 2387 4611 ad
2401 4558 2787 4631 Olympiadem,
2823 4560 2961 4631 inter
2986 4561 3214 4631 reliquas
3243 4558 3545 4625 excellunt;
3580 4561 3675 4614 sed

2095 4629 2355 4683 excedunt
2385 4629 2728 4698 epistularum
2758 4630 2995 4684 modum.
3016 4630 3296 4700 Pleraque
3324 4643 3378 4687 et
3398 4634 3678 4687 sententiis

2099 4709 2157 4754 et
2179 4700 2353 4754 verbis
2372 4710 2495 4755 sunt
2521 4703 2659 4756 inter
2687 4716 2746 4756 se
2766 4702 2985 4756 similes.
3014 4701 3346 4768 Patheticum,
3366 4703 3504 4774 quod
3533 4706 3678 4773 epis-

2167 4875 2240 4939 (a)
2281 4876 2750 4941 PrOpterlongjora
2791 4876 2994 4941 exordia
3029 4889 3087 4926 se
3113 4885 3312 4928 excusat
3331 4885 3376 4941 ﬁt.
3404 4887 3481 4941 tu,
3518 4894 3566 4941 p.
3615 4880 3698 4938 8t,

2105 4936 2231 5002 Cit}.
2260 4936 2406 5002 {55¢}
2425 4953 2472 5000 p.
2502 4936 2772 5002 li5,'D;p.
2799 4939 2904 4995 120,
2930 4949 2994 5000 A;
3024 4945 3060 4987 t.
3087 4946 3157 4995 IV,
3185 4955 3230 5002 p.
3254 4940 3366 5000 246,
3391 4940 3444 4997 C,
3470 4936 3532 4990 et'
3553 4941 3613 4989 ali
3633 4936 3701 4993 in.

2169 4998 2240 5062 (ὑ)
2268 4999 2348 5056 Iis.
2374 4998 2456 5063 qui
2489 4998 2901 5066 nondumassueti
2924 4998 3038 5066 sunt
3055 4998 3259 5050 orationi
3280 4998 3618 5066 Chrysostomi.
3653 5002 3698 5050 si

2105 5066 2273 5111 tamen
2299 5063 2560 5125 exegetica
2577 5063 2684 5123 ejus
2707 5063 2757 5110 in
2777 5063 2898 5127 Nov.
2925 5063 3290 5127 Testamentum
3324 5063 3495 5126 legere
3521 5066 3705 5127 velint,

2108 5133 2274 5174 auctor
2297 5123 2482 5188 sim,'ut
2504 5126 2898 5188 acommentario
2918 5127 2965 5174 in
2987 5123 3249 5188 Epistulam
3271 5127 3332 5174 ad
3355 5123 3546 5178 Galatas
3568 5127 3663 5175 inci
3679 5154 3696 5163 -

2110 5188 2263 5258 piant,
2286 5184 2520 5258 desinant
2537 5185 2586 5235 in
2597 5189 2995 5258 commentarium
3019 5184 3068 5235 in
3092 5189 3261 5258 Actus.
3285 5191 3369 5258 qui
3389 5195 3468 5258 est
3477 5189 3696 5258 omnium

2110 5247 2315 5313 iniimus.
2350 5248 2524 5313 Minori
2553 5248 2758 5313 quidem
2784 5247 3322 5313 cruragcommentarium
3355 5253 3402 5300 in
3430 5249 3696 5313 Epistulam

2111 5309 2172 5373 ad
2195 5308 2390 5359 Galatas
2412 5308 2708 5360 elaboratum
2729 5310 2847 5360 dicit
2880 5310 3305 5370 Montefalconius,
3329 5313 3417 5361 sed
3442 5308 3554 5361 cura
3582 5325 3695 5373 pro-

2112 5369 2341 5442 fectoest
2358 5373 2550 5442 eadem,
2573 5374 2796 5442 et_orati9
2819 5374 2972 5423 multo
2998 5381 3075 5442 est
3093 5375 3393 5442 pressior-et
3403 5369 3696 5442 adstrictior.

2117 5433 2170 5483 In
2196 5434 2599 5495 interpretatione
2623 5435 2736 5484 Vet.
2749 5435 3052 5485 Testamenti
3065 5433 3156 5485 sibi
3185 5445 3261 5486 est
3281 5435 3696 5493 dissimilior,0ri-

2116 5507 2248 5603 ﬁene
2280 5502 2444 5544 tamen
2483 5497 2634 5545 multo
2665 5498 2916 5559 superior;
2958 5499 3155 5547 tametsi
3193 5497 3298 5552 hic.
3339 5499 3506 5546 nescio
3539 5506 3700 5546 utrum

2153 5569 2272 5603 Iram
2305 5556 2565 5603 Hebraice.
2590 5572 2649 5603 an
2677 5558 2932 5603 Hebraica.
2969 5562 3187 5603 annrime
3218 5559 3424 5603 caluisse
3458 5560 3700 5603 credatur.

2153 5557 2272 5622 icam
2305 5556 2565 5615 Hebraice,
2590 5572 2649 5606 an
2677 5556 2932 5618 Hebraica,
2969 5562 3187 5622 apprime
3218 5559 3424 5609 caluisse
3458 5560 3700 5607 credatur.

2118 5617 2357 5730 Equidem
2381 5627 2518 5671 certe
2539 5633 2600 5670 ex
2627 5621 2763 5670 istius
2785 5624 2972 5683 scriptis
2998 5617 3086 5672 huc
3109 5621 3300 5671 discere
3321 5635 3413 5671 non
3434 5623 3590 5684 potui,
3611 5637 3702 5672 nec

2170 5693 2230 5730 ue
2256 5693 2346 5730 ius.

2170 5693 2346 5732 uellus.
