4016 6152
378 267 484 324 977

1472 268 1896 330 FRAGMENTA
1933 271 2002 329 IN
2033 271 2398 331 IEREIIAII‘.

3516 282 3627 341 978

378 377 764 450 κολαζὼμεθα,
821 380 1262 453 καταπίπτομεν,
1296 381 1622 453 ἀμείϐοντες
1654 384 1777 449 τοὺς
1828 400 1951 438 και-

2062 392 2448 441 commutantes
2496 393 2758 456 tempora.
2798 386 2868 443 At
2906 387 3036 458 justi
3080 403 3186 445 non
3229 388 3333 460 ita;
3364 392 3458 448 sed
3497 394 3637 451 dum.

383 474 533 546 ρούς.
581 472 723 526 Ἀλλ’
758 474 878 543 οὐχ).
912 473 1116 528 δίκαιοι
1161 473 1357 540 οὕτως,
1409 474 1549 529 ἀλλὰ
1597 474 1952 547 κολαζόμενοι

383 566 485 637 μὲν
519 566 785 637 ἐφρόνουν
819 565 985 637 μέγα,
1033 565 1289 638 καθάπερ
1321 567 1372 619 oi
1400 566 1689 621 ἀπόστολοι
1712 583 1727 597 ⁸
1759 567 1853 621 ἐπὶ
1895 567 1953 621 δὲ

376 661 479 729 τῆς
518 658 794 730 ἁμαρτίας
823 657 998 723 οὕτως
1052 659 1369 730 ᾐσχύνοντο,
1419 660 1496 723 ὡς
1541 659 1617 730 μὴ
1664 659 1810 714 κατὰ
1860 658 1954 714 τὸν

380 750 574 819 καιρὸν
606 750 715 804 τῶν
745 749 1237 821 πλημμελημάτων
1269 752 1451 822 μόνον,
1482 751 1618 805 ἀλλὰ
1648 752 1742 806 καὶ⁵
1762 750 1952 805 τούτου

382 839 772 910 παρελθόντος,
795 842 891 895 καὶ
913 842 1015 913 τῆς
1036 842 1309 914 τιμωρίας
1329 841 1644 914 ἀφεθείσης,
1665 841 1952 913 ὀδύρεσθαι

379 930 478 984 καὶ
504 932 745 1003 θρηνεῖν.

453 1023 564 1075 Καὶ
600 1023 716 1090 μετ’
763 1021 921 1092 ὀλίγα
940 1036 956 1055 ·
1007 1021 1341 1087 Ἐστόναξα
1363 1022 1436 1078 ἐν
1459 1022 1706 1093 ἡμέραις
1736 1025 1952 1093 αισχύ-

378 1130 492 1182 γης
515 1131 657 1183 μου-

449 1204 625 1259 Τοῦτο
651 1205 946 1276 φάρμακον
987 1205 1098 1260 τῶν
1129 1206 1574 1276 ἁμαρτημάτων,
1608 1206 1671 1260 τὺ
1706 1205 1808 1277 μὲν
1840 1222 1953 1261 κω-

378 1296 524 1352 λύων
552 1299 667 1360 τοῖς
707 1298 892 1361 αὐτοῖς
929 1300 1275 1369 περιπεσεῖν,
1318 1297 1380 1351 τὸ
1402 1296 1460 1351 δὲ
1489 1298 1782 1369 γενόμενον
1808 1298 1953 1352 ἁπο-

382 1389 613 1458 σμήχων
644 1391 673 1442 ό
707 1389 1037 1460 στεναγμός.

452 1480 562 1533 Kal
591 1480 878 1545 ὑπέδειξά
897 1494 1037 1535 σου.

461 1569 626 1641 Ὁρᾷς
658 1569 824 1625 πόσον
850 1571 1058 1639 ἀγαθὸν
1084 1572 1146 1625 τὸ
1187 1571 1571 1641 ίπιγινὼσκειν
1598 1573 1667 1627 τὰ
1696 1574 1953 1645 ἁμαρτή-

386 1675 567 1729 ματα;
600 1660 801 1728 μᾶλλον
829 1663 976 1732 ἡμᾶς
994 1663 1393 1718 ὑποτάττεσθαι
1422 1666 1567 1719 ποιεῖ
1596 1664 1674 1734 τῷ
1698 1663 1840 1733 Θεῷ.
1874 1664 1950 1717 Οὐ

367 1749 445 1802 *τὸ
490 1750 830 1821 ἁμαρτάνειν
875 1751 1039 1821 λέγω,
1077 1753 1215 1809 ἀλλὰ
1258 1755 1321 1809 τδ
1352 1754 1493 1826 μετὰ
1542 1754 1640 1825 τὴν
1676 1754 1951 1825 ἁμαρτίαν

379 1841 705 1910 ἐπιγνῶναι.

452 1935 468 1953 ⁸
494 1932 627 1999 nec
644 1934 702 1987 el
725 1934 1035 2004 ἀγαπητὸς
1061 1936 1315 2007 Ἐφραίμ
1339 1937 1495 2006 ἐμοί.

442 2024 726 2092 Taurices,
766 2025 949 2096 τίμιος
1006 2027 1123 2091 υίὸς
1180 2026 1250 2082 εί.
1319 2028 1566 2083 Παιδίον
1622 2026 1952 2099 ἐντρυφῶν,

376 2114 664 2181 τουτέστι,
695 2117 788 2169 καὶ
824 2116 1038 2172 παιδίον
1064 2119 1123 2172 ὲν
1159 2112 1204 2186 ᾧ
1243 2119 1703 2191 παρεκαλούμηνο
1746 2121 1811 2174 ἐκ
1857 2137 1954 2192 με-

376 2205 628 2276 ταφορᾶς
662 2206 723 2260 δὲ
754 2207 890 2261 αὐτὸ
918 2206 1080 2262 ελαϐε
1113 2208 1223 2263 τῶν
1253 2210 1528 2282 πατέρων,
1569 2212 1680 2265 τῶν
1722 2212 1862 2283 πρὸς
1884 2211 1954 2266 τὰ

383 2292 555 2364 μικρὰ
582 2293 758 2365 βρέφη
786 2295 896 2351 τῶν
936 2295 1148 2350 τέκνων
1176 2299 1503 2363 παιζόντων.
1536 2302 1768 2356 Μνείαν
1797 2319 1952 2371 μνη-

376 2383 687 2454 σθήσομαι
713 2386 921 2442 αὑτοῦ.
959 2387 1019 2440 '0
1049 2387 1321 2459 Ἐϐραῖος,
1341 2391 1445 2444 Διὰ
1470 2390 1649 2445 τοῦτο
1685 2392 1950 2462 ἠλέγχθη

378 2470 455 2525 τὰ
481 2472 773 2543 σπλάχνα
790 2494 910 2545 μου
924 2476 1018 2530 ἐπ’
1033 2478 1240 2544 αὑτὸν,
1264 2478 1364 2533 καί
1388 2481 1726 2550 οίκτηρήσω
1743 2481 1953 2549 αὐτὸν,

373 2559 514 2619 εἶπε
548 2566 785 2635 Κύριος.
847 2569 951 2622 Διὰ
1002 2568 1181 2623 τοῦτο
1240 2570 1677 2641 ἐπεσκεψάμην
1717 2571 1905 2626 αὑτὸν
1932 2611 1948 2636 ,

378 2654 681 2722 τουτέστιν,
716 2658 783 2711 ὲκ
813 2657 915 2727 τῆς
944 2659 1075 2730 περὶ
1101 2659 1264 2713 αὐτὸν
1286 2660 1581 2726 διαθέσεως
1608 2662 1710 2716 οὐκ
1742 2663 1953 2734 ἤνεγκα

377 2746 548 2802 αὐτὸν
573 2747 633 2802 ἐν
662 2752 972 2821 συμφοραῖς
1007 2751 1156 2806 ἰδεῖν.

452 2834 608 2902 Εἶδες
633 2838 813 2911 πόσην
845 2839 1151 2912 μεταϐολὴν
1171 2842 1474 2911 εἰργάσατο
1490 2859 1507 2910 ;
1523 2843 1629 2897 Τὸν
1649 2846 1709 2899 iv
1739 2846 1833 2915 γῇ,
1859 2844 1952 2898 τὸν

379 2927 654 2997 μυσαρὸν,
680 2927 776 2981 τὸν
805 2929 1088 2999 πολέμιον,
1128 2930 1222 2984 τὸν
1251 2930 1468 3003 ἐχθρὸν,
1502 2931 1716 2987 παιδίον
1735 2933 1952 3003 ἀγαπη-

2053 474 2397 543 punirentur,
2474 484 2715 532 mentem
2784 478 3087 548 erigebant,
3168 482 3624 551 quemadmodum

2052 565 2277 634 apostoli
2303 566 2393 622 :in
2422 569 2658 635 peccatis
2683 581 2814 624 vero
2839 568 2915 623 ita
2932 569 3127 627 rubore
3152 570 3622 641 sull‘undebantur,

2052 663 2113 711 ut
2134 670 2240 711 non
2279 655 2454 712 solum
2484 656 2604 727 ipso
2629 667 2976 727 peccatorum
3021 670 3296 733 tempore,
3330 663 3428 719 sed
3454 665 3623 720 etiam

2051 760 2116 801 eo
2144 746 2349 818 elapso,
2382 749 2772 822 punitioneque
2808 751 3039 809 remissa
3068 751 3515 825 ingemiscerent,
3564 764 3622 813 et

2052 836 2502 894 lamentarentur.

2125 1021 2191 1076 Et
2218 1029 2340 1094 post
2373 1037 2549 1094 pauca
2599 1039 2619 1081 :
2652 1021 2898 1097 Ingemui
2936 1024 2994 1081 in
3052 1026 3238 1084 diebus
3289 1028 3634 1099 confusionis.

2051 1128 2202 1169 ηιεα.

2125 1203 2250 1261 Haec
2282 1213 2631 1275 peccatorum
2663 1213 2748 1263 est
2786 1206 3076 1275 medicina,
3113 1210 3385 1281 gemitus,
3420 1212 3631 1283 partim-

2053 1293 2269 1363 quidem
2299 1295 2353 1350 in
2379 1295 2566 1351 eadem
2589 1294 2697 1352 labi
2725 1310 2830 1353 non
2854 1297 3059 1363 sinens,
3087 1300 3283 1370 partim
3316 1315 3448 1356 vero
3476 1300 3621 1372 quod

2053 1394 2137 1440 est
2160 1384 2360 1441 factum
2392 1391 2732 1460 abstergens.

2126 1474 2195 1529 Et
2233 1478 2437 1531 ostendi
2462 1478 2578 1533 tibi.

2123 1566 2283 1623 Vides
2328 1578 2589 1637 quantum
2638 1569 2841 1627 bonum
2897 1572 2971 1628 sit
3020 1582 3243 1638 peccata
3282 1574 3634 1646 agnoscere?-

2056 1658 2227 1729 magis
2253 1674 2351 1716 nos
2384 1661 2493 1717 Deo
2514 1663 2786 1732 subjectos
2812 1664 3008 1721 reddit.
3042 1664 3185 1734 Non,
3213 1666 3456 1737 inquam,
3490 1679 3620 1738 peo-

2056 1762 2206 1818 care,
2240 1752 2334 1808 sed
2362 1763 2484 1823 post
2509 1762 2813 1823 peccatum,
2846 1768 3164 1825 agnoscere.

2122 1935 2317 1991 'Vsas.
2346 1935 2437 1990 20.
2464 1935 2632 1993 Filius
2652 1953 2707 1993 es
2734 1937 2959 1994 dilectus
2978 1937 3205 2009 Ephrem
3236 1939 3390 1995 mihi.

2126 2027 2238 2082 Hoc
2266 2037 2371 2093 est,
2398 2027 2733 2084 honorabilis
2764 2028 2906 2084 illius
2944 2029 3061 2086 sive
3088 2028 3380 2098 pretiosus.
3418 2027 3620 2084 Parcu-

2051 2118 2135 2177 lus
2178 2117 2434 2173 delicatus
2464 2131 2483 2170 :
2518 2118 2620 2174 hoc
2667 2130 2753 2175 est
2780 2119 3061 2190 parvulus,
3101 2134 3211 2191 quo
3265 2118 3616 2186 delectabar;

2052 2208 2286 2278 sumpsit
2341 2215 2523 2263 autem
2574 2209 2946 2281 metaphoram
3001 2225 3071 2266 ex
3129 2210 3467 2280 parentibus,
3525 2209 3619 2280 qui

2051 2312 2173 2353 cum
2203 2296 2442 2367 parvulis
2477 2297 2774 2357 infantibus
2834 2299 3054 2356 ludunt.
3096 2300 3401 2355 Recordaus
3435 2314 3616 2354 recor-

2050 2389 2221 2444 dabar
2241 2389 2378 2460 ejus.
2399 2388 2655 2446 Hebraeus
2689 2409 2705 2446 :
2742 2389 2954 2446 Idcirco
2973 2391 3240 2459 patefacta
3266 2400 3387 2446 sunt
3416 2391 3621 2445 uiscera

2051 2493 2167 2532 mea
2204 2494 2360 2547 super
2386 2495 2528 2546 euut,
2569 2488 2620 2534 et
2667 2479 2953 2535 miserebor
2994 2481 3135 2551 ejus,
3168 2479 3304 2535 dixit
3334 2478 3619 2535 Dominus.

2053 2565 2265 2622 Idcirco
2297 2569 2503 2624 visitavi
2533 2582 2675 2623 eum.
2722 2565 2839 2625 Hoc
2876 2577 2981 2637 est,
3034 2578 3256 2640 propter
3292 2569 3622 2625 benevolen-

2055 2656 2181 2710 tiam
2207 2672 2312 2728 qua
2362 2673 2485 2714 eum
2510 2673 2831 2729 prosequor,
2861 2674 2967 2717 non
2990 2661 3225 2718 sustinui
3259 2662 3445 2718 videre
3470 2660 3619 2717 illum

2053 2746 2107 2800 in
2136 2746 2564 2806 calamitatibus.

2123 2835 2288 2894 Vides
2340 2853 2501 2909 quam
2551 2848 2789 2897 mutatus
2834 2841 2906 2896 sit
2937 2842 2964 2897 τ
3000 2839 3340 2898 Sceleratum
3379 2841 3618 2904 hostem,

2053 2929 2540 2987 iuimicumJiiium
2570 2930 2847 3000 dilectum,
2881 2947 2948 2989 ne
2990 2941 3198 2987 tantum
3229 2938 3377 2989 esset
3401 2945 3489 2987 res
3516 2944 3619 2986 na-

372 3016 497 3078 τδν,
524 3013 674 3070 ὥστε
709 3015 785 3087 μὴ
813 3016 913 3087 τῆς
942 3015 1160 3085 φύσεως
1210 3011 1350 3073 εἷναι
1396 3017 1458 3071 τὸ
1485 3018 1718 3087 πρᾶγμα
1766 3016 1948 3087 μόνον,

2062 3031 2214 3089 tura,
2240 3028 2296 3077 et
2324 3019 2492 3077 lilium
2518 3023 2752 3080 nobilem
2780 3032 2836 3080 et
2860 3038 3203 3096 generosum.

372 3107 479 3165 sccl.
505 3107 718 3160 παιδίον
742 3106 1048 3179 ἐλεύθερον,
1078 3109 1171 3163 καὶ
1196 3109 1439 3179 εὐγενές.

440 3195 689 3265 Στῆσον
716 3198 945 3268 σεαυτῇ
979 3200 1194 3271 Σιώνιμ
1217 3203 1514 3268 σκοπούς.

453 3286 662 3357 Σιὼνιμ
702 3291 905 3360 σημεῖα
953 3290 1345 3361 ἑρμηνεύεται.
1399 3292 1567 3362 Λέγει
1598 3286 1815 3361 τοίνυν,
1870 3297 1953 3350 ὅτι

376 3380 700 3451 Σημείωσαι
737 3381 838 3453 τὴν
867 3381 985 3435 ὁδὸν
1027 3381 1218 3455 ὥσπερ
1243 3385 1480 3449 σκοποὺς
1515 3384 1632 3452 θεὶς
1671 3388 1730 3441 ὲν
1759 3388 1951 3459 ἑαυτῇ,

372 3473 470 3531 διὰ
493 3473 603 3545 γὰρ
624 3472 834 3544 ταύτης
867 3473 1238 3529 ἑπανελεύσει.

451 3570 472 3589 ’
509 3567 777 3632 Ποίησον
802 3565 876 3619 δὲ
900 3566 1053 3635 αὐτῇ
1080 3569 1378 3636 τιμωρίαν.

457 3659 711 3728 ’Δσαφῶς
782 3662 957 3714 κεῖται
1014 3662 1165 3731 παρὰ
1218 3662 1297 3732 τῷ
1346 3664 1663 3736 Ἑλληνικῷ.
1724 3666 1783 3719 '0
1844 3668 1953 3740 γὰρ

389 3750 643 3821 Ἐϐραῖος
667 3749 843 3813 οὕτως
872 3750 1008 3821 ἔχει’
1039 3751 1281 3820 Στῆσον
1306 3753 1538 3823 σεαυτῇ
1562 3756 1803 3825 σημεῖα,
1830 3758 1953 3812 ἀντὶ

382 3840 505 3904 τοῦ,
559 3842 869 3911 τιμωρίαν·
924 3842 1054 3902 ἴσως
1090 3843 1149 3895 δὲ
1188 3844 1413 3898 κατὰτὸ
1444 3846 1760 3916 Ἑλληνικὸν
1811 3847 1950 3919 αὕτη

385 3933 566 3985 κεῖται
616 3933 886 4004 ὴεννοια,
940 3935 1024 3988 ὅτι
1075 3934 1479 4002 Παράστησον
1521 3938 1630 3990 τὸν
1680 3940 1950 4006 σκοπόν,

377 4022 647 4089 τουτέστι,
680 4024 741 4077 τὸ
771 4026 998 4094 σημεῖον
1046 4024 1170 4079 ὃθεν
1229 4026 1507 4096 παρῆλθες
1553 4030 1950 4100 τιμωρηθετσα,

370 4117 469 4172 Ῑνα
525 4116 828 4171 ἐπανιοῦσα
877 4117 1022 4186 γνῷς
1078 4117 1179 4186 τῆς
1234 4118 1518 4187 ἐνεργείας
1583 4121 1644 4173 τὸ
1700 4121 1948 4189 μέγεθος.

371 4206 588 4261 mem
624 4206 681 4260 δὲ
711 4206 811 4272 δεῖ,
855 4207 937 4261 ὅτι
982 4207 1136 4279 παρὰ
1177 4207 1254 4279 τῷ
1285 4208 1530 4282 Ἑϐραίῳ
1574 4210 1654 4276 τὸ,
1690 4212 1950 4281 τιμωρία,

368 4297 435 4349 οὐ
470 4298 670 4351 κεῖται.
710 4317 715 4323 ·

449 4392 469 4409 ·
496 4386 609 4450 Δὸς
648 4384 766 4454 τὴν
792 4386 1047 4454 καρδίαν
1091 4400 1208 4443 σου
1260 4391 1345 4456 είς
1393 4387 1539 4456 τοὺς
1567 4388 1764 4460 ὤμους
1802 4405 1940 4459 σου,
1980 4395 2026 4452 D

371 4477 525 4532 ὁδὸν
557 4475 639 4544 ἢν
664 4476 1013 4546 ἐπορεύθης.

446 4568 779 4633 Τουτὲστιν,
826 4568 1077 4639 ἑννόησαι
1130 4568 1231 4639 τὴν
1287 4569 1516 4641 καρδίαν
1560 4588 1652 4625 σου
1696 4572 1795 4644 τὴν
1831 4574 1948 4627 όδὸν

369 4659 584 4730 ταύτην
607 4659 675 4730 ἢν
697 4659 907 4731 πορεύῃ
929 4659 1222 4731 μοχθοῢσα.

443 4755 460 4773 '
501 4750 878 4820 Διάστρεψον
907 4755 993 4819 εἰς
1035 4753 1141 4818 τὰς
1161 4754 1371 4820 πόλεις
1399 4769 1516 4808 σου
1555 4758 1885 4812 πενθοῦσα.

447 4841 510 4894 '0
549 4840 825 4914 Ἐϐραῖος,
857 4842 1272 4911 Ἀνάστρεψον
1305 4847 1394 4908 εἰς
1435 4845 1542 4912 τὰς
1570 4847 1798 4914 πόλεις,
1829 4865 1947 4903 σου

373 4930 619 4997 ταύτας.
664 4932 812 4986 Ἀντὶ
846 4932 956 5002 γὰρ
1008 4933 1126 4998 τοῦ,
1174 4934 1507 5000 πενθοῦσα,
1538 4935 1762 5002 ταύτας
1810 4937 1943 5007 ἔχει’

375 5020 660 5075 κάνταῦθα
683 5022 742 5075 δὲ
767 5024 800 5091 ἡ
831 5023 1120 5092 ἐπωνυμία
1153 5023 1250 5093 τὴν
1280 5024 1586 5097 ἐναλλαγὴν
1628 5027 1727 5096 τῆς
1772 5029 1948 5098 ἑρμη-

372 5112 525 5174 νείας
575 5112 819 5182 εποίησε.
879 5111 953 5163 Τὸ
1001 5111 1109 5182 γὰρ
1163 5112 1302 5179 aue,
1350 5114 1571 5179 πένθος
1624 5115 1853 5185 μηνύει,
1885 5117 1946 5170 τὸ

372 5202 429 5255 δὲ
455 5201 578 5270 exe,
601 5202 776 5270 αὕτη.
804 5201 962 5255 Οὕτω
979 5201 1036 5255 δὲ
1062 5203 1281 5272 νοητὲον
1308 5202 1367 5256 τὸ
1409 5202 1751 5275 Ἑλληνικόν·
1785 5207 1939 5260 Ἀνά-

376 5291 608 5364 στρεψον
638 5296 718 5359 είς
746 5293 847 5356 τὰς
876 5292 1061 5356 πόλεις
1092 5309 1209 5358 σου,
1237 5294 1270 5363 ἡ
1299 5295 1593 5361 πενθοῦσα,
1640 5296 1942 5360 τουτέστιν,

372 5383 408 5451 ή
460 5383 557 5435 νῦν
598 5384 738 5453 μετᾶ
795 5382 1026 5446 πένθους
1082 5384 1345 5452 ἀπιοῦσα,
1400 5386 1737 5456 ἀναστρέψει
1802 5389 1945 5459 μετὰ

372 5472 573 5545 χαρᾶς.

447 5569 460 5581 ⁸
496 5563 651 5630 ’Ἕως
683 5565 827 5617 πότε
854 5563 1254 5631 ἐπιστρέψειεν,
1281 5564 1540 5634 θυγάτηρ
1565 5567 1893 5637 ἠτιμωμένη
1927 5586 1941 5632 ;

457 5656 513 5706 't)
556 5657 801 5724 Ἐϐραῖος
845 5654 1016 5717 ούτως
1044 5655 1188 5726 ἔχει’
1254 5659 1397 5723 Ἕως
1446 5661 1586 5713 πότε
1615 5661 1937 5733 διασύρεις,

2124 3205 2287 3262 Vsus.
2308 3206 2398 3263 9d.
2430 3206 2611 3263 Statue
2645 3207 2741 3262 tibi
2762 3207 2967 3263 Sionim
2996 3209 3368 3279 speculatores.

2125 3295 2331 3352 Sionius
2377 3297 2768 3370 interpretatur
2829 3298 3014 3371 Signa.
3069 3299 3163 3355 Ait
3215 3299 3398 3370 igitur,
3453 3299 3619 3370 Signa

2053 3389 2222 3455 viam,
2252 3398 2508 3459 tanquam
2540 3388 2907 3459 speculatores
2935 3404 3101 3461 pones
3138 3390 3193 3447 in
3237 3405 3322 3458 ea,
3356 3405 3455 3462 per
3481 3392 3620 3451 hanc

2054 3481 2199 3535 enim
2230 3479 2539 3535 reverteris.
2862 3506 2867 3509 ν

2124 3571 2146 3592 '
2189 3566 2303 3621 Fac
2328 3582 2446 3622 vero
2469 3569 2569 3637 ipsi
2587 3585 2814 3638 poenam.

2123 3656 2367 3712 Obscure
2409 3658 2643 3727 positum
2670 3668 2756 3714 est
2785 3658 2924 3727 apud
2952 3658 3222 3714 Graecum.
3254 3659 3472 3715 Etenim
3505 3658 3613 3718 He—

2054 3747 2231 3801 braeus
2261 3746 2338 3800 ita
2391 3747 2541 3817 legit,
2572 3745 2758 3802 Statue
2808 3747 2904 3800 tibi
2957 3748 3134 3818 signa,
3165 3764 3266 3820 pro
3298 3765 3524 3817 pteuaut,
3563 3762 3620 3806 et

2053 3836 2193 3892 forte
2219 3837 2375 3906 juxta
2401 3836 2646 3893 Graecum
2684 3840 2771 3893 hic
2797 3853 2920 3894 esse
2951 3840 3150 3910 poterit
3203 3855 3396 3897 sensus
3425 3858 3441 3897 :
3474 3840 3617 3900 Cou-

2052 3929 2211 3983 stitue
2233 3928 2630 3998 speculatorem,
2657 3928 2761 3985 hoc
2777 3937 2859 3985 est
2878 3929 3114 4001 signum,
3144 3930 3289 3988 unde
3307 3933 3621 4003 praeteriisti

2054 4020 2229 4088 pwnis
2267 4019 2492 4076 multata
2519 4059 2537 4085 ,
2587 4028 2644 4073 ut
2674 4019 2889 4075 rediens
2919 4021 3135 4076 virtutis
3181 4036 3449 4092 agnoscas
3498 4038 3619 4078 ma-

2054 4110 2414 4179 gnitudinem.
2461 4110 2749 4166 Sciendum
2781 4119 2986 4178 autem,
3028 4113 3085 4167 in
3130 4111 3380 4180 Hebraeo,
3416 4129 3620 4183 paruam

2056 4216 2160 4257 llOII
2189 4211 2425 4258 exstare.

2120 4386 2145 4408 ‘
2176 4386 2256 4441 Da
2285 4403 2375 4442 cor
2412 4397 2558 4442 tuum
2592 4388 2648 4442 in
2674 4390 2919 4443 humeros
2951 4397 3091 4453 tuos,
3120 4389 3257 4443 viam
3282 4387 3338 4444 in
3366 4403 3473 4460 qua
3506 4405 3621 4456 om.

2058 4479 2266 4533 bulasti.

2126 4573 2239 4628 lloc
2257 4582 2360 4641 est,
2390 4573 2553 4628 corde
2592 4582 2684 4629 tuo
2709 4572 3052 4643 apprehende
3077 4572 3218 4628 viam
3252 4571 3416 4638 hanc,
3452 4585 3641 4651 quam~

2055 4665 2322 4730 ambulas,
2356 4666 2517 4721 rebus
2542 4665 2791 4722 adversis
2816 4663 3039 4722 amicta.
3500 4652 3505 4657 ’

2124 4758 2143 4778 ⁸
2173 4755 2439 4811 Revertere
2464 4758 2520 4811 in
2548 4758 2777 4813 civitates
2810 4768 2929 4812 tuas
2961 4756 3160 4826 lugens.

2127 4845 2403 4914 Hebraeus,
2451 4846 2720 4902 Revertere
2768 4848 2838 4901 ad
2883 4849 3121 4902 civitates
3172 4858 3292 4902 tuas
3344 4846 3460 4905 has.
3511 4846 3617 4903 Pro

2052 4937 2235 5004 lugens
2261 4937 2405 4991 enim
2440 4937 2605 4992 habet
2638 4941 2756 5001 uas,
2788 4946 2845 4992 et
2881 4937 2971 4991 hic
2998 4937 3275 4993 nominum
3319 4935 3615 4991 similitudo

2051 5024 2509 5093 interpretationis
2542 5023 2910 5078 diversitatem
2957 5022 3465 5091 induxit.gEtenim,
3522 5020 3612 5074 ala

2052 5117 2249 5170 luctum
2284 5115 2554 5184 signiﬁcat
2580 5129 2596 5179 ;
2626 5114 2727 5178 ele,
2776 5112 2908 5167 litae.
2941 5112 3041 5168 Sic
3078 5111 3260 5182 itaque
3288 5120 3372 5166 est
3404 5111 3605 5166 intelli-

2052 5208 2254 5276 gendus
2282 5217 2457 5262 textus
2488 5205 2709 5260 Graecus
2744 5222 2775 5258 :-
2797 5203 3089 5260 Revertere
3112 5202 3167 5257 in
3213 5203 3461 5259 civitates
3495 5209 3617 5258 tuas

2051 5299 2141 5367 qui
2192 5298 2380 5369 luges,
2429 5296 2586 5367 quasi
2654 5296 2891 5360 diceret;
2921 5295 3054 5363 Quae
3106 5309 3249 5350 nunc
3303 5294 3610 5365 lacrymans
3660 5282 3677 5294 ’

2050 5388 2186 5452 abis,
2242 5402 2362 5443 cum
2422 5384 2957 5454 gaudiqreverteris.

2123 5573 2138 5589 ‘
2169 5567 2329 5622 Vens.
2365 5566 2455 5622 Ἡ.
2491 5565 2765 5637 Usqueth
2784 5568 3115 5633 converteris,
3145 5567 3258 5637 ﬁlia
3280 5566 3559 5636 despecta?

2115 5662 2371 5725 Hebraeus
2423 5662 2500 5719 sic
2549 5662 2706 5718 habet
2755 5678 2769 5718 :
2818 5657 3089 5731 Usquequo
3117 5660 3446 5726 sinistra/ieris,
3476 5659 3614 5728 ﬁlia,
