4016 6152
382 215 487 274 973
1142 195 1712 263 SUPPLEMENTUM
1750 193 1844 249 AD
1882 194 1945 250 S.
1980 193 2036 249 J.
2072 188 2570 266 CHRYSOSTOMI
2611 188 2870 246 OPERA.
3549 173 3654 229 980

385 328 734 397 deiinquens;
767 321 874 389 vel,
915 320 1128 388 Semper
1151 319 1256 370 huc
1291 325 1337 368 et
1373 311 1499 365 illuc
1533 320 1729 364 rerteus
1757 317 1824 372 te,
1860 307 1961 361 hoc
1991 311 2012 368 Δ

2123 305 2328 376 ιγὰτηρ
2386 302 2816 374 ἁμαρτάνουσα
2848 339 2863 364 ,
2920 298 2956 369 ἢ
3009 296 3102 352 ἀεὶ
3156 289 3652 363 διαστρεφομένη,

387 430 491 483 est,
533 418 576 472 si
637 413 1012 486 paenitentiam
1067 408 1265 478 egeris,
1321 418 1487 474 quam
1541 400 1804 456 citissime
1845 409 1896 454 te
1939 411 1972 452 a

2123 398 2375 462 ιυτέστιν,
2403 396 2500 450 ἐὰν
2530 393 2834 466 μεταγνῷς,
2872 389 3108 462 τάχιστά
3147 405 3208 440 σε
3226 387 3342 471 ’τῆς
3370 381 3654 454 αἰχμαλω-

389 503 703 580 captivitate
732 507 872 560 Deus
908 504 1146 557 reducet.

460 605 477 623 ⁶
507 601 570 655 In
601 599 928 672 plantatione
994 609 1147 660 nova,
1206 592 1262 644 in
1311 587 1484 643 salute
1522 583 1814 638 circuibunt
1874 582 1972 636 ho-

390 695 576 748 mines.

462 780 572 840 lloc
594 793 696 847 est,
727 791 784 836 ut
815 796 1010 836 novam
1033 777 1420 850 plantationem
1443 771 1585 842 colet
1602 780 1654 824 te
1678 767 1972 831 Dominus;

394 879 593 930 etenim
635 891 822 930 novam
857 873 1037 942 posuit
1069 885 1167 942 pro
1197 875 1479 924 recentem.
1526 862 1756 928 Quando
1793 868 1975 912 autem

397 970 446 1022 id
466 965 820 1036 operabitur?
851 965 905 1018 in
940 965 1145 1026 reditu,
1176 960 1395 1033 quando
1420 956 1523 1033 tibi
1547 953 1785 1010 salutem
1818 948 1977 1003 exhi-

397 1059 566 1127 bullit.

455 1148 573 1203 Non
592 1147 733 1202 sicut
747 1151 992 1209 anten,nt
1009 1155 1202 1196 rursus
1219 1137 1373 1208 quies
1397 1140 1679 1204 sequatur,
1697 1129 1786 1184 illa
1799 1128 1980 1183 omnia

400 1239 617 1295 silentio
646 1237 897 1314 obvoluta
928 1243 1089 1300 sunt;
1117 1231 1263 1288 nulla
1298 1228 1513 1284 illorum
1557 1223 1792 1278 habetur
1818 1223 1980 1277 ratio.

464 1332 535 1386 Et
575 1332 667 1401 qui
701 1328 960 1383 habitant.

470 1421 686 1490 Ubique
715 1422 880 1484 bona,
912 1428 968 1472 et
997 1429 1172 1486 usque
1218 1415 1282 1469 ad
1315 1415 1564 1482 vicinos;
1593 1415 1774 1486 justus
1804 1421 1984 1467 autem

404 1525 460 1571 et
487 1523 708 1569 sanctus
753 1524 930 1566 mons.
983 1507 1100 1563 Non
1133 1507 1276 1577 quod
1327 1506 1534 1577 lapides
1565 1508 1784 1575 capiant
1810 1505 1986 1557 virtu-

2076 488 2198 551 σίας
2224 488 2482 554 ὲπανάξει
2521 486 2675 548 Θεός.

2145 583 2162 601 ⁶
2197 583 2303 646 Εἰς
2352 580 2800 648 καταφύτευσιν
2845 573 3088 642 καινὴν,
3142 571 3212 624 ἑν
3273 566 3348 637 τῇ
3394 562 3657 632 σωτηρίᾳ

2077 673 2570 741 περιελεύσονται
2600 671 2922 738 ἅνθρωποι.

2149 765 2462 826 Τουτέστιν,
2510 765 2591 827 εἰς
2622 764 2748 816 νέαν
2795 760 3020 831 φυτείαν
3069 752 3367 827 ἐργάσεταί
3400 769 3461 804 σε
3503 749 3656 811 Θεός.

2079 859 2152 910 Τὸ
2203 857 2332 927 γὰρ,
2399 854 2639 922 καινὴν,
2686 854 2806 906 ἀντὶ
2844 851 2961 914 τοῦ,
2995 845 3239 914 νεαρὰν.
3295 843 3434 896 Πότε
3481 841 3660 893 τοίνυν

2077 949 2238 1004 τοῦτο
2261 949 2516 1020 ποιήσεις
2543 949 2600 1000 ὲν
2620 949 2690 1018 τῇ
2718 944 2987 1012 έπανόδῳ,
3011 941 3101 994 ὅτε
3135 954 3220 989 σοι
3253 936 3350 1006 τὴν
3382 934 3661 1004 σωτηρίαν

2081 1042 2330 1115 παρέξει.

2151 1134 2226 1187 Οὐ
2261 1131 2515 1202 καθάπερ
2547 1129 2835 1201 πρότερον,
2867 1127 3009 1180 ὥστε
3048 1121 3434 1191 ἀναπαυθῆναι
3466 1115 3660 1181 πάλιν,

2083 1226 2260 1281 πάντα
2295 1227 2480 1278 ἐκεῖνα
2514 1221 2834 1292 σεσίγηται·
2866 1218 3052 1272 οὐκέτι
3075 1217 3234 1286 λόγος
3263 1211 3444 1266 αὐτῶν
3465 1208 3657 1271 οὐδείς.

2153 1319 2263 1374 Καὶ
2287 1315 2689 1381 ἐνοικοῦντες.

2159 1407 2446 1478 Πανταχοῠ
2484 1407 2555 1460 τὰ
2600 1380 2802 1474 ἀγαθὰ,
2851 1404 2948 1457 κα)⁸
3005 1402 3169 1473 μέχρι
3216 1398 3326 1452 τῶν
3365 1380 3690 1464 γειτόνων(

2086 1502 2296 1558 δίκαιον
2318 1501 2376 1554 δὲ
2402 1500 2528 1570 ὅρος
2558 1498 2653 1552 καὶ
2692 1497 2849 1565 ἅγιον
2879 1513 2894 1526 ο
2925 1496 3024 1566 οὐχ
3055 1495 3132 1558 ὡς
3172 1491 3282 1546 τῶν
3303 1488 3473 1543 λίθων
3515 1486 3663 1553 δεχο-

408 1619 542 1672 tem,
577 1605 669 1659 sed
701 1603 1036 1657 habitantes.
1072 1599 1224 1654 Solet
1253 1599 1398 1654 enim
1428 1574 1820 1654 communicari
1855 1595 1989 1651 locis

2123 1596 2269 1649 ιένων
2316 1595 2416 1666 τὴν
2451 1592 2678 1662 ἀρετὴν,
2730 1589 2868 1642 ἀλλὰ
2911 1588 3022 1641 τῶν
3061 1585 3440 1641 ἐνοικούντων.
3496 1574 3666 1672 Εἴωθι

409 1696 772 1754 habitantium
806 1693 974 1749 fama.
1016 1692 1148 1748 Vide
1181 1691 1556 1746 mutationem.

477 1883 498 1902 ⁶
529 1878 696 1936 Vsus.
724 1878 812 1934 24.
847 1875 916 1932 Et
937 1875 1224 1933 eleuabitur
1244 1875 1299 1930 in
1327 1889 1499 1944 grege.

475 1972 534 2028 Id
566 1978 672 2036 est,
707 1979 963 2039 tanquam
995 1983 1126 2037 grex
1157 1965 1602 2036 congregabitur.

479 2059 676 2132 Ingens
721 2072 799 2114 est
843 2060 1068 2122 bonum,
1122 2070 1228 2110 non
1269 2053 1488 2123 quando
1545 2051 1779 2105 fruimur
1805 2047 1992 2113 bonis,

412 2155 506 2208 sed
542 2152 759 2223 quando
789 2149 1091 2205 secundum
1141 2146 1242 2202 Dei
1275 2145 1631 2207 voluntatem,
1660 2156 1783 2197 cum
1832 2151 1887 2195 et
1919 2141 1994 2196 illi

417 2249 518 2300 hoc
544 2243 786 2300 laetitiam
826 2240 1026 2302 aﬂ'ert.,

484 2338 502 2356 ‘
523 2335 687 2391 Vens.
713 2333 806 2390 26.
828 2332 960 2388 Ideo
986 2329 1384 2402 expergefactus
1411 2343 1549 2395 sum,
1572 2336 1619 2382 et
1637 2326 1764 2392 vidi,
1790 2334 1837 2380 et
1853 2339 1995 2379 som-

419 2445 517 2485 nus
550 2445 699 2482 meus
723 2426 990 2497 iucundus
1018 2424 1195 2494 factus
1217 2431 1297 2478 est
1316 2421 1468 2476 mihi.

492 2519 643 2583 Haec,
673 2517 1014 2588 inquit,mihi
1047 2514 1285 2571 revelata
1317 2521 1468 2581 sunt,
1513 2513 1640 2568 dum
1679 2509 1996 2575 dormirem,

423 2621 476 2668 et
502 2610 804 2681 jucundum
840 2609 1007 2664 habui
1057 2622 1330 2663 somnum.

493 2702 662 2757 Vsus.
696 2700 784 2756 28.
816 2698 887 2753 Et
925 2701 1024 2755 erit
1049 2700 1205 2753 sicut.

495 2792 712 2861 Quanto
742 2791 829 2846 illa
863 2790 1046 2846 studio
1072 2788 1204 2854 feci,
1231 2795 1288 2843 et
1321 2786 1460 2850 haec,
1486 2784 1684 2856 inquit,
1718 2796 1839 2852 quae
1871 2780 2002 2838 mihi

426 2895 556 2942 sunt
586 2885 762 2956 magis
811 2883 1127 2947 familiaria,
1183 2895 1344 2935 nemo
1399 2879 1585 2949 itaque
1633 2891 1740 2932 non
1792 2873 2003 2930 credat.

2021 1657 2064 1713 Β
2092 1657 2203 1756 τὰρ
2241 1657 2517 1737 κοινωνεῖν
2547 1657 2660 1742 eoi;
2707 1677 2892 1742 τόποις
2924 1678 2959 1747 ἠ
3005 1676 3164 1747 φήμη
3213 1671 3322 1726 τῶν
3350 1663 3668 1724 κατοικούνο

2091 1796 2219 1832 των.
2258 1777 2399 1846 Ὅρα
2433 1772 2760 1846 μεταϐολήν.

2162 1873 2179 1892 ¹
2215 1868 2324 1924 Καὶ
2362 1865 2688 1936 ἀρθήσεται
2713 1865 2781 1918 ἐν
2803 1861 3078 1932 ποιμνίῳ.

2150 1961 2433 2022 Τουτέστι,
2471 1955 2869 2026 συναχθήσεται
2897 1953 2972 2014 ὡς
2998 1951 3272 2018 ποίμνιον.

2165 2054 2326 2120 Μέγα
2356 2049 2585 2119 ἀγαθὸν,
2619 2048 2718 2116 οὐχ
2746 2046 2873 2099 ὅταν
2897 2040 3264 2109 ἀπολαύωμεν
3289 2037 3397 2089 τῶν
3431 2030 3669 2102 ἀγαθῶν,

2096 2147 2212 2202 ἀλλ’
2251 2147 2380 2198 ὅταν
2414 2141 2556 2197 κατὰ
2580 2139 2810 2211 γνώμην
2854 2135 3013 2200 Θεοῦ,
3045 2136 3175 2188 ὅταν
3207 2130 3303 2184 καὶ
3331 2128 3497 2182 αὑτὸν
3519 2123 3674 2179 τοῦτο

2097 2236 2392 2309 εὐφραίνῃ.
3352 2262 3355 2265 .

2168 2333 2186 2351 ‘
2210 2328 2313 2382 Διὰ
2353 2325 2532 2381 τοῦτο
2569 2322 2923 2393 ἐξηγέρθην,
2949 2317 3047 2372 καί
3086 2315 3272 2378 εἶδον,
3297 2312 3397 2366 καὶ
3427 2313 3460 2364 ὁ
3491 2309 3677 2371 ὕπνος

2095 2437 2215 2491 μου
2237 2419 2391 2487 ἡδύς
2409 2433 2510 2486 μοι
2530 2413 2811 2483 ἐγενήθη.
3034 2483 3036 2486 ν

2171 2511 2380 2576 Ταῦτα,
2430 2507 2617 2579 φησὶν,
2653 2500 3019 2570 ἀπεκαλύφθη
3069 2515 3161 2570 μοι
3213 2493 3557 2557 καθεύδοντι,
3585 2487 3675 2543 καὶ

2103 2606 2234 2678 ἡδὺν
2253 2603 2349 2658 τὸν
2380 2600 2549 2654 ὕπνον
2585 2599 2784 2666 ἔχοντι.

2174 2695 2286 2751 Καὶ
2313 2694 2492 2747 ἔσται
2520 2689 2745 2756 ὥσπερ.

2174 2785 2311 2842 Μεθ’
2341 2785 2474 2852 ὅσης
2513 2779 2758 2847 σπουδῆς
2796 2777 3028 2830 κάκεῖνα
3061 2771 3319 2842 ἐποίησα,
3369 2767 3467 2821 καὶ
3493 2763 3678 2826 ταῦτα,

2107 2879 2294 2950 φησὶν,
2329 2878 2432 2930 ὃσα
2499 2889 2589 2943 μοι
2633 2867 2941 2937 οἰκειότερά
2989 2868 3142 2919 ἐστι·
3205 2860 3394 2933 μηδεὶς
3439 2852 3533 2911 οὖν
3558 2856 3684 2908 ἁπι-

426 2978 527 3046 Qui
558 2979 702 3033 enim
738 2978 810 3032 ita
833 2976 1127 3032 vehemens
1155 2988 1275 3029 sum
1329 2971 1383 3026 in
1421 2969 1782 3040 punitionem,
1816 2980 1929 3021 rem
1972 2977 2002 3017 a

2123 2947 2328 3023 resisto.
2366 2968 2426 3019 ὐ
2455 2966 2565 3036 γὰρ
2589 2962 2734 3016 οὕτω
2763 2960 2991 3028 σφοδρὸς
3016 2956 3153 3026 πρὸς
3186 2950 3484 3022 τιμωρίαν,
3509 2947 3684 3016 πρᾶγ-

2548 3058 2558 3062 -
2647 3054 2658 3062 .
2801 3051 2899 3062 ....
2990 3048 3068 3062 -..
3187 3045 3210 3062 ρ.
3293 3036 3684 3062 ,,.__.__-_-s-

428 3085 515 3124 me
551 3071 688 3123 adeo
721 3067 957 3121 alienam
999 3065 1170 3119 multo
1201 3063 1376 3132 magis
1405 3062 1472 3117 ad
1503 3062 1556 3116 id
1580 3061 1723 3131 quod
1751 3068 1837 3115 est
1876 3073 2005 3128 pro-

427 3162 607 3233 prium
637 3161 865 3214 excitor.

499 3253 668 3307 Vsus.
704 3249 797 3306 29.
827 3248 896 3302 In
923 3248 1106 3302 diebus
1137 3245 1268 3302 illis.

503 3342 624 3398 Hoc
659 3342 801 3397 idem
837 3339 1004 3394 habet
1028 3338 1192 3394 etiam
1220 3333 1495 3391 Ezechiel.
1526 3332 1634 3390 Sed
1661 3347 1813 3403 rogo,
1848 3332 1923 3388 ita
1946 3345 2016 3387 ne

435 3449 666 3502 prorsus
702 3431 866 3487 ﬁebat
899 3439 1086 3492 antea,
1122 3437 1177 3483 et
1214 3426 1565 3497 contingebat
1590 3440 1679 3480 res
1709 3432 1876 3479 tantae
1918 3423 2018 3478 ini-

436 3526 703 3595 quitatis?
730 3533 785 3581 et
807 3522 1165 3595 peccantibus
1203 3519 1548 3589 parentibus,
1585 3517 1727 3573 alius
1753 3515 2018 3585 punieba-

437 3617 562 3671 ιιιτῖ
591 3625 646 3672 et
675 3615 948 3685 quomodo
974 3613 1089 3668 haec
1119 3610 1416 3674 toleranda,
1439 3609 1702 3664 obsecro?
1732 3606 1804 3660 Et
1833 3606 2017 3676 paucis

437 3707 748 3777 interjectis.
781 3707 1006 3760 Attento
1040 3704 1126 3759 his
1153 3717 1272 3773 quae
1305 3701 1560 3756 dicuntur
1591 3699 1776 3753 animo
1807 3697 2017 3752 simus:

437 3797 556 3853 Non
607 3798 811 3856 dicent.
855 3795 1062 3865 inquit;
1102 3794 1246 3858 Non,
1280 3792 1480 3861 inquit,
1521 3804 1864 3860 nequaquam
1905 3787 2018 3852 ﬁet,

443 3890 740 3945 ostendens
771 3902 871 3942 nec
896 3895 1052 3941 antea
1081 3886 1284 3942 tactum
1313 3886 1416 3938 hoc
1443 3898 1598 3946 esse;
1630 3897 1756 3937 nam
1785 3880 1834 3936 si
1863 3879 2024 3934 dixis-

442 3991 520 4035 set
549 3979 652 4047 ,ln
685 3977 868 4032 diebus
902 3977 1010 4032 illis
1031 3994 1134 4031 non
1156 3975 1381 4044 amplius
1412 3975 1509 4028 hoc
1534 3974 1623 4043 ﬁet
1644 4014 1660 4040 ,
1691 3973 1831 4028 bene
1878 3973 2024 4027 dice-

441 4086 556 4135 res,
589 4079 747 4125 antea
806 4068 1012 4124 factum
1066 4069 1168 4123 hoc
1199 4079 1343 4124 esse.
1377 4066 1484 4122 Sed
1513 4065 1643 4135 quia
1679 4063 1812 4119 dicit
1845 4080 1859 4116 :
1899 4059 2025 4116 Non

442 4164 617 4217 dicent
651 4161 831 4225 ultra,
874 4169 1148 4230 corruptae
1179 4158 1393 4214 illorum
1439 4157 1721 4212 sententiae
1764 4154 2026 4225 judicium

442 4266 549 4312 88L

515 4348 686 4404 Vens.
726 4347 818 4402 50.
844 4345 949 4404 Sed
978 4344 1334 4416 unusquisque
1381 4343 1440 4397 in
1467 4341 1744 4412 iniquitate
1775 4355 1872 4394 sua
1903 4353 2020 4392 πιο-
2052 4356 2099 4412 ι)

446 4439 631 4492 rietur.

518 4527 645 4584 Haec
691 4524 978 4596 prophetia
1039 4522 1287 4592 quadam
1355 4521 1640 4591 perspicua
1701 4529 1818 4584 est;
1871 4517 2028 4588 cujus

447 4618 614 4671 etiam
681 4615 977 4684 aliquando
1023 4623 1080 4668 et
1107 4613 1307 4668 Paulus
1341 4613 1592 4667 meminit
1643 4611 1711 4666 ad
1772 4609 2030 4668 Hebraeo:

447 4709 695 4765 scribens
725 4727 740 4764 :
772 4707 874 4762 Ubi
908 4724 1028 4762 vero
1075 4706 1313 4760 remissio
1357 4715 1434 4761 est
1469 4714 1827 4773 peccatorum,
1877 4703 2030 4758 nulla

448 4800 680 4868 amplius
708 4799 906 4854 oblatio
948 4815 1043 4868 pro
1083 4807 1316 4865 peccato,
1360 4805 1512 4852 erunt
1545 4796 1657 4849 dies
1695 4795 1760 4848 “.
1808 4795 1878 4849 At
1925 4809 2032 4848 non

451 4891 585 4947 dicit
628 4891 720 4961 qui
762 4900 819 4947 et
863 4890 1102 4967 quando,
1153 4900 1208 4947 et
1251 4898 1386 4961 quot
1419 4897 1543 4959 post
1600 4897 1866 4957 tempora.
1907 4885 2034 4941 liazc

451 4985 595 5039 enim
627 4983 798 5039 iatere
827 4983 1063 5039 volebat.

527 5074 692 5129 Vsus.
719 5073 809 5131 32.
847 5071 970 5128 Non
985 5073 1150 5140 juxta
1183 5081 1580 5128 testamentum.

528 5165 746 5232 Quaero,
780 5180 879 5219 cur
909 5164 1013 5220 tale
1043 5180 1151 5220 non
1195 5165 1394 5219 dedisti
1447 5161 1882 5218 testamentum?
1927 5160 2036 5216 lm-

456 5256 708 5329 probavit
737 5255 887 5317 illud.
924 5270 1030 5310 non
1054 5262 1174 5312 erat
1221 5253 1544 5324 perlectum.
1581 5250 1750 5322 Igitur
1790 5264 1893 5305 nec
1921 5264 2042 5304 om-

457 5351 585 5406 nino
612 5350 850 5405 dandum
879 5357 997 5404 erat
1047 5366 1060 5402 :
1119 5346 1366 5403 homines
1422 5347 1569 5415 leges
1599 5346 1802 5405 ferunt,
1841 5356 2041 5411 easque

461 5450 722 5510 perpetuo
773 5440 961 5496 llrmas
993 5453 1116 5497 esse
1144 5438 1352 5494 volunt.
1380 5437 1463 5493 Tu
1494 5452 1624 5494 vero
1671 5450 2036 5507 nequaquam.

539 5613 581 5647 εί
616 5614 779 5669 Hebr.
815 5632 870 5683 ς,
905 5617 990 5671 t8.

2114 3079 2192 3132 μα
2221 3059 2502 3129 ἀλλότριον
2544 3054 2692 3126 ἐμοὶ,
2727 3051 2910 3122 πολλῷ
2941 3048 3144 3122 μᾶλλον
3183 3043 3527 3113 διεγείρομαι
3555 3036 3685 3107 πρὸς

2109 3152 2171 3206 τὸ
2191 3152 2422 3220 οἰκεῖον.

2183 3244 2290 3297 Ἐν
2327 3241 2457 3306 ταῖς
2484 3239 2750 3310 ἡμέραις.

2184 3334 2356 3388 Τοῦτο
2389 3333 2484 3386 καὶ
2547 3329 2808 3400 Ἰεζεκιήλ
2858 3342 3050 3398 φησιν.
3095 3323 3278 3387 Ὀλως
3323 3323 3434 3393 γὰρ
3481 3318 3690 3388 ἐγένετο

2116 3427 2404 3498 πρότερον,
2436 3423 2531 3477 καὶ
2575 3422 2859 3476 συνέϐαινε
2900 3419 3137 3491 πρᾶγμα
3170 3414 3444 3483 τοσαύτης
3482 3410 3692 3468 ἀδικίας

2116 3519 2311 3588 γέμον,
2347 3517 2467 3569 είπέ
2504 3531 2624 3585 μοι;
2656 3514 2750 3567 καὶ
2797 3512 3078 3582 πατέρων,
3117 3506 3547 3579 ἁμαρτανόντων
3581 3501 3697 3554 ἓτε-

2119 3628 2214 3684 ρος
2265 3609 2585 3672 ὲκολάζετος
2637 3607 2732 3659 καὶ
2767 3605 2870 3658 ποῦ
2920 3602 3095 3657 ταῦτα
3135 3599 3361 3663 ἀνεκτὰ,
3389 3595 3515 3649 εἰπέ
3571 3609 3694 3663 μοι,

2119 3683 2230 3760 Καὶ
2253 3703 2380 3773 μετ’
2430 3701 2639 3771 ὀλίγαο
2684 3695 3020 3769 Προσχῶμεν
3067 3697 3181 3757 τοῖς
3232 3689 3572 3760 λεγομένοις.
3625 3683 3696 3737 Οὔ

2124 3796 2198 3866 μὴ
2230 3795 2460 3848 εἴπωσιν
2487 3809 2501 3822 ·
2517 3789 2690 3854 εἶπεν,
2710 3789 2811 3842 οὐκ
2837 3783 3012 3852 εἶπεν,
3032 3786 3107 3838 Οὐ
3130 3783 3204 3854 μὴ
3221 3782 3470 3851 γένηται,
3489 3777 3702 3836 δεικνὺς

2120 3888 2202 3941 ὅτι
2233 3885 2356 3940 οὐδὲ
2393 3883 2499 3955 πρὸ
2521 3882 2712 3936 τούτου
2745 3879 2986 3946 ἐγένετο.
3013 3876 3077 3930 El.
3108 3875 3207 3945 μὲν
3237 3875 3349 3943 γὰρ
3379 3867 3536 3923 εἶπεν
3557 3884 3570 3899 ·
3607 3867 3702 3919 Ἑν

2121 3978 2254 4044 ταῖς
2270 3977 2519 4046 ἡμέραις
2542 3975 2802 4037 ἐκείναις
2824 3968 3024 4024 οὐκέτι
3045 3968 3117 4021 οὐ
3141 3965 3226 4034 μὴ
3246 3963 3489 4034 γένηται
3504 3959 3698 4019 τοῦτο,

2124 4070 2307 4133 καλῶς
2333 4069 2400 4123 ἂν
2432 4063 2604 4129 εἶπες,
2633 4066 2714 4117 ὅτι
2740 4062 2848 4133 πρὸ
2879 4059 3074 4114 τούτου
3105 4054 3424 4126 ὲγένετο.Εί
3446 4052 3504 4104 δὲ
3533 4051 3699 4118 λέγει,

2121 4161 2332 4218 Οὐκέτι
2363 4162 2434 4214 οὐ
2457 4158 2537 4226 μὴ
2559 4157 2797 4220 εῐπωσι,
2833 4153 2934 4224 τῆς
2961 4147 3368 4220 διεφθαρμένης
3395 4141 3577 4197 αὐτῶν
3597 4140 3699 4210 ψή-

2139 4273 2230 4326 ρου
2263 4253 2446 4323 κρίσις
2472 4249 2645 4302 ἐστίν.

2209 4342 2374 4399 Ἀλλ’
2413 4342 2452 4410 ἢ
2487 4339 2746 4403 ἕκαστος
2775 4336 2845 4390 ἐν
2887 4333 2967 4402 τῇ
3005 4331 3226 4389 ἑαυτοῦ
3270 4327 3530 4399 ἁμαρτίᾳ
3565 4327 3703 4379 ἀπο-

2133 4437 2418 4495 θανεῖται.

2208 4524 2524 4600 Προφητεία
2547 4522 2632 4585 τίς
2659 4524 2773 4575 ἐστι
2795 4521 2892 4574 καὶ
2922 4518 3120 4589 σαφὴς,
3143 4514 3272 4586 περὶ
3293 4507 3362 4586 ἧς
3382 4509 3478 4566 καὶ
3505 4505 3705 4600 Humi)?

2136 4593 2452 4691 ἐπεμνήσθη
2495 4616 2646 4677 ποτὲ,
2689 4610 3020 4665 ἐπιστέλλων
3055 4608 3365 4677 Ἐσραίοιςσ
3417 4603 3615 4656 ’Ὀπου
3646 4593 3705 4691 δέ

2139 4684 2354 4782 decore
2414 4684 2889 4779 ἁμαρτημάτων,
2959 4701 3160 4758 οὐκέτι
3210 4696 3527 4766 προσφορὰ
3586 4684 3704 4782 περί

2141 4776 2463 4868 ἁᾷιαρτίαςν
2491 4797 2663 4850 ἔσται
2701 4795 2936 4864 καιρός*
2968 4794 3064 4847 καὶ
3094 4793 3154 4845 ού
3201 4789 3352 4857 λέγει
3401 4788 3580 4849 ποῖος,
3624 4776 3704 4868 κα)

2131 4865 2285 4954 πύτεν,
2335 4887 2430 4940 καὶ
2478 4885 2619 4955 μετὰ
2646 4885 2810 4938 πόσον
2843 4883 3054 4955 χρόνον.
3101 4878 3387 4934 Ἐϐούλετο
3424 4873 3538 4944 γὰρ
3581 4865 3704 4925 αὐτὰ

2138 4978 2553 5034 συνεσκιάσθαι.

2205 5072 2363 5125 Κατὰ
2389 5071 2505 5138 τὴν
2530 5067 2847 5136 διαθήκην.

2217 5164 2354 5216 Είπὲ
2379 5203 2392 5226 ,
2429 5161 2572 5213 διατί
2612 5160 2674 5212 οὐ
2725 5156 2982 5228 τοιαύτην
3016 5154 3290 5224 διαθήκην
3337 5151 3533 5216 δίδως;
3571 5147 3701 5200 Κατ-

2148 5253 2293 5322 έγνω
2325 5252 2525 5320 αὺτῆς;
2579 5249 2768 5312 ἀτελὲς
2817 5243 2983 5318 εἶχεν.
3029 5243 3240 5300 Οὐκοῦν
3284 5243 3407 5296 οὐδὲ
3447 5239 3594 5312 παρὰ
3617 5233 3701 5302 τὴν

2146 5345 2321 5414 ἀρχὴν
2352 5343 2571 5415 δοθῆναι
2619 5343 2758 5395 ἔδει⁸
2798 5341 3076 5408 ἄνθρωποι
3107 5339 3304 5408 νόμους
3340 5335 3586 5396 τιθέασι,
3622 5323 3703 5380 καὶ

2150 5434 2429 5505 βούλονται
2483 5433 2571 5487 διὰ
2604 5432 2807 5497 παντὸς
2851 5425 2990 5486 εἰναι
3043 5428 3286 5500 κυρίους,
3315 5428 3378 5480 σὺ
3420 5426 3478 5479 δὲ
3516 5416 3701 5478 οὐκέτι.
