4016 6152
280 255 379 313 981

1376 255 1812 312 FRAGMENTA
1852 255 1918 309 IN
1952 257 2327 317 JERESHAM.

3456 277 3564 332 982

278 375 405 430 Ὅτι
455 373 616 428 αὐτοὶ
662 372 768 428 οὒκ
818 371 1108 443 ινέμειναν
1145 371 1205 425 ὲν
1233 375 1300 443 τῇ
1344 373 1583 448 διαθήκῃ
1616 392 1742 444 μου,
1775 377 1865 431 καὶ

1976 378 2237 444 Quoniam
2283 382 2385 452 ipsi
2421 397 2526 438 non
2563 385 2921 453 perstiterunt
2955 388 3009 442 in
3049 398 3410 456 testamento,
3455 405 3560 463 ego

275 467 390 535 ἐγὼ
453 465 709 538 ἠμέλησα
766 464 1112 520 adt-(meat
1157 463 1285 534 μετ’
1334 465 1548 535 ὀλίγα·
1601 466 1869 521 Βούλεσθε

276 553 593 624 παραγάγω
630 551 703 604 τὰ
750 551 1090 606 ἀποστολικά
1121 555 1368 625 ῥήματα,
1417 554 1695 618 ἀδιάστως
1730 573 1869 627 συμ-

278 643 567 714 φωνοῦντα
611 646 728 706 τοῖς
787 643 1136 715 εῖρημινοις;
1176 644 1239 699 Τί
1267 642 1549 709 βιάζεσθε
1580 648 1867 703 ἐπιθεῖναι

278 733 478 806 ζυγὸν,
526 733 601 788 ὃν
625 736 741 790 οὐκ
772 734 1046 804 ἴσχυσαν
1072 737 1127 788 οὶ
1169 733 1422 803 πατέρες
1447 735 1619 804 ὑμῶν
1634 736 1868 801 ﬂag-td-

277 839 417 889 a'at;
472 824 636 896 Ὁρᾷς
684 827 769 880 ὅτι
815 826 904 879 διά
942 825 1108 879 τοῦτο
1152 826 1345 897 χάρις,
1381 827 1469 881 ίνα
1506 829 1651 882 κατὰ
1704 829 1866 902 χάριν

277 917 502 988 γένηται
529 922 609 983 εις
637 919 701 973 τὸ
727 914 869 973 εἶναι
897 918 1123 989 βεϐαίαν
1148 919 1248 990 τὴν
1281 920 1643 989 ἐπαγγελίαν.

348 1008 482 1063 Ὀτι
508 1008 681 1063 αὐτοὶ
708 1011 821 1063 οὐκ
844 1009 1180 1079 ἐνέμειναν.

348 1099 424 1153 Τδ
478 1100 589 1171 γὰρ
644 1100 721 1172 μὴ
773 1101 1058 1171 ἐμμένειν,
1111 1102 1208 1156 καὶ
1268 1102 1588 1174 παραϐῆναι
1641 1104 1863 1162 ταύτόν.

278 1185 426 1262 Ἆρα
459 1187 556 1245 οὖν
609 1187 690 1256 si;
736 1193 856 1246 ἐστι
897 1195 927 1246 6
957 1193 1061 1265 τὴν
1117 1194 1312 1265 καινὴν
1353 1194 1451 1248 καὶ
1488 1197 1591 1266 τὴν
1622 1197 1865 1252 παλαιάν

277 1283 482 1348 διδούς.

348 1374 371 1397 "
398 1373 765 1444 Διαθήσομαι
815 1375 896 1442 τῷ
930 1376 1077 1441 οτκφ
1137 1376 1402 1446 Ἰσραὴλ.
1441 1378 1543 1433 καί
1598 1379 1679 1447 τῷ
1721 1380 1866 1444 οτκφ

290 1465 510 1531 Ἰούδα,
540 1465 694 1536 μετὰ
715 1467 824 1534 τὰς
848 1467 1076 1538 ἡμέρας
1100 1467 1375 1535 ἐκείνας,
1423 1470 1577 1539 φησι
1612 1473 1861 1541 Κύριος,

276 1555 487 1624 διδοὺς
518 1558 661 1624 τοὺς
687 1558 911 1627 νόμους
940 1576 1062 1629 μου
1089 1560 1179 1624 είς
1193 1559 1310 1629 τὴν
1344 1561 1619 1616 διάνοιαν
1642 1562 1863 1633 αὐτῶν,

275 1652 378 1706 καὶ
405 1652 506 1706 ἐπὶ
539 1653 646 1708 τοῦ
674 1652 943 1721 στήθους
982 1654 1095 1724 τῆς
1123 1656 1372 1726 καρδίας
1410 1642 1613 1714 aimb-
1652 1660 1863 1730 γράψω

273 1743 520 1810 αὐτούς.

357 1837 418 1890 '0
468 1836 578 1907 γὰρ
625 1837 835 1909 Μωσῆς
879 1838 1136 1894 ἐκέλευσε
1172 1843 1341 1896 πᾶσιν
1384 1842 1857 1912 ἀναγινώσκεσθαι

273 1927 368 1983 τὸν
396 1928 584 2000 νόμον,
628 1928 769 1983 ἀλλά
815 1931 913 1984 καὶ
938 1932 1028 1986 διὰ
1053 1932 1197 1986 ἑπτὰ
1242 1934 1403 1989 ἐτῶν.
1443 1936 1608 2004 Λέγει
1650 1935 1855 2002 τοίνυν,

272 2022 355 2075 ὅτι
385 2021 671 2092 Τοσαύτην
701 2024 888 2088 αὐτοῖς
913 2025 1016 2097 τὴν
1046 2024 1253 2096 είδησιν
1288 2028 1522 2099 παρέχω
1550 2031 1653 2100 τὴν
1693 2030 1854 2100 ἐμὴν,

270 2112 413 2167 ὥστε
451 2114 526 2185 μὴ
558 2114 768 2169 δεῖσθαι
804 2114 1169 2185 ἀναγνώσεως
1190 2157 1206 2180 ,
1248 2119 1344 2172 ἐπὶ
1388 2120 1448 2173 δὲ
1481 2121 1585 2190 τῆς
1614 2120 1858 2186 διανοίας

270 2204 420 2276 ἔχειν
440 2205 539 2276 τὴν
565 2207 697 2278 περ).
720 2207 791 2261 τά
820 2207 966 2262 καλά
991 2210 1253 2279 σπουδήν.

342 2295 595 2366 Οὑδαμοῦ
646 2297 756 2350 τῶν
807 2298 978 2354 ἐθνῶν
1020 2301 1331 2372 μέμνηται,
1366 2301 1456 2357 ἵνα
1496 2302 1572 2374 μὴ
1617 2302 1693 2373 δῷ
1722 2304 1858 2374 πρόσ-

271 2401 443 2452 φασιν
498 2387 706 2451 αὐτοῖς,
759 2386 942 2451 καθὼς
992 2390 1090 2442 καὶ
1147 2393 1175 2443 6
1209 2391 1450 2460 Χριστός
1506 2410 1695 2463 φησιν,
1734 2395 1856 2447 Οὐκ

269 2476 629 2547 ἀπεστάλην
654 2480 707 2533 ει
736 2479 824 2549 μὴ
850 2482 940 2547 εὶς
978 2481 1051 2535 τὰ
1094 2484 1362 2551 πρόϐατα
1395 2485 1470 2539 τὰ
1499 2486 1861 2541 ἀπολωλότα

269 2568 443 2622 οίκου
479 2570 748 2638 Ἰσραήλ.

340 2660 556 2727 Διδοῦς
582 2661 776 2719 δώσω.

344 2748 504 2814 Εἰπὲ,
538 2749 644 2804 ποῦ
672 2751 832 2807 τοῦτο
857 2753 1048 2821 γέγονε
1072 2772 1088 2821 ;
1113 2755 1208 2809 καὶ
1232 2756 1345 2828 γὰρ
1374 2758 1620 2829 γραπτδς
1642 2760 1670 2812 6
1692 2760 1859 2833 νόμος

270 2834 368 2911 ἦν·
410 2841 599 2913 ἐπειδὴ
650 2842 813 2914 ἡμῶν
845 2842 1052 2918 [ἡμῖν]
1098 2848 1359 2913 ἐπίδειξις
1401 2850 1722 2922 Πνεύματος
1751 2871 1857 2924 μυ-

276 2930 393 3003 ρίαι
441 2934 762 3004 μαρτυρίαι.
808 2934 979 2989 Οὐδὲν
1008 2937 1290 3007 ἔγγραφον
1329 2941 1649 3011 παρέδωκεν
1678 2944 1707 2996 ὁ
1749 2946 1856 3014 Ἰη-

1973 483 2191 539 quoque
2239 472 2452 540 neglexi
2484 488 2599 529 eos.
2632 473 2702 529 Et
2729 477 2915 545 paucis
2948 479 3257 548 interjéctis.
3298 481 3470 536 Vultis
3502 483 3555 536 in

1971 562 2208 616 medium
2240 562 2461 619 aderam
2524 567 2764 636 Apostoli
2802 584 2864 623 ea
2897 570 3078 635 verba,
3126 586 3249 626 cum
3287 573 3371 628 his
3398 574 3557 629 dictis

1969 650 2128 720 plane
2152 659 2506 725 congruentia
2536 671 2552 711 :
2602 655 2671 711 Ut
2686 661 2814 728 quid
2872 662 3092 717 tentatis
3109 663 3299 734 jugum
3337 680 3552 733 ponere,

1967 758 2122 812 quem
2161 760 2263 799 non
2309 757 2588 814 potuerant
2613 761 2790 819 patres
2826 754 2981 806 uestri
3009 763 3229 822 portare
3264 755 3349 808 “‘P
3395 754 3557 811 V-ides

1968 835 2091 891 ideo
2114 835 2296 891 datam
2318 838 2568 907 gratiam,
2612 848 2669 895 ut
2699 856 2795 911 per
2817 844 3046 912 gratiam
3081 845 3236 901 ﬂeret
3283 845 3550 901 fortitudo

1965 927 2365 997 promissionis.

2040 1013 2182 1080 Quia
2208 1018 2308 1085 ipsi
2334 1034 2438 1072 non
2460 1020 2827 1088 perstiterunt.

2020 1105 2155 1161 Nam
2191 1123 2297 1162 non
2343 1110 2596 1166 insistere
2628 1120 2683 1165 et
2734 1111 3081 1181 praevaricari
3112 1113 3253 1168 idem
3281 1122 3387 1170 est.
3406 1113 3552 1185 Ergo

1965 1213 2106 1254 unus
2128 1209 2214 1254 est
2242 1200 2334 1268 qui
2371 1216 2569 1257 novum
2623 1210 2895 1271 vetusque
2925 1204 3169 1258 tradidit.
3430 1192 3435 1201 ’

2035 1383 2054 1399 ·
2072 1378 2232 1435 Vens.
2253 1379 2345 1435 '53.
2374 1379 2666 1450 Disponam
2685 1380 2866 1437 domui
2885 1381 3080 1446 Israel,
3106 1393 3153 1438 et
3171 1382 3353 1438 domui
3380 1383 3549 1450 Iuda,

1963 1480 2077 1540 post
2098 1470 2211 1525 dies
2244 1470 2389 1536 illos,
2415 1472 2494 1525 ait
2518 1470 2797 1537 Dominus,
2815 1473 2949 1528 dans
2974 1472 3109 1545 leges
3137 1490 3282 1528 meas
3316 1475 3372 1527 in
3401 1491 3551 1529 men-

1965 1571 2291 1628 temeorum,
2321 1570 2371 1616 et
2398 1563 2454 1616 in
2479 1572 2690 1632 pectore
2716 1563 2892 1618 cordis
2932 1579 3118 1619 eorum
3170 1563 3405 1620 scribam
3433 1580 3547 1620 eos.

2030 1831 2243 1906 Moyses
2267 1846 2499 1902 namque
2521 1841 2855 1903 praeceperat
2910 1840 2971 1887 ut
2994 1832 3248 1888 omnibus
3271 1833 3548 1903 legeretur

1959 1925 2068 1992 lex,
2098 1934 2158 1999 et
2178 1939 2277 1993 per
2306 1932 2510 1993 septem
2534 1937 2724 1978 annos.
2745 1923 2839 1977 Ait
2871 1921 3071 1991 igitur:
3098 1922 3281 1979 Talem
3316 1932 3551 1979 tantam-
3583 1934 3587 1938 ‘

1958 2034 2065 2089 que
2089 2033 2263 2074 meam
2289 2018 2371 2072 eis
2395 2016 2627 2071 tribuam
2652 2015 2963 2080 scientiam,
2993 2025 3053 2070 ut
3074 2016 3179 2072 illis
3205 2018 3354 2074 nullo
3383 2020 3548 2074 modo

1958 2110 2190 2166 lectione
2204 2124 2341 2179 opus
2377 2110 2481 2175 sit;
2514 2109 2771 2178 quoniam
2802 2108 3217 2179 intelligentiam
3260 2111 3548 2167 habebunt

1958 2219 2146 2259 eorum
2173 2218 2294 2273 quae
2321 2204 2387 2257 ad
2429 2201 2668 2257 studium
2708 2208 2836 2255 sunt
2866 2202 3157 2257 bonorum.

2028 2292 2244 2347 Nullam
2274 2293 2516 2362 gentium
2550 2293 2869 2346 memoriam
2904 2291 3056 2358 facit,
3097 2308 3164 2347 ne
3195 2292 3541 2347 occasionem

1959 2383 2066 2439 illis
2097 2384 2401 2454 praeberet;
2434 2383 2572 2437 sicut
2597 2391 2653 2438 et
2681 2381 2939 2438 Christus
2972 2383 3050 2437 ait
3078 2399 3095 2438 :
3127 2383 3255 2438 Non
3286 2399 3402 2436 sum
3421 2385 3548 2437 mis-

1957 2492 2046 2531 sus
2082 2475 2184 2529 nisi
2216 2475 2286 2529 ad
2330 2491 2447 2530 oves
2476 2489 2594 2543 qua:
2625 2475 2893 2543 perierunt
2931 2476 3120 2530 domus
3159 2472 3331 2529 Israel
3367 2474 3432 2527 ".

2031 2657 2180 2712 Dans
2209 2656 2370 2714 dabo.

2032 2749 2152 2814 Dic,
2183 2747 2272 2804 ubi
2311 2747 2516 2802 factum
2546 2748 2652 2803 hoc
2673 2747 2786 2803 est?
2817 2747 3022 2816 scripta
3049 2746 3252 2817 quippe
3277 2746 3380 2801 fuit
3410 2744 3495 2801 lex
3521 2765 3538 2802 :

1958 2843 2117 2897 nobis
2138 2841 2282 2895 enim
2311 2840 2378 2892 ad
2402 2839 2798 2897 ostendendum
2826 2841 3077 2910 spiritum
3107 2841 3392 2893 innumera
3420 2848 3545 2893 sunt

1960 2929 2290 2984 testimonia.
2323 2926 2470 2983 Nihil
2516 2930 2776 2998 scriptum
2827 2929 3051 2984 tradidit
3079 2927 3276 2984 Jesus:
3308 2926 3410 2981 Ille
3455 2944 3545 2981 vos

276 3021 437 3086 σοῦς·
489 3022 754 3090 Ἐκεῖνος
799 3023 953 3092 ὑμᾶς
990 3026 1333 3097 ἀναμνήσει
1364 3030 1581 3084 πάντα.
1612 3034 1750 3104 υύχὶ
1775 3034 1854 3088 λί-

1976 3020 2160 3075 iacebit
2181 3021 2360 3075 omnia
2383 3020 2448 3075 “.
2476 3019 2591 3075 Non
2613 3021 2838 3091 lapidea:
2863 3021 3078 3087 tabulae,
3109 3036 3218 3075 non
3241 3020 3433 3074 litterae
3464 3018 3548 3072 in-

277 3110 425 3166 θιναι
450 3111 684 3176 πλάκες,
712 3114 836 3168 οὐδὲ
883 3116 1194 3188 γράμματα
1248 3119 1694 3192 ὲγκεχαραμὲνα,
1737 3124 1855 3178 ἀλλ’

275 3203 310 3272 ἠ
361 3201 572 3256 διάνοια
621 3202 805 3257 αὐτῶν
865 3205 1037 3276 στήλη
1087 3205 1167 3276 τῷ
1206 3206 1358 3278 νόμῳ
1396 3207 1477 3279 τῷ
1518 3211 1649 3281 παρ’
1692 3211 1859 3265 αὑτοῦ

275 3293 592 3362 γενήσεται.

346 3384 462 3440 Καὶ
488 3384 590 3438 ἐπὶ
612 3385 888 3453 καρδίας.

347 3475 462 3528 Καὶ
495 3475 607 3547 γὰρ
635 3476 760 3546 ὅραδ
796 3477 906 3530 ἀπὸ
933 3476 1034 3548 μὲν
1060 3478 1159 3547 τῆς
1189 3478 1400 3543 πλακὸς
1429 3483 1530 3536 οὐκ
1562 3477 1631 3554 ἦν
1651 3484 1862 3549 πάντας

276 3565 498 3632 ειδέναι,
523 3567 634 3620 ἀπὸ
658 3567 717 3620 δὲ
745 3566 856 3621 τῶν
884 3569 1202 3623 ἀποστόλων
1230 3571 1435 3636 πάντες
1461 3573 1698 3645 ἐμψυχοι
1728 3575 1859 3645 στῆ-

278 3656 373 3709 λαι
412 3656 712 3726 περιῄεσαν
741 3657 840 3728 τὴν
874 3660 1224 3729 οἰκουμένην,
1258 3662 1518 3731 φέροντες
1560 3666 1617 3716 ὲν
1644 3666 1862 3728 ἑαυτοῖς

282 3747 377 3800 τοῦ
412 3746 547 3800 θεοῦ
592 3749 660 3802 τὰ
692 3750 995 3822 γράμματα
1022 3752 1167 3824 ἆπερ
1199 3749 1368 3824 εἶχον,
1402 3755 1439 3809 ἆ
1496 3756 1767 3827 ἐχάραξεν
1797 3758 1860 3810 οὐ

288 3838 557 3908 κάλαμος,
603 3841 663 3893 οὐ
693 3842 882 3911 μέλαν,
912 3843 1027 3896 ἀλλ’
1057 3843 1219 3907 αὐτὸς
1262 3847 1291 3898 6
1320 3845 1473 3908 Θεός.
1517 3848 1658 3918 Ὅρα
1694 3850 1861 3901 ἰσοτι-

290 3934 426 4004 μίαν
475 3936 683 4005 [Ιατρὸς
722 3939 819 3992 καὶ
849 3937 1195 4009 Πνεύματος·
1244 3941 1453 3995 ἐκεῖναι
1501 3942 1581 4013 τῷ
1612 3943 1861 4016 δακτύλῳ

281 4024 378 4078 τοῦ
402 4025 540 4079 Θεοῦ
560 4028 616 4079 αἱ
640 4027 846 4092 πλάκες
868 4030 1372 4102 ὲγκεχαραγμέναι,
1396 4027 1556 4086 αὗται
1582 4039 1648 4107 τῇ
1675 4035 1862 4106 χάριτι

286 4118 382 4172 τοῦ
433 4118 789 4190 Πνεύματος’
837 4123 1092 4177 κάκεῖναι
1151 4125 1253 4194 μὲν
1307 4126 1735 4199 συνετρίὸησαν,
1796 4131 1860 4182 ἐκ

280 4209 586 4281 προοιμίων
630 4209 888 4278 δηλοῦται
930 4212 992 4264 τὸ
1021 4212 1199 4277 τέλος,
1241 4214 1340 4265 καὶ
1391 4213 1562 4278 τύπος
1614 4216 1676 4268 τὸ
1708 4218 1864 4286 γενόο

284 4316 443 4370 μενον
485 4294 576 4370 ἦν,
612 4300 708 4353 καὶ
735 4300 817 4353 ὅτι
845 4300 995 4372 λήξει
1031 4304 1164 4356 ποτὲ
1200 4304 1228 4355 ὁ
1260 4304 1446 4374 νόμος,
1480 4306 1577 4359 καὶ
1610 4308 1692 4362 ὃτι
1730 4325 1859 4361 συν-

1960 3110 2119 3176 cisze,
2155 3110 2248 3165 sed
2280 3123 2467 3165 eorum
2512 3124 2668 3166 tuens
2695 3108 2799 3181 legi
2848 3110 2917 3166 ab
2961 3110 3080 3180 ipso
3131 3110 3251 3164 latae
3292 3107 3548 3163 columna

1959 3200 2073 3255 ﬁet.

2030 3397 2100 3452 Et
2126 3399 2180 3453 in
2220 3398 2398 3453 corde.

2008 3484 2162 3543 ‘Vide
2204 3486 2352 3541 enim
2393 3500 2471 3540 :e
2507 3485 2692 3542 tabula
2747 3486 2966 3555 quidem
3013 3487 3156 3540 scire
3195 3497 3386 3537 omnes
3438 3495 3545 3536 non

1962 3585 2237 3646 poterant,
2278 3576 2348 3632 ab
2397 3576 2675 3644 apostolis
2716 3591 2847 3631 vero
2896 3590 3085 3631 omnes
3140 3574 3394 3627 animatae
3448 3588 3537 3628 eo-

1965 3668 2162 3722 lumnae
2210 3666 2519 3722 circuibant
2543 3676 2768 3731 terram,
2828 3682 3011 3721 secum
3062 3664 3300 3721 ferentes
3339 3664 3546 3719 litteras

1963 3772 2099 3826 quas
2127 3757 2395 3811 habebant
2419 3796 2435 3822 ,
2464 3773 2600 3826 quas
2654 3758 2952 3826 impressit,
3002 3768 3107 3811 n0n
3141 3757 3406 3820 calamus,
3438 3772 3542 3811 non

1963 3855 2353 3910 atramentum,
2389 3848 2483 3902 sed
2517 3848 2632 3916 ipse
2651 3847 2814 3903 Deus.
2857 3848 3151 3903 Considera
3178 3848 3543 3917 aequalitatem

1964 3937 2188 3992 honoris
2219 3938 2419 4001 Patris,
2453 3948 2506 3992 et
2537 3936 2792 4006 Spiritus,
2822 3938 2929 3992 illa:
2956 3939 3125 4008 digito
3159 3938 3251 3993 Dei
3276 3940 3548 4010 inscriptae

1968 4029 2196 4094 tabulae,
2243 4029 2327 4083 har
2362 4030 2535 4099 gratia
2571 4030 2841 4096 Spiritus;
2879 4038 2936 4085 et
2968 4030 3071 4084 illa:
3115 4031 3331 4100 quidem
3361 4031 3548 4085 fracta:

1967 4130 2116 4185 sunt,
2147 4122 2215 4177 ab
2255 4122 2373 4192 ipso
2405 4122 2632 4178 exordio
2668 4122 2830 4176 ﬁnem
2863 4124 3259 4192 signiﬁcantes,
3293 4134 3349 4177 et
3377 4124 3545 4192 ﬁgura

1967 4214 2071 4269 hoc
2108 4223 2250 4282 erat,
2282 4214 2399 4270 fore
2426 4215 2717 4284 aliquando
2762 4214 2897 4285 legis
2927 4217 3109 4282 linem,
3139 4224 3194 4269 et
3219 4214 3338 4267 illos
3359 4215 3544 4283 jugum

1969 4320 2125 4360 suum
2151 4307 2424 4363 fracturos
2444 4322 2600 4374 esse;
2633 4308 2720 4362 hic
2745 4322 2875 4363 vero
2906 4307 3042 4362 nihil
3074 4306 3198 4371 tale,
3229 4307 3322 4360 sed
3352 4305 3550 4360 tabula:

281 4389 535 4459 τρίψουσι
564 4388 656 4443 τὸν
717 4389 881 4457 ζυγὸν
950 4390 1182 4444 ἑαυτῶν.
1259 4392 1526 4448 Ἐνταῦθα
1586 4396 1643 4449 δὲ
1709 4397 1862 4451 οὐδὲν

1976 4397 2073 4452 illa:
2104 4407 2443 4465 manserunt,
2477 4397 2619 4451 nulla
2662 4397 2923 4469 temporis
2952 4396 3149 4467 injuria
3180 4395 3546 4451 conterenda.

283 4485 544 4549 τοιοῦτον,
578 4485 695 4538 ἀλλ’
738 4486 962 4555 ἔμειναν
996 4491 1052 4541 αἱ
1087 4489 1293 4553 πλάκες
1321 4491 1549 4557 ἐκεῖναι,
1587 4490 1693 4543 ὑπὸ
1724 4508 1864 4543 παν-

281 4574 373 4638 τὸς
402 4575 670 4629 ἀνάλωτοι
700 4574 796 4628 τοῦ
829 4575 1024 4645 χρόνου
1055 4577 1365 4647 γενόμεναι.

347 4666 461 4721 Καὶ
488 4668 562 4721 οὐ
585 4667 673 4736 μὴ
712 4665 1050 4731 διδάξουσι.

349 4759 446 4822 Τίς
486 4754 579 4812 οὖν
621 4759 782 4829 χρεία
826 4759 1201 4826 διδασκαλίας,
1227 4761 1349 4814 είπὲ
1395 4776 1517 4832 μοι;
1575 4763 1655 4825 εἰς
1703 4761 1866 4815 ποίαν

281 4847 470 4921 χώραν
491 4847 747 4902 ἀπελθεῖν
770 4848 973 4918 βούλει,
999 4853 1079 4913 είς
1105 4851 1265 4904 ποίαν
1294 4850 1590 4916 θάλασσαν,
1607 4853 1685 4916 είς
1705 4853 1866 4906 ποίαν

280 4942 421 5010 γῆν;
455 4940 552 5002 Ei;
581 4939 682 5010 τὴν
718 4939 1015 5012 βάρὸαρον,
1038 4943 1116 5004 είς
1150 4941 1248 5012 τὴν
1287 4942 1532 5006 Ἐλλάδα,
1561 4945 1640 5007 εἰς
1660 4943 1866 5011 πόλεις,

282 5032 363 5092 είς
391 5031 599 5092 ἄοικον,
617 5031 735 5083 ἐκεῖ
757 5030 848 5083 τὸν
874 5032 1106 5100 σταυρὸν
1132 5032 1406 5103 εὑρήσεις,
1422 5033 1519 5087 καὶ
1539 5032 1749 5106 ἀκούσῃ
1769 5051 1870 5105 μυ-

286 5128 380 5197 ρία
397 5126 744 5197 διηγήματα*
778 5126 873 5178 καὶ
897 5125 1125 5198 ἕρημος,
1162 5129 1255 5180 καὶ
1284 5128 1597 5199 οἰκουμένη,
1624 5130 1718 5182 καὶ
1743 5131 1865 5201 δρη,

282 5219 380 5271 καὶ
405 5216 575 5272 ὕπτια
617 5218 775 5271 πεδία
801 5219 892 5272 τὸν
920 5219 1155 5289 Χριστὸν
1190 5220 1310 5291 βοᾷ.
1353 5221 1464 5274 Καὶ
1492 5222 1621 5289 μετ’
1670 5223 1865 5291 ὀλίγτιο

283 5308 552 5379 Καθάπερ
575 5309 684 5380 γὰρ
713 5312 740 5364 6
769 5310 921 5381 ἥλιος
945 5305 1099 5373 οὗτος
1131 5313 1191 5363 οὐ
1218 5314 1331 5374 τοῖς
1359 5312 1619 5380 μεγάλοις
1671 5315 1831 5382 μόνον
1851 5353 1867 5378 ,

284 5402 423 5455 ἀλλὰ
452 5405 686 5465 καὶτοῖς
719 5406 938 5474 μικροῖς
987 5404 1187 5471 φαίνει,
1221 5403 1364 5458 οὕτω
1389 5406 1483 5457 καὶ
1522 5406 1549 5457 ὁ
1581 5406 1732 5475 ἣλιος
1768 5406 1869 5477 τῆς

284 5497 634 5565 διιιαλιοσυνης
676 5496 911 5567 μικρῶν,
966 5496 1241 5567 μεγάλων,
1287 5497 1512 5563 δούλων,
1544 5498 1864 5570 ἐλευθέρων,

2039 4677 2206 4734 Vens.
2235 4677 2323 4732 '54.
2361 4676 2427 4730 Et
2463 4693 2566 4732 non
2599 4677 2876 4731 docebunt.

2060 4768 2198 4835 Quid
2234 4770 2400 4838 igitur
2425 4784 2562 4836 opus
2600 4779 2686 4823 est
2728 4767 3127 4824 lnstructione?
3174 4780 3335 4834 quam
3369 4762 3547 4833 regio-

1975 4875 2098 4915 nem
2128 4868 2311 4929 petere
2335 4858 2460 4913 vis?
2490 4859 2631 4928 quod
2683 4873 2849 4923 mare,
2881 4872 3041 4928 quam
3075 4865 3271 4915 terram
3296 4856 3320 4909 ’ί
3343 4853 3549 4909 Barba-

1977 4966 2113 5016 ram,
2150 4950 2418 5016 Graecam,
2442 4950 2626 5015 urbes,
2651 4949 2897 5016 deserta;
2935 4949 3010 5004 ibi
3035 4961 3248 5003 crucem
3286 4947 3548 5010 invenies,

1977 5052 2375 5109 sexcentasque
2429 5042 2617 5097 audies
2672 5040 3050 5105 narrationes,
3083 5046 3135 5093 et
3168 5038 3466 5099 desertum.
3497 5046 3552 5091 et

1977 5141 2118 5186 terra
2162 5131 2426 5195 habitata,
2464 5138 2520 5183 et
2547 5140 2758 5184 montes
2783 5139 2835 5184 et
2880 5128 3020 5197 plani
3050 5126 3226 5195 campi
3275 5126 3548 5180 Christum

1977 5226 2245 5280 intonant.
2281 5223 2348 5277 Et
2383 5221 2542 5292 paulo
2566 5230 2701 5291 post.
2738 5220 2906 5274 Sicuti
2941 5219 3019 5274 sol
3055 5218 3142 5273 hic
3194 5233 3297 5272 non
3339 5217 3549 5287 magnis

1980 5328 2211 5381 tantum,
2242 5317 2336 5371 sed
2364 5323 2418 5369 et
2445 5312 2688 5384 parvulis
2710 5311 2978 5381 splendet,
3010 5312 3090 5364 sic
3116 5320 3172 5363 et
3198 5308 3421 5377 iustitiae:
3455 5305 3549 5361 Sol

1977 5423 2291 5477 parvorum,
2325 5406 2630 5477 grandium,
2668 5417 2973 5466 servorum,
3005 5401 3323 5465 liberorum,
3346 5397 3552 5468 princi-

1973 5514 2122 5569 pum,
2178 5498 2536 5563 subditorum,
2584 5511 2791 5568 regum,
2846 5495 3204 5564 privatorum,
3241 5489 3553 5555 iurantium,

361 5677 405 5708 "
441 5678 565 5729 Aet.
599 5687 689 5739 xv,
730 5674 813 5727 l0.
897 5676 935 5707 ¹³
976 5672 1168 5728 Maltlt.
1200 5691 1285 5741 xv,
1318 5676 1407 5729 2L
1490 5679 1528 5709 ³³
1561 5675 1715 5732 Joan.
1753 5692 1863 5742 XIV,
1893 5677 1982 5730 26.
