4004 6156
403 240 510 296 933
1167 235 1729 294 SUPPLEMENTUM
1770 234 1860 288 AD
1902 233 1960 290 S.
2001 234 2051 290 .l.
2093 233 2582 291 CIIRYSOSTOMI
2623 236 2869 291 Ol’h'llA.
3569 242 3670 291 98!

406 365 638 418 senum,
692 349 933 408 omnium
980 352 1193 408 animos
1225 351 1430 407 lumine
1465 351 1795 424 cognitionis
1836 351 1981 407 illus-

2113 349 2397 420 ιρχόντων,
2443 347 2788 421 ἀρχομένων,
2837 345 3123 418 βασιλέων,
3155 345 3407 410 ἰδιωτῶν,
3435 347 3674 419 νηπίων,

408 446 594 501 travit.

473 626 610 691 Quia
628 642 806 680 ontnes
836 625 1124 697 intelligent
1167 643 1269 685 me.

474 711 663 766 Solum
714 713 1144 783 regenerationis
1208 713 1487 770 lavacrum
1545 714 1649 770 hoc
1724 715 1981 787 largitur.

407 803 598 858 Vidisti
626 812 836 859 certum
901 803 1062 873 hujus
1102 804 1237 874 legis
1288 804 1545 877 signum?
1577 805 1662 861 lex
1699 821 1829 863 vero
1878 823 1982 862 non

407 893 480 946 ita
515 910 530 948 :
568 892 836 959 Quoniam
879 903 1190 964 cognoscent
1236 910 1318 950 me
1346 911 1525 949 omnes
1552 913 1572 950 :
1604 910 1712 950 non
1744 896 1889 951 enim
1916 897 1985 952 ad

404 981 619 1039 labores
672 990 729 1038 et
767 983 995 1039 sudores
1044 993 1337 1051 vocantur,
1405 988 1500 1041 sed
1539 988 1606 1042 ad
1638 997 1982 1057 peccatorum

402 1088 625 1130 suorum
653 1076 1050 1142 remissionem,
1090 1087 1145 1131 ct
1180 1078 1523 1147 iuiquitatum
1554 1079 1899 1135 oblivionem.

470 1270 593 1326 Non
610 1273 747 1325 enim
764 1287 943 1326 omnes
962 1272 1053 1340 qui
1075 1289 1139 1327 ex
1156 1273 1357 1328 Israele
1375 1284 1520 1339 sunt,
1541 1272 1804 1332 Israelita:
1826 1289 1982 1344 sunt;

404 1378 498 1416 nec
541 1363 667 1432 quia
692 1372 811 1416 sunt
838 1379 1015 1418 semen
1043 1363 1288 1433 Abrahae,
1323 1382 1499 1422 omnes
1551 1367 1656 1437 lilii
1689 1369 1751 1423 η.

482 1452 555 1506 De
605 1452 804 1521 quibus
875 1468 1005 1523 ergo
1065 1455 1326 1512 lsraelitis
1387 1457 1642 1529 loquatur
1693 1460 1818 1516 audi
1863 1478 1878 1515 :
1922 1460 1983 1515 Si

406 1543 538 1605 erit,
591 1543 699 1607 ait,
757 1558 1003 1598 numerus
1058 1545 1288 1615 filiorum
1351 1547 1525 1604 Israel
1596 1551 1783 1605 veluti-
1820 1567 1980 1606 arena

406 1634 606 1698 maris,
674 1634 938 1688 residuum
1019 1638 1310 1692 saloabitur
1339 1639 1401 1695 “.
1461 1642 1782 1697 Accuratius
1853 1658 1980 1697 vero

2091 438 2442 511 πρεσϐυτῶν,
2469 440 2570 503 τὰς
2593 438 2853 492 ἁπάντων
2884 435 3205 509 κατηύγασε
3224 435 3407 508 ψυχὰς
3431 436 3508 508 τῷ
3531 440 3672 508 φωτὶ

2088 531 2195 603 τῆς
2223 530 2504 600 γνώσεως.

2163 624 2292 677 Ὀτι
2316 622 2541 689 πάντες
2562 620 2887 690 εὶδήσουσί
2898 637 2996 691 με.

2161 712 2333 767 Τοῦτο
2381 712 2443 767 τὸ
2482 711 2711 784 λουτρὸν
2759 711 2863 783 τῆς
2906 708 3335 780 παλιγγενεσίας
3382 709 3678 783 χαρίζεται

2092 804 2273 876 μόνον.
2329 801 2483 867 Εἶδες
2537 801 2762 874 ἀκριόὲς
2812 800 3084 873 σύμϐολον
3138 801 3237 856 τοῦ
3281 802 3490 872 νόμου;
3535 803 3565 857 ό
3620 803 3679 856 δὲ

2088 895 2252 967 νόμος
2295 896 2394 967 οὐχ
2430 894 2638 959 οὕτως’
2666 896 2823 949 mea
2846 895 3168 964 εὶδήσουσί
3193 911 3273 965 με
3316 895 3546 962 πάντες
3566 914 3581 928 ·
3612 895 3677 949 οὔ

2086 987 2199 1058 γὰρ
2233 987 2329 1041 ἐπὶ
2375 988 2570 1051 πόνους
2617 987 2714 1040 καὶ
2748 985 2983 1057 ἱδρῶτας
3030 984 3351 1050 καλοῦνται,
3406 984 3528 1038 ἀλλ’
3582 985 3675 1037 ἐπὶ

2089 1078 2435 1150 συγχώρησιν
2501 1079 2612 1133 τῶν
2668 1078 3231 1151 πεπλημμελημένων
3294 1078 3514 1145 αὐτοῖς,
3576 1078 3677 1132 ἐπὶ

2087 1170 2399 1242 ἀμνηστίαν
2428 1169 2539 1225 τῶν
2566 1173 2791 1243 ήμαρτη
2802 1170 3001 1242 μένων.

2150 1263 2234 1317 Οὐ
2256 1263 2365 1334 γὰρ
2389 1262 2614 1330 πάντες
2636 1265 2692 1317 οἱ
2715 1262 2784 1328 ἐξ
2818 1261 3090 1332 Ἰσραὴλ,
3108 1260 3360 1331 Ἰσραήλ
3376 1277 3392 1293 °
3417 1259 3546 1316 οὐδ’
3576 1259 3670 1315 ὅτι

2085 1352 2203 1407 sici
2237 1352 2478 1422 σπέρμα
2512 1353 2780 1422 Ἀϐραὰμ.
2804 1352 3027 1418 πάντες
3054 1351 3258 1407 τέκνα.

2151 1443 2290 1510 Περὶ
2314 1442 2484 1496 ποίων
2494 1437 2588 1497 οὖν
2612 1442 3388 1515 λέγει’ῐσραηλιτῶν,ἀκουσον
3406 1459 3419 1473 ’
3446 1443 3588 1498 Ἐὰν
3602 1439 3665 1515 ᾗ,

2084 1538 2273 1610 φησὶν,
2291 1541 2326 1593 ὁ
2345 1538 2592 1608 ἀριθμὸς
2606 1538 2727 1593 τῶν
2741 1538 2888 1594 υἱῶν
2901 1539 3168 1611 Ἰσραὴλ,
3189 1540 3271 1607 ὡς
3288 1540 3326 1607 ή
3347 1539 3539 1610 ἄμμος
3554 1539 3669 1608 τῆς

2084 1624 2423 1695 θαλάσσης,
2447 1627 2512 1679 τὸ
2533 1626 2903 1697 eratadempta
2944 1627 3306 1697 σωθήσεται.
3322 1627 3670 1699 ’Δκρισέστε-

409 1724 596 1777 beatus
655 1722 849 1779 Paulus
908 1726 1009 1780 hoc
1065 1727 1426 1796 interpretans
1483 1731 1608 1786 ait:
1656 1731 1780 1786 Non
1828 1732 1977 1797 eiecit

2113 1718 2285 1773 ονδὲό
2305 1719 2576 1790 μακάριος
2595 1719 2809 1786 Παῦλος
2830 1721 3149 1792 ἑρμηνεύων
3165 1720 3476 1791 αὺτδ,λέγει
3498 1738 3516 1754 ο
3539 1722 3666 1776 οὐκ

411 1813 547 1868 Deus
586 1814 833 1881 papulum
892 1832 1046 1871 suum
1070 1834 1088 1872 :
1113 1821 1304 1874 etenim
1350 1832 1400 1876 et
1442 1839 1535 1892 ego
1577 1822 1826 1879 Israelita
1862 1841 1979 1880 sum

2113 1810 2367 1866 ὶπώσατο
2411 1813 2446 1864 ὁ
2489 1808 2637 1876 Θεὸς
2683 1811 2792 1865 τὸν
2822 1811 2979 1866 λαὸν
3008 1811 3230 1867 αὐτοῦ·
3264 1811 3365 1867 καὶ
3414 1812 3524 1883 γὰρ
3550 1812 3667 1881 ἐγὼ

404 1892 649 1960 esemiue
688 1906 978 1977 Abraham,
1036 1911 1175 1965 tribu
1226 1912 1509 1982 Benjamiu
1540 1916 1616 1982 ";
1678 1916 1853 1972 vidisti
1897 1933 1981 1972 re-

2113 1902 2466 1971 Ισραηλίτης
2521 1901 2641 1971 εἰμι
2657 1941 2674 1966 ,
2727 1902 3069 1979 σπέρματος
3121 1903 3398 1974 Ἀϐραὰμ,
3459 1903 3666 1972 φυλῆς

405 1995 620 2064 liquias,
647 2000 943 2067 apostolos,
979 2016 1094 2065 eos,
1122 2002 1211 2071 qui
1247 2004 1314 2059 ab
1337 2004 1466 2074 ipsis
1489 2020 1793 2062 sermonem
1827 2023 1978 2063 rece-

2113 1993 2385 2062 Βενιαμίν.
2422 1989 2579 2058 Εἶδες
2609 1994 2670 2048 τὸ
2707 1992 3089 2065 κατάλειμμα,
3139 1995 3269 2056 τοὺς
3303 1993 3661 2061 ἀποστόλους,

404 2096 634 2155 perunt,
664 2085 960 2157 lsraelitas,
993 2094 1095 2147 tria
1126 2093 1290 2148 millia
1321 2095 1388 2162 ’⁸,
1436 2107 1492 2152 ει
1536 2099 1772 2169 quinque
1816 2098 1976 2155 millia

2113 2084 2209 2149 οὺς
2233 2084 2330 2138 ἀπ’
2352 2084 2538 2140 αὐτῶν
2581 2083 2915 2156 δεξαμένους
2959 2085 3052 2138 τὸν
3087 2084 3247 2152 λόγον
3294 2082 3657 2156 Ἰσραηλίτας,

406 2176 802 2235 multitudinem
828 2219 844 2247 ,
894 2183 961 2237 de
997 2198 1105 2253 qua
1132 2185 1185 2239 iu
1216 2185 1436 2243 Actibus
1466 2195 1737 2245 narratur.

2113 2176 2208 2239 οὺς
2253 2176 2611 2249 τρισχιλίους,
2663 2176 2763 2231 καὶ
2814 2175 3314 2248 πεντακισχιλίους,
3344 2176 3407 2230 τὸ
3455 2173 3660 2245 πλῆθος

2080 2267 2140 2321 τὸ
2167 2268 2226 2320 ὲν
2245 2270 2366 2332 ταῖς
2390 2268 2665 2340 Πράξεσιν
2689 2267 3090 2342 ἐμφερόμενον.

2145 2358 2348 2425 Οὕτως
2374 2353 2508 2413 εἷπε
2537 2358 2775 2427 Κύριος.

2149 2448 2313 2519 Λέγει
2345 2448 2416 2504 τὰ
2440 2447 2579 2520 ἔργα
2626 2447 2819 2514 αὐτοῦ,
2851 2447 2940 2502 ἵνα
2966 2445 3261 2513 ἀξιόπιστα
3285 2443 3359 2499 τά
3386 2444 3657 2517 λεγόμενα

2082 2542 2234 2612 ποιῇ.

476 2636 495 2655 ⁸
528 2635 693 2691 Vens.
723 2636 811 2692 36.
853 2636 909 2692 Si
945 2638 1257 2693 cessaverint
1296 2638 1428 2708 leges
1452 2637 1534 2694 lite
1577 2655 1611 2692 a
1657 2639 1795 2708 facie
1841 2656 1974 2706 mea,

2147 2632 2165 2653 ‘
2214 2631 2357 2686 Ἐὰν
2380 2631 2719 2686 παύσονται
2750 2633 2806 2685 οἱ
2828 2630 3001 2699 νόμοι
3026 2623 3195 2685 οὗτοι
3223 2627 3296 2683 ἐκ
3324 2627 3655 2697 προσώπου

405 2728 533 2781 dicit
565 2726 837 2793 Dominus,
867 2738 914 2783 et
936 2744 1097 2799 genus
1127 2727 1295 2784 Israel
1316 2728 1538 2784 cessabit
1566 2745 1677 2783 esse
1709 2745 1832 2800 gens
1857 2740 1978 2784 ante

2113 2739 2212 2786 Όυ,
2241 2720 2396 2790 φησι
2417 2720 2655 2791 Κύριος,
2676 2720 2776 2775 καὶ
2804 2719 2872 2774 τὸ
2901 2718 3078 2789 γένος
3112 2718 3363 2788 Ἰσραὴλ
3401 2718 3652 2773 παύεται

404 2816 592 2885 (aciem
614 2832 781 2871 nteant
804 2819 1005 2873 cunctis
1026 2819 1238 2874 diebus.

2113 2811 2356 2867 ενέσθαι
2394 2812 2484 2880 εις
2523 2810 2701 2879 ἔθνος
2748 2810 2902 2866 κατὰ
2937 2809 3263 2879 πρόσωπόν
3285 2824 3408 2879 μου
3451 2807 3657 2874 πάσας

2076 2905 2182 2970 τὰς
2208 2901 2452 2973 ἡμέρας·
3200 2944 3203 2949 »

484 2995 656 3067 Leges
677 2999 974 3054 creationis
1015 2998 1210 3068 inquit,
1245 2998 1314 3056 de
1337 2999 1424 3055 illa
1451 3000 1596 3056 enim
1628 3011 1713 3057 est
1747 3016 1928 3059 sermo
1956 2978 1975 3059 τ’

2147 2994 2364 3067 Νόμους
2399 2992 2529 3058 τοὺς
2552 2994 2654 3063 τῆς
2686 2992 2922 3056 κτίσεως
2951 2991 3102 3061 λέγει
3126 3004 3144 3022 ’
3179 2992 3309 3062 περὶ
3337 2989 3451 3062 γὰρ
3479 2987 3651 3057 αὐτῆς

399 3086 878 3155 quemadmodum,
904 3087 1001 3152 ait,
1036 3087 1150 3141 ﬂeri
1197 3102 1303 3142 non
1338 3098 1515 3159 potest
1563 3100 1619 3145 ut
1644 3092 1976 3147 determina-

2113 3084 2418 3155 ιαλέγεται·
2445 3084 2522 3150 ὡς
2556 3084 2657 3138 οὐκ
2687 3081 2967 3155 ινδέχεταί
3001 3098 3093 3153 με,
3122 3083 3281 3152 φησὶ,
3311 3078 3653 3151 ἀναστρέψαι

405 3177 582 3232 tiones
636 3176 762 3231 lata:
816 3178 870 3231 in
920 3177 1252 3232 creationem
1300 3190 1733 3248 commuteutur,
1767 3184 1846 3239 sic
1877 3200 1977 3240 nec

2113 3174 2204 3237 οὺς
2247 3175 2310 3228 ὲν
2353 3176 2421 3245 τῇ
2450 3173 2630 3228 κτίσει
2673 3171 2933 3236 τεθέντας
2962 3172 3150 3242 ὅρους,
3197 3169 3373 3234 οὕτως
3404 3169 3532 3223 οὐδὲ
3552 3168 3652 3239 τὴν

403 3266 693 3334 promissio
718 3265 857 3321 facta
891 3267 1035 3322 circa
1063 3266 1290 3323 ludaeos
1318 3280 1544 3340 propter
1568 3271 1865 3330 Abraham.

2113 3263 2217 3334 πρὸς
2268 3262 2552 3327 Ἰουδαίους
2581 3263 2672 3317 διά
2708 3262 2809 3334 τὴν
2832 3262 2971 3332 πρὸς
3009 3260 3265 3333 Ἀϐραὰμ
3289 3259 3647 3329 ἐπαγγελίαν.

474 3355 670 3411 ‘Vens.
703 3359 791 3413 57.
820 3356 880 3413 Si
907 3357 1099 3413 elevari
1119 3359 1346 3427 potuerit
1372 3360 1565 3415 ctutum.
1585 3378 1818 3429 sursum,
1848 3372 1897 3419 et
1931 3366 1977 3419 si

2147 3357 2164 3377 ‘
2209 3355 2350 3409 Ἐὰν
2376 3352 2589 3423 opaea
2619 3356 2653 3409 ό
2684 3354 2943 3422 οὐρανὸς
2984 3354 3073 3420 είς
3110 3351 3185 3408 τὰ
3221 3349 3521 3422 μετέωρα,
3554 3349 3652 3408 καὶ

402 3448 773 3503 humiliabitur
788 3447 1191 3516 fundamentum
1227 3458 1381 3505 terra!
1403 3450 1567 3521 infra,
1600 3463 1648 3507 et
1676 3469 1771 3524 ego
1798 3469 1973 3523 repro-

2113 3443 2184 3499 ὰν
2207 3442 2538 3511 ταπεινωθῆ
2569 3442 2635 3497 τὸ
2660 3442 2884 3512 ἔδαφος
2910 3441 3021 3512 τῆς
3049 3441 3166 3512 τῆς
3197 3441 3377 3508 κάτω,
3412 3440 3513 3494 καὶ
3537 3437 3654 3509 ἐγὼ

405 3539 535 3593 babo
566 3554 717 3594 omne
741 3556 903 3609 geuus
924 3537 1118 3605 Israel,
1145 3538 1221 3594 ait
1258 3539 1534 3606 Dominus,
1565 3553 1776 3614 propter
1798 3546 1976 3600 omnia

2113 3531 2415 3602 ποδοκιμῶ
2442 3529 2568 3587 πᾶν
2595 3531 2663 3586 τὸ
2703 3529 2881 3602 γένος
2918 3532 3074 3599 ἰσρα
3082 3530 3159 3600 iul
3175 3572 3192 3597 ,
3219 3529 3373 3599 φησι
3404 3529 3621 3597 Κύριος
3635 3568 3655 3593 ,

403 3648 521 3702 qua:
555 3631 812 3700 {ec-erunt.

2113 3623 2209 3693 rapi
2236 3622 2481 3681 πάντων
2498 3616 2588 3676 ὧν
2604 3622 2923 3690 ἐποίησαν.

477 3723 590 3779 lloc
618 3734 721 3791 est,
752 3723 797 3780 si
854 3723 1164 3779 sublimitas
1214 3723 1341 3780 caeli
1380 3723 1582 3781 elevari
1631 3729 1889 3797 potuerit,
1922 3738 1976 3784 et

2148 3716 2461 3782 Τουτέστιν,
2500 3714 2596 3768 ὲάν
2633 3713 2838 3786 δυνηθῇ
2882 3713 2946 3768 τὸ
2990 3712 3126 3783 ὕψος
3171 3711 3513 3785 μετρηθῆναι
3554 3710 3654 3765 τοῦ

405 3812 668 3881 profunda
700 3822 857 3868 teme
899 3814 1232 3883 investigari,
1271 3814 1387 3870 licri
1444 3826 1622 3885 potest
1669 3828 1728 3872 ut
1774 3829 1829 3875 et
1873 3835 1974 3889 ego

2113 3805 2329 3878 59avoii,
2371 3806 2469 3861 καὶ
2498 3805 2570 3861 τά
2602 3805 2742 3878 βάθη
2787 3804 3207 3876 καταληφθῆναι
3254 3806 3355 3875 τῆς
3388 3803 3494 3875 γῆς
3515 3842 3532 3869 ,
3567 3804 3653 3856 ὲν·

406 3901 659 3969 abjiciam
714 3918 883 3970 genus
926 3903 1093 3960 Israel
1127 3923 1142 3959 :
1198 3920 1264 3961 ac
1289 3907 1334 3962 si
1361 3906 1602 3963 diceret:
1644 3907 1723 3963 Ita
1757 3910 1873 3966 haec
1916 3926 1975 3967 se

2113 3899 2287 3969 ίχεται
2317 3897 2467 3969 κάμὲ
2508 3896 2956 3968 ἀποποίησασθαι
2984 3895 3081 3950 τοῦ
3123 3893 3343 3968 Ἰσραὴλ
3371 3895 3432 3949 τὸ
3467 3895 3659 3964 γένος..

406 3993 700 4048 habebunt.
734 3993 801 4050 Ut
826 3994 937 4064 jam
985 3994 1039 4049 in
1078 3995 1146 4051 iis
1186 4011 1310 4066 qua
1348 4009 1511 4066 supra
1541 4000 1857 4064 memoravi,
1897 3998 1974 4052 fa-

2113 3992 2196 4044 lva
2222 3990 2490 4065 είπηοὮς
2520 3990 2727 4057 ταῦτα,
2751 3989 2928 4054 οὕτως
2956 3989 3166 4046 ἀνωθεν
3195 3990 3425 4059 ποιῆσαι
3470 3989 3652 4044 woul-

403 4096 493 4141 cto
522 4086 892 4157 comprobavi,
940 4102 1063 4154 qua:
1107 4088 1367 4143 obediunt
1401 4088 1739 4158 persistendo
1772 4090 1824 4143 iu
1869 4090 1970 4145 sibi

2113 4098 2257 4148 .ασα,
2313 4081 2409 4135 καὶ
2453 4081 2723 4152 γενόμενα
2764 4082 3003 4153 διέμεινε
3052 4083 3168 4146 τοῖς
3221 4080 3460 4135 τεθεῖσιν
3505 4079 3659 4150 ὅροις

407 4177 595 4245 positis
618 4177 895 4243 terminis,
920 4177 1000 4234 sic
1033 4186 1089 4233 et
1112 4178 1401 4247 promissio
1424 4179 1654 4235 Abrahae
1679 4180 1843 4244 facta,
1869 4182 1974 4235 erit

2113 4173 2336 4243 πόμενα,
2366 4171 2544 4237 οὕτως
2565 4171 2723 4228 ἔσται
2748 4173 2846 4227 καὶ
2878 4175 2912 4245 ἡ
2958 4173 3096 4245 πρὸς
3121 4172 3217 4226 τὸν
3272 4172 3525 4243 ’Δὸραάμ
3549 4172 3652 4224 ἔπι

405 4265 782 4322 immutabilis.
815 4266 1027 4322 Etenim
1058 4282 1234 4337 neque
1264 4283 1408 4324 nunc
1429 4308 1446 4333 ,
1479 4269 1606 4325 licet
1633 4271 1970 4339 permiserim

2113 4250 2302 4332 γγελία
2344 4263 2759 4333 ἀμετάπτωτος.
2796 4262 2933 4317 Οὐδὲ
2977 4262 3088 4335 γάρ
3138 4261 3264 4317 οὐδὲ
3311 4261 3409 4316 νῦν
3435 4260 3527 4315 διά
3552 4260 3651 4331 τὴν

403 4366 463 4411 nt
488 4356 684 4426 captivi
714 4357 1139 4425 abducerentur,
1164 4366 1377 4428 pactum
1395 4374 1517 4414 cum
1546 4374 1614 4415 eo
1637 4360 1827 4416 initum
1854 4362 1972 4418 vio-

2113 4353 2287 4409 ούτων
2345 4352 2726 4425 αἰχμαλωσίαν
2785 4353 3040 4428 παρέόην
3087 4353 3188 4426 τὴν
3248 4352 3389 4426 πρὸς
3440 4354 3650 4408 ἐκεῖνον

403 4446 531 4501 lavi.

2113 4442 2374 4514 υνθήκην.
2936 4445 2951 4457 ⁸

473 4540 493 4558 ’
522 4536 683 4592 Vens.
713 4536 805 4592 58.
841 4536 974 4592 Ecce
1006 4536 1120 4591 dies
1154 4538 1390 4604 veniunt,
1441 4540 1569 4594 dicit
1604 4539 1878 4607 Dominus,
1928 4554 1975 4598 et

2145 4537 2164 4556 θ
2204 4533 2356 4591 ἰδοὺ
2386 4533 2598 4604 ἡμέραι
2626 4534 2926 4604 ἔρχονται,
2963 4533 3118 4603 φησι
3144 4533 3382 4603 Κύριος,
3421 4531 3522 4588 καί
3572 4533 3657 4589 ol-

402 4629 760 4700 wdiﬁcabitur
778 4629 965 4685 civitas
995 4628 1217 4684 Domino
1246 4646 1279 4683 a
1307 4631 1446 4684 turri
1470 4630 1693 4687 Anauiel
1719 4650 1878 4704 usque
1905 4635 1975 4689 ad

2113 4626 2550 4696 οδομηθήσεται
2576 4627 2755 4691 πόλις
2776 4625 2856 4692 τῷ
2872 4627 3065 4694 Κυρίῳ
3085 4626 3203 4682 ἀπὸ
3230 4626 3466 4697 πύργου
3480 4626 3654 4681 Ἀνα-

401 4731 609 4792 portam
633 4721 930 4794 auguli.,Et
956 4736 1076 4790 quae
1094 4730 1417 4791 sequuntur.

2113 4719 2239 4787 ιὴλ,
2266 4718 2378 4786 ἕως
2397 4716 2507 4787 τῆς
2532 4718 2732 4786 πύλης
2756 4717 2867 4787 τῆς
2890 4719 3129 4788 γωνίας,
3167 4717 3263 4771 καὶ
3292 4717 3362 4771 τά
3390 4715 3547 4788 ἑξῆς.

468 4813 584 4870 11οε
607 4823 714 4881 est,
751 4830 780 4869 a
830 4813 965 4869 turri
1016 4813 1652 4884 Ananiel.(}ivitatisque
1702 4819 1972 4887 magnitu-

2147 4813 2460 4877 Τουτέστιν,
2497 4812 2607 4866 ἀπὸ
2635 4811 2731 4866 τοῦ
2785 4811 2998 4883 πύργου
3067 4812 3345 4884 ’Δνανιήλ.
3391 4811 3653 4865 Βούλεται

402 4906 581 4961 dinem
614 4920 887 4976 exponere
909 4905 1160 4972 intendit,
1187 4914 1244 4961 et
1276 4920 1396 4959 eam
1419 4905 1676 4976 majorem
1735 4910 1966 4966 futuram

2113 4906 2342 4959 ὲεῑπετν
2385 4905 2486 4975 τῆς
2528 4905 2739 4971 πόλεως
2792 4905 2855 4959 τὸ
2900 4905 3152 4975 μέγεθος,
3185 4904 3282 4959 καὶ
3324 4904 3407 4959 δτι
3449 4903 3654 4975 μείζων

403 5013 468 5052 ac
511 4996 663 5067 prius
694 5005 862 5051 esset.
896 4994 1122 5052 Ananiel
1169 5003 1352 5051 autem
1383 5004 1502 5051 erat
1537 4996 1762 5066 quidam
1790 4999 1918 5056 dux.

2113 5014 2248 5062 παι,
2286 4997 2320 5068 ἢ
2356 4996 2526 5051 πάλαι
2552 4989 3041 5067 ἐτύγχανεν-οὖσα.
3084 4992 3337 5064 ’Δνανιὴλ
3373 4991 3434 5048 δέ
3464 5007 3553 5056 τις
3585 4986 3652 5062 ἦν

2075 5087 2187 5144 τῶν
2218 5088 2563 5161 στρατηγῶν.

2141 5185 2160 5205 ⁶
2173 5180 2284 5237 Kal
2306 5181 2746 5246 διεξελεύσεται
2766 5178 2855 5235 ἔτι
2876 5178 3053 5248 ἐλπίς
3076 5178 3201 5235 τῶν
3221 5177 3517 5249 σχοινίων
3540 5174 3651 5245 τῆς

478 2367 640 2423 Vens.
666 2368 757 2424 55.
792 2366 921 2422 Haec
942 2367 1071 2421 dicit
1098 2366 1371 2423 Dominus.

479 2455 654 2526 Opera
678 2472 773 2511 sua
805 2466 1047 2522 enarrat,
1081 2466 1138 2510 ut
1164 2457 1328 2512 dictis
1368 2457 1527 2512 Iidem
1554 2457 1760 2528 pariat.

481 5177 681 5233 ‘Vttns.
712 5178 800 5233 39.
846 5177 912 5232 Et
942 5177 1102 5234 exibit
1148 5181 1289 5234 ultra
1337 5197 1451 5251 spes
1483 5181 1838 5251 [articulorum
1894 5181 1977 5235 di-

405 5270 687 5325 mensionis
713 5270 850 5339 ejus.

2113 5271 2521 5342 ἰαμετρήσεως
2547 5271 2757 5341 αὐτῆς.

483 5362 763 5419 Mensuras
795 5371 982 5417 narrat
1007 5363 1284 5431 civitatis,
1331 5363 1436 5419 hoc
1478 5372 1588 5429 est,
1652 5365 1721 5421 ab
1775 5363 1976 5436 angulo

2148 5361 2228 5415 Τά
2258 5361 2434 5433 μέτρα
2467 5361 2617 5430 λέγει
2648 5362 2746 5432 τῆς
2794 5362 3034 5427 πόλεως,
3075 5360 3378 5424 τουτέστιν,
3416 5358 3529 5414 ἀπὺ
3555 5357 3648 5428 τῆς

409 5454 613 5521 directe
643 5453 1014 5521 rrotendetur,
1034 5469 1156 5509 cum
1185 5468 1312 5525 spes
1333 5461 1480 5510 esset
1517 5454 1677 5523 bona,
1709 5455 1854 5511 illam
1907 5455 1975 5511 ad

2114 5453 2279 5519 ωνίας
2316 5454 2403 5509 ἐπ’
2436 5453 2652 5510 εὐθεῖαν
2688 5453 3009 5526 ταθήσεται,
3044 5452 3264 5517 ἐλπίδος
3295 5449 3467 5524 οὔσης
3515 5465 3630 5521 χρη-

478 5627 522 5663 υ
558 5628 715 5683 ῐὶυιη.
750 5645 820 5693 Ix,
858 5630 908 5683 6.
990 5632 1030 5663 ¹⁶
1071 5631 1172 5686 lsa.
1206 5645 1259 5696 κ,
1290 5631 1392 5696 22;
1429 5628 1583 5685 Rom.
1612 5647 1683 5698 Ix,
1719 5631 1809 5697 27.
1920 5635 1959 5667 ⁸⁷

2113 5648 2158 5687 u.
2195 5646 2269 5702 xl,
2308 5633 2356 5687 l.
2439 5634 2478 5665 "'
2528 5633 2645 5690 Act.
2684 5648 2744 5699 ιι,
2780 5631 2869 5689 Η.
2948 5631 2990 5664 ¹⁹
3033 5631 3151 5687 Act.
3183 5645 3257 5696 tv.
3291 5628 3343 5685 ι.
3368 5629 3421 5689 8.
