4004 6156
307 251 414 308 983

1391 268 1812 330 FRAGMENTA
1853 275 1921 332 ΙΝ
1960 276 2336 337 JEREMMM.

3474 306 3580 365 986

307 368 476 439 στῆς,
539 369 616 435 ὡς
679 376 1118 450 περαιωθήσεται
1183 383 1243 438 τὸ
1301 391 1687 462 προκείμενον,
1748 395 1873 449 9εοί

308 461 704 495 ,ηυρηυλπη-λ-

1992 403 2324 474 propositum
2385 409 2678 465 terminum
2757 413 3179 482 perducendum,
3237 419 3346 477 Deo
3401 424 3578 495 Opitu-

307 461 726 533 συνεργοῦντος.

379 554 536 647 Ἕως
547 556 785 620 βουνοῦ
825 562 1013 631 Γαρίϐ
1048 564 1241 638 (ὄνομα
1271 570 1460 643 τόπου)
1488 589 1500 604 ·
1526 575 1624 629 καὶ
1653 591 1896 647 περικυ-

308 645 680 712 κλωθήοέται
707 649 786 714 τῷ
816 653 1018 722 Γοαθᾲ
1049 657 1232 728 (πάλιν
1255 659 1429 733 ὄνομα
1457 664 1671 736 τόπου).

385 741 399 758 ⁶
425 739 536 792 Καὶ
577 739 786 795 πᾶσαν
811 743 927 812 τὴν
977 749 1232 803 κοιλάδα
1283 751 1402 808 τῶν
1441 759 1748 830 Φααγαρψ
1793 764 1890 818 καὶ

307 831 424 898 τὴν
447 832 710 887 σποδιὰν
737 838 1062 908 Φααγαρίμ.

379 924 694 992 Τουτέστσν,
720 927 852 982 ἔνθα
877 932 944 985 τὰ
969 935 1138 1005 νεκρὰ
1167 935 1564 1008 ρίπτεται.Καί
1588 943 1704 1012 τὴν
1739 960 1893 1001 σπο-

305 1015 465 1082 διὰν,
501 1017 626 1071 ἀντὶ
671 1018 799 1085 τοῦ,
833 1023 930 1077 καὶ
955 1025 1024 1078 τὰ
1070 1027 1295 1083 κοθέσια
1343 1028 1458 1102 [Ian
1507 1035 1828 1105 νεκροθέσια

307 1107 381 1160 Τὸ
410 1106 543 1160 αὐτὸ
570 1109 627 1162 δὲ
655 1111 912 1181 σημαίνει
938 1118 1032 1168 καὶ
1059 1116 1121 1170 τὸ
1145 1119 1515 1191 ἐπαγόμενον,
1548 1127 1648 1180 καὶ
1677 1106 1892 1183 mica—tr

320 1200 738 1271 Ἀνασαριμὼθ,
773 1204 916 1271 ἀντὶ,
949 1207 1116 1262 τόπον
1158 1213 1418 1283 κοπρίας.

380 1293 535 1360 Ἕως
571 1295 893 1365 χειμὰρῤου
919 1299 1166 1369 Κέδρου,
1197 1303 1309 1372 ἕως
1335 1305 1448 1375 τῆς
1503 1310 1720 1379 γωνίας
1775 1313 1891 1367 πύ-

304 1388 440 1454 λης,
473 1387 673 1441 ἵππων
711 1389 1030 1462 Ἀνατολῆς
1053 1395 1321 1466 ἁγίασμα
1343 1398 1423 1462 τῷ
1446 1403 1662 1469 Κυρίῳ.

381 1478 693 1546 Τουτὲστιν,
739 1482 776 1536 ἃ
817 1485 988 1539 πάλαι
1033 1483 1124 1558 ἦν,
1180 1489 1287 1555 ἔξω
1313 1491 1412 1562 τῆς
1465 1493 1679 1559 πόλεως
1720 1497 1800 1560 εἰς
1829 1497 1890 1551 τὸ

307 1570 599 1641 ῥίπτεσθαι
645 1574 746 1646 τὴν
773 1575 980 1650 κόπρον
1009 1621 1024 1644 ,
1071 1579 1247 1636 ταῦτα
1285 1583 1758 1656 περιληφθήσεται
1807 1589 1889 1653 είς

303 1667 406 1732 τὴν
447 1665 624 1730 πόλιν,
678 1667 775 1720 καὶ
823 1670 1266 1742 κοσμηθήσεται,
1315 1675 1412 1727 καὶ¹
1463 1674 1619 1729 ἔσται
1669 1677 1814 1740 ἅπας
1859 1681 1888 1731 6

2080 585 2257 656 Usque
2306 589 2376 641 ad
2431 587 2587 644 colles
2619 588 2781 645 Gut-ib
2809 593 3030 663 (nomen
3067 595 3194 666 luci)
3223 615 3237 652 :
3269 610 3316 653 et
3356 602 3577 658 circum-

1995 677 2211 730 dabilur
2241 675 2443 731 Goatha
2477 679 2696 748 (iterum
2731 696 2923 736 nomen
2953 683 3105 753 ioci).

2065 770 2081 787 ⁶
2105 767 2266 824 Vens.
2290 768 2379 824 40.
2415 769 2484 824 Et
2517 787 2721 824 onmem
2749 772 2933 826 uallem
2970 773 3318 846 P/taagarim,
3358 792 3405 834 et
3437 783 3578 838 cine-

1995 877 2101 915 rem
2133 861 2480 932 Pitaagarim.

2081 951 2196 1006 lloc
2227 963 2311 1008 est
2335 993 2350 1014 .
2397 969 2504 1024 quo
2529 957 2795 1012 cadavera
2833 957 3214 1028 proiiciantur.
3242 961 3308 1017 Et
3349 964 3574 1019 cinerem

1995 1057 2092 1112 pro
2118 1056 2446 1099 mortuorum
2491 1063 2668 1102 arcas.
2707 1049 2982 1106 Hocidetn
3013 1053 3284 1122 signiﬁcat
3323 1064 3378 1110 et
3431 1060 3575 1125 quod

1994 1137 2214 1191 subdit:
2271 1136 2337 1190 Et
2391 1154 2598 1192 omnem
2646 1139 3022 1196 Anasarimoth
3071 1159 3090 1198 :
3140 1145 3319 1201 locum
3365 1147 3576 1202 scilicet

1994 1230 2274 1286 stercoris.

2067 1319 2246 1392 Usque
2304 1325 2374 1377 ad
2429 1333 2709 1378 torrentem
2756 1321 3007 1388 Cedron,
3055 1340 3221 1394 usque
3281 1324 3351 1378 ad
3403 1341 3572 1396 augu-

1992 1415 2288 1484 lumportte
2330 1431 2582 1485 equorum
2620 1415 2850 1470 Orientis
2891 1424 3132 1468 sanctum
3185 1414 3434 1471 Domino.

2066 1507 2120 1562 Id
2154 1516 2266 1574 est,
2287 1523 2407 1578 qua:
2440 1507 2589 1577 prius
2617 1517 2792 1572 erant,
2833 1517 2986 1561 extra
3017 1506 3292 1562 civitatem
3323 1523 3432 1578 quo
3466 1507 3570 1578 eji-

1991 1600 2237 1656 ciebatur
2263 1610 2496 1662 stercus,
2529 1599 2644 1653 haec
2672 1599 2976 1666 eiugentur,
3005 1608 3059 1652 et
3092 1598 3466 1666 ornabuntur,
3515 1610 3571 1654 et
3676 1623 3678 1626 τ

1991 1693 2096 1748 erit
2145 1693 2321 1746 omnis
2374 1690 2525 1746 locus
2573 1680 2932 1745 sanctilicium
2967 1691 3238 1758 Domino,
3285 1700 3567 1762 segregata

302 1755 467 1820 τόπος
514 1757 762 1830 ἀγίασμα
795 1760 874 1830 τῶ
923 1764 1134 1834 Κυρίῳ,
1166 1766 1469 1833 τουτέστιν,
1521 1769 1873 1840 ἀφωρισμένο

1992 1787 2199 1842 scilicet
2225 1784 2355 1840 Deo.
2389 1783 2520 1838 Illud
2543 1792 2744 1848 autem,
2765 1798 3013 1852 equorum
3048 1781 3568 1848 Orientis,videlicct

303 1846 382 1917 τῷ
417 1847 560 1920 Θεῷ.
615 1851 688 1904 Τὸ
727 1851 806 1916 δὲ,
863 1853 1066 1908 ἵππων
1110 1856 1454 1927 Ἀνατολῆς,
1487 1861 1758 1927 τουτέστι,
1791 1865 1889 1933 τῆς

302 1939 480 2012 πύλης
507 1941 618 1996 τῶν
643 1943 828 1997 ἵππων
848 1945 947 2015 τῆς
973 1946 1031 2012 ἐξ
1071 1948 1388 2019 Ἀνατολῆς.

881 2036 1134 2092 ΚΕΦΑΛ.
1177 2039 1300 2098 AB'.

385 2122 450 2174 Ὅ
473 2123 656 2192 λόγος
683 2125 718 2178 ό
746 2127 1095 2196 γενόμενος.

387 2209 551 2282 Ὁρᾷς
579 2210 670 2266 τοῦ
700 2211 841 2267 Θεοῦ
880 2217 1303 2289 μακροθυμίανς
1339 2222 1596 2278 τοσοῦτον
1628 2225 1886 2297 ἠνέσχετο

304 2301 498 2372 χρόνον
537 2301 718 2356 αὐτῶν
766 2305 908 2375 μετὰ
946 2308 1050 2378 τὴν
1099 2309 1422 2379 ἀπόστασιν,
1465 2315 1562 2373 καὶ
1610 2315 1672 2370 τὸ
1701 2333 1885 2387 παρα·

305 2391 627 2462 σπονδῆσαι,
668 2393 764 2447 καὶ
793 2395 916 2448 οὐδὲ
940 2396 1083 2451 οὕτω
1106 2399 1297 2469 γέγονε
1333 2401 1590 2472 βελτίων·
1621 2407 1757 2461 ἀλλά
1788 2408 1884 2461 καὶ

299 2482 412 2533 τῶν
438 2480 626 2536 δεινῶν
656 2484 1090 2557 ἀπειλουμένων,
1122 2491 1239 2555 ίσος
1265 2487 1334 2564 ἦν
1367 2491 1417 2565 [6
1433 2494 1640 2568 αὐτός]’
1663 2501 1758 2552 καὶ
1782 2499 1882 2553 οὐκ

297 2572 503 2642 ἢρκεσε
535 2573 719 2640 τοῦτο,
757 2576 896 2632 ἀλλά
941 2579 1034 2633 καὶ
1079 2579 1174 2635 τὸν
1203 2585 1492 2656 προφήτην
1535 2587 1882 2644 κατέκλεισεν

298 2663 381 2728 είς
404 2665 656 2737 δεσμωτή
666 2683 802 2737 ριον.

367 2756 477 2812 Καί
515 2758 798 2828 Ἱερεμίας
820 2760 1225 2831 ἐφυλάσσετο.

369 2849 528 2914 Τίνος
552 2850 773 2919 ἒνεκεν;
813 2853 935 2907 είπέ
978 2873 1088 2926 μοι.
1150 2858 1394 2927 Ἐπειδὴ
1433 2862 1879 2932 λέγεις-Ὀὕτως

295 2934 428 2993 εἷπε
459 2941 704 3009 Κύριος·
740 2943 896 2999 Ἰδοὺ
916 2945 1122 3016 δίδωμι
1159 2949 1276 3018 τὴν
1297 2953 1481 3006 πόλιν
1503 2955 1748 3022 ταύτην.
1782 2957 1872 3028 Μὴ

1991 1890 2158 1950 porta:
2181 1892 2465 1947 equorum,
2496 1889 2619 1949 quae
2641 1876 2917 1932 Orientem
2950 1890 3138 1931 versus
3160 1874 3264 1930 sita
3285 1883 3424 1930 erat.

2570 2032 2723 2089 CAP.
2756 2031 2978 2088 XXXII.

2061 2125 2227 2181 Vens.
2262 2127 2312 2180 l.
2355 2124 2580 2180 Verbum
2605 2126 2747 2196 quod
2785 2124 2984 2194 factum
3027 2133 3126 2180 est.

2057 2217 2242 2273 Viden’
2276 2217 2370 2272 Dei
2401 2217 2745 2273 tolerantiam
2770 2217 2794 2271 Ἰ
2821 2226 2970 2273 tanto
3006 2225 3249 2286 tempore
3276 2230 3372 2271 eos
3401 2215 3566 2272 susti-

1986 2309 2102 2364 nuit
2124 2317 2244 2379 post
2262 2307 2620 2364 defectionem
2651 2307 2988 2377 violatasque
3013 2307 3326 2377 pactiones;
3359 2322 3459 2362 nec
3483 2318 3563 2360 ta-

1984 2417 2107 2457 men
2139 2401 2227 2456 ille
2256 2399 2447 2456 melior
2476 2398 2670 2465 evasit,
2705 2400 2799 2454 sed
2859 2407 2915 2454 et
2953 2398 3080 2454 dum
3135 2399 3295 2453 minas
3343 2398 3396 2452 in
3437 2412 3562 2452 eum

1976 2495 2318 2564 iactarentur
2349 2493 2488 2548 idem
2513 2501 2651 2556 erat,
2681 2505 2860 2562 neque
2902 2490 3006 2546 ltoc
3060 2489 3194 2545 satis
3234 2487 3357 2556 fuit,
3393 2486 3564 2544 sedet

1987 2588 2307 2658 prophetam
2341 2582 2573 2653 coniecit
2623 2584 2675 2638 in
2711 2596 3012 2640 carcerem.

2067 2772 2228 2826 Vens.
2271 2769 2328 2825 2.
2377 2769 2447 2824 Et
2479 2769 2738 2825 Ieremia:
2777 2767 3192 2823 custodiebatur.

2051 2863 2414 2930 Quamobrem
2436 2861 2588 2918 dicas
2618 2875 2822 2931 quaeso.
2855 2859 3122 2926 Quoniam
3155 2859 3287 2914 dicis
3307 2873 3329 2913 :
3361 2857 3452 2912 Sic
3472 2856 3560 2912 di-

1982 2955 2048 3007 cit
2092 2953 2356 3007 Dominus
2391 2951 2567 3007 :Eece
2610 2968 2704 3020 ego
2745 2953 2812 3005 do
2858 2951 3122 3006 civitatem
3180 2950 3357 3003 istam.
3418 2947 3559 3001 Num

297 3031 408 3102 γὰρ
436 3033 546 3104 ἐμά
574 3035 644 3088 τὰ
674 3036 899 3106 ῥήματά
927 3039 1112 3107 ἐστιν;
1151 3040 1214 3093 Εἰ
1251 3041 1351 3112 μὲν
1381 3041 1477 3097 οῦν
1506 3046 1614 3115 ἐμὲ
1635 3086 1650 3107 ,
1693 3048 1873 3115 φοϐεῖ-

1992 3047 2146 3102 vcrba
2197 3048 2310 3100 haec
2347 3061 2464 3100 mea
2515 3045 2692 3100 sunt?
2742 3043 2798 3099 Si
2834 3059 2951 3100 mea
2995 3052 3139 3106 sunt,
3178 3041 3415 3096 timenda
3450 3056 3559 3095 non

297 3124 421 3178 σθαι
463 3125 604 3181 αὑτά
635 3127 695 3180 οὐ
725 3129 868 3199 χρή·
899 3131 947 3183 εί
972 3129 1032 3184 δέ
1071 3130 1173 3184 οὐκ
1208 3132 1338 3204 ἐμά,
1367 3133 1449 3187 δεῖ
1497 3137 1772 3192 πιστεύειν
1793 3141 1873 3194 ὅτι

1992 3147 2141 3204 sunt;
2183 3139 2229 3195 si
2285 3153 2417 3194 vero
2473 3152 2580 3193 non
2617 3152 2758 3204 mea,
2801 3134 3132 3193 credendum
3161 3143 3244 3190 est
3284 3149 3402 3189 mea
3453 3148 3558 3187 non

294 3216 396 3270 οὐκ
422 3217 532 3288 ἐμά
556 3219 694 3285 ἐστι,
735 3220 830 3274 καὶ
848 3221 930 3274 ὅτι
964 3221 1138 3293 ἀληθῆ
1170 3223 1322 3279 ἔσται
1351 3241 1364 3255 ·
1397 3226 1541 3280 Ἀλλ’
1565 3228 1685 3292 ἔθος
1717 3229 1873 3285 τοῦτο

1992 3245 2119 3294 :sse,
2143 3244 2379 3300 veraque
2417 3228 2618 3296 futura,
2643 3229 2736 3285 sed
2759 3243 2877 3284 mos
2902 3242 3090 3282 eorum
3120 3234 3205 3282 est
3241 3225 3332 3294 qui
3377 3227 3562 3279 redar-

294 3308 407 3370 τοῖς
457 3307 834 3380 ἐλεγχομένοις
870 3310 1052 3380 λέγειν
1081 3328 1094 3344 ·
1125 3313 1412 3386 Δήσωμεν
1467 3317 1572 3372 τὸν
1616 3319 1871 3390 δίκαιον,

295 3393 386 3447 ὅτι
409 3393 798 3464 δύσχρηστος
825 3397 972 3469 ἡμῖν
997 3399 1186 3456 ἐστιν.

364 3487 476 3542 Καὶ
510 3489 543 3542 ό
567 3489 751 3558 λόγος
781 3491 1024 3558 Κυρίου.

367 3573 503 3631 Εἶτα
537 3577 624 3632 ἵνα
672 3580 748 3651 μὴ
789 3581 1028 3653 ἀπείπῃ,
1060 3583 1324 3656 ἀγοράζει
1375 3589 1688 3653 κελευσθεὶς
1718 3592 1872 3663 παρά

291 3668 387 3721 τοῦ
404 3667 560 3723 Θεοῦ.
591 3671 688 3736 Τίς
720 3671 876 3726 τοῦτο
909 3673 975 3728 ἂν
997 3676 1251 3748 ἐποίησε;
1281 3680 1380 3749 τῆς
1411 3682 1620 3745 πόλεως
1646 3684 1871 3738 ἀλίσκε-

297 3757 422 3812 σθαι
477 3761 774 3834 μελλούσης
823 3757 979 3828 οὗτος
1017 3769 1222 3838 ἀγροὺς
1255 3771 1537 3841 ἀγοράζει.
1581 3774 1688 3828 Kai
1739 3776 1869 3844 μετ’

296 3847 493 3916 ὀλίγα·
528 3850 808 3910 Ἐϐούλετο
831 3854 1184 3910 πιστεύεσθαι
1207 3859 1301 3911 καὶ
1323 3861 1452 3930 περὶ
1467 3859 1576 3913 τῶν
1593 3863 1866 3932 χρηστῶν.

306 3937 526 4008 Ἐπειδὴ
565 3941 670 4011 γὰρ
706 3943 866 4014 ἐξέϐη
896 3944 968 3998 τά
998 3946 1234 4017 λυπηρὰ,
1269 3949 1365 4001 καὶ
1412 3949 1501 4002 διὰ
1533 3951 1643 4006 τῶν
1687 3969 1867 4024 πραγ-

292 4027 482 4100 μάτων
519 4029 686 4086 ἔδωκε
732 4036 930 4105 πεῖραν
984 4037 1086 4109 τῆς
1124 4038 1290 4092 αὐτοῦ
1339 4039 1622 4112 δυνάμεως
1645 4047 1674 4098 6
1700 4045 1865 4111 Θεὸς,

290 4121 706 4192 παραμυθεῖται
749 4126 951 4190 αὐτοὺς
980 4129 1040 4181 ἐν
1071 4130 1185 4192 τοῖς
1209 4128 1475 4200 λυπηροῖς
1518 4135 1639 4197 ταῖς
1685 4135 1867 4190 ἐλπίσι

287 4209 399 4264 τῶν
434 4211 689 4282 χρηστῶν
712 4229 728 4245 ο
760 4213 858 4268 καὶ
884 4214 1070 4269 οὐκέτι
1102 4218 1347 4288 ῥήματα,
1375 4218 1512 4273 ἀλλά
1541 4221 1864 4292 πράγματα.

358 4301 668 4370 ’Μηνύσας
697 4302 794 4356 τοῦ
838 4303 970 4359 λαοῦ
999 4306 1102 4377 τὴν
1150 4307 1358 4372 ἄνοδον,
1409 4311 1548 4381 πρὸς
1593 4312 1868 4385 πληροφο-

1975 3331 2216 3391 guuntur
2252 3321 2432 3378 dicere
2471 3339 2486 3378 :
2529 3320 2774 3392 Ligemus
2796 3319 3022 3390 justum,
3071 3319 3322 3389 quoniam
3356 3315 3558 3372 inutilis

1972 3421 2051 3475 est
2079 3414 2148 3468 ’⁸.

2045 3505 2210 3561 Vens.
2235 3505 2292 3562 6.
2326 3503 2392 3559 Et
2415 3505 2625 3560 uerbum
2649 3505 2882 3558 Domini.

2034 3601 2238 3656 Deinde
2256 3615 2322 3652 ne
2358 3599 2634 3666 desperet,
2667 3599 2798 3653 emit
2828 3614 2856 3651 a
2917 3596 3025 3650 Deo
3051 3593 3256 3663 jussus.
3288 3591 3422 3658 Quis
3457 3593 3543 3648 fa—

1975 3700 2126 3749 ceret
2174 3690 2316 3746 ltoc?
2347 3704 2469 3743 cum
2517 3689 2648 3743 urbs
2692 3685 2992 3757 diripienda
3041 3693 3209 3749 esset,
3257 3685 3344 3739 ltic
3397 3699 3557 3754 agros

1975 3781 2127 3839 emit.
2158 3779 2228 3834 Et
2250 3779 2410 3850 paulo
2457 3779 2702 3848 inferius.
2750 3776 2937 3831 Fidem
2972 3775 3073 3830 sibi
3102 3775 3262 3830 etiam
3302 3775 3369 3829 de
3399 3775 3557 3830 bonis

1973 3872 2163 3929 haberi
2186 3871 2420 3926 volebat.
2456 3870 2588 3923 Nam
2625 3869 2750 3939 quia
2813 3867 2975 3922 noxia
3016 3866 3188 3936 reipsa
3234 3876 3552 3934 evenerunt,

1974 3963 2458 4032 experimentoque
2489 3976 2641 4015 suam
2680 3959 2821 4013 Deus
2846 3959 3140 4029 potentiam
3166 3959 3341 4030 reipsa
3369 3970 3553 4015 osten-

1975 4059 2073 4122 dit,
2133 4055 2455 4111 consolatur
2495 4070 2590 4108 eos
2618 4053 2672 4106 in
2708 4051 2954 4108 adversis
2983 4065 3078 4123 spe
3115 4050 3553 4119 bonorutn;’nec

1970 4144 2200 4216 amplius
2228 4143 2413 4211 verba,
2445 4144 2537 4199 sed
2562 4141 2731 4198 facta.

2039 4312 2212 4369 ‘Cum
2249 4309 2430 4382 populi
2465 4323 2771 4380 regressum
2800 4307 3180 4377 signiﬁcasset,
3229 4304 3296 4359 ad
3337 4303 3548 4374 plenam

289 4389 413 4462 ρίαν
443 4391 552 4445 τῶν
593 4392 894 4464 λεχθέντων
929 4398 1264 4468 προστάττει
1309 4400 1390 4472 τῷ
1418 4403 1672 4476 προφήτῃ
1705 4405 1865 4474 ἐγκε-

1992 4405 2238 4461 lictorum
2295 4401 2794 4472 cumprobalionem
2862 4398 3110 4469 praecipit
3164 4397 3445 4466 prapbetae
3494 4396 3544 4447 in

287 4482 596 4555 κλεισμένῳ
638 4485 732 4538 ἐπὶ
777 4488 877 4557 τῆς
901 4488 997 4542 τοῦ
1034 4488 1303 4559 βασιλέως
1351 4493 1601 4564 φυλακῆς
1647 4496 1742 4550 τὸν
1768 4498 1864 4551 τοῦ

288 4575 436 4628 θείου
484 4577 678 4647 ἀγρὸν,
721 4580 990 4647 τουτέστι,
1031 4582 1125 4636 τοῦ
1163 4584 1437 4656 Ἀνανιὴλ,
1459 4588 1744 4658 πρίασθαι,
1772 4592 1866 4645 καὶ

285 4665 450 4718 τοῦτο
476 4668 734 4738 ποιήσας,
769 4670 866 4724 καὶ
912 4671 984 4725 τά
1013 4672 1326 4743 γράμματα
1374 4677 1736 4742 συντελέσας,
1770 4681 1865 4732 καὶ

282 4757 386 4826 τὴν
429 4759 603 4829 νομὴν
663 4759 757 4814 τοῦ
806 4762 980 4834 ἀγροῦ
1037 4763 1366 4834 δεξάμενος,
1426 4768 1728 4838 προσέταξε
1783 4772 1864 4843 τῷ

280 4848 505 4920 Βαροὺχ
532 4851 592 4903 ἐν
625 4850 935 4924 ὀστρακίνῳ
965 4853 1152 4907 σκεύει
1177 4855 1513 4912 καταθέσθαι
1537 4860 1600 4912 τὸ
1634 4859 1860 4930 βιϐλίον,

285 4942 518 5013 μήνυμα
549 4943 649 4999 τοῦ
700 4940 860 5009 αὖθις
899 4946 1003 5011 τὴν
1028 4947 1134 5018 γῆν
1167 4948 1224 5000 ἐν
1255 4949 1558 5003 ἀπολαύσει
1608 4951 1701 5004 τοῦ
1734 4952 1862 5007 λαοῦ

279 5033 525 5088 ἔσεσθαι.
563 5036 672 5089 Τοῦ
702 5037 760 5090 δὲ
804 5037 1020 5110 Βαροὺχ
1053 5041 1422 5110 περιεστῶτος
1449 5043 1547 5113 τὴν
1573 5043 1749 5110 πόλιν,
1782 5045 1865 5100 δέ-

281 5143 453 5180 κατον
477 5127 586 5198 γὰρ
614 5123 684 5198 ἦν
713 5128 835 5193 ἐτος
867 5131 969 5200 τῆς
1001 5131 1286 5200 βασιλείας
1315 5133 1590 5199 Σεδεκίου,
1627 5137 1686 5191 ἐν
1706 5131 1860 5210 ᾧπερ

277 5215 526 5272 ἀνελθὼν
557 5220 585 5272 6
621 5219 965 5286 Βαϐυλώνιος
990 5222 1305 5294 ἐπολιόρκει
1340 5225 1439 5295 τὴν
1487 5227 1856 5302 Ἰερουσαλὴμ,

280 5307 521 5362 ἱκετεύει
547 5309 640 5362 τὸν
669 5310 803 5364 Θεὸν
830 5311 1127 5383 θαυμάζων
1154 5303 1247 5366 ἐπῚ
1269 5314 1345 5385 τῷ
1365 5319 1644 5389 γενομένῳ
1676 5321 1708 5390 ἦ
1742 5322 1858 5388 πῶς

276 5395 590 5465 προσέταξε
613 5399 708 5453 τὸν
737 5401 908 5472 ἀγρὸν
940 5401 1128 5454 λαϐεῖν
1149 5443 1162 5466 ,
1200 5404 1362 5476 εἴπερ
1394 5411 1493 5476 τὴν
1533 5409 1687 5464 πόλιν
1720 5431 1855 5485 προ⁴

276 5488 486 5553 δίδωσι,
521 5491 618 5543 καὶ
645 5489 837 5564 ὥσπερ
871 5493 952 5557 είς
981 5511 1104 5548 τινα
1137 5495 1468 5565 ἀμφιϐολίαν
1503 5501 1735 5575 κατέστη
1763 5507 1855 5560 ἐπὶ

1969 4497 2121 4567 regio
2177 4508 2399 4551 carcere
2451 4491 2694 4558 occluso,
2731 4501 2790 4546 ιιι
2840 4490 3019 4562 patrui
3067 4503 3282 4561 agrum,
3320 4487 3548 4541 Ananiel

1967 4587 2197 4653 scilicet,
2226 4595 2371 4642 emat
2397 4601 2412 4649 ;
2437 4599 2545 4654 quo
2575 4592 2816 4655 peracto,
2855 4590 2910 4637 et
2939 4580 3228 4650 scripturis
3260 4577 3546 4643 confectis,

1970 4691 2134 4750 atque
2169 4677 2507 4749 possessione
2546 4686 2784 4745 recepta,
2811 4674 2975 4742 jussit
3011 4670 3225 4728 Baruch
3281 4678 3340 4723 ut
3373 4681 3544 4738 pone-

1968 4787 2050 4834 ret
2082 4776 2276 4831 librum
2313 4773 2364 4827 in
2395 4786 2521 4826 vase
2548 4780 2805 4832 testaceo,
2832 4766 3121 4836 insignum
3149 4776 3342 4831 nempe
3399 4758 3544 4829 quod

1965 4869 2194 4942 p0pulus
2249 4866 2444 4921 iterum
2492 4864 2579 4918 illa
2636 4861 2910 4932 petiturus
2953 4865 3100 4914 esset
3148 4867 3312 4910 terra.
3345 4853 3541 4908 Verum

1963 4975 2085 5017 cum
2144 4957 2353 5014 Baruch
2422 4955 2697 5012 civitatem
2745 4953 3006 5009 circuiret
3037 4989 3053 5016 ,
3116 4947 3356 5003 decimus
3395 4945 3540 5000 enim

1965 5059 2087 5106 erat
2113 5065 2290 5104 annus
2321 5049 2468 5118 regni
2508 5045 2772 5109 Sedeciae,
2799 5059 2906 5114 quo
2963 5039 3288 5114 Babylonius
3337 5039 3540 5094 irrum-

1962 5158 2118 5214 pens,
2174 5140 2470 5197 Jerusalem
2509 5137 2816 5204 obsidebat,
2880 5135 3047 5190 Deum
3111 5139 3324 5198 exorat,
3377 5131 3445 5186 de
3484 5146 3542 5185 re

1971 5245 2122 5305 gesta
2153 5234 2570 5301 obstupescens,
2592 5228 2674 5285 vel
2705 5243 2813 5299 qua
2840 5227 3048 5282 ratione
3081 5238 3268 5296 agrum
3293 5223 3398 5277 emi
3424 5223 3537 5292 jus-

1968 5329 2120 5390 serit,
2151 5327 2193 5382 si
2219 5327 2491 5381 civitatem
2533 5330 2680 5378 esset
2715 5320 3035 5381 traditurus,
3074 5325 3130 5371 et
3154 5313 3310 5384 quasi
3343 5311 3538 5366 dubius

1964 5399 2292 5488 colloquitur
2332 5418 2398 5472 de
2431 5414 2589 5470 rebus
2620 5412 2777 5468 dictis
2816 5429 2829 5466 :
2867 5408 3148 5466 continuat
3207 5404 3387 5474 itaque
3411 5416 3534 5459 ora-

1965 5510 2188 5572 tionem,
2219 5522 2284 5562 ac
2321 5506 2366 5560 si
2402 5506 2542 5559 Deus
2572 5501 2672 5571 ipsi
2704 5499 3076 5571 responderet.

277 5581 395 5642 τοῖς
425 5578 664 5650 λεχθεῖσι
686 5599 699 5614 °
734 5583 883 5656 λέγει
911 5587 1088 5641 τοίνυν
1120 5586 1448 5657 ἀκολούθως,
1491 5593 1564 5656 ὡς
1593 5595 1683 5649 τοῦ
1710 5597 1842 5652 Θεοῦ
1892 5604 2025 5671 προς
2056 5603 2215 5656 αύτδν
2238 5593 2689 5670 ἀποκρινομένου.

349 5671 396 5704 ’θ
432 5674 558 5743 Sap.
604 5691 662 5742 ll,
699 5676 779 5732 l2.
