4004 6156
467 233 573 294 987

541 347 705 404 Vens.
742 350 826 406 l7.
875 351 950 405 Tu
969 355 1057 422 qui
1088 371 1166 422 es,
1201 357 1442 418 Domine.

537 441 652 496 Non
687 458 890 497 temere
926 448 1024 500 hac
1046 463 1174 504 voce
1201 454 1393 521 utitur,
1419 458 1524 523 Qui
1553 479 1628 527 es,
1652 463 1896 522 Domine.
1927 470 2044 527 Non

469 534 574 588 dici
603 542 797 602 potest,
827 536 1137 594 Prmteribit
1161 559 1175 594 :
1203 557 1418 614 semper
1448 561 1620 618 potes.
1660 571 1876 628 semper
1896 564 2041 617 enim

468 625 724 677 Dominus
749 640 827 679 es.
854 625 1020 697 Igitur
1041 641 1238 699 potens
1267 651 1444 692 rerum
1466 656 1546 696 es.

534 713 602 768 Et
641 719 839 773 reddis.

532 803 646 859 Non
674 808 770 873 ait,
804 812 874 864 ad
900 816 1109 870 tertiam
1139 829 1186 871 et
1206 835 1450 889 quartam
1494 831 1908 900 generationem,
1943 837 2044 893 sed

463 895 678 952 silentio
706 904 987 970 praeterit;
1020 908 1131 962 vult
1152 913 1296 964 enim
1324 914 1428 969 illis
1463 919 1891 978 misericordiam
1918 943 2041 982 rur-

460 1001 554 1041 sus
600 988 854 1058 impendi.
889 993 1150 1052 Potentiae
1183 1015 1318 1070 opus
1344 1003 1447 1059 hoc
1474 1019 1578 1069 est.
1612 1021 1668 1066 et
1707 1014 1758 1067 in
1803 1030 2040 1083 praesens

462 1077 673 1133 salvare
695 1097 888 1150 pOSse,
925 1095 977 1140 et
1007 1101 1254 1156 posteros
1302 1098 1511 1163 punire.
1555 1104 1719 1169 Quasi
1757 1106 1968 1164 diceret
2012 1130 2028 1167 :

461 1168 562 1232 Qui
589 1182 740 1238 potes
775 1173 912 1230 ﬁlios
945 1180 1231 1249 castigare,
1271 1186 1406 1242 alios
1433 1207 1565 1247 vero
1615 1210 1681 1249 ex
1729 1202 2039 1269 progenito-

460 1259 611 1315 ribus
656 1264 889 1321 salvare.
925 1267 1104 1336 Quare
1133 1273 1246 1329 ait:
1299 1274 1516 1336 Nullum
1551 1284 1644 1338 tibi
1671 1259 1893 1344 ve‘rbu‘in
1934 1294 2041 1347 erit

463 1352 810 1421 impossibile,
836 1358 949 1412 sive
1003 1362 1171 1418 libeat
1209 1366 1483 1438 misereri,
1524 1374 1639 1431 sive
1668 1378 1883 1448 punire,
1918 1382 2036 1439 sive

461 1443 528 1496 ad
551 1442 768 1515 longum
820 1456 1054 1518 tempus.

533 1531 695 1590 Vsus.
729 1537 816 1592 l9.
848 1538 988 1594 Deus
1024 1559 1231 1615 magne.

525 1625 677 1691 Quod
736 1631 876 1699 apud
925 1634 1172 1694 homines
1215 1641 1444 1699 divisum
1496 1656 1618 1715 est,
1651 1651 1923 1721 sapientia
1981 1664 2037 1710 et

456 1719 716 1786 potentia.

529 1807 684 1863 Oculi
708 1813 807 1867 tui.

529 1895 593 1952 Et
629 1908 775 1956 recte
801 1903 960 1973 dixit,
1014 1909 1186 1977 aperti
1233 1921 1360 1967 sunt
1409 1915 1555 1971 omni
1603 1927 1866 1990 tempore,
1898 1940 2038 1978 nun-

456 2002 620 2056 quam
651 2007 744 2047 eos
796 1995 1042 2065 claudis;
1100 2001 1290 2058 oculus
1339 2005 1488 2076 vigil,
1525 2010 1615 2075 qui
1649 2011 1794 2067 nullo
1843 2030 2036 2084 sopore

453 2081 775 2151 corripitur.
819 2086 932 2141 Non
968 2099 1149 2158 potest
1189 2095 1478 2164 quisquam
1527 2101 1733 2168 dicere,
1763 2105 1948 2160 videre
1984 2116 2036 2160 te

454 2170 694 2238 quidem,
719 2176 814 2228 sed
845 2191 950 2230 non
977 2182 1300 2239 retribuere.
1333 2185 1446 2242 lloc
1490 2191 1654 2245 etiam
1687 2194 1739 2248 in
1793 2195 2030 2250 homini-

458 2258 560 2314 bus
609 2272 713 2330 est,
745 2281 852 2320 non
885 2277 1064 2324 tamen
1109 2273 1181 2326 ita
1245 2276 1298 2329 in
1351 2287 1438 2346 te;
1465 2283 1558 2337 sed
1591 2284 1732 2340 oculi
1766 2288 1842 2342 tui
1871 2303 2034 2357 super

453 2365 646 2408 omnes
675 2355 822 2419 vias,
856 2359 1021 2414 etiam
1065 2365 1328 2421 occultas.

527 2439 693 2499 Vens.
718 2446 808 2503 9.0.
837 2451 940 2514 Qui
970 2455 1161 2520 fecisti.

523 2531 592 2586 Et
621 2535 721 2590 hoc
743 2540 977 2608 virtutis,
1003 2555 1057 2601 et
1079 2547 1324 2616 iustitiae,
1358 2561 1414 2607 et
1440 2553 1681 2623 pietatis,
1709 2566 1766 2613 et
1790 2561 2033 2618 scientiae

455 2636 508 2692 οι
531 2640 592 2677 us
623 2635 724 2680 est.

529 2715 686 2771 Vsus.
719 2719 810 2774 25.
853 2721 918 2776 Et
957 2739 1059 2779 non
1100 2729 1389 2785 audierunt
1421 2749 1595 2789 uocem
1647 2748 1816 2795 tuam.

520 2807 588 2862 Et
642 2809 823 2867 fecisti
863 2823 920 2868 ut
970 2820 1255 2876 evenirent
1316 2822 1422 2879 illis
1466 2827 1648 2883 omnia
1694 2831 1838 2889 mala
1892 2833 2030 2890 haec.

525 2983 690 3041 Vnus.
719 2987 810 3045 24.
843 2991 980 3049 Ecce
1005 2998 1179 3053 turba.

524 3071 810 3143 Reliquum
841 3091 1026 3148 petere
1055 3103 1160 3141 non
1193 3093 1391 3162 audet,
1435 3098 1529 3153 sed
1589 3106 1904 3162 memoriam
1942 3126 2028 3165 re-

455 3163 591 3232 petit
613 3179 800 3220 eorum
839 3186 961 3240 qua:
1013 3176 1144 3231 olim
1175 3196 1274 3248 pro
1297 3187 1497 3251 popqu
1526 3190 1668 3247 facta
1706 3207 1854 3254 sunt.
1889 3163 2030 3267 Quid

454 3253 632 3308 dicam
666 3272 769 3312 non
799 3260 1006 3332 habeo;
1035 3271 1178 3335 quod
1216 3276 1483 3333 mandasti
1514 3279 1640 3348 feci,
1677 3285 1806 3343 licet
1832 3291 2026 3349 civitas

451 3344 755 3410 captivitati
805 3353 1069 3408 tradatur.

519 3432 719 3490 ‘Vstts.
747 3437 840 3491 24.
881 3441 947 3494 Ει
986 3444 1181 3512 factum
1207 3460 1284 3505 est
1309 3455 1521 3512 verbum
1567 3459 1783 3518 Domini
1834 3469 1904 3522 ad
1948 3486 2030 3524 me

449 3524 661 3584 dicens:
691 3530 806 3602 Ego
825 3532 1080 3593 Dominus
1106 3540 1246 3597 Deus
1274 3550 1527 3605 universa:
1556 3556 1758 3621 carnis,
1789 3564 2025 3630 nunquid

448 3631 482 3668 a
533 3634 616 3673 me
659 3621 1010 3681 abscondetur
1056 3648 1206 3688 omne
1239 3638 1449 3693 uerbum
1475 3644 1502 3698 Σ)

514 3707 762 3767 Praedicit
785 3730 970 3784 postea
1007 3720 1249 3780 civitatis
1281 3729 1578 3800 excidium,
1621 3745 1677 3791 et
1717 3742 2026 3798 revocatio-

450 3812 572 3851 nem
593 3803 795 3870 subdit,
829 3807 928 3862 hoc
951 3814 1222 3880 pr0pltette
1248 3816 1551 3889 insinuans,
1580 3824 1780 3883 frustra
1809 3845 1932 3887 eum
1968 3833 2022 3888 in

450 3901 737 3945 maerorem
769 3895 1066 3967 delapsum,
1100 3906 1243 3972 quod
1294 3923 1482 3979 agrum
1511 3919 1755 3974 emisset.
1807 3923 2021 3980 Etenim

445 3985 569 4026 cum
595 3979 939 4039 exactissime
967 4001 1182 4044 nossem
1212 4009 1332 4063 quae
1362 4011 1484 4067 post
1527 4003 1643 4059 haec
1687 4007 1869 4067 futura
1931 4027 2020 4069 es-

447 4072 592 4130 sent,
651 4074 1044 4132 revocationem
1096 4084 1367 4150 pollicitus
1415 4106 1634 4157 sum,et
1662 4109 1870 4155 certum
1921 4105 2019 4162 tibi

449 4167 628 4209 rerum
665 4157 965 4220 futurarum
1004 4169 1214 4236 signum
1243 4190 1363 4231 esse
1388 4189 1638 4246 poterunt
1667 4202 1754 4242 res
1779 4205 2020 4258 praesen-

453 4255 552 4299 tes.
586 4247 703 4302 Dixi
730 4266 962 4324 namque
987 4259 1261 4318 civitatem
1285 4269 1658 4337 expilandam,
1697 4286 1754 4330 et
1777 4247 2015 4350 expilata

1244 243 1814 313 SUPPLEMENTUM
1852 257 1944 312 AD
1985 260 2044 320 S.
2075 260 2132 319 ‘J.
2173 263 2669 324 CHRYSOSTOSH
2708 267 2951 324 OPERA.

2074 391 2124 447 Α
2226 382 2288 436 '0
2311 383 2425 449 ὢν,
2436 385 2632 452 Κύριε.

3628 278 3737 338 988

2218 475 2332 544 υὺχ
2363 477 2552 540 ἁπλῶς
2587 476 3035 546 ἐπισημαίνεται,
3063 479 3154 531 καί
3185 497 3372 551 φησιν·
3402 483 3466 535 '0
3494 482 3602 550 ὢν,
3629 488 3734 540 Δε-

2145 565 2374 632 σπότα,
2405 569 2600 635 Κύριε.
2629 570 2742 622 Οὐκ
2765 569 2914 622 ἐστιν
2937 571 3134 635 εἰπεῖν,
3166 570 3249 624 ὄτι
3289 573 3694 644 παρελεύσεται
3713 593 3729 609 ·

2143 657 2365 712 δύνασαι
2397 661 2505 726 ἀεὶ,
2537 661 2624 714 ἀεὶ
2651 662 2760 732 γὰρ
2792 661 2997 734 Κύριος
3029 658 3098 716 εἶ.
3131 663 3347 718 Οὐκοῦν
3372 671 3620 738 κρατεῖς.

2210 749 2320 803 Kal
2354 751 2700 818 ἀποδιδούς.

2213 843 2289 895 Οὐ
2320 843 2489 912 λέγει,
2515 844 2613 897 ἐπὶ
2641 845 2757 910 τὴν
2785 846 2990 913 τρίτην
3026 846 3125 900 καὶ
3162 847 3450 940 τετάρτην
3487 855 3730 921 γενεὰν,
3806 938 3808 940 ν

2141 930 2279 985 ἀλλὰ
2311 931 2470 986 τοῦτο
2517 936 2665 1005 σιγᾷ.
2701 934 2964 989 Βούλεται
3011 941 3122 1007 γὰρ
3165 937 3368 1003 αὐτοὺς
3429 942 3730 1014 ἐλεηθῆναι

2142 1021 2326 1076 πάλιν.
2363 1023 2473 1092 Τῆς
2506 1024 2794 1094 δυνάμεως
2835 1024 2996 1078 τοῦτο
3029 1025 3194 1096 ἔργον
3236 1029 3376 1093 ἐστὶ,
3409 1029 3472 1082 τὸ
3509 1034 3603 1084 καὶ
3636 1035 3730 1086 ἐν-

2139 1112 2315 1166 ταῦθα
2361 1113 2622 1168 δύνασθαι
2670 1114 2888 1181 σώζειν,
2943 1117 3038 1170 καὶ
3102 1117 3357 1182 κολάζειν
3411 1122 3539 1185 τοὺς
3601 1126 3727 1193 μετ’

2139 1201 2400 1265 ἐκείνους.
2449 1198 2597 1266 Οἷον,
2643 1204 2726 1258 ὅτι
2776 1204 3003 1260 δύνασαι
3039 1207 3167 1270 τοὺς
3221 1208 3362 1280 μετὰ
3409 1211 3585 1266 ταῦτα
3626 1231 3728 1267 κο-

2138 1293 2322 1363 λάσαι,
2353 1298 2481 1362 τοὺς
2504 1299 2561 1353 δὲ
2589 1299 2759 1356 σῶσαι
2789 1303 2854 1354 ἐκ
2899 1303 3009 1356 τῶν
3050 1302 3356 1373 προγόνων.
3391 1305 3486 1359 Διὸ
3516 1323 3686 1376 φησιν
3706 1323 3720 1335 ·

2140 1384 2308 1438 Οὐδὲν
2347 1386 2673 1457 ἀδυνατήσει
2722 1406 2804 1442 σοι
2862 1391 3034 1462 ῥῆμα,
3073 1393 3178 1448 κᾶν
3203 1393 3426 1465 ἐλεῆσαι
3458 1394 3580 1467 δέῃ,
3614 1396 3725 1451 κᾶν

2137 1470 2390 1537 κολάσαι,
2422 1474 2526 1528 κᾶν
2552 1477 2644 1530 ἐπὶ
2669 1479 2864 1548 χρόνον
2895 1480 3090 1536 πολύν.

2221 1561 2283 1614 '0
2318 1563 2463 1631 Θεὸς
2485 1565 2697 1636 μέγας.

2211 1651 2389 1724 Ὅπερ
2434 1657 2559 1708 καθ’
2608 1659 2770 1711 ἑαυτὸ
2814 1660 3226 1732 κεχωρισμένον
3269 1662 3388 1715 ἐστὶ
3419 1664 3577 1736 παρὰ
3622 1666 3723 1720 ἀν-

2066 1736 2110 1791 Β
2139 1740 2400 1812 Θρώποις,
2436 1745 2600 1818 σοφίᾳ
2631 1751 2726 1802 καὶ
2755 1749 3008 1822 δυνάμει.

2209 1835 2274 1886 Ol
2297 1834 2595 1905 ὀφθαλμοί
2621 1854 2757 1892 σου.

2209 1924 2320 1977 Καὶ
2355 1925 2539 1990 καλῶς
2569 1924 2746 1992 εἶπεν,
2782 1930 3162 2002 Ἀνεῳγμένοι,
3183 1933 3272 1987 διὰ
3301 1936 3502 2000 παντός
3533 1939 3676 1992 εἰσιν
3699 1954 3716 1970 ο

2133 2015 2258 2069 οὐδέ
2284 2033 2417 2069 ποτε
2445 2018 2644 2082 αὐτοὺς
2669 2020 2828 2090 μύεις
2849 2040 2862 2052 ο
2913 2023 3194 2093 ἄγρυπνος
3227 2026 3529 2097 ὀφθαλμὸς,
3557 2031 3716 2082 ἀκοί-

2137 2125 2306 2176 μητον
2325 2109 2500 2179 ὄμμα.
2527 2110 2639 2163 Οὐκ
2670 2110 2884 2180 ἔχειτις
2914 2114 3111 2178 εἰπεῖν,
3141 2118 3224 2171 ὅτι
3263 2117 3427 2188 Ὁρᾷς
3462 2119 3584 2188 μὲν.
3613 2122 3714 2174 οὐκ

2133 2199 2500 2263 ἀνταποδίδως
2527 2201 2601 2255 δέ.
2637 2201 2745 2254 Καὶ
2773 2202 2905 2255 αὐτὸ
2930 2205 3046 2267 τοῖς
3073 2205 3388 2276 ἀνθρώποις
3423 2209 3710 2279 πάρεστιν,

2133 2288 2250 2342 ἀλλ’
2293 2289 2392 2360 οὐχ
2415 2289 2590 2354 οὕτως
2619 2292 2712 2346 ἐπὶ
2731 2291 2847 2358 σοῦ,
2887 2294 3002 2346 ἀλλ’
3027 2297 3109 2358 εἰς
3145 2297 3326 2361 πάσας
3351 2296 3451 2363 τὰς
3479 2300 3635 2364 ὁδοὺς
3661 2302 3713 2354 οἱ

2132 2377 2404 2448 ὀφθαλμοί
2433 2397 2552 2444 σου,
2581 2381 2798 2446 καὶτὰς
2827 2383 3220 2450 λανθανούσας.

2211 2469 2315 2534 Ὃς
2337 2468 2651 2538 ἐποίησας.

2201 2559 2310 2610 Καὶ
2334 2557 2496 2613 τοῦτο
2524 2561 2832 2632 δυνάμεως,
2867 2564 2962 2617 καὶ
2991 2564 3361 2640 δικαιοσύνης,
3396 2569 3492 2623 καὶ
3517 2571 3713 2638 φιλαν-

2133 2647 2400 2716 θρωπίας,
2432 2652 2524 2704 καὶ
2553 2651 2810 2716 γνώσεως
2845 2654 3008 2726 ἔργον
3039 2656 3180 2712 ἐστί.

2201 2740 2311 2793 Kal
2340 2743 2450 2794 οὐκ
2472 2740 2748 2810 ἤκουσαν
2779 2745 2889 2813 τῆς
2913 2746 3119 2816 φωνῆς
3147 2763 3286 2804 σου.

2203 2832 2312 2883 Καὶ
2341 2833 2604 2903 ἐποίησας
2635 2835 2914 2908 συμϐῆναι
2963 2840 3151 2904 αὐτοῖς
3198 2842 3418 2896 ἅπαντα
3465 2843 3537 2898 τὰ
3565 2846 3713 2899 κακὰ

2133 2939 2330 2976 ταυτα.

2215 3013 2372 3068 Ἰδοὺ
2399 3015 2606 3082 ὄχλος.

2205 3105 2278 3158 Οὐ
2313 3106 2488 3177 τολμᾷ
2531 3106 2592 3160 τὸ
2621 3105 2808 3162 λοιπὸν
2842 3110 3090 3180 αίτῆσαι,
3127 3111 3243 3165 ἀλλ’
3299 3115 3711 3184 ἀναμιμνήσκει

2131 3194 2240 3248 τῶν
2269 3198 2554 3266 προτέρων
2585 3198 2727 3270 ὑπὲρ
2756 3199 2850 3254 τοῦ
2895 3199 3029 3255 λαοῦ
3076 3204 3410 3274 γενομένων.
3459 3208 3576 3260 Οὐκ
3602 3207 3712 3278 ἔχω

2130 3285 2181 3337 τί
2211 3286 2386 3338 εἴπω·
2422 3287 2561 3340 ἀλλὰ
2601 3289 2664 3342 τὸ
2709 3291 3004 3362 ἐπιταχθὲν
3053 3294 3311 3366 ἐποίησα,
3361 3296 3455 3350 καί
3484 3314 3571 3350 τοι
3612 3299 3708 3368 τῆς

2129 3375 2337 3440 πόλεως
2365 3377 2622 3449 ἁλούσης.

2202 3470 2218 3488 ⁸
2253 3467 2364 3522 Kal
2408 3469 2646 3538 ἐγένετο
2680 3473 2866 3542 λόγος
2898 3475 3123 3543 Κυρίου
3167 3478 3318 3546 πρός
3363 3495 3440 3549 με
3477 3479 3702 3551 λέγων’

2141 3553 2288 3625 Ἐγὼ
2311 3556 2523 3624 Κύριος
2554 3561 2588 3612 ό
2617 3560 2760 3626 Θεὸς
2785 3561 2988 3631 πάσης
3013 3565 3260 3633 σαρκὸς,
3299 3566 3386 3637 μὴ
3429 3569 3532 3624 ἀπ’
3560 3571 3705 3642 ἐμοῦ

2126 3646 2487 3716 προϐήσεται
2515 3649 2633 3716 πᾶς
2660 3653 2866 3722 λόγος.

2196 3735 2330 3792 Εἶτα
2383 3740 2641 3810 προλέγει
2689 3743 2787 3812 τῆς
2831 3745 3042 3810 πόλεως
3071 3747 3169 3818 τὴν
3204 3749 3431 3817 ἅλωσιν,
3462 3753 3561 3808 καὶ
3605 3755 3704 3827 τὴν

2124 3831 2421 3901 ἀνάκλησιν
2456 3833 2654 3903 ἐπάγει
2672 3851 2686 3866 ο
2715 3835 2875 3888 τοῦτο
2907 3837 3080 3906 λέγων
3112 3842 3249 3911 πρὸς
3276 3844 3368 3898 τὸν
3393 3849 3702 3917 προφήτην,

2123 3920 2203 3974 ὅτι
2232 3922 2428 3993 Μάτην
2459 3924 2541 3986 είς
2570 3926 2728 3982 ἀνίαν
2754 3928 3030 4000 κατέστης
3060 3931 3362 4002 πριάμενος
3392 3935 3485 3988 τὸν
3512 3938 3698 4009 ἀγρόν.

2135 4012 2400 4082 Ἀκριόὦς
2416 4013 2524 4086 γὰρ
2547 4015 2616 4068 τὰ
2644 4016 2784 4086 μετὰ
2803 4018 2977 4073 ταῦτα
2996 4022 3229 4090 ἐσόμενα
3255 4023 3429 4090 εἰδὼς,
3456 4025 3555 4097 τὴν
3572 4029 3702 4081 dva-

2120 4101 2313 4168 κλησιν
2346 4105 2686 4178 ὑπεσχόμην.
2730 4109 2963 4179 Σημεῖον
2990 4111 3048 4164 δὲ
3083 4112 3227 4167 ἔστω
3265 4131 3350 4167 σοι
3381 4117 3484 4185 τῆς
3535 4121 3699 4188 ἀκρι-

2121 4193 2272 4257 ϐείας
2303 4195 2397 4248 τοῦ
2430 4195 2720 4265 μέλλοντος
2751 4199 2822 4252 τὰ
2869 4201 3112 4271 παρόντα
3169 4203 3377 4269 αὐτοῖς.
3448 4206 3538 4266 Ὠς
3592 4207 3699 4276 γὰρ

2121 4285 2216 4338 νῦν
2254 4285 2389 4357 ἔφην
2434 4287 2741 4344 ἁλώσεσθαι
2784 4291 2884 4362 τὴν
2930 4293 3106 4358 πόλιν,
3138 4297 3233 4348 καί
3265 4296 3463 4365 γέγονε
3511 4300 3691 4353 τοῦτο·

440 4345 546 4394 est.
573 4339 664 4396 Sic
686 4354 738 4396 et
756 4351 1153 4408 revocationem
1173 4361 1455 4430 annuntio,
1473 4365 1724 4437 quodque
1740 4371 2014 4441 polliceor.

2153 4339 2307 4441 ὒτως⁸
2329 4339 2522 4449 μηνύω
2839 4339 3172 4456 ανάκλησνιν,
3223 4339 3319 4440 κᾶι
3345 4343 3553 4445 Ῐτελέσω
3601 4389 3698 4461 τὴν

440 4441 503 4480 τε
538 4428 650 4498 ipsa
675 4441 957 4500 prtestabo.

2122 4468 2436 4539 ὑπόσχεσιν.

2191 4561 2340 4630 Ἐγὼ
2363 4564 2599 4630 Κύριος.

2200 4649 2383 4722 Ὁρᾷς,
2411 4654 2494 4707 ὃτι
2540 4654 2703 4710 τοῦτο
2730 4656 2893 4710 αὐτὸν
2919 4657 3094 4727 ὴξίου,
3135 4659 3277 4716 ὥστε
3315 4663 3392 4734 μὴ
3426 4663 3695 4735 παραδοῦ-

1989 4766 2017 4779 -
2116 4759 2206 4796 ναι
2235 4743 2332 4814 τὴν
2351 4744 2505 4798 πόλιν
2529 4763 2544 4812 ;
2577 4747 2606 4797 ὁ
2627 4747 2682 4799 δὲ
2707 4751 2987 4820 μονονουχὶ
3013 4752 3474 4822 ἀπολογούμενος,
3504 4757 3602 4809 καὶ
3629 4758 3695 4809 τὰ

1879 4829 2016 4886 itur.
2115 4834 2491 4906 ἁμαρτήματα
2519 4837 2669 4906 λέγει
2699 4839 2808 4892 τῶν
2840 4841 3022 4896 τόπων
3049 4844 3158 4897 τῶν
3186 4845 3500 4914 μελλόντων
3525 4863 3695 4900 κατα-

509 4976 674 5036 Vsus.
709 4983 798 5038 50.
831 4985 970 5051 Quia
1000 4990 1238 5058 fuerunt.
1306 5010 1310 5014 '

506 5071 622 5137 llla,
653 5075 747 5137 ait,
788 5093 909 5146 qua:
937 5082 1003 5136 ad
1033 5100 1118 5139 mc
1147 5090 1485 5159 spectabant,
1512 5093 1613 5151 feci
1635 5136 1650 5162 ,
1681 5099 1865 5168 docui,
1892 5118 2017 5160 eru-

433 5162 570 5219 divi.
602 5169 674 5222 At
705 5169 778 5224 illi
811 5171 863 5226 in
901 5177 1164 5232 malitiam
1199 5181 1335 5250 lapsi
1369 5197 1517 5240 sunt.
1549 5162 1919 5250 Ostenderu'nt
1953 5213 2012 5252 se

431 5257 592 5324 quasi
624 5261 970 5323 aemulatione
998 5271 1230 5339 quadam
1270 5274 1386 5331 haec
1417 5276 1636 5346 fecisse,
1666 5298 1789 5341 aras
1817 5301 2010 5343 erexe-

437 5361 565 5405 runt
604 5352 658 5407 in
710 5357 908 5428 templo
944 5376 1101 5429 meo;
1149 5378 1205 5420 et
1247 5379 1445 5424 caetera
1493 5374 1675 5429 omnia
1716 5379 2009 5447 audebant,

431 5449 490 5493 et
535 5443 672 5500 tilios
704 5449 1141 5523 combusscrunt,
1192 5467 1247 5512 et
1291 5470 1542 5518 naturam
1589 5464 1761 5534 ipsam
1797 5469 2014 5540 ignora-

435 5542 583 5585 "IIII.

511 5620 671 5678 Vens.
704 5629 791 5682 56.
831 5629 894 5684 Et
923 5651 1059 5689 mmo
1083 5640 1159 5694 sic
1182 5642 1318 5697 dixit
1349 5644 1626 5703 Dominus.

2117 4926 2390 4990 καίεσθαι,
2413 4929 2508 4982 καὶ
2531 4929 2630 5001 τὴν
2663 4931 2865 4986 αἰτίαν.

2187 5020 2310 5073 Ὅτι
2343 5017 2527 5091 ἦσαν.

2185 5111 2268 5165 Τὰ
2293 5114 2423 5185 παρ’
2447 5113 2684 5185 ἐμαυτοῦ
2717 5116 2896 5172 πάντα
2929 5118 3182 5190 ἐποίησα,
3229 5123 3417 5193 φησὶν,
3451 5124 3692 5190 ἐδίδαξα,

2115 5203 2412 5257 ἐπαίδευσα
2433 5221 2446 5234 ·
2483 5206 2534 5258 oi
2559 5206 2613 5259 δὲ
2642 5209 2722 5270 είς
2755 5209 2957 5261 κακίαν
2985 5208 3300 5273 ἐξώκειλαν.
3337 5211 3594 5280 Ἔδειξαν
3614 5216 3692 5268 ὅτι

2114 5295 2691 5366 προσφιλονεικοῦντες
2715 5299 2888 5353 ταῦτα
2917 5301 3161 5356 ἐποίουν.
3196 5303 3427 5372 Βωμοὺς
3450 5304 3690 5376 ἔστησαν

2113 5387 2172 5438 ὲν
2198 5386 2275 5457 τῷ
2308 5387 2420 5458 ναῷ
2446 5405 2579 5455 μου’
2608 5389 2707 5443 καὶ
2737 5390 2806 5443 τὰ
2839 5392 2974 5446 ἄλλα
2998 5393 3057 5446 δὲ
3091 5393 3270 5449 πάντα
3295 5396 3564 5467 ἐτόλμων,
3599 5399 3691 5451 καὶ

2112 5478 2240 5540 τοὺς
2307 5481 2456 5544 υἱοὺς
2517 5481 2899 5550 κατέκαυσαν,
2955 5487 3052 5539 καὶ
3116 5487 3288 5559 αὐτὴν
3356 5489 3459 5560 τὴν
3529 5490 3692 5559 φύσιν

2114 5568 2285 5637 ἡγνόη
2294 5586 2390 5621 σαν
2400 5612 2415 5624 .

2182 5657 2290 5712 Καὶ
2321 5659 2439 5714 νῦι¹
2463 5662 2651 5729 οὕτως
2676 5664 2804 5719 εἶπε
2825 5666 3055 5735 Κύριος.
