4004 6156
293 321 404 377 989

1401 319 1823 376 FRAGMENTA
1861 317 1927 374 IN
1959 317 2329 375 JERElIIAM.

3464 325 3576 381 990

384 438 528 508 Ἐγὼ
557 438 890 512 παραδώσω,
946 441 1042 494 καὶ
1092 440 1293 494 ἁνοίσω
1351 439 1572 504 αὐτούς.
1611 440 1722 493 Kal
1768 439 1880 508 βίον

2058 439 2168 508 Ego
2204 439 2438 505 tradam,
2471 445 2526 491 et
2558 451 2658 508 ego
2690 452 2783 492 eos
2817 437 3092 493 reducam.
3127 437 3192 492 Et
3225 440 3575 496 admirabilia.

297 531 614 601 θαυμαστὸν
653 531 1035 586 ἐπιδείκνυται
1079 532 1284 597 αὐτοῖς,
1342 535 1439 586 καὶ
1480 531 1710 603 καρδίαν
1758 531 1881 584 Θεο-

297 623 456 695 φιλῆ,
481 625 618 694 ὅπερ
649 624 740 678 ἀεὶ
776 625 925 693 λέγει
975 624 1072 678 καὶ
1105 623 1375 694 διαθήκην
1425 623 1664 677 αἰώνιον.
1695 622 1882 676 Ταῦτα

297 716 452 780 τέλος
497 717 741 787 εἴληφεν.
801 716 866 770 Ei
901 715 960 770 δὲ
1009 716 1110 770 οὐκ
1140 715 1324 782 ἔλασε,
1366 715 1498 769 πότε
1543 715 1718 780 ἔσται,
1758 713 1883 768 εἰπέ

302 823 393 877 μοι
411 822 427 870 ;

369 898 387 917 '
415 895 522 950 Kal
554 894 839 963 κτήσεται
881 893 1098 964 ἀγροὺς
1132 893 1204 947 ἐν
1231 893 1512 962 ἀργυρίῳ,
1537 894 1637 948 καὶ
1663 893 1885 962 maid/'8-

297 1003 396 1041 ται
421 987 493 1040 ἐν
514 986 750 1053 βιϐλίῳ,
795 986 893 1040 καὶ
937 985 1485 1054 σφραγισθήσεται,
1511 984 1610 1038 καὶ
1640 985 1886 1054 διαμαρ-

298 1079 560 1148 τυρεῒται
586 1078 913 1147 μαρτυρίας
938 1077 1009 1130 ἐν
1047 1075 1123 1145 τῇ
1160 1077 1468 1146 Βενιαμίν,
1509 1075 1607 1130 καὶ
1647 1077 1884 1130 κύκλω-

301 1174 408 1225 θεν
456 1168 881 1238 Ἰερουσαλὴμ,
914 1167 1009 1220 καὶ
1045 1168 1114 1221 ἐν
1139 1168 1403 1222 πόλεσιν
1432 1166 1651 1234 Ἰούδα,
1693 1167 1791 1221 καί
1815 1167 1886 1220 ἐν

301 1265 523 1317 πόλεσι
549 1260 656 1315 τοῦ
683 1260 880 1328 ὄρους,
908 1258 1009 1312 καὶ
1032 1259 1103 1312 ἐν
1127 1259 1347 1312 πόλεσι
1379 1256 1490 1324 τῆς
1518 1255 1764 1326 Σεφιλᾶ,
1786 1256 1886 1310 καὶ

300 1355 371 1407 ἐν
400 1355 622 1408 πόλεσι
653 1349 762 1419 τῆς
788 1351 1000 1420 Νοτὲϐ,
1051 1351 1143 1405 ὅτι
1177 1349 1542 1420 ἁποστρέψω
1574 1350 1684 1416 τὰς
1717 1351 1888 1405 ἀποι-

301 1447 439 1510 κίας
467 1441 687 1506 αὐτῶν,
725 1443 880 1511 φησι
913 1443 1153 1510 Κύριος.

380 1539 479 1589 Ὃν
500 1536 609 1606 γὰρ
635 1535 837 1606 τρόπον
863 1535 1082 1603 ἐκτήσω
1110 1534 1175 1587 σὺ
1210 1533 1306 1588 νῦν
1340 1533 1648 1603 ἀσφάλειαν
1680 1535 1746 1605 τῇ
1776 1533 1876 1604 τῆς

301 1626 475 1695 νομῆς
505 1624 802 1694 παραδόσει
824 1623 1220 1693 ποιησάμενος,
1244 1621 1420 1685 οὕτως
1449 1621 1602 1674 ἐσται
1633 1623 1729 1675 καὶ
1749 1621 1888 1691 μετὰ

301 1715 404 1788 τὴν
432 1716 710 1770 ἐπάνοδον.
743 1715 817 1767 Τδ
839 1714 900 1767 δέ
929 1714 998 1768 ὲν
1022 1715 1243 1768 πόλεσι
1278 1711 1392 1781 τῆς
1418 1711 1615 1782 Νογέϐ
1631 1711 1890 1765 ἀποκλεί-

1986 531 2110 603 t'itae
2138 531 2382 586 instituta
2412 530 2515 584 illis
2542 530 2803 595 ostendit,
2829 541 2885 585 et
2912 545 3008 584 cor
3037 531 3128 584 Dei
3164 545 3354 586 amans
3378 573 3394 598 ,
3424 521 3604 602 quocf

1984 635 2202 690 semper
2225 620 2485 685 inculcat,
2507 629 2563 674 et
2588 629 2976 674 testamentum
3003 622 3418 688 sempiternum.
3442 621 3575 675 Haec

1987 715 2147 770 tinem
2174 724 2330 769 nacta
2363 724 2511 768 sunt.
2541 712 2639 766 Sin
2669 713 2870 777 minus,
2894 714 3112 782 quando
3138 725 3319 777 erunt,
3345 715 3568 783 quwso?

2057 896 2076 914 '
2112 893 2277 950 Vsus.
2308 895 2400 949 44.
2428 894 2490 949 Et
2513 894 2796 964 possidebit
2828 911 2983 964 agros
3013 895 3068 948 in
3096 905 3333 965 argento,
3355 903 3406 950 et
3435 897 3569 950 scri-

1985 985 2063 1040 bet
2085 987 2140 1040 in
2168 988 2323 1053 libro,
2350 996 2401 1040 et
2431 987 2723 1056 obsignabit
2741 1026 2756 1052 ,
2782 999 2830 1040 et
2860 988 3235 1040 contestabitur
3265 989 3567 1042 testimonia

1989 1082 2042 1131 in
2069 1078 2370 1146 Benjamin,
2403 1089 2450 1130 et
2478 1078 2533 1132 in
2571 1079 2870 1132 civitatibus
2890 1078 3058 1144 Juda,
3100 1090 3148 1133 et
3177 1081 3230 1133 in
3264 1081 3565 1136 civitatibus

1987 1170 2200 1234 montis,
2227 1178 2275 1220 et
2299 1170 2353 1221 in
2385 1171 2684 1223 civitatibus
2711 1169 2946 1238 Sep/tila,
2966 1182 3010 1224 et
3034 1172 3086 1224 in
3118 1172 3412 1227 civitatibus
3445 1167 3566 1226 No-

1985 1260 2102 1329 geb,
2139 1261 2262 1328 quia
2290 1262 2461 1315 redire
2484 1261 2680 1329 faciam
2717 1262 3210 1332 trausmigratioms
3243 1277 3422 1316 eorum
3445 1303 3462 1330 ,
3489 1265 3566 1316 ait

1987 1349 2266 1406 Dominus.

2058 1532 2174 1601 Qua
2203 1535 2348 1588 enim
2382 1535 2613 1598 ratione,
2646 1533 3011 1603 possessionis
3041 1533 3392 1589 securitatem
3420 1532 3567 1588 obti-

1990 1625 2188 1690 nuisti,
2225 1623 2461 1694 juridica
2510 1624 2801 1678 traditione
2857 1638 2977 1678 eam
3017 1625 3328 1688 stabiliens,
3377 1626 3568 1679 eadem

1989 1716 2115 1776 erit,
2151 1725 2208 1770 et
2245 1723 2371 1784 post
2408 1715 2663 1769 reditum.
2695 1714 2831 1769 Illud
2860 1731 2991 1772 vero
3029 1717 3087 1770 in
3119 1716 3415 1791 Civitatibus
3461 1716 3571 1770 No-

307 1826 515 1882 σματος
536 1809 627 1861 τὸν
648 1808 814 1861 τόπον
839 1807 1102 1876 ἐμήνυσε,
1124 1804 1433 1868 τουτέστιν,
1464 1805 1524 1856 ἐν
1547 1805 1672 1867 ταῖς
1695 1803 1884 1856 πόλεσι

2005 1806 2111 1872 ιώ,
2137 1805 2377 1860 carceris
2400 1803 2578 1859 locum
2605 1807 2886 1872 indicavit,
2905 1807 3006 1861 hoc
3031 1817 3116 1862 est
3147 1809 3198 1862 in
3255 1807 3568 1864 civitatibus

304 1902 426 1963 ταῖς
455 1898 596 1970 πρὸς
639 1898 818 1964 νότον,
865 1897 954 1952 ἵνα
1003 1898 1158 1969 εἴπῃ,
1189 1894 1469 1966 πανταχοῦ
1512 1894 1611 1966 τῆς
1644 1895 1751 1964 γῆς
1784 1893 1888 1962 τῆς

305 1991 664 2062 ἐπαγγελίας.

902 2100 1154 2154 ΚΕΦΑΛ.
1195 2099 1319 2154 AI".

383 2217 492 2271 Kal
527 2212 756 2283 κράξον
776 2213 927 2281 πρός
945 2229 1042 2282 με.

385 2310 552 2377 Ὅρα,
584 2307 702 2369 πῶς
753 2304 1003 2374 βούλεται
1048 2301 1331 2356 οίκειῶσαι
1355 2301 1443 2355 διὰ
1471 2302 1572 2372 τῆς
1601 2301 1768 2372 εὐχῆς
1801 2301 1891 2355 τὸν

313 2400 638 2470 προφήτην;
690 2395 844 2449 Ἐπεὶ
872 2394 970 2446 καὶ
995 2394 1238 2462 Μωῡσῆς
1261 2391 1394 2446 αὐτὸ
1413 2391 1608 2456 ἔπαθε,
1629 2393 1806 2460 λέγων
1833 2394 1892 2445 ἐν

307 2493 434 2551 ταῖς
463 2485 824 2555 ἐπαγγελίαις
847 2501 862 2516 ο
893 2482 1029 2549 Πῶς
1057 2482 1232 2536 τοῦτο
1248 2499 1268 2546 ;
1287 2482 1374 2551 μὴ
1405 2483 1471 2535 τὸ
1502 2482 1660 2550 ὄψον
1681 2481 1894 2548 δώσεις

307 2581 518 2645 αὐτοῖς
559 2576 668 2644 τῆς
709 2574 1051 2640 θαλάσσης,
1092 2574 1189 2626 καὶ
1222 2573 1409 2640 βόας,
1470 2574 1569 2627 καὶ
1626 2575 1894 2641 πρόϐατα

309 2673 521 2735 θύσεις
581 2665 828 2731 αὑτοῖς;
859 2665 921 2717 El
965 2664 1076 2734 γὰρ
1116 2664 1211 2716 καὶ
1273 2664 1505 2734 μεγάλοι
1557 2658 1723 2734 ἦσαν,
1775 2662 1893 2717 ἀλλ’

307 2763 462 2832 ὅμως
490 2759 742 2831 ἠγνόουν.

382 2853 508 2905 Ὅτι
552 2850 743 2914 οὕτως
789 2843 920 2903 εἷπε
962 2847 1174 2915 Κύριος
1208 2848 1240 2899 ὀ
1293 2845 1438 2912 Θεὸς
1474 2842 1728 2915 Ἰσραὴλ
1757 2845 1894 2914 περι

311 2941 524 2998 οὶκιῶν
548 2939 658 3008 τῆς
691 2940 946 3004 πόλεως,
969 2938 1064 2991 καὶ
1091 2936 1161 2990 τὰ
1190 2937 1338 3006 ἑξῆς.

396 3029 622 3101 Ἐπειδὴ
681 3029 893 3083 ἐδέδετο
922 3030 952 3082 ό
1017 3027 1289 3098 Ἱερεμίας
1325 3026 1400 3090 ὡς
1448 3025 1755 3097 δύσφημος,
1799 3025 1893 3079 καὶ

1990 1910 2110 1966 quae
2155 1896 2220 1950 ad
2259 1903 2502 1950 austrum
2533 1907 2781 1967 vergunt,
2815 1912 2880 1952 ac
2910 1899 2954 1952 si
3001 1898 3226 1965 diceret,
3261 1899 3570 1969 ubicunque

1991 1989 2044 2042 in
2077 1996 2225 2043 terra
2251 1988 2658 2058 promissionis.

2553 2100 2710 2159 CAP.
2752 2102 2995 2161 XXXIII.

2065 2214 2231 2271 νεεδ.
2264 2217 2318 2270 5.
2349 2214 2420 2270 Ει
2442 2217 2614 2271 clama
2646 2219 2714 2272 ad
2741 2237 2840 2278 me.

2063 2305 2200 2360 Vide
2223 2309 2495 2376 quomodo
2524 2309 2843 2378 prophetam
2885 2328 2981 2380 per
3010 2316 3314 2372 orationem
3341 2316 3446 2372 sibi
3475 2321 3572 2372 ad-

1991 2396 2194 2452 dictum
2247 2398 2477 2452 reddat?
2511 2399 2625 2454 Hoc
2659 2401 2798 2455 idem
2832 2411 2884 2457 et
2920 2403 3132 2475 Moyses
3163 2423 3353 2476 passus
3390 2417 3474 2464 est
3514 2409 3570 2464 in

1994 2489 2488 2557 pron‘tissionibus,
2518 2491 2706 2546 dicens
2743 2510 2756 2546 :
2795 2492 3051 2565 Nunquid
3086 2499 3251 2553 maris
3296 2505 3570 2568 opsonium

1993 2579 2144 2633 dabis
2169 2580 2296 2647 illis,
2323 2592 2370 2634 et
2407 2581 2578 2646 boves,
2611 2594 2657 2636 et
2687 2601 2876 2652 pecora
2913 2589 3080 2642 credes
3114 2589 3220 2644 illis
3242 2593 3326 2646 "?
3355 2592 3486 2648 Nam
3516 2603 3572 2650 et

1993 2668 2038 2722 si
2073 2669 2250 2740 magni
2281 2681 2462 2737 erant,
2497 2673 2817 2742 ignorabant
2853 2687 3055 2735 tamen.

2064 2847 2232 2904 Vsus.
2263 2850 2319 2905 4.
2349 2849 2488 2916 Quia
2519 2853 2597 2905 sic
2632 2853 2767 2908 dixit
2815 2855 3068 2912 Dominus
3105 2859 3244 2916 Deus
3293 2861 3467 2918 Israel
3505 2867 3570 2924 de

1993 2938 2235 2993 domibus
2271 2942 2436 3004 urbis,
2469 2951 2520 2996 et
2549 2959 2670 3012 qua:
2708 2955 3029 3015 sequuntur.

2062 3030 2330 3087 Jeremias
2358 3047 2482 3088 cum
2525 3035 2738 3092 vinctus
2773 3049 2918 3094 esset
2953 3050 3014 3095 ut
3055 3041 3216 3098 homo
3239 3043 3479 3112 infamis,
3517 3056 3572 3102 et
3669 3072 3672 3076 η

314 3120 530 3192 βασιλεῖ
577 3119 782 3173 ἅλωσιν
837 3117 1105 3181 ἀπειλῶν,
1128 3115 1358 3186 προεῖπε
1388 3115 1446 3167 δὲ
1471 3115 1574 3184 τὴν
1595 3113 1893 3184 ἀνάκλησιν

2005 3120 2092 3189 qui
2114 3121 2472 3190 perditionem
2496 3123 2607 3194 regi
2632 3126 2872 3184 minatus
2887 3141 3032 3186 esset
3079 3131 3172 3188 Dei
3191 3143 3369 3190 autem
3389 3136 3570 3207 jussu,

313 3211 460 3266 κατὰ
493 3211 832 3282 πρόσταγμα
862 3208 1026 3272 Θεοῦ,
1059 3209 1156 3260 καὶ
1185 3209 1251 3277 τῇ
1282 3205 1378 3260 τοῦ
1403 3207 1577 3278 ἀγροῦ
1609 3209 1746 3276 νομῇ
1775 3205 1894 3258 ἐϐε-

314 3304 522 3357 ϐαίωσε
554 3301 645 3354 τὸν
675 3302 862 3370 λόγον,
887 3299 1064 3360 οὐδεὶς
1101 3299 1159 3352 δὲ
1203 3300 1286 3352 ἐτι
1312 3300 1569 3370 προσεῖχε
1596 3301 1711 3363 τοῖς
1738 3298 1895 3368 λεγο-

317 3396 525 3466 μένοις,
559 3392 798 3463 οίόμενοι
826 3392 1061 3461 κολακίᾳ
1089 3391 1310 3460 μᾶλλον,
1358 3391 1392 3462 ἦ
1427 3390 1647 3460 ἀκριϐεῖ
1694 3388 1894 3459 γνώσει

313 3487 424 3540 τῶν
464 3485 769 3556 μελλόντων
799 3483 981 3552 λέγειν
1015 3483 1121 3558 ’τὸν
1162 3484 1449 3554 προφήτην
1469 3482 1667 3546 ταῦτα,
1702 3481 1894 3553 ῶσπερ

314 3581 394 3642 είς
422 3578 745 3648 ἀδημονίαν,
797 3575 894 3630 καὶ
959 3575 1292 3646 ἀμφιϐολίαν
1332 3574 1584 3629 ἐκπεσὼν
1641 3574 1892 3627 διετέλει.

315 3670 482 3739 Λέγει
503 3669 686 3724 τοίνυν
711 3667 860 3738 αὐτῷ
888 3653 917 3720 ό
944 3668 1096 3731 θεὸς,
1123 3667 1204 3720 ὅτι
1235 3667 1518 3735 Σκόπησον
1546 3665 1645 3735 τὴν
1665 3664 1897 3734 δύναμιν

316 3761 417 3832 τὴν
449 3760 609 3831 ἐμὴν,
637 3761 734 3815 καὶ
760 3760 946 3830 ὥσπερ
977 3760 1305 3830 παρήγαγον
1333 3758 1430 3828 τὴν
1453 3757 1654 3823 κτίσιν,
1687 3754 1781 3808 καὶ
1798 3754 1896 3808 τά-

321 3852 405 3918 ξιν
433 3851 678 3920 ἐπέθηκα
706 3851 843 3923 αὐτῇ
878 3850 1161 3921 προσνοῶν
1183 3849 1292 3904 τῶν
1323 3847 1647 3920 ἀνθρώπων,
1671 3847 1768 3900 καὶ
1799 3845 1896 3899 νῦν

319 3952 406 3996 σοι
434 3940 728 3996 καλέσαντι
766 3944 1076 4012 ὑπήκουσα,
1109 3939 1205 3995 καὶ
1235 3939 1488 4010 προλέγω
1513 3938 1582 3991 τὰ
1609 3938 1895 4009 μέλλοντα,

317 4036 416 4089 καὶ
446 4033 546 4106 τὴν
580 4034 848 4105 ἐσομένην
882 4032 1160 4104 εὐθηνίαν,
1201 4025 1284 4094 οἷς
1312 4031 1517 4102 ἥκιστα
1547 4032 1795 4085 άπιστεῖν
1837 4049 1896 4085 σε

317 4127 628 4198 προσήκει·
670 4126 900 4196 θαρρεῖν
944 4122 1022 4188 δὲ,
1050 4123 1126 4186 ὡς
1173 4122 1327 4176 οὐδὲν
1352 4121 1461 4176 τῶν
1490 4122 1641 4194 παρὰ
1689 4123 1781 4175 σοῦ
1811 4123 1898 4176 λε-

321 4218 572 4288 γομένων
595 4216 965 4288 ψευσθὴσεται
987 4232 1001 4246 ·
1029 4215 1343 4270 καὶεπείθων
1363 4214 1542 4268 αὐτῶν
1575 4215 1652 4279 ὡς
1681 4215 1804 4269 οὐδὲ
1829 4215 1898 4270 τὰ

316 4301 420 4379 τῆς
441 4307 822 4379 αἰχμαλωσίας
857 4307 1037 4377 μάτην
1064 4308 1324 4372 ποιεῖται,
1347 4307 1463 4360 ἀλλ’
1496 4307 1589 4361 ἐπὶ
1623 4323 1898 4378 σωφρονι-

319 4399 445 4470 σμῷ
466 4400 576 4453 τῶν
603 4397 1013 4468 κολαζομένων,
1048 4397 1243 4468 ἐπάγει
1273 4399 1411 4469 μετὰ
1439 4398 1502 4452 τὸ
1529 4398 1630 4469 τὴν
1657 4397 1898 4469 ἀνάκλη-

319 4508 405 4544 σιν
439 4507 700 4561 μηνυσαι.

391 4677 409 4695 ‘
438 4671 550 4727 Kal
600 4671 840 4743 ἐγένετο
878 4673 1063 4744 λόγος
1111 4673 1334 4742 Κυρίου
1381 4673 1532 4740 πρὸς
1607 4671 1900 4742 Ἰερεμίαν

320 4761 537 4831 λέγων,
571 4758 787 4834 Ἄρατε
813 4766 927 4819 οὐκ
962 4764 1191 4832 ᾐδέσθη
1227 4767 1260 4818 ό
1296 4763 1444 4829 λαὸς
1474 4758 1688 4829 οὗτος;
1726 4764 1900 4818 Ἐλά-

320 4857 479 4921 λησε
504 4855 731 4924 λέγων·
780 4860 851 4910 Al
883 4856 993 4910 δύο
1017 4856 1276 4924 πατριαὶ,
1327 4855 1396 4920 ἀς
1434 4855 1754 4919 ἐξελέξατο
1780 4857 1900 4910 Κύ-

313 4963 451 5012 ριος
492 4946 565 5001 ἐν
608 4947 836 5014 αὐτοῖς,
877 4948 978 5002 καὶ
1006 4948 1137 5003 ἰδοὺ
1181 4946 1465 5002 ἀπώσατο
1507 4945 1764 5011 αὐτοὺς,
1806 4947 1907 5000 καὶ

322 5036 645 5105 παρώξυνα
685 5037 794 5093 τὸν
836 5039 993 5093 λαόν
1016 5033 1142 5110 ’μου
1175 5037 1282 5092 τοῦ
1307 5038 1394 5108 μὴ
1429 5032 1582 5092 εἶναι
1619 5035 1706 5091 ἔτι
1733 5037 1908 5106 ἔθνος

321 5121 581 5177 ἐνώπιόν
597 5141 743 5192 μου.

393 5213 486 5285 Μὴ
507 5213 689 5279 τοῦτο,
721 5215 878 5287 φησὶ,
911 5215 1124 5289 λογίσῃ,
1161 5215 1242 5268 ὅτι
1263 5214 1474 5268 τελείαν
1493 5215 1695 5269 ἅλωσιν
1713 5216 1903 5284 ἐπάγω

321 5309 388 5376 τῇ
428 5305 604 5371 πόλει,
644 5307 781 5361 ἀλλὰ
811 5309 1088 5376 σκόπησον
1106 5307 1179 5371 ὡς
1207 5305 1317 5360 ἀπὸ
1347 5305 1456 5360 τῶν
1487 5307 1730 5378 μερικῶν
1760 5324 1899 5376 συμ-

323 5396 508 5468 φορῶν
555 5400 988 5471 σωφρονέστεροι
1027 5399 1229 5470 ἥκιστα
1293 5398 1580 5468 γεγόνασιν
1634 5397 1895 5452 Ἰουδαῖοι.

323 5488 388 5541 υἱ
412 5486 545 5556 γοῦν
570 5489 1032 5562 ψευδοπροφῆται,
1068 5489 1222 5561 φησὶ,
1255 5488 1535 5560 περιόντες
1552 5487 1897 5542 διαϐάλλουσι

327 5595 418 5648 με,
449 5579 526 5643 ὡς
556 5581 797 5636 ἐναντίον
820 5585 886 5652 τῇ
935 5582 1171 5654 ἐμαυτοῦ
1198 5579 1535 5652 πεποιηκότα
1582 5580 1891 5652 ὑποσχέσει,

399 5757 444 5792 ’ί
476 5757 635 5816 Num.
671 5774 742 5828 xu,
782 5759 879 5818 22.

1997 3218 2053 3266 et
2094 3213 2490 3270 revocationem
2534 3211 2894 3286 praedixisset,
2939 3237 3360 3298 sermonemque
3409 3244 3571 3285 suum

1997 3303 2110 3373 agri
2157 3307 2502 3372 possessione
2531 3311 2946 3380 conﬁrmasset;
2985 3324 3036 3369 et
3067 3317 3424 3374 nihilominus
3454 3321 3574 3374 uul-

1995 3391 2080 3448 lus
2129 3396 2304 3452 adhuc
2343 3409 2508 3464 esset,
2553 3403 2646 3480 qui
2696 3404 2815 3473 ejus
2863 3408 3167 3463 attenderet
3213 3411 3392 3474 dictis,
3428 3413 3571 3479 quod

1997 3493 2281 3539 censerent
2317 3488 2636 3555 prophetam
2679 3506 2741 3544 ea
2773 3494 2955 3548 dicere
2985 3498 3165 3562 potius
3193 3498 3258 3551 ad
3299 3499 3574 3554 adulatio-

1997 3587 2142 3638 nem,
2170 3589 2330 3642 qttam
2359 3589 2426 3630 ex
2455 3577 2652 3631 eximia
2687 3595 2865 3636 rerum
2891 3584 3198 3639 futurarum
3230 3589 3566 3657 cognitione,

1996 3659 2238 3715 incidens
2259 3660 2313 3715 in
2339 3676 2605 3717 summum
2629 3667 2796 3719 animi
2819 3683 3126 3735 maerorem,
3148 3673 3381 3726 maxima
3408 3690 3572 3746 auge.

1996 3750 2155 3804 batur
2181 3750 2559 3820 ambiguitate.
2595 3753 2736 3808 Dicit
2765 3757 2930 3826 igitur
2958 3757 3033 3812 illi
3058 3758 3199 3815 Deus
3223 3779 3236 3814 :
3264 3763 3572 3821 Potentiam

1999 3856 2175 3896 meam
2202 3843 2511 3908 considera,
2546 3846 2766 3900 modum
2823 3863 2935 3918 quo
2967 3864 3055 3904 res
3079 3862 3292 3909 creatas
3320 3858 3573 3925 produxi,

1997 3929 2240 3984 ordinem
2285 3945 2392 4000 quo
2443 3947 2538 3988 eas
2579 3934 2852 4004 disposui,
2893 3937 3170 3994 hominum
3224 3958 3413 3999 curam
3477 3963 3574 4017 ge-

2000 4035 2149 4084 rens,
2185 4030 2241 4077 et
2289 4039 2434 4079 nunc
2477 4024 2817 4080 invocantem
2867 4039 2916 4085 te
2961 4035 3240 4100 exaudivi,
3295 4047 3351 4092 et
3394 4040 3575 4094 futura

1999 4113 2256 4181 praedico,
2291 4129 2585 4184 rerumque
2631 4119 2872 4172 omnium
2913 4121 3328 4192 abundantiam,
3381 4132 3577 4196 quibus

1999 4219 2212 4272 arquum
2254 4205 2444 4261 fuisset
2483 4219 2538 4262 ut
2573 4213 3013 4278 persuadereris,
3068 4225 3124 4270 et.
3158 4219 3340 4273 animo
3381 4219 3577 4276 ﬂderes

2001 4294 2205 4348 nullum
2245 4297 2584 4352 sermonibus
2612 4300 2718 4354 tuis
2748 4301 2985 4357 futurum
3033 4308 3414 4364 mendacium:
3451 4325 3577 4380 per-

2002 4399 2225 4439 suasum
2269 4401 2390 4440 eum
2421 4389 2673 4455 reddens,
2711 4394 3078 4461 captivitatem
3112 4399 3252 4452 haud
3281 4397 3481 4456 frustra
3511 4403 3578 4456 il-

2005 4475 2196 4542 latam,
2233 4477 2328 4532 sed
2359 4487 2420 4532 ut
2453 4481 2700 4552 castigati
2748 4485 3152 4556 resipiscerent.
3184 4489 3320 4546 Tum
3353 4507 3577 4549 revoca-

2009 4569 2170 4623 tionis
2198 4570 2442 4624 nuntium
2467 4571 2642 4628 aﬂ'ert.

2082 4661 2098 4682 "
2132 4659 2296 4714 Vsus.
2322 4659 2514 4718 23-24.
2548 4661 2616 4718 Et
2648 4665 2846 4734 factum
2887 4680 2962 4726 est
3005 4670 3226 4728 Verbum
3261 4675 3470 4731 Domini
3507 4679 3578 4732 ad

2004 4748 2320 4818 Jeremiam,
2348 4753 2556 4810 dicens:
2577 4754 2831 4824 Nunquid
2851 4779 2954 4815 non
2982 4765 3189 4817 erubuit
3213 4767 3433 4834 populus
3455 4769 3538 4822 hic
3554 4770 3580 4822 .’

2012 4840 2244 4896 Locutus
2277 4852 2376 4908 est,
2405 4846 2581 4900 dicens
2610 4863 2628 4900 :
2661 4849 2792 4903 Dure
2818 4855 3172 4921 cognationes,
3195 4874 3326 4925 quas
3356 4859 3578 4928 elegerat

2007 4931 2266 4986 Dominus
2300 4935 2364 4998 in
2405 4936 2533 5004 ipsis
2555 4975 2570 5000 ,
2601 4946 2650 4990 et
2686 4955 2800 4992 ecce
2840 4944 3036 5010 expulit
3082 4963 3171 4999 eas
3194 4987 3208 5011 ,
3248 4959 3295 5001 et
3329 4953 3576 5020 populum

2007 5038 2179 5078 meum
2203 5026 2441 5094 irritavi,
2467 5037 2522 5081 ut
2553 5044 2655 5082 non
2695 5030 2763 5083 sit
2786 5033 2930 5086 ultra
2957 5051 3079 5104 gens
3116 5053 3294 5092 coram
3329 5045 3450 5097 me?

2071 5211 2150 5269 Ne
2178 5215 2282 5270 hoc
2309 5226 2507 5280 mente,
2536 5218 2632 5283 ait,
2668 5220 2967 5289 concipias,
2995 5239 3080 5279 me
3101 5227 3370 5282 excidium
3401 5242 3578 5285 extre-

2006 5322 2154 5360 mum
2213 5306 2486 5362 illaturum
2545 5309 2783 5376 civitati;
2835 5315 2930 5368 sed
2981 5317 3263 5372 considera
3310 5325 3582 5389 quomodo

2005 5397 2174 5452 Judaei
2225 5399 2650 5468 particularibus
2682 5402 3083 5461 calamitatibus
3131 5424 3408 5478 nunquam
3458 5397 3587 5482 pru-I

2003 5491 2282 5546 dentiores
2334 5491 2462 5546 faeli
2518 5501 2665 5548 sunt.
2711 5492 2857 5551 Falsi
2909 5498 3090 5568 itaque
3146 5503 3424 5572 propheta:
3471 5506 3580 5560 cir-

2005 5591 2324 5640 cumeuntes
2370 5594 2664 5653 accusant,
2713 5588 2854 5654 quod
2886 5593 3157 5646 contraria
3193 5592 3259 5646 iis
3303 5609 3422 5665 quae
3453 5612 3583 5667 pro-
