4016 6152
515 291 620 350 991

1300 285 1861 344 SUPPLEMENTUM
1901 286 1991 341 AD
2027 287 2086 341 S.
2126 286 2174 341 J.
2219 282 2710 343 CilRYSOSTOMI
2758 283 3002 342 OPERA.

3676 282 3777 338 9M

522 406 799 462 misissent
828 402 1081 468 l'eccrim,
1125 401 1222 457 sed
1255 417 1376 457 cum
1406 402 1691 474 elegissent
1725 403 1860 458 duas
1892 417 2084 473 cogna-

2197 403 2292 457 καὶ
2317 403 2392 467 ὼς
2438 403 2802 474 ἐκλεξάμενος
2860 403 2960 466 τὰς
2986 400 3079 455 δύο
3109 398 3366 470 πατριὰς,
3400 399 3653 453 τουτέστι
3684 401 3778 462 τὰς

525 501 725 560 tiones,
749 495 802 550 id
827 502 911 550 est
941 493 1048 548 duo
1076 507 1263 562 regna,
1293 491 1445 548 Inda:
1487 494 1716 559 scilicet,
1750 504 1806 550 et
1836 494 2091 564 Ephrem,

520 584 733 640 modica
765 580 1143 652 promissionis
1169 596 1301 636 mea:
1329 582 1513 636 habita
1546 585 1756 638 ratione
1789 584 2094 654 expulerim

523 673 924 728 multitudinem
961 689 974 726 :
1010 687 1110 744 per
1138 688 1261 744 qua:
1293 673 1638 728 abduxerunt
1668 674 1947 744 populum,
1970 674 2094 730 cul-

523 773 720 834 tusque
786 765 1048 835 pietatem
1113 764 1335 820 omnino
1398 774 1823 820 commntarnnt.
1881 764 2092 821 Justum

523 856 707 923 itaque
734 865 819 910 est
873 863 932 909 nt
958 856 1025 908 de
1051 854 1326 924 impietate
1352 855 1455 909 hac
1483 854 1552 910 ab
1573 854 1680 910 illis
1703 870 1890 924 poenas
1915 870 2094 912 sume-

523 962 660 1012 rem,
710 961 821 1016 quo
863 956 1044 1001 mente
1073 945 1321 1002 saniores
1355 944 1556 1014 eliecti,
1609 954 1834 1012 terram,
1866 957 1925 1003 ut
1960 963 2094 1004 con-

521 1051 716 1104 gruum
748 1041 854 1101 est,
885 1034 1152 1100 incolant,
1179 1049 1340 1104 quam
1375 1034 1647 1105 pollicitus
1673 1050 1793 1092 sum
1825 1036 2091 1107 patribus.

591 1217 754 1274 Vsus.
789 1220 881 1274 25.
915 1218 1044 1273 Hrcc
1073 1218 1196 1272 dicit
1233 1218 1492 1272 Dominus
1518 1234 1538 1272 :
1559 1217 1621 1273 Si
1643 1234 1744 1273 non
1773 1228 1906 1274 esset
1929 1228 2092 1274 testa-

519 1319 752 1366 mentum
782 1327 952 1365 meum
981 1310 1086 1363 diei
1119 1324 1182 1362 ac
1213 1308 1399 1372 noctis,
1429 1309 1678 1362 terminos
1701 1309 1816 1364 caeli
1847 1319 1898 1365 et
1938 1321 2094 1364 teme

522 1419 627 1457 non
671 1403 978 1472 posuissem.
1026 1400 1284 1469 Equidem
1318 1409 1366 1453 et
1401 1414 1571 1453 semen
1605 1398 1804 1465 Iacob,
1829 1409 1878 1454 et
1927 1400 2093 1453 David

520 1493 656 1548 serui
689 1493 794 1547 mei
817 1491 1172 1561 projecissem,
1201 1499 1254 1543 ut
1279 1504 1382 1543 non
1404 1505 1724 1546 assumerem
1746 1491 2004 1559 principes
2031 1492 2094 1544 de

521 1584 716 1638 semine
742 1582 880 1650 ejus.

592 1673 798 1729 Sensus
822 1681 904 1727 est
933 1688 948 1726 :
981 1668 1446 1738 Quemadmodum
1471 1685 1593 1727 cum
1622 1670 1936 1729 hominibus
1963 1687 2094 1741 pro-

2194 494 2288 547 δύο
2321 493 2620 564 βασιλείας,
2659 495 2759 566 τήν
2787 510 2847 547 τε
2889 492 2985 546 τοῦ
3019 490 3219 554 Ἰούδα,
3248 489 3459 544 καὶτοῦ
3511 489 3774 559 Ἐφραὶμ,

2197 584 2372 656 μικρὰ
2401 584 2502 655 τῆς
2531 584 2730 638 ἐαυτοῦ
2755 583 3109 654 ὑποσχέσεως
3139 581 3436 652 φροντίσας
3463 580 3780 648 άπωσάμην

2194 675 2257 728 τὸ
2290 674 2496 746 πλῆθος
2517 691 2532 706 ⁸
2580 675 2676 745 ἀφ’
2719 668 2796 730 ὧν
2827 675 2910 739 είς
2946 692 3009 728 τε
3050 673 3192 745 ἐμὴν
3225 671 3660 742 καταφρόνησιν,
3690 670 3781 722 καὶ

2195 769 2438 839 παντελῆ
2489 769 2589 840 τῆς
2617 768 2900 832 εὐσεϐείας
2942 765 3252 838 μεταϐολὴν
3281 766 3490 836 ἧγαγον
3517 763 3608 816 τὸν
3628 761 3777 817 λαόνσ

2193 862 2335 917 ὥστε
2377 863 2588 918 δίκαιόν
2643 865 2821 930 ἐστιν,
2873 862 3073 926 αὐτοὺς
3103 862 3202 915 καὶ
3237 859 3378 930 ὑπὲρ
3432 855 3644 927 ταύτης
3683 857 3780 925 τῆς

2193 953 2451 1018 ἀσεϐείας
2484 953 2670 1007 δοῦναι
2699 953 2877 1025 δίκην,
2918 952 2994 1016 ὡς
3033 952 3102 1006 ἂν
3156 949 3593 1021 σωφρονέστεροι
3622 945 3778 1015 γενό-

2197 1063 2371 1116 μενοι,
2408 1045 2545 1116 μετά
2567 1043 2663 1099 τοῦ
2689 1046 3064 1117 προσήκοντος
3092 1044 3192 1115 τὴν
3223 1042 3330 1112 γῆν
3355 1039 3550 1111 οἰκῷεν
3578 1038 3648 1110 ἢν
3667 1040 3777 1100 τοίς

2195 1137 2466 1208 πατράσιν
2492 1137 2932 1210 ἐπηγγειλάμην.

2269 1228 2414 1284 Τάδε
2443 1228 2608 1298 λέγει
2639 1230 2856 1298 Κύριος
2883 1245 2898 1258 ·
2928 1229 2997 1282 Ei
3031 1227 3120 1298 μὴ
3157 1225 3274 1294 τὴν
3317 1223 3615 1293 διαθήκην
3657 1239 3775 1292 μου

2191 1318 2418 1389 ἡμέρας
2472 1321 2568 1374 καὶ
2606 1319 2850 1385 νυκτὸς,
2888 1317 3305 1388 ἁκριϐάσματα
3363 1313 3628 1383 οὐρανοῦ
3675 1313 3776 1367 καὶ

2193 1409 2304 1480 γῆς
2335 1412 2446 1464 οὐκ
2501 1410 2710 1475 ἔταξα.
2759 1409 2942 1478 Καίγε
2983 1408 3052 1462 τὸ
3094 1407 3337 1476 σπέρμα
3387 1403 3618 1469 Ἰακὼϐ,
3674 1403 3773 1457 καὶ

2191 1499 2368 1554 Δαὸὶδ
2398 1499 2504 1553 τοῦ
2538 1500 2766 1554 δούλου
2792 1516 2934 1568 μου.
2964 1495 3309 1566 ἀποδοκιμῶ
3329 1495 3437 1550 τοῦ
3456 1494 3544 1565 μὴ
3569 1493 3776 1549 λαϐεῖν

2192 1586 2491 1654 ἄρχοντας
2512 1586 2580 1638 ἐκ
2607 1585 2714 1640 τοῦ
2742 1585 3088 1655 σπέρματος
3113 1583 3321 1638 αὑτοῦ.

2277 1676 2343 1730 Ἦ
2378 1675 2477 1746 μὲν
2507 1671 2601 1729 οὖν
2630 1675 2811 1729 ἐννοια
2845 1675 3010 1743 αῦτη,
3037 1674 3124 1727 ὅτι
3147 1673 3361 1742 Ὠσπερ
3385 1672 3413 1726 ὁ
3443 1668 3777 1738 ἐπαγγειλά-

521 1764 762 1820 miserim
797 1763 1150 1820 constitutum
1184 1764 1236 1817 in
1265 1763 1544 1820 creatione
1566 1764 1812 1818 ordinem
1845 1777 2084 1830 servare,

2199 1784 2359 1839 μενος
2389 1768 2502 1830 τοῖς
2530 1765 2876 1835 ἀνθρώποις,
2910 1765 2986 1836 μὴ
3007 1764 3310 1820 διαλείπειν
3337 1762 3440 1834 τὴν
3471 1763 3532 1814 ἐν
3553 1763 3621 1832 τῇ
3660 1761 3775 1813 κτῶ

519 1868 841 1925 semperque
899 1855 1129 1910 liiemem
1165 1865 1221 1910 et
1254 1865 1518 1918 aestatem,
1547 1868 1644 1909 ver
1689 1863 1745 1909 et
1775 1863 2090 1910 autumnum

519 1946 762 2002 vicissim
797 1947 1111 2010 succedere,
1144 1945 1211 2000 ad
1236 1945 1377 2000 hanc
1400 1945 1542 2000 diem
1568 1945 1880 2000 inviolatam
1915 1961 2092 2001 meam

518 2046 738 2092 servant
769 2035 1212 2105 promissionem;
1245 2035 1327 2090 sic
1363 2034 1639 2103 pollicitus
1674 2035 1860 2090 Davidi
1906 2049 2092 2090 semen

519 2129 637 2198 ejus
659 2141 874 2198 semper
896 2135 1274 2196 regnaturum,
1296 2141 1402 2181 non
1420 2127 1673 2182 mentiar.
1691 2125 1922 2193 Quidam
1941 2141 2092 2191 vero,

519 2219 627 2272 diei
655 2226 708 2273 et
737 2217 907 2271 noctis
935 2217 1187 2270 terminos
1217 2214 1336 2270 casti
1364 2225 1410 2269 et
1461 2225 1614 2270 terrae
1645 2231 1750 2268 non
1800 2217 2093 2286 posuissem

517 2309 599 2366 sic
627 2309 968 2380 interpretati
999 2315 1126 2361 sunt
1153 2323 1168 2360 :
1204 2303 1321 2360 Non
1349 2305 1537 2376 utique
1565 2319 1840 2362 creassem
1886 2305 2080 2361 coelum

518 2413 572 2458 et
605 2411 830 2468 terram,
867 2400 919 2455 ni
954 2399 1094 2455 diem
1127 2408 1182 2454 et
1219 2408 1432 2454 noctem
1460 2413 1587 2454 esse
1631 2398 1960 2462 voluissem;
1995 2397 2092 2452 si-d

519 2493 1008 2564 quemadmodum,
1057 2491 1128 2545 ab
1174 2490 1329 2544 initio
1373 2489 1649 2560 proposita
1702 2487 1838 2542 mihi
1887 2487 1991 2543 diei
2029 2503 2094 2541 ac

522 2583 697 2638 noctis
731 2583 1096 2646 successione,
1128 2589 1376 2635 naturam
1409 2580 1636 2650 produxi
1670 2578 1792 2634 coeli
1823 2587 1878 2632 et
1909 2585 2089 2642 terrae,

524 2689 623 2730 nec
651 2673 788 2730 solvi
811 2687 1050 2742 unquam
1099 2679 1240 2742 quod
1273 2670 1405 2726 milii
1433 2671 1484 2725 in
1508 2670 1784 2724 creatione
1814 2668 2089 2739 proposui,

519 2767 600 2822 sic
624 2771 680 2819 et
707 2763 1122 2836 promissionem
1150 2761 1318 2817 David
1350 2759 1550 2815 iactam
1580 2773 1854 2830 nunquam
1884 2757 2092 2812 irritam

519 2857 736 2912 faciam.
793 2856 929 2912 Cum
990 2854 1132 2910 Deus
1187 2855 1338 2909 biscc
1388 2863 1711 2920 persuasum
1762 2847 2093 2903 reddidisset

493 2943 868 3020 prophetam,
918 2946 1162 3018 pracipit
1203 2945 1281 3000 illi
1340 2954 1400 2998 ut
1451 2943 1605 2998 urbis
1652 2940 1924 2997 excidium
1972 2942 2084 3010 regi

2197 1874 2282 1910 σει
2317 1855 2494 1921 τάξιν,
2528 1855 2646 1910 ἀλλ’
2672 1856 2850 1910 εἰσαεὶ
2879 1855 3103 1910 ἔσεσθαι
3145 1853 3395 1926 χειμῶνα
3449 1853 3547 1906 καὶ
3592 1851 3774 1920 θέρος,

2195 1945 2293 2016 ἔαρ
2327 1945 2422 1998 καὶ
2452 1944 2770 2015 μετόπωρον
2802 1943 2966 2015 μέχρι
3020 1943 3116 1997 τοῦ
3143 1943 3241 1998 νῦν
3261 1941 3541 1996 διετέλεσα
3573 1941 3778 2009 φυλάτ-

2193 2053 2302 2090 των
2342 2036 2443 2106 τὴν
2489 2032 2732 2104 ἐμαυτοῦ
2782 2034 3118 2105 ὑπόσχεσιν·
3157 2034 3330 2099 οὕτως
3363 2032 3778 2103 ἐπαγγειλάμε-

2194 2143 2282 2189 νος
2316 2125 2396 2196 τῷ
2421 2123 2584 2178 Δαδὶδ
2616 2127 2681 2180 ἐκ
2715 2123 2812 2178 τοῦ
2846 2123 3166 2194 σπέρματος
3205 2123 3373 2177 αὑτοῦ
3401 2123 3580 2176 εἰσαεὶ
3617 2121 3776 2190 βασι-

2194 2215 2404 2280 λεύειν,
2451 2216 2516 2268 οὐ
2555 2215 2942 2286 διαψεύσομαι.
2981 2214 3140 2277 Τινὲς
3179 2213 3363 2279 δὲτὸ,
3394 2211 3625 2282 ἡμέρας
3674 2213 3777 2265 καὶ

2193 2308 2418 2374 νυκτὸς
2445 2347 2462 2373 ,
2522 2307 2988 2378 ἁκριόἁσμαστα
3027 2305 3287 2376 οὐρανοῦ
3346 2303 3450 2357 καὶ
3496 2303 3614 2373 τῆς
3662 2305 3777 2357 οὐκ

2195 2399 2382 2464 ἔταξα
2402 2437 2418 2463 ,
2444 2397 2618 2463 οὕτως
2657 2400 3036 2470 ἡρμήνευσαν,
3071 2399 3155 2451 δτι
3189 2396 3304 2451 Οὐκ
3333 2397 3399 2450 ἂν
3427 2396 3663 2464 ἐποίησα
3690 2396 3779 2447 ούο

2195 2488 2358 2560 ρανόν
2383 2489 2476 2542 καὶ
2503 2489 2631 2560 γῆν,
2661 2489 2711 2541 εί
2747 2489 2826 2560 μὴ
2861 2489 3082 2560 ἡμέραν
3109 2487 3207 2541 καὶ
3250 2486 3423 2540 νύκτα
3468 2485 3778 2555 ἐϐουλόμην

2195 2572 2354 2630 εῖναιο
2374 2576 2494 2630 ἀλλ’
2509 2575 2702 2647 ὥσπερ
2725 2577 2785 2642 ἐξ
2805 2577 2981 2648 ἀρχῆς
3003 2575 3342 2646 προθέμενος
3367 2573 3616 2644 διαδοχὴν
3635 2572 3778 2626 εἶναι

2193 2666 2410 2738 ἡμέρας
2455 2667 2552 2721 καὶ
2594 2667 2814 2733 νυκτὸς,
2850 2667 2946 2721 τοῦ
2979 2666 3216 2738 ούρανοῦ
3268 2668 3366 2719 καὶ
3403 2668 3504 2736 τῆς
3528 2665 3634 2735 γῆς
3676 2665 3779 2736 τὴν

2195 2758 2358 2825 φυσὶν
2386 2757 2735 2828 παρήγαγον,
2765 2756 2862 2810 καὶ
2897 2757 2959 2809 ού
2989 2755 3212 2810 διέλυσα
3237 2754 3338 2826 τὴν
3369 2754 3464 2807 ἐπὶ
3491 2757 3560 2826 τῇ
3593 2755 3778 2807 κτίσει

2195 2847 2479 2920 πρόθεσιν,
2507 2847 2681 2912 οὕτως
2706 2848 2832 2902 οὐδὲ
2862 2850 2962 2918 τὴν
2987 2847 3327 2917 ἐπαγγελίαν
3351 2845 3453 2916 τὴν
3493 2845 3634 2917 πρὸς
3666 2849 3779 2900 Δα-

2194 2939 2280 2994 6ὶδ
2315 2939 2575 2995 διαλύσω.
2610 2936 2745 2993 Εἶτα
2779 2941 2836 2994 ἐν
2865 2939 3078 3004 τούτοις
3132 2938 3328 3002 πείσας
3358 2939 3450 2992 τὸν
3482 2938 3778 3010 προφήτην

512 3039 752 3096 Sedecia:
803 3037 1126 3100 annuntiet,
1188 3035 1458 3103 addatque
1514 3045 1733 3088 causam
1793 3031 1937 3101 quod
1993 3045 2084 3086 eos

2194 3034 2222 3086 ό
2243 3032 2398 3097 Θεὸς,
2433 3031 2875 3107 παρακελεύεται
2898 3032 3045 3104 αύτῷ
3073 3032 3173 3104 τὴν
3200 3031 3401 3087 ἅλωσιν
3433 3031 3535 3102 τῆς
3566 3032 3778 3096 πόλεως

511 3144 617 3184 non
669 3127 932 3196 pmnileat
979 3137 1160 3180 rerum
1204 3132 1513 3191 gestarum,
1568 3119 1879 3188 violentque
1925 3128 2082 3190 pacta

2197 3125 2433 3196 μηνῦσαι
2460 3125 2541 3194 τῷ
2575 3124 2788 3196 βασιλεῖ
2815 3125 3066 3196 Σεδεκίᾳ,
3088 3125 3185 3179 καὶ
3217 3126 3398 3178 αἰτίαν
3425 3123 3773 3195 προσθεῖναι,

511 3232 633 3271 cum
670 3215 782 3272 Deo
819 3214 951 3270 inita
989 3231 1004 3269 :
1042 3211 1328 3281 arguitque
1357 3210 1508 3280 ipsos
1535 3225 1602 3264 ex
1637 3223 1701 3263 eo
1729 3210 1871 3278 quod
1904 3211 2087 3264 denuo

512 3304 782 3361 revocarit
804 3316 900 3359 eos
946 3301 1038 3374 qui
1067 3314 1228 3356 causa
1255 3298 1561 3355 obtinenda:
1584 3298 1870 3364 libertatis,
1894 3313 2088 3354 secun-

508 3399 636 3452 dum
670 3396 840 3467 legem
871 3392 1213 3464 iuraverant,
1251 3389 1457 3446 subdit.

1090 3598 1246 3656 CAP.
1286 3595 1529 3653 XXXIV.

577 3695 744 3752 Vens.
768 3696 824 3750 4.
864 3691 988 3748 Νοη
1013 3691 1282 3746 morieris.

580 3788 652 3842 Ut
678 3787 869 3842 saltem
890 3786 965 3839 ita
997 3782 1324 3852 respiraret;
1352 3781 1456 3836 hoc
1485 3779 1630 3834 enim
1658 3779 1858 3835 factum
1877 3790 1984 3844 est,
2016 3794 2080 3836 eo

507 3877 836 3948 Babylonem
859 3876 1132 3940 abducto;
1163 3888 1285 3927 nam
1313 3881 1368 3926 et
1395 3887 1609 3927 summa
1643 3870 1754 3925 illic
1781 3885 1914 3941 pace
1937 3873 2077 3941 poti-

507 3977 598 4022 tus
634 3975 740 4034 est,
775 3973 834 4020 ut
866 3964 961 4020 Dei
983 3953 1254 4035 pietatem
1299 3970 1642 4034 agnosceret,
1679 3969 1844 4030 utque
1877 3961 2078 4018 doloris

505 4058 723 4114 nuntios
758 4055 983 4126 mquiori
1021 4055 1160 4111 ferat
1200 4057 1405 4120 animo,
1436 4053 1693 4123 plangent
1725 4063 1795 4106 te.

556 4150 720 4206 Vsus.
752 4148 808 4204 8.
844 4145 1069 4202 Verbum
1098 4146 1235 4217 quod
1259 4146 1457 4214 factum
1479 4153 1577 4200 est.

569 4243 683 4299 Lex
702 4251 822 4297 erat
853 4239 1094 4309 antiqua,
1126 4239 1424 4294 Hebraeum
1454 4250 1548 4292 sex
1583 4235 1744 4290 annis
1782 4233 2072 4289 servire".

499 4331 729 4388 Volebat
754 4329 900 4386 enim
929 4327 1148 4384 Judaeos
1169 4327 1290 4397 pios
1316 4341 1439 4382 esse
1467 4326 1521 4380 in
1561 4340 1774 4380 omnes.
1804 4323 1912 4380 Sed
1952 4338 2073 4378 cum

500 4424 727 4504 nollent,
767 4421 987 4477 interim
1025 4419 1092 4473 ad
1119 4419 1225 4472 hoc
1249 4417 1528 4472 attrahere
1561 4415 1756 4480 voluit,
1783 4422 1844 4469 ut
1869 4414 2077 4470 contri-

2189 3214 2264 3278 ὡς
2285 3215 2680 3286 ἀμεταμέλητα
2702 3215 2982 3283 πταίουσι,
3013 3216 3109 3268 καὶ
3132 3233 3209 3268 πα
3219 3215 3538 3285 ραδαίνουσι
3561 3215 3666 3280 τὰς
3686 3217 3775 3269 ἐπὶ

2189 3305 2324 3358 Θεοῦ
2362 3305 2643 3376 συνθήκας
2689 3306 2993 3377 γενομένας
3023 3322 3038 3337 °
3071 3305 3166 3359 καὶ
3195 3305 3410 3376 ἐλέγχει
3443 3305 3668 3374 αὐτοὺς,
3719 3307 3776 3371 ἐξ

2186 3389 2260 3449 ὧν
2291 3396 2616 3468 ἀπήλαυσαν
2657 3396 2974 3465 ἐλευθερίας
3003 3396 3148 3450 κατὰ
3187 3395 3358 3467 νόμον
3383 3395 3772 3468 ὠμομόκοτας.

2187 3487 2412 3551 τούτους
2442 3487 2606 3543 πάλιν
2637 3487 3068 3551 ἀνεκαλέσαντο,
3103 3489 3201 3541 καὶ
3227 3487 3450 3557 ἐπάγει.

2773 3579 3028 3634 ΚΕΦΑΔ.
3067 3579 3189 3632 ΛΔ’.

2259 3671 2380 3724 Οὐκ
2408 3669 2702 3738 ἀποθανῇ.

2255 3759 2374 3813 Ἵνα
2420 3759 2524 3814 κᾶν
2567 3759 2742 3824 οὕτως
2794 3760 3151 3836 ἀναπνεύσῃ·
3201 3761 3362 3816 τοῦτο
3395 3761 3506 3833 γὰρ
3541 3761 3773 3831 γέγονεν

2182 3853 2572 3924 ἀπενεχθέντος
2635 3855 2717 3917 είς
2782 3852 3083 3908 Βαϐυλῶνα
3139 3853 3340 3906 αύτοῦο
3392 3853 3488 3906 καὶ
3540 3855 3774 3925 εἰρήνης

2180 3944 2338 4016 ἔτυχε
2373 3943 2599 4014 πολλῆς,
2627 3944 2716 3998 ἴνα
2743 3944 2893 4018 μάθῃ
2909 3944 3002 3998 τοῦ
3035 3943 3169 3998 Θεοῦ
3199 3945 3300 4017 τὴν
3325 3931 3770 4016 φιλανθρωπίαν,

2180 4039 2266 4090 ἵνα
2296 4036 2678 4108 εύπαράδεκτα
2708 4036 2934 4107 γένηται
2959 4036 3027 4092 τά
3046 4037 3293 4109 λυπηρά,
3316 4037 3656 4093 κλαύσονται
3693 4057 3771 4094 σε.

2261 4129 2323 4182 '0
2354 4129 2532 4198 λόγος
2560 4130 2593 4182 ό
2630 4130 2971 4198 γενόμενος.

2248 4220 2435 4289 Νόμος
2462 4215 2530 4291 ἦν
2557 4219 2811 4284 παλαιὸς.
2841 4221 2932 4274 τὸν
2969 4220 3220 4292 Ἐϐραῖον
3247 4220 3307 4286 ἐξ
3345 4221 3441 4293 ἐτη
3466 4221 3770 4278 δουλεύειν.

2191 4308 2476 4362 Ἐϐούλετο
2518 4309 2630 4381 γὰρ
2672 4310 2813 4381 πρὸς
2845 4311 3057 4374 πάντας
3091 4311 3418 4383 ἀνθρώπους
3453 4311 3772 4383 φιλανθρώ-

2179 4417 2313 4463 πους
2343 4395 2484 4454 εἶναι
2511 4401 2639 4462 τοὺς
2681 4401 2998 4465 Ἰουδαίους.
3047 4401 3187 4455 Ἀλλ’
3216 4402 3404 4472 ἐπειδὴ
3436 4403 3518 4472 μὴ
3551 4402 3768 4474 ἤθελον,

497 4484 1050 4582 [intibus-parcerent.
1089 4508 1228 4576 Quid
1259 4522 1392 4577 ergo
1431 4507 1528 4562 ﬁt?
1557 4506 1948 4562 convenientes
1979 4504 2071 4573 ju-

2193 4489 2314 4552 :éw;
2345 4490 2541 4553 αὐτοὺς
2581 4490 2691 4544 ἀπὸ
2737 4490 2848 4545 τῶν
2893 4491 3181 4560 συγγενῶν
3206 4491 3512 4559 ἀφέλκεται
3545 4493 3648 4545 καὶ
3678 4495 3770 4544 ἐπ·
3825 4497 3830 4501 ’

495 4602 792 4674 rejuraudo
821 4616 882 4658 se
921 4615 1113 4656 omnes
1147 4599 1462 4670 alligarunt,
1498 4607 1552 4654 et
1585 4606 1804 4667 pactum
1831 4598 2069 4652 inierunt

490 4713 676 4754 Curam
709 4695 1106 4762 sacerdotibus,
1144 4691 1497 4764 optimatibus
1543 4691 1864 4761 caeterisque
1893 4690 2072 4746 omni-

493 4793 592 4847 bus
627 4803 840 4855 omnes,
863 4788 983 4858 ipso
1017 4787 1182 4842 etiam
1234 4784 1459 4841 Sedecia
1487 4793 1776 4856 praesente,
1825 4793 1885 4837 ut
1915 4782 2069 4838 ﬁeret

493 4883 617 4948 IIOC,
685 4881 994 4952 singulique
1055 4894 1275 4935 servum
1346 4886 1402 4933 et
1425 4891 1639 4932 servam
1704 4875 2065 4932 dimitterent.

493 4971 695 5028 Deinde
742 4971 1000 5044 pceniluit
1027 4983 1123 5026 eos
1176 4969 1329 5032 I’acti,
1381 4977 1439 5024 et
1494 4966 1784 5024 voluerunt
1823 4981 1917 5023 eos
1948 4981 2068 5023 esse

487 5079 676 5121 servos
702 5073 758 5120 et
784 5062 1030 5120 ancillas.

557 5227 730 5286 Vens.
767 5227 858 5283 12.
906 5224 976 5280 Et
1000 5224 1200 5296 factum
1229 5232 1307 5278 est
1329 5224 1539 5279 verbum
1575 5221 1793 5278 Domini
1819 5223 1891 5276 ad
1919 5222 2065 5278 lere-

484 5335 670 5375 mtam.

556 5411 717 5465 Prius
743 5407 1082 5466 debitoribus
1130 5405 1472 5472 constitutis,
1503 5404 1678 5475 legem
1716 5403 1822 5459 illis
1883 5402 2003 5468 tuli,
2035 5418 2065 5456 e

486 5501 748 5556 servitute
813 5500 1060 5568 liberavi,
1114 5499 1276 5569 idque
1340 5508 1398 5552 ut
1450 5497 1527 5552 illi
1578 5511 1793 5566 quoque
1849 5503 2068 5564 agerent

557 5675 602 5706 "
638 5673 809 5729 Exod.
845 5691 954 5744 χιι,
987 5675 1043 5731 2.

2181 4581 2398 4649 ἀγεται.
2435 4581 2501 4633 Τί
2547 4576 2640 4634 οῦν
2667 4581 2913 4648 γίνεται;
2950 4581 3300 4643 συνελθόντες
3327 4581 3528 4651 ὅρκους
3558 4581 3766 4643 ἔθεντο,

2179 4672 2273 4724 καὶ
2307 4670 2538 4733 σπονδὰς
2574 4671 2907 4742 ἐποιήσαντο
2953 4671 3048 4723 ἐπὶ
3091 4670 3201 4722 τῶν
3252 4669 3474 4739 ἱερέων,
3535 4669 3636 4721 ἐπὶ
3665 4668 3768 4720 τῶν

2175 4763 2458 4833 ἀρχόντων
2477 4805 2491 4828 ,
2529 4763 2623 4815 ἐπὶ
2656 4763 2765 4816 τῶν
2817 4762 2996 4818 ἄλλων
3028 4762 3287 4816 ἁπάντων
3339 4759 3598 4824 ἅπαντες
3627 4800 3642 4826 ,
3673 4755 3766 4810 τοῦ

2175 4855 2428 4909 Σεδεκίου
2452 4855 2661 4926 μεταξὺ
2692 4855 2802 4908 τῶν
2833 4855 3179 4926 γιγνομένων
3213 4854 3392 4917 ὖντος,
3419 4853 3569 4906 ὥστε
3603 4851 3767 4919 γενή⁸

2178 4946 2368 5000 σεσθαι
2398 4947 2590 5011 τοῦτο,
2641 4946 2738 5000 καὶ
2769 4946 3028 5010 ἕκαστον,
3055 4947 3284 5015 ,ἀφεῖναι
3318 4945 3412 4998 τὸν
3439 4944 3639 4998 δοῦλον
3677 4940 3766 4994 καὶ

2174 5039 2272 5110 τὴν
2309 5039 2526 5110 δούλην.
2554 5035 2687 5093 Εῐτα
2725 5039 3069 5110 μετενόησαν
3100 5039 3197 5092 ἐπὶ
3229 5039 3345 5101 τοῖς
3373 5036 3760 5108 γιγνομένοις,

2175 5129 2270 5182 καὶ
2309 5129 2503 5182 είασαν
2527 5128 2727 5192 αὐτοὺς
2759 5131 2840 5192 είς
2870 5129 3069 5192 παῖδας
3097 5127 3194 5182 καὶ
3223 5126 3548 5188 παιδίσκας.

2247 5218 2359 5273 Καὶ
2385 5217 2640 5288 ἐγενήθη
2686 5219 2872 5289 λόγος
2913 5217 3140 5286 Κυρίου
3174 5216 3322 5286 πρὸς
3377 5215 3692 5284 Ἰερεμίαν.

2245 5401 2470 5474 Πρῶτον
2503 5401 2790 5470 agmen;
2829 5402 3186 5471 καταστήσας
3211 5439 3227 5467 ,
3276 5399 3449 5463 οὕτως
3496 5394 3750 5467 ἐνομοθέ-

2174 5511 2315 5565 τησα
2339 5512 2352 5526 ο
2388 5495 2632 5559 δουλείας
2663 5495 2981 5566 ἀπήλλαξα,
3021 5495 3114 5547 καὶ
3139 5492 3206 5547 τά
3246 5492 3388 5546 αὐτά
3418 5494 3599 5544 ποιεῖν
3631 5483 3742 5540 ἐκέ·
