4004 6156
298 315 406 372 993

1301 323 1310 334 '
1411 304 1826 362 FRAGMENTA
1868 303 1931 358 IN
1972 304 2341 360 JEREMIAM.

3467 315 3570 368 995

297 434 488 485 λευον’
553 423 747 498 μισθὸν
793 422 1040 494 ἀπῄτουν
1088 423 1198 476 τῶν
1225 420 1582 492 εὐεργεσιῶν.
1634 420 1727 492 Μὴ
1778 420 1887 491 γὰρ

2014 423 2222 490 ιτωεερὶ
2256 437 2270 476 :
2300 420 2522 492 rependi
2547 420 2678 476 mihi
2710 435 2809 492 pro
2829 420 3044 478 collatis
3069 422 3352 481 beneﬁciis
3382 440 3573 495 poscc-

297 517 511 590 δωρεὰν
544 515 705 569 τοῦτο
734 512 951 583 ἔπραξα
978 531 993 580 ;
1028 512 1162 566 Ὅτε
1193 510 1377 574 καλῶς
1403 511 1600 566 ἔλαϐον
1626 511 1728 580 τῆς
1757 510 1884 564 δου-

297 611 452 674 λείας
477 609 578 680 τὴν
610 609 832 679 πεῖραν,
858 605 980 659 τότε
1013 604 1218 668 αὐτοὺς
1261 603 1400 674 πρὸς
1430 602 1531 674 τὴν
1550 604 1747 672 ἄφεσιν
1779 601 1887 672 ὦρ-

302 717 478 772 μησα.
519 700 583 751 Τί
613 693 708 752 οὖν
743 697 888 750 εἴποι
909 713 997 759 τις
1041 695 1142 761 ᾶν;
1176 693 1604 765 φιλοσοφώτεροι
1645 693 1888 747 Ἰουδαῖοι

301 791 485 864 ήμῶν.
521 790 632 846 Καί
673 788 801 860 μετ’
836 789 1013 857 όλίτα
1040 803 1055 818 ⁸
1097 788 1248 840 Ἐκεῖ
1307 787 1407 857 μὲν
1442 786 1556 858 γὰρ
1592 785 1734 841 ἑπτὰ
1767 803 1892 840 συν-

301 889 588 958 εχώρησεν
602 883 721 955 ἐτη,
747 880 986 948 ἐνταῦθα
1005 880 1063 933 δὲ
1087 878 1320 934 καθόλου
1353 878 1452 950 τὴν
1471 878 1716 933 δουλείαν
1742 879 1894 932 ἀνεῖ-

301 977 415 1031 λεν.
441 977 565 1030 Οὐκ
595 974 728 1028 ἔστι
759 971 1002 1038 δοῦλος,
1037 973 1150 1025 οὐκ
1178 971 1353 1024 ἐστιν
1368 969 1892 1038 ἐλεύθερος.-Καί

299 1067 431 1140 μετ’
470 1067 678 1137 όλίγαῇ
715 1066 836 1120 Ἵνα
885 1064 962 1137 μὴ
995 1062 1412 1135 ῥᾳθυμοτέρως
1437 1061 1596 1114 τοῦτο
1627 1061 1754 1123 τοὺς
1770 1059 1893 1113 δού·

304 1166 434 1225 λους
461 1158 790 1230 ἐργάσηται,
830 1157 923 1228 Μὴ
965 1156 1366 1226 καταφρονεῖτε
1391 1153 1595 1218 αὐτῶν,
1624 1153 1706 1206 ὅτι
1734 1151 1897 1206 ἀδελ-

307 1250 399 1321 φοί
420 1249 560 1303 είσιν
578 1249 628 1302 οί
646 1249 745 1319 τῆς
779 1247 1102 1317 εὐεργεσίας
1128 1243 1680 1315 ἀντιλαμϐανόμενοι,
1705 1241 1892 1313 φησίν.

379 1343 495 1397 Καὶ
533 1341 982 1410 ὐπεστρέψατε.

379 1436 518 1508 Οὐχὶ
561 1434 662 1504 τὴν
701 1435 784 1497 είς
815 1433 1064 1495 ἐκείνους
1093 1430 1314 1486 ἀδικίαν
1348 1428 1551 1483 ἐκδικῶ
1597 1425 1898 1497 γενομένην

312 1527 497 1599 μόνον,
523 1525 662 1580 ἀλλὰ
685 1524 780 1578 καὶ
813 1522 914 1595 τὴν
943 1521 1041 1576 τοῦ
1071 1522 1243 1592 νόμου
1274 1518 1614 1591 παράϐασιν.

391 1617 597 1688 ’Υμεῖς
626 1618 739 1672 οὐκ
767 1613 1075 1684 ἠκούσατέ
1099 1629 1242 1681 μου.

381 1687 601 1767 Τὸίπᾶν
639 1710 777 1782 ήμῖν
802 1707 932 1780 περὶ
957 1707 1059 1775 τῆς
1093 1702 1382 1768 εὐσεϐείας
1414 1696 1807 1756 κινδυνεύεται.
1837 1687 1907 1749 Τί

310 1803 429 1869 οὖν,
454 1801 620 1872 φησίς
645 1799 859 1871 χαλεπὴ
890 1799 923 1868 ή
948 1795 1212 1866 τιμωρία,
1239 1793 1472 1856 θάνατος
1495 1793 1618 1845 ἀντὶ
1637 1789 1903 1849 δουλείας,

318 1895 415 1948 καὶ
446 1892 595 1954 τίνος
628 1890 818 1943 ἓνεκεν
843 1885 1022 1948 οὕτως
1052 1882 1385 1954 ἁμείϐεταις
1417 1883 1569 1952 ὅρκοι
1596 1877 1910 1952 παρεϐἀθη-

315 2003 437 2050 σαν,
475 1981 704 2036 σπονδαὶ
756 1975 1250 2046 κατεπατήθησαν,
1298 1974 1432 2027 αὐτὸ
1475 1973 1538 2026 τὸ
1582 1973 1725 2043 μέγα
1768 1971 1907 2026 καθ-

312 2075 550 2147 υϐρίσθη
582 2073 757 2140 ϐνομα
777 2071 873 2124 τοῦ
904 2067 1069 2134 Θεοῦ,
1094 2067 1239 2120 ὥστε
1265 2066 1395 2120 ὅταν
1422 2065 1540 2137 ῐδῃς
1567 2065 1764 2128 αὐτοὺς
1796 2064 1909 2116 δια-

315 2164 720 2236 σπειρομένους
743 2202 758 2228 ,
798 2163 875 2232 μὴ
914 2161 1017 2232 τήν
1047 2161 1129 2223 είς
1175 2160 1311 2222 τούς
1349 2157 1572 2219 δούλους
1608 2157 1910 2227 γενομένην

317 2256 537 2312 ἀδικίαν
571 2254 836 2327 ἐννοήσῃς
902 2253 1089 2323 μόνον,
1149 2250 1288 2304 ἀλλὰ
1340 2247 1628 2320 προστίθει
1673 2247 1769 2302 καὶ
1817 2247 1911 2300 τὸν

319 2347 654 2418 ὑϐρισμένον
680 2344 813 2398 Θεὸν
843 2343 912 2396 δι’
941 2342 1202 2409 ἐκείνων,
1226 2341 1323 2394 καὶ
1346 2339 1468 2393 οὐδὲ
1487 2339 1587 2410 τὴν
1613 2338 1771 2406 ἀξίαν
1789 2337 1911 2408 ὄψει

317 2437 478 2506 δίκην
517 2434 915 2506 ὑπομένοντας.

401 2527 548 2582 Ἰδοὺ
595 2527 710 2597 ἐγὼ
764 2523 934 2580 καλῶ
998 2525 1144 2595 ὑμῖν
1188 2523 1446 2593 ἄφεσιν,
1488 2521 1645 2592 φησί
1671 2522 1908 2592 Κύριος.

317 2613 456 2670 Εἶτα
480 2614 621 2686 μετά
639 2613 872 2684 βραχέα.
890 2613 1002 2666 Καί
1034 2611 1207 2666 δώσω
1237 2611 1382 2678 τοὺς
1393 2611 1747 2680 ἀνθρώπους
1770 2608 1912 2674 τοὺς

318 2709 820 2779 παρεληλυθότας
846 2705 964 2773 τὴν
985 2705 1286 2772 διαθήκην
1311 2721 1453 2773 μου,
1481 2701 1625 2769 τοὺς
1649 2700 1733 2772 μὴ
1760 2697 1911 2766 στή-

319 2811 552 2865 σαντας
581 2797 724 2864 τοὺς
757 2797 981 2867 λόγους
1003 2813 1124 2866 μου
1176 2793 1285 2863 τῆς
1313 2793 1612 2862 διαθήκης
1639 2810 1758 2863 μου
1776 2830 1795 2855 .
1834 2784 1913 2862 ἧς

318 2893 625 2960 ἐποίησαν
678 2888 834 2944 κατὰ
876 2889 1208 2958 πρόσωπόν
1234 2903 1357 2955 μου
1394 2886 1502 2941 τόν
1543 2887 1808 2956 μόσχον,
1831 2882 1914 2952 ⁸ὃν·

318 2984 622 3051 ἐποίησαν
669 2981 758 3045 εὶς
795 2977 906 3032 δύο
935 3019 952 3044 ,
988 2977 1087 3031 καί
1125 2975 1392 3046 διῆλθον
1423 2975 1522 3029 διὰ
1556 2974 1754 3044 μέσου
1790 2971 1913 3027 τῶν

1992 517 2134 569 ham.
2158 513 2296 568 Num
2326 514 2473 568 enim
2510 513 2564 569 id
2597 515 2768 584 gratis
2803 515 2930 586 egi?
2961 514 3067 571 Ubi
3097 517 3382 573 servitutis
3411 533 3576 589 expe-

1993 608 2280 661 rimentum
2307 606 2475 675 probe
2499 617 2804 678 coeperunt,
2838 617 2964 662 tunc
2985 621 3079 664 eos
3105 609 3173 663 ad
3194 608 3573 666 dimissionem

1994 699 2245 753 hortatus
2275 713 2418 752 sum.
2454 696 2593 763 Quid
2623 697 2792 767 igitur
2830 698 3097 768 quispiam
3119 701 3361 756 dixerit?
3398 699 3570 758 Judaei

1995 789 2354 858 sapientiores
2418 789 2594 844 nobis.
2647 787 2716 842 Et
2757 791 2942 860 paucis
2995 793 3238 849 annexis.
3280 793 3360 848 lbi
3428 794 3574 849 enim

1996 889 2203 952 septem
2235 896 2408 938 annos
2446 882 2699 951 permisit
2728 899 2743 936 :
2807 882 2896 938 hic
2920 892 3103 939 autem
3138 886 3360 940 omnino
3392 887 3570 942 servi-

1999 982 2166 1028 tutem
2191 973 2370 1043 exegit
2406 988 2420 1026 :
2461 971 2585 1027 Non
2610 983 2684 1028 est
2724 990 2922 1041 servus,
2950 991 3053 1029 non
3085 985 3162 1030 est
3182 975 3482 1032 liber".—-—
3506 977 3578 1032 Et

1997 1075 2110 1134 post
2163 1083 2353 1136 pauca.
2397 1065 2690 1137 Segniores
2725 1070 2828 1124 hoc
2877 1068 3114 1126 ediceret
3150 1087 3371 1139 servos;
3411 1072 3580 1128 nolite

2001 1172 2094 1212 eos
2119 1166 2500 1225 contemnere,
2539 1159 2734 1228 inquit,
2783 1159 2981 1216 fratres
3019 1161 3164 1216 enim
3190 1172 3338 1228 sunt,
3363 1163 3452 1232 qui
3479 1163 3577 1218 be-

2002 1248 2200 1302 neﬁcio
2230 1248 2562 1319 alliciuntur.

2073 1337 2240 1394 Vens.
2277 1338 2368 1393 16.
2399 1339 2466 1393 Et
2492 1342 2683 1396 reversi
2707 1342 2853 1397 estis.

2076 1430 2198 1486 Non
2235 1431 2469 1486 ulciscor
2490 1441 2722 1498 tantum,
2742 1434 2888 1503 quod
2917 1433 3102 1504 inique
3121 1450 3240 1490 eum
3271 1436 3378 1491 illis
3397 1446 3576 1492 actum

2005 1530 2112 1585 est,
2145 1521 2241 1576 sed
2271 1529 2326 1575 et
2358 1521 2492 1591 legis
2522 1524 3032 1592 transgressionem.

2082 1610 2248 1667 Vsus.
2275 1612 2361 1666 l7.
2403 1611 2506 1666 Vos
2546 1629 2650 1667 non
2682 1614 2912 1668 audistis
2938 1630 3038 1669 me.

2084 1700 2159 1754 De
2188 1715 2397 1755 summa
2451 1701 2673 1771 pietatis
2725 1703 2925 1772 agitur.
2975 1703 3114 1770 Quid
3146 1705 3581 1779 igitur?gravis,

2010 1789 2209 1859 inquit,
2236 1790 2466 1858 punitio,
2502 1805 2652 1845 mors
2677 1806 2776 1859 pro
2809 1793 3091 1859 servitute,
3110 1805 3163 1849 et
3194 1795 3471 1863 cujusnam
3503 1801 3581 1852 rei

2009 1881 2185 1950 gratia
2212 1882 2285 1936 ita
2313 1882 2674 1950 rependitur?
2697 1881 3078 1952 jusjurandum
3107 1886 3390 1955 violatum,
3424 1900 3581 1958 pacta

2007 1972 2324 2027 conculcata
2359 1983 2509 2038 sunt,
2549 1974 2722 2043 ipsum
2761 1975 2855 2030 Dei
2908 1992 3162 2045 magnum
3219 1993 3414 2033 nomen
3447 1980 3581 2036 all'e-

2008 2075 2154 2120 Ctum
2199 2064 2419 2134 injuria.
2450 2064 2584 2120 Cum
2623 2081 2753 2136 ergo
2790 2066 2995 2122 videris
3024 2083 3118 2124 eos
3154 2069 3446 2139 dispersos,
3477 2088 3583 2127 non

2009 2165 2218 2210 tantum
2254 2157 2453 2212 factam
2500 2157 2555 2211 in
2601 2171 2791 2214 servos
2842 2159 3184 2230 iniquitatem
3231 2163 3457 2232 cogites,
3488 2165 3584 2218 sed

2009 2248 2196 2302 addito
2224 2257 2279 2302 et
2316 2247 2488 2302 Deum
2536 2263 2636 2318 per
2667 2249 2786 2304 illos
2837 2252 3169 2306 contumelia
3213 2251 3491 2320 affectum,
3524 2263 3582 2308 et

2011 2340 2221 2396 videbis
2245 2355 2340 2396 eos
2363 2341 2512 2396 luere
2540 2356 2729 2411 lumnas
2758 2343 2894 2399 citra
2928 2345 3204 2400 meritum.

2077 2528 2095 2549 ⁹
2117 2524 2288 2580 Vens.
2324 2523 2410 2578 17.
2449 2522 2582 2579 Ecce
2607 2541 2700 2593 ego
2746 2542 2872 2581 voco
2907 2527 3050 2581 nobis
3091 2529 3472 2594 dimissionem,
3509 2533 3586 2586 ait

2010 2617 2276 2672 dominus.
2299 2615 2363 2670 Et
2399 2628 2518 2689 post
2550 2632 2743 2690 pauca.
2775 2615 2962 2688 Heus.
2983 2617 3100 2691 18.]
3121 2617 3185 2673 Et
3203 2621 3337 2674 dabo
3353 2624 3588 2678 homines

2008 2709 2097 2777 qui
2118 2711 2432 2778 transgressi
2467 2720 2584 2764 sunt
2601 2717 2970 2763 testamentum
2998 2725 3192 2774 meum,
3211 2711 3301 2779 qui
3333 2727 3438 2766 non
3464 2721 3584 2766 εισι

2012 2799 2262 2855 bilierunt
2290 2817 2558 2856 sermones
2593 2801 2891 2854 testamenti
2931 2801 3030 2853 mei
3069 2800 3210 2870 quod
3251 2799 3488 2869 fecerunt
3515 2803 3588 2855 ad

2013 2891 2201 2960 facient
2236 2907 2428 2956 means,
2481 2891 2704 2946 vitulum
2747 2907 2899 2962 quem
2957 2892 3299 2945 conciderant
3354 2893 3410 2946 in
3452 2895 3587 2947 duas

2012 2992 2208 3052 partes,
2244 2992 2290 3036 et
2311 2983 2634 3036 transierunt
2674 2997 2766 3052 per
2803 2981 3032 3036 medium
3065 2981 3387 3036 divisionum
3405 2971 3596 3037 eorum.

320 3069 810 3144 διχοτομημάτων
831 3067 1054 3135 αὐτῶν,
1089 3067 1230 3134 τοὺς
1253 3065 1552 3136 ἄρχοντας
1564 3063 1784 3130 Ἰούδα,
1811 3061 1906 3117 καί

2014 3074 2272 3143 principes
2302 3071 2448 3128 Iuda
2481 3083 2529 3128 et
2561 3073 2820 3143 principes
2847 3071 3146 3128 Jerusalem
3185 3088 3207 3128 :
3238 3081 3295 3128 et
3323 3088 3446 3144 qua:
3491 3089 3583 3130 se-

321 3165 467 3230 τοὺς
491 3165 789 3233 ἄρχοντας
836 3160 1264 3228 Ἰερουσαλήμ,
1300 3157 1394 3211 καὶ
1419 3155 1490 3210 τὰ
1521 3155 1672 3226 ἑξῆς.

393 3257 510 3326 Τῆς
568 3253 854 3325 συνθήκης
916 3251 978 3304 τὸ
1031 3247 1173 3315 εἶδος
1222 3249 1471 3304 τέθεικεν
1511 3251 1541 3304 ό
1590 3249 1911 3320 προφήτης,

322 3347 726 3419 ἐναργέστερον
753 3343 848 3399 τὸν
886 3343 1114 3414 ἔλεγχον
1170 3341 1498 3414 ποιούμενος
1528 3357 1542 3373 ο
1577 3341 1777 3412 μόσχον
1803 3340 1914 3410 γὰρ

325 3439 592 3502 θύσαντες
617 3435 700 3508 τῷ
730 3435 852 3507 Θεῷ
895 3436 989 3490 καὶ
1034 3433 1159 3505 διχῆ
1204 3433 1518 3499 διελόντες,
1565 3432 1779 3504 διῆλθον
1823 3431 1913 3485 διὰ

328 3530 524 3600 μέσου,
557 3528 652 3583 καὶ
678 3526 1192 3599 προσκεκομικότες
1223 3525 1292 3578 τὰ
1319 3523 1753 3596 διχοτομήματα,
1780 3538 1910 3575 συν-

327 3622 519 3676 έθεντο
537 3617 838 3674 ἀπολύσειν
859 3619 1006 3673 κατὰ
1021 3617 1113 3670 τὸν
1136 3617 1303 3687 νόμον
1323 3617 1454 3678 τοὺς
1478 3615 1676 3677 παῖδας
1699 3613 1913 3666 ἐλευθέ-

332 3730 460 3784 ρους
501 3712 582 3784 τῷ
615 3710 758 3784 Θεῷ,
811 3710 1188 3782 ὑποσχόμενος
1223 3707 1386 3762 τοῦτο
1417 3707 1696 3777 ποιήσειν,
1739 3703 1815 3766 ὡς
1845 3703 1910 3772 δή

335 3804 704 3875 ἔξιλευόμενοι
729 3803 790 3858 τὸ
819 3803 977 3856 Θεῖον
1003 3801 1099 3854 ἐπὶ
1122 3802 1190 3871 τῇ
1221 3796 1559 3869 προκειμένῃ
1591 3795 1751 3866 ὀργῇ.
1779 3791 1910 3846 Εἶτα

333 3899 401 3949 ὲκ
424 3895 525 3966 τῆς
543 3894 652 3948 τῶν
669 3891 1131 3965 ψευδοπροφητῶν
1159 3889 1361 3952 αίτίας,
1385 3887 1461 3952 ὼς
1488 3887 1590 3940 οὐκ
1616 3883 1909 3957 ὀργιζομέ-

331 4006 427 4044 νου
451 3987 588 4042 Θεοῦ
629 3985 1078 4058 μεταγράφοντες
1119 3979 1530 4038 ἀνεκαλέσαντο
1556 3977 1684 4041 τοὺς
1710 3975 1912 4030 ἀπολυ-

327 4085 547 4147 θέντας.
599 4079 914 4153 Ὀργισθεὶς
940 4077 1126 4131 τοίνυν
1153 4076 1182 4128 ὁ
1211 4073 1346 4136 Θεὸς
1372 4071 1464 4125 τὸν
1492 4069 1714 4140 ἔλεγχον
1741 4085 1908 4137 ποιη-

329 4177 570 4248 σάμενος
589 4212 606 4238 ,
636 4172 857 4227 ἀπειλεῖ
879 4170 1065 4232 αὐτοῖς
1093 4166 1192 4238 τὴν
1227 4165 1454 4220 ἅλωσιν.
1485 4160 1629 4232 Εἴπῃ
1663 4161 1707 4214 δ’
1737 4159 1803 4214 ἄν
1826 4175 1908 4221 τις

326 4267 557 4328 δικαίως
583 4305 600 4332 ,
647 4263 725 4326 ὡς
767 4261 1003 4317 κάκεῖνα
1043 4257 1115 4312 τὰ
1147 4256 1249 4327 τῆς
1293 4253 1644 4325 ἀνακλήσεως
1685 4252 1910 4322 ῥήματα

327 4361 457 4417 καθ’
486 4359 546 4413 δν
585 4355 780 4427 καιρὸν
813 4352 1076 4424 ἀμείνους
1109 4349 1296 4415 ἔδοξαν
1321 4345 1576 4416 γενέσθαι
1600 4384 1616 4410 ,
1639 4342 1910 4412 ὑπέσχετο

2014 3173 2279 3232 quuntur.

2087 3255 2334 3312 Foederis
2359 3254 2587 3311 formam
2631 3255 2916 3326 proposuit
2969 3255 3258 3326 prepheta,
3298 3256 3586 3312 clariorem

2015 3343 2256 3400 inferens
2297 3343 2734 3413 redargutionem
2772 3357 2788 3397 :
2843 3359 2968 3421 cum
3013 3345 3156 3399 enim
3193 3345 3424 3399 vitulqu
3477 3344 3589 3400 Deo

2013 3435 2447 3501 sacriﬁcasseut,
2509 3444 2563 3490 et
2621 3435 2674 3489 in
2744 3435 2882 3490 duas
2930 3445 3115 3503 partes
3175 3435 3587 3498 dissecuissent.

2017 3527 2352 3581 transierunt
2375 3540 2470 3594 per
2499 3525 2760 3588 medium,
2819 3534 2874 3580 et
2905 3525 3154 3580 adductis
3177 3527 3427 3595 partibus
3450 3528 3589 3582 divi-

2012 3617 2112 3682 sis,
2147 3626 2307 3686 pacto
2352 3625 2728 3670 convenerunt
2752 3632 2812 3672 se
2843 3631 2946 3687 pro
2989 3617 3101 3672 Deo
3128 3616 3379 3673 libertate
3415 3620 3586 3675 dona-

2017 3718 2166 3762 turos
2217 3715 2376 3777 prout
2397 3707 2481 3762 lex
2523 3706 2840 3775 iubebat“,
2883 3723 3117 3764 servos:
3176 3709 3496 3779 pollicentes
3529 3730 3589 3769 se

2013 3799 2064 3852 id
2093 3799 2466 3868 prmstituros,
2499 3808 2559 3853 ut
2613 3799 2784 3854 Deum
2835 3815 2934 3870 pro
2969 3799 3047 3854 ira
3083 3802 3358 3871 proposita
3393 3805 3590 3860 redde-

2017 3899 2136 3945 rent
2165 3889 2482 3960 propitium.
2525 3891 2789 3959 Deinceps
2835 3891 3430 3964 pseudoprophetarum
3455 3912 3588 3952 cau-

2012 3997 2094 4048 sa,
2129 3997 2195 4038 ae
2222 3983 2266 4037 si
2295 3982 2439 4037 Deus
2464 3997 2573 4038 non
2616 3982 2969 4051 irasceretur,
3011 3986 3376 4044 manumissos
3411 3990 3590 4057 poeni-

2015 4075 2184 4130 tentia
2215 4075 2362 4130 ducti
2395 4083 2743 4141 revocarunt,
2777 4074 2831 4130 in
2857 4079 3197 4134 servitutem.
3227 4079 3404 4134 Iratus
3425 4082 3590 4149 igitur

2014 4165 2155 4222 Deus
2188 4166 2292 4222 illis
2323 4167 2589 4222 convictis
2613 4168 2980 4222 comminatur
3013 4171 3396 4237 perditionem.
3421 4171 3591 4227 Porro

2014 4258 2139 4324 quia
2193 4258 2374 4312 dicere
2420 4258 2545 4328 quis
2593 4258 2741 4324 juste
2775 4258 3063 4327 potuisset.
3097 4259 3186 4313 illa
3224 4259 3590 4315 revocatiouis

2015 4349 2176 4404 verba
2206 4349 2390 4404 habita
2431 4358 2560 4403 tunc
2617 4349 2902 4418 temporis,
2951 4363 3074 4404 eum
3121 4351 3304 4405 animo
3340 4351 3592 4406 meliores

327 4455 358 4507 ό
391 4452 526 4515 Θεός
546 4466 561 4480 ⁸
581 4448 704 4504 ὅθεν
734 4447 830 4502 καὶ
859 4449 887 4500 ὁ
918 4443 1210 4516 προφήτης
1241 4439 1318 4504 ὡς
1345 4438 1487 4510 ὁρῶν
1513 4436 1711 4500 αὐτοὺς
1743 4450 1906 4505 μετα-

2017 4441 2360 4506 videbantur,
2391 4449 2442 4494 et
2499 4439 2666 4494 Deum
2695 4440 3034 4507 promisisse,
3066 4441 3296 4510 ideoque
3325 4442 3589 4510 propheta

330 4540 728 4613 ϐεϐλημένους,
758 4537 839 4599 είς
861 4534 1098 4605 ἀπορίαν
1137 4531 1401 4598 κατέστη,
1442 4523 1905 4613 πολιορκουμένης

330 4630 433 4698 τῆς
477 4612 710 4689 πόλεως.
751 4622 853 4676 Διά
883 4621 1044 4675 τοῦτο
1087 4621 1116 4674 ό
1165 4618 1300 4682 Θεὸς
1332 4615 1536 4670 πείθων
1581 4613 1779 4691 αὐτὸνη
1811 4612 1907 4666 καὶ

329 4721 433 4791 τὴν
465 4718 673 4773 ἅλωσιν
721 4717 976 4788 προεῖπε,
1020 4713 1116 4767 καὶ
1163 4709 1360 4782 ήλεγξε
1399 4708 1499 4778 τὴν
1542 4705 1769 4776 γνώμην
1799 4704 1908 4756 τῶν

331 4807 832 4882 σχηματιζομένων
865 4805 964 4878 τὴν
1003 4803 1309 4857 εὐσέϐειαν.

404 4901 520 4971 Τὴν
567 4898 723 4954 πόλιν
768 4897 924 4952 οὐδὲν
969 4895 1160 4965 ἕτερον
1208 4891 1465 4962 ἐποίησεν
1512 4889 1570 4942 ὲν
1622 4886 1912 4958 πολιορκίᾳ

332 4991 516 5061 εἶναι,
543 4991 662 5046 ἀλλ’
695 4990 729 5062 ἢ
763 4989 825 5043 τὸ
872 4988 950 5060 μὴ
979 4989 1162 5058 μεῖναι
1209 4983 1310 5046 τὰς
1352 4980 1644 5051 συνθήκας,
1689 4978 1784 5031 καὶ
1813 4976 1932 5040 τὰς’

333 5085 476 5158 πρὸς
511 5084 639 5147 τούς
675 5080 994 5153 Βαρϐάρους
1047 5077 1127 5149 τῷ
1172 5075 1397 5147 Σεδεκίᾳ
1422 5071 1816 5144 γεγενημένας.
1847 5071 1914 5123 Τί

331 5177 546 5233 τούτων
583 5175 782 5246 γένοιτ’
827 5173 895 5229 ἂν
941 5172 1431 5242 ἀναισθητότερον;
1485 5167 1770 5241 Ἐπιορκία
1812 5167 1912 5238 τὴν

333 5268 494 5324 πόλιν
514 5261 650 5333 εἷλε,
676 5267 773 5322 καὶ
797 5264 962 5322 πάλιν
988 5264 1049 5319 τὸ
1070 5263 1202 5320 αὐτὸ
1228 5262 1442 5333 νόσημα
1466 5262 1699 5331 γίνεται,
1721 5276 1914 5330 μονον-

334 5357 462 5430 ουχλ⁸
526 5355 968 5427 φιλονεικοῦντες
997 5353 1076 5425 τῷ
1117 5351 1237 5424 Θεῷ
1274 5351 1449 5405 ταῦτα
1486 5349 1728 5405 ἐποίουν.
1757 5349 1915 5402 Ὅσοι

335 5449 612 5522 κέχρησθε
625 5452 739 5512 τοῖς
761 5449 967 5520 ὅρκοις,
992 5447 1083 5500 καὶ
1101 5463 1175 5498 πα
1184 5443 1470 5517 ραϐαίνετε
1489 5443 1734 5509 τούτους,
1752 5443 1914 5514 ὁρᾶτε

332 5543 439 5606 τὰς
470 5540 766 5612 τιμωρίας.

413 5722 461 5755 ³³
497 5717 676 5775 Galat.
708 5729 792 5782 tu,
823 5714 910 5769 18.
987 5713 1035 5747 ’⁸
1073 5709 1244 5767 Exod.
1273 5721 1388 5775 ut,
1422 5705 1477 5763 2.

2016 4532 2068 4586 in
2130 4531 2296 4585 animi
2364 4530 2556 4585 incidit
2610 4531 3025 4601 perplexitatem
3075 4533 3299 4587 obsessa
3347 4531 3589 4595 civitate,

2015 4639 2138 4678 cum
2170 4623 2288 4678 illos
2319 4623 2529 4677 videret
2565 4623 2899 4680 immutatos.
2929 4624 3226 4694 Propterea
3276 4622 3418 4678 Deus
3443 4622 3590 4676 illum

2019 4711 2247 4766 reddens
2285 4724 2626 4779 persuasum,
2656 4721 2711 4767 et
2731 4711 3002 4768 excidium
3048 4712 3320 4782 prmdixit,
3355 4720 3408 4764 et
3444 4725 3594 4763 men-

2020 4809 2127 4852 tem
2165 4797 2536 4853 manifestavit
2563 4815 2752 4854 eorum
2788 4800 2881 4870 qui
2916 4799 3171 4870 pietatem
3200 4800 3554 4854 simulabant.

2089 4887 2235 4944 Nihil
2288 4888 2434 4943 aliud
2489 4890 2642 4945 urhis
2695 4889 3004 4945 obsidenda:
3037 4904 3201 4944 causa
3257 4888 3379 4956 fuit,
3430 4905 3591 4959 quam

2020 4981 2328 5051 pactionum
2356 4981 2582 5038 violatio
2614 4981 2829 5036 illarum
2859 4981 3022 5036 etiam
3064 4996 3198 5052 quas
3231 4997 3350 5036 cum
3390 4981 3594 5036 Barba-

2021 5074 2096 5128 ris
2123 5071 2381 5129 Sedecias
2412 5073 2745 5130 confecerat.
2790 5072 2929 5139 Quid
2959 5072 3047 5128 his
3082 5071 3198 5127 ﬁeri
3229 5073 3400 5142 possit
3425 5073 3594 5127 insul-

2020 5164 2179 5220 sius?
2237 5165 2546 5236 Perjurium
2597 5167 2744 5236 cepit
2793 5166 3030 5231 urbem;
3092 5175 3148 5221 et
3181 5165 3321 5220 idem
3378 5165 3596 5220 morbus

2021 5255 2218 5311 iterum
2250 5265 2534 5326 grassatur
2563 5275 2578 5311 :
2605 5265 2815 5310 tantum
2858 5272 2965 5311 non
2995 5265 3304 5326 pugnantes
3336 5271 3455 5311 cum
3486 5254 3596 5308 Deo

2023 5347 2214 5404 istltaee
2260 5349 2516 5419 agebant.
2569 5346 2672 5414 Qui
2717 5346 3034 5417 iuramenta
3086 5347 3378 5416 adhibetis,
3423 5359 3595 5416 caque

2023 5438 2491 5509 transgredimini,
2525 5438 2838 5510 punitiones
2859 5439 3224 5495 considerate.
