4016 6152
454 307 561 367 905

1049 425 1204 482 CAP.
1244 425 1465 481 XXXV.

535 568 556 588 ⁹
583 563 753 619 νεεδ.
783 564 838 619 4.
864 560 1041 627 Quam
1080 560 1356 615 introdusi
1389 561 1445 613 in
1465 560 1681 614 domum
1712 558 1954 626 Domini,
1985 561 2043 615 iu

455 657 852 728 pastophorium
892 653 1129 722 ﬁliorum
1163 653 1395 707 Annam.
1442 650 1561 706 Hoc
1583 660 1671 707 est
1693 652 1749 706 in
1780 650 2041 707 exedram

457 749 793 819 assignatam
831 747 1070 801 Annam.
1113 742 1239 814 Ipse
1279 755 1456 800 autem
1486 755 1600 800 erat
1649 761 1811 815 prope
1827 746 2043 800 domum

455 842 749 912 principum
798 855 975 913 super
996 838 1407 904 pastophorium
1443 834 1656 892 Haasei
1686 836 1795 907 ﬁlii
1820 835 2043 892 Salmon

455 930 796 988 custodientis
855 932 1074 986 atrium.
1128 930 1414 999 Hebraeus,
1459 929 1823 986 Custodietttis
1876 932 2043 986 vesti-

456 1037 671 1082 mentun
715 1025 1017 1081 ministerii.

528 1206 697 1262 Vsus.
747 1206 802 1262 5.
836 1204 909 1259 Et
934 1206 1057 1260 dedi
1089 1221 1268 1259 coram
1290 1206 1390 1262 eis.

532 1295 678 1352 Sane
702 1296 1066 1350 admiratione
1096 1296 1315 1365 dignum
1339 1297 1612 1366 quomodo
1649 1298 1706 1353 in
1744 1297 1838 1354 tali
1866 1313 2042 1369 popu-

461 1386 516 1443 lo
538 1387 709 1442 vitam
741 1386 1006 1441 ducentes
1053 1386 1327 1442 excellens
1364 1388 1493 1443 vitae
1548 1388 1857 1444 institutum
1889 1400 2041 1444 tene-

458 1479 614 1533 baut.
632 1476 838 1533 Levita:
859 1476 1078 1545 quidam
1103 1488 1260 1533 erant
1281 1496 1294 1533 :
1317 1478 1370 1532 hi
1395 1478 1564 1533 multa
1592 1479 2043 1536 viderantexem-

460 1567 571 1637 pla,
606 1565 915 1631 Nazaraeos,
947 1568 1138 1631 Eliam,
1170 1576 1227 1622 et
1279 1567 1635 1635 Elismum,et
1657 1570 1778 1626 illos
1797 1571 2039 1627 amulati

461 1669 610 1715 sunt.
634 1659 821 1726 Vides,
856 1661 901 1714 si
943 1660 1184 1714 animum
1223 1662 1507 1716 attendere
1546 1662 1770 1728 vellent,
1801 1679 1909 1719 non
1941 1664 2039 1720 de-

459 1752 632 1808 fuisse
665 1753 963 1822 exetnpla?
1005 1752 1114 1807 Sed
1142 1763 1199 1809 et
1219 1753 1277 1808 bi
1305 1754 1504 1823 captivi
1534 1755 1683 1810 ducti
1711 1762 1840 1811 sunt
1868 1774 1884 1823 ;
1915 1770 2038 1812 nam

1204 306 1779 391 SUPPLEMENTUM
1817 305 1909 363 AD
1950 306 2010 362 S.
2049 304 2101 361 ι.
2145 302 2636 361 CIIRYSOSTOMI
2677 298 2929 359 OPERA.

3633 291 3734 350 996

2788 417 2948 471 ΚΕΦ.
2983 415 3107 470 AE’.

2215 564 2232 582 '
2268 562 2383 616 Ἦν
2412 558 2745 629 εἰσήγαγον
2791 557 2879 622 εις
2921 553 3032 608 τὸν
3061 547 3235 608 οἷκον
3263 547 3515 618 Κυρίου,
3539 549 3630 616 εἰς
3668 547 3734 603 τὸ

2142 653 2554 721 παστοφόριον
2585 648 2738 704 υἱῶν
2775 645 3014 703 Ἅνναν.
3037 642 3350 707 Τουτέστιν,
3385 643 3466 705 είς
3500 641 3602 712 τὴν
3646 640 3734 707 ἒξ-

2144 745 2307 816 έδραν
2365 743 2466 813 τὴν
2512 728 3007 811 ἀπόνενεμημένην
3038 734 3120 805 τῷ
3178 733 3392 790 Ἀννάν.
3435 732 3633 798 Αὐτὸς
3669 730 3735 785 δὲ

2141 837 2314 892 ἐστιν
2361 836 2541 905 ἐγγυς
2606 833 2779 887 οἴκου
2831 827 2954 885 τῶν
3006 829 3321 899 ἀρχόντων
3368 826 3574 880 ἐπάνω
3627 825 3734 879 τοῦ

2140 928 2560 998 παστοφορίου
2590 924 2913 980 Μαασαίου
2950 922 3088 977 υιοῦ
3126 917 3426 990 Σαλμὼν,
3477 916 3590 971 τοῦ
3624 933 3736 984 φυ-

2140 1022 2491 1086 λάσσοντος
2507 1020 2615 1073 τὸν
2631 1016 2925 1086 σταθμόν.
2940 1015 3000 1068 '0
3040 1013 3324 1084 Ἑϐραῖος,
3357 1008 3464 1066 τοῦ
3484 1008 3730 1079 φυλάσ-
3820 1076 3823 1077 ν

2139 1128 2364 1179 σον-τος
2387 1110 2502 1179 τὴν
2528 1107 2761 1176 ἐσθῆτα
2789 1105 2897 1175 τῆς
2932 1103 3331 1174 λειτουργίας.

2217 1205 2326 1260 Καὶ
2360 1204 2554 1257 ἔδωκα
2579 1200 2734 1257 κατὰ
2769 1201 3096 1270 πρόσωπον
3124 1194 3350 1251 αὐτῶν.

2215 1296 2401 1362 ’Ἄξιον
2433 1293 2755 1364 θαυμάσαι,
2782 1290 2904 1353 πῶς
2932 1290 2991 1343 ἐν
3030 1287 3258 1356 τοιούτῳ
3297 1285 3457 1356 δήμῳ
3494 1282 3724 1350 ζῶντες,

2139 1389 2241 1458 τὴν
2264 1389 2443 1458 ἄκραν
2470 1387 2722 1458 ἤσκησαν
2741 1381 3085 1454 φιλοσοφίαν.
3107 1378 3334 1433 Λευῖται
3365 1393 3511 1440 τινες
3537 1371 3679 1447 ἦσαν
3706 1393 3721 1407 ·

2141 1474 2289 1534 οὗτοι
2320 1475 2462 1543 εἶδον
2493 1478 2667 1532 πολλά
2710 1474 3094 1545 ὑποδείγματα
3116 1513 3133 1537 ,
3178 1473 3307 1534 τοὺς
3333 1468 3725 1541 Ναζαραίους,

2141 1572 2266 1636 τοὺς
2298 1572 2428 1642 περὶ
2472 1570 2663 1624 Ἠλίαν
2691 1569 2788 1622 καὶ
2829 1565 3161 1631 Ἐλισσαῖον,
3190 1563 3501 1633 ἐζήλωσαν.
3539 1561 3724 1633 Ὁρᾷς,

2141 1666 2225 1719 ὅτι
2281 1666 2332 1717 εί
2380 1662 2672 1717 ἐϐούλοντο
2720 1660 3038 1731 προσέχειν,
3097 1655 3244 1728 εἶχον
3300 1655 3725 1725 ύποδείγματας

2155 1755 2317 1808 Ἀλλὰ
2349 1755 2444 1809 καὶ
2469 1749 2613 1809 οὗτοι
2640 1753 2935 1822 γεγόνασιν
2964 1749 3310 1821 αἰχμάλωτοι
3335 1765 3349 1778 ·
3387 1749 3438 1800 εί
3469 1747 3582 1820 γάρ
3634 1746 3731 1799 Ἱε-

457 1846 503 1901 εἰ
539 1844 828 1910 Jeremias,
860 1853 916 1899 et
951 1843 1227 1910 Ezechiel,
1252 1853 1308 1900 et
1332 1845 1540 1910 Daniel,
1577 1846 1749 1901 multo
1787 1848 1961 1919 magis
1984 1857 2032 1904 et

2148 1847 2360 1919 ρεμίας,
2385 1846 2483 1901 καὶ
2513 1844 2793 1916 ἰεζεκιὴλ,
2821 1843 2917 1897 καὶ
2943 1839 3167 1911 Δανιὴλ,
3195 1838 3379 1909 πολλῷ
3407 1839 3615 1909 μᾶλλον
3638 1836 3731 1891 καὶ

456 1937 560 2007 ipsi
596 1953 610 1991 :
642 1935 827 2006 probis
856 1934 1058 2005 quippe
1104 1937 1495 2005 generosisque
1526 1938 1663 1993 viris
1680 1939 1814 1994 nihil
1844 1940 2038 1997 horum

456 2027 764 2084 molestiam
807 2026 1012 2093 attulit,
1055 2027 1164 2080 imo
1184 2040 1282 2081 eos
1317 2027 1718 2097 splendidiores
1752 2030 2035 2097 reddebat,

454 2127 510 2172 et
536 2118 588 2172 in
627 2116 889 2172 aerumnis
922 2116 1239 2184 maximam,
1281 2117 1336 2172 id
1368 2130 1454 2172 est
1495 2119 1777 2174 solatium.
1807 2119 1877 2173 Et
1904 2139 2040 2191 pau-

455 2210 532 2264 cis
566 2209 880 2280 iuterjectis.
907 2209 974 2264 Et
1004 2209 1310 2265 introduxit
1331 2209 1451 2267 illos
1470 2212 1523 2266 in
1552 2212 1771 2268 domum
1799 2213 2035 2281 Domini,

454 2309 593 2354 utet
628 2301 728 2354 loci
763 2313 819 2354 et
873 2300 977 2353 viri
1009 2301 1336 2357 auctoritate
1381 2302 1732 2359 ﬂecterentur
1762 2320 1781 2358 :
1817 2312 1874 2357 at
1903 2304 2040 2360 nihil

453 2404 549 2445 eos
594 2391 831 2457 seduxit,
860 2392 932 2445 ita
980 2400 1041 2445 ut
1075 2392 1255 2447 nullus
1305 2395 1532 2450 omnino
1562 2394 1771 2451 Iudaeis
1802 2411 2038 2452 excusa-

458 2482 623 2535 tionis
646 2481 808 2536 locus
828 2483 1050 2538 relictus
1096 2483 1191 2539 sit.
1225 2484 1292 2538 Et
1326 2497 1442 2555 post
1494 2502 1688 2556 pauca.
1738 2487 2037 2543 Considera

454 2586 546 2626 res
575 2572 903 2640 apostolicos
929 2576 1321 2644 praeﬁguratas.

513 2687 683 2744 Vens.
725 2688 778 2744 6.
815 2689 883 2744 Et
915 2692 1160 2746 dixerunt
1188 2709 1208 2747 :
1242 2693 1366 2748 Non
1402 2695 1637 2750 bibemus
1661 2696 1880 2750 vinum:
1910 2698 2037 2766 quia

450 2779 700 2835 Jonadab
733 2782 878 2850 ﬁlius
935 2782 1142 2837 Rechab
1185 2794 1340 2855 pater
1368 2795 1548 2841 noster
1568 2787 1839 2841 mandavit
1863 2786 2032 2841 nobis.

454 2871 579 2926 Non
600 2871 781 2928 bibetis
821 2875 1003 2929 vinum
1043 2892 1154 2941 vos,
1187 2888 1239 2930 et
1264 2877 1362 2945 filii
1382 2879 1540 2933 vestri
1579 2894 1745 2949 usque
1771 2880 1829 2934 in
1869 2894 2037 2935 sacu-

451 2962 584 3018 lum.
616 2965 681 3018 Et
713 2980 832 3034 quae
856 2977 1180 3035 sequuntur.

522 3054 589 3108 Hi
619 3055 689 3110 ab
719 3055 965 3111 Jonadab
996 3058 1103 3112 orti
1156 3068 1316 3114 erant
1339 3062 1408 3127 ³⁸;
1445 3061 1539 3130 (ιυί
1568 3077 1596 3115 a
1632 3062 1748 3118 zelo
1797 3079 1896 3134 pro
1927 3066 2035 3123 Deo

2139 1934 2307 1992 οὗτοι.
2338 1936 2479 2000 Τοὺς
2513 1939 2624 2007 γὰρ
2648 1935 2887 2005 ἀγαθοὺς
2917 1934 3014 1988 καλ⁵
3034 1932 3322 2001 γενναίους
3343 1929 3548 2002 ἀνδρας
3576 1928 3730 1983 οὐδὲν

2139 2029 2345 2084 τούτων
2391 2028 2583 2083 ἐλύπει
2611 2067 2627 2093 ,
2662 2027 2802 2082 ἀλλά
2850 2027 2948 2080 καὶ
2974 2025 3269 2096 λαμπροὺς
3298 2022 3478 2076 ἐποίει
3497 2061 3515 2087 ,
3549 2022 3647 2075 καὶ
3672 2022 3730 2075 ἐν

2137 2121 2353 2185 ὀδύναις
2382 2115 2707 2192 παραμυθία
2725 2120 2789 2173 τὸ
2811 2117 3049 2189 πρᾶγμά
3075 2120 3217 2171 ἐστι.
3246 2114 3357 2168 Καὶ
3372 2114 3502 2184 μετ’
3530 2114 3727 2182 ὀλίγα·

2139 2214 2252 2269 Καὶ
2286 2214 2496 2285 ἡγαγεν
2525 2213 2727 2276 αὐτοὺς
2772 2213 2857 2275 είς
2886 2207 3039 2266 οἷκον
3073 2208 3283 2281 Κυρίου
3312 2247 3328 2273 ,
3377 2208 3468 2260 ἴνα
3497 2207 3596 2261 καὶ
3622 2206 3732 2258 ἀπὸ

2138 2304 2235 2359 τοῦ
2260 2306 2451 2370 τόπου,
2492 2306 2588 2359 κα)⁸
2618 2305 2728 2358 ἀπὸ
2763 2304 2857 2358 τοῦ
2884 2303 3081 2374 ἀνδρὸς
3107 2299 3513 2372 δυσωπηθῶσιν
3536 2315 3555 2333 θ
3592 2298 3733 2353 ἀλλά

2138 2395 2293 2449 οὐδὲν
2332 2396 2532 2459 αὐτοὺς
2564 2395 2874 2460 ἐδελέασεν,
2929 2393 3075 2447 ὥστε
3128 2392 3399 2447 πάντοθεν
3454 2390 3731 2462 ἀνῄρηται

2138 2489 2250 2548 τοῖς
2291 2486 2569 2551 Ἰουδαίοις
2602 2487 2896 2555 ἀπολογία.
2931 2485 3044 2539 Καὶ
3075 2501 3189 2554 μετ
3226 2484 3405 2555 ὀλίγα
3431 2500 3448 2516 ⁸
3480 2484 3628 2554 Ὅρα
3655 2482 3726 2536 τὰ

2137 2577 2477 2632 ἀποστολικά
2506 2579 2899 2651 προειληφότα.

2208 2688 2320 2744 Καὶ
2350 2689 2559 2744 εἷπον·
2601 2691 2686 2743 Οὐ
2714 2690 2800 2758 μὴ
2823 2690 3051 2755 πίωμεν
3074 2684 3278 2752 οἶνον,
3314 2687 3405 2741 ὅτι
3442 2684 3737 2740 Ἰωναδὰϐ

2137 2780 2270 2849 υίὸς
2311 2782 2515 2850 Ῥιχὰϐ
2540 2783 2574 2835 ὁ
2601 2781 2800 2850 πατὴρ
2848 2780 3023 2850 ἡμῶν
3058 2780 3402 2834 ἐνετείλατο
3438 2776 3609 2848 ἡμῖν.
3645 2780 3733 2831 Οὐ

2131 2874 2219 2943 μὴ
2250 2874 2430 2942 πίητε
2463 2868 2634 2927 οἶνον
2670 2873 2873 2941 ὑμεῖς,
2904 2873 3006 2926 καὶ
3037 2875 3093 2927 οἱ
3126 2870 3249 2926 υἱοὶ
3275 2869 3449 2940 ὑμῶν
3480 2869 3594 2936 ἕως
3618 2868 3731 2925 τοῦ

2137 2958 2381 3026 αἰῶνος,
2412 2961 2509 3014 καὶ
2535 2959 2606 3012 τὰ
2632 2958 2781 3029 ἑξῆς.

2220 3053 2507 3122 Ἀπόγονοι
2532 3047 2676 3122 ἦσαν
2709 3044 2855 3107 οὗτοι
2884 3046 2981 3104 τοῦ
3016 3047 3278 3103 Ἰωναδὰσ
3299 3088 3317 3115 ,
3349 3046 3411 3112 ὃς
3437 3047 3632 3119 ἡσθεὶς
3654 3046 3732 3117 τῷ

449 3154 783 3210 exaestuans,
819 3147 869 3199 in
900 3162 1191 3202 occursum
1244 3151 1395 3204 venit
1430 3152 1568 3220 regi.
1606 3154 1655 3206 Is
1703 3153 1869 3222 igitur
1898 3156 2028 3211 olim

2148 3143 2277 3214 ὅπερ
2306 3144 2402 3197 τοῦ
2425 3142 2565 3196 Θεοῦ
2602 3141 2773 3214 ζήλῳ,
2802 3144 2883 3207 είς
2910 3140 3222 3211 ἀπάντησιν
3240 3135 3347 3211 ἦκε
3373 3138 3454 3210 τῷ
3485 3138 3728 3208 βασιλεῖ.

450 3237 673 3290 intuens
699 3237 840 3304 regis
861 3237 1050 3292 Achab
1085 3237 1458 3305 iniquitatem,
1486 3242 1778 3312 sciensque
1795 3248 2028 3316 prophe-

452 3336 630 3381 tarum
668 3341 953 3383 sermones
979 3341 1102 3382 esse
1135 3342 1319 3393 veros,
1349 3338 1406 3384 et
1440 3330 1813 3387 indubitanter
1842 3348 2033 3403 exspe-

447 3428 605 3474 ctans
650 3417 889 3474 civitatis
938 3419 1235 3484 excidium,
1273 3429 1330 3475 et
1378 3419 1594 3476 urbium
1646 3422 1883 3490 ruinam,
1914 3426 2033 3483 haec

451 3512 739 3566 mandarat
767 3512 893 3566 tiliis
928 3513 1064 3577 suis,
1097 3522 1157 3567 ut
1198 3512 1396 3569 nedum
1426 3513 1529 3584 ipsi
1561 3529 1624 3569 ea
1649 3516 2029 3586 observarent,

449 3617 638 3657 verum
664 3612 720 3658 et
741 3619 874 3660 suos
898 3615 1183 3660 monerent
1204 3616 1452 3675 posteros
1477 3607 1543 3662 de
1567 3608 1842 3665 servando
1876 3624 2031 3664 man-

448 3696 576 3749 dato
609 3697 824 3751 eodem.
875 3697 1221 3768 Quapropter
1276 3697 1330 3752 hi
1376 3697 1443 3753 ad
1486 3698 1632 3754 hunc
1671 3713 1844 3770 usque
1887 3699 2029 3757 diem

452 3786 816 3856 progenitoris
847 3797 1176 3860 praeceptum
1206 3803 1430 3845 servare
1454 3789 1730 3846 videntur.

520 3967 688 4022 Vens.
713 3967 765 4020 8.
812 3966 950 4034 Nos,
978 3980 1025 4023 et
1061 3987 1248 4027 uxores
1280 3980 1494 4028 nostra.

523 4055 733 4113 Deinde
785 4073 854 4113 ne
904 4054 1027 4129 quis
1065 4061 1315 4118 diceret:
1350 4062 1636 4130 Quomodo
1667 4066 1837 4138 igitur
1884 4084 2029 4124 nunc

456 4147 737 4213 civitatem
767 4149 996 4220 ingressi
1026 4152 1182 4216 estis,
1238 4153 1538 4223 domosque
1564 4155 1862 4212 habitatis?
1888 4159 2030 4214 irru-

457 4239 658 4308 ptionis
682 4239 810 4295 belli
841 4256 1057 4297 causam
1094 4243 1390 4309 adducunt,
1443 4261 1670 4302 summa:
1699 4248 1902 4319 quippe
1927 4250 2026 4306 de-

449 4333 667 4388 ruentize
692 4341 867 4400 esset,
898 4344 1094 4404 sponte
1122 4351 1182 4391 se
1207 4336 1451 4392 hostibus
1475 4339 1712 4394 tradere.

514 4443 683 4500 Vrsas.
720 4446 810 4500 15.
840 4444 965 4501 Νοη
1002 4447 1270 4516 accipietis
1287 4436 1653 4517 disciplinam.

514 4533 640 4593 Filii
672 4534 920 4592 Jonadab
941 4538 1255 4591 mandatum
1287 4538 1388 4592 viri
1421 4538 2023 4605 mortuiobservarunt,

446 4642 543 4683 vos
583 4639 764 4684 autem
817 4643 959 4692 mea,
1016 4644 1101 4684 me
1136 4630 1567 4700 contempsistis.
1611 4630 1787 4686 Vultis
1820 4642 2025 4701 quanto

442 4718 689 4776 faciliora
721 4721 1072 4792 praeceperim
1103 4735 1265 4776 nosse
1306 4721 1331 4776 ?
1362 4736 1463 4792 ego
1514 4723 1731 4793 quidem
1770 4723 2024 4778 mandavi

447 4825 711 4881 perquam
767 4811 950 4867 facilia
982 4823 1038 4865 et
1082 4814 1415 4878 necessaria,
1448 4814 1552 4869 hoc
1581 4823 1665 4868 est
1694 4822 1752 4867 ut
1779 4813 2022 4869 abstine-

444 4903 572 4956 retis
594 4917 623 4956 a
657 4905 897 4967 nequitia
927 4913 983 4958 et
1042 4904 1239 4972 idolis;
1276 4905 1365 4961 ille
1407 4919 1535 4960 vero
1565 4904 1805 4981 maxime
1826 4908 2019 4960 ardua.

443 4993 507 5046 ιςι
547 4994 637 5049 ille
663 4997 885 5065 quidem
923 4999 1060 5053 dixit
1105 5009 1159 5053 et
1199 4999 1472 5063 excessit;
1499 5011 1599 5061 ego
1646 5005 1826 5050 autem
1866 4997 2018 5054 vobis

439 5087 680 5151 quotidie
707 5088 1015 5153 insusurro,
1054 5105 1153 5145 nec
1176 5091 1473 5161 quidquam
1505 5087 1753 5160 perﬁcio.

509 5266 676 5324 Vens.
705 5270 791 5324 16.
828 5271 893 5324 Et
918 5273 1282 5327 stabiliverant
1302 5272 1405 5341 ﬁlii
1429 5270 1699 5326 Jonadab.

514 5360 621 5416 Nec
683 5362 818 5418 dicit
861 5366 1058 5434 quale;
1095 5365 1190 5421 sed
1247 5367 1438 5420 uolens
1491 5378 1586 5418 eos
1657 5361 2020 5417 vehementer

440 5449 749 5523 obiurgare,
773 5456 894 5510 vide
919 5468 972 5511 ut
992 5472 1052 5512 se
1076 5459 1140 5510 ad
1167 5457 1344 5527 populi
1366 5470 1588 5511 sensum
1614 5455 2015 5518 accommodet,

442 5543 572 5595 mhil
604 5546 885 5612 tyrannice
916 5548 1053 5617 agit,
1093 5547 1365 5617 quomodo
1397 5559 1614 5604 onmem
1664 5544 1772 5600 illis
1804 5544 2014 5599 veniam

532 5721 578 5752 “
615 5719 679 5775 IV
716 5722 847 5792 Reg.
882 5741 934 5791 χ,
974 5724 1059 5777 l5.

2145 3235 2385 3297 Ἐκεῖνος
2414 3234 2594 3289 τοίνυν
2611 3234 2781 3288 πάλαι
2812 3234 2911 3306 τὴν
2936 3232 3142 3304 Ἀχαάσ
3171 3232 3525 3304 παρανομίαν
3554 3232 3727 3303 ὀρῶν,

2134 3327 2232 3380 καὶ
2275 3325 2434 3390 εἰδὼς
2462 3327 2642 3399 ἀληθῆ
2689 3329 2757 3383 τά
2787 3328 2943 3399 παρά
2975 3327 3088 3381 τῶν
3120 3325 3422 3398 προφητῶν
3455 3326 3689 3398 ῥήματα
3712 3364 3729 3391 ,

2133 3420 2229 3474 καὶ¹
2255 3420 2461 3492 σφόδρα
2492 3421 2812 3492 προσδοκῶν
2840 3420 3044 3475 ἅλωσιν
3071 3421 3171 3491 τῆς
3195 3421 3404 3491 χώρας,
3431 3420 3531 3473 καὶ
3550 3435 3730 3473 κατα-

2136 3514 2377 3584 στροφὴν
2422 3514 2530 3567 τῶν
2573 3513 2787 3567 πόλέων
2812 3553 2828 3579 ,
2868 3514 2983 3575 τοῖς
3020 3512 3190 3566 αὑτοῦ
3235 3514 3371 3575 υἱοῖς
3420 3510 3730 3565 ἐνετείλατο

2131 3603 2328 3667 ταῦτα,
2361 3605 2462 3676 ούχ
2490 3605 2633 3658 ὥστε
2669 3606 2830 3675 μόνον
2865 3604 3127 3674 φυλάξαι,
3167 3603 3287 3658 ἀλλ’
3322 3600 3468 3656 ὥστε
3495 3603 3596 3657 καὶ
3619 3604 3730 3665 τοῖς

2131 3696 2353 3760 οἰκείοις
2383 3696 2628 3765 ἐγγόνοις
2670 3697 3010 3769 παραδοῦναι
3041 3696 3103 3750 τὸ
3130 3694 3530 3768 παράγγελμα.
3549 3695 3730 3748 Ἐκεῖ-

2132 3784 2224 3838 θεν
2244 3785 2528 3853 φαίνονται
2547 3781 2696 3840 οὗτοι
2723 3788 2886 3858 μέχρι
2913 3786 3010 3840 τοῦ
3039 3785 3138 3841 νῦν
3165 3784 3507 3854 φυλάξαντας
3535 3785 3604 3839 τδ
3631 3782 3727 3837 τού

2132 3878 2479 3949 προπάτορος
2507 3878 2867 3950 πρόσταγμα.

2214 3968 2415 4039 Ἡμεῖς
2435 3969 2536 4023 καὶ
2567 3972 2627 4023 al
2659 3969 2944 4040 γυναῖκες
2981 3967 3172 4039 ἡμῶν.

2203 4057 2337 4114 Elea
2367 4061 2456 4114 ἵνα
2490 4061 2566 4132 μὴ
2591 4061 2729 4133 λέγῃ
2752 4079 2836 4125 τις
2866 4078 2880 4091 ο
2921 4060 3047 4124 Πῶς
3078 4058 3174 4115 οὖν
3204 4060 3304 4130 τὴν
3347 4059 3509 4114 πόλιν
3535 4077 3725 4117 κατει-

2130 4153 2340 4225 λήφατε
2373 4154 2491 4220 νῦν,
2530 4155 2627 4208 καὶ
2656 4155 2840 4218 οἰκίας
2878 4157 3106 4223 οίκεῖτε;
3132 4156 3227 4209 ἐπὶ
3253 4155 3318 4209 τὸ
3350 4155 3724 4227 στρατόπεδον
3830 4192 3835 4199 .

2130 4246 2578 4316 καταφεύγουσι·
2621 4246 2779 4300 τοῦτο
2813 4248 2924 4318 γάρ
2953 4248 3193 4319 ἐσχάτης
3224 4248 3449 4314 ἀνοίας,
3491 4248 3722 4311 ἑκόντας

2133 4336 2360 4400 ἑαυτοὺς
2386 4336 2643 4391 ἐκδοῦναι
2671 4340 2786 4401 τοῖς
2817 4337 3120 4407 πολεμίοις.

2197 4443 2280 4496 Οὐ
2304 4443 2391 4512 μὴ
2424 4443 2650 4513 λάϐητε
2681 4444 2982 4504 παιδείαν.

2203 4535 2268 4587 Οἱ
2300 4536 2410 4589 υἱοὶ
2436 4535 2698 4590 Ἰωναδάὁ
2727 4537 3018 4609 ἀνθρώπου
3057 4539 3391 4604 ἀπελθόντος
3417 4542 3721 4614 ἐστήσαντο

2129 4625 2371 4696 ἐντολὴν,
2392 4626 2550 4698 ὑμεῖς
2566 4627 2623 4680 δέ
2642 4627 2920 4700 ωρέὸητε
2942 4628 3044 4693 τὰς
3065 4629 3229 4701 ἐμὰς,
3248 4631 3338 4685 τὸν
3358 4633 3714 4700 ἐπιτάξαντα.

2130 4715 2401 4770 Βούλεσθε
2458 4717 2587 4771 ἰδεῖν
2623 4718 2733 4771 τῶν
2777 4721 3176 4791 ἐπιταγμάτων
3208 4721 3271 4774 τὸ
3312 4723 3561 4793 parum;
3612 4721 3718 4792 ἐγὼ
3809 4777 3822 4788 ,

2133 4808 2231 4878 μὲν
2277 4808 2519 4873 ἐπέταξα
2554 4809 2755 4865 εὔκολα
2778 4852 2793 4878 ,
2830 4814 2926 4866 καὶ
2957 4814 3236 4883 ἀναγκαῖα
3286 4815 3521 4888 σφόδρα,
3576 4816 3716 4871 ὥστε

2130 4900 2394 4970 πονηρίας
2415 4888 2420 4895 ’
2441 4900 2747 4972 ἀπέχεσθαι
2779 4904 2877 4956 καὶ
2919 4904 3157 4958 εἰδώλων
3177 4919 3193 4935 ’
3227 4905 3439 4969 ἐκεῖνος
3468 4907 3530 4960 δέ
3579 4906 3714 4960 πολὺ

2127 4990 2382 5047 δύσκολα.
2430 4993 2573 5047 Ἀλλ’
2603 4996 2810 5061 ἐκεῖνος
2837 4997 2939 5068 μὲν
2971 4992 3116 5062 εἷπε,
3143 4998 3241 5050 καὶ
3269 4998 3523 5070 ἀπῆλθεν
3555 5015 3571 5029 ο
3607 4996 3714 5067 ἐγὼ

2127 5085 2183 5139 δὲ
2212 5089 2340 5158 ύμῖν
2376 5089 2498 5142 καθ’
2533 5090 2774 5162 ἑκάστην
2806 5091 2989 5163 ἐνηχῶ
3013 5092 3112 5165 τὴν
3150 5092 3389 5164 ἡμέραν,
3436 5095 3536 5149 καὶ
3563 5094 3713 5148 οὐδὲν

2128 5180 2335 5247 γίνεται
2361 5182 2543 5238 πλέον.

2197 5274 2304 5327 Καὶ
2345 5275 2621 5344 ἔστησαν
2648 5276 2768 5331 υἱοί
2818 5277 3112 5333 Ἰωναδάϐ.

2194 5365 2307 5417 Καὶ
2338 5365 2400 5417 ού
2431 5365 2580 5434 λέγει
2623 5367 2816 5421 ποίαν·
2861 5369 3000 5422 ἀλλά
3031 5371 3108 5440 μὴ
3150 5369 3483 5442 βουλόμενος
3528 5371 3708 5433 αὐτοῖς

2128 5456 2396 5526 φορτικὴν
2435 5458 2662 5528 ποιῆσαι
2701 5460 2805 5530 τὴν
2854 5462 3221 5532 κατηγορίαν,
3275 5464 3379 5536 ὅρα
3428 5463 3549 5528 πῶς
3593 5466 3705 5517 ἐστι

2123 5545 2439 5615 δημοτικὸς,
2466 5549 2618 5619 οὐδὲν
2649 5550 2782 5625 παρ’
2809 5551 2958 5624 αὐτῷ
2977 5555 3329 5625 τυραννικόν*
3360 5556 3474 5620 πῶς
3509 5556 3705 5610 πάντο-
