4004 6156
242 250 252 267 .
297 303 402 358 997

1398 295 1817 354 FRAGMENTA
1858 301 1925 355 IN
1961 294 2327 356 JEREMIAM.

3443 294 3547 349 998

296 413 391 467 θεν
442 411 638 475 αὐτοὺς
688 411 1009 480 ἀφαιρεῖται
1058 411 1432 482 συγγνώμης,
1480 413 1678 482 λέγων·
1722 417 1777 467 '0
1807 414 1876 468 δὲ

2015 412 2245 475 erludat,
2282 411 2466 464 dicens
2502 426 2515 462 :
2564 408 2800 477 Populus
2829 419 3002 462 autem
3048 407 3136 462 hic
3181 424 3260 462 me
3317 424 3419 462 non
3453 427 3548 462 au-

299 500 455 566 λαὸς
479 496 659 565 οὗτος
686 503 799 554 οὐκ
829 499 1063 569 ἤκουσέ
1087 518 1216 570 μου.

369 595 475 647 Διὰ
501 591 701 656 τοῦτο,
727 591 918 656 οὕτως
949 591 1079 646 εἷπε
1109 595 1346 660 Κύριος.

373 682 514 744 Τοὺς
546 680 603 734 δὲ
646 679 796 743 υἱοὺς
839 679 1094 733 Ἰωναδὰσ
1125 681 1395 754 ἱερωσύνῃ
1438 683 1681 753 διηνεκεῖ
1709 686 1870 756 τιμᾷ,

299 774 497 841 λέγων’
523 773 606 826 Οὐ
627 771 714 841 μὴ
757 771 1011 840 ἐκλείπῃ
1046 772 1202 840 ἀνὴρ
1247 772 1365 826 τῶν
1389 773 1534 828 υίῶν
1590 774 1880 830 Ἰωναδὰσ

298 863 696 934 παρεστηκὼς
725 863 1053 932 πρόσωπόν
1077 881 1196 932 μου
1225 864 1431 933 πάσας
1471 867 1579 932 τὰς
1625 866 1876 936 ἡμέρας.

300 958 393 1028 Μὴ
424 958 536 1030 γὰρ
566 955 824 1026 νομίσητε
867 954 1188 1010 διαπίπτειν
1215 956 1316 1026 τὴν
1349 957 1604 1026 εὐλογίαν
1646 958 1744 1013 τοῦ
1771 975 1881 1014 παι

298 1050 450 1120 τρός.

879 1183 1135 1237 ΚΕΦΑΛ.
1167 1180 1309 1250 Aq'.

370 1319 480 1372 Kal
510 1319 850 1372 ἐνετείλατο
893 1317 1201 1388 Ἱερεμίας.

375 1409 519 1478 Ὅρα
549 1407 686 1461 Θεοῦ
712 1407 992 1478 πρόνοιαν.
1029 1409 1262 1461 Ἐκεῖνοι
1295 1409 1396 1478 μὲν
1427 1409 1519 1462 τὸν
1550 1409 1734 1481 ἰατρὸν
1760 1409 1886 1480 ἐδη-

304 1514 423 1561 σαν,
451 1498 478 1548 ό
517 1497 573 1550 δέ
614 1497 748 1560 Θεὸς
775 1497 868 1551 καὶ
896 1497 1068 1562 οὕτως
1110 1497 1326 1561 δεικνὺς
1353 1497 1521 1551 αὐτοῦ
1556 1497 1655 1569 τήν
1696 1498 1885 1568 φιλαν-

305 1587 578 1658 ϐρωπίαν,
622 1588 722 1640 οὐκ
759 1587 1016 1653 ἐξέϐαλεν
1066 1587 1252 1654 αὑτὸν,
1303 1589 1419 1640 ἀλλ’
1471 1587 1654 1641 εἴασεν
1704 1590 1762 1642 ἐν
1807 1586 1887 1658 τῷ

304 1678 693 1749 δεσμωτηρίῳ,
727 1679 818 1732 ἴνα
832 1679 926 1731 τὸν
949 1677 1155 1731 τούτων
1187 1679 1359 1750 Θυμὸν
1390 1680 1884 1750 παραμυθήσηται,

1978 503 2120 554 divit.

2051 588 2213 642 Vens.
2247 587 2335 642 l7.
2365 584 2652 654 Propterea
2674 585 2751 640 sic
2776 586 2914 639 dixit
2945 585 3220 640 Dominus.

2049 679 2218 735 Filios
2261 679 2508 734 Jonadab
2551 690 2813 747 perpetuo
2838 677 3143 732 sacerdotio
3167 678 3395 732 honorat
3427 692 3548 733 cum

1978 769 2148 823 dicit:
2189 766 2314 822 Non
2346 767 2549 837 deﬁciet
2577 767 2657 820 vir
2687 767 2924 836 filiorum
2961 766 3208 822 Ionadab
3249 779 3394 823 stans
3429 785 3554 824 ume

1979 860 2170 930 faciem
2198 875 2370 915 meam
2412 859 2654 913 omnibus
2700 860 2907 913 diebus.
2957 857 3136 916 Nolite
3177 861 3326 916 enim
3359 872 3554 932 putare

1978 951 2154 1023 patris
2175 950 2614 1008 benedictionem
2645 951 2858 1004 irritam
2892 964 3032 1008 esse.

2558 1175 2711 1233 CAP.
2751 1175 2995 1232 XXXVI.

2056 1315 2222 1370 Vens.
2255 1315 2308 1368 5.
2345 1311 2415 1366 Et
2446 1314 2692 1382 praecepit
2721 1312 3005 1369 Jeremias.

2058 1405 2270 1475 Inspice
2298 1404 2393 1459 Dei
2441 1404 2860 1474 providentiam.
2892 1403 2973 1458 Illi
3019 1405 3238 1475 quidem
3286 1405 3556 1460 medicum

1989 1496 2307 1567 alligarent,
2337 1495 2480 1551 Deus
2514 1505 2697 1551 autem
2721 1495 2806 1552 vel
2834 1496 2916 1551 sic
2930 1509 3082 1550 suam
3101 1495 3356 1565 pietatem
3375 1505 3561 1550 oeten.

1991 1588 2126 1642 dens
2160 1603 2262 1642 non
2287 1602 2411 1642 eum
2448 1587 2720 1651 liberavit,
2754 1587 2850 1642 sed
2894 1587 3114 1657 reliquit
3146 1588 3198 1641 in
3230 1601 3472 1653 carcere,
3503 1599 3561 1642 ιιι

1990 1693 2180 1734 eorum
2211 1677 2348 1730 iram
2391 1677 2640 1742 sedaret,
2667 1692 2768 1733 nec
2798 1677 3249 1733 couteutiusiores
3301 1677 3559 1741 ediceret,

308 1770 402 1824 καὶ
443 1768 519 1841 μὴ
548 1770 1016 1840 φιλονεικοτέρους
1042 1771 1350 1840 ἐργάσηται
1377 1811 1393 1837 ,
1423 1773 1484 1824 οὑ
1522 1771 1631 1841 μὴν
1656 1769 1759 1841 τῆς
1796 1768 1887 1823 θε-

2015 1782 2165 1837 neque
2197 1777 2376 1823 tamen
2403 1783 2497 1822 eos
2522 1768 2789 1823 medicina
2819 1768 3076 1838 privavit,
3109 1769 3208 1826 sed
3239 1784 3334 1839 per
3349 1770 3551 1840 scripta

310 1861 540 1929 ραπείας
565 1859 768 1922 αὐτοὺς
793 1858 1190 1929 ἀπεστέρησεν,
1222 1859 1359 1912 ἀλλὰ
1393 1863 1540 1913 ποιεῖ
1569 1861 1660 1914 διὰ
1699 1876 1890 1931 γραμ-

309 1953 498 2022 μάτων
539 1951 738 2012 αὐτοὺς
786 1950 1209 2020 ἀναμνησθῆναι
1242 1951 1304 2004 τὸ
1332 1953 1462 2018 πᾶν,
1496 1954 1592 2005 καὶ
1619 1955 1680 2006 ἐν
1710 1951 1892 2022 καιρῷ

306 2043 584 2113 νηστείας.

381 2134 492 2187 Kal
519 2134 774 2201 ἐγενήθη
812 2133 884 2185 ἑν
911 2129 992 2196 τῷ
1018 2132 1138 2186 ἔτει
1161 2131 1244 2196 τῷ
1272 2133 1481 2201 ὀγδόῳ.

381 2223 539 2285 Τίνος
576 2222 633 2274 δὲ
659 2222 847 2274 ἕνεκεν
879 2224 938 2274 ἐν
996 2223 1172 2294 καιρῷ
1203 2223 1492 2293 νηστείαςς
1537 2223 1622 2276 ἵνα
1662 2224 1758 2276 καὶ
1801 2224 1894 2277 τὸν

313 2315 506 2385 καιρὸν
569 2313 670 2386 ἔχῃ
721 2315 1179 2383 συμπράττοντα,
1227 2315 1326 2367 καὶ
1382 2315 1584 2376 πάντες
1642 2314 1894 2384 παρῶσιν

311 2405 624 2470 ἀκούοντες.
659 2409 840 2461 Λυπεῖ
866 2407 963 2470 τὰς
984 2407 1136 2476 ὄψεις
1161 2408 1260 2469 τὰς
1287 2408 1560 2478 ὑμετέρας
1591 2407 1624 2477 ή
1652 2406 1776 2476 ὄψις
1798 2407 1893 2460 τοῦ

313 2497 596 2567 προφήτου
627 2496 952 2565 φαινομένη.
998 2495 1128 2548 Ἰδοὺ
1153 2495 1224 2548 δι’
1277 2497 1467 2566 ἐτέρου
1509 2495 1739 2559 σκεύους
1765 2497 1902 2566 ὑμῖν

308 2589 373 2641 τὸ
410 2589 699 2659 φάρμακον
739 2587 1088 2657 παραδίδωμι
1119 2585 1472 2657 [emi-lenm].

381 2681 492 2734 Kal
526 2678 783 2749 ἐγενήθη
823 2679 1347 2748 ἀναγινώσκοντος
1396 2677 1636 2733 ἰουδίν.

383 2771 573 2827 Ταῦτα
615 2769 859 2834 ἀκούσας
891 2772 920 2823 ό
964 2770 1241 2840 βασιλεὺς,
1278 2769 1376 2822 καὶ
1413 2769 1656 2832 ἀκούσας
1683 2772 1755 2824 τὰ
1798 2771 1890 2824 δυι

313 2865 525 2936 νάμενα
577 2863 675 2917 καὶ
708 2862 856 2916 λίθον
903 2862 1160 2932 μαλάξαι,
1207 2859 1474 2931 συνέκοψε
1527 2863 1590 2914 τὸ
1644 2861 1892 2931 βιϐλίον·

312 2955 508 3024 ὥσπερ
537 2954 603 3008 ἂν
629 2952 684 3006 ετ
709 2971 796 3016 τις
823 2953 916 3007 τὸν
949 2952 1131 3022 ίατρὸν
1159 2953 1258 3022 οὐχ
1284 2951 1485 3023 εὑρὼν,
1513 2952 1574 3005 τὸ
1602 2953 1899 3024 φάρμακον

313 3047 516 3111 λαὸὼν,
543 3047 624 3109 εἰς
651 3046 715 3098 τὸ
751 3044 864 3112 πῦρ
899 3043 1143 3116 ἔρριψεν.
1168 3041 1322 3106 Εἶδες
1364 3043 1563 3114 μανίαν
1585 3043 1680 3097 καὶ
1707 3043 1896 3115 ἀγριό-

1993 1860 2124 1915 lacit
2180 1869 2237 1912 ut
2293 1858 2399 1912 illis
2441 1859 2623 1912 omnia
2678 1861 2728 1913 in
2765 1859 3091 1914 memoriam
3141 1861 3557 1925 reducerentur,

1992 1951 2155 2020 idque
2180 1948 2375 2020 jejunii
2419 1958 2686 2020 tempore.

2061 2132 2230 2188 Vens.
2253 2132 2306 2187 9.
2351 2131 2416 2185 Et
2453 2132 2648 2202 factum
2678 2144 2752 2188 est
2782 2135 2835 2187 in
2867 2151 3005 2189 anno
3033 2145 3239 2192 octavo.

2065 2224 2178 2278 Cur
2226 2233 2406 2278 autem
2446 2235 2686 2293 tempore
2711 2224 2939 2296 Μιιηίἰῖ
2970 2236 3030 2283 ιιι
3057 2237 3113 2284 ει
3146 2239 3354 2299 tempus
3404 2229 3567 2285 habe-

1995 2323 2080 2370 ret
2107 2315 2595 2380 accommodatum,
2633 2330 2932 2388 omnesque
2980 2319 3234 2374 adessent
3263 2321 3568 2376 audientes.

1999 2404 2261 2475 Displicet
2294 2407 2450 2461 vobis
2485 2416 2737 2476 aspectus
2764 2410 3075 2477 prophetae?
3101 2410 3180 2466 Eu
3210 2426 3307 2482 per
3337 2414 3567 2468 alterum

1995 2510 2091 2548 vas
2117 2496 2470 2564 pharmacum
2494 2496 2649 2551 vobis
2676 2497 2917 2568 porrigo.

2067 2673 2233 2731 Vens.
2269 2675 2359 2732 2'5.
2398 2677 2467 2732 Et
2498 2682 2696 2747 factum
2732 2689 2809 2733 est
2840 2679 3036 2750 legente
3059 2681 3253 2738 Judin.

2069 2766 2196 2822 Haec
2232 2783 2355 2824 cum
2387 2770 2630 2824 audisset
2657 2785 2772 2836 rex,
2809 2784 2930 2837 quas
2970 2779 3197 2840 possent
3246 2771 3494 2828 emollire
3517 2784 3575 2828 et

2000 2859 2224 2927 lapides,
2260 2861 2528 2917 conscidit
2550 2861 2784 2928 librum;
2813 2862 3034 2930 perinde
3065 2876 3129 2916 ac
3149 2862 3196 2918 si
3216 2863 3338 2932 quis
3361 2865 3577 2919 medico

2003 2963 2109 3001 non
2145 2949 2386 3014 invento,
2436 2958 2713 3020 arreptum
2742 2953 3094 3020 pharmacum
3125 2951 3180 3006 in
3220 2953 3395 3022 ignem
3441 2969 3577 3010 con-

1995 3038 2208 3108 jiceret.
2246 3038 2479 3095 Vidistin
2517 3040 2759 3096 furorem
2799 3051 2858 3096 et
2887 3041 3200 3098 feritatem?
3223 3044 3340 3100 Non
3367 3057 3574 3101 tantum

313 3157 453 3208 τητα
474 3157 489 3206 ;
533 3138 645 3207 Οὐχ
685 3110 874 3199 ἁπλῶς
907 3110 1124 3205 ἐνκῷεν,
1169 3135 1285 3188 ἀλλ’
1320 3110 1400 3198 είς
1429 3135 1491 3188 τὸ
1538 3135 1651 3205 πῦρ
1684 3110 1890 3206 ῥίπτειο

2015 3131 2184 3199 ιείἀὶι,
2215 3134 2308 3187 sed
2342 3134 2395 3187 in
2429 3133 2609 3203 ignem
2651 3133 2886 3204 conjecit
2921 3151 2936 3190 :
2971 3150 3167 3206 magna
3212 3138 3314 3192 fuit
3341 3139 3580 3195 circum-

319 3231 490 3301 πολλὴ
533 3230 644 3284 τῶν
675 3229 1102 3300 παρεστηκότων
1137 3226 1358 3281 νωθεία.
1413 3226 1898 3295 Ἠνιιντιώθησσν

316 3323 377 3377 δέ
403 3337 570 3386 τινες,
608 3320 765 3391 φησί.
821 3317 932 3372 Kal
974 3319 1103 3386 μετ’
1158 3318 1355 3385 ὀλίγα·
1394 3317 1540 3386 Ὅρα
1574 3317 1900 3391 δαιμονικὴν

323 3415 523 3484 μανίαν
547 3432 563 3446 °
585 3414 707 3484 οὐχὶ
739 3412 877 3483 πρὸς
898 3410 989 3465 τὸν
1020 3411 1331 3482 προφήτην,
1373 3410 1510 3465 ἀλλὰ
1538 3413 1632 3464 καὶ
1663 3413 1802 3482 πρὸς
1831 3414 1902 3466 τὰ

322 3506 546 3575 ῥήματα
576 3502 771 3565 ταῦτα,
804 3501 900 3555 καὶ
935 3501 1074 3571 πρὸς
1099 3501 1169 3552 τὰ
1211 3501 1515 3571 πράγματα
1545 3500 1900 3572 [γράμματα]

320 3591 577 3661 ἀπεχθῶς
610 3586 778 3660 εἶχεν.

394 3684 409 3702 “
440 3681 552 3736 Kal
591 3681 935 3734 ἐνετείλατο
967 3680 1002 3733 δ
1026 3678 1327 3745 βασιλεὺς
1354 3679 1434 3744 τῷ
1477 3678 1768 3747 Ἰερεμιὴλ
1797 3678 1906 3743 υίῷ

326 3775 434 3828 τοῦ
460 3775 769 3840 ,βασιλέως
791 3771 1133 3828 συλλαϐεῖν
1163 3772 1273 3824 τὸν
1306 3769 1548 3838 Βαροὺχ
1582 3771 1692 3822 τὸν
1721 3786 1905 3838 γραμ-

322 3866 536 3937 ματέα,
555 3867 844 3937 (τουτέστι,
865 3866 959 3920 τὸν
991 3863 1324 3934 όξυγράφον)
1355 3862 1581 3915 καὶτὸν
1619 3862 1909 3930 Ἰερεμίαν

325 3959 439 4013 τὸν
460 3957 798 4026 προφήτην,
831 3957 933 4010 καὶ
963 3955 1425 4022 κατεκρύϐησαν
1452 3953 1570 4006 ὑπὸ
1593 3952 1835 4021 Κυρίου.

399 4051 512 4104 Καὶ
544 4049 634 4101 τὸν
648 4049 908 4117 ἀνωτέρω
939 4047 1108 4116 λέγει,
1144 4045 1227 4097 ὅτι
1260 4042 1355 4097 τοῦ
1399 4042 1535 4098 θεοῦ
1565 4042 1908 4114 προστάξαν-

323 4159 418 4206 τος
438 4140 645 4211 γράψαι
682 4139 930 4202 ἅπαντας
970 4141 1096 4200 τοὺς
1138 4138 1348 4206 λόγους,
1373 4135 1468 4200 οὒς
1500 4136 1638 4206 πρὸς
1662 4136 1754 4189 τὸν
1784 4135 1910 4190 λαὸν

325 4237 432 4307 ἔφη
491 4234 602 4289 ἀπὸ
645 4233 757 4286 τῶν
810 4230 907 4285 τοῦ
953 4231 1160 4283 Ἰωσίου
1211 4227 1420 4300 καιρῶν
1456 4228 1615 4299 μέχρι
1646 4227 1909 4298 τετάρτου

325 4330 485 4391 ἔτους
514 4332 613 4399 τῆς
650 4325 927 4398 βασιλείας
969 4324 1249 4393 Ἰωακεὶμ,
1281 4325 1339 4375 ἐν
1364 4314 1407 4388 ᾧ
1433 4320 1607 4374 ταῦτα
1647 4319 1908 4390 ἔγραψεν,

325 4423 410 4476 ὃτι
439 4419 943 4490 μεταπεμψάμενος
966 4417 1058 4469 τδν
1083 4415 1300 4486 Βαροὺχ
1333 4413 1456 4484 ἐ(ΡΊΓ

401 4519 420 4537 ⁹
459 4512 610 4582 Ἐγὼ
639 4512 1058 4581 φυλάσσομαι,
1091 4507 1191 4560 καί
1221 4507 1292 4559 οὐ
1323 4504 1581 4574 δύναμαι
1609 4503 1912 4558 εἰσελθεῖν

327 4611 418 4672 εὶς
456 4602 629 4659 οἶκον
666 4603 912 4671 Κυρίου,
965 4599 1064 4654 καὶ
1111 4598 1442 4664 εὶσελεύσῃ
1483 4595 1587 4658 σὺ,
1631 4594 1728 4647 καί
1769 4595 1915 4648 ἀνα-

327 4698 537 4771 γνώσῃ
559 4699 631 4752 ἐν
661 4695 737 4766 τῇ
781 4693 1057 4763 κεφαλίδι
1101 4692 1310 4758 ταύτῃ,
1347 4690 1418 4742 ἐν
1447 4683 1496 4756 ᾦ
1547 4687 1818 4756 ἔγραψας
1846 4687 1917 4740 ἐκ

208 4817 220 4822 ·
328 4793 633 4860 στόματός
655 4806 776 4858 μου
798 4787 942 4853 τοὺς
967 4787 1195 4854 λόγους
1220 4782 1440 4850 Κυρίου
1467 4784 1554 4845 εἰς
1581 4780 1652 4833 τὰ
1666 4775 1786 4833 ὦτα
1808 4777 1916 4832 τοῦ

327 4885 488 4939 λαοῦ
515 4884 576 4937 ἐν
611 4884 802 4952 ἡμέρᾳ
822 4880 1126 4949 νηστείας.

401 4978 468 5030 El
500 4977 684 5030 τοίνυν
713 4974 1064 5043 ἐφυλάττετο,
1099 4967 1218 5030 πῶς
1250 4965 1495 5037 ἐκρύ6η;
1525 4963 1762 5036 Εὔδηλον
1801 4968 1916 5021 τοί-

327 5087 450 5134 νυν,
482 5068 558 5130 ὠς
607 5067 701 5120 ἐπὶ
749 5065 845 5119 τοῦ
893 5061 1206 5118 Ἐλισσαίου
1241 5059 1474 5129 ἀορασίᾳ
1503 5057 1826 5129 ἐπλήγησαν
1866 5060 1916 5112 ol

330 5161 587 5222 ἐλθόντες
619 5159 785 5213 αὑτὸν
818 5157 1116 5226 κατασχεῖν
1143 5152 1253 5205 τῶν
1281 5149 1494 5220 Σύρων.
1516 5149 1690 5204 Τοῦτο
1721 5151 1915 5221 γέγονε

331 5254 431 5307 καὶ
457 5254 553 5306 νῦν
579 5251 676 5305 τοῦ
702 5247 839 5304 Θεοῦ
870 5249 1098 5318 ἀφανεῖς
1125 5244 1326 5307 αὐτοὺς
1360 5241 1504 5296 κατά
1533 5259 1656 5296 τινα
1679 5243 1914 5314 ἀόρατον

330 5345 563 5414 δύναμιν
593 5340 994 5408 πεποιηκότος,
1040 5336 1116 5399 ὼς
1160 5335 1385 5388 ἐστᾶναι
1429 5331 1527 5402 μὲν
1574 5332 1774 5397 αὐτοὺς
1809 5333 1924 5405 πρὸ⁸

334 5437 577 5497 πάντων,
608 5433 684 5503 μὴ
715 5430 1001 5501 φαίνεσθαι
1025 5427 1103 5480 δέ.

405 5711 454 5744 ⁸⁸
497 5707 697 5764 Jerent.
727 5721 914 5770 xxxvr,
947 5706 1000 5767 5,
1035 5703 1088 5757 6.
1161 5700 1208 5731 "’
1247 5699 1314 5756 IV
1350 5700 1481 5772 Reg.
1519 5716 1593 5768 v1,
1628 5702 1713 5757 l8.

658 5801 932 5862 Ριπιοι..
977 5799 1093 5861 Gn.
1115 5794 1354 5874 LXIV.

2001 3223 2260 3278 stantium
2288 3225 2565 3281 vecordia.
2594 3224 2826 3292 Quidam
2849 3241 2980 3282 vero
3011 3228 3088 3281 ait
3109 3244 3164 3284 se
3190 3245 3582 3298 opposuere:—

2003 3315 2072 3370 Ει
2093 3319 2278 3385 paucis
2305 3320 2614 3390 interjectis.
2638 3319 2936 3376 Considera
2967 3323 3266 3377 satanicum
3299 3322 3578 3385 furorem;

2007 3420 2113 3460 non
2155 3415 2365 3462 tantum
2399 3411 2694 3478 prephetae,
2732 3425 2919 3466 verum
2950 3420 3002 3465 et
3040 3413 3327 3466 verborum
3353 3420 3409 3466 et
3446 3413 3584 3467 seri-

2004 3506 2180 3564 plurae
2208 3499 2331 3551 odio
2357 3496 2641 3568 ﬂagrabat.

2077 3685 2097 3701 '
2126 3679 2292 3736 Vens.
2323 3680 2415 3735 26.
2454 3677 2523 3734 Et
2559 3685 2833 3738 mandavit
2865 3700 2958 3739 rea:
2995 3683 3246 3740 Jeremiel
3274 3687 3389 3756 ﬁlio
3420 3689 3579 3758 regis,

2010 3783 2066 3825 ιιι
2098 3773 2553 3840 comprehenderet
2602 3771 2814 3827 Baruch
2853 3775 3079 3830 scribam
3116 3777 3261 3847 (hoc
3306 3788 3386 3832 est
3431 3779 3584 3834 velo-

2011 3865 2152 3918 c‘iter
2180 3864 2558 3934 scribentem),
2597 3875 2648 3918 et
2679 3866 2972 3921 Jeremiam
2997 3869 3322 3938 praphetam,
3347 3881 3394 3924 et
3419 3874 3590 3925 occul-

2011 3956 2112 4008 tati
2141 3965 2264 4008 sunt
2287 3973 2318 4008 a
2352 3955 2599 4014 Domino.

2089 4045 2156 4100 Et
2183 4055 2362 4101 tamen
2391 4049 2644 4118 superius
2687 4048 2923 4120 dixerat,
2953 4066 3076 4107 cum
3112 4053 3252 4109 Deus
3283 4054 3358 4109 illi
3387 4070 3587 4124 praece-

2013 4137 2182 4206 pisset
2211 4147 2269 4192 ut
2300 4139 2564 4194 scriberet
2607 4153 2801 4194 omnes
2835 4154 3119 4197 sermones
3165 4158 3302 4212 quos
3329 4147 3393 4196 ad
3421 4158 3590 4214 popu-

2013 4230 2124 4284 lum
2177 4231 2443 4292 habuerat
2493 4245 2524 4284 a
2569 4231 2760 4287 diebus
2815 4230 2979 4288 Josiae
3018 4248 3190 4301 usque
3237 4234 3305 4286 ad
3335 4245 3589 4302 quartum

2014 4335 2212 4376 annum
2261 4323 2410 4394 regni
2463 4321 2735 4390 Joachim,
2767 4338 2875 4394 quo
2905 4325 3021 4379 haec
3064 4325 3359 4392 scribebat,
3412 4327 3590 4381 accitu

1943 4452 1988 4508 Β
2016 4412 2258 4508 Bardch:

2075 4511 2100 4528 "
2117 4504 2231 4576 Ego
2270 4507 2564 4572 custodior,
2597 4517 2645 4562 et
2677 4525 2781 4564 non
2812 4525 3026 4566 nassum
3055 4508 3260 4579 ingredi
3298 4509 3352 4562 in
3380 4488 3590 4562 domum

2015 4599 2249 4657 Domini.
2282 4599 2347 4653 Et
2379 4603 2690 4672 ingredieris
2723 4614 2804 4668 tu,
2835 4614 2886 4659 et
2933 4605 3041 4673 lege
3068 4604 3123 4656 in
3165 4603 3426 4657 volumine
3465 4606 3587 4661 ista.

2013 4691 2068 4744 in
2095 4709 2198 4755 quo
2227 4693 2486 4762 scripsisti
2517 4711 2538 4750 .'
2565 4712 2630 4750 ex
2664 4713 2753 4752 ore
2788 4713 2901 4752 meo
2934 4698 3088 4751 verba
3125 4695 3336 4748 Domini
3365 4696 3419 4747 in
3446 4699 3590 4747 auri—

2017 4783 2132 4851 bus,
2165 4786 2220 4838 in
2245 4786 2332 4840 die
2356 4786 2559 4856 jejunii
2592 4788 2660 4842 ".

2089 4970 2146 5026 Si
2178 4971 2344 5042 igitur
2371 4973 2799 5037 custodiebatur,
2827 4969 3102 5040 quomodo
3129 4967 3437 5025 occultatus
3470 4967 3594 5022 est?

2020 5061 2157 5119 llinc
2195 5063 2540 5119 manifestum
2589 5066 2728 5130 erit;
2780 5063 3234 5133 quemadmodum
3278 5061 3423 5114 enim
3454 5068 3592 5115 teni.

2020 5170 2150 5224 pore
2180 5157 2358 5212 Elisaei
2379 5157 2449 5223 ³⁷,
2475 5157 2595 5226 Syri
2624 5157 2717 5225 qui
2755 5155 2823 5209 ad
2865 5169 2989 5210 eum
3020 5151 3592 5221 comprehendendum

2021 5257 2388 5312 accesserant,
2451 5248 2695 5302 caecitate
2748 5245 2992 5316 percussi
3042 5251 3189 5307 sunt,
3237 5242 3317 5298 sic
3358 5248 3413 5311 et
3453 5256 3595 5296 nunc

2022 5338 2223 5394 factum
2279 5348 2391 5404 est,
2463 5355 2582 5394 cum
2637 5339 2759 5394 illos
2799 5338 2942 5392 Deus
2991 5336 3041 5389 vi
3093 5334 3323 5402 quadam
3378 5332 3588 5388 occulta

2025 5431 2422 5498 abscondisset,
2458 5431 2528 5485 ita
2561 5439 2616 5484 ut
2647 5430 2681 5484 ii
2711 5443 2818 5486 non
2852 5428 3185 5507 viderentur,
3217 5423 3596 5494 licetprzeseu-

2025 5530 2104 5577 tes
2133 5534 2335 5578 essent.

3210 5786 3287 5850 3ft-
