4016 6152
515 292 622 350 999

590 408 757 464 Vsus.
789 405 880 462 28.
910 404 1116 459 Rursus
1144 418 1312 458 sume.

586 497 725 556 Vide
767 497 1003 553 diVinam
1047 495 1462 564 benignitatem,
1495 503 1620 564 post
1662 502 1866 549 tantam
1897 503 2093 549 contus-

520 591 768 651 maciam,
821 599 1008 642 rursus
1059 585 1192 654 ipsis
1239 583 1592 640 consulentis.
1644 581 1757 638 Nos
1789 597 1920 639 vero
1949 599 2092 654 saepe

521 682 770 736 timentes
815 691 884 732 ne
934 675 1094 731 nobis
1143 689 1248 729 non
1296 684 1587 744 pareatur,
1647 689 1822 744 neque
1871 676 2092 730 omnino

515 769 951 826 adhortationem
982 766 1326 830 adhibemus,
1357 764 1442 818 vel
1469 764 1637 819 semel
1661 765 1805 834 quod
1831 764 1885 819 in
1911 774 2092 820 mente

515 863 633 918 erat
645 874 753 916 non
773 856 1034 922 assecuti,
1059 855 1316 926 iniuriam
1335 855 1497 911 nobis
1511 855 1848 911 arbitramur
1863 855 2088 922 illatam,

514 966 614 1007 nec
647 950 842 1004 iterum
895 945 1099 1016 alloqui
1142 944 1495 1006 sustinemus,
1537 942 1646 996 Deo
1697 949 1906 996 tantum
1955 942 2092 995 tole—

514 1055 668 1102 route
705 1042 1089 1098 contumeliam
1144 1039 1522 1094 combustione
1568 1037 1733 1102 libri,
1783 1046 1838 1092 et
1881 1037 2092 1092 insidiis

512 1145 702 1193 contra
752 1134 1067 1205 prophetas.
1113 1131 1316 1187 Omnes
1360 1129 1539 1183 futura
1591 1129 1734 1184 scire
1777 1127 1984 1192 Volunt,
2026 1141 2088 1182 ea

513 1236 693 1280 tamen
715 1239 838 1296 quas
860 1236 1019 1276 aures
1045 1233 1152 1275 non
1174 1217 1504 1284 demulcent,
1527 1217 1718 1272 audire
1739 1231 1848 1271 non
1881 1216 2085 1270 ferunt.

510 1316 796 1386 Propheta
829 1327 960 1368 vero
985 1324 1167 1367 sermo
1196 1324 1334 1364 unus
1376 1322 1594 1374 semper
1619 1318 1723 1371 est,
1749 1317 1806 1361 et
1835 1307 1886 1360 in
1919 1307 2090 1362 hono-

513 1417 701 1465 rantes
749 1404 899 1460 omni
937 1402 1248 1458 adulatione
1287 1413 1502 1455 carens.
1539 1397 1792 1453 Ostendit
1819 1407 1999 1452 autem
2029 1409 2090 1452 se

513 1500 647 1556 nulli
676 1498 927 1567 iniuriam
978 1494 1182 1560 facere,
1210 1492 1337 1547 dum
1365 1505 1494 1546 vera
1545 1488 1699 1554 dicit,
1732 1501 1833 1543 nec
1865 1487 2085 1556 dignum

514 1591 607 1662 qui
640 1588 866 1644 vinculis
896 1586 1224 1642 detineatur.
1255 1581 1388 1637 Illud
1405 1587 1586 1637 autem
1613 1576 1864 1634 Eteniotlt
1891 1576 2088 1649 Aquila

511 1681 762 1752 exposuit
789 1678 1056 1734 olﬁcinas.

1303 283 1864 342 SUPI'LEMEN'I‘UM
1903 287 1994 342 AD
2034 289 2090 346 S.
2128 289 2178 346 J.
2215 290 2712 353 CHRYSOSTOMI
2744 298 2998 356 OPERA.

2125 415 2170 470 Α
2267 411 2460 465 Πάλιν
2486 414 2655 468 λάϐε.

3616 309 3740 369 1000

2207 506 2209 508 ’
2268 505 2409 572 Ὅρα
2449 504 2544 558 τοῦ
2571 504 2706 559 Θεοῦ
2735 507 2835 577 τὴν
2869 506 3298 578 φιλανθρωπίαν,
3330 506 3467 577 μετά
3489 512 3738 587 τοσαύτην

2193 594 2479 650 ἀπείθειαν
2517 597 2680 650 πάλιν
2732 598 2918 661 αὐτοῖς
2955 598 3434 668 συμϐουλεύοντος.
3478 600 3663 672 Ἡμεῖς
3687 608 3738 661 δὲ

2193 684 2454 749 πολλάκις
2489 686 2804 743 ἀντίστασιν
2854 691 3274 757 ὑποπτεύοντες,
3323 691 3423 762 τὴν
3447 693 3612 765 ἀρχὴν
3631 699 3741 753 οὐδὲ

2192 778 2590 849 παραινοῦμεν,
2638 780 2672 850 ἤ
2720 781 2839 845 πῶς
2877 782 3025 847 ἀπαξ
3079 783 3466 853 ἀποτυχόντες,
3502 783 3651 859 ὕϐριν
3687 791 3742 844 τὸ

2193 870 2382 941 χρῆμα
2403 871 2718 942 νομίζομεν,
2751 874 2848 926 καὶ
2895 874 3062 928 πάλιν
3090 875 3272 944 λέγειν
3300 875 3400 930 ούκ
3433 877 3740 950 ἀνεχόμεθα,

2191 960 2327 1014 θεοῦ
2356 961 2627 1034 τοσαύτην
2653 963 3046 1035 ὑπομείναντος
3097 965 3256 1038 ὓϐριν
3286 967 3418 1038 περὶ
3439 969 3537 1040 τὴν
3562 971 3744 1027 καῦσιν

2190 1053 2286 1106 τοῦ
2314 1051 2541 1123 βιϐλίου,
2569 1055 2663 1109 καὶ
2684 1055 2792 1109 τῶν
2823 1057 3119 1128 προφητῶν
3143 1059 3242 1129 τὴν
3267 1059 3578 1131 ἐπιϐουλήν.
3613 1062 3744 1116 Πάν-

2190 1159 2282 1206 τες
2337 1142 2561 1214 ζητοῦσι
2611 1144 2673 1198 τὸ
2717 1145 2933 1215 μέλλον,
2964 1147 3262 1201 ὑπακούειν
3288 1147 3346 1201 δὲ
3367 1151 3481 1214 τοῖς
3521 1151 3593 1222 μὴ
3629 1154 3740 1207 καθ’

2188 1231 2387 1304 ἡδονὴν
2413 1232 2514 1287 οὐκ
2537 1232 2841 1304 ἀνέχονται.
2888 1231 2982 1300 Εἷς
3021 1237 3080 1291 δὲ
3129 1239 3158 1291 ό
3189 1237 3348 1308 λόγος
3379 1239 3471 1293 ἀεὶ
3507 1241 3597 1294 τοῦ
3620 1258 3744 1313 προ-

2189 1323 2386 1394 φήτου,
2415 1327 2512 1378 καὶ
2556 1325 2923 1392 ἀκολάκευτος
2946 1329 3084 1394 πρὸς
3131 1330 3260 1393 τοὺς
3307 1330 3579 1400 τιμῶντας
3611 1331 3742 1405 [ἀτι-

2192 1415 2454 1488 μῶντας].
2489 1417 2742 1473 Δείκνυσι
2769 1419 2853 1483 δὲ,
2885 1420 2968 1472 ὅτι
3001 1421 3076 1491 μὴ
3107 1419 3284 1474 ἀδικεῖ
3323 1420 3498 1490 λέγων
3528 1423 3741 1492 τάληθῆ,

2193 1506 2328 1576 μηδὲ
2360 1508 2508 1573 ἄξιός
2538 1509 2656 1561 ἐστι
2685 1509 2957 1580 φυλακῆς,
2987 1511 3046 1564 τὸ
3071 1510 3130 1564 δὲ
3169 1512 3464 1576 Emtae,
3527 1514 3740 1579 Ἀκύλας

2190 1597 2454 1664 ἐξέδωκεν
2479 1599 2868 1669 ἐργαστήρια.

583 1773 751 1828 Vens.
805 1770 896 1825 32.
949 1768 1016 1823 Et
1069 1774 1330 1837 praeterea
1403 1761 1577 1816 additi
1606 1786 1612 1792 -
1646 1770 1767 1817 sunt
1827 1774 2087 1816 sermones

2258 1781 2370 1834 kat
2394 1780 2856 1850 προσετέθησαν
2889 1781 3050 1849 αὐτῷ
3077 1784 3251 1856 λόγοι
3282 1788 3583 1856 πλείονες.

508 1866 711 1937 plures.

581 1953 648 2011 Hi
675 1955 783 2012 [ide
812 1951 960 2025 digni
988 1959 1165 2008 erant.

1078 2077 1232 2135 CAP.
1260 2073 1526 2132 XXXVII.

577 2224 743 2278 Vens.
769 2220 825 2276 4.
862 2216 1247 2286 Etaudierunt
1274 2211 1513 2268 Chaldwi
1541 2209 1741 2280 famam
1767 2221 1973 2262 eorum.

570 2317 686 2373 Cur
730 2327 862 2370 vero
905 2308 1145 2368 Chaldaei
1197 2304 1494 2361 recedunt?
1539 2310 1599 2357 ut
1647 2299 1794 2357 omni
1840 2312 1908 2353 ex
1935 2302 2089 2366 parte

508 2406 710 2464 ludatis
731 2406 951 2477 planum
989 2400 1146 2456 ﬁeret
1179 2413 1276 2455 eos
1303 2412 1410 2452 non
1431 2395 1640 2450 viribus
1666 2390 1899 2463 propriis
1923 2401 2088 2458 expe-

511 2498 775 2554 ditionem
828 2490 1154 2562 suscepisse,
1187 2485 1389 2554 bellum
1424 2484 1683 2555 gessisse,
1726 2480 1823 2537 sed
1852 2479 2088 2550 inaper-

514 2591 788 2644 mittente.

579 2681 746 2736 Vlns.
789 2678 844 2733 8.
875 2675 1141 2742 Quoniam
1169 2674 1245 2728 sic
1273 2671 1435 2726 dixit.

585 2771 720 2826 Cum
753 2767 899 2824 enim
944 2766 1087 2821 Deus
1121 2779 1218 2835 per
1252 2763 1461 2831 aliquos
1505 2757 1710 2827 aliquid
1744 2756 1926 2811 facere
1949 2752 2084 2819 vult,

511 2862 687 2932 primo
714 2859 838 2916 illos
862 2857 1103 2914 ostendit
1147 2853 1418 2917 inﬁrmos,
1451 2856 1512 2904 ut
1541 2848 1617 2905 illi
1647 2857 1817 2903 totum
1848 2843 2088 2900 ascriba-

510 2963 618 3009 tur.
647 2951 802 3018 Quod
835 2950 926 3005 hic
951 2949 1118 3004 etiam
1142 2945 1350 3002 evenit.

583 3043 747 3098 Vens.
777 3040 868 3105 10,
901 3040 990 3094 11.
1015 3037 1086 3092 Et
1113 3038 1314 3108 factum
1350 3041 1428 3088 est
1449 3031 1659 3102 quando
1687 3025 1918 3084 ascendit
1941 3039 2089 3080 exer-

2255 1956 2419 2016 Οῦτοι
2448 1961 2754 2028 ἀξιόπιστοι
2777 1959 2940 2035 ἦσαν.
2981 2009 2989 2018 .

2747 2094 2999 2152 ΚΕΦΔΛ.
3042 2097 3166 2153 ΑΖ¹.

2258 2230 2370 2287 Καὶ
2392 2231 2673 2299 ἤκουσαν
2694 2233 2750 2285 οἱ
2770 2230 3080 2286 Χαλδαῖοι.

2258 2322 2418 2386 Τίνος
2441 2322 2628 2376 ἕνεκεν
2657 2322 3036 2394 ἀναχωροῦσιν
3080 2324 3132 2377 οἱ
3184 2326 3448 2382 Χαλδαῖοι
3477 2343 3491 2394 ;
3515 2328 3598 2383 ἵνα
3625 2328 3749 2384 πάν-

2187 2406 2346 2462 τοθεν
2389 2406 2634 2478 μάθωσιν
2656 2408 2707 2461 οἱ
2755 2407 3024 2473 Ἰουδαῖοι,
3055 2409 3138 2463 ὅτι
3182 2411 3285 2464 οὐκ
3322 2413 3507 2485 οἰκείᾳ
3535 2415 3748 2485 δυνάμει

2187 2498 2426 2570 ἐπῆλθον
2454 2498 2637 2563 αὐτοῖς
2674 2500 2770 2552 καὶ
2799 2499 3167 2572 ἐπολέμησαν,
3193 2501 3312 2555 ἀλλ’
3335 2503 3508 2558 αὑτοῦ
3548 2521 3745 2577 συγχω-

2187 2591 2254 2662 ρή
2263 2607 2474 2654 σαντος.

2261 2682 2392 2734 Ὅτι
2422 2681 2618 2746 οὕτως
2644 2677 2798 2737 εἶπε.

2257 2770 2429 2823 Ὅταν
2459 2770 2570 2841 γὰρ
2603 2769 2862 2839 βούληταί
2891 2787 2942 2823 τι
2988 2771 3078 2826 διά
3101 2789 3262 2828 τινων
3295 2776 3324 2828 ὁ
3351 2775 3493 2838 Θεὸς
3533 2776 3751 2847 ἐργάζευ
3861 2775 3869 2785 ’

2189 2859 2338 2924 σθαι,
2373 2859 2592 2930 πρῶτον
2621 2860 2816 2923 αὐτοὺς
2845 2860 3116 2917 δείκνυσιν
3151 2865 3428 2934 ἀσθενεῖς,
3457 2869 3546 2922 ῖνα
3568 2869 3625 2921 τὸ
3651 2867 3750 2920 πᾶν

2187 2951 2356 3006 αὐτοῦ
2381 2949 2638 3022 νομισθῇ.
2675 2951 2740 3004 '0
2783 2951 2877 3004 καὶ
2907 2953 3143 3008 ἐνταῦθα
3167 2956 3417 3024 γέγονεν.

2273 3040 2540 3112 Ἐγένετο
2578 3039 2667 3104 δὲ,
2707 3039 2788 3106 ὡς
2839 3040 3021 3110 ἀνέϐη
3070 3044 3110 3110 ἡ
3158 3044 3421 3114 δύναμις
3457 3044 3575 3099 τῶν
3603 3047 3752 3097 Χαλ-

509 3139 645 3194 citus
678 3133 1050 3190 Chaldaeorum
1080 3106 1122 3182 αν
1138 3123 1434 3181 Jerusalem
1465 3140 1498 3176 a
1521 3122 1660 3189 facie
1680 3114 2087 3174 exercitusPha-

2190 3106 2372 3188 δαίων⁸
2398 3131 2519 3188 ἀπὸ
2559 3132 2970 3204 Ἰερουσαλὴμ,
3159 3106 3492 3202 προοῖώατου
3519 3134 3625 3200 τῆς
3658 3133 3753 3188 δυ-

509 3229 717 3293 raouis,
755 3238 992 3294 egressus
1030 3229 1105 3276 est
1151 3216 1412 3272 Jeremias
1430 3212 1725 3269 Jerusalem
1743 3251 1759 3277 ,
1782 3219 1838 3266 et
1858 3222 1979 3278 quae
2000 3220 2086 3262 se-

507 3329 812 3476 quam];
857 3406 1114 3458 asserunt
1157 3393 1488 3466 Babylonios
1541 3391 1597 3446 in
1645 3388 1786 3445 bello
1827 3389 2086 3442 adversus

508 3500 793 3573 Egyptios
821 3510 931 3551 non
969 3491 1041 3549 ob
1071 3490 1271 3546 virium
1310 3484 1738 3552 imbecillitatem
1773 3479 1962 3547 pedem
1996 3493 2084 3533 re-

507 3569 722 3657 tulisse,
753 3589 852 3645 sed
872 3586 942 3644 ob
971 3583 1118 3656 regis
1141 3579 1479 3644 absentiam;
1508 3590 1694 3632 verum
1729 3574 1834 3629 hoc
1859 3569 2084 3626 minime

507 3686 576 3741 ad
628 3699 744 3740 rem
794 3680 979 3737 facere
1021 3675 1534 3739 existimozneque
1583 3667 1731 3723 enim
1783 3665 1838 3719 in
1885 3662 2084 3718 ultimo

507 3774 726 3829 excidio
755 3783 998 3842 praesens
1028 3773 1169 3824 erat.
1197 3765 1269 3818 At
1289 3763 1342 3818 in
1373 3759 1600 3816 Deblata
1625 3763 1750 3828 post
1784 3764 2083 3811 extremam

493 3864 665 3919 urbis
710 3862 921 3916 ruinam
950 3857 1208 3914 Sedecias
1243 3853 1510 3910 adductus
1535 3856 1642 3906 est.
1671 3848 1743 3903 At
1771 3846 1966 3917 opinor
1989 3857 2084 3898 eos

510 3968 672 4023 pares
708 3950 944 4007 hostium
986 3945 1316 4003 multitudini
1358 3958 1467 3998 non
1511 3940 1772 4014 habuisse
1822 3937 1994 4000 vires,
2032 3941 2087 4004 et

483 4046 680 4102 .Deum
733 4042 842 4098 illis
883 4050 946 4096 ut
975 4039 1141 4110 iustis
1174 4036 1495 4092 auxiliatum
1544 4031 1737 4095 fuisse,
1786 4025 2087 4084 reddidisse

509 4147 693 4193 autem
735 4133 997 4206 populum
1029 4134 1098 4188 ob
1125 4129 1442 4200 iniquitates
1495 4121 1844 4180 imbecillem.
1893 4116 2087 4171 Dicere

478 4228 821 4297 itaqueest,
846 4223 1176 4295 .praedixisse
1214 4220 1385 4276 Deum
1419 4216 1625 4280 futura,
1654 4227 1761 4268 non
1791 4208 1934 4281 quod
1969 4207 2088 4276 ipse

402 4361 439 4381 .-
475 4318 846 4374 calamitates
903 4314 1158 4380 inferret,
1215 4320 1271 4368 et
1318 4310 1561 4365 minatus
1610 4319 1674 4361 ea
1724 4315 1848 4374 quae
1904 4299 2086 4356 futura

507 4417 666 4465 erant
717 4408 1019 4476 denegante
1067 4404 1184 4473 ipso
1217 4398 1502 4455 auxilium.
1553 4394 1730 4450 Porro
1759 4404 1942 4447 sermo
1979 4389 2087 4446 iste

492 4498 808 4556 universim
856 4495 1007 4551 utilis
1053 4501 1160 4548 est.
1189 4489 1313 4548 Non
1348 4487 1476 4558 quia
1511 4486 1654 4541 Deus
1698 4479 1966 4552 praedicit,
1997 4493 2086 4534 res

507 4591 788 4654 eveniunt,
826 4586 924 4642 sed
963 4583 1254 4656 praescieus
1287 4581 1334 4635 is
1361 4593 1423 4634 ea
1451 4573 1805 4646 praenuntiat,
1848 4571 1976 4642 quia
2009 4569 2085 4625 ita

507 4681 702 4756 futura
729 4686 887 4746 sunt;
907 4677 987 4732 sic
1010 4675 1175 4746 igitur
1197 4669 1542 4740 intelligenda
1565 4677 1620 4722 et
1629 4679 1755 4756 quae
1777 4663 1846 4720 de
1867 4661 2086 4718 Christo

505 4753 783 4844 prepbetaa
827 4767 1108 4824 vaticinati
1157 4770 1313 4831 sunt,
1361 4770 1416 4817 et
1454 4773 1577 4842 qua
1621 4754 1773 4812 ludas
1802 4771 1832 4811 a
1863 4753 2086 4810 Christo

508 4868 655 4924 facta
683 4865 787 4921 fuit
815 4861 1118 4935 praedictio.

574 5052 739 5109 Vsns.
776 5049 865 5105 12.
897 5047 966 5103 Et
991 5045 1092 5118 fuit
1136 5044 1247 5113 ipse
1276 5041 1334 5096 in
1366 5038 1574 5094 civitate
1600 5033 1904 5106 Benjamin,
1938 5043 1987 5087 et
2010 5033 2084 5087 ibi

506 5150 686 5209 homo,
739 5142 881 5212 apud
914 5154 1066 5210 quem
1115 5133 1404 5189 divertebat
1455 5130 1713 5191 Ananiae,
1758 5135 1808 5180 et
1847 5140 2084 5194 conlpre-

504 5237 681 5293 hendit
721 5231 1007 5288 Jereutiam
1058 5226 1388 5299 prophetam,
1428 5221 1604 5274 dicens
1635 5234 1654 5273 :
1685 5216 1766 5271 Ad
1805 5215 2081 5270 Chaldreos

505 5341 562 5382 tu
595 5325 774 5397 fugis?

575 5417 731 5481 Illud,
761 5412 901 5482 apud
940 5425 1095 5482 quem
1142 5406 1454 5470 dit'ertebat,
1494 5402 1635 5456 idem
1669 5408 1751 5456 est
1775 5415 1838 5455 ac
1866 5401 1912 5455 si
1940 5399 2083 5455 dice-

506 5519 634 5564 ret:
662 5504 816 5573 Apud
853 5519 1037 5573 quem,
1075 5503 1201 5554 dum
1252 5499 1352 5553 iter
1401 5495 1646 5560 haberet,
1692 5506 1912 5573 manere
1956 5506 2083 5546 cou-

506 5603 781 5653 sueverat.

581 5685 744 5740 Vsus.
775 5682 862 5738 N.
889 5681 954 5735 E'
985 5680 1313 5736 tradiderunt
1359 5693 1474 5731 eum
1506 5677 1560 5730 in
1590 5675 1800 5729 domum
1852 5675 2078 5729 carceris

2183 3217 2417 3288 νάμεως
2441 3216 2672 3286 Φαραὼ,
2699 3216 2960 3286 ἐξῆλθεν
2992 3220 3276 3291 Ἱερεμίας
3301 3222 3428 3279 ἀπὸ
3465 3223 3748 3292 Ἰερουσα-

2179 3310 2329 3379 λὴμ,
2364 3309 2459 3363 καὶ
2479 3308 2548 3362 τὰ
2569 3307 2715 3380 ἑξῆς.

2257 3398 2416 3462 Τινές
2444 3415 2630 3468 φασιν,
2656 3399 2732 3463 ὡς
2762 3399 2863 3452 ούκ
2889 3399 3146 3471 ἀσθενείᾳ.
3185 3400 3527 3457 Βαϐυλώνιοι
3559 3398 3750 3470 ἀνεχώ-

2187 3506 2384 3562 ρησαν,
2411 3488 2727 3558 Αἰγυπτίων
2765 3489 3172 3560 πολεμούντων,
3213 3490 3327 3546 ἀλλ’
3358 3493 3438 3557 ὡς
3479 3492 3575 3547 τοῦ
3610 3492 3751 3563 βασι-

2184 3580 2320 3643 λέως
2345 3579 2421 3651 μὴ
2442 3579 2708 3650 παρόντος
2730 3593 2746 3610 ⁸
2781 3575 2938 3650 οἶμαι
2967 3580 3024 3633 δὲ
3071 3583 3331 3652 περιττὸν
3381 3581 3523 3638 εἶναι
3557 3583 3646 3636 τὸν
3673 3581 3750 3634 λόο

2184 3687 2280 3740 γον
2301 3670 2511 3724 τοῦτον
2540 3671 2790 3742 οὐδὲγὰρ
2807 3675 2864 3726 ὲν
2887 3675 2954 3742 τῇ
2979 3673 3182 3744 ἐσχάτῃ
3201 3673 3406 3728 ἁλώσει
3433 3674 3638 3746 παρῆν.
3668 3671 3750 3726 Ἐν

2184 3762 2317 3832 γοῦν
2332 3765 2399 3836 τῇ
2419 3761 2668 3820 Δεϐλαθᾶ
2684 3765 2712 3817 ὁ
2735 3763 2990 3827 Σεδεκίας
3008 3764 3294 3836 ἀπηνέχθη
3319 3766 3468 3835 μετά
3484 3767 3583 3838 τὴν
3603 3763 3753 3833 έσχά-

2184 3871 2286 3926 την
2313 3854 2518 3910 ἀλωσιν
2556 3857 2657 3926 τῆς
2709 3854 2940 3918 πόλεως.
2979 3854 3251 3926 Ἦγοῦμαι
3309 3857 3518 3923 τοίνυν,
3547 3857 3622 3921 ὼς
3661 3855 3753 3909 οὐκ

2185 3944 2480 4016 ἀξιόμαχον
2518 3940 2662 4014 εἶχον
2715 3944 2948 4014 δύναμιν
3001 3944 3140 4015 πρὸς
3193 3945 3256 3999 τὸ
3309 3947 3426 4002 τῶν
3490 3945 3754 4016 πολεμίων

2187 4037 2414 4107 πλῆθος,
2446 4036 2545 4090 καὶ
2589 4036 2720 4098 Θεὸς
2754 4036 2810 4089 δὲ
2842 4036 3028 4100 αὐτοῖς
3077 4037 3154 4100 ὡς
3177 4037 3418 4103 δικαίοις
3461 4040 3750 4109 ἐπήμυνεν,

2186 4127 2574 4199 ἀσθενέστερον
2614 4126 2672 4180 δὲ
2714 4127 2806 4181 τὸν
2855 4127 2980 4182 λαὸν
3007 4127 3095 4180 διά
3127 4129 3226 4192 τάς
3265 4129 3555 4201 ἁμαρτίας
3579 4125 3754 4199 εἰργά-

2189 4237 2341 4275 σατο.
2381 4218 2538 4274 Ἔστι
2577 4219 2762 4273 τοίνυν
2815 4219 2882 4272 ὲκ
2923 4218 3116 4274 τούτου
3162 4221 3365 4289 εἰπεῖν,
3415 4222 3499 4276 ὅτι
3530 4219 3599 4274 τά
3639 4216 3755 4289 μέλ-

2187 4307 2346 4363 λοντα
2397 4308 2718 4365 ἀποϐαίνειν
2757 4309 2990 4380 προεῖπε
3015 4309 3170 4376 Θεὸς,
3194 4311 3299 4365 ούκ
3342 4313 3512 4375 αὐτὸς
3547 4311 3754 4376 ἐπάγων

2117 4431 2161 4487 D
2188 4398 2288 4462 τάς
2318 4400 2628 4471 συμφορὰς,
2673 4400 2788 4456 ἀλλ’
2820 4400 3063 4455 ἀπειλῶν
3092 4402 3161 4455 τὰ
3185 4403 3448 4487 ἐσόμενα,
3483 4403 3673 4471 καὶμὴ
3698 4398 3752 4450 τὸ

2190 4488 2404 4561 βοηθεῖν
2445 4491 2769 4563 ἀπειλήσας.
2802 4493 3089 4564 Χρήσιμος
3115 4494 3173 4547 δὲ
3208 4486 3368 4558 οῦτος
3395 4495 3426 4548 ὁ
3458 4495 3616 4563 λόγος
3645 4487 3752 4544 καθ’

2187 4578 2331 4634 ὅλου.
2372 4580 2496 4634 Ὅτι
2557 4581 2657 4634 οὐκ
2701 4581 2890 4652 ἐπειδὴ
2943 4582 3201 4654 προλέγει
3260 4582 3400 4641 Θεὸς
3445 4585 3651 4654 γίνεται
3691 4577 3752 4630 τὰ

2186 4666 2512 4738 πράγματα,
2540 4669 2657 4725 ἀλλ’
2684 4669 2874 4742 ἐπειδὴ
2907 4667 3046 4725 εἶναι
3093 4673 3278 4743 μέλλει
3311 4673 3453 4738 Θεὸς
3504 4669 3753 4744 προειδὼς

2187 4759 2496 4832 προμηνύει
2521 4775 2534 4790 ·
2564 4760 2706 4816 οὕτω
2733 4762 2866 4830 γοῦν
2895 4763 2989 4816 καὶ
3014 4763 3084 4818 τὰ
3104 4767 3237 4836 περὶ
3257 4764 3507 4836 Χριστοῦ
3539 4764 3639 4818 ὑπὸ
3657 4759 3751 4813 τῶν

2189 4851 2492 4922 προφητῶν
2540 4852 2807 4923 εἰρημένα
2839 4852 2985 4908 ἔστιν
3017 4854 3286 4922 ἐκλαϐεῖν,
3322 4858 3429 4911 καὶ
3459 4856 3558 4927 τὴν
3599 4850 3750 4908 Ἰούδα

2187 4943 2344 5016 παρά
2371 4942 2465 4998 τοῦ
2500 4943 2738 5013 Χριστοῦ
2766 4945 3072 5018 πρόρρησιν
3096 4949 3424 5018 γενομένην.

2233 5035 2364 5091 ’Καὶ
2411 5035 2649 5106 ἐγένετο
2679 5036 2865 5102 αὐτὸς
2898 5037 2970 5090 ἐν
2997 5038 3073 5107 τῇ
3104 5041 3278 5094 πόλει
3311 5036 3624 5108 Βενιαμὶν,
3662 5030 3747 5087 καὶ

2183 5127 2312 5181 ἐκεῖ
2349 5127 2658 5196 ἅνθρωπος
2706 5129 2843 5196 παρ’
2890 5121 2940 5196 ᾧ
3006 5129 3301 5184 κατέλυεν
3339 5130 3556 5200 (ὄνομα
3605 5117 3747 5182 αὐτῷ

2197 5219 2469 5288 Ἆρουια),
2489 5219 2587 5273 καὶ
2624 5219 2967 5275 συνέλαϐεν
3001 5221 3276 5292 Ἱερεμίαν
3288 5222 3404 5276 τὸν
3443 5217 3744 5290 προφήτην

2182 5307 2396 5378 λέγων·
2424 5310 2580 5378 Πρὸς
2611 5310 2754 5376 τοὺς
2787 5311 3129 5378 Χαλδαίους
3156 5313 3237 5367 σὺ
3259 5313 3549 5381 gestirem;

2253 5401 2347 5465 Τὸ,
2379 5402 2521 5469 Παρ’
2549 5395 2597 5468 ᾧ
2643 5403 2955 5468 κατέλιοεν,
2982 5405 3102 5456 ἀντὶ
3131 5403 3225 5457 τοῦ
3248 5442 3263 5470 ,
3297 5402 3446 5474 Παρ’
3483 5393 3529 5470 ᾧ
3557 5397 3744 5453 ὁδοιπο·

2186 5490 2294 5557 ρῶν
2330 5493 2512 5562 μένειν
2536 5491 2736 5546 εἰώθει.

2252 5675 2361 5731 Kal
2391 5675 2742 5744 παρέδωκαν
2769 5677 2956 5730 αὐτὸν
3004 5679 3088 5743 είς
3131 5678 3297 5731 οἷκον
3356 5672 3632 5739 φυλακῆς
3665 5669 3740 5730 εις
