4016 6152
306 261 441 338 ίοοι

1396 257 1816 317 FRAGMENTA
1854 254 1919 309 IN
1955 249 2320 310 JEREMIAM.

3416 241 3558 297 100!

304 399 374 453 τὸ
423 388 868 461 δεσμωτήριον,
927 385 1014 448 είς
1074 381 1181 434 τὸν
1219 375 1388 432 οἶκον
1447 374 1734 430 Ἰωνὰθαν
1772 369 1878 426 τοῦ

2009 387 2032 421 η
2053 381 2338 430 carcerem,
2359 367 2415 418 in
2435 364 2646 418 domum
2671 361 2954 419 Ionatham
2974 359 3182 427 scribto,
3206 361 3331 431 quia
3345 362 3556 418 domum

307 483 718 561 γραμματέως,
747 480 838 533 ὅτι
878 476 995 544 τὴν
1015 473 1214 529 οὶκίαν
1235 468 1423 524 αὐτοῦ
1447 466 1747 534 ἐποίησαν
1772 479 1886 561 gav-

305 553 532 645 λινέην,
556 575 648 627 ὅτι
675 568 865 642 ἦλθεν
893 568 1078 637 ὄχλος
1107 567 1194 630 είς
1238 561 1355 630 τὴν
1375 559 1573 615 οὶκίαν
1597 557 1706 612 τοῦ
1743 553 1886 610 λάκ-

306 689 442 736 κου,
465 668 563 722 καί
588 669 677 732 εις
707 664 822 732 τὴν
843 659 1043 730 Χερέθ.

378 761 696 822 Τουτέστιν,
720 756 820 827 τὴν
849 755 1030 808 οἰκίαν
1070 749 1328 804 Ἰωνάθαν
1355 743 1579 818 εἱρκτὴν
1599 741 1883 811 ἐποίησαν,

312 853 405 906 καὶ
441 849 600 920 δχλος
648 845 1003 914 ἐγκέκλειστο
1042 841 1194 894 ἐκεῖ·
1229 838 1291 891 τὸ
1323 835 1384 890 δέ
1414 837 1494 898 είς
1542 834 1644 902 τὴν
1678 829 1885 900 Χερὲθ,

309 942 614 1004 τουτέστιν,
659 939 740 1000 είς
761 936 889 1006 ,τὺν-
917 933 1016 1003 τῆς
1055 931 1262 1002 ἐποχῆς
1298 925 1466 983 οἶκον.
1530 923 1688 979 Οὕτω
1715 923 1823 993 γὰρ
1859 922 1888 974 ὁ

324 1033 578 1103 Ἐϐραῖος
631 1026 898 1096 Φεθχλὼ,
930 1025 1068 1095 ὅπερ
1095 1019 1414 1093 ἐρμηνεύει,
1437 1013 1606 1072 οἷκον
1625 1009 1851 1082 ἐποχῆς
1871 1024 1883 1037 '

313 1125 437 1178 ἀντὶ⁷
457 1122 566 1192 γὰρ
595 1120 694 1189 τῆς
722 1115 994 1187 φυλακῆς,
1046 1113 1253 1183 ἐποχὴν
1281 1112 1402 1174 ἐθος
1435 1109 1550 1179 ἔχει
1578 1107 1780 1176 λέγειν.

383 1213 491 1266 Kal
530 1206 1004 1276 ἐπικράνθησαν.

387 1301 657 1369 Καθάπερ
689 1298 761 1350 τὰ
782 1293 1120 1350 θανατοῦντα
1147 1291 1330 1362 θηρία,
1361 1288 1504 1342 οὕτω
1532 1285 1719 1340 λοιπὸν
1739 1283 1892 1354 ὓϐρι-

316 1395 410 1461 ζον
447 1394 542 1446 καὶ
569 1393 652 1454 είς
705 1389 832 1450 τοὺς
866 1384 1175 1456 προφήτας.
1216 1380 1280 1434 El
1311 1380 1420 1449 γὰρ
1441 1378 1663 1447 ἔφευγε.
1701 1374 1755 1427 τί
1790 1369 1889 1443 iw;

315 1488 417 1556 οὐχ
440 1486 598 1554 ὑμεῖς
625 1480 787 1534 αὐτὸν
824 1475 1202 1545 ἐπιστομίζετε
1232 1490 1246 1539 ;
1275 1473 1374 1540 οὐχ
1414 1470 1572 1538 ὑμεῖς
1599 1465 1762 1518 αὑτὸν
1785 1481 1894 1516 κω-

315 1555 477 1631 λύετε
510 1575 606 1628 τοῦ
643 1569 1016 1642 φθέγγεσθαις
1049 1567 1115 1619 Τί
1147 1561 1238 1634 ἦν,
1271 1564 1319 1615 εί
1343 1562 1549 1630 tepore;
1584 1558 1693 1612 Kal.
1719 1555 1824 1626 μὴν
1845 1556 1894 1608 εί

316 1670 544 1740 ἔφυγεν,
569 1667 700 1735 ὑμῖν
730 1662 934 1730 κοῦφον
952 1656 1021 1730 ἦν
1040 1674 1055 1689 ο
1071 1652 1476 1726 άπηλλάττεσθε
1497 1650 1606 1703 τῶν
1633 1649 1891 1740 ἐλέγχων,

317 1734 618 1826 ἐλεύθεροι
643 1752 746 1822 τῆς
780 1747 1119 1817 κατηγορίας
1152 1741 1272 1816 ἦτε.
1312 1741 1453 1795 Ἀλλ’
1482 1741 1583 1811 ὅρα
1615 1734 1890 1806 πανταχοῦ

315 1851 418 1920 τὴν
441 1845 777 1916 κατηγορίαν
801 1843 896 1895 καὶ
915 1840 1109 1893 κακίαν
1129 1835 1587 1906 διεστραμμένην·
1619 1830 1762 1891 τίνος
1781 1827 1896 1920 ἐνε-

322 1918 421 1995 κεν
451 1940 548 1993 καὶ
573 1933 872 2009 ἐμάστιξαν
903 1931 1065 1988 αὐτόν
1090 1947 1106 1997 ;
1137 1925 1442 1999 ἀμύνεσθαι
1466 1921 1608 1993 ὑπὲρ
1642 1921 1741 1990 τῆς
1762 1918 1896 1988 ποιρο

321 2032 537 2104 ρησίας.

394 2123 508 2177 Kal
537 2115 864 2175 ἀπέστειλέ
901 2131 978 2170 σε
1008 2111 1310 2176 Σεδεκίας.

391 2214 552 2276 Τίνος
585 2212 772 2266 ἐνεκεν
796 2209 1057 2263 ἐκάλεσεν
1093 2203 1292 2268 αὑτόν;
1322 2199 1574 2270 ἐνόμισεν
1605 2193 1773 2250 αὑτοῦ
1795 2193 1896 2263 τὴν

327 2302 640 2374 παρρησίαν
690 2300 796 2354 ὑπὸ
838 2300 939 2367 τῆς
1005 2296 1236 2365 θλίψεως
1297 2288 1710 2374 ταπεινοτέρανῌ
1739 2283 1896 2354 γενέ-

327 2371 472 2460 σθαί,
501 2371 510 2374 ⁷
538 2391 634 2446 καὶ
691 2392 893 2461 ἐτέρων
946 2387 1272 2448 ἀκούσεσθαι
1324 2381 1603 2454 ῥημάτων.
1644 2371 1780 2430 Εἶτα
1811 2374 1900 2428 ἵνα

322 2485 638 2548 ἀνύποπτος
685 2482 934 2552 γένηται,
965 2479 1066 2532 οὐκ
1090 2477 1268 2547 ἐρωτᾷ
1311 2473 1475 2528 αὑτὸν
1513 2469 1718 2532 ἁπλῶς,
1762 2465 1900 2521 ἀλλά

323 2592 496 2647 φησιν
521 2590 536 2604 ⁸
577 2573 641 2625 El
675 2571 790 2624 ἐστι
827 2569 987 2637 λόγος
1012 2566 1258 2637 Κυρίου;
1301 2562 1487 2625 Διδοῦς
1518 2557 1666 2629 αύτῷ
1692 2556 1786 2610 καὶ
1811 2555 1900 2608 εύ-

324 2668 624 2740 πρόσωπυν
674 2661 1043 2734 ἀναχώρησιν.
1097 2657 1262 2711 Ἀλλὰ
1314 2653 1495 2724 πολλῷ
1547 2648 1900 2722 φοϐερωτέρα

323 2755 396 2831 ἦν
423 2758 518 2813 τοῦ
544 2753 924 2826 δεσμωτηρίου
948 2753 981 2821 ή
1012 2749 1164 2820 σιγή.

399 2850 511 2905 Kal
536 2845 729 2903 alacer
759 2847 988 2900 Ἔστιν.

414 2942 581 3012 Ὁρᾷς
638 2939 710 2992 τὰ
764 2933 1099 2991 ἀποστολικὰ
1153 2928 1562 3001 κατορθώματα
1599 2940 1904 2996 προανατυ-

328 3035 618 3105 πούμενα;
666 3029 809 3084 οὕτω
859 3028 954 3081 καὶ
986 3027 1073 3080 ἐπ’
1107 3023 1333 3078 ἐκείνων
1385 3020 1602 3088 ἐγένετο
1627 3033 1642 3048 ο
1697 3032 1902 3068 παντα-

330 3127 432 3200 χοῦ
475 3123 616 3200 ἦσαν
644 3125 694 3176 οί
722 3120 911 3176 αὐτοί·
944 3119 1098 3173 οὐδὲν
1122 3115 1302 3172 αὐτῶν
1334 3113 1434 3184 τὴν
1467 3109 1782 3182 παρρησίαν
1810 3109 1903 3162 ἀει-

331 3225 592 3276 έκοπτεν.

412 3334 517 3392 Καὶ
550 3331 672 3387 ποῦ
695 3332 853 3385 εἰσιν
872 3331 925 3383 οἱ
952 3326 1250 3396 προφῆται
1279 3319 1445 3391 ὑμῶν
1468 3336 1486 3384 ;

407 3425 596 3479 Ταῦτα
656 3424 862 3484 ἐκεῖνος
910 3419 1104 3472 παθεῖν
1145 3418 1336 3486 ἐχρῆν,
1386 3413 1487 3466 ούκ
1513 3410 1612 3481 ἐμὲ
1659 3407 1751 3462 τὸν
1784 3407 1913 3475 ἀλη-

335 3519 592 3574 θεύοντα.
613 3516 706 3585 Μὴ
745 3517 853 3583 γὰρ
885 3511 995 3580 ἐγὼ
1018 3510 1297 3580 ἐπήγαγον
1321 3522 1336 3572 ;
1359 3506 1406 3558 εἰ
1428 3505 1537 3575 γὰρ
1556 3503 1632 3574 μὴ
1658 3500 1819 3571 ἐξέϐη
1845 3498 1914 3552 τὰ

338 3610 670 3681 πράγματα,
717 3603 899 3666 καλῶς
945 3602 1152 3670 ελεγον,
1201 3600 1285 3652 ὅτι
1319 3595 1598 3666 περισσῶς
1643 3593 1914 3662 ἐλύπησεν

342 3704 491 3774 ἡμᾶς
515 3718 530 3731 ⁸
565 3699 663 3755 νῦν
692 3699 750 3752 δὲ
787 3695 1087 3759 ἐκϐάντων,
1115 3709 1232 3755 πως
1249 3691 1371 3761 οὐχὶ
1400 3689 1497 3743 καὶ
1519 3684 1915 3757 στεφανοῦσθαι

351 3812 419 3864 με
446 3794 691 3859 δίκαιον;
727 3790 838 3844 Καὶ
878 3789 937 3841 οὐ
984 3787 1128 3855 λέγω
1162 3787 1245 3838 ὅτι
1283 3781 1656 3854 εὐηργέτησα,
1696 3777 1836 3830 ἀλλὰ
1861 3776 1916 3827 τί

347 3884 620 3954 hoino“;
669 3884 765 3935 xci.
803 3880 948 3945 ἀξιοί
991 3875 1329 3946 ἀπολυθῆναι
1368 3871 1465 3926 τοῦ
1513 3866 1912 3939 δεσμωτηρίου.

345 3980 446 4042 Τίς
472 3978 583 4048 γὰρ
601 3976 700 4030 οὐκ
726 3976 792 4029 ἂν
816 3972 996 4026 ἐθέλοι
1023 3971 1250 4038 πάσχων
1275 3965 1461 4026 κακῶς
1496 3962 1875 4032 ἀπαλλαγῆναι
1898 3976 1914 4025 ;

325 4072 468 4135 ,Ἵνα
491 4069 660 4140 εἰδῇς,
697 4068 781 4120 ὅτι
807 4065 907 4136 τῆς
940 4063 1112 4132 αὐτῆς
1144 4060 1356 4130 ὑπῆρχε
1388 4055 1627 4126 φύσεως.

413 4162 526 4215 Καὶ
558 4156 916 4221 συνέταξεν.

415 4252 532 4304 υύκ
563 4252 642 4312 είς
663 4249 766 4318 τὴν
811 4246 1113 4318 προτέραν,
1164 4243 1262 4297 καὶ
1310 4239 1526 4294 κελεύει
1558 4238 1754 4309 ἄρτους
1781 4234 1919 4290 δίδο-

343 4341 476 4395 σθαι
515 4339 686 4410 αύτῷ.
723 4337 790 4392 Τί
853 4337 965 4406 γὰρ
998 4336 1109 4388 ἐδει
1160 4332 1348 4386 λοιπὸν
1407 4328 1748 4401 ὀργίζεσθαι,
1801 4325 1914 4379 τῶν

1984 457 2129 511 illius
2176 457 2404 526 fecerant
2448 469 2748 518 carcerem;
2787 454 3040 524 quoniam
3086 454 3227 507 venit
3270 453 3558 508 muttitudo

1984 550 2038 600 in
2071 548 2288 601 domum
2327 545 2495 612 locus,
2527 556 2576 600 et
2611 546 2666 598 in
2695 543 2940 599 Cheretlr.

2057 729 2116 786 Id
2143 740 2248 796 est,
2279 731 2498 785 domum
2529 727 2818 783 Jonatham
2867 742 3168 795 carcerem,
3191 736 3248 784 et
3273 728 3349 783 Ibi
3373 730 3562 783 multi-

1990 824 2117 880 tudo
2162 822 2538 877 includebatur
2571 822 2626 875 in
2661 819 2911 888 Clteretlt,
2965 821 3020 875 in
3061 821 3279 896 domum
3333 821 3564 891 impedi-

1989 912 2153 969 menti
2181 925 2394 980 nempe,
2427 904 2704 966 'Hebraeus
2745 911 2944 966 etenim
2990 910 3119 980 legit
3146 910 3391 978 Phethlo,
3419 913 3563 980 quod

1989 1002 2208 1056 domum
2254 999 2627 1072 impedimenti
2657 999 2966 1070 signiﬁcat;
2996 1000 3117 1057 loco
3144 1003 3291 1058 enim
3323 1003 3564 1058 carceris

1991 1091 2436 1160 impedimentum
2471 1090 2656 1145 dicere
2686 1090 2762 1146 illi
2797 1091 2853 1146 in
2886 1105 2983 1148 usu
3009 1101 3114 1148 est.

2061 1179 2129 1232 Et
2155 1180 2454 1234 exacerbati
2485 1188 2629 1233 sunt.

2061 1273 2228 1338 Quasi
2258 1273 2552 1328 mortiierze
2586 1272 2802 1338 bellum,
2837 1273 2910 1327 ita
2939 1274 3282 1330 contumeliis
3328 1274 3566 1330 incessa-

1993 1359 2126 1412 baut
2167 1360 2481 1429 prophetas.
2544 1359 2680 1414 Nam
2732 1361 2782 1415 si
2832 1362 3175 1431 auiugiebat,
3226 1362 3354 1432 quid
3403 1364 3566 1418 inde?

1993 1447 2184 1504 Nonne
2211 1464 2307 1506 vos
2333 1450 2407 1506 illi
2447 1465 2510 1506 os
2537 1450 2899 1507 obstruistis?
2931 1467 3110 1507 nonne
3138 1468 3232 1508 vos
3266 1454 3568 1522 prohibetis

1994 1555 2063 1595 ne
2095 1539 2385 1610 loquatur?
2406 1542 2546 1609 Quid
2562 1556 2691 1613 ergo
2713 1543 2758 1597 si
2787 1541 3054 1612 fugisset?
3078 1542 3214 1599 Nam
3241 1545 3288 1600 si
3318 1544 3564 1616 fugisset,

1996 1639 2340 1687 commodum
2366 1633 2420 1688 id
2464 1633 2621 1689 vobis
2649 1632 2864 1698 fuisset,
2897 1633 3052 1688 liberi
3095 1636 3290 1690 essetis
3320 1652 3348 1689 a
3388 1651 3571 1704 repre-

1926 1702 1970 1761 Β
1996 1719 2372 1788 hensiouibus,
2411 1722 2602 1792 procul
2636 1723 2705 1778 ab
2732 1724 3102 1778 accusatione.
3139 1722 3244 1779 Sed
3279 1702 3568 1781 considera

1996 1811 2197 1881 ubique
2253 1813 2652 1868 accusationem
2700 1822 2755 1868 et
2801 1815 3096 1884 nequitiam
3151 1831 3461 1885 perversam
3514 1819 3567 1872 in

1997 1918 2161 1957 unum
2193 1905 2556 1959 commistam.
2589 1904 2699 1960 Cur
2736 1906 2900 1960 etiam
2933 1907 3246 1961 ceciderunt
3282 1907 3479 1964 illum?
3513 1921 3572 1963 ut

1997 1994 2144 2050 illius
2178 1994 2484 2051 libertatem
2523 1997 2577 2050 in
2609 1997 2843 2051 dicendo
2872 1995 3284 2053 ulciscerentur.

2073 2085 2239 2142 Vsus.
2276 2085 2360 2141 l6.
2403 2086 2473 2139 Et
2507 2086 2650 2140 misit
2692 2097 2741 2140 te
2776 2085 3047 2142 Sedecias.

2068 2178 2180 2234 Cur
2211 2179 2362 2234 illum
2392 2179 2459 2234 ad
2484 2193 2543 2234 se
2571 2179 2820 2234 vocavit?
2846 2181 3054 2250 putavit
3081 2179 3228 2236 illius
3262 2160 3569 2238 libertatem

2000 2269 2054 2325 in
2083 2270 2334 2337 dicendo,
2362 2269 2407 2325 si
2435 2268 2784 2340 aiiligeretur,
2801 2269 2918 2326 fore
2945 2271 3574 2343 contrahendam,seqne

1999 2359 2134 2415 alios
2179 2373 2462 2415 sermones
2508 2360 2842 2416 auditurum.
2873 2360 3076 2418 Deinde
3110 2373 3170 2416 ut
3207 2362 3572 2432 suspicionem

2003 2451 2176 2518 tollat,
2201 2467 2306 2507 non
2333 2465 2457 2507 eum
2490 2451 2810 2519 simpliciter
2839 2453 3176 2522 interrogat;
3203 2456 3297 2509 sed
3327 2456 3437 2509 ait:
3469 2454 3576 2508 Pu—

2002 2552 2155 2599 tasne
2178 2551 2261 2598 est
2282 2558 2463 2600 sermo
2489 2559 2520 2597 a
2545 2544 2815 2600 Domino?
2836 2545 2980 2600 Daus
3003 2545 3077 2599 illi
3094 2545 3257 2600 etiam
3285 2546 3573 2602 honestam

2004 2635 2318 2690 retrahendi
2349 2650 2409 2690 se
2441 2638 2809 2692 occasionem.
2840 2636 2947 2693 Sed
2996 2652 3219 2695 carcere
3247 2639 3366 2710 ipso
3405 2640 3576 2696 silen-

2005 2724 2138 2779 tium
2173 2725 2343 2779 multo
2372 2736 2490 2780 erat
2515 2725 2851 2782 horribilius.

2075 2817 2237 2873 Vsus.
2260 2817 2350 2872 16.
2376 2817 2447 2871 Et
2471 2819 2606 2872 dixit
2629 2834 2647 2873 :
2676 2818 2794 2873 Est.

2067 2909 2231 2964 Vides
2274 2925 2399 2979 qua
2429 2910 2499 2965 ab
2528 2910 2789 2980 apostolis
2817 2910 3221 2981 perfectissime
3254 2921 3406 2984 gesta
3451 2922 3580 2968 sunt

2007 3000 2386 3070 praeﬁgurata?
2418 3001 2561 3056 idem
2588 3017 2801 3072 quoque
2830 3003 2935 3059 illis
2959 3004 3162 3071 evenit,
3193 3004 3394 3076 ubique
3417 3005 3579 3062 iidem

2011 3100 2169 3147 erant
2197 3109 2211 3146 :
2242 3092 2380 3148 nihil
2414 3107 2604 3148 eorum
2631 3093 2940 3150 libertatem
2971 3094 3274 3151 auferebat.

2081 3298 2248 3356 Vens.
2281 3300 2371 3356 18.
2409 3299 2472 3357 Ει
2508 3302 2598 3356 ubi
2620 3313 2740 3357 sunt
2766 3303 3030 3373 propheta:
3061 3305 3218 3360 vestri
3246 3304 3273 3358 2

2074 3391 2202 3449 Haec
2223 3393 2342 3450 illos
2357 3394 2468 3464 peti
2489 3397 2792 3465 oportebat,
2817 3411 2924 3452 non
2949 3412 3054 3461 me,
3075 3397 3167 3467 qui
3192 3411 3318 3452 vera
3339 3396 3584 3466 praedixi.

2011 3483 2266 3556 Nunquid
2294 3501 2394 3555 ego
2434 3487 2573 3540 mala
2602 3487 2798 3541 intuli?
2827 3502 2949 3541 nam
2973 3488 3018 3541 si
3051 3489 3192 3542 dicta
3219 3497 3446 3542 eventus
3477 3503 3586 3543 non

2012 3577 2440 3646 comprobasset,
2501 3576 2636 3631 bene
2665 3578 2738 3631 illi
2770 3579 3054 3643 dixissent,
3104 3578 3247 3646 quod
3299 3579 3455 3634 valde
3483 3594 3588 3635 nos

2014 3669 2389 3734 coutristavit;
2415 3677 2472 3724 at
2496 3684 2618 3724 cum
2638 3669 2942 3734 evenerint,
2969 3684 3149 3724 nonne
3174 3669 3340 3724 etiam
3364 3671 3586 3742 dignum

2013 3770 2096 3815 est
2142 3775 2230 3815 me
2256 3775 2459 3817 corona
2508 3759 2729 3815 ornari?
2763 3758 2874 3814 Nec
2901 3761 3023 3815 dico
3053 3775 3137 3815 me
3165 3761 3430 3817 beneﬁcia
3454 3777 3590 3818 con-

2017 3853 2227 3920 tulisse,
2273 3855 2370 3910 sed
2419 3855 2552 3924 quid
2609 3852 2863 3924 peccavi?
2911 3862 2969 3909 et
3013 3855 3151 3924 petit
3194 3869 3256 3911 se
3295 3869 3327 3910 e
3367 3871 3591 3913 carcere

2014 3946 2238 4001 dimitti.
2271 3943 2406 4011 Quis
2430 3947 2575 4001 enim
2598 3945 2740 4001 mala
2770 3945 2984 4014 patiens
3023 3945 3162 4001 nolit
3194 3947 3303 4004 illis
3330 3947 3592 4004 liberari?

2016 4037 2091 4094 Ut
2113 4036 2354 4106 ejusdem
2389 4053 2511 4093 eum
2541 4049 2748 4092 naturae
2773 4037 2944 4094 fuisse
2975 4038 3270 4110 intelligas.

2091 4131 2258 4186 Vnus.
2289 4131 2383 4186 20.
2412 4129 2484 4183 Et
2511 4131 2776 4200 praecepit.

2017 4221 2040 4273 1
2088 4222 2197 4278 Sed
2231 4237 2338 4278 non
2368 4234 2552 4287 antea,
2611 4220 2960 4291 praecipitque
2990 4231 3049 4275 ut
3075 4234 3244 4290 panes
3290 4221 3341 4275 ei
3371 4221 3593 4278 dentur.

2020 4315 2160 4382 Quid
2189 4317 2332 4371 enim
2360 4330 2500 4385 opus
2529 4324 2648 4368 erat
2694 4314 2852 4368 irasci
2895 4314 3056 4369 rebus
3087 4314 3496 4380 praesentibus?
3524 4318 3595 4369 At
3627 4332 3642 4344 ε

345 4402 698 4505 πραγμάτων
730 4402 1008 4483 ἐκῦάντων
1034 4444 1048 4495 ;
1090 4428 1148 4480 '0
1181 4425 1239 4478 δὲ
1274 4424 1488 4478 οὐδέπω
1517 4421 1802 4492 καθυφῆκε
1821 4417 1903 4488 τὴι

2025 4408 2118 4462 ille
2144 4407 2212 4463 de
2238 4407 2495 4462 libertate
2529 4420 2624 4460 sua
2655 4404 2791 4459 nihil
2822 4405 3051 4460 remisit.

351 4524 696 4596 παρρησίαν.

952 4679 1204 4733 ΚΕΦΛΛ.
1241 4677 1372 4730 ΛΗ’.

421 4845 532 4899 Kal
561 4843 632 4898 ἐν
648 4842 729 4909 τῷ
753 4841 957 4906 λάκκῳ
970 4842 1081 4895 οὐκ
1106 4857 1186 4909 ην
1205 4839 1381 4905 ὕδωρ,
1400 4837 1534 4891 ἀλλ’
1559 4837 1597 4904 ἢ
1611 4835 1925 4902 βόρϐορος,

349 4932 456 4987 καί
486 4927 567 5002 ἦν
604 4932 879 5000 Ἱερεμίας
905 4931 976 4982 ἐν
1002 4928 1082 4994 τῷ
1105 4929 1394 4996 βορϐόρῳ.

435 5021 756 5090 Ὺπαίθριος
780 5020 855 5071 ὣν
883 5019 912 5070 ὁ
936 5018 1159 5080 λάκκος,
1186 5016 1358 5084 πηλοῦ
1385 5012 1710 5082 ἐπληροῦτο.
1738 5011 1927 5080 Ἐρῤι-

345 5115 462 5184 ψαν
497 5112 681 5166 τοίνυν
717 5112 904 5175 αὐτὸν,
951 5113 1047 5164 καλ⁸
1096 5107 1387 5176 ἐϐυθίσθη,
1434 5107 1526 5159 καὶ
1582 5103 1822 5174 ἐνεπάρη
1849 5101 1928 5172 τῷ

352 5202 517 5272 πηλῷ
542 5223 554 5236 ·
581 5204 644 5257 ού
680 5201 788 5272 μὴν
815 5201 935 5262 ὅλος
963 5198 1268 5258 ἐϐαπτίσθη
1288 5213 1303 5228 ο
1343 5196 1463 5250 οὐδὲ
1489 5195 1600 5266 γὰρ
1633 5195 1734 5265 ζῇν
1755 5191 1928 5254 οὕτως

345 5296 606 5368 ἠδύνατο.

443 5389 862 5459 Ἐπονηρεύσω
894 5385 930 5438 ἂ
955 5382 1266 5450 ἐποίησας.

414 5482 591 5542 Ὀὐδὲν
617 5486 878 5556 ἠδίκησεν
899 5483 928 5533 ὁ
957 5481 1094 5549 ἀνήρ
1113 5494 1124 5506 ·
1144 5478 1204 5531 τὸ
1233 5477 1340 5529 πᾶν
1361 5475 1460 5544 τῆς
1486 5474 1708 5529 ἐκείνων
1733 5471 1932 5531 κακίας

347 5584 580 5653 γέγονεν
612 5595 625 5607 ·
661 5577 811 5631 οὐδὲν
839 5575 1056 5644 ἔχοντες
1092 5569 1366 5637 ἐγκαλεῖν,
1400 5567 1573 5622 ταῦτα
1604 5567 1931 5638 εἰργάσαντο

351 5675 435 5735 εἰς
474 5671 565 5725 τὸν
596 5669 882 5730 ἄνθρωπον
912 5664 1004 5718 τοῦ
1039 5663 1197 5720 Θεοῦ.

2567 4654 2721 4709 CAP.
2755 4650 3042 4709 XXXVIII.

2100 4814 2260 4870 Vens.
2293 4814 2345 4869 6.
2377 4813 2446 4867 Et
2485 4816 2543 4868 in
2567 4815 2688 4867 lactt
2735 4829 2840 4866 non
2869 4820 2980 4865 erat
3013 4824 3172 4880 aqua,
3209 4807 3300 4861 sed
3331 4805 3524 4872 lutum,
3550 4815 3598 4857 et

2027 4919 2136 4962 erat
2159 4907 2419 4961 Ieremia:
2452 4907 2510 4959 in
2537 4906 2668 4958 luto.

2093 4998 2228 5054 Cum
2260 4999 2413 5052 lacus
2445 5005 2594 5051 esset
2617 4995 2716 5049 sub
2749 4994 2860 5060 dio,
2890 4993 3002 5047 luto
3039 4990 3400 5060 implebatur;
3435 4987 3600 5041 mise-

2030 5101 2157 5148 runt
2197 5092 2362 5160 igitur
2382 5103 2526 5153 eum,
2552 5096 2607 5142 et
2627 5087 2915 5140 immersus
2933 5093 3040 5150 est,
3059 5093 3115 5137 et
3137 5082 3346 5137 deﬁxus
3370 5080 3420 5133 in
3449 5079 3558 5130 luto
3584 5095 3597 5130 :

2030 5201 2138 5242 non
2173 5192 2355 5238 tamen
2412 5189 2557 5235 totus
2606 5179 2887 5234 demersus
2936 5185 3042 5238 est,
3076 5175 3152 5229 ita
3189 5173 3390 5228 etenim
3420 5173 3601 5226 vivere

2030 5295 2137 5335 non
2169 5278 2455 5347 potuisset.

2100 5373 2269 5428 Vens.
2299 5370 2355 5427 9.
2387 5369 2528 5423 Male
2562 5368 2733 5437 fecisti
2762 5380 2879 5435 quw
2912 5362 3105 5433 fecisti.

2104 5464 2249 5520 Nihil
2293 5462 2502 5534 pacavit
2535 5462 2696 5515 homo
2741 5458 2844 5512 iste
2875 5474 2887 5510 :
2913 5455 3128 5509 illorum
3159 5448 3414 5518 nequitia:
3443 5459 3605 5500 oume

2035 5560 2234 5618 malum
2291 5555 2486 5612 ascribi
2521 5553 2721 5609 debet:
2751 5553 2924 5618 ﬁcum'
2946 5543 3080 5600 nihil
3113 5543 3378 5598 haberent
3411 5538 3464 5592 in
3498 5551 3604 5605 quo

2035 5661 2377 5719 accusarent,
2409 5653 2522 5708 [1320
2553 5644 2846 5704 machinati
2875 5653 2999 5700 sunt
3022 5640 3075 5698 iu
3101 5638 3194 5696 Dei
3228 5637 3422 5692 virum.
