4004 6156
429 277 565 330 1065

1202 266 1758 326 SUPPLEMENTUM
1797 268 1889 322 AD
1926 268 1983 324 S.
2024 268 2072 324 J.
2115 265 2607 324 CIIRYSOSTOMI
2644 264 2892 322 OPERA.

3543 257 3684 318 1004

503 389 665 442 Vnus.
722 383 809 440 Η.
867 377 931 436 Et
985 383 1273 436 assummit
1348 381 1694 436 Abdemeleclt
1768 383 1992 436 homine:

2174 382 2283 436 Καὶ
2319 381 2536 435 ἔλαϐεν
2584 379 2928 448 Ἀϐδειιέλεχ
2971 376 3113 444 τοὺς
3159 374 3512 445 ἀνθρώπους
3547 378 3680 446 μεθ’

424 496 620 544 secum,
656 486 706 531 et
737 478 1003 545 ingressus
1048 486 1124 528 est
1167 477 1225 528 in
1282 475 1490 527 bomum
1550 490 1687 544 regis
1729 473 1998 529 subterra-

425 588 599 627 "eam.

487 661 599 714 lloc
641 668 728 715 est
778 659 830 713 in
874 656 1171 712 stabulum.
1225 654 1657 719 Sublerraneam,
1689 664 1747 709 ut
1772 655 1997 718 diceret,

419 769 539 825 quae
570 760 688 808 erat
710 753 764 808 in
795 760 1004 822 aperto.
1035 749 1126 805 Sic
1152 749 1295 803 enim
1338 758 1391 804 et
1417 746 1676 804 Hebraeus
1705 747 1889 803 habet.

481 959 550 1013 Et
573 958 792 1028 sumpsit
823 956 945 1010 inde
977 967 1172 1011 veteres
1210 969 1414 1025 pannos
1433 969 1454 1018 ,°
1486 964 1532 1007 et
1560 964 1754 1008 veteres
1783 953 1997 1022 funicu-

418 1054 519 1120 Ios,
550 1063 597 1108 et
624 1051 844 1121 projecit
890 1065 952 1103 ea
985 1049 1053 1102 ad
1081 1046 1369 1102 Jeremiam
1420 1048 1765 1116 prophetam,
1801 1053 1856 1100 et
1878 1059 1998 1116 qua:

417 1152 737 1214 sequuntur.

485 1235 733 1303 Sumpsit
781 1247 1047 1303 equorum
1102 1229 1368 1298 stragula,
1423 1237 1479 1284 et
1521 1242 1729 1298 pannos
1761 1243 1823 1284 ex
1857 1227 1997 1282 lanis

415 1335 752 1397 praeparatos
820 1334 975 1391 aptos
1016 1322 1084 1377 ad
1136 1320 1477 1382 cubandum,
1543 1334 1683 1388 quos
1739 1318 1995 1374 sedilibus

413 1429 662 1473 sternere
686 1416 740 1468 in
774 1429 876 1468 usu
919 1423 1022 1468 est.
1071 1411 1224 1478 Quod
1257 1410 1401 1465 enim
1435 1419 1592 1464 antea
1634 1409 1891 1462 dixerat:
1926 1405 1997 1461 Et

414 1515 608 1559 veteres
635 1505 820 1568 panni,
849 1512 896 1556 et
927 1501 1160 1566 maleim,
1206 1499 1311 1554 hoc
1343 1499 1677 1566 signiﬁcant,
1707 1497 1760 1553 id
1787 1505 1896 1562 est,
1928 1512 1995 1552 ex

413 1595 556 1649 lanis
590 1601 890 1662 praeparata
918 1591 986 1645 ad
1013 1590 1343 1646 cubandum.
1372 1587 1550 1660 ,Unde
1573 1597 1628 1644 et
1657 1595 1874 1644 veteres
1911 1589 1997 1642 fu-

413 1685 627 1741 niculos
671 1685 871 1754 posuit,
929 1697 1028 1752 pro
1058 1696 1124 1736 eo
1150 1681 1292 1750 quod
1339 1690 1445 1746 est,
1487 1689 1676 1735 vetera
1728 1694 1991 1748 equorum

415 1777 800 1833 substramina.
829 1773 958 1829 Haec
980 1788 1101 1828 eum
1126 1770 1442 1844 projecisset
1465 1772 1740 1840 prophetae
1768 1770 1844 1825 ait
1869 1785 1884 1823 :

488 1888 651 1944 Vens.
684 1887 772 1942 12.
811 1885 957 1941 Pone
983 1886 1086 1939 ista
1109 1885 1202 1939 sub
1231 1883 1460 1938 brachiis
1497 1899 1747 1938 manuum
1781 1891 1994 1937 tuarum

415 1983 511 2037 sub
540 1980 814 2050 funiculis.

483 2074 646 2141 Quasi
677 2073 885 2128 diceret
924 2069 1030 2126 sub
1059 2067 1264 2132 axillis,
1300 2077 1360 2122 ut
1385 2068 1467 2122 sic
1500 2067 1706 2136 absque
1753 2063 1996 2136 periculo

412 2167 609 2236 ligatus
635 2164 978 2219 eveheretur.

482 2280 649 2335 Vsus.
687 2276 772 2331 15.
801 2273 870 2328 Et
897 2274 1030 2328 dixit
1057 2272 1341 2327 Jeremias.

486 2373 600 2426 Cur
643 2370 834 2424 audire
861 2367 983 2421 vis?
1013 2375 1071 2420 ut
1098 2380 1184 2420 me
1226 2365 1343 2419 neci
1394 2363 1618 2418 tradas?
1652 2365 1726 2418 ila
1755 2365 1995 2420 maxime

417 2466 554 2518 iram
586 2461 638 2517 ei
681 2461 817 2515 tollit
851 2478 865 2514 :
900 2467 957 2514 et
999 2473 1133 2513 sane
1182 2457 1416 2510 maxima
1466 2457 1746 2527 propheta:
1794 2456 1991 2521 virtus.

413 2559 543 2610 dum
594 2567 703 2608 non
748 2551 909 2608 modo
949 2549 1202 2621 praedicit
1247 2562 1368 2617 quae
1399 2548 1722 2618 displicent;
1761 2549 1855 2604 sed
1886 2560 1940 2605 et
1964 2563 1995 2605 e

414 2647 576 2704 malis
621 2644 826 2700 exitum
857 2642 1156 2698 adinvenit.
1191 2640 1304 2696 Hoc
1347 2641 1492 2695 enim
1521 2653 1652 2695 vere
1685 2640 1993 2708 praedictio-

414 2739 502 2794 nis
529 2747 632 2793 est.
669 2735 807 2803 Quid
843 2735 986 2791 enim
1031 2733 1273 2803 prodest,
1307 2747 1512 2802 quaeso,
1551 2747 1838 2788 maerorem
1871 2745 1993 2790 tan-

413 2834 530 2880 tum
561 2834 616 2880 et
649 2824 926 2880 tristitiam
978 2821 1202 2885 lucrari,
1239 2821 1382 2877 sicut
1411 2820 1504 2889 qui
1546 2819 1686 2888 apud
1735 2821 1993 2876 exteros?

415 2919 520 2973 Sed
549 2933 654 2972 non
679 2916 772 2971 ita.

485 3007 650 3064 Vsus.
683 3007 775 3063 16.
817 3005 957 3061 Vivit
1005 3004 1258 3060 Dominus
1281 3007 1370 3075 qui
1405 3003 1528 3074 fecit
1566 3005 1714 3060 nobis
1757 3005 1990 3067 animans

410 3098 570 3163 hanc,
597 3096 645 3151 si
675 3097 990 3165 interﬁciam
1017 3104 1086 3147 te.

484 3186 600 3242 Hoc
626 3195 730 3251 est,
757 3185 897 3240 Vita:
923 3183 1208 3249 Dominus,
1235 3183 1351 3253 ipse
1379 3183 1538 3239 testis
1567 3184 1660 3250 sit,
1684 3185 1829 3254 quod
1855 3184 1993 3240 nihil

411 3281 541 3338 mali
577 3280 676 3336 tibi
716 3278 942 3333 faciam.

477 3369 615 3429 Cum
666 3384 764 3440 pro
816 3383 879 3423 ea
935 3366 1248 3436 expavescit
1289 3373 1344 3422 et
1388 3365 1562 3431 timet,
1617 3377 1745 3422 tunc
1789 3381 1909 3421 eam
1936 3367 1992 3421 in

408 3463 790 3537 jusjurandum
821 3459 1078 3514 assumit.

483 3595 652 3653 Vsus.
686 3596 774 3650 l7.
808 3592 878 3647 Et
908 3591 1048 3648 dixit
1078 3591 1124 3645 ei
1151 3589 1434 3647 lemnius.

484 3691 623 3756 Quid
648 3691 811 3761 igitur
851 3687 1156 3746 Jeremias?
1180 3688 1530 3759 lionaﬁprimo
1555 3683 1769 3750 effatur,
1801 3684 1994 3740 deinde

411 3785 663 3839 molesta.

489 3893 653 3947 Vnus.
713 3893 794 3947 l9.
843 3893 909 3947 Et
944 3893 1077 3947 dixit
1124 3907 1218 3946 rex
1265 3888 1689 3959 Sedecias:Ego
1738 3889 1994 3943 rationem

412 3982 578 4038 habeo
615 3982 928 4037 Judteorum
955 3988 1042 4054 qui
1075 3983 1320 4054 fugerunt
1365 3984 1434 4036 ad
1467 3979 1872 4046 Chaldwos,vne
1893 3982 1992 4035 da-

413 4074 524 4128 turi
552 4074 655 4128 sint
690 4089 770 4128 me
803 4075 857 4127 in
886 4089 1072 4128 manus
1100 4089 1303 4138 eorum,
1338 4082 1388 4127 et
1416 4073 1643 4126 illudant
1686 4071 1841 4126 mihi.

483 4256 792 4308 Obscurum
822 4260 906 4307 est
941 4250 996 4306 iu
1028 4259 1178 4306 textu
1201 4249 1430 4317 Graeco;
1464 4264 1653 4305 verum
1690 4248 1834 4306 illius
1873 4263 1997 4306 sen-

411 4357 504 4398 sus
533 4352 618 4398 est
650 4362 665 4398 :
697 4344 811 4397 Rex
861 4359 1006 4408 sum,
1041 4351 1098 4398 et
1123 4343 1274 4398 solus
1308 4341 1490 4410 egredi
1525 4357 1630 4396 non
1661 4356 1914 4411 possum;
1946 4343 1991 4396 si

412 4436 578 4506 igitur
601 4436 844 4500 voluero,
861 4445 914 4489 et
940 4435 1318 4503 memetipsum
1341 4433 1608 4489 Chaldaeis
1628 4433 1987 4498 committere,

412 4528 466 4583 hi
501 4529 670 4600 quiin
701 4529 924 4584 civitate
955 4535 1100 4588 sunt,
1137 4540 1225 4582 me
1255 4526 1405 4596 prius
1439 4527 1708 4582 occident.

486 4713 612 4770 llaec
635 4711 852 4766 occasio
883 4716 1023 4771 erat,
1054 4715 1458 4777 praeteritosque
1486 4705 1846 4762 inﬁdelitatis.
1872 4703 1988 4760 Non

411 4803 594 4860 credis
621 4800 940 4873 pmphetasi
970 4800 1109 4855 Nutu
1141 4816 1206 4857 ex
1242 4817 1302 4858 se
1337 4802 1453 4872 ipso
1499 4799 1781 4870 loquitur?

476 5008 759 5066 Vsus.20.
792 5007 858 5064 Et
885 5009 1020 5066 dixit
1053 5009 1314 5065 Jeremias
1337 5025 1357 5065 :
1389 5009 1514 5066 Non
1540 5013 1752 5067 tradent
1778 5022 1846 5068 te.

481 5102 716 5169 Quidam
762 5102 843 5158 sic
885 5101 1234 5170 interpretati
1269 5113 1420 5158 sunt.
1474 5102 1669 5158 Verum
1709 5103 1987 5160 meliorem

411 5196 560 5252 hunc
602 5209 726 5252 esse
760 5195 955 5266 opinor
993 5208 1258 5250 sensum:
1289 5194 1459 5251 Judaei
1511 5196 1749 5252 universi
1797 5211 1986 5265 pacem

410 5285 544 5340 mihi
579 5285 965 5351 vaticinantur,
993 5293 1049 5338 et
1075 5285 1220 5353 quod
1249 5301 1349 5341 nec
1383 5286 1436 5340 in
1473 5286 1850 5341 Chaldaeorum
1881 5296 1989 5340 tra-

409 5375 620 5429 dendus
668 5376 771 5429 sim
807 5389 1024 5441 manus,
1076 5375 1318 5446 nihilque
1351 5391 1439 5432 me
1468 5376 1537 5433 ab
1561 5376 1671 5433 illis
1701 5377 1828 5432 mali
1864 5391 1988 5444 pas-

411 5479 626 5519 surum.
662 5465 848 5534 itaque
882 5466 1028 5536 quod
1056 5467 1239 5522 statim
1285 5465 1552 5524 Jeremias
1578 5467 1778 5536 adjecit
1812 5491 1824 5524 :
1862 5466 1990 5522 Non

410 5557 618 5606 tradent
653 5564 722 5620 te,
772 5571 868 5624 per
911 5558 1144 5616 ironiam
1171 5558 1376 5616 dictum
1401 5568 1507 5627 est,
1538 5561 1690 5628 quasi
1735 5559 1940 5615 diceret
1969 5577 1982 5613 :

412 5632 492 5686 Ne
520 5639 711 5692 credas
733 5640 860 5694 illis.

2101 473 2341 537 ἑαυτοῦ,
2380 474 2482 526 καί
2528 471 2817 541 εἰσῆλθεν
2861 475 2948 538 εἰς
2984 469 3098 538 τὴν
3117 471 3316 524 οίκίαν
3359 469 3468 524 τοῦ
3496 471 3680 535 ,ϐασι-

2101 562 2255 627 λέως
2289 561 2406 630 τὴν
2431 563 2724 631 ὑπόγεων.
2755 595 2757 598 ‹

2172 653 2466 706 Τουτέστιν
2496 693 2511 718 ,
2561 653 2642 715 εἰς
2683 651 2776 704 τὸν
2823 650 3073 704 «eam.
3127 650 3420 720 Ὑπόγεων
3451 651 3562 722 γὰρ
3595 651 3682 704 ἵνα

2100 745 2255 815 εἴπῃ,
2303 745 2405 814 τὴν
2456 745 2538 807 είς
2578 742 2640 796 τὸ
2684 742 2922 812 φανερὸν
2952 735 3140 796 οὖσαν.
3172 738 3334 794 Οὕτω
3366 739 3479 811 γὰρ
3525 740 3622 792 καὶ
3652 741 3682 792 ὁ

2115 839 2366 912 Ἐϐραῖος
2389 839 2562 910 λέγει.

2170 950 2281 1006 Kal
2305 951 2523 1005 ἔλαϐεν
2543 950 2777 1005 ἐκεῖθεν
2821 948 3050 1002 παλαιὰ
3079 947 3262 1015 ῥάκη,
3314 946 3413 1000 καί
3451 949 3682 1001 παλαιὰ
3717 1015 3720 1018 ῃ

2098 1043 2364 1110 σχοινία,
2419 1041 2520 1095 καὶ
2557 1041 2808 1111 ἐρῤιψεν
2850 1040 3004 1094 αὐτὰ
3036 1037 3189 1106 πρὸς
3247 1038 3539 1106 Ἰερεμίαν
3575 1038 3683 1091 τὸν

2099 1132 2437 1201 προφήτην,
2458 1133 2556 1186 καὶ
2581 1133 2652 1187 τὰ
2680 1129 2806 1202 έξῆς
2822 1167 2842 1188 ο

2175 1223 2375 1276 Ἕλαϐε
2407 1224 2514 1277 τῶν
2545 1225 2730 1278 ἵππων
2762 1225 2830 1278 τὰ
2867 1223 3190 1295 στρώματα,
3220 1220 3409 1274 καὶτὰ
3444 1219 3676 1284 πιλωτὰ,

2099 1312 2290 1383 ἃξέθος
2347 1312 2776 1384 ἐπιστρωννύειν
2813 1317 2927 1377 τοῖς
2969 1312 3390 1380 ὲπικαθίσμασι.
3445 1311 3521 1362 Τὸ
3572 1310 3680 1380 γὰρ

2099 1403 2415 1474 ἔμπροσθεν
2447 1403 2610 1458 πάλιν
2642 1403 2944 1473 λεγόμενον
2968 1417 2984 1435 ο
3015 1400 3127 1456 Kal
3151 1402 3224 1455 τὰ
3245 1400 3472 1454 παλαιὰ
3496 1399 3678 1468 ῥάκη,

2098 1495 2196 1547 καὶ
2219 1494 2288 1547 τὸ
2302 1493 2562 1563 μαλέην,
2591 1495 2754 1548 τοῦτο
2787 1492 2987 1564 μηνύει
3010 1508 3027 1526 ο
3048 1492 3320 1555 τουτέστι,
3347 1490 3418 1543 τὰ
3446 1490 3674 1544 πιλωτά.

2098 1590 2263 1642 Ὥστε
2323 1589 2620 1644 κάντεῦθεν
2653 1590 2724 1643 τὰ
2783 1591 2991 1645 παλαιὰ
3012 1590 3248 1661 σχοινία.
3295 1589 3440 1642 ’Δντὶ
3475 1589 3574 1644 τοῦ
3614 1590 3682 1643 τὰ

2098 1681 2306 1737 παλαιὰ
2341 1684 2755 1753 ὑποστρώματα
2788 1685 2898 1736 τῶν
2935 1683 3121 1735 ἵππων
3150 1681 3323 1747 λέγει.
3347 1681 3536 1734 Ταῦτα
3567 1682 3680 1733 τοί-

2100 1793 2193 1829 νυν
2225 1774 2388 1846 ρίψας
2407 1775 2488 1846 τῷ
2514 1777 2769 1848 προφήτῃ
2799 1773 2934 1846 φησι
2958 1789 2974 1806 ⁸

2177 1889 2286 1954 θὲς
2315 1889 2470 1944 αὐτὰ
2499 1889 2618 1943 ὑπὸ
2659 1890 2800 1954 τοὺς
2821 1887 3098 1957 ἀγκῶνας
3141 1885 3261 1942 τῶν
3298 1885 3516 1956 χειρῶν
3537 1903 3676 1952 σου,

2095 1978 2216 2034 ὑπὸ
2250 1979 2409 2033 κάτω
2447 1977 2568 2033 τῶν
2597 1981 2912 2048 σχοινίων.

2181 2071 2326 2125 Ἀντὶ
2375 2070 2494 2136 τοῦ,
2525 2071 2632 2125 ὑπὸ
2662 2070 2764 2135 τὰς
2813 2070 3014 2142 μάλας,
3067 2070 3158 2126 ἵνα
3206 2070 3382 2136 οὕτως
3416 2070 3677 2141 ἀσφαλῶς

2098 2163 2380 2234 δεδεμένος
2412 2163 2647 2234 ἀνοιχθῇ.

2167 2275 2278 2331 Kal
2303 2271 2473 2330 εἶπεν
2508 2277 2803 2347 Ἱερεμίας.

2171 2368 2328 2432 Τίνος
2373 2369 2562 2422 ἕνεκεν
2621 2369 2855 2424 ἀκοῦσαι
2914 2368 3148 2439 poem;
3203 2367 3290 2421 ἵνα
3345 2383 3412 2438 με
3458 2367 3676 2438 ἀνέλῃς,

2095 2459 2270 2534 ταύτῃ
2307 2461 2544 2530 μάλιστα
2603 2460 2771 2516 αὐτοῦ
2799 2459 2972 2531 θυμὸν
3021 2460 3280 2529 κατασπᾷ
3307 2475 3320 2490 ’
3370 2459 3552 2512 καίτοι
3583 2477 3676 2528 μευ

2095 2551 2256 2622 γίστη
2289 2550 2460 2620 ἀρετὴ
2500 2551 2808 2624 προφήτου,
2848 2551 2976 2604 ὅταν
3022 2548 3097 2621 μὴ
3129 2549 3290 2621 μόνον
3328 2549 3572 2621 προλέγῃ
3608 2550 3675 2603 τὰ

2096 2639 2356 2710 φορτικὰ,
2408 2638 2548 2693 ἀλλὰ
2600 2641 2696 2694 καὶ
2734 2638 2968 2704 διέξοδον
3018 2638 3267 2711 εὑρίσκει
3313 2639 3424 2693 τῶν
3463 2638 3672 2692 δεινῶν.

2096 2731 2268 2784 Τοῦτο
2319 2730 2430 2800 γὰρ
2479 2730 2649 2794 ὄντως
2697 2733 3082 2803 προρρήσεως.
3127 2730 3350 2803 Ἐπειδὴ
3395 2731 3450 2784 τί
3486 2730 3674 2801 κέρδος

2096 2821 2222 2874 είπέ
2243 2837 2355 2890 μοι,
2374 2820 2553 2892 λύπην
2576 2823 2671 2875 καὶ
2703 2821 2943 2892 ἀθυμίαν
2967 2821 3279 2892 κερδαίνειν
3301 2821 3489 2892 μόνον,
3507 2822 3674 2877 καθά-

2094 2927 2203 2984 περ
2234 2911 2286 2965 οἱ
2312 2910 2422 2967 τῶν
2453 2910 2683 2980 ἔξωθενς
2727 2912 2866 2966 Ἀλλ’
2901 2913 2999 2983 οὐχ
3029 2913 3193 2968 οὕτω.

2165 3001 2253 3071 Ζῇ
2277 3003 2492 3072 Κύριος
2518 3003 2586 3070 ὃς
2619 3005 2912 3072 ἐποίησεν
2940 3004 3086 3075 ἡμῖν
3132 3005 3250 3074 τὴν
3285 3005 3504 3076 ψυχὴν
3535 3008 3672 3062 ταύ-

2016 3067 2060 3126 C
2093 3109 2227 3161 την,
2256 3095 2308 3147 εί
2343 3091 2654 3147 ἀποκτενῶ
2673 3109 2771 3146 σε.

2160 3182 2472 3250 Τουτέστιν,
2513 3184 2570 3238 '0
2607 3184 2706 3254 τῆς
2735 3183 2880 3255 ζωῆς
2903 3183 3112 3255 Κύριος
3142 3183 3306 3249 αὐτὸς
3340 3185 3572 3256 μάρτυς,
3595 3185 3670 3246 ὡς

2090 3273 2242 3327 οὐδέν
2263 3291 2323 3327 σε
2354 3274 2596 3346 διαθήσω
2628 3276 2887 3346 πονηρόν.

2161 3366 2293 3419 Ὄτε
2338 3365 2479 3438 ὑπὲρ
2510 3367 2682 3438 αὐτῆς
2711 3367 2922 3439 ἀγωνιᾷ
2961 3370 3056 3423 καὶ
3082 3370 3312 3433 δέδοικε,
3342 3370 3466 3423 τότε
3501 3369 3668 3439 αὐτὴν

2091 3457 2252 3529 ὅρκον
2284 3460 2540 3513 ποιεῖται.

2165 3590 2278 3644 Kal
2301 3586 2473 3645 εἶπεν
2502 3590 2663 3657 αὐτῷ
2698 3591 3004 3660 Ἱερεμίας.

2165 3682 2231 3737 Τί
2260 3679 2353 3739 οὖν
2396 3684 2705 3757 Ἰερεμίας;
2755 3686 2827 3739 τὰ
2858 3686 3072 3757 χρηστὰ
3095 3686 3246 3755 λέγει
3279 3687 3522 3759 πρῶτον,
3553 3685 3673 3743 εἶτα

2092 3775 2163 3830 τὰ
2191 3778 2445 3849 φορτικά.

2166 3890 2275 3944 Καὶ
2320 3891 2492 3944 εἶπεν
2525 3895 2559 3944 ό
2599 3892 2902 3958 ,ϐασιλεὺς
2945 3892 3232 3960 Σεδεκίας
3270 3892 3353 3960 τῷ
3401 3895 3673 3964 Ἱερεμίᾳ·

2107 3982 2254 4052 Ἐγὼ
2283 3983 2469 4052 λόγον
2496 3981 2615 4051 ἔχω
2648 3981 2768 4036 τῶν
2805 3983 3112 4038 Ἰουδαίων
3148 3982 3268 4036 τῶν
3287 3989 3674 4056 πεφευγότω-

2095 4074 2245 4142 πρὸς
2277 4074 2421 4140 τοὺς
2453 4073 2793 4141 Χαλδαίους
2832 4073 2919 4144 μὴ
2967 4074 3188 4130 δώσειν
3226 4093 3304 4146 με
3353 4080 3444 4143 εὶς
3471 4077 3673 4148 χεῖρας

2094 4164 2312 4229 αὐτῶν,
2352 4164 2450 4218 καὶ
2486 4164 3026 4235 καταμωκήσονταί
3044 4184 3187 4236 μου.

2180 4255 2430 4325 Ἀσαφῶς
2464 4258 2644 4309 κεῖται
2675 4256 2827 4327 παρὰ
2855 4255 2934 4326 τῷ
2979 4256 3309 4328 Ἑλληνικῷ·
3339 4258 3369 4312 ὃ
3401 4273 3512 4330 γαρ
3546 4259 3672 4331 βού-

2097 4348 2251 4402 λεται
2308 4349 2505 4411 είπεῖν,
2561 4346 2722 4401 τοῦτό
2746 4349 2919 4412 ἐστιν,
2953 4350 3037 4402 ὅτι
3093 4349 3359 4414 Βασιλεύς
3397 4353 3536 4421 εἰμι,
3579 4353 3673 4404 καὶ

2099 4438 2261 4510 μόνος
2281 4437 2518 4504 ἐξελθεῖν
2552 4438 2614 4490 οὐ
2639 4437 2896 4508 δύναμαι·
2931 4439 3026 4493 ἐὰν
3046 4439 3140 4494 οὖν
3165 4440 3382 4510 θελήσω
3413 4441 3670 4506 ἐξελθεῖν,

2094 4531 2187 4584 καὶ
2221 4529 2408 4584 δοῦναι
2435 4531 2549 4592 τοῖς
2570 4529 2863 4594 Χαλδαίοις
2891 4531 3152 4599 ἐμαυτὸν,
3179 4531 3334 4585 αὐτοὶ
3363 4533 3414 4586 οἱ
3443 4533 3544 4604 τῆς
3573 4534 3665 4589 πό-

2093 4624 2234 4688 λεως
2263 4623 2565 4694 φθάνουσιν
2593 4625 2804 4677 ἀνελεῖν
2841 4641 2928 4694 με.

2166 4715 2385 4769 Τούτων
2435 4715 2713 4785 πρόφασις
2760 4711 2851 4788 ἦν,
2895 4717 2991 4770 καὶ¹
3030 4717 3232 4787 σκῆψις
3276 4720 3563 4784 ἀπιστίας.
3594 4721 3667 4774 Οὐ

2095 4808 2377 4874 πιστεύεις
2430 4809 2510 4880 τῷ
2576 4811 2880 4884 προφήτῃ;
2931 4812 3022 4883 Μὴ
3070 4811 3180 4883 γὰρ
3227 4812 3338 4867 ἀπὸ
3393 4813 3671 4886 λογισμῶν

2093 4902 2414 4972 φθέγγεται.

2160 5017 2271 5072 Kal
2295 5013 2465 5072 εἶπεν
2521 5017 2806 5087 Ἱερεμίας
2827 5034 2842 5050 ο
2881 5019 2965 5073 Οὐ
2994 5016 3081 5088 μὴ
3111 5018 3546 5088 παραδώσουσί
3579 5036 3668 5074 σε.

2166 5109 2324 5173 Τινὲς
2360 5109 2462 5178 μὲν
2511 5109 2685 5172 οὕτως
2733 5111 3116 5181 ήρμήνευσαν.
3157 5106 3329 5180 Οἶμαι
3365 5111 3425 5166 δὲ
3470 5113 3671 5182 ταύτην

2096 5201 2302 5272 μᾶλλον
2322 5200 2596 5265 σώζεσθαι
2627 5201 2729 5270 τὴν
2761 5200 2992 5267 ἔννοιαν,
3025 5202 3112 5256 ὃτι
3138 5203 3384 5274 Εἰρήνην
3417 5221 3510 5274 μοι
3538 5221 3669 5276 προ-

2092 5290 2421 5360 φητεύουσιν
2452 5291 2692 5354 ἅπαντες
2751 5291 3016 5355 Ἰουδαῖοι,
3046 5293 3143 5345 καὶ
3186 5291 3263 5363 μὴ
3294 5295 3668 5365 παραδοθῆναι

2094 5397 2162 5450 με
2196 5383 2273 5444 είς
2318 5384 2510 5453 χεῖρας
2551 5382 2660 5434 τῶν
2686 5382 2992 5449 Χαλδαίων,
3026 5383 3164 5454 μηδὲ
3194 5383 3488 5440 πείσεσθαί
3525 5388 3593 5458 μέ
3617 5402 3669 5439 τι

2090 5472 2221 5542 παρ’
2248 5472 2430 5527 αὐτῶν
2457 5472 2650 5528 δεινόν.
2685 5473 2760 5527 Τὸ
2787 5474 2881 5529 οὖν
2925 5475 3088 5538 εὐθὺς
3119 5475 3468 5547 ἐπαγόμενον
3521 5477 3668 5548 παρὰ

2089 5559 2184 5614 τοῦ
2223 5560 2512 5632 Ἱερεμίου,
2553 5564 2636 5618 οὐ
2663 5562 2748 5633 μὴ
2773 5563 3204 5633 παραδώσουσί
3231 5579 3327 5632 σε,
3358 5569 3483 5622 κατ’
3513 5571 3670 5639 εἰρω-

2091 5649 2240 5703 νείαν
2264 5648 2506 5719 εἴρηται·
2542 5653 2814 5720 τουτέστι,
2846 5654 2938 5725 Μὴ
2963 5654 3149 5710 πείθου
3175 5655 3382 5720 αὐτοῖς.
