  <div class='ocr_page' id='page_1' title='image "/cluster/home/n/w/nwhite01/storage/ocr_20150623/64/mdp.39015024651708/544.png"; bbox 0 0 4016 6152; ppageno 0'>
   <div class='ocr_carea' id='block_1_1' title="bbox 292 371 433 427">
    <p class='ocr_par' dir='ltr' id='par_1_1' title="bbox 292 371 433 427">
     <span class='ocr_line' id='line_1_1' title="bbox 292 371 433 427; baseline 0.014 -2"><span class='ocrx_word' id='word_1_1' title='bbox 292 371 433 427; x_wconf 72' lang='grc'><strong>1005</strong></span> 
     </span>
    </p>
   </div>
   <div class='ocr_carea' id='block_1_2' title="bbox 1388 370 2325 425">
    <p class='ocr_par' dir='ltr' id='par_1_2' title="bbox 1388 370 2325 425">
     <span class='ocr_line' id='line_1_2' title="bbox 1388 370 2325 425; baseline -0.005 0"><span class='ocrx_word' id='word_1_2' title='bbox 1388 370 1812 425; x_wconf 70' lang='lat' dir='ltr'><strong>FRAGMILNIA</strong></span> <span class='ocrx_word' id='word_1_3' title='bbox 1858 371 1918 418; x_wconf 72' lang='lat' dir='ltr'><strong>IN</strong></span> <span class='ocrx_word' id='word_1_4' title='bbox 1954 370 2325 420; x_wconf 67' lang='lat' dir='ltr'><strong>JlSHILMIAM.</strong></span> 
     </span>
    </p>
   </div>
   <div class='ocr_carea' id='block_1_3' title="bbox 3413 373 3550 424">
    <p class='ocr_par' dir='ltr' id='par_1_3' title="bbox 3413 373 3550 424">
     <span class='ocr_line' id='line_1_3' title="bbox 3413 373 3550 424; baseline 0 0"><span class='ocrx_word' id='word_1_5' title='bbox 3413 373 3550 424; x_wconf 69' lang='lat'><strong>1006</strong></span> 
     </span>
    </p>
   </div>
   <div class='ocr_carea' id='block_1_4' title="bbox 363 483 1878 560">
    <p class='ocr_par' dir='ltr' id='par_1_4' title="bbox 363 483 1874 556">
     <span class='ocr_line' id='line_1_4' title="bbox 363 483 1874 556; baseline -0.002 -16"><span class='ocrx_word' id='word_1_6' title='bbox 363 487 675 540; x_wconf 79' lang='grc' dir='ltr'><em>Ἄκουσον</em></span> <span class='ocrx_word' id='word_1_7' title='bbox 705 485 782 554; x_wconf 82' lang='grc' dir='ltr'><em>δὴ</em></span> <span class='ocrx_word' id='word_1_8' title='bbox 820 484 926 538; x_wconf 86' lang='grc' dir='ltr'><em>τὸν</em></span> <span class='ocrx_word' id='word_1_9' title='bbox 958 486 1146 554; x_wconf 85' lang='grc' dir='ltr'><em>λόγον</em></span> <span class='ocrx_word' id='word_1_10' title='bbox 1182 486 1421 554; x_wconf 83' lang='grc' dir='ltr'><strong>Κυρίου,</strong></span> <span class='ocrx_word' id='word_1_11' title='bbox 1455 485 1529 539; x_wconf 79' lang='grc' dir='ltr'><em>ὃν</em></span> <span class='ocrx_word' id='word_1_12' title='bbox 1554 484 1670 556; x_wconf 75' lang='grc' dir='ltr'><strong>ἐγὼ</strong></span> <span class='ocrx_word' id='word_1_13' title='bbox 1707 483 1874 544; x_wconf 75' lang='grc' dir='ltr'><em>λαλῶ</em></span> 
     </span>
    </p>
   </div>
   <div class='ocr_carea' id='block_1_5' title="bbox 1989 483 3551 560">
    <p class='ocr_par' dir='ltr' id='par_1_5' title="bbox 2038 483 3551 560">
     <span class='ocr_line' id='line_1_5' title="bbox 2038 483 3551 560; baseline 0.007 -26"><span class='ocrx_word' id='word_1_14' title='bbox 2038 483 2184 559; x_wconf 74' lang='lat' dir='ltr'><strong>Audi</strong></span> <span class='ocrx_word' id='word_1_15' title='bbox 2217 483 2426 536; x_wconf 78' lang='lat' dir='ltr'><strong>verbum</strong></span> <span class='ocrx_word' id='word_1_16' title='bbox 2477 483 2710 544; x_wconf 84' lang='lat' dir='ltr'><strong>Domini.</strong></span> <span class='ocrx_word' id='word_1_17' title='bbox 2741 487 2894 559; x_wconf 28' lang='lat' dir='ltr'><strong>quod.</strong></span> <span class='ocrx_word' id='word_1_18' title='bbox 2909 503 3001 560; x_wconf 83' lang='lat' dir='ltr'><strong>ego</strong></span> <span class='ocrx_word' id='word_1_19' title='bbox 3031 490 3149 543; x_wconf 84' lang='lat' dir='ltr'><strong>dico</strong></span> <span class='ocrx_word' id='word_1_20' title='bbox 3181 491 3250 542; x_wconf 79' lang='lat' dir='ltr'><strong><em>ad</em></strong></span> <span class='ocrx_word' id='word_1_21' title='bbox 3273 500 3344 554; x_wconf 83' lang='lat' dir='ltr'><strong>te,</strong></span> <span class='ocrx_word' id='word_1_22' title='bbox 3371 499 3420 543; x_wconf 80' lang='lat' dir='ltr'><strong>et</strong></span> <span class='ocrx_word' id='word_1_23' title='bbox 3447 505 3551 544; x_wconf 73' lang='lat' dir='ltr'><strong>me-</strong></span> 
     </span>
    </p>
   </div>
   <div class='ocr_carea' id='block_1_6' title="bbox 289 575 1868 646">
    <p class='ocr_par' dir='ltr' id='par_1_6' title="bbox 289 575 1868 646">
     <span class='ocr_line' id='line_1_6' title="bbox 289 575 1868 646; baseline -0.002 -14"><span class='ocrx_word' id='word_1_24' title='bbox 289 577 440 646; x_wconf 72' lang='grc' dir='ltr'><strong>κρός</strong></span> <span class='ocrx_word' id='word_1_25' title='bbox 469 578 566 643; x_wconf 83' lang='grc' dir='ltr'><em>σὲ,</em></span> <span class='ocrx_word' id='word_1_26' title='bbox 624 577 723 631; x_wconf 83' lang='grc' dir='ltr'><strong>καί</strong></span> <span class='ocrx_word' id='word_1_27' title='bbox 764 575 1019 642; x_wconf 81' lang='grc' dir='ltr'><em>,ϐέλτιον</em></span> <span class='ocrx_word' id='word_1_28' title='bbox 1048 577 1220 631; x_wconf 78' lang='grc' dir='ltr'><em>ἔσται</em></span> <span class='ocrx_word' id='word_1_29' title='bbox 1266 593 1386 644; x_wconf 87' lang='grc' dir='ltr'><em>σοι,</em></span> <span class='ocrx_word' id='word_1_30' title='bbox 1429 577 1527 631; x_wconf 84' lang='grc' dir='ltr'><em>κιιί</em></span> <span class='ocrx_word' id='word_1_31' title='bbox 1565 576 1805 646; x_wconf 77' lang='grc' dir='ltr'><strong>ζήσεται</strong></span> <span class='ocrx_word' id='word_1_32' title='bbox 1830 576 1868 645; x_wconf 78' lang='grc' dir='ltr'><strong><em>ἠ</em></strong></span> 
     </span>
    </p>
   </div>
   <div class='ocr_carea' id='block_1_7' title="bbox 287 669 617 739">
    <p class='ocr_par' dir='ltr' id='par_1_7' title="bbox 287 669 617 739">
     <span class='ocr_line' id='line_1_7' title="bbox 287 669 617 739; baseline -0.003 -15"><span class='ocrx_word' id='word_1_33' title='bbox 287 669 460 739; x_wconf 68' lang='grc' dir='ltr'><em>ψυχή</em></span> <span class='ocrx_word' id='word_1_34' title='bbox 481 686 617 724; x_wconf 90' lang='grc' dir='ltr'><em>σου.</em></span> 
     </span>
    </p>
   </div>
   <div class='ocr_carea' id='block_1_8' title="bbox 363 759 1871 831">
    <p class='ocr_par' dir='ltr' id='par_1_8' title="bbox 363 759 1871 831">
     <span class='ocr_line' id='line_1_8' title="bbox 363 759 1871 831; baseline 0.001 -18"><span class='ocrx_word' id='word_1_35' title='bbox 363 759 675 826; x_wconf 85' lang='grc' dir='ltr'><em>Τουτέστιν,</em></span> <span class='ocrx_word' id='word_1_36' title='bbox 698 760 958 829; x_wconf 77' lang='grc' dir='ltr'><em>Ἀμεινὸν</em></span> <span class='ocrx_word' id='word_1_37' title='bbox 983 760 1066 814; x_wconf 89' lang='grc' dir='ltr'><strong>σοί</strong></span> <span class='ocrx_word' id='word_1_38' title='bbox 1092 761 1209 814; x_wconf 77' lang='grc' dir='ltr'><em>ἐστι</em></span> <span class='ocrx_word' id='word_1_39' title='bbox 1237 760 1528 831; x_wconf 82' lang='grc' dir='ltr'><em>πεισθῆναί</em></span> <span class='ocrx_word' id='word_1_40' title='bbox 1551 778 1662 830; x_wconf 85' lang='grc' dir='ltr'><em>μοι,</em></span> <span class='ocrx_word' id='word_1_41' title='bbox 1683 759 1871 831; x_wconf 75' lang='grc' dir='ltr'><em>καὶμὴ</em></span> 
     </span>
    </p>
   </div>
   <div class='ocr_carea' id='block_1_9' title="bbox 291 853 1870 924">
    <p class='ocr_par' dir='ltr' id='par_1_9' title="bbox 291 853 1870 924">
     <span class='ocr_line' id='line_1_9' title="bbox 291 853 1870 924; baseline -0.001 -16"><span class='ocrx_word' id='word_1_42' title='bbox 291 853 609 908; x_wconf 70' lang='grc' dir='ltr'><strong>ἀπατᾶσθαι</strong></span> <span class='ocrx_word' id='word_1_43' title='bbox 639 856 757 916; x_wconf 74' lang='grc' dir='ltr'><em>τοῖς</em></span> <span class='ocrx_word' id='word_1_44' title='bbox 793 853 1022 908; x_wconf 79' lang='grc' dir='ltr'>ἐκείνων</span> <span class='ocrx_word' id='word_1_45' title='bbox 1065 855 1268 923; x_wconf 79' lang='grc' dir='ltr'><strong>λόγοις,</strong></span> <span class='ocrx_word' id='word_1_46' title='bbox 1307 856 1388 907; x_wconf 85' lang='grc' dir='ltr'><em>ὅτι</em></span> <span class='ocrx_word' id='word_1_47' title='bbox 1431 854 1488 906; x_wconf 74' lang='grc' dir='ltr'><em>δὲ</em></span> <span class='ocrx_word' id='word_1_48' title='bbox 1536 853 1742 922; x_wconf 88' lang='grc' dir='ltr'><em>ταύτην</em></span> <span class='ocrx_word' id='word_1_49' title='bbox 1771 853 1870 924; x_wconf 81' lang='grc' dir='ltr'><strong>τὴν</strong></span> 
     </span>
    </p>
   </div>
   <div class='ocr_carea' id='block_1_10' title="bbox 291 945 1872 1017">
    <p class='ocr_par' dir='ltr' id='par_1_10' title="bbox 291 945 1872 1017">
     <span class='ocr_line' id='line_1_10' title="bbox 291 945 1872 1017; baseline 0.001 -19"><span class='ocrx_word' id='word_1_50' title='bbox 291 947 502 999; x_wconf 76' lang='grc' dir='ltr'><em>ἔννοιαν</em></span> <span class='ocrx_word' id='word_1_51' title='bbox 541 945 741 1015; x_wconf 82' lang='grc' dir='ltr'><em>μᾶλλον</em></span> <span class='ocrx_word' id='word_1_52' title='bbox 793 945 912 998; x_wconf 80' lang='grc' dir='ltr'><em>ἔστι</em></span> <span class='ocrx_word' id='word_1_53' title='bbox 957 946 1141 999; x_wconf 78' lang='grc' dir='ltr'><em>λαϐεῖν</em></span> <span class='ocrx_word' id='word_1_54' title='bbox 1172 947 1237 999; x_wconf 82' lang='grc' dir='ltr'><strong>ὲκ</strong></span> <span class='ocrx_word' id='word_1_55' title='bbox 1256 945 1364 998; x_wconf 86' lang='grc' dir='ltr'><strong>τῶν</strong></span> <span class='ocrx_word' id='word_1_56' title='bbox 1394 945 1596 1017; x_wconf 77' lang='grc' dir='ltr'><em>ῥητῶν,</em></span> <span class='ocrx_word' id='word_1_57' title='bbox 1631 945 1740 999; x_wconf 81' lang='grc' dir='ltr'><em>ἀπὸ</em></span> <span class='ocrx_word' id='word_1_58' title='bbox 1762 946 1872 1000; x_wconf 83' lang='grc' dir='ltr'><em>τῶν</em></span> 
     </span>
    </p>
   </div>
   <div class='ocr_carea' id='block_1_11' title="bbox 290 1035 1693 1108">
    <p class='ocr_par' dir='ltr' id='par_1_11' title="bbox 290 1035 1693 1108">
     <span class='ocr_line' id='line_1_11' title="bbox 290 1035 1693 1108; baseline -0.001 -18"><span class='ocrx_word' id='word_1_59' title='bbox 290 1035 603 1090; x_wconf 83' lang='grc' dir='ltr'><em>ἀκολούθων</em></span> <span class='ocrx_word' id='word_1_60' title='bbox 624 1037 689 1090; x_wconf 81' lang='grc' dir='ltr'><strong>ἄν</strong></span> <span class='ocrx_word' id='word_1_61' title='bbox 722 1053 808 1099; x_wconf 88' lang='grc' dir='ltr'><strong>τις</strong></span> <span class='ocrx_word' id='word_1_62' title='bbox 838 1036 1070 1090; x_wconf 85' lang='grc' dir='ltr'><em>κατίδοι.</em></span> <span class='ocrx_word' id='word_1_63' title='bbox 1105 1037 1334 1104; x_wconf 85' lang='grc' dir='ltr'><em>Ἐπάγει</em></span> <span class='ocrx_word' id='word_1_64' title='bbox 1361 1039 1468 1108; x_wconf 84' lang='grc' dir='ltr'><strong>γὰρ</strong></span> <span class='ocrx_word' id='word_1_65' title='bbox 1494 1035 1658 1102; x_wconf 84' lang='grc' dir='ltr'><em>εὐθύς</em></span> <span class='ocrx_word' id='word_1_66' title='bbox 1678 1053 1693 1069; x_wconf 80' lang='grc' dir='ltr'><strong>ο</strong></span> 
     </span>
    </p>
   </div>
   <div class='ocr_carea' id='block_1_12' title="bbox 363 1125 1874 1197">
    <p class='ocr_par' dir='ltr' id='par_1_12' title="bbox 363 1125 1874 1197">
     <span class='ocr_line' id='line_1_12' title="bbox 363 1125 1874 1197; baseline 0 -16"><span class='ocrx_word' id='word_1_67' title='bbox 363 1128 474 1181; x_wconf 91' lang='lat' dir='ltr'><strong>Kal</strong></span> <span class='ocrx_word' id='word_1_68' title='bbox 506 1129 558 1182; x_wconf 88' lang='grc' dir='ltr'>εἰ</span> <span class='ocrx_word' id='word_1_69' title='bbox 591 1127 677 1197; x_wconf 82' lang='grc' dir='ltr'><em>μὴ</em></span> <span class='ocrx_word' id='word_1_70' title='bbox 705 1127 902 1194; x_wconf 83' lang='grc' dir='ltr'><em>θέλεις</em></span> <span class='ocrx_word' id='word_1_71' title='bbox 933 1127 1238 1191; x_wconf 76' lang='grc' dir='ltr'><strong>ἐξελθεῖν·</strong></span> <span class='ocrx_word' id='word_1_72' title='bbox 1282 1125 1458 1194; x_wconf 81' lang='grc' dir='ltr'><em>οὗτος</em></span> <span class='ocrx_word' id='word_1_73' title='bbox 1487 1132 1522 1183; x_wconf 87' lang='grc' dir='ltr'><em>ό</em></span> <span class='ocrx_word' id='word_1_74' title='bbox 1557 1130 1758 1194; x_wconf 80' lang='grc' dir='ltr'><em>λόγος,</em></span> <span class='ocrx_word' id='word_1_75' title='bbox 1799 1126 1874 1181; x_wconf 83' lang='grc' dir='ltr'><strong>δν</strong></span> 
     </span>
    </p>
   </div>
   <div class='ocr_carea' id='block_1_13' title="bbox 290 1219 1872 1290">
    <p class='ocr_par' dir='ltr' id='par_1_13' title="bbox 290 1219 1872 1290">
     <span class='ocr_line' id='line_1_13' title="bbox 290 1219 1872 1290; baseline 0 -17"><span class='ocrx_word' id='word_1_76' title='bbox 290 1219 486 1283; x_wconf 80' lang='grc' dir='ltr'><em>ἕδειξέ</em></span> <span class='ocrx_word' id='word_1_77' title='bbox 523 1237 627 1289; x_wconf 80' lang='grc' dir='ltr'><strong>μοι</strong></span> <span class='ocrx_word' id='word_1_78' title='bbox 669 1221 918 1288; x_wconf 83' lang='grc' dir='ltr'><em>Κύριος·</em></span> <span class='ocrx_word' id='word_1_79' title='bbox 963 1219 1118 1275; x_wconf 81' lang='grc' dir='ltr'><em>Ἰδοὺ</em></span> <span class='ocrx_word' id='word_1_80' title='bbox 1156 1219 1346 1275; x_wconf 82' lang='grc' dir='ltr'><em>πᾶσαι</em></span> <span class='ocrx_word' id='word_1_81' title='bbox 1381 1225 1440 1275; x_wconf 87' lang='grc' dir='ltr'><em>αἰ</em></span> <span class='ocrx_word' id='word_1_82' title='bbox 1483 1220 1764 1290; x_wconf 82' lang='grc' dir='ltr'><em>γυναῖκες</em></span> <span class='ocrx_word' id='word_1_83' title='bbox 1811 1221 1872 1273; x_wconf 84' lang='grc' dir='ltr'><em>αἱ</em></span> 
     </span>
    </p>
   </div>
   <div class='ocr_carea' id='block_1_14' title="bbox 292 1310 1871 1382">
    <p class='ocr_par' dir='ltr' id='par_1_14' title="bbox 292 1310 1871 1382">
     <span class='ocr_line' id='line_1_14' title="bbox 292 1310 1871 1382; baseline -0.001 -17"><span class='ocrx_word' id='word_1_84' title='bbox 292 1314 833 1382; x_wconf 72' lang='grc' dir='ltr'><strong>καταλελειμμέναι</strong></span> <span class='ocrx_word' id='word_1_85' title='bbox 871 1311 941 1365; x_wconf 82' lang='grc' dir='ltr'><em>ἐν</em></span> <span class='ocrx_word' id='word_1_86' title='bbox 984 1313 1145 1379; x_wconf 76' lang='grc' dir='ltr'><em>οἰκίᾳ</em></span> <span class='ocrx_word' id='word_1_87' title='bbox 1182 1313 1493 1378; x_wconf 81' lang='grc' dir='ltr'><em>βασιλέως</em></span> <span class='ocrx_word' id='word_1_88' title='bbox 1555 1311 1743 1367; x_wconf 82' lang='grc' dir='ltr'><strong>Ἰούδα</strong></span> <span class='ocrx_word' id='word_1_89' title='bbox 1769 1310 1871 1375; x_wconf 80' lang='grc' dir='ltr'><strong>ἐξ·</strong></span> 
     </span>
    </p>
   </div>
   <div class='ocr_carea' id='block_1_15' title="bbox 293 1399 1873 1472">
    <p class='ocr_par' dir='ltr' id='par_1_15' title="bbox 293 1399 1873 1472">
     <span class='ocr_line' id='line_1_15' title="bbox 293 1399 1873 1472; baseline -0.003 -15"><span class='ocrx_word' id='word_1_90' title='bbox 293 1402 544 1472; x_wconf 77' lang='grc' dir='ltr'><em>ἄγονται</em></span> <span class='ocrx_word' id='word_1_91' title='bbox 619 1403 769 1470; x_wconf 83' lang='grc' dir='ltr'><em>πρὸς</em></span> <span class='ocrx_word' id='word_1_92' title='bbox 820 1401 964 1466; x_wconf 85' lang='grc' dir='ltr'><em>τοὺς</em></span> <span class='ocrx_word' id='word_1_93' title='bbox 990 1402 1294 1467; x_wconf 76' lang='grc' dir='ltr'><strong>βασιλέας</strong></span> <span class='ocrx_word' id='word_1_94' title='bbox 1342 1401 1736 1466; x_wconf 77' lang='grc' dir='ltr'><em>Βαϐυλῶνος,</em></span> <span class='ocrx_word' id='word_1_95' title='bbox 1775 1399 1873 1454; x_wconf 82' lang='grc' dir='ltr'><strong>καὶ</strong></span> 
     </span>
    </p>
   </div>
   <div class='ocr_carea' id='block_1_16' title="bbox 289 1492 1876 1560">
    <p class='ocr_par' dir='ltr' id='par_1_16' title="bbox 289 1492 1876 1560">
     <span class='ocr_line' id='line_1_16' title="bbox 289 1492 1876 1560; baseline -0.002 -13"><span class='ocrx_word' id='word_1_96' title='bbox 289 1494 473 1548; x_wconf 77' lang='grc' dir='ltr'><em>αὐταὶ</em></span> <span class='ocrx_word' id='word_1_97' title='bbox 501 1492 813 1556; x_wconf 81' lang='grc' dir='ltr'><em>λέξουσιν·</em></span> <span class='ocrx_word' id='word_1_98' title='bbox 852 1493 1205 1560; x_wconf 78' lang='grc' dir='ltr'><em>Ἠπάτησὰν</em></span> <span class='ocrx_word' id='word_1_99' title='bbox 1229 1510 1323 1556; x_wconf 85' lang='grc' dir='ltr'><strong>σε,</strong></span> <span class='ocrx_word' id='word_1_100' title='bbox 1357 1494 1452 1546; x_wconf 84' lang='grc' dir='ltr'><strong>καί</strong></span> <span class='ocrx_word' id='word_1_101' title='bbox 1477 1493 1876 1560; x_wconf 73' lang='grc' dir='ltr'><strong>ἠδυνήθησαν</strong></span> 
     </span>
    </p>
   </div>
   <div class='ocr_carea' id='block_1_17' title="bbox 292 1583 1876 1651">
    <p class='ocr_par' dir='ltr' id='par_1_17' title="bbox 292 1583 1876 1651">
     <span class='ocr_line' id='line_1_17' title="bbox 292 1583 1876 1651; baseline -0.001 -14"><span class='ocrx_word' id='word_1_102' title='bbox 292 1599 396 1638; x_wconf 90' lang='grc' dir='ltr'><strong>σοι</strong></span> <span class='ocrx_word' id='word_1_103' title='bbox 422 1583 638 1651; x_wconf 80' lang='grc' dir='ltr'><em>ἄνδρες</em></span> <span class='ocrx_word' id='word_1_104' title='bbox 664 1585 954 1651; x_wconf 81' lang='grc' dir='ltr'><em>εἰρηνικοί</em></span> <span class='ocrx_word' id='word_1_105' title='bbox 998 1599 1135 1646; x_wconf 88' lang='grc' dir='ltr'><em>σου,</em></span> <span class='ocrx_word' id='word_1_106' title='bbox 1158 1583 1256 1638; x_wconf 81' lang='grc' dir='ltr'><strong>καί</strong></span> <span class='ocrx_word' id='word_1_107' title='bbox 1284 1585 1356 1637; x_wconf 89' lang='grc' dir='ltr'><em>οὐ</em></span> <span class='ocrx_word' id='word_1_108' title='bbox 1389 1583 1876 1650; x_wconf 80' lang='grc' dir='ltr'><em>κατισχύσουσιν</em></span> 
     </span>
    </p>
   </div>
   <div class='ocr_carea' id='block_1_18' title="bbox 292 1673 1877 1744">
    <p class='ocr_par' dir='ltr' id='par_1_18' title="bbox 292 1673 1877 1744">
     <span class='ocr_line' id='line_1_18' title="bbox 292 1673 1877 1744; baseline 0.001 -17"><span class='ocrx_word' id='word_1_109' title='bbox 292 1676 364 1728; x_wconf 83' lang='grc' dir='ltr'><em>ἐν</em></span> <span class='ocrx_word' id='word_1_110' title='bbox 389 1673 748 1744; x_wconf 76' lang='grc' dir='ltr'><em>όλισθήματι</em></span> <span class='ocrx_word' id='word_1_111' title='bbox 783 1673 971 1739; x_wconf 84' lang='grc' dir='ltr'><em>ποδός</em></span> <span class='ocrx_word' id='word_1_112' title='bbox 1022 1689 1159 1739; x_wconf 88' lang='grc' dir='ltr'><em>σου,</em></span> <span class='ocrx_word' id='word_1_113' title='bbox 1222 1675 1321 1728; x_wconf 83' lang='grc' dir='ltr'><strong>καί</strong></span> <span class='ocrx_word' id='word_1_114' title='bbox 1373 1673 1877 1742; x_wconf 69' lang='grc' dir='ltr'><em>ἀποστρέψουσιν</em></span> 
     </span>
    </p>
   </div>
   <div class='ocr_carea' id='block_1_19' title="bbox 292 1765 584 1822">
    <p class='ocr_par' dir='ltr' id='par_1_19' title="bbox 292 1765 584 1822">
     <span class='ocr_line' id='line_1_19' title="bbox 292 1765 584 1822; baseline -0.014 0"><span class='ocrx_word' id='word_1_115' title='bbox 292 1766 415 1822; x_wconf 79' lang='grc' dir='ltr'><em>ἀπὸ</em></span> <span class='ocrx_word' id='word_1_116' title='bbox 445 1765 584 1819; x_wconf 85' lang='grc' dir='ltr'><em>σοῦ.</em></span> 
     </span>
    </p>
   </div>
   <div class='ocr_carea' id='block_1_20' title="bbox 1973 563 2982 638">
    <p class='ocr_par' dir='ltr' id='par_1_20' title="bbox 1973 563 2982 638">
     <span class='ocr_line' id='line_1_20' title="bbox 1973 563 2982 638; baseline 0.005 -12"><span class='ocrx_word' id='word_1_117' title='bbox 1973 573 2080 628; x_wconf 81' lang='lat' dir='ltr'><strong>lius</strong></span> <span class='ocrx_word' id='word_1_118' title='bbox 2117 565 2219 628; x_wconf 81' lang='lat' dir='ltr'><strong>erit</strong></span> <span class='ocrx_word' id='word_1_119' title='bbox 2260 563 2376 638; x_wconf 65' lang='lat' dir='ltr'><strong>tilii,</strong></span> <span class='ocrx_word' id='word_1_120' title='bbox 2413 583 2462 629; x_wconf 82' lang='lat' dir='ltr'><strong>et</strong></span> <span class='ocrx_word' id='word_1_121' title='bbox 2493 570 2623 630; x_wconf 82' lang='lat' dir='ltr'><strong>vivet</strong></span> <span class='ocrx_word' id='word_1_122' title='bbox 2659 578 2839 630; x_wconf 79' lang='lat' dir='ltr'><strong>animo</strong></span> <span class='ocrx_word' id='word_1_123' title='bbox 2871 588 2982 631; x_wconf 91' lang='lat' dir='ltr'><strong>tua.</strong></span> 
     </span>
    </p>
   </div>
   <div class='ocr_carea' id='block_1_21' title="bbox 2045 757 3550 828">
    <p class='ocr_par' dir='ltr' id='par_1_21' title="bbox 2045 757 3550 828">
     <span class='ocr_line' id='line_1_21' title="bbox 2045 757 3550 828; baseline 0.005 -17"><span class='ocrx_word' id='word_1_124' title='bbox 2045 757 2157 813; x_wconf 88' lang='lat' dir='ltr'><strong>Hoc</strong></span> <span class='ocrx_word' id='word_1_125' title='bbox 2187 768 2290 823; x_wconf 90' lang='lat' dir='ltr'><strong>est,</strong></span> <span class='ocrx_word' id='word_1_126' title='bbox 2341 757 2538 815; x_wconf 88' lang='lat' dir='ltr'><strong>melius</strong></span> <span class='ocrx_word' id='word_1_127' title='bbox 2577 773 2662 816; x_wconf 87' lang='lat' dir='ltr'><strong>est</strong></span> <span class='ocrx_word' id='word_1_128' title='bbox 2719 773 2777 815; x_wconf 91' lang='lat' dir='ltr'><strong>ut</strong></span> <span class='ocrx_word' id='word_1_129' title='bbox 2822 763 2949 817; x_wconf 84' lang='lat' dir='ltr'><strong>mihi</strong></span> <span class='ocrx_word' id='word_1_130' title='bbox 2986 764 3196 828; x_wconf 88' lang='lat' dir='ltr'><strong>credas,</strong></span> <span class='ocrx_word' id='word_1_131' title='bbox 3230 779 3331 820; x_wconf 87' lang='lat' dir='ltr'><strong>nec</strong></span> <span class='ocrx_word' id='word_1_132' title='bbox 3361 779 3550 820; x_wconf 89' lang='lat' dir='ltr'><strong>eorum</strong></span> 
     </span>
    </p>
   </div>
   <div class='ocr_carea' id='block_1_22' title="bbox 1974 851 3555 926">
    <p class='ocr_par' dir='ltr' id='par_1_22' title="bbox 1974 851 3555 926">
     <span class='ocr_line' id='line_1_22' title="bbox 1974 851 3555 926; baseline 0.003 -21"><span class='ocrx_word' id='word_1_133' title='bbox 1974 851 2266 920; x_wconf 81' lang='lat' dir='ltr'><strong>decipiaris</strong></span> <span class='ocrx_word' id='word_1_134' title='bbox 2311 852 2673 908; x_wconf 84' lang='lat' dir='ltr'><strong>sermonibus.</strong></span> <span class='ocrx_word' id='word_1_135' title='bbox 2730 851 2884 908; x_wconf 79' lang='lat' dir='ltr'><strong>Hunc</strong></span> <span class='ocrx_word' id='word_1_136' title='bbox 2922 869 3085 923; x_wconf 87' lang='lat' dir='ltr'><strong>porro</strong></span> <span class='ocrx_word' id='word_1_137' title='bbox 3131 869 3350 910; x_wconf 81' lang='lat' dir='ltr'><strong>sensum</strong></span> <span class='ocrx_word' id='word_1_138' title='bbox 3383 857 3555 926; x_wconf 76' lang='lat' dir='ltr'><strong>magis</strong></span> 
     </span>
    </p>
   </div>
   <div class='ocr_carea' id='block_1_23' title="bbox 1973 944 3554 1017">
    <p class='ocr_par' dir='ltr' id='par_1_23' title="bbox 1973 944 3554 1017">
     <span class='ocr_line' id='line_1_23' title="bbox 1973 944 3554 1017; baseline 0.004 -20"><span class='ocrx_word' id='word_1_139' title='bbox 1973 957 2274 998; x_wconf 92' lang='lat' dir='ltr'><strong>consonum</strong></span> <span class='ocrx_word' id='word_1_140' title='bbox 2319 959 2441 1000; x_wconf 90' lang='lat' dir='ltr'><strong>esse</strong></span> <span class='ocrx_word' id='word_1_141' title='bbox 2473 944 2632 1000; x_wconf 89' lang='lat' dir='ltr'><strong>dictis</strong></span> <span class='ocrx_word' id='word_1_142' title='bbox 2660 959 2724 999; x_wconf 83' lang='lat' dir='ltr'><strong>ex</strong></span> <span class='ocrx_word' id='word_1_143' title='bbox 2753 945 3208 1015; x_wconf 76' lang='lat' dir='ltr'><strong>subsequentibus</strong></span> <span class='ocrx_word' id='word_1_144' title='bbox 3243 945 3399 1003; x_wconf 79' lang='lat' dir='ltr'><strong>facile</strong></span> <span class='ocrx_word' id='word_1_145' title='bbox 3431 947 3554 1017; x_wconf 84' lang='lat' dir='ltr'><strong>quis</strong></span> 
     </span>
    </p>
   </div>
   <div class='ocr_carea' id='block_1_24' title="bbox 1975 1032 2886 1104">
    <p class='ocr_par' dir='ltr' id='par_1_24' title="bbox 1975 1032 2886 1104">
     <span class='ocr_line' id='line_1_24' title="bbox 1975 1032 2886 1104; baseline 0.002 -17"><span class='ocrx_word' id='word_1_146' title='bbox 1975 1035 2225 1104; x_wconf 85' lang='lat' dir='ltr'><strong>percipit.</strong></span> <span class='ocrx_word' id='word_1_147' title='bbox 2261 1032 2456 1089; x_wconf 88' lang='lat' dir='ltr'><strong>Subdit</strong></span> <span class='ocrx_word' id='word_1_148' title='bbox 2481 1038 2626 1090; x_wconf 87' lang='lat' dir='ltr'><strong>enim</strong></span> <span class='ocrx_word' id='word_1_149' title='bbox 2658 1036 2843 1091; x_wconf 89' lang='lat' dir='ltr'><strong>statim</strong></span> <span class='ocrx_word' id='word_1_150' title='bbox 2872 1053 2886 1089; x_wconf 86' lang='lat'>:</span> 
     </span>
    </p>
   </div>
   <div class='ocr_carea' id='block_1_25' title="bbox 2045 1121 3552 1191">
    <p class='ocr_par' dir='ltr' id='par_1_25' title="bbox 2045 1121 3552 1191">
     <span class='ocr_line' id='line_1_25' title="bbox 2045 1121 3552 1191; baseline 0.001 -12"><span class='ocrx_word' id='word_1_151' title='bbox 2045 1123 2212 1179; x_wconf 77' lang='lat' dir='ltr'><strong>Vens.</strong></span> <span class='ocrx_word' id='word_1_152' title='bbox 2240 1124 2334 1190; x_wconf 74' lang='lat'><strong>21,</strong></span> <span class='ocrx_word' id='word_1_153' title='bbox 2360 1123 2450 1179; x_wconf 73' lang='lat'><strong>22.</strong></span> <span class='ocrx_word' id='word_1_154' title='bbox 2484 1125 2643 1191; x_wconf 84' lang='lat' dir='ltr'><strong>Quod</strong></span> <span class='ocrx_word' id='word_1_155' title='bbox 2669 1129 2716 1180; x_wconf 74' lang='lat' dir='ltr'><strong>si</strong></span> <span class='ocrx_word' id='word_1_156' title='bbox 2762 1127 2997 1182; x_wconf 74' lang='lat' dir='ltr'><strong>nolueris</strong></span> <span class='ocrx_word' id='word_1_157' title='bbox 3030 1137 3086 1180; x_wconf 88' lang='lat' dir='ltr'><strong>tu</strong></span> <span class='ocrx_word' id='word_1_158' title='bbox 3133 1128 3280 1182; x_wconf 72' lang='lat' dir='ltr'><strong>exire</strong></span> <span class='ocrx_word' id='word_1_159' title='bbox 3305 1143 3325 1182; x_wconf 89' lang='lat'><strong><em>:</em></strong></span> <span class='ocrx_word' id='word_1_160' title='bbox 3352 1121 3448 1182; x_wconf 68' lang='lat' dir='ltr'><strong>iste&#39;</strong></span> <span class='ocrx_word' id='word_1_161' title='bbox 3477 1137 3552 1181; x_wconf 72' lang='lat' dir='ltr'><strong>est</strong></span> 
     </span>
    </p>
   </div>
   <div class='ocr_carea' id='block_1_26' title="bbox 1974 1217 3553 1284">
    <p class='ocr_par' dir='ltr' id='par_1_26' title="bbox 1974 1217 3553 1284">
     <span class='ocr_line' id='line_1_26' title="bbox 1974 1217 3553 1284; baseline 0.003 -15"><span class='ocrx_word' id='word_1_162' title='bbox 1974 1229 2163 1282; x_wconf 70' lang='lat' dir='ltr'><strong>sermo,</strong></span> <span class='ocrx_word' id='word_1_163' title='bbox 2207 1231 2358 1284; x_wconf 83' lang='lat' dir='ltr'><strong>quem</strong></span> <span class='ocrx_word' id='word_1_164' title='bbox 2388 1217 2616 1271; x_wconf 74' lang='lat' dir='ltr'><strong>ostendit</strong></span> <span class='ocrx_word' id='word_1_165' title='bbox 2673 1219 2804 1272; x_wconf 84' lang='lat' dir='ltr'><strong>mihi</strong></span> <span class='ocrx_word' id='word_1_166' title='bbox 2851 1219 3112 1272; x_wconf 73' lang='lat' dir='ltr'><strong>Dominus</strong></span> <span class='ocrx_word' id='word_1_167' title='bbox 3141 1236 3158 1275; x_wconf 90' lang='lat'><strong><em>:</em></strong></span> <span class='ocrx_word' id='word_1_168' title='bbox 3187 1218 3325 1274; x_wconf 86' lang='lat' dir='ltr'><strong>Ecce</strong></span> <span class='ocrx_word' id='word_1_169' title='bbox 3376 1236 3553 1274; x_wconf 69' lang='lat' dir='ltr'><strong>annis:</strong></span> 
     </span>
    </p>
   </div>
   <div class='ocr_carea' id='block_1_27' title="bbox 1975 1305 3552 1378">
    <p class='ocr_par' dir='ltr' id='par_1_27' title="bbox 1975 1305 3552 1378">
     <span class='ocr_line' id='line_1_27' title="bbox 1975 1305 3552 1378; baseline 0.004 -20"><span class='ocrx_word' id='word_1_170' title='bbox 1975 1305 2222 1359; x_wconf 79' lang='lat' dir='ltr'><strong>mulieres</strong></span> <span class='ocrx_word' id='word_1_171' title='bbox 2274 1321 2393 1374; x_wconf 69' lang='lat' dir='ltr'><strong>quae</strong></span> <span class='ocrx_word' id='word_1_172' title='bbox 2456 1319 2819 1362; x_wconf 75' lang='lat' dir='ltr'><strong>remanserunt</strong></span> <span class='ocrx_word' id='word_1_173' title='bbox 2862 1309 2917 1362; x_wconf 87' lang='lat' dir='ltr'><strong>in</strong></span> <span class='ocrx_word' id='word_1_174' title='bbox 2973 1311 3130 1362; x_wconf 82' lang='lat' dir='ltr'><strong>domo</strong></span> <span class='ocrx_word' id='word_1_175' title='bbox 3182 1312 3318 1378; x_wconf 80' lang='lat' dir='ltr'><strong>regis</strong></span> <span class='ocrx_word' id='word_1_176' title='bbox 3374 1309 3552 1377; x_wconf 81' lang='lat' dir='ltr'><strong>Juda,</strong></span> 
     </span>
    </p>
   </div>
   <div class='ocr_carea' id='block_1_28' title="bbox 1974 1397 3554 1470">
    <p class='ocr_par' dir='ltr' id='par_1_28' title="bbox 1974 1397 3554 1470">
     <span class='ocr_line' id='line_1_28' title="bbox 1974 1397 3554 1470; baseline 0.004 -20"><span class='ocrx_word' id='word_1_177' title='bbox 1974 1397 2262 1450; x_wconf 79' lang='lat' dir='ltr'><strong>educentur</strong></span> <span class='ocrx_word' id='word_1_178' title='bbox 2313 1402 2384 1451; x_wconf 86' lang='lat' dir='ltr'><strong><em>ad</em></strong></span> <span class='ocrx_word' id='word_1_179' title='bbox 2434 1401 2698 1468; x_wconf 78' lang='lat' dir='ltr'><strong>principes</strong></span> <span class='ocrx_word' id='word_1_180' title='bbox 2745 1399 3055 1470; x_wconf 72' lang='lat' dir='ltr'><strong>Babylonis,</strong></span> <span class='ocrx_word' id='word_1_181' title='bbox 3108 1412 3157 1455; x_wconf 83' lang='lat' dir='ltr'><strong>et</strong></span> <span class='ocrx_word' id='word_1_182' title='bbox 3203 1402 3284 1454; x_wconf 77' lang='lat' dir='ltr'><strong>lue</strong></span> <span class='ocrx_word' id='word_1_183' title='bbox 3332 1401 3554 1457; x_wconf 83' lang='lat' dir='ltr'><strong>dicent:</strong></span> 
     </span>
    </p>
   </div>
   <div class='ocr_carea' id='block_1_29' title="bbox 1979 1486 3556 1564">
    <p class='ocr_par' dir='ltr' id='par_1_29' title="bbox 1979 1486 3556 1564">
     <span class='ocr_line' id='line_1_29' title="bbox 1979 1486 3556 1564; baseline 0.005 -22"><span class='ocrx_word' id='word_1_184' title='bbox 1979 1486 2310 1542; x_wconf 72' lang='lat' dir='ltr'><strong>Seduxcrunt</strong></span> <span class='ocrx_word' id='word_1_185' title='bbox 2342 1500 2413 1555; x_wconf 86' lang='lat' dir='ltr'><strong>te,</strong></span> <span class='ocrx_word' id='word_1_186' title='bbox 2441 1500 2490 1544; x_wconf 88' lang='lat' dir='ltr'><strong>et</strong></span> <span class='ocrx_word' id='word_1_187' title='bbox 2522 1491 2908 1557; x_wconf 76' lang='lat' dir='ltr'><strong>prwoaluerunt</strong></span> <span class='ocrx_word' id='word_1_188' title='bbox 2956 1493 3054 1547; x_wconf 83' lang='lat' dir='ltr'><strong>tibi</strong></span> <span class='ocrx_word' id='word_1_189' title='bbox 3087 1494 3185 1547; x_wconf 84' lang='lat' dir='ltr'><strong>viri</strong></span> <span class='ocrx_word' id='word_1_190' title='bbox 3211 1495 3423 1564; x_wconf 80' lang='lat' dir='ltr'><strong>paciﬁci</strong></span> <span class='ocrx_word' id='word_1_191' title='bbox 3455 1498 3556 1562; x_wconf 85' lang='lat' dir='ltr'><strong>tui,</strong></span> 
     </span>
    </p>
   </div>
   <div class='ocr_carea' id='block_1_30' title="bbox 1976 1576 3558 1648">
    <p class='ocr_par' dir='ltr' id='par_1_30' title="bbox 1976 1576 3558 1648">
     <span class='ocr_line' id='line_1_30' title="bbox 1976 1576 3558 1648; baseline 0.008 -18"><span class='ocrx_word' id='word_1_192' title='bbox 1976 1576 2027 1631; x_wconf 85' lang='lat' dir='ltr'><strong>et</strong></span> <span class='ocrx_word' id='word_1_193' title='bbox 2045 1594 2148 1632; x_wconf 83' lang='lat' dir='ltr'><strong>non</strong></span> <span class='ocrx_word' id='word_1_194' title='bbox 2179 1579 2531 1647; x_wconf 73' lang='lat' dir='ltr'><strong>prmcalebunt</strong></span> <span class='ocrx_word' id='word_1_195' title='bbox 2564 1582 2616 1635; x_wconf 89' lang='lat' dir='ltr'><strong>in</strong></span> <span class='ocrx_word' id='word_1_196' title='bbox 2637 1583 2936 1639; x_wconf 83' lang='lat' dir='ltr'><strong>lubricitate</strong></span> <span class='ocrx_word' id='word_1_197' title='bbox 2958 1585 3105 1647; x_wconf 69' lang='lat' dir='ltr'><strong>pedis</strong></span> <span class='ocrx_word' id='word_1_198' title='bbox 3128 1587 3227 1648; x_wconf 88' lang='lat' dir='ltr'><strong>tui,</strong></span> <span class='ocrx_word' id='word_1_199' title='bbox 3255 1596 3304 1640; x_wconf 86' lang='lat' dir='ltr'><strong>et</strong></span> <span class='ocrx_word' id='word_1_200' title='bbox 3320 1594 3558 1642; x_wconf 76' lang='lat' dir='ltr'><strong>averten-</strong></span> 
     </span>
    </p>
   </div>
   <div class='ocr_carea' id='block_1_31' title="bbox 1977 1675 2212 1722">
    <p class='ocr_par' dir='ltr' id='par_1_31' title="bbox 1977 1675 2212 1722">
     <span class='ocr_line' id='line_1_31' title="bbox 1977 1675 2212 1722; baseline 0 -2"><span class='ocrx_word' id='word_1_201' title='bbox 1977 1677 2065 1720; x_wconf 84' lang='lat' dir='ltr'><strong>tur</strong></span> <span class='ocrx_word' id='word_1_202' title='bbox 2084 1684 2116 1722; x_wconf 89' lang='lat' dir='ltr'><strong>a</strong></span> <span class='ocrx_word' id='word_1_203' title='bbox 2141 1675 2212 1720; x_wconf 82' lang='lat' dir='ltr'><strong>te.</strong></span> 
     </span>
    </p>
   </div>
   <div class='ocr_carea' id='block_1_32' title="bbox 367 1822 1878 1928">
    <p class='ocr_par' dir='ltr' id='par_1_32' title="bbox 367 1853 1875 1926">
     <span class='ocr_line' id='line_1_32' title="bbox 367 1853 1875 1926; baseline -0.001 -18"><span class='ocrx_word' id='word_1_204' title='bbox 367 1854 680 1920; x_wconf 80' lang='grc' dir='ltr'><em>Τουτέστιν,</em></span> <span class='ocrx_word' id='word_1_205' title='bbox 697 1853 1054 1926; x_wconf 75' lang='grc' dir='ltr'><em>’Υφεστὼσης</em></span> <span class='ocrx_word' id='word_1_206' title='bbox 1073 1855 1174 1926; x_wconf 85' lang='grc' dir='ltr'><em>τῆς</em></span> <span class='ocrx_word' id='word_1_207' title='bbox 1187 1854 1586 1922; x_wconf 84' lang='grc' dir='ltr'><em>ἁλώσεως,τότε</em></span> <span class='ocrx_word' id='word_1_208' title='bbox 1607 1855 1875 1926; x_wconf 82' lang='grc' dir='ltr'><em>ὁμολογή-</em></span> 
     </span>
    </p>
   </div>
   <div class='ocr_carea' id='block_1_33' title="bbox 1989 1822 3562 1928">
    <p class='ocr_par' dir='ltr' id='par_1_33' title="bbox 2049 1855 3562 1928">
     <span class='ocr_line' id='line_1_33' title="bbox 2049 1855 3562 1928; baseline 0.007 -18"><span class='ocrx_word' id='word_1_209' title='bbox 2049 1855 2163 1911; x_wconf 80' lang='lat' dir='ltr'><strong>Hoc</strong></span> <span class='ocrx_word' id='word_1_210' title='bbox 2185 1865 2291 1922; x_wconf 89' lang='lat' dir='ltr'><strong>est,</strong></span> <span class='ocrx_word' id='word_1_211' title='bbox 2323 1871 2445 1912; x_wconf 90' lang='lat' dir='ltr'><strong>cum</strong></span> <span class='ocrx_word' id='word_1_212' title='bbox 2479 1859 2636 1913; x_wconf 91' lang='lat' dir='ltr'><strong>ruina</strong></span> <span class='ocrx_word' id='word_1_213' title='bbox 2664 1858 2777 1928; x_wconf 81' lang='lat' dir='ltr'><strong>jam</strong></span> <span class='ocrx_word' id='word_1_214' title='bbox 2813 1861 3118 1928; x_wconf 89' lang='lat' dir='ltr'><strong>immineat,</strong></span> <span class='ocrx_word' id='word_1_215' title='bbox 3173 1873 3302 1918; x_wconf 89' lang='lat' dir='ltr'><strong>tunc</strong></span> <span class='ocrx_word' id='word_1_216' title='bbox 3349 1877 3562 1920; x_wconf 84' lang='lat' dir='ltr'><strong>sermo-</strong></span> 
     </span>
    </p>
   </div>
   <div class='ocr_carea' id='block_1_34' title="bbox 298 1946 1876 2019">
    <p class='ocr_par' dir='ltr' id='par_1_34' title="bbox 298 1946 1876 2019">
     <span class='ocr_line' id='line_1_34' title="bbox 298 1946 1876 2019; baseline 0 -19"><span class='ocrx_word' id='word_1_217' title='bbox 298 1965 455 2001; x_wconf 88' lang='grc' dir='ltr'><em>σουσι</em></span> <span class='ocrx_word' id='word_1_218' title='bbox 495 1947 603 2000; x_wconf 85' lang='grc' dir='ltr'><em>τῶν</em></span> <span class='ocrx_word' id='word_1_219' title='bbox 639 1947 792 2017; x_wconf 81' lang='grc' dir='ltr'><strong>ὲμῶν</strong></span> <span class='ocrx_word' id='word_1_220' title='bbox 834 1947 1008 2016; x_wconf 87' lang='grc' dir='ltr'><em>λόγων</em></span> <span class='ocrx_word' id='word_1_221' title='bbox 1046 1947 1144 2019; x_wconf 80' lang='grc' dir='ltr'><strong>τὴν</strong></span> <span class='ocrx_word' id='word_1_222' title='bbox 1195 1946 1477 2018; x_wconf 85' lang='grc' dir='ltr'><em>ἀλήθειαν,</em></span> <span class='ocrx_word' id='word_1_223' title='bbox 1519 1949 1616 2001; x_wconf 75' lang='grc' dir='ltr'><strong>καὶ</strong></span> <span class='ocrx_word' id='word_1_224' title='bbox 1660 1947 1876 2014; x_wconf 81' lang='grc' dir='ltr'><em>λέξουσι</em></span> 
     </span>
    </p>
   </div>
   <div class='ocr_carea' id='block_1_35' title="bbox 297 2039 1877 2111">
    <p class='ocr_par' dir='ltr' id='par_1_35' title="bbox 297 2039 1877 2111">
     <span class='ocr_line' id='line_1_35' title="bbox 297 2039 1877 2111; baseline -0.002 -17"><span class='ocrx_word' id='word_1_225' title='bbox 297 2041 435 2111; x_wconf 75' lang='grc' dir='ltr'><em>πρὸς</em></span> <span class='ocrx_word' id='word_1_226' title='bbox 459 2039 540 2104; x_wconf 76' lang='grc' dir='ltr'><em>σὲ,</em></span> <span class='ocrx_word' id='word_1_227' title='bbox 572 2041 649 2103; x_wconf 83' lang='grc' dir='ltr'><em>ὡς</em></span> <span class='ocrx_word' id='word_1_228' title='bbox 694 2041 744 2093; x_wconf 81' lang='grc' dir='ltr'><em>οἰ</em></span> <span class='ocrx_word' id='word_1_229' title='bbox 791 2040 892 2108; x_wconf 79' lang='grc' dir='ltr'><em>τὴν</em></span> <span class='ocrx_word' id='word_1_230' title='bbox 929 2041 1155 2110; x_wconf 81' lang='grc' dir='ltr'>εἰρήνην</span> <span class='ocrx_word' id='word_1_231' title='bbox 1191 2056 1272 2093; x_wconf 89' lang='grc' dir='ltr'><strong>σοι</strong></span> <span class='ocrx_word' id='word_1_232' title='bbox 1326 2039 1737 2110; x_wconf 86' lang='grc' dir='ltr'><em>προμηνύοντες</em></span> <span class='ocrx_word' id='word_1_233' title='bbox 1770 2039 1877 2109; x_wconf 61' lang='grc' dir='ltr'><strong>μά-</strong></span> 
     </span>
    </p>
   </div>
   <div class='ocr_carea' id='block_1_36' title="bbox 294 2129 1874 2203">
    <p class='ocr_par' dir='ltr' id='par_1_36' title="bbox 294 2129 1874 2203">
     <span class='ocr_line' id='line_1_36' title="bbox 294 2129 1874 2203; baseline -0.003 -17"><span class='ocrx_word' id='word_1_234' title='bbox 294 2149 398 2203; x_wconf 83' lang='grc' dir='ltr'><em>την</em></span> <span class='ocrx_word' id='word_1_235' title='bbox 425 2132 744 2203; x_wconf 73' lang='grc' dir='ltr'><em>ἠπάτησαν,</em></span> <span class='ocrx_word' id='word_1_236' title='bbox 781 2130 1125 2202; x_wconf 75' lang='grc' dir='ltr'><strong>ἰσχυρότερον</strong></span> <span class='ocrx_word' id='word_1_237' title='bbox 1164 2130 1390 2184; x_wconf 77' lang='grc' dir='ltr'><strong>ἐκείνων</strong></span> <span class='ocrx_word' id='word_1_238' title='bbox 1434 2131 1525 2183; x_wconf 83' lang='grc' dir='ltr'><em>τὸν</em></span> <span class='ocrx_word' id='word_1_239' title='bbox 1567 2131 1741 2198; x_wconf 88' lang='grc' dir='ltr'><em>λόγων</em></span> <span class='ocrx_word' id='word_1_240' title='bbox 1779 2129 1874 2182; x_wconf 80' lang='grc' dir='ltr'><em>σοῦ</em></span> 
     </span>
    </p>
   </div>
   <div class='ocr_carea' id='block_1_37' title="bbox 297 2220 1873 2292">
    <p class='ocr_par' dir='ltr' id='par_1_37' title="bbox 297 2220 1873 2292">
     <span class='ocr_line' id='line_1_37' title="bbox 297 2220 1873 2292; baseline -0.001 -18"><span class='ocrx_word' id='word_1_241' title='bbox 297 2225 648 2291; x_wconf 87' lang='grc' dir='ltr'><em>νενομικότος</em></span> <span class='ocrx_word' id='word_1_242' title='bbox 685 2222 798 2276; x_wconf 85' lang='grc' dir='ltr'><em>τῶν</em></span> <span class='ocrx_word' id='word_1_243' title='bbox 838 2222 969 2291; x_wconf 89' lang='grc' dir='ltr'><em>παρ’</em></span> <span class='ocrx_word' id='word_1_244' title='bbox 1011 2221 1149 2292; x_wconf 76' lang='grc' dir='ltr'><em>ἐμοῦ</em></span> <span class='ocrx_word' id='word_1_245' title='bbox 1192 2239 1274 2274; x_wconf 90' lang='grc' dir='ltr'><strong>σοι</strong></span> <span class='ocrx_word' id='word_1_246' title='bbox 1316 2220 1647 2292; x_wconf 83' lang='grc' dir='ltr'><em>λεγομένων.</em></span> <span class='ocrx_word' id='word_1_247' title='bbox 1685 2221 1758 2276; x_wconf 78' lang='grc' dir='ltr'><strong>Τὸ</strong></span> <span class='ocrx_word' id='word_1_248' title='bbox 1796 2220 1873 2287; x_wconf 79' lang='grc' dir='ltr'><em>δὲ,</em></span> 
     </span>
    </p>
   </div>
   <div class='ocr_carea' id='block_1_38' title="bbox 299 2312 1874 2384">
    <p class='ocr_par' dir='ltr' id='par_1_38' title="bbox 299 2312 1874 2384">
     <span class='ocr_line' id='line_1_38' title="bbox 299 2312 1874 2384; baseline -0.003 -14"><span class='ocrx_word' id='word_1_249' title='bbox 299 2316 373 2370; x_wconf 82' lang='grc' dir='ltr'><em>ἐν</em></span> <span class='ocrx_word' id='word_1_250' title='bbox 402 2315 758 2384; x_wconf 80' lang='grc' dir='ltr'><em>ὁλισθήματι</em></span> <span class='ocrx_word' id='word_1_251' title='bbox 789 2313 972 2380; x_wconf 85' lang='grc' dir='ltr'><em>ποδός</em></span> <span class='ocrx_word' id='word_1_252' title='bbox 1007 2329 1146 2379; x_wconf 91' lang='grc' dir='ltr'><em>σου,</em></span> <span class='ocrx_word' id='word_1_253' title='bbox 1171 2314 1440 2378; x_wconf 83' lang='grc' dir='ltr'><em>τουτέστι,</em></span> <span class='ocrx_word' id='word_1_254' title='bbox 1476 2312 1874 2384; x_wconf 76' lang='grc' dir='ltr'><em>Παρατρέψαν-</em></span> 
     </span>
    </p>
   </div>
   <div class='ocr_carea' id='block_1_39' title="bbox 297 2403 1876 2478">
    <p class='ocr_par' dir='ltr' id='par_1_39' title="bbox 297 2403 1876 2478">
     <span class='ocr_line' id='line_1_39' title="bbox 297 2403 1876 2478; baseline -0.001 -20"><span class='ocrx_word' id='word_1_255' title='bbox 297 2406 390 2469; x_wconf 82' lang='grc' dir='ltr'><strong>τές</strong></span> <span class='ocrx_word' id='word_1_256' title='bbox 424 2424 518 2460; x_wconf 91' lang='grc' dir='ltr'><strong>σου</strong></span> <span class='ocrx_word' id='word_1_257' title='bbox 539 2407 640 2478; x_wconf 79' lang='grc' dir='ltr'><em>τὴν</em></span> <span class='ocrx_word' id='word_1_258' title='bbox 675 2407 768 2458; x_wconf 76' lang='grc' dir='ltr'><strong>ἐπὶ</strong></span> <span class='ocrx_word' id='word_1_259' title='bbox 788 2408 902 2470; x_wconf 80' lang='grc' dir='ltr'><em>τοῖς</em></span> <span class='ocrx_word' id='word_1_260' title='bbox 933 2403 1154 2475; x_wconf 86' lang='grc' dir='ltr'><em>ἀληθῶς</em></span> <span class='ocrx_word' id='word_1_261' title='bbox 1195 2403 1509 2475; x_wconf 82' lang='grc' dir='ltr'><em>λεγομένοις</em></span> <span class='ocrx_word' id='word_1_262' title='bbox 1559 2405 1764 2457; x_wconf 87' lang='grc' dir='ltr'><em>πίστιν.</em></span> <span class='ocrx_word' id='word_1_263' title='bbox 1802 2404 1876 2457; x_wconf 81' lang='grc' dir='ltr'>Τὸ</span> 
     </span>
    </p>
   </div>
   <div class='ocr_carea' id='block_1_40' title="bbox 297 2497 1875 2568">
    <p class='ocr_par' dir='ltr' id='par_1_40' title="bbox 297 2497 1875 2568">
     <span class='ocr_line' id='line_1_40' title="bbox 297 2497 1875 2568; baseline 0 -18"><span class='ocrx_word' id='word_1_264' title='bbox 297 2497 379 2560; x_wconf 85' lang='grc' dir='ltr'><em>δὲ,</em></span> <span class='ocrx_word' id='word_1_265' title='bbox 427 2499 536 2553; x_wconf 97' lang='lat' dir='ltr'><strong>Kal</strong></span> <span class='ocrx_word' id='word_1_266' title='bbox 596 2499 1101 2568; x_wconf 74' lang='grc' dir='ltr'><em>ἀποστρέψουσιν</em></span> <span class='ocrx_word' id='word_1_267' title='bbox 1158 2497 1279 2552; x_wconf 83' lang='grc' dir='ltr'><em>ἀπὸ</em></span> <span class='ocrx_word' id='word_1_268' title='bbox 1333 2497 1451 2552; x_wconf 89' lang='grc' dir='ltr'><em>σοῦ</em></span> <span class='ocrx_word' id='word_1_269' title='bbox 1479 2537 1494 2563; x_wconf 93' lang='grc'><strong>,</strong></span> <span class='ocrx_word' id='word_1_270' title='bbox 1553 2497 1832 2551; x_wconf 81' lang='grc' dir='ltr'><strong>τουτέστιν</strong></span> <span class='ocrx_word' id='word_1_271' title='bbox 1859 2535 1875 2562; x_wconf 89' lang='grc'><strong>,</strong></span> 
     </span>
    </p>
   </div>
   <div class='ocr_carea' id='block_1_41' title="bbox 296 2589 1878 2662">
    <p class='ocr_par' dir='ltr' id='par_1_41' title="bbox 296 2589 1878 2662">
     <span class='ocr_line' id='line_1_41' title="bbox 296 2589 1878 2662; baseline 0 -19"><span class='ocrx_word' id='word_1_272' title='bbox 296 2590 647 2659; x_wconf 74' lang='grc' dir='ltr'><em>Αἰχμάλωτοι</em></span> <span class='ocrx_word' id='word_1_273' title='bbox 689 2589 1003 2660; x_wconf 82' lang='grc' dir='ltr'><strong>ληφθεῖσαι,</strong></span> <span class='ocrx_word' id='word_1_274' title='bbox 1033 2589 1470 2662; x_wconf 83' lang='grc' dir='ltr'><em>ἀπαχθήσονται,</em></span> <span class='ocrx_word' id='word_1_275' title='bbox 1525 2589 1623 2646; x_wconf 78' lang='grc' dir='ltr'><strong>καὶ</strong></span> <span class='ocrx_word' id='word_1_276' title='bbox 1663 2589 1878 2653; x_wconf 80' lang='grc' dir='ltr'><em>οὐδενὸς</em></span> 
     </span>
    </p>
   </div>
   <div class='ocr_carea' id='block_1_42' title="bbox 293 2675 1239 2746">
    <p class='ocr_par' dir='ltr' id='par_1_42' title="bbox 293 2675 1239 2746">
     <span class='ocr_line' id='line_1_42' title="bbox 293 2675 1239 2746; baseline 0 -11"><span class='ocrx_word' id='word_1_277' title='bbox 293 2681 654 2746; x_wconf 82' lang='grc' dir='ltr'><em>ἀπολαύσεις,</em></span> <span class='ocrx_word' id='word_1_278' title='bbox 687 2675 762 2734; x_wconf 83' lang='grc' dir='ltr'><strong>ὧν</strong></span> <span class='ocrx_word' id='word_1_279' title='bbox 789 2679 886 2734; x_wconf 83' lang='grc' dir='ltr'><strong>νῦν</strong></span> <span class='ocrx_word' id='word_1_280' title='bbox 919 2681 1239 2744; x_wconf 86' lang='grc' dir='ltr'><em>ἀπολαύεις.</em></span> 
     </span>
    </p>
   </div>
   <div class='ocr_carea' id='block_1_43' title="bbox 369 2768 896 2836">
    <p class='ocr_par' dir='ltr' id='par_1_43' title="bbox 369 2768 896 2836">
     <span class='ocr_line' id='line_1_43' title="bbox 369 2768 896 2836; baseline 0 -10"><span class='ocrx_word' id='word_1_281' title='bbox 369 2771 483 2826; x_wconf 81' lang='grc' dir='ltr'><em>Καὶ</em></span> <span class='ocrx_word' id='word_1_282' title='bbox 506 2768 682 2825; x_wconf 78' lang='grc' dir='ltr'><em>εἶπεν</em></span> <span class='ocrx_word' id='word_1_283' title='bbox 713 2770 896 2836; x_wconf 86' lang='grc' dir='ltr'><em>αὐτῷ.</em></span> 
     </span>
    </p>
   </div>
   <div class='ocr_carea' id='block_1_44' title="bbox 369 2863 1575 2936">
    <p class='ocr_par' dir='ltr' id='par_1_44' title="bbox 369 2863 1575 2936">
     <span class='ocr_line' id='line_1_44' title="bbox 369 2863 1575 2936; baseline 0.002 -18"><span class='ocrx_word' id='word_1_284' title='bbox 369 2865 486 2918; x_wconf 76' lang='grc' dir='ltr'><strong>Καὶ</strong></span> <span class='ocrx_word' id='word_1_285' title='bbox 523 2863 633 2935; x_wconf 81' lang='grc' dir='ltr'><em>μὴν</em></span> <span class='ocrx_word' id='word_1_286' title='bbox 662 2865 834 2936; x_wconf 75' lang='grc' dir='ltr'>χωρὶς</span> <span class='ocrx_word' id='word_1_287' title='bbox 870 2863 1294 2935; x_wconf 81' lang='grc' dir='ltr'><em>προσδιορισμοῦ</em></span> <span class='ocrx_word' id='word_1_288' title='bbox 1333 2865 1575 2936; x_wconf 75' lang='grc' dir='ltr'><em>ὤμοσας.</em></span> 
     </span>
    </p>
   </div>
   <div class='ocr_carea' id='block_1_45' title="bbox 872 2979 1279 3035">
    <p class='ocr_par' dir='ltr' id='par_1_45' title="bbox 872 2979 1279 3035">
     <span class='ocr_line' id='line_1_45' title="bbox 872 2979 1279 3035; baseline 0.007 -3"><span class='ocrx_word' id='word_1_289' title='bbox 872 2979 1126 3032; x_wconf 79' lang='grc' dir='ltr'><strong>ΚΕΦΑΛ.</strong></span> <span class='ocrx_word' id='word_1_290' title='bbox 1157 2981 1279 3035; x_wconf 88' lang='grc' dir='ltr'><strong>ΛΘ’.</strong></span> 
     </span>
    </p>
   </div>
   <div class='ocr_carea' id='block_1_46' title="bbox 370 3089 1880 3153">
    <p class='ocr_par' dir='ltr' id='par_1_46' title="bbox 370 3089 1880 3153">
     <span class='ocr_line' id='line_1_46' title="bbox 370 3089 1880 3153; baseline 0.005 -10"><span class='ocrx_word' id='word_1_291' title='bbox 370 3097 380 3114; x_wconf 60' lang='grc' dir='ltr'><strong>ι</strong></span> <span class='ocrx_word' id='word_1_292' title='bbox 421 3090 534 3145; x_wconf 88' lang='lat' dir='ltr'><strong>Kal</strong></span> <span class='ocrx_word' id='word_1_293' title='bbox 571 3089 902 3147; x_wconf 73' lang='grc' dir='ltr'><em>κατέλαϐον</em></span> <span class='ocrx_word' id='word_1_294' title='bbox 929 3093 1037 3147; x_wconf 81' lang='grc' dir='ltr'><em>τὸν</em></span> <span class='ocrx_word' id='word_1_295' title='bbox 1077 3095 1360 3150; x_wconf 73' lang='grc' dir='ltr'><strong>Σεδεκίαν</strong></span> <span class='ocrx_word' id='word_1_296' title='bbox 1400 3097 1470 3150; x_wconf 83' lang='grc' dir='ltr'><em>ἐν</em></span> <span class='ocrx_word' id='word_1_297' title='bbox 1521 3095 1740 3153; x_wconf 79' lang='grc' dir='ltr'><em>Ῥαϐὼο</em></span> <span class='ocrx_word' id='word_1_298' title='bbox 1785 3097 1880 3152; x_wconf 88' lang='grc' dir='ltr'><strong>ἰε-</strong></span> 
     </span>
    </p>
   </div>
   <div class='ocr_carea' id='block_1_47' title="bbox 288 3181 463 3252">
    <p class='ocr_par' dir='ltr' id='par_1_47' title="bbox 288 3181 463 3252">
     <span class='ocr_line' id='line_1_47' title="bbox 288 3181 463 3252; baseline 0.006 -16"><span class='ocrx_word' id='word_1_299' title='bbox 288 3181 463 3252; x_wconf 81' lang='grc' dir='ltr'><em>ριχώ.</em></span> 
     </span>
    </p>
   </div>
   <div class='ocr_carea' id='block_1_48' title="bbox 371 3274 1692 3351">
    <p class='ocr_par' dir='ltr' id='par_1_48' title="bbox 371 3274 1692 3351">
     <span class='ocr_line' id='line_1_48' title="bbox 371 3274 1692 3351; baseline 0.007 -24"><span class='ocrx_word' id='word_1_300' title='bbox 371 3274 684 3340; x_wconf 81' lang='grc' dir='ltr'><em>Τουτὲστιν,</em></span> <span class='ocrx_word' id='word_1_301' title='bbox 716 3276 774 3330; x_wconf 82' lang='grc' dir='ltr'><strong>ὲν</strong></span> <span class='ocrx_word' id='word_1_302' title='bbox 804 3278 871 3347; x_wconf 80' lang='grc' dir='ltr'><em>τῇ</em></span> <span class='ocrx_word' id='word_1_303' title='bbox 903 3277 1117 3332; x_wconf 83' lang='grc' dir='ltr'><strong>πεδιάδι</strong></span> <span class='ocrx_word' id='word_1_304' title='bbox 1141 3279 1242 3348; x_wconf 82' lang='grc' dir='ltr'><em>τῆς</em></span> <span class='ocrx_word' id='word_1_305' title='bbox 1278 3279 1692 3351; x_wconf 82' lang='grc' dir='ltr'><em>Ἱερουχοῦντος.</em></span> 
     </span>
    </p>
   </div>
   <div class='ocr_carea' id='block_1_49' title="bbox 374 3366 1883 3443">
    <p class='ocr_par' dir='ltr' id='par_1_49' title="bbox 374 3366 1883 3443">
     <span class='ocr_line' id='line_1_49' title="bbox 374 3366 1883 3443; baseline 0.006 -24"><span class='ocrx_word' id='word_1_306' title='bbox 374 3367 392 3385; x_wconf 80' lang='grc'>⁶</span> <span class='ocrx_word' id='word_1_307' title='bbox 414 3366 524 3420; x_wconf 86' lang='lat' dir='ltr'><strong>Kal</strong></span> <span class='ocrx_word' id='word_1_308' title='bbox 544 3366 775 3420; x_wconf 70' lang='grc' dir='ltr'><em>ἔδωκαν</em></span> <span class='ocrx_word' id='word_1_309' title='bbox 796 3367 984 3420; x_wconf 86' lang='grc' dir='ltr'><em>αὑτὸν</em></span> <span class='ocrx_word' id='word_1_310' title='bbox 1005 3369 1156 3436; x_wconf 80' lang='grc' dir='ltr'><em>πρὸς</em></span> <span class='ocrx_word' id='word_1_311' title='bbox 1173 3370 1473 3425; x_wconf 84' lang='grc' dir='ltr'><em>Γοδολίαν</em></span> <span class='ocrx_word' id='word_1_312' title='bbox 1494 3372 1627 3426; x_wconf 78' lang='grc' dir='ltr'><em>υἱὸν</em></span> <span class='ocrx_word' id='word_1_313' title='bbox 1645 3372 1883 3443; x_wconf 80' lang='grc' dir='ltr'><em>Ὰχικίιμ</em></span> 
     </span>
    </p>
   </div>
   <div class='ocr_carea' id='block_1_50' title="bbox 302 3456 1882 3534">
    <p class='ocr_par' dir='ltr' id='par_1_50' title="bbox 302 3456 1882 3534">
     <span class='ocr_line' id='line_1_50' title="bbox 302 3456 1882 3534; baseline 0.004 -24"><span class='ocrx_word' id='word_1_314' title='bbox 302 3457 440 3511; x_wconf 72' lang='grc' dir='ltr'><em>υἱοῦ</em></span> <span class='ocrx_word' id='word_1_315' title='bbox 471 3456 706 3526; x_wconf 63' lang='grc' dir='ltr'><em>Σαρὰμ,</em></span> <span class='ocrx_word' id='word_1_316' title='bbox 744 3457 844 3511; x_wconf 87' lang='grc' dir='ltr'><strong>καί</strong></span> <span class='ocrx_word' id='word_1_317' title='bbox 879 3457 1179 3528; x_wconf 78' lang='grc' dir='ltr'><strong>ἐξήγαγον</strong></span> <span class='ocrx_word' id='word_1_318' title='bbox 1203 3460 1391 3517; x_wconf 84' lang='grc' dir='ltr'><em>αὑτὸν</em></span> <span class='ocrx_word' id='word_1_319' title='bbox 1423 3465 1513 3530; x_wconf 86' lang='grc' dir='ltr'><strong>εἰς</strong></span> <span class='ocrx_word' id='word_1_320' title='bbox 1541 3465 1750 3534; x_wconf 65' lang='grc' dir='ltr'><em>Σαίρίς,</em></span> <span class='ocrx_word' id='word_1_321' title='bbox 1782 3464 1882 3519; x_wconf 78' lang='grc' dir='ltr'><em>καὶ</em></span> 
     </span>
    </p>
   </div>
   <div class='ocr_carea' id='block_1_51' title="bbox 304 3544 1212 3616">
    <p class='ocr_par' dir='ltr' id='par_1_51' title="bbox 304 3544 1212 3616">
     <span class='ocr_line' id='line_1_51' title="bbox 304 3544 1212 3616; baseline 0.006 -18"><span class='ocrx_word' id='word_1_322' title='bbox 304 3544 589 3600; x_wconf 81' lang='grc' dir='ltr'><em>ἐκάθισεν</em></span> <span class='ocrx_word' id='word_1_323' title='bbox 619 3546 875 3616; x_wconf 80' lang='grc' dir='ltr'><em>ἐνμέσῳ</em></span> <span class='ocrx_word' id='word_1_324' title='bbox 904 3549 1010 3602; x_wconf 82' lang='grc' dir='ltr'><em>τοῦ</em></span> <span class='ocrx_word' id='word_1_325' title='bbox 1041 3551 1212 3605; x_wconf 86' lang='grc' dir='ltr'><em>λαοῦ.</em></span> 
     </span>
    </p>
   </div>
   <div class='ocr_carea' id='block_1_52' title="bbox 382 3639 961 3710">
    <p class='ocr_par' dir='ltr' id='par_1_52' title="bbox 382 3639 961 3710">
     <span class='ocr_line' id='line_1_52' title="bbox 382 3639 961 3710; baseline 0.009 -20"><span class='ocrx_word' id='word_1_326' title='bbox 382 3639 553 3708; x_wconf 76' lang='grc' dir='ltr'><em>Σαφὶς</em></span> <span class='ocrx_word' id='word_1_327' title='bbox 585 3641 756 3710; x_wconf 71' lang='grc' dir='ltr'><em>ὄνομα</em></span> <span class='ocrx_word' id='word_1_328' title='bbox 777 3640 961 3695; x_wconf 78' lang='grc' dir='ltr'><em>τόπου.</em></span> 
     </span>
    </p>
   </div>
   <div class='ocr_carea' id='block_1_53' title="bbox 381 3732 901 3789">
    <p class='ocr_par' dir='ltr' id='par_1_53' title="bbox 381 3732 901 3789">
     <span class='ocr_line' id='line_1_53' title="bbox 381 3732 901 3789; baseline 0.013 -7"><span class='ocrx_word' id='word_1_329' title='bbox 381 3734 428 3782; x_wconf 88' lang='grc' dir='ltr'><em>Κ</em></span> <span class='ocrx_word' id='word_1_330' title='bbox 430 3732 488 3784; x_wconf 87' lang='grc' dir='ltr'><em>αἰ</em></span> <span class='ocrx_word' id='word_1_331' title='bbox 517 3733 901 3789; x_wconf 83' lang='grc' dir='ltr'><em>ἀπέστειλαν.</em></span> 
     </span>
    </p>
   </div>
   <div class='ocr_carea' id='block_1_54' title="bbox 384 3815 1877 3898">
    <p class='ocr_par' dir='ltr' id='par_1_54' title="bbox 384 3815 1877 3898">
     <span class='ocr_line' id='line_1_54' title="bbox 384 3815 1877 3898; baseline 0.006 -28"><span class='ocrx_word' id='word_1_332' title='bbox 384 3821 497 3872; x_wconf 75' lang='grc' dir='ltr'><strong>Καὶ</strong></span> <span class='ocrx_word' id='word_1_333' title='bbox 531 3822 708 3891; x_wconf 81' lang='grc' dir='ltr'><em>οἱμὲν</em></span> <span class='ocrx_word' id='word_1_334' title='bbox 753 3824 1004 3895; x_wconf 81' lang='grc' dir='ltr'><em>πολέμιοι</em></span> <span class='ocrx_word' id='word_1_335' title='bbox 1046 3825 1277 3880; x_wconf 81' lang='grc' dir='ltr'><em>δεθέντα</em></span> <span class='ocrx_word' id='word_1_336' title='bbox 1316 3829 1407 3878; x_wconf 76' lang='grc' dir='ltr'><em>τὸν</em></span> <span class='ocrx_word' id='word_1_337' title='bbox 1445 3815 1731 3898; x_wconf 66' lang='grc' dir='ltr'><em>προφήτην</em></span> <span class='ocrx_word' id='word_1_338' title='bbox 1776 3827 1877 3880; x_wconf 75' lang='grc' dir='ltr'><strong>υπδ</strong></span> 
     </span>
    </p>
   </div>
   <div class='ocr_carea' id='block_1_55' title="bbox 313 3910 1880 3988">
    <p class='ocr_par' dir='ltr' id='par_1_55' title="bbox 313 3910 1880 3988">
     <span class='ocr_line' id='line_1_55' title="bbox 313 3910 1880 3988; baseline 0.007 -28"><span class='ocrx_word' id='word_1_339' title='bbox 313 3910 424 3962; x_wconf 86' lang='grc' dir='ltr'><em>τῶν</em></span> <span class='ocrx_word' id='word_1_340' title='bbox 456 3911 668 3964; x_wconf 83' lang='grc' dir='ltr'><strong>οἰκείων</strong></span> <span class='ocrx_word' id='word_1_341' title='bbox 698 3913 926 3978; x_wconf 84' lang='grc' dir='ltr'><em>λύουσι,</em></span> <span class='ocrx_word' id='word_1_342' title='bbox 977 3917 1072 3969; x_wconf 72' lang='grc' dir='ltr'><strong>καὶ</strong></span> <span class='ocrx_word' id='word_1_343' title='bbox 1109 3917 1300 3987; x_wconf 76' lang='grc' dir='ltr'><em>κύριον</em></span> <span class='ocrx_word' id='word_1_344' title='bbox 1332 3918 1556 3986; x_wconf 78' lang='grc' dir='ltr'><em>ἀφιᾶσιν</em></span> <span class='ocrx_word' id='word_1_345' title='bbox 1598 3919 1719 3970; x_wconf 81' lang='grc' dir='ltr'><em>ὅποι</em></span> <span class='ocrx_word' id='word_1_346' title='bbox 1755 3918 1880 3988; x_wconf 85' lang='grc' dir='ltr'><em>βού-</em></span> 
     </span>
    </p>
   </div>
   <div class='ocr_carea' id='block_1_56' title="bbox 309 4003 1880 4079">
    <p class='ocr_par' dir='ltr' id='par_1_56' title="bbox 309 4003 1880 4079">
     <span class='ocr_line' id='line_1_56' title="bbox 309 4003 1880 4079; baseline 0.005 -25"><span class='ocrx_word' id='word_1_347' title='bbox 309 4003 459 4055; x_wconf 83' lang='grc' dir='ltr'><em>λοιτο</em></span> <span class='ocrx_word' id='word_1_348' title='bbox 505 4004 861 4077; x_wconf 83' lang='grc' dir='ltr'><em>πορευθῆναι.</em></span> <span class='ocrx_word' id='word_1_349' title='bbox 896 4009 958 4058; x_wconf 86' lang='lat' dir='ltr'><strong>Ol</strong></span> <span class='ocrx_word' id='word_1_350' title='bbox 1000 4007 1057 4060; x_wconf 81' lang='grc' dir='ltr'><em>δὲ</em></span> <span class='ocrx_word' id='word_1_351' title='bbox 1087 4010 1499 4079; x_wconf 82' lang='grc' dir='ltr'><em>τεσσαράκοντα</em></span> <span class='ocrx_word' id='word_1_352' title='bbox 1545 4009 1637 4077; x_wconf 78' lang='grc' dir='ltr'><strong>ἔτη</strong></span> <span class='ocrx_word' id='word_1_353' title='bbox 1683 4011 1880 4063; x_wconf 87' lang='grc' dir='ltr'><em>ἀπολε-</em></span> 
     </span>
    </p>
   </div>
   <div class='ocr_carea' id='block_1_57' title="bbox 325 4094 1882 4169">
    <p class='ocr_par' dir='ltr' id='par_1_57' title="bbox 325 4094 1882 4169">
     <span class='ocr_line' id='line_1_57' title="bbox 325 4094 1882 4169; baseline 0.006 -25"><span class='ocrx_word' id='word_1_354' title='bbox 325 4094 590 4156; x_wconf 81' lang='grc' dir='ltr'><em>λαυκότες</em></span> <span class='ocrx_word' id='word_1_355' title='bbox 620 4099 824 4165; x_wconf 74' lang='grc' dir='ltr'><em>φωνῆς,</em></span> <span class='ocrx_word' id='word_1_356' title='bbox 877 4098 936 4149; x_wconf 73' lang='grc' dir='ltr'><em>οὐ</em></span> <span class='ocrx_word' id='word_1_357' title='bbox 993 4100 1330 4164; x_wconf 81' lang='grc' dir='ltr'><em>συγγένειαν,</em></span> <span class='ocrx_word' id='word_1_358' title='bbox 1375 4098 1732 4169; x_wconf 50' lang='grc' dir='ltr'><em>ούηπατρίδα,</em></span> <span class='ocrx_word' id='word_1_359' title='bbox 1782 4100 1882 4154; x_wconf 79' lang='grc' dir='ltr'><strong>οὐκ</strong></span> 
     </span>
    </p>
   </div>
   <div class='ocr_carea' id='block_1_58' title="bbox 306 4185 1879 4261">
    <p class='ocr_par' dir='ltr' id='par_1_58' title="bbox 306 4185 1879 4261">
     <span class='ocr_line' id='line_1_58' title="bbox 306 4185 1879 4261; baseline 0.004 -23"><span class='ocrx_word' id='word_1_360' title='bbox 306 4185 442 4238; x_wconf 78' lang='grc' dir='ltr'><em>ἄλλο</em></span> <span class='ocrx_word' id='word_1_361' title='bbox 471 4185 812 4251; x_wconf 82' lang='grc' dir='ltr'><em>αἰδεσθέντες</em></span> <span class='ocrx_word' id='word_1_362' title='bbox 839 4189 1013 4253; x_wconf 76' lang='grc' dir='ltr'><em>οὐδὲν,</em></span> <span class='ocrx_word' id='word_1_363' title='bbox 1051 4188 1256 4258; x_wconf 84' lang='grc' dir='ltr'><em>θηρίων</em></span> <span class='ocrx_word' id='word_1_364' title='bbox 1292 4189 1618 4261; x_wconf 86' lang='grc' dir='ltr'><strong>ἀγριώτεροι</strong></span> <span class='ocrx_word' id='word_1_365' title='bbox 1654 4191 1879 4259; x_wconf 82' lang='grc' dir='ltr'><em>γεγόνα-</em></span> 
     </span>
    </p>
   </div>
   <div class='ocr_carea' id='block_1_59' title="bbox 306 4276 1881 4350">
    <p class='ocr_par' dir='ltr' id='par_1_59' title="bbox 306 4276 1881 4350">
     <span class='ocr_line' id='line_1_59' title="bbox 306 4276 1881 4350; baseline 0.004 -24"><span class='ocrx_word' id='word_1_366' title='bbox 306 4293 410 4328; x_wconf 86' lang='grc' dir='ltr'><em>σιν.</em></span> <span class='ocrx_word' id='word_1_367' title='bbox 441 4276 553 4328; x_wconf 87' lang='lat' dir='ltr'><strong>Kal</strong></span> <span class='ocrx_word' id='word_1_368' title='bbox 573 4277 695 4344; x_wconf 85' lang='grc' dir='ltr'><em>μετ’</em></span> <span class='ocrx_word' id='word_1_369' title='bbox 732 4277 906 4346; x_wconf 81' lang='grc' dir='ltr'><em>ὀλίγα</em></span> <span class='ocrx_word' id='word_1_370' title='bbox 925 4294 938 4307; x_wconf 82' lang='lat'>&#39;</span> <span class='ocrx_word' id='word_1_371' title='bbox 977 4278 1094 4330; x_wconf 82' lang='grc' dir='ltr'><strong>Ἵνα</strong></span> <span class='ocrx_word' id='word_1_372' title='bbox 1116 4279 1240 4330; x_wconf 85' lang='grc' dir='ltr'><em>ὅταν</em></span> <span class='ocrx_word' id='word_1_373' title='bbox 1267 4277 1378 4349; x_wconf 78' lang='grc' dir='ltr'><em>ἴδῃς</em></span> <span class='ocrx_word' id='word_1_374' title='bbox 1404 4281 1498 4332; x_wconf 74' lang='grc' dir='ltr'><strong>καὶ</strong></span> <span class='ocrx_word' id='word_1_375' title='bbox 1527 4279 1620 4331; x_wconf 75' lang='grc' dir='ltr'><strong>ἐπὶ</strong></span> <span class='ocrx_word' id='word_1_376' title='bbox 1645 4281 1881 4350; x_wconf 81' lang='grc' dir='ltr'><em>Χριστοῦ</em></span> 
     </span>
    </p>
   </div>
   <div class='ocr_carea' id='block_1_60' title="bbox 301 4365 1876 4439">
    <p class='ocr_par' dir='ltr' id='par_1_60' title="bbox 301 4365 1876 4439">
     <span class='ocr_line' id='line_1_60' title="bbox 301 4365 1876 4439; baseline 0.004 -21"><span class='ocrx_word' id='word_1_377' title='bbox 301 4365 464 4418; x_wconf 73' lang='grc' dir='ltr'><em>τοῦτο</em></span> <span class='ocrx_word' id='word_1_378' title='bbox 525 4367 836 4437; x_wconf 78' lang='grc' dir='ltr'><em>γενόμενον,</em></span> <span class='ocrx_word' id='word_1_379' title='bbox 917 4370 1320 4439; x_wconf 81' lang='grc' dir='ltr'><em>σταυρούμενον</em></span> <span class='ocrx_word' id='word_1_380' title='bbox 1401 4369 1506 4421; x_wconf 81' lang='grc' dir='ltr'><strong>ὑπὸ</strong></span> <span class='ocrx_word' id='word_1_381' title='bbox 1572 4370 1876 4435; x_wconf 77' lang='grc' dir='ltr'><em>Ἰουδαίων,</em></span> 
     </span>
    </p>
   </div>
   <div class='ocr_carea' id='block_1_61' title="bbox 303 4455 1881 4535">
    <p class='ocr_par' dir='ltr' id='par_1_61' title="bbox 303 4455 1881 4528">
     <span class='ocr_line' id='line_1_61' title="bbox 303 4455 1881 4528; baseline 0.006 -22"><span class='ocrx_word' id='word_1_382' title='bbox 303 4455 786 4526; x_wconf 78' lang='grc' dir='ltr'><em>προσκυνούμενον</em></span> <span class='ocrx_word' id='word_1_383' title='bbox 841 4457 897 4510; x_wconf 82' lang='grc' dir='ltr'><em>δὲ</em></span> <span class='ocrx_word' id='word_1_384' title='bbox 937 4459 1040 4510; x_wconf 77' lang='grc' dir='ltr'><strong>ὑπὸ</strong></span> <span class='ocrx_word' id='word_1_385' title='bbox 1086 4459 1276 4516; x_wconf 82' lang='grc' dir='ltr'><em>ὲθνῶν.</em></span> <span class='ocrx_word' id='word_1_386' title='bbox 1323 4460 1488 4528; x_wconf 80' lang='grc' dir='ltr'><em>μηδὲν</em></span> <span class='ocrx_word' id='word_1_387' title='bbox 1543 4459 1692 4525; x_wconf 78' lang='grc' dir='ltr'><em>ξένον</em></span> <span class='ocrx_word' id='word_1_388' title='bbox 1742 4459 1881 4515; x_wconf 78' lang='grc' dir='ltr'><em>εἶναι</em></span> 
     </span>
    </p>
   </div>
   <div class='ocr_carea' id='block_1_62' title="bbox 302 4533 1883 4623">
    <p class='ocr_par' dir='ltr' id='par_1_62' title="bbox 302 4533 1883 4623">
     <span class='ocr_line' id='line_1_62' title="bbox 302 4533 1883 4623; baseline 0.004 -24"><span class='ocrx_word' id='word_1_389' title='bbox 302 4546 570 4617; x_wconf 76' lang='grc' dir='ltr'><em>νομίσῃς,</em></span> <span class='ocrx_word' id='word_1_390' title='bbox 611 4548 745 4617; x_wconf 80' lang='grc' dir='ltr'><em>μηδὲ</em></span> <span class='ocrx_word' id='word_1_391' title='bbox 795 4533 1539 4623; x_wconf 17' lang='grc' dir='ltr'><em>θορυϐηθῇςξμηδὲίλέγῃς·</em></span> <span class='ocrx_word' id='word_1_392' title='bbox 1594 4551 1704 4605; x_wconf 69' lang='grc' dir='ltr'><strong>Καὶ</strong></span> <span class='ocrx_word' id='word_1_393' title='bbox 1765 4552 1883 4616; x_wconf 84' lang='grc' dir='ltr'><em>πῶς</em></span> 
     </span>
    </p>
   </div>
   <div class='ocr_carea' id='block_1_63' title="bbox 305 4639 1881 4716">
    <p class='ocr_par' dir='ltr' id='par_1_63' title="bbox 305 4639 1881 4716">
     <span class='ocr_line' id='line_1_63' title="bbox 305 4639 1881 4716; baseline 0.004 -24"><span class='ocrx_word' id='word_1_394' title='bbox 305 4639 376 4692; x_wconf 84' lang='grc' dir='ltr'>ἂν</span> <span class='ocrx_word' id='word_1_395' title='bbox 410 4639 524 4707; x_wconf 76' lang='grc' dir='ltr'><em>ἔχοι</em></span> <span class='ocrx_word' id='word_1_396' title='bbox 554 4641 734 4707; x_wconf 81' lang='grc' dir='ltr'><em>λόγον,</em></span> <span class='ocrx_word' id='word_1_397' title='bbox 775 4640 864 4694; x_wconf 78' lang='grc' dir='ltr'><em>τὸν</em></span> <span class='ocrx_word' id='word_1_398' title='bbox 896 4641 986 4693; x_wconf 74' lang='grc' dir='ltr'><strong>ἐπὶ</strong></span> <span class='ocrx_word' id='word_1_399' title='bbox 1020 4642 1266 4713; x_wconf 81' lang='grc' dir='ltr'><em>σωτηρίᾳ</em></span> <span class='ocrx_word' id='word_1_400' title='bbox 1298 4643 1392 4694; x_wconf 71' lang='grc' dir='ltr'><strong>καὶ</strong></span> <span class='ocrx_word' id='word_1_401' title='bbox 1440 4645 1742 4716; x_wconf 77' lang='grc' dir='ltr'><em>προστασίᾳ</em></span> <span class='ocrx_word' id='word_1_402' title='bbox 1774 4662 1881 4698; x_wconf 83' lang='grc' dir='ltr'><em>πα-</em></span> 
     </span>
    </p>
   </div>
   <div class='ocr_carea' id='block_1_64' title="bbox 313 4731 1568 4800">
    <p class='ocr_par' dir='ltr' id='par_1_64' title="bbox 313 4731 1568 4800">
     <span class='ocr_line' id='line_1_64' title="bbox 313 4731 1568 4800; baseline 0.008 -20"><span class='ocrx_word' id='word_1_403' title='bbox 313 4731 705 4800; x_wconf 83' lang='grc' dir='ltr'><em>ραγενόμενον,</em></span> <span class='ocrx_word' id='word_1_404' title='bbox 740 4733 1020 4796; x_wconf 84' lang='grc' dir='ltr'><em>τοσούτοις</em></span> <span class='ocrx_word' id='word_1_405' title='bbox 1054 4734 1317 4786; x_wconf 75' lang='grc' dir='ltr'><em>διαθειναι</em></span> <span class='ocrx_word' id='word_1_406' title='bbox 1359 4739 1568 4799; x_wconf 82' lang='grc' dir='ltr'><em>κακοῖς.</em></span> 
     </span>
    </p>
   </div>
   <div class='ocr_carea' id='block_1_65' title="bbox 379 4822 1021 4891">
    <p class='ocr_par' dir='ltr' id='par_1_65' title="bbox 379 4822 1021 4891">
     <span class='ocr_line' id='line_1_65' title="bbox 379 4822 1021 4891; baseline 0.005 -17"><span class='ocrx_word' id='word_1_407' title='bbox 379 4822 488 4874; x_wconf 88' lang='lat' dir='ltr'><strong>Kal</strong></span> <span class='ocrx_word' id='word_1_408' title='bbox 519 4824 591 4875; x_wconf 82' lang='grc' dir='ltr'><strong>οὺ</strong></span> <span class='ocrx_word' id='word_1_409' title='bbox 610 4822 696 4891; x_wconf 82' lang='grc' dir='ltr'><em>μὴ</em></span> <span class='ocrx_word' id='word_1_410' title='bbox 725 4823 897 4876; x_wconf 82' lang='grc' dir='ltr'><em>δώσω</em></span> <span class='ocrx_word' id='word_1_411' title='bbox 927 4839 1021 4878; x_wconf 88' lang='grc' dir='ltr'><strong>σε.</strong></span> 
     </span>
    </p>
   </div>
   <div class='ocr_carea' id='block_1_66' title="bbox 381 4913 1752 4985">
    <p class='ocr_par' dir='ltr' id='par_1_66' title="bbox 381 4913 1752 4985">
     <span class='ocr_line' id='line_1_66' title="bbox 381 4913 1752 4985; baseline 0.003 -18"><span class='ocrx_word' id='word_1_412' title='bbox 381 4915 456 4967; x_wconf 82' lang='grc' dir='ltr'><strong>Οὐ</strong></span> <span class='ocrx_word' id='word_1_413' title='bbox 488 4914 595 4983; x_wconf 81' lang='grc' dir='ltr'><strong>γὰρ</strong></span> <span class='ocrx_word' id='word_1_414' title='bbox 633 4913 1029 4968; x_wconf 85' lang='grc' dir='ltr'><em>συναπόλλυται</em></span> <span class='ocrx_word' id='word_1_415' title='bbox 1059 4915 1268 4978; x_wconf 82' lang='grc' dir='ltr'><em>δίκαιος</em></span> <span class='ocrx_word' id='word_1_416' title='bbox 1302 4914 1439 4985; x_wconf 75' lang='grc' dir='ltr'><em>μετὰ</em></span> <span class='ocrx_word' id='word_1_417' title='bbox 1476 4917 1752 4981; x_wconf 76' lang='grc' dir='ltr'><em>ἀσεϐείας.</em></span> 
     </span>
    </p>
   </div>
   <div class='ocr_carea' id='block_1_67' title="bbox 911 5031 1282 5085">
    <p class='ocr_par' dir='ltr' id='par_1_67' title="bbox 911 5031 1282 5085">
     <span class='ocr_line' id='line_1_67' title="bbox 911 5031 1282 5085; baseline 0 -1"><span class='ocrx_word' id='word_1_418' title='bbox 911 5031 1164 5085; x_wconf 79' lang='grc' dir='ltr'><strong>ΚΕΦΑΛ.</strong></span> <span class='ocrx_word' id='word_1_419' title='bbox 1192 5032 1282 5085; x_wconf 83' lang='grc' dir='ltr'><strong>Μ’.</strong></span> 
     </span>
    </p>
   </div>
   <div class='ocr_carea' id='block_1_68' title="bbox 392 5141 992 5198">
    <p class='ocr_par' dir='ltr' id='par_1_68' title="bbox 392 5141 992 5198">
     <span class='ocr_line' id='line_1_68' title="bbox 392 5141 992 5198; baseline 0 -2"><span class='ocrx_word' id='word_1_420' title='bbox 392 5141 509 5196; x_wconf 80' lang='grc' dir='ltr'><strong>Καὶ</strong></span> <span class='ocrx_word' id='word_1_421' title='bbox 535 5141 754 5197; x_wconf 79' lang='grc' dir='ltr'><em>ἔλαϐεν</em></span> <span class='ocrx_word' id='word_1_422' title='bbox 786 5145 992 5198; x_wconf 81' lang='grc' dir='ltr'><em>αὐτόν.</em></span> 
     </span>
    </p>
   </div>
   <div class='ocr_carea' id='block_1_69' title="bbox 386 5236 1890 5310">
    <p class='ocr_par' dir='ltr' id='par_1_69' title="bbox 386 5236 1890 5310">
     <span class='ocr_line' id='line_1_69' title="bbox 386 5236 1890 5310; baseline 0.004 -23"><span class='ocrx_word' id='word_1_423' title='bbox 386 5237 665 5289; x_wconf 82' lang='grc' dir='ltr'><em>Μανθάνει</em></span> <span class='ocrx_word' id='word_1_424' title='bbox 699 5236 885 5289; x_wconf 74' lang='grc' dir='ltr'><em>λοιπὸν</em></span> <span class='ocrx_word' id='word_1_425' title='bbox 935 5239 1084 5290; x_wconf 81' lang='grc' dir='ltr'><em>πᾶσα</em></span> <span class='ocrx_word' id='word_1_426' title='bbox 1119 5239 1151 5307; x_wconf 78' lang='grc' dir='ltr'>ἡ</span> <span class='ocrx_word' id='word_1_427' title='bbox 1188 5239 1418 5308; x_wconf 79' lang='grc' dir='ltr'><em>στρατιὰ</em></span> <span class='ocrx_word' id='word_1_428' title='bbox 1451 5240 1555 5307; x_wconf 85' lang='grc' dir='ltr'><strong>τὴν</strong></span> <span class='ocrx_word' id='word_1_429' title='bbox 1593 5241 1748 5308; x_wconf 78' lang='grc' dir='ltr'>ἰσχὺν</span> <span class='ocrx_word' id='word_1_430' title='bbox 1788 5239 1890 5310; x_wconf 83' lang='grc' dir='ltr'><em>τῆς</em></span> 
     </span>
    </p>
   </div>
   <div class='ocr_carea' id='block_1_70' title="bbox 307 5327 1890 5403">
    <p class='ocr_par' dir='ltr' id='par_1_70' title="bbox 307 5327 1890 5403">
     <span class='ocr_line' id='line_1_70' title="bbox 307 5327 1890 5403; baseline 0.003 -23"><span class='ocrx_word' id='word_1_431' title='bbox 307 5327 681 5396; x_wconf 59' lang='grc' dir='ltr'><em>προφητείας.</em></span> <span class='ocrx_word' id='word_1_432' title='bbox 700 5329 760 5382; x_wconf 88' lang='grc' dir='ltr'>Ὀ</span> <span class='ocrx_word' id='word_1_433' title='bbox 779 5329 835 5382; x_wconf 80' lang='grc' dir='ltr'><em>δὲ</em></span> <span class='ocrx_word' id='word_1_434' title='bbox 861 5329 1117 5393; x_wconf 83' lang='grc' dir='ltr'><em>Σεδεκίας</em></span> <span class='ocrx_word' id='word_1_435' title='bbox 1148 5329 1314 5398; x_wconf 75' lang='grc' dir='ltr'><em>ἔφυγε</em></span> <span class='ocrx_word' id='word_1_436' title='bbox 1333 5347 1349 5362; x_wconf 92' lang='grc'><strong>·</strong></span> <span class='ocrx_word' id='word_1_437' title='bbox 1384 5332 1753 5402; x_wconf 82' lang='grc' dir='ltr'><em>προσεδόκησε</em></span> <span class='ocrx_word' id='word_1_438' title='bbox 1782 5331 1890 5403; x_wconf 79' lang='grc' dir='ltr'><strong>γὰρ</strong></span> 
     </span>
    </p>
   </div>
   <div class='ocr_carea' id='block_1_71' title="bbox 307 5420 1892 5492">
    <p class='ocr_par' dir='ltr' id='par_1_71' title="bbox 307 5420 1892 5492">
     <span class='ocr_line' id='line_1_71' title="bbox 307 5420 1892 5492; baseline 0.006 -21"><span class='ocrx_word' id='word_1_439' title='bbox 307 5420 708 5489; x_wconf 68' lang='grc' dir='ltr'><em>παραγράφειν</em></span> <span class='ocrx_word' id='word_1_440' title='bbox 727 5421 828 5491; x_wconf 86' lang='grc' dir='ltr'><em>τὴν</em></span> <span class='ocrx_word' id='word_1_441' title='bbox 858 5423 1222 5492; x_wconf 69' lang='grc' dir='ltr'><em>προφητείαν.</em></span> <span class='ocrx_word' id='word_1_442' title='bbox 1240 5424 1380 5476; x_wconf 83' lang='grc' dir='ltr'><em>Ἀλλ’</em></span> <span class='ocrx_word' id='word_1_443' title='bbox 1409 5425 1574 5490; x_wconf 77' lang='grc' dir='ltr'><em>ἑάλω,</em></span> <span class='ocrx_word' id='word_1_444' title='bbox 1601 5426 1695 5478; x_wconf 76' lang='grc' dir='ltr'><strong>καὶ</strong></span> <span class='ocrx_word' id='word_1_445' title='bbox 1721 5426 1892 5480; x_wconf 84' lang='grc' dir='ltr'><em>δεινὸν</em></span> 
     </span>
    </p>
   </div>
   <div class='ocr_carea' id='block_1_72' title="bbox 308 5508 1888 5584">
    <p class='ocr_par' dir='ltr' id='par_1_72' title="bbox 308 5508 1888 5584">
     <span class='ocr_line' id='line_1_72' title="bbox 308 5508 1888 5584; baseline 0.003 -20"><span class='ocrx_word' id='word_1_446' title='bbox 308 5511 422 5581; x_wconf 79' lang='grc' dir='ltr'><strong>ὁρᾷ</strong></span> <span class='ocrx_word' id='word_1_447' title='bbox 443 5508 616 5573; x_wconf 82' lang='grc' dir='ltr'><em>πάθος</em></span> <span class='ocrx_word' id='word_1_448' title='bbox 641 5527 654 5539; x_wconf 92' lang='grc'><strong>·</strong></span> <span class='ocrx_word' id='word_1_449' title='bbox 683 5510 894 5581; x_wconf 84' lang='grc' dir='ltr'><em>μάρτυς</em></span> <span class='ocrx_word' id='word_1_450' title='bbox 919 5513 1138 5580; x_wconf 73' lang='grc' dir='ltr'><em>ἐγένετο</em></span> <span class='ocrx_word' id='word_1_451' title='bbox 1164 5512 1261 5582; x_wconf 84' lang='grc' dir='ltr'><em>τῆς</em></span> <span class='ocrx_word' id='word_1_452' title='bbox 1289 5515 1505 5584; x_wconf 73' lang='grc' dir='ltr'><em>σφαγῆς</em></span> <span class='ocrx_word' id='word_1_453' title='bbox 1531 5515 1638 5567; x_wconf 82' lang='grc' dir='ltr'><em>τῶν</em></span> <span class='ocrx_word' id='word_1_454' title='bbox 1657 5518 1888 5570; x_wconf 87' lang='grc' dir='ltr'><em>παίδων.</em></span> 
     </span>
    </p>
   </div>
   <div class='ocr_carea' id='block_1_73' title="bbox 314 5599 1889 5673">
    <p class='ocr_par' dir='ltr' id='par_1_73' title="bbox 314 5599 1889 5673">
     <span class='ocr_line' id='line_1_73' title="bbox 314 5599 1889 5673; baseline 0.003 -21"><span class='ocrx_word' id='word_1_455' title='bbox 314 5599 587 5652; x_wconf 75' lang='grc' dir='ltr'><em>Τοσοῦτον</em></span> <span class='ocrx_word' id='word_1_456' title='bbox 639 5601 822 5652; x_wconf 73' lang='grc' dir='ltr'><em>εἴασεν</em></span> <span class='ocrx_word' id='word_1_457' title='bbox 861 5602 1145 5670; x_wconf 80' lang='grc' dir='ltr'><em>ἀνοιγῆναι</em></span> <span class='ocrx_word' id='word_1_458' title='bbox 1190 5604 1318 5666; x_wconf 82' lang='grc' dir='ltr'><em>τοὺς</em></span> <span class='ocrx_word' id='word_1_459' title='bbox 1349 5604 1665 5673; x_wconf 74' lang='grc' dir='ltr'><em>ὀφθαλμοὺς</em></span> <span class='ocrx_word' id='word_1_460' title='bbox 1700 5605 1889 5670; x_wconf 73' lang='grc' dir='ltr'><em>αὑτοῦ,</em></span> 
     </span>
    </p>
   </div>
   <div class='ocr_carea' id='block_1_74' title="bbox 311 5691 1888 5764">
    <p class='ocr_par' dir='ltr' id='par_1_74' title="bbox 311 5691 1888 5764">
     <span class='ocr_line' id='line_1_74' title="bbox 311 5691 1888 5764; baseline 0.004 -21"><span class='ocrx_word' id='word_1_461' title='bbox 311 5695 442 5743; x_wconf 82' lang='grc' dir='ltr'><em>ὅσον</em></span> <span class='ocrx_word' id='word_1_462' title='bbox 476 5691 672 5760; x_wconf 85' lang='grc' dir='ltr'><em>μαθεῖν</em></span> <span class='ocrx_word' id='word_1_463' title='bbox 701 5691 798 5754; x_wconf 82' lang='grc' dir='ltr'><em>τὰς</em></span> <span class='ocrx_word' id='word_1_464' title='bbox 824 5693 1027 5756; x_wconf 85' lang='grc' dir='ltr'><em>οἰκείας</em></span> <span class='ocrx_word' id='word_1_465' title='bbox 1061 5697 1364 5764; x_wconf 75' lang='grc' dir='ltr'><em>συμφοράς.</em></span> <span class='ocrx_word' id='word_1_466' title='bbox 1400 5697 1506 5749; x_wconf 84' lang='lat' dir='ltr'><strong>Kal</strong></span> <span class='ocrx_word' id='word_1_467' title='bbox 1539 5697 1661 5764; x_wconf 82' lang='grc' dir='ltr'><em>μετ’</em></span> <span class='ocrx_word' id='word_1_468' title='bbox 1697 5698 1888 5764; x_wconf 70' lang='grc' dir='ltr'><em>ὀιίἱγιι·</em></span> 
     </span>
    </p>
   </div>
   <div class='ocr_carea' id='block_1_75' title="bbox 318 5783 1894 5856">
    <p class='ocr_par' dir='ltr' id='par_1_75' title="bbox 318 5783 1894 5856">
     <span class='ocr_line' id='line_1_75' title="bbox 318 5783 1894 5856; baseline 0.003 -19"><span class='ocrx_word' id='word_1_469' title='bbox 318 5813 382 5823; x_wconf 85' lang='grc'><strong>-</strong></span> <span class='ocrx_word' id='word_1_470' title='bbox 407 5784 524 5838; x_wconf 85' lang='lat' dir='ltr'><strong>Kal</strong></span> <span class='ocrx_word' id='word_1_471' title='bbox 555 5783 740 5837; x_wconf 76' lang='grc' dir='ltr'><em>ἔδωκε</em></span> <span class='ocrx_word' id='word_1_472' title='bbox 775 5783 850 5849; x_wconf 80' lang='grc' dir='ltr'><em>τῷ</em></span> <span class='ocrx_word' id='word_1_473' title='bbox 888 5787 1148 5853; x_wconf 40' lang='lat' dir='ltr'><strong>refellat,</strong></span> <span class='ocrx_word' id='word_1_474' title='bbox 1180 5789 1284 5842; x_wconf 75' lang='grc' dir='ltr'><strong>τὸν</strong></span> <span class='ocrx_word' id='word_1_475' title='bbox 1319 5791 1624 5856; x_wconf 62' lang='grc' dir='ltr'><em>’Ῑεγπελιίιωικ</em></span> <span class='ocrx_word' id='word_1_476' title='bbox 1659 5791 1766 5844; x_wconf 66' lang='grc' dir='ltr'><strong>Καὶ</strong></span> <span class='ocrx_word' id='word_1_477' title='bbox 1797 5792 1894 5856; x_wconf 74' lang='grc' dir='ltr'><em>ὅρα</em></span> 
     </span>
    </p>
   </div>
   <div class='ocr_carea' id='block_1_76' title="bbox 1979 1950 3556 2021">
    <p class='ocr_par' dir='ltr' id='par_1_76' title="bbox 1979 1950 3556 2021">
     <span class='ocr_line' id='line_1_76' title="bbox 1979 1950 3556 2021; baseline 0.005 -19"><span class='ocrx_word' id='word_1_478' title='bbox 1979 1963 2106 2002; x_wconf 90' lang='lat' dir='ltr'><strong>num</strong></span> <span class='ocrx_word' id='word_1_479' title='bbox 2131 1963 2372 2003; x_wconf 90' lang='lat' dir='ltr'><strong>meorum</strong></span> <span class='ocrx_word' id='word_1_480' title='bbox 2394 1950 2798 2007; x_wconf 75' lang='lat' dir='ltr'><strong>confitebuntur</strong></span> <span class='ocrx_word' id='word_1_481' title='bbox 2813 1953 3124 2020; x_wconf 83' lang='lat' dir='ltr'><strong>veritatem,</strong></span> <span class='ocrx_word' id='word_1_482' title='bbox 3153 1962 3208 2008; x_wconf 91' lang='lat' dir='ltr'><strong>et</strong></span> <span class='ocrx_word' id='word_1_483' title='bbox 3229 1955 3411 2010; x_wconf 88' lang='lat' dir='ltr'><strong>dicent</strong></span> <span class='ocrx_word' id='word_1_484' title='bbox 3438 1954 3556 2021; x_wconf 87' lang='lat' dir='ltr'><strong>tibi,</strong></span> 
     </span>
    </p>
   </div>
   <div class='ocr_carea' id='block_1_77' title="bbox 1976 2040 3555 2116">
    <p class='ocr_par' dir='ltr' id='par_1_77' title="bbox 1976 2040 3555 2116">
     <span class='ocr_line' id='line_1_77' title="bbox 1976 2040 3555 2116; baseline 0.005 -23"><span class='ocrx_word' id='word_1_485' title='bbox 1976 2054 2070 2094; x_wconf 89' lang='lat' dir='ltr'><strong>eos</strong></span> <span class='ocrx_word' id='word_1_486' title='bbox 2087 2040 2176 2109; x_wconf 91' lang='lat' dir='ltr'><strong>qui</strong></span> <span class='ocrx_word' id='word_1_487' title='bbox 2201 2040 2294 2096; x_wconf 88' lang='lat' dir='ltr'><strong>tibi</strong></span> <span class='ocrx_word' id='word_1_488' title='bbox 2325 2057 2512 2110; x_wconf 88' lang='lat' dir='ltr'><strong>pacem</strong></span> <span class='ocrx_word' id='word_1_489' title='bbox 2542 2044 3003 2111; x_wconf 74' lang='lat' dir='ltr'><strong>praenuntiabant,</strong></span> <span class='ocrx_word' id='word_1_490' title='bbox 3029 2045 3229 2100; x_wconf 78' lang='lat' dir='ltr'><strong>frustra</strong></span> <span class='ocrx_word' id='word_1_491' title='bbox 3251 2045 3555 2116; x_wconf 87' lang='lat' dir='ltr'><strong>decepisse;</strong></span> 
     </span>
    </p>
   </div>
   <div class='ocr_carea' id='block_1_78' title="bbox 1977 2129 3557 2198">
    <p class='ocr_par' dir='ltr' id='par_1_78' title="bbox 1977 2129 3557 2198">
     <span class='ocr_line' id='line_1_78' title="bbox 1977 2129 3557 2198; baseline 0.006 -18"><span class='ocrx_word' id='word_1_492' title='bbox 1977 2129 2413 2198; x_wconf 81' lang='lat' dir='ltr'><strong>quandoquidem</strong></span> <span class='ocrx_word' id='word_1_493' title='bbox 2443 2140 2498 2186; x_wconf 91' lang='lat' dir='ltr'><strong>tu</strong></span> <span class='ocrx_word' id='word_1_494' title='bbox 2529 2145 2720 2187; x_wconf 89' lang='lat' dir='ltr'><strong>eorum</strong></span> <span class='ocrx_word' id='word_1_495' title='bbox 2759 2147 3041 2189; x_wconf 82' lang='lat' dir='ltr'><strong>sermones</strong></span> <span class='ocrx_word' id='word_1_496' title='bbox 3092 2135 3229 2190; x_wconf 86' lang='lat' dir='ltr'><strong>meis</strong></span> <span class='ocrx_word' id='word_1_497' title='bbox 3274 2134 3425 2191; x_wconf 86' lang='lat' dir='ltr'><strong>hisce</strong></span> <span class='ocrx_word' id='word_1_498' title='bbox 3469 2136 3557 2190; x_wconf 91' lang='lat' dir='ltr'><strong>di-</strong></span> 
     </span>
    </p>
   </div>
   <div class='ocr_carea' id='block_1_79' title="bbox 1977 2219 3553 2296">
    <p class='ocr_par' dir='ltr' id='par_1_79' title="bbox 1977 2219 3553 2296">
     <span class='ocr_line' id='line_1_79' title="bbox 1977 2219 3553 2296; baseline 0.004 -23"><span class='ocrx_word' id='word_1_499' title='bbox 1977 2221 2082 2274; x_wconf 87' lang='lat' dir='ltr'><strong>ctis</strong></span> <span class='ocrx_word' id='word_1_500' title='bbox 2113 2219 2404 2276; x_wconf 83' lang='lat' dir='ltr'><strong>validiores</strong></span> <span class='ocrx_word' id='word_1_501' title='bbox 2437 2221 2786 2278; x_wconf 81' lang='lat' dir='ltr'><strong>existimasti.</strong></span> <span class='ocrx_word' id='word_1_502' title='bbox 2827 2222 2897 2278; x_wconf 87' lang='lat' dir='ltr'><strong>In</strong></span> <span class='ocrx_word' id='word_1_503' title='bbox 2934 2224 3238 2280; x_wconf 85' lang='lat' dir='ltr'><strong>lubricitate</strong></span> <span class='ocrx_word' id='word_1_504' title='bbox 3282 2227 3428 2296; x_wconf 68' lang='lat' dir='ltr'><strong>pedit</strong></span> <span class='ocrx_word' id='word_1_505' title='bbox 3456 2227 3553 2292; x_wconf 83' lang='lat' dir='ltr'><strong>tui,</strong></span> 
     </span>
    </p>
   </div>
   <div class='ocr_carea' id='block_1_80' title="bbox 1977 2307 3557 2382">
    <p class='ocr_par' dir='ltr' id='par_1_80' title="bbox 1977 2307 3557 2382">
     <span class='ocr_line' id='line_1_80' title="bbox 1977 2307 3557 2382; baseline 0.003 -16"><span class='ocrx_word' id='word_1_506' title='bbox 1977 2321 2064 2366; x_wconf 87' lang='lat' dir='ltr'><strong>tua</strong></span> <span class='ocrx_word' id='word_1_507' title='bbox 2098 2307 2263 2382; x_wconf 85' lang='lat' dir='ltr'><strong>super</strong></span> <span class='ocrx_word' id='word_1_508' title='bbox 2292 2311 2576 2368; x_wconf 85' lang='lat' dir='ltr'><strong>veracibus</strong></span> <span class='ocrx_word' id='word_1_509' title='bbox 2595 2312 2757 2370; x_wconf 82' lang='lat' dir='ltr'><strong>dictis</strong></span> <span class='ocrx_word' id='word_1_510' title='bbox 2788 2314 2894 2371; x_wconf 83' lang='lat' dir='ltr'><strong>ﬁde</strong></span> <span class='ocrx_word' id='word_1_511' title='bbox 2925 2324 3276 2371; x_wconf 85' lang='lat' dir='ltr'><strong>commutata.</strong></span> <span class='ocrx_word' id='word_1_512' title='bbox 3307 2316 3557 2372; x_wconf 72' lang='lat' dir='ltr'><strong>Aeci-ten-</strong></span> 
     </span>
    </p>
   </div>
   <div class='ocr_carea' id='block_1_81' title="bbox 1979 2400 3559 2478">
    <p class='ocr_par' dir='ltr' id='par_1_81' title="bbox 1979 2400 3559 2478">
     <span class='ocr_line' id='line_1_81' title="bbox 1979 2400 3559 2478; baseline 0.004 -22"><span class='ocrx_word' id='word_1_513' title='bbox 1979 2413 2066 2456; x_wconf 86' lang='lat' dir='ltr'><strong>tur</strong></span> <span class='ocrx_word' id='word_1_514' title='bbox 2095 2420 2126 2457; x_wconf 94' lang='lat' dir='ltr'><strong>a</strong></span> <span class='ocrx_word' id='word_1_515' title='bbox 2165 2400 2512 2475; x_wconf 42' lang='lat' dir='ltr'><strong>teicaptivaa</strong></span> <span class='ocrx_word' id='word_1_516' title='bbox 2547 2418 2757 2475; x_wconf 83' lang='lat' dir='ltr'><strong>nempe</strong></span> <span class='ocrx_word' id='word_1_517' title='bbox 2805 2406 3093 2473; x_wconf 86' lang='lat' dir='ltr'><strong>ducentur,</strong></span> <span class='ocrx_word' id='word_1_518' title='bbox 3123 2406 3200 2478; x_wconf 71' lang='lat' dir='ltr'><strong>{et</strong></span> <span class='ocrx_word' id='word_1_519' title='bbox 3241 2421 3363 2477; x_wconf 81' lang='lat' dir='ltr'><strong>quae</strong></span> <span class='ocrx_word' id='word_1_520' title='bbox 3416 2420 3559 2462; x_wconf 91' lang='lat' dir='ltr'><strong>nunc</strong></span> 
     </span>
    </p>
   </div>
   <div class='ocr_carea' id='block_1_82' title="bbox 1978 2498 2677 2570">
    <p class='ocr_par' dir='ltr' id='par_1_82' title="bbox 1978 2498 2677 2570">
     <span class='ocr_line' id='line_1_82' title="bbox 1978 2498 2677 2570; baseline 0.004 -17"><span class='ocrx_word' id='word_1_521' title='bbox 1978 2498 2246 2568; x_wconf 85' lang='lat' dir='ltr'><strong>possides,</strong></span> <span class='ocrx_word' id='word_1_522' title='bbox 2283 2513 2390 2554; x_wconf 92' lang='lat' dir='ltr'><strong>non</strong></span> <span class='ocrx_word' id='word_1_523' title='bbox 2430 2501 2677 2570; x_wconf 84' lang='lat' dir='ltr'><strong>potieris.</strong></span> 
     </span>
    </p>
   </div>
   <div class='ocr_carea' id='block_1_83' title="bbox 2053 2770 2696 2828">
    <p class='ocr_par' dir='ltr' id='par_1_83' title="bbox 2053 2770 2696 2828">
     <span class='ocr_line' id='line_1_83' title="bbox 2053 2770 2696 2828; baseline 0.002 -2"><span class='ocrx_word' id='word_1_524' title='bbox 2053 2771 2216 2828; x_wconf 72' lang='lat' dir='ltr'><strong>Vsus.</strong></span> <span class='ocrx_word' id='word_1_525' title='bbox 2247 2770 2338 2827; x_wconf 76' lang='grc'><strong>24.</strong></span> <span class='ocrx_word' id='word_1_526' title='bbox 2373 2770 2443 2827; x_wconf 84' lang='grc' dir='ltr'><em>Ει</em></span> <span class='ocrx_word' id='word_1_527' title='bbox 2469 2774 2602 2828; x_wconf 78' lang='lat' dir='ltr'><strong>dixit</strong></span> <span class='ocrx_word' id='word_1_528' title='bbox 2627 2774 2696 2827; x_wconf 79' lang='lat' dir='ltr'><strong>ei.</strong></span> 
     </span>
    </p>
   </div>
   <div class='ocr_carea' id='block_1_84' title="bbox 2049 2864 3376 2938">
    <p class='ocr_par' dir='ltr' id='par_1_84' title="bbox 2049 2864 3376 2938">
     <span class='ocr_line' id='line_1_84' title="bbox 2049 2864 3376 2938; baseline 0.002 -20"><span class='ocrx_word' id='word_1_529' title='bbox 2049 2865 2114 2919; x_wconf 90' lang='lat' dir='ltr'><strong>Et</strong></span> <span class='ocrx_word' id='word_1_530' title='bbox 2145 2874 2321 2921; x_wconf 87' lang='lat' dir='ltr'><strong>tamen</strong></span> <span class='ocrx_word' id='word_1_531' title='bbox 2352 2865 2558 2922; x_wconf 75' lang='lat' dir='ltr'><strong>absuue</strong></span> <span class='ocrx_word' id='word_1_532' title='bbox 2583 2864 2689 2920; x_wconf 85' lang='lat' dir='ltr'><strong>ulla</strong></span> <span class='ocrx_word' id='word_1_533' title='bbox 2725 2866 3038 2922; x_wconf 71' lang='lat' dir='ltr'><strong>conditione</strong></span> <span class='ocrx_word' id='word_1_534' title='bbox 3069 2867 3376 2938; x_wconf 87' lang='lat' dir='ltr'><strong>juraveras.</strong></span> 
     </span>
    </p>
   </div>
   <div class='ocr_carea' id='block_1_85' title="bbox 2543 2975 2986 3032">
    <p class='ocr_par' dir='ltr' id='par_1_85' title="bbox 2543 2975 2986 3032">
     <span class='ocr_line' id='line_1_85' title="bbox 2543 2975 2986 3032; baseline -0.005 -1"><span class='ocrx_word' id='word_1_535' title='bbox 2543 2976 2699 3032; x_wconf 84' lang='lat' dir='ltr'><strong>CAP.</strong></span> <span class='ocrx_word' id='word_1_536' title='bbox 2739 2975 2986 3031; x_wconf 77' lang='lat' dir='ltr'><strong>XXXlX.</strong></span> 
     </span>
    </p>
   </div>
   <div class='ocr_carea' id='block_1_86' title="bbox 2053 3088 3556 3162">
    <p class='ocr_par' dir='ltr' id='par_1_86' title="bbox 2053 3088 3556 3162">
     <span class='ocr_line' id='line_1_86' title="bbox 2053 3088 3556 3162; baseline -0.003 -15"><span class='ocrx_word' id='word_1_537' title='bbox 2053 3099 2072 3116; x_wconf 91' lang='lat'><strong>&quot;</strong></span> <span class='ocrx_word' id='word_1_538' title='bbox 2105 3092 2274 3148; x_wconf 73' lang='lat' dir='ltr'><strong>Vens.</strong></span> <span class='ocrx_word' id='word_1_539' title='bbox 2309 3093 2362 3147; x_wconf 85' lang='lat'><strong>5.</strong></span> <span class='ocrx_word' id='word_1_540' title='bbox 2403 3091 2476 3146; x_wconf 77' lang='lat' dir='ltr'><strong>Et</strong></span> <span class='ocrx_word' id='word_1_541' title='bbox 2514 3093 3016 3162; x_wconf 81' lang='lat' dir='ltr'><strong>comprehenderunt</strong></span> <span class='ocrx_word' id='word_1_542' title='bbox 3045 3092 3322 3148; x_wconf 82' lang='lat' dir='ltr'><strong>Sedeciam</strong></span> <span class='ocrx_word' id='word_1_543' title='bbox 3356 3091 3409 3144; x_wconf 86' lang='lat' dir='ltr'><strong>in</strong></span> <span class='ocrx_word' id='word_1_544' title='bbox 3429 3088 3556 3144; x_wconf 82' lang='lat' dir='ltr'><strong>‘Ra-</strong></span> 
     </span>
    </p>
   </div>
   <div class='ocr_carea' id='block_1_87' title="bbox 1905 3169 2368 3239">
    <p class='ocr_par' dir='ltr' id='par_1_87' title="bbox 1905 3169 2368 3239">
     <span class='ocr_line' id='line_1_87' title="bbox 1905 3169 2368 3239; baseline 0 -1"><span class='ocrx_word' id='word_1_545' title='bbox 1905 3169 1964 3226; x_wconf 63' lang='grc' dir='ltr'><em>θ’</em></span> <span class='ocrx_word' id='word_1_546' title='bbox 1982 3185 2103 3239; x_wconf 80' lang='lat' dir='ltr'><strong>botlt</strong></span> <span class='ocrx_word' id='word_1_547' title='bbox 2130 3183 2368 3239; x_wconf 69' lang='lat' dir='ltr'><strong>Iericho.</strong></span> 
     </span>
    </p>
   </div>
   <div class='ocr_carea' id='block_1_88' title="bbox 2054 3273 2981 3346">
    <p class='ocr_par' dir='ltr' id='par_1_88' title="bbox 2054 3273 2981 3346">
     <span class='ocr_line' id='line_1_88' title="bbox 2054 3273 2981 3346; baseline -0.001 -17"><span class='ocrx_word' id='word_1_548' title='bbox 2054 3275 2110 3329; x_wconf 91' lang='lat' dir='ltr'><strong>Id</strong></span> <span class='ocrx_word' id='word_1_549' title='bbox 2142 3285 2246 3340; x_wconf 82' lang='lat' dir='ltr'><strong>est,</strong></span> <span class='ocrx_word' id='word_1_550' title='bbox 2274 3276 2327 3329; x_wconf 92' lang='lat' dir='ltr'><strong>in</strong></span> <span class='ocrx_word' id='word_1_551' title='bbox 2354 3289 2546 3346; x_wconf 89' lang='lat' dir='ltr'><strong>campo</strong></span> <span class='ocrx_word' id='word_1_552' title='bbox 2580 3273 2981 3331; x_wconf 79' lang='lat' dir='ltr'><strong>Jericbuntino.</strong></span> 
     </span>
    </p>
   </div>
   <div class='ocr_carea' id='block_1_89' title="bbox 2050 3362 3562 3434">
    <p class='ocr_par' dir='ltr' id='par_1_89' title="bbox 2050 3362 3562 3434">
     <span class='ocr_line' id='line_1_89' title="bbox 2050 3362 3562 3434; baseline -0.005 -12"><span class='ocrx_word' id='word_1_553' title='bbox 2050 3365 2073 3390; x_wconf 79' lang='grc'><strong>’⁸</strong></span> <span class='ocrx_word' id='word_1_554' title='bbox 2108 3366 2268 3422; x_wconf 74' lang='lat' dir='ltr'><strong>Vsus.</strong></span> <span class='ocrx_word' id='word_1_555' title='bbox 2293 3365 2382 3422; x_wconf 77' lang='lat' dir='ltr'><strong>M.</strong></span> <span class='ocrx_word' id='word_1_556' title='bbox 2406 3365 2478 3420; x_wconf 87' lang='lat' dir='ltr'><strong>Et</strong></span> <span class='ocrx_word' id='word_1_557' title='bbox 2510 3367 2765 3422; x_wconf 80' lang='lat' dir='ltr'><strong>dederunt</strong></span> <span class='ocrx_word' id='word_1_558' title='bbox 2815 3382 2936 3422; x_wconf 87' lang='lat' dir='ltr'><strong>eum</strong></span> <span class='ocrx_word' id='word_1_559' title='bbox 2956 3365 3037 3434; x_wconf 36' lang='lat' dir='ltr'><strong>ad.</strong></span> <span class='ocrx_word' id='word_1_560' title='bbox 3075 3362 3352 3419; x_wconf 78' lang='lat' dir='ltr'><strong>Godoliam</strong></span> <span class='ocrx_word' id='word_1_561' title='bbox 3387 3363 3562 3431; x_wconf 78' lang='lat' dir='ltr'><strong>ﬁlium</strong></span> 
     </span>
    </p>
   </div>
   <div class='ocr_carea' id='block_1_90' title="bbox 1983 3455 3560 3528">
    <p class='ocr_par' dir='ltr' id='par_1_90' title="bbox 1983 3455 3560 3528">
     <span class='ocr_line' id='line_1_90' title="bbox 1983 3455 3560 3528; baseline -0.004 -16"><span class='ocrx_word' id='word_1_562' title='bbox 1983 3460 2234 3514; x_wconf 81' lang='lat' dir='ltr'><strong>Aclticam</strong></span> <span class='ocrx_word' id='word_1_563' title='bbox 2253 3459 2354 3528; x_wconf 79' lang='lat' dir='ltr'><strong>ﬁlii</strong></span> <span class='ocrx_word' id='word_1_564' title='bbox 2391 3458 2655 3528; x_wconf 77' lang='lat' dir='ltr'><strong>Sapham,</strong></span> <span class='ocrx_word' id='word_1_565' title='bbox 2689 3470 2739 3513; x_wconf 85' lang='lat' dir='ltr'><strong>et</strong></span> <span class='ocrx_word' id='word_1_566' title='bbox 2766 3466 3066 3514; x_wconf 70' lang='lat' dir='ltr'><strong>eduxerunt</strong></span> <span class='ocrx_word' id='word_1_567' title='bbox 3099 3473 3221 3512; x_wconf 81' lang='lat' dir='ltr'><strong>eum</strong></span> <span class='ocrx_word' id='word_1_568' title='bbox 3255 3456 3311 3509; x_wconf 78' lang='lat' dir='ltr'><strong>in</strong></span> <span class='ocrx_word' id='word_1_569' title='bbox 3346 3455 3560 3522; x_wconf 74' lang='lat' dir='ltr'><strong>Saphis,</strong></span> 
     </span>
    </p>
   </div>
   <div class='ocr_carea' id='block_1_91' title="bbox 1983 3548 2701 3618">
    <p class='ocr_par' dir='ltr' id='par_1_91' title="bbox 1983 3548 2701 3618">
     <span class='ocr_line' id='line_1_91' title="bbox 1983 3548 2701 3618; baseline -0.001 -14"><span class='ocrx_word' id='word_1_570' title='bbox 1983 3561 2033 3604; x_wconf 82' lang='lat' dir='ltr'><strong>et</strong></span> <span class='ocrx_word' id='word_1_571' title='bbox 2061 3550 2194 3603; x_wconf 73' lang='lat' dir='ltr'><strong>sedit</strong></span> <span class='ocrx_word' id='word_1_572' title='bbox 2221 3551 2277 3603; x_wconf 88' lang='lat' dir='ltr'><strong>in</strong></span> <span class='ocrx_word' id='word_1_573' title='bbox 2303 3548 2476 3603; x_wconf 82' lang='lat' dir='ltr'><strong>medio</strong></span> <span class='ocrx_word' id='word_1_574' title='bbox 2500 3554 2701 3618; x_wconf 85' lang='lat' dir='ltr'><strong>poputi.</strong></span> 
     </span>
    </p>
   </div>
   <div class='ocr_carea' id='block_1_92' title="bbox 2057 3635 2753 3703">
    <p class='ocr_par' dir='ltr' id='par_1_92' title="bbox 2057 3635 2753 3703">
     <span class='ocr_line' id='line_1_92' title="bbox 2057 3635 2753 3703; baseline 0.003 -15"><span class='ocrx_word' id='word_1_575' title='bbox 2057 3635 2251 3703; x_wconf 87' lang='lat' dir='ltr'><strong>Sapbis</strong></span> <span class='ocrx_word' id='word_1_576' title='bbox 2279 3649 2474 3690; x_wconf 87' lang='lat' dir='ltr'><strong>nomen</strong></span> <span class='ocrx_word' id='word_1_577' title='bbox 2514 3645 2599 3690; x_wconf 89' lang='lat' dir='ltr'><strong>est</strong></span> <span class='ocrx_word' id='word_1_578' title='bbox 2627 3635 2753 3690; x_wconf 92' lang='lat' dir='ltr'><strong>loci.</strong></span> 
     </span>
    </p>
   </div>
   <div class='ocr_carea' id='block_1_93' title="bbox 2057 3721 2418 3776">
    <p class='ocr_par' dir='ltr' id='par_1_93' title="bbox 2057 3721 2418 3776">
     <span class='ocr_line' id='line_1_93' title="bbox 2057 3721 2418 3776; baseline 0.006 -2"><span class='ocrx_word' id='word_1_579' title='bbox 2057 3721 2122 3775; x_wconf 78' lang='lat' dir='ltr'><strong>Et</strong></span> <span class='ocrx_word' id='word_1_580' title='bbox 2143 3723 2418 3776; x_wconf 74' lang='lat' dir='ltr'><strong>miserunt.</strong></span> 
     </span>
    </p>
   </div>
   <div class='ocr_carea' id='block_1_94' title="bbox 2055 3813 3560 3894">
    <p class='ocr_par' dir='ltr' id='par_1_94' title="bbox 2055 3813 3560 3894">
     <span class='ocr_line' id='line_1_94' title="bbox 2055 3813 3560 3894; baseline 0.007 -28"><span class='ocrx_word' id='word_1_581' title='bbox 2055 3813 2124 3867; x_wconf 90' lang='lat' dir='ltr'><strong>Et</strong></span> <span class='ocrx_word' id='word_1_582' title='bbox 2166 3814 2365 3886; x_wconf 87' lang='lat' dir='ltr'><strong>hostes</strong></span> <span class='ocrx_word' id='word_1_583' title='bbox 2414 3814 2632 3892; x_wconf 63' lang='lat' dir='ltr'><strong>quidem</strong></span> <span class='ocrx_word' id='word_1_584' title='bbox 2685 3816 2925 3871; x_wconf 87' lang='lat' dir='ltr'><strong>vinctum</strong></span> <span class='ocrx_word' id='word_1_585' title='bbox 2993 3831 3022 3871; x_wconf 87' lang='lat' dir='ltr'><strong>a</strong></span> <span class='ocrx_word' id='word_1_586' title='bbox 3069 3822 3184 3874; x_wconf 83' lang='lat' dir='ltr'><strong>suis</strong></span> <span class='ocrx_word' id='word_1_587' title='bbox 3221 3821 3560 3894; x_wconf 64' lang='lat' dir='ltr'><strong>prophetam</strong></span> 
     </span>
    </p>
   </div>
   <div class='ocr_carea' id='block_1_95' title="bbox 1984 3899 3559 3987">
    <p class='ocr_par' dir='ltr' id='par_1_95' title="bbox 1984 3899 3559 3987">
     <span class='ocr_line' id='line_1_95' title="bbox 1984 3899 3559 3987; baseline 0.007 -27"><span class='ocrx_word' id='word_1_588' title='bbox 1984 3901 2478 3977; x_wconf 58' lang='lat' dir='ltr'><strong>solvunt,‘ejusque</strong></span> <span class='ocrx_word' id='word_1_589' title='bbox 2498 3899 2814 3987; x_wconf 69' lang='lat' dir='ltr'><strong>relinquunt</strong></span> <span class='ocrx_word' id='word_1_590' title='bbox 2839 3905 3106 3966; x_wconf 78' lang='lat' dir='ltr'><strong>voluntati</strong></span> <span class='ocrx_word' id='word_1_591' title='bbox 3138 3913 3220 3967; x_wconf 90' lang='lat' dir='ltr'><strong>ire</strong></span> <span class='ocrx_word' id='word_1_592' title='bbox 3245 3928 3354 3979; x_wconf 78' lang='lat' dir='ltr'><strong>quo</strong></span> <span class='ocrx_word' id='word_1_593' title='bbox 3381 3913 3559 3971; x_wconf 85' lang='lat' dir='ltr'><strong>vellet.</strong></span> 
     </span>
    </p>
   </div>
   <div class='ocr_carea' id='block_1_96' title="bbox 1987 3993 3564 4082">
    <p class='ocr_par' dir='ltr' id='par_1_96' title="bbox 1987 3993 3564 4082">
     <span class='ocr_line' id='line_1_96' title="bbox 1987 3993 3564 4082; baseline 0.005 -30"><span class='ocrx_word' id='word_1_594' title='bbox 1987 3999 2242 4076; x_wconf 54' lang='lat' dir='ltr'><strong>Qniyero</strong></span> <span class='ocrx_word' id='word_1_595' title='bbox 2276 4014 2375 4082; x_wconf 14' lang='lat' dir='ltr'><strong>per;</strong></span> <span class='ocrx_word' id='word_1_596' title='bbox 2403 3993 2767 4071; x_wconf 77' lang='lat' dir='ltr'><strong>quadraginta</strong></span> <span class='ocrx_word' id='word_1_597' title='bbox 2811 4016 2982 4057; x_wconf 87' lang='lat' dir='ltr'><strong>annos</strong></span> <span class='ocrx_word' id='word_1_598' title='bbox 3023 4004 3169 4059; x_wconf 91' lang='lat' dir='ltr'><strong>vocis</strong></span> <span class='ocrx_word' id='word_1_599' title='bbox 3194 3993 3564 4062; x_wconf 52' lang='lat' dir='ltr'><strong>illiuslienc&#39;ﬁ-</strong></span> 
     </span>
    </p>
   </div>
   <div class='ocr_carea' id='block_1_97' title="bbox 1989 4084 3562 4165">
    <p class='ocr_par' dir='ltr' id='par_1_97' title="bbox 1989 4084 3562 4165">
     <span class='ocr_line' id='line_1_97' title="bbox 1989 4084 3562 4165; baseline 0.003 -18"><span class='ocrx_word' id='word_1_600' title='bbox 1989 4086 2076 4147; x_wconf 83' lang='lat' dir='ltr'><strong>cio</strong></span> <span class='ocrx_word' id='word_1_601' title='bbox 2104 4085 2372 4160; x_wconf 67' lang='lat' dir='ltr'><strong>usifsuut,</strong></span> <span class='ocrx_word' id='word_1_602' title='bbox 2406 4109 2510 4147; x_wconf 91' lang='lat' dir='ltr'><strong>non</strong></span> <span class='ocrx_word' id='word_1_603' title='bbox 2567 4084 3108 4161; x_wconf 60' lang='lat' dir='ltr'><strong>cognationemmon</strong></span> <span class='ocrx_word' id='word_1_604' title='bbox 3160 4087 3412 4165; x_wconf 83' lang='lat' dir='ltr'><strong>patriam,</strong></span> <span class='ocrx_word' id='word_1_605' title='bbox 3455 4112 3562 4152; x_wconf 88' lang='lat' dir='ltr'><strong>non</strong></span> 
     </span>
    </p>
   </div>
   <div class='ocr_carea' id='block_1_98' title="bbox 1987 4182 3564 4252">
    <p class='ocr_par' dir='ltr' id='par_1_98' title="bbox 1987 4182 3564 4252">
     <span class='ocr_line' id='line_1_98' title="bbox 1987 4182 3564 4252; baseline 0.003 -16"><span class='ocrx_word' id='word_1_606' title='bbox 1987 4182 2262 4252; x_wconf 88' lang='lat' dir='ltr'><strong>quidpiam</strong></span> <span class='ocrx_word' id='word_1_607' title='bbox 2333 4183 2475 4238; x_wconf 87' lang='lat' dir='ltr'><strong>aliud</strong></span> <span class='ocrx_word' id='word_1_608' title='bbox 2515 4184 2698 4249; x_wconf 81' lang='lat' dir='ltr'><strong>veriti,</strong></span> <span class='ocrx_word' id='word_1_609' title='bbox 2738 4183 2937 4240; x_wconf 87' lang='lat' dir='ltr'><strong>belluis</strong></span> <span class='ocrx_word' id='word_1_610' title='bbox 2995 4183 3124 4248; x_wconf 88' lang='lat' dir='ltr'><strong>ipsis</strong></span> <span class='ocrx_word' id='word_1_611' title='bbox 3182 4201 3287 4240; x_wconf 92' lang='lat' dir='ltr'><strong>non</strong></span> <span class='ocrx_word' id='word_1_612' title='bbox 3346 4187 3564 4241; x_wconf 79' lang='lat' dir='ltr'><strong>luerunt</strong></span> 
     </span>
    </p>
   </div>
   <div class='ocr_carea' id='block_1_99' title="bbox 1987 4273 3566 4345">
    <p class='ocr_par' dir='ltr' id='par_1_99' title="bbox 1987 4273 3566 4345">
     <span class='ocr_line' id='line_1_99' title="bbox 1987 4273 3566 4345; baseline 0.003 -17"><span class='ocrx_word' id='word_1_613' title='bbox 1987 4275 2355 4330; x_wconf 85' lang='lat' dir='ltr'><strong>humaniores.</strong></span> <span class='ocrx_word' id='word_1_614' title='bbox 2412 4274 2481 4328; x_wconf 87' lang='lat' dir='ltr'><strong>Et</strong></span> <span class='ocrx_word' id='word_1_615' title='bbox 2543 4293 2656 4343; x_wconf 72' lang='grc' dir='ltr'><em>ρυδι</em></span> <span class='ocrx_word' id='word_1_616' title='bbox 2719 4293 2910 4345; x_wconf 84' lang='lat' dir='ltr'><strong>pauca.</strong></span> <span class='ocrx_word' id='word_1_617' title='bbox 2996 4273 3069 4331; x_wconf 76' lang='lat' dir='ltr'><strong>iit</strong></span> <span class='ocrx_word' id='word_1_618' title='bbox 3123 4291 3244 4330; x_wconf 88' lang='lat' dir='ltr'><strong>cum</strong></span> <span class='ocrx_word' id='word_1_619' title='bbox 3311 4277 3566 4344; x_wconf 47' lang='lat' dir='ltr'><strong>idem.‘in</strong></span> 
     </span>
    </p>
   </div>
   <div class='ocr_carea' id='block_1_100' title="bbox 1987 4364 3567 4442">
    <p class='ocr_par' dir='ltr' id='par_1_100' title="bbox 1987 4364 3567 4442">
     <span class='ocr_line' id='line_1_100' title="bbox 1987 4364 3567 4442; baseline 0.002 -25"><span class='ocrx_word' id='word_1_620' title='bbox 1987 4365 2208 4421; x_wconf 82' lang='lat' dir='ltr'><strong>Christo</strong></span> <span class='ocrx_word' id='word_1_621' title='bbox 2225 4366 2446 4430; x_wconf 88' lang='lat' dir='ltr'><strong>videris,</strong></span> <span class='ocrx_word' id='word_1_622' title='bbox 2472 4381 2594 4421; x_wconf 90' lang='lat' dir='ltr'><strong>eum</strong></span> <span class='ocrx_word' id='word_1_623' title='bbox 2618 4366 2832 4422; x_wconf 89' lang='lat' dir='ltr'><strong>scilicet</strong></span> <span class='ocrx_word' id='word_1_624' title='bbox 2856 4367 2910 4420; x_wconf 91' lang='lat' dir='ltr'><strong>in</strong></span> <span class='ocrx_word' id='word_1_625' title='bbox 2949 4380 3171 4421; x_wconf 90' lang='lat' dir='ltr'><strong>crucem</strong></span> <span class='ocrx_word' id='word_1_626' title='bbox 3196 4381 3226 4418; x_wconf 88' lang='lat' dir='ltr'><strong>a</strong></span> <span class='ocrx_word' id='word_1_627' title='bbox 3243 4364 3448 4421; x_wconf 70' lang='lat' dir='ltr'><strong>Judreis</strong></span> <span class='ocrx_word' id='word_1_628' title='bbox 3476 4381 3567 4442; x_wconf 76' lang='lat' dir='ltr'><strong>ac-</strong></span> 
     </span>
    </p>
   </div>
   <div class='ocr_carea' id='block_1_101' title="bbox 1991 4457 3566 4527">
    <p class='ocr_par' dir='ltr' id='par_1_101' title="bbox 1991 4457 3566 4527">
     <span class='ocr_line' id='line_1_101' title="bbox 1991 4457 3566 4527; baseline 0.001 -19"><span class='ocrx_word' id='word_1_629' title='bbox 1991 4467 2124 4522; x_wconf 89' lang='lat' dir='ltr'><strong>tum,</strong></span> <span class='ocrx_word' id='word_1_630' title='bbox 2151 4473 2182 4512; x_wconf 87' lang='lat' dir='ltr'><strong>a</strong></span> <span class='ocrx_word' id='word_1_631' title='bbox 2222 4459 2474 4527; x_wconf 79' lang='lat' dir='ltr'><strong>gentibus</strong></span> <span class='ocrx_word' id='word_1_632' title='bbox 2505 4473 2634 4514; x_wconf 89' lang='lat' dir='ltr'><strong>vero</strong></span> <span class='ocrx_word' id='word_1_633' title='bbox 2681 4459 2986 4524; x_wconf 88' lang='lat' dir='ltr'><strong>adoratum,</strong></span> <span class='ocrx_word' id='word_1_634' title='bbox 3013 4457 3149 4512; x_wconf 89' lang='lat' dir='ltr'><strong>nihil</strong></span> <span class='ocrx_word' id='word_1_635' title='bbox 3189 4461 3312 4512; x_wconf 87' lang='lat' dir='ltr'><strong>novi</strong></span> <span class='ocrx_word' id='word_1_636' title='bbox 3364 4457 3566 4511; x_wconf 80' lang='lat' dir='ltr'><strong>factum</strong></span> 
     </span>
    </p>
   </div>
   <div class='ocr_carea' id='block_1_102' title="bbox 1992 4549 3561 4618">
    <p class='ocr_par' dir='ltr' id='par_1_102' title="bbox 1992 4549 3561 4618">
     <span class='ocr_line' id='line_1_102' title="bbox 1992 4549 3561 4618; baseline 0 -16"><span class='ocrx_word' id='word_1_637' title='bbox 1992 4550 2294 4615; x_wconf 73' lang='lat' dir='ltr'><strong>arbitreris,</strong></span> <span class='ocrx_word' id='word_1_638' title='bbox 2333 4564 2508 4618; x_wconf 90' lang='lat' dir='ltr'><strong>neque</strong></span> <span class='ocrx_word' id='word_1_639' title='bbox 2535 4550 2728 4606; x_wconf 87' lang='lat' dir='ltr'><strong>dicas:</strong></span> <span class='ocrx_word' id='word_1_640' title='bbox 2765 4551 2880 4617; x_wconf 85' lang='lat' dir='ltr'><strong>Qua</strong></span> <span class='ocrx_word' id='word_1_641' title='bbox 2916 4549 3128 4606; x_wconf 90' lang='lat' dir='ltr'><strong>ratione</strong></span> <span class='ocrx_word' id='word_1_642' title='bbox 3166 4554 3367 4604; x_wconf 85' lang='lat' dir='ltr'><strong>tactum</strong></span> <span class='ocrx_word' id='word_1_643' title='bbox 3394 4560 3480 4604; x_wconf 90' lang='lat' dir='ltr'><strong>est</strong></span> <span class='ocrx_word' id='word_1_644' title='bbox 3503 4557 3561 4602; x_wconf 86' lang='lat' dir='ltr'><strong>ut</strong></span> 
     </span>
    </p>
   </div>
   <div class='ocr_carea' id='block_1_103' title="bbox 1992 4642 3570 4716">
    <p class='ocr_par' dir='ltr' id='par_1_103' title="bbox 1992 4642 3570 4716">
     <span class='ocr_line' id='line_1_103' title="bbox 1992 4642 3570 4716; baseline -0.001 -20"><span class='ocrx_word' id='word_1_645' title='bbox 1992 4645 2036 4697; x_wconf 88' lang='lat' dir='ltr'><strong>is</strong></span> <span class='ocrx_word' id='word_1_646' title='bbox 2068 4644 2155 4711; x_wconf 87' lang='lat' dir='ltr'><strong>qui</strong></span> <span class='ocrx_word' id='word_1_647' title='bbox 2191 4643 2518 4715; x_wconf 44' lang='lat' dir='ltr'><strong>adhsalutem</strong></span> <span class='ocrx_word' id='word_1_648' title='bbox 2547 4644 3239 4716; x_wconf 45' lang='lat' dir='ltr'><strong>defensionemquegenit,</strong></span> <span class='ocrx_word' id='word_1_649' title='bbox 3269 4642 3435 4698; x_wconf 86' lang='lat' dir='ltr'><strong>tantis</strong></span> <span class='ocrx_word' id='word_1_650' title='bbox 3463 4658 3570 4696; x_wconf 32' lang='lat' dir='ltr'><strong>ma-v</strong></span> 
     </span>
    </p>
   </div>
   <div class='ocr_carea' id='block_1_104' title="bbox 1993 4735 2443 4788">
    <p class='ocr_par' dir='ltr' id='par_1_104' title="bbox 1993 4735 2443 4788">
     <span class='ocr_line' id='line_1_104' title="bbox 1993 4735 2443 4788; baseline -0.004 0"><span class='ocrx_word' id='word_1_651' title='bbox 1993 4735 2056 4788; x_wconf 85' lang='lat' dir='ltr'><strong>Iis</strong></span> <span class='ocrx_word' id='word_1_652' title='bbox 2084 4735 2307 4788; x_wconf 75' lang='lat' dir='ltr'><strong>allectus</strong></span> <span class='ocrx_word' id='word_1_653' title='bbox 2339 4735 2443 4788; x_wconf 87' lang='lat' dir='ltr'><strong>sit?</strong></span> 
     </span>
    </p>
   </div>
   <div class='ocr_carea' id='block_1_105' title="bbox 2061 4827 2909 4884">
    <p class='ocr_par' dir='ltr' id='par_1_105' title="bbox 2061 4827 2909 4884">
     <span class='ocr_line' id='line_1_105' title="bbox 2061 4827 2909 4884; baseline 0.002 -3"><span class='ocrx_word' id='word_1_654' title='bbox 2061 4827 2230 4881; x_wconf 74' lang='lat' dir='ltr'><strong>Vens.</strong></span> <span class='ocrx_word' id='word_1_655' title='bbox 2268 4827 2355 4880; x_wconf 81' lang='lat' dir='ltr'><strong>l7.</strong></span> <span class='ocrx_word' id='word_1_656' title='bbox 2385 4839 2451 4883; x_wconf 71' lang='lat' dir='ltr'><strong>bl</strong></span> <span class='ocrx_word' id='word_1_657' title='bbox 2483 4846 2584 4883; x_wconf 90' lang='lat' dir='ltr'><strong>non</strong></span> <span class='ocrx_word' id='word_1_658' title='bbox 2610 4829 2818 4882; x_wconf 83' lang='lat' dir='ltr'><strong>tradam</strong></span> <span class='ocrx_word' id='word_1_659' title='bbox 2842 4841 2909 4884; x_wconf 85' lang='lat' dir='ltr'><strong>te.</strong></span> 
     </span>
    </p>
   </div>
   <div class='ocr_carea' id='block_1_106' title="bbox 2066 4919 3310 4991">
    <p class='ocr_par' dir='ltr' id='par_1_106' title="bbox 2066 4919 3310 4991">
     <span class='ocr_line' id='line_1_106' title="bbox 2066 4919 3310 4991; baseline 0 -17"><span class='ocrx_word' id='word_1_660' title='bbox 2066 4921 2251 4991; x_wconf 83' lang='lat' dir='ltr'><strong>Neque</strong></span> <span class='ocrx_word' id='word_1_661' title='bbox 2277 4938 2427 4979; x_wconf 77' lang='lat' dir='ltr'><strong>enim</strong></span> <span class='ocrx_word' id='word_1_662' title='bbox 2465 4924 2736 4991; x_wconf 51' lang='lat' dir='ltr'><strong>peritfuua</strong></span> <span class='ocrx_word' id='word_1_663' title='bbox 2768 4937 2889 4975; x_wconf 89' lang='lat' dir='ltr'><strong>cum</strong></span> <span class='ocrx_word' id='word_1_664' title='bbox 2919 4920 3084 4990; x_wconf 89' lang='lat' dir='ltr'><strong>impio</strong></span> <span class='ocrx_word' id='word_1_665' title='bbox 3113 4919 3310 4989; x_wconf 83' lang='lat' dir='ltr'><strong>justus.</strong></span> 
     </span>
    </p>
   </div>
   <div class='ocr_carea' id='block_1_107' title="bbox 2631 5031 2926 5090">
    <p class='ocr_par' dir='ltr' id='par_1_107' title="bbox 2631 5031 2926 5090">
     <span class='ocr_line' id='line_1_107' title="bbox 2631 5031 2926 5090; baseline -0.017 0"><span class='ocrx_word' id='word_1_666' title='bbox 2631 5034 2784 5090; x_wconf 87' lang='lat' dir='ltr'><strong>CAP.</strong></span> <span class='ocrx_word' id='word_1_667' title='bbox 2813 5031 2926 5087; x_wconf 82' lang='lat' dir='ltr'><strong>XL.</strong></span> 
     </span>
    </p>
   </div>
   <div class='ocr_carea' id='block_1_108' title="bbox 2081 5150 3322 5216">
    <p class='ocr_par' dir='ltr' id='par_1_108' title="bbox 2081 5150 3322 5216">
     <span class='ocr_line' id='line_1_108' title="bbox 2081 5150 3322 5216; baseline -0.003 -13"><span class='ocrx_word' id='word_1_668' title='bbox 2081 5152 2240 5204; x_wconf 68' lang='lat' dir='ltr'><strong>Vens.</strong></span> <span class='ocrx_word' id='word_1_669' title='bbox 2270 5153 2322 5204; x_wconf 73' lang='lat' dir='ltr'><strong>El.</strong></span> <span class='ocrx_word' id='word_1_670' title='bbox 2359 5150 2427 5204; x_wconf 87' lang='lat' dir='ltr'><strong>Et</strong></span> <span class='ocrx_word' id='word_1_671' title='bbox 2450 5150 2572 5203; x_wconf 82' lang='lat' dir='ltr'><strong>tulit</strong></span> <span class='ocrx_word' id='word_1_672' title='bbox 2603 5166 2717 5202; x_wconf 86' lang='lat' dir='ltr'><strong>eum</strong></span> <span class='ocrx_word' id='word_1_673' title='bbox 2741 5151 2985 5216; x_wconf 81' lang='lat' dir='ltr'><strong>princeps</strong></span> <span class='ocrx_word' id='word_1_674' title='bbox 3016 5161 3322 5216; x_wconf 85' lang='lat' dir='ltr'><strong>coquorunt.</strong></span> 
     </span>
    </p>
   </div>
   <div class='ocr_carea' id='block_1_109' title="bbox 2073 5235 3573 5312">
    <p class='ocr_par' dir='ltr' id='par_1_109' title="bbox 2073 5235 3573 5312">
     <span class='ocr_line' id='line_1_109' title="bbox 2073 5235 3573 5312; baseline -0.006 -14"><span class='ocrx_word' id='word_1_675' title='bbox 2073 5243 2310 5312; x_wconf 82' lang='lat' dir='ltr'><strong>Percipit</strong></span> <span class='ocrx_word' id='word_1_676' title='bbox 2343 5242 2556 5296; x_wconf 86' lang='lat' dir='ltr'><strong>tandem</strong></span> <span class='ocrx_word' id='word_1_677' title='bbox 2614 5249 2896 5296; x_wconf 87' lang='lat' dir='ltr'><strong>universus</strong></span> <span class='ocrx_word' id='word_1_678' title='bbox 2951 5239 3228 5294; x_wconf 82' lang='lat' dir='ltr'><strong>exercitus</strong></span> <span class='ocrx_word' id='word_1_679' title='bbox 3275 5235 3573 5307; x_wconf 85' lang='lat' dir='ltr'><strong>prophetiae</strong></span> 
     </span>
    </p>
   </div>
   <div class='ocr_carea' id='block_1_110' title="bbox 1999 5326 3572 5402">
    <p class='ocr_par' dir='ltr' id='par_1_110' title="bbox 1999 5326 3572 5402">
     <span class='ocr_line' id='line_1_110' title="bbox 1999 5326 3572 5402; baseline -0.008 -13"><span class='ocrx_word' id='word_1_680' title='bbox 1999 5336 2127 5389; x_wconf 88' lang='lat' dir='ltr'><strong>vim.</strong></span> <span class='ocrx_word' id='word_1_681' title='bbox 2161 5333 2418 5389; x_wconf 88' lang='lat' dir='ltr'><strong>Sedecias</strong></span> <span class='ocrx_word' id='word_1_682' title='bbox 2446 5348 2573 5387; x_wconf 89' lang='lat' dir='ltr'><strong>vero</strong></span> <span class='ocrx_word' id='word_1_683' title='bbox 2608 5332 2780 5402; x_wconf 77' lang='lat' dir='ltr'><strong>fugit;</strong></span> <span class='ocrx_word' id='word_1_684' title='bbox 2809 5333 3032 5402; x_wconf 86' lang='lat' dir='ltr'><strong>putabat</strong></span> <span class='ocrx_word' id='word_1_685' title='bbox 3065 5332 3208 5385; x_wconf 90' lang='lat' dir='ltr'><strong>enim</strong></span> <span class='ocrx_word' id='word_1_686' title='bbox 3237 5326 3572 5398; x_wconf 86' lang='lat' dir='ltr'><strong>prophetiam</strong></span> 
     </span>
    </p>
   </div>
   <div class='ocr_carea' id='block_1_111' title="bbox 2001 5415 3575 5492">
    <p class='ocr_par' dir='ltr' id='par_1_111' title="bbox 2001 5415 3575 5492">
     <span class='ocr_line' id='line_1_111' title="bbox 2001 5415 3575 5492; baseline -0.006 -12"><span class='ocrx_word' id='word_1_687' title='bbox 2001 5427 2223 5484; x_wconf 20' lang='lat' dir='ltr'><strong>irritam.</strong></span> <span class='ocrx_word' id='word_1_688' title='bbox 2274 5425 2472 5478; x_wconf 79' lang='lat' dir='ltr'><strong>facere.</strong></span> <span class='ocrx_word' id='word_1_689' title='bbox 2524 5422 2628 5478; x_wconf 85' lang='lat' dir='ltr'><strong>Sed</strong></span> <span class='ocrx_word' id='word_1_690' title='bbox 2664 5437 2857 5492; x_wconf 85' lang='lat' dir='ltr'><strong>captus</strong></span> <span class='ocrx_word' id='word_1_691' title='bbox 2898 5433 3000 5486; x_wconf 88' lang='lat' dir='ltr'><strong>est,</strong></span> <span class='ocrx_word' id='word_1_692' title='bbox 3057 5431 3110 5474; x_wconf 84' lang='lat' dir='ltr'><strong>et</strong></span> <span class='ocrx_word' id='word_1_693' title='bbox 3162 5418 3394 5487; x_wconf 82' lang='lat' dir='ltr'><strong>ingentis</strong></span> <span class='ocrx_word' id='word_1_694' title='bbox 3447 5415 3575 5470; x_wconf 87' lang='lat' dir='ltr'><strong>mali</strong></span> 
     </span>
    </p>
   </div>
   <div class='ocr_carea' id='block_1_112' title="bbox 2005 5512 3576 5584">
    <p class='ocr_par' dir='ltr' id='par_1_112' title="bbox 2005 5512 3576 5584">
     <span class='ocr_line' id='line_1_112' title="bbox 2005 5512 3576 5584; baseline -0.008 -12"><span class='ocrx_word' id='word_1_695' title='bbox 2005 5525 2276 5584; x_wconf 83' lang='lat' dir='ltr'><strong>spectator</strong></span> <span class='ocrx_word' id='word_1_696' title='bbox 2298 5515 2392 5581; x_wconf 82' lang='lat' dir='ltr'><strong>iit;</strong></span> <span class='ocrx_word' id='word_1_697' title='bbox 2426 5516 2581 5569; x_wconf 80' lang='lat' dir='ltr'><strong>teSIis</strong></span> <span class='ocrx_word' id='word_1_698' title='bbox 2613 5516 2857 5569; x_wconf 60' lang='lat' dir='ltr'><strong>filiorum</strong></span> <span class='ocrx_word' id='word_1_699' title='bbox 2902 5515 3051 5568; x_wconf 86' lang='lat' dir='ltr'><strong>necis</strong></span> <span class='ocrx_word' id='word_1_700' title='bbox 3079 5512 3196 5574; x_wconf 85' lang='lat' dir='ltr'><strong>luit,</strong></span> <span class='ocrx_word' id='word_1_701' title='bbox 3227 5519 3279 5566; x_wconf 91' lang='lat' dir='ltr'><strong>et</strong></span> <span class='ocrx_word' id='word_1_702' title='bbox 3311 5523 3376 5562; x_wconf 90' lang='lat' dir='ltr'><strong>eo</strong></span> <span class='ocrx_word' id='word_1_703' title='bbox 3407 5519 3576 5575; x_wconf 87' lang='lat' dir='ltr'><strong>usque</strong></span> 
     </span>
    </p>
   </div>
   <div class='ocr_carea' id='block_1_113' title="bbox 2001 5601 3575 5678">
    <p class='ocr_par' dir='ltr' id='par_1_113' title="bbox 2001 5601 3575 5678">
     <span class='ocr_line' id='line_1_113' title="bbox 2001 5601 3575 5678; baseline -0.008 -16"><span class='ocrx_word' id='word_1_704' title='bbox 2001 5611 2114 5678; x_wconf 87' lang='lat' dir='ltr'><strong>ejus</strong></span> <span class='ocrx_word' id='word_1_705' title='bbox 2155 5611 2340 5665; x_wconf 78' lang='lat' dir='ltr'><strong>omdos</strong></span> <span class='ocrx_word' id='word_1_706' title='bbox 2383 5617 2598 5677; x_wconf 87' lang='lat' dir='ltr'><strong>apertos</strong></span> <span class='ocrx_word' id='word_1_707' title='bbox 2645 5624 2768 5662; x_wconf 83' lang='lat' dir='ltr'><strong>esse</strong></span> <span class='ocrx_word' id='word_1_708' title='bbox 2811 5607 2997 5670; x_wconf 73' lang='lat' dir='ltr'><strong>\-0|u&#39;u,</strong></span> <span class='ocrx_word' id='word_1_709' title='bbox 3041 5606 3214 5670; x_wconf 77' lang='lat' dir='ltr'><strong>quoad</strong></span> <span class='ocrx_word' id='word_1_710' title='bbox 3273 5601 3404 5653; x_wconf 79' lang='lat' dir='ltr'><strong>vidit</strong></span> <span class='ocrx_word' id='word_1_711' title='bbox 3449 5613 3575 5652; x_wconf 88' lang='lat' dir='ltr'><strong>suas</strong></span> 
     </span>
    </p>
   </div>
   <div class='ocr_carea' id='block_1_114' title="bbox 2001 5689 3574 5765">
    <p class='ocr_par' dir='ltr' id='par_1_114' title="bbox 2001 5689 3574 5765">
     <span class='ocr_line' id='line_1_114' title="bbox 2001 5689 3574 5765; baseline -0.009 -11"><span class='ocrx_word' id='word_1_712' title='bbox 2001 5716 2287 5755; x_wconf 78' lang='lat' dir='ltr'><strong>:erumnas.</strong></span> <span class='ocrx_word' id='word_1_713' title='bbox 2321 5697 2385 5751; x_wconf 88' lang='lat' dir='ltr'><strong>Et</strong></span> <span class='ocrx_word' id='word_1_714' title='bbox 2410 5709 2521 5765; x_wconf 73' lang='lat' dir='ltr'><strong>post</strong></span> <span class='ocrx_word' id='word_1_715' title='bbox 2553 5714 2741 5765; x_wconf 87' lang='lat' dir='ltr'><strong>pauca.</strong></span> <span class='ocrx_word' id='word_1_716' title='bbox 2773 5725 2842 5736; x_wconf 87' lang='lat'><strong>——</strong></span> <span class='ocrx_word' id='word_1_717' title='bbox 2871 5696 3128 5764; x_wconf 81' lang='lat' dir='ltr'><strong>Deditque</strong></span> <span class='ocrx_word' id='word_1_718' title='bbox 3165 5693 3442 5748; x_wconf 82' lang='lat' dir='ltr'><strong>Jeremiam</strong></span> <span class='ocrx_word' id='word_1_719' title='bbox 3468 5689 3574 5742; x_wconf 83' lang='lat' dir='ltr'><strong>Go-</strong></span> 
     </span>
    </p>
   </div>
   <div class='ocr_carea' id='block_1_115' title="bbox 2011 5785 3554 5855">
    <p class='ocr_par' dir='ltr' id='par_1_115' title="bbox 2011 5785 3554 5855">
     <span class='ocr_line' id='line_1_115' title="bbox 2011 5785 3554 5855; baseline -0.01 -11"><span class='ocrx_word' id='word_1_720' title='bbox 2011 5792 2183 5846; x_wconf 70' lang='lat' dir='ltr'><strong>dclitc.</strong></span> <span class='ocrx_word' id='word_1_721' title='bbox 2213 5791 2273 5845; x_wconf 68' lang='lat' dir='ltr'><strong>[ﬁt</strong></span> <span class='ocrx_word' id='word_1_722' title='bbox 2299 5789 2583 5844; x_wconf 82' lang='lat' dir='ltr'><strong>considera</strong></span> <span class='ocrx_word' id='word_1_723' title='bbox 2611 5789 2843 5843; x_wconf 63' lang='lat' dir='ltr'><strong>divinam</strong></span> <span class='ocrx_word' id='word_1_724' title='bbox 2869 5785 3260 5855; x_wconf 81' lang='lat' dir='ltr'><strong>providentiam</strong></span> <span class='ocrx_word' id='word_1_725' title='bbox 3297 5798 3309 5835; x_wconf 89' lang='lat'><strong>:</strong></span> <span class='ocrx_word' id='word_1_726' title='bbox 3340 5789 3554 5850; x_wconf 62' lang='lat' dir='ltr'><strong>specum</strong></span> 
     </span>
    </p>
   </div>
  </div>
