  <div class='ocr_page' id='page_1' title='image "/cluster/home/n/w/nwhite01/storage/ocr_20150623/64/mdp.39015024651708/545.png"; bbox 0 0 4016 6152; ppageno 0'>
   <div class='ocr_carea' id='block_1_1' title="bbox 416 309 558 366">
    <p class='ocr_par' dir='ltr' id='par_1_1' title="bbox 416 309 558 366">
     <span class='ocr_line' id='line_1_1' title="bbox 416 309 558 366; baseline 0.021 -3"><span class='ocrx_word' id='word_1_1' title='bbox 416 309 558 366; x_wconf 75' lang='grc'>1007</span> 
     </span>
    </p>
   </div>
   <div class='ocr_carea' id='block_1_2' title="bbox 1163 306 2947 394">
    <p class='ocr_par' dir='ltr' id='par_1_2' title="bbox 1163 306 2947 394">
     <span class='ocr_line' id='line_1_2' title="bbox 1163 306 2947 394; baseline -0.002 -30"><span class='ocrx_word' id='word_1_2' title='bbox 1163 390 1167 394; x_wconf 18' lang='grc'><strong><em>1</em></strong></span> <span class='ocrx_word' id='word_1_3' title='bbox 1225 306 1791 364; x_wconf 80' lang='lat' dir='ltr'><strong>SUPPLEMENTUM</strong></span> <span class='ocrx_word' id='word_1_4' title='bbox 1833 309 1927 362; x_wconf 81' lang='lat' dir='ltr'><strong>AD</strong></span> <span class='ocrx_word' id='word_1_5' title='bbox 1969 311 2026 365; x_wconf 88' lang='lat' dir='ltr'><strong>S.</strong></span> <span class='ocrx_word' id='word_1_6' title='bbox 2068 308 2116 365; x_wconf 78' lang='lat' dir='ltr'><strong>J.</strong></span> <span class='ocrx_word' id='word_1_7' title='bbox 2158 307 2654 366; x_wconf 80' lang='lat' dir='ltr'><strong>CIIRVSOSTOMI</strong></span> <span class='ocrx_word' id='word_1_8' title='bbox 2693 306 2947 364; x_wconf 76' lang='lat' dir='ltr'><strong>OPERA.</strong></span> 
     </span>
    </p>
   </div>
   <div class='ocr_carea' id='block_1_3' title="bbox 3540 302 3681 360">
    <p class='ocr_par' dir='ltr' id='par_1_3' title="bbox 3540 302 3681 360">
     <span class='ocr_line' id='line_1_3' title="bbox 3540 302 3681 360; baseline 0.007 -1"><span class='ocrx_word' id='word_1_9' title='bbox 3540 302 3681 360; x_wconf 77' lang='grc'><strong>1008</strong></span> 
     </span>
    </p>
   </div>
   <div class='ocr_carea' id='block_1_4' title="bbox 418 411 2025 490">
    <p class='ocr_par' dir='ltr' id='par_1_4' title="bbox 418 419 1994 490">
     <span class='ocr_line' id='line_1_4' title="bbox 418 419 1994 490; baseline -0.003 -14"><span class='ocrx_word' id='word_1_10' title='bbox 418 427 562 479; x_wconf 86' lang='lat' dir='ltr'><strong>tihus</strong></span> <span class='ocrx_word' id='word_1_11' title='bbox 579 425 849 489; x_wconf 75' lang='lat' dir='ltr'><strong>niunihus,</strong></span> <span class='ocrx_word' id='word_1_12' title='bbox 883 421 1246 490; x_wconf 85' lang='lat' dir='ltr'><strong>omnibusque</strong></span> <span class='ocrx_word' id='word_1_13' title='bbox 1286 419 1574 484; x_wconf 75' lang='lat' dir='ltr'><strong>devinctis,</strong></span> <span class='ocrx_word' id='word_1_14' title='bbox 1604 421 1692 474; x_wconf 91' lang='lat' dir='ltr'><strong>hic</strong></span> <span class='ocrx_word' id='word_1_15' title='bbox 1718 420 1994 489; x_wconf 70' lang='lat' dir='ltr'><strong>solvitur;</strong></span> 
     </span>
    </p>
   </div>
   <div class='ocr_carea' id='block_1_5' title="bbox 2137 411 3683 490">
    <p class='ocr_par' dir='ltr' id='par_1_5' title="bbox 2137 411 3683 490">
     <span class='ocr_line' id='line_1_5' title="bbox 2137 411 3683 490; baseline -0.003 -17"><span class='ocrx_word' id='word_1_16' title='bbox 2137 419 2195 474; x_wconf 90' lang='grc' dir='ltr'><strong>οῦ</strong></span> <span class='ocrx_word' id='word_1_17' title='bbox 2231 419 2369 473; x_wconf 83' lang='grc' dir='ltr'><strong>Θεοῦ</strong></span> <span class='ocrx_word' id='word_1_18' title='bbox 2419 419 2520 490; x_wconf 77' lang='grc' dir='ltr'>τὴν</span> <span class='ocrx_word' id='word_1_19' title='bbox 2567 420 2883 488; x_wconf 76' lang='grc' dir='ltr'><strong>οἰκονομίαν</strong></span> <span class='ocrx_word' id='word_1_20' title='bbox 2909 433 2925 447; x_wconf 76' lang='grc' dir='ltr'><strong><em>ο</em></strong></span> <span class='ocrx_word' id='word_1_21' title='bbox 2985 412 3204 468; x_wconf 88' lang='grc' dir='ltr'>πάντων</span> <span class='ocrx_word' id='word_1_22' title='bbox 3263 411 3542 485; x_wconf 80' lang='grc' dir='ltr'><strong>ὁρώντων,</strong></span> <span class='ocrx_word' id='word_1_23' title='bbox 3587 416 3683 468; x_wconf 73' lang='grc' dir='ltr'>καὶ</span> 
     </span>
    </p>
   </div>
   <div class='ocr_carea' id='block_1_6' title="bbox 419 511 1996 584">
    <p class='ocr_par' dir='ltr' id='par_1_6' title="bbox 419 511 1996 584">
     <span class='ocr_line' id='line_1_6' title="bbox 419 511 1996 584; baseline -0.001 -15"><span class='ocrx_word' id='word_1_24' title='bbox 419 515 759 584; x_wconf 80' lang='lat' dir='ltr'><strong>splendidum</strong></span> <span class='ocrx_word' id='word_1_25' title='bbox 803 513 876 568; x_wconf 85' lang='lat' dir='ltr'><strong>illi</strong></span> <span class='ocrx_word' id='word_1_26' title='bbox 929 511 1297 584; x_wconf 90' lang='lat' dir='ltr'><strong>spectaculum</strong></span> <span class='ocrx_word' id='word_1_27' title='bbox 1352 514 1540 578; x_wconf 90' lang='lat' dir='ltr'><strong>adest;</strong></span> <span class='ocrx_word' id='word_1_28' title='bbox 1589 521 1822 566; x_wconf 83' lang='lat' dir='ltr'><strong>testatur</strong></span> <span class='ocrx_word' id='word_1_29' title='bbox 1877 511 1996 582; x_wconf 89' lang='lat' dir='ltr'><strong>ipse</strong></span> 
     </span>
    </p>
   </div>
   <div class='ocr_carea' id='block_1_7' title="bbox 418 603 1997 674">
    <p class='ocr_par' dir='ltr' id='par_1_7' title="bbox 418 603 1997 674">
     <span class='ocr_line' id='line_1_7' title="bbox 418 603 1997 674; baseline -0.001 -16"><span class='ocrx_word' id='word_1_30' title='bbox 418 620 598 659; x_wconf 92' lang='lat' dir='ltr'><strong>rerum</strong></span> <span class='ocrx_word' id='word_1_31' title='bbox 633 615 894 671; x_wconf 81' lang='lat' dir='ltr'><strong>eventus;</strong></span> <span class='ocrx_word' id='word_1_32' title='bbox 926 612 1160 660; x_wconf 77' lang='lat' dir='ltr'><strong>testatur</strong></span> <span class='ocrx_word' id='word_1_33' title='bbox 1182 615 1236 658; x_wconf 91' lang='lat' dir='ltr'><strong>et</strong></span> <span class='ocrx_word' id='word_1_34' title='bbox 1260 605 1373 674; x_wconf 90' lang='lat' dir='ltr'><strong>ipse</strong></span> <span class='ocrx_word' id='word_1_35' title='bbox 1397 603 1486 674; x_wconf 85' lang='lat' dir='ltr'><strong>qui</strong></span> <span class='ocrx_word' id='word_1_36' title='bbox 1517 603 1839 658; x_wconf 77' lang='lat' dir='ltr'><strong>beneﬁcium</strong></span> <span class='ocrx_word' id='word_1_37' title='bbox 1867 619 1997 657; x_wconf 85' lang='lat' dir='ltr'><strong>con-</strong></span> 
     </span>
    </p>
   </div>
   <div class='ocr_carea' id='block_1_8' title="bbox 419 694 1996 762">
    <p class='ocr_par' dir='ltr' id='par_1_8' title="bbox 419 694 1996 762">
     <span class='ocr_line' id='line_1_8' title="bbox 419 694 1996 762; baseline 0 -14"><span class='ocrx_word' id='word_1_38' title='bbox 419 696 558 751; x_wconf 85' lang='lat' dir='ltr'><strong>tulit.</strong></span> <span class='ocrx_word' id='word_1_39' title='bbox 597 694 714 751; x_wconf 82' lang='lat' dir='ltr'><strong>Non</strong></span> <span class='ocrx_word' id='word_1_40' title='bbox 743 697 940 752; x_wconf 84' lang='lat' dir='ltr'><strong>audisti</strong></span> <span class='ocrx_word' id='word_1_41' title='bbox 967 695 1283 762; x_wconf 83' lang='lat' dir='ltr'><strong>Jeremiam,</strong></span> <span class='ocrx_word' id='word_1_42' title='bbox 1306 695 1490 750; x_wconf 65' lang='lat' dir='ltr'><strong>Iudaee</strong></span> <span class='ocrx_word' id='word_1_43' title='bbox 1509 714 1524 762; x_wconf 90' lang='lat'><strong>;</strong></span> <span class='ocrx_word' id='word_1_44' title='bbox 1546 696 1668 750; x_wconf 86' lang='lat' dir='ltr'><strong>audi</strong></span> <span class='ocrx_word' id='word_1_45' title='bbox 1699 695 1996 749; x_wconf 87' lang='lat' dir='ltr'><strong>Barbarum</strong></span> 
     </span>
    </p>
   </div>
   <div class='ocr_carea' id='block_1_9' title="bbox 417 787 1997 856">
    <p class='ocr_par' dir='ltr' id='par_1_9' title="bbox 417 787 1997 856">
     <span class='ocr_line' id='line_1_9' title="bbox 417 787 1997 856; baseline -0.001 -14"><span class='ocrx_word' id='word_1_46' title='bbox 417 788 684 842; x_wconf 85' lang='lat' dir='ltr'><strong>dicentem</strong></span> <span class='ocrx_word' id='word_1_47' title='bbox 719 806 732 842; x_wconf 95' lang='lat'><strong>:</strong></span> <span class='ocrx_word' id='word_1_48' title='bbox 779 787 1036 843; x_wconf 88' lang='lat' dir='ltr'><strong>Domiuus</strong></span> <span class='ocrx_word' id='word_1_49' title='bbox 1067 787 1207 842; x_wconf 88' lang='lat' dir='ltr'><strong>Deus</strong></span> <span class='ocrx_word' id='word_1_50' title='bbox 1246 798 1368 842; x_wconf 88' lang='lat' dir='ltr'><strong>tuus</strong></span> <span class='ocrx_word' id='word_1_51' title='bbox 1397 788 1600 842; x_wconf 82' lang='lat' dir='ltr'><strong>locutus</strong></span> <span class='ocrx_word' id='word_1_52' title='bbox 1623 797 1698 841; x_wconf 83' lang='lat' dir='ltr'><strong>est</strong></span> <span class='ocrx_word' id='word_1_53' title='bbox 1731 803 1887 856; x_wconf 89' lang='lat' dir='ltr'><strong>super</strong></span> <span class='ocrx_word' id='word_1_54' title='bbox 1916 787 1997 841; x_wconf 89' lang='lat' dir='ltr'><strong>lo-</strong></span> 
     </span>
    </p>
   </div>
   <div class='ocr_carea' id='block_1_10' title="bbox 417 877 2000 949">
    <p class='ocr_par' dir='ltr' id='par_1_10' title="bbox 417 877 2000 949">
     <span class='ocr_line' id='line_1_10' title="bbox 417 877 2000 949; baseline 0 -17"><span class='ocrx_word' id='word_1_55' title='bbox 417 896 535 933; x_wconf 88' lang='lat' dir='ltr'><strong>cum</strong></span> <span class='ocrx_word' id='word_1_56' title='bbox 591 881 730 933; x_wconf 80' lang='lat' dir='ltr'><strong>hunc</strong></span> <span class='ocrx_word' id='word_1_57' title='bbox 759 881 939 934; x_wconf 81' lang='lat' dir='ltr'><strong>omnia</strong></span> <span class='ocrx_word' id='word_1_58' title='bbox 961 881 1105 934; x_wconf 87' lang='lat' dir='ltr'><strong>mala</strong></span> <span class='ocrx_word' id='word_1_59' title='bbox 1133 880 1278 945; x_wconf 79' lang='lat' dir='ltr'><strong>hwc;</strong></span> <span class='ocrx_word' id='word_1_60' title='bbox 1309 889 1356 934; x_wconf 84' lang='lat' dir='ltr'><strong>et</strong></span> <span class='ocrx_word' id='word_1_61' title='bbox 1383 879 1507 949; x_wconf 74' lang='lat' dir='ltr'><strong>fecit</strong></span> <span class='ocrx_word' id='word_1_62' title='bbox 1553 877 1850 940; x_wconf 83' lang='lat' dir='ltr'><strong>Dominus;</strong></span> <span class='ocrx_word' id='word_1_63' title='bbox 1874 879 2000 948; x_wconf 87' lang='lat' dir='ltr'><strong>quia</strong></span> 
     </span>
    </p>
   </div>
   <div class='ocr_carea' id='block_1_11' title="bbox 416 968 1999 1041">
    <p class='ocr_par' dir='ltr' id='par_1_11' title="bbox 416 968 1999 1041">
     <span class='ocr_line' id='line_1_11' title="bbox 416 968 1999 1041; baseline 0.001 -17"><span class='ocrx_word' id='word_1_64' title='bbox 416 973 671 1040; x_wconf 74' lang='lat' dir='ltr'><strong>peccastis</strong></span> <span class='ocrx_word' id='word_1_65' title='bbox 692 972 795 1037; x_wconf 87' lang='lat' dir='ltr'><strong>illi,</strong></span> <span class='ocrx_word' id='word_1_66' title='bbox 821 982 870 1026; x_wconf 88' lang='lat' dir='ltr'><strong>et</strong></span> <span class='ocrx_word' id='word_1_67' title='bbox 903 987 1008 1026; x_wconf 85' lang='lat' dir='ltr'><strong>non</strong></span> <span class='ocrx_word' id='word_1_68' title='bbox 1030 971 1256 1025; x_wconf 82' lang='lat' dir='ltr'><strong>audistis</strong></span> <span class='ocrx_word' id='word_1_69' title='bbox 1278 987 1451 1026; x_wconf 83' lang='lat' dir='ltr'><strong>vocent</strong></span> <span class='ocrx_word' id='word_1_70' title='bbox 1471 971 1608 1041; x_wconf 84' lang='lat' dir='ltr'><strong>ejus.</strong></span> <span class='ocrx_word' id='word_1_71' title='bbox 1637 968 1999 1025; x_wconf 89' lang='lat' dir='ltr'><strong>Sermonibus</strong></span> 
     </span>
    </p>
   </div>
   <div class='ocr_carea' id='block_1_12' title="bbox 422 1062 2004 1132">
    <p class='ocr_par' dir='ltr' id='par_1_12' title="bbox 422 1062 2004 1132">
     <span class='ocr_line' id='line_1_12' title="bbox 422 1062 2004 1132; baseline -0.002 -14"><span class='ocrx_word' id='word_1_72' title='bbox 422 1065 514 1119; x_wconf 89' lang='lat' dir='ltr'><strong>Dei</strong></span> <span class='ocrx_word' id='word_1_73' title='bbox 564 1079 669 1119; x_wconf 89' lang='lat' dir='ltr'><strong>non</strong></span> <span class='ocrx_word' id='word_1_74' title='bbox 726 1065 1030 1131; x_wconf 85' lang='lat' dir='ltr'><strong>credidisti,</strong></span> <span class='ocrx_word' id='word_1_75' title='bbox 1053 1065 1338 1120; x_wconf 85' lang='lat' dir='ltr'><strong>credentes</strong></span> <span class='ocrx_word' id='word_1_76' title='bbox 1367 1063 1578 1118; x_wconf 85' lang='lat' dir='ltr'><strong>videbis</strong></span> <span class='ocrx_word' id='word_1_77' title='bbox 1611 1081 1626 1116; x_wconf 90' lang='lat'>:</span> <span class='ocrx_word' id='word_1_78' title='bbox 1663 1062 1785 1118; x_wconf 91' lang='lat' dir='ltr'><strong>illos</strong></span> <span class='ocrx_word' id='word_1_79' title='bbox 1837 1063 2004 1132; x_wconf 77' lang='lat' dir='ltr'><strong>igitur</strong></span> 
     </span>
    </p>
   </div>
   <div class='ocr_carea' id='block_1_13' title="bbox 420 1157 912 1228">
    <p class='ocr_par' dir='ltr' id='par_1_13' title="bbox 420 1157 912 1228">
     <span class='ocr_line' id='line_1_13' title="bbox 420 1157 912 1228; baseline 0 -17"><span class='ocrx_word' id='word_1_80' title='bbox 420 1157 560 1211; x_wconf 83' lang='lat' dir='ltr'><strong>habe</strong></span> <span class='ocrx_word' id='word_1_81' title='bbox 602 1158 912 1228; x_wconf 79' lang='lat' dir='ltr'><strong>magistros.</strong></span> 
     </span>
    </p>
   </div>
   <div class='ocr_carea' id='block_1_14' title="bbox 495 1414 1175 1472">
    <p class='ocr_par' dir='ltr' id='par_1_14' title="bbox 495 1414 1175 1472">
     <span class='ocr_line' id='line_1_14' title="bbox 495 1414 1175 1472; baseline 0.001 -4"><span class='ocrx_word' id='word_1_82' title='bbox 495 1414 661 1470; x_wconf 76' lang='lat' dir='ltr'><strong>Vens.</strong></span> <span class='ocrx_word' id='word_1_83' title='bbox 693 1417 749 1472; x_wconf 73' lang='grc'>4.</span> <span class='ocrx_word' id='word_1_84' title='bbox 782 1414 921 1470; x_wconf 83' lang='lat' dir='ltr'><strong>Ecce</strong></span> <span class='ocrx_word' id='word_1_85' title='bbox 948 1433 1076 1471; x_wconf 70' lang='lat' dir='ltr'><strong>sotvt</strong></span> <span class='ocrx_word' id='word_1_86' title='bbox 1106 1424 1175 1470; x_wconf 88' lang='lat' dir='ltr'><strong>te.</strong></span> 
     </span>
    </p>
   </div>
   <div class='ocr_carea' id='block_1_15' title="bbox 491 1503 2003 1588">
    <p class='ocr_par' dir='ltr' id='par_1_15' title="bbox 491 1503 2003 1588">
     <span class='ocr_line' id='line_1_15' title="bbox 491 1503 2003 1588; baseline -0.001 -27"><span class='ocrx_word' id='word_1_87' title='bbox 491 1507 572 1562; x_wconf 92' lang='lat' dir='ltr'><strong>En</strong></span> <span class='ocrx_word' id='word_1_88' title='bbox 605 1524 741 1588; x_wconf 84' lang='lat' dir='ltr'><strong>quos</strong></span> <span class='ocrx_word' id='word_1_89' title='bbox 799 1509 1134 1578; x_wconf 78' lang='lat' dir='ltr'><strong>exspectavit</strong></span> <span class='ocrx_word' id='word_1_90' title='bbox 1165 1507 1230 1562; x_wconf 90' lang='lat' dir='ltr'><strong>ad</strong></span> <span class='ocrx_word' id='word_1_91' title='bbox 1277 1507 1600 1578; x_wconf 87' lang='lat' dir='ltr'><strong>prophetam</strong></span> <span class='ocrx_word' id='word_1_92' title='bbox 1631 1503 2003 1562; x_wconf 84' lang='lat' dir='ltr'><strong>liberandum.</strong></span> 
     </span>
    </p>
   </div>
   <div class='ocr_carea' id='block_1_16' title="bbox 499 1600 1505 1655">
    <p class='ocr_par' dir='ltr' id='par_1_16' title="bbox 499 1600 1505 1655">
     <span class='ocr_line' id='line_1_16' title="bbox 499 1600 1505 1655; baseline -0.001 -1"><span class='ocrx_word' id='word_1_93' title='bbox 499 1600 563 1654; x_wconf 88' lang='lat' dir='ltr'><strong>Si</strong></span> <span class='ocrx_word' id='word_1_94' title='bbox 594 1601 785 1654; x_wconf 83' lang='lat' dir='ltr'><strong>bonum</strong></span> <span class='ocrx_word' id='word_1_95' title='bbox 817 1617 991 1654; x_wconf 90' lang='lat' dir='ltr'><strong>coram</strong></span> <span class='ocrx_word' id='word_1_96' title='bbox 1010 1609 1059 1654; x_wconf 81' lang='lat' dir='ltr'><strong>te</strong></span> <span class='ocrx_word' id='word_1_97' title='bbox 1090 1601 1264 1655; x_wconf 77' lang='lat' dir='ltr'><strong>venire</strong></span> <span class='ocrx_word' id='word_1_98' title='bbox 1281 1616 1505 1655; x_wconf 85' lang='lat' dir='ltr'><strong>mecum.</strong></span> 
     </span>
    </p>
   </div>
   <div class='ocr_carea' id='block_1_17' title="bbox 494 1692 2006 1763">
    <p class='ocr_par' dir='ltr' id='par_1_17' title="bbox 494 1692 2006 1763">
     <span class='ocr_line' id='line_1_17' title="bbox 494 1692 2006 1763; baseline 0 -16"><span class='ocrx_word' id='word_1_99' title='bbox 494 1692 627 1749; x_wconf 89' lang='lat' dir='ltr'><strong>Plus</strong></span> <span class='ocrx_word' id='word_1_100' title='bbox 657 1693 732 1748; x_wconf 92' lang='lat' dir='ltr'><strong>illi</strong></span> <span class='ocrx_word' id='word_1_101' title='bbox 782 1695 894 1758; x_wconf 93' lang='lat' dir='ltr'><strong>dat,</strong></span> <span class='ocrx_word' id='word_1_102' title='bbox 927 1709 1089 1762; x_wconf 84' lang='lat' dir='ltr'><strong>quam</strong></span> <span class='ocrx_word' id='word_1_103' title='bbox 1135 1695 1180 1749; x_wconf 86' lang='lat' dir='ltr'><strong>si</strong></span> <span class='ocrx_word' id='word_1_104' title='bbox 1233 1693 1464 1763; x_wconf 85' lang='lat' dir='ltr'><strong>patriam</strong></span> <span class='ocrx_word' id='word_1_105' title='bbox 1513 1692 1615 1763; x_wconf 90' lang='lat' dir='ltr'><strong>ipsi</strong></span> <span class='ocrx_word' id='word_1_106' title='bbox 1671 1692 2006 1749; x_wconf 85' lang='lat' dir='ltr'><strong>tradidisset.</strong></span> 
     </span>
    </p>
   </div>
   <div class='ocr_carea' id='block_1_18' title="bbox 430 1771 2086 1855">
    <p class='ocr_par' dir='ltr' id='par_1_18' title="bbox 430 1771 2086 1855">
     <span class='ocr_line' id='line_1_18' title="bbox 430 1771 2086 1855; baseline 0 -15"><span class='ocrx_word' id='word_1_107' title='bbox 430 1784 626 1840; x_wconf 86' lang='lat' dir='ltr'><strong>Tutum</strong></span> <span class='ocrx_word' id='word_1_108' title='bbox 657 1785 734 1840; x_wconf 91' lang='lat' dir='ltr'><strong>illi</strong></span> <span class='ocrx_word' id='word_1_109' title='bbox 758 1795 1026 1840; x_wconf 90' lang='lat' dir='ltr'><strong>terrarum</strong></span> <span class='ocrx_word' id='word_1_110' title='bbox 1050 1787 1238 1841; x_wconf 91' lang='lat' dir='ltr'><strong>orbem</strong></span> <span class='ocrx_word' id='word_1_111' title='bbox 1264 1786 1462 1855; x_wconf 89' lang='lat' dir='ltr'><strong>aperit,</strong></span> <span class='ocrx_word' id='word_1_112' title='bbox 1494 1786 1638 1854; x_wconf 88' lang='lat' dir='ltr'><strong>quod</strong></span> <span class='ocrx_word' id='word_1_113' title='bbox 1690 1800 1794 1840; x_wconf 90' lang='lat' dir='ltr'><strong>non</strong></span> <span class='ocrx_word' id='word_1_114' title='bbox 1845 1785 2013 1841; x_wconf 85' lang='lat' dir='ltr'><strong>babe—</strong></span> <span class='ocrx_word' id='word_1_115' title='bbox 2044 1771 2086 1826; x_wconf 80' lang='grc' dir='ltr'><strong>Β</strong></span> 
     </span>
    </p>
   </div>
   <div class='ocr_carea' id='block_1_19' title="bbox 431 1875 2012 1946">
    <p class='ocr_par' dir='ltr' id='par_1_19' title="bbox 431 1875 2012 1946">
     <span class='ocr_line' id='line_1_19' title="bbox 431 1875 2012 1946; baseline 0.001 -17"><span class='ocrx_word' id='word_1_116' title='bbox 431 1877 524 1930; x_wconf 78' lang='lat' dir='ltr'><strong>bat</strong></span> <span class='ocrx_word' id='word_1_117' title='bbox 544 1875 757 1946; x_wconf 86' lang='lat' dir='ltr'><strong>quando</strong></span> <span class='ocrx_word' id='word_1_118' title='bbox 792 1875 846 1930; x_wconf 87' lang='lat' dir='ltr'><strong>in</strong></span> <span class='ocrx_word' id='word_1_119' title='bbox 883 1877 1056 1946; x_wconf 89' lang='lat' dir='ltr'><strong>patria</strong></span> <span class='ocrx_word' id='word_1_120' title='bbox 1083 1875 1318 1930; x_wconf 79' lang='lat' dir='ltr'><strong>vivebat.</strong></span> <span class='ocrx_word' id='word_1_121' title='bbox 1362 1875 1468 1930; x_wconf 88' lang='lat' dir='ltr'><strong>Sed</strong></span> <span class='ocrx_word' id='word_1_122' title='bbox 1512 1875 1584 1930; x_wconf 88' lang='lat' dir='ltr'><strong>ob</strong></span> <span class='ocrx_word' id='word_1_123' title='bbox 1617 1889 1786 1944; x_wconf 89' lang='lat' dir='ltr'><strong>panes</strong></span> <span class='ocrx_word' id='word_1_124' title='bbox 1827 1875 2012 1944; x_wconf 74' lang='lat' dir='ltr'><strong>egredi</strong></span> 
     </span>
    </p>
   </div>
   <div class='ocr_carea' id='block_1_20' title="bbox 429 1963 2014 2038">
    <p class='ocr_par' dir='ltr' id='par_1_20' title="bbox 429 1963 2014 2038">
     <span class='ocr_line' id='line_1_20' title="bbox 429 1963 2014 2038; baseline 0.002 -20"><span class='ocrx_word' id='word_1_125' title='bbox 429 1968 700 2024; x_wconf 85' lang='lat' dir='ltr'><strong>volentem</strong></span> <span class='ocrx_word' id='word_1_126' title='bbox 732 1967 996 2038; x_wconf 73' lang='lat' dir='ltr'><strong>ligarunt.</strong></span> <span class='ocrx_word' id='word_1_127' title='bbox 1019 1965 1156 2022; x_wconf 83' lang='lat' dir='ltr'><strong>Vide</strong></span> <span class='ocrx_word' id='word_1_128' title='bbox 1186 1976 1422 2037; x_wconf 86' lang='lat' dir='ltr'><strong>quantus</strong></span> <span class='ocrx_word' id='word_1_129' title='bbox 1466 1968 1641 2022; x_wconf 87' lang='lat' dir='ltr'><strong>honor</strong></span> <span class='ocrx_word' id='word_1_130' title='bbox 1671 1979 1702 2019; x_wconf 89' lang='lat' dir='ltr'><strong>a</strong></span> <span class='ocrx_word' id='word_1_131' title='bbox 1749 1963 2014 2033; x_wconf 82' lang='lat' dir='ltr'><strong>Barbara,</strong></span> 
     </span>
    </p>
   </div>
   <div class='ocr_carea' id='block_1_21' title="bbox 431 2058 1536 2134">
    <p class='ocr_par' dir='ltr' id='par_1_21' title="bbox 431 2058 1536 2134">
     <span class='ocr_line' id='line_1_21' title="bbox 431 2058 1536 2134; baseline 0.001 -20"><span class='ocrx_word' id='word_1_132' title='bbox 431 2069 488 2115; x_wconf 89' lang='lat' dir='ltr'><strong>et</strong></span> <span class='ocrx_word' id='word_1_133' title='bbox 513 2059 656 2115; x_wconf 91' lang='lat' dir='ltr'><strong>unde</strong></span> <span class='ocrx_word' id='word_1_134' title='bbox 684 2059 997 2130; x_wconf 66' lang='lat' dir='ltr'><strong>hocipatet</strong></span> <span class='ocrx_word' id='word_1_135' title='bbox 1030 2075 1061 2114; x_wconf 91' lang='lat' dir='ltr'><strong>e</strong></span> <span class='ocrx_word' id='word_1_136' title='bbox 1093 2058 1297 2114; x_wconf 86' lang='lat' dir='ltr'><strong>Christi</strong></span> <span class='ocrx_word' id='word_1_137' title='bbox 1335 2061 1536 2134; x_wconf 83' lang='lat' dir='ltr'><strong>gratia.</strong></span> 
     </span>
    </p>
   </div>
   <div class='ocr_carea' id='block_1_22' title="bbox 502 2245 2017 2317">
    <p class='ocr_par' dir='ltr' id='par_1_22' title="bbox 502 2245 2017 2317">
     <span class='ocr_line' id='line_1_22' title="bbox 502 2245 2017 2317; baseline 0.001 -16"><span class='ocrx_word' id='word_1_138' title='bbox 502 2247 524 2269; x_wconf 76' lang='lat'><strong><em>‘</em></strong></span> <span class='ocrx_word' id='word_1_139' title='bbox 539 2245 706 2301; x_wconf 74' lang='lat' dir='ltr'><strong>Vens.</strong></span> <span class='ocrx_word' id='word_1_140' title='bbox 739 2246 795 2301; x_wconf 84' lang='lat'><strong>5.</strong></span> <span class='ocrx_word' id='word_1_141' title='bbox 830 2245 901 2300; x_wconf 78' lang='lat' dir='ltr'><strong>Et</strong></span> <span class='ocrx_word' id='word_1_142' title='bbox 926 2254 1213 2316; x_wconf 84' lang='lat' dir='ltr'><strong>antequam</strong></span> <span class='ocrx_word' id='word_1_143' title='bbox 1233 2245 1474 2300; x_wconf 79' lang='lat' dir='ltr'><strong>recedam</strong></span> <span class='ocrx_word' id='word_1_144' title='bbox 1493 2262 1609 2317; x_wconf 89' lang='lat' dir='ltr'><strong>ego,</strong></span> <span class='ocrx_word' id='word_1_145' title='bbox 1629 2262 1842 2302; x_wconf 83' lang='lat' dir='ltr'><strong>recurre</strong></span> <span class='ocrx_word' id='word_1_146' title='bbox 1865 2255 1942 2312; x_wconf 89' lang='lat' dir='ltr'><strong>tu,</strong></span> <span class='ocrx_word' id='word_1_147' title='bbox 1967 2257 2017 2302; x_wconf 85' lang='lat' dir='ltr'><strong>et</strong></span> 
     </span>
    </p>
   </div>
   <div class='ocr_carea' id='block_1_23' title="bbox 433 2337 2016 2411">
    <p class='ocr_par' dir='ltr' id='par_1_23' title="bbox 433 2337 2016 2411">
     <span class='ocr_line' id='line_1_23' title="bbox 433 2337 2016 2411; baseline 0.003 -18"><span class='ocrx_word' id='word_1_148' title='bbox 433 2340 550 2395; x_wconf 86' lang='lat' dir='ltr'><strong>redi</strong></span> <span class='ocrx_word' id='word_1_149' title='bbox 579 2341 649 2394; x_wconf 86' lang='lat' dir='ltr'><strong>ad</strong></span> <span class='ocrx_word' id='word_1_150' title='bbox 683 2337 960 2396; x_wconf 81' lang='lat' dir='ltr'><strong>Godoliam</strong></span> <span class='ocrx_word' id='word_1_151' title='bbox 979 2338 1153 2408; x_wconf 80' lang='lat' dir='ltr'><strong>ﬁlium</strong></span> <span class='ocrx_word' id='word_1_152' title='bbox 1176 2339 1449 2396; x_wconf 80' lang='lat' dir='ltr'><strong>Achicam.</strong></span> <span class='ocrx_word' id='word_1_153' title='bbox 1468 2339 1534 2394; x_wconf 80' lang='lat' dir='ltr'><strong>Et</strong></span> <span class='ocrx_word' id='word_1_154' title='bbox 1550 2355 1670 2411; x_wconf 73' lang='lat' dir='ltr'><strong>qua:</strong></span> <span class='ocrx_word' id='word_1_155' title='bbox 1694 2348 2016 2410; x_wconf 87' lang='lat' dir='ltr'><strong>sequuntur.</strong></span> 
     </span>
    </p>
   </div>
   <div class='ocr_carea' id='block_1_24' title="bbox 511 2524 2022 2596">
    <p class='ocr_par' dir='ltr' id='par_1_24' title="bbox 511 2524 2022 2596">
     <span class='ocr_line' id='line_1_24' title="bbox 511 2524 2022 2596; baseline 0.001 -17"><span class='ocrx_word' id='word_1_156' title='bbox 511 2525 707 2581; x_wconf 77' lang='lat' dir='ltr'><strong>Adhuc</strong></span> <span class='ocrx_word' id='word_1_157' title='bbox 759 2525 1001 2582; x_wconf 78' lang='lat' dir='ltr'><strong>exercitu</strong></span> <span class='ocrx_word' id='word_1_158' title='bbox 1045 2532 1375 2595; x_wconf 77' lang='lat' dir='ltr'><strong>congregato</strong></span> <span class='ocrx_word' id='word_1_159' title='bbox 1401 2539 1430 2579; x_wconf 89' lang='lat' dir='ltr'><strong>a</strong></span> <span class='ocrx_word' id='word_1_160' title='bbox 1465 2539 1592 2596; x_wconf 84' lang='lat' dir='ltr'><strong>rege</strong></span> <span class='ocrx_word' id='word_1_161' title='bbox 1649 2524 1847 2580; x_wconf 86' lang='lat' dir='ltr'><strong>missus</strong></span> <span class='ocrx_word' id='word_1_162' title='bbox 1893 2537 2022 2593; x_wconf 87' lang='lat' dir='ltr'><strong>pro-</strong></span> 
     </span>
    </p>
   </div>
   <div class='ocr_carea' id='block_1_25' title="bbox 439 2615 2022 2687">
    <p class='ocr_par' dir='ltr' id='par_1_25' title="bbox 439 2615 2022 2687">
     <span class='ocr_line' id='line_1_25' title="bbox 439 2615 2022 2687; baseline 0.001 -15"><span class='ocrx_word' id='word_1_163' title='bbox 439 2617 661 2687; x_wconf 85' lang='lat' dir='ltr'><strong>phetam</strong></span> <span class='ocrx_word' id='word_1_164' title='bbox 692 2616 923 2685; x_wconf 89' lang='lat' dir='ltr'><strong>dimisit,</strong></span> <span class='ocrx_word' id='word_1_165' title='bbox 957 2632 1025 2672; x_wconf 90' lang='lat' dir='ltr'><strong>ne</strong></span> <span class='ocrx_word' id='word_1_166' title='bbox 1078 2617 1126 2673; x_wconf 89' lang='lat' dir='ltr'><strong>si</strong></span> <span class='ocrx_word' id='word_1_167' title='bbox 1177 2617 1354 2673; x_wconf 90' lang='lat' dir='ltr'><strong>solum</strong></span> <span class='ocrx_word' id='word_1_168' title='bbox 1406 2616 1765 2682; x_wconf 86' lang='lat' dir='ltr'><strong>invenissent,</strong></span> <span class='ocrx_word' id='word_1_169' title='bbox 1793 2615 1872 2671; x_wconf 89' lang='lat' dir='ltr'><strong>uti</strong></span> <span class='ocrx_word' id='word_1_170' title='bbox 1895 2616 2022 2673; x_wconf 89' lang='lat' dir='ltr'><strong>alie-</strong></span> 
     </span>
    </p>
   </div>
   <div class='ocr_carea' id='block_1_26' title="bbox 441 2709 995 2765">
    <p class='ocr_par' dir='ltr' id='par_1_26' title="bbox 441 2709 995 2765">
     <span class='ocr_line' id='line_1_26' title="bbox 441 2709 995 2765; baseline -0.002 -1"><span class='ocrx_word' id='word_1_171' title='bbox 441 2724 572 2764; x_wconf 86' lang='lat' dir='ltr'><strong>num</strong></span> <span class='ocrx_word' id='word_1_172' title='bbox 602 2709 995 2765; x_wconf 81' lang='lat' dir='ltr'><strong>interﬁcerent.</strong></span> 
     </span>
    </p>
   </div>
   <div class='ocr_carea' id='block_1_27' title="bbox 512 2803 2025 2875">
    <p class='ocr_par' dir='ltr' id='par_1_27' title="bbox 512 2803 2025 2875">
     <span class='ocr_line' id='line_1_27' title="bbox 512 2803 2025 2875; baseline 0.004 -20"><span class='ocrx_word' id='word_1_173' title='bbox 512 2803 594 2856; x_wconf 84' lang='lat' dir='ltr'><strong>Ad</strong></span> <span class='ocrx_word' id='word_1_174' title='bbox 620 2803 749 2872; x_wconf 87' lang='lat' dir='ltr'><strong>quid</strong></span> <span class='ocrx_word' id='word_1_175' title='bbox 773 2803 914 2858; x_wconf 86' lang='lat' dir='ltr'><strong>hoc?</strong></span> <span class='ocrx_word' id='word_1_176' title='bbox 943 2817 1011 2858; x_wconf 91' lang='lat' dir='ltr'><strong>ne</strong></span> <span class='ocrx_word' id='word_1_177' title='bbox 1041 2803 1171 2874; x_wconf 88' lang='lat' dir='ltr'><strong>quid</strong></span> <span class='ocrx_word' id='word_1_178' title='bbox 1198 2813 1319 2874; x_wconf 88' lang='lat' dir='ltr'><strong>post</strong></span> <span class='ocrx_word' id='word_1_179' title='bbox 1350 2818 1624 2860; x_wconf 88' lang='lat' dir='ltr'><strong>recessum</strong></span> <span class='ocrx_word' id='word_1_180' title='bbox 1657 2803 1860 2860; x_wconf 84' lang='lat' dir='ltr'><strong>violare</strong></span> <span class='ocrx_word' id='word_1_181' title='bbox 1892 2819 2025 2875; x_wconf 89' lang='lat' dir='ltr'><strong>pos-</strong></span> 
     </span>
    </p>
   </div>
   <div class='ocr_carea' id='block_1_28' title="bbox 445 2897 2023 2955">
    <p class='ocr_par' dir='ltr' id='par_1_28' title="bbox 445 2897 2023 2955">
     <span class='ocr_line' id='line_1_28' title="bbox 445 2897 2023 2955; baseline 0.002 -3"><span class='ocrx_word' id='word_1_182' title='bbox 445 2897 518 2952; x_wconf 89' lang='lat' dir='ltr'><strong>sit</strong></span> <span class='ocrx_word' id='word_1_183' title='bbox 571 2897 894 2953; x_wconf 76' lang='lat' dir='ltr'><strong>beneficium</strong></span> <span class='ocrx_word' id='word_1_184' title='bbox 943 2913 1148 2953; x_wconf 88' lang='lat' dir='ltr'><strong>meum.</strong></span> <span class='ocrx_word' id='word_1_185' title='bbox 1175 2897 1272 2954; x_wconf 89' lang='lat' dir='ltr'><strong>Vel</strong></span> <span class='ocrx_word' id='word_1_186' title='bbox 1324 2909 1383 2952; x_wconf 88' lang='lat' dir='ltr'><strong>ut</strong></span> <span class='ocrx_word' id='word_1_187' title='bbox 1418 2899 1726 2954; x_wconf 85' lang='lat' dir='ltr'><strong>videntibus</strong></span> <span class='ocrx_word' id='word_1_188' title='bbox 1770 2898 2023 2955; x_wconf 85' lang='lat' dir='ltr'><strong>omnibus</strong></span> 
     </span>
    </p>
   </div>
   <div class='ocr_carea' id='block_1_29' title="bbox 444 2990 694 3046">
    <p class='ocr_par' dir='ltr' id='par_1_29' title="bbox 444 2990 694 3046">
     <span class='ocr_line' id='line_1_29' title="bbox 444 2990 694 3046; baseline 0 -2"><span class='ocrx_word' id='word_1_189' title='bbox 444 2990 552 3046; x_wconf 89' lang='lat' dir='ltr'><strong>hoc</strong></span> <span class='ocrx_word' id='word_1_190' title='bbox 581 2991 694 3045; x_wconf 88' lang='lat' dir='ltr'><strong>liat.</strong></span> 
     </span>
    </p>
   </div>
   <div class='ocr_carea' id='block_1_30' title="bbox 518 3081 1520 3139">
    <p class='ocr_par' dir='ltr' id='par_1_30' title="bbox 518 3081 1520 3139">
     <span class='ocr_line' id='line_1_30' title="bbox 518 3081 1520 3139; baseline 0.003 -4"><span class='ocrx_word' id='word_1_191' title='bbox 518 3082 682 3136; x_wconf 73' lang='lat' dir='ltr'><strong>Vens.</strong></span> <span class='ocrx_word' id='word_1_192' title='bbox 715 3083 770 3136; x_wconf 88' lang='lat'><strong>6.</strong></span> <span class='ocrx_word' id='word_1_193' title='bbox 800 3082 869 3137; x_wconf 85' lang='lat' dir='ltr'><strong>Et</strong></span> <span class='ocrx_word' id='word_1_194' title='bbox 899 3085 1034 3139; x_wconf 79' lang='lat' dir='ltr'><strong>venit</strong></span> <span class='ocrx_word' id='word_1_195' title='bbox 1067 3083 1136 3136; x_wconf 82' lang='lat' dir='ltr'><strong>ad</strong></span> <span class='ocrx_word' id='word_1_196' title='bbox 1158 3081 1460 3138; x_wconf 82' lang='lat' dir='ltr'><strong>Godoliam.</strong></span> <span class='ocrx_word' id='word_1_197' title='bbox 1515 3096 1520 3101; x_wconf 79' lang='lat'><strong>‘</strong></span> 
     </span>
    </p>
   </div>
   <div class='ocr_carea' id='block_1_31' title="bbox 517 3171 2029 3245">
    <p class='ocr_par' dir='ltr' id='par_1_31' title="bbox 517 3171 2029 3245">
     <span class='ocr_line' id='line_1_31' title="bbox 517 3171 2029 3245; baseline 0.003 -19"><span class='ocrx_word' id='word_1_198' title='bbox 517 3171 678 3237; x_wconf 92' lang='lat' dir='ltr'><strong>Vide,</strong></span> <span class='ocrx_word' id='word_1_199' title='bbox 701 3189 904 3242; x_wconf 67' lang='lat' dir='ltr'><strong>quaeso,</strong></span> <span class='ocrx_word' id='word_1_200' title='bbox 929 3174 1328 3244; x_wconf 84' lang='lat' dir='ltr'><strong>providentiam</strong></span> <span class='ocrx_word' id='word_1_201' title='bbox 1350 3173 1465 3240; x_wconf 87' lang='lat' dir='ltr'><strong>Dei,</strong></span> <span class='ocrx_word' id='word_1_202' title='bbox 1484 3173 1576 3242; x_wconf 91' lang='lat' dir='ltr'><strong>qui</strong></span> <span class='ocrx_word' id='word_1_203' title='bbox 1597 3181 1650 3228; x_wconf 87' lang='lat' dir='ltr'><strong>et</strong></span> <span class='ocrx_word' id='word_1_204' title='bbox 1676 3184 1798 3243; x_wconf 86' lang='lat' dir='ltr'><strong>post</strong></span> <span class='ocrx_word' id='word_1_205' title='bbox 1816 3174 2029 3245; x_wconf 77' lang='lat' dir='ltr'><strong>irroga-</strong></span> 
     </span>
    </p>
   </div>
   <div class='ocr_carea' id='block_1_32' title="bbox 451 3263 2032 3334">
    <p class='ocr_par' dir='ltr' id='par_1_32' title="bbox 451 3263 2032 3334">
     <span class='ocr_line' id='line_1_32' title="bbox 451 3263 2032 3334; baseline 0.003 -18"><span class='ocrx_word' id='word_1_206' title='bbox 451 3275 533 3318; x_wconf 85' lang='lat' dir='ltr'><strong>tas</strong></span> <span class='ocrx_word' id='word_1_207' title='bbox 567 3279 758 3333; x_wconf 74' lang='lat' dir='ltr'><strong>pmnas</strong></span> <span class='ocrx_word' id='word_1_208' title='bbox 803 3263 1026 3317; x_wconf 85' lang='lat' dir='ltr'><strong>multam</strong></span> <span class='ocrx_word' id='word_1_209' title='bbox 1044 3277 1234 3318; x_wconf 86' lang='lat' dir='ltr'><strong>eorum</strong></span> <span class='ocrx_word' id='word_1_210' title='bbox 1279 3277 1467 3316; x_wconf 89' lang='lat' dir='ltr'><strong>curam</strong></span> <span class='ocrx_word' id='word_1_211' title='bbox 1495 3263 1654 3332; x_wconf 78' lang='lat' dir='ltr'><strong>gerit,</strong></span> <span class='ocrx_word' id='word_1_212' title='bbox 1689 3279 1793 3320; x_wconf 88' lang='lat' dir='ltr'><strong>non</strong></span> <span class='ocrx_word' id='word_1_213' title='bbox 1831 3268 2032 3334; x_wconf 84' lang='lat' dir='ltr'><strong>permi-</strong></span> 
     </span>
    </p>
   </div>
   <div class='ocr_carea' id='block_1_33' title="bbox 448 3357 2032 3430">
    <p class='ocr_par' dir='ltr' id='par_1_33' title="bbox 448 3357 2032 3430">
     <span class='ocr_line' id='line_1_33' title="bbox 448 3357 2032 3430; baseline -0.001 -14"><span class='ocrx_word' id='word_1_214' title='bbox 448 3361 523 3416; x_wconf 85' lang='lat' dir='ltr'><strong>sit</strong></span> <span class='ocrx_word' id='word_1_215' title='bbox 555 3369 616 3413; x_wconf 89' lang='lat' dir='ltr'><strong>ut</strong></span> <span class='ocrx_word' id='word_1_216' title='bbox 642 3358 908 3415; x_wconf 83' lang='lat' dir='ltr'><strong>Jeremias</strong></span> <span class='ocrx_word' id='word_1_217' title='bbox 925 3358 1256 3430; x_wconf 78' lang='lat' dir='ltr'><strong>Babylonem</strong></span> <span class='ocrx_word' id='word_1_218' title='bbox 1291 3357 1416 3413; x_wconf 89' lang='lat' dir='ltr'><strong>iret.</strong></span> <span class='ocrx_word' id='word_1_219' title='bbox 1448 3357 1582 3411; x_wconf 85' lang='lat' dir='ltr'><strong>Nam</strong></span> <span class='ocrx_word' id='word_1_220' title='bbox 1629 3359 1755 3427; x_wconf 88' lang='lat' dir='ltr'><strong>quia</strong></span> <span class='ocrx_word' id='word_1_221' title='bbox 1781 3360 2032 3430; x_wconf 84' lang='lat' dir='ltr'><strong>populus</strong></span> 
     </span>
    </p>
   </div>
   <div class='ocr_carea' id='block_1_34' title="bbox 448 3448 2034 3520">
    <p class='ocr_par' dir='ltr' id='par_1_34' title="bbox 448 3448 2034 3520">
     <span class='ocr_line' id='line_1_34' title="bbox 448 3448 2034 3520; baseline -0.001 -16"><span class='ocrx_word' id='word_1_222' title='bbox 448 3450 505 3505; x_wconf 87' lang='lat' dir='ltr'><strong>in</strong></span> <span class='ocrx_word' id='word_1_223' title='bbox 535 3449 672 3505; x_wconf 84' lang='lat' dir='ltr'><strong>duas</strong></span> <span class='ocrx_word' id='word_1_224' title='bbox 694 3457 874 3519; x_wconf 83' lang='lat' dir='ltr'><strong>partes</strong></span> <span class='ocrx_word' id='word_1_225' title='bbox 902 3449 1110 3505; x_wconf 89' lang='lat' dir='ltr'><strong>divisus</strong></span> <span class='ocrx_word' id='word_1_226' title='bbox 1150 3457 1291 3514; x_wconf 87' lang='lat' dir='ltr'><strong>erat,</strong></span> <span class='ocrx_word' id='word_1_227' title='bbox 1325 3456 1380 3504; x_wconf 84' lang='lat' dir='ltr'><strong>et</strong></span> <span class='ocrx_word' id='word_1_228' title='bbox 1409 3463 1512 3502; x_wconf 87' lang='lat' dir='ltr'><strong>una</strong></span> <span class='ocrx_word' id='word_1_229' title='bbox 1551 3448 1768 3517; x_wconf 89' lang='lat' dir='ltr'><strong>quidem</strong></span> <span class='ocrx_word' id='word_1_230' title='bbox 1800 3448 2034 3520; x_wconf 85' lang='lat' dir='ltr'><strong>Babylo-</strong></span> 
     </span>
    </p>
   </div>
   <div class='ocr_carea' id='block_1_35' title="bbox 451 3539 2033 3612">
    <p class='ocr_par' dir='ltr' id='par_1_35' title="bbox 451 3539 2033 3612">
     <span class='ocr_line' id='line_1_35' title="bbox 451 3539 2033 3612; baseline 0.001 -18"><span class='ocrx_word' id='word_1_231' title='bbox 451 3555 576 3595; x_wconf 88' lang='lat' dir='ltr'><strong>nem</strong></span> <span class='ocrx_word' id='word_1_232' title='bbox 620 3539 722 3595; x_wconf 87' lang='lat' dir='ltr'><strong>l&#39;uit</strong></span> <span class='ocrx_word' id='word_1_233' title='bbox 740 3540 994 3607; x_wconf 87' lang='lat' dir='ltr'><strong>abducta,</strong></span> <span class='ocrx_word' id='word_1_234' title='bbox 1024 3540 1194 3595; x_wconf 87' lang='lat' dir='ltr'><strong>altera</strong></span> <span class='ocrx_word' id='word_1_235' title='bbox 1225 3553 1358 3595; x_wconf 90' lang='lat' dir='ltr'><strong>vero</strong></span> <span class='ocrx_word' id='word_1_236' title='bbox 1386 3541 1442 3595; x_wconf 91' lang='lat' dir='ltr'><strong>in</strong></span> <span class='ocrx_word' id='word_1_237' title='bbox 1490 3539 1782 3612; x_wconf 66' lang='lat' dir='ltr'><strong>Egyptum</strong></span> <span class='ocrx_word' id='word_1_238' title='bbox 1823 3542 2033 3610; x_wconf 86' lang='lat' dir='ltr'><strong>captiva</strong></span> 
     </span>
    </p>
   </div>
   <div class='ocr_carea' id='block_1_36' title="bbox 454 3632 2031 3696">
    <p class='ocr_par' dir='ltr' id='par_1_36' title="bbox 454 3632 2031 3696">
     <span class='ocr_line' id='line_1_36' title="bbox 454 3632 2031 3696; baseline 0 -9"><span class='ocrx_word' id='word_1_239' title='bbox 454 3634 721 3696; x_wconf 87' lang='lat' dir='ltr'><strong>ducenda,</strong></span> <span class='ocrx_word' id='word_1_240' title='bbox 761 3633 846 3688; x_wconf 93' lang='lat' dir='ltr'><strong>his</strong></span> <span class='ocrx_word' id='word_1_241' title='bbox 881 3632 1027 3688; x_wconf 90' lang='lat' dir='ltr'><strong>hunc</strong></span> <span class='ocrx_word' id='word_1_242' title='bbox 1060 3633 1382 3688; x_wconf 84' lang='lat' dir='ltr'><strong>reservavit.</strong></span> <span class='ocrx_word' id='word_1_243' title='bbox 1419 3632 1805 3688; x_wconf 85' lang='lat' dir='ltr'><strong>Habebantilli</strong></span> <span class='ocrx_word' id='word_1_244' title='bbox 1836 3632 2031 3687; x_wconf 87' lang='lat' dir='ltr'><strong>Danie-</strong></span> 
     </span>
    </p>
   </div>
   <div class='ocr_carea' id='block_1_37' title="bbox 453 3721 2031 3794">
    <p class='ocr_par' dir='ltr' id='par_1_37' title="bbox 453 3721 2031 3794">
     <span class='ocr_line' id='line_1_37' title="bbox 453 3721 2031 3794; baseline 0.001 -18"><span class='ocrx_word' id='word_1_245' title='bbox 453 3721 562 3777; x_wconf 92' lang='lat' dir='ltr'><strong>lem</strong></span> <span class='ocrx_word' id='word_1_246' title='bbox 592 3731 647 3777; x_wconf 91' lang='lat' dir='ltr'><strong>et</strong></span> <span class='ocrx_word' id='word_1_247' title='bbox 687 3722 1056 3779; x_wconf 81' lang='lat' dir='ltr'><strong>Ezechielem.</strong></span> <span class='ocrx_word' id='word_1_248' title='bbox 1110 3721 1228 3778; x_wconf 85' lang='lat' dir='ltr'><strong>Non</strong></span> <span class='ocrx_word' id='word_1_249' title='bbox 1260 3723 1374 3778; x_wconf 87' lang='lat' dir='ltr'><strong>vult</strong></span> <span class='ocrx_word' id='word_1_250' title='bbox 1417 3724 1582 3794; x_wconf 77' lang='lat' dir='ltr'><strong>igitur</strong></span> <span class='ocrx_word' id='word_1_251' title='bbox 1628 3724 1797 3779; x_wconf 75' lang='lat' dir='ltr'><strong>latius</strong></span> <span class='ocrx_word' id='word_1_252' title='bbox 1831 3724 2031 3778; x_wconf 90' lang='lat' dir='ltr'><strong>inlirmi</strong></span> 
     </span>
    </p>
   </div>
   <div class='ocr_carea' id='block_1_38' title="bbox 454 3813 2033 3884">
    <p class='ocr_par' dir='ltr' id='par_1_38' title="bbox 454 3813 2033 3884">
     <span class='ocr_line' id='line_1_38' title="bbox 454 3813 2033 3884; baseline 0.001 -17"><span class='ocrx_word' id='word_1_253' title='bbox 454 3813 706 3882; x_wconf 85' lang='lat' dir='ltr'><strong>corporis</strong></span> <span class='ocrx_word' id='word_1_254' title='bbox 745 3814 800 3866; x_wconf 87' lang='lat' dir='ltr'><strong>in</strong></span> <span class='ocrx_word' id='word_1_255' title='bbox 825 3828 992 3868; x_wconf 83' lang='lat' dir='ltr'><strong>unum</strong></span> <span class='ocrx_word' id='word_1_256' title='bbox 1033 3814 1273 3869; x_wconf 88' lang='lat' dir='ltr'><strong>medicos</strong></span> <span class='ocrx_word' id='word_1_257' title='bbox 1302 3827 1661 3884; x_wconf 76' lang='lat' dir='ltr'><strong>congregare,</strong></span> <span class='ocrx_word' id='word_1_258' title='bbox 1689 3828 1759 3869; x_wconf 89' lang='lat' dir='ltr'><strong>ne</strong></span> <span class='ocrx_word' id='word_1_259' title='bbox 1789 3829 1918 3883; x_wconf 87' lang='lat' dir='ltr'><strong>pars</strong></span> <span class='ocrx_word' id='word_1_260' title='bbox 1952 3813 2033 3868; x_wconf 82' lang='lat' dir='ltr'><strong>al-</strong></span> 
     </span>
    </p>
   </div>
   <div class='ocr_carea' id='block_1_39' title="bbox 459 3904 2037 3976">
    <p class='ocr_par' dir='ltr' id='par_1_39' title="bbox 459 3904 2037 3976">
     <span class='ocr_line' id='line_1_39' title="bbox 459 3904 2037 3976; baseline 0.002 -18"><span class='ocrx_word' id='word_1_261' title='bbox 459 3913 576 3960; x_wconf 86' lang='lat' dir='ltr'><strong>tera</strong></span> <span class='ocrx_word' id='word_1_262' title='bbox 621 3904 907 3974; x_wconf 87' lang='lat' dir='ltr'><strong>plusquam</strong></span> <span class='ocrx_word' id='word_1_263' title='bbox 965 3907 1253 3976; x_wconf 86' lang='lat' dir='ltr'><strong>oportebat</strong></span> <span class='ocrx_word' id='word_1_264' title='bbox 1307 3907 1556 3974; x_wconf 83' lang='lat' dir='ltr'><strong>haberet,</strong></span> <span class='ocrx_word' id='word_1_265' title='bbox 1587 3907 1759 3961; x_wconf 88' lang='lat' dir='ltr'><strong>altera</strong></span> <span class='ocrx_word' id='word_1_266' title='bbox 1815 3920 2037 3975; x_wconf 85' lang='lat' dir='ltr'><strong>prorsus</strong></span> 
     </span>
    </p>
   </div>
   <div class='ocr_carea' id='block_1_40' title="bbox 459 3995 2036 4069">
    <p class='ocr_par' dir='ltr' id='par_1_40' title="bbox 459 3995 2036 4069">
     <span class='ocr_line' id='line_1_40' title="bbox 459 3995 2036 4069; baseline 0.003 -20"><span class='ocrx_word' id='word_1_267' title='bbox 459 3995 622 4061; x_wconf 88' lang='lat' dir='ltr'><strong>nihil,</strong></span> <span class='ocrx_word' id='word_1_268' title='bbox 648 3996 742 4050; x_wconf 89' lang='lat' dir='ltr'><strong>sed</strong></span> <span class='ocrx_word' id='word_1_269' title='bbox 770 4011 1105 4066; x_wconf 85' lang='lat' dir='ltr'><strong>unaquaeque</strong></span> <span class='ocrx_word' id='word_1_270' title='bbox 1141 4015 1239 4069; x_wconf 87' lang='lat' dir='ltr'><strong>pro</strong></span> <span class='ocrx_word' id='word_1_271' title='bbox 1283 4009 1402 4054; x_wconf 88' lang='lat' dir='ltr'><strong>rata</strong></span> <span class='ocrx_word' id='word_1_272' title='bbox 1437 3999 1717 4069; x_wconf 83' lang='lat' dir='ltr'><strong>portione;</strong></span> <span class='ocrx_word' id='word_1_273' title='bbox 1767 3999 1862 4054; x_wconf 90' lang='lat' dir='ltr'><strong>sed</strong></span> <span class='ocrx_word' id='word_1_274' title='bbox 1893 4000 2036 4067; x_wconf 89' lang='lat' dir='ltr'><strong>quod</strong></span> 
     </span>
    </p>
   </div>
   <div class='ocr_carea' id='block_1_41' title="bbox 458 4087 2037 4159">
    <p class='ocr_par' dir='ltr' id='par_1_41' title="bbox 458 4087 2037 4159">
     <span class='ocr_line' id='line_1_41' title="bbox 458 4087 2037 4159; baseline 0.001 -18"><span class='ocrx_word' id='word_1_275' title='bbox 458 4087 516 4142; x_wconf 84' lang='lat' dir='ltr'><strong>in</strong></span> <span class='ocrx_word' id='word_1_276' title='bbox 540 4088 800 4158; x_wconf 85' lang='lat' dir='ltr'><strong>apostolis</strong></span> <span class='ocrx_word' id='word_1_277' title='bbox 843 4098 1139 4154; x_wconf 84' lang='lat' dir='ltr'><strong>servatum,</strong></span> <span class='ocrx_word' id='word_1_278' title='bbox 1179 4088 1312 4157; x_wconf 88' lang='lat' dir='ltr'><strong>ipsis</strong></span> <span class='ocrx_word' id='word_1_279' title='bbox 1363 4104 1578 4159; x_wconf 90' lang='lat' dir='ltr'><strong>quoquo</strong></span> <span class='ocrx_word' id='word_1_280' title='bbox 1606 4102 1824 4144; x_wconf 86' lang='lat' dir='ltr'><strong>versum</strong></span> <span class='ocrx_word' id='word_1_281' title='bbox 1857 4087 2037 4144; x_wconf 84' lang='lat' dir='ltr'><strong>disse—</strong></span> 
     </span>
    </p>
   </div>
   <div class='ocr_carea' id='block_1_42' title="bbox 462 4179 2035 4248">
    <p class='ocr_par' dir='ltr' id='par_1_42' title="bbox 462 4179 2035 4248">
     <span class='ocr_line' id='line_1_42' title="bbox 462 4179 2035 4248; baseline 0 -13"><span class='ocrx_word' id='word_1_282' title='bbox 462 4182 701 4247; x_wconf 85' lang='lat' dir='ltr'><strong>minatis,</strong></span> <span class='ocrx_word' id='word_1_283' title='bbox 732 4197 801 4238; x_wconf 88' lang='lat' dir='ltr'><strong>ne</strong></span> <span class='ocrx_word' id='word_1_284' title='bbox 834 4183 886 4236; x_wconf 93' lang='lat' dir='ltr'><strong>in</strong></span> <span class='ocrx_word' id='word_1_285' title='bbox 918 4197 1085 4237; x_wconf 87' lang='lat' dir='ltr'><strong>unum</strong></span> <span class='ocrx_word' id='word_1_286' title='bbox 1119 4182 1304 4238; x_wconf 84' lang='lat' dir='ltr'><strong>sidera</strong></span> <span class='ocrx_word' id='word_1_287' title='bbox 1341 4181 1719 4248; x_wconf 84' lang='lat' dir='ltr'><strong>convenirent,</strong></span> <span class='ocrx_word' id='word_1_288' title='bbox 1755 4180 1862 4237; x_wconf 87' lang='lat' dir='ltr'><strong>hoc</strong></span> <span class='ocrx_word' id='word_1_289' title='bbox 1893 4190 1948 4235; x_wconf 89' lang='lat' dir='ltr'><strong>et</strong></span> <span class='ocrx_word' id='word_1_290' title='bbox 1982 4179 2035 4236; x_wconf 90' lang='lat' dir='ltr'><strong>in</strong></span> 
     </span>
    </p>
   </div>
   <div class='ocr_carea' id='block_1_43' title="bbox 460 4273 1290 4346">
    <p class='ocr_par' dir='ltr' id='par_1_43' title="bbox 460 4273 1290 4346">
     <span class='ocr_line' id='line_1_43' title="bbox 460 4273 1290 4346; baseline 0.006 -20"><span class='ocrx_word' id='word_1_291' title='bbox 460 4273 738 4345; x_wconf 85' lang='lat' dir='ltr'><strong>prophetis</strong></span> <span class='ocrx_word' id='word_1_292' title='bbox 763 4275 922 4346; x_wconf 83' lang='lat' dir='ltr'><strong>plane</strong></span> <span class='ocrx_word' id='word_1_293' title='bbox 962 4275 1165 4331; x_wconf 78' lang='lat' dir='ltr'><strong>factum</strong></span> <span class='ocrx_word' id='word_1_294' title='bbox 1185 4284 1290 4332; x_wconf 84' lang='lat' dir='ltr'><strong>est.</strong></span> 
     </span>
    </p>
   </div>
   <div class='ocr_carea' id='block_1_44' title="bbox 1065 4594 1437 4673">
    <p class='ocr_par' dir='ltr' id='par_1_44' title="bbox 1065 4594 1437 4673">
     <span class='ocr_line' id='line_1_44' title="bbox 1065 4594 1437 4673; baseline -0.008 -22"><span class='ocrx_word' id='word_1_295' title='bbox 1065 4594 1437 4673; x_wconf 10' lang='lat' dir='ltr'><strong>CAP.XLLV</strong></span> 
     </span>
    </p>
   </div>
   <div class='ocr_carea' id='block_1_45' title="bbox 537 4730 1440 4788">
    <p class='ocr_par' dir='ltr' id='par_1_45' title="bbox 537 4730 1440 4788">
     <span class='ocr_line' id='line_1_45' title="bbox 537 4730 1440 4788; baseline -0.002 -2"><span class='ocrx_word' id='word_1_296' title='bbox 537 4732 703 4788; x_wconf 74' lang='lat' dir='ltr'><strong>Vsus.</strong></span> <span class='ocrx_word' id='word_1_297' title='bbox 725 4731 780 4785; x_wconf 77' lang='grc'>2.</span> <span class='ocrx_word' id='word_1_298' title='bbox 807 4730 876 4786; x_wconf 84' lang='grc' dir='ltr'>Ει</span> <span class='ocrx_word' id='word_1_299' title='bbox 901 4734 1188 4786; x_wconf 70' lang='lat' dir='ltr'><strong>resurrexit</strong></span> <span class='ocrx_word' id='word_1_300' title='bbox 1219 4730 1440 4786; x_wconf 87' lang='lat' dir='ltr'><strong>Ismael.</strong></span> 
     </span>
    </p>
   </div>
   <div class='ocr_carea' id='block_1_46' title="bbox 531 4821 2043 4892">
    <p class='ocr_par' dir='ltr' id='par_1_46' title="bbox 531 4821 2043 4892">
     <span class='ocr_line' id='line_1_46' title="bbox 531 4821 2043 4892; baseline -0.001 -14"><span class='ocrx_word' id='word_1_301' title='bbox 531 4824 642 4878; x_wconf 87' lang='lat' dir='ltr'><strong>Cur</strong></span> <span class='ocrx_word' id='word_1_302' title='bbox 679 4824 820 4879; x_wconf 89' lang='lat' dir='ltr'><strong>Deus</strong></span> <span class='ocrx_word' id='word_1_303' title='bbox 877 4823 1126 4892; x_wconf 89' lang='lat' dir='ltr'><strong>permisit</strong></span> <span class='ocrx_word' id='word_1_304' title='bbox 1173 4823 1347 4878; x_wconf 89' lang='lat' dir='ltr'><strong>occidi</strong></span> <span class='ocrx_word' id='word_1_305' title='bbox 1412 4821 1957 4891; x_wconf 86' lang='lat' dir='ltr'><strong>hominem,probum</strong></span> <span class='ocrx_word' id='word_1_306' title='bbox 1987 4829 2043 4876; x_wconf 91' lang='lat' dir='ltr'><strong>et</strong></span> 
     </span>
    </p>
   </div>
   <div class='ocr_carea' id='block_1_47' title="bbox 463 4911 2040 4993">
    <p class='ocr_par' dir='ltr' id='par_1_47' title="bbox 463 4911 2040 4993">
     <span class='ocr_line' id='line_1_47' title="bbox 463 4911 2040 4993; baseline -0.001 -23"><span class='ocrx_word' id='word_1_307' title='bbox 463 4917 788 4979; x_wconf 85' lang='lat' dir='ltr'><strong>modestum,</strong></span> <span class='ocrx_word' id='word_1_308' title='bbox 827 4923 1087 4984; x_wconf 85' lang='lat' dir='ltr'><strong>tantaque</strong></span> <span class='ocrx_word' id='word_1_309' title='bbox 1137 4911 1351 4969; x_wconf 73' lang='lat' dir='ltr'><strong>Judaeos</strong></span> <span class='ocrx_word' id='word_1_310' title='bbox 1409 4913 1724 4970; x_wconf 81' lang='lat' dir='ltr'><strong>defensione</strong></span> <span class='ocrx_word' id='word_1_311' title='bbox 1763 4921 2040 4993; x_wconf 74' lang='lat' dir='ltr'><strong>tuentem,</strong></span> 
     </span>
    </p>
   </div>
   <div class='ocr_carea' id='block_1_48' title="bbox 463 5006 1477 5079">
    <p class='ocr_par' dir='ltr' id='par_1_48' title="bbox 463 5006 1477 5079">
     <span class='ocr_line' id='line_1_48' title="bbox 463 5006 1477 5079; baseline -0.004 -15"><span class='ocrx_word' id='word_1_312' title='bbox 463 5020 515 5064; x_wconf 92' lang='lat' dir='ltr'><strong>et</strong></span> <span class='ocrx_word' id='word_1_313' title='bbox 539 5009 742 5079; x_wconf 88' lang='lat' dir='ltr'><strong>reliqua</strong></span> <span class='ocrx_word' id='word_1_314' title='bbox 771 5022 894 5076; x_wconf 63' lang='lat' dir='ltr'><strong>quae</strong></span> <span class='ocrx_word' id='word_1_315' title='bbox 921 5020 1083 5075; x_wconf 88' lang='lat' dir='ltr'><strong>supra</strong></span> <span class='ocrx_word' id='word_1_316' title='bbox 1123 5006 1477 5062; x_wconf 80' lang='lat' dir='ltr'><strong>scribuntur?</strong></span> 
     </span>
    </p>
   </div>
   <div class='ocr_carea' id='block_1_49' title="bbox 574 5187 2046 5258">
    <p class='ocr_par' dir='ltr' id='par_1_49' title="bbox 574 5187 2046 5258">
     <span class='ocr_line' id='line_1_49' title="bbox 574 5187 2046 5258; baseline -0.001 -17"><span class='ocrx_word' id='word_1_317' title='bbox 574 5189 738 5242; x_wconf 73' lang='lat' dir='ltr'><strong>Vens.</strong></span> <span class='ocrx_word' id='word_1_318' title='bbox 769 5189 823 5243; x_wconf 92' lang='lat'><strong>9.</strong></span> <span class='ocrx_word' id='word_1_319' title='bbox 851 5189 916 5242; x_wconf 86' lang='lat' dir='ltr'><strong>Et</strong></span> <span class='ocrx_word' id='word_1_320' title='bbox 935 5197 1120 5256; x_wconf 86' lang='lat' dir='ltr'><strong>puteus</strong></span> <span class='ocrx_word' id='word_1_321' title='bbox 1150 5187 1207 5241; x_wconf 87' lang='lat' dir='ltr'><strong>in</strong></span> <span class='ocrx_word' id='word_1_322' title='bbox 1222 5203 1373 5258; x_wconf 85' lang='lat' dir='ltr'><strong>quem</strong></span> <span class='ocrx_word' id='word_1_323' title='bbox 1399 5188 1617 5258; x_wconf 86' lang='lat' dir='ltr'><strong>projecit</strong></span> <span class='ocrx_word' id='word_1_324' title='bbox 1646 5187 1843 5243; x_wconf 84' lang='lat' dir='ltr'><strong>Ismael</strong></span> <span class='ocrx_word' id='word_1_325' title='bbox 1865 5188 2046 5243; x_wconf 85' lang='lat' dir='ltr'><strong>omnia</strong></span> 
     </span>
    </p>
   </div>
   <div class='ocr_carea' id='block_1_50' title="bbox 469 5277 2043 5348">
    <p class='ocr_par' dir='ltr' id='par_1_50' title="bbox 469 5277 2043 5348">
     <span class='ocr_line' id='line_1_50' title="bbox 469 5277 2043 5348; baseline 0.001 -19"><span class='ocrx_word' id='word_1_326' title='bbox 469 5278 729 5330; x_wconf 83' lang='lat' dir='ltr'><strong>cadavera</strong></span> <span class='ocrx_word' id='word_1_327' title='bbox 769 5277 1001 5330; x_wconf 81' lang='lat' dir='ltr'><strong>virorum</strong></span> <span class='ocrx_word' id='word_1_328' title='bbox 1045 5293 1175 5347; x_wconf 85' lang='lat' dir='ltr'><strong>quos</strong></span> <span class='ocrx_word' id='word_1_329' title='bbox 1227 5286 1558 5348; x_wconf 73' lang='lat' dir='ltr'><strong>percusserat</strong></span> <span class='ocrx_word' id='word_1_330' title='bbox 1591 5294 1710 5330; x_wconf 83' lang='lat' dir='ltr'><strong>cum</strong></span> <span class='ocrx_word' id='word_1_331' title='bbox 1774 5279 2043 5342; x_wconf 79' lang='lat' dir='ltr'><strong>Godolia;</strong></span> 
     </span>
    </p>
   </div>
   <div class='ocr_carea' id='block_1_51' title="bbox 469 5371 2045 5440">
    <p class='ocr_par' dir='ltr' id='par_1_51' title="bbox 469 5371 2045 5440">
     <span class='ocr_line' id='line_1_51' title="bbox 469 5371 2045 5440; baseline 0.003 -21"><span class='ocrx_word' id='word_1_332' title='bbox 469 5382 655 5438; x_wconf 76' lang='lat' dir='ltr'><strong>puteus</strong></span> <span class='ocrx_word' id='word_1_333' title='bbox 698 5384 918 5437; x_wconf 83' lang='lat' dir='ltr'><strong>magnus</strong></span> <span class='ocrx_word' id='word_1_334' title='bbox 944 5379 1044 5436; x_wconf 81' lang='lat' dir='ltr'><strong>est,</strong></span> <span class='ocrx_word' id='word_1_335' title='bbox 1078 5387 1228 5440; x_wconf 85' lang='lat' dir='ltr'><strong>quem</strong></span> <span class='ocrx_word' id='word_1_336' title='bbox 1254 5371 1376 5440; x_wconf 73' lang='lat' dir='ltr'><strong>fecit</strong></span> <span class='ocrx_word' id='word_1_337' title='bbox 1418 5386 1510 5425; x_wconf 78' lang='lat' dir='ltr'><strong>rea:</strong></span> <span class='ocrx_word' id='word_1_338' title='bbox 1543 5372 1686 5425; x_wconf 80' lang='lat' dir='ltr'><strong>Asan</strong></span> <span class='ocrx_word' id='word_1_339' title='bbox 1727 5388 1760 5424; x_wconf 94' lang='lat' dir='ltr'><strong>a</strong></span> <span class='ocrx_word' id='word_1_340' title='bbox 1797 5371 1932 5438; x_wconf 79' lang='lat' dir='ltr'><strong>[acie</strong></span> <span class='ocrx_word' id='word_1_341' title='bbox 1965 5386 2045 5424; x_wconf 89' lang='lat' dir='ltr'><strong>re-</strong></span> 
     </span>
    </p>
   </div>
   <div class='ocr_carea' id='block_1_52' title="bbox 472 5460 1884 5531">
    <p class='ocr_par' dir='ltr' id='par_1_52' title="bbox 472 5460 1884 5531">
     <span class='ocr_line' id='line_1_52' title="bbox 472 5460 1884 5531; baseline 0.005 -19"><span class='ocrx_word' id='word_1_342' title='bbox 472 5464 547 5530; x_wconf 87' lang='lat' dir='ltr'><strong>gis</strong></span> <span class='ocrx_word' id='word_1_343' title='bbox 578 5461 773 5525; x_wconf 84' lang='lat' dir='ltr'><strong>Israel,</strong></span> <span class='ocrx_word' id='word_1_344' title='bbox 795 5477 913 5514; x_wconf 84' lang='lat' dir='ltr'><strong>cum</strong></span> <span class='ocrx_word' id='word_1_345' title='bbox 951 5460 1151 5514; x_wconf 74' lang='lat' dir='ltr'><strong>Iiltama</strong></span> <span class='ocrx_word' id='word_1_346' title='bbox 1177 5463 1442 5531; x_wconf 78' lang='lat' dir='ltr'><strong>fabricare</strong></span> <span class='ocrx_word' id='word_1_347' title='bbox 1470 5463 1635 5517; x_wconf 83' lang='lat' dir='ltr'><strong>voluit</strong></span> <span class='ocrx_word' id='word_1_348' title='bbox 1658 5461 1884 5521; x_wconf 41' lang='lat' dir='ltr'><strong>Baasar</strong></span> 
     </span>
    </p>
   </div>
   <div class='ocr_carea' id='block_1_53' title="bbox 537 5647 2048 5719">
    <p class='ocr_par' dir='ltr' id='par_1_53' title="bbox 537 5647 2048 5719">
     <span class='ocr_line' id='line_1_53' title="bbox 537 5647 2048 5719; baseline 0.002 -21"><span class='ocrx_word' id='word_1_349' title='bbox 537 5648 767 5713; x_wconf 79' lang='lat' dir='ltr'><strong>Quando</strong></span> <span class='ocrx_word' id='word_1_350' title='bbox 817 5648 1020 5702; x_wconf 81' lang='lat' dir='ltr'><strong>auxilio</strong></span> <span class='ocrx_word' id='word_1_351' title='bbox 1075 5647 1198 5718; x_wconf 85' lang='lat' dir='ltr'><strong>Syri</strong></span> <span class='ocrx_word' id='word_1_352' title='bbox 1233 5650 1509 5719; x_wconf 82' lang='lat' dir='ltr'><strong>impedivit</strong></span> <span class='ocrx_word' id='word_1_353' title='bbox 1555 5665 1676 5705; x_wconf 89' lang='lat' dir='ltr'><strong>eum</strong></span> <span class='ocrx_word' id='word_1_354' title='bbox 1736 5649 1804 5703; x_wconf 85' lang='lat' dir='ltr'><strong>ab</strong></span> <span class='ocrx_word' id='word_1_355' title='bbox 1850 5664 2048 5717; x_wconf 83' lang='lat' dir='ltr'><strong>opere;</strong></span> 
     </span>
    </p>
   </div>
   <div class='ocr_carea' id='block_1_54' title="bbox 477 5733 2050 5808">
    <p class='ocr_par' dir='ltr' id='par_1_54' title="bbox 477 5733 2050 5808">
     <span class='ocr_line' id='line_1_54' title="bbox 477 5733 2050 5808; baseline 0.003 -20"><span class='ocrx_word' id='word_1_356' title='bbox 477 5738 622 5791; x_wconf 75' lang='lat' dir='ltr'><strong>Asan</strong></span> <span class='ocrx_word' id='word_1_357' title='bbox 659 5734 749 5786; x_wconf 87' lang='lat' dir='ltr'><strong>ubi</strong></span> <span class='ocrx_word' id='word_1_358' title='bbox 777 5733 961 5789; x_wconf 81' lang='lat' dir='ltr'><strong>urbem</strong></span> <span class='ocrx_word' id='word_1_359' title='bbox 991 5737 1281 5802; x_wconf 75' lang='lat' dir='ltr'><strong>fabricatis,</strong></span> <span class='ocrx_word' id='word_1_360' title='bbox 1315 5755 1436 5792; x_wconf 78' lang='lat' dir='ltr'><strong>cum</strong></span> <span class='ocrx_word' id='word_1_361' title='bbox 1473 5749 1618 5793; x_wconf 78' lang='lat' dir='ltr'><strong>esset</strong></span> <span class='ocrx_word' id='word_1_362' title='bbox 1674 5755 1865 5808; x_wconf 75' lang='lat' dir='ltr'><strong>magna</strong></span> <span class='ocrx_word' id='word_1_363' title='bbox 1899 5755 2050 5806; x_wconf 75' lang='lat' dir='ltr'><strong>aqua:</strong></span> 
     </span>
    </p>
   </div>
   <div class='ocr_carea' id='block_1_55' title="bbox 2098 502 3685 580">
    <p class='ocr_par' dir='ltr' id='par_1_55' title="bbox 2098 502 3685 580">
     <span class='ocr_line' id='line_1_55' title="bbox 2098 502 3685 580; baseline -0.006 -14"><span class='ocrx_word' id='word_1_364' title='bbox 2098 511 2404 580; x_wconf 78' lang='grc' dir='ltr'><strong>δεδεμένων</strong></span> <span class='ocrx_word' id='word_1_365' title='bbox 2443 512 2725 575; x_wconf 82' lang='grc' dir='ltr'>ἁπάντων,</span> <span class='ocrx_word' id='word_1_366' title='bbox 2761 503 2916 570; x_wconf 73' lang='grc' dir='ltr'>οὗτος</span> <span class='ocrx_word' id='word_1_367' title='bbox 2965 505 3192 559; x_wconf 88' lang='grc' dir='ltr'>λύεται·</span> <span class='ocrx_word' id='word_1_368' title='bbox 3241 502 3500 575; x_wconf 79' lang='grc' dir='ltr'>λαμπρὸν</span> <span class='ocrx_word' id='word_1_369' title='bbox 3535 503 3685 576; x_wconf 79' lang='grc' dir='ltr'>αὑτῷ</span> 
     </span>
    </p>
   </div>
   <div class='ocr_carea' id='block_1_56' title="bbox 2097 595 3683 675">
    <p class='ocr_par' dir='ltr' id='par_1_56' title="bbox 2097 595 3683 675">
     <span class='ocr_line' id='line_1_56' title="bbox 2097 595 3683 675; baseline -0.006 -18"><span class='ocrx_word' id='word_1_370' title='bbox 2097 603 2160 656; x_wconf 86' lang='grc' dir='ltr'><strong>τὸ</strong></span> <span class='ocrx_word' id='word_1_371' title='bbox 2203 604 2434 675; x_wconf 82' lang='grc' dir='ltr'>θέατρον</span> <span class='ocrx_word' id='word_1_372' title='bbox 2480 603 2735 673; x_wconf 87' lang='grc' dir='ltr'>γίνεται·</span> <span class='ocrx_word' id='word_1_373' title='bbox 2788 599 3064 672; x_wconf 84' lang='grc' dir='ltr'>μαρτυρεῖ</span> <span class='ocrx_word' id='word_1_374' title='bbox 3098 596 3208 651; x_wconf 84' lang='grc' dir='ltr'><strong>τῶν</strong></span> <span class='ocrx_word' id='word_1_375' title='bbox 3266 595 3617 668; x_wconf 75' lang='grc' dir='ltr'><strong>πραγμάτοιν</strong></span> <span class='ocrx_word' id='word_1_376' title='bbox 3653 599 3683 666; x_wconf 73' lang='grc' dir='ltr'>ἡ</span> 
     </span>
    </p>
   </div>
   <div class='ocr_carea' id='block_1_57' title="bbox 2100 687 3686 769">
    <p class='ocr_par' dir='ltr' id='par_1_57' title="bbox 2100 687 3686 769">
     <span class='ocr_line' id='line_1_57' title="bbox 2100 687 3686 769; baseline -0.004 -19"><span class='ocrx_word' id='word_1_377' title='bbox 2100 699 2299 769; x_wconf 89' lang='grc' dir='ltr'>πεῖρα·</span> <span class='ocrx_word' id='word_1_378' title='bbox 2362 698 2636 768; x_wconf 88' lang='grc' dir='ltr'>μαρτυρεῖ</span> <span class='ocrx_word' id='word_1_379' title='bbox 2684 694 2783 749; x_wconf 79' lang='grc' dir='ltr'>καὶ</span> <span class='ocrx_word' id='word_1_380' title='bbox 2827 693 2991 756; x_wconf 80' lang='grc' dir='ltr'>αὐτὸς</span> <span class='ocrx_word' id='word_1_381' title='bbox 3041 693 3070 746; x_wconf 86' lang='grc' dir='ltr'><strong>ὀ</strong></span> <span class='ocrx_word' id='word_1_382' title='bbox 3125 690 3512 762; x_wconf 83' lang='grc' dir='ltr'><strong>χαρισάμενος.</strong></span> <span class='ocrx_word' id='word_1_383' title='bbox 3571 687 3686 743; x_wconf 80' lang='grc' dir='ltr'><strong>Οὐκ</strong></span> 
     </span>
    </p>
   </div>
   <div class='ocr_carea' id='block_1_58' title="bbox 2103 779 3684 862">
    <p class='ocr_par' dir='ltr' id='par_1_58' title="bbox 2103 779 3684 862">
     <span class='ocr_line' id='line_1_58' title="bbox 2103 779 3684 862; baseline -0.008 -18"><span class='ocrx_word' id='word_1_384' title='bbox 2103 791 2348 862; x_wconf 69' lang='grc' dir='ltr'>ἤκουσας</span> <span class='ocrx_word' id='word_1_385' title='bbox 2374 787 2663 860; x_wconf 85' lang='grc' dir='ltr'>Ἱερεμίου,</span> <span class='ocrx_word' id='word_1_386' title='bbox 2703 785 2929 840; x_wconf 79' lang='grc' dir='ltr'>Ἰουδαῖε</span> <span class='ocrx_word' id='word_1_387' title='bbox 2950 800 2963 814; x_wconf 85' lang='grc'>⁶</span> <span class='ocrx_word' id='word_1_388' title='bbox 2995 784 3234 838; x_wconf 79' lang='grc' dir='ltr'>ἄκουσον</span> <span class='ocrx_word' id='word_1_389' title='bbox 3259 779 3358 834; x_wconf 92' lang='grc' dir='ltr'><strong>τοῦ</strong></span> <span class='ocrx_word' id='word_1_390' title='bbox 3390 779 3684 851; x_wconf 85' lang='grc' dir='ltr'>Βαρϐάρου</span> 
     </span>
    </p>
   </div>
   <div class='ocr_carea' id='block_1_59' title="bbox 2101 870 3688 952">
    <p class='ocr_par' dir='ltr' id='par_1_59' title="bbox 2101 870 3688 952">
     <span class='ocr_line' id='line_1_59' title="bbox 2101 870 3688 952; baseline -0.009 -15"><span class='ocrx_word' id='word_1_391' title='bbox 2101 881 2375 952; x_wconf 81' lang='grc' dir='ltr'>λέγοντος·</span> <span class='ocrx_word' id='word_1_392' title='bbox 2401 882 2613 950; x_wconf 82' lang='grc' dir='ltr'>Κύριος</span> <span class='ocrx_word' id='word_1_393' title='bbox 2641 882 2673 933; x_wconf 85' lang='grc' dir='ltr'><strong><em>ό</em></strong></span> <span class='ocrx_word' id='word_1_394' title='bbox 2704 878 2850 942; x_wconf 75' lang='grc' dir='ltr'>Θεός</span> <span class='ocrx_word' id='word_1_395' title='bbox 2881 892 2997 931; x_wconf 90' lang='grc' dir='ltr'><strong>σου</strong></span> <span class='ocrx_word' id='word_1_396' title='bbox 3021 872 3427 943; x_wconf 71' lang='grc' dir='ltr'>ἐχρημάτισεν</span> <span class='ocrx_word' id='word_1_397' title='bbox 3449 870 3551 925; x_wconf 76' lang='grc' dir='ltr'><strong>ἐπὶ</strong></span> <span class='ocrx_word' id='word_1_398' title='bbox 3581 871 3688 924; x_wconf 74' lang='grc' dir='ltr'><strong>τὸν</strong></span> 
     </span>
    </p>
   </div>
   <div class='ocr_carea' id='block_1_60' title="bbox 2102 962 3690 1030">
    <p class='ocr_par' dir='ltr' id='par_1_60' title="bbox 2102 962 3690 1030">
     <span class='ocr_line' id='line_1_60' title="bbox 2102 962 3690 1030; baseline -0.009 -2"><span class='ocrx_word' id='word_1_399' title='bbox 2102 974 2294 1030; x_wconf 82' lang='grc' dir='ltr'>τόπον</span> <span class='ocrx_word' id='word_1_400' title='bbox 2321 973 2538 1028; x_wconf 82' lang='grc' dir='ltr'>τοῦτον</span> <span class='ocrx_word' id='word_1_401' title='bbox 2559 969 2760 1024; x_wconf 82' lang='grc' dir='ltr'>πάντα</span> <span class='ocrx_word' id='word_1_402' title='bbox 2784 969 2858 1023; x_wconf 84' lang='grc' dir='ltr'>τὰ</span> <span class='ocrx_word' id='word_1_403' title='bbox 2879 967 3036 1022; x_wconf 82' lang='grc' dir='ltr'>κακὰ</span> <span class='ocrx_word' id='word_1_404' title='bbox 3059 964 3271 1030; x_wconf 84' lang='grc' dir='ltr'>ταῦτα,</span> <span class='ocrx_word' id='word_1_405' title='bbox 3302 963 3402 1017; x_wconf 76' lang='grc' dir='ltr'>καὶ</span> <span class='ocrx_word' id='word_1_406' title='bbox 3433 962 3690 1030; x_wconf 76' lang='grc' dir='ltr'>ἐποίησε</span> 
     </span>
    </p>
   </div>
   <div class='ocr_carea' id='block_1_61' title="bbox 2104 1054 3690 1137">
    <p class='ocr_par' dir='ltr' id='par_1_61' title="bbox 2104 1054 3690 1137">
     <span class='ocr_line' id='line_1_61' title="bbox 2104 1054 3690 1137; baseline -0.011 -14"><span class='ocrx_word' id='word_1_407' title='bbox 2104 1069 2340 1137; x_wconf 85' lang='grc' dir='ltr'>Κύριος,</span> <span class='ocrx_word' id='word_1_408' title='bbox 2367 1066 2455 1121; x_wconf 86' lang='grc' dir='ltr'>ὅτι</span> <span class='ocrx_word' id='word_1_409' title='bbox 2480 1063 2770 1133; x_wconf 77' lang='grc' dir='ltr'><strong>ἡμάρτετε</strong></span> <span class='ocrx_word' id='word_1_410' title='bbox 2793 1058 2975 1126; x_wconf 86' lang='grc' dir='ltr'>αὐτῷ,</span> <span class='ocrx_word' id='word_1_411' title='bbox 3005 1058 3104 1112; x_wconf 81' lang='grc' dir='ltr'><strong>καί</strong></span> <span class='ocrx_word' id='word_1_412' title='bbox 3124 1058 3236 1112; x_wconf 84' lang='grc' dir='ltr'>οὐκ</span> <span class='ocrx_word' id='word_1_413' title='bbox 3255 1056 3562 1124; x_wconf 76' lang='grc' dir='ltr'>ἠκούσατε</span> <span class='ocrx_word' id='word_1_414' title='bbox 3579 1054 3690 1108; x_wconf 83' lang='grc' dir='ltr'><strong>αὑ-</strong></span> 
     </span>
    </p>
   </div>
   <div class='ocr_carea' id='block_1_62' title="bbox 2106 1144 3687 1228">
    <p class='ocr_par' dir='ltr' id='par_1_62' title="bbox 2106 1144 3687 1228">
     <span class='ocr_line' id='line_1_62' title="bbox 2106 1144 3687 1228; baseline -0.009 -16"><span class='ocrx_word' id='word_1_415' title='bbox 2106 1158 2212 1214; x_wconf 88' lang='grc' dir='ltr'><strong>τοῦ</strong></span> <span class='ocrx_word' id='word_1_416' title='bbox 2244 1156 2357 1227; x_wconf 82' lang='grc' dir='ltr'>τῆς</span> <span class='ocrx_word' id='word_1_417' title='bbox 2390 1154 2618 1228; x_wconf 77' lang='grc' dir='ltr'>φωνῆς.</span> <span class='ocrx_word' id='word_1_418' title='bbox 2666 1152 3006 1224; x_wconf 84' lang='grc' dir='ltr'>Ἦπίστησας</span> <span class='ocrx_word' id='word_1_419' title='bbox 3033 1151 3147 1212; x_wconf 87' lang='grc' dir='ltr'>τοῖς</span> <span class='ocrx_word' id='word_1_420' title='bbox 3177 1146 3274 1201; x_wconf 88' lang='grc' dir='ltr'><strong>τοῦ</strong></span> <span class='ocrx_word' id='word_1_421' title='bbox 3301 1145 3438 1199; x_wconf 90' lang='grc' dir='ltr'>Θεοῦ</span> <span class='ocrx_word' id='word_1_422' title='bbox 3483 1144 3687 1212; x_wconf 85' lang='grc' dir='ltr'>λόγοις,</span> 
     </span>
    </p>
   </div>
   <div class='ocr_carea' id='block_1_63' title="bbox 2113 1235 3689 1320">
    <p class='ocr_par' dir='ltr' id='par_1_63' title="bbox 2113 1235 3689 1320">
     <span class='ocr_line' id='line_1_63' title="bbox 2113 1235 3689 1320; baseline -0.01 -16"><span class='ocrx_word' id='word_1_423' title='bbox 2113 1249 2242 1320; x_wconf 71' lang='grc' dir='ltr'>ὄψει</span> <span class='ocrx_word' id='word_1_424' title='bbox 2271 1249 2496 1313; x_wconf 81' lang='grc' dir='ltr'><strong>τούτους</strong></span> <span class='ocrx_word' id='word_1_425' title='bbox 2526 1246 2694 1320; x_wconf 73' lang='grc' dir='ltr'><strong>[ἄλλ.</strong></span> <span class='ocrx_word' id='word_1_426' title='bbox 2715 1242 2864 1316; x_wconf 77' lang='grc' dir='ltr'>τοὺς]</span> <span class='ocrx_word' id='word_1_427' title='bbox 2883 1241 3241 1303; x_wconf 78' lang='grc' dir='ltr'><strong>πιστεύοντας</strong></span> <span class='ocrx_word' id='word_1_428' title='bbox 3269 1257 3282 1270; x_wconf 90' lang='grc'><strong>·</strong></span> <span class='ocrx_word' id='word_1_429' title='bbox 3320 1239 3565 1301; x_wconf 74' lang='grc' dir='ltr'>ἐκείνους</span> <span class='ocrx_word' id='word_1_430' title='bbox 3598 1235 3689 1307; x_wconf 78' lang='grc' dir='ltr'>ἔχε</span> 
     </span>
    </p>
   </div>
   <div class='ocr_carea' id='block_1_64' title="bbox 2108 1340 2702 1406">
    <p class='ocr_par' dir='ltr' id='par_1_64' title="bbox 2108 1340 2702 1406">
     <span class='ocr_line' id='line_1_64' title="bbox 2108 1340 2702 1406; baseline -0.008 -8"><span class='ocrx_word' id='word_1_431' title='bbox 2108 1344 2465 1406; x_wconf 83' lang='grc' dir='ltr'>διδασκάλους</span> <span class='ocrx_word' id='word_1_432' title='bbox 2492 1340 2702 1395; x_wconf 88' lang='grc' dir='ltr'>λοιπόν.</span> 
     </span>
    </p>
   </div>
   <div class='ocr_carea' id='block_1_65' title="bbox 2193 1431 2703 1491">
    <p class='ocr_par' dir='ltr' id='par_1_65' title="bbox 2193 1431 2703 1491">
     <span class='ocr_line' id='line_1_65' title="bbox 2193 1431 2703 1491; baseline -0.01 0"><span class='ocrx_word' id='word_1_433' title='bbox 2193 1435 2341 1491; x_wconf 80' lang='grc' dir='ltr'>Ἰδοὺ</span> <span class='ocrx_word' id='word_1_434' title='bbox 2375 1431 2579 1488; x_wconf 72' lang='grc' dir='ltr'>ἐλυσά</span> <span class='ocrx_word' id='word_1_435' title='bbox 2606 1445 2703 1486; x_wconf 79' lang='grc' dir='ltr'><strong>σε.</strong></span> 
     </span>
    </p>
   </div>
   <div class='ocr_carea' id='block_1_66' title="bbox 2182 1519 3481 1602">
    <p class='ocr_par' dir='ltr' id='par_1_66' title="bbox 2182 1519 3481 1602">
     <span class='ocr_line' id='line_1_66' title="bbox 2182 1519 3481 1602; baseline -0.005 -19"><span class='ocrx_word' id='word_1_436' title='bbox 2182 1530 2347 1602; x_wconf 84' lang='grc' dir='ltr'>Ὅρα,</span> <span class='ocrx_word' id='word_1_437' title='bbox 2375 1528 2526 1591; x_wconf 85' lang='grc' dir='ltr'>τίνας</span> <span class='ocrx_word' id='word_1_438' title='bbox 2556 1526 2808 1596; x_wconf 82' lang='grc' dir='ltr'>ἀνέμεινε</span> <span class='ocrx_word' id='word_1_439' title='bbox 2865 1521 3024 1577; x_wconf 84' lang='grc' dir='ltr'>λῦσαι</span> <span class='ocrx_word' id='word_1_440' title='bbox 3052 1519 3144 1576; x_wconf 77' lang='grc' dir='ltr'>τὸν</span> <span class='ocrx_word' id='word_1_441' title='bbox 3166 1521 3481 1594; x_wconf 80' lang='grc' dir='ltr'>προφήτην.</span> 
     </span>
    </p>
   </div>
   <div class='ocr_carea' id='block_1_67' title="bbox 2182 1613 3515 1684">
    <p class='ocr_par' dir='ltr' id='par_1_67' title="bbox 2182 1613 3515 1684">
     <span class='ocr_line' id='line_1_67' title="bbox 2182 1613 3515 1684; baseline -0.007 -8"><span class='ocrx_word' id='word_1_442' title='bbox 2182 1625 2254 1676; x_wconf 79' lang='lat' dir='ltr'><strong>El</strong></span> <span class='ocrx_word' id='word_1_443' title='bbox 2285 1619 2478 1676; x_wconf 74' lang='grc' dir='ltr'>καλὸν</span> <span class='ocrx_word' id='word_1_444' title='bbox 2504 1618 2786 1675; x_wconf 80' lang='grc' dir='ltr'>ἐναντίον</span> <span class='ocrx_word' id='word_1_445' title='bbox 2805 1632 2923 1672; x_wconf 92' lang='grc' dir='ltr'><strong>σου</strong></span> <span class='ocrx_word' id='word_1_446' title='bbox 2954 1613 3156 1670; x_wconf 71' lang='grc' dir='ltr'>ἐλθεῖν</span> <span class='ocrx_word' id='word_1_447' title='bbox 3185 1615 3315 1684; x_wconf 76' lang='grc' dir='ltr'>μετ’</span> <span class='ocrx_word' id='word_1_448' title='bbox 3343 1613 3515 1684; x_wconf 80' lang='grc' dir='ltr'>ἐμοῦ.</span> 
     </span>
    </p>
   </div>
   <div class='ocr_carea' id='block_1_68' title="bbox 2185 1704 3698 1784">
    <p class='ocr_par' dir='ltr' id='par_1_68' title="bbox 2185 1704 3698 1784">
     <span class='ocr_line' id='line_1_68' title="bbox 2185 1704 3698 1784; baseline -0.009 -15"><span class='ocrx_word' id='word_1_449' title='bbox 2185 1713 2388 1779; x_wconf 75' lang='grc' dir='ltr'>Μεῖζον</span> <span class='ocrx_word' id='word_1_450' title='bbox 2419 1711 2570 1784; x_wconf 84' lang='grc' dir='ltr'>αὐτῷ</span> <span class='ocrx_word' id='word_1_451' title='bbox 2607 1711 2845 1778; x_wconf 89' lang='grc' dir='ltr'>δίδωσιν,</span> <span class='ocrx_word' id='word_1_452' title='bbox 2887 1709 2921 1780; x_wconf 80' lang='grc' dir='ltr'>ἢ</span> <span class='ocrx_word' id='word_1_453' title='bbox 2951 1710 3000 1762; x_wconf 88' lang='grc' dir='ltr'><strong>εί</strong></span> <span class='ocrx_word' id='word_1_454' title='bbox 3031 1707 3133 1779; x_wconf 82' lang='grc' dir='ltr'><strong>τὴν</strong></span> <span class='ocrx_word' id='word_1_455' title='bbox 3174 1705 3410 1777; x_wconf 79' lang='grc' dir='ltr'>πατρίδα</span> <span class='ocrx_word' id='word_1_456' title='bbox 3461 1704 3698 1758; x_wconf 82' lang='grc' dir='ltr'>δέδωκεν</span> 
     </span>
    </p>
   </div>
   <div class='ocr_carea' id='block_1_69' title="bbox 2115 1797 3697 1877">
    <p class='ocr_par' dir='ltr' id='par_1_69' title="bbox 2115 1797 3697 1877">
     <span class='ocr_line' id='line_1_69' title="bbox 2115 1797 3697 1877; baseline -0.009 -16"><span class='ocrx_word' id='word_1_457' title='bbox 2115 1807 2286 1877; x_wconf 82' lang='grc' dir='ltr'>αύτῷ.</span> <span class='ocrx_word' id='word_1_458' title='bbox 2321 1807 2512 1860; x_wconf 79' lang='grc' dir='ltr'>Πᾶσαν</span> <span class='ocrx_word' id='word_1_459' title='bbox 2536 1803 2686 1875; x_wconf 78' lang='grc' dir='ltr'>αὐτῷ</span> <span class='ocrx_word' id='word_1_460' title='bbox 2714 1803 2815 1872; x_wconf 83' lang='grc' dir='ltr'><strong>τὴν</strong></span> <span class='ocrx_word' id='word_1_461' title='bbox 2837 1799 3166 1870; x_wconf 82' lang='grc' dir='ltr'>οἰκουμένην</span> <span class='ocrx_word' id='word_1_462' title='bbox 3190 1797 3533 1865; x_wconf 83' lang='grc' dir='ltr'>άνοίγνυσιν,</span> <span class='ocrx_word' id='word_1_463' title='bbox 3560 1797 3697 1865; x_wconf 83' lang='grc' dir='ltr'>ὅπερ</span> 
     </span>
    </p>
   </div>
   <div class='ocr_carea' id='block_1_70' title="bbox 2115 1885 3697 1969">
    <p class='ocr_par' dir='ltr' id='par_1_70' title="bbox 2115 1885 3697 1969">
     <span class='ocr_line' id='line_1_70' title="bbox 2115 1885 3697 1969; baseline -0.009 -16"><span class='ocrx_word' id='word_1_464' title='bbox 2115 1899 2221 1953; x_wconf 78' lang='grc' dir='ltr'><strong>οὐκ</strong></span> <span class='ocrx_word' id='word_1_465' title='bbox 2252 1893 2400 1969; x_wconf 84' lang='grc' dir='ltr'>εἶχεν</span> <span class='ocrx_word' id='word_1_466' title='bbox 2426 1898 2516 1951; x_wconf 83' lang='grc' dir='ltr'><strong>ὅτε</strong></span> <span class='ocrx_word' id='word_1_467' title='bbox 2538 1897 2632 1950; x_wconf 75' lang='grc' dir='ltr'><strong>ἐπὶ</strong></span> <span class='ocrx_word' id='word_1_468' title='bbox 2649 1895 2750 1964; x_wconf 83' lang='grc' dir='ltr'>τῆς</span> <span class='ocrx_word' id='word_1_469' title='bbox 2779 1891 3044 1963; x_wconf 81' lang='grc' dir='ltr'>πατρίδος</span> <span class='ocrx_word' id='word_1_470' title='bbox 3065 1885 3156 1961; x_wconf 77' lang='grc' dir='ltr'>ἦν.</span> <span class='ocrx_word' id='word_1_471' title='bbox 3172 1888 3341 1944; x_wconf 78' lang='grc' dir='ltr'>Ἀλλά</span> <span class='ocrx_word' id='word_1_472' title='bbox 3371 1887 3697 1960; x_wconf 83' lang='grc' dir='ltr'>βουλόμενον</span> 
     </span>
    </p>
   </div>
   <div class='ocr_carea' id='block_1_71' title="bbox 2115 1976 3700 2060">
    <p class='ocr_par' dir='ltr' id='par_1_71' title="bbox 2115 1976 3700 2060">
     <span class='ocr_line' id='line_1_71' title="bbox 2115 1976 3700 2060; baseline -0.009 -16"><span class='ocrx_word' id='word_1_473' title='bbox 2115 1989 2184 2044; x_wconf 85' lang='grc' dir='ltr'>δι’</span> <span class='ocrx_word' id='word_1_474' title='bbox 2216 1988 2419 2060; x_wconf 83' lang='grc' dir='ltr'>ἄρτους</span> <span class='ocrx_word' id='word_1_475' title='bbox 2449 1985 2711 2053; x_wconf 75' lang='grc' dir='ltr'>ἐξελθεῖν,</span> <span class='ocrx_word' id='word_1_476' title='bbox 2734 1983 2955 2054; x_wconf 74' lang='grc' dir='ltr'>ἔδησαν.</span> <span class='ocrx_word' id='word_1_477' title='bbox 2992 1981 3139 2051; x_wconf 87' lang='grc' dir='ltr'>Ὅρα</span> <span class='ocrx_word' id='word_1_478' title='bbox 3159 2019 3174 2044; x_wconf 93' lang='grc'><strong>,</strong></span> <span class='ocrx_word' id='word_1_479' title='bbox 3227 1978 3368 2048; x_wconf 83' lang='grc' dir='ltr'>πόση</span> <span class='ocrx_word' id='word_1_480' title='bbox 3385 1976 3522 2048; x_wconf 85' lang='grc' dir='ltr'>τιμὴ</span> <span class='ocrx_word' id='word_1_481' title='bbox 3550 1976 3700 2048; x_wconf 71' lang='grc' dir='ltr'>παρὰ</span> 
     </span>
    </p>
   </div>
   <div class='ocr_carea' id='block_1_72' title="bbox 2115 2068 3698 2152">
    <p class='ocr_par' dir='ltr' id='par_1_72' title="bbox 2115 2068 3698 2152">
     <span class='ocr_line' id='line_1_72' title="bbox 2115 2068 3698 2152; baseline -0.008 -17"><span class='ocrx_word' id='word_1_482' title='bbox 2115 2080 2195 2152; x_wconf 82' lang='grc' dir='ltr'>τῷ</span> <span class='ocrx_word' id='word_1_483' title='bbox 2229 2077 2501 2150; x_wconf 80' lang='grc' dir='ltr'>Βαρδάρῳ</span> <span class='ocrx_word' id='word_1_484' title='bbox 2537 2077 2710 2133; x_wconf 80' lang='grc' dir='ltr'>Πόθεν</span> <span class='ocrx_word' id='word_1_485' title='bbox 2753 2073 2917 2130; x_wconf 88' lang='grc' dir='ltr'>τοῦτο</span> <span class='ocrx_word' id='word_1_486' title='bbox 2951 2071 3282 2144; x_wconf 77' lang='grc' dir='ltr'>γεγένηται;</span> <span class='ocrx_word' id='word_1_487' title='bbox 3331 2068 3559 2142; x_wconf 73' lang='grc' dir='ltr'>εὔδηλον</span> <span class='ocrx_word' id='word_1_488' title='bbox 3591 2068 3698 2123; x_wconf 76' lang='grc' dir='ltr'>ἀπὸ</span> 
     </span>
    </p>
   </div>
   <div class='ocr_carea' id='block_1_73' title="bbox 2116 2167 3742 2243">
    <p class='ocr_par' dir='ltr' id='par_1_73' title="bbox 2116 2167 3742 2243">
     <span class='ocr_line' id='line_1_73' title="bbox 2116 2167 3742 2243; baseline -0.009 -19"><span class='ocrx_word' id='word_1_489' title='bbox 2116 2173 2215 2243; x_wconf 83' lang='grc' dir='ltr'>τῆς</span> <span class='ocrx_word' id='word_1_490' title='bbox 2248 2170 2344 2224; x_wconf 88' lang='grc' dir='ltr'><strong>τοῦ</strong></span> <span class='ocrx_word' id='word_1_491' title='bbox 2382 2167 2622 2240; x_wconf 75' lang='grc' dir='ltr'>Χριστοῦ</span> <span class='ocrx_word' id='word_1_492' title='bbox 2652 2167 2896 2238; x_wconf 86' lang='grc' dir='ltr'>χάριτος.</span> <span class='ocrx_word' id='word_1_493' title='bbox 3739 2207 3742 2210; x_wconf 83' lang='lat'><strong>.</strong></span> 
     </span>
    </p>
   </div>
   <div class='ocr_carea' id='block_1_74' title="bbox 2191 2247 3701 2329">
    <p class='ocr_par' dir='ltr' id='par_1_74' title="bbox 2191 2247 3701 2329">
     <span class='ocr_line' id='line_1_74' title="bbox 2191 2247 3701 2329; baseline -0.01 -12"><span class='ocrx_word' id='word_1_494' title='bbox 2191 2267 2209 2287; x_wconf 84' lang='lat'><strong><em>‘</em></strong></span> <span class='ocrx_word' id='word_1_495' title='bbox 2239 2261 2360 2316; x_wconf 81' lang='grc' dir='ltr'><strong>Καὶ</strong></span> <span class='ocrx_word' id='word_1_496' title='bbox 2393 2259 2538 2329; x_wconf 77' lang='grc' dir='ltr'>πρὶν</span> <span class='ocrx_word' id='word_1_497' title='bbox 2577 2256 2910 2327; x_wconf 71' lang='grc' dir='ltr'>ἀπαλλαγῶ</span> <span class='ocrx_word' id='word_1_498' title='bbox 2952 2254 3066 2326; x_wconf 80' lang='grc' dir='ltr'>ἐγὼ</span> <span class='ocrx_word' id='word_1_499' title='bbox 3087 2295 3102 2318; x_wconf 92' lang='grc'><strong>,</strong></span> <span class='ocrx_word' id='word_1_500' title='bbox 3131 2254 3429 2322; x_wconf 78' lang='grc' dir='ltr'>ἀπότρεχε</span> <span class='ocrx_word' id='word_1_501' title='bbox 3459 2250 3544 2304; x_wconf 85' lang='grc' dir='ltr'>σὺ</span> <span class='ocrx_word' id='word_1_502' title='bbox 3563 2289 3579 2315; x_wconf 93' lang='grc'><strong>,</strong></span> <span class='ocrx_word' id='word_1_503' title='bbox 3604 2247 3701 2303; x_wconf 73' lang='grc' dir='ltr'><strong>καί</strong></span> 
     </span>
    </p>
   </div>
   <div class='ocr_carea' id='block_1_75' title="bbox 2120 2337 3702 2420">
    <p class='ocr_par' dir='ltr' id='par_1_75' title="bbox 2120 2337 3702 2420">
     <span class='ocr_line' id='line_1_75' title="bbox 2120 2337 3702 2420; baseline -0.011 -12"><span class='ocrx_word' id='word_1_504' title='bbox 2120 2351 2513 2420; x_wconf 75' lang='grc' dir='ltr'>ἁνάστρεψον</span> <span class='ocrx_word' id='word_1_505' title='bbox 2531 2349 2647 2418; x_wconf 81' lang='grc' dir='ltr'>πρὸ</span> <span class='ocrx_word' id='word_1_506' title='bbox 2673 2347 2780 2402; x_wconf 80' lang='grc' dir='ltr'><strong>τὸν</strong></span> <span class='ocrx_word' id='word_1_507' title='bbox 2807 2345 3108 2401; x_wconf 73' lang='grc' dir='ltr'>Γοδολίαν</span> <span class='ocrx_word' id='word_1_508' title='bbox 3130 2343 3268 2396; x_wconf 75' lang='grc' dir='ltr'>υιὸν</span> <span class='ocrx_word' id='word_1_509' title='bbox 3295 2339 3549 2410; x_wconf 78' lang='grc' dir='ltr'>’Λχικὰμ</span> <span class='ocrx_word' id='word_1_510' title='bbox 3566 2380 3583 2405; x_wconf 92' lang='grc'><strong>,</strong></span> <span class='ocrx_word' id='word_1_511' title='bbox 3609 2337 3702 2391; x_wconf 79' lang='grc' dir='ltr'><strong>καὶ</strong></span> 
     </span>
    </p>
   </div>
   <div class='ocr_carea' id='block_1_76' title="bbox 2119 2444 2372 2516">
    <p class='ocr_par' dir='ltr' id='par_1_76' title="bbox 2119 2444 2372 2516">
     <span class='ocr_line' id='line_1_76' title="bbox 2119 2444 2372 2516; baseline 0 -18"><span class='ocrx_word' id='word_1_512' title='bbox 2119 2445 2192 2498; x_wconf 84' lang='grc' dir='ltr'><strong>τά</strong></span> <span class='ocrx_word' id='word_1_513' title='bbox 2221 2444 2372 2516; x_wconf 77' lang='grc' dir='ltr'>ἑξῆς.</span> 
     </span>
    </p>
   </div>
   <div class='ocr_carea' id='block_1_77' title="bbox 2196 2519 3702 2603">
    <p class='ocr_par' dir='ltr' id='par_1_77' title="bbox 2196 2519 3702 2603">
     <span class='ocr_line' id='line_1_77' title="bbox 2196 2519 3702 2603; baseline -0.011 -14"><span class='ocrx_word' id='word_1_514' title='bbox 2196 2536 2322 2589; x_wconf 87' lang='grc' dir='ltr'>Ἔτι</span> <span class='ocrx_word' id='word_1_515' title='bbox 2369 2532 2464 2588; x_wconf 91' lang='grc' dir='ltr'><strong>τοῦ</strong></span> <span class='ocrx_word' id='word_1_516' title='bbox 2487 2531 2730 2603; x_wconf 82' lang='grc' dir='ltr'>’στρατοῦ</span> <span class='ocrx_word' id='word_1_517' title='bbox 2767 2529 3131 2601; x_wconf 79' lang='grc' dir='ltr'>συνηγμένου,</span> <span class='ocrx_word' id='word_1_518' title='bbox 3167 2528 3251 2580; x_wconf 83' lang='grc' dir='ltr'>ὅτι.</span> <span class='ocrx_word' id='word_1_519' title='bbox 3279 2523 3434 2593; x_wconf 73' lang='grc' dir='ltr'>παρὰ</span> <span class='ocrx_word' id='word_1_520' title='bbox 3473 2521 3575 2577; x_wconf 87' lang='grc' dir='ltr'><strong>τοῦ</strong></span> <span class='ocrx_word' id='word_1_521' title='bbox 3608 2519 3702 2591; x_wconf 82' lang='grc' dir='ltr'><strong>βα-</strong></span> 
     </span>
    </p>
   </div>
   <div class='ocr_carea' id='block_1_78' title="bbox 2125 2614 3701 2695">
    <p class='ocr_par' dir='ltr' id='par_1_78' title="bbox 2125 2614 3701 2695">
     <span class='ocr_line' id='line_1_78' title="bbox 2125 2614 3701 2695; baseline -0.01 -11"><span class='ocrx_word' id='word_1_522' title='bbox 2125 2629 2321 2693; x_wconf 82' lang='grc' dir='ltr'>σιλέως</span> <span class='ocrx_word' id='word_1_523' title='bbox 2359 2626 2693 2691; x_wconf 78' lang='grc' dir='ltr'>ἀποσταλεὶς</span> <span class='ocrx_word' id='word_1_524' title='bbox 2741 2622 3042 2695; x_wconf 81' lang='grc' dir='ltr'>ἀπέπεμψε</span> <span class='ocrx_word' id='word_1_525' title='bbox 3065 2621 3160 2676; x_wconf 78' lang='grc' dir='ltr'><strong>τὸν</strong></span> <span class='ocrx_word' id='word_1_526' title='bbox 3188 2619 3506 2691; x_wconf 80' lang='grc' dir='ltr'>προφήτην,</span> <span class='ocrx_word' id='word_1_527' title='bbox 3535 2616 3612 2679; x_wconf 88' lang='grc' dir='ltr'><strong>ώς</strong></span> <span class='ocrx_word' id='word_1_528' title='bbox 3638 2614 3701 2668; x_wconf 77' lang='grc' dir='ltr'><strong>ἂν</strong></span> 
     </span>
    </p>
   </div>
   <div class='ocr_carea' id='block_1_79' title="bbox 2127 2712 3543 2793">
    <p class='ocr_par' dir='ltr' id='par_1_79' title="bbox 2127 2712 3543 2793">
     <span class='ocr_line' id='line_1_79' title="bbox 2127 2712 3543 2793; baseline -0.008 -18"><span class='ocrx_word' id='word_1_529' title='bbox 2127 2721 2205 2793; x_wconf 83' lang='grc' dir='ltr'>μὴ</span> <span class='ocrx_word' id='word_1_530' title='bbox 2240 2721 2403 2793; x_wconf 90' lang='grc' dir='ltr'>μόνον</span> <span class='ocrx_word' id='word_1_531' title='bbox 2430 2719 2596 2774; x_wconf 80' lang='grc' dir='ltr'>αὑτὸν</span> <span class='ocrx_word' id='word_1_532' title='bbox 2631 2717 2932 2789; x_wconf 83' lang='grc' dir='ltr'>εὑρηκότες</span> <span class='ocrx_word' id='word_1_533' title='bbox 2959 2715 3241 2786; x_wconf 80' lang='grc' dir='ltr'>ἀλλότριον</span> <span class='ocrx_word' id='word_1_534' title='bbox 3281 2712 3543 2767; x_wconf 78' lang='grc' dir='ltr'>άνέλωσι.</span> 
     </span>
    </p>
   </div>
   <div class='ocr_carea' id='block_1_80' title="bbox 2193 2800 3704 2879">
    <p class='ocr_par' dir='ltr' id='par_1_80' title="bbox 2193 2800 3704 2879">
     <span class='ocr_line' id='line_1_80' title="bbox 2193 2800 3704 2879; baseline -0.011 -12"><span class='ocrx_word' id='word_1_535' title='bbox 2193 2813 2368 2867; x_wconf 90' lang='grc' dir='ltr'>Τοῦτο</span> <span class='ocrx_word' id='word_1_536' title='bbox 2395 2812 2545 2874; x_wconf 86' lang='grc' dir='ltr'>τίνος</span> <span class='ocrx_word' id='word_1_537' title='bbox 2574 2809 2763 2864; x_wconf 74' lang='grc' dir='ltr'>ἕνεκεν</span> <span class='ocrx_word' id='word_1_538' title='bbox 2789 2826 2804 2877; x_wconf 91' lang='grc'>;</span> <span class='ocrx_word' id='word_1_539' title='bbox 2837 2808 2926 2862; x_wconf 88' lang='grc' dir='ltr'><strong>ῖνα</strong></span> <span class='ocrx_word' id='word_1_540' title='bbox 2975 2807 3141 2879; x_wconf 75' lang='grc' dir='ltr'>μηδὲν</span> <span class='ocrx_word' id='word_1_541' title='bbox 3173 2805 3273 2879; x_wconf 76' lang='grc' dir='ltr'><strong>ἒξῃ</strong></span> <span class='ocrx_word' id='word_1_542' title='bbox 3321 2800 3704 2872; x_wconf 80' lang='grc' dir='ltr'>κακουργῆσαι</span> 
     </span>
    </p>
   </div>
   <div class='ocr_carea' id='block_1_81' title="bbox 2123 2891 3704 2978">
    <p class='ocr_par' dir='ltr' id='par_1_81' title="bbox 2123 2891 3704 2978">
     <span class='ocr_line' id='line_1_81' title="bbox 2123 2891 3704 2978; baseline -0.011 -17"><span class='ocrx_word' id='word_1_543' title='bbox 2123 2905 2226 2978; x_wconf 82' lang='grc' dir='ltr'>τὴν</span> <span class='ocrx_word' id='word_1_544' title='bbox 2275 2904 2419 2977; x_wconf 77' lang='grc' dir='ltr'>ἐμὴν</span> <span class='ocrx_word' id='word_1_545' title='bbox 2470 2903 2637 2976; x_wconf 88' lang='grc' dir='ltr'>χάριν</span> <span class='ocrx_word' id='word_1_546' title='bbox 2692 2901 2835 2974; x_wconf 83' lang='grc' dir='ltr'>μετὰ</span> <span class='ocrx_word' id='word_1_547' title='bbox 2877 2899 2976 2972; x_wconf 84' lang='grc' dir='ltr'>τὴν</span> <span class='ocrx_word' id='word_1_548' title='bbox 3028 2896 3399 2969; x_wconf 85' lang='grc' dir='ltr'>ἀναχώρησιν.</span> <span class='ocrx_word' id='word_1_549' title='bbox 3454 2895 3528 2947; x_wconf 86' lang='grc' dir='ltr'><strong>Ἦ</strong></span> <span class='ocrx_word' id='word_1_550' title='bbox 3565 2891 3704 2945; x_wconf 81' lang='grc' dir='ltr'>ὥστε</span> 
     </span>
    </p>
   </div>
   <div class='ocr_carea' id='block_1_82' title="bbox 2127 2993 3127 3067">
    <p class='ocr_par' dir='ltr' id='par_1_82' title="bbox 2127 2993 3127 3067">
     <span class='ocr_line' id='line_1_82' title="bbox 2127 2993 3127 3067; baseline -0.01 -14"><span class='ocrx_word' id='word_1_551' title='bbox 2127 2998 2347 3053; x_wconf 89' lang='grc' dir='ltr'>πάντων</span> <span class='ocrx_word' id='word_1_552' title='bbox 2374 2995 2654 3067; x_wconf 80' lang='grc' dir='ltr'>ὁρώντων,</span> <span class='ocrx_word' id='word_1_553' title='bbox 2687 2993 2849 3048; x_wconf 90' lang='grc' dir='ltr'>τοῦτο</span> <span class='ocrx_word' id='word_1_554' title='bbox 2878 2993 3127 3062; x_wconf 80' lang='grc' dir='ltr'>γένηται.</span> 
     </span>
    </p>
   </div>
   <div class='ocr_carea' id='block_1_83' title="bbox 2052 3085 3011 3162">
    <p class='ocr_par' dir='ltr' id='par_1_83' title="bbox 2052 3085 3011 3162">
     <span class='ocr_line' id='line_1_83' title="bbox 2052 3085 3011 3162; baseline -0.008 -15"><span class='ocrx_word' id='word_1_555' title='bbox 2052 3103 2096 3162; x_wconf 73' lang='lat' dir='ltr'><strong>c</strong></span> <span class='ocrx_word' id='word_1_556' title='bbox 2199 3089 2308 3146; x_wconf 81' lang='lat' dir='ltr'><strong>Kal</strong></span> <span class='ocrx_word' id='word_1_557' title='bbox 2336 3087 2484 3161; x_wconf 71' lang='grc' dir='ltr'>ἦλθε</span> <span class='ocrx_word' id='word_1_558' title='bbox 2516 3088 2667 3156; x_wconf 81' lang='grc' dir='ltr'>πρὸς</span> <span class='ocrx_word' id='word_1_559' title='bbox 2693 3085 3011 3142; x_wconf 73' lang='grc' dir='ltr'>Γοδολίαν.</span> 
     </span>
    </p>
   </div>
   <div class='ocr_carea' id='block_1_84' title="bbox 2207 3168 3710 3250">
    <p class='ocr_par' dir='ltr' id='par_1_84' title="bbox 2207 3168 3710 3250">
     <span class='ocr_line' id='line_1_84' title="bbox 2207 3168 3710 3250; baseline -0.01 -16"><span class='ocrx_word' id='word_1_560' title='bbox 2207 3181 2318 3234; x_wconf 83' lang='grc' dir='ltr'>Θέα</span> <span class='ocrx_word' id='word_1_561' title='bbox 2354 3197 2447 3250; x_wconf 83' lang='grc' dir='ltr'><strong>μοι</strong></span> <span class='ocrx_word' id='word_1_562' title='bbox 2471 3177 2786 3248; x_wconf 73' lang='grc' dir='ltr'>οἰκονομίαν</span> <span class='ocrx_word' id='word_1_563' title='bbox 2817 3173 2979 3240; x_wconf 86' lang='grc' dir='ltr'>Θεοῦ,</span> <span class='ocrx_word' id='word_1_564' title='bbox 3011 3174 3107 3228; x_wconf 74' lang='grc' dir='ltr'>καὶ</span> <span class='ocrx_word' id='word_1_565' title='bbox 3140 3172 3278 3243; x_wconf 82' lang='grc' dir='ltr'>μετὰ</span> <span class='ocrx_word' id='word_1_566' title='bbox 3306 3170 3409 3242; x_wconf 76' lang='grc' dir='ltr'>τὴν</span> <span class='ocrx_word' id='word_1_567' title='bbox 3437 3168 3710 3242; x_wconf 78' lang='grc' dir='ltr'>τιμωρίαν</span> 
     </span>
    </p>
   </div>
   <div class='ocr_carea' id='block_1_85' title="bbox 2134 3260 3710 3344">
    <p class='ocr_par' dir='ltr' id='par_1_85' title="bbox 2134 3260 3710 3344">
     <span class='ocr_line' id='line_1_85' title="bbox 2134 3260 3710 3344; baseline -0.01 -18"><span class='ocrx_word' id='word_1_568' title='bbox 2134 3271 2340 3344; x_wconf 82' lang='grc' dir='ltr'>πολλὴν</span> <span class='ocrx_word' id='word_1_569' title='bbox 2372 3270 2569 3340; x_wconf 77' lang='grc' dir='ltr'>ἔχοντα</span> <span class='ocrx_word' id='word_1_570' title='bbox 2595 3269 2776 3322; x_wconf 78' lang='grc' dir='ltr'>αὐτῶν</span> <span class='ocrx_word' id='word_1_571' title='bbox 2800 3268 2901 3341; x_wconf 80' lang='grc' dir='ltr'>τὴν</span> <span class='ocrx_word' id='word_1_572' title='bbox 2930 3265 3192 3337; x_wconf 88' lang='grc' dir='ltr'>πρόνοιαν</span> <span class='ocrx_word' id='word_1_573' title='bbox 3210 3278 3224 3292; x_wconf 91' lang='grc'><strong>·</strong></span> <span class='ocrx_word' id='word_1_574' title='bbox 3255 3263 3316 3316; x_wconf 83' lang='grc' dir='ltr'><strong>οὐ</strong></span> <span class='ocrx_word' id='word_1_575' title='bbox 3355 3260 3710 3331; x_wconf 86' lang='grc' dir='ltr'>συνεχώρησε</span> 
     </span>
    </p>
   </div>
   <div class='ocr_carea' id='block_1_86' title="bbox 2134 3351 3712 3436">
    <p class='ocr_par' dir='ltr' id='par_1_86' title="bbox 2134 3351 3712 3436">
     <span class='ocr_line' id='line_1_86' title="bbox 2134 3351 3712 3436; baseline -0.01 -18"><span class='ocrx_word' id='word_1_576' title='bbox 2134 3364 2235 3436; x_wconf 84' lang='grc' dir='ltr'>τὴν</span> <span class='ocrx_word' id='word_1_577' title='bbox 2273 3363 2572 3416; x_wconf 78' lang='grc' dir='ltr'>Βαϐυλῶνα</span> <span class='ocrx_word' id='word_1_578' title='bbox 2623 3360 2959 3415; x_wconf 80' lang='grc' dir='ltr'>καταλαϐεῖν</span> <span class='ocrx_word' id='word_1_579' title='bbox 3006 3357 3100 3411; x_wconf 83' lang='grc' dir='ltr'><strong>τδν</strong></span> <span class='ocrx_word' id='word_1_580' title='bbox 3145 3355 3444 3427; x_wconf 85' lang='grc' dir='ltr'>Ἰερεμίαν.</span> <span class='ocrx_word' id='word_1_581' title='bbox 3492 3351 3712 3420; x_wconf 83' lang='grc' dir='ltr'>Ἐπειδὴ</span> 
     </span>
    </p>
   </div>
   <div class='ocr_carea' id='block_1_87' title="bbox 2133 3443 3714 3527">
    <p class='ocr_par' dir='ltr' id='par_1_87' title="bbox 2133 3443 3714 3527">
     <span class='ocr_line' id='line_1_87' title="bbox 2133 3443 3714 3527; baseline -0.009 -17"><span class='ocrx_word' id='word_1_582' title='bbox 2133 3459 2244 3527; x_wconf 76' lang='grc' dir='ltr'><strong>γὰρ</strong></span> <span class='ocrx_word' id='word_1_583' title='bbox 2263 3457 2344 3518; x_wconf 78' lang='grc' dir='ltr'><strong>εἰς</strong></span> <span class='ocrx_word' id='word_1_584' title='bbox 2369 3454 2463 3508; x_wconf 87' lang='grc' dir='ltr'><strong>δύο</strong></span> <span class='ocrx_word' id='word_1_585' title='bbox 2481 3455 2708 3526; x_wconf 81' lang='grc' dir='ltr'>διῄρητο</span> <span class='ocrx_word' id='word_1_586' title='bbox 2737 3454 2876 3526; x_wconf 85' lang='grc' dir='ltr'>μέρη</span> <span class='ocrx_word' id='word_1_587' title='bbox 2903 3451 2972 3504; x_wconf 84' lang='grc' dir='ltr'><strong>τά</strong></span> <span class='ocrx_word' id='word_1_588' title='bbox 2995 3447 3090 3504; x_wconf 90' lang='grc' dir='ltr'><strong>τοῦ</strong></span> <span class='ocrx_word' id='word_1_589' title='bbox 3115 3447 3249 3502; x_wconf 91' lang='grc' dir='ltr'>λαοῦ</span> <span class='ocrx_word' id='word_1_590' title='bbox 3270 3448 3598 3518; x_wconf 67' lang='grc' dir='ltr'><strong>πράγματατ</strong></span> <span class='ocrx_word' id='word_1_591' title='bbox 3623 3443 3714 3498; x_wconf 74' lang='grc' dir='ltr'>καὶ</span> 
     </span>
    </p>
   </div>
   <div class='ocr_carea' id='block_1_88' title="bbox 2134 3535 3714 3623">
    <p class='ocr_par' dir='ltr' id='par_1_88' title="bbox 2134 3535 3714 3623">
     <span class='ocr_line' id='line_1_88' title="bbox 2134 3535 3714 3623; baseline -0.011 -17"><span class='ocrx_word' id='word_1_592' title='bbox 2134 3553 2182 3605; x_wconf 81' lang='grc' dir='ltr'>οἱ</span> <span class='ocrx_word' id='word_1_593' title='bbox 2215 3551 2315 3623; x_wconf 80' lang='grc' dir='ltr'>μὲν</span> <span class='ocrx_word' id='word_1_594' title='bbox 2369 3551 2450 3614; x_wconf 82' lang='grc' dir='ltr'><strong>είς</strong></span> <span class='ocrx_word' id='word_1_595' title='bbox 2499 3547 2802 3601; x_wconf 78' lang='grc' dir='ltr'>Βαϐυλῶνα</span> <span class='ocrx_word' id='word_1_596' title='bbox 2853 3542 3207 3615; x_wconf 84' lang='grc' dir='ltr'>ἀπήχθησαν,</span> <span class='ocrx_word' id='word_1_597' title='bbox 3242 3535 3391 3595; x_wconf 80' lang='grc' dir='ltr'>οῦτοι</span> <span class='ocrx_word' id='word_1_598' title='bbox 3419 3539 3477 3592; x_wconf 85' lang='grc' dir='ltr'>δὲ</span> <span class='ocrx_word' id='word_1_599' title='bbox 3513 3541 3594 3601; x_wconf 85' lang='grc' dir='ltr'><strong>είς</strong></span> <span class='ocrx_word' id='word_1_600' title='bbox 3623 3535 3714 3590; x_wconf 79' lang='grc' dir='ltr'><strong>Δί-</strong></span> 
     </span>
    </p>
   </div>
   <div class='ocr_carea' id='block_1_89' title="bbox 2135 3632 3714 3715">
    <p class='ocr_par' dir='ltr' id='par_1_89' title="bbox 2135 3632 3714 3715">
     <span class='ocr_line' id='line_1_89' title="bbox 2135 3632 3714 3715; baseline -0.011 -17"><span class='ocrx_word' id='word_1_601' title='bbox 2135 3662 2347 3714; x_wconf 87' lang='grc' dir='ltr'>γυπτον</span> <span class='ocrx_word' id='word_1_602' title='bbox 2381 3643 2610 3715; x_wconf 71' lang='grc' dir='ltr'>ἔμελλον</span> <span class='ocrx_word' id='word_1_603' title='bbox 2650 3635 3176 3710; x_wconf 75' lang='grc' dir='ltr'>αἰχμαλωτίζεσθαι,</span> <span class='ocrx_word' id='word_1_604' title='bbox 3225 3633 3440 3696; x_wconf 89' lang='grc' dir='ltr'>τούτοις</span> <span class='ocrx_word' id='word_1_605' title='bbox 3475 3632 3714 3701; x_wconf 74' lang='grc' dir='ltr'>ἐτήρησε</span> 
     </span>
    </p>
   </div>
   <div class='ocr_carea' id='block_1_90' title="bbox 2135 3721 3713 3806">
    <p class='ocr_par' dir='ltr' id='par_1_90' title="bbox 2135 3721 3713 3806">
     <span class='ocr_line' id='line_1_90' title="bbox 2135 3721 3713 3806; baseline -0.01 -16"><span class='ocrx_word' id='word_1_606' title='bbox 2135 3737 2349 3791; x_wconf 87' lang='grc' dir='ltr'>τοῦτον.</span> <span class='ocrx_word' id='word_1_607' title='bbox 2380 3732 2542 3806; x_wconf 80' lang='grc' dir='ltr'>Εἶχον</span> <span class='ocrx_word' id='word_1_608' title='bbox 2575 3737 2777 3788; x_wconf 80' lang='grc' dir='ltr'>ἐκεῖνοι</span> <span class='ocrx_word' id='word_1_609' title='bbox 2806 3732 2899 3785; x_wconf 79' lang='grc' dir='ltr'><strong>τὸν</strong></span> <span class='ocrx_word' id='word_1_610' title='bbox 2926 3728 3128 3801; x_wconf 79' lang='grc' dir='ltr'>Δανιὴλ</span> <span class='ocrx_word' id='word_1_611' title='bbox 3161 3727 3257 3782; x_wconf 76' lang='grc' dir='ltr'><strong>καὶ</strong></span> <span class='ocrx_word' id='word_1_612' title='bbox 3288 3726 3380 3780; x_wconf 75' lang='grc' dir='ltr'>τὸν</span> <span class='ocrx_word' id='word_1_613' title='bbox 3423 3721 3713 3790; x_wconf 81' lang='grc' dir='ltr'>Ἱεζεκιήλ.</span> 
     </span>
    </p>
   </div>
   <div class='ocr_carea' id='block_1_91' title="bbox 2137 3811 3716 3899">
    <p class='ocr_par' dir='ltr' id='par_1_91' title="bbox 2137 3811 3716 3899">
     <span class='ocr_line' id='line_1_91' title="bbox 2137 3811 3716 3899; baseline -0.011 -17"><span class='ocrx_word' id='word_1_614' title='bbox 2137 3830 2210 3882; x_wconf 76' lang='grc' dir='ltr'><strong>Οὐ</strong></span> <span class='ocrx_word' id='word_1_615' title='bbox 2260 3827 2514 3899; x_wconf 83' lang='grc' dir='ltr'>βούλεται</span> <span class='ocrx_word' id='word_1_616' title='bbox 2572 3825 2750 3880; x_wconf 81' lang='grc' dir='ltr'>τοίνυν</span> <span class='ocrx_word' id='word_1_617' title='bbox 2800 3821 3004 3885; x_wconf 81' lang='grc' dir='ltr'>παντὸς</span> <span class='ocrx_word' id='word_1_618' title='bbox 3043 3815 3142 3873; x_wconf 90' lang='grc' dir='ltr'><strong>τοῦ</strong></span> <span class='ocrx_word' id='word_1_619' title='bbox 3197 3817 3453 3886; x_wconf 88' lang='grc' dir='ltr'>σώματος</span> <span class='ocrx_word' id='word_1_620' title='bbox 3486 3811 3584 3867; x_wconf 88' lang='grc' dir='ltr'><strong>τοῦ</strong></span> <span class='ocrx_word' id='word_1_621' title='bbox 3615 3813 3716 3866; x_wconf 84' lang='grc' dir='ltr'><strong>κά-</strong></span> 
     </span>
    </p>
   </div>
   <div class='ocr_carea' id='block_1_92' title="bbox 2141 3908 3719 3997">
    <p class='ocr_par' dir='ltr' id='par_1_92' title="bbox 2141 3908 3719 3997">
     <span class='ocr_line' id='line_1_92' title="bbox 2141 3908 3719 3997; baseline -0.01 -20"><span class='ocrx_word' id='word_1_622' title='bbox 2141 3943 2389 3997; x_wconf 84' lang='grc' dir='ltr'>μνοντος,</span> <span class='ocrx_word' id='word_1_623' title='bbox 2420 3925 2500 3988; x_wconf 77' lang='grc' dir='ltr'>εἰς</span> <span class='ocrx_word' id='word_1_624' title='bbox 2532 3923 2591 3976; x_wconf 80' lang='grc' dir='ltr'>ἓν</span> <span class='ocrx_word' id='word_1_625' title='bbox 2617 3922 2947 3990; x_wconf 80' lang='grc' dir='ltr'>συναγαγεῖν</span> <span class='ocrx_word' id='word_1_626' title='bbox 2973 3920 3100 3982; x_wconf 82' lang='grc' dir='ltr'>τοὺς</span> <span class='ocrx_word' id='word_1_627' title='bbox 3134 3915 3373 3985; x_wconf 77' lang='grc' dir='ltr'>ἰατροὺς,</span> <span class='ocrx_word' id='word_1_628' title='bbox 3417 3912 3506 3964; x_wconf 80' lang='grc' dir='ltr'><strong>ἵνα</strong></span> <span class='ocrx_word' id='word_1_629' title='bbox 3549 3910 3627 3980; x_wconf 85' lang='grc' dir='ltr'>μὴ</span> <span class='ocrx_word' id='word_1_630' title='bbox 3659 3908 3719 3962; x_wconf 84' lang='grc' dir='ltr'><strong>τὸ</strong></span> 
     </span>
    </p>
   </div>
   <div class='ocr_carea' id='block_1_93' title="bbox 2141 4003 3716 4090">
    <p class='ocr_par' dir='ltr' id='par_1_93' title="bbox 2141 4003 3716 4090">
     <span class='ocr_line' id='line_1_93' title="bbox 2141 4003 3716 4090; baseline -0.012 -18"><span class='ocrx_word' id='word_1_631' title='bbox 2141 4019 2241 4090; x_wconf 83' lang='grc' dir='ltr'><strong>μὲν</strong></span> <span class='ocrx_word' id='word_1_632' title='bbox 2275 4017 2438 4070; x_wconf 83' lang='grc' dir='ltr'>πλέον</span> <span class='ocrx_word' id='word_1_633' title='bbox 2473 4014 2571 4068; x_wconf 89' lang='grc' dir='ltr'><strong>τοῦ</strong></span> <span class='ocrx_word' id='word_1_634' title='bbox 2610 4015 2826 4076; x_wconf 79' lang='grc' dir='ltr'>δέοντος</span> <span class='ocrx_word' id='word_1_635' title='bbox 2858 4009 3109 4080; x_wconf 79' lang='grc' dir='ltr'>ἀπολάϐῃ</span> <span class='ocrx_word' id='word_1_636' title='bbox 3131 4049 3147 4074; x_wconf 93' lang='grc'><strong>,</strong></span> <span class='ocrx_word' id='word_1_637' title='bbox 3188 4009 3250 4062; x_wconf 79' lang='grc' dir='ltr'><strong>τὸ</strong></span> <span class='ocrx_word' id='word_1_638' title='bbox 3288 4005 3346 4059; x_wconf 83' lang='grc' dir='ltr'>δὲ</span> <span class='ocrx_word' id='word_1_639' title='bbox 3380 4004 3519 4076; x_wconf 73' lang='grc' dir='ltr'>μηδὲ</span> <span class='ocrx_word' id='word_1_640' title='bbox 3559 4003 3716 4064; x_wconf 82' lang='grc' dir='ltr'>ὅλως,</span> 
     </span>
    </p>
   </div>
   <div class='ocr_carea' id='block_1_94' title="bbox 2139 4093 3720 4174">
    <p class='ocr_par' dir='ltr' id='par_1_94' title="bbox 2139 4093 3720 4174">
     <span class='ocr_line' id='line_1_94' title="bbox 2139 4093 3720 4174; baseline -0.013 -10"><span class='ocrx_word' id='word_1_641' title='bbox 2139 4110 2256 4164; x_wconf 83' lang='grc' dir='ltr'>ἀλλ’</span> <span class='ocrx_word' id='word_1_642' title='bbox 2295 4109 2528 4163; x_wconf 73' lang='grc' dir='ltr'>ἕκαστον</span> <span class='ocrx_word' id='word_1_643' title='bbox 2557 4107 2698 4161; x_wconf 80' lang='grc' dir='ltr'>κατὰ</span> <span class='ocrx_word' id='word_1_644' title='bbox 2733 4106 2833 4174; x_wconf 82' lang='grc' dir='ltr'>τὴν</span> <span class='ocrx_word' id='word_1_645' title='bbox 2866 4101 3234 4174; x_wconf 83' lang='grc' dir='ltr'>συμμετρίαν.</span> <span class='ocrx_word' id='word_1_646' title='bbox 3279 4096 3424 4152; x_wconf 80' lang='grc' dir='ltr'>Ἀλλ’</span> <span class='ocrx_word' id='word_1_647' title='bbox 3459 4097 3599 4166; x_wconf 84' lang='grc' dir='ltr'>ὅπερ</span> <span class='ocrx_word' id='word_1_648' title='bbox 3627 4093 3720 4145; x_wconf 79' lang='grc' dir='ltr'>ἐπὶ</span> 
     </span>
    </p>
   </div>
   <div class='ocr_carea' id='block_1_95' title="bbox 2138 4185 3720 4264">
    <p class='ocr_par' dir='ltr' id='par_1_95' title="bbox 2138 4185 3720 4264">
     <span class='ocr_line' id='line_1_95' title="bbox 2138 4185 3720 4264; baseline -0.011 -11"><span class='ocrx_word' id='word_1_649' title='bbox 2138 4199 2248 4252; x_wconf 88' lang='grc' dir='ltr'><strong>τῶν</strong></span> <span class='ocrx_word' id='word_1_650' title='bbox 2289 4197 2606 4252; x_wconf 83' lang='grc' dir='ltr'>ἀποστόλων</span> <span class='ocrx_word' id='word_1_651' title='bbox 2647 4194 2888 4264; x_wconf 73' lang='grc' dir='ltr'>ἐγένετο,</span> <span class='ocrx_word' id='word_1_652' title='bbox 2933 4189 3210 4260; x_wconf 86' lang='grc' dir='ltr'>πανταχοῦ</span> <span class='ocrx_word' id='word_1_653' title='bbox 3252 4185 3720 4256; x_wconf 83' lang='grc' dir='ltr'>διασπειρομένων</span> 
     </span>
    </p>
   </div>
   <div class='ocr_carea' id='block_1_96' title="bbox 2141 4277 3719 4359">
    <p class='ocr_par' dir='ltr' id='par_1_96' title="bbox 2141 4277 3719 4359">
     <span class='ocr_line' id='line_1_96' title="bbox 2141 4277 3719 4359; baseline -0.012 -14"><span class='ocrx_word' id='word_1_654' title='bbox 2141 4291 2346 4356; x_wconf 82' lang='grc' dir='ltr'>αὐτῶν,</span> <span class='ocrx_word' id='word_1_655' title='bbox 2396 4291 2538 4343; x_wconf 85' lang='grc' dir='ltr'>ὥστε</span> <span class='ocrx_word' id='word_1_656' title='bbox 2591 4287 2667 4359; x_wconf 81' lang='grc' dir='ltr'>μὴ</span> <span class='ocrx_word' id='word_1_657' title='bbox 2715 4288 2795 4350; x_wconf 81' lang='grc' dir='ltr'>εἰς</span> <span class='ocrx_word' id='word_1_658' title='bbox 2841 4287 2900 4339; x_wconf 79' lang='grc' dir='ltr'>ἓν</span> <span class='ocrx_word' id='word_1_659' title='bbox 2953 4282 3227 4337; x_wconf 75' lang='grc' dir='ltr'>συνελθεῖν</span> <span class='ocrx_word' id='word_1_660' title='bbox 3276 4282 3407 4342; x_wconf 76' lang='grc' dir='ltr'>τοὺς</span> <span class='ocrx_word' id='word_1_661' title='bbox 3455 4277 3719 4347; x_wconf 78' lang='grc' dir='ltr'>ἀστέρας,</span> 
     </span>
    </p>
   </div>
   <div class='ocr_carea' id='block_1_97' title="bbox 2143 4366 3720 4448">
    <p class='ocr_par' dir='ltr' id='par_1_97' title="bbox 2143 4366 3720 4448">
     <span class='ocr_line' id='line_1_97' title="bbox 2143 4366 3720 4448; baseline -0.012 -11"><span class='ocrx_word' id='word_1_662' title='bbox 2143 4384 2304 4437; x_wconf 89' lang='grc' dir='ltr'>τοῦτο</span> <span class='ocrx_word' id='word_1_663' title='bbox 2356 4383 2450 4436; x_wconf 72' lang='grc' dir='ltr'><strong>καὶ</strong></span> <span class='ocrx_word' id='word_1_664' title='bbox 2496 4380 2591 4434; x_wconf 70' lang='grc' dir='ltr'><strong>ἐπὶ</strong></span> <span class='ocrx_word' id='word_1_665' title='bbox 2649 4378 2759 4432; x_wconf 87' lang='grc' dir='ltr'><strong>τῶν</strong></span> <span class='ocrx_word' id='word_1_666' title='bbox 2809 4377 3107 4448; x_wconf 77' lang='grc' dir='ltr'>προφητῶν</span> <span class='ocrx_word' id='word_1_667' title='bbox 3163 4375 3287 4429; x_wconf 81' lang='grc' dir='ltr'>τότε</span> <span class='ocrx_word' id='word_1_668' title='bbox 3351 4371 3592 4442; x_wconf 86' lang='grc' dir='ltr'>μάλιστα</span> <span class='ocrx_word' id='word_1_669' title='bbox 3638 4366 3720 4436; x_wconf 87' lang='grc' dir='ltr'>γί-</span> 
     </span>
    </p>
   </div>
   <div class='ocr_carea' id='block_1_98' title="bbox 2069 4469 2309 4532">
    <p class='ocr_par' dir='ltr' id='par_1_98' title="bbox 2069 4469 2309 4532">
     <span class='ocr_line' id='line_1_98' title="bbox 2069 4469 2309 4532; baseline -0.008 0"><span class='ocrx_word' id='word_1_670' title='bbox 2069 4469 2114 4525; x_wconf 82' lang='grc' dir='ltr'><strong>Ι)</strong></span> <span class='ocrx_word' id='word_1_671' title='bbox 2141 4494 2309 4532; x_wconf 86' lang='grc' dir='ltr'>νεται.</span> 
     </span>
    </p>
   </div>
   <div class='ocr_carea' id='block_1_99' title="bbox 2718 4600 3148 4658">
    <p class='ocr_par' dir='ltr' id='par_1_99' title="bbox 2718 4600 3148 4658">
     <span class='ocr_line' id='line_1_99' title="bbox 2718 4600 3148 4658; baseline -0.019 -2"><span class='ocrx_word' id='word_1_672' title='bbox 2718 4602 2972 4658; x_wconf 78' lang='grc' dir='ltr'><strong>ΚΕΦΑΛ.</strong></span> <span class='ocrx_word' id='word_1_673' title='bbox 3007 4600 3148 4654; x_wconf 74' lang='lat' dir='ltr'><strong>MA&#39;.</strong></span> 
     </span>
    </p>
   </div>
   <div class='ocr_carea' id='block_1_100' title="bbox 2211 4737 2898 4808">
    <p class='ocr_par' dir='ltr' id='par_1_100' title="bbox 2211 4737 2898 4808">
     <span class='ocr_line' id='line_1_100' title="bbox 2211 4737 2898 4808; baseline -0.006 -11"><span class='ocrx_word' id='word_1_674' title='bbox 2211 4742 2323 4798; x_wconf 66' lang='lat' dir='ltr'><strong>«Kal</strong></span> <span class='ocrx_word' id='word_1_675' title='bbox 2349 4740 2578 4807; x_wconf 80' lang='grc' dir='ltr'>ἀνέστη</span> <span class='ocrx_word' id='word_1_676' title='bbox 2620 4737 2898 4808; x_wconf 77' lang='grc' dir='ltr'>Ἰσμαήλ.</span> 
     </span>
    </p>
   </div>
   <div class='ocr_carea' id='block_1_101' title="bbox 2212 4817 3724 4897">
    <p class='ocr_par' dir='ltr' id='par_1_101' title="bbox 2212 4817 3724 4897">
     <span class='ocr_line' id='line_1_101' title="bbox 2212 4817 3724 4897; baseline -0.01 -12"><span class='ocrx_word' id='word_1_677' title='bbox 2212 4831 2368 4895; x_wconf 84' lang='grc' dir='ltr'>Τίνος</span> <span class='ocrx_word' id='word_1_678' title='bbox 2401 4830 2589 4885; x_wconf 71' lang='grc' dir='ltr'>ἕνεκεν</span> <span class='ocrx_word' id='word_1_679' title='bbox 2621 4827 3004 4897; x_wconf 86' lang='grc' dir='ltr'>συνεχώρησεν</span> <span class='ocrx_word' id='word_1_680' title='bbox 3028 4825 3057 4878; x_wconf 85' lang='grc' dir='ltr'>ὁ</span> <span class='ocrx_word' id='word_1_681' title='bbox 3080 4823 3215 4886; x_wconf 81' lang='grc' dir='ltr'>Θεὸς</span> <span class='ocrx_word' id='word_1_682' title='bbox 3249 4821 3608 4892; x_wconf 81' lang='grc' dir='ltr'>ἀναιρεθῆναι</span> <span class='ocrx_word' id='word_1_683' title='bbox 3633 4817 3724 4871; x_wconf 68' lang='grc' dir='ltr'>τὸν</span> 
     </span>
    </p>
   </div>
   <div class='ocr_carea' id='block_1_102' title="bbox 2147 4911 3725 4991">
    <p class='ocr_par' dir='ltr' id='par_1_102' title="bbox 2147 4911 3725 4991">
     <span class='ocr_line' id='line_1_102' title="bbox 2147 4911 3725 4991; baseline -0.01 -14"><span class='ocrx_word' id='word_1_684' title='bbox 2147 4923 2456 4990; x_wconf 80' lang='grc' dir='ltr'>ἄνθρωπον,</span> <span class='ocrx_word' id='word_1_685' title='bbox 2497 4918 2736 4991; x_wconf 80' lang='grc' dir='ltr'>χρηστὸν</span> <span class='ocrx_word' id='word_1_686' title='bbox 2767 4917 2898 4970; x_wconf 75' lang='grc' dir='ltr'>ὄντα</span> <span class='ocrx_word' id='word_1_687' title='bbox 2930 4917 3027 4969; x_wconf 71' lang='grc' dir='ltr'>καὶ</span> <span class='ocrx_word' id='word_1_688' title='bbox 3057 4912 3302 4984; x_wconf 77' lang='grc' dir='ltr'>ἐπιεικῆ,</span> <span class='ocrx_word' id='word_1_689' title='bbox 3337 4913 3438 4967; x_wconf 73' lang='grc' dir='ltr'>καὶ</span> <span class='ocrx_word' id='word_1_690' title='bbox 3455 4911 3725 4977; x_wconf 87' lang='grc' dir='ltr'>τοσαύτης</span> 
     </span>
    </p>
   </div>
   <div class='ocr_carea' id='block_1_103' title="bbox 2159 4999 3725 5082">
    <p class='ocr_par' dir='ltr' id='par_1_103' title="bbox 2159 4999 3725 5082">
     <span class='ocr_line' id='line_1_103' title="bbox 2159 4999 3725 5082; baseline -0.012 -15"><span class='ocrx_word' id='word_1_691' title='bbox 2159 5012 2433 5075; x_wconf 84' lang='grc' dir='ltr'>Ἰουδαίοις</span> <span class='ocrx_word' id='word_1_692' title='bbox 2467 5008 2805 5082; x_wconf 85' lang='grc' dir='ltr'>προστασίας</span> <span class='ocrx_word' id='word_1_693' title='bbox 2833 5004 3184 5077; x_wconf 88' lang='grc' dir='ltr'>μεταδιδόντα</span> <span class='ocrx_word' id='word_1_694' title='bbox 3207 5044 3224 5071; x_wconf 94' lang='grc'><strong>,</strong></span> <span class='ocrx_word' id='word_1_695' title='bbox 3256 5002 3354 5056; x_wconf 77' lang='grc' dir='ltr'>καὶ</span> <span class='ocrx_word' id='word_1_696' title='bbox 3380 5001 3454 5056; x_wconf 83' lang='grc' dir='ltr'>τὰ</span> <span class='ocrx_word' id='word_1_697' title='bbox 3482 4999 3609 5071; x_wconf 77' lang='grc' dir='ltr'><strong>ἑξῆς</strong></span> <span class='ocrx_word' id='word_1_698' title='bbox 3628 5000 3725 5051; x_wconf 80' lang='grc' dir='ltr'><strong>ὅσα</strong></span> 
     </span>
    </p>
   </div>
   <div class='ocr_carea' id='block_1_104' title="bbox 2147 5101 2736 5177">
    <p class='ocr_par' dir='ltr' id='par_1_104' title="bbox 2147 5101 2736 5177">
     <span class='ocr_line' id='line_1_104' title="bbox 2147 5101 2736 5177; baseline -0.012 -17"><span class='ocrx_word' id='word_1_699' title='bbox 2147 5105 2455 5177; x_wconf 84' lang='grc' dir='ltr'>γράφουσιν</span> <span class='ocrx_word' id='word_1_700' title='bbox 2485 5101 2695 5156; x_wconf 77' lang='grc' dir='ltr'>ἄνωθεν</span> <span class='ocrx_word' id='word_1_701' title='bbox 2720 5116 2736 5166; x_wconf 90' lang='grc'>;</span> 
     </span>
    </p>
   </div>
   <div class='ocr_carea' id='block_1_105' title="bbox 2219 5175 3727 5263">
    <p class='ocr_par' dir='ltr' id='par_1_105' title="bbox 2219 5175 3727 5263">
     <span class='ocr_line' id='line_1_105' title="bbox 2219 5175 3727 5263; baseline -0.013 -12"><span class='ocrx_word' id='word_1_702' title='bbox 2219 5200 2235 5216; x_wconf 87' lang='lat'><strong>&#39;</strong></span> <span class='ocrx_word' id='word_1_703' title='bbox 2261 5195 2330 5251; x_wconf 84' lang='grc' dir='ltr'><strong>Τὸ</strong></span> <span class='ocrx_word' id='word_1_704' title='bbox 2355 5194 2426 5248; x_wconf 81' lang='grc' dir='ltr'>δὲ</span> <span class='ocrx_word' id='word_1_705' title='bbox 2456 5192 2665 5263; x_wconf 75' lang='grc' dir='ltr'>φρέαρ,</span> <span class='ocrx_word' id='word_1_706' title='bbox 2696 5194 2785 5258; x_wconf 79' lang='grc' dir='ltr'>εὶς</span> <span class='ocrx_word' id='word_1_707' title='bbox 2817 5191 2850 5245; x_wconf 85' lang='grc' dir='ltr'>ὃ</span> <span class='ocrx_word' id='word_1_708' title='bbox 2881 5190 3130 5259; x_wconf 72' lang='grc' dir='ltr'>ἔρριψεν</span> <span class='ocrx_word' id='word_1_709' title='bbox 3165 5185 3416 5254; x_wconf 71' lang='grc' dir='ltr'><strong>Ἰσμαὴλ</strong></span> <span class='ocrx_word' id='word_1_710' title='bbox 3441 5183 3635 5237; x_wconf 73' lang='grc' dir='ltr'>πάντα</span> <span class='ocrx_word' id='word_1_711' title='bbox 3657 5175 3727 5231; x_wconf 83' lang='grc' dir='ltr'>τὰ</span> 
     </span>
    </p>
   </div>
   <div class='ocr_carea' id='block_1_106' title="bbox 2150 5272 3728 5358">
    <p class='ocr_par' dir='ltr' id='par_1_106' title="bbox 2150 5272 3728 5358">
     <span class='ocr_line' id='line_1_106' title="bbox 2150 5272 3728 5358; baseline -0.012 -14"><span class='ocrx_word' id='word_1_712' title='bbox 2150 5290 2396 5358; x_wconf 84' lang='grc' dir='ltr'>σώματα</span> <span class='ocrx_word' id='word_1_713' title='bbox 2435 5287 2554 5342; x_wconf 79' lang='grc' dir='ltr'>τῶν</span> <span class='ocrx_word' id='word_1_714' title='bbox 2585 5283 2822 5354; x_wconf 79' lang='grc' dir='ltr'>ἀνδρῶν</span> <span class='ocrx_word' id='word_1_715' title='bbox 2860 5278 2947 5336; x_wconf 80' lang='grc' dir='ltr'><strong>ὧν</strong></span> <span class='ocrx_word' id='word_1_716' title='bbox 2993 5281 3306 5336; x_wconf 80' lang='grc' dir='ltr'>ἀπέκτεινε</span> <span class='ocrx_word' id='word_1_717' title='bbox 3356 5278 3509 5348; x_wconf 85' lang='grc' dir='ltr'>μετὰ</span> <span class='ocrx_word' id='word_1_718' title='bbox 3553 5272 3728 5329; x_wconf 84' lang='grc' dir='ltr'>Γοδο-</span> 
     </span>
    </p>
   </div>
   <div class='ocr_carea' id='block_1_107' title="bbox 2151 5361 3727 5449">
    <p class='ocr_par' dir='ltr' id='par_1_107' title="bbox 2151 5361 3727 5449">
     <span class='ocr_line' id='line_1_107' title="bbox 2151 5361 3727 5449; baseline -0.011 -14"><span class='ocrx_word' id='word_1_719' title='bbox 2151 5382 2311 5446; x_wconf 77' lang='grc' dir='ltr'>λίου,</span> <span class='ocrx_word' id='word_1_720' title='bbox 2367 5379 2554 5449; x_wconf 71' lang='grc' dir='ltr'>φρέαρ</span> <span class='ocrx_word' id='word_1_721' title='bbox 2605 5376 2760 5447; x_wconf 74' lang='grc' dir='ltr'>μέγα</span> <span class='ocrx_word' id='word_1_722' title='bbox 2804 5375 2997 5441; x_wconf 73' lang='grc' dir='ltr'>ἐστὶν,</span> <span class='ocrx_word' id='word_1_723' title='bbox 3053 5372 3085 5426; x_wconf 89' lang='grc' dir='ltr'><strong>ὂ</strong></span> <span class='ocrx_word' id='word_1_724' title='bbox 3129 5372 3387 5438; x_wconf 83' lang='grc' dir='ltr'>ἐποίησε</span> <span class='ocrx_word' id='word_1_725' title='bbox 3428 5361 3727 5432; x_wconf 71' lang='grc' dir='ltr'>βασιλεὺς</span> 
     </span>
    </p>
   </div>
   <div class='ocr_carea' id='block_1_108' title="bbox 2165 5455 3733 5536">
    <p class='ocr_par' dir='ltr' id='par_1_108' title="bbox 2165 5455 3733 5536">
     <span class='ocr_line' id='line_1_108' title="bbox 2165 5455 3733 5536; baseline -0.013 -11"><span class='ocrx_word' id='word_1_726' title='bbox 2165 5472 2342 5524; x_wconf 81' lang='grc' dir='ltr'><strong>Ἂσὰν</strong></span> <span class='ocrx_word' id='word_1_727' title='bbox 2375 5471 2493 5523; x_wconf 83' lang='grc' dir='ltr'><strong>ἀπὸ</strong></span> <span class='ocrx_word' id='word_1_728' title='bbox 2535 5466 2862 5536; x_wconf 76' lang='grc' dir='ltr'>προσώπου</span> <span class='ocrx_word' id='word_1_729' title='bbox 2894 5461 3205 5529; x_wconf 78' lang='grc' dir='ltr'>,βασιλέως</span> <span class='ocrx_word' id='word_1_730' title='bbox 3254 5458 3526 5528; x_wconf 68' lang='grc' dir='ltr'>Ἰσραὴλ,</span> <span class='ocrx_word' id='word_1_731' title='bbox 3557 5455 3733 5523; x_wconf 79' lang='grc' dir='ltr'>ἡνίκα</span> 
     </span>
    </p>
   </div>
   <div class='ocr_carea' id='block_1_109' title="bbox 2155 5551 3386 5629">
    <p class='ocr_par' dir='ltr' id='par_1_109' title="bbox 2155 5551 3386 5629">
     <span class='ocr_line' id='line_1_109' title="bbox 2155 5551 3386 5629; baseline -0.008 -15"><span class='ocrx_word' id='word_1_732' title='bbox 2155 5563 2272 5629; x_wconf 73' lang='grc' dir='ltr'><strong>τὴν</strong></span> <span class='ocrx_word' id='word_1_733' title='bbox 2315 5561 2498 5629; x_wconf 84' lang='grc' dir='ltr'><strong>Ῥαμὰ</strong></span> <span class='ocrx_word' id='word_1_734' title='bbox 2528 5559 2730 5613; x_wconf 79' lang='grc' dir='ltr'>κτίσαι</span> <span class='ocrx_word' id='word_1_735' title='bbox 2750 5555 3060 5626; x_wconf 76' lang='grc' dir='ltr'>ἠϐουλήθη</span> <span class='ocrx_word' id='word_1_736' title='bbox 3085 5557 3117 5608; x_wconf 88' lang='grc' dir='ltr'><em>ὀ</em></span> <span class='ocrx_word' id='word_1_737' title='bbox 3151 5551 3386 5608; x_wconf 78' lang='grc' dir='ltr'>Βαασά.</span> 
     </span>
    </p>
   </div>
   <div class='ocr_carea' id='block_1_110' title="bbox 2243 5636 3732 5719">
    <p class='ocr_par' dir='ltr' id='par_1_110' title="bbox 2243 5636 3732 5719">
     <span class='ocr_line' id='line_1_110' title="bbox 2243 5636 3732 5719; baseline -0.011 -16"><span class='ocrx_word' id='word_1_738' title='bbox 2243 5652 2367 5704; x_wconf 75' lang='grc' dir='ltr'><strong>Ἐπὶ</strong></span> <span class='ocrx_word' id='word_1_739' title='bbox 2403 5651 2461 5702; x_wconf 83' lang='grc' dir='ltr'>δὲ</span> <span class='ocrx_word' id='word_1_740' title='bbox 2513 5649 2830 5719; x_wconf 85' lang='grc' dir='ltr'>συμμαχίαν</span> <span class='ocrx_word' id='word_1_741' title='bbox 2875 5647 2970 5700; x_wconf 85' lang='grc' dir='ltr'><strong>τοῦ</strong></span> <span class='ocrx_word' id='word_1_742' title='bbox 3003 5644 3176 5716; x_wconf 84' lang='grc' dir='ltr'>Σύρου</span> <span class='ocrx_word' id='word_1_743' title='bbox 3217 5643 3532 5711; x_wconf 79' lang='grc' dir='ltr'>ἀπέστησεν</span> <span class='ocrx_word' id='word_1_744' title='bbox 3571 5636 3732 5691; x_wconf 72' lang='grc' dir='ltr'>αὐτὸν</span> 
     </span>
    </p>
   </div>
   <div class='ocr_carea' id='block_1_111' title="bbox 2160 5731 3733 5812">
    <p class='ocr_par' dir='ltr' id='par_1_111' title="bbox 2160 5731 3733 5812">
     <span class='ocr_line' id='line_1_111' title="bbox 2160 5731 3733 5812; baseline -0.01 -16"><span class='ocrx_word' id='word_1_745' title='bbox 2160 5743 2252 5797; x_wconf 83' lang='grc' dir='ltr'><strong>τοῦ</strong></span> <span class='ocrx_word' id='word_1_746' title='bbox 2283 5743 2465 5812; x_wconf 67' lang='grc' dir='ltr'>ἔργουσ</span> <span class='ocrx_word' id='word_1_747' title='bbox 2498 5743 2656 5795; x_wconf 72' lang='grc' dir='ltr'>’Λσὰν</span> <span class='ocrx_word' id='word_1_748' title='bbox 2688 5738 2876 5794; x_wconf 74' lang='grc' dir='ltr'>αὐτόθι</span> <span class='ocrx_word' id='word_1_749' title='bbox 2903 5738 3059 5794; x_wconf 68' lang='grc' dir='ltr'>πόλιν</span> <span class='ocrx_word' id='word_1_750' title='bbox 3093 5737 3304 5808; x_wconf 81' lang='grc' dir='ltr'>κτίσας,</span> <span class='ocrx_word' id='word_1_751' title='bbox 3339 5733 3527 5804; x_wconf 77' lang='grc' dir='ltr'>ἐπειδὴ</span> <span class='ocrx_word' id='word_1_752' title='bbox 3557 5731 3733 5786; x_wconf 70' lang='grc' dir='ltr'>ἔνδεια</span> 
     </span>
    </p>
   </div>
  </div>
