4004 6156
314 323 455 381 1009

1402 371 1409 377 .
1448 320 1822 378 RAGM-ENTA
1861 319 1928 374 IN
1969 315 2337 375 JEREMIAM.

3426 300 3581 357 ιοιιι

316 439 510 502 ὓδατος
535 432 629 508 ἦν,
647 435 825 508 ὤρυξε
845 438 1105 507 μέγιστον
1122 439 1322 509 φρέαρ,
1349 437 1492 492 ὥστε
1515 441 1632 502 τοῖς
1649 437 1894 491 οἰκοῦσιν

2033 434 2195 502 topia,
2227 432 2524 486 maximum
2583 433 2805 496 puteum
2839 417 3050 484 effodit,
3084 428 3143 471 ut
3189 416 3568 472 habit-antibus

314 529 458 586 εἶναι
480 506 975 601 παήραμυθίανίτῶν
1002 506 1210 586 ὑδάτων
1239 506 1341 601 τὴν
1373 533 1717 602 συναγωγήν.
1752 531 1888 602 Περῖ

2033 525 2186 580 )latio
2234 532 2383 577 esset
2426 531 2690 589 aquarum
2747 512 2997 570 collectio
3054 511 3144 563 ’1’“.
3177 507 3254 563 De
3291 506 3565 574 eo-igitur

315 621 530 675 ἐκείνου
562 622 743 676 τοίνυν
771 621 923 690 λέγει
951 621 1068 676 νῢνι

387 711 593 766 Πάντα
607 713 679 766 τὰ
703 713 858 765 κακὰ
882 711 922 766 ἁ
938 711 1230 779 ἐποίησεν
1261 710 1529 780 ἰσμαὴλ,
1553 712 1651 766 καί
1665 711 1895 781 ᾤχοντο

321 802 611 872 πολεμεῖν
638 801 791 872 μετὰ
833 803 1080 872 Ἰσμαὴλ
1106 805 1242 858 υίὸν
1288 804 1623 870 Ἀθαναίου,
1660 804 1760 858 καὶ
1792 798 1893 860 εὖ·

312 911 431 964 ρον
457 893 645 948 αὐτὸν
670 894 764 963 ἐφ’
785 893 1004 960 ὕδατος
1033 894 1323 964 πολεμίου
1343 894 1413 948 ἐν
1443 896 1713 949 Γαϐαών.

391 985 673 1053 Τουτέστι,
711 985 822 1039 τῶν
852 986 1066 1040 ὐδάτων
1086 988 1189 1058 τὴν
1212 986 1554 1058 πλημμύραν
1586 987 1897 1058 παρεληλυ-

1992 632 2136 672 nunc
2175 615 2434 684 loquitur.

2063 708 2227 762 Vens.
2266 705 2355 760 12.
2416 701 2547 767 Qua:
2586 699 2707 769 fecit
2751 695 2968 759 Ismael,
2991 701 3040 747 et
3083 690 3304 760 profecti
3341 697 3484 753 sunt,
3508 693 3564 740 ut

1995 798 2248 854 bellarent
2275 795 2530 848 adversus
2562 789 2761 845 lsmael
2815 787 2988 855 [ilium
3053 781 3358 845 Athanaiw,
3387 788 3436 834 et
3486 780 3569 831 in-

1994 894 2240 944 venerunt
2261 900 2378 940 eum
2407 882 2476 936 ad
2513 896 2704 952 aquam
2734 878 3006 933 adversam
3038 875 3094 929 in
3113 871 3355 926 Gabaon.

2070 979 2183 1034 Hoc
2208 985 2294 1031 est
2323 988 2584 1044 aquarum
2613 969 3024 1026 inundationem
3057 979 3198 1020 cum
3238 961 3571 1032 pertransis-

321 1078 459 1132 Θότα
483 1116 499 1142 ,
533 1076 674 1131 ὥστε
708 1077 844 1148 μηδὲ
883 1077 1090 1132 ἁλῶναι
1115 1077 1398 1132 δύνασθαι·
1428 1076 1746 1147 τριϐόμενοι
1787 1077 1899 1148 γὰρ

2033 1080 2100 1135 et,
2121 1073 2194 1126 ita
2222 1077 2282 1123 ut
2303 1065 2420 1133 capi
2447 1079 2551 1119 non
2570 1062 2773 1132 possit]:
2798 1063 2925 1115 dum
2948 1059 3092 1112 enim
3122 1069 3334 1126 tempus
3365 1062 3568 1116 terunt,

321 1171 456 1238 περὶ
497 1169 597 1239 τὴν
627 1167 738 1221 τῶν
777 1167 991 1222 ὑδάτων
1019 1167 1224 1232 δίοδον,
1267 1166 1454 1238 χώραν
1485 1165 1684 1238 ἰκτίνῳ
1721 1165 1899 1220 ἐδίδα-

329 1270 436 1306 σαν
459 1255 541 1314 είς
575 1253 813 1324 παντελῆ
852 1253 1068 1324 φυγήν·
1099 1251 1356 1322 περιττὸν
1399 1253 1583 1306 τοίνυν
1613 1254 1905 1323 ἡγησάμε-

1998 1173 2060 1216 ut
2079 1173 2248 1230 aquas
2263 1164 2566 1228 permeent,
2592 1149 2912 1222 fugiendi-ei
2939 1149 3221 1218 praebuere
3253 1143 3574 1216 opportuni-

2003 1258 2206 1316 tatem;
2251 1257 2712 1316 supervaoancum
2765 1241 2931 1312 igitur
2960 1253 3089 1296 esse
3109 1247 3302 1309 putans
3358 1236 3575 1305 insequi

324 1360 416 1406 νος
443 1342 525 1396 ἔτι
553 1342 770 1397 διώκειν
798 1345 888 1399 τὸν
910 1344 972 1398 ού
996 1343 1535 1416 συλληφθησύμενον,
1562 1343 1906 1420 ὑπέστρεψεν

2040 1355 2131 1396 nae
2163 1353 2371 1410 capere
2387 1350 2494 1392 non
2539 1343 2740 1405 posset,
2771 1346 3025 1390 reversus
3075 1340 3161 1387 est
3211 1329 3266 1385 in
3299 1328 3570 1384 ludaesm.

324 1439 407 1502 si;
437 1437 536 1508 τὴν
563 1436 842 1493 Ἰουδαίαν.

338 1550 342 1552 ’
885 1539 1140 1596 ΚΕΦΔΛ.
1175 1544 1328 1605 MH.’

394 1649 508 1704 Kal
535 1653 893 1722 προσῆλθον
921 1655 1169 1725 πάντες.

2606 1534 2760 1592 CAP.
2797 1533 2960 1590 XLII.

2076 1650 2242 1706 Vsus.
2268 1651 2321 1704 1.
2359 1647 2427 1704 Et
2448 1655 2783 1704 accusarunt
2813 1659 3014 1701 omnes.

399 1740 608 1834 ’ξισασιν
637 1743 893 1834 ἀναξίους
939 1746 1168 1812 ἑαυτοὺς
1199 1747 1362 1814 δντας
1399 1747 1497 1804 τοῦ
1543 1750 1731 1820 τυχεῖν
1768 1749 1902 1803 ἀπο-

2080 1743 2288 1799 Norunt
2314 1756 2375 1797 se
2424 1741 2674 1812 indignos
2712 1738 3090 1810 responsione,
3112 1733 3366 1805 quoniam
3427 1747 3572 1804 saepe

328 1829 564 1901 κρίσεως
590 1873 607 1900 ,
637 1833 829 1906 ἐπειδὴ
882 1835 1149 1901 πολλάκις
1179 1839 1496 1910 ἠπίστησαν
1525 1841 1643 1904 τοῖς
1670 1840 1904 1912 εἰρημέ-

2033 1837 2164 1891 lictis
2194 1849 2298 1889 nou
2362 1832 2738 1888 credidissent.
2763 1830 2905 1887 ~ldeo
2936 1829 3014 1886 ait
3047 1845 3064 1884 :
3098 1826 3356 1884 Miserere
3379 1825 3574 1891 nostri,

328 1922 603 2079 ἔοιῗ.ὲΔιά
637 1923 799 1978 τοῦτό
841 1943 1033 1998 φησιν,
1070 1929 1323 2002 Ἐλέησον
1349 1932 1498 2004 ἡμᾶς
1519 1970 1536 1997 ,
1571 1932 1622 1986 εί
1654 1932 1751 1986 καὶ
1775 1933 1908 1988 ἀνάο

365 2030 413 2066 ιο
496 2031 657 2079 σμεν.

365 2030 434 2066 ιοι
465 2030 657 2082 εσμεν.

404 2105 603 2171 Καθὼς
633 2107 688 2161 οί
711 2107 1010 2179 ὀφθαλμοί
1038 2125 1156 2166 σου
1174 2111 1508 2176 βλέπουσι.
1564 2157 1574 2163 .

403 2195 675 2267 Μάρτυρα
726 2216 803 2254 ων
851 2203 1154 2273 συμφορῶν
1201 2220 1296 2268 σε,
1344 2205 1532 2276 φησιν,
1572 2205 1789 2276 εχομεν.
1820 2207 1912 2263 El-

336 2284 518 2349 πὰτω,
550 2289 738 2356 φησὶν,
789 2291 922 2360 ἡμῖν
956 2291 984 2343 ό
1006 2291 1160 2358 Θεὸς,
1198 2293 1253 2346 τί
1290 2293 1376 2346 δεῖ
1401 2294 1630 2364 πρᾶξαι.
1657 2297 1722 2349 Ol
1761 2313 1915 2369 περι-

337 2375 673 2431 σπούδαστον
717 2379 862 2433 οὕτω
891 2383 1125 2453 πρᾶγμα
1153 2383 1504 2455 νομίσαντες,
1557 2385 1697 2457 μετὰ
1728 2387 1790 2440 τὸ
1818 2404 1913 2442 τυ-

334 2467 457 2536 χεῖν
487 2465 608 2530 πῶς
643 2467 826 2523 ὕπτιοι
849 2471 1090 2539 γίνονται
1115 2475 1129 2528 !

414 2557 524 2610 Kal
548 2559 721 2614 αὐτοὶ
741 2557 921 2615 εἶπον
941 2561 1021 2628 τῷ
1055 2563 1324 2635 Ἱερεμίᾳ.
1361 2574 1370 2584 ’

413 2646 607 2716 Ἡμεῖς
625 2665 688 2702 σε
708 2651 1139 2721 ἀπεστείλαμεν,
1172 2655 1268 2709 καὶ
1297 2657 1786 2728 παρεκαλέσαμεν,
1821 2660 1916 2714 καὶ

334 2739 583 2810 ἀνάγκην
614 2740 834 2812 ἔχομεν,
869 2744 1006 2816 ὅπερ
1038 2744 1105 2802 ἂν
1131 2746 1387 2820 ἐπιτάξῃ,
1422 2750 1632 2816 πάντας
1658 2751 1917 2807 ἀκούσειν

335 2831 448 2885 είτε
478 2833 705 2900 ἀγαθὸν,
739 2835 852 2889 εἴτε
885 2838 1060 2894 κακόν
1080 2855 1096 2872 ⁸
1139 2841 1424 2914 πρόχειροι
1452 2845 1585 2916 περὶ
1613 2845 1711 2911 τὰς
1740 2847 1918 2916 ἑπαγ-

337 2923 548 2992 γελίας,
581 2927 714 2997 περὶ
749 2928 808 2982 δὲ
838 2929 938 2994 τάς
969 2931 1202 3003 πράξεις
1229 2934 1492 3006 οὐδαμοῦ.

421 3013 565 3069 Ἐὰν
588 3017 947 3085 καθίσαντες
972 3019 1282 3090 καθίσητε.

405 3105 517 3159 Καὶ
548 3105 602 3160 τί
631 3107 691 3160 τὸ
717 3107 931 3176 ὄφελος,
962 3109 1060 3165 ἐὰν
1087 3109 1150 3165 τὸ
1177 3111 1309 3166 αὐτὸ
1336 3111 1637 3184 πάθωμεν;

413 3198 524 3253 Kal
559 3200 842 3267 φυτεύσω
867 3200 1044 3271 ὑμᾶς.

440 3289 710 3345 Ἐδώκατε
738 3287 1013 3364 τιμωρίαν
1038 3293 1101 3347 οὐ
1120 3295 1220 3367 τὴν
1237 3295 1533 3366 τυχοῦσαν.

414 3381 512 3448 Μὴ
535 3382 857 3451 φοϐήθητε.

418 3472 484 3524 Τί
516 3474 711 3527 τούτου
751 3475 1201 3550 ἀξιοπιστότερον
1228 3479 1325 3534 τοῦ
1356 3481 1567 3553 ρητούς

417 3563 531 3618 Kal
559 3567 614 3619 εί
637 3566 876 3634 ἐλέγετε
908 3569 1114 3638 ὑμεῖςὶ

427 3654 616 3726 Ὁρᾷς,
645 3655 759 3720 πῶς
790 3659 976 3724 αὐτοῖς
1013 3661 1396 3716 ἀποκαλύπτει
1430 3663 1530 3726 τάς
1578 3661 1784 3727 οἰκείας
1811 3662 1927 3716 δια-

350 3743 536 3811 νοίας;
567 3746 704 3817 ὅπερ
741 3748 1004 3818 μέγιστον
1033 3753 1334 3822 τεκμήριον
1357 3748 1425 3822 ἦν
1460 3751 1556 3805 τοῦ
1587 3751 1925 3822 προφητείαν

355 3833 494 3891 εῖναι
518 3839 577 3892 τὸ
604 3842 859 3913 πρᾶγμα,
896 3843 995 3914 οὐχ
1026 3844 1108 3897 ὅτι
1141 3844 1304 3914 μόνον
1330 3843 1616 3898 ἐϐούλοντο
1635 3845 1926 3915 εἰσελθεῖν,

357 3929 498 3997 ᾁλλά
530 3931 621 3984 καὶ
645 3932 696 3985 τί
724 3933 1138 4004 προσδοκῶντες
1158 3934 1368 4003 ἔλεγον.

912 4047 1167 4102 ΚΕΦΑΛ.
1197 4047 1338 4104 Ml".

425 4161 446 4181 ⁶
474 4159 584 4214 Kal
609 4158 782 4216 εἷπεν
808 4159 1067 4231 Ἀζαρίας
1088 4164 1221 4229 υίὸς
1250 4162 1498 4228 Ἰωσίου,
1521 4161 1623 4216 καὶ
1639 4162 1930 4217 Ἰωαννάν

351 4249 483 4315 υίὸς
523 4253 724 4321 Καρίε,
761 4253 862 4308 καὶ
891 4253 1116 4321 πάντες
1139 4257 1194 4308 ol
1213 4255 1432 4324 ἄνδρες
1459 4258 1512 4326 ol
1533 4255 1927 4326 ὑπερήφανοι,

353 4343 410 4395 ol
437 4344 713 4409 εἰπόντες
769 4346 1046 4416 Ἱερεμίᾳ,
1077 4347 1327 4417 Δεήθητι
1371 4349 1526 4417 ὑπὲρ
1567 4346 1738 4418 ἡμῶν
1777 4348 1930 4417 πρὸς

2007 1925 2267 2008 quamvis
2287 1921 2492 1993 indigni
2522 1913 2732 1977 simus.’

2083 2108 2246 2179 Vsus.
2272 2105 2329 2161 ‘2.
2359 2102 2506 2159 Sicut
2533 2102 2669 2157 oculi
2696 2102 2773 2156 tui
2795 2102 2988 2157 vident.

2081 2201 2326 2264 Testem.
2352 2197 2552 2270 inquit,
2569 2209 2936 2251 :erumnarum
2991 2201 3303 2250 nostrarum
3330 2199 3382 2246 te
3407 2190 3581 2246 habe-

2012 2307 2164 2359 mus;
2190 2292 2335 2347 dicat
2367 2289 2543 2357 nobis,
2591 2287 2687 2352 ait,
2718 2285 2880 2351 Deus,
2926 2300 3047 2356 quae
3101 2299 3262 2355 agere
3293 2282 3577 2340 debemus.

2012 2385 2114 2452 Qui
2164 2399 2275 2438 rem
2308 2383 2449 2438 hanc
2495 2381 2631 2435 tanti
2682 2379 2981 2433 faciendam
3038 2383 3318 2447 putarunt,
3353 2373 3578 2430 utillaus

2013 2475 2244 2531 assecuti
2274 2481 2418 2535 sunt,
2460 2485 2622 2541 quam
2647 2470 2849 2525 inertes
2887 2468 3143 2523 evadunt.

2093 2563 2261 2618 Vens.
2294 2559 2348 2615 5.
2377 2558 2443 2613 Et
2470 2559 2569 2625 ipsi
2595 2558 2836 2611 dixerunt
2858 2555 3126 2610 Jeremiw.

2091 2653 2200 2709 Nos
2229 2661 2283 2708 te
2337 2651 2600 2720 legamus,
2625 2659 2685 2705 et
2709 2661 2983 2718 rogamus,
3028 2659 3250 2702 necesse
3290 2642 3452 2700 nobis
3499 2651 3584 2697 est

2015 2743 2275 2818 quidquid
2307 2742 2561 2814 praecepit
2595 2749 2653 2795 ut
2696 2740 3001 2806 audiamus,
3044 2739 3160 2795 sive
3217 2738 3438 2804 bonum,
3467 2735 3581 2791 sive

2020 2838 2242 2904 malum,
2271 2832 2505 2906 prompti
2546 2832 2614 2888 ad
2667 2831 3114 2903 promittendum,
3141 2841 3485 2900 nequaquam
3514 2827 3581 2881 ad

2021 2929 2307 3000 agendum.

2094 3019 2259 3075 Vsus.
2301 3017 2390 3073 10.
2416 3017 2476 3073 Si
2498 3017 2733 3072 sedentes
2749 3014 3017 3070 sedebitis.

1945 3115 1990 3175 (ἶ
2085 3111 2151 3167 Ει
2176 3125 2296 3180 qua!
2323 3111 2427 3165 erit
2449 3108 2678 3175 utilitas,
2706 3108 2750 3163 si
2781 3107 2922 3162 idem
2957 3104 3273 3177 patiemur?

2099 3202 2166 3258 Et
2198 3202 2445 3272 plantabo
2469 3218 2580 3257 vos.

2094 3291 2290 3349 Poenas
2319 3306 2427 3347 non
2453 3291 2599 3346 leves
2626 3286 2985 3361 persolvistis.
3080 3287 3082 3289 ’

2097 3383 2260 3439 Vens.
2293 3383 2382 3438 11.
2425 3381 2608 3436 Nolite
2639 3381 2840 3434 timere.

2094 3478 2233 3544 Quid
2269 3477 2373 3530 hoc
2403 3474 2550 3529 dicto
2587 3473 2692 3527 lide
2720 3467 2983 3539 dignius?

2093 3567 2262 3622 Vens.
2295 3565 2384 3620 15.
2413 3563 2555 3630 Quid
2580 3563 2627 3616 si
2647 3561 2827 3618 dicitis
2852 3576 2944 3614 vos
2972 3559 2997 3612 ἵ

2096 3656 2260 3712 Vides
2291 3654 2564 3723 quomodo
2588 3651 2695 3706 illis
2730 3650 2941 3719 aperiat
2966 3644 3335 3715 cogitationes
3365 3639 3594 3700 eorum?

2025 3750 2168 3820 quod
2229 3745 2531 3804 maximum
2570 3751 2699 3800 erat.
2753 3739 3205 3812 indicium,‘q_uze
3271 3737 3595 3795 dicebantur

2025 3838 2366 3910 prophetiam
2397 3850 2542 3899 esse,
2576 3848 2683 3888 non
2719 3831 2862 3906 quod
2890 3829 3334 3900 tantumingredi
3374 3829 3591 3896 vellent,

2027 3932 2122 3988 sed
2144 3930 2311 3986 etiam
2338 3926 2466 4000 quid
2494 3931 2875 3997 exspectantes
2907 3921 3174 3978 dicerent.

2634 4037 2788 4095 CAP.
2825 4034 3015 4100 XLIII.

2099 4159 2115 4176 ⁶
2132 4156 2292 4212 Vens.
2309 4153 2366 4220 2,
2386 4155 2442 4210 '5.
2469 4149 2540 4208 Et
2569 4154 2704 4207 dixit
2735 4152 2958 4207 Aurias
2979 4150 3122 4219 ﬁlius
3145 4148 3334 4214 Josire,
3355 4156 3407 4201 et
3431 4145 3600 4199 Joan-

2031 4264 2154 4306 nem
2184 4247 2327 4316 ﬁlius
2358 4246 2535 4301 Cariae
2559 4287 2575 4311 ,
2619 4255 2668 4299 et
2716 4260 2895 4298 omnes
2931 4240 3303 4310 uirisuperbi,
3328 4237 3417 4306 qui
3453 4237 3600 4289 dixe-

2033 4338 2426 4397 runLJeremiae
2465 4353 2484 4392 :
2523 4337 2636 4392 Ora
2667 4351 2761 4404 pro
2802 4335 2950 4389 nobis
3002 4333 3070 4385 ad
3101 4331 3291 4385 Deum.
3335 4328 3599 4382 Dixerunt

351 4433 595 4501 Κύριον.
631 4432 824 4490 Εἶπον
849 4438 1134 4506 λέγοντες
1160 4438 1242 4505 τῷ
1291 4437 1573 4508 Ἱερεμίᾳ·
1611 4439 1814 4509 Ψευδῆ
1842 4439 1919 4494 σὺ

2033 4430 2258 4486 dicentes
2287 4427 2533 4483 Ieremia:
2561 4443 2582 4482 :
2614 4425 2891 4481 Mendacia
2917 4435 2974 4477 tu
3011 4422 3284 4492 loqueris;
3327 4436 3431 4474 non
3457 4418 3598 4472 misit

351 4527 585 4592 λαλεῖς.
619 4531 742 4583 Οὐκ
779 4527 1103 4583 ἀπέστειλέ
1144 4547 1219 4583 σε
1262 4530 1474 4598 Κύριος
1509 4533 1542 4584 ὁ
1584 4530 1729 4598 Θεὸς
1765 4529 1936 4601 ἡμῶν

353 4623 506 4691 πρὸς
554 4624 712 4693 ἡμᾶς
760 4624 973 4695 λέγων*
1011 4624 1110 4694 Μὴ
1158 4627 1471 4695 εἰσέλθητε
1505 4629 1594 4694 είς
1627 4612 1936 4699 Ἀἴγυπτον

354 4712 718 4767 οίκεῒν-ἐκεῒ.
748 4714 923 4769 Ἀλλὰ
940 4715 1176 4784 Βαροὺχ
1191 4717 1322 4782 υίὸς
1342 4717 1569 4785 Νηρίου
1594 4717 1936 4788 συμϐάλλει

354 4821 433 4859 σε
470 4805 622 4872 πρὸς
661 4805 845 4875 ἡμᾶς,
879 4807 982 4860 ἵνα
1009 4806 1191 4862 δώσει
1219 4806 1376 4877 ἡμᾶς
1407 4810 1491 4872 εις
1523 4809 1730 4878 χεῖρας
1773 4813 1933 4866 Χαλ-

353 4896 560 4961 δαίων,
591 4897 700 4952 τοῦ
721 4899 1059 4954 θανατῶσαι
1089 4899 1265 4970 ἡμᾶς,
1298 4899 1398 4954 καί
1418 4901 1729 4956 ἀποικίσαι
1769 4901 1928 4973 ἡμᾶς

353 4989 444 5054 είς
466 4991 814 5047 Βαϐυλῶνα.

427 5078 746 5149 Τουτέστιν,
793 5086 870 5139 Οὐ
927 5087 1071 5139 κατά
1099 5084 1326 5156 γνώμην
1375 5084 1512 5139 Θεοῦ
1551 5083 1727 5140 ταῦτα
1787 5085 1928 5156 πρὸς

359 5174 508 5243 ἡμᾶς
529 5176 802 5244 ἐφθέγξω,
836 5176 972 5230 ἀλλά
995 5177 1168 5231 ταύτά
1189 5194 1273 5229 σοι
1297 5176 1683 5230 συνεϐούλευσε
1713 5175 1929 5246 Βαροὺχ

357 5267 536 5319 εἰπεῖν
557 5267 696 5337 πρὸς
720 5269 890 5338 ἡμᾶς,
913 5270 1028 5331 τοῖς
1064 5267 1354 5330 Χαλδαίοις
1379 5266 1756 5338 χαριζόμενος,
1777 5266 1929 5318 ὲπει-

357 5355 539 5428 δήπερ
570 5360 771 5412 ἐκεῖνοι
799 5358 896 5414 νῦν
921 5361 980 5414 ὲν
1014 5359 1092 5430 τῷ
1121 5362 1344 5432 κρατεῖν
1367 5359 1725 5428 τυγχάνουσι.

433 5447 594 5514 Τίνος
639 5450 851 5516 ἕνεκεν,
884 5451 1158 5517 εἰπέ;διά
1193 5452 1394 5514 παντὸς
1446 5449 1541 5504 τοῦ
1593 5448 1788 5520 χρόνου
1834 5447 1933 5500 οὐκ

362 5541 594 5597 ἐλάϐετε
629 5546 829 5616 πεῖραν
883 5543 1052 5599 αὑτοῦ
1079 5545 1176 5616 τῆς
1225 5544 1485 5616 γνὼμης;
1529 5543 1594 5598 El
1624 5541 1716 5596 καὶ
1771 5539 1934 5612 μηδὲν

433 5719 501 5753 ’τ’
524 5717 594 5775 Ill
623 5717 755 5788 Reg.
787 5733 873 5791 xv,
909 5721 996 5788 17,
1021 5718 1110 5781 22.

2029 4529 2082 4574 te
2117 4520 2371 4574 Dominus
2403 4519 2545 4573 Deus
2574 4529 2748 4573 noster
2774 4517 2843 4571 ad
2871 4531 2962 4570 nos
2999 4515 3201 4579 dicens,
3225 4512 3310 4568 Ne
3330 4512 3599 4582 ingredia-

2030 4614 2162 4669 snini
2189 4615 2244 4667 in
2276 4611 2352 4666 1E
2356 4622 2602 4683 gyptum,
2621 4612 2690 4665 ad
2715 4610 3058 4665 habitandum
3084 4608 3215 4662 illic.
3258 4606 3363 4662 Sed
3390 4605 3601 4660 Boruclt

2031 4707 2176 4776 [ilius
2206 4703 2391 4758 Neria:
2435 4705 2664 4758 concitat
2705 4712 2757 4758 te
2782 4702 3030 4757 adversus
3068 4716 3182 4763 nos,
3215 4707 3272 4752 ut
3303 4698 3394 4752 des
3420 4714 3514 4752 nos
3545 4698 3601 4750 in

2031 4813 2219 4851 manus
2250 4794 2651 4861 Chaldworum,
2680 4795 2750 4848 ad
2773 4793 3118 4848 occidendum
3151 4805 3266 4855 nos,
3296 4797 3348 4844 et
3374 4790 3602 4858 transle-

2035 4889 2253 4944 rendum
2275 4903 2370 4942 nos
2397 4887 2452 4942 in
2473 4884 2817 4958 Babylonem.

2107 5070 2220 5126 lloc
2242 5079 2343 5136 est,
2373 5084 2477 5125 non
2501 5069 2569 5124 ad
2592 5067 2687 5123 Dei
2718 5074 2949 5123 mentem
2972 5065 3090 5120 haec
3109 5062 3175 5118 ad
3211 5077 3310 5119 nos
3337 5061 3599 5127 habuisti,

2036 5166 2128 5220 sed
2169 5163 2262 5219 tibi
2286 5163 2554 5233 suggessit
2585 5171 2645 5215 ut
2701 5159 2860 5215 nobis
2900 5174 2965 5214 ea
3015 5155 3321 5228 loquereris
3363 5153 3598 5218 Baruch,

2029 5255 2425 5320 Chaldaeorum,
2442 5253 2531 5323 qui
2551 5266 2703 5308 nunc-
2717 5252 3085 5319 dominantur,
3103 5250 3332 5320 gratiam
3355 5250 3623 5316 captans.’

2102 5440 2212 5495 Cur
2258 5439 2368 5504 ita,
2403 5436 2636 5508 quatso?
2689 5450 2782 5504 per
2817 5443 2984 5489 totum
3020 5443 3232 5502 tempus
3262 5447 3368 5487 non
3402 5429 3604 5485 fecistis

2037 5532 2338 5606 periculum
2363 5528 2528 5584 animi
2559 5527 2718 5598 ejus?
2752 5529 2813 5583 Et
2836 5528 2880 5583 si
2907 5525 3042 5583 nihil
3066 5525 3209 5581 aliud
3235 5525 3370 5580 foret
3395 5539 3408 5576 :
3431 5537 3610 5578 nonne
