4016 6152
417 275 544 331 1011

1159 267 1724 328 SUPPLEMENTUM
1760 271 1850 325 AD
1887 273 1942 326 ὃ.
1982 273 2034 326 J.
2076 270 2560 328 CIIRYSOSTOMI
2597 271 2847 326 OPERA.

3523 266 3660 321 ιοιι

417 407 541 446 cum
573 390 649 444 illi
683 398 832 444 esset
863 389 1131 459 integrum
1184 388 1264 443 ire
1303 403 1413 456 quo
1453 388 1635 452 vellet,
1665 388 1852 443 maluit
1891 403 1982 443 vo-

2120 406 2318 459 τερον,
2355 389 2477 458 ούχὶ
2526 388 2716 458 κύριος
2763 387 2839 440 ὣν
2893 385 3151 439 ἀπελθεῖν
3210 384 3338 437 ὅποι
3392 380 3662 450 βούλεται,

417 482 622 557 hiscum
645 479 908 537 manere?

489 575 653 628 Vens.
684 571 738 627 6.
773 571 840 625 Et
863 571 1150 626 Jeremt'am
1180 571 1509 642 prophetam.

392 639 404 682 ί
489 663 602 718 Cur
629 661 801 717 secuti
832 671 961 717 sunt
997 663 1092 716 lii?
1127 639 1194 716 ne
1226 663 1355 731 quid
1387 663 1544 732 pejus
1563 663 1833 717 eveniret.
1853 660 1990 716 Vide

419 757 696 823 antiquunm
728 754 1002 817 morbum,
1035 769 1228 808 rursus
1271 755 1322 806 in
1355 752 1673 824 Egyptum.
1709 753 1992 819 Quomodo

421 849 472 900 in
503 848 711 912 seipsos
751 846 890 900 mala
940 861 1156 915 semper
1203 847 1575 908 attrahebaut,
1628 854 1806 901 tamen
1866 845 1993 901 illuc

419 937 692 1006 profectos
733 937 1024 1008 dereliquit
1059 938 1226 1002 Deus,
1262 952 1438 1007 neque
1471 937 1610 992 dixit
1641 953 1656 989 :
1684 936 1838 1003 Quod
1868 937 1992 991 inde

420 1029 667 1084 lucrum?
699 1029 961 1084 Abierunt
985 1043 1115 1099 ergo
1165 1029 1216 1083 iu
1260 1028 1576 1099 Egyptum.
1609 1027 1716 1082 Sed
1749 1030 1997 1097 perspice

421 1135 542 1190 quae
576 1121 706 1187 ipsis
737 1121 996 1190 praedicat
1036 1118 1326 1187 Jeretnias,
1379 1120 1471 1189 qui
1507 1119 1598 1175 Dei
1637 1135 1698 1175 os
1739 1127 1859 1174 erat
1886 1133 1994 1172 non

423 1212 734 1278 attendens,
767 1213 814 1268 si
843 1213 970 1282 quid
1003 1212 1076 1266 illi
1105 1211 1476 1280 deliquerant,
1497 1212 1591 1265 sed
1637 1209 1801 1266 veluti
1845 1217 1998 1280 pater

425 1303 833 1357 amantissimus
866 1302 1035 1358 lilium
1063 1303 1334 1357 furentem
1363 1301 1563 1370 ubith
1587 1314 1846 1368 sequens.
1877 1297 1996 1352 Non

426 1405 635 1450 temere
687 1405 866 1450 autem
899 1396 1075 1465 posita
1118 1395 1312 1450 deinde
1338 1406 1465 1448 sunt
1519 1407 1642 1462 qua:
1677 1393 1745 1446 ad
1785 1391 1996 1444 Barucli

426 1494 696 1556 spectant.

499 1577 664 1633 Vens.
690 1577 742 1632 9.
774 1576 956 1632 Sumes
982 1577 1076 1630 tibi
1099 1577 1300 1645 lapides
1330 1577 1574 1646 grandes.

495 1668 656 1722 Ponit
681 1668 888 1736 lapides
911 1666 1011 1720 sub
1044 1681 1197 1720 nuiro
1233 1664 1510 1719 lateritio:
1545 1676 1758 1729 semper
1805 1676 1999 1731 corpo-

2095 479 2214 549 μεθ’
2250 479 2402 548 ὑμῶν
2430 477 2604 530 εἵλετο
2640 479 2823 547 μένειν
2850 494 2864 542 ;

2161 571 2273 624 Καὶ
2315 570 2603 638 Ἱερεμίαν
2629 569 2736 622 τὸν
2766 567 3102 637 προφήτην.

2164 661 2323 726 Τίνος
2353 660 2540 715 ἕνεκεν
2559 659 2935 730 ἠκολούθησαν
2958 652 3106 712 οὗτοι
3133 674 3148 723 ;
3181 658 3269 712 ἴνα
3297 656 3372 729 μὴ
3398 656 3580 729 χεῖρόν
3617 673 3668 710 τι

2095 751 2320 822 γένηται
2352 753 2544 805 κακόν.
2591 752 2735 822 Ὅρα
2757 750 2856 820 τὴν
2894 750 3120 821 πρώτην
3156 749 3332 802 νόσον.
3385 749 3559 801 Πάλιν
3591 749 3670 811 είς

2094 843 2390 912 Αἴγυπτον.
2427 842 2554 905 Πῶς
2596 843 2810 904 ἑαυτοῖς
2867 841 2954 894 ἀεὶ
2999 841 3070 892 τὰ
3118 839 3267 893 κακὰ
3296 839 3667 894 ἐπισπῶνται.

2108 934 2248 988 Ἀλλ’
2278 934 2425 1004 ὅμως
2454 933 2574 986 οὐδὲ
2593 934 2710 984 ἐκεῖ
2731 929 3210 1002 παραγενομένους
3247 927 3432 983 εἴασεν
3463 931 3492 981 ὁ
3515 928 3667 992 Θεὸς,

2096 1026 2216 1080 οὐδὲ
2237 1019 2358 1078 εἷπε
2378 1040 2391 1052 ⁸
2429 1022 2494 1076 Τί
2524 1023 2585 1076 τὸ
2615 1023 2804 1093 κέρδος
2830 1041 2845 1089 ;
2871 1021 3057 1074 λοιπὸν
3101 1019 3368 1089 κατῆλθον
3400 1021 3482 1081 εἰς
3508 1023 3672 1086 Αἴγυ-

2098 1136 2252 1174 πτον.
2307 1117 2447 1170 Ἀλλ’
2476 1118 2577 1186 ὅρα
2612 1117 2794 1177 αὐτοῖς
2822 1108 2910 1168 οἷα
2954 1112 3337 1184 προφητεύειό
3379 1110 3670 1179 Ἱερεμίας,

2101 1212 2276 1280 στόμα
2292 1209 2428 1262 Θεοῦ
2455 1208 2550 1262 ὢν.
2574 1209 2684 1262 Καὶ
2705 1205 2943 1276 οὐδαμοῖ)
2968 1203 3191 1258 σκοπῶν
3210 1204 3263 1256 εί
3284 1221 3338 1256 τι
3365 1203 3670 1270 ἐλύπησαν,

2102 1303 2241 1357 ἀλλὰ
2293 1301 2548 1370 καθάπερ
2580 1302 2765 1370 πατὴρ
2799 1299 3153 1368 φιλόστοργος
3200 1295 3482 1364 πανταχοῦ
3529 1312 3674 1365 παρ-

2102 1393 2384 1448 ακολουθεῖ
2405 1393 2482 1462 τῷ
2512 1392 2665 1446 παιδὶ
2700 1390 3011 1461 μαινομένῳ
3033 1405 3046 1418 ’
3078 1389 3200 1457 οὐχ’
3234 1385 3425 1451 ἁπλῶς
3449 1387 3506 1440 δέ
3539 1386 3674 1456 μετὰ

2101 1483 2272 1537 ταῦτα
2297 1485 2364 1534 τὰ
2399 1481 2494 1535 τοῦ
2532 1482 2749 1550 Βαρουχ
2777 1479 2998 1550 ἔθηκεν.

2172 1573 2327 1628 Λάϐε
2351 1571 2586 1636 σεαυτῷ
2606 1571 2816 1636 λίθους
2836 1569 3161 1639 μεγάλους.

2175 1663 2371 1735 Τίθησι
2403 1662 2583 1725 λίθους
2608 1663 2664 1714 ἐν
2694 1661 2772 1732 τῷ
2799 1661 3042 1730 πλινθίῳ.
3096 1660 3243 1713 Ποιεῖ
3272 1675 3323 1710 τι
3373 1658 3460 1710 ἀεὶ
3505 1675 3679 1727 σωμα·

431 1777 579 1815 rcum
612 1759 812 1828 aliquid
853 1760 983 1830 agit,
1023 1767 1080 1811 ut
1118 1761 1198 1812 eis
1231 1761 1478 1822 suadeat,
1511 1765 1569 1809 ut
1593 1755 1700 1810 illis
1741 1754 2000 1823 majorem

2116 1756 2278 1820 τικδν,
2311 1756 2396 1809 ἵνα
2439 1756 2625 1828 πείσῃ.
2665 1754 2803 1807 ὥστε
2855 1752 3054 1817 αὐτοὺς
3107 1751 3461 1821 καταπλῆξαι
3496 1750 3675 1804 πλέον.

431 1853 676 1905 timorem
702 1850 974 1904 incutiat:
1020 1849 1115 1904 sed
1161 1863 1255 1904 eos
1308 1863 1528 1918 capere,
1553 1845 2004 1918 autpersuadere

428 1959 535 2000 non
561 1941 746 1996 valuit.
1643 2001 1646 2004 ,

502 2034 664 2089 Vens.
715 2034 802 2089 10.
835 2032 977 2099 Eos,
1012 2035 1089 2088 sic
1139 2031 1272 2084 dixit
1327 2029 1586 2085 Dominus
1639 2028 1917 2092 virtutum,
1950 2036 2004 2081 et

429 2141 550 2195 qua!
593 2133 915 2195 sequuntur.

503 2217 562 2271 Et
592 2218 848 2288 praecepit
884 2217 956 2272 illi
999 2215 1142 2271 Deus
1184 2215 1236 2270 in
1284 2214 1402 2270 loco
1434 2213 1688 2280 laterum,
1721 2213 1823 2265 hoc
1862 2210 2004 2263 enim

430 2318 514 2364 est
536 2308 744 2379 lapides
783 2322 986 2376 ponere
1038 2307 1090 2361 in
1128 2306 1247 2360 loco
1298 2319 1405 2374 quo
1445 2301 1750 2358 formantur
1780 2301 2001 2359 lateres,

433 2409 493 2454 ut
532 2399 714 2454 throni
741 2398 1038 2452 referretur
1073 2398 1242 2467 ligura
1269 2405 1324 2450 et
1357 2395 1468 2448 luto
1497 2393 1764 2447 Iiniretur.
1805 2391 2006 2458 Sicque

433 2490 817 2560 praenuntiavit
836 2488 1391 2543 Nabuchodonosoris
1411 2497 1713 2552 regressum
1742 2498 1755 2534 :
1787 2489 1840 2534 et
1866 2478 2008 2548 quod

435 2593 590 2649 capta
624 2581 776 2643 urbe,
808 2580 862 2633 in
891 2579 1010 2634 loco
1029 2579 1120 2633 illo
1139 2577 1334 2633 solium
1359 2591 1512 2630 suum
1540 2573 1816 2643 positurus
1839 2579 2008 2626 esset.

436 2671 554 2728 Hoc
591 2685 718 2725 vero
748 2671 1004 2738 praecepit
1036 2679 1094 2724 ut
1126 2669 1349 2732 faceret,
1381 2682 1449 2720 ne
1483 2674 1669 2719 essent
1703 2662 1798 2732 qui
1822 2663 2012 2716 inanes

439 2763 581 2832 apud
641 2763 897 2831 potiulum
939 2769 1259 2831 spargerent
1323 2769 1625 2813 sermones.
1684 2753 1818 2809 Cum
1866 2751 2011 2806 enim

438 2870 628 2910 omnes
657 2856 904 2909 viderent
934 2857 1046 2909 haec
1087 2854 1157 2908 ab
1213 2853 1329 2921 ipso
1361 2851 1478 2905 fieri
1521 2851 1574 2904 in
1606 2847 1842 2918 Egypto
1870 2884 1886 2911 ,
1921 2845 2013 2899 ubi

440 2962 534 3000 rex
566 2945 784 3016 {Egypti
820 2947 1059 3016 regimen
1117 2944 1408 2999 exercebat
1440 2942 1843 3000 universorum,
1907 2948 2009 2990 nec

2117 1849 2256 1902 Ἀλλ’
2286 1850 2386 1902 οὐκ
2413 1849 2632 1918 ῐσχυσεν
2669 1847 2864 1910 αὐτοὺς
2888 1846 3029 1899 ἐλεῖν
3074 1845 3194 1898 οῦδὲ
3226 1846 3435 1898 πεῖσαι.

2179 2033 2378 2098 Οὕτως
2400 2027 2531 2085 εἷπε
2562 2030 2775 2096 Κύριος
2799 2026 2916 2080 τῶν
2944 2025 3285 2096 δυνάμεων,
3315 2009 3497 2092 καις-ὰ
3532 2020 3675 2091 ἑξῆς.

2179 2213 2522 2286 Προσέταξεν
2561 2209 2709 2281 αύτῷ
2735 2207 2866 2274 Θεὸς
2906 2209 2997 2262 ἐπὶ
3045 2207 3138 2260 τοῦ
3179 2207 3346 2259 τόπου
3379 2203 3490 2257 τῶν
3532 2203 3682 2254 πλίν-

2112 2305 2250 2359 θωνο
2281 2304 2442 2357 τοῦτο
2468 2303 2575 2372 γάρ
2601 2301 2749 2353 ἐστιν
2778 2300 2835 2351 ὲν
2869 2296 2947 2366 τῷ
2982 2293 3246 2363 πλινθείῳ
3285 2291 3474 2354 λίθους
3506 2306 3672 2342 κατα-

2113 2395 2334 2458 θέσθαι,
2396 2394 2536 2446 ibat:
2613 2387 2751 2443 εἶναι
2836 2387 3022 2457 σχῆμα
3099 2385 3314 2457 θρόνου,
3391 2382 3487 2435 καὶ
3533 2378 3686 2447 πηλῷ

2113 2485 2462 2556 καταχρίσαι.
2503 2484 2612 2537 Καὶ
2634 2481 2775 2535 οὕτω
2802 2480 3030 2550 προεῖπε
3063 2475 3157 2529 τοῦ
3201 2471 3682 2543 Ναϐουχοδονόσορ

2113 2577 2212 2648 τὴν
2242 2576 2449 2639 ἄνοδον,
2480 2575 2573 2626 καλ⁵
2599 2573 2674 2635 ὡς
2707 2570 2842 2624 ἐλὼν
2875 2569 2976 2640 τὴν
3013 2567 3168 2620 πόλιν
3207 2565 3298 2617 ὑπ’
3344 2561 3558 2618 ἐκείνου
3597 2559 3686 2613 τοῦ

2112 2669 2280 2721 τόπου
2311 2665 2402 2718 τδν
2437 2662 2631 2718 ἐαυτοῦ
2655 2662 2844 2734 θρόνον
2871 2660 3048 2732 θήσει.
3073 2657 3244 2710 Τοῦτο
3267 2655 3323 2708 δὲ
3355 2650 3692 2722 προσέταξεν

2114 2756 2261 2826 αὐτῷ
2289 2754 2537 2822 ποιῆσαι,
2559 2754 2706 2815 ὅπως
2731 2751 2796 2804 ἂν
2820 2749 2896 2822 μὴ
2929 2749 3106 2820 μάτην
3131 2745 3469 2815 φθέγγησθε.
3486 2741 3690 2814 ὐρῶνσ

2115 2867 2207 2914 τες
2232 2849 2361 2919 γὰρ,
2390 2849 2472 2901 ὅτι
2503 2848 2559 2899 ἐν
2603 2844 2866 2914 Αἰγύπτῳ
2898 2843 3028 2896 ἔνθα
3057 2844 3084 2895 ό
3109 2839 3364 2911 βασιλεὺς
3400 2835 3695 2899 ἐκαθέζετο

2117 2944 2215 3012 τῆς
2234 2941 2510 3009 Αἰγύπτου
2537 2939 2626 2991 ὑπ’
2654 2936 2834 2990 αὐτῶν
2862 2935 2969 2988 τῶν
3001 2931 3287 3005 βασιλειῶν
3309 2928 3470 2983 τοῦτο
3499 2925 3695 2989 ἐποίει,

441 3053 546 3090 non
581 3047 634 3092 et
664 3053 847 3092 coram
891 3037 1079 3092 iisdem
1127 3037 1366 3105 regibus,
1395 3034 1576 3088 dicere
1624 3031 1738 3102 jam
1791 3025 2011 3080 minime

2120 3035 2219 3087 οὐκ
2251 3033 2330 3085 ἐτι
2351 3031 2532 3101 λέγειν
2560 3030 2814 3084 ἐδύναντο
2843 3027 2985 3082 κατὰ
3013 3027 3176 3096 χάριν
3208 3022 3301 3076 τού
3337 3017 3694 3073 Βαϐυλωνίου

441 3139 714 3198 poterant,
768 3130 819 3181 in
857 3127 1139 3198 Babylonii
1189 3128 1422 3194 gratiam
1475 3125 1649 3194 ipsum
1686 3123 1831 3179 illius
1873 3136 2017 3191 prte-

442 3221 698 3274 nuutiare
737 3219 993 3273 reditum.
1037 3217 1177 3284 Quin
1215 3218 1394 3287 potius
1450 3231 1555 3269 non
1619 3214 1882 3277 absentis,
1925 3212 2020 3267 sed

444 3311 591 3365 illius
623 3309 712 3378 qui
747 3309 816 3362 ibi
843 3308 1082 3362 dominio
1118 3307 1427 3377 potiebatur
1463 3304 1600 3358 inire
1622 3302 1888 3364 favorem,
1924 3315 2014 3354 ue-

445 3418 550 3472 que
577 3401 651 3454 illi
683 3401 986 3461 adulatum,
1021 3399 1113 3468 qui
1152 3411 1250 3451 nec
1275 3412 1397 3451 eum
1434 3395 1666 3450 audiret.

521 3491 683 3546 Vens.
739 3488 826 3558 10,
867 3491 952 3544 Η.
992 3489 1056 3543 Et
1082 3498 1240 3558 ponet
1277 3504 1426 3541 arma
1466 3502 1623 3553 super
1669 3501 1808 3547 eum,
1843 3493 1890 3537 et
1916 3483 2020 3537 ele-

448 3583 588 3637 vabit
617 3598 771 3635 arma
803 3597 900 3634 sua
939 3595 1097 3650 super
1127 3595 1236 3643 eos,
1263 3587 1312 3631 et
1344 3576 1674 3647 ingredietur
1700 3585 1746 3628 et
1772 3573 2024 3643 percutiet

449 3688 641 3730 terram
671 3674 912 3744 .‘Egypti.

519 3764 762 3821 Obscure
791 3765 1022 3834 positum
1063 3772 1147 3817 est
1192 3763 1244 3816 in
1291 3760 1479 3815 Graeco
1552 3773 1564 3809 :
1615 3757 1708 3811 sed
1757 3749 2022 3810 sententia

450 3855 998 3912 litecestztentorium
1034 3869 1214 3916 suum,
1247 3853 1389 3921 quod
1432 3850 1655 3919 regibus
1717 3849 1773 3902 in
1831 3849 2027 3902 castris

452 3949 665 4016 erigere
690 3956 1112 4010 consueverunt,
1141 3946 1231 3998 hic
1253 3951 1475 3998 statuet.
1509 3941 1638 3995 Illud
1665 3940 1844 4010 igitur,
1873 3944 2026 4007 ponet

454 4056 604 4094 arma
629 4055 750 4104 sua,
781 4036 1062 4101 Hebraeus,
1116 4047 1162 4089 et
1211 4035 1454 4089 extendet
1512 4031 1796 4086 tentorium
1847 4043 2025 4088 suum,

454 4131 595 4185 dixit
627 4147 642 4184 :
671 4139 864 4198 estque
891 4128 1082 4184 eadem
1132 4126 1185 4180 in
1229 4126 1476 4192 utrisque
1529 4121 1822 4178 sententia.
1854 4117 2020 4170 Mani-

455 4223 650 4277 festum
679 4221 826 4276 enim
849 4231 935 4276 est
987 4218 1135 4290 regia
1174 4231 1325 4272 arma
1375 4216 1429 4270 in
1469 4211 1705 4269 tentorio
1754 4209 1896 4279 regis
1929 4223 2028 4277 po-

454 4315 558 4373 sita
589 4313 778 4370 fuisse.

535 4500 602 4556 Et
631 4516 826 4569 ponam
855 4501 1100 4553 thronum
1129 4497 1266 4566 ejus.

535 4596 742 4649 Deinde
764 4609 832 4647 ne
860 4591 1230 4658 conjecturam
1256 4591 1396 4641 hanc
1419 4600 1544 4641 esse
1567 4583 1827 4656 opineris,
1860 4582 2033 4634 locum

457 4687 624 4743 etiam
659 4687 930 4754 designat,
962 4683 1015 4736 in
1048 4695 1158 4750 quo
1192 4679 1400 4748 lapides
1443 4686 1626 4746 ponat.

531 4776 691 4831 Vens.
734 4776 823 4830 l2.
861 4773 927 4827 Et
960 4771 1236 4826 suecendet
1269 4769 1463 4839 ignem.

528 4870 596 4923 Et
624 4871 690 4924 de
713 4881 902 4923 eorum
938 4866 1042 4920 diis
1069 4865 1331 4935 loquitur,
1356 4877 1426 4916 ne
1463 4862 1530 4916 ad
1566 4859 1906 4928 impietatem
1943 4859 2037 4912 de-

461 4963 764 5024 clinarent;
799 4958 894 5012 sed
925 4955 1060 5010 nihil
1094 4965 1274 5009 actum
1306 4961 1413 5008 est.

531 5051 600 5105 Et
623 5050 903 5119 transferet
923 5063 1033 5112 eos,
1059 5053 1109 5101 et
1132 5044 1388 5116 pediculis
1408 5042 1634 5097 excutiet
1657 5051 1850 5094 terram
1872 5039 2040 5108 ZEgy-

461 5147 558 5217 pti,
588 5146 725 5199 sicut
746 5144 941 5198 excutit
962 5150 1144 5211 pastor
1160 5139 1516 5192 vestimentum
1547 5150 1720 5188 suum.

538 5237 653 5292 Hoc
680 5245 766 5290 est
793 5246 972 5299 vetus,
1020 5233 1096 5287 ita
1147 5229 1309 5285 facile
1339 5226 1636 5298 Egyptqu
1676 5222 2041 5278 Nabuchodo-

467 5347 626 5387 nosor
651 5325 970 5400 possidebit.

536 5422 704 5478 Vens.
749 5418 838 5472 4'5.
890 5417 958 5470 Et
1013 5425 1239 5468 conteret
1291 5413 1560 5467 columnas
1599 5408 1910 5477 Heliopolis,
1957 5407 2043 5475 qui

475 5515 662 5579 Euam,
687 5522 736 5566 et
764 5512 945 5564 domos
967 5511 1184 5562 deorum
1212 5521 1394 5560 eorum
1427 5504 1692 5557 comburet
1723 5502 1852 5570 igni.

550 5695 717 5750 Euam
757 5705 953 5744 nomen
985 5689 1132 5743 urbis
1182 5700 1350 5757 prope
1389 5683 1667 5755 Tapltuas,
1727 5693 1781 5738 et
1811 5681 2042 5736 fortasse

2127 3123 2354 3194 μηνύειν
2379 3123 2590 3176 ἐκείνου
2625 3121 2722 3189 τὴν
2739 3119 2944 3174 ἄνοδον.
2968 3116 3188 3171 Μᾶλλον
3215 3113 3326 3184 γὰρ
3351 3111 3418 3165 ἂν
3444 3108 3524 3179 τῷ
3560 3125 3701 3177 παρα

2123 3210 2236 3262 όντι
2275 3208 2414 3279 πρὸς
2441 3208 2602 3279 χάριν
2625 3205 2946 3275 ἐφθέγξατο,
2970 3205 3003 3276 ἢ
3026 3204 3116 3257 τὸν
3153 3202 3362 3256 ἀπόντα
3398 3199 3494 3252 καὶ
3535 3197 3700 3268 μηδὲν

2125 3302 2395 3358 ἀκούοντα
2428 3300 2812 3355 ἐκολάκευσεν.

2198 3495 2308 3549 Kal
2342 3492 2516 3559 θήσει
2553 3492 2626 3545 τὰ
2669 3491 2832 3543 ὅπλα
2878 3485 3067 3541 αὐτοῦ
3109 3481 3311 3538 ἐπάνω
3363 3475 3576 3540 αὑτοῦ,
3607 3472 3701 3559 καί

2126 3585 2259 3655 ἀρεῖ
2280 3585 2354 3639 τὰ
2375 3584 2536 3637 ὅπλα
2550 3579 2737 3636 αὐτοῦ
2765 3579 2857 3632 ἐπ’
2887 3575 3131 3642 αὐτοὺς,
3150 3572 3249 3627 καὶ
3266 3557 3700 3627 εἰσελεύσεται,

2128 3679 2226 3733 καί
2268 3675 2519 3741 πατάξει
2539 3674 2654 3740 τὴν·
2687 3671 3137 3742 γῆνΑίγύπτου.

2210 3764 2463 3835 Ἀσαφῶς
2491 3765 2668 3815 κεῖται
2700 3763 2758 3813 ἐν
2781 3759 2858 3829 τῷ
2894 3753 3194 3826 Ἑλληνικῷ
3213 3771 3228 3786 ο
3255 3753 3284 3806 ὃ
3318 3751 3430 3823 γὰρ
3456 3748 3703 3820 βούλεται

2129 3861 2322 3923 εἰπεῖν,
2355 3855 2515 3909 τοῦτό
2546 3857 2715 3917 ἐστιν,
2765 3853 2847 3906 ὅτι
2900 3850 2998 3921 τὴν
3037 3847 3243 3918 σκηνὴν
3280 3841 3447 3899 αὑτοῦ
3483 3843 3551 3911 ἢν
3592 3837 3706 3898 ἔθος

2128 3953 2239 4012 τοῖς
2274 3945 2587 4019 βασιλεῦσιν
2640 3945 2696 3995 ἐν
2761 3943 2882 4003 ταῖς
2936 3935 3355 4009 στρὰτοπεδίαις
3406 3928 3703 3988 ποιεῖσθαι,

2131 4039 2366 4095 ἐνταῦθα
2398 4036 2598 4108 πήξει·
2631 4035 2694 4088 τὺ
2733 4030 2851 4096 οὖν,
2889 4031 3064 4099 θήσει
3108 4028 3184 4082 τὰ
3235 4027 3398 4080 ὅπλα
3434 4020 3648 4083 αὐτοῦ,
3683 4019 3707 4068 ὁ

2145 4130 2420 4198 Ἐϐραῖος,
2464 4125 2564 4180 καὶ
2605 4125 2856 4178 τανύσει
2886 4121 3003 4186 τὴν
3042 4116 3287 4185 σκηνὴν
3320 4112 3534 4175 αὐτοῦ,
3565 4111 3667 4178 ἔφη
3691 4122 3703 4135 ·

2134 4221 2370 4290 σώζεται
2397 4219 2455 4272 δὲ
2481 4220 2514 4288 ἡ
2534 4216 2672 4285 αύτὴ
2696 4215 2877 4268 ἐννοια
2903 4215 2960 4264 ἐν
2989 4209 3260 4278 ἐκατέρῳ.
3290 4205 3462 4275 Δῆλον
3479 4201 3616 4271 γὰρ,
3637 4199 3707 4260 ὡς

2133 4313 2204 4365 τὰ
2247 4311 2505 4381 βασιλικὰ
2554 4307 2696 4362 ὅπλα
2747 4306 2843 4358 ἐπὶ
2890 4303 2990 4372 τῆς
3050 4299 3258 4370 σκηνῆς
3309 4294 3407 4349 τοῦ
3444 4292 3706 4365 βασιλέως

2063 4395 2108 4450 D
2138 4404 2335 4457 ἔκειτο.

2204 4495 2313 4549 Kal
2337 4493 2506 4558 θήσω
2531 4489 2718 4545 αὑτοῦ
2739 4488 2844 4542 τὸν
2868 4485 3108 4554 θρόνον.

2207 4582 2340 4638 Εἶτα
2373 4583 2463 4638 ἵνα
2496 4582 2570 4652 μὴ
2606 4580 2913 4649 στοχασμὸν
2960 4577 3210 4649 νομίσῃς,
3257 4571 3356 4628 καὶ
3397 4569 3492 4623 τὸν
3550 4568 3704 4622 τόπον

2135 4676 2306 4744 λέγει,
2343 4672 2473 4726 ἔνθα
2504 4671 2664 4740 θήσει
2692 4671 2822 4733 τοὺς
2867 4667 3073 4728 λίθους.

2213 4764 2327 4819 Kal
2347 4763 2560 4816 καύσει
2601 4761 2743 4827 πῦρ.

2208 4858 2317 4910 Καὶ
2353 4852 2620 4926 περὶτῶν
2653 4851 2790 4904 θεῶν
2816 4848 2997 4904 αὐτῶν
3024 4848 3196 4914 λέγει,
3220 4846 3307 4899 ἵνα
3345 4844 3421 4912 μὴ
3457 4845 3542 4903 εἰς
3586 4835 3702 4895 ἀσέ-

2139 4951 2294 5004 ϐειαν
2324 4946 2669 5009 ἐκκλίνωσιν,
2705 4943 2821 4998 ἀλλ’
2855 4942 3009 4994 οὐδὲν
3040 4940 3202 4992 πλέον
3229 4939 3474 5006 ἐγένετο.

2209 5037 2318 5094 Kal
2346 5035 2608 5092 ἀποικιεῐ
2630 5033 2874 5098 αὐτοὺς,
2898 5030 2999 5085 καί
3019 5029 3226 5099 φθερεῖ
3250 5027 3368 5098 γῆν
3387 5025 3698 5094 Αἰγύπτου,

2140 5133 2220 5197 ὡς
2237 5129 2489 5200 φθερίζῖει
2514 5126 2740 5196 ποιμὴν
2764 5126 2832 5178 τό
2859 5123 3091 5193 ἱμάτιον
3121 5120 3330 5175 αὑτοῦ.

2213 5223 2256 5273 Τ
2258 5221 2492 5283 ουτέστι,
2518 5219 2577 5272 τὸ
2608 5217 2840 5270 παλαιόν
2861 5233 2874 5246 υ
2900 5214 3076 5276 οὓτως
3107 5212 3347 5274 εύκόλως
3371 5209 3588 5274 καθέξει
3613 5205 3699 5270 τῆς

2143 5315 2422 5382 Αἰγύπτου
2451 5316 2480 5367 ὁ
2511 5310 3010 5380 Ναϐουχοδονόσορ.

2215 5405 2325 5460 Καὶ
2373 5405 2698 5470 συντρίψει
2741 5402 2885 5467 τοὺς
2945 5402 3217 5464 στύλους
3275 5393 3700 5450 Ἡλιουπόλεως

2148 5497 2286 5564 τοὺς
2312 5494 2512 5559 Ἐγὼν,
2536 5495 2792 5561 καὶτοὺς
2814 5494 3017 5557 οἴκους
3035 5483 3520 5545 τῶνθεῶναὺτῶν
3538 5493 3700 5535 xam-

2151 5590 2361 5642 καύσει
2391 5587 2554 5652 :tvpt'.

2232 5677 2412 5732 Ἐγὼν
2436 5675 2843 5747 ὄνομα-πόλεώς
2881 5676 2991 5729 ἐστι
3027 5669 3252 5739 πλησίον
3289 5667 3506 5734 Τάφνας
3556 5660 3698 5713 Ἴσωε
