4004 6156
299 311 439 366 illi?)

1392 315 1819 376 FRAGMENTA
1855 319 1922 373 IN
1961 319 2329 376 JEBEMIAM.

3421 319 3558 376 IOH

295 425 354 479 δὲ
383 423 524 478 κατά
556 439 656 494 μεν
681 425 953 497 ’Έλληνας
993 428 1374 494 Ἠλιοιύπολις
1423 431 1696 495 ἐκαλεῖτο,
1734 434 1868 487 κατὰ

1987 449 2099 502 quae
2131 431 2338 486 Grecis
2367 429 2571 486 dicitur
2597 429 2912 498 Heliopolis,
2959 429 3342 501 Egyptiorum
3374 429 3557 501 lingua

295 519 351 571 δὲ
381 517 480 589 τὴν
513 518 831 585 Αἰγυπτίων
859 521 1044 590 φωνὴν
1082 521 1282 575 Ἑνών.

893 611 1147 666 ΚΕΦΑΛ.
1184 613 1317 667 MA'.

372 702 572 767 οὕτως
595 694 728 754 εἷπε
753 701 988 770 Κύριος.

367 794 534 865 Ὅρα,
576 792 628 846 τί
651 793 844 846 τούτου
877 793 944 846 ἂν
966 795 1180 862 γένοιτο
1207 795 1582 867 σαφέστερον;
1609 798 1666 850 ἐν
1686 797 1875 866 ὄψεσιν

294 877 443 951 εἶχον
491 883 561 935 τὰ
613 883 1062 953 παραδείγματα.
1117 886 1230 938 Οὐκ
1282 882 1352 956 ἦν
1391 887 1568 940 ταῦτα
1628 891 1872 960 ῥήματα,

292 972 431 1025 ἀλλὰ
456 973 762 1043 πράγματα
783 974 819 1028 ἃ.
847 975 998 1028 ἐϐόα.
1019 975 1130 1046 Τὴν
1145 976 1327 1030 αἰτίαν
1361 977 1563 1047 ᾔδεσαν
1593 979 1703 1032 τῶν
1731 996 1874 1048 συμ-

292 1064 628 1134 ϐεϐηκότων.

364 1159 382 1174 ’
411 1155 525 1208 Kai
565 1158 677 1210 οὐκ
721 1157 969 1212 ἔσονται
1019 1157 1227 1225 αὐτοῖς
1267 1159 1681 1228 σεσωσμένος,
1753 1159 1875 1212 οὐδὲ

293 1247 757 1318 περιλειπόμενος
836 1249 1014 1312 οὐδεὶς
1091 1249 1200 1302 τῶν
1274 1250 1576 1304 ἐπιλοίπων
1678 1249 1876 1304 Ἰούδα

291 1338 414 1392 τῶν
451 1339 758 1393 ἐλθόντων
804 1339 1116 1408 παροικεῖν
1169 1341 1239 1394 ὲν
1287 1339 1362 1409 τῇ
1411 1343 1711 1410 Αἰγύπτῳ,
1765 1341 1874 1396 τοῦ

291 1430 675 1499 ἀποστρέψαι
727 1433 818 1497 εις
848 1430 967 1502 τῆν
1013 1431 1204 1486 Ἰούδα
1233 1433 1325 1500 ἐφ’
1371 1431 1454 1501 ἣν
1480 1434 1650 1487 αὐτοὶ
1701 1434 1872 1488 ἐλπί-

293 1519 452 1582 ζουσι
480 1521 610 1587 ταῖς
637 1523 865 1592 ψυχαῖς
891 1523 1110 1587 αὐτῶν,
1137 1524 1244 1578 τοῦ
1274 1524 1631 1594 ἐπιστρέψαι
1657 1524 1778 1579 ἐκει
1799 1520 1872 1580 οὗ

289 1613 373 1682 μὴ
400 1614 900 1682 ἀποστρέψουσιν
918 1619 972 1670 οι
994 1616 1478 1687 διαπεφευγότες.

355 1707 529 1759 Πᾶσιν
587 1706 808 1759 ἀπειλεῖ
857 1707 1090 1761 θάνατον
1142 1711 1259 1771 τοῖς
1317 1710 1398 1772 είς
1452 1708 1553 1775 τὴν
1591 1708 1872 1776 Αιγυπτον

1978 525 2132 579 Euan
2172 525 2486 579 vocabatur.

2569 611 2722 668 CAP.
2775 610 2964 667 XLIV.

2044 707 2208 762 Vsus.
2242 708 2299 761 2.
2333 706 2430 760 Sic
2461 705 2590 758 dicit
2613 703 2893 758 Dominus.

2048 798 2205 864 Vide,
2232 797 2361 867 quid
2386 795 2627 850 clarius?
2649 809 2762 862 prae
2780 793 2956 847 oculis
2977 793 3256 848 habebant
3283 797 3557 864 exempla.

1974 885 2094 940 Non
2118 895 2280 940 erant
2301 886 2418 940 haec
2445 885 2631 946 verba,
2665 884 2758 937 sed
2791 897 2878 936 res
2909 896 3034 948 quae
3063 883 3392 942 clamabant.
3415 885 3554 941 Cauv

1975 993 2090 1034 satu
2124 978 2261 1032 bene
2290 987 2488 1031 norant
2513 991 2702 1030 eorum
2739 991 2859 1045 quae
2883 977 3251 1047 contigerant.

2045 1165 2065 1183 '
2088 1162 2250 1216 Vens.
2283 1161 2371 1216 14.
2389 1158 2459 1213 Et
2489 1175 2593 1213 non
2623 1159 2722 1213 erit
2751 1158 2928 1213 salvus
2945 1159 3228 1228 quispiam,
3258 1174 3434 1227 neque
3467 1175 3558 1215 re-

1976 1255 2167 1310 siduus
2201 1255 2267 1307 tle
2294 1251 2541 1320 reliquiis
2567 1250 2734 1316 Iuda,
2764 1252 2852 1318 qui
2875 1261 3124 1304 venerunt
3152 1262 3205 1305 ut
3232 1252 3462 1306 habitent
3501 1255 3558 1307 in

1976 1358 2116 1401 terra
2173 1344 2418 1414 Egypti,
2455 1343 2526 1396 ad
2568 1343 2934 1396 revertendum
2989 1345 3045 1395 in
3095 1351 3239 1396 terra
3277 1342 3444 1407 Juda,
3487 1345 3556 1397 ad

1975 1452 2132 1508 quam
2160 1435 2264 1504 ipsi
2297 1442 2512 1500 sperant
2538 1432 2816 1486 animabus
2843 1433 2958 1486 suis
2981 1435 3168 1486 reuerti
3200 1433 3310 1497 ibi;
3337 1450 3436 1487 non
3472 1450 3556 1488 re-

1976 1537 2262 1592 uertentur,
2291 1527 2396 1580 nisi
2414 1525 2507 1596 qui
2532 1526 2814 1579 evaserint.

2045 1714 2314 1771 Omnibus
2341 1711 2426 1767 his
2453 1722 2685 1766 mortem
2717 1711 2977 1776 minatur,
3021 1709 3111 1778 qui
3147 1707 3442 1780 Egyptum
3475 1710 3557 1764 in-

292 1795 718 1866 είσεληλυθόσιν,
754 1798 831 1860 ὡς
864 1801 1194 1870 μαχομένοις
1241 1803 1308 1870 τῇ
1345 1801 1440 1854 τοῦ
1489 1801 1626 1854 Θεοῦ
1675 1802 1868 1872 γνώμῃ

1987 1810 2148 1879 gressi
2174 1817 2324 1872 sunt,
2357 1815 2544 1876 utpote
2575 1805 2640 1858 iis
2674 1804 2768 1874 qui
2806 1804 3074 1858 voluntati
3127 1803 3326 1857 divinae
3363 1817 3420 1857 se
3455 1817 3556 1872 op-

290 1888 386 1938 καὶ
414 1887 638 1958 χείρονα
681 1889 991 1954 πείσεσθαι,
1049 1891 1242 1961 ἥτοὺς
1293 1893 1352 1944 ὲν
1423 1891 1823 1962 Ἰεροσολύμοις
1853 1909 1870 1924 ο

292 1982 562 2047 σώζεσθαι
589 1983 787 2054 μόνους
820 1985 926 2054 ἔφη
958 1986 1222 2050 ἐκείνους,
1255 1985 1306 2039 οἳ
1341 1986 1452 2040 τῶν
1477 1985 1667 2039 κακῶν
1697 2003 1874 2039 κατα-

289 2073 571 2127 λαϐόντων
595 2075 694 2143 τὴν
730 2074 993 2130 Ἰουδαίαν
1043 2074 1456 2145 μεταδιώξόυσι,
1487 2077 1562 2139 ὼς
1596 2078 1661 2130 ἂν
1694 2079 1874 2145 γνοῖεν

290 2165 507 2233 ἄμαχον
532 2160 700 2218 οὖσαν
728 2166 824 2218 τοῦ
865 2166 1002 2219 Θεοῦ
1033 2167 1130 2238 τὴν
1166 2169 1347 2237 ἰσχὺν,
1377 2168 1470 2235 ἀφ’
1513 2161 1590 2220 ὧν
1617 2168 1712 2220 καὶ
1745 2169 1874 2231 τοὺς

291 2255 587 2318 δοκοῦντας
614 2252 753 2309 εἶναι
784 2259 842 2310 ὲν
865 2258 1121 2326 ἀσφαλεῖ,
1163 2259 1512 2330 ὑποχειρίους
1553 2260 1738 2313 δίδωσι
1761 2263 1876 2323 τοῖς

292 2346 534 2416 ἐχθροῖς,
561 2349 657 2401 καὶ
707 2349 916 2419 ἔρημον
953 2347 1122 2405 οὖσαν
1162 2353 1266 2422 τὴν
1298 2353 1402 2422 γῆν
1437 2353 1655 2417 οἰκίζει,
1691 2352 1877 2416 σώζων

292 2437 546 2501 ἅπαντας
578 2440 708 2503 τοὺς
741 2443 829 2494 ἐπ’
870 2441 1048 2512 αὐτὴν
1097 2442 1588 2510 καταφεύγοντας·
1639 2444 1736 2497 καὶ⁷
1791 2445 1875 2497 ὅτι

289 2528 454 2581 τοῦτο
504 2529 681 2596 οὕτως
716 2533 855 2602 ἔχει,
887 2533 1042 2604 δηλοῖ
1090 2533 1300 2606 προῖὼν
1348 2535 1684 2608 σαφέστερον
1731 2537 1877 2591 οὕτω

288 2620 489 2688 λέγων’

376 2710 440 2762 '0
469 2711 654 2780 λόγος
685 2711 760 2766 δν
793 2712 1086 2781 ἐλάλησεν.

361 2801 514 2870 Αὕτη
533 2802 820 2871 βασίλισσα
842 2806 1099 2877 οὐρανοῦ,
1125 2808 1249 2862 εἰπέ
1278 2827 1370 2880 μοι
1397 2827 1412 2876 ;
1444 2810 1591 2877 Θεὸς
1607 2810 1874 2879 ποιήσας

287 2891 398 2945 τὸν
424 2894 705 2962 οὐρανὸν,
729 2895 830 2947 καὶ
864 2895 979 2964 τὴν
1008 2898 1151 2967 γῆν,
1187 2901 1278 2954 ἀεὶ
1307 2901 1551 2966 ἀκούεις,
1591 2884 1833 2972 συνεχῶς
1853 2919 1868 2932 ⁶

290 2983 388 3034 καὶ
411 2983 615 3053 ταύτην
673 2983 998 3054 βασίλισσαν
1049 2989 1258 3052 καλεῖς,
1299 2991 1399 3058 τὴν
1438 2991 1706 3060 σελήνην;
1761 2992 1872 3044 Καὶ

1974 1899 2281 1970 posuerint,
2340 1906 2397 1954 et
2433 1896 2708 1950 atrociora
2769 1909 3046 1964 passuros,
3097 1895 3193 1960 ait,
3261 1895 3327 1948 iis
3357 1896 3446 1963 qui
3501 1894 3557 1948 in

1975 1988 2364 2060 Hierosolymis
2393 1995 2688 2051 steterunt,
2723 1996 2778 2042 et
2825 1986 2950 2041 illos
3005 1995 3214 2040 tantum
3267 1985 3556 2040 salvandos

1975 2084 2092 2155 qui,
2134 2081 2512 2152 grassantibus
2552 2079 2730 2144 malis,
2761 2076 3007 2132 Judaaam
3039 2076 3463 2144 conquirerent:
3499 2083 3558 2128 ttt

1975 2175 2354 2244 perciperent,
2413 2171 2509 2226 Dei
2560 2171 2814 2224 virtutem
2876 2183 2996 2223 esse
3049 2165 3554 2234 inexpugnabilem;

1975 2280 2098 2320 cum
2132 2261 2385 2317 hostibus
2415 2261 2576 2315 dedat
2604 2259 2697 2329 qui
2729 2259 2904 2313 securi
2934 2257 3285 2319 videbantur,
3317 2253 3557 2308 efﬁciens

1978 2365 2036 2410 ut
2065 2354 2346 2410 habitetur
2367 2361 2422 2406 et
2452 2360 2596 2405 terra
2629 2351 2843 2406 deserta
2867 2390 2884 2416 ,
2918 2349 3147 2404 servatis
3172 2346 3420 2400 omnibus
3461 2345 3555 2411 qui

1976 2446 2042 2500 ad
2068 2457 2188 2499 eam
2214 2442 2583 2511 confugerint.
2613 2439 2726 2494 Hoc
2751 2449 2930 2493 autem
2962 2438 3036 2490 ita
3056 2451 3118 2492 se
3153 2436 3355 2490 habere
3383 2434 3558 2488 maui-

1976 2536 2170 2591 festius
2193 2537 2244 2589 itt
2275 2531 2732 2602 subsequentibus
2762 2530 2915 2594 facit,
2947 2529 3031 2585 sic
3066 2529 3256 2583 dicens
3289 2543 3303 2580 :

2047 2718 2212 2773 Vens.
2240 2716 2330 2771 l6.
2355 2715 2662 2772 Sermonem
2687 2728 2838 2783 quem
2866 2711 3072 2766 locutus
3095 2720 3193 2765 est.

2049 2812 2266 2875 llazcue,
2299 2823 2506 2879 quaeso,
2541 2805 2727 2876 regina
2756 2804 2912 2858 cmli?
2935 2803 3105 2857 Audis
3131 2801 3372 2866 assidue,
3412 2800 3555 2854 Deus

1972 2903 2226 2973 quijfecit
2261 2901 2449 2953 cretum
2483 2908 2532 2952 et
2573 2907 2792 2960 terram,
2835 2905 2890 2949 et
2930 2895 3068 2948 hanc
3121 2892 3359 2961 appellas
3410 2892 3556 2959 regi-

1976 3009 2126 3057 nam,
2181 2991 2408 3044 lunatn?
2445 2989 2605 3043 Certe
2657 2995 2795 3042 bene
2847 2995 2992 3040 esset
3045 2984 3220 3038 vobis.
3272 2981 3554 3037 Undenam

289 3073 472 3138 καλῶς
505 3070 573 3147 ἦν
606 3075 759 3144 ὑμῖν.
799 3075 972 3130 Πόθεν
996 3072 1090 3130 οὖν
1124 3081 1152 3131 6
1184 3079 1362 3150 λιμὸς,
1385 3081 1506 3133 εἰπέ
1537 3097 1668 3152 μοις
1703 3080 1868 3134 πόθεν

1987 3085 2139 3155 igitur
2178 3083 2387 3138 fames?
2434 3081 2578 3137 unde
2613 3079 2792 3136 mors'!
2820 3094 2853 3135 ο
2889 3076 3277 3147 impudentiam
3307 3075 3320 3128 !
3347 3073 3471 3129 Ideo
3498 3073 3552 3126 in

287 3169 317 3219 6
346 3166 579 3230 Θάνατος
607 3186 621 3234 ;
667 3167 732 3220 Ὢ
765 3171 866 3239 τῆς
892 3169 1314 3240 ἀναισχυντίαςί
1347 3171 1448 3225 Διά
1479 3171 1638 3224 τοῦτο
1669 3173 1868 3236 αὐτοὺς

1987 3177 2292 3232 memoriam
2318 3176 2486 3231 ducit.

288 3260 729 3330 ἀναμιμνήσκει.

325 3357 327 3360 ’
363 3352 510 3418 Οὐχὶ
540 3353 648 3406 τοῦ
681 3355 1046 3423 θυμιάματος
1070 3349 1144 3411 οὗ
1173 3355 1557 3424 ἐθυμιάσατε.

357 3443 494 3514 Οὐχὶ
531 3443 621 3498 διὰ
650 3446 810 3499 τοῦτο
840 3449 872 3518 ἡ
934 3448 1308 3517 αἰχμαλωσία,
1367 3451 1574 3518 φησίν;
1625 3451 1747 3521 οὐχὶ
1781 3453 1870 3506 διὰ

285 3532 445 3587 τοῦτο
479 3535 657 3589 πάντα
687 3536 755 3589 τὰ
802 3539 990 3602 κακᾶς
1039 3539 1164 3602 Πῶς
1227 3541 1410 3600 καλῶς
1443 3537 1511 3612 ἦν
1545 3543 1707 3610 ὑμῖν;
1744 3544 1869 3613 οὐχὶ

285 3624 377 3679 διὰ
411 3626 573 3679 τοῦτο
599 3630 698 3680 οὐκ
733 3627 970 3698 ἠδυνήθη
1017 3631 1162 3700 ὑμᾶς
1213 3632 1462 3698 ἐνεγκεῖν
1505 3635 1532 3684 6
1583 3633 1752 3700 Θεόςς
1802 3635 1868 3686 Τί

289 3716 490 3779 κακίας
521 3720 703 3788 χεῖρον
736 3720 950 3787 γένοιτο
983 3722 1086 3787 ἄν;
1138 3725 1283 3775 ποῖοι
1313 3724 1634 3794 μαινόμενοι
1667 3725 1870 3794 ἐφθέγ-

292 3805 450 3870 ξαντο
472 3805 536 3860 ἂν
564 3808 735 3863 ταῦτα
760 3811 828 3864 τὰ
854 3813 1080 3882 ῥήματα
1108 3831 1122 3879 ;

361 3899 507 3952 Ἐὰν
530 3900 767 3970 γένηται
793 3904 880 3956 ἔτι
912 3905 1100 3973 ὄνομά
1133 3924 1252 3974 μου
1278 3907 1348 3960 ἐν
1380 3907 1458 3974 τῷ
1486 3910 1756 3980 στόματι.

361 3992 605 4045 Ἀπειλεῖ
632 3996 794 4048 πάλιν
817 3995 975 4066 λιμὸν
1003 3997 1098 4049 καλ⁹
1128 3997 1362 4066 δεσμοὺς
1388 3999 1864 4071 ἀνασωζομένους,

287 4083 374 4136 ἵνα
396 4083 644 4152 μάθωσιν
665 4088 744 4149 ὅτι
773 4087 948 4159 ἀληθῆ
979 4088 1152 4142 ταῦτά
1173 4091 1345 4144 ἐστιν.
1377 4091 1486 4144 Καὶ
1503 4094 1632 4159 μετ’
1663 4094 1863 4164 dura“

283 4177 386 4228 Διὰ
415 4176 576 4230 τοῦτο
611 4177 785 4243 οὕτως
834 4181 1032 4242 αὐτοὺς
1085 4181 1333 4251 ἀφῆκεν,
1386 4183 1476 4236 ἵνα
1531 4185 1867 4258 ἀπολογῆται

285 4267 536 4340 πρδςκσὲ,
565 4270 648 4321 ὅτι
674 4269 897 4334 δικαίως
932 4271 1113 4324 αὐτῶν
1168 4272 1268 4342 τὴν
1317 4275 1473 4327 πόλιν
1533 4277 1862 4348 ἐνέπρησεν.

284 4358 457 4411 Ὅταν
488 4361 595 4430 γὰρ
621 4362 670 4414 οἱ
704 4363 1058 4432 διαφυγόντες
1084 4364 1317 4418 τοιοῦτοί
1349 4368 1475 4431 sint,
1501 4368 1553 4422 τί
1585 4369 1692 4442 χρὴ
1725 4372 1858 4441 περ).

284 4450 397 4502 τῶν
424 4451 601 4505 ἄλλων
631 4456 807 4506 εἰπεῖν
828 4471 842 4520 ;

359 4541 848 4612 Καίέκλείψουσι
871 4544 990 4611 πᾶς
1013 4547 1170 4614 ἀνὴρ
1200 4546 1410 4613 Ἰούδα,
1433 4553 1486 4604 οὶ
1514 4554 1864 4608 κατοικοῦν-

290 4647 392 4697 τες
426 4632 498 4685 ἐν
536 4631 612 4702 τῇ
639 4635 917 4703 Αἰγύπτῳ
933 4636 1002 4687 ἐν
1027 4638 1318 4705 ῥομφαίᾳ,
1343 4639 1439 4692 καὶ
1473 4640 1730 4710 ὲνλιμῷ,
1755 4643 1866 4710 ἕως

287 4723 366 4777 ἂν
394 4725 710 4790 ἐκλίπωσι,
749 4726 850 4780 καὶ
882 4731 935 4781 οι
977 4730 1356 4798 σεσωσμένοι
1397 4731 1514 4785 ἀπὸ
1563 4734 1866 4804 ,ῥομφαίας

287 4815 788 4885 ἀποστρέψουσιν
811 4819 880 4872 ἐκ
926 4818 1040 4887 γῆς
1076 4821 1379 4888 Αἰγύπτου
1425 4822 1496 4874 ἐν
1531 4821 1609 4890 τῇ
1636 4824 1825 4879 Ἰούδα
1848 4840 1862 4851 ·

290 4908 485 4976 ὀλίγοι
539 4908 764 4978 ἀριθμῷ
816 4911 1054 4979 ἄνδρες.
1092 4913 1213 4965 Ὅτι
1257 4913 1572 4980 ποιοῦντες
1619 4917 1867 4983 ποιήσο-

283 5017 404 5068 μεν
441 5001 640 5056 πάντα
677 5002 786 5056 τὸν
835 5004 1042 5074 λόγον,
1095 5004 1164 5072 ὃς
1212 5005 1598 5069 ἐξελεύσεται
1636 5010 1707 5066 ἐκ
1758 5010 1866 5066 τοῦ

288 5094 592 5162 στόματος
614 5095 783 5165 ἡμῶν
804 5095 1023 5166 θυμιᾷν
1049 5095 1124 5165 τῇ
1140 5097 1510 5168 βασιλίσσῃ.

362 5184 646 5250 Τουτέστι,
678 5188 747 5258 τῇ
782 5187 1010 5259 στρατιᾷ
1039 5186 1134 5240 τοῦ
1185 5187 1441 5258 οὐρανοῦ.
1485 5190 1779 5244 Κάνταῦθα
1808 5191 1864 5245 δὲ

287 5275 324 5345 ἡ
347 5277 640 5347 ὁμωνυμία
655 5278 752 5349 τὴν
777 5278 1078 5349 ἐναλλαγὴν
1099 5279 1198 5350 τῆς
1221 5281 1522 5350 ἑρμηνείας
1542 5283 1860 5354 ἐποιήσατο.

285 5367 504 5440 Μελχὲδ
549 5369 660 5442 γὰρ
709 5373 942 5440 στρατιά
993 5376 1132 5440 ἐστι,
1183 5375 1396 5446 Μελχὲθ
1445 5376 1502 5429 δὲ
1549 5376 1858 5446 βασίλισσα.

287 5458 478 5522 υῦτως
501 5459 558 5513 δὲ
577 5461 952 5532 ἀναισχύντως
973 5463 1072 5535 τὴν
1103 5463 1362 5518 ἀσέϐειαν
1409 5467 1688 5536 μετιοῦσιν
1702 5464 1859 5533 αὖθις

288 5551 599 5623 ἀπειλήσας
651 5555 891 5622 παντελῆ
950 5555 1352 5625 αἰχμαλωσίαν,
1410 5558 1690 5624 ἀπόδειξιν
1752 5559 1861 5615 τῶν

294 5639 472 5710 λόγων
504 5645 829 5698 ποιεῖταιτά
859 5647 1139 5716 παρόντα·
1173 5649 1308 5717 φησὶ
1341 5650 1467 5721 γάρ·

2047 3362 2212 3417 Vsns.
2255 3362 2350 3417 2|.
2380 3359 2572 3415 Nonne
2603 3360 2803 3414 incensi
2829 3358 2970 3428 quod
3006 3355 3340 3410 redolebatis.

2043 3456 2237 3511 Nnttue
2275 3462 2496 3523 propter
2542 3452 2666 3516 hoc,
2715 3453 2812 3515 ait,
2852 3449 3175 3520 captivitas?
3203 3460 3380 3500 nonne
3415 3442 3553 3497 mala

1972 3546 2195 3603 omnia?
2222 3546 2502 3613 Quomodo
2547 3544 2684 3598 bene
2711 3542 2868 3596 vobis
2905 3540 3067 3595 erat?
3117 3552 3296 3592 nonne
3327 3543 3553 3604 propter

1974 3640 2078 3693 hoc
2110 3639 2249 3691 Deus
2274 3635 2421 3690 ferre
2448 3648 2544 3688 vos
2573 3649 2680 3687 non
2715 3633 2893 3702 potuit
2917 3631 2941 3682 ἳ
2964 3629 3101 3694 Quid
3138 3629 3252 3696 ipsa
3285 3627 3553 3696 improbi-

1975 3739 2086 3783 tate
2133 3725 2430 3795 improbius
2469 3723 2672 3778 fuerit?
2713 3721 2816 3788 Qui
2863 3720 3107 3774 furentes
3149 3717 3313 3771 locuti
3365 3726 3553 3772 essent

1971 3821 2134 3875 v‘erha
2169 3818 2321 3873 haec?

2043 3909 2208 3964 Vens.
2243 3908 2335 3963 26.
2371 3907 2435 3964 Si
2476 3908 2574 3962 erit
2611 3907 2753 3961 ultra
2792 3920 2979 3960 nomen
3019 3919 3190 3958 meum
3216 3903 3270 3956 in
3294 3919 3401 3956 ore.

2043 4001 2282 4056 Minatur
2322 4016 2535 4056 rursum
2574 4001 2768 4054 fantem
2810 4007 2864 4053 et
2894 3998 3130 4060 vincula,
3169 3998 3260 4064 qui
3291 4013 3396 4051 non
3431 4012 3554 4066 per-

1971 4095 2147 4150 ibttnt.
2184 4096 2257 4152 Ut
2278 4110 2409 4151 vera
2445 4095 2560 4150 haec
2585 4107 2705 4150 csse
2737 4093 3120 4163 intelligerent.
3154 4091 3220 4145 Et
3250 4091 3432 4159 paucis
3467 4091 3553 4142 in-

1971 4187 2226 4256 terjectis.
2263 4186 2388 4242 ldeo
2421 4188 2499 4242 sic
2520 4200 2614 4240 eos
2647 4185 2884 4253 reliquit,
2915 4190 2974 4237 ut
3019 4198 3078 4238 se
3113 4182 3208 4235 tibi
3247 4182 3439 4248 probet
3465 4179 3550 4233 of-

1971 4277 2206 4343 fensum,
2231 4288 2287 4334 et
2315 4280 2458 4333 scias
2483 4278 2628 4347 juste
2659 4276 2936 4331 civitatem
2982 4286 3171 4327 eorum
3207 4270 3550 4337 absumptam

1971 4373 2242 4429 incendio.
2305 4373 2533 4440 Quando
2584 4372 2730 4428 enim
2765 4370 2900 4426 tales
2929 4377 3058 4424 sunt
3109 4367 3202 4437 qui
3236 4372 3549 4424 evaserunt,

1893 4470 1940 4527 Ι)
1967 4466 2094 4533 quid
2115 4465 2398 4519 dicendum
2429 4463 2498 4517 de
2519 4463 2678 4517 aliis?

2047 4556 2209 4609 Vnus.
2245 4555 2334 4608 27.
2388 4553 2456 4606 Et
2485 4554 2691 4622 deficiet
2724 4553 2893 4606 omnis
2923 4552 3002 4606 vir
3025 4549 3194 4613 Iuda,
3247 4547 3550 4601 habitantes

1966 4649 2022 4702 in
2053 4660 2196 4701 terra
2225 4646 2447 4716 lEgypti
2479 4649 2532 4700 in
2558 4647 2739 4718 gladio
2774 4655 2823 4699 et
2859 4647 2912 4699 in
2951 4646 3115 4711 tame,
3143 4642 3306 4694 donec
3341 4639 3548 4708 defece-

1968 4742 2096 4794 rint.
2128 4737 2195 4792 Et
2228 4739 2318 4812 qui
2348 4739 2606 4792 evaserint
2651 4755 2684 4792 a
2726 4736 2926 4807 gladio,
2951 4743 3280 4788 revertentur
3302 4747 3367 4784 ea:
3407 4741 3547 4784 terra

1966 4827 2186 4898 ngypti
2223 4830 2278 4882 in
2307 4839 2502 4883 terram
2542 4827 2712 4892 Juda,
2774 4827 2930 4895 pauci
2958 4840 3176 4878 numero
3228 4824 3350 4878 uiri.
3402 4822 3548 4887 Quo-

1968 4924 2108 4975 niam
2153 4922 2401 4991 facientes
2449 4922 2704 4991 faciemus
2738 4937 2890 4973 omne
2931 4920 3144 4973 uerbum
3187 4917 3327 4973 quod
3384 4917 3549 4972 exibit.

1969 5027 2033 5065 ea:
2065 5027 2154 5066 ore
2178 5023 2378 5076 nostro,
2419 5015 2633 5066 adolere
2663 5011 2879 5080 regines.

2041 5193 2244 5249 Militiae
2265 5193 2392 5248 coeli
2422 5193 2692 5248 videlicet.
2726 5189 2822 5245 Hic
2845 5191 3010 5246 etiam
3047 5203 3325 5244 nominum
3357 5187 3549 5240 simil-i-

1969 5287 2094 5342 tudo
2116 5287 2449 5343 diversitatis
2485 5285 2947 5353 interpretationis
2980 5299 3142 5338 causa
3180 5292 3284 5338 est.
3331 5281 3542 5336 Etenim

1966 5377 2208 5433 Melched
2255 5379 2443 5432 militia
2495 5388 2598 5442 est,
2655 5376 2898 5432 Melched
2951 5377 3160 5446 regina.
3223 5375 3316 5430 Sic
3361 5382 3543 5429 autem

1968 5469 2312 5537 impudenter
2345 5468 2608 5538 impietati
2639 5467 3086 5522 incumbentibus
3128 5467 3324 5521 iterum
3359 5475 3544 5519 extre-

1967 5574 2110 5613 mam
2138 5559 2511 5628 captivitatcm
2547 5561 2805 5624 minatus,
2845 5575 2932 5615 res
2975 5569 3272 5629 praesentes
3321 5559 3374 5614 in
3418 5571 3545 5610 sun-

1966 5669 2084 5705 ruut
2165 5655 2432 5711 dictorum
2499 5656 2966 5712 conﬁrmationem
3022 5657 3306 5713 adducit:
3369 5655 3544 5726 inquit

1963 5759 2124 5797 ηηιιιι.
