4016 6152
487 272 628 328 1015

571 387 796 441 Verbum
826 385 978 455 cujus
1004 393 1328 452 permaneat.

557 479 717 541 Illud,
742 475 895 544 cujus
930 490 1111 530 sermo
1136 474 1521 543 complebitur,
1546 474 1818 545 signiﬁcat
1849 488 1946 530 vos
1976 486 2064 527 me

1252 261 1948 334 SUl’PLEMENTUMOAD
1988 263 2046 317 s.
2086 259 2140 318 ι.
2182 258 2670 318 οιιιιῑεοετοιη
2709 239 2979 316 orans.‘

3595 257 3727 313 1016

2089 383 2137 441 Α
2234 382 2429 450 Λόγος
2447 380 2611 445 τίνος
2627 375 2888 446 ἐμμενεῖ.

2228 471 2294 524 Τί
2318 471 2398 535 δέ,
2425 471 2572 532 τίνος
2608 469 2636 521 6
2665 468 2823 536 λόγος
2858 468 3034 537 μενεῖ,
3073 465 3350 519 δείκνυσιν
3383 464 3460 528 ὡς
3511 465 3571 516 ἐν
3623 469 3734 531 τοῖς

489 571 833 640 quaesituros.
861 567 915 621 in
953 566 1129 631 malis,
1165 581 1264 621 nec
1310 567 1650 632 inventuros,
1703 565 1905 622 residui
1931 579 2062 621 vero

2182 562 2356 623 ιακοίς
2392 577 2462 630 με
2496 557 2792 628 ζητοῦντες
2817 557 2916 626 οὐχ
2946 556 3210 626 εὑρήσετε
3232 571 3248 586 ο
3285 554 3335 606 0i
3382 553 3442 607 δὲ
3477 555 3735 611 κατάλοι-

489 677 586 731 per
620 669 830 714 vestras
860 658 1200 713 calamitates
1232 659 1362 712 lient
1400 658 1676 713 meliores.

565 751 725 806 Vna.
755 750 847 804 29.
885 749 953 803 Et
989 749 1086 804 hoc
1115 748 1323 818 signum
1346 749 1512 803 vobis.

472 907 478 921 ν
559 841 880 897 Vestrorum
902 841 1114 910 signum
1154 839 1418 894 malorum
1452 840 1579 904 erit,
1603 837 1815 894 Pharao
1843 839 2066 909 capien-

491 933 610 986 dus.
645 929 780 986 Nam
813 938 868 984 et
894 943 1016 984 meo
1057 928 1284 984 consilio
1315 944 1421 984 non
1457 930 1690 998 propriis
1729 929 1936 985 viribus
1967 929 2068 983 Se-

491 1021 700 1075 deciam
756 1019 1082 1090 Babylonius
1125 1020 1290 1088 cepit,
1339 1019 1476 1075 feret
1515 1034 1642 1074 vero
1688 1028 1745 1075 et
1784 1020 1874 1075 ille
1926 1019 2066 1073 mala

495 1114 633 1177 hac,
673 1122 784 1166 tum
814 1111 939 1180 quia
973 1109 1170 1180 impius
1201 1119 1304 1177 est,
1340 1120 1448 1164 tum
1475 1121 1534 1166 ut
1573 1126 1668 1166 vos
1695 1111 1945 1166 sentiatis
1973 1126 2070 1179 per

494 1217 618 1256 eum
654 1220 668 1256 :
703 1201 914 1256 Bonum
935 1218 1046 1256 esse
1067 1216 1280 1270 sperare
1302 1201 1358 1253 in
1392 1199 1639 1265 Domino,
1663 1216 1821 1271 quam
1845 1201 1901 1253 in
1921 1201 2072 1269 prin-

497 1293 700 1362 cipibus
735 1295 802 1347 ⁸³.
839 1293 1156 1348 Terminan
1183 1301 1362 1347 autem
1403 1293 1506 1347 hoc
1541 1293 1802 1348 vaticinio
1831 1307 1954 1348 cum
1981 1292 2070 1347 hi-

499 1387 670 1442 storia
714 1385 1024 1454 coniuncto,
1078 1385 1406 1454 antiquioris
1460 1385 1707 1440 meminit
1750 1385 2068 1454 prophetize,

499 1490 662 1544 quam
731 1476 1062 1545 temporibus
1120 1473 1328 1532 Joacim
1376 1474 1590 1531 Baruch
1644 1477 1829 1532 dicere
1888 1474 2074 1546 jussus

504 1567 699 1621 fuerat.

576 1655 735 1710 Vens.
767 1655 856 1712 30.
889 1654 980 1713 Sic
1007 1657 1142 1712 dixit
1176 1656 1433 1712 Dominus
1461 1672 1482 1711 :
1511 1656 1646 1712 Ecce
1674 1659 1813 1712 enim
1833 1674 1927 1728 ego
1960 1667 2072 1712 tra-

2167 669 2258 704 ποι
2284 650 2372 704 διὰ
2400 650 2510 704 τῶν
2544 649 2827 719 ὑμετέρων
2870 647 3219 717 παθημάτων
3257 645 3733 716 ὠφεληθήσονται.

2237 741 2350 796 Καὶ
2382 740 2560 794 τοῦτο
2591 739 2658 794 τὸ
2679 737 2954 807 σημεῖον.

2237 831 2472 903 Σημεῖον
2489 830 2600 884 τῶν
2631 829 2914 899 ὑμετέρων
2945 825 3133 881 κακῶν
3159 828 3188 880 ὁ
3225 825 3425 896 Φαραὼ
3460 827 3739 896 ἁλωσόμε-

2167 943 2278 988 νος.
2341 925 2478 994 Ἐμῇ
2528 922 2636 993 γὰρ
2693 922 2857 993 βουλῇ
2889 921 2987 975 καὶ
3025 923 3054 974 6
3090 918 3436 984 Βαϐυλώνιος
3481 921 3738 975 Σεδεκίαν

2168 1015 2416 1086 εἴληφεν,
2450 1015 2552 1068 οὐκ
2599 1014 2706 1084 ίδίᾳ
2734 1013 2998 1082 δυνάμειο
3037 1011 3290 1064 πείσεται
3335 1011 3394 1064 δὲ
3437 1012 3531 1064 καὶ
3564 1005 3738 1077 οὗτος,

2169 1109 2287 1178 ἅμα.
2318 1107 2494 1177 μένων
2523 1105 2747 1176 ἀσεϐὴς,
2771 1104 2889 1174 ἅμα
2924 1103 2982 1156 δὲ
3017 1103 3111 1156 καὶ
3143 1102 3283 1176 πρὸς
3308 1102 3564 1172 αἴσθησιν
3594 1102 3740 1170 ἄγων

2169 1200 2339 1270 ἡμᾶς,
2385 1199 2462 1262 ὼς
2512 1196 2764 1268 Ἀγαθὸν
2811 1195 3074 1256 ἐλπίζειν
3096 1194 3199 1248 ἐπὶ
3232 1195 3454 1263 Κύριον
3497 1194 3536 1262 ἢ
3571 1195 3741 1248 ἐλπί-

2170 1288 2288 1352 ζειν
2303 1291 2395 1344 ἐπ’
2448 1289 2724 1358 ἄρχουσι.
2754 1286 3117 1357 Συμπερᾶνας
3145 1286 3202 1338 δὲ
3234 1286 3447 1355 ταύτην
3471 1285 3570 1355 τὴν
3609 1302 3741 1356 προ-

2172 1375 2406 1446 φητείαν
2488 1375 2702 1446 ἱστορίᾳ
2760 1373 3288 1444 συμπεπλεγμένην,
3367 1375 3741 1444 πρεσϐυτέρας

2169 1469 2583 1538 ἀναμιμνήσκει
2614 1467 2976 1537 προφητείας,
3002 1466 3069 1536 ἢν
3091 1467 3150 1518 ἐν
3176 1468 3298 1529 ταῖς
3330 1466 3568 1536 ἡμέραις
3597 1467 3742 1520 Ἰωα-

2174 1560 2306 1626 κεὶμ
2343 1556 2422 1626 τῷ
2453 1556 2670 1626 Βαροὺχ
2696 1556 2874 1608 εἰπεῖν
2896 1552 3272 1624 προσετάχθη.

2239 1649 2440 1715 Οὕτως
2465 1644 2597 1701 εἷπε
2622 1647 2858 1714 Κύριος·
2901 1643 3050 1698 ἰδοὺ
3077 1643 3191 1712 γὰρ
3223 1641 3338 1712 ἐγὼ
3390 1641 3599 1709 δίδωμι
3640 1642 3747 1695 τὸν

503 1747 627 1800 dum
681 1745 1019 1802 Pharaonem
1076 1745 1274 1816 Vapltri
1310 1765 1481 1818 regem
1537 1747 1763 1818 ﬁgypti
1795 1751 1850 1804 in
1883 1765 2070 1804 manus

2182 1740 2388 1809 Φαραὼ
2434 1739 2660 1808 Οὒαςρρι
2683 1737 2954 1802 ,βασιλέα
2993 1737 3299 1806 Αἰγύπτου
3359 1733 3612 1789 ἔκδοτον
3655 1736 3741 1798 είς

497 1837 828 1891 inimicorum
875 1838 1011 1907 ejus,
1059 1847 1108 1892 et
1138 1839 1194 1892 in
1241 1855 1429 1894 manus
1457 1841 1802 1910 qumrentium
1839 1841 2073 1894 animum
2103 1865 2108 1868 ·

503 1929 640 1996 ejus,
663 1929 802 1983 sicut
836 1930 957 1984 dedi
991 1929 1265 1986 Sedeciam
1298 1947 1466 2000 regem
1492 1931 1637 1987 Juba
1657 1934 1714 1987 in
1738 1950 1924 1989 manus
1954 1933 2073 1990 Na-

501 2021 896 2076 buchodonosor
915 2023 1074 2092 regis.

569 2205 744 2277 Capta
778 2205 920 2261 enim
962 2204 1282 2272 Jerusalem,
1317 2205 1383 2261 de
1423 2219 1632 2261 summa
1694 2219 1874 2260 rerum
1906 2205 2078 2278 1E".

502 2296 649 2366 ptius
696 2296 894 2351 timens
929 2297 1078 2352 circa
1115 2296 1446 2366 Euphratem
1500 2310 1604 2351 una
1630 2310 1754 2351 cum
1779 2293 2076 2367 Babylonio

501 2399 698 2438 manus
736 2385 979 2440 conserit
1010 2401 1024 2438 :
1052 2387 1274 2454 quando
1305 2396 1360 2440 et
1385 2395 1576 2454 captus
1599 2393 1705 2442 est.
1732 2385 1922 2456 Itaque
1951 2402 2074 2440 cum

501 2474 606 2528 hoc
637 2473 816 2528 adhuc
837 2474 1051 2540 lateret,
1067 2483 1122 2530 et
1152 2475 1293 2530 bello
1315 2475 1370 2528 in
1402 2484 1688 2539 utramque
1720 2484 1930 2544 partem
1955 2489 2079 2529 ver-

502 2574 684 2635 gente,
713 2563 933 2635 Egypti
961 2566 1232 2620 excidium
1255 2565 1514 2630 minatus,
1535 2575 1588 2620 ct
1615 2564 1816 2621 ludatis
1841 2565 2073 2630 ruinam,

504 2658 560 2711 in
591 2672 809 2712 suorum
838 2674 1148 2716 sermonum
1193 2658 1568 2730 probationem
1621 2659 1922 2715 Pharaonis
1959 2660 2076 2715 cla-

503 2751 627 2804 dem
651 2750 874 2806 inducit.

1098 2888 1253 2946 CAP.
1308 2888 1471 2945 XLV.

571 3023 592 3048 ⁶
627 3020 796 3117 Vsus.
919 3022 1145 3117 Verbum
1173 3027 1311 3117 quod
1328 3026 1535 3080 locutus
1557 3037 1634 3080 est
1654 3025 1916 3080 Jeremias
1942 3029 2078 3091 'pro-
2103 3058 2146 3117 ϐ

2172 1835 2378 1906 χεῖρας
2408 1830 2641 1901 ἐχθρῶν
2667 1829 2879 1894 αὐτοῦ,
2920 1827 3021 1881 καί
3050 1829 3139 1894 είς
3165 1827 3371 1896 χεῖρας
3414 1825 3749 1893 ζῆτούντων

2173 1923 2289 1992 τὴν
2333 1921 2549 1992 ψυχὴν
2595 1918 2806 1984 αὑτοῦ,
2843 1916 3001 1974 καθὰ
3045 1915 3274 1972 δέδωκα
3313 1918 3424 1970 τὸν
3461 1915 3749 1970 Σεδεκίαν

2169 2014 2436 2082 βασιλέα
2471 2011 2662 2067 Ἰούδα
2694 2012 2783 2076 είς
2810 2007 3016 2079 χεῷας
3054 2007 3595 2077 Ναϐουχοδονόσορ
3635 2007 3747 2071 ,βα-

2173 2107 2396 2170 σιλέως
2422 2101 2806 2169 Βαϐυλῶνος.

2247 2198 2361 2268 Τῆς
2388 2195 2498 2267 γάρ
2544 2192 2902 2264 Ἰερουσαλὴμ
2952 2189 3214 2260 ἀλούσης,
3245 2186 3431 2250 δείσας
3463 2186 3596 2256 περὶ
3643 2184 3748 2238 τῶν

2174 2292 2313 2346 ὅλων
2352 2292 2381 2343 6
2419 2286 2746 2356 Αἰγύπτιος,
2797 2283 2930 2354 περὶ
2981 2282 3073 2336 τὸν
3103 2280 3398 2352 Εὐφράτην
3448 2275 3748 2347 συμϐάλλει

2173 2382 2254 2454 τῷ
2303 2378 2664 2434 Βαϐυλωνίων
2714 2374 2946 2446 βασιλεῖ,
3005 2372 3170 2444 ἡνίκα
3214 2372 3309 2425 καὶ
3377 2369 3544 2423 ἑάλω.
3587 2366 3749 2421 Οὔπω

2175 2475 2360 2529 τοίνυν
2386 2471 2583 2525 τούτου
2617 2468 2780 2540 δήλου
2813 2466 3204 2536 τυγχάνοντος,
3241 2463 3358 2518 ἀλλ’
3397 2461 3480 2515 ἔτι
3542 2457 3747 2531 μετεώ-

2181 2585 2275 2638 ρου
2291 2565 2388 2619 τοῦ
2415 2563 2656 2634 πολέμου
2681 2559 3052 2625 καθεστῶτος,
3091 2557 3399 2627 ἀπειλήσας
3423 2555 3527 2624 τῆς
3578 2550 3748 2619 Αίγύ-

2178 2674 2316 2710 πτου
2350 2655 2576 2718 ἅλωσιν,
2609 2653 2704 2706 καὶ
2754 2649 3026 2712 Ἰουδαίοις
3079 2647 3359 2702 ἀπώλειαν
3396 2685 3413 2709 ,
3473 2642 3750 2710 ἀπόδειξιν

2177 2748 2287 2802 τῶν
2308 2747 2484 2815 λόγων
2508 2744 2606 2814 τὴν
2632 2737 2802 2817 ἦτταν
2823 2739 2918 2794 τοῦ
2949 2737 3150 2810 Φαραὼ
3179 2737 3306 2808 ἐφη.

2771 2873 3025 2928 ΚΕΦΑΛ.
3062 2871 3200 2926 ME’.

2252 3016 2269 3033 ’
2311 3012 2374 3066 Ὀ
2396 3013 2602 3081 λόγος,
2633 3009 2706 3064 ὃν
2723 3008 3034 3076 ἐλάλησεν
3077 3005 3353 3075 Ἱερεμίας
3381 3004 3414 3058 ό
3442 3001 3753 3072 προφήτης

505 3115 684 3184 pheta,
708 3115 777 3166 ad
808 3114 1017 3168 Baruch
1035 3093 1208 3182 ﬁlium
1237 3115 1435 3182 Neriw,
1458 3117 1672 3185 quando
1692 3117 1898 3182 scripsit
1920 3115 2076 3169 verba

2182 3104 2331 3174 πρὸς
2359 3101 2598 3170 Βαροὺχ
2629 3100 2766 3156 υἱὸν
2791 3100 3036 3169 Νηρίου,
3064 3097 3153 3151 ὅτι
3174 3097 3401 3166 ἔγραψε
3462 3093 3608 3160 τοὺς
3655 3095 3756 3185 ,ιόῖ

506 3207 618 3260 Ιιιττ
656 3222 722 3260 ea:
754 3221 842 3259 ore
873 3205 1115 3259 Jeremice
1138 3205 1191 3256 in
1214 3221 1351 3257 anno
1373 3216 1560 3274 quarto
1584 3203 1830 3257 Joachim
1857 3203 1957 3271 ﬁlii
1989 3203 2078 3258 Jo-

505 3299 602 3352 site
620 3297 753 3367 regis
785 3296 952 3350 Juda.
1754 3305 1762 3311 '

583 3480 1027 3537 Existimat-sane
1055 3479 1273 3548 quidam
1301 3479 1416 3536 haec
1442 3480 1583 3549 apud
1610 3479 1946 3550 prophetam,
1972 3494 2080 3533 non

509 3582 570 3630 ut
602 3574 736 3629 ordo
769 3571 1098 3644 postulabat,
1133 3571 1306 3640 posita
1331 3585 1470 3637 esse,
1496 3573 1636 3626 unde
1662 3571 1738 3626 ait
1761 3575 2078 3633 notandum,

508 3664 653 3719 hunc
676 3663 996 3732 plerumque
1018 3675 1142 3716 esse
1163 3662 1215 3716 in
1242 3659 1522 3730 Scriptura
1546 3675 1749 3716 morem
1777 3676 1964 3715 eorum
1989 3661 2081 3729 qui

507 3755 765 3811 historias
779 3757 1174 3826 conscripsere,
1205 3764 1262 3809 ut
1285 3771 1388 3810 non
1415 3756 1610 3812 seriem
1632 3755 1930 3824 spectarint
1950 3765 2084 3810 tent-

509 3847 676 3916 poris,
693 3847 787 3902 sed
807 3854 1038 3909 tantum,
1055 3855 1214 3916 prout
1229 3861 1313 3901 res
1337 3846 1565 3912 ferebat,
1585 3846 1635 3900 in
1656 3847 1946 3914 legentium
1966 3860 2086 3899 con-

511 3938 744 3992 texerint
763 3936 1068 3991 utilitatem.
1096 3935 1200 3992 Sed
1225 3937 1414 3991 melius
1445 3937 1558 3992 lucc
1573 3952 1693 3992 cum
1712 3936 2084 4005 superioribus

509 4043 650 4083 nexa
687 4042 808 4082 esse
841 4036 1128 4082 assereret.
1177 4026 1387 4082 Etenim
1437 4042 1558 4082 cum
1607 4027 1853 4091 dixisset,
1891 4039 2083 4080 eorum

510 4121 601 4190 qui
643 4119 697 4174 in
728 4117 965 4189 Egypto
1002 4129 1158 4174 erant
1193 4128 1400 4174 tantum
1435 4133 1529 4173 eos
1563 4118 1850 4173 salvandos
1885 4120 1975 4187 qui
2032 4121 2085 4175 in

518 4208 760 4266 .lndaaam
817 4209 1226 4279 confugissent,
1275 4209 1515 4276 reliquos
1554 4221 1680 4261 vero
1711 4223 1906 4263 omnes
1958 4224 2085 4278 per-

515 4301 756 4364 dendos,
799 4301 865 4355 its
927 4317 1032 4355 non
1081 4300 1432 4356 credentibus
1483 4299 1773 4354 conﬁrmat
1807 4313 2087 4356 sermones

2181 3214 2326 3266 νγηους
2386 3193 2639 3258 τούτους
2701 3189 2822 3245 ἀπὸ
2859 3191 3158 3258 στόματος
3211 3185 3498 3258 Ἰερεμίου
3563 3185 3634 3240 ἐν
3678 3182 3758 3250 τῷ

2179 3288 2300 3342 ἔτει
2336 3283 2419 3350 τῷ
2442 3283 2700 3350 τετάρτῳ
2758 3280 3020 3350 ἰωακείμ
3073 3279 3212 3334 υιοῦ
3283 3278 3519 3334 Ἰωσίου
3572 3277 3763 3340 ,βασι-

2181 3377 2337 3440 λέως
2370 3372 2587 3429 Ἰούδα.

2255 3466 2485 3538 Οἰηθείη
2518 3464 2616 3536 μὲν
2641 3465 2706 3519 ἄν
2734 3481 2820 3526 τις
2851 3461 2914 3515 οὺ
2946 3460 3092 3516 κατὰ
3117 3460 3273 3524 τάξιν
3303 3459 3482 3514 ταῦτα
3541 3457 3760 3512 κεῖσθαι

2184 3555 2337 3626 παρὰ
2364 3553 2441 3624 τῷ
2471 3554 2750 3623 προφήτῃ,
2786 3551 2910 3604 ὅθεν
2955 3551 3115 3621 φησὶ,
3134 3549 3246 3602 δεῖν
3267 3545 3758 3618 ἐπισημαίνεσθαι,

2183 3647 2259 3708 ὡς
2314 3641 2588 3713 πολλαχοῦ
2620 3642 2738 3693 ἐστι
2790 3639 2949 3692 τοῦτο
3003 3639 3107 3709 τῆς
3153 3638 3381 3708 Γραφῆς
3437 3637 3498 3689 τὸ
3539 3636 3757 3704 ἰδίωμα,

2183 3736 2293 3790 τῶν
2342 3733 2647 3787 συνθέντων
2689 3730 2790 3795 τὰς
2838 3729 3102 3800 ἱστορίας,
3146 3730 3209 3783 οὐ
3273 3728 3377 3798 τῆς
3432 3727 3762 3789 ἀκολουθίας

2186 3825 2621 3898 φροντισάντων,
2662 3822 2802 3878 ἀλλὰ
2851 3821 2945 3876 τοῦ
3000 3822 3150 3886 ὅπως
3207 3821 3409 3891 δήποτε
3486 3818 3763 3872 συνθεῖναι

2187 3920 2328 3990 πρὸς
2374 3917 2649 3986 ὠφέλειαν
2680 3915 2790 3968 τῶν
2829 3913 3342 3984 ἀναγινωσκόντων.
3371 3910 3595 3966 Μᾶλλον
3628 3910 3674 3962 δ’
3700 3910 3764 3964 ἄν

2185 4029 2270 4074 τις
2307 4009 2583 4081 ἡρμόσθαι
2600 4007 2732 4062 αὑτό
2763 4022 2896 4076 φησι
2929 4005 3066 4076 πρὸς
3099 4003 3169 4057 τὰ
3190 4003 3492 4074 ἡγούμενα.
3539 4001 3762 4069 Ἐπειδὴ

2187 4103 2297 4174 γὰρ
2336 4103 2444 4171 ἔφη
2491 4099 2600 4153 τῶν
2637 4099 2694 4151 ἐν
2731 4095 2996 4167 Αἰγύπτῳ
3051 4095 3250 4165 μόνους
3305 4093 3583 4159 σώζεσθαι
3637 4095 3764 4153 τοὺς

2186 4198 2267 4260 είς
2291 4196 2394 4265 τὴν
2436 4191 2694 4246 Ἰουδαίαν
2727 4193 3054 4259 φεύγοντας,
3096 4189 3434 4243 ἀπόλλυσθαι
3458 4187 3517 4240 δὲ
3554 4186 3764 4247 πάντας

2186 4289 2314 4350 τοὺς
2340 4285 2587 4349 λοιποὺς,
2609 4283 2709 4336 οὐκ
2739 4282 3077 4352 ἐπείσθησαν
3127 4281 3205 4345 δὲ,
3241 4281 3350 4334 ἀπὸ
3371 4279 3481 4332 τῶν
3516 4279 3762 4333 παλαιῶν

511 4407 638 4446 suos
667 4406 731 4445 ex
757 4391 1156 4460 antiquioribus
1185 4390 1368 4445 rebus.
1407 4389 1475 4446 Ut
1503 4391 1646 4446 enim
1673 4389 1824 4454 olim,
1859 4390 1958 4454 ait,
1983 4391 2080 4444 Ba-

2190 4376 2536 4431 ἐπιστώσατο
2562 4373 2626 4426 τὸ
2651 4373 2970 4442 λεγόμενον.
3027 4373 3115 4435 Ὡς
3143 4372 3255 4442 γὰρ
3287 4371 3480 4430 πάλαι,
3520 4372 3710 4441 φησὶν,
3735 4370 3762 4422 ὁ

511 4480 644 4535 ruch
677 4481 914 4535 infausta
948 4481 1248 4550 praedicens
1299 4480 1639 4549 periclitatus
1689 4496 1794 4534 non
1847 4488 1952 4547 est,
1985 4482 2082 4536 sed

510 4580 568 4626 ut
595 4571 668 4626 illi
704 4573 845 4627 Deus
875 4570 1199 4642 promiserat
1235 4570 1382 4624 solus
1408 4571 1648 4625 omnium
1679 4571 1935 4627 immunis
1962 4587 2089 4628 ser-

508 4673 667 4718 vatus
694 4672 778 4718 est
808 4677 824 4717 :
853 4663 933 4718 sic
959 4672 1012 4717 et
1044 4676 1189 4717 nunc
1213 4662 1499 4718 credentes
1530 4672 1734 4718 servat.

585 4843 747 4899 Vens.
772 4844 828 4897 2.
861 4843 948 4898 Sic
968 4842 1102 4897 dixit
1136 4841 1414 4897 Dominus.

581 4928 700 4986 Non
735 4943 936 4988 temere
966 4947 1065 4986 nec
1106 4932 1413 5001 importune
1444 4946 1586 4986 nunc
1617 4931 1888 4986 sermonis
1919 4928 2083 4998 hujus

514 5023 785 5085 meminit,
818 5024 912 5078 sed
941 5033 999 5078 ut
1023 5022 1291 5093 intelligas
1315 5037 1426 5091 quo
1451 5023 1505 5076 in
1549 5035 1642 5076 eos
1667 5021 1877 5075 Baruch
1903 5019 2087 5074 animo

516 5113 675 5168 foret.
733 5111 804 5166 Ut
834 5113 1029 5167 deﬂeat
1073 5121 1129 5168 et
1160 5111 1332 5180 ploret
1384 5126 1579 5180 rogans
1619 5126 1716 5180 pro
1751 5110 1860 5165 illis
1895 5110 2084 5164 Deum.

515 5203 608 5258 Ille
638 5219 767 5257 vero
795 5203 894 5267 ait,
931 5203 1035 5256 noli
1063 5217 1312 5271 quaerere
1345 5201 1594 5272 grandia.

586 5293 754 5348 Vens.
781 5295 837 5349 5.
873 5294 1155 5364 Postquam
1188 5304 1244 5347 tu
1274 5292 1483 5346 Baruclt
1512 5291 1700 5344 dixiin
1726 5304 1745 5343 :
1786 5287 1903 5342 Heu
1935 5287 2084 5350 mihi,

517 5387 641 5453 quia
667 5385 872 5438 addidit
899 5384 1152 5440 Dominus
1176 5384 1406 5438 laborem
1429 5398 1583 5450 super
1605 5381 1842 5435 dolorem
1873 5395 2039 5434 meum
2067 5391 2085 5431 :

520 5476 743 5530 dormivi
764 5477 818 5529 in
846 5477 1211 5545 gemitibus,et
1239 5476 1462 5544 requiem
1483 5490 1585 5527 non
1613 5472 1798 5526 inveni.

590 5648 636 5679 "
677 5645 819 5703 Psal.
848 5660 1015 5712 cxvn,
1055 5648 1109 5702 9.

2185 4469 2400 4541 Βαροὺχ
2449 4466 2542 4519 ἐπὶ
2582 4463 2679 4518 τοῦ
2723 4465 2984 4534 ἰωακεὶμ
3034 4462 3322 4534 προλέγων
3374 4462 3442 4515 τὰ
3477 4461 3630 4516 δεινὰ
3687 4461 3759 4531 μὴ

2185 4560 2489 4624 ἀπολεῖται,
2541 4555 3011 4626 ἐπαγγειλάμενος
3053 4555 3111 4608 δε
3165 4554 3317 4626 αὐτῷ
3361 4554 3494 4618 Θεὸς
3548 4553 3758 4623 ἀϐλαϐῆ

2188 4648 2421 4721 ἐφύλαξε
2452 4647 2614 4720 μόνον
2647 4645 2707 4711 ἐξ
2732 4646 3018 4713 ἁπάντων,
3049 4644 3192 4698 οὕτω
3226 4646 3324 4698 καὶ
3353 4642 3448 4699 νῦν
3477 4643 3608 4709 τοὺς
3648 4659 3764 4698 πει-

2189 4741 2454 4812 θομένους
2479 4737 2667 4803 σώζει.

2268 4833 2468 4896 Οῦτως
2492 4826 2622 4884 εἷπε
2650 4829 2885 4898 Κύριος.

2266 4923 2378 4991 Οὐχ
2411 4919 2596 4982 ἁπλῶς
2629 4919 2910 4988 μέμνηται
2942 4914 3136 4969 τούτου
3167 4914 3263 4968 τοῦ
3293 4913 3453 4982 λόγου
3484 4912 3603 4977 νῦν,
3649 4909 3761 4964 οὑδέ

2195 5013 2461 5084 ἀκαίρως.
2492 5011 2609 5064 ἀλλ’
2655 5010 2746 5064 ἵνα
2777 5007 2980 5081 μάθῃς,
3015 5005 3112 5058 καὶ
3153 5000 3266 5069 οἷος
3317 5007 3345 5059 6
3385 5003 3609 5076 Βαροὺχ
3640 5000 3762 5074 περὶ

2194 5105 2394 5166 αὐτοὺς
2422 5099 2512 5174 ἦν,
2546 5100 2662 5164 πῶς
2691 5099 2883 5171 θρηνεῖ
2904 5098 2998 5151 καὶ
3022 5097 3376 5168 ὰποδύρεται,
3422 5096 3595 5162 ἀξιῶν
3643 5094 3761 5164 περὶ

2195 5196 2377 5251 αὐτῶν
2405 5196 2497 5248 τὸν
2531 5194 2686 5248 Θεὸν.
2722 5191 2894 5254 Αὐτὸς
2926 5190 2982 5243 δέ
3011 5207 3145 5258 φησι
3173 5206 3185 5218 ·
3212 5189 3304 5258 Μὴ
3332 5188 3488 5258 ζήτει
3534 5187 3758 5256 μεγάλα.

2279 5287 2436 5340 Ἐπεὶ
2462 5286 2543 5341 σὺ
2573 5284 2812 5353 Βαροὺχ
2841 5279 3031 5346 εἴπας·
3070 5281 3238 5348 Οἵμοι
3283 5279 3374 5331 ὅτι
3430 5281 3760 5348 προσέθηκε

2201 5379 2415 5446 Κύριος
2450 5379 2641 5432 κόπον
2692 5377 2794 5430 ἐπὶ
2850 5378 3042 5427 πόνον
3102 5387 3245 5440 μου.
3303 5369 3666 5440 Ἐκοιμήθην
3700 5365 3762 5419 ἐν

2207 5469 2585 5538 στεναγμοῖς,
2621 5467 2717 5522 καὶ
2751 5466 3102 5522 ἀνάπαυσιν
3122 5462 3238 5529 οὐχ
3269 5456 3472 5528 εὗρον.
