4004 6156
256 333 396 388 10ίῖ

332 445 394 499 Ὀ
442 441 660 513 Βαροὺχ
715 435 1182 506 ἀποστελλόμενος
1217 432 1371 502 παρά
1406 429 1503 483 τοῦ

256 536 326 590 τά
365 533 511 588 κατὰ
529 533 628 604 τῆς
653 529 866 594 πόλεως
905 528 1170 592 ἐξειπεῖν,
1193 521 1452 585 δεδοικὼς
1477 520 1579 591 τὴν
1606 515 1702 571 τοῦ
1737 516 1838 586 βα·

255 628 450 690 σιλέως
473 624 666 696 ὀργὴν,
708 624 803 677 καὶ
830 620 941 674 τῶν
975 617 1180 673 λοιπῶν
1209 616 1310 685 τὴν
1342 613 1632 684 ὠμότητα,
1677 607 1839 664 ἀπιέ-

253 736 344 774 ναι
367 718 470 771 οὐκ
510 716 785 779 ἐϐούλετο,
827 712 1028 766 ἐννοῶν
1057 710 1114 762 δὲ
1157 707 1344 772 πάλιν,
1403 706 1485 759 ὅτι
1533 705 1637 775 οὐχ
1669 703 1700 756 6
1739 717 1840 754 τυ-

254 809 367 881 χὼν
405 805 652 868 κίνδυνός
701 805 819 857 ἐστι
860 799 1180 872 παραϐῆναι
1236 793 1334 850 τοῦ
1391 793 1676 866 προφήτου
1711 791 1840 852 τοὺς

254 901 450 969 λόγους
481 897 664 970 (τοῦτο
683 897 792 966 γάρ
810 897 928 948 ἐστι
949 894 1026 964 τῷ
1048 890 1168 962 Θεῷ
1199 889 1480 961 πέμποντι
1510 881 1836 953 ἀντειπεῖν),

257 994 317 1045 ἐν
349 989 689 1060 στενοχωρίᾳ
735 985 1024 1056 κατείχετο
1050 997 1066 1014 ⁸
1116 980 1298 1036 ἀπιών
1335 996 1396 1034 τε
1457 977 1566 1046 γὰρ
1609 974 1841 1028 θάνατον

266 1082 578 1152 προσεδόκα
597 1122 612 1146 ,
645 1079 741 1133 καὶ
774 1079 852 1149 μὴ
874 1075 1202 1146 πειθόμενος
1234 1073 1296 1126 ού
1331 1066 1717 1138 διαφεύξεσθαι
1738 1064 1840 1132 τὴν

255 1171 553 1242 τιμωρίαν,
584 1168 709 1221 οὗτε
730 1167 809 1238 τῷ
839 1165 958 1236 Θεῷ
989 1162 1372 1236 προσκρούων.
1401 1160 1476 1213 Τὸ
1496 1154 1612 1212 οὖν·
1634 1158 1839 1223 Προσ-

257 1263 435 1328 ἐθηκε
458 1262 674 1330 Κύριος
702 1260 896 1313 κόπον
933 1257 1036 1310 ἐπὶ
1063 1257 1256 1310 πόνον
1294 1270 1416 1324 μου
1439 1265 1454 1282 ⁸
1501 1252 1690 1306 πόνον
1738 1244 1840 1330 μέν

259 1326 416 1406 καλεῖ
445 1326 557 1420 ’τήν⁷
570 1349 747 1418 λύπην
775 1342 844 1416 ἦν
866 1343 1016 1414 εἶχον
1035 1343 1167 1415 περὶ
1195 1341 1291 1395 τοῦ
1319 1335 1450 1392 λαοῦ
1471 1351 1486 1366 ⁸
1539 1330 1731 1384 κόπον
1779 1326 1840 1381 δέ

257 1443 360 1511 τῆς
394 1439 580 1510 ψυχῆς
601 1439 702 1510 τὴν
738 1438 919 1502 ἀνίαν,
945 1436 1044 1490 καὶ
1089 1435 1190 1504 τὴν
1233 1430 1364 1502 περὶ
1395 1427 1491 1481 τοῦ
1548 1421 1840 1494 μέλλοντος

259 1535 541 1606 φροντίδα.
570 1533 645 1586 Τὸ
676 1532 757 1597 δέ,
794 1528 1155 1599 Ἐκοιμήθην
1193 1525 1264 1579 ἐν
1309 1514 1694 1588 στεναγμοῖς,
1738 1513 1839 1606 καί

258 1603 611 1680 ἀκὰπαυσιν
641 1625 755 1692 οὐχ
781 1618 967 1690 εὗρον
987 1639 1000 1652 ·
1030 1620 1108 1684 ὡς
1128 1621 1188 1672 ἐν
1219 1613 1466 1689 φροντίδι
1496 1606 1752 1680 ἐσχηκὼς
1778 1603 1842 1660 τὸ

261 1717 517 1788 πρᾶγμα,
551 1714 694 1768 ὥστε
721 1715 860 1785 μήτε
891 1713 1062 1767 ὕπνου
1091 1709 1234 1782 μετά
1256 1706 1501 1768 ἀνέσεως
1523 1702 1735 1775 τυχεῖν.

320 1989 521 2055 Οὕτως
539 1983 670 2042 εἷπε
691 1986 925 2054 Κύριος⁸
946 1983 1109 2040 Ἰδοὺ
1125 1984 1164 2038 ἂ
1186 1953 1548 2053 ᾠκοδόμησα
1563 1977 1680 2050 ἐγὼ
1699 1980 1842 2033 καθ-

255 2078 406 2146 ελῶ,
435 2079 477 2133 d
509 2080 822 2148 ἐφύτευσα
873 2077 991 2147 ἐγὼ
1043 2077 1321 2141 ἐκτίλλω,
1367 2073 1468 2128 καί
1501 2072 1842 2141 σύμπασαν·

257 2169 376 2238 τὴν
403 2168 523 2238 γῆν
548 2168 816 2236 ἐκείνην,
841 2167 942 2221 καί
978 2166 1061 2222 σὺ
1089 2165 1282 2236 ζητεῖς
1305 2161 1542 2228 σεαυτῷ
1566 2159 1842 2232 μεγάλας

254 2259 342 2327 μὴ
375 2257 554 2328 ζήτει.

333 2323 648 2418 Τουτέστιν,
681 2353 757 2407 ού
786 2353 1142 2424 προσήκοντα
1169 2347 1423 2420 λογισμῷ
1463 2345 1666 2418 δικαίῳ
1694 2344 1844 2416 εῐλη-
1897 2323 1900 2326 ἢ

261 2459 391 2510 φας.
420 2442 519 2496 Διά
553 2443 663 2512 γάρ
690 2445 792 2515 τήν
825 2443 1086 2498 ἀσέϐειαν
1122 2442 1220 2498 τοῦ
1248 2441 1492 2513 πλήθους
1535 2438 1682 2494 κα.τά
1705 2438 1842 2492 πάν-

257 2548 370 2584 των
409 2533 867 2605 ἀποφηναμένου,
911 2535 1006 2590 καὶ⁵
1052 2534 1387 2605 βουλομένου
1456 2548 1561 2602 μου
1603 2529 1696 2585 διὰ
1742 2529 1843 2599 τῆς

261 2622 496 2694 ἀπειλῆς
528 2625 840 2690 ἀπαλλάξαι
893 2628 1004 2680 τῶν
1043 2627 1331 2692 κινδύνων,
1367 2627 1433 2679 σὺ
1458 2624 1582 2678 οὐδὲ
1611 2623 1844 2693 ἀθυμεῖν

260 2713 373 2780 [τσ.
408 2715 692 2789 εὐθυμεῖν]
728 2718 956 2784 ἐθέλεις,
1003 2719 1036 2790 ἢ
1067 2719 1329 2789 φροντίδα
1357 2717 1482 2771 τινά
1515 2715 1612 2770 τοῦ
1656 2715 1842 2786 πράγ-

262 2822 434 2875 ματος
463 2808 753 2862 ποιεῖσθαι.
803 2809 878 2862 Τὸ
924 2811 1058 2881 γάρ,
1105 2810 1188 2864 Σὺ
1220 2809 1415 2878 ζητεῖς
1463 2806 1704 2873 σεαυτῷ
1743 2823 1844 2876 με·

259 2897 441 2968 τάλα,
459 2900 616 2953 τοῦτο
640 2901 899 2971 σημαίνει
924 2918 938 2931 ⁸
966 2902 1240 2965 τουτέστι,
1267 2901 1332 2954 τὺ
1364 2901 1499 2971 μηδέ
1524 2899 1840 2952 λυπεῖσθαν

258 2992 344 3043 ὅτι
367 2990 479 3062 γὰρ
503 2994 565 3046 ού
590 2996 719 3064 περὶ
756 2995 1046 3065 συμφορᾶς
1076 2993 1210 3047 αὐτό
1250 3009 1407 3062 φησι,
1439 2991 1634 3062 μηνύει
1661 2991 1722 3044 τὸ
1747 2993 1843 3044 ἐπ-

259 3083 534 3153 αγόμενον
553 3100 568 3113 ⁸
597 3088 733 3156 φησὶ
758 3087 867 3156 γάρ
885 3102 901 3116 ⁸

350 3131 500 3229 ’ἱδοὺ
523 3131 640 3244 ετξ)
659 3131 868 3247 ’ἐπιίγῶ
886 3175 1042 3231 κακὰ
1068 3175 1171 3229 ἐπὶ
1198 3173 1409 3230 πᾶσαν
1432 3172 1655 3242 σάρκα,
1680 3173 1846 3243 λέγει
1874 3131 1918 3189 c

258 3265 502 3333 Κύριος,
536 3266 634 3319 καὶ
665 3265 838 3320 δώσω
865 3266 980 3335 τὴν
1006 3265 1222 3335 ψυχήν
1252 3280 1372 3319 σου
1401 3266 1491 3329 είς
1521 3262 1741 3334 εὕρεμα
1775 3263 1848 3318 ἐν

263 3358 446 3410 παντὶ
476 3360 658 3424 τόπῳ,
696 3353 769 3414 οὗ
793 3358 904 3412 ἐὰν
922 3357 1157 3427 βαδίσῃ
1177 3355 1321 3411 ἐκεῖ.

338 3449 630 3503 Τουτέστιο
660 3451 750 3521 Μὴ
779 3449 947 3519 φοϐοῦ
975 3467 988 3480 ⁸
1031 3449 1302 3530 ἀπελθὼν
1355 3447 1478 3503 εἰπὲ
1511 3447 1591 3518 τῷ
1625 3446 1741 3518 λαῷ
1779 3446 1848 3500 τά

265 3541 424 3612 παρά
445 3542 540 3595 τοῦ
568 3543 851 3614 προφήτου
883 3543 1175 3614 λεγόμενα,
1203 3541 1263 3598 εὖ
1304 3541 1482 3607 είδὼς,
1517 3542 1592 3606 ὡς
1639 3543 1701 3594 οὐ
1733 3556 1848 3594 κοι-

147 3632 155 3642 ’
265 3636 532 3706 νωνήσεις
555 3636 741 3697 αὐτοῖς
771 3636 873 3706 τῆς
922 3637 1234 3707 συμφορᾶς,
1263 3636 1386 3688 οὐδέ
1437 3651 1492 3688 τι
1529 3630 1847 3702 διαθήσουσί

272 3741 333 3778 σε
354 3727 525 3781 κακόν
551 3742 565 3756 ⁸
593 3727 686 3780 τὸν
715 3728 772 3780 δέ
803 3727 1004 3798 τρόπον
1031 3727 1132 3798 τῆς
1162 3726 1438 3796 σωτηρίας
1476 3721 1737 3792 ἀνωτέρω
1765 3719 1851 3772 τέ-

273 3816 455 3871 θεικεν
479 3822 507 3872 ὁ
535 3820 852 3890 Προφήτης,
871 3820 1070 3890 φήσας·
1095 3820 1206 3872 Καὶ
1227 3818 1606 3886 κατέκρυψεν
1623 3813 1849 3879 αὐτοὺς

268 3911 487 3980 Κύριος
525 3911 624 3965 καὶ
667 3915 778 3981 οὐχ
813 3911 1192 3980 εὑρίσκοντο.

338 4003 449 4057 Kal
480 4003 561 4056 σὺ
592 4003 897 4071 ζητήσεις.

339 4092 486 4146 Μίαν
523 4093 676 4147 πόλιν
698 4095 826 4164 ὅλην
858 4091 1168 4163 ἐξαρπάσαι
1210 4089 1474 4146 κινδύνων
1531 4093 1849 4163 προσκρού-

270 4197 340 4238 σα
348 4185 448 4237 σάν
491 4201 580 4254 μοι
611 4183 818 4255 ζητεῖς.

339 4274 454 4328 Καὶ
477 4273 649 4328 δώσω
685 4275 802 4344 τὴν
814 4277 1048 4346 ψυχήν.

341 4365 520 4419 ’Ὅπου
547 4365 591 4418 δ’
627 4367 695 4420 ἂν
725 4364 814 4441 ᾖς,
836 4367 898 4420 ού
951 4368 1026 4438 μὴ
1055 4367 1220 4439 πείσῃ
1263 4367 1458 4422 δεινόν.
1497 4366 1640 4421 Ἀλλ’
1698 4365 1851 4436 ὅμως

1357 311 1787 374 FRAGMENTA
1825 308 1888 363 IN
1929 301 2294 385 JILREhllMl.

1559 425 1840 498 Ἱερεμίου
1870 431 1914 482 Α
2016 415 2227 469 Bnrucll
2257 412 2457 465 missus
2491 422 2518 460 a
2545 401 2804 466 Ieremia,
2831 406 2890 455 ut
2921 399 2975 454 in
3009 396 3289 454 civitatem
3319 396 3518 449 vatiri-

3391 275 3528 341 1018

1947 508 2036 562 nia
2074 506 2337 566 ediceret,
2368 515 2491 555 cum
2521 498 2656 551 iram
2691 492 2834 561 regis
2871 497 2929 546 et
2969 490 3302 557 reliquorum
3339 486 3528 540 imma-

1944 599 2177 652 nitatem
2207 601 2454 662 paverct,
2486 602 2682 642 munus
2720 585 2825 637 hoc
2855 581 3146 637 recusabat
3183 596 3197 633 :
3225 587 3280 634 et
3308 594 3376 634 ex
3423 579 3525 632 alia

1941 697 2119 759 parte,
2152 699 2274 740 cum
2300 697 2406 736 una
2433 695 2618 734 secum
2649 674 3051 738 consideraret,
3079 669 3382 741 periculum
3420 685 3524 722 non

1941 779 2400 835 contemnendum
2445 771 2733 825 imminere
2772 768 2817 824 si
2857 765 3020 821 verba
3054 779 3162 820 non
3195 774 3526 830 exsequere—

1943 881 2049 931 tur.
2106 870 2210 924 hoc
2244 867 2389 921 enim
2425 873 2510 918 est
2545 861 2656 917 Deo
2709 861 2944 915 mittenti
2974 842 3054 912 ‘se
3099 867 3395 926 opponere,
3426 867 3525 905 an-

1940 960 2133 1031 gustiis
2178 957 2346 1012 animi
2401 956 2784 1025 premebatur;
2833 966 2958 1004 nam
3007 957 3082 1013 et,
3133 947 3180 1002 si
3214 947 3341 1012 iret,
3378 957 3524 998 mor-

1942 1065 2050 1108 tem
2085 1051 2188 1107 sibi
2210 1060 2456 1121 paratam
2489 1045 2876 1117 exspectabat,
2908 1051 2985 1109 et,
3014 1042 3192 1096 sinon
3227 1037 3523 1099 obedisset,

1944 1159 2048 1198 non
2088 1157 2248 1212 posse
2283 1155 2342 1196 se
2388 1138 2626 1210 ell‘ugere
2657 1136 2994 1207 punitionem
3033 1138 3211 1197 norat,
3247 1143 3368 1199 quae
3389 1126 3527 1182 divi-

1945 1237 2030 1288 nis
2079 1233 2350 1288 mandatis
2403 1231 2751 1286 resistentem
2808 1227 3087 1281 manebat.
3126 1222 3295 1292 Igitur
3346 1219 3524 1274 illud:

1945 1326 2164 1379 Addidit
2216 1324 2474 1388 Dominus
2535 1321 2770 1374 laborem
2824 1333 2981 1387 super
3028 1315 3266 1368 dolorem
3316 1325 3525 1374 meum,

1945 1418 2193 1474 dolorum
2252 1421 2410 1470 vocat
2463 1425 2779 1474 maerorem,
2819 1423 2981 1480 quem
3011 1405 3250 1461 habebat
3282 1417 3380 1471 pro
3431 1416 3530 1470 po-

1945 1512 2106 1580 pulo;
2170 1509 2436 1570 laborem,
2485 1504 2651 1558 animi
2705 1501 3094 1564 amictionem,
3142 1503 3199 1552 et
3241 1495 3390 1550 circa
3439 1505 3528 1546 res

1945 1600 2156 1654 iutmas
2183 1597 2629 1661 sollicitudinem,
2658 1592 2896 1648 Dormivi
2945 1590 3004 1646 in
3033 1587 3333 1661 gemitibus,
3359 1596 3408 1642 et
3445 1600 3530 1640 re-

1945 1680 2128 1763 quisiit
2159 1706 2264 1745 non
2315 1688 2487 1744 inveni
2538 1701 2559 1740 :
2607 1686 2766 1757 quasi
2815 1699 2931 1741 rem
2982 1698 3108 1741 cum
3143 1670 3530 1738 sollicitudine

1874 1778 1919 1835 Β
1949 1785 2237 1851 meditans,
2294 1785 2370 1837 lla
2427 1790 2490 1837 ut
2545 1795 2647 1837 nec
2694 1793 2888 1836 somno
2945 1776 3132 1847 quiete
3181 1772 3346 1844 potiri
3393 1771 3530 1828 mihi

1947 1890 2268 1932 concessum
2291 1873 2477 1928 fuerit.

2019 1967 2187 2024 Vsus.
2213 1966 2269 2021 ι.
2305 1965 2395 2020 Sic
2423 1965 2559 2018 dixit
2589 1962 2844 2017 Dominus
2871 1975 2892 2014 :
2923 1961 3063 2016 Ecce
3091 1974 3211 2030 qua
3239 1956 3528 2026 ediﬁcari,

1967 2076 2061 2132 ego
2093 2051 2382 2117 de'struam.
2408 2073 2527 2128 qua:
2545 2056 2796 2126 plantaui,
2823 2069 2918 2124 ego
2944 2051 3126 2120 evelle,
3155 2060 3203 2108 et
3240 2049 3531 2106 uniuersalis

1947 2161 2146 2207 terram
2166 2149 2336 2215 illam,
2362 2159 2409 2204 et
2441 2159 2498 2203 tu
2513 2149 2708 2219 quieris
2733 2148 2828 2202 tibi
2849 2143 3118 2218 grandia?
3140 2142 3250 2198 noli
3273 2156 3529 2213 quaerere.

2017 2335 2135 2398 Hoc
2155 2343 2263 2401 est,
2295 2333 2550 2405 cogitasti
2573 2348 2693 2404 quae
2718 2333 2882 2404 iusta:
2933 2317 3533 2388 minime'conven‘iunt

1951 2425 2392 2493 ratiocinationi;
2435 2440 2559 2482 cum
2606 2424 2751 2479 enim
2781 2431 3005 2494 propter
3051 2421 3234 2492 populi
3273 2420 3529 2490 impieta-

1956 2529 2065 2576 tem
2099 2530 2290 2578 contra
2319 2533 2508 2575 omnes
2534 2517 2908 2583 decernerem,
2946 2529 3010 2570 ac
3039 2529 3139 2584 per
3169 2514 3346 2568 minas
3371 2526 3404 2568 e
3436 2526 3533 2582 pe-

1951 2613 2136 2670 riculis
2160 2612 2322 2668 velim
2352 2624 2567 2678 eruere,
2598 2617 2654 2664 tu
2685 2622 2786 2664 nec
2831 2608 3074 2664 dolorem
3109 2621 3210 2662 nec
3263 2605 3531 2661 sollicitu-

1951 2705 2130 2761 dinem
2167 2705 2250 2760 vis
2277 2701 2578 2758 dimittere.
2627 2698 2845 2756 Etenim
2887 2698 3019 2755 illud
3048 2716 3064 2754 :
3106 2699 3187 2752 Tu
3215 2697 3408 2767 quieris
3441 2695 3534 2750 tibi

1950 2797 2200 2866 grandia,
2243 2795 2348 2851 hoc
2377 2794 2651 2865 significat
2693 2809 2710 2846 :
2758 2790 2838 2848 Ne
2866 2805 3104 2847 maerore
3133 2799 3364 2861 angatur
3385 2790 3535 2844 vide-

1952 2889 2077 2944 licet
2103 2905 2116 2940 :
2148 2888 2252 2942 hoc
2281 2895 2462 2942 autem
2497 2900 2604 2940 non
2637 2882 3018 2954 pronuntiasse
3044 2882 3110 2938 de
3139 2882 3447 2937 calamitate
3475 2879 3532 2936 id

1951 2980 2150 3036 indicat
2180 2980 2325 3050 quod
2348 2977 2595 3049 sequitur
2615 2993 2630 3007 °
2660 2976 2792 3033 dicit
2816 2976 2961 3032 enim
2988 2989 3004 3030 :

2021 3165 2158 3222 Ecce
2194 3182 2288 3236 ego
2331 3165 2528 3222 induco
2556 3164 2700 3220 mala
2751 3179 2910 3233 super
2939 3177 3145 3218 omnem
3185 3177 3421 3221 carnem.
3451 3169 3529 3215 ait

1949 3258 2240 3323 Dominus,
2265 3268 2312 3313 et
2339 3259 2476 3313 dabo
2499 3258 2738 3312 animum
2760 3265 2905 3310 tuam
2929 3256 2985 3309 in
3015 3272 3124 3309 rem
3155 3255 3414 3308 inventam
3435 3268 3454 3308 :
3477 3253 3534 3306 in

1950 3352 2092 3407 omni
2119 3352 2234 3407 loco
2287 3366 2599 3423 quocunque
2626 3349 2780 3403 ireris
2802 3347 2894 3401 ibi.

2029 3441 2196 3508 Quasi
2228 3438 2624 3497 diceret:Noli
2679 3438 2875 3492 timere
2919 3437 3139 3502 abiens;
3189 3435 3276 3490 dic
3336 3433 3535 3502 populo

1950 3531 2089 3586 dicta
2121 3530 2423 3600 prophetae,
2455 3542 2555 3598 pro
2581 3535 2734 3582 certo
2778 3525 2989 3580 habens
3011 3535 3063 3579 te
3111 3523 3272 3592 hujus
3302 3521 3533 3576 calami-

1950 3622 2078 3676 tatis
2108 3620 2334 3675 minime
2361 3619 2478 3675 fore
2513 3617 2858 3688 participem,
2891 3630 3068 3684 neque
3092 3615 3294 3684 aliquid
3319 3613 3413 3668 tibi
3443 3614 3533 3667 in-

1949 3713 2124 3768 ferent
2155 3710 2282 3766 mali
2331 3727 2348 3764 :
2397 3710 2620 3764 modum
2678 3705 2994 3762 salvationis
3051 3719 3215 3776 supra
3281 3704 3535 3774 exposuit

1949 3804 2241 3875 Propheta,
2271 3817 2394 3857 cum
2423 3801 2598 3856 dixit:
2628 3798 2700 3854 Et
2731 3796 3018 3854 occultavit
3051 3814 3140 3854 eos
3169 3797 3451 3863 Dominus,
3481 3806 3532 3851 et

1949 3911 2052 3950 non
2086 3893 2506 3948 inveniebantur.

2022 3989 2184 4043 Vsus.
2221 3986 2275 4041 5.
2318 3985 2386 4039 Et
2418 3997 2474 4039 tu
2503 3999 2730 4055 quteres.

2024 4077 2199 4133 Unam
2254 4077 2522 4147 integram
2582 4075 2862 4130 civitatem
2909 4086 2942 4129 ο
2993 4070 3253 4142 periculis
3317 4068 3531 4137 eripere

1949 4167 2082 4222 mihi
2104 4164 2368 4222 oll'ensam
2401 4164 2623 4235 quaeris.

2024 4258 2092 4312 Et
2121 4257 2256 4312 dabo
2279 4258 2517 4311 animam
2547 4264 2716 4310 tuam.

2023 4350 2352 4419 Ubicunque
2376 4348 2566 4414 fueris,
2602 4347 2730 4403 mali
2760 4344 2896 4401 nihil
2944 4343 3167 4416 patieris
3196 4359 3211 4397 :
3239 4351 3295 4397 et
3341 4350 3522 4396 tamen

267 4456 367 4510 καὶ
394 4455 570 4520 οὕτως
596 4432 869 4513 ἐπέκειτο.
902 4432 1026 4513 Ἵνα
1056 4432 1260 4532 μάθης,
1297 4461 1380 4512 ὅτι
1407 4460 1529 4530 οὐχὶ
1555 4459 1616 4512 τὸ
1653 4432 1848 4512 ἑαυτοῦ

1959 4441 2046 4496 ille
2073 4441 2327 4495 instabat.
2363 4439 2470 4494 Sed
2505 4447 2561 4493 et
2589 4439 2668 4494 sic
2694 4447 2754 4492 ut
2790 4435 2941 4492 noris
2970 4434 3119 4491 illum
3146 4449 3251 4488 non
3281 4432 3405 4497 sibi,
3435 4432 3530 4486 sed

267 4548 522 4616 ἐσκόπει,
549 4549 689 4603 ἀλλὰ
737 4550 800 4603 τὸ
831 4550 943 4603 τῶν
989 4551 1224 4604 πολλῶν.
1284 4551 1478 4622 Ἡμεῖς
1528 4549 1618 4615 δὲ,
1646 4550 1736 4603 ὅτε
1783 4549 1854 4602 τὰ

269 4640 519 4709 ἡμέτερα
537 4640 596 4694 ἐν
625 4641 899 4712 ἀσφαλείᾳ
913 4637 1000 4712 ἦν,
1030 4641 1150 4696 τότε
1169 4641 1278 4696 τῶν
1293 4642 1494 4696 λοιπῶν
1519 4640 1855 4710 ἐποιούμεθα

270 4731 452 4798 λόγον.

345 4822 505 4902 {Exi
531 4822 794 4893 δύναμιν
837 4823 1049 4892 Φαραὼ
1074 4826 1286 4893 Νεχαὼ
1335 4823 1644 4889 ,βασιλέως
1675 4824 1854 4892 Αίγύ-

271 4927 450 4977 πτου,
475 4911 543 4978 ὃς
569 4908 649 4982 ἦν
673 4911 918 4982 ποταμῷ
940 4914 1223 4984 Εὐφράτῃ
1247 4913 1318 4966 ἐν
1337 4912 1600 4981 Χάρμης,
1623 4913 1696 4966 ὃν
1710 4912 1856 4966 ἑπά-

270 5001 420 5065 ταξε
478 5002 1018 5070 Ναϐουχοδονόσορ
1049 5002 1360 5066 ,ϐασιλεὺς
1397 5001 1756 5067 Βαϐυλῶνος
1784 5001 1856 5055 ἐν

270 5093 355 5158 τῷ
407 5093 526 5146 ἔτει
575 5093 655 5158 τῷ
718 5095 975 5162 τετάρτῳ
1029 5095 1164 5149 υἱοῦ
1231 5093 1490 5164 Ἰωακεὶμ
1542 5094 1855 5161 ,βασιλέως

287 5185 503 5241 Ἰούδα.

346 5275 474 5328 ’Ὁτι
504 5274 678 5329 ταῦτα
706 5275 827 5328 τότε
878 5274 1114 5348 εἴρηταισ
1145 5277 1206 5330 ού
1238 5276 1344 5348 γάρ
1392 5279 1539 5330 ἐστιν
1565 5276 1710 5348 ἀρχὴ
1756 5277 1856 5348 τῆς

273 5365 556 5434 Αἰγύπτου
584 5365 850 5435 ὁράσεως,
891 5366 1028 5430 ἀλλ’,
1058 5367 1134 5431 ὡς
1183 5368 1454 5439 προέφην,
1509 5369 1577 5422 τὰ
1606 5370 1727 5422 τότε
1759 5372 1857 5441 ρη-

276 5458 439 5512 Θέντα
463 5458 892 5530 ὑπομιμνήσκει.
924 5451 1095 5523 Οὗτος
1111 5459 1222 5532 γὰρ
1250 5463 1278 5513 6
1311 5459 1509 5530 Νεχαὼ
1537 5460 1746 5516 ἀνελὼν
1765 5462 1857 5518 τὸν

287 5549 506 5604 Ἰωσίαν
562 5550 898 5619 κατέστησεν
941 5551 1192 5621 ’Ῑωάχαζ.
1261 5552 1536 5606 Ἐπελθὼν
1565 5554 1621 5606 δὲ
1669 5556 1698 5607 6
1745 5556 1858 5609 Να-

274 5640 690 5711 ϐουχοδονόσορ,
721 5643 900 5696 ἀνεῖλε
959 5642 1058 5711 μὲν
1104 5643 1196 5696 τὸν
1253 5643 1505 5714 Ἰωάχαζ,
1549 5647 1853 5717 κατέστησε

275 5732 450 5802 δέτὸν
482 5733 740 5804 ’ίωακείμ
762 5751 776 5766 ⁸
807 5734 882 5798 ὡς
907 5734 998 5790 οὖν
1023 5735 1120 5796 τῆς
1145 5735 1313 5789 αὑτοῦ
1347 5736 1627 5805 βασιλείας
1662 5755 1844 5810 παρα-

1959 4534 2248 4588 multorum
2277 4530 2437 4588 saluti
2465 4531 2770 4587 consulere.
2804 4530 2875 4584 At
2919 4543 3020 4584 nos
3058 4542 3180 4583 cum
3213 4541 3301 4582 res
3335 4536 3534 4580 nostra:

1959 4632 2073 4679 tuto
2097 4623 2217 4680 loco
2255 4631 2402 4689 sunt,
2439 4629 2568 4676 tunc
2603 4621 2835 4708 aliorum
2876 4618 3116 4690 gerimus
3148 4632 3356 4672 curam.

2024 4813 2043 4833 ‘
2072 4811 2238 4868 Vens.
2269 4809 2326 4866 2.
2361 4809 2534 4876 Super
2564 4810 2808 4864 uirtutem
2835 4807 3136 4861 Pharaonis
3159 4804 3375 4859 Nechao
3397 4804 3534 4874 regis

1954 4901 2198 4974 Egypti,
2232 4902 2454 4972 quierat
2490 4899 2558 4953 ad
2581 4902 2779 4968 ﬂumen
2823 4898 3149 4967 Euphratem
3190 4898 3244 4949 in
3269 4895 3534 4956 Charmis,

1954 5011 2104 5065 quem
2115 4992 2366 5062 percussit
2387 4987 2876 5046 Nabuchodonosor
2897 5003 2989 5042 rex
3005 4984 3299 5056 Babylonis
3321 4986 3374 5038 in
3395 4999 3536 5038 anno

1957 5094 2144 5158 quarto
2180 5083 2428 5139 Joachim
2473 5085 2611 5152 regis
2637 5079 2806 5135 Juda.

2027 5269 2178 5338 Quod
2198 5269 2312 5324 hmo
2330 5275 2459 5323 tunc
2479 5267 2623 5322 dicta
2648 5265 2782 5332 sint,
2807 5277 2912 5319 non
2936 5262 3078 5318 enim
3103 5267 3186 5316 est
3207 5259 3533 5330 principium

1955 5364 2180 5420 visionis
2208 5360 2450 5432 Egypti,
2479 5358 2597 5424 sed,
2633 5365 2694 5412 nt
2727 5353 3049 5424 praemonui,
3073 5350 3320 5406 meminit
3344 5363 3533 5403 eorum

1957 5471 2078 5526 quae
2109 5464 2232 5510 tunc
2257 5460 2566 5509 evenerant.
2612 5449 2713 5505 Hic
2745 5447 2944 5518 quippe
2995 5443 3237 5510 Nechao,
3269 5442 3420 5498 Josia
3454 5441 3535 5494 in-

1960 5546 2208 5611 terfecto,
2235 5545 2356 5599 loco
2408 5543 2554 5598 illius
2595 5540 2835 5596 Joachaz
2865 5535 3151 5592 constituit
3187 5552 3202 5590 :
3241 5549 3366 5588 cum
3407 5545 3538 5588 vero

1959 5641 2461 5696 Nabuchodonosor
2491 5633 2827 5699 advenisset,
2854 5629 3060 5686 occidit
3093 5626 3354 5691 Joachaz,
3393 5633 3450 5680 et
3479 5623 3535 5677 in

1959 5738 2078 5808 ejus
2113 5735 2294 5793 locum
2321 5734 2504 5805 posuit
2533 5730 2780 5791 Joachim
2802 5747 2826 5798 ;.
2864 5729 3012 5786 velut
3044 5727 3212 5800 igitur
3245 5737 3345 5784 suo
3369 5733 3539 5792 regno
