4004 6156
465 323 607 381 1019

1215 317 1780 374 SUPPLEMENTUM
1820 321 1912 375 AD
1954 322 2007 376 S.
2051 321 2102 377 J.
2145 324 2646 384 CHRYSOSTOMI
2683 324 2937 382 OPERA.

3582 319 3724 378 1020

464 440 759 508 discerpta,
784 434 1074 504 Egyptius
1095 433 1147 486 in
1166 432 1501 500 Euphratem
1522 444 1580 484 se
1603 433 1909 498 conferens,
1933 451 2034 486 una

2158 439 2442 510 ςπωμὲνης
2472 439 2501 489 ὁ
2533 438 2838 508 Αἰγύπτιος
2871 436 2955 498 εἰς
2974 433 3065 489 τὸν
3103 432 3404 504 Εὐφράτην
3428 433 3728 504 γενόμενος

465 543 588 583 cum
624 527 1154 582 Nabucltodonosore
1189 539 1379 578 manus
1429 527 1690 580 conserit.
1720 523 1886 594 Igitur
1914 540 2036 580 cum

463 619 634 674 Judaei
669 632 858 687 magna
889 616 992 672 sibi
1021 617 1088 672 de
1112 615 1490 687 Egyptiorum
1525 619 1720 672 robore
1751 618 2036 686 promitte-

465 719 604 774 rent,
636 709 981 778 maximeque
1013 709 1067 762 in
1099 723 1287 763 eorum
1327 709 1559 763 fiderent
1591 709 1815 772 auxilio,
1848 718 1902 763 et
1921 708 2037 761 cla-

463 805 582 858 dem
616 803 875 865 minatur.
903 812 957 857 et
995 802 1207 855 ruinam
1231 801 1473 868 Nechao,
1500 809 1554 856 et
1575 801 1775 857 bellum
1807 802 2035 856 indicit:

461 905 516 950 et
541 895 923 965 Egyptiorum
944 895 1210 948 auxilium
1234 893 1397 948 inane
1418 891 1535 948 fore
1560 892 1888 948 determinat
1909 907 2040 947 con-

465 997 547 1041 tra
580 986 901 1040 resistentes
933 984 1170 1042 Iudaeos.

533 1077 686 1131 Alius
708 1084 824 1130 erat
857 1075 1068 1130 Pharao
1097 1076 1185 1130 hic
1213 1073 1432 1142 Vaphre
1463 1089 1492 1127 a
1530 1071 1772 1128 Nechao.
1800 1069 2034 1144 (Consi-

462 1170 590 1221 dera
633 1167 904 1234 quomodo
932 1173 1090 1218 antea
1131 1179 1346 1234 quoque
1385 1165 1527 1219 Deus
1560 1163 1830 1232 exemplis
1860 1163 1912 1216 in
1950 1176 2040 1217 sa-

462 1273 587 1311 nant
616 1273 711 1311 eos
743 1265 976 1311 mentem
1019 1257 1356 1325 revocabat.)
1386 1254 1632 1310 Victoria
1673 1255 1761 1310 hic
1803 1255 2040 1310 maxime

461 1363 757 1419 oppressus
781 1350 996 1418 quando
1015 1357 1068 1402 et
1093 1347 1338 1402 Joachim
1373 1349 1589 1403 occisus
1640 1358 1760 1416 est;
1793 1347 1927 1401 nihil
1955 1357 2037 1402 ta-

464 1455 586 1495 men
623 1443 907 1510 probiores
954 1453 1268 1498 evaseruut.
1305 1441 1372 1496 Et
1407 1441 1528 1494 vide
1558 1441 1703 1509 quod
1760 1440 2039 1510 profectus

463 1543 551 1588 est
576 1533 641 1587 ad
677 1533 788 1602 Eph
799 1543 991 1587 ratem.

541 1624 701 1679 Vens.
731 1625 784 1676 5.
811 1623 1092 1677 Assumite.

535 1716 714 1782 Quare
741 1716 906 1782 igitur
936 1714 1240 1785 prophetia:
1265 1715 1368 1768 hoc
1416 1717 1582 1768 sumit
1605 1715 1816 1769 initium
1849 1713 2038 1768 dicens

2144 531 2441 601 συμϐάλλει
2491 531 2569 602 τῷ
2621 527 3123 600 Ναόουχοδονόσορ.
3211 524 3492 580 Ἰουδαίων
3539 527 3728 580 τοίνυν

2145 620 2357 689 μεγάλα
2385 620 2516 691 περὶ
2550 620 2649 690 τῆς
2684 619 2973 689 δυνάμεως
3003 614 3318 683 Αἰγυπτίων
3348 613 3722 684 φρονούντων,

2142 710 2236 763 καὶ
2267 709 2403 780 πρὸς
2431 711 2529 780 τὴν
2546 710 2774 764 ἐκείνων
2804 705 3126 779 συμμαχίαν
3149 705 3480 774 κεχηνότων,
3505 705 3729 758 ἀπειλεῖ

2142 801 2236 853 καὶ
2265 802 2364 872 τὴν
2395 795 2587 874 ἧτταν,
2633 802 2728 854 καὶ
2766 801 2866 872 τὴν
2910 797 3186 852 ἀπώλειαν
3223 797 3317 848 τοῦ
3370 794 3592 865 Νεχαὼ,
3628 797 3732 850 καὶ

2142 892 2387 962 κηρύξας
2421 893 2683 963 πόλεμον,
2723 891 2819 944 καὶ
2868 889 3106 960 ματαίαν
3145 886 3468 957 συμμαχίαν
3505 885 3732 956 ἀποφη-

2142 985 2374 1055 νάμενος
2398 984 2475 1047 ὡς
2503 984 2642 1053 πρὸς
2682 982 2976 1044 Ἰουδαίους
3001 977 3487 1047 ἀποτεινομένους.

2217 1075 2409 1139 Ἀλλος
2451 1071 2519 1147 ἦν
2548 1077 2577 1128 ὁ
2604 1074 2810 1145 Φαραὼ
2860 1075 2890 1126 ό
2930 1071 3197 1142 Ούαφρὴν
3241 1062 3398 1133 οὗτος
3446 1070 3476 1121 6
3526 1068 3733 1140 Νεχαώ

2144 1167 2262 1240 [τοῦ
2320 1167 2564 1240 Νεχαώ].
2601 1169 2746 1238 Ὅρα
2805 1167 2924 1229 πῶς
2977 1166 3066 1220 διὰ
3113 1164 3578 1234 παραδειγμάτων
3629 1165 3733 1218 καὶ

2143 1261 2454 1332 ἔμπροσθεν
2508 1260 2708 1323 αὐτοὺς
2747 1257 3118 1329 ὲσωφρόνιζεν
3159 1259 3188 1309 ὁ
3231 1257 3384 1319 Θεός.
3439 1253 3732 1324 Ἠττηθεὶς

2144 1353 2352 1421 σφόδρα
2387 1347 2565 1416 οὗτος,
2602 1352 2691 1404 ὅτε
2721 1351 2816 1404 καλ⁴
2857 1349 3115 1418 Ἰωακεὶμ
3153 1347 3397 1420 ἀνῃρέθη
3427 1363 3441 1378 ο
3482 1347 3577 1400 καὶ
3629 1348 3728 1400 οὐ-

2141 1446 2228 1497 δὲν
2260 1445 2662 1514 ἐπιεικέστεροι
2702 1443 2989 1513 γεγόνασι.
3017 1442 3129 1495 Καὶ
3179 1441 3281 1512 ὅρα
3317 1441 3421 1494 ποῦ
3475 1441 3732 1510 ἀπήντηο

2144 1553 2258 1603 σεν,
2283 1536 2377 1588 ἐπὶ
2405 1535 2693 1606 Εὐφράτῃ.

2224 1625 2605 1682 Ἀγαλάϐετε.

2212 1719 2372 1782 Τίνος
2402 1714 2495 1771 οὖν
2519 1717 2708 1770 ἕνεκεν
2747 1717 2980 1789 ἄρχεται
3013 1717 3114 1786 τῆς
3143 1715 3504 1787 προφητείας,
3538 1715 3728 1784 λέγων

465 1815 523 1860 ιιι
551 1820 609 1860 se
632 1806 800 1859 armis
826 1804 1151 1859 induerent?
1179 1813 1232 1859 et
1255 1815 1512 1859 accurate
1533 1805 1794 1872 exprimit
1816 1804 2039 1858 univer-

2158 1808 2607 1874 zaOorﬁtiCeaOat;
2672 1809 2768 1862 καὶ
2819 1807 2959 1878 μετὰ
3014 1807 3219 1877 πολλῆς
3271 1806 3370 1874 τῆς
3433 1806 3729 1876 ἀκριϐείας

465 1913 580 1952 sam
613 1912 798 1951 eorum
830 1908 1162 1951 armaturam
1200 1896 1312 1952 fere
1347 1897 1519 1952 instar
1551 1899 1837 1952 ductorum
1869 1911 2035 1950 exer-

464 1990 626 2053 citus,
661 1991 754 2059 qui
806 1989 1009 2044 milites
1041 1991 1128 2041 ad-
1158 2003 1393 2056 pugnam
1447 1988 1725 2042 instruunt
1757 1997 1811 2041 et
1845 1989 2040 2042 cohor-

466 2081 682 2136 tantur?
716 2083 796 2135 An
824 2093 954 2135 vero
983 2083 1098 2136 haec
1129 2080 1336 2136 ironice
1360 2078 1588 2150 profert.

535 2265 700 2319 ths.
730 2265 782 2320 5.
805 2264 942 2330 Quia
968 2264 1150 2334 fortes.

535 2358 695 2423 Vide.
725 2361 942 2414 modum
972 2360 1137 2413 etiam
1169 2360 1289 2416 belli
1316 2361 1468 2429 quasi
1491 2375 1732 2432 praesens
1761 2359 2042 2429 prosequi-

467 2459 575 2512 tur,
609 2452 877 2518 quomodo
907 2452 1208 2519 capientur.

537 2542 703 2597 Vans.
735 2543 789 2597 6.
823 2542 945 2596 Non
970 2544 1160 2614 fugiat.

540 2633 657 2688 Non
710 2636 904 2704 pedum
953 2637 1228 2705 celeritas,
1267 2655 1373 2692 non
1434 2638 1684 2708 corporis
1716 2639 1902 2704 robur,
1937 2651 2040 2691 nec

466 2723 761 2790 quidquam
788 2725 932 2780 aliud
961 2728 1201 2797 prodest,
1237 2744 1360 2783 cum
1390 2729 1573 2782 omnia
1623 2728 1897 2793 deﬁciant,
1937 2728 2040 2782 nisi

465 2813 608 2868 adsit
632 2813 723 2868 Dei
748 2816 1026 2874 auxi-lium.

538 2993 702 3048 Vens.
735 2994 786 3050 7.
819 2994 947 3060 Quis
985 3006 1062 3050 est
1085 2998 1184 3050 iste
1216 2998 1306 3066 qui
1331 2999 1486 3066 quasi
1506 3000 1723 3068 ﬂumen.

536 3083 652 3135 Non
708 3092 916 3137 tantum
971 3096 1194 3154 propter
1237 3102 1426 3141 eorum
1489 3089 1894 3143 multitudinem
1944 3104 2113 3182 eosc

2144 1901 2326 1955 ἔπεισι
2373 1901 2474 1971 τὴν
2506 1899 2722 1953 ὅπλισιν
2767 1899 2949 1954 αὐτῶν
2989 1901 3206 1962 πᾶσαν,
3255 1899 3543 1967 μονονουχὶ
3599 1897 3729 1960 τοὺς

2145 1994 2485 2065 στρατηγοὺς
2519 1989 2859 2063 μιμούμενος
2905 1991 3033 2054 τοὺς
3076 1991 3312 2058 ἄγοντας
3346 1991 3429 2052 είς
3459 1989 3724 2058 πόλεμον,

2143 2086 2238 2138 καὶ
2293 2083 2880 2154 παρακελευομένους;
2912 2083 3032 2152 ἦτοι
3083 2080 3515 2152 είρωνευόμενος
3563 2077 3727 2132 τοῦτό

2145 2193 2303 2247 φησμ

2215 2268 2369 2320 Διότι
2401 2268 2455 2320 οὶ
2480 2265 2740 2334 ἰσχυροί.

2213 2357 2382 2426 Ὅρα,
2409 2357 2619 2410 καὶτὸν
2642 2356 2844 2426 τρόπον
2887 2354 3038 2423 λέγει
3089 2354 3183 2408 τοῦ
3242 2353 3503 2422 πολέμου,
3533 2353 3729 2423 ὥσπερ

2144 2450 2356 2520 παρὼν,
2387 2449 2494 2502 τίνι
2529 2449 2718 2519 τρόπῳ
2741 2447 3063 2501 ἁλώσονται.

2214 2541 2311 2610 Μὴ
2352 2540 2636 2610 φευγέτω.

2214 2630 2350 2684 Οὔτε
2394 2631 2572 2684 ποδῶν
2600 2629 2862 2700 ταχύτης,
2897 2628 3021 2682 οὔτε
3070 2627 3324 2698 σώματος
3371 2629 3544 2698 ίσχὺς,
3602 2627 3728 2682 οὔτε

2144 2719 2274 2773 ἄλλο
2327 2719 2485 2772 οὐδὲν
2538 2718 2762 2787 ὠφελεῖ,
2811 2717 3032 2770 πάντων
3087 2715 3576 2786 περιόεὸλημένων
3617 2716 3727 2789 [ἷσ.

2144 2807 2658 2880 ἁποϐεὸλημένων],
2695 2809 2745 2862 εί
2799 2808 2874 2878 μὴ
2908 2807 3237 2879 πάρεστινή
3269 2806 3364 2859 τοῦ
3391 2805 3532 2859 Θεοῦ
3598 2807 3731 2878 βοή-

2145 2901 2286 2954 θεια.
3311 2896 3320 2907 ’

2220 2992 2316 3056 Τίς
2331 2984 2510 3056 οὗτος
2537 2990 2616 3056 ὡς
2640 2991 2930 3059 ποταμός.

2216 3085 2290 3137 Οὐ
2319 3083 2407 3136 διὰ
2447 3083 2509 3135 τὸ
2544 3081 2775 3153 μέγεθος
2818 3082 2912 3134 καὶ
2965 3080 3128 3152 μόνον
3179 3080 3364 3135 αὐτῶν
3401 3080 3482 3150 τῷ
3541 3081 3732 3151 Νείλῳ

464 3172 586 3226 Nilo
617 3183 914 3242 comparat,
959 3176 1052 3229 sed
1087 3177 1252 3230 etiam
1300 3179 1440 3246 quod
1493 3180 1697 3232 scirent
1728 3179 1951 3244 flumen,
1982 3190 2039 3235 et

2158 3175 2514 3248 παραϐάλλει,
2549 3175 2686 3228 ἀλλὰ
2724 3175 2818 3228 καὶ
2844 3174 2934 3229 διὰ
2961 3174 3022 3228 τδ
3053 3175 3250 3228 εἰδέναι
3274 3174 3474 3236 αὐτοὺς
3503 3172 3605 3227 τὸν
3637 3190 3732 3225 πο·

465 3264 804 3319 subitaneum
853 3265 972 3329 ejus
1019 3265 1446 3329 incrementum;
1497 3278 1551 3320 et
1598 3270 1892 3323 ostendita
1929 3271 2039 3326 Deo

463 3363 838 3424 comparatum
864 3355 1092 3422 bellant;
1132 3372 1254 3410 nam
1281 3370 1336 3412 et
1365 3355 1558 3412 ﬂuvius
1590 3360 1853 3416 divinitus
1879 3375 2040 3430 auge-

469 3457 576 3500 10f.

536 3538 698 3592 Vens.
735 3539 823 3594 10.
861 3538 1089 3595 Victima
1120 3541 1279 3595 enim.

532 3631 602 3687 Ut
635 3633 952 3688 ostenderet
992 3647 1155 3702 quam
1201 3633 1310 3688 Deo
1337 3641 1548 3701 gratum
1580 3643 1726 3688 esset
1753 3635 1876 3701 hoc,
1903 3635 2039 3690 nihil

465 3725 774 3779 humanitus
800 3725 876 3781 lit.
910 3725 1164 3794 Alioquin
1203 3725 1550 3795 accingimini
1587 3741 1679 3781 vos
1718 3746 1730 3781 :
1777 3743 1883 3782 non
1915 3743 2041 3797 pro-

465 3815 657 3881 hibeo;
691 3822 749 3869 ut
794 3817 1053 3872 noveritis
1085 3817 1289 3872 frustra
1339 3833 1462 3872 esse
1518 3819 1628 3873 Deo
1668 3819 1869 3874 bellum
1901 3820 2039 3874 iudi-

465 3920 613 3958 cere.

541 3993 703 4050 Vens.
743 3996 828 4050 Η.
858 3997 1090 4053 Ascendc
1113 3998 1341 4062 Galaad,
1368 4008 1577 4053 etsume
1599 3999 1822 4053 resinam
1849 4001 2040 4071 uirgini

462 4089 592 4158 ﬁlia:
629 4087 867 4159 Egypti.
923 4089 990 4144 In
1036 4109 1224 4145 vanum
1286 4092 1649 4160 multiplicasti
1691 4093 2039 4146 medicamina

466 4196 580 4236 tua.
625 4178 842 4235 Utilitas
871 4199 973 4234 non
1010 4193 1081 4235 est
1114 4184 1170 4235 in
1194 4194 1264 4238 te.

536 4272 650 4327 Hoc
678 4282 777 4335 est,
807 4282 864 4326 et
897 4283 949 4326 tu
987 4290 1090 4327 una
1125 4290 1247 4328 cum
1280 4273 1501 4344 reliquis
1541 4289 1696 4344 opem
1751 4276 1891 4330 feres
1937 4278 2032 4332 illi.

465 4365 667 4420 Galaad
693 4364 838 4419 enim
872 4364 1148 4421 lsraelitas
1188 4376 1482 4436 nuncupat,
1516 4382 1580 4422 ex
1627 4367 1767 4432 loco,
1795 4369 2033 4434 nomine,

2141 3265 2337 3335 ταμὸν,
2368 3266 2464 3318 καὶ
2509 3263 2610 3335 τὴν
2652 3263 2860 3334 ἀθρόαν
2917 3264 3102 3334 ὁρμήν
3133 3279 3147 3292 ·
3202 3265 3296 3316 καὶ
3339 3262 3582 3327 δεικνὺς,
3647 3264 3730 3316 ὅτι

2144 3359 2293 3428 παρὰ
2322 3358 2417 3411 τοῦ
2446 3356 2582 3410 Θεοῦ
2609 3358 2642 3427 ἡ
2673 3357 2978 3429 στρατηγία
3004 3373 3019 3388 ο
3061 3357 3156 3410 καὶ
3207 3356 3321 3428 γὰρ
3369 3357 3589 3419 ἐκεῖνος
3626 3355 3730 3408 ὑπὸ

2141 3450 2279 3503 Θεοῦ
2319 3449 2498 3515 αὔξει.

2213 3543 2342 3594 Ὀτι
2368 3542 2572 3597 θυσία.

2215 3634 2335 3688 Ἵνα
2363 3634 2534 3706 δείξῃ,
2572 3634 2690 3697 πῶς
2715 3633 3002 3704 εὐφραίνει
3033 3630 3125 3685 τὸν
3151 3631 3284 3684 Θεὸν
3341 3630 3405 3684 τὸ
3452 3631 3718 3701 πρᾶγμα,

2141 3724 2293 3778 οὐδὲν
2343 3725 2688 3794 ἀνθρώπινον
2735 3725 3013 3794 γίγνεται.
3039 3723 3199 3776 Ἐπεὶ
3233 3722 3726 3792 παρασκευάζεσθε

2143 3816 2495 3886 ὑμεῖς,οὐδὲν
2523 3817 2742 3882 κωλύω,
2772 3817 2860 3870 ἴνα
2895 3816 3129 3886 μάθητε,
3183 3814 3246 3866 τὸ
3303 3815 3411 3885 πρὸ
3457 3814 3558 3868 τὸν
3592 3815 3725 3868 Θεὸν

2143 3908 2402 3977 πολεμεῖν
2432 3909 2708 3978 περιττόν.

2225 4001 2504 4068 Ἀνὰὅηθι
2527 4002 2795 4066 Γαλαὰδ,
2830 4001 2928 4055 καὶ
2955 4001 3105 4056 λάϐε
3141 4003 3402 4070 ῥητίνην
3452 3999 3728 4067 παρθένῳ

2141 4093 2383 4162 θυγατρὶ
2410 4095 2730 4162 Αίγύπτου.
2767 4094 2871 4159 Είς
2899 4093 3082 4147 κενὸν
3124 4092 3479 4159 ἐπλήθυνας
3505 4089 3726 4161 ίάματά

2140 4195 2280 4234 σου.
2314 4180 2591 4249 Ὠφέλεια
2625 4185 2735 4235 οὐκ
2767 4184 2899 4236 ἐστι
2919 4198 3041 4235 σοι.

2211 4272 2495 4333 Τουτέστι,
2533 4270 2865 4342 Σύμπραξον
2892 4273 3030 4342 αὐτῇ
3064 4272 3160 4324 καὶ
3193 4272 3257 4324 σὺ
3286 4269 3431 4340 μετὰ
3463 4269 3580 4322 τῶν
3612 4270 3721 4322 λοι⁴

2141 4361 2280 4416 πῶν.
2310 4362 2526 4415 Γαλαὰδ
2556 4361 2664 4432 γάρ
2697 4363 2824 4425 τοὺς
2862 4362 3210 4432 Ἰσραηλίτας
3257 4361 3431 4428 λέγει,
3483 4362 3605 4414 ἀπὸ
3630 4358 3720 4412 τοῦ

464 4458 665 4513 accolis
689 4459 814 4512 dato
845 4477 856 4512 :
892 4469 1010 4513 erat
1035 4469 1091 4512 et
1120 4461 1464 4513 sacerdotum
1489 4461 1703 4527 civitas,
1738 4462 1881 4516 unde
1910 4463 1986 4516 ait
2021 4480 2034 4516 :

2158 4456 2314 4508 τόπου
2339 4455 2614 4525 ὀνομάσας
2642 4455 2769 4518 τοὺς
2803 4454 3175 4518 ἐνοικοῦντας.
3202 4450 3311 4506 Ἦν
3334 4453 3392 4506 δὲ
3413 4454 3508 4506 καὶ
3531 4453 3722 4524 ἱερέων

467 4550 630 4604 Sume
652 4551 898 4615 resinam,
931 4551 1033 4604 hoc
1060 4559 1167 4616 est,
1196 4551 1572 4619 emplastrum.
1597 4552 1676 4606 Ac
1701 4554 1746 4607 si
1791 4554 1993 4608 diceret
2021 4572 2034 4608 :

465 4642 929 4708 Quemadmodum
960 4643 1088 4696 olim
1123 4645 1291 4697 Deum
1323 4643 1510 4697 colens
1539 4645 1736 4713 populo
1770 4660 1926 4715 opem
1959 4645 2040 4700 l'e-

467 4737 624 4790 rebas
652 4751 746 4804 per
780 4735 1167 4797 sacerdotium,
1193 4735 1272 4788 sic
1298 4751 1461 4801 nunc,
1491 4751 1615 4790 cum
1645 4737 1830 4807 iniqua
1855 4753 2036 4808 geras,

463 4827 775 4881 vulneratos
805 4825 858 4879 iu
896 4825 1037 4880 bello
1086 4825 1359 4878 medicare
1396 4826 1479 4880 fac
1503 4825 1704 4880 valeas.
1760 4824 2039 4896 lmprope-

363 4926 375 4938 “
465 4919 655 4973 rabant
687 4917 832 4972 enim
868 4916 974 4970 illis
1017 4931 1161 4985 saepe
1188 4917 1241 4971 iu
1285 4917 1485 4985 praeliis
1507 4931 1629 4970 cum
1665 4917 1914 4972 hostibus
1945 4919 2039 4972 lia-

463 5010 594 5065 bitis
626 5009 852 5064 salutem
891 5023 986 5064 eos
1015 5008 1238 5077 adeptos
1270 5009 1340 5062 ob
1376 5009 1782 5076 prophetarum,
1835 5009 1928 5077 qui
1966 5005 2039 5061 ibi

465 5101 802 5166 habitabant,
833 5100 1046 5164 merita,
1076 5116 1140 5156 ac
1173 5103 1216 5155 si
1254 5088 1462 5156 diceret
1492 5119 1506 5156 :
1547 5101 1703 5155 Nunc
1729 5113 1849 5169 quae
1877 5100 2041 5169 impie

467 5193 605 5264 agis,
646 5192 911 5247 idolorum
944 5201 1096 5248 utere
1130 5194 1335 5248 auxilio
1368 5193 1420 5246 in
1461 5194 1623 5247 rebus
1655 5193 2037 5261 praesentibus,

466 5295 522 5340 et
548 5284 813 5340 auxiliare
833 5282 1110 5355 Egyptio,
1138 5300 1299 5354 quem
1335 5290 1528 5342 ducem
1561 5285 1826 5357 sequeris.

537 5471 653 5528 Hoc
682 5474 848 5527 etiam
893 5473 1097 5527 ironice
1139 5474 1234 5529 ait.
1262 5474 1395 5528 Nam
1420 5474 1682 5544 quidquid
1721 5476 2038 5542 tentaveris,

457 5569 524 5626 iet
549 5577 903 5632 quoscunque
927 5565 1221 5618 auxiliares
1249 5564 1553 5627 vocaveris,
1584 5563 1744 5619 inane
1765 5565 1890 5618 erit.

545 5651 709 5706 Vens.
742 5653 829 5706 13.
860 5653 1000 5717 Quia
1039 5666 1298 5722 pugnator
1323 5660 1571 5710 adversus
1601 5665 1963 5724 pugnatorum.

543 5734 657 5790 Hoc
689 5748 794 5804 est,
825 5740 1223 5809 et_auxiliarius
1252 5756 1304 5799 et
1339 5747 1586 5816 princeps
1613 5749 1664 5802 in
1701 5747 1926 5816 idipstmt
1962 5762 2044 5799 ce-

2144 4547 2320 4612 πόλις,
2351 4547 2434 4601 διό
2461 4564 2630 4618 φησι·
2686 4546 2843 4602 Λάϐε
2856 4548 3136 4615 ῥητίνην,
3170 4546 3478 4610 τουτέστιν,
3511 4545 3720 4616 ἐμπλα-

2145 4657 2324 4711 στρον.
2363 4641 2481 4693 Ἵνα
2515 4639 2645 4710 εἵπη
2667 4678 2682 4704 ,
2718 4641 2808 4704 Ὣς
2833 4640 3002 4694 πάλαι
3033 4636 3334 4693 εύσεὸοῦσα
3365 4638 3618 4708 ὲϐοήθεις
3643 4635 3718 4705 τῷ

2142 4731 2255 4801 λαῷ
2281 4732 2370 4785 διὰ
2398 4733 2500 4802 τῆς
2528 4733 2827 4803 ίερατείας,
2862 4733 3004 4784 οὕτω
3040 4731 3135 4784 νῦν
3181 4729 3579 4801 παρανομοῦσα
3627 4730 3714 4781 δυ-

2143 4824 2335 4894 νήθητι
2358 4823 2611 4878 ἰάσασθαι
2632 4825 2757 4887 τοῦς
2774 4822 3284 4894 τραυματισθέντας
3301 4824 3359 4876 ὲν
3380 4822 3460 4892 τῷ
3476 4823 3712 4892 πολέμῳ·

2144 4915 2418 4982 ὠνείδιζον
2447 4916 2505 4969 δὲ
2534 4917 2744 4979 αὐτοῖς,
2768 4916 2844 4978 ὡς
2878 4915 3141 4977 πολλάκις
3175 4913 3266 4967 διὰ
3288 4913 3589 4985 προφητῶν
3611 4914 3714 4965 τῶν

2145 5008 2332 5062 αύτόθι
2358 5008 2761 5062 κατοικούντων
2805 5007 2905 5076 τῆς
2961 5006 3242 5077 σωτηρίας
3282 5005 3627 5071 ἀξιωθέντων
3657 5005 3713 5057 ἐν

2141 5106 2264 5163 ταῖς
2281 5101 2417 5173 πρὸς
2439 5103 2567 5165 τοὺς
2592 5101 2875 5165 ἐναντίους
2913 5101 3137 5170 μάχαις.
3173 5101 3292 5153 Ἵνα
3320 5097 3473 5168 εἴπῃ,
3499 5099 3579 5152 ὅτι
3604 5094 3711 5149 Νῦν

2144 5194 2439 5256 ἀσεϐοῦσα,
2479 5193 2684 5264 χρῆσαι
2716 5193 2803 5246 ,ὲκ
2847 5194 2946 5262 τῆς
2986 5192 3097 5245 τῶν
3145 5190 3382 5245 εἰδώλων
3423 5189 3711 5260 συνεργίας

2143 5289 2256 5348 τοῖς
2284 5284 2690 5356 προκειμένοις,
2727 5285 2823 5337 καὶ
2867 5282 3137 5354 βοήθησον
3181 5282 3260 5354 τῷ
3311 5283 3614 5352 Αἰγυπτίῳ,
3657 5279 3710 5331 ὃν

2145 5376 2456 5445 προστάτην
2485 5377 2594 5446 ἠγῇ
2607 5413 2621 5426 .

2219 5467 2330 5519 Καὶ
2355 5467 2520 5520 τοῦτο
2570 5466 3000 5538 εἰρωνευόμενος
3028 5483 3042 5496 '
3081 5468 3164 5522 ὅτι
3217 5467 3320 5520 ὅσα
3351 5465 3419 5520 ἂν
3464 5465 3706 5534 ποιήσῃς,

2148 5559 2240 5612 καὶ
2273 5560 2594 5628 συμμάχους
2624 5560 2784 5622 ὅσους
2838 5559 2905 5612 ἂν
2937 5559 3196 5632 καλέσῃς,
3238 5559 3414 5612 ταῦτα
3465 5553 3702 5625 περιττά·

2221 5651 2350 5701 Ὅτι
2379 5649 2664 5718 μαχητὴς
2691 5652 2843 5718 πρὸς
2863 5651 3146 5721 μαχητήν
3175 5651 3502 5719 ἠσθένησε.

2223 5739 2504 5809 Τουτέστι,
2537 5743 2630 5795 καὶ
2653 5745 2680 5796 δ
2720 5742 3026 5814 σύμμαχος,
3055 5744 3147 5797 καὶ
3177 5741 3472 5809 ὁὲξαρχος,
3505 5733 3598 5792 ἐπὶ
3643 5731 3704 5786 τὸ
