4004 6156
250 253 389 310 1021

1351 241 1781 301 FRAGMENTA
1817 240 1884 295 IN
1923 239 2293 296 JEREMIAM.

3359 239 3500 294 1092

237 366 387 421 αὐτὸ
431 362 664 418 ἔπεσον
710 358 1054 428 ἀμφότεροι·
1091 359 1180 411 ἵνα
1219 359 1374 428 εἴπῃ,
1433 355 1626 418 Οὐδεὶς
1657 371 1814 425 περι-

1955 352 2163 406 iderunt
2207 352 2437 420 utrique.
2469 349 2636 418 Quasi
2667 349 2874 406 diceret
2907 369 2920 404 :
2953 350 3142 407 Nullus
3178 367 3246 408 ex
3295 352 3379 408 bis
3405 357 3496 422 qui

239 460 465 530 ελείφθη
487 459 598 512 τῶν
623 461 764 528 μετά
792 458 887 509 τοῦ
911 454 1127 522 Νεχαώ.
1163 453 1309 516 Ἕως
1334 452 1524 505 τούτου
1551 455 1618 504 τά
1649 450 1818 503 πάλαι

239 553 507 625 διηγητά,
545 554 644 606 καὶ
685 551 874 605 λοιπὸν
905 550 1138 620 ἄρχεται
1190 547 1294 616 τῆς
1341 545 1461 598 κατ’
1503 545 1818 612 Αἰγυπτίων

239 647 672 803 ὁρξῦειέῗάδηλον
694 731 798 801 τῆς
827 730 1139 802 συμφορᾶς,
1173 728 1254 782 ὅτι
1302 726 1612 796 ὴσθένησαν
1665 726 1723 778 ἐν
1751 726 1816 794 τῇ

243 827 579 900 παρατάξει.

314 921 648 986 Ἐπίστηθι,
709 915 809 969 καί
859 913 1186 982 ἑτοίμασον
1220 909 1474 978 σεαυτῇ,
1539 909 1631 963 ὅτι
1676 924 1818 961 κατ-

243 1013 429 1084 έφαγε
445 1011 713 1082 μάχαιρα
740 1006 856 1074 τὴν
884 1002 1155 1074 σμίλακά
1179 1019 1319 1058 σου.

317 1102 602 1164 Τουτὲστι,
641 1099 742 1170 τὴν
787 1097 1019 1168 δύναμιν
1074 1111 1192 1159 σου,
1233 1093 1266 1163 ἢ
1318 1092 1419 1163 τὴν
1471 1089 1774 1157 ἀσφάλειαν
1803 1103 1817 1118 ·

245 1196 520 1266 ἐχρήσατο
547 1191 605 1244 δὲ
640 1188 946 1260 μεταφορᾷ.
998 1184 1208 1254 Σμίλαξ
1255 1183 1364 1252 γὰρ
1403 1180 1616 1235 ἀκανθά
1666 1179 1815 1230 ἐστιν

247 1289 343 1342 ἐπὶ
371 1285 506 1338 πολὺ
532 1281 907 1350 ἐκτεινομένη,
1003 1277 1300 1347 κέχρηνται
1322 1272 1559 1344 μάλιστα
1606 1271 1664 1321 ἐν
1710 1269 1823 1329 τοῖς

247 1379 464 1450 ἀγροῖς,
490 1376 540 1428 οί
575 1371 868 1443 φραγμοὺς
901 1366 1203 1429 ποιοῦντες,
1237 1364 1327 1417 διά
1358 1362 1419 1416 τὸ
1464 1359 1824 1450 περιπλοκαῖς

249 1449 556 1540 κεχρῆσθαι
580 1462 826 1525 πολλαῖς,
861 1460 959 1514 κοιλ⁴
991 1457 1214 1528 ἀσφαλῆ
1237 1456 1328 1510 τὸν
1361 1452 1618 1526 φραγμὸν
1655 1449 1823 1521 ἐργά-

249 1561 462 1625 ζεσθαι.

321 1652 450 1704 "Ott
480 1650 761 1717 κατέφαγε
790 1645 1041 1717 μάχαιρα
1066 1641 1166 1712 τὴν
1201 1638 1444 1710 σμίλακά
1467 1652 1590 1688 σου·
1626 1632 1824 1705 βοτάνη

250 1741 369 1792 ἐστὶ
407 1739 583 1793 πάντα
618 1735 1074 1807 κατατρώγουσα.

322 1829 491 1884 Διατί
523 1828 750 1898 ἔφυγεν
788 1827 820 1879 ὁ
851 1825 1088 1894 μόσχος
1118 1837 1234 1875 σου
1259 1822 1292 1873 ό
1330 1817 1649 1881 ἐκλεκτός;

335 1918 425 1982 Ὦς
462 1917 601 1988 πρὸς
639 1915 933 1976 Ἰουδαίους
977 1911 1149 1979 λέγει.
1183 1909 1402 1978 Μόσχον
1453 1907 1510 1960 δε
1548 1905 1698 1972 λέγει
1737 1902 1827 1955 τὸν

253 2009 576 2078 Αίγύπτιον,
611 2007 686 2069 ὡς
715 2004 958 2074 ἰσχυρόν.
990 2001 1211 2070 Ἐπειδὴ
1254 1998 1513 2067 τοιαύτην
1552 1998 1685 2068 περὶ
1732 1995 1828 2048 αὑ-

253 2101 355 2155 τοῦ
370 2100 469 2170 τὴν
501 2095 770 2166 ὑπόληψιν
801 2091 972 2164 εἶχον.
993 2089 1128 2145 Εἶτα
1150 2094 1183 2160 ἡ
1219 2090 1368 2144 αἰτία
1390 2105 1404 2119 ·

330 2192 454 2245 Οὐκ
481 2191 738 2258 ἔμεινεν,
764 2186 853 2239 ὅτι
881 2186 1096 2254 Κύριος
1117 2181 1468 2250 παρέλυσεν
1499 2180 1708 2234 αὐτόν.

327 2282 406 2338 Οὐ
432 2281 540 2352 γὰρ
556 2281 623 2351 τῇ
646 2277 740 2332 τοῦ
761 2276 896 2330 Θεοῦ
918 2277 1193 2350 ἀποφάσει
1231 2274 1465 2344 ἠδύνατο
1491 2271 1827 2339 ἀντιστῆναι.

338 2463 400 2516 '0
421 2461 676 2532 βασιλεύς
738 2478 855 2523 σου,
897 2456 1266 2528 ἀληθέστερον
1313 2455 1369 2508 δὲ
1415 2455 1444 2507 ὁ
1493 2455 1616 2519 θεὸς
1663 2455 1834 2524 Αἰγυ-

259 2553 454 2619 πτίων,
489 2555 518 2605 ὁ
539 2554 706 2616 "Am;
731 2567 744 2581 '
778 2550 921 2606 οὓτω
949 2549 1059 2618 γὰρ
1088 2548 1315 2601 ἐκάλουν
1333 2547 1425 2600 τὸν
1455 2546 1678 2618 μόσχον,
1709 2549 1836 2618 ἀχυ-

260 2646 502 2717 ροφάγον
531 2644 662 2698 ὄντα
689 2643 784 2696 καὶ
806 2642 940 2694 Θεὸν
974 2639 1356 2710 νομιζόμενον.

328 2736 638 2800 Ἕκαστος
669 2734 821 2800 πρὸς
848 2735 956 2785 τὸν
1006 2731 1279 2799 πλησίον
1317 2729 1505 2782 αὑτοῦ
1546 2728 1834 2793 ἐλάλουν,

257 2824 360 2880 καί
396 2821 592 2879 εἶπον·
641 2821 1033 2892 Ἀναστῶμεν,
1057 2823 1156 2875 καὶ
1190 2821 1659 2890 ἀναστρέψωμεν
1688 2823 1837 2890 πρὸς

253 2917 366 2972 τὸν
394 2916 550 2971 λαὸν
583 2913 754 2984 ἡμῶν
773 2913 890 2969 ἀπὸ
915 2912 1243 2980 προσώπου
1281 2913 1583 2980 μαχαίρας
1619 2912 1836 2979 Ἓλλη-

256 3007 458 3077 νικῆς.

329 3104 426 3170 Τὸ,
475 3103 756 3167 ἕκαστος,
823 3098 1103 3163 τουτέστι,
1177 3097 1286 3152 τῶν
1338 3099 1664 3169 συμμάχων.
1719 3100 1836 3154 Ἵνα

256 3195 415 3264 εῐπη·
451 3194 736 3261 Ἔγνωσαν
765 3193 888 3245 τότε
917 3191 1096 3260 μάτην
1125 3189 1545 3260 ἐπικουροῦντες
1576 3190 1653 3257 τῷ
1672 3192 1838 3258 Λίγυ-

257 3285 423 3355 πτίῳ.
447 3285 520 3338 Τὸ
538 3285 616 3349 δὲ,
636 3283 757 3339 ἀπὸ
777 3281 1103 3352 προσώπου
1121 3298 1206 3350 μα
1211 3282 1422 3349 χαίροις
1446 3280 1834 3350 Ἑλληνικῆς.

259 3377 362 3428 οὐκ
393 3374 570 3445 ἄλλως
604 3374 715 3446 [ῑσ.
780 3376 841 3427 οὐ
889 3373 1098 3445 καλῶς]
1160 3375 1530 3445 ἡρμήνευται.
1615 3373 1673 3426 Ὀ
1729 3375 1838 3444 γὰρ

272 3467 526 3535 Ἐὕραῖος
555 3465 729 3528 οὕτως
763 3465 912 3534 ἔχει·
956 3465 1101 3518 Ἀπὸ
1135 3467 1438 3532 μαχαίρας
1489 3463 1693 3530 ὀξείας
1738 3464 1838 3517 καί

259 3557 554 3628 σφοδρᾶς.
588 3557 780 3609 Ἔστιν
805 3556 863 3609 δὲ
903 3555 1186 3609 κάνταῦθα
1227 3556 1334 3607 ἀπὸ
1367 3557 1471 3624 τῆς
1516 3555 1837 3622 ἐπωνυμίας

263 3650 298 3716 ἠ
329 3645 604 3716 ἐναλλαγὴ
640 3645 742 3713 τῆς
769 3643 1088 3714 ἑρμηνείας.
1115 3643 1187 3696 Τὸ
1239 3643 1346 3712 γὰρ
1396 3641 1688 3695 Ἰωάνναν
1738 3659 1837 3712 ση-

270 3735 452 3805 μαίνει
484 3735 810 3802 "Elim-sc,
839 3731 1028 3802 ἐπειδὴ
1065 3731 1175 3784 ἀπὸ
1201 3729 1396 3782 τούτου
1434 3731 1643 3792 Ἴωνες.
1685 3729 1760 3783 Τὸ
1779 3731 1836 3783 δὲ

265 3826 413 3880 ιῶνα
437 3826 692 3897 σημαίνει
723 3825 785 3878 τὸ
816 3823 927 3889 ὀξὺ
958 3823 1053 3875 καὶ
1105 3822 1411 3890 τμητικόν.
1447 3821 1580 3873 Ἀπὸ
1609 3816 1700 3874 οῦν
1737 3822 1838 3891 τῆς

258 3918 601 3988 ὁμοιότητος,
631 3920 752 3970 ἀντὶ
779 3916 895 3978 τοῦ,
920 3914 1231 3983 Μαχαιζρας
1273 3912 1494 3978 ὀξείας,
1523 3915 1838 3984 Μαχαίρας

274 4005 640 4077 Ἑλληνικῆς
662 4007 1037 4077 ἡρμήνευσαν.

331 4100 498 4170 Ὅρα,
528 4098 645 4160 πῶς
677 4097 856 4151 πάντα
895 4093 1142 4164 ἀκριϐῶς
1169 4093 1482 4165 διαγράφει,
1519 4095 1616 4148 καὶ
1669 4095 1839 4148 ἐνδια.

256 4191 443 4264 τρίϐει
481 4191 589 4244 ἀπὸ
609 4190 702 4243 τοῦ
727 4189 932 4260 σφόδρα
963 4189 1209 4260 θαρρεῖν.
1257 4193 1260 4195 ’

381 4284 692 4340 Καλέσατε
739 4283 812 4337 τὸ
843 4281 1033 4352 ὄνομα
1070 4280 1278 4351 Φαραὼ
1317 4281 1627 4348 ,βασιλέως
1666 4281 1840 4351 Αὶγύο

1920 457 2044 495 cum
2093 441 2312 496 Necbao
2349 450 2529 505 erant,
2583 443 2868 494 remansit.
2926 441 3217 512 Hucusque
3263 443 3500 512 antiqua:

1920 535 2288 598 narrationes,
2314 543 2373 588 et
2409 533 2535 587 hinc
2557 541 2743 588 contra
2767 532 3054 603 Egyptios
3089 534 3314 590 visionis
3345 535 3500 592 ducit

1923 626 2274 695 principium.

1995 717 2179 773 Palam
2209 718 2350 771 facta
2379 715 2682 779 calamitas,
2715 716 2767 770 in
2796 717 2914 771 acie
2939 716 3285 772 defecerunt.

1991 901 2156 958 Vens.
2189 903 2277 958 M.
2310 901 2432 966 Sta,
2472 912 2519 956 et
2540 919 2784 972 prcepara
2809 903 2928 969 tibi,
2945 903 3070 972 quia
3094 903 3497 973 devoravitgla-

1921 996 2040 1049 dius
2061 995 2326 1049 smilacem
2353 1006 2518 1048 tuam.

1995 1086 2266 1141 Virtutem
2297 1096 2442 1139 tuam
2477 1100 2691 1154 nempe,
2724 1085 2804 1139 vel
2835 1086 3180 1139 securitatem
3211 1103 3226 1138 :
3259 1100 3389 1139 usus
3418 1095 3502 1140 est

1927 1189 2108 1233 autem
2137 1180 2476 1248 metaphora.
2504 1177 2710 1231 Smilax
2736 1178 2878 1231 enim
2901 1187 2984 1231 est
3005 1178 3178 1245 spina,
3203 1192 3322 1245 quae
3350 1177 3502 1232 valde

1925 1270 2260 1332 extenditur,
2293 1283 2468 1337 eaque
2507 1278 2734 1321 utuntur
2767 1268 2858 1336 qui
2911 1282 3072 1333 agros
3117 1269 3337 1336 sepibus
3389 1269 3501 1320 cir-

1926 1361 2204 1422 cumdant.
2234 1360 2481 1430 plurimis
2503 1359 2648 1413 enim
2677 1357 3132 1430 circumplexibus
3159 1367 3302 1413 tutas
3327 1360 3503 1412 reddit

1927 1466 2106 1522 sepes.
2234 1424 2250 1430 “
2888 1424 2902 1427 ”
3002 1424 3043 1457 ⁸

1996 1634 2263 1702 Quoniam
2291 1634 2572 1690 devoravit
2599 1635 2806 1704 gladius
2829 1635 3110 1690 smilacem
3135 1642 3312 1700 tuam;
3341 1636 3505 1690 herba

1929 1738 2012 1782 est
2035 1726 2215 1780 omnia
2247 1727 2562 1780 corrodens.

1999 1817 2162 1873 Vens.
2195 1817 2282 1872 15.
2321 1818 2502 1882 Quare
2523 1818 2657 1888 fugit
2685 1818 2875 1872 vitulus
2912 1829 3032 1871 tuus
3058 1818 3252 1871 electus
3278 1819 3303 1871 ?

2011 1911 2090 1964 Ad
2114 1908 2337 1964 Iudaeos
2370 1919 2579 1978 spectat
2603 1911 2688 1965 hic
2723 1926 2920 1966 sermo.
2949 1909 3184 1965 Vitulum
3216 1922 3393 1965 autem
3415 1925 3509 1978 ap-

1933 2001 2095 2070 pellat
2146 1999 2462 2071 IEgyptium
2515 2001 2590 2054 uti
2650 2001 2876 2064 fortem,
2952 2018 3076 2056 cum
3137 2002 3298 2058 talem
3354 2002 3507 2056 illum

1933 2093 2218 2147 haberent.
2246 2091 2511 2162 Deinceps
2543 2092 2702 2147 ail'ert
2737 2095 3003 2148 rationem
3039 2111 3052 2146 :

2008 2185 2127 2238 Non
2158 2184 2409 2254 perstitit,
2436 2187 2561 2254 quia
2593 2185 2847 2238 Dominus
2890 2185 3130 2238 dissolvit
3157 2201 3296 2240 sum.

2003 2275 2190 2344 Neque
2244 2277 2388 2330 enim
2430 2277 2870 2330 determinationi
2914 2277 3113 2330 divina:
3155 2284 3365 2345 poterat
3419 2290 3510 2331 re-

1934 2367 2153 2420 sistere.
2503 2411 2510 2418 .

2005 2458 2122 2512 ltex
2157 2467 2300 2524 tuus,
2337 2457 2464 2521 imo,
2487 2455 2620 2525 Apis
2642 2455 3018 2528 Egyptiorum
3045 2457 3216 2525 deus;
3254 2458 3334 2513 sic
3359 2459 3506 2513 enim

1937 2547 2166 2600 vitulum
2197 2547 2461 2601 vocabant
2505 2547 2688 2617 paleas
2731 2547 3133 2612 comedentem,
3175 2558 3230 2603 et
3259 2563 3358 2617 pro
3393 2548 3505 2605 Deo

1937 2639 2207 2694 habitum.
3575 2702 3580 2706 .

1998 2729 2164 2784 Vsus.
2207 2727 2296 2785 16.
2333 2727 2699 2800 Unusquisque
2722 2730 2790 2783 ad
2823 2731 3122 2798 proximum
3157 2746 3311 2784 suum
3335 2735 3514 2801 loque-

1939 2823 2151 2886 bantur,
2175 2831 2224 2874 et
2248 2822 2492 2874 dixerunt
2521 2836 2540 2874 :
2575 2820 2889 2892 Surgamus,
2914 2832 2960 2874 et
2982 2832 3307 2876 revertamur
3327 2825 3395 2875 ad
3414 2837 3512 2892 po—

1936 2911 2119 2981 pulum
2141 2920 2382 2965 nostrum
2405 2927 2438 2964 a
2476 2911 2614 2980 [acie
2636 2912 2802 2982 gladii
2825 2911 3019 2966 Caeci.

2014 3097 2382 3169 Unusquisque
2412 3097 2802 3154 fmderatorum
2834 3113 3048 3169 nempe.
3070 3098 3235 3167 Quasi
3258 3098 3467 3156 diceret
3495 3115 3514 3156 ι

1939 3188 2091 3245 Tunc
2113 3191 2314 3246 frustra
2345 3205 2405 3244 se
2443 3189 2716 3262 Egyptiis
2742 3192 2992 3247 auxiliari
3029 3201 3424 3262 cognoverunt.
3445 3192 3516 3246 Il-

1939 3282 2026 3338 lud
2059 3298 2210 3348 vero,
2244 3303 2273 3335 a
2297 3283 2431 3352 facie
2457 3283 2625 3353 gladii
2658 3282 2850 3349 (ἐπινεῖ,
2881 3300 2986 3339 non
3020 3295 3166 3339 recte
3193 3284 3516 3354 interpreta-

1940 3385 2050 3429 tum
2080 3385 2183 3430 est.
2229 3376 2488 3431 Hebraeus
2517 3378 2659 3430 enim
2693 3378 2764 3430 ita
2799 3378 2965 3431 habet
3010 3395 3024 3430 :
3060 3383 3097 3430 Α
3142 3377 3322 3445 gladio
3353 3385 3511 3428 acuto

1936 3477 1982 3519 et
2017 3467 2260 3521 violento.
2314 3466 2483 3520 Porro
2531 3475 2586 3520 et
2618 3467 2705 3521 hic
2758 3468 3039 3536 nominum
3088 3467 3386 3520 similitudo
3432 3466 3516 3519 di-

1937 3559 2250 3613 versitatem
2285 3557 2748 3626 interpretationis
2802 3559 3048 3627 peperit:
3087 3556 3300 3610 Etenim
3336 3555 3513 3610 Joan-

1937 3651 2075 3713 nam;
2113 3646 2381 3713 signiﬁcat
2456 3643 2688 3709 ercos,
2735 3661 2856 3700 cum
2910 3648 2976 3701 ab
3029 3645 3134 3700 hoc
3194 3645 3356 3700 Iones
3407 3645 3514 3698 orti

1936 3738 2065 3791 sint.
2117 3736 2258 3790 Jona
2292 3751 2421 3790 vero
2461 3735 2730 3804 signiﬁcat
2791 3747 3028 3801 acutum,
3075 3747 3130 3792 et
3166 3738 3359 3792 habens
3409 3738 3515 3791 vim

1935 3827 2150 3881 secandi
2188 3841 2210 3880 :
2250 3842 2280 3880 a
2326 3827 2684 3883 similitudine
2722 3829 2904 3898 itaque
2966 3844 3066 3899 pro
3107 3828 3285 3899 gladio
3333 3839 3512 3895 acuto,

1936 3911 2171 3986 gladium
2209 3933 2438 3988 grtecum
2468 3913 2809 3990 interpretati
2835 3931 2982 3975 sunt.

2007 4095 2172 4164 Vide,
2205 4106 2264 4153 ut
2295 4111 2488 4154 exacte
2522 4101 2703 4154 omnia
2752 4101 3048 4166 describat,
3086 4103 3513 4172 immoreturque

1937 4186 2078 4254 quod
2115 4187 2424 4242 certissima
2449 4188 2522 4242 illi
2548 4189 2677 4244 sint.

2013 4279 2031 4300 ’⁵
2056 4274 2218 4331 Vens.
2242 4277 2331 4332 t7.
2357 4276 2554 4333 Vocale
2573 4295 2758 4333 nomen
2778 4277 3078 4334 Pharaonis
3112 4282 3247 4352 regis
3266 4281 3510 4351 Egypli,

257 4397 458 4442 πτου,
512 4375 756 4443 Σανωὲ,
832 4373 1055 4444 Ἐΰηρὲ,
1110 4375 1394 4444 Ἐλμοὴθ,
1435 4374 1640 4441 καιρὸς
1687 4387 1830 4442 παρ-

1951 4363 2133 4432 Sanoe,
2165 4365 2344 4433 Ebire,
2373 4366 2641 4436 Elmoeth,
2661 4378 2863 4438 tempus
2880 4369 3114 4425 transiit.

327 4470 516 4524 ένετο.

254 4488 602 4624 εγῗίελὲέεις
627 4551 788 4611 αὗται
820 4556 930 4608 εἰσὶ
963 4555 1062 4626 μὲν
1101 4553 1409 4625 Ἑϐραῖκαί.
1458 4554 1759 4625 Ἐρμηνεία
1783 4555 1839 4609 δέ

256 4670 378 4717 πως
409 4647 548 4704 εἶναι
581 4649 730 4702 δοκεῖ
753 4649 864 4702 τῶν
893 4645 1095 4712 λέξεων
1124 4646 1207 4700 τόο
1247 4646 1459 4714 Καιρὸς
1495 4645 1835 4717 ἀπεγένετο.

255 4746 303 4798 Τ
305 4737 332 4797 ὃ
360 4743 469 4814 γὰρ
491 4741 671 4807 Σαόν,
693 4737 850 4810 ἦχον
879 4738 1156 4809 σημαίνει,
1192 4737 1374 4801 είονεὶ,
1409 4737 1467 4789 τὸ
1489 4737 1835 4805 ἐξάκουστον,

254 4835 355 4889 καὶ
382 4833 716 4903 περίφημον.
741 4830 815 4882 Τὸ
843 4827 899 4882 δὲ
931 4827 1128 4896 Ἐϐἧρ,
1159 4825 1484 4894 παρῆλθες.
1517 4827 1590 4879 Τὸ
1604 4826 1663 4879 δὲ
1707 4827 1838 4881 Ἑλ-

249 4922 440 4993 μοὴθ,
483 4919 911 4991 παραγέγονεν.
962 4919 1082 4971 ἰνα
1123 4912 1217 4970 οὖν
1259 4916 1410 4982 εῐπη,
1441 4915 1522 4968 ὅτι
1569 4915 1598 4967 ὁ
1637 4916 1838 4986 Φαραὼ

255 5013 608 5080 ἐξάκουστος,
644 5011 739 5065 καὶ
769 5007 1046 5078 πανταχοῦ
1084 5009 1150 5078 τῇ
1181 5004 1309 5078 δόξῃ
1340 5004 1612 5075 βοώμενος
1631 5047 1646 5073 ,
1681 4999 1838 5071 οὗτος

255 5103 356 5171 τῆς
395 5099 709 5172 προσούσης
729 5098 954 5165 ἐξέπεσε
985 5095 1171 5165 τιμῆς,
1200 5095 1295 5148 καὶ
1325 5091 1427 5167 ἧκε
1457 5095 1556 5166 τῆς
1583 5097 1706 5149 κατ’
1733 5099 1833 5150 αὐ-

253 5191 353 5245 τοῦ
383 5190 712 5258 ἀποφάσεως
743 5191 772 5243 ὁ
796 5187 1011 5258 καιρός.
1044 5186 1117 5238 Τὸ
1135 5186 1212 5250 δέ,
1238 5184 1550 5239 Καλέσατε
1570 5186 1635 5240 τὸ
1649 5188 1834 5258 ὄνομα

257 5280 466 5346 αὐτοῦ,
493 5279 634 5333 κατὰ
659 5278 722 5331 τὸ
745 5279 844 5348 τῆς
865 5276 1013 5339 θείας
1044 5276 1269 5349 Γραφῆς
1317 5275 1533 5346 ἰδίωμα,
1570 5276 1632 5330 τὸ
1665 5278 1836 5350 ὄνομα

258 5374 382 5427 ἀντὶ
409 5372 735 5442 πράγματος
770 5368 983 5422 ἔλασεν.

324 5463 530 5534 Καιρὸς
557 5461 912 5532 παρεγένετο,
939 5461 1036 5513 σὺν
1055 5463 1267 5533 ταραχῇ
1283 5457 1436 5533 ἦχος,
1460 5464 1829 5534 παραχθέντα,

259 5557 381 5626 ἢτοι
433 5552 569 5624 περὶ
603 5552 881 5620 συνθήκας
929 5551 1226 5620 ἀγνώμονα
1276 5553 1442 5607 αὐτόν
1493 5572 1628 5625 φησι
1676 5573 1832 5626 γεγεο

259 5644 472 5717 visast.
501 5645 718 5712 Ὥσπερ
744 5643 890 5697 ἐστὶν
915 5643 945 5694 6
985 5642 1184 5714 Θαϐὼρ
1213 5648 1272 5700 ἐν
1295 5648 1408 5710 τοῖς
1435 5647 1608 5718 opem,
1634 5649 1728 5704 καὶ
1755 5651 1833 5712 ὡς

2013 4547 2292 4606 Dictiones
2355 4551 2440 4605 bas
2465 4561 2590 4606 sunt
2619 4550 2916 4607 Hebraicaa.
2947 4551 3324 4622 Interpretatto
3386 4569 3515 4608 vero

1940 4641 2237 4696 dictionum
2269 4643 2485 4697 videtur
2511 4643 2911 4713 quodammodo
2934 4658 3056 4699 esse
3090 4645 3220 4699 illud
3248 4662 3261 4698 :
3291 4644 3513 4715 Tempus

1941 4735 2176 4790 transiit.
2211 4735 2423 4790 Etenim
2480 4735 2628 4790 Saon
2682 4754 2868 4792 sonum
2909 4738 3512 4810 signiﬁcat,insignem

1943 4826 2225 4893 videlicet,
2257 4835 2309 4882 et
2368 4826 2516 4881 fama
2545 4844 2739 4899 magna
2776 4837 2986 4883 notum.
3019 4828 3182 4896 Eber,
3224 4833 3510 4899 transiisti,

1940 4916 2186 4972 Elmoeth
2210 4919 2485 4986 prazteriit.
2513 4917 2592 4973 Ac
2623 4919 2671 4973 si
2702 4919 3174 4986 diceretﬂ‘harao
3206 4924 3383 4992 magni
3420 4940 3516 4978 no-

1939 5009 2120 5076 minis,
2150 5021 2203 5062 et
2233 5010 2433 5080 ubique
2484 5019 2752 5064 terrarum
2789 5009 2960 5079 gloria
3001 5011 3268 5080 volitans;
3309 5013 3396 5068 hic
3421 5017 3512 5068 de-

1937 5100 2111 5154 bitum
2168 5101 2272 5155 sibi
2329 5102 2594 5156 honorem
2632 5101 2836 5166 amisit,
2873 5112 2928 5156 et
2960 5103 3246 5157 sententia:
3276 5105 3328 5157 in
3387 5119 3509 5158 eum

1937 5189 2058 5247 lata:
2090 5201 2299 5261 tempus
2325 5192 2560 5247 advenit.
2590 5190 2784 5246 Vocate
2834 5209 3021 5246 nomen
3050 5193 3186 5262 ejus,
3217 5197 3510 5250 secundum

1937 5285 2133 5340 divinae
2193 5283 2494 5354 Scriptum
2572 5287 2961 5354 pr0prietatem
3042 5301 3240 5342 nomen
3293 5302 3394 5358 pro
3454 5305 3514 5344 re

1935 5376 2184 5445 sumpsit.

2007 5467 2241 5536 Tempus
2273 5468 2516 5535 advenit,
2549 5484 2673 5524 cum
2703 5471 2932 5524 tumultu
2979 5471 3258 5542 strepitus,
3293 5486 3322 5525 a
3357 5481 3510 5526 recto

1935 5559 2265 5625 abductum,
2311 5558 2391 5615 vel
2441 5559 2788 5631 foedifragum
2835 5576 2959 5616 eum
3010 5562 3181 5618 fuisse
3225 5565 3320 5618 ait.
3355 5563 3508 5631 Quod

1935 5658 2020 5706 est
2045 5649 2262 5708 Tbabor
2287 5651 2340 5707 in
2375 5651 2670 5722 montibus,
2712 5661 2767 5708 et
2788 5653 2930 5710 sicut
2957 5653 3239 5713 Carmelus
3265 5655 3317 5712 in
3348 5657 3507 5724 muri,
