4004 6156
529 313 676 369 1023

1343 311 1902 373 SUPI‘LEMENTUM
1947 318 2036 371 AD
2077 317 2136 372 S.‘
2179 337 2230 372 δ.
2271 311 2771 372 CHRYSOSTOMI
2812 309 3066 366 OPERA.

3657 305 3796 362 £02!

533 436 604 487 ita
639 433 862 498 veniet,
904 432 978 488 ita
1027 450 1254 506 ntagnus
1297 434 1439 500 erit,
1489 433 1702 501 inquit,
1756 443 1812 488 et
1847 435 2105 491 invictus.

2231 436 2245 488 5
2268 432 2571 505 Κάρμηλος
2599 432 2658 483 ἐν
2687 431 2754 501 τῇ
2785 427 3052 498 Θαλάσσῃ,
3077 423 3252 488 οὕτως
3277 423 3419 495 ἣξει,
3444 421 3622 484 οὕτως
3649 419 3804 474 ἔσται

603 618 766 674 Vens.
801 620 889 676 18.
933 617 1064 675 Vivo
1085 635 1201 689 ego,
1237 619 1367 673 dicit
1410 619 1688 685 Dominus,
1736 635 1830 674 rex
1861 621 2111 676 virtutum

531 730 716 768 nomen
738 713 838 780 illi,
863 713 989 784 quia
1010 713 1147 766 sicut
1171 722 1248 766 est
1277 709 1556 765 Thaborin
1575 711 1864 779 montibus,
1898 723 1946 767 et
1977 715 2112 768 sicut

529 801 806 860 Carmelus
827 803 883 857 in
901 803 1062 867 mari,
1091 805 1169 857 sic
1195 804 1385 858 ueniet.

609 985 952 1042 Calamitatis
1013 985 1402 1039 abundantiam
1452 984 1704 1054 exemplo
1767 986 2112 1042 monstravit.

531 1078 648 1134 lloc
681 1088 865 1132 autem
894 1076 996 1132 sibi
1041 1075 1195 1130 vult:
1242 1076 1394 1131 Sicut
1441 1075 1664 1130 Tltabor
1695 1084 1780 1129 est
1839 1075 1891 1130 in
1937 1077 2115 1132 medio

531 1169 823 1234 montium,
857 1176 913 1222 et
941 1167 1213 1223 carmelus
1236 1181 1387 1220 mare
1416 1164 1674 1236 cingitur,
1699 1164 1778 1220 sic
1800 1176 1856 1220 et
1883 1181 1980 1223 vos
2004 1183 2116 1222 ma-

532 1261 601 1318 lis
621 1261 934 1332 cingemini.

603 1445 772 1502 Vsus.
793 1447 883 1502 19.
921 1445 1062 1516 νιυα
1086 1443 1574 1516 transmigrationis
1596 1443 1684 1514 fac
1709 1442 1826 1507 tibi,
1853 1441 2112 1495 habitatio

534 1539 662 1608 [ilice
690 1538 935 1609 ﬁgypti.

613 1629 726 1684 Hoc
748 1638 854 1695 est,
885 1628 1043 1684 bellis
1068 1627 1232 1684 linem
1261 1627 1504 1699 impone,
1527 1637 1585 1684 et
1617 1628 2113 1700 transmigrationis

534 1721 680 1778 vasis
717 1721 979 1790 acceptis,
1007 1721 1289 1777 vincentes
1335 1735 1601 1791 sequere;
1663 1735 1729 1776 ac
1781 1721 1826 1776 si
1878 1721 2109 1792 diceret.

535 1813 1028 1884 transmigraberis.

580 1903 751 1959 Nemo
788 1913 973 1975 potest
997 1904 1080 1958 vel
1127 1902 1380 1972 corporis
1413 1902 1865 1965 imbecillitatem,
1888 1902 1974 1957 vel
2030 1911 2110 1956 te—

535 2000 797 2054 nuitatem
828 1996 1152 2050 obtendere.
1189 1992 1477 2064 Tanquam
1519 1993 1674 2048 vituli
1725 1993 1956 2062 saginati
1987 2007 2113 2048 era-

537 2091 628 2154 tis,
653 2086 822 2140 armis
852 2099 950 2139 vos
976 2082 1254 2139 minuistis
1282 2099 1389 2138 non
1422 2083 1476 2137 in
1497 2082 1632 2138 urbe
1669 2092 1850 2140 vestra
1889 2082 2112 2138 bellum.

531 2181 702 2236 Primi
723 2177 983 2243 irruistis,
1011 2185 1072 2231 ut
1095 2176 1309 2232 locusta
1332 2176 1522 2231 eratis.

603 2278 622 2298 ¹
646 2277 810 2330 Vens.
835 2275 929 2330 20.
978 2272 1153 2327 Vitula
1183 2273 1393 2344 elegans
1421 2272 1705 2340 adornata,
1727 2271 2110 2341 formosissima

531 2368 820 2437 ﬁgyptus,
855 2365 1081 2421 succisio
1099 2365 1164 2418 ab
1201 2363 1444 2433 aquilone
1467 2363 1600 2418 venit
1624 2379 1780 2432 super
1795 2379 1932 2416 eam.

635 2470 763 2514 usta
790 2468 994 2514 textum
1023 2457 1271 2512 Graecum
1326 2455 1683 2511 manifestum
1734 2465 1819 2510 est
1855 2454 1998 2523 quod
2025 2453 2111 2508 di-

533 2533 648 2605 cit":
680 2551 863 2604 Fortis
916 2548 1145 2610 scilicet,
1172 2556 1227 2602 et
1277 2548 1538 2602 adornata
1568 2545 1782 2615 captiva
1810 2547 2040 2600 ducetur
2080 2561 2110 2599 a

533 2638 867 2709 Babyloniis.
902 2636 1098 2692 Verum
1126 2636 1336 2691 Hebraei
1372 2637 1639 2690 sententia
1674 2634 1967 2691 dilucidior
2001 2646 2107 2691 est.

535 2729 748 2785 Etenim
772 2745 890 2800 pro,
912 2727 1153 2783 Succisio
1183 2729 1248 2782 ab
1267 2729 1512 2799 aquilone
1533 2728 1698 2782 veniet
1712 2744 1867 2798 super
1878 2744 2015 2794 eam,
2031 2728 2114 2783 sic

533 2822 731 2875 habet:
758 2819 1018 2876 Stimulus
1031 2821 1199 2875 veniet
1223 2834 1380 2889 super
1407 2829 1474 2872 te.
1499 2818 1724 2890 Species
1748 2834 1875 2874 vero
1907 2820 1996 2874 hic
2028 2829 2111 2875 est

532 2913 786 2967 animalis
817 2913 985 2968 boves
1040 2911 1420 2983 percutientis,
1443 2919 1499 2966 et
1523 2912 1578 2965 in
1602 2909 1842 2965 furorem
1877 2912 2108 2980 agentis.

531 3004 763 3070 Quando
784 3003 951 3075 igitur
987 3002 1169 3057 vitula:
1198 3001 1353 3057 valde
1380 3014 1682 3072 generose,
1709 3010 1764 3057 et
1783 3001 2108 3056 laetabunda:

2219 525 2415 595 μέγας,
2435 523 2593 592 φησὶ,
2616 521 2711 574 καὶ
2733 517 3058 590 ἀχείρωτος.

2287 619 2379 672 Ζῶ
2399 617 2512 687 ἐγὼ
2532 657 2548 681 ,
2568 615 2733 684 λέγει
2758 613 2994 680 Κύριος,
3021 609 3324 675 Βασιλεὺς
3339 606 3459 661 τῶν
3487 605 3806 674 δυνάμεων

2216 711 2406 780 ὄνομα
2455 706 2618 771 αὑτῷ
2641 746 2658 771 ,
2691 705 2781 758 ὅτι
2817 703 3022 770 ὥσπερ
3066 702 3240 755 ἐστὶν
3273 703 3306 753 ό
3340 697 3545 766 Θαΰὼρ
3575 699 3648 751 ὲν
3677 696 3806 763 τοῖς

2216 803 2423 871 ὁρίοις,
2455 800 2554 854 καὶ
2589 799 2665 864 ὠς
2703 798 3024 867 Κάρμηλος
3053 795 3122 848 ἐν
3149 791 3225 862 τῇ
3260 790 3568 859 θαλάσσῃ,
3615 790 3807 855 οὕτως

2217 893 2373 962 ἥξει.
3377 906 3388 918 ‘

2283 985 2699 1057 Παραδεὶγματι
2726 983 2824 1053 τῆς
2857 981 3148 1052 συμφορᾶς
3175 979 3237 1032 τὸ
3284 979 3490 1049 πλῆθος
3533 979 3804 1046 ὲσήμανε.

2216 1078 2480 1132 Βούλεται
2509 1077 2622 1148 γὰρ
2649 1077 2847 1139 εἰπεῖν,
2887 1074 2969 1126 ὅτι
3006 1072 3082 1135 ὡς
3121 1073 3149 1124 ὁ
3181 1071 3382 1142 Θαϐώρ
3430 1072 3549 1124 ἐστι
3597 1069 3807 1140 μεταξὺ

2213 1171 2324 1224 τῶν
2365 1169 2558 1240 ὀρέων,
2587 1169 2683 1222 καὶ
2725 1170 2753 1221 ὁ
2784 1164 3088 1236 Κάρμηλος
3117 1165 3436 1234 περιέχεται
3466 1164 3573 1216 ὑπὸ
3603 1163 3808 1216 θαλάσο

2216 1278 2340 1332 σης.
2374 1260 2517 1313 οὕτω
2546 1259 2641 1312 καλ⁸
2680 1260 2839 1328 ὑμεῖς
2871 1255 3346 1326 περισχησθήσετε
3396 1253 3507 1325 ίίσ.
3542 1270 3810 1326 περισχε-

2216 1351 2450 1424 θήσεσθε
2474 1351 2493 1424 ]
2522 1354 2638 1415 τοῖς
2667 1353 2882 1413 κακοῖς.

2286 1443 2484 1512 Σκεύη
2516 1440 2883 1512 ἁποικισμοῦ
2921 1442 3187 1512 ποίησον
3219 1437 3452 1506 σεαυτῇ
3495 1437 3810 1503 κατοικίας

2214 1534 2511 1605 θυγατρὸς
2525 1535 2853 1604 Αἰγύπτου.

2283 1627 2565 1693 Τουτέστι,
2597 1627 2815 1680 Παῦσαι
2858 1625 3174 1698 πολεμοῦσα
3194 1667 3209 1692 ,
3247 1625 3345 1678 καὶ
3395 1632 3677 1693 μετοικίας
3706 1621 3810 1674 λα-

2213 1719 2386 1774 δοῦσα
2431 1718 2623 1790 σκεύη·
2656 1717 2946 1774 ἀκολούθει
2979 1721 3095 1782 τοῖς
3129 1715 3427 1791 κρατοῦσιν
3451 1731 3465 1748 ’
3510 1716 3600 1767 ἴνα
3645 1715 3808 1785 εἴπῃ,

2143 1794 2188 1853 Β
2214 1814 2298 1868 ὅτι
2322 1812 2593 1876 Μέτοικος
2622 1813 2852 1884 γενήσῃ.

2283 1907 2399 1959 Οὐκ
2432 1905 2546 1975 ἔχει
2565 1923 2650 1968 τις
2669 1905 2731 1958 οὐ
2751 1904 3004 1976 σώματος
3030 1902 3340 1968 ἀσθένειαν,
3364 1902 3465 1954 οὐκ
3511 1901 3812 1969 ὀλιγότητα

2214 1994 2693 2058 αἱτιάσασθαι.⁹Ως
2722 1995 2917 2066 μόσχοι
2944 1993 3184 2048 σιτευτοὶ
3203 1989 3326 2064 ἦτε,
3358 1990 3808 2060 καθωπλίσθητε·

2213 2088 2315 2141 οὐκ
2342 2089 2402 2141 ἐν
2427 2089 2494 2159 τῇ
2519 2086 2672 2140 πόλει
2687 2087 2847 2158 ἡμῶν
2872 2087 2902 2139 ὁ
2923 2085 3183 2157 πόλεμος.
3211 2086 3478 2156 Πρότεροι
3509 2083 3807 2154 ἐπήλθετε,

2215 2182 2292 2246 ὡς
2320 2181 2483 2254 άκρὶς
2508 2176 2630 2252 ἦτε.

2287 2277 2305 2296 ⁶
2320 2273 2581 2344 Δάμαλις
2605 2271 2786 2340 καλὴ,
2803 2268 3363 2338 κεκαλλωπισμένη,
3389 2268 3699 2334 καλλίστη
3715 2266 3808 2320 Ai-

2216 2381 2464 2436 γυπτος,
2488 2366 2871 2434 ἀπόσπασμα
2896 2363 3015 2420 ἀπὸ
3035 2360 3231 2432 ,βορῤἆ
3251 2358 3441 2431 ἦλθεν
3473 2359 3568 2412 ἐπ’
3585 2360 3807 2425 αὑτήν.

2287 2458 2447 2514 Κατὰ
2501 2459 2602 2528 μὲν
2647 2459 2709 2512 τὸ
2763 2456 3078 2528 Ἑλληνικὸν
3117 2454 3328 2525 δῆλονὸ
3365 2453 3540 2522 λέγει,
3594 2455 3678 2507 ὅτι
3737 2455 3806 2507 Ὴ

2219 2551 2415 2622 ἰσχυρὰ
2438 2551 2533 2606 καὶ
2581 2549 3078 2619 κεκαλλωπισμένη
3102 2546 3454 2618 αἰχμάλωτος
3483 2545 3810 2614 ἀπαχθήσε-

2213 2660 2305 2697 ται
2340 2644 2446 2696 ὑπὸ
2495 2641 2878 2696 Βαϐυλωνίων.
2925 2642 3080 2711 Ἔχει
3128 2640 3186 2693 δέ
3227 2639 3348 2692 τίνα
3395 2638 3811 2710 ἐναργεστέραν

2214 2733 2312 2805 τὴν
2352 2732 2563 2786 ἔννοιαν
2601 2734 2630 2786 ὁ
2676 2731 2950 2802 Ἑϐραῖος.
3001 2730 3149 2783 Ἀντὶ
3186 2731 3296 2798 γὰρ
3343 2728 3460 2792 τοῦ,
3507 2729 3813 2781 Ἀπόσπα-

2214 2841 2339 2896 σμα
2381 2824 2501 2880 ἀπὸ
2523 2823 2724 2893 ,ϐορῤᾶ
2751 2824 2884 2893 ἣξει
2915 2824 3009 2877 ἐπ’
3050 2821 3282 2889 αὐτὴν,
3318 2820 3494 2883 οὕτως
3536 2819 3677 2889 ἔχει’
3713 2815 3812 2872 ΟΤ-

2213 2934 2398 2986 στρος
2434 2915 2567 2984 ἥξει
2587 2916 2685 2970 ἐπὶ
2715 2915 2809 2970 σέ.
2843 2912 2997 2979 Εἶδος
3022 2915 3078 2968 δὲ
3107 2914 3266 2967 τοῦτό
3299 2915 3414 2965 ἐστι
3449 2909 3592 2976 ζὼου
3628 2912 3807 2982 πλήτ-

2213 3026 2400 3072 τοντος
2423 3007 2572 3079 βοῦς,
2599 3007 2693 3061 καὶ
2719 3010 2801 3071 εἰς
2835 3006 3034 3078 μανίαν
3074 3006 3324 3074 ἄγοντος.
3366 3002 3592 3072 Ἐπειδὴ
3621 3003 3812 3055 τοίνυν

531 3095 822 3164 Egyptum
881 3092 1221 3154 assimilavit,
1253 3092 1612 3164 Babylonium
1640 3095 1976 3163 comparavit
2005 3093 2105 3148 sti-

2231 3099 2445 3172 ῑαμάλει
2491 3100 2795 3171 παρείκασε
2829 3099 2926 3169 τὴν
2987 3097 3269 3164 Αἴγυπτον
3321 3094 3528 3164 σφόδρα
3581 3093 3811 3162 γενναίᾳ

530 3186 703 3250 mulo,
737 3193 796 3238 ut
833 3183 1259 3238 imbecillitatem
1303 3185 1604 3239 insinuaret
1634 3185 1853 3257 Egypti
1883 3203 1898 3240 :
1953 3186 2108 3256 quasi

532 3279 740 3334 diceret
774 3289 789 3327 :
824 3273 903 3328 Tu
935 3288 1056 3343 quae
1078 3274 1251 3329 multo
1277 3274 1474 3329 robore
1515 3277 1694 3330 valida
1735 3292 1856 3331 esse
1886 3279 2108 3344 videris,

534 3365 713 3422 abhis
737 3363 828 3422 aui
883 3362 1188 3420 imbecilles
1240 3363 1644 3432 existimantur,
1682 3367 1874 3422 robore
1907 3369 2111 3439 spolia-

531 3459 700 3515 beris.
1012 3456 1014 3459 ’

602 3551 775 3606 Vsus.
807 3548 902 3603 21.
923 3547 1070 3602 Nam
1099 3555 1151 3603 et
1172 3547 1296 3618 ipsi.

605 3645 721 3701 Hoc
747 3645 891 3701 enim
923 3644 1075 3701 dicit.
1118 3641 1299 3710 Quare
1333 3643 1499 3714 igitur
1525 3643 1655 3701 victi
1678 3645 1702 3700 ἲ
1725 3659 1797 3700 an
1824 3655 1974 3702 certe
2009 3661 2109 3701 au-

531 3748 682 3794 ctore
704 3739 819 3794 Deo
848 3759 861 3794 :
897 3737 1027 3809 quia
1046 3751 1172 3794 cum
1209 3744 1289 3793 tot
1318 3737 1540 3802 essetis,
1573 3737 1920 3794 multitudine
1962 3739 2109 3795 velut

531 3829 754 3885 locustae
779 3829 904 3885 victi
924 3831 1076 3886 estis.

605 3920 765 3974 Vens.
797 3920 888 3974 2‘2.
930 3921 1044 3974 Vox
1060 3937 1240 3976 eorum
1257 3922 1412 3992 quasi
1441 3923 1714 3990 serpentis.

601 4010 718 4066 Hoc
741 4020 850 4075 est,
883 4011 1130 4080 lugentes
1167 4020 1224 4068 et
1253 4013 1556 4084 plorantes.

599 4103 742 4169 Quia
792 4103 847 4156 in
872 4119 1057 4159 arena.

598 4195 652 4248 ld
684 4201 789 4260 est,
834 4209 942 4250 non
971 4195 1153 4250 stabili
1172 4195 1330 4266 pede.

596 4288 764 4342 Vens.
794 4287 888 4342 25.
918 4286 1184 4342 Excident
1214 4287 1405 4343 silvam
1427 4290 1564 4359 ejus.

591 4381 661 4435 Ut
689 4382 938 4446 credant,
973 4380 1113 4434 bona
1171 4380 1242 4434 ab
1275 4395 1342 4435 eo
1367 4395 1508 4435 esse.
1542 4381 1720 4448 Quare
1752 4395 1930 4438 autem
1971 4385 2050 4438 ait
2084 4401 2098 4438 :

2213 3191 2312 3244 καὶ
2346 3191 2674 3263 ἐπιτερπεῖ,
2707 3188 2912 3259 οἴστρῳ
2944 3188 3250 3258 παρεικασε
3282 3185 3377 3238 τὸν
3421 3182 3809 3244 Βαόυλὼνιον,

2213 3283 2300 3336 ἵνα
2326 3283 2476 3354 δείξῃ
2509 3282 2572 3336 τὸ
2617 3279 2844 3343 ἀσθενὲς
2874 3279 2974 3350 τῆς
3021 3277 3323 3348 Αἰγύπτου,
3377 3276 3468 3329 ἵνα
3512 3274 3682 3346 εἴπῃ·
3730 3274 3808 3325 Σὺ

2211 3377 2245 3446 ἡ
2298 3374 2533 3428 δοκοῦσα
2579 3373 2783 3440 πολλὴν
2826 3371 2925 3442 τὴν
2971 3371 3124 3441 ἰσχὺν
3180 3365 3641 3440 περιὸεόλῆσθαι,
3697 3366 3812 3418 ὑπὸ

2208 3467 2321 3520 τῶν
2345 3465 2721 3537 νομιζομένων
2759 3461 3003 3518 ἀσθενῶν
3032 3459 3414 3532 καθαιρεθήσῃ
3445 3459 3546 3532 τὴν
3583 3460 3767 3529 ἰσχύν.

2280 3560 2438 3614 Διότι
2459 3558 2559 3613 καὶ
2587 3556 2781 3612 αὐτοί.

2273 3650 2387 3704 Καὶ
2405 3650 2517 3722 γὰρ
2537 3648 2695 3704 τοῦτό
2717 3663 2875 3719 φησιο
2902 3647 3076 3702 Πόθεν
3101 3641 3196 3700 οὖν
3223 3647 3256 3717 ἠ
3284 3639 3425 3717 ἧττα
3449 3661 3464 3712 ;
3491 3643 3526 3713 ἦ
3552 3642 3808 3715 δηλονότι

2209 3742 2364 3811 παρὰ
2389 3743 2548 3796 Θεοῦ’
2579 3743 2662 3795 ὅτι
2691 3739 2942 3794 τοσοῦτοι
2974 3739 3128 3804 ὄντες
3155 3737 3230 3802 ὡς
3261 3739 3424 3809 ἀκρὶς
3453 3739 3535 3802 είς
3565 3735 3804 3807 πλῆθος,

2208 3835 2500 3907 ἡττήθητε.

2279 3925 2453 3994 Φωνὴ
2479 3925 2678 3980 αὐτῶν
2706 3925 2786 3991 ὠς
2812 3923 3024 3994 ὄφεως.

2282 4019 2579 4072 Τουτὲστιν
2597 4059 2614 4085 ,
2644 4019 2964 4090 ὀδυρόμενοι
3000 4018 3092 4070 καὶ
3122 4016 3472 4090 θρηνοῦντες.

2277 4113 2408 4166 Ὀτι
2439 4113 2510 4166 ἐν
2540 4112 2730 4182 ἅμμῳ.

2278 4210 2570 4264 Τουτέστιν
2590 4211 2652 4264 οὐ
2681 4210 2937 4281 βεϐαίως.

2288 4304 2660 4373 Ἐκκόψουσι
2691 4306 2798 4358 τὸν
2829 4304 3059 4373 δρυμὸν
3085 4303 3298 4374 αὐτῆς.

2291 4395 2455 4466 Ὁρᾷς
2508 4395 2816 4468 παράδοξον
2847 4391 3188 4468 τὴνθῆτταν,
3221 4398 3317 4450 καὶ
3363 4399 3520 4470 παρὰ
3563 4400 3793 4468 προσδο-

525 4471 609 4527 Ne
631 4473 818 4526 timeas
834 4471 960 4541 quia
985 4471 1233 4524 reducam
1252 4473 1338 4526 te?
1359 4472 1594 4529 latenter
1619 4475 1728 4528 illis
1760 4476 2023 4544 praedicit,
2046 4485 2102 4532 et

2231 4486 2329 4539 :lav
2378 4486 2478 4556 τὴν
2520 4486 2678 4556 νίκην
2711 4504 2726 4517 ·
2773 4487 2869 4556 Μὴ
2925 4487 3154 4556 φοϐοῦ,
3213 4487 3303 4541 ὅτι
3346 4488 3632 4556 ἐπανάξω
3682 4508 3790 4552 σε;

520 4567 660 4618 bene
687 4581 702 4618 ε
733 4560 814 4617 Ne
849 4563 1070 4627 timeas,
1101 4561 1358 4630 quoniam
1389 4578 1555 4634 pr0pe
1575 4575 1712 4619 erat.

587 4744 604 4763 ‘
627 4741 792 4796 Vsus.
815 4738 910 4794 25.
938 4737 1074 4794 Ecce
1096 4756 1219 4810 ergo
1246 4741 1475 4797 ulciscor
1498 4745 1721 4800 Ammon
1745 4747 1913 4812 illius,
1938 4759 1988 4802 et
2004 4767 2096 4804 su-

516 4849 609 4901 per
642 4831 1004 4898 Pharaonem,
1038 4845 1085 4886 et
1119 4849 1276 4900 super
1320 4833 1632 4906 Egyptum,
1677 4849 1724 4892 et
1765 4856 1926 4908 super
1972 4844 2096 4898 deos

514 4927 682 4992 illius,
715 4935 771 4982 et
804 4941 924 4996 quas
951 4937 1275 4998 sequuntur.

584 5021 917 5074 Ammonius
945 5020 1146 5074 tributa
1181 5019 1564 5090 persolvebant
1610 5021 1901 5093 IEgyptiis,
1944 5035 2000 5082 et
2039 5028 2093 5083 in

512 5109 716 5163 attxilio
766 5123 956 5165 eorum
990 5111 1189 5165 mirum
1214 5111 1268 5166 in
1332 5113 1550 5166 modum
1590 5113 1851 5182 lidebant,
1882 5126 1936 5171 et
1982 5134 2094 5188 prae

511 5200 740 5271 reliquis
765 5201 1020 5258 omnibus
1045 5202 1356 5258 nationibus
1417 5207 1558 5274 apud
1590 5204 1906 5277 Egyptinm
1941 5212 2092 5267 aesti-

511 5292 820 5346 mabantur.
859 5291 986 5349 Ideo
1015 5295 1300 5350 Ammonis
1326 5297 1657 5352 mentionem
1691 5298 1838 5354 fecit.

1109 5384 1261 5440 CAP.
1278 5385 1485 5442 XLVII.

578 5474 746 5529 Vsus.
772 5475 827 5530 ι.
886 5475 956 5530 Et
986 5476 1166 5531 delebo
1187 5475 1406 5547 Tyrum.

555 5563 668 5618 Nec
691 5575 809 5632 post
838 5565 1011 5621 iactas
1035 5580 1124 5620 res
1163 5567 1374 5634 parcis?
1402 5568 1525 5623 llzcc
1558 5572 1879 5637 enuntiavit,
1917 5574 2084 5630 utde-

510 5649 827 5706 solationem
881 5663 934 5708 et
967 5653 1234 5709 idolorum
1265 5656 1538 5712 excidium
1590 5670 1801 5714 certqu
1854 5661 2077 5720 laceret.

2200 4577 2574 4641 λανθανόντως
2605 4578 2790 4643 αὐτοῖς
2812 4579 3092 4649 προλέγει,
3117 4578 3213 4634 καὶ
3245 4580 3452 4646 καλῶς,
3475 4583 3570 4652 Μὴ
3600 4583 3781 4652 φοὸοῦ,

2198 4667 2390 4738 ἐπειδὴ
2417 4667 2648 4739 πλησίον
2676 4665 2766 4740 ἦν.

2271 4762 2286 4778 ⁸
2325 4758 2488 4812 Ἰδοὺ
2509 4758 2625 4828 ἐγὼ
2649 4759 2866 4814 ἐκδικῶ
2894 4762 3000 4815 τὸν
3041 4762 3279 4832 Ἀμμὼν
3309 4765 3526 4833 αὐτῆς,
3562 4764 3660 4818 καὶ
3690 4762 3780 4816 ἐπὶ

2197 4849 2444 4918 Φαραὼ,
2481 4849 2581 4904 καί
2634 4851 2733 4904 ἐπὶ
2763 4852 3103 4922 Αἴγυπτον,
3141 4855 3242 4909 καὶ
3276 4856 3374 4910 ἐπὶ
3415 4857 3562 4923 τοὺς
3616 4854 3774 4916 θεοὺς

2195 4939 2407 5007 αὐτῆς,
2435 4941 2530 4994 καὶ⁸
2561 4942 2629 4995 τὰ
2663 4942 2813 5012 ἑξῆς.

2277 5032 2618 5102 Ἀμμωνῖται
2638 5033 2968 5090 ὑπόσπονδοι
2983 5031 3125 5108 ἦσαν
3140 5041 3486 5108 Αἰγυπτίοις-ο
3514 5043 3772 5116 ἐθάρρουν

2191 5124 2249 5178 δὲ
2271 5125 2457 5180 αὐτῶν
2488 5126 2700 5195 σφόδρα
2723 5131 2789 5199 τῇ
2824 5133 3134 5203 συμμαχίᾳ,
3170 5138 3265 5187 καὶ
3286 5135 3378 5189 διά
3407 5137 3578 5208 τιμῆς
3607 5138 3766 5191 πάντα

2190 5219 2260 5272 τά
2289 5217 2453 5273 λοιπὰ
2501 5219 2631 5290 ἔθνη
2665 5221 2965 5292 ἐτύγχανον
3005 5225 3084 5296 τῷ
3133 5227 3428 5298 Αἰγυπτίῳ
3453 5245 3465 5258 ·
3499 5230 3594 5284 διὰ
3625 5229 3766 5284 τοῦτο

2190 5311 2373 5366 τοίνυν
2401 5311 2501 5381 τῆς
2541 5312 2768 5382 Ἀμμὼν
2809 5315 3241 5387 ἐμνημόνευσεν.

2755 5407 3007 5461 ΚΕΦΑΛ.
3051 5410 3164 5463 ΜΖ’

2257 5494 2369 5547 Καὶ
2401 5495 2638 5564 ἀφανιῶ
2672 5495 2788 5565 τὴν
2823 5500 3029 5566 Τύρον.

2258 5585 2393 5638 Οὐδὲ
2416 5588 2722 5657 γενομένων
2739 5589 2848 5642 τῶν
2868 5594 3212 5661 πραγμάτων
3235 5593 3564 5663 διασώζεις;
3592 5594 3759 5649 Ταῦτα

2183 5672 2542 5743 ἀπήγγειλεν,
2572 5679 2661 5733 ἵνα
2708 5683 3047 5752 πιστώσηται
3083 5685 3178 5740 καὶ
3215 5686 3316 5757 τὴν
3348 5688 3636 5759 ἐρήμωσιν
3675 5682 3760 5738 καὶ

2179 5766 2281 5827 τὴν
2316 5767 2426 5821 τῶν
2457 5770 2691 5827 εἰδώλων
2730 5774 3025 5832 ἀπώλειαν.
