4004 6156
334 283 477 341 $095

401 404 420 423 '
447 401 582 455 Ὅτι
623 401 1052 473 ἐξολοθρεύσει
1075 407 1291 486 Κύριος
1307 424 1450 474 τους
1475 410 1910 480 Ἀλλοφύλους,
1949 417 1989 475 Δ

324 492 474 560 τοὺς
500 495 909 562 καταλοίπους
934 494 1055 550 τῶν
1088 498 1300 563 νήσων
1331 499 1433 552 καί
1458 500 1906 566 Καππαδοκίας.

402 586 560 639 ’Ἤτοι
585 585 696 658 [Ζσ.
723 587 923 660 οὕτως]
951 591 1052 658 τῆς
1080 592 1352 660 παραλίου
1381 593 1579 662 νήσους
1605 593 1784 660 καλεῖ,
1813 592 1910 646 καὶ

326 678 410 732 ὅτι
434 677 544 732 ἀπὸ
571 678 681 732 τῶν
710 680 890 750 νήσων
912 681 1104 734 αὐτόθι
1131 681 1462 752 κατῴκησαν
1486 683 1908 753 πολεμούμενοι,

327 771 542 834 ἑλόντες
587 772 715 835 τοὺς
767 771 866 843 ἤδη
915 772 1182 844 πρότερον
1231 772 1624 837 κατοικοῦντας
1675 774 1865 828 αὐτόθι
1891 789 1907 807 ·

327 863 692 932 ἐμμείναντες
713 862 770 916 δὲ
798 861 876 932 τῷ
899 863 1068 932 τόπῳ.
1100 862 1211 917 Καὶ
1239 848 1636 928 Καππαδοκίας
1656 864 1714 918 δὲ
1736 866 1906 932 λέγει,

326 954 403 1018 ὡς
431 955 799 1025 νενικηκότων
826 955 1061 1021 τούτων,
1085 957 1181 1011 καὶ
1208 957 1482 1027 ἑλομένων
1507 957 1698 1011 αὐτόθι
1724 974 1910 1010 κατοι-

327 1049 470 1102 κεῖν.
529 1041 688 1102 Οὕτω
727 1049 836 1120 γὰρ
888 1049 984 1103 καὶ
1031 1048 1100 1102 δι’
1149 1049 1341 1118 ἑτέρου
1396 1054 1678 1120 προφήτου
1729 1049 1904 1117 λέγει·

333 1136 486 1205 τοὺς
529 1141 945 1210 Ἀλλοςούλους
963 1141 1084 1195 ἀπὸ
1104 1140 1801 1212 Καππαδοκίαςζῆγαγον.

401 1228 564 1284 Ἤκει
587 1230 957 1298 φαλάκρωμιι
977 1230 1077 1283 ἐπί
1105 1229 1324 1290 Γάζαν·
1358 1230 1658 1301 άπεῤῥίφη
1698 1231 1907 1287 Ἁσκά·

327 1321 476 1383 λων,
499 1318 598 1372 καί
625 1318 700 1373 τὰ
725 1320 910 1375 λοιπὰ
931 1320 1052 1374 τῶν
1083 1321 1154 1374 ἐν
1190 1320 1397 1391 Ἀκήμ.

407 1410 526 1464 Ἵνα
550 1411 701 1484 εἴπῃ,
726 1412 929 1475 πάντες
957 1412 1008 1465 oi
1039 1412 1271 1484 ἰσχυροί.

401 1500 536 1567 Πῶς
555 1501 886 1571 ἠσυχὰσει;

402 1593 680 1664 Πόρθησιν
713 1595 814 1664 μὲν
851 1594 953 1665 τῆς
992 1595 1299 1666 Ἰδουμαίας
1330 1596 1588 1668 προλέγει
1631 1599 1660 1652 ό
1695 1599 1910 1670 προφήιτ

1435 291 1857 351 FRAGMENTA
1909 292 1976 347 IN
2011 293 2380 350 JEREMIAM.

3447 307 3469 360 1
3480 306 3586 363 026

2088 413 2106 431 ‘
2151 409 2318 465 Vsus.
2364 410 2419 464 4.
2474 405 2740 477 Quoniam
2792 415 3204 485 depopulabitur
3245 419 3388 476 .Deus
3442 424 3594 479 Λιιο.

2010 502 2220 572 phylos,
2251 503 2507 573 reliquias
2528 504 2849 572 insularum,
2882 518 2931 561 et
2955 509 3315 579 Cappadocia:

2084 593 2175 650 Sic
2206 597 2372 650 maris
2413 597 2578 651 vieini
2603 598 2810 655 insulas
2836 603 3102 670 nominat,
3139 614 3193 658 et
3233 608 3377 675 quod
3446 611 3588 667 bello

2013 687 2190 740 vexati
2207 701 2272 740 ex
2302 688 2493 743 insulis
2517 689 2587 744 ibi
2615 691 2950 758 habitarunt,
2974 689 3162 764 primis
3185 698 3586 758 habitatoribus

2011 776 2260 848 devictis,
2291 782 2697 851 manserintque
2723 783 2778 836 in
2807 784 2899 838 illo
2924 786 3062 840 loco.
3088 787 3441 859 Cappadocia:
3459 810 3589 850 vero

2011 867 2164 931 dicit,
2198 870 2351 936 quasi
2373 870 2424 922 hi
2449 884 2568 923 eam
2605 872 2883 938 vicissent,
2903 885 2959 931 et
3017 877 3088 931 ibi
3121 878 3367 936 habitare
3410 885 3589 952 elege-

2012 958 2142 1010 rint.
2179 955 2272 1013 Sic
2303 961 2447 1013 euim
2476 969 2530 1016 et
2560 977 2657 1031 per
2677 963 2841 1017 alium
2878 969 3198 1037 prophetam
3230 972 3401 1028 dicit:
3433 975 3585 1029 Allo-

2006 1048 2190 1117 phylos
2219 1066 2286 1104 ea:
2313 1051 2646 1121 Cappadocia
2681 1056 2968 1114 duxerunt.

2083 1231 2249 1289 Vens.
2281 1235 2336 1290 5.
2381 1236 2531 1292 Venit
2563 1240 2834 1295 calvitium
2857 1245 3029 1313 'super
3062 1246 3261 1300 Gazam
3289 1264 3309 1303 :
3341 1251 3581 1320 projecta

2008 1331 2083 1374 est
2113 1323 2338 1376 Ascalon
2369 1334 2420 1378 et
2449 1327 2672 1396 reliqua,
2690 1345 2808 1399 qua:
2827 1343 2946 1385 sunt
2968 1335 3026 1388 in
3055 1335 3226 1392 Acint.

2079 1411 2158 1465 Ac
2180 1411 2226 1466 si
2255 1413 2487 1481 diceret,
2522 1431 2713 1474 omnes
2737 1421 2930 1476 fortes.

2073 1499 2239 1558 Vens.
2269 1504 2318 1559 7.
2356 1505 2631 1570 Quomodo
2657 1511 2930 1580 quiescet?

2077 1593 2312 1651 ldumeze
2339 1597 2695 1672 direptionem
2735 1607 2974 1672 praedicit
3009 1610 3294 1678 propheta,
3329 1627 3491 1682 quam
3523 1624 3580 1672 et

328 1703 450 1756 της·
472 1687 573 1758 τὴν
591 1687 650 1742 δὲ
679 1686 855 1758 αὐτήν
889 1703 1026 1758 φησι
1053 1689 1150 1742 καὶ
1183 1689 1423 1760 Θαιμὰν,
1454 1691 1576 1762 ἥτις
1607 1691 1724 1745 ἐστὶ
1751 1690 1900 1763 χώρα

2026 1685 2285 1743 l‘bmmatn
2336 1700 2516 1758 vocat,
2549 1707 2670 1763 qua:
2691 1694 2834 1752 Esau
2875 1699 3025 1770 regio
3055 1713 3160 1759 est.

327 1777 424 1833 τοῦ
472 1779 684 1842 Ἠσαῦ.,

904 1915 1158 1969 ΚΕΦΑΛ.
1193 1915 1337 1970 MH’.

396 2047 416 2068 ⁶
437 2044 845 2101 ’Δγ-επαύσατο
873 2044 1055 2101 Μωὰό
1077 2047 1146 2101 ἐκ
1171 2047 1438 2113 παιδίου,
1471 2044 1570 2101 καί
1605 2043 1904 2112 πεποιθὼς

323 2133 405 2209 ἦν
427 2138 526 2192 ἐπὶ
549 2136 624 2205 τῇ
647 2137 799 2206 δόξῃ
830 2138 1042 2193 αὐτοῦ.

401 2233 526 2285 Ὅτι
564 2231 655 2284 διὰ
701 2231 904 2294 παντὸς
937 2229 1262 2300 ἀπήλαυσεν
1302 2229 1598 2303 εὐθηνίας,
1626 2229 1723 2283 καὶ
1763 2231 1870 2300 ήσυ

326 2322 475 2392 χίας,
503 2321 600 2375 καὶ
628 2321 718 2375 διὰ
746 2320 906 2374 τοῦτο
933 2319 1108 2374 ταῦτα
1135 2319 1331 2386 ἔπαθε,
1345 2323 1413 2392 τῇ
1453 2320 1722 2392 εὐπαθείᾳ
1765 2320 1904 2391 πρὸς

323 2415 481 2468 οὐδὲν
508 2415 629 2468 δέον
651 2415 1018 2486 χρησάμενος.

392 2507 408 2524 ⁶
431 2505 504 2558 Τὸ
548 2504 958 2576 ἀπροσδόκητον
1003 2501 1174 2556 κακὸν
1206 2501 1482 2574 ἠϐουλήθη
1523 2502 1898 2574 παραστῆσαι.

322 2597 584 2650 Βούλεται
623 2597 732 2666 γάρ
771 2597 970 2660 εἰπεῖν,
1020 2594 1105 2648 ὅτι
1145 2593 1206 2659 ἐξ
1240 2593 1417 2665 ἀρχῆς
1464 2593 1630 2666 μέχρι
1669 2593 1766 2647 τοῦ
1805 2592 1900 2650 νῦν

322 2691 594 2746 πέπονθεν
626 2690 802 2757 οὐδὲν,
830 2690 932 2760 οὐχ
969 2690 1053 2744 ὅτι
1079 2689 1174 2744 καὶ
1206 2690 1310 2762 ἥδη
1333 2689 1486 2762 παρά
1514 2697 1609 2744 τοῦ
1640 2691 1900 2762 Σεναχειο

324 2784 455 2854 ρεὶμ
485 2783 584 2854 οὐχ
613 2781 778 2835 ὲάλω·
808 2781 842 2853 ἢ
869 2781 982 2852 γὰρ
1015 2781 1114 2851 οὐχ
1145 2779 1356 2852 ἡττήθη
1393 2781 1452 2833 έν
1485 2779 1767 2851 πολέμοις.
1820 2779 1902 2834 Τὰ

319 2876 429 2946 γὰρ
453 2875 554 2945 τῆς
581 2873 927 2944 προφητείας
945 2871 1040 2926 τοῦ
1079 2872 1304 2924 Ἡσαΐου
1332 2869 1478 2925 κατὰ
1502 2870 1601 2940 τῆς
1620 2871 1902 2926 Μωαϐίτι-

318 2966 441 3031 δος,
491 2964 716 3036 ἐξῆλθεν
755 2964 848 3017 ἐπὶ
877 2962 974 3016 τοῦ
1018 2961 1420 3032 Σεναχειρείμ·
1460 2961 1601 3016 ἀλλὰ
1649 2961 1899 3032 βούλεται

2553 1917 2709 1975 CAP.
2746 1919 2976 1981 XLVIII.

2068 2047 2090 2070 ‘
2115 2046 2279 2102 Vens.
2305 2047 2393 2101 Η.
2430 2047 2638 2115 Quievit
2665 2049 2826 2106 Moab
2853 2071 2887 2109 a
2922 2056 3164 2124 parvulo,
3190 2069 3234 2112 et
3259 2060 3428 2128 ﬁdens
3463 2071 3578 2117 erat

2003 2153 2164 2208 super
2189 2139 2362 2209 gloria
2390 2157 2510 2195 sua.

2079 2229 2236 2296 Quod
2277 2246 2495 2302 semper
2526 2235 2768 2290 omnium
2807 2253 2999 2301 rerum
3059 2233 3214 2311 capia
3275 2246 3580 2314 tranquilli-

2006 2331 2223 2392 tateque
2274 2323 2608 2393 abundavit,
2679 2327 2885 2383 idcirco
2935 2339 2992 2385 et
3049 2333 3166 2388 hmc
3219 2349 3417 2404 passus
3471 2346 3576 2404 est,

2003 2414 2372 2485 prosperitate
2413 2431 2520 2471 non
2564 2417 2769 2475 utiliter
2808 2436 2958 2477 usus.

2077 2505 2095 2524 ‘
2118 2503 2317 2560 Malum
2352 2506 2782 2578 inexspectatum
2813 2515 2983 2568 voluit
3012 2515 3273 2581 indicare,
3309 2529 3365 2573 et
3387 2534 3582 2576 sensus

2003 2603 2106 2660 est,
2131 2596 2199 2650 ab
2225 2596 2381 2652 initio
2409 2599 2476 2651 ad
2513 2599 2657 2654 hunc
2681 2600 2825 2655 diem
2844 2603 2978 2657 nihil
3001 2617 3396 2675 perpessusest
3427 2627 3442 2664 :
3473 2626 3578 2664 non

2003 2687 2147 2756 quod
2169 2687 2220 2742 in
2243 2687 2383 2744 bello
2409 2703 2439 2743 a
2468 2689 2813 2746 Senachirim
2844 2708 2948 2748 non
2973 2694 3330 2767 iueritcapta.
3354 2701 3507 2756 Isaia!
3530 2702 3580 2734 "

2003 2779 2148 2834 enim
2205 2779 2466 2835 vaticinia
2515 2789 2708 2836 contra
2756 2781 3107 2841 Moabitidem
3157 2789 3410 2846 eﬁ‘ectum
3460 2807 3581 2847 sor-

2003 2867 2100 2920 tita
2154 2877 2283 2922 sunt
2342 2877 2586 2938 tempore
2645 2867 3011 2936 Senachirim,
3046 2874 3141 2928 sed
3168 2876 3309 2942 quod
3344 2875 3390 2930 si
3441 2890 3581 2944 pra--

2001 2959 2174 3014 sentia
2219 2959 2658 3028 considereutur,
2686 2962 2823 3018 nihil
2851 2977 3008 3034 passa
3057 2976 3178 3034 est;
3234 2967 3378 3022 haud
3429 2971 3576 3023 enim

319 3059 463 3113 κατά
501 3059 794 3128 σύγκρισιν
830 3053 942 3108 τῶν
968 3053 1254 3124 παρόντων
1292 3052 1462 3124 μηδὲν
1490 3053 1664 3123 αὐτὴν
1693 3069 1898 3107 πεπον-

2026 3049 2125 3105 ieri
2169 3060 2382 3120 poterat
2421 3062 2480 3108 ut
2516 3067 2579 3109 ea
2606 3055 2728 3110 sine
2760 3069 2996 3113 maerore
3042 3057 3265 3114 omnino
3308 3060 3580 3130 transige-

319 3150 474 3206 θέναι
496 3166 512 3182 ·
547 3150 669 3204 οὐδὲ
698 3147 808 3220 γὰρ
841 3147 1120 3217 ἐνεδέχετο
1152 3144 1504 3200 παντάπασιν
1542 3144 1766 3209 ἀλύπως
1804 3145 1903 3200 αὐ-

317 3243 418 3314 τὴν
457 3242 762 3310 διαγαγεῖν.
801 3239 872 3292 Ἢ
908 3237 1158 3309 βούλεται
1186 3236 1435 3306 σημᾶναι
1463 3235 1526 3289 τὸ
1558 3235 1770 3306 χρόνιον
1797 3236 1901 3305 τῆς

317 3335 561 3397 ἀνέσεως
587 3350 603 3365 ·
639 3332 764 3386 οὐδὲ
793 3330 904 3402 γὰρ
937 3330 1122 3398 ὀλίγος
1159 3329 1396 3401 ἀριθμὸς
1425 3328 1565 3383 ὲτῶν
1609 3330 1758 3384 ἐστιν
1789 3328 1900 3383 ἀπὸ

314 3430 416 3486 τοῦ
473 3426 744 3493 Ἐζεκίου,
790 3425 876 3494 ἐφ’
926 3418 1098 3496 οὗπερ
1145 3423 1242 3478 καὶ
1295 3423 1472 3495 πέρας
1520 3422 1590 3477 τά
1623 3423 1765 3477 κατά
1806 3421 1899 3488 τὸν

314 3518 682 3591 Σεναχειρεὶμ
705 3516 892 3582 ἔλαϐε,
920 3515 1085 3587 μέχρι
1122 3517 1225 3585 τῆς
1251 3511 1508 3576 ἁλώσεως
1530 3512 1632 3583 τῆς
1659 3511 1898 3583 ἐσχάτης

324 3609 722 3683 Ἰεροσολύμων
740 3651 755 3675 ,
811 3609 907 3663 καὶ⁸
957 3608 1059 3678 τῆς
1109 3606 1253 3662 κατὰ
1305 3605 1414 3660 τῶν
1467 3603 1674 3660 λοιπῶν
1723 3601 1896 3657 ἐθνῶν

314 3706 507 3760 ἀνόδου
554 3702 649 3756 τοῦ
695 3699 1190 3771 Ναϐουχοδονόσορ.
1243 3695 1372 3754 Ὀτι
1402 3696 1460 3751 δὲ
1499 3693 1676 3750 ταῦτα
1721 3692 1896 3756 οὕτως

315 3797 451 3869 ἔχει,
486 3793 684 3866 μηνύει
709 3793 779 3847 τά
804 3791 1142 3861 ὲπαγόμενα.
1185 3797 1190 3801 “

384 3889 496 3943 Kal
544 3888 657 3942 οὐκ
704 3884 949 3954 ἐνέχεεν
977 3882 1048 3946 ἐξ
1079 3881 1322 3952 ἀγγείου
1349 3881 1437 3946 είς
1463 3877 1740 3950 ἀγγεῖον,
1793 3879 1894 3934 καί

310 3983 404 4048 είς
447 3978 814 4048 ἀποικισμὸν
852 3977 966 4030 οὐκ
1013 3972 1330 4043 ᾠχήσατο·
1358 3971 1457 4027 διὰ
1507 3970 1684 4026 τοῦτο
1718 3970 1892 4026 ἔσται

311 4071 506 4143 γεῦμα
560 4068 748 4125 αὐτοῦ
805 4067 876 4121 έν
922 4063 1085 4132 αὐτῷ
1107 4105 1122 4133 ,
1179 4063 1282 4118 καί
1327 4061 1486 4132 ὀσμὴ
1533 4061 1726 4119 αὐτοῦ
1778 4063 1904 4117 οὐκ

311 4164 622 4230 ἐξέλιπε-ν.

383 4253 802 4326 Παραδείγματι
831 4251 1107 4324 ἐχρήσατο
1139 4289 1156 4316 ,
1186 4248 1274 4302 ἵνα
1310 4246 1475 4302 αὐτοῦ
1512 4246 1612 4320 τῆς
1649 4247 1888 4315 ἀνέσεως

2006 3150 2147 3197 rent.
2181 3141 2277 3198 Vel
2310 3152 2520 3214 tempus
2540 3144 2741 3216 quietis
2779 3146 3088 3217 signiﬁcare
3110 3151 3242 3204 vult.
3274 3146 3388 3205 Nec
3431 3151 3577 3204 enim

2003 3233 2260 3289 minimus
2294 3243 2379 3290 est
2407 3249 2674 3292 annorum
2700 3253 2981 3302 numerus,
3006 3239 3050 3294 si
3082 3254 3112 3293 a
3143 3248 3386 3310 tempore
3439 3241 3580 3294 Eze-

2006 3324 2144 3380 chiae
2167 3337 2571 3396 computentur,
2592 3343 2704 3400 quo
2717 3344 2802 3384 res
2819 3343 2850 3384 e
2870 3327 3210 3385 Senachirim
3229 3331 3572 3403 gestatﬁnem

2001 3417 2266 3487 habuere,
2295 3435 2465 3490 usque
2493 3420 2562 3476 ad
2587 3421 2831 3476 ultimam
2868 3420 3364 3493 Hierosolymorum
3396 3424 3574 3492 capti-

1998 3507 2243 3574 vitatem,
2273 3517 2328 3562 et
2358 3509 2588 3564 reditum
2643 3508 3189 3564 Nabuchodonosoris
3217 3510 3284 3563 ad
3336 3509 3573 3578 reliquas

1997 3609 2209 3670 gentes.
2241 3598 2368 3654 Haec
2402 3615 2564 3669 porro
2592 3600 2667 3656 ita
2712 3615 2773 3656 se
2806 3601 3008 3656 habere
3051 3599 3296 3656 indicant
3341 3614 3406 3655 ea
3451 3616 3574 3671 qua:

1996 3691 2320 3748 subdantur.

2063 3871 2133 3926 Et
2149 3888 2252 3927 non
2275 3872 2613 3941 e/fundebant
2637 3871 2701 3926 de
2727 3887 2846 3926 vase
2877 3871 2931 3926 in
2963 3885 3080 3937 vas,
3103 3880 3155 3926 et
3208 3872 3263 3928 in
3312 3877 3570 3931 transmi-

1993 3964 2290 4035 grationem
2321 3979 2424 4018 non
2451 3964 2620 4029 abiit;
2644 3963 2761 4018 ideo
2796 3963 2896 4018 erit
2919 3971 3106 4033 gustus
3145 3963 3261 4034 ejus
3319 3965 3376 4020 in
3428 3969 3565 4036 ipso,

1992 4066 2040 4110 et
2071 4055 2207 4110 oder
2237 4057 2352 4124 ejus
2374 4070 2479 4110 non
2501 4054 2720 4124 defecit.

2050 4239 2328 4309 .Exemplo
2357 4253 2490 4295 usus
2519 4247 2626 4306 est,
2658 4249 2716 4295 ut
2748 4238 2864 4310 ejus
2888 4240 3086 4309 quietis
3149 4248 3360 4311 tempus
3399 4241 3565 4312 signi-

307 4349 404 4406 τὸν
440 4348 634 4418 χρόνον
659 4344 904 4416 σημάνῃ·
932 4343 1008 4406 ώς
1042 4340 1152 4413 γὰρ
1179 4336 1345 4406 οἶνος,
1377 4341 1531 4412 φησι,
1565 4339 1787 4411 βληθεὶς
1808 4342 1889 4404 είς

2031 4341 2203 4388 caret.
2229 4331 2407 4385 Veluti
2434 4331 2580 4386 enim
2607 4332 2815 4396 vinum,
2846 4332 2946 4397 ait,
2979 4331 3032 4386 in
3064 4345 3194 4387 vase
3222 4333 3564 4397 obseratum,

307 4407 540 4512 thr-rsn't'ov
581 4439 676 4492 έπὶ
706 4407 961 4492 πλεῖστον
990 4407 1182 4506 χρόνον
1225 4407 1663 4503 φυλαττόμενος,
1687 4431 1784 4485 καὶ
1812 4431 1887 4503 μὴ

2026 4425 2038 4479 i
2079 4424 2235 4479 multi
2267 4423 2530 4491 temporis
2553 4423 2728 4492 spatio
2758 4424 3089 4479 custoditum
3114 4438 3222 4478 non
3270 4435 3569 4481 commute-

311 4528 790 4604 μεταϐαλλόμενος
813 4565 830 4591 ,
864 4525 964 4596 τὴν
1000 4523 1101 4595 μὲν
1128 4522 1307 4594 τρύγα
1337 4521 1661 4592 καθίστησιν
1686 4521 1768 4584 είς
1793 4518 1887 4573 τὸν

2026 4531 2104 4582 ur,
2132 4513 2319 4570 fascem
2361 4514 2420 4568 in
2452 4513 2602 4570 vasis
2643 4513 2811 4570 fundo
2839 4514 3086 4585 deponit,
3109 4515 3333 4571 odorem
3388 4525 3568 4570 tamen

307 4624 408 4680 τοῦ
439 4621 668 4693 ἀγγείου
703 4618 955 4691 πυθμένα
982 4660 998 4685 ,
1038 4617 1249 4687 εὐώδης
1284 4616 1343 4669 δὲ
1375 4614 1589 4683 γίνεται
1632 4613 1728 4668 καὶ
1757 4613 1890 4683 ἡδὺς

2031 4607 2381 4662 tsuavitatem
2399 4605 2504 4661 sibi
2525 4616 2808 4676 comparat
2831 4626 2845 4663 :
2866 4609 2967 4673 sic,
2987 4609 3086 4673 ait,
3109 4615 3165 4662 et
3181 4606 3341 4663 Moab
3359 4607 3570 4677 quievit

309 4712 452 4786 πρὸς
483 4712 670 4765 πότον·
700 4708 862 4773 οὓτω,
883 4707 1042 4778 φησὶ,
1070 4707 1263 4776 γέγονε
1297 4703 1391 4758 καὶ
1413 4703 1442 4755 ό
1466 4701 1662 4757 Μωάϐ·
1694 4701 1885 4774 ἀνείθη

2026 4707 2257 4752 mmotus
2282 4699 2451 4753 multo
2483 4709 2748 4768 tempore,
2776 4701 3166 4769 pr0priamque
3205 4699 3566 4754 substantiam

309 4808 408 4863 ἐπὶ
435 4803 618 4875 πολλῷ
653 4803 732 4872 τῷ
759 4802 937 4873 χρόνῳ
968 4801 1064 4855 καὶ
1091 4799 1204 4870 ἔχει
1233 4797 1335 4867 τὴν
1367 4795 1574 4849 οἰκείαν
1604 4795 1888 4864 σύστασιν,

2026 4791 2161 4845 labet
2185 4807 2200 4843 :
2227 4797 2283 4845 et
2308 4790 2538 4845 celebris
2558 4791 2628 4847 ob
2651 4791 3106 4862 pulchritudinem
3143 4791 3320 4847 lactus
3344 4802 3450 4855 est,
3474 4793 3570 4847 sed

308 4902 407 4955 καὶ
437 4899 754 4970 περίφημος
782 4895 876 4949 ἐπὶ
908 4898 975 4967 τῇ
1003 4892 1273 4963 εὐκοσμίᾳ.
1301 4887 1616 4960 γεγένηται,
1648 4890 1764 4944 ἀλλ’
1800 4889 1891 4944 οὐ·

2026 4894 2107 4936 ιοη
2128 4893 2347 4949 semper
2367 4881 2563 4938 similis
2581 4883 2707 4948 erit,
2732 4883 2863 4950 imo,
2886 4882 2996 4938 Deo
3024 4883 3106 4938 sic
3127 4891 3420 4950 statuente,
3450 4898 3582 4961 pte-3

302 5003 430 5056 τιγε
474 4987 554 5049 είς
599 4984 754 5049 τέλος
805 4985 1086 5054 διαμενεῖ,
1119 4981 1275 5050 δίκην
1313 4979 1371 5033 δὲ
1407 4976 1575 5034 δώσει
1622 4977 1718 5032 τοῦ
1750 4978 1885 5035 Θεοῦ
1993 4987 2094 5030 nas
2122 4971 2290 5031 dabit.

305 5073 758 5144 ἀποφηναμένου.
1824 5083 1826 5085 ’

381 5164 492 5217 Kal
528 5159 918 5228 ἐξαποστελῶ
948 5159 1108 5227 αὐτῷ
1137 5160 1484 5226 κλῖνον-τας,
1518 5160 1617 5216 καί
1643 5159 1884 5214 κλινοῦ-

299 5269 417 5309 σ.ν
440 5254 650 5309 αὐτόν.

391 5341 456 5397 ’0
499 5341 773 5412 Ἐϐραῖος,
829 5340 1088 5406 ’1ὥντας,
1145 5339 1280 5410 ἔχει·
1312 5341 1379 5410 τῇ
1439 5339 1550 5410 γὰρ
1600 5341 1884 5410 μεταφορᾷ

2069 5154 2230 5210 Vsus.
2253 5155 2339 5210 12.
2362 5153 2430 5208 Ει
2453 5155 2658 5209 mittam
2681 5155 2730 5209 ei
2751 5164 3054 5221 sternentes,
3098 5163 3148 5208 et
3175 5164 3401 5210 sternent
3426 5172 3564 5212 eum.

2064 5338 2327 5394 Hebraeus
2359 5341 2667 5395 exhauriant
2701 5340 2894 5405 habet;
2927 5340 3170 5409 persistit
3191 5341 3336 5396 enim
3373 5341 3426 5395 in
3451 5355 3568 5396 rae-

296 5435 591 5508 ὲπέμεινε·
611 5435 745 5504 δήλη
768 5434 826 5487 δὲ
855 5435 889 5503 ἡ
915 5433 1111 5501 ἔννοια,
1129 5433 1223 5487 καὶ
1247 5432 1357 5486 ἀπὸ
1385 5433 1486 5502 τῆς
1507 5430 1602 5485 τοῦ
1636 5432 1884 5502 Ἐλληνι-

295 5524 408 5582 κοῢ
434 5523 755 5596 ἑρμηνείας.

377 5700 423 5732 ³⁸
464 5700 569 5755 lsa.
610 5715 696 5761 xv,
740 5701 791 5754 1.

1995 5433 2242 5502 taphora.
2274 5429 2476 5485 Verum
2517 5441 2572 5486 et
2601 5446 2668 5488 ex
2704 5431 3152 5501 interpretatione
3181 5431 3366 5488 Greca
3396 5432 3568 5488 mani-

1990 5525 2133 5580 festa
2159 5535 2245 5580 est
2274 5536 2569 5582 scntentta.
