4004 6156
488 280 512 335 1
523 280 628 336 037

564 407 582 422 '
609 398 770 454 Vens.
803 397 889 452 l8.
924 397 1188 452 Descende
1224 398 1291 451 de
1322 397 1518 468 gloria.

559 490 613 546 Id
645 501 726 546 est
753 505 819 544 ex
854 490 1142 544 altitudine
1168 491 1220 543 in
1239 492 1635 558 pavimentum.

558 585 626 639 Et
655 585 774 638 sede
797 583 850 636 in
879 582 1178 636 humilitate
1209 581 1417 638 sedens.

560 677 634 729 lta
665 675 810 730 nulla
831 690 893 728 ex
927 686 1078 743 parte
1109 675 1360 730 solatium
1389 675 1522 737 erit;
1550 689 1671 728 cum
1696 673 1897 728 etenim
1919 672 2064 727 Deus

487 763 650 820 infert
682 766 844 829 mala,
877 780 981 818 non
1014 765 1261 832 corporis
1291 764 1479 826 robur,
1512 778 1616 816 nou
1648 761 1814 814 animi
1847 761 2066 830 sapien-

487 855 580 919 tia,
601 870 706 909 nou
739 855 911 909 ullum
949 854 1092 908 allud
1126 857 1366 924 prodest.

552 945 720 1001 Vsus.
744 945 939 1007 20,21.
967 946 1242 999 Annuntia
1269 946 1326 998 in
1343 946 1512 997 Aman
1545 943 1673 1014 quia
1693 943 1846 1010 periit
1877 942 2059 999 Moab.

485 1038 552 1092 Et
590 1039 854 1106 judicium
901 1039 1041 1091 venit
1081 1038 1137 1089 in
1171 1047 1366 1089 terram
1417 1033 1608 1101 Misor,
1631 1049 1790 1096 super
1818 1033 2059 1099 Clialom,

481 1142 529 1184 et
561 1146 718 1198 super
751 1130 878 1193 Asa,
913 1137 967 1184 et
995 1144 1116 1197 quae
1143 1134 1470 1194 sequuntur.

551 1220 736 1286 Misor,
771 1220 948 1291 campi
998 1219 1226 1274 scilicet.
1253 1217 1477 1272 Chalom
1510 1232 1662 1282 vero,
1716 1227 1772 1273 et
1825 1217 2061 1286 reliquas

480 1313 728 1366 civitates
757 1320 1040 1365 enumerat
1068 1319 1134 1364 ut
1161 1310 1294 1365 sitas
1317 1310 1372 1364 in
1398 1310 1627 1377 campis.

554 1401 722 1455 Vens.
738 1401 832 1455 25.
858 1400 1199 1469 Confractum
1223 1408 1300 1453 est
1323 1415 1488 1452 cornu
1529 1397 1705 1462 Moab,
1725 1411 1772 1452 et
1788 1400 2062 1454 brachium

485 1491 598 1560 ejus
633 1495 916 1546 contritum
939 1504 1035 1555 est,
1079 1495 1151 1545 ait
1177 1493 1454 1547 Dominus.

555 1585 723 1638 Arma
757 1601 947 1654 nempe
981 1601 1100 1653 qua:
1131 1600 1240 1654 pra:
1268 1586 1519 1639 manibus
1540 1584 1800 1641 habebat.

553 1681 571 1698 '
601 1675 766 1729 Vens.
797 1676 888 1730 50.
919 1675 1043 1730 Non
1079 1675 1239 1744 juxta
1265 1678 1406 1746 quod
1450 1679 1579 1732 satis
1625 1681 1674 1732 ei
1729 1688 1866 1744 erat,
1889 1681 1966 1734 sic
2008 1690 2059 1734 et

481 1769 696 1823 brachia
717 1767 884 1824 illius.

552 1859 668 1913 Hoc
696 1869 780 1912 est
811 1869 974 1915 tanta:
999 1859 1156 1914 fama:
1196 1858 1335 1914 facta
1367 1877 1470 1915 non
1502 1864 1916 1930 responderunt.
1961 1863 2056 1916 Et-

479 1955 623 2006 euim
659 1951 1076 2005 existimabatur
1128 1966 1251 2006 esse
1286 1951 1479 2019 fortis;
1517 1964 1697 2008 tamen
1753 1956 1804 2008 in
1860 1956 2060 2024 puellis

478 2059 642 2112 super
661 2043 818 2097 Moab
844 2045 1155 2099 commissis
1183 2045 1456 2100 imbellem
1478 2061 1539 2100 se
1561 2047 1836 2115 praestitit.

550 2135 816 2190 Vens.5l.
843 2134 1088 2206 Undique
1119 2135 1344 2190 clamate
1371 2153 1528 2205 super
1553 2141 1689 2192 viros
1721 2143 1858 2193 muri
1883 2151 2058 2195 tonsas

478 2229 765 2296 squaloris.

544 2318 716 2388 Super
731 2321 871 2372 viros
895 2319 1050 2373 muri.
1075 2317 1268 2373 Fortes
1293 2319 1523 2377 scilicet.
1550 2319 1748 2375 Tonsos
1770 2325 2055 2392 squaloris.

481 2413 595 2466 Hoc
624 2422 708 2465 est
740 2413 949 2466 cithara
979 2414 1272 2467 cautionis.
1302 2414 1468 2478 Quasi
1503 2412 1711 2469 diceret
1740 2432 1754 2468 :
1800 2415 2060 2485 Projicite

479 2503 975 2568 eain,.ellicientes
1043 2506 1260 2573 dignam
1323 2520 1490 2575 quam
1554 2506 1819 2577 lacrymis
1869 2525 2057 2577 prose-

481 2605 735 2663 quantur.
756 2595 922 2663 Igitur
945 2597 1124 2650 subdit
1144 2611 1158 2649 :
1179 2594 1246 2648 Et
1264 2606 1474 2649 tantum
1492 2597 1649 2650 dicet.
1671 2598 2062 2666 lnlerpretatus

479 2687 627 2740 enim
655 2697 741 2740 est
767 2703 780 2739 :
813 2686 1009 2740 Tonsos
1036 2689 1321 2758 squaloris,
1347 2688 1449 2742 hoc
1472 2697 1557 2743 est
1583 2689 1745 2742 veluti
1769 2691 1821 2744 in
1853 2692 2058 2745 cithara

479 2779 560 2831 sic
592 2779 802 2848 ejulaus
844 2793 968 2834 eum
1023 2782 1253 2837 melodia
1288 2779 1560 2852 lacrymas
1592 2785 1736 2838 edet.
1794 2783 2061 2854 Deinceps

478 2871 838 2942 subsequens,
890 2875 1088 2928 iterum
1137 2874 1360 2944 inquit:

541 2967 558 2987 '
601 2965 764 3020 Vens.
786 2968 875 3022 36.
903 2966 1116 3022 Idcirco
1142 2986 1234 3026 car
1265 2968 1447 3033 Moab,
1472 2970 1628 3041 quasi
1669 2971 1812 3024 tibia:
1855 2970 2060 3024 lumbos

477 3060 589 3113 edet
622 3075 714 3113 cor
758 3075 932 3112 meum
987 3076 1146 3128 super
1204 3063 1347 3117 viros
1377 3063 1517 3116 muri
1579 3063 1862 3132 squaloris,
1906 3065 2056 3133 quasi
2083 3063 2156 3146 ρ’

478 3151 606 3202 tibia
632 3149 861 3202 sonabit.

552 3237 662 3290 Hoc
683 3249 786 3303 est,
815 3239 963 3292 circa
997 3239 1144 3294 viros
1173 3238 1342 3294 fortes
1373 3257 1387 3294 :
1411 3242 1568 3308 quasi
1593 3241 1821 3296 citharae
1843 3254 2056 3309 cautus,

477 3330 562 3384 vel
612 3329 865 3384 tibiarum
908 3331 1168 3399 strepitus
1203 3331 1454 3400 planctus
1504 3332 1631 3386 erit.
1673 3331 1931 3388 Hebraeus
1982 3335 2061 3389 sic

479 3421 642 3474 habet
675 3437 689 3472 :
725 3418 792 3473 Et
813 3422 1018 3474 sonabit
1049 3423 1241 3474 iterum
1276 3439 1433 3492 super
1457 3439 1624 3491 .muro
1686 3425 1908 3479 habente
1941 3443 2060 3479 con-

478 3528 664 3566 cursus
697 3512 883 3581 fortes.
931 3511 1145 3567 Murum
1175 3523 1332 3568 vocat
1364 3530 1579 3583 regem;
1621 3531 1931 3581 concursus,
1973 3534 2061 3587 po-

479 3605 685 3671 pulum,
721 3613 777 3659 et
809 3614 896 3659 est
919 3606 1107 3660 eadem
1138 3608 1408 3661 sententia
1440 3607 1494 3661 in
1517 3619 1774 3678 utroque.

552 3787 715 3840 Vens.
763 3787 852 3841 45.
887 3787 1025 3853 Quia
1070 3779 1205 3857 ignis
1236 3805 1471 3859 egressus
1511 3799 1588 3843 est
1631 3790 1694 3843 de
1753 3788 1982 3857 Esebon,
2010 3799 2058 3845 et

478 3879 694 3946 ﬂamma
728 3878 793 3931 de
821 3881 993 3932 medio
1031 3878 1181 3944 Sion,
1213 3889 1262 3934 et
1298 3882 1561 3934 devoravit
1593 3882 1850 3950 principes
1876 3881 2055 3936 Moab.

553 3968 648 4023 His
669 3968 830 4022 dictis
861 3985 991 4024 usus
1017 3982 1102 4024 est
1122 3971 1334 4041 Moyses
1363 3971 1430 4035 ³⁰,
1454 3971 1699 4026 iudicans
1720 3973 2058 4042 repentinam

478 4059 792 4114 Moabitidis
830 4063 1040 4114 ruinam
1078 4064 1145 4115 ab
1208 4065 1290 4117 his
1321 4063 1410 4132 qui
1455 4063 1666 4116 Esebou
1730 4065 2056 4128 incolebant.

479 4153 557 4204 Ac
583 4152 626 4206 si
659 4152 900 4207 diceret:
932 4153 1175 4208 Similem
1207 4170 1347 4208 num:
1375 4154 1712 4224 puuitiouem
1741 4171 1903 4224 quam
1928 4157 2056 4210 olim

479 4258 738 4312 perpessa
770 4253 877 4309 est,
911 4245 1132 4298 subibit.

549 4336 712 4391 Vens.
746 4335 836 4391 46.
871 4333 941 4388 Et
971 4337 1276 4405 perquisivit
1302 4335 1445 4406 ﬁlios
1474 4334 1640 4390 Saon.

549 4429 828 4493 Hebraeus,
851 4437 902 4481 et
924 4429 1086 4481 evasit
1105 4429 1342 4481 dominos
1365 4445 1581 4482 ararum
1599 4446 1619 4495 ;
1635 4428 1752 4484 loco
1769 4430 1910 4484 enim
1929 4445 2058 4482 ara-
2092 4429 2134 4483 D

477 4537 592 4573 rum
622 4518 769 4574 Saon
797 4518 1002 4588 posuit,
1028 4532 1155 4571 cum
1180 4532 1318 4586 opus
1343 4528 1488 4573 esset
1520 4533 1722 4588 ponere
1766 4518 2051 4583 Baamoth,

475 4614 618 4682 quod
652 4627 803 4666 aram
836 4609 1132 4678 signiﬁcat.
1161 4608 1366 4664 Verum
1399 4611 1481 4665 sic
1509 4611 1666 4666 estin
1699 4610 1944 4666 Hebraeo.

1083 4843 1232 4902 CAP.
1269 4841 1456 4898 XLIX.

547 4981 710 5038 Vens.
749 4983 802 5036 1.
847 4981 1106 5052 Nunquid
1132 4981 1231 5048 ﬁlii
1254 4996 1357 5035 non
1389 4980 1592 5034 suntin
1621 4979 1835 5033 Israel?
1865 4979 1942 5033 vel
1967 4981 2057 5048 qui

473 5076 696 5143 accipiat
743 5091 845 5128 non
877 5085 950 5127 est
984 5077 1036 5127 in
1076 5076 1157 5127 eis
1179 5074 1204 5126 ?

547 5170 659 5223 Iloc
688 5178 790 5235 est,
823 5165 961 5222 Num
994 5167 1048 5221 in
1081 5167 1406 5235 obsequium
1444 5164 1537 5219 Dei
1576 5179 1683 5219 non
1715 5164 2057 5227 habitantur,

473 5271 566 5314 aut
596 5260 745 5316 omni
793 5260 997 5314 auxilio
1045 5267 1256 5320 carent,
1308 5265 1370 5310 ut
1425 5264 1616 5310 contra
1658 5254 1933 5310 lsraelitas
1981 5255 2053 5308 ita

475 5353 654 5408 animo
685 5351 1089 5405 intumuerint?
1125 5361 1182 5404 ut
1209 5348 1412 5404 Judmis
1437 5349 1753 5403 ostenderet
1777 5362 1838 5401 se
1866 5355 2057 5422 gentes

475 5449 668 5512 punire
698 5453 918 5514 propter
961 5443 1100 5497 mala
1138 5457 1259 5511 quae
1298 5442 1351 5495 in
1388 5456 1482 5495 eos
1519 5440 1840 5494 intulerunt.

549 5532 782 5590 νειεμῦ.
814 5532 953 5597 Quid
984 5531 1293 5603 gloriaberis
1319 5533 1374 5586 in
1405 5532 1602 5599 campis
1631 5528 1845 5583 Jacim?

549 5704 596 5736 ⁸⁸
639 5703 810 5757 Exod.
845 5720 932 5759 xv.
974 5706 1055 5758 15.

1295 278 1858 336 SUPPLEMENTUM
1899 282 1990 335 AD
2021 279 2083 336 s.
2123 281 2172 336 ι.
2213 281 2713 340 cumsosrom
2753 283 3002 341 OPERA.
3055 248 3067 254 ’

2095 405 2144 461 Λ

3599 292 3715 348 1098

2242 403 2259 422 ¹
2288 401 2585 468 Κατάϐηθι
2606 401 2727 455 ἀπὸ
2751 400 2960 466 δόξης.

2234 491 2548 556 Τουτέστιν,
2577 492 2688 545 ἀπὸ
2716 493 2813 544 τοῦ
2855 492 3027 561 ὕψους
3050 491 3129 554 είς
3156 490 3374 560 ἔδαφος.

2209 605 2214 610 ε
2237 583 2347 636 Καὶ
2374 583 2630 637 κάθισον
2647 583 2720 636 ἐν·
2751 584 3013 651 ὑγρασία
3058 585 3385 652 καθημένη.

2235 675 2424 739 Οὗτως
2460 676 2758 746 οὐδαμόθεν
2805 676 2961 730 ἔσται
2997 677 3343 747 παραμυθία.
3383 678 3543 733 Ὅταν
3563 684 3658 752 γὰρ
3681 687 3706 736 ὁ

2163 766 2297 831 Θεὸς
2327 767 2510 840 ἐπάγῃ
2552 769 2718 833 κακὰ,
2751 769 2812 821 οὐ
2843 767 3096 838 σώματος
3133 768 3306 838 ἰσχὺς,
3337 767 3394 821 οὐ
3428 770 3577 838 σοφία
3615 772 3704 841 ψυ-

2165 857 2291 928 χῆς,
2325 859 2427 910 οὐκ
2457 857 2587 911 ἄλλο
2614 859 2769 912 οὐδὲν
2801 859 3022 927 ὠφελεῖ.

2249 947 2623 1018 Ἁνάτγειλον
2665 949 2734 1002 ἐν
2784 949 3004 1018 Ἀμὼν,
3047 950 3139 1002 ὅτι
3177 950 3363 1005 ὤλετο
3400 953 3584 1018 Μωὰὸ,
3623 956 3707 1008 καὶ

2164 1040 2362 1106 κρίσις
2389 1040 2628 1108 ἔρχεται
2655 1041 2756 1094 ἐπὶ
2787 1043 2903 1109 τὴν
2938 1041 3057 1111 γῆν
3087 1042 3195 1096 τοῦ
3220 1043 3460 1112 Μησὼρ,
3486 1043 3579 1098 ἐπὶ
3607 1047 3706 1114 Χη-

2162 1126 2307 1192 λὼν,
2335 1129 2433 1181 καὶ
2464 1130 2566 1183 ἐπὶ
2591 1129 2760 1193 Ἀσὰι,
2778 1133 2870 1182 καί
2899 1131 2967 1182 τὰ
2995 1131 3141 1199 ἑξῆς.

2233 1217 2451 1291 Μισὼρ,
2485 1222 2758 1286 τουτέστι,
2791 1220 2893 1285 τῆς
2919 1221 3189 1284 πεδιάδος.
3219 1220 3415 1293 Χηλῶν
3435 1222 3488 1276 δὲ
3514 1224 3709 1286 καὶτὰς

2161 1306 2354 1371 λοιπὰς
2386 1310 2571 1373 πόλεις
2604 1311 2771 1379 λέγει,
2806 1312 2882 1375 ὼς
2910 1313 2968 1364 ἐν
3000 1315 3066 1382 τῇ
3101 1313 3315 1367 πεδιάδι
3345 1315 3608 1384 κειμένας.

2235 1399 2547 1470 Κατεάχθη
2570 1402 2746 1467 κέρας
2781 1404 2974 1468 Μωὰϐ,
3006 1405 3106 1458 καὶ
3129 1408 3198 1459 τὸ
3220 1405 3518 1475 ἐπίχειρον
3543 1405 3706 1460 αὐτοῦ

2162 1493 2508 1560 συνετρίϐη,
2542 1493 2694 1561 φησί
2725 1494 2960 1561 Κύριος.

2237 1586 2522 1653 Τουτέστι,
2549 1586 2620 1638 τὰ
2641 1588 2700 1639 ὲν
2728 1589 2849 1649 ταῖς
2877 1585 3064 1656 χερσὶν
3097 1587 3268 1640 αὐτοῦ
3295 1587 3452 1640 ὅπλα.

2234 1682 2248 1700 ⁶
2268 1679 2416 1746 Οὐχὶ
2434 1678 2586 1732 κατὰ
2610 1677 2676 1730 τὸ
2705 1677 2918 1731 ἱκανὸν
2937 1677 3146 1744 αὐτοῦ,
3166 1679 3359 1744 οὕτως
3391 1679 3485 1731 καὶ
3513 1680 3562 1731 οί
3583 1678 3712 1745 ,Βρα-

2161 1770 2362 1837 χίονες
2393 1769 2604 1823 αὑτοῦ.

2231 1863 2548 1922 Τουτέστιν,
2575 1862 2675 1913 οὐκ
2704 1859 2869 1924 ἀξίως
2885 1859 2983 1930 τῆς
3006 1861 3198 1930 φήμης
3219 1861 3482 1933 ἔπραξαν.
3520 1861 3714 1931 ’ἰσχυρὰ

2165 1951 2264 2019 μὲν
2298 1950 2406 2022 γὰρ
2439 1951 2756 2020 νενόμισται
2779 1967 2792 1979 '
2825 1949 2983 2021 ὤφθη
3029 1952 3086 2005 δὲ
3113 1953 3354 2023 ἀσθενὴς
3383 1956 3438 2008 ὲν
3482 1954 3713 2024 πολέμοις

2162 2044 2256 2094 ἐπὶ
2285 2043 2480 2096 Μωάϐ.

2234 2134 2534 2188 Πάντοθεν
2561 2134 2834 2202 ,ϐοήσατε
2859 2136 2958 2191 ἐπὶ
2983 2137 3208 2205 ἄνδρας
3236 2139 3444 2208 τοίχου
3468 2137 3714 2206 χειράδας

2160 2223 2425 2293 αὐχμοῦ.
2701 2294 2703 2297 ι

2231 2318 2304 2370 Τὸ
2318 2317 2394 2380 δὲ,
2413 2317 2545 2370 Ἐπὶ
2557 2316 2785 2386 ἄνδρας
2795 2319 3023 2388 τοίχου,
3040 2323 3315 2389 τουτέστι,
3331 2325 3456 2387 τοὺς
3470 2319 3711 2392 ἰσχυρούς

2160 2410 2221 2462 τὸ
2257 2409 2311 2462 δὲ
2334 2449 2349 2474 ,
2376 2410 2660 2476 χειράδας
2693 2411 2955 2480 αὐχμοῦ,
2980 2414 3255 2477 τουτέστι,
3291 2415 3488 2483 κιθάρα
3523 2413 3711 2482 μέλους.

2162 2501 2280 2552 Ἵνα
2306 2501 2454 2572 εἴπῃ,
2485 2499 2758 2552 Καθέλετε
2790 2501 2960 2571 αὐτὴν
3007 2502 3168 2564 ἀξίαν
3195 2502 3415 2575 Θρήνων
3446 2500 3715 2570 πεποιηκό-

2159 2611 2270 2655 τες.
2326 2593 2555 2661 Ἐπάγει
2601 2592 2753 2661 γοῦν·
2801 2595 2932 2647 Kal
2953 2593 3145 2661 μέλος
3191 2595 3339 2662 ἐρεῖ.
3404 2594 3715 2665 Ἢρμήνευσε

2159 2685 2272 2754 γὰρ
2300 2684 2381 2748 τὸ,
2410 2683 2690 2752 χειράδας
2721 2685 2981 2753 αὐχμοῦ,
3003 2687 3329 2753 τουτέστιν,
3361 2687 3543 2756 ὥσπερ
3567 2688 3620 2737 ὲν
3645 2699 3717 2736 κι-

2161 2776 2324 2846 θάρᾳ,
2351 2773 2527 2837 οὕτως
2548 2774 2823 2828 πενθοῦσα
2845 2775 3126 2846 ἐμμελῶς,
3150 2779 3576 2834 ἀνακλαύσεται.
3602 2771 3716 2828 Εἶτα

2161 2865 2369 2937 προῖὼν
2400 2867 2564 2920 πάλιν
2590 2867 2726 2937 φησι
2747 2883 2762 2896 ·

2227 2961 2244 2980 “
2260 2961 2365 3014 Διὰ
2385 2959 2561 3013 τοῦτο
2583 2961 2798 3030 καρδία
2811 2961 2920 3017 τοῦ
2941 2961 3138 3030 Μωάϐ,
3159 2960 3379 3032 ὥσπερ
3401 2958 3569 3014 αὐλοὶ
3588 2957 3722 3024 ,ϐομ⁶

2161 3052 2336 3121 θήσει
2366 3052 2581 3122 καρδία
2596 3071 2716 3124 μου
2740 3055 2834 3107 ἐπ’
2865 3053 3219 3122 ἀνθρώπους
3238 3055 3459 3124 τ-οίχου
3479 3049 3724 3119 mde

2161 3144 2422 3213 αὐχμοῦ,
2446 3143 2651 3214 ὥσπερ
2673 3146 2853 3200 αὐλοὶ
2876 3146 3200 3216 βομόήσει.

2228 3237 2510 3302 Τουτέςτι,
2536 3237 2666 3306 περὶ
2691 3237 2817 3300 τοὺς
2841 3237 3096 3306 ἰσχυροὺς
3122 3236 3361 3308 ἄνδρας,
3379 3236 3562 3306 ὥσπερ
3585 3230 3724 3302 μέλος

2161 3328 2395 3397 κιθάρας
2427 3327 2459 3397 ἥ
2487 3327 2670 3382 αὐλῶν
2701 3323 2838 3399 ἦχος
2865 3329 3165 3398 γενήσεται
3196 3327 3259 3382 τὸ
3317 3327 3528 3389 πένθος.
3586 3323 3636 3376 '0
3671 3319 3721 3372 δὲ

2177 3420 2426 3489 Ἐϐραῖος
2463 3419 2639 3483 οὕτως
2673 3419 2788 3490 ἕχει
2811 3437 2827 3452 ο
2854 3420 2968 3474 Καὶ
3016 3419 3242 3489 ἠχήσει
3293 3420 3482 3475 πάλιν
3503 3417 3592 3472 ἐπὶ
3629 3411 3722 3467 τοῦ

2161 3514 2366 3580 τοίχου
2414 3513 2520 3566 τοῦ
2561 3513 2814 3581 ἔχοντος
2861 3511 3207 3578 ἀντιδόσεις
3257 3513 3569 3583 ἰσχυρούς.
3614 3502 3721 3570 Τοῖ-

2160 3623 2274 3674 χον
2309 3606 2366 3658 δὲ
2410 3607 2570 3659 καλεῖ
2599 3605 2691 3658 τὸν
2722 3604 2972 3674 βασιλέα·
3004 3605 3361 3672 ἀναϐάσεις
3385 3604 3444 3658 δὲ
3472 3603 3560 3656 τὸν
3590 3597 3719 3653 λαόν.

2172 3692 2262 3746 Ἐν
2292 3695 2542 3765 ἑκατέρῳ
2573 3694 2630 3746 δὲ
2669 3692 2905 3756 σώζεται
2937 3696 2970 3762 ἡ
3007 3695 3148 3764 αὐτὴ
3179 3694 3388 3749 ἔννοια.

2233 3786 2362 3838 ὀτι
2384 3784 2505 3852 πῦρ
2525 3783 2787 3852 ἐξῆλθεν
2804 3783 2886 3848 ιὲξ
2927 3785 3208 3848 Ἑσεϐὼν,
3233 3785 3403 3853 φλὸξ
3431 3783 3498 3838 ἐκ
3517 3779 3723 3842 πόλεως

2159 3875 2338 3939 Σιὼν,
2365 3873 2467 3928 καὶ
2500 3874 2801 3943 κατέφαγε
2832 3875 3142 3943 ἀρχηγοὺς
3167 3875 3375 3929 Μωάϐ.

2232 3967 2459 4030 Τούτοις
2514 3970 2632 4029 τοῖς
2681 3969 2867 4037 ῥητοῖς
2914 3967 3190 4037 ἐχρήσατο
3238 3967 3489 4036 Μωῦσῆς
3541 3958 3720 4031 ἀθρόαν

2156 4060 2281 4112 τότε
2311 4060 2411 4130 τὴν
2435 4058 2711 4113 ἀπώλειαν
2736 4057 2836 4126 τῆς
2861 4058 3040 4111 Man/16
3081 4058 3337 4128 μηνύσας
3369 4059 3480 4114 ἀπὸ
3508 4056 3610 4109 τῶν
3635 4056 3721 4118 τῆς

2171 4151 2407 4204 Ἐσεϐὼν
2440 4151 2758 4205 οἰκούντων.
2787 4151 2905 4203 Ἵνα
2933 4151 3114 4204 τοίνυν
3136 4150 3291 4224 εἴπῃ,
3322 4153 3406 4206 ὃτι
3431 4151 3531 4221 τὴν
3551 4145 3720 4218 ὁμοίαν

2157 4244 2434 4314 τιμωρίαν
2477 4243 2728 4296 πείσεται
2759 4243 2855 4297 καὶ
2884 4243 3002 4310 νῦν,
3033 4244 3101 4312 ἢν
3133 4244 3308 4299 πάλαι
3333 4245 3563 4311 ὑπέστη.

2229 4335 2336 4389 Kal
2364 4335 2779 4405 ἐξηρεύνησεν
2796 4335 2969 4400 υἱοὺς
2998 4335 3188 4389 Σαών.

2248 4426 2306 4480 ὐ
2369 4426 2643 4496 Ἐϐραῖος,
2678 4425 2780 4478 καὶ
2819 4424 3112 4493 ἐξήλειψε
3147 4425 3296 4490 τοὺς
3340 4425 3586 4492 κυρίους
3618 4415 3718 4470 τῶν

2155 4516 2403 4586 βωμῶν·
2433 4517 2556 4570 ἀντὶ
2585 4517 2694 4586 γὰρ
2729 4515 2850 4569 τῶν
2871 4514 3115 4584 βωμῶν,
3143 4517 3204 4568 τὸ
3241 4515 3421 4570 Σαὼν
3461 4515 3589 4584 ἔφη’
3613 4509 3717 4562 δέον

2162 4609 2273 4678 γὰρ
2304 4609 2476 4661 θεῐναι
2498 4609 2734 4678 Βαμὼθ,
2751 4608 2962 4677 ,ϐωμὸν
2991 4612 3273 4680 σημαίνει.
3301 4608 3464 4662 Οὕτω
3487 4608 3542 4660 δὲ
3565 4605 3718 4658 κεῖται

2165 4702 2260 4754 καὶ
2290 4702 2443 4771 παρὰ
2475 4701 2554 4754 τῶ
2594 4701 2860 4772 Ἑϐραίῳ.

2719 4839 2973 4892 ΚΕΦΔΛ.
3039 4838 3176 4893 ΜΘ’.

2230 4974 2326 5043 Μὴ
2366 4974 2486 5029 υἱοὶ
2533 4978 2646 5029 οὐκ
2678 4975 2844 5029 εἰσὶν
2872 4974 2946 5028 ἐν
2987 4973 3237 5044 Ἰσραὴλ
3257 5012 3273 5038 ,
3309 4973 3351 5042 ἢ
3384 4963 3718 5041 παραλειψὰ

2156 5085 2344 5139 μενος
2380 5069 2493 5122 οὐκ
2524 5068 2697 5122 ἔστιν
2728 5069 2798 5122 ἐν
2826 5066 3066 5133 αὐτοῖς;

2233 5159 2493 5213 Τουτέστι
2517 5198 2533 5223 ,
2574 5160 2666 5229 Μὴ
2698 5159 2798 5211 οὐκ
2833 5157 3114 5210 οἰκοῦνται
3145 5157 3224 5226 τῷ
3257 5155 3420 5228 Θεῷ;
3470 5155 3503 5226 ἢ
3549 5142 3717 5222 ἐρημοῖ

2161 5255 2268 5305 εἰσι
2316 5252 2497 5321 πάσης
2548 5250 2835 5320 βοηθείας,
2885 5251 2968 5303 ὅτι
3019 5249 3162 5302 κατὰ
3223 5250 3332 5302 τῶν
3394 5236 3718 5316 Ἰσραηλιτῶν

2159 5345 2331 5406 οὕτως
2365 5343 2727 5415 ἑπήρθησαν;
2765 5343 2853 5394 ἵνα
2883 5342 3033 5413 δείξῃ
3076 5341 3380 5406 Ἰουδαίοις,
3412 5341 3495 5393 ὅτι
3542 5335 3623 5390 διὰ
3662 5327 3719 5380 τά

2159 5436 2282 5490 κατ’
2313 5436 2476 5488 αὑτὸν
2501 5435 2770 5506 γενόμενα
2797 5434 2946 5488 κακὰ
2975 5436 3304 5506 τιμωρεῖται
3332 5433 3406 5485 τὰ
3434 5431 3580 5499 ἔθνη.

2237 5526 2297 5580 Τί
2328 5525 2672 5596 ἀγαλλιάσῃ
2707 5525 2776 5580 ἐν
2804 5524 2928 5591 τοῖς
2956 5525 3205 5594 πεδίοις,
3227 5527 3294 5580 ὲν
3335 5524 3530 5593 Ἰακίμ
