4016 6152
334 243 466 302 1034

335 459 559 511 iantes:
615 466 712 506 cur
759 464 885 503 vero
929 446 1163 502 ﬂentes?
1218 456 1465 515 tempore
1520 445 1912 499 beneliciorum

338 547 606 615 praecipue
639 551 985 609 peccatorum
1016 551 1237 589 sensum
1287 536 1508 599 habent,
1550 535 1693 603 quod
1723 535 1775 587 in
1803 546 1911 588 tam

339 643 675 699 mansuetum
705 632 1113 695 humanumque
1140 625 1305 679 Deum
1329 623 1711 679 contumeliosi
1736 624 1910 688 fuere,

338 725 426 793 qui
455 738 550 777 eos
581 721 802 777 omnino
829 720 1007 789 perire
1049 732 1153 772 non
1192 716 1416 786 patitur,
1465 717 1554 785 qui
1609 715 1915 771 ulciscendo

337 817 520 869 hostes
551 810 765 867 reduxit
795 811 960 881 ipsos.

406 902 602 957 Foedus
636 902 773 955 enim
800 909 1071 954 attentum.

398 991 692 1045 Considera
719 1003 906 1042 rursus
934 1000 991 1041 ut
1011 1001 1198 1041 eorum
1224 986 1592 1053 arrogantiam
1615 987 1873 1055 reprimat
1896 1026 1908 1039 .

335 1099 404 1139 ne
432 1084 577 1137 enim
608 1084 721 1136 suis
751 1081 966 1135 meritis
1014 1078 1313 1146 ascribant;
1352 1079 1494 1147 quod
1525 1079 1757 1149 regressi
1780 1077 1909 1141 sint,

262 1184 273 1194 ‘
334 1190 400 1230 ex
434 1179 601 1230 veteri
633 1174 735 1228 hoc
764 1173 839 1227 ait
874 1187 995 1227 esse
1030 1171 1252 1226 foedere.

408 1357 573 1412 Vens.
603 1354 656 1411 6.
693 1354 822 1410 Oves
845 1353 1060 1420 perdita
1085 1352 1254 1422 factus
1284 1364 1361 1407 est
1389 1354 1610 1422 populus
1640 1368 1805 1409 meus.

408 1446 545 1502 Nam
580 1461 649 1501 ne
699 1447 822 1514 quis
854 1447 1095 1510 diceret,
1125 1444 1236 1498 Cur
1275 1443 1579 1512 perdidisti,
1612 1453 1666 1496 et
1694 1444 1873 1497 salvas
1897 1480 1910 1503 .

340 1549 557 1609 propter
584 1552 738 1591 suam
771 1535 1051 1605 segnitiem
1094 1535 1373 1603 perierunt
1414 1534 1539 1604 ipsi,
1572 1544 1628 1589 et
1652 1535 1742 1603 qui
1772 1550 1913 1604 pra:-

1062 234 1631 294 SUPPLEMENTUM
1671 236 1760 290 AD
1802 234 1859 289 S.
1900 235 1951 289 J.
1993 233 2476 289 CllRYSOSTOIJI
2521 233 2767 291 OPERA.

410 362 707 421 Considera
743 372 839 412 eos
881 372 985 410 non
1023 357 1328 425 fugientes,
1368 357 1460 409 scd
1506 356 1698 409 ordine
1730 357 1917 407 atnbu-
1948 365 1988 417 Α

3451 241 3476 292 1
3487 241 3596 295 052

2094 354 2236 423 Ὅρα
2272 353 2470 416 αὐτοὺς
2511 355 2633 423 ούχὶ
2677 353 3014 421 φεύγοντας,
3063 352 3199 405 ἀλλὰ
3231 358 3602 424 συντεταγμέ-

2015 460 2159 506 νους-
2188 445 2334 504 τίνος
2363 444 2548 495 ἕνεκεν
2578 443 2893 507 κλαίοντες;
2926 446 2983 496 ἐν
3012 443 3090 512 τῷ
3116 443 3295 513 καιρῷ
3317 445 3424 498 τῶν
3441 447 3601 519 εὐερ-

2015 535 2216 601 γεσιῶν
2245 534 2483 604 μάλιστα
2510 534 2617 586 τῶν
2658 534 3079 603 ἁμαρτημάτων
3109 534 3481 602 αἰσθάνονται,
3516 538 3600 592 ὅτι

2014 627 2096 688 εἰς
2137 625 2310 688 οὕτως
2339 628 2549 696 ἥμερον
2580 628 2675 678 καὶ
2704 625 3088 694 φιλάνθρωπον
3118 625 3251 678 Θεὸν
3278 626 3598 697 ἐξύϐρισαν,

2014 716 2105 769 τὸν
2132 716 2233 769 οὐκ
2274 717 2603 786 ἀνεχόμενον
2636 717 2715 779 είς
2749 716 2899 778 τέλος
2930 716 3129 778 αὐτοὺς
3161 716 3480 784 ἀπολέσθαι,
3507 721 3601 772 τὸν

2016 809 2075 860 ἐν
2107 810 2174 879 τῇ
2204 808 2311 888 τῶν
2341 809 2553 879 ἐχθρῶν
2581 810 2796 879 ἐκδικίᾳ
2830 808 3028 870 αὐτοὺς
3057 809 3429 877 ἀναγαγόντα.

2089 899 2363 966 Διαθήκη
2390 900 2500 969 γὰρ
2529 899 2787 964 αἰώνιος.

2090 991 2237 1060 Ὅρα
2267 992 2430 1044 πάλιν
2459 991 2640 1044 αὐτῶν
2661 990 2736 1054 ὡς
2765 990 3122 1045 καταστέλλει
3148 989 3217 1044 τὰ
3249 993 3596 1063 φρονήματα·

2016 1081 2103 1134 ἵνα
2128 1082 2239 1153 γὰρ
2267 1081 2366 1153 τὴν
2396 1082 2655 1136 ἐπάνοδον
2682 1086 2757 1151 μὴ
2798 1084 2911 1145 τοῖς
2948 1082 3175 1144 οἰκείοις
3208 1083 3598 1154 κατορθώμασι

2014 1169 2362 1238 λογίσωνται,
2400 1171 2565 1240 φησὶν
2596 1174 2660 1224 ἐκ
2708 1171 2945 1235 παλαιᾶς
2991 1172 3269 1242 συνθήκης
3308 1172 3466 1227 τοῦτο
3503 1191 3599 1242 γε-

2016 1263 2252 1330 γονέναι.

2078 1356 2364 1425 ὃΠρόῖξατα
2408 1355 2767 1409 ἀπολωλότα
2803 1354 3054 1423 ἐγενήθη
3089 1357 3122 1408 d
3151 1356 3303 1418 λαός
3326 1371 3467 1422 μου.

2092 1446 2211 1499 Ἵνα
2244 1446 2352 1516 γὰρ
2382 1447 2457 1517 μὴ
2488 1446 2618 1519 λέγῃ
2645 1463 2751 1508 τις,
2779 1446 2932 1508 Τίνος
2962 1445 3151 1497 ἕνεκεν
3185 1443 3474 1508 ἀπώλεσας
3501 1445 3598 1498 καὶ

2018 1535 2249 1601 σώζειςς
2283 1536 2372 1589 διὰ
2399 1537 2498 1603 τὴν
2541 1537 2751 1589 οἰκείαν
2796 1535 3075 1607 ρᾳθυμίαν
3128 1536 3408 1589 ἀπώλοντο
3444 1536 3598 1589 αὐτοὶ

337 1640 514 1685 erant.
559 1628 727 1697 igitur
772 1627 895 1681 illos
933 1625 1064 1681 dare
1098 1639 1287 1696 poenas
1336 1626 1659 1697 oportebat,
1711 1626 1806 1681 sed
1860 1634 1916 1679 et

2041 1626 2112 1679 :a‘t
2135 1630 2184 1680 oi
2214 1627 2539 1696 προστάται.
2567 1626 2681 1679 Οὐκ
2706 1626 2798 1680 οὖν
2818 1627 3062 1689 ἐκείνους
3087 1625 3193 1679 ἔδει
3214 1625 3396 1680 δοῦναι
3418 1625 3597 1697 δίκην.

339 1720 495 1783 istos,
527 1733 594 1774 ne
622 1718 728 1772 illis
768 1724 1045 1787 parerent.

411 1813 575 1869 Obliti
596 1820 719 1868 sunt
746 1811 933 1865 cubilia
966 1812 1071 1866 sui.

410 1905 605 1961 Patria:
633 1904 830 1961 oblitos
854 1918 999 1971 esse,
1030 1917 1217 1960 eorum
1244 1902 1526 1960 delictum.

412 2089 577 2145 Vens.
614 2088 671 2144 '1.
717 2086 915 2142 Omnes
959 2087 1048 2154 qui
1092 2087 1403 2140 invenerunt
1441 2100 1528 2139 eos
1578 2083 1916 2138 absumebam

340 2198 450 2235 €08.

413 2271 547 2327 Vide
572 2283 630 2325 ut
658 2270 928 2341 benignus
979 2269 1096 2338 ipse
1130 2267 1224 2332 sit,
1259 2267 1451 2323 solitus
1476 2267 1546 2321 ab
1582 2268 1736 2322 initio
1759 2267 1920 2323 bene-

342 2365 460 2418 ﬁcia
489 2364 543 2418 in
569 2363 687 2418 illos
712 2360 996 2426 conferre;
1029 2361 1104 2413 illi
1138 2360 1560 2430 contra,iuiqui.

426 2453 541 2508 Hoc
574 2462 679 2516 est,
713 2467 781 2507 ne
814 2452 888 2506 sit
945 2450 1098 2504 vobis
1145 2459 1298 2519 grata
1356 2449 1616 2505 habitatio
1655 2448 1917 2519 Babylon,

344 2544 596 2610 quoniam
628 2541 697 2596 ibi
727 2546 1129 2605 remanserunt,
1159 2537 1242 2593 vel
1275 2538 1320 2592 si
1353 2552 1456 2591 nou
1486 2539 1627 2601 hoc,
1664 2545 1916 2604 tanquam

345 2635 628 2695 dracones,
657 2631 712 2685 id
745 2639 849 2697 esl,
884 2629 1171 2685 horribiles
1202 2639 1257 2684 et
1290 2628 1498 2683 infesti.

413 2723 573 2777 Vens.
622 2720 708 2776 l2.
747 2722 813 2774 1η
849 2721 1014 2785 bona,
1050 2720 1357 2774 novissima.

411 2814 669 2870 Ultimam
708 2822 872 2868 vocat
904 2813 1112 2867 ratione
1137 2810 1239 2865 loci
1264 2848 1282 2875 ,
1315 2810 1455 2877 quod
1477 2822 1666 2864 omnes
1702 2808 1921 2862 device-

347 2906 418 2960 rit
457 2907 746 2960 destrueus
796 2919 910 2960 eos.
951 2902 1047 2958 Vel
1095 2904 1218 2972 quia
1271 2901 1382 2956 Deo
1440 2902 1721 2972 peccavit,
1759 2901 1920 2970 idque

1947 1692 1990 1746 Β
2020 1717 2155 1769 ἀλλά
2182 1692 2279 1769 καλ.
2302 1718 2524 1781 τούτους
2544 1757 2559 1781 ,
2592 1716 2734 1769 ὥστε
2762 1720 2854 1770 καὶ
2883 1716 3187 1770 πείθεσθαι.

2103 1807 2492 1861 Ἐπελὰθοντο
2513 1808 2718 1873 κοίτης
2745 1807 2966 1862 αὐτῶν.

2090 1891 2264 1946 Τοῦτο
2311 1893 2493 1949 αὐτῶν
2529 1896 2817 1964 ἔγκλημα,
2853 1896 2914 1949 τὸ
2949 1895 3050 1966 τῆς
3094 1897 3354 1967 πατρίδος
3405 1897 3600 1950 ἐπιλα-

2021 1981 2233 2037 θέσθαι.

2090 2073 2324 2142 Πάντες
2349 2077 2405 2130 ol
2436 2078 2835 2146 eﬁplaxoweg
2853 2077 3098 2143 αὐτούς.

2120 2257 2236 2328 Ορα
2274 2257 2392 2321 πῶς
2417 2257 2579 2322 αὐτὸς
2610 2257 2991 2329 φιλάνθρωπος
3021 2259 3230 2315 ἀνωθεν
3256 2260 3463 2327 είωθὺς
3495 2264 3599 2317 αύι-

2019 2346 2145 2409 τοὺς
2175 2348 2508 2417 εὐεργετεῖν,
2549 2350 2600 2402 οἱ
2627 2349 2684 2402 δὲ
2718 2349 2912 2404 ἄδικοι.

2090 2438 2369 2506 Τουτέστι,
2403 2440 2478 2511 μὴ
2498 2442 2928 2514 ἐμφιλοχωρείτε
2977 2447 3044 2515 τῇ
3069 2445 3372 2513 Βαϐυλῶνι,
3405 2450 3598 2521 ἐπειδὴ

2020 2529 2382 2599 ἐναπέμειναν
2403 2532 2620 2584 ἐκεῖ.Ἢ
2643 2534 2692 2585 εί
2713 2533 2789 2605 μὴ
2808 2534 2987 2601 τοῦτο,
3018 2535 3093 2599 ὡς
3116 2537 3431 2607 δράκοντες,
3450 2558 3601 2596 τουτ-

2020 2619 2140 2671 έστι
2168 2621 2391 2691 φοϐεροὶ
2420 2623 2517 2675 καὶ
2544 2623 2825 2692 ἐπαχθεῖς.

2104 2709 2229 2762 Ἐπ’
2258 2711 2468 2779 ἀγαθὰ,
2497 2712 2748 2781 ἐσχάτη.

2105 2804 2238 2857 Ἀπὸ
2263 2804 2357 2858 τοῦ
2398 2810 2565 2860 τόπου
2600 2809 2767 2879 φησὶν
2804 2809 3062 2881 ἐσχάτην,
3095 2814 3177 2866 ὅτι
3210 2814 3352 2868 κατὰ
3379 2816 3600 2872 πάντων

2022 2896 2328 2966 ἐκράτησεν
2352 2897 2651 2968 ἀναιροῦσα
2672 2900 2891 2964 αὐτούς.
2912 2903 2983 2954 Ἢ
3010 2904 3092 2956 ὅτι
3114 2904 3192 2975 τῷ
3213 2905 3332 2976 Θεῷ
3352 2907 3595 2979 ἥμαρτε·

345 2997 613 3065 pracipue
653 2995 867 3064 quidem
905 3008 970 3047 ex
1007 2992 1391 3060 praedictione,
1443 2992 1639 3045 deinde
1684 3005 1813 3044 vero
1851 3004 1914 3043 ex

2041 2984 2261 3038 ,ιάλιστα
2294 2986 2392 3056 μὲν
2418 2989 2513 3040 καὶ
2547 2988 2613 3040 ἐκ
2638 2988 2740 3056 τῆς
2783 2991 3177 3060 προρρήσεως,
3212 2993 3402 3048 ἔπειτα
3438 2996 3498 3050 δὲ
3532 2999 3599 3052 ἐκ

346 3086 521 3142 reditu
554 3084 779 3140 ludaico
810 3084 1157 3138 manifestum
1190 3090 1297 3137 est.
1334 3082 1436 3148 Qui
1472 3082 1615 3136 enim
1651 3081 1920 3149 persuasit

343 3179 426 3230 eis
459 3176 549 3242 qui
579 3174 851 3229 civitatem
883 3181 1160 3237 ceperant,
1194 3181 1252 3224 ut
1280 3172 1378 3225 bos
1407 3172 1742 3225 dimitterent
1772 3179 1920 3223 tanta

345 3282 470 3320 cum
518 3267 724 3319 honore
747 3302 763 3328 ,
806 3263 854 3317 is
885 3262 1072 3330 utique
1098 3269 1153 3315 et
1184 3262 1466 3315 victoriam
1514 3269 1769 3328 operatus
1799 3270 1919 3322 est,

348 3358 549 3426 passim
579 3354 810 3409 aliirmut
845 3354 986 3407 illam
1023 3366 1054 3405 a
1090 3352 1198 3406 Deo
1232 3353 1393 3405 tradi.

422 3448 580 3503 Vens.
617 3448 698 3501 16.
738 3447 778 3499 .4
818 3446 954 3513 facie
983 3445 1151 3513 gladii
1176 3444 1374 3497 (ἐτίθει.

416 3538 630 3593 Etenim
678 3538 720 3592 si
769 3551 960 3591 errans
1009 3550 1113 3588 nou
1163 3532 1378 3598 fuisset,
1424 3543 1580 3600 capta
1614 3548 1722 3587 non
1755 3543 1919 3594 esset,

348 3631 548 3700 quippe
589 3641 795 3683 uatum
825 3627 1253 3682 imbecillitatem
1308 3627 1384 3680 vis
1415 3625 1650 3694 pastoris
1687 3624 1920 3679 circum-

349 3724 602 3775 vallahat.
635 3720 762 3777 Ovis
804 3729 922 3791 erat
945 3758 961 3783 ,
994 3719 1086 3774 sed
1129 3719 1230 3773 sub
1265 3727 1484 3786 pastore
1528 3717 1673 3781 Deo;
1708 3718 1752 3770 si
1802 3717 1921 3769 ovis

351 3815 739 3883 pi'rlnaﬂ3i888l
761 3811 974 3865 subdita
1020 3819 1075 3864 el.
1111 3808 1406 3871 obediens,
1452 3822 1557 3860 non
1589 3819 1747 3875 passa
1780 3812 1923 3858 esset

352 3921 470 3972 qua:
493 3919 645 3974 passa
678 3913 762 3959 est
782 3942 798 3967 .
823 3919 926 3958 non
956 3904 1101 3957 enim
1134 3911 1354 3970 propter
1385 3897 1757 3966 impotentiam
1780 3937 1795 3962 ,
1830 3896 1920 3949 sed

351 3995 493 4063 quod
529 4010 588 4047 se
618 4008 647 4047 e
687 3994 929 4048 Pastoris
967 3992 1305 4063 providentia
1347 3989 1628 4049 subduxit,
1666 3986 1925 4042 sustinuit

352 4100 471 4155 qua:
508 4085 785 4139 sustinuit.

427 4176 583 4231 Vens.
617 4176 704 4232 Π.
750 4175 942 4230 Leones
979 4175 1292 4242 expulerunt
1319 4188 1462 4226 eum.

424 4268 559 4323 Vide
590 4279 647 4323 ut
679 4269 877 4338 passim
912 4266 1206 4336 exprobret
1238 4277 1432 4335 paenae.

420 4450 585 4504 Vens.
628 4448 715 4503 18.
760 4448 1043 4515 Propterea
1083 4449 1191 4500 lucc
1219 4446 1365 4500 dicit.

424 4542 534 4594 Non
585 4541 818 4594 habebas
856 4549 1038 4604 aptum
1072 4536 1414 4605 exemplum?
1464 4534 1577 4589 Non
1626 4534 1920 4589 audiebas?

351 4633 795 4699 Comma/tendam
849 4630 1021 4682 orbem
1076 4636 1339 4682 terrarum
1408 4629 1559 4695 quasi
1613 4627 1821 4690 nidum,
1871 4637 1921 4680 et

348 4727 500 4789 quasi
531 4722 777 4776 derelicta
823 4736 916 4773 ora
984 4735 1289 4772 consumam
1336 4719 1401 4771 ³¹.
1438 4717 1548 4772 Hoc
1583 4716 1784 4771 factum
1815 4728 1911 4782 est,

342 4829 402 4866 et
453 4816 609 4865 tinem
655 4812 861 4866 habuit.
918 4810 1107 4864 Vidisti
1149 4810 1292 4877 quod
1340 4822 1439 4876 ego
1490 4809 1637 4863 illum
1688 4808 1915 4874 tradidi,

350 4904 517 4957 inulto
549 4902 719 4969 magis
746 4903 812 4955 de
841 4902 1011 4970 teipso
1041 4911 1219 4955 certus
1250 4900 1349 4955 sis.

419 4994 584 5048 Vens.
613 4995 699 5048 20.
742 4994 1010 5059 Qumrent.

418 5086 534 5140 Non
584 5086 719 5139 dixit
762 5102 776 5138 :
809 5085 944 5152 Quia
978 5086 1067 5140 ille
1100 5088 1153 5139 in
1190 5086 1469 5140 meliorem
1502 5084 1708 5156 frugem
1737 5102 1796 5141 se
1828 5102 1916 5141 re-

349 5176 596 5239 vocavit;
630 5174 723 5228 sed
751 5192 763 5227 :
793 5175 1055 5240 Quoniam
1084 5188 1183 5241 ego
1209 5176 1345 5227 iram
1381 5174 1572 5241 abjeci.
1605 5174 1716 5228 Nec
1742 5176 1918 5227 dixit:

349 5266 464 5319 Erit
489 5265 704 5333 quidem
735 5265 835 5328 ira,
867 5270 980 5329 sed,
1013 5264 1126 5319 Non
1153 5265 1470 5323 ulciscetur.
1503 5264 1598 5319 sed
1627 5265 1784 5333 plane
1817 5280 1920 5318 non

351 5357 652 5426 apparebit.
706 5355 933 5411 Peccata
965 5372 1092 5425 ergo
1124 5372 1243 5412 eam
1278 5357 1638 5421 tradiderunt,
1666 5371 1770 5411 non
1813 5357 1919 5410 im-

355 5446 617 5513 rotantia.

429 5616 476 5649 ³³
508 5617 612 5673 lsa.
647 5622 819 5680 1,”.

2023 3077 2121 3145 τῆς
2149 3077 2338 3131 ἀνόδου
2359 3080 2459 3145 τῆς
2500 3081 2801 3149 Ἰουδαϊκῆς
2828 3080 2991 3136 τοῦτο
3021 3084 3200 3153 δῆλον.
3247 3087 3306 3140 Ὀ
3330 3088 3439 3159 γὰρ
3465 3091 3596 3154 τοὺς

2021 3165 2284 3231 λαϐόντας
2308 3168 2407 3238 τὴν
2441 3169 2595 3222 πόλιν
2625 3170 2930 3235 ἀναπείσας
2952 3173 3178 3239 τούτους
3211 3177 3429 3245 ἀφεῖναι
3457 3180 3601 3250 μετά

2021 3255 2291 3326 τοσαύτης
2342 3258 2548 3329 τιμῆς,
2587 3254 2742 3323 οὗτος
2789 3262 2884 3314 καὶ
2933 3263 3030 3333 τὴν
3073 3266 3231 3337 νίκην
3280 3269 3599 3339 εἰργάσατο,

2024 3349 2299 3418 πανταχοῦ
2335 3367 2519 3419 φησιν,
2552 3352 2635 3405 ὅτι
2672 3354 2700 3404 ό
2730 3352 2863 3418 Θεὸς
2898 3356 3066 3425 αὐτὴν
3097 3359 3454 3429 παραδίδωσι.

2104 3442 2239 3496 Ἀπὸ
2259 3443 2581 3510 προσώπου
2600 3448 2897 3516 μαχαίρας
2931 3448 3314 3521 Ἑλληνικῆς.

2092 3533 2157 3587 El
2197 3535 2271 3604 μὴ
2310 3535 2418 3605 γὰρ
2452 3537 2867 3607 πεπλανημένον
2900 3538 2986 3613 ἦν,
3018 3543 3116 3612 οὐχ
3148 3543 3322 3597 ἑάλω·
3356 3543 3457 3615 τὴν
3488 3544 3600 3616 γὰρ

2024 3624 2131 3678 ἀπὸ
2156 3626 2255 3696 τῆς
2287 3626 2501 3694 φύσεως
2543 3629 2827 3681 ἀσθένειαν
2857 3632 3120 3701 ἐτείχιζεν
3152 3635 3184 3703 ἡ
3212 3633 3306 3687 τοῦ
3338 3636 3600 3704 ποιμένος

2026 3715 2198 3785 ἰσχύς.
2235 3717 2514 3788 Πρόϐατον
2544 3714 2633 3790 ἦν,
2666 3721 2777 3773 ἀλλ’
2808 3723 2915 3775 ὑπὸ
2947 3725 3161 3793 ποιμένι
3195 3725 3353 3796 Θεῷἱο
3385 3728 3433 3779 εί
3462 3730 3601 3799 πρό-

2026 3807 2188 3860 ϐατον
2217 3807 2399 3878 ἔμεινε
2432 3812 2527 3862 καὶ
2559 3812 2894 3877 καταπειθὲς
2915 3855 2928 3876 ,
2957 3817 3053 3868 καὶ
3093 3816 3353 3885 ὑπήκοον,
3400 3818 3499 3871 οὐκ
3528 3819 3598 3873 ἀν

2024 3898 2225 3951 ἔπαθεν
2255 3901 2401 3970 ἅπερ
2429 3900 2650 3955 ἔπαθεν·
2689 3904 2810 3956 οὐδὲ
2838 3904 2948 3975 γὰρ
2974 3904 3033 3969 ἐξ
3063 3905 3366 3969 ἀσθενείας,
3393 3909 3507 3963 ἀλλ’
3530 3912 3600 3966 ἐκ

2025 3988 2123 4041 τοῦ
2176 3990 2275 4059 τῆς
2332 3994 2696 4063 ποιμαντικῆς
2741 3995 3122 4067 ἀπορραγῆναι
3171 4001 3456 4069 προνοίας,
3491 4000 3590 4056 ὑπ’

2023 4082 2237 4151 έμεινεν
2269 4082 2411 4151 ἅπερ
2439 4084 2750 4153 ὑπέμεινεν.

2093 4172 2349 4238 Δέον-τες
2390 4174 2628 4238 ἕξωσαν
2654 4179 2857 4231 αὐτόν.

2101 4264 2272 4335 Ὅρα,
2305 4266 2423 4328 πῶς
2470 4270 2744 4337 πανταχοῦ
2775 4270 2872 4340 τὴν
2910 4270 3160 4325 ἐπίτασιν
3191 4273 3290 4343 τῆς
3328 4276 3596 4345 τιμωρίας

1959 4352 2001 4405 ι)
2032 4357 2269 4425 ἐγκαλεῖ.

2094 4449 2196 4503 Διὰ
2235 4450 2408 4503 τοῦτο
2438 4452 2574 4505 τάδε
2598 4452 2777 4521 λέγει.

2093 4542 2208 4595 Οὐκ
2266 4537 2411 4611 εἶχες
2464 4544 2644 4597 ἱκανὸν
2694 4546 3079 4617 παράδειγμα;
3133 4549 3246 4601 Οὐκ
3298 4550 3493 4618 ἤκουες
3545 4549 3601 4602 τί

2025 4633 2209 4701 ἔλεγεν
2236 4636 2473 4701 ἐκεῖνος;
2507 4637 2935 4705 [incallide/tat
2980 4638 3095 4705 τὴν
3130 4641 3492 4706 οἰκουμένην
3518 4641 3600 4706 ὡς

2023 4728 2286 4777 ⁴νοσσιὰν
2332 4724 2429 4777 καὶ
2479 4726 2559 4789 ὡς
2593 4726 3096 4794 καταλελειμμένα
3149 4725 3401 4793 ὠάἀρῶ.
3460 4727 3601 4778 Τοῦ-

2024 4818 2313 4882 τογέγονε,
2370 4817 2463 4869 καὶ
2504 4817 2654 4878 τέλος
2704 4816 2923 4869 ἐλαϐεν
2954 4812 3106 4879 Εἶδες
3144 4818 3223 4869 ὃτι
3255 4817 3364 4885 ἐγὼ
3390 4819 3596 4869 ἐκεῖνον

2026 4905 2335 4972 παρέδωκα,
2363 4906 2542 4975 πολλῷ
2571 4908 2768 4976 μᾶλλον
2803 4908 2895 4960 καὶ
2925 4906 3056 4977 περὶ
3087 4905 3285 4958 σαυτοῦ
3317 4906 3591 4975 πείσθητι.
3665 4905 3675 4923 ⁵

2095 4997 2457 5062 Ζητήσουσι.
3670 4986 3675 4993 ’

2091 5086 2205 5138 οὐκ
2229 5082 2401 5148 εἶπεν,
2431 5086 2647 5155 Ἐπειδὴ
2680 5084 3053 5155 διωρθώσατο’
3087 5086 3223 5147 ἀλλ’,
3248 5085 3469 5155 Ἐπειδή
3497 5087 3598 5153 τῆς

2024 5177 2189 5244 ὀργῆς
2237 5178 2476 5245 ἀπέστην
2511 5176 2641 5244 ἐγὼ.
2670 5179 2783 5229 Οὐκ
2828 5173 3000 5240 εἶπεν,
3045 5178 3126 5230 ὅτι
3157 5179 3350 5230 Ἔσται
3379 5176 3501 5246 μὲν,
3534 5176 3596 5228 ού

2025 5268 2399 5336 τιμωρήσεται
2441 5268 2530 5330 δέ,
2557 5267 2694 5328 ἀλλ’,
2733 5267 2866 5321 Οὐδὲ
2915 5270 3163 5336 φανεῖται
3200 5267 3358 5335 αύτή’
3392 5266 3501 5337 ἄρα
3532 5266 3600 5317 τὰ

2027 5358 2395 5429 ἁμαρτήματα
2420 5358 2587 5428 αὐτὴν
2615 5359 2951 5427 παρέδωκεν,
2980 5359 3077 5411 οὐκ
3107 5357 3378 5411 ἀσθένεια.
