4004 6156
551 232 687 289 1035

610 329 747 405 Πῶς
777 338 1203 407 συνεκλάσθης

615 426 768 491 Εἶδες
797 428 916 490 πῶς
947 427 1294 498 παρέστησεν
1323 425 1493 496 αὐτῆς
1518 422 1619 495 τὴν
1671 422 1854 493 ίσχύν;
1878 420 1996 485 πῶς
2021 422 2123 492 τὴν

549 516 761 587 πληγὴν
809 515 909 586 τὴν
961 514 1270 585 ἁφόρητον;
1300 511 1434 566 Εῐτα
1468 510 1743 581 πανταχοῦ
1775 527 1959 581 φησιν,
2000 510 2122 563 Ὅτι

554 607 624 678 τῷ
678 605 864 675 Κυρίῳ
894 606 1145 675 ἀντέστη,
1196 606 1444 674 ἥμαρτε·
1486 602 1583 655 καὶ
1646 601 1737 654 τὸν
1777 600 1982 671 τρόπον
2026 601 2126 671 τῆς

550 696 844 769 ἁμαρτίας,
877 695 1081 760 Καθὼς
1113 694 1384 761 ἐποίησε,
1405 692 1796 761 ποιηθήσεται
1819 690 1996 759 αὐτῇ.

633 785 1020 842 Ἀνταπόδοτε
1053 783 1228 852 αὐτῇ.

623 878 735 933 Kal
778 876 879 948 τὴν
914 875 1335 947 μακροθυμίαν,
1369 874 1452 927 ὅτι
1482 874 1608 945 ἥκει
1639 876 1668 927 ό
1702 873 1890 944 καιρὸς
1931 874 2123 943 αὐτῆς.

554 971 722 1023 Ὥστε
769 970 863 1022 καὶ
902 966 995 1021 τδν
1040 964 1231 1038 καιρὸν
1273 965 1561 1036 ἀνέμεινε,
1608 966 1706 1020 καὶ
1758 966 1913 1020 οὐδὲν
1961 966 2127 1020 πλέον

551 1059 789 1128 δγένετο.

628 1148 777 1202 Τάδε
812 1149 975 1216 λέγει
1010 1146 1246 1216 Κύριος.

623 1239 737 1291 Οὐκ
772 1237 1049 1308 ἠθέλησαν
1088 1235 1359 1290 ἀπολῦσαι
1385 1234 1605 1298 αὐτούς.
1642 1234 1714 1288 Ἧ
1748 1231 1908 1290 τοῦτό
1937 1251 2123 1304 φησιν,

551 1329 636 1382 ὅτι
664 1329 765 1382 οὐκ
804 1328 872 1382 ἂν
926 1328 1205 1381 ἀπέλυσαν
1250 1326 1460 1398 οὕσπερ
1492 1327 1749 1396 κατεῖχον
1793 1326 2125 1396 αὐτοπροαι-

555 1420 747 1490 ρέτως,
780 1417 895 1472 ἀλλ’
924 1417 1248 1472 ἀνθίσταντο
1301 1417 1378 1489 τῷ
1426 1417 1564 1488 θεῷ,
1596 1416 1851 1488 καθάπερ
1891 1418 1921 1472 ό
1957 1418 2129 1486 Αίγύ-

553 1526 708 1572 πτιος
734 1508 953 1580 Φαραώ.

623 1602 827 1667 Καθὼς
861 1602 1252 1670 κατέστρεψε.

624 1695 690 1748 Τί
726 1689 859 1758 οὖν,
909 1693 971 1746 οὐ
1016 1695 1381 1758 κατοικεῖται;
1438 1691 1649 1762 Ὥσπερ
1693 1686 1787 1745 οὖν
1822 1691 1981 1744 τοῦτο
2031 1693 2129 1762 τῆς

555 1788 895 1859 ὑπερϐολῆς,
926 1787 1069 1840 οὕτω
1099 1786 1195 1840 καὶ
1220 1787 1351 1839 ὅταν
1381 1786 1519 1856 λέγῃ
1538 1802 1554 1818 ·
1589 1784 1788 1848 Καθὼς
1819 1783 2035 1856 ὤμοσα,
2072 1786 2131 1840 ὲν

554 1880 634 1944 τῷ
674 1880 833 1932 ὕδατι
867 1878 946 1949 τῷ
976 1879 1070 1931 ἐπὶ
1115 1878 1240 1932 Νῶε
1276 1876 1334 1943 ἐξ
1365 1874 1671 1947 ὑπερϐολῆς
1693 1891 1707 1906 ·
1738 1871 1879 1949 εἷται
1894 1876 2131 1946 συνεχῶς

556 1969 883 2040 ἐνδιατρίϐει
918 1944 1065 2032 ⁷τοῖς
1145 1970 1328 2031 αὐτοῖς
1416 1944 1638 2036 λόνοιςξ
1690 1944 1884 2030 Τίνοςυ
1906 1944 2129 2036 ἓνειιενς

568 2060 793 2130 Ἐπειδὴ
832 2058 1062 2112 ἄπιστον
1108 2053 1178 2128 ἦν
1227 2058 1324 2111 καὶ
1350 2057 1656 2129 παράδοξον
1695 2057 1758 2110 τὸ
1797 2057 2129 2128 λεγόμενον,

557 2152 639 2204 ὅτι
677 2148 933 2202 Βαϐυλὼν
954 2148 1237 2224 ⁴ἁλώσεται
1256 2190 1271 2214 ,
1299 2148 1586 2220 ταχυτέρῳ
1621 2146 1886 2220 κέχρηται
1915 2150 2128 2221 τρόπῳ,

560 2242 805 2304 ἐκτείνας
833 2239 933 2310 τὴν
962 2239 1164 2294 ἅλωσιν
1189 2236 1380 2312 αὐτῆς.

644 2332 799 2387 Ἰδοὺ
857 2332 1006 2398 λαὸς
1058 2332 1292 2401 ἔρχεται
1349 2332 1471 2386 ἀπὸ
1519 2332 1716 2401 Eappa
1737 2373 1752 2399 ,
1798 2333 1896 2387 καί
1955 2333 2132 2400 ἔθνος

555 2422 739 2492 μέγα,
770 2422 866 2477 καὶ
891 2423 1173 2488 βασιλεῖς
1206 2422 1702 2492 ἐξεγερθήσονται
1736 2425 1837 2479 ἀπ’
1866 2425 2131 2496 ἐσχάτου

562 2513 668 2580 τῆς
698 2513 837 2584 τῆς,
872 2514 1052 2577 τόξον
1100 2514 1196 2568 καί
1253 2515 1611 2584 ἐγχειρίδιον
1638 2514 1905 2584 ἔχοντες.

632 2605 941 2670 Τουτέστιν,
964 2604 1188 2657 ἀσπίδα·
1210 2604 1370 2657 τοῦτο
1396 2605 1464 2673 γὰ
1472 2622 1506 2676 ρ
1535 2606 1830 2678 ἑρμηνεῦσι
1854 2608 1915 2662 τὺ
1942 2609 2132 2678 ἐγχει-

552 2695 752 2764 ρίδιον
773 2735 788 2760 ,
816 2694 894 2765 τῷ
929 2696 1059 2764 περί¹
1086 2696 1146 2747 τὸ
1175 2697 1233 2748 ὲν
1261 2698 1327 2765 τῇ
1360 2697 1511 2767 χειρὶ
1540 2696 1823 2767 φέρεσθαι.

630 2788 786 2842 Ἰδοὺ
834 2788 914 2853 ὼς
965 2785 1122 2841 λέων
1167 2787 1535 2855 ἀναϐήσεται
1574 2788 1696 2844 άπὸ
1746 2790 2132 2861 φρυάγματος

560 2877 667 2933 τοῦ
702 2876 999 2949 Ἰορδάνρυ
1035 2878 1125 2942 είς
1151 2878 1339 2930 τόπον
1365 2877 1571 2946 Ἐθάμ.

1689 222 2115 281 FRAGMENTA
2154 220 2223 277 IN
2262 220 2630 279 JEREMIAM.

2150 339 2201 397 Α
2299 333 2466 391 Vens.
2491 335 2584 389 25.
2618 335 2890 400 Quomodo
2921 335 3228 405 confractus
3257 344 3307 391 et
3337 337 3593 392 contritus
3615 340 3642 393 2³

3661 225 3678 278 l
3688 223 3796 280 ομ

2296 421 2462 480 Vides
2516 426 2788 495 quomodo
2836 426 2978 481 illius
3012 427 3154 482 vires
3185 428 3494 497 expressit?
3528 432 3799 497 quomodo

2224 511 2438 583 plagam
2487 516 2883 573 intolerabilem
2917 518 2942 570 ?
3000 517 3203 572 Deinde
3259 518 3462 584 passim
3502 518 3624 574 ait:
3660 519 3798 587 Quia

2228 601 2456 661 Domino
2519 608 2768 671 restitit,
2820 609 3113 679 peccavit;
3163 610 3494 679 modumque
3544 614 3802 681 exprimit

2225 695 2435 762 peccati
2463 709 2479 748 :
2513 694 2661 751 Sicut
2692 697 2833 765 fecit,
2872 698 2961 766 ﬁet
2991 698 3091 751 illi.

2299 784 2468 841 Vens.
2507 787 2596 842 29.
2640 786 2934 842 Relribuile
2966 788 3035 842 ei.

2299 877 2367 931 Et
2424 877 2931 947 longanimitatem,
2997 880 3252 948 quoniam
3314 881 3534 937 advenit
3590 892 3799 952 tempus

2227 968 2369 1036 ejus.
2397 967 2474 1021 lla
2507 977 2563 1021 et
2590 976 2800 1037 tempus
2830 971 3188 1039 exspectavit,
3210 982 3264 1026 et
3292 973 3424 1028 nihil
3454 975 3579 1031 boni
3607 991 3800 1033 conse-

2229 1071 2438 1114 cutum.

2305 1142 2472 1199 Vens.
2511 1145 2600 1199 3'5.
2638 1143 2769 1200 Haec
2799 1147 2927 1201 dicit
2962 1148 3237 1205 Dominus.

2304 1235 2603 1290 Noluerunt
2628 1250 2723 1291 eos
2755 1237 3053 1295 dimittere.
3084 1240 3183 1297 Vel
3209 1244 3310 1299 hoc
3340 1245 3492 1311 dicit,
3517 1248 3662 1316 quod
3690 1264 3796 1305 non

2231 1335 2423 1394 sponte
2457 1325 2798 1382 dimisissent
2830 1343 2926 1384 eos
2973 1345 3111 1400 quos
3171 1335 3505 1400 detinebant,
3538 1340 3631 1393 sed
3667 1340 3803 1396 resi-

2231 1416 2448 1470 stebant
2472 1414 2617 1483 Deo,
2650 1420 3101 1483 quemadmodum
3134 1422 3417 1495 Egyptius
3445 1426 3672 1484 Pharao.

2303 1599 2469 1659 Vens.
2510 1601 2601 1660 40.
2636 1602 2787 1659 Sicut
2818 1607 3088 1663 subvertit.

2302 1692 2447 1761 Quid
2483 1709 2635 1765 ergo,
2669 1711 2736 1749 an
2780 1712 2886 1752 nou
2929 1698 3248 1757 habitatur?
3296 1703 3449 1761 Sicut
3490 1707 3652 1779 igitur
3698 1712 3802 1767 hoc

2232 1784 2439 1841 dictum
2490 1785 2839 1856 hyperbolice
2901 1798 3021 1854 est,
3076 1791 3149 1845 ita
3202 1802 3256 1847 et
3315 1810 3436 1850 cum
3484 1799 3600 1865 ait,
3648 1799 3803 1858 Sicut

2230 1877 2408 1945 juravi
2454 1876 2522 1931 de
2563 1891 2700 1944 aqua
2738 1886 2982 1947 tempore
3012 1879 3160 1947 Noe,
3199 1883 3565 1954 hyperbolice.
3603 1891 3803 1948 Deinde

2234 1964 2439 2034 pluries
2482 1966 2670 2019 eadem
2720 1969 2952 2037 repetit,
2983 1972 3113 2039 quid
3162 1972 3281 2026 ita?
3311 1973 3573 2041 Quoniam
3620 1979 3800 2037 incre—

2234 2061 2399 2116 dibile
2440 2069 2593 2127 erat,
2630 2071 2686 2116 et
2732 2072 2929 2130 praeter
2962 2064 3275 2132 opinionem
3306 2068 3449 2133 quod
3493 2068 3795 2136 dicebatur,

2235 2153 2351 2209 fore
2375 2163 2434 2209 ut
2456 2154 2694 2226 Babylon
2722 2166 3143 2225 expugnaretur,
3173 2159 3356 2226 paucis
3385 2173 3496 2214 rem
3523 2163 3796 2231 exprimit,

2233 2245 2570 2312 ampliﬁcatis
2596 2244 2713 2315 ejus
2741 2246 3219 2314 expugnationem.

2306 2333 2473 2389 Vens.
2529 2335 2619 2389 4i.
2674 2333 2810 2389 Ecce
2857 2336 3081 2405 populus
3130 2337 3264 2390 venit
3307 2337 3372 2390 ab
3418 2340 3702 2408 Aquilone,
3750 2353 3799 2397 et

2247 2445 2370 2498 gens
2400 2445 2611 2498 magna,
2647 2439 2694 2482 et
2725 2444 2864 2497 reges
2887 2429 3252 2482 excitabuntur
3274 2428 3338 2483 ab
3363 2439 3592 2486 extremo
3616 2441 3793 2501 terrm,

2242 2534 2433 2579 arcum
2464 2525 2513 2570 et
2545 2515 2791 2569 manuale
2821 2514 3089 2569 habentes.

2306 2607 2530 2661 Scutum
2584 2618 2813 2671 nempe,
2867 2605 2968 2658 hoc
3008 2606 3151 2658 enim
3200 2606 3443 2662 manuale
3494 2609 3799 2681 signiﬁcat,

2230 2712 2299 2756 ex
2329 2714 2395 2753 eo
2427 2698 2571 2767 quod
2600 2713 2758 2750 manu
2792 2705 3057 2765 gestatur.

2309 2787 2468 2842 Vens.
2503 2787 2594 2841 44.
2629 2784 2764 2839 Ecce
2786 2786 2938 2856 quasi
2968 2784 3049 2839 leo
3076 2786 3319 2840 ascendet
3348 2788 3414 2842 de
3449 2796 3651 2846 tumore
3675 2792 3802 2848 lor.

2235 2878 2389 2931 danis
2420 2879 2477 2932 in
2505 2877 2678 2932 locum
2706 2876 2921 2930 Elham.

631 2974 822 3027 Λέοντι
851 2973 1152 3044 παρείκασε
1177 2972 1271 3026 τὸν
1291 2972 1496 3042 Μῆδον.
1523 2973 1597 3026 Τὸ
1631 2973 1718 3038 δὲ,
1749 2974 1871 3031 άπὸ
1903 2975 2128 3046 φρυάγ.

2304 2967 2469 3023 Leoni
2500 2967 2834 3036 comparavit
2861 2965 3094 3021 Medum.
3135 2967 3214 3021 De
3237 2978 3442 3023 tumore
3463 2969 3719 3029 Iordanis
3747 2977 3802 3031 iu

558 3079 744 3131 ματος
795 3063 902 3115 τοῦ
961 3060 1257 3129 Ἰορδάνου
1303 3064 1389 3126 είς
1431 3062 1621 3115 τόπον
1660 3062 1880 3130 Ἐθὰμ,
1927 3062 2129 3117 ὡσανεὶ

562 3155 748 3208 αὐτόθι
794 3152 901 3205 τῶν
941 3153 1172 3206 λεόντων
1208 3151 1479 3206 εἰωθότων
1519 3151 1831 3221 φαίνεσθαι.
1874 3152 2050 3227 Ἐθάμ
2072 3155 2132 3211 δὲ

562 3245 718 3309 πόλις
749 3246 896 3299 ἐστὶν
923 3246 1123 3316 ὅμορος
1151 3243 1247 3297 τοῦ
1287 3244 1578 3314 Ἰορδάνου.

1138 3378 1389 3433 ΚΕΦΑΛ.
1429 3378 1559 3432 NA'.

636 3514 930 3582 Ποτήριον
960 3518 1235 3580 χρυσοῦν
1268 3515 1580 3565 Βαὺυλων.

635 3606 701 3658 El
736 3604 997 3672 ποτήριον
1037 3600 1272 3672 χρυσοῦν
1300 3603 1357 3653 ὲν
1394 3601 1539 3672 χειρὶ
1574 3601 1804 3672 Κυρίου,
1844 3601 1990 3665 τίνος
2018 3600 2136 3658 Eva-

569 3713 664 3750 κεν
694 3695 1018 3760 κολάζεται;
1053 3695 1173 3747 Ὅτι
1207 3693 1469 3763 μειζόνως
1506 3692 1735 3747 ἐκόλασε
1756 3734 1771 3759 ,
1806 3695 1900 3747 καὶ
1928 3696 2133 3765 ἐτιμω-

575 3790 810 3858 ρήσατο,
841 3787 948 3857 ἄρα
977 3786 1073 3840 καὶ
1102 3787 1288 3856 ίσχυσε
1318 3786 1386 3840 δι’
1416 3786 1574 3855 ἐμοῦ.

606 3925 613 3929 .
640 3878 748 3931 Καὶ
773 3874 943 3930 δώσω
967 3890 1041 3929 σε
1071 3879 1158 3941 είς
1187 3876 1325 3941 ὄρος
1344 3874 1886 3946 ἑμπςπυρισμένον.

641 3966 953 4030 Τουτέστιν,
982 3966 1058 4029 ὡς
1096 3967 1275 4028 κόνιν,
1317 3947 1404 4016 ἵνα
1432 3965 1564 4035 εῐπῃ
1587 3982 1600 3996 ⁸
1635 3964 1881 4035 ’ἰσχυρόν
1917 3980 1977 4017 σε
2009 3964 2137 4018 ὄντα

2236 3060 2407 3113 locum
2445 3057 2671 3123 Etham,
2706 3057 2865 3129 quasi
2902 3057 2977 3113 ibi
3014 3058 3200 3114 leones
3233 3062 3615 3119 consueverint
3650 3064 3802 3123 habi-

2239 3162 2386 3217 tare;
2420 3150 2614 3235 litham
2644 3150 2839 3205 civitas
2869 3158 2956 3205 est
2979 3148 3200 3205 Jordani
3231 3151 3432 3207 vicina.

2880 3372 3035 3429 CAP.
3076 3372 3160 3426 LI.

2310 3506 2480 3563 Vens.
2512 3507 2564 3561 7.
2601 3505 2755 3561 Calix
2781 3523 2973 3561 aureus
3009 3506 3277 3578 Babylon.-

2316 3598 2371 3651 Si
2419 3597 2559 3651 calix
2612 3613 2813 3651 aureus
2862 3601 2913 3650 in
2963 3613 3123 3651 manu
3173 3602 3424 3670 Domini,
3459 3619 3628 3672 quare
3677 3621 3806 3678 ergo

2243 3684 2581 3755 castigatur?
2622 3685 2772 3750 Quod
2814 3688 3033 3755 gravius
3070 3689 3314 3754 punivit,
3363 3700 3419 3746 et
3451 3693 3634 3750 all'ecit
3679 3712 3781 3768 sup

2243 3775 2452 3844 pliciis;
2486 3774 2652 3842 igitur
2678 3789 2773 3842 per
2804 3789 2888 3828 me
2920 3785 2975 3830 et
3006 3786 3193 3844 potens
3220 3777 3340 3833 fuit.

2317 3862 2481 3917 Vens.
2511 3863 2599 3917 25.
2626 3862 2696 3916 Et
2727 3864 2860 3916 dabo
2886 3874 2935 3916 te
2959 3865 3092 3917 sicut
3125 3878 3347 3923 montem
3374 3872 3715 3929 combustum.

2315 3954 2466 4008 Sicut
2492 3954 2762 4022 pulverem
2814 3955 3095 4022 videlicet;
3129 3961 3283 4028 quasi
3319 3961 3527 4018 diceret
3562 3981 3577 4018 :
3614 3964 3690 4022 Te
3719 3982 3812 4022 ro-

570 4057 652 4119 είς
677 4056 831 4110 οὐδὲν
870 4057 1198 4127 ἐργάσομαι.
1243 4056 1444 4109 Ἐλαϐε
1472 4055 1529 4108 δὲ
1560 4055 1694 4108 αὐτὸ
1726 4058 1792 4109 ὲκ
1824 4059 2133 4127 μεταφορᾶς

2245 4048 2463 4104 bustum
2504 4048 2558 4102 in
2592 4047 2819 4101 nihilum
2860 4049 3128 4118 redigam.
3173 4052 3416 4122 Sumpsit
3442 4070 3603 4123 porro
3637 4068 3810 4112 meta-

568 4148 680 4202 τῶν
709 4145 1016 4217 καιομένων
1040 4146 1202 4200 λίθων
1232 4147 1312 4209 είς
1342 4145 1625 4199 ἄσϐεστον.

2246 4140 2470 4209 phoram
2504 4153 2571 4193 ex
2600 4139 2888 4207 lapidibus,
2917 4144 3008 4208 qui
3043 4143 3455 4210 comburuntur,
3493 4156 3552 4199 ut
3581 4161 3812 4202 conver-

2249 4238 2431 4284 tantur
2467 4230 2518 4282 in
2555 4229 2779 4284 calcem.

643 4332 1086 4401 Παραγγείλατε
1129 4328 1222 4383 ἐπ’
1265 4326 1420 4395 αὐτῇ
1472 4326 1825 4391 ,βασιλείαις
1873 4330 2133 4395 Apapad.

2322 4318 2488 4372 Vens.
2510 4317 2603 4371 27.
2636 4318 2961 4375 Annuntiate
2982 4333 3169 4377 contra
3200 4322 3350 4378 illam
3376 4327 3552 4396 regnis
3579 4328 3808 4383 Araratli

572 4422 708 4488 παρ’
737 4420 904 4490 ἐμοῦ.

641 4512 1045 4582 Καρδαουῒνους
1079 4506 1218 4564 εἷναί
1254 4526 1411 4578 φασι,
1450 4508 1548 4562 καὶ
1579 4510 1693 4572 τοῖς
1750 4505 2143 4576 ’Δχαναζαίοις,

570 4604 698 4665 τοὺς
729 4601 837 4654 ἀπὸ
866 4602 1069 4654 Πόντου
1094 4600 1262 4669 λέγει.

644 4691 874 4745 Διὼκων
898 4694 984 4757 εις
1008 4691 1356 4762 ἀπάντησιν
1386 4692 1707 4757 διώκοντος
1717 4689 2006 4757 διώξεται.

648 4877 910 4930 Τουτέστι
930 4922 945 4945 ,
981 4880 1200 4947 φεύγων
1234 4878 1542 4947 ἀπαντήσει
1587 4873 1865 4946 πολεμίῳ,
1898 4876 2150 4937 κάκεῖνος

576 4967 828 5033 διώξεται
851 5011 865 5034 ,
896 4970 1038 5023 ὥστε
1065 4970 1226 5023 αὑτὸν
1257 4969 1480 5023 ἁλῶναι.

651 5064 795 5116 ’Καὶ
846 5062 1016 5116 ἔσται
1061 5061 1351 5116 Βαϐυλὼν
1391 5062 1479 5125 είς
1518 5060 1896 5127 ἀφανισμὸν,
1929 5057 2027 5109 καί
2066 5059 2152 5122 εἰς

579 5154 888 5208 κατοικίαν
914 5154 1286 5221 δρακόντων,
1319 5152 1417 5204 καὶ
1447 5153 1535 5215 εὶς
1564 5151 1771 5214 θήνας.

648 5245 809 5299 Κατὰ
839 5244 939 5313 μὲν
972 5246 1064 5296 τὸν
1102 5243 1415 5311 Ἑλληνικὸν
1449 5240 1643 5311 μηνύει
1675 5240 1759 5293 ὅτι
1802 5241 1881 5300 εἰς
1914 5238 2152 5309 ἐρημίαν

580 5335 734 5389 ἔσται
781 5334 1114 5403 ἅκανθώδη·
1169 5334 1335 5405 θῆνας
1373 5331 1482 5403 γὰρ
1520 5332 1670 5399 λέγει
1720 5329 1820 5393 τὰς
1864 5328 2151 5397 θάμνους.

2248 4428 2280 4463 a
2314 4428 2412 4465 me.

2321 4502 2619 4559 Carduinos
2665 4517 2788 4560 esse
2818 4504 3042 4572 dicunt,
3080 4515 3136 4562 et
3166 4505 3551 4573 Achanasaeis,
3582 4524 3679 4566 eos
3719 4514 3811 4581 qui

2252 4606 2282 4647 e
2311 4590 2483 4648 Ponto
2514 4605 2672 4661 sunt,
2706 4596 2838 4650 dicit
3236 4604 3239 4607 ’

2321 4681 2487 4737 Vens.
2516 4685 2607 4740 5i.
2651 4684 2973 4755 Persequens
3020 4689 3074 4742 in
3115 4704 3389 4742 occursum
3429 4691 3816 4759 persequentis,

2247 4782 2600 4843 persequetur.

2324 4864 2437 4918 Hoc
2464 4874 2567 4931 est,
2603 4865 2811 4934 fugiens
2838 4875 3092 4919 occurret
3127 4866 3300 4929 hosti,
3327 4874 3382 4919 et
3416 4866 3504 4920 ille
3527 4881 3818 4939 perseque-

2253 4964 2361 5021 tur,
2399 4957 2474 5009 ita
2510 4966 2569 5010 ut
2607 4958 2728 5025 capi
2764 4973 2886 5011 eum
2920 4970 3143 5011 necesse
3174 4958 3266 5011 sit.

2326 5048 2342 5065 ‘
2370 5044 2532 5099 Vens.
2575 5046 2662 5099 57.
2692 5045 2761 5099 Et
2793 5047 2891 5100 erit
2926 5045 3165 5116 Babylon
3198 5046 3254 5098 in
3279 5046 3616 5100 solitudinem
3645 5084 3660 5110 ,
3686 5056 3734 5099 et
3767 5063 3821 5099 in

2257 5137 2635 5191 habitationem
2663 5140 2984 5201 draconum,
3018 5147 3065 5190 et
3096 5137 3151 5189 in
3180 5134 3435 5190 cumulos.

2328 5226 2488 5280 Juxta
2528 5236 2733 5282 textum
2768 5226 3046 5292 Graecum,
3106 5227 3253 5280 illam
3296 5227 3348 5281 in
3389 5226 3684 5280 solitudine
3712 5225 3826 5293 spi-

2262 5333 2450 5371 nosam
2482 5316 2718 5372 l'uluram
2763 5319 3003 5385 indicat;
3035 5316 3283 5372 cumulos
3315 5320 3460 5372 enim
3519 5324 3676 5376 vocat
3707 5314 3827 5383 fru-

594 5428 659 5479 Ὁ
697 5427 756 5479 δὲ
825 5389 1076 5498 Ἑϐραῖος
1121 5389 1607 5491 εὶς-’κοιλότητας
1644 5389 1960 5492 ἑρμηνεύει..
2007 5389 2133 5473 Θωδε

2261 5414 2405 5465 tices.
2457 5410 2528 5465 At
2583 5409 2842 5465 Hebraeus
2901 5409 2958 5462 in
3007 5389 3351 5462 concauitates
3398 5404 3584 5461 habet.
3638 5400 3828 5463 'Ihoou

581 5515 690 5586 γάρ
742 5518 891 5571 ἔστιν
985 5517 1238 5588 κοιλότης
1257 5557 1272 5583 ,
1310 5518 1449 5586 ὅπερ
1480 5514 1672 5584 θῆνιις
1702 5515 2050 5585 ἡρμήνευσεν
2078 5513 2133 5563 εἰς

2262 5501 2406 5557 enim
2434 5500 2641 5556 cavitas
2669 5508 2775 5567 est,
2800 5499 2946 5569 quod
2969 5498 3207 5553 cumulos
3240 5497 3461 5581 Graecus
3486 5495 3633 5566 legit.

585 5608 678 5661 τὸν
721 5606 1051 5679 Ἑλληνικόν.
