4016 6152
279 209 425 265 1055
1025 203 1585 262 SUPPLEMENTUM
1619 204 1711 259 AD
1753 203 1811 259 S.
1848 202 1900 259 1.
1942 204 2430 264 CHRYSOSTOMI
2467 209 2718 267 OPERA.
3398 218 3539 273 £036

350 331 517 386 Vens.
548 326 640 385 58.
673 326 848 383 Simul
888 338 941 381 ut
977 327 1150 382 leones
1189 329 1391 398 rugient
1415 328 1634 397 juvenes
1657 343 1860 384 eorum.
1892 336 1936 388 Α

2036 329 2164 383 Ἐπί
2194 331 2259 382 τὸ
2288 333 2435 385 αὐτὸ
2458 375 2471 396 ,
2501 334 2580 399 ὡς
2612 336 2859 403 λέοντες
2886 337 3230 407 ἐρεύξονται
3256 341 3310 394 οἱ
3339 344 3536 394 νεανί-

1961 434 2101 474 σκοι
2132 421 2350 477 αὐτῶν.

351 516 580 585 Quidam
619 517 724 571 hoc
760 514 828 569 de
864 512 1179 585 Babyloniis
1225 515 1506 583 percussis
1552 514 1855 584 accipiunt,

2031 510 2186 573 Τινὲς
2223 511 2325 577 μὲν
2350 512 2444 563 ἐπὶ
2472 513 2580 566 τῶν
2620 514 3008 585 πληττομένων
3039 518 3173 571 αὐτὸ
3197 518 3392 572 ἔλαϐον
3428 521 3536 574 τῶν

282 608 373 676 qui
414 606 584 676 plagis
633 604 907 669 clament,
956 603 1032 657 ita
1081 612 1142 657 ut
1195 602 1421 672 intelligi
1464 606 1674 673 possit,
1716 605 1858 658 sicut

1961 598 2350 668 Βαϐυλωνίων,
2395 602 2595 655 ὡσανεὶ
2640 605 2997 662 ἀναϐοώντων
3028 608 3138 661 ἀπὸ
3183 609 3286 679 τῆς
3319 610 3537 682 πληγῆς

283 698 368 751 leo
413 696 653 765 rugiens.
686 691 889 748 Verum
930 691 1123 748 melius
1152 701 1236 748 est
1275 693 1378 747 hoc
1413 694 1481 748 de
1513 692 1688 749 Medis
1714 696 1860 749 accl-

1959 689 2317 756 ὲξάκουστον,
2363 693 2617 764 καθάπερ
2679 695 2816 749 λέων
2865 696 3104 768 βρύχιον.
3166 700 3435 768 ⁸Ἀμεινον
3478 703 3534 756 δὲ

285 801 433 855 pore,
470 800 591 838 cum
626 784 915 838 horribiles
940 784 1074 848 sint,
1111 792 1165 837 et
1210 782 1492 853 Scriptura
1526 798 1704 849 sacra,
1736 798 1857 839 cum

1961 782 2056 833 ἐπὶ
2104 781 2213 833 τῶν
2244 782 2446 852 Μήδων
2498 786 2630 839 αὐτὸ
2670 786 2856 841 λαϐεῖν
2879 828 2893 851 ,
2943 790 3019 850 ὼς
3065 788 3312 860 φοϐερῶν
3357 792 3536 844 αὐτῶν

280 878 348 931 de
377 877 482 931 illis
504 876 766 946 loquitur,
792 875 966 930 leonis
989 875 1242 945 exemplo
1272 875 1349 928 uti
1379 876 1747 930 consuet'erit.

1958 872 2127 925 ὅντων
2147 914 2159 934 ,
2189 872 2266 941 τῷ
2297 873 2392 926 τοῦ
2424 874 2638 940 λέοντος
2672 878 3080 949 παραδείγματι
3108 880 3267 932 εἴωθε
3295 881 3532 951 χρῆσθαι

1960 965 1995 1033 ὴ
2022 964 2141 1016 θεία
2171 966 2386 1035 Γραφή.
2499 975 2505 981 ’

361 1058 522 1112 Vens.
558 1058 650 1113 41.
686 1055 961 1123 Quomodo
993 1066 1179 1121 captus
1205 1066 1281 1110 est
1313 1056 1548 1110 Sisoclt?

1048 1066 1179 1121 iptus
1205 1066 1281 1110 est
1313 1056 1501 1110 Sisoclt
1520 1056 1548 1110 Ρ
2033 1060 2050 1077 “
2073 1054 2205 1121 Πῶς
2230 1056 2385 1110 ἑάλω
2409 1058 2634 1127 Σίσόχὶ

352 1148 559 1202 Nomen
593 1149 739 1216 regis
770 1160 891 1204 esse
934 1146 1128 1201 Sisoeh
1157 1156 1416 1202 asserunt
1443 1186 1457 1208 ,
1485 1157 1540 1200 et
1575 1145 1859 1217 [Ethiopes

2035 1144 2243 1211 Ὄνομα
2291 1145 2552 1213 βασιλέως
2597 1142 2735 1199 εἷναί
2781 1164 2912 1216 φασι
2955 1149 3016 1201 τὸ
3061 1150 3254 1222 Σισὸχ,
3305 1155 3534 1225 μηνύειν

283 1237 610 1307 signiﬁcare,
637 1234 869 1302 ducique
894 1249 923 1288 a
944 1233 1115 1298 Chus,
1137 1248 1167 1287 a
1198 1247 1307 1303 quo
1333 1232 1624 1303 Ethiopes
1651 1235 1857 1288 ducunt

1957 1237 2016 1291 δὲ
2044 1240 2170 1301 τοὺς
2214 1239 2475 1304 Αἰθίοπας
2496 1256 2511 1272 ο
2562 1241 2964 1311 ἑρμηνεύεσθαι
2996 1242 3053 1295 δὲ
3084 1245 3195 1297 ἀπὸ
3228 1247 3324 1299 τοῦ
3352 1249 3496 1313 Χοῦς
3517 1291 3531 1314 ,

282 1329 548 1398 originem
585 1346 601 1382 :
659 1337 915 1381 asserunt
959 1328 1086 1380 item
1122 1326 1245 1380 ideo
1287 1340 1477 1380 eorum
1538 1327 1857 1396 prophetam

1960 1330 2056 1397 ἀφ’
2081 1324 2141 1384 οὗ
2183 1330 2442 1393 Αἰθίοπες
2471 1332 2791 1398 γεγόνασιν·
2824 1331 2896 1394 ὡς
2930 1328 3025 1386 οὖν
3065 1336 3272 1387 τούτων
3313 1354 3534 1408 συμμα-

286 1419 633 1482 meminisse,
679 1418 803 1486 quia
849 1415 1140 1484 Babylonio
1168 1429 1326 1485 opem
1364 1415 1540 1472 tulere
1579 1417 1632 1470 in
1677 1417 1856 1482 bello,

1959 1418 2203 1488 χούντων
2248 1418 2325 1489 τῷ
2363 1418 2697 1490 Βαϐυλωνίῳ
2732 1422 2792 1473 ὲν
2843 1420 2922 1490 τῷ
2971 1422 3109 1492 πρὸς
3154 1425 3281 1488 τοὺς
3315 1428 3532 1498 Μήδους

284 1510 427 1578 quod
456 1518 645 1562 contra
671 1506 853 1562 Medos
879 1516 1141 1575 gesserat.

1961 1508 2213 1578 πολέμῳ,
2247 1509 2341 1562 καὶ
2374 1511 2706 1579 ἡττωμένων
2738 1512 2870 1580 φασὶ
2893 1512 2984 1566 τὸν
3026 1516 3312 1586 προφήτην
3353 1519 3532 1574 αὐτῶν

1964 1597 2353 1666 μνημονεῦσαι.

354 1690 517 1747 Vsus.
551 1689 642 1744 Μ.
680 1688 749 1743 Et
777 1689 1004 1744 ulciscar
1040 1704 1200 1759 super
1242 1688 1337 1744 Bel
1379 1689 1437 1744 in
1480 1687 1779 1759 Babylone,
1809 1699 1861 1745 et
1891 1691 1935 1747 Β

2032 1687 2143 1742 Καὶ
2177 1687 2477 1754 ἐκδικήσω
2504 1689 2606 1743 ἐπὶ
2639 1692 2748 1744 τὸν
2786 1692 2918 1761 Βὴλ
2947 1694 3018 1748 ἐν
3044 1697 3375 1763 Βαϐυλῶνι,
3433 1701 3532 1754 καί

279 1785 559 1837 extraham
595 1797 714 1852 quis
746 1782 1019 1835 absorbuit
1050 1796 1119 1837 ea:
1160 1797 1250 1837 ore
1303 1780 1453 1851 ejus.
1497 1793 1547 1838 et
1586 1799 1691 1839 non
1721 1799 1851 1838 con-

1956 1777 2175 1841 ἐξοίσω
2223 1778 2263 1830 d
2299 1778 2582 1831 κατέπιεν
2609 1778 2678 1832 ἐκ
2705 1779 2813 1834 τοῦ
2841 1783 3138 1852 στόματος
3172 1785 3395 1853 αὑτοῦ,
3432 1790 3533 1841 καὶ

281 1875 636 1944 gregabuulur
660 1874 804 1928 ultra
831 1875 901 1927 ad
927 1890 1048 1929 eum
1072 1884 1273 1944 gentes.

1956 1871 2029 1922 οὐ
2056 1867 2142 1936 μὴ
2173 1866 2620 1936 συναχθήσεται
2647 1870 2737 1924 ἔτι
2767 1872 2919 1939 πρὸς
2944 1873 3132 1927 αὐτὸν
3157 1877 3230 1927 τὰ
3256 1876 3420 1942 ἔθνη.

352 1966 409 2020 Si
464 1967 578 2021 haec
615 1980 736 2021 cum
767 1966 1141 2035 superioribus
1193 1968 1554 2021 construenda
1600 1967 1744 2030 sint,
1787 1968 1853 2020 de

2030 1958 2187 2009 Κατὰ
2219 1956 2319 2024 μὲν
2362 1956 2430 2008 τὰ
2462 1958 2600 2027 πρὸς
2628 1958 2726 2027 τὴν
2763 1959 3085 2014 ἀκολουθίαν
3106 2003 3121 2025 ,
3153 1963 3247 2016 ἐπὶ
3274 1964 3385 2017 τῶν
3422 1966 3531 2019 Βα-
3564 1966 3570 1971 ’

281 2056 593 2128 Babyloniis
627 2070 915 2124 possumus
953 2056 1299 2127 intelligere;
1347 2058 1490 2127 quod
1536 2072 1659 2111 cum
1697 2058 1852 2113 idolis

1957 2046 2235 2100 ϐυλωνίων
2268 2045 2412 2099 τοῦτ’
2452 2047 2600 2100 εστιν
2630 2049 2883 2103 ἐκλαϐεῖν
2906 2091 2919 2115 ,
2961 2053 3045 2105 ὅτι
3078 2054 3217 2122 μετά
3247 2056 3355 2108 τῶν
3380 2056 3532 2110 εἰδώ-

280 2161 493 2216 nempe,
515 2156 569 2200 et
593 2159 752 2201 omne
772 2144 937 2200 robur
958 2159 1144 2200 eorum
1170 2145 1499 2216 disperdam.
1531 2148 1589 2202 Si
1618 2147 1849 2202 litteram

1955 2138 2093 2199 λων,
2158 2136 2251 2189 καὶ
2298 2137 2478 2189 πᾶσαν
2528 2137 2627 2208 τὴν
2679 2141 3002 2193 δυναστείαν
3053 2143 3236 2195 αὐτῶν
3288 2145 3524 2202 καθελῶ.

278 2235 705 2301 consideremus,
729 2237 803 2289 uti
823 2235 890 2290 de
921 2234 1082 2290 idolis
1118 2235 1232 2290 hate
1264 2237 1410 2291 dicta
1440 2248 1588 2292 sunt.
1619 2236 1848 2304 Quidam

1957 2226 2114 2279 Κατά
2147 2227 2203 2278 δὲ
2234 2226 2295 2278 τὸ
2335 2227 2498 2298 ῥητὸν
2549 2227 2624 2290 ὡς
2656 2230 2750 2282 ἐπὶ
2795 2230 2903 2285 τῶν
2947 2232 3204 2287 εἰδώλων.
3261 2236 3418 2299 Τινὲς
3467 2238 3527 2292 δὲ

279 2336 456 2379 autem
498 2325 663 2388 illud,
714 2325 991 2379 extraham
1017 2341 1135 2396 qua:
1190 2326 1494 2393 absorbuit,
1549 2331 1630 2384 sic
1679 2344 1850 2399 expo-

1953 2317 2125 2381 οΰτως
2156 2319 2384 2386 ἐνόησαν
2409 2318 2469 2372 τὸ
2488 2359 2504 2383 ,
2527 2320 2797 2384 ’Ἑξοίσω
2828 2322 2867 2377 'd
2903 2327 3183 2393 κατέπιε,
3214 2330 3490 2384 τουτέστιν
3510 2373 3526 2394 ,

280 2424 544 2470 suerunt:
575 2413 838 2470 Auferam
871 2415 1151 2469 oraculum
1196 2415 1327 2484 Bel,
1374 2426 1433 2472 ut
1470 2418 1614 2488 apud
1660 2431 1851 2473 omnes

1957 2409 2177 2481 Ἐξαρῶ
2202 2415 2263 2463 τὸ
2294 2413 2547 2480 μαντεῖον
2574 2410 2667 2465 τοῦ
2703 2412 2831 2484 Βὴλ,
2853 2414 2994 2470 ὥστε
3021 2419 3181 2472 αὐτὸν
3214 2424 3326 2485 τοῖς
3357 2423 3527 2479 πᾶσιν

281 2503 476 2558 nullius
501 2504 572 2558 sit
601 2504 997 2559 :estimationis.

1952 2498 2090 2556 εἷναι
2122 2505 2617 2576 εὐκαταφρόνητον.

298 2624 307 2627 ν
348 2589 516 2646 Vsus.
550 2591 641 2645 46.
672 2588 940 2646 Parabola
967 2607 1122 2661 super
1145 2593 1473 2660 parabolam.

1285 2593 1473 2647 balant.
2022 2596 2338 2663 Παραϐολὴ
2370 2596 2468 2649 ἐπὶ
2499 2601 2871 2666 παραϐολήν.

347 2680 601 2736 Narratio
641 2680 854 2737 scilicet
888 2696 1051 2753 super
1081 2684 1469 2747 narrationem,
1501 2691 1561 2736 ut
1592 2680 1799 2739 diceret
1830 2700 1844 2738 :

2021 2685 2311 2751 Τουτέστι,
2348 2688 2594 2760 διήγημα
2625 2692 2714 2744 ἐπὶ
2744 2692 3021 2763 διήγημα,
3051 2693 3135 2747 ἵνα
3177 2695 3330 2767 εἴπῃ,
3366 2697 3526 2752 Ἀλλ-

278 2774 501 2828 Crebrae
531 2781 693 2827 erunt
717 2771 1058 2828 calamitates
1086 2771 1399 2843 Babylonis.

1950 2776 2220 2847 επάλληλα
2254 2778 2406 2832 ἔσται
2437 2781 2503 2833 τὰ
2532 2782 2680 2835 κακὰ
2717 2786 2782 2853 τῇ
2819 2784 3120 2840 Βαϐυλῶνι.

352 2864 515 2920 Vens.
566 2863 655 2918 59.
700 2860 925 2918 Verbum
954 2865 1095 2934 quod
1137 2865 1407 2919 mandavit
1453 2863 1713 2919 Dominus
1751 2864 1849 2921 Je—

2021 2871 2038 2887 ‘
2072 2867 2136 2921 '0
2174 2868 2357 2937 λόγος
2400 2869 2472 2923 ὃν
2509 2872 2850 2928 ἐνετείλατο
2889 2874 3105 2942 Κύριος
3163 2876 3410 2948 Ἱερεμίᾳ
3443 2879 3524 2946 τῷ

280 2958 456 3011 rentia:
483 2956 747 3024 propheta
773 2966 829 3010 ut
849 2956 1045 3011 diceret
1067 2955 1245 3011 Same
1271 2956 1384 3025 ﬁlio
1404 2954 1608 3019 Neriaz,
1634 2956 1845 3026 quando

1952 2960 2225 3029 προφήτῃ
2257 2961 2447 3015 εἰπεῖν
2483 2962 2562 3028 τῷ
2589 2963 2779 3031 Σαρέςι
2813 2962 2920 3030 υίῷ
2953 2968 3178 3034 Νηρίου
3198 3007 3213 3031 ,
3248 2970 3348 3023 ὅτε
3378 2971 3524 3024 ἐπο-

276 3047 381 3102 ibat
411 3064 445 3101 a
483 3014 702 3103 'Sed'eeia
747 3062 866 3117 rege
900 3046 1047 3101 ludo
1094 3049 1154 3101 in
1188 3014 1563 3119 .Babylonetn,
1595 3014 1669 3105 in
1708 3068 1846 3107 anno

1944 3014 2153 3117 péoén'a
2176 3014 2335 3118 παρὰ
2366 3014 2993 3120 Σεδεκίᾶ
3007 3014 3308 3123 iro-tida};
3317 3014 3522 3114 nee;-

274 3148 464 3207 quarto
493 3138 666 3205 regni,
697 3146 744 3190 et
777 3135 990 3190 Sarwas
1015 3139 1252 3205 princeps
1282 3143 1560 3195 donorum.

1947 3138 2132 3203 λῶνα,
2174 3140 2245 3192 ὲν
2266 3138 2347 3204 τῷ
2377 3141 2492 3195 ἔτει
2520 3140 2604 3207 τῷ
2627 3141 2884 3211 τετάρτῳ
2917 3144 3028 3213 τῆς
3050 3145 3396 3213 βασιλείας,
3423 3149 3524 3202 καί

1948 3230 2173 3296 Σαρέας
2203 3229 2402 3299 ἅρχων
2434 3232 2657 3299 δώρων.
2762 3265 2781 3274 ~

347 3321 462 3376 Hoc
497 3329 606 3387 est,
656 3318 864 3387 primus
918 3317 1061 3372 inter
1097 3332 1193 3373 eos
1235 3320 1326 3388 qui
1383 3321 1522 3374 dona
1567 3320 1845 3388 ferebant,

2019 3320 2329 3383 Τουτέστιν,
2355 3324 2383 3374 ὁ
2411 3322 2628 3392 πρῶτος
2654 3323 2763 3377 τῶν
2804 3325 3251 3397 ἅποκομιζόντων
3278 3330 3346 3382 τὰ
3369 3329 3520 3402 δῶρα

276 3425 393 3468 erat
421 3414 630 3468 Sarmas
662 3429 678 3467 :
712 3420 768 3466 et
795 3419 1080 3466 enumerat
1109 3410 1248 3464 dona
1286 3426 1315 3466 a
1346 3410 1575 3467 Sedecia
1604 3413 1681 3467 uti
1715 3417 1847 3469 sub-

1948 3405 2017 3480 ἦν
2047 3413 2075 3462 ὁ
2119 3411 2327 3481 Σαρέας
2355 3428 2370 3443 ο
2401 3412 2552 3481 λέγει
2595 3413 2651 3466 δὲ
2682 3415 2753 3469 τὰ
2784 3415 2934 3487 δῶρα
2965 3419 3034 3470 τὰ
3079 3419 3230 3489 παρὰ
3268 3421 3519 3475 Σεδεκίου

277 3508 391 3560 «lito
469 3502 991 3560 Nabuchodonosori
1069 3502 1269 3569 missa;
1332 3503 1423 3558 ubi
1481 3504 1727 3575 praecipit
1770 3505 1848 3561 illi

1950 3498 2393 3569 ἀποστελλόμενα
2453 3500 2533 3571 τῷ
2559 3502 3053 3577 Ναϐουχοδονόσορ,
3086 3505 3213 3560 ἔνθα
3246 3511 3521 3577 προστάτ-

278 3611 331 3651 ut
378 3600 572 3652 Iihrnm
604 3596 870 3665 accipiat,
917 3605 973 3651 et
1019 3594 1154 3665 liget
1198 3594 1431 3665 lapidem
1486 3597 1554 3652 ad
1590 3611 1751 3664 eum,
1792 3609 1849 3654 et

1947 3607 2030 3644 τει
2070 3590 2217 3661 αὐτῷ
2259 3591 2443 3646 λαϐεῖν
2491 3593 2553 3645 τὸ
2591 3593 2802 3662 βιϐλίον
2827 3636 2841 3661 ,
2898 3596 2994 3648 καὶ
3032 3598 3193 3666 δῆσαι
3240 3600 3388 3652 λίθον
3432 3603 3517 3654 ἐπ’

276 3687 526 3759 projiciat
554 3688 609 3741 in
648 3688 882 3741 medium
918 3685 1244 3755 Euphratis,
1273 3685 1485 3755 signum
1517 3686 1714 3742 excidii
1745 3687 1848 3742 Ba-

1949 3681 2104 3747 αὐτὸ,
2139 3681 2236 3735 καὶ
2259 3682 2411 3752 ῥίψαι
2438 3686 2518 3746 είς
2537 3683 2599 3737 τὸ
2632 3684 2795 3754 μέσον
2828 3686 2921 3739 τοῦ
2937 3688 3257 3758 Εὐφράτου,
3293 3693 3520 3761 μήνυμα

278 3778 532 3852 hylonici.
572 3776 650 3834 Ne
679 3776 825 3832 enim
855 3777 1039 3830 omnia
1087 3776 1142 3831 in
1176 3774 1399 3832 Barbari
1439 3779 1671 3846 gratiam
1722 3794 1848 3849 pro-

1948 3772 2048 3842 τῆς
2069 3773 2454 3843 ἀπωλείαςτῆς
2482 3774 2832 3839 εΒαιδυλῶνοςο
2867 3779 2985 3831 Ἵνα
3017 3779 3128 3849 γὰρ
3161 3780 3237 3850 μὴ
3280 3782 3516 3855 νομισθῇ

278 3869 424 3924 ferre
458 3868 752 3931 videretur,
802 3866 981 3921 adhuc
1021 3866 1554 3924 Nabuchodonosore
1608 3869 1844 3939 vigente,

1949 3863 2092 3915 κατὰ
2127 3864 2284 3933 χάριν
2323 3863 2467 3934 ὑπὲρ
2514 3864 2605 3917 τοῦ
2649 3865 2926 3936 βαρϐάρου
2953 3868 3134 3937 λέγειν
3160 3870 3405 3935 ἅπαντα,
3428 3872 3519 3928 ἔτι

275 3956 595 4014 vaticinium
622 3957 675 4010 in
698 3956 1024 4028 Babylonem
1049 3956 1305 4022 confecit,
1332 3958 1419 4013 his
1444 3959 1697 4014 omnibus
1722 3975 1849 4017 con-

1949 3951 2238 4014 ἀνθοῦντος
2272 3952 2367 4005 τοῦ
2397 3952 2873 4027 Ναϐουχοδονόσορ
2896 3956 2995 4027 τὴν
3038 3958 3179 4012 κατὰ
3206 3960 3306 4030 τῆς
3342 3961 3520 4014 Βαϐυ-

272 4060 486 4108 testans
514 4047 734 4112 lsraeli,
770 4063 874 4102 non
902 4048 970 4103 ad
1002 4048 1239 4104 hostium
1277 4049 1700 4106 assentationem
1734 4053 1846 4109 hch

1947 4041 2117 4105 λῶνος
2152 4042 2493 4112 προφητείαν
2536 4045 2871 4115 ἐποιήσατο,
2904 4047 2992 4101 διὰ
3032 4049 3252 4102 πάντων
3292 4050 3514 4104 πιστού-

279 4145 481 4207 dicere,
520 4140 615 4196 sed
650 4147 709 4193 nt
737 4139 932 4195 civitas
968 4139 1338 4207 resipisceret.
1379 4139 1492 4194 Hoc
1521 4141 1684 4195 linem
1725 4157 1847 4199 esse

1951 4148 2110 4201 μενος
2153 4132 2244 4183 τὸν
2282 4131 2502 4203 Ἰσραὴλ
2530 4175 2544 4198 ,
2583 4134 2659 4197 ὠς
2699 4136 2760 4188 οὐ
2796 4136 3059 4207 κολακείᾳ
3094 4139 3203 4190 τῶν
3240 4140 3518 4205 πολεμίων

274 4236 398 4292 libri
442 4232 738 4305 prophetici
772 4231 1025 4301 signavit,
1064 4232 1154 4300 qui
1197 4231 1359 4286 verba
1394 4233 1672 4302 prophetae
1715 4249 1843 4288 con-

1947 4219 2305 4290 προφητεύων
2351 4222 2497 4291 λέγει
2544 4224 2612 4276 τὰ
2662 4225 2806 4279 κατὰ
2845 4228 2945 4296 τῆς
2991 4228 3235 4294 πόλεως,
3277 4228 3390 4282 ἀλλ’
3422 4232 3518 4283 ἐπὶ

273 4325 544 4391 t-innavit;
571 4338 691 4393 qua
716 4338 843 4379 vero
869 4332 1169 4391 sequuntur
1204 4322 1388 4376 dicunt
1416 4323 1685 4391 exscripta
1721 4337 1841 4378 esse

1948 4312 2313 4383 σωφρονισμῷ
2373 4313 2481 4367 τῶν
2525 4314 2714 4370 ὄντων.
2764 4316 2934 4370 Τοῦτο
2964 4320 3116 4383 τέλος
3162 4319 3257 4373 τοῦ
3302 4320 3514 4390 βιϐλίου

272 4433 338 4469 cx
375 4414 525 4468 libris
565 4415 808 4482 Regum,
860 4426 981 4465 cum
1036 4411 1259 4465 minime
1314 4413 1388 4469 ad
1438 4414 1577 4466 hanc
1608 4414 1841 4480 prophe-

1942 4406 2037 4459 τοῦ
2064 4408 2344 4476 προφήτου
2377 4410 2780 4478 ἐπεσημήνατο,
2818 4413 2846 4463 ὀ
2893 4411 3105 4475 συνθεὶς
3141 4414 3212 4466 τὰ
3239 4412 3334 4466 τοῦ
3381 4429 3519 4483 προ·

273 4509 403 4559 tiam
430 4504 718 4560 videantur
745 4502 959 4559 Iacere.

1944 4499 2112 4566 φήτου
2144 4498 2396 4567 ῥήματα,
2440 4497 2510 4550 τὰ
2535 4498 2591 4550 δὲ
2624 4501 2764 4568 μετὰ
2792 4501 2965 4553 ταῦτά
2999 4519 3134 4569 φασι
3162 4505 3228 4556 ἐκ
3257 4503 3364 4555 τῶν
3410 4502 3518 4554 Βα-

1946 4588 2161 4641 σιλειῶν
2210 4585 2631 4658 μετενηνέχθαι,
2669 4589 2924 4659 οὐδεμίαν
2956 4590 3281 4645 ἀκολουθίαν
3322 4590 3518 4661 ἔχοντα

1943 4680 2079 4750 πρὸς
2106 4680 2205 4748 τὴν
2234 4677 2331 4732 τοῦ
2378 4678 2645 4748 Ἱερεμίου
2677 4679 3015 4749 προφητείαν

911 4773 1064 4828 CAP.
1106 4774 1213 4830 LII.

2517 4771 2773 4823 ΚΕΦΑΛ.
2816 4771 2941 4823 NB‘.

338 4869 502 4923 Vens.
528 4869 581 4921 7.
613 4867 676 4921 Et
706 4868 902 4922 iverunt
934 4869 1071 4920 viam
1091 4882 1209 4934 qua:
1234 4867 1303 4920 ad
1330 4868 1527 4921 Araba.

2009 4862 2122 4916 Kal
2149 4863 2564 4933 ἐπορεύθησαν
2589 4861 2705 4931 τὴν
2731 4863 2877 4917 ὁδὸν
2904 4862 3020 4929 τὴν
3051 4864 3138 4927 είς
3171 4862 3405 4930 Ἄραϐα.

342 4961 451 5015 lluc
484 4968 588 5022 est,
615 4959 666 5012 in
704 4971 927 5027 campos
950 4955 1273 5027 aufugerunt
1311 4976 1326 5011 :
1355 4959 1456 5013 hoc
1484 4962 1626 5013 enim
1667 4960 1840 5014 innuit
1876 4976 1880 4980 ‘

2010 4953 2319 5017 Τουτέστιν,
2348 4956 2440 5007 ἐπὶ
2454 4955 2554 5025 τὴν
2576 4953 2804 5009 πεδιάδα
2823 4953 3045 5023 ἔφυγον.
3071 4950 3243 5006 Τοῦτο
3268 4952 3377 5023 γὰρ
3404 4968 3515 5023 μη-

268 5055 464 5105 Arulm.

1940 5042 2055 5095 νόει
2088 5044 2150 5097 τὸ
2188 5046 2419 5112 Ἄραϐα.

340 5141 502 5196 Vsus.
536 5142 591 5196 9.
623 5139 690 5193 Et
719 5139 930 5193 locutus
958 5148 1029 5192 est
1062 5142 1131 5193 ei.

1065 5142 1131 5193 ei.
2011 5135 2114 5187 It'al
2140 5135 2447 5201 ἐλάλησεν
2474 5134 2651 5199 αὐτῷ.

337 5232 590 5300 Perspice
635 5231 922 5284 barbarum
968 5231 1274 5291 hominem.
1305 5232 1694 5286 conscientiam
1739 5248 1835 5301 pu-

2010 5226 2150 5295 Ὃρα
2208 5225 2482 5296 βάρϐαρον
2531 5227 2856 5298 ἄνθρωπον,
2916 5225 2976 5276 τὸ
3033 5222 3274 5286 συνειδὸς
3319 5222 3514 5303 ἔχοντα

269 5336 381 5373 ram
419 5322 737 5383 habentem,
784 5317 1039 5385 quoniam
1079 5333 1201 5371 cum
1237 5318 1428 5371 liducia
1477 5318 1835 5387 jurisjurandi

1938 5315 2212 5385 καθαρὸν,
2248 5317 2433 5384 ἐπειδὴ
2497 5319 2634 5386 μετὰ
2686 5316 2999 5388 παρρησίας
3036 5313 3372 5384 παρεγένετο
3414 5312 3513 5382 τῆς

236 5434 251 5446 ο
268 5420 509 5475 venerat,
532 5419 588 5464 et
609 5409 809 5477 quibus
832 5417 916 5460 est
945 5418 1183 5475 potestas
1202 5409 1393 5477 judicii
1430 5424 1534 5463 non
1563 5409 1822 5478 refugium

1935 5407 2045 5459 τῶν
2081 5407 2280 5477 ὅρκων.
2320 5410 2382 5460 Οἱ
2416 5408 2475 5459 δὲ
2504 5408 2603 5477 τῆς
2645 5408 2803 5476 δίκης
2839 5406 3170 5477 κρατοῦντες
3213 5406 3274 5457 οὐ
3312 5421 3502 5475 παραι-

268 5500 348 5549 vel
387 5498 735 5552 inferioribus
776 5497 1003 5550 reddere
1046 5500 1333 5551 rationem.
1370 5499 1443 5551 Ita
1492 5499 1720 5551 inditum
1752 5507 1838 5551 est

1935 5494 2153 5547 τοῦνται
2178 5534 2193 5559 ,
2225 5494 2318 5547 καὶ
2351 5498 2466 5557 τοῖς
2503 5496 2914 5564 ὑποδεεστέροις
2942 5496 3141 5549 διδόναι
3170 5492 3330 5560 λόγον
3357 5507 3372 5521 ·
3422 5490 3510 5543 οὖς

262 5588 577 5641 homiuib’us
629 5587 837 5641 honesti
857 5587 1142 5650 ,studiutu.
1200 5588 1381 5643 Voluit
1433 5591 1719 5644 ostendere
1774 5600 1832 5642 se

1937 5602 2046 5647 τως
2077 5584 2354 5655 πανταχοῦ
2406 5586 2573 5657 πολλὴ
2602 5591 2713 5649 τοῖς
2751 5586 3060 5656 ἀνθρώποις
3095 5586 3129 5655 ἡ
3173 5583 3386 5651 σπουδὴ
3416 5581 3511 5635 τοῦ
