4016 6152
336 453 479 511 1059

907 604 1233 619 Μ

450 769 1329 884 FRAGMENTA
1412 694 1565 882 IN
1652 766 2431 882 EPISTOLAS
2515 676 3467 878 CATHOLIGAS.

1111 448 1671 506 SUPPLEMENTUM
1707 449 1797 504 AD
1831 450 1889 505 S.
1926 449 1977 506 J.
2019 444 2510 505 CHRYSOSTOMI
2546 441 2796 500 OPERA.

3434 420 3580 483 toto

3195 584 3572 606 Μ

1683 986 1949 1057 (αιιΑιιειι,
1988 993 2027 1041 ι.
2059 983 2217 1053 Vlll.)

1904 1171 1974 1186 κ

1173 1315 1293 1402 ΙΝ
1371 1312 2042 1405 EPISTOLAM
2120 1313 2212 1401 S.
2289 1311 2747 1402 JACOBI.

823 1503 1055 1561 CAPUT
1114 1504 1406 1559 PRIMUM.

406 1615 573 1669 Vsus.
613 1616 666 1670 2.
706 1615 870 1669 Omne
913 1614 1164 1684 gaudium
1207 1616 1522 1679 existimate,
1550 1613 1741 1683 fratres
1776 1613 1896 1679 mei,

336 1723 453 1759 cum
504 1707 559 1759 in
581 1706 886 1758 tentationcs
909 1705 1084 1757 varias
1109 1705 1418 1757 inciderilis.

407 1797 691 1853 Vinculum
738 1796 1084 1863 inirangibile
1108 1804 1193 1849 est
1240 1792 1479 1859 afﬂictio,
1506 1792 1787 1846 charilatis
1823 1792 1904 1845 int

337 1895 694 1950 crumentum,
746 1885 1182 1954 compunctionis
1225 1892 1280 1937 et
1314 1884 1529 1952 pietatis
1582 1884 1904 1937 fundamen-

343 1986 474 2029 tum.
518 1977 656 2031 Audi
685 1977 883 2030 etenim
927 1977 1193 2030 dicentem
1229 1976 1528 2029 :Accedens
1563 1976 1633 2027 ad
1683 1974 1909 2028 servitu-

342 2075 438 2117 tem
483 2065 596 2133 Dei,
627 2082 869 2135 praepara
918 2067 1149 2118 animam
1193 2074 1336 2117 tuam
1363 2066 1431 2118 ad
1461 2064 1842 2118 tentationem'
1891 2080 1903 2114 :

346 2156 409 2208 Et
438 2156 690 2212 Christus
727 2159 944 2225 quidem
978 2169 1027 2210 et
1076 2157 1192 2225 ipse
1212 2158 1386 2211 dicit:
1420 2157 1486 2210 In
1517 2156 1713 2210 mundo
1766 2170 1912 2222 pres-

339 2262 520 2298 suram
581 2246 872 2312 habebitis,
928 2246 1017 2299 sed
1086 2246 1331 2313 conﬁdite
1378 2244 1421 2299 ³.
1478 2246 1548 2299 Et
1615 2258 1828 2298 rursum
1895 2256 1908 2292 :

341 2334 577 2405 Angusta
619 2349 666 2389 et
700 2348 844 2390 arcta
891 2339 975 2391 cia
1005 2346 1078 2390 est
1112 2338 1155 2391 ⁸.
1194 2335 1355 2391 Vides
1386 2337 1583 2405 ubique
1644 2335 1912 2388 laudatam

344 2422 709 2490 ntﬂictionem,
756 2426 956 2495 ubique
1016 2435 1072 2479 nt
1130 2427 1495 2480 necessariam
1525 2441 1554 2480 a
1609 2428 1762 2480 nobis
1795 2441 1917 2480 sns-

346 2512 674 2576 cipiendam.
710 2511 765 2566 Si
813 2514 956 2566 enim
991 2514 1042 2568 in
1093 2515 1250 2581 hujus
1286 2514 1468 2569 mundi
1501 2514 1697 2583 prtuliis
1761 2528 1917 2569 nemo

345 2601 463 2657 sine
494 2603 844 2661 tribulatione
866 2622 1119 2660 coronam
1144 2607 1363 2679 accipit,
1416 2623 1574 2663 nemo
1603 2610 1694 2677 qui
1722 2624 1828 2661 non
1863 2619 1920 2664 et

349 2693 646 2759 laboribus,
687 2706 741 2750 et
771 2698 1149 2752 alimentorum
1176 2700 1576 2764 observatione,
1607 2708 1663 2753 et
1694 2701 1918 2770 regimi-

1937 1504 1988 1563 A

2422 1500 2823 1556 ΚΕΦΑΛΑΙΟΝ
2861 1498 3163 1553 ΠΡΩΤΟΝ.

2075 1616 2286 1672 Πᾶσαν
2335 1617 2524 1685 χαρὰν
2580 1616 2913 1684 ἡγήσασθε,
2970 1612 3221 1681 ἀδελφοί
3280 1628 3419 1681 μου,
3444 1610 3591 1667 ὅταν

2005 1707 2354 1777 πειρασμοῖς
2381 1708 2738 1775 περιπέσητε
2763 1704 3078 1769 ποικίλοις.

2077 1801 2283 1871 Δεσμὸς
2317 1801 2425 1870 γάρ
2458 1798 2540 1862 τίς
2575 1800 2722 1850 ἐστιν
2754 1799 2789 1866 ἡ
2823 1795 3001 1864 θλίψις
3037 1794 3289 1866 ἀρραγὴς
3314 1833 3329 1858 ,
3362 1794 3589 1863 ἀγάπης

2007 1892 2254 1964 αὔξησις,
2279 1891 2622 1957 κατανύξεως
2652 1889 2745 1943 καὶ
2767 1887 3051 1950 εὐλαϐείας
3079 1886 3352 1948 ὑπόθεσις.
3385 1886 3589 1938 Ἄκουε

2010 1983 2117 2053 γὰρ
2165 1982 2257 2035 τοῦ
2314 1982 2583 2051 λέγοντος,
2640 1983 2709 2033 El
2758 1978 3066 2047 προσέρχῃ
3123 1977 3441 2030 δουλεύειν
3512 1974 3593 2040 τῷ

2011 2071 2223 2140 Κυρίῳ.
2255 2072 2578 2139 ἐτοίμασον
2605 2068 2719 2134 τὴν
2743 2066 2955 2135 ψυχήν
2981 2082 3097 2119 σου
3120 2068 3207 2131 εἷς
3232 2065 3587 2132 πειρασμόν.

2013 2161 2123 2214 Καὶ
2160 2163 2188 2213 ό
2221 2161 2456 2230 Χριστὸς
2507 2159 2564 2212 δὲ
2620 2158 2783 2212 πάλιν
2830 2156 3038 2224 ἔλεγεν,
3107 2156 3211 2208 Ἐν
3261 2152 3340 2217 τῷ
3385 2155 3596 2221 κόσμῳ

2013 2254 2221 2322 θλίψιν
2250 2252 2438 2321 ἔχετε·
2481 2251 2639 2305 ἀλλὰ
2687 2247 2979 2317 θαρσεῖτε.
3028 2246 3138 2300 Καὶ
3177 2245 3362 2311 πάλιν,
3398 2243 3592 2311 Στενὴ

2014 2346 2113 2398 καὶ
2141 2344 2495 2412 τεθλιμμένη
2529 2344 2568 2410 ἡ
2605 2341 2764 2406 ὁδός.
2809 2340 2972 2409 Ὁρᾷς
3006 2336 3284 2405 πανταχοῦ
3332 2335 3431 2407 τὴν
3475 2333 3594 2388 θλί-

2015 2435 2108 2503 ψιν
2138 2434 2561 2502 ἐπαινουμένην,
2594 2427 2872 2499 πανταχοῦ
2907 2424 3484 2497 παραλαμϐανομένην
3516 2422 3597 2484 ὡς

2018 2527 2320 2592 ἀναγκαίαν
2344 2519 2509 2578 οὖσαν
2534 2524 2687 2593 ἡμῖν.
2721 2521 2786 2574 Εἰ
2807 2519 2876 2586 γὰ
2886 2535 2915 2587 ρ
2942 2520 3000 2570 ὲν
3026 2518 3140 2580 τοῖς
3165 2513 3362 2578 ἔξωθεν
3385 2512 3598 2581 ἀγῶσιν

2018 2616 2194 2679 οὐδεὶς
2231 2615 2295 2668 ἂν
2325 2614 2530 2683 ταύτης
2560 2612 2730 2683 χωρὶς
2778 2609 3043 2678 στέφανον
3076 2605 3267 2671 λάϐοι,
3303 2604 3352 2656 εἰ
3388 2602 3462 2673 μὴ
3499 2601 3599 2655 καὶ

2021 2707 2205 2768 πόνοις
2235 2707 2328 2757 καὶ
2354 2704 2539 2757 σιτίων
2562 2702 2946 2772 παρατηρήσει
2973 2698 3068 2751 καὶ
3096 2697 3261 2767 νόμου
3289 2695 3471 2766 διαίτῃ
3501 2694 3600 2746 καὶ

351 2786 437 2839 nis
496 2789 907 2853 consuetudine,
952 2800 1008 2844 et
1060 2790 1299 2859 vigiliis,
1348 2800 1405 2844 et
1442 2790 1562 2845 aliis
1610 2793 1812 2853 multis,
1859 2806 1919 2845 se

2027 2796 2388 2866 ἀγρυπνίαις,
2424 2794 2519 2848 καὶ
2555 2793 2768 2863 μυρίοις
2817 2789 3028 2860 ἑτέροις
3075 2785 3268 2839 ἑαυτὸν
3296 2782 3551 2855 ὀχυρώσῃ
3577 2819 3595 2846 ,

348 2885 524 2952 ipsum
578 2880 986 2948 fortiﬁcaverit,
1037 2886 1206 2938 multo
1252 2884 1424 2954 magis
1478 2885 1529 2936 in
1583 2884 1688 2938 isto
1737 2894 1916 2938 certa-

348 2975 514 3028 mine.

414 3065 578 3120 Vens.
609 3065 698 3118 12.
726 3065 918 3119 Beatus
943 3065 1024 3118 vir
1064 3065 1152 3133 qui
1171 3065 1356 3132 suiert
1400 3074 1762 3131 tentatsonent,
1785 3081 1915 3136 quo-

347 3154 515 3216 niam,
546 3169 664 3206 cum
727 3155 978 3215 probatus
1015 3154 1195 3220 fuerit,
1224 3156 1444 3224 accipiet
1495 3171 1743 3208 coronam
1795 3156 1918 3209 vitae

236 3290 239 3293 .
345 3261 502 3314 quam
528 3244 823 3315 repromisit
848 3242 985 3296 Deus
1006 3243 1344 3311 diligentibus
1382 3261 1457 3298 se.

420 3330 660 3403 (Beatus)
691 3332 783 3401 qui
811 3332 1094 3386 dominans
1122 3333 1228 3397 sui,
1256 3347 1317 3387 se
1343 3334 1676 3390 converterit
1709 3334 1774 3387 ad
1801 3334 1918 3389 sui.

349 3424 600 3480 ferendas
632 3424 977 3489 tentationes,
1016 3430 1076 3478 ut
1098 3424 1405 3479 inveniatur
1435 3425 1487 3478 in
1506 3439 1572 3480 eo
1628 3425 1915 3494 probatum

347 3531 505 3584 opus,
535 3526 589 3569 et
621 3515 877 3584 patientia
910 3514 1171 3584 perfecta,
1202 3530 1320 3584 quae
1350 3531 1447 3585 per
1476 3516 1768 3584 semetipsa
1799 3530 1920 3586 per-

349 3607 628 3669 ﬁciuntur,
653 3621 750 3660 nec
773 3606 991 3660 aliunde
1020 3607 1360 3664 obtinentur.
1392 3606 1510 3660 Alia
1537 3608 1919 3662 exhortatione

349 3697 578 3750 suadere
612 3704 843 3749 conatur
874 3703 932 3748 ut
967 3701 1114 3749 recte
1158 3695 1462 3765 dirigantur
1488 3696 1784 3765 proposita,
1815 3711 1916 3748 an-

350 3788 609 3842 nuntians
639 3787 845 3842 scilicet
890 3797 943 3841 et
961 3787 1177 3842 beatum
1207 3801 1330 3842 esse
1367 3788 1552 3842 dicens
1587 3788 1918 3842 tentatioues

349 3879 741 3944 sustinentem;
760 3879 942 3932 evadit
970 3879 1113 3933 enim
1138 3878 1217 3935 sic
1245 3879 1459 3933 l‘ortitcr
1483 3878 1662 3949 praelia
1686 3879 1914 3942 ducens,

350 3972 436 4025 vir
479 3971 772 4040 probatus,
816 3980 871 4025 et
923 3971 988 4025 ad
1035 3972 1216 4025 omnia
1275 3971 1624 4025 exercitatus.
1678 3971 1745 4024 Et
1793 3985 1917 4024 cum

350 4061 933 4132 apparebitsplendens
953 4063 1018 4116 de
1036 4064 1138 4116 hac
1174 4063 1458 4116 tenebrosa
1494 4071 1660 4128 terra,
1693 4062 1920 4115 donabi-

2020 2891 2198 2960 πολλῳ
2230 2888 2429 2960 μᾶλλον
2461 2882 2713 2939 ἐνταῦθα.

2088 3071 2387 3141 Μακάριος
2413 3066 2567 3135 ἀνὴρ
2592 3065 2659 3132 ὃς
2677 3062 2964 3133 ὑπομένει
2991 3056 3343 3127 πειρασμὸν,
3373 3056 3463 3109 ὅτι
3498 3055 3605 3111 δό-

2019 3186 2189 3237 κιμος
2228 3164 2549 3233 γενόμενος
2567 3157 2824 3225 λήψεται
2845 3153 2954 3207 τὸν
2978 3150 3282 3220 στέφανον
3302 3146 3408 3215 τῆς
3427 3145 3604 3215 ζωῆς,

2019 3258 2092 3312 ὃν
2115 3255 2504 3325 ἐπηγγείλατο
2533 3253 2565 3303 d
2594 3249 2808 3315 Κύριος
2827 3243 2953 3308 τοῖς
2974 3241 3286 3312 ἀγαπῶσιν
3312 3239 3522 3293 αὐτόν.

2090 3346 2390 3416 Αὖτάρκως
2419 3339 2869 3412 προτρεψάμενος
2925 3332 3255 3402 ὑφίστασθαι
3304 3330 3434 3393 τοὺς
3474 3346 3602 3382 πει-

2025 3438 2268 3509 ρασμοὺς
2308 3433 2446 3503 μετὰ
2478 3432 2654 3503 χαρᾶς
2674 3469 2689 3489 ,
2722 3428 2809 3481 ἵνα
2841 3426 3134 3495 ἐγγένηται
3166 3423 3389 3491 δόκιμον
3437 3420 3603 3492 ἔργον

2020 3529 2114 3582 καὶ
2134 3526 2380 3596 ὑπομονὴ
2401 3526 2417 3554 ί
2438 3521 2637 3576 τελεία·
2661 3516 2962 3572 τελειοῦται
2984 3516 3041 3568 δὲ
3062 3514 3234 3568 ταῦτα
3257 3513 3379 3566 καθ’
3402 3511 3598 3575 ἑαυτὰ,

2022 3619 2117 3673 καὶ
2151 3617 2225 3688 μὴ
2258 3616 2323 3668 δι’
2353 3614 2483 3668 ἄλλο
2506 3614 2526 3644 ’
2558 3610 2928 3681 πραττόμενα·
2980 3608 3046 3660 δι’
3092 3604 3281 3676 ἐτέρας
3331 3602 3607 3672 παραινέ-

2024 3727 2160 3772 σεως
2198 3708 2407 3760 πείθειν
2442 3706 2712 3774 ἐπιχειρεῖ
2756 3697 3062 3771 κατορθοῦν
3103 3698 3171 3750 τὰ
3222 3697 3600 3767 προκείμενον

2020 3801 2088 3855 δι’
2122 3797 2458 3867 ἐπαγγελίαν
2492 3794 2761 3865 μακάριον
2799 3787 2941 3844 εἶναι
2968 3789 3142 3856 λέγων
3166 3788 3257 3842 τὸν
3289 3787 3604 3858 πειρασμὸν

2021 3892 2382 3962 ὑπομένοντα.
2410 3887 2705 3956 Γενήσεται
2732 3884 2841 3954 γὰρ
2866 3884 2886 3915 ³
2903 3881 3085 3962 οὕτως
3115 3880 3421 3949 ἀθλητικῶς
3448 3879 3603 3946 ἄγων

2020 3983 2111 4036 τὸν
2135 3960 2354 4048 ήὰγῶνα,
2390 3979 2613 4047 δόκιμος
2646 3974 2784 4045 ἀνὴρ
2824 3960 2913 4027 cui
2952 3975 3173 4027 πάντων
3214 3972 3606 4041 γεγυμνασμέ-

2023 4091 2133 4137 νος.
2164 4071 2323 4127 Οὕτω
2359 4070 2416 4124 δὲ
2444 4068 2772 4137 ἀναφανέντι
2804 4067 2869 4117 ὲκ
2897 4064 3006 4116 τῶν
3038 4063 3404 4132 σκυθρωπῶν,
3436 4061 3602 4132 δοθή-

354 4163 443 4205 tur
473 4166 672 4206 corona
702 4150 950 4218 vitaajam
987 4165 1015 4204 a
1050 4151 1157 4204 Deo
1184 4159 1489 4219 praeparata
1531 4149 1642 4203 illis
1673 4148 1765 4220 qui
1794 4148 1915 4202 dili-

2027 4181 2179 4218 σεται
2206 4163 2468 4231 στέφανος
2492 4160 2635 4229 ζωῆς
2665 4155 3045 4224 εὐτρεπισθεὶς
3070 4153 3175 4207 ὑπὸ
3204 4151 3297 4205 τοῦ
3326 4152 3463 4205 Θεοῦ
3486 4156 3604 4214 τοῖς

354 4251 483 4313 gnnt
511 4242 682 4296 illiilli.
715 4240 806 4295 Sic
850 4240 937 4294 ille
969 4242 1061 4310 qui
1096 4240 1363 4296 suﬂ'erens
1414 4241 1742 4295 tentationes
1800 4254 1925 4294 con-

356 4333 548 4388 temnit
585 4332 800 4386 labores
833 4341 887 4384 et
909 4331 1080 4401 ipsam
1111 4340 1362 4394 mortem,
1390 4344 1644 4384 coronam
1707 4337 1924 4383 interna:

353 4423 479 4478 vita:
501 4423 753 4491 accipiet.
786 4422 840 4475 Si
862 4436 1072 4491 quaeras
1096 4436 1163 4474 ex
1198 4436 1302 4490 qua
1337 4419 1560 4474 materia
1596 4420 1924 4489 praeparavit

356 4515 497 4572 Deus
525 4528 783 4570 coronam
813 4513 937 4567 vitae
984 4513 1048 4566 iis
1079 4513 1169 4582 qui
1219 4512 1446 4582 diligunt
1472 4512 1641 4578 illum,
1683 4513 1924 4568 dicemus

358 4607 498 4675 quod
563 4615 790 4675 propter
829 4603 1064 4657 divinam
1130 4600 1518 4656 sublimitatem
1569 4602 1758 4656 oculus
1824 4616 1924 4655 nec

352 4690 507 4755 vidit.
540 4710 640 4749 nec
682 4694 832 4747 auris
860 4692 1090 4757 audivit,
1124 4705 1226 4746 nec
1250 4692 1302 4745 in
1344 4691 1514 4746 levius
1549 4706 1644 4745 cor
1687 4691 1922 4745 hominis

352 4786 598 4844 ascendit
624 4800 742 4854 quae
769 4785 1089 4855 praeparavit
1117 4784 1257 4840 Deus
1280 4785 1349 4839 iis
1367 4786 1456 4855 qui
1491 4784 1721 4852 diligunt
1745 4784 1919 4838 illum.

439 4963 603 5018 Vnus.
636 4963 723 5018 15.
774 4963 973 5019 Deinde
1021 4965 1463 5032 concupiscentia,
1511 4981 1630 5018 cum
1673 4982 1925 5031 concepe-

357 5053 445 5115 rit,
468 5054 607 5119 parit
636 5064 938 5121 peccatum;
967 5065 1231 5124 peccatum
1255 5067 1432 5111 autem
1456 5072 1573 5109 cum
1595 5073 1923 5111 consumma-

353 5153 463 5195 tum
493 5143 672 5210 fuerit,
696 5154 904 5213 generat
940 5155 1179 5199 mortem.

421 5230 567 5283 Dnm'
594 5233 792 5286 etenim
836 5244 1115 5303 peccatum
1150 5251 1457 5305 operamur,
1507 5238 1782 5309 voluptate
1842 5242 1925 5295 in-

351 5321 565 5385 ebriati,
592 5337 699 5377 non
726 5324 804 5378 sic
836 5325 1119 5381 aﬂicimur.
1144 5326 1438 5397 Postquam
1466 5342 1646 5385 autem
1668 5341 1845 5388 ortum
1871 5340 1925 5388 et

354 5412 511 5503 tinem
542 5416 765 5484 recepit,
794 5425 921 5473 tunc
953 5431 1126 5485 certe,
1150 5422 1455 5489 praesertim
1477 5423 1622 5477 omni
1653 5425 1921 5479 exstincta

422 5587 444 5618 ³
485 5587 649 5644 Eccli.
676 5592 810 5655 tt,l.
886 5592 906 5623 ³
944 5591 1101 5648 Joan.
1127 5594 1352 5659 xvt,23.
1429 5595 1451 5627 ‘
1491 5595 1681 5653 Matth.
1707 5612 1808 5666 vn,
1836 5600 1923 5654 M.

2024 4255 2187 4308 αὐτὸν
2220 4252 2525 4321 ἀγαπῶσιν.
2556 4247 2743 4310 Οὕτως
2775 4249 2803 4299 ὁ
2832 4243 2910 4315 τῷ
2938 4243 3233 4313 ὑπομένειν
3267 4240 3600 4311 πειρασμὸν,

2024 4343 2386 4416 καταφρονῶν
2416 4341 2692 4395 ἐπιπόνων
2721 4338 2818 4392 καὶ
2849 4335 3014 4390 αὐτοῦ
3045 4334 3139 4388 τοῦ
3181 4333 3442 4398 θανάτου,
3480 4332 3603 4385 στέ-

2025 4453 2191 4507 φανον
2225 4435 2322 4505 τῆς
2351 4432 2569 4486 αἰωνίου
2618 4429 2765 4498 ζωῆς
2810 4426 3169 4496 ἀπολήψεται.
3204 4425 3418 4495 Ζητεῖς,
3452 4423 3537 4488 τίς
3567 4424 3602 4493 ἡ

2025 4525 2130 4594 ὕλη
2159 4519 2218 4578 οὗ
2253 4521 2553 4592 ἡτοίμασεν
2572 4520 2601 4571 ό
2627 4518 2759 4579 Θεὸς
2793 4515 3061 4583 στεφάνου
3081 4512 3104 4543 ⁸
3140 4511 3286 4580 ζωῆς
3315 4512 3429 4572 τοῖς
3460 4510 3600 4575 ἀγα-

2026 4615 2203 4668 πῶσιν
2241 4611 2437 4676 αὐτόν;
2470 4609 2620 4661 ἐστιν
2662 4625 2679 4657 ι
2710 4607 2745 4660 ὃ.
2770 4605 3067 4674 ἡτοίμασεν
3099 4605 3127 4656 ό
3156 4601 3290 4665 Θεδς
3318 4602 3430 4660 τοῖς
3461 4599 3601 4665 ἀγα-

2024 4701 2201 4756 πῶσιν
2240 4699 2430 4762 αὐτὸν,
2469 4715 2487 4748 ι
2529 4695 2565 4749 ἃ.
2601 4695 2687 4749 διὰ
2738 4694 2966 4763 μέγεθος
2994 4691 3303 4759 θειότητος,
3337 4687 3459 4756 ὄψει
3503 4686 3601 4738 καὶ

2023 4794 2163 4861 ἀκοῇ
2192 4791 2290 4860 οὐχ
2319 4789 2628 4854 ὑπόκειται,
2662 4786 2782 4839 οὐδὲ
2813 4784 2903 4837 ἐπὶ
2931 4781 3094 4854 ψιλὴν
3119 4782 3307 4851 νόησιν
3329 4782 3351 4813 ⁸
3385 4774 3601 4846 ἀνθρώ-

2026 4900 2129 4935 που
2156 4881 2516 4951 ἀναϐέϐηκεν.

2102 4973 2242 5026 Εἶτα
2273 4971 2310 5038 ἡ
2335 4968 2615 5038 ἐπιθυμία
2635 4963 3053 5027 συλλαϐοῦσα,
3074 4962 3259 5015 τίκτει
3286 4956 3597 5037 ἁμαρτίαν

2025 5067 2064 5135 ἡ
2084 5065 2152 5118 δὲ
2174 5062 2425 5134 ἁμαρτία
2445 5057 2919 5116 ἀποτελεσθεῖσα
2935 5098 2951 5122 ,
2971 5055 3218 5110 devexus:
3246 5051 3530 5107 θάνατον.

2110 5251 2200 5303 Ἐν
2233 5250 2330 5319 μὲν
2364 5247 2476 5318 γὰρ
2502 5245 2584 5315 τῷ
2621 5243 2886 5314 πράττειν
2924 5239 3024 5309 τὴν
3055 5236 3332 5308 ἁμαρτίαν
3368 5235 3472 5289 ὑπὸ
3501 5236 3602 5303 τῆς

2027 5338 2221 5407 ἡδονῆς
2250 5335 2560 5406 μεθύοντες,
2581 5333 2683 5403 οὐχ
2707 5331 2877 5392 οὕτως
2907 5325 3301 5395 αἰσθανόμεθα.
3349 5323 3599 5377 Ἐπειδὰν

2027 5429 2085 5481 δὲ
2114 5429 2337 5498 γένηται
2367 5426 2462 5480 καὶ
2509 5423 2652 5496 λάϐῃ
2677 5423 2698 5453 ⁸
2739 5421 2893 5483 τέλος
2956 5419 3079 5471 τότε
3113 5417 3177 5471 δὴ
3222 5416 3460 5486 μάλιστα
3499 5415 3601 5483 τῆς

430 5738 445 5819 ξ
481 5738 613 5791 Cod.
637 5741 816 5821 .Cnisl;
844 5744 1109 5821 G‘rt'opovﬁ.
1186 5749 1205 5777 ¹
1238 5747 1365 5802 Cod.
1393 5748 1553 5803 Coisl.
1582 5750 1770 5819 (XXV)
1808 5751 1944 5805 ἄλλοι

2064 5752 2083 5783 ³
2108 5750 2237 5806 Cod.
2264 5750 2325 5804 C.
2357 5753 2463 5821 γὰρ
2493 5752 2538 5804 ό.
2568 5751 2640 5821 of
2674 5751 2731 5805 ϐ.
2758 5751 2819 5803 C.
2850 5749 3166 5818 στεφάνους.
3240 5746 3263 5779 ⁵
3295 5745 3359 5802 (ἶ.
3387 5744 3451 5800 C.
3473 5744 3603 5817 ψιλῇ

636 5809 655 5837 ⁸
683 5812 742 5862 (.1.
778 5810 839 5863 C.
872 5809 1043 5864 λάϐοι.

359 5807 560 5873 νοήσει.
