4016 6152
499 349 625 403 l0“

1466 322 1884 425 FRAGMENTA
1927 338 1990 392 IN
2034 312 2417 393 EPISTOLAM
2455 340 2511 395 s.
2549 338 2800 396 JACOBI.

3632 335 3769 393 10ίέ

497 467 689 537 ἡδονῆς
746 466 1065 535 σϐεσθείσης
1124 465 1363 535 ἁπάσης,
1420 466 1481 516 τὸ
1526 464 1720 532 πικρὸν
1752 464 1852 531 τῆς
1885 460 2060 514 ὲννοία

2197 463 2492 529 voluptate,
2540 477 2759 516 amarus
2802 462 2854 515 in
2902 460 3316 530 intelligentiam
3354 476 3471 513 sese
3530 462 3767 515 insinuat

495 559 873 627 ἐπεισέρχεται
896 557 1139 627 κέντρον,
1158 556 1486 618 ἀπεναντίας
1504 558 1627 617 ταῖς
1647 553 1966 613 ὼδινούσαις
1986 569 2085 619 γυ-

495 649 691 714 ναιξίν.
725 648 844 701 Ἐπ’
862 648 1087 702 ἐκείνων
1116 648 1220 718 μὲν
1250 648 1359 717 γὰρ
1389 646 1495 717 πρδ
1523 646 1618 699 τοῦ
1644 646 1827 706 τόκου,
1868 645 2033 705 πολὺς
2057 647 2085 697 ὁ

495 736 655 799 πόνος
668 736 762 788 καὶ
787 734 979 799 ὠδῖνες
995 736 1235 806 δριμεῖαι
1258 735 1619 788 ὲπικόπτουσι
1641 735 1761 796 ταῖς
1789 733 2082 801 ἀλγηδόσιν

494 828 683 888 αὐτάς
720 828 860 896 μετὰ
908 827 964 879 δὲ
1009 828 1101 880 τὸν
1141 829 1300 879 τόκον
1349 828 1567 889 ἄνεσις,
1623 826 1702 895 τῷ
1750 826 1943 896 βρέφει
1981 824 2082 892 τῆς

494 917 686 985 ὀδύνης
719 916 1168 987 συνεξελθούσης.
1223 917 1489 971 Ἐνταῦθα
1523 918 1581 970 δὲ
1614 919 1711 986 οὐχ
1745 916 1935 979 οὕτως·
1968 914 2083 967 ἀλλ’

497 1008 600 1070 ἓως
632 1009 731 1077 μὲν
782 1008 848 1061 ἂν
895 1008 1176 1079 ὠδίνωμεν
1224 1010 1319 1063 καὶ
1368 1010 1840 1079 συλλαμὸἁνωμεν
1882 1011 1950 1061 τὶ
1998 1009 2078 1061 δι-

494 1097 813 1169 εφθαρμένα
859 1102 1129 1170 νοήματα,
1168 1102 1577 1171 εὐφραινόμεθα
1632 1102 1728 1154 καὶ
1784 1100 2074 1171 χαίρομεψ

492 1188 712 1240 ἐπειδὰν
768 1188 824 1241 δὲ
881 1189 1243 1258 ἀποτέκωμεν
1299 1192 1361 1243 τὸ
1419 1190 1655 1262 πονηρὸν
1711 1190 1927 1244 παιδίον
1977 1188 2077 1258 τὴν

492 1279 787 1348 ἁμαρτίαν,
842 1280 962 1332 τότε
1012 1281 1072 1333 τὸ
1122 1276 1311 1351 αἶσχος
1358 1280 1452 1335 τοῦ
1504 1282 1789 1353 τεχθέντος
1842 1282 2072 1346 ἰδόντες,

490 1369 839 1437 ὀδυνώμεθα,
873 1371 993 1422 τότε
1034 1371 1443 1440 διακοπτόμεθα
1479 1374 1586 1426 τῶν
1618 1374 1923 1426 ὠδινουσῶν
1972 1391 2073 1441 γυ-

491 1461 695 1514 ναικῶν
742 1462 1149 1532 χαλεπώτερον.
1204 1465 1295 1516 Διὸ
1349 1465 1654 1534 παρακαλῶ
1701 1466 1774 1533 μὴ
1822 1464 2072 1533 δέχεσθαι

496 1550 595 1620 μὲν
626 1552 861 1619 μάλιστα
885 1555 1037 1623 παρὰ
1064 1555 1163 1623 τὴν
1198 1555 1372 1623 ἀρχὴν
1406 1554 1703 1625 ἐπιθυμίαν
1738 1555 2071 1623 διεφθαρμέο

490 1658 610 1710 νην’
639 1643 688 1694 εί
717 1642 773 1695 δὲ
804 1645 896 1696 καὶ
924 1645 1244 1714 ἐδεξάμεθα,
1273 1647 1596 1713 ἁποπνίγειν
1625 1647 1773 1699 ἔνδον
1804 1647 1874 1698 τὰ
1900 1646 2071 1716 σπέρ-

494 1750 660 1801 ματα.
692 1734 754 1787 El
803 1735 860 1787 δὲ
891 1739 985 1789 καὶ
1019 1738 1178 1807 μέχρι
1205 1738 1398 1791 τούτου
1443 1739 1874 1810 ρᾳθυμήσωμεν,
1921 1738 2069 1803 ἐξελ-

489 1825 689 1878 θοῦσαν
719 1828 801 1890 είς
849 1827 1009 1897 ἔργον
1052 1829 1151 1898 τὴν
1196 1831 1469 1900 ἁμαρτίαν
1527 1831 1849 1884 ἀποκτεῖναι
1906 1831 2069 1884 πάλιν

486 1916 558 1969 δι’
587 1916 1028 1988 ἐξομολογήσεως
1061 1922 1153 1974 καὶ
1186 1921 1461 1988 δακρύων,
1494 1920 1582 1974 διὰ
1611 1921 1706 1973 τοῦ
1740 1924 2069 1992 κατηγορεῖν

486 2007 703 2060 ἑαυτοῦ·
730 2008 881 2061 οὐδὲν
910 2008 1018 2079 γὰρ
1045 2010 1217 2073 οὕτως
1245 2011 1488 2079 ὀλέθριον
1518 2010 1906 2081 ἀμαρτίας,ὼς
1939 2028 2070 2064 κατ-

486 2099 686 2169 ηγορία
720 2100 814 2151 καὶ
844 2101 1213 2167 κατάγνωσις.
1426 2172 1429 2175 Α

557 2189 859 2253 Θρησκεία
906 2191 1131 2258 καθαρὰ
1173 2191 1267 2243 καὶ
1300 2192 1582 2258 ἀμίαντος
1610 2191 1768 2259 παρὰ
1820 2192 1940 2256 Θεῷ
1969 2192 2067 2245 καὶ

487 2279 665 2345 Harp!
714 2280 868 2348 αὕτη
894 2281 1086 2344 ἐστὶν,
1113 2283 1581 2337 ἐπισκέπτεσθαι
1627 2284 1926 2352 ὀρφανοὺς
1961 2285 2062 2338 καὶ

486 2369 675 2436 χήρας
702 2370 771 2423 ἐν
811 2371 885 2440 τῇ
918 2375 1121 2442 θλίψει
1153 2373 1371 2439 αὐτῶν,
1401 2374 1666 2429 ἄσπιλον
1713 2376 1932 2428 ἑαυτὸν
1959 2394 2062 2444 τη-

478 2459 612 2525 ρεῖν
639 2462 756 2514 ἀπὸ
793 2463 898 2516 τοῦ
926 2466 1177 2533 κόσμου.

555 2551 727 2604 Τοῦτό
760 2555 930 2616 ἐστιν,
964 2548 1008 2622 ᾧ
1042 2557 1354 2619 ἐξισοῦσθαι
1376 2557 1653 2628 δυνάμεθα
1683 2556 1761 2627 τῷ
1792 2556 1913 2627 Θεῷ
1937 2555 2016 2627 τῷ
2039 2557 2061 2589 ⁷

482 2640 655 2694 ἐλεεῖν
685 2644 780 2696 καὶ
809 2646 1124 2715 οἰκτείρειν.
1158 2648 1328 2701 Ὅταν
1376 2646 1471 2700 οὖν
1508 2648 1667 2701 τοῦτο
1701 2649 1775 2719 μὴ
1821 2648 2057 2719 ἔχωμεν,

479 2730 575 2783 τοῦ
604 2733 806 2795 παντὸς
835 2735 1283 2806 ἀπεστερήμεθα.
1321 2740 1434 2791 Οὐκ
1459 2735 1633 2802 εἶπεν,
1682 2740 1808 2793 Ἐὰν
1838 2741 2059 2810 νηστεύ-

482 2839 612 2892 σητε
635 2825 811 2894 ὅμοιοί
842 2828 965 2879 ἐστε
993 2829 1070 2897 τῷ
1103 2831 1277 2901 lla-.91
1314 2832 1486 2901 ὑμῶν·
1528 2832 1680 2884 οὐδὲν
1706 2833 1815 2902 γὰρ
1850 2832 2058 2886 τούτων

480 2913 673 2983 cupi“
704 2915 858 2978 Θεὸν,
891 2918 1015 2970 οὐδὲ
1040 2920 1331 2988 ἐργάζεταί
1360 2938 1412 2975 τι
1446 2922 1651 2975 τούτων
1680 2923 1707 2973 ὁ
1732 2924 1887 2985 Θεὸς.
1921 2923 2058 2976 ἀλλὰ

477 3005 568 3071 τίς
604 3006 859 3061 Γίνεσθε
888 3012 1261 3078 οἰκτίρμονες·
1289 3013 1367 3077 ὠς
1402 3016 1433 3065 ό
1459 3014 1659 3081 Πατὴρ
1688 3013 1856 3082 ὑμῶν
1879 3015 1899 3045 ⁹
1929 3016 1962 3067 ό
1986 3013 2058 3068 ἐν

2188 553 2460 607 stimulus.
2487 553 2924 608 Parturientibus
2961 554 3297 607 contrarium
3336 552 3537 605 accidit
3568 554 3762 608 mulie-

2188 646 2356 697 ribus.
2388 644 2588 700 Matres
2616 646 2818 701 etenim
2847 655 2974 701 ante
3024 654 3258 715 partum,
3287 655 3342 700 et
3379 646 3577 699 multus
3614 647 3765 699 labor

2185 740 2237 784 et
2254 733 2522 801 puerperii
2548 733 2848 788 acutissimi
2890 735 3124 798 dolores,
3151 745 3397 803 premunt
3421 736 3610 801 malis;
3643 747 3765 802 post

2187 837 2314 875 vero
2331 833 2541 889 partum
2567 826 2802 891 requies,
2829 823 3004 878 fructu
3031 826 3306 895 dissipatis
3323 826 3599 880 terumnis.
3624 826 3756 880 Pcc-

2184 913 2433 967 Cantibus
2463 924 2643 966 autem
2692 930 2797 967 non
2845 916 2946 969 sic.
2979 915 3083 969 Sed
3123 919 3365 984 quandiu
3413 918 3655 986 parinius
3704 930 3758 972 et

2183 1004 2521 1071 concipimus
2554 1015 2842 1072 corruptas
2882 1006 3260 1074 cogitationes,
3285 1018 3339 1062 et
3361 1009 3658 1077 gaudemus
3700 1020 3755 1064 et

2182 1093 2445 1148 hetanmr.
2487 1094 2776 1164 Postquam
2806 1105 2986 1151 autem
3015 1100 3322 1165 peperimus
3356 1102 3654 1168 pessimum
3696 1101 3756 1153 li-

2180 1184 2331 1246 lium,
2360 1195 2661 1253 peccaluni,
2699 1198 2826 1239 tunc
2854 1186 2967 1253 jam
2999 1188 3245 1241 videntes
3264 1189 3428 1258 geniti
3456 1189 3751 1244 {militatem

2180 1273 2444 1338 patimur,
2479 1283 2604 1326 tunc
2636 1274 2904 1328 credelius
2930 1291 3090 1343 quam
3114 1277 3473 1344 parturientes
3500 1279 3754 1333 mulieres

2176 1361 2497 1428 premimur.
2557 1361 2789 1431 Propter
2836 1367 2979 1432 quod
3041 1366 3247 1419 suadeo
3304 1382 3371 1419 ne
3423 1368 3751 1435 accipiamus

2175 1451 2416 1519 quidem,
2441 1455 2741 1519 prteserlim
2774 1455 2827 1508 in
2882 1458 3173 1524 principio,
3205 1457 3533 1513 desiderium
3564 1476 3754 1515 corru-

2177 1550 2349 1610 ptum.
2389 1542 2444 1596 Si
2484 1553 2663 1599 autem
2695 1545 2804 1614 jam
2840 1548 3236 1616 acceperimus,
3283 1563 3471 1603 semen
3514 1550 3566 1603 in
3600 1552 3752 1605 nobis

2175 1631 2597 1698 restinguamus.
2630 1632 2782 1698 Quod
2808 1635 2852 1687 si
2884 1650 3012 1689 vero
3044 1652 3219 1705 usque
3247 1639 3388 1691 adeo
3422 1639 3752 1708 negligentes

2178 1721 2437 1776 fuerimus
2469 1732 2525 1776 ut
2553 1722 2662 1790 jam
2695 1726 2931 1779 creverit
2953 1728 3003 1779 in
3033 1744 3169 1797 opus
3199 1738 3506 1795 peccatum,
3534 1746 3748 1783 rursum

2176 1813 2305 1867 illud
2363 1814 2755 1870 interliciamus
2818 1817 3160 1883 confusione,
3207 1820 3485 1888 lacrymis,
3523 1829 3579 1875 et
3608 1822 3750 1877 illius

2172 1906 2539 1959 accusatione.
2566 1905 2711 1960 Nihil
2738 1909 2882 1961 enim
2916 1910 2986 1962 ita
3017 1910 3224 1977 peccati
3253 1911 3562 1966 destructor
3606 1913 3748 1967 sicut

2172 2004 2224 2052 et
2246 1998 2520 2053 accusatio
2541 2008 2596 2052 et
2623 1999 3031 2055 condemnatio.

2235 2176 2401 2233 Vnus.
2450 2179 2542 2234 97.
2600 2180 2800 2251 Religio
2856 2183 3052 2235 ntunda
3101 2194 3146 2237 et
3195 2183 3538 2237 immaculata
3601 2186 3744 2251 apud

2169 2272 2337 2325 Deum
2370 2282 2419 2325 et
2444 2271 2662 2327 Patrem
2688 2274 2799 2327 Iurc
2824 2285 2900 2328 est
2929 2293 2947 2331 :
2981 2277 3195 2351 visitare
3226 2278 3411 2329 viduas
3432 2287 3477 2329 et
3513 2277 3741 2344 pupillos

2166 2365 2219 2415 in
2251 2363 2593 2420 tribulatione
2620 2382 2825 2433 eorum,
2861 2376 2911 2420 et
2942 2369 3339 2422 immaculatum
3368 2385 3423 2422 se
3475 2369 3743 2422 custodire

2164 2454 2230 2507 ab
2257 2455 2352 2508 hoc
2382 2458 2593 2512 sarculo.

2235 2549 2289 2602 ld
2316 2558 2419 2614 est,
2459 2550 2511 2603 in
2546 2552 2646 2606 hoc
2669 2551 2879 2605 similes
2912 2551 3020 2605 Deo
3049 2551 3164 2605 ﬁeri
3195 2566 3503 2618 possumus.
3542 2551 3585 2603 si
3641 2550 3744 2602 mi-

2164 2655 2412 2695 seremur
2437 2651 2491 2694 et
2520 2644 2899 2711 compatimnr.
2929 2641 2984 2696 Si
3010 2642 3126 2697 haec
3152 2657 3282 2711 ergo
3315 2658 3421 2697 non
3453 2642 3734 2704 habemus,

2163 2734 2231 2786 ab
2259 2733 2374 2801 ipso
2407 2734 2629 2786 omnino
2685 2749 3024 2799 separamur.
3062 2733 3180 2790 Non
3227 2735 3361 2789 dicit
3389 2754 3401 2788 :
3434 2734 3494 2788 Si
3522 2733 3734 2802 jejuna-

2162 2822 2371 2884 veritis,
2406 2822 2615 2876 similes
2648 2823 2802 2875 eritis
2850 2822 2993 2875 Patri
3026 2833 3231 2889 vestro,
3266 2824 3398 2877 nihil
3433 2825 3577 2877 enim
3630 2824 3736 2876 tale

2161 2912 2297 2980 apud
2314 2910 2479 2964 Deum
2507 2926 2603 2965 nec
2624 2912 2819 2965 similia
2854 2912 2959 2967 illis
2978 2922 3266 2982 operatur;
3286 2913 3377 2966 sed
3395 2912 3526 2980 quid
3551 2912 3682 2966 dicit
3715 2928 3729 2965 :

2163 3002 2347 3058 Estote
2370 3004 2730 3058 misericordes
2767 3004 2898 3057 sicut
2922 3014 2967 3058 et
3002 3004 3165 3058 Pater
3200 3012 3371 3058 vester
3391 3003 3481 3072 qui
3510 3003 3562 3055 in
3592 3004 3733 3056 caelis

477 3095 603 3162 τοῖς
635 3099 934 3165 οὐρανοῖς.
983 3102 1153 3154 Τοῦτο
1183 3103 1316 3155 Θεοῦ
1362 3103 1539 3172 ἔργον.
1600 3105 1725 3157 Ἐὰν
1758 3102 1849 3160 οὖν
1894 3104 2055 3159 τοῦτο

2171 3106 2232 3150 εει
2257 3096 2298 3149 ⁸.
2325 3094 2437 3150 lloc
2460 3095 2553 3150 Dei
2579 3111 2736 3164 opus.
2766 3094 2822 3149 Si
2849 3096 2977 3149 illud
2998 3111 3126 3165 ergo
3153 3112 3261 3150 non
3283 3098 3470 3160 habes,
3488 3097 3613 3164 quid
3641 3096 3737 3148 ha-

480 3185 555 3325 p?
583 3184 733 3257 ἔχῃς,
761 3188 814 3240 τί
849 3188 1028 3259 ἔχεις;
1058 3192 1278 3245 Ἐλεον
1310 3195 1492 3259 θέλω,
1526 3195 1689 3265 φησι,
1720 3196 1818 3250 καὶ
1845 3198 1918 3250 οὐ
1949 3199 2054 3251 θυ-

480 3289 520 3325 σ
547 3290 644 3325 αν.

477 3289 644 3329 σιαν.

477 3575 588 3639 τὴν
615 3575 824 3628 πίστιν
858 3578 967 3631 τοῦ
1004 3583 1226 3648 Κυρίου
1252 3582 1422 3652 ήμῶν
1443 3585 1644 3653 Ἰησοῦ
1670 3591 1926 3657 Χριστοῦ
1947 3591 2056 3660 τῆς

475 3662 678 3729 δόξης.

549 3756 703 3818 Τίνος
746 3757 934 3812 ἕνεκεν
981 3761 1046 3813 σὺ
1082 3763 1226 3832 μέγα
1256 3770 1510 3837 φρονεῖς,
1557 3770 1758 3839 φησίν;
1811 3773 1881 3824 Ἢ
1913 3773 2056 3825 διατι

479 3845 639 3896 πάλιν
678 3848 861 3918 ἔτερος
892 3852 1081 3908 ἑαυτὸν
1112 3856 1477 3923 ὲξευτελίζεις
1512 3861 1647 3930 Οὐχὶ
1679 3861 1839 3930 σῶμά
1885 3863 2054 3931 ὲσμεν

477 3932 715 3997 ἅπαντες
737 3935 815 4000 ἓν,
849 3941 941 3992 καὶ
970 3944 1198 4011 μεγάλοι
1226 3947 1318 3998 καὶ
1346 3949 1532 4015 μικροί
1555 3965 1568 4011 ;
1600 3950 1769 4002 Ὅταν
1787 3946 1880 4003 οὖν
1909 3951 2052 4004 κατὰ

473 4024 534 4075 τὸ
560 4026 852 4093 κεφάλαιον
883 4031 940 4084 ἓν
967 4027 1117 4103 ὦμεν
1146 4038 1238 4089 καὶ
1268 4039 1514 4106 ἀλλήλων
1543 4040 1700 4108 μέλη,
1734 4042 1785 4093 τί
1823 4045 1887 4112 τῇ
1913 4043 2052 4095 ἀπο-

471 4116 592 4186 νοίᾳ
636 4118 946 4188 αὐχὶζειςω
996 4126 1232 4190 σαυτόν;
1282 4128 1332 4179 τί
1381 4128 1613 4200 αἰσχύνῃ
1652 4129 1742 4182 τὸν
1789 4131 2047 4201 ἀδελφόν;

471 4204 684 4276 Ὥσπερ
724 4211 833 4280 γὰρ
878 4214 1083 4279 ἐκεῖνός
1114 4234 1211 4269 σου
1254 4220 1444 4287 μέλος,
1493 4222 1636 4274 οὕτω
1668 4224 1921 4277 κάκείνου
1949 4227 2047 4290 σὺ,

470 4296 562 4348 καὶ
591 4299 760 4370 πολλὴ
789 4304 931 4357 κατὰ
955 4305 1114 4359 τοῦτο
1143 4309 1175 4378 ἡ
1201 4310 1482 4379 ὁμοτιμία.

552 4483 632 4535 Οὐ
663 4482 996 4555 διεκρίθητε
1030 4490 1100 4543 ἐν
1125 4490 1363 4559 ἑαυτοῖς
1398 4494 1498 4548 καὶ
1539 4497 1818 4567 ἐγένεσθε
1850 4504 2044 4570 κριταὶ

464 4568 867 4644 διαλογισμῶν
892 4581 1201 4649 πονηρῶν;

533 4664 605 4716 Τὸ
635 4668 767 4720 αὐτὸ
809 4672 888 4733 εἰς
935 4672 1198 4743 ἀλλήλους
1240 4677 1591 4748 φρονοῦντες.
1635 4685 1973 4755 Παρεγένετο
2011 4689 2038 4739 ό

463 4751 650 4849 ’ξένηςο
681 4759 841 4824 γενοῦ
877 4763 999 4815 κατ’
1028 4766 1208 4833 [αὑτὸν
1233 4768 1272 4800 “
1313 4770 1392 4841 τῷ
1427 4751 1755 4844 φρονήματι·
1918 4780 2038 4847 μεί-

461 4841 589 4903 ζονα
613 4851 928 4924 καταϐάλῃς
961 4857 1127 4926 ὄγκον
1154 4859 1241 4914 διὰ
1274 4862 1364 4916 τὸν
1396 4841 1646 4921 πλοῦτονο
1674 4841 2042 4925 οὐκ-ἔστιτςέ-

460 4952 558 4999 νης
606 4941 699 4991 καὶ
735 4944 990 5011 πλούσιος
1035 4952 1094 5003 ὲν
1137 4954 1379 5026 Χριστῳ.
1424 4958 1514 5030 Μὴ
1565 4960 1744 5014 τοίνυν
1779 4964 2041 5034 ἐπαισχύ-

461 5040 557 5095 vn;
581 5028 621 5057 η
651 5028 738 5082 διὰ
774 5033 875 5102 τὴν
908 5036 1109 5100 έξωοεν
1145 5045 1462 5116 περιϐολὴν,
1497 5028 1634 5101 διλλά
1668 5051 1924 5117 ἀπόδεξαι
1947 5028 2038 5108 erat

459 5116 558 5184 τὴν
588 5117 733 5173 ἔνδον
768 5123 970 5180 πίστιν.

541 5209 885 5303 Ἀκούσατε,
928 5218 1181 5290 ἀδελφοί
1212 5224 1342 5292 ’μου
1360 5230 1801 5303 ἀγαπητοὶ,οὺχ
1831 5239 1863 5288 ό
1894 5237 2036 5303 Θεὸς

455 5298 772 5367 ἐξελέξατο
825 5310 966 5377 τοὺς
1023 5319 1300 5385 πτωχοὺς
1353 5323 1458 5376 τοῦ
1517 5328 1747 5394 κόσμου
1779 5369 1793 5393 ,
1843 5332 2033 5382 πλου-

525 5476 546 5507 ⁶
578 5477 705 5536 Luc.
737 5499 814 5549 Vl,
845 5486 933 5542 56.
1014 5490 1056 5543 τ.
1101 5491 1291 5550 Matth.
1322 5512 1401 5565 Ix,
1434 5499 1521 5555 l5.

525 5632 630 5716 ’,0.
665 5636 727 5689 C.
761 5638 821 5725 τί)
844 5657 1184 5725 πιροιςνοοι.
1403 5652 1463 5705 C.
1501 5655 1648 5723 περὶ.
1727 5655 1826 5707 ’C.
1856 5654 1916 5709 C.
1951 5655 2130 5725 ἡμῶν.

454 5701 687 5759 ἐκεῖνον.
769 5708 811 5740 ¹²
842 5709 902 5762 C.
936 5713 995 5769 υ.
1030 5701 1415 5785 ἐπαισχυνθῇς.

2160 3189 2297 3244 bes?
2326 3187 2751 3242 Misericordiam
2778 3187 2915 3254 volo,
2951 3189 3103 3256 dicit,
3127 3200 3176 3244 et
3210 3206 3313 3244 non
3341 3188 3657 3257 sacriﬁcium
3688 3188 3731 3242 ".

2821 3398 2973 3453 CAP.
3006 3398 3069 3452 ll.

2234 3509 2403 3565 Vsus.
2447 3511 2497 3564 Ι.
2538 3507 2761 3562 Fratres
2786 3510 2910 3571 mei,
2948 3508 3105 3561 nolite
3140 3507 3195 3558 in
3246 3518 3589 3572 personarum
3639 3515 3733 3551 ac-

2160 3602 2394 3667 ceptione
2455 3599 2645 3652 habere
2677 3599 2832 3666 ﬁdem
2881 3597 3091 3651 Domini
3149 3595 3315 3647 nostri
3347 3590 3477 3646 Iesu
3534 3590 3735 3646 Christi

2158 3693 2361 3761 glorior.

2229 3784 2366 3850 Quid
2397 3791 2479 3837 est
2505 3784 2646 3852 quod
2679 3783 2744 3836 de
2780 3791 2832 3836 te
2881 3780 3114 3850 superbe
3156 3780 3347 3843 sentis,
3373 3778 3496 3832 dum
3543 3792 3575 3831 e
3603 3792 3734 3833 con-

2160 3890 2341 3938 verso,
2384 3874 2525 3927 alter
2585 3875 2818 3941 teipsum
2882 3872 3224 3927 contemnit?
3286 3870 3483 3926 Nonne
3536 3884 3731 3938 corpus

2158 3982 2324 4020 unum
2353 3980 2541 4020 sumus
2563 3979 2776 4028 omnes,
2808 3972 2861 4017 et
2889 3964 3067 4032 magni
3097 3972 3151 4017 et
3181 3963 3368 4032 parvi?
3405 3963 3543 4017 Dum
3570 3975 3726 4028 ergo,

2157 4057 2454 4112 secundum
2482 4058 2624 4124 quod
2652 4055 2979 4123 praecipuum
3010 4065 3114 4117 est,
3141 4069 3305 4106 unum
3336 4067 3542 4113 sumus,
3566 4060 3621 4104 et
3653 4051 3731 4102 al-

2154 4154 2239 4198 ter
2269 4144 2490 4197 alterins
2518 4143 2783 4199 membra.
2817 4143 2945 4210 quid
2997 4151 3048 4193 tu
3086 4140 3565 4194 intolerantissime
3622 4137 3731 4204 glo-

2156 4239 2338 4302 riaris,
2365 4237 2494 4306 quid
2540 4235 2761 4289 fratrem
2807 4234 3133 4288 contumelia
3170 4231 3373 4284 vexas?
3400 4230 3552 4283 Sient
3580 4230 3726 4283 enim

2155 4330 2256 4385 iste
2286 4330 2588 4384 membrum
2623 4338 2793 4391 tuum,
2818 4325 2899 4381 sic
2918 4334 2974 4379 et
3001 4333 3053 4378 ιιι
3082 4322 3272 4393 ipsius,
3299 4330 3355 4374 et
3384 4320 3508 4373 inde
3535 4333 3726 4389 magna

2077 4430 2125 4486 ι)
2155 4423 2375 4477 honoris
2410 4421 2710 4491 aequalitas.

2226 4514 2392 4568 Vsus.
2440 4512 2495 4566 4.
2553 4511 2742 4565 Nonne
2793 4510 3053 4580 judicatis
3103 4505 3245 4575 apud
3288 4502 3641 4569 vosmetipsos,
3676 4509 3726 4554 et

2109 4662 2115 4668 ,
2155 4607 2287 4674 facti
2320 4604 2446 4658 estis
2472 4602 2680 4673 judices
2709 4603 3080 4673 cogitationum
3111 4599 3410 4664 iniquarum
3434 4595 3459 4646 ?

2218 4696 2361 4751 Idem
2401 4695 2471 4750 de
2517 4696 2771 4749 omnibus
2812 4707 3137 4749 sentiamus.
3175 4690 3338 4743 Adest
3369 4700 3593 4755 pauper.
3627 4699 3722 4737 cu-

2150 4803 2263 4841 ram
2302 4786 2456 4840 istius
2477 4785 2619 4840 habe
2647 4785 2768 4838 forti
2802 4785 3021 4849 animo;
3065 4796 3165 4834 nec
3196 4778 3453 4845 majorem
3488 4777 3553 4829 de
3580 4774 3719 4826 divi-

2153 4879 2240 4932 tiis
2269 4877 2556 4931 elationem
2594 4875 2855 4943 accipias.
2892 4874 3077 4940 Neque
3107 4885 3312 4940 pauper
3343 4881 3519 4936 neque
3569 4865 3720 4917 dives

2147 4975 2230 5021 est
2280 4965 2333 5019 in
2367 4964 2604 5018 Christo.
2639 4963 2754 5017 Noli
2811 4964 2992 5031 itaque
3045 4961 3368 5014 erubescere
3413 4958 3463 5010 in
3506 4956 3715 5011 externi

2142 5056 2324 5123 specie
2354 5053 2675 5115 indumenti,
2713 5051 2808 5104 sed
2840 5051 2985 5103 illum
3024 5049 3210 5117 accipe
3234 5044 3530 5100 secundum
3566 5041 3712 5094 inte-

2146 5148 2342 5201 riorem
2376 5145 2554 5199 ﬁdem.

2219 5238 2382 5292 Vens.
2418 5239 2473 5303 5,
2505 5237 2559 5291 6.
2581 5237 2797 5300 Audite,
2824 5234 3016 5304 fratres
3042 5250 3138 5286 utet
3166 5229 3526 5290 dilectissimi;
3552 5241 3720 5278 nonne

2158 5329 2302 5383 Deus
2328 5329 2480 5399 elegit
2502 5344 2754 5399 pauperes
2805 5328 2859 5379 in
2909 5328 3006 5378 hoc
3044 5326 3258 5386 mundo,
3290 5323 3475 5374 divites
3509 5321 3561 5371 in
3612 5315 3720 5377 ﬁde

2249 5660 2289 5689 ²⁰
2315 5659 2354 5713 C
2381 5660 2440 5716 C:
2482 5659 2713 5729 σχίζεις.
2780 5660 3219 5731 ἀπονοιαυχίζεις
3255 5660 3389 5716 Cod.
3490 5658 3534 5691 "
3559 5658 3620 5711 C.
3649 5654 3715 5712 Ο.
