4004 6156
313 300 453 355 1οι3
1112 276 1905 348 ’ὃυΡΡιιΕΜΕΝΤυΜἈΠἙι

2043 272 2530 350 CHRYSOSTOMI
2569 269 2820 326 OPERtA.
3415 258 3554 313 10M

313 422 360 465 et
388 405 616 466 hisredes
655 426 795 479 regni
842 411 980 479 quod
1014 411 1307 474 repromisit
1364 409 1500 462 Deus
1535 406 1867 474 diligentibus
1898 441 1905 458 .

2009 397 2144 459 υόυς
2187 394 2256 446 ἐν
2280 391 2499 450 πίστει,
2531 387 2629 442 καὶ
2655 380 3064 450 κληρονόμους
3093 368 3204 436 τῆς
3230 365 3552 479 βασιλείῗῖ

315 457 360 465 --
388 457 614 466 -..τηηη
655 457 793 479 ην..-
845 457 976 479 ,μη
1364 457 1496 462 ____-
1760 457 1765 458 ,

315 504 404 557 se?
430 520 518 557 vos
551 513 720 555 autem
755 502 1116 555 exhonorastis
1143 518 1440 570 pauperem.

2009 482 2050 553 ᾖς
2096 457 2488 552 ἐπηγγείλατο
2538 477 2660 542 τοῖς
2706 469 3016 544 ἀγαπῶσιν
3046 465 3264 526 ainde”;
3288 457 3458 529 ὑμεῖς
3483 457 3552 510 δὲ

1975 573 2301 643 ἠτιμάσατε
2327 570 2433 622 τὸν
2469 566 2719 633 πτωχόν.

2060 637 2247 733 ’Ἡμεῖς
2281 661 2336 713 δὲ
2385 659 2458 720 ὡς
2492 656 2562 710 τά
2597 656 2828 725 μέγιστα
2860 645 3183 718 ἠδικημένοι
3229 639 3371 695 οὕτω
3416 637 3547 701 τοὺς

320 769 392 821 ita
422 767 847 836 supplicantibus
888 767 1234 832 insnltamus,
1273 781 1470 834 eosque
1502 766 1876 827 abborremus,

2009 730 2411 825 προσαιτοῦντας
2460 749 2775 818 ὑόρίζομεν,
2828 730 3552 836 ἀποστρεφόμεθαοηούηδί-

321 873 420 910 nec
465 857 590 924 quid
641 858 854 920 damus,
885 858 977 910 sed
1011 872 1040 907 e
1070 867 1256 908 contra
1310 856 1712 909 contristamus.
1749 854 1882 906 Cor-

2013 821 2103 908 ους
2129 845 2171 875 ¹³
2205 862 2257 895 τι
2287 844 2382 894 καὶ
2408 842 2597 900 λυπεῖς
2623 856 2637 905 ;
2669 831 3045 898 Νουθετεῖτεξ,
3077 823 3232 879 εἶπεν
3260 827 3288 877 ὁ
3320 821 3551 884 Παῦλος,

319 948 472 1014 ripite
493 955 547 998 ut
571 944 813 1014 fratrem.
846 945 975 996 dicit
1004 944 1219 1006 Paulus,
1253 955 1296 996 et
1322 943 1482 995 nolite
1505 942 1638 994 sicut
1668 941 1880 992 inimico

2009 938 2060 1002 bc
2113 932 2434 1002 ἀδελφοὺς,
2481 931 2592 997 οὐχ
2647 923 2902 994 ὑϐρίζετε
2949 922 3029 985 ὠς
3074 915 3346 1014 εχθροῖἇςο
3391 913 3419 964 ὁ
3465 911 3554 1014 τωρ

318 1035 574 1089 insultare
613 1035 654 1088 ⁸.
707 1035 804 1098 Qui
863 1033 1086 1086 fratrem
1136 1048 1290 1085 suum
1340 1030 1584 1097 corripit,
1623 1045 1728 1082 non
1780 1029 1884 1080 hoc

2009 1023 2211 1091 ιδελφὸν
2254 1019 2418 1073 αὐτοῦ
2462 1015 2750 1078 νουθετῶν,
2797 1012 2859 1064 ού
2906 1007 3143 1078 δημοσία
3181 1003 3341 1057 τοῦτο
3389 1003 3550 1052 ποιεῖ·

321 1123 535 1192 publice
572 1091 1148 1190 facit."Cnrrcptionem
1195 1137 1299 1174 non
1337 1091 1596 1187 divulgat,
1628 1118 1721 1171 sed
1772 1116 1882 1184 pri-

2009 1116 2084 1166 μύκ
2110 1108 2450 1182 ὲκπομπεύει
2481 1107 2578 1177 τὴν
2613 1104 2792 1174 ὕϐριν,
2822 1101 2938 1154 ἀλλ’
2975 1099 3082 1167 ἰδία
3115 1097 3211 1149 καὶ
3261 1091 3396 1162 μετὰ
3426 1091 3556 1143 πολε

324 1213 488 1265 vatim
534 1214 727 1276 instat,
782 1222 834 1262 ct
879 1226 1068 1278 magna
1122 1225 1241 1264 cum
1297 1185 1604 1278 prudentia,
1649 1215 1702 1259 et
1755 1203 1888 1256 allii-

2009 1213 2084 1278 ,ἧς
2108 1208 2149 1239 ιδ
2176 1206 2469 1275 προσοχῆς,
2497 1201 2591 1254 καὶ
2615 1197 2795 1266 ἀλγῶν
2829 1197 2922 1248 καὶ
2944 1192 3270 1260 δακνόμενος
3302 1185 3552 1255 δακρύων

323 1314 462 1366 ctus,
518 1312 569 1355 et
610 1304 690 1354 vix
755 1315 1057 1369 temperans
1099 1316 1127 1353 a
1178 1299 1451 1370 Iacrymis,
1483 1313 1618 1364 quas
1667 1306 1720 1349 et
1747 1308 1889 1363 smpe

2009 1300 2083 1352 tat
2124 1295 2467 1364 ὀδυρόμενος.
2521 1289 2654 1343 Ἀπὸ
2691 1286 2986 1354 ἀδελφικῆς
3024 1281 3204 1334 τοίνυν
3239 1278 3555 1347 παρέχομεν

324 1395 584 1460 plurimas
632 1395 876 1447 effundit.
937 1396 978 1446 A
1036 1393 1276 1447 fraterno
1330 1404 1508 1446 tamen
1558 1389 1891 1456 digredimur

2009 1391 2087 1458 τῆς
2115 1385 2374 1446 διανοίας,
2405 1382 2512 1436 ἀπὸ
2534 1378 2831 1446 ἀδελφικῆς
2855 1372 3216 1438 νουθετοῦμεν
3241 1368 3340 1436 τῆς
3372 1383 3560 1434 προαι-

327 1499 510 1546 Sensu,
565 1486 767 1550 absque
826 1484 1057 1540 fraterna
1087 1482 1409 1550 corripimus
1473 1477 1885 1538 benevolentia,

2009 1456 2217 1541 πέσεως,
2249 1475 2320 1545 μὴ
2350 1475 2424 1537 ὡς
2449 1472 2741 1540 ἀλγοῦντες
2777 1468 2870 1521 ἐπὶ
2892 1466 2970 1535 τῷ
3000 1466 3042 1496 ¹⁶
3075 1463 3305 1522 διδόναι,
3335 1458 3448 1510 ἀλλ’
3482 1456 3556 1518 ὡς

329 1591 432 1628 non
461 1576 609 1642 quasi
647 1575 824 1627 alllicti
874 1577 925 1628 in
953 1577 1218 1638 donando,
1251 1574 1342 1627 sed
1380 1585 1437 1624 ut
1466 1587 1607 1639 aegre
1638 1571 1887 1622 ferentes

2009 1565 2284 1635 ίιλγοῦντες
2323 1563 2416 1615 ἐπὶ
2442 1565 2517 1628 τῷ
2548 1562 2754 1612 ἐκεῖνον
2800 1554 3159 1626 παραϐαίνειν
3201 1551 3299 1618 τὴν
3339 1545 3558 1614 ἐντολὴν

328 1666 502 1734 ipsum
559 1667 858 1732 transgredi
919 1674 1181 1733 prmcepta
1247 1673 1436 1716 contra
1490 1637 1797 1714 utilitatem.
1835 1656 1889 1710 Si

2009 1659 2086 1709 ἐπὶ
2115 1657 2175 1707 τὸ
2217 1653 2433 1723 κέρδος.
2468 1650 2530 1703 El
2564 1650 2672 1720 γὰρ
2711 1648 2846 1719 μετὰ
2876 1647 2934 1699 τὸ
2965 1644 3145 1698 δοῦναι
3168 1641 3434 1712 ὑϐρίζεις,
3464 1637 3558 1688 λυ-

328 1768 505 1810 autcm
532 1773 652 1809 cum
680 1757 914 1820 dederis,
949 1756 1196 1817 insultas,
1232 1751 1601 1807 beneficentia:
1641 1749 1893 1817 volupta-

2009 1747 2166 1818 μαίνῃ
2188 1748 2254 1816 τῇ
2292 1717 2394 1812 τῆς
2418 1717 2616 1803 δόσεως
2641 1717 2837 1810 ἡδονῇ.
2874 1738 3044 1790 Ὅταν
3071 1735 3127 1788 δὲ
3162 1734 3296 1803 μήτε
3333 1730 3438 1799 δῷς
3467 1729 3562 1781 καὶ

389 677 496 732 Nos
529 681 691 744 enim,
725 679 1048 746 sicutqnam
1083 678 1321 734 maxima
1354 677 1494 744 passi
1522 675 1870 741 detrimenta,

330 1854 434 1900 tein
456 1847 778 1912 corrumpis.
806 1845 911 1899 Sed
939 1848 984 1898 si
1019 1858 1190 1912 neque
1213 1843 1307 1895 das
1332 1850 1386 1895 et
1409 1840 1659 1905 insultas,
1691 1844 1894 1906 quanto

333 1935 778 1989 miserabiliorem
803 1933 1000 1987 eilicies
1033 1934 1174 1986 hunc
1209 1932 1320 2000 jam
1351 1930 1602 1983 miserum
1638 1938 1691 1980 et
1717 1925 1895 1980 infeli-

330 2028 477 2080 cem!
507 2027 684 2080 Exivit
707 2027 771 2078 ad
794 2036 844 2079 te
870 2036 927 2079 ut
951 2025 1098 2079 illum
1118 2025 1420 2093 adjuvares,
1449 2030 1502 2074 et
1524 2019 1728 2074 recedit
1753 2033 1896 2071 mor-

332 2117 422 2170 tali
455 2126 677 2185 accepto
709 2116 964 2178 vulnere,-
986 2115 1265 2184 magisque
1288 2112 1627 2182 lacrymabit.
1679 2110 1736 2163 Si
1775 2110 1898 2178 quis

330 2217 509 2262 autem
541 2208 828 2275 indigentia
867 2214 960 2258 aut
1011 2205 1353 2267 necessitate;
1385 2203 1690 2256 mendicare
1751 2217 1885 2254 com-

333 2299 569 2367 pellitur,
608 2299 652 2352 si
684 2313 833 2360 vero,
873 2296 1284 2352 mendicatiouis
1331 2310 1518 2357 causa,
1553 2292 1894 2347 contumeliis

333 2389 585 2453 aﬂicitur,
634 2400 859 2458 quanta,
911 2403 1114 2457 quaeso,
1151 2387 1254 2440 erit
1286 2386 1457 2454 ipsius
1500 2381 1898 2437 animadversio

334 2483 387 2534 in
421 2480 866 2535 contumeliosum
898 2479 911 2530 ι
945 2477 1254 2532 Creatorem
1288 2485 1465 2529 autem
1513 2475 1627 2542 ipse
1680 2472 1900 2526 eXttlce-

335 2580 436 2634 rat,
470 2569 735 2637 siquidem
759 2569 900 2620 hunc
931 2567 1076 2620 misit
1107 2567 1248 2620 Deus
1279 2565 1344 2618 ad
1378 2571 1429 2618 te
1458 2564 1810 2630 indigentem,
1839 2569 1898 2615 ut

337 2669 392 2712 tu
424 2659 616 2713 debeas
672 2657 914 2710 auxiliari
945 2656 1018 2708 illi
1052 2696 1068 2720 ,
1100 2665 1154 2708 et
1187 2664 1239 2708 tu
1287 2655 1359 2707 illi
1399 2662 1620 2722 propter
1657 2662 1709 2706 te
1761 2651 1901 2706 indi-

335 2749 478 2818 genti
536 2748 779 2801 insultas.
843 2746 1051 2814 Quanta
1097 2749 1210 2800 haec
1255 2743 1641 2812 imprudentia!
1700 2752 1901 2810 quanta

338 2841 436 2892 boc
477 2854 612 2907 Opus
659 2838 1016 2907 ingratitudol

405 2931 573 2984 Vens.
599 2929 655 2993 6,
679 2932 732 2983 7.
758 2930 948 2984 Nonne
975 2932 1159 2984 divites
1181 2947 1272 2999 per
1293 2930 1574 2999 potentiam
1601 2927 1901 2996 opprimunt

1997 1837 2248 1909 ὑϐρίσῃς,
2279 1835 2445 1887 πόσον
2466 1833 2565 1884 οὐκ
2584 1831 2824 1896 εἰργάσω
2845 1827 3014 1881 κακὸν
3031 1826 3120 1877 τὸν
3151 1823 3334 1877 ἄθλιον
3355 1821 3563 1872 ἐκεῖνον

1997 1932 2092 1982 καὶ
2120 1908 2496 1993 ταλαίπωρον;
2526 1921 2839 1990 Προσῆλθεν
2868 1919 2941 1980 ὡς
2963 1914 3319 1985 ὲλεησόμενος
3342 1912 3387 1942 ¹⁶
3414 1908 3566 1978 παρὰ

1999 2019 2116 2080 σοῦ.
2137 2016 2317 2071 λαϐὼν
2341 2016 2396 2068 δὲ
2426 2013 2645 2083 καιρίαν
2674 2011 2769 2081 τὴν
2801 2010 3013 2078 πληγὴν
3046 2005 3277 2073 ἀπῆλθε,
3312 2003 3405 2054 καὶ
3439 2000 3570 2071 μᾶλ-

1998 2111 2087 2164 λον
2123 2109 2436 2177 ἐδάκρυσεν.
2475 2106 2645 2158 Ὅταν
2676 2103 2782 2169 γὰρ
2824 2099 3204 2166 ἀναγκάζηται
3237 2095 3326 2148 διὰ
3354 2094 3452 2162 τὴν
3481 2092 3569 2144 ἐν·

1999 2203 2148 2254 δειαν
2194 2198 2528 2268 προσαιτεῖν,
2577 2193 2666 2246 διὰ
2703 2192 2761 2244 δὲ
2803 2191 2863 2242 τὸ
2909 2189 3223 2257 προσαιτεῖν
3264 2184 3565 2252 ὑϐρίζεται,

2000 2292 2102 2361 ὅρα
2133 2290 2273 2356 πόση
2301 2287 2376 2356 τῷ
2409 2283 2682 2354 ὑϐρίζοντι
2717 2284 2750 2353 ἡ
2780 2279 3042 2350 τιμωρία.
3080 2276 3379 2346 Παροξύνει
3409 2275 3450 2305 ³⁷
3475 2274 3568 2326 τὸν

2011 2382 2317 2449 ποιήσαντα
2340 2376 2521 2430 αὐτόν’
2556 2375 2714 2443 εἴπερ
2733 2372 2841 2441 γάρ
2876 2386 2964 2439 μοι
2995 2368 3156 2430 αὐτὸς
3191 2367 3353 2420 αὐτὸν
3383 2364 3568 2432 ἀφῆκε

2002 2470 2262 2526 πένεσθαι
2287 2469 2376 2521 διὰ
2407 2467 2488 2531 σὲ,
2523 2466 2612 2518 ἵνα
2639 2465 2702 2516 σὺ
2732 2463 2860 2532 ἔχῃς
2897 2458 3227 2529 θεραπεύειν
3254 2456 3438 2516 αὐτὸν,
3470 2452 3570 2505 καὶ

2002 2563 2066 2616 σὺ
2104 2561 2195 2614 τὸν
2227 2559 2316 2613 διὰ
2347 2559 2405 2611 σὲ
2430 2555 2725 2625 πενόμενον
2753 2551 3015 2621 ὑϐρίζεις,
3044 2549 3215 2616 πόσης
3247 2541 3569 2614 ἀγνωμοσύ-

2001 2669 2099 2723 νης
2125 2650 2333 2713 ταῦτα;
2372 2649 2541 2716 πόσης
2576 2645 2897 2715 ἀχαριστίας
2925 2642 3084 2698 τοῦτο
3112 2641 3173 2694 τὸ
3207 2638 3400 2709 ἔργον;

2076 2909 2196 2976 Οὐχ
2255 2907 2310 2960 οἱ
2357 2903 2634 2957 πλούσιοι
2705 2891 3331 2950 καταδυναστεύουσιν
3378 2883 3568 2954 ὑμῶν,

426 2973 573 2984 ........
603 2973 655 2993 ν,
689 2973 732 2983 ..
758 2973 946 2984 -.νηην
975 2973 1157 2984 ...-..--
1181 2973 1259 2999 ν...
1293 2973 1574 2999 "mum..-
1604 2973 1897 2996 -r,.---.------

338 3034 429 3070 nos
453 3058 466 3080 ,
497 3029 542 3071 et
569 3019 664 3085 ipsi
692 3020 907 3071 tradunt
948 3035 1038 3070 nos
1079 3020 1146 3071 ad
1168 3019 1420 3087 judicia?
1451 3016 1638 3070 Nonne
1663 3016 1760 3084 ipsi
1783 3014 1895 3066 bla-

2009 3000 2101 3053 καί
2126 2995 2294 3051 αὐτοὶ
2327 2993 2615 3047 ἕλκουσιν
2650 2986 2805 3055 ὑμᾶς
2828 2989 2912 3049 εις
2942 2980 3207 3049 κριτήρια
3219 2995 3237 3041 ;
3258 2979 3367 3031 οὐκ
3399 2973 3570 3026 αὐτοὶ

2340 3085 2362 3087 ’⁷
2523 3082 2534 3087 ⁸
2687 3078 2730 3087 ⁸⁵
2828 3075 2850 3087 ¹¹⁹
3077 3071 3088 3087 ι
3135 3071 3146 3087 1
3171 3085 3197 3087 η
3231 3086 3234 3087 ν
3278 3064 3445 3087 1.-n1_-
3481 3063 3570 3087 1.--,

338 3063 427 3070 ---ν
453 3063 466 3080 ,
497 3063 542 3071 --
569 3063 662 3085 .,,-.
692 3063 906 3071 -._-....-
948 3063 1038 3070 ..η
1080 3063 1141 3071 π
1168 3063 1408 3087 μην...
1451 3063 1635 3070 -.-....-
1664 3063 1756 3084 -,.--

337 3111 604 3177 sphemant
630 3109 816 3160 bonum
840 3123 1023 3160 nomen
1044 3111 1178 3176 quod
1203 3109 1492 3161 invocatum
1516 3118 1588 3159 est
1606 3121 1758 3173 super
1777 3104 1899 3155 nos?

2009 3085 2434 3156 βλασφημοῦσι
2475 3082 2542 3134 τὸ
2592 3078 2781 3132 καλὸν
2819 3075 3003 3142 ὄνομα
3029 3071 3095 3124 τὸ
3123 3064 3462 3135 ἐπικληθὲν,
3477 3063 3571 3130 ἐφ’

2000 3179 2184 3251 ὑμεῖςῖ

413 3289 687 3343 Generose
722 3289 954 3356 ipsorum
983 3288 1330 3356 cupiditatem
1353 3288 1592 3341 sull'erte.
1624 3287 1699 3339 llli
1725 3296 1900 3340 autem

340 3382 548 3448 seipsos
594 3379 839 3447 perdent,
872 3395 973 3432 non
1011 3394 1123 3433 vos.
1159 3379 1278 3438 Vos,
1302 3378 1514 3445 quidem
1550 3377 1903 3444 divitiis-spo-

343 3473 498 3535 liant,
534 3471 628 3524 sed
680 3470 886 3538 seipsos
915 3471 1120 3525 nudant
1169 3469 1535 3523 benevolentia
1579 3479 1630 3520 et
1659 3469 1906 3536 praesidio

345 3563 458 3615 Dei.
487 3561 587 3627 Qui
627 3576 754 3615 vero
785 3561 902 3616 iSIis
925 3562 1261 3623 destituitur,
1285 3561 1410 3614 licet
1459 3567 1685 3615 cunctrts
1721 3559 1904 3612 mundi

343 3653 869 3721 possideatdivitias,
904 3653 1140 3705 omnium
1191 3650 1563 3719 pauperrimus
1587 3655 1691 3704 est.

411 3833 686 3887 Vens.12.
735 3833 823 3887 Sic
871 3833 1141 3903 loquimini
1199 3842 1247 3886 et
1293 3851 1368 3886 ste
1425 3832 1605 3900 facile,
1634 3834 1778 3899 sicut
1817 3847 1908 3898 per

347 3927 505 3992 legem
538 3925 791 3978 libertatis
821 3927 1119 3992 incipientes
1134 3924 1389 3992 judicari.

413 4017 604 4072 Melius
656 4019 799 4072 enim
856 4029 938 4073 est
998 4034 1093 4073 vos
1133 4018 1313 4073 verbis
1357 4028 1567 4080 terreri,
1619 4031 1688 4070 ne
1749 4015 1907 4069 rebus

343 4110 679 4166 crueiemini.

424 4204 588 4258 Vens.
620 4201 712 4256 15.
753 4200 1127 4271 Superexaltat
1181 4208 1356 4256 autem
1410 4198 1773 4252 misericordia
1810 4198 1908 4266 ju-

342 4294 555 4347 dicium.

423 4384 774 4453 Eleemosyna
821 4383 1154 4437 admirabilis
1185 4381 1424 4450 quaedam
1460 4395 1546 4435 res
1573 4387 1657 4434 est
1673 4387 1746 4450 ,ει
1785 4393 1910 4448 pro-

348 4475 506 4530 tectio
531 4475 870 4545 operantium
917 4475 1093 4540 illam;
1126 4487 1154 4525 a
1205 4471 1314 4526 Deo
1345 4472 1814 4537 etenimzamatur,
1858 4477 1912 4522 et

340 4565 494 4631 juxta
525 4565 671 4620 illum
726 4574 834 4619 stat
880 4578 1110 4630 semper.
1152 4561 1391 4617 Gratiam
1443 4560 1602 4615 facile
1659 4561 1913 4628 impetrat

351 4658 402 4710 in
427 4657 674 4710 omnibus
715 4671 835 4723 quae
884 4656 1179 4718 desiderat,
1213 4655 1372 4710 modo
1414 4669 1518 4708 non
1554 4655 1627 4707 sit
1653 4653 1852 4722 injusta
1882 4667 1911 4704 a

350 4749 536 4812 nobis;
565 4748 762 4814 injusta
795 4757 972 4800 autem
1003 4755 1082 4798 est
1108 4761 1227 4798 cum
1262 4745 1406 4799 illam
1440 4759 1732 4812 operamur
1763 4742 1917 4796 bonis

349 4839 533 4906 rapina
578 4838 910 4906 comparatis
949 4839 1106 4906 quasi
1136 4837 1182 4892 si
1237 4851 1369 4905 pura
1429 4846 1629 4891 essent.
1665 4834 1912 4904 Magnam

347 4931 694 4996 operantibus
750 4945 869 4983 eam
930 4930 1091 4983 donat
1127 4929 1412 5000 justitiam,
1466 4937 1608 4982 tanta
1670 4926 1784 4992 ejus
1835 4933 1918 4978 est

349 5021 604 5075 fortitudo
652 5032 706 5077 et
762 5023 813 5076 in
859 5023 1086 5090 gratiam
1168 5021 1532 5076 misericordis
1575 5026 1629 5070 et
1687 5019 1740 5069 in
1794 5031 1917 5083 gra-

353 5112 478 5164 tiam
517 5113 809 5180 peccantis.
843 5112 958 5182 lpsa
984 5154 998 5178 ,
1031 5113 1240 5167 vincula
1287 5110 1484 5172 solvit,
1542 5110 1787 5162 tenebras
1834 5107 1920 5157 lu-

351 5209 476 5266 gat,
523 5203 697 5270 ignem
771 5204 1107 5270 exstinguit,
1157 5216 1391 5255 vermem
1447 5198 1680 5258 occidit,
1721 5195 1918 5247 avertit

362 5289 646 5344 stridorem
700 5291 961 5357 dentium,
995 5295 1150 5362 eique
1200 5304 1392 5359 magna
1449 5303 1568 5342 cmn
1620 5285 1911 5340 securitate

423 5423 441 5453 ⁸
481 5422 520 5474 ιι
550 5423 738 5479 Thess.
762 5440 856 5495 ιιι,
888 5426 971 5478 15.

443 5558 486 5586 ⁸³
613 5558 672 5611 C.
727 5558 898 5619 δίδως.

996 5559 1038 5588 ’⁵
1073 5558 1130 5610 C.
1166 5557 1227 5610 C.
1268 5553 1467 5621 πολλῆς
1516 5550 1637 5621 τῆςἷ

357 5624 398 5654 "
421 5626 476 5678 C.
512 5629 570 5684 (ἰ.
604 5627 930 5693 γυμνωθεὶς.

1009 5629 1047 5660 ³³
1075 5629 1132 5681 C.
1162 5627 1221 5679 (3.
1279 5622 1447 5674 ἐστὶν.

1937 4336 1988 4396 1)

1737 5547 1779 5578 ¹⁵
1811 5545 1872 5598 C.
1898 5543 1960 5596 C.
1997 5542 2076 5595 τὸ.

1541 5608 1676 5673 ’θα
1700 5616 1762 5671 C.
1791 5613 1975 5682 αὐτὴν.
2051 5613 2091 5643 ²¹
2132 5609 2192 5665 C.
2223 5611 2284 5664 Ο.
2315 5608 2709 5678 ἡμαρτικότων.

2063 3293 2272 3361 Φέρετε
2301 3285 2563 3351 γενναίως
2608 3281 2704 3342 τὰς
2746 3274 3079 3339 πλεονεξίας.
3125 3269 3383 3330 Ἑαυτοὺς
3415 3267 3572 3318 ἀναι-

2011 3357 2196 3456 ροῦσιν
2221 3381 2444 3442 ἐκεῖνοι,
2475 3377 2575 3444 οὐχ
2614 3372 2776 3440 ὑμᾶς.
2830 3368 3005 3437 Ὑμᾶς
3059 3364 3156 3456 μὲν
3211 3357 3571 3456 ἀποστεροῦσι

2011 3446 2326 3544 χρημάτων,
2383 3467 2609 3526 ἑαυτοὺς
2655 3462 2712 3514 δὲ
2741 3457 3006 3529 γυμνοῦσι
3051 3455 3149 3523 τῆς
3219 3450 3428 3509 εὐνοίας
3473 3446 3570 3544 τοῦ

2180 3561 2275 3614 καὶ
2317 3559 2417 3627 τῆς
2461 3554 2730 3624 βοηθείας·
2781 3551 2809 3603 ὁ
2859 3551 2915 3602 δὲ
2946 3546 3163 3612 ἐκείνης
3199 3540 3477 3610 στερηθεὶς
3503 3538 3569 3601 ⁸⁸,

1922 3656 1951 3692 τ’
2012 3655 2116 3708 κᾶν
2145 3654 2355 3708 ἅπαντα
2387 3646 2747 3719 περιϐάληται
2780 3642 2877 3710 τῆς
2919 3635 3245 3705 οἰκουμένης
3284 3632 3373 3685 τὸν
3403 3627 3573 3682 πλοῦ-

2008 3762 2121 3807 τον,
2155 3744 2376 3795 πάντων
2406 3739 2523 3791 ἐστὶ
2549 3735 2889 3800 πενέστερος.
3578 3796 3581 3803 ἰ

2076 3834 2272 3896 Οὕτως
2308 3828 2545 3884 λαλεῖτε
2571 3824 2666 3878 καί
2695 3823 2880 3883 οὓτως
2896 3815 3133 3876 ποιεῖτε,
3163 3813 3242 3877 ὡς
3259 3811 3355 3864 διὰ
3383 3809 3584 3883 νόμον,

2007 3923 2343 3988 ἐλευθερίας
2370 3917 2697 3985 μέλλοντες
2733 3909 3058 3977 κρίνεσθαι.

2078 4013 2294 4065 Βέλτιον
2331 4008 2439 4077 γὰρ
2480 4006 2590 4066 τοῖς
2621 4003 2869 4071 deputant,
2899 3997 3043 4066 ὑμᾶς
3075 3992 3308 4063 φοϐῆσαι
3331 4031 3345 4054 ,
3375 3989 3462 4040 ἵνα
3496 4004 3572 4058 μη

2009 4108 2116 4166 τοῖς
2159 4101 2475 4172 πράγμασιν
2503 4094 2800 4163 ἁλγήσητε.

2078 4189 2528 4259 Κατακαυχᾶται
2554 4187 2727 4240 ἔλεον
2745 4181 3012 4251 κρίσεως.

2098 4383 2160 4434 Ἠ
2187 4374 2524 4448 ἐλεημοσύνη
2559 4372 2716 4440 τέχνη
2741 4383 2824 4429 τις
2853 4366 3048 4433 άριστη
3079 4359 3196 4414 ἐστὶ
3217 4357 3310 4411 καὶ
3340 4352 3578 4448 προστάς

2010 4491 2094 4536 τις
2147 4472 2254 4524 τῶν
2299 4443 2691 4538 ⁷ἐργαζομένων
2743 4458 2930 4525 αὐτήν.
2987 4455 3119 4520 Φίλη
3169 4450 3279 4520 γὰρ
3310 4443 3574 4538 τοῦ-Θεοῦ

2009 4567 2126 4616 ὲστι
2154 4563 2218 4622 ¹⁹,
2250 4559 2345 4611 καὶ
2390 4558 2476 4609 ἀεὶ
2505 4555 2730 4623 πλησίον
2765 4551 2993 4618 ἕστηκεν
3022 4541 3206 4604 αὐτοῦ,
3242 4538 3381 4608 ὑπὲρ
3406 4529 3479 4590 ὧν
3510 4534 3577 4586 ἂν

2018 4652 2274 4723 βούληται
2301 4648 2533 4706 εὐκόλως
2563 4644 2792 4697 αἰτοῦσα
2837 4641 3020 4710 χάριν,
3054 4635 3212 4704 μόνον
3253 4632 3338 4723 ,ἂνξ
3361 4628 3434 4698 μὴ
3465 4626 3578 4723 ἀδι-

2016 4745 2182 4810 κῆται
2235 4739 2363 4810 παρ’
2408 4737 2584 4806 ὴμῶν·
2627 4735 2890 4788 ἀδικεῖται
2927 4731 2984 4783 δὲ
3009 4769 3024 4793 ,
3058 4729 3186 4779 ὅταν
3215 4722 3275 4785 ἐξ
3318 4719 3576 4788 ἁρπαγῆς

2013 4808 2190 4888 αὐτῶν
2216 4831 2260 4861 ²⁰
2291 4808 2669 4897 ἐργαζώμεθα,
2696 4825 2770 4885 ὡς
2799 4821 2892 4876 ὲὰν
2977 4815 3217 4884 καθαρὰ,
3243 4809 3444 4878 πολλὴν
3464 4808 3576 4866 τοῖς

2017 4921 2434 4989 ἀναπέμπουσιν
2483 4915 2653 4985 αὐτὴν
2700 4913 2886 4965 δίδωσι
2937 4909 3034 4978 τὴν
3089 4901 3440 4989 ιιταρῤησίανοΔ
3481 4897 3576 4989 καλ.

2016 5009 2157 5078 ὑπὲρ
2205 5004 2728 5078 προσκεκρουκότων
2782 5001 2986 5060 δεῖται,
3037 4993 3270 5059 τοσαύτη
3318 4986 3487 5052 αὐτῆς
3543 4985 3577 5052 ἡ

2017 5100 2188 5169 ἰσχὺς,
2217 5099 2310 5151 καὶ
2353 5097 2493 5165 ὑπὲρ
2514 5091 2910 5163 ἡμαρτηκότων
2930 5089 2973 5119 ¹¹
2995 5102 3009 5116 '
3051 5084 3188 5151 αῦτη
3218 5078 3579 5149 διαῤῥήγνυσι

2015 5195 2084 5246 τὰ
2112 5191 2309 5262 δεσμὰ,
2337 5189 2455 5242 λύει
2487 5187 2548 5240 τὸ
2575 5187 2785 5248 σκότος,
2831 5183 3080 5236 σϐέννυσι
3107 5177 3167 5228 τὸ
3198 5174 3327 5242 πῦρ,
3356 5169 3580 5223 θανατοῖ

2016 5285 2104 5336 τὸν
2140 5259 2417 5351 σκωληκα,
2453 5277 2748 5332 ἀπελαύνει
2785 5274 2872 5327 τὸν
2902 5271 3008 5324 τῶν
3033 5269 3257 5320 ὀδόντων
3290 5259 3576 5332 βρυγμόν·’

2158 5544 2199 5574 ¹⁶
2229 5541 2289 5593 (ἶ.
2329 5540 2390 5594 C.
2428 5537 2866 5605 ἐλεηθησὸμενος.
2945 5533 3006 5585 ⁸⁷.
3033 5531 3095 5585 C.
3132 5528 3192 5583 (Σ.
3249 5525 3580 5599 παρωξύγκ.
