4040 6150
375 278 516 337 1045

1334 280 1754 338 FRAGMENTA
1791 281 1855 336 lN
1894 280 2280 337 EPISTOLAM
2319 284 2376 339 S.
2416 285 2670 345 JACOBI.

3482 290 3621 347 1046

371 400 542 471 ταύτῃ
573 399 712 470 μετὰ
763 400 966 468 πολλῆς
994 399 1178 463 ἁδείας
1207 400 1513 468 ἀνοίγονται
1559 400 1669 452 τῶν
1698 398 1930 470 ούρανῶι

2050 400 2314 455 caelorum
2385 404 2706 469 aperiuntur
2773 415 2960 472 portae.
3021 435 3093 448 —
3130 405 3196 459 Et
3261 406 3420 476 paulo
3478 422 3614 472 post.

372 492 428 544 ai
481 490 671 544 πύλαι.
727 520 795 532 -
848 491 956 544 Kal
984 491 1113 560 μετ’
1152 492 1344 558 ὀλίγον
1416 491 1713 543 Βασίλισσα
1744 491 1789 522 ¹¹
1837 489 1945 561 γὰρ

369 582 541 645 ὅντως
591 581 741 633 ἐστὶν
795 583 997 652 ὁμοίως
1042 582 1087 613 ’³
1143 582 1464 652 ἀνθρώπους
1511 582 1741 635 ποιοῦσα
1798 581 1940 651 eaq.-

2048 491 2253 546 Revera
2299 494 2497 547 etenim
2549 496 2732 565 regina
2763 507 2868 558 est,
2891 497 3097 552 similes
3128 497 3375 553 homines
3415 498 3619 554 faciens

2048 585 2208 639 Deo:
2246 589 2428 641 Estote
2472 603 2593 657 ergo
2653 588 3048 652 misericordes,
3096 589 3314 657 dicitur,
3378 591 3511 645 sicut
3564 603 3619 647 ει

374 674 633 726 Ἕσεσθε
651 671 780 740 γὰρ,
797 689 870 741 φη
879 672 984 735 civ,
1004 672 1389 740 οἰκτίρμονες,
1410 673 1492 737 ὠς
1507 675 1539 725 ὀ
1562 672 1762 741 Πατὴρ
1783 671 1930 741 ὑμῶν

2051 672 2209 736 Pater
2233 685 2398 730 vester
2424 679 2510 743 qui
2533 678 2586 730 in
2604 678 2753 759 caelis
2780 688 2853 731 est
2880 679 2923 731 '.
2959 679 3130 747 Agilis
3156 690 3238 733 est
3268 690 3322 734 et
3348 681 3501 743 levis,
3528 682 3617 734 de-

370 765 404 817 ὁ
438 763 508 815 ἐν
555 762 677 827 τοῖς
724 764 1023 830 οὐρανοῖςο
1084 763 1392 833 ὑπόπτερος
1435 764 1551 814 ἐστι
1592 764 1684 816 καὶ
1724 765 1899 832 κούφη
1924 803 1941 827 ,

370 858 647 928 πτέρυγας
690 855 888 926 ἔχουσα
919 856 1145 924 χρυσᾶς·
1187 855 1382 923 πτῆσιν
1412 854 1611 923 ἔχουσα
1639 854 1779 906 πάνυ
1814 854 1941 923 τέρ-

372 965 580 1001 πουσαν
602 947 725 1008 τοὺς
740 946 1024 1013 ἀγγέλους.
1044 946 1189 997 Ἐκεῖ
1205 946 1250 976 ³⁵
1275 944 1570 1014 Πτέρυγες
1594 943 1944 1010 περιστερᾶς

371 1036 924 1106 περιηργυρωμέναι,
957 1035 1056 1090 καί
1099 1035 1441 1104 μετάφρενα
1473 1034 1664 1100 αὐτῆς
1696 1034 1765 1087 ἐν
1789 1038 1942 1102 χλω-

361 1130 566 1196 ρότητι
607 1129 886 1196 χρυσίου.
939 1127 1205 1194 Καθάπερ
1241 1127 1539 1196 περιστερά
1577 1143 1658 1187 τις
1693 1124 1868 1195 χρυσῆ
1896 1124 1940 1155 η

368 1218 462 1269 καὶ
485 1216 634 1278 ζῶσα
664 1217 905 1267 πέτεταιο
934 1214 1091 1283 ὄμμα
1117 1215 1393 1284 προσηνὲς
1422 1215 1642 1284 ἔχουσα,
1666 1213 1941 1281 ὀφθαλμλν

367 1306 593 1374 ἥμερον⁹
643 1306 796 1357 οὐδὲν
828 1307 872 1335 ⁸⁸
921 1303 1201 1371 ὀφθαλμοῦ
1240 1304 1450 1357 ἐκείνου
1489 1303 1715 1372 βέλτιον.
1764 1302 1941 1363 Καλός

367 1396 517 1459 ἐστιν
542 1395 571 1446 ὁ
615 1394 757 1457 ταὼς
785 1435 800 1458 ,
846 1393 981 1446 ἀλλὰ
1013 1392 1151 1462 πρὸς
1192 1393 1407 1461 ἐκείνην
1437 1393 1663 1454 κολοιός
1706 1390 1878 1453 οὕτως
1906 1392 1938 1459 ἡ

366 1487 512 1555 ὅρνις
546 1486 685 1554 αὕτη
717 1487 852 1556 καλή
892 1488 975 1549 τίς
1018 1490 1136 1540 ἑστι
1176 1488 1273 1539 καὶ
1316 1486 1625 1554 θαυμαστή.
1664 1486 1809 1535 ’Λνω
1852 1482 1940 1536 διὰ

2045 775 2264 820 auratas
2285 768 2487 822 habens
2512 785 2737 837 pennas,
2765 785 2886 839 quae
2908 771 3110 824 aethera
3138 770 3298 825 volitu
3326 767 3618 825 verberan-

2044 867 2149 923 tes,
2176 857 2402 912 ιιιιιΙιιιιιι
2429 860 2704 914 ltetiiicant
2720 860 3040 929 angelos.De
3063 860 3151 913 illa
3170 861 3377 914 dicitur’
3388 880 3402 916 :
3423 859 3620 914 Penme

2043 946 2296 1001 columba
2318 948 2696 1018 deargentatte,
2732 960 2779 1003 et
2833 951 3123 1017 posteriora
3156 951 3270 1019 ejus
3317 953 3369 1004 in
3416 951 3619 1018 pallore

2044 1038 2163 1090 auri
2214 1039 2279 1092 η.
2313 1038 2467 1091 Sicut
2519 1040 2761 1106 quaedam
2811 1040 3063 1094 columba
3122 1056 3285 1093 aurea
3331 1051 3383 1094 et
3432 1042 3617 1094 vivens

2042 1126 2252 1190 volitat,
2280 1128 2560 1194 pulchrum
2596 1129 2800 1181 habens
2848 1139 3146 1196 aspectum,
3180 1130 3360 1182 dulces
3408 1128 3613 1192 oculos,

2042 1217 2237 1286 quibus
2263 1218 2334 1269 nil
2366 1219 2580 1271 melius.
2604 1216 2835 1270 Pulcher
2853 1228 2933 1271 est
2969 1227 3023 1270 et
3056 1234 3211 1284 pavo,
3247 1220 3337 1270 sed
3378 1219 3422 1271 is
3464 1233 3614 1271 com-

2042 1308 2324 1374 paratione
2356 1309 2533 1369 istius,
2559 1307 2809 1376 graculus
2838 1315 2959 1370 est;
2986 1306 3121 1359 adeo
3150 1308 3343 1359 decora
3370 1316 3419 1359 et
3453 1307 3615 1358 mira-

2042 1397 2163 1450 bilis
2196 1408 2277 1451 est
2300 1399 2414 1451 avis
2440 1399 2545 1451 illa.
2567 1399 2686 1450 Alta
2722 1412 2937 1465 semper
2964 1396 3384 1464 contemplatur,
3415 1396 3609 1447 inulta-

2041 1505 2144 1557 que
2168 1489 2537 1542 circumdatur
2558 1489 2724 1556 gloria
2763 1486 2876 1541 Dei.
2903 1487 3071 1556 Virgo
3106 1496 3187 1540 est
3225 1487 3403 1538 aureis
3434 1486 3612 1536 dotata

368 1577 568 1640 παντὸς
591 1578 711 1647 ὁρᾷο
737 1579 903 1648 π.λλῇ
931 1580 1022 1631 τοῦ
1052 1579 1185 1631 Θεοῦ
1207 1582 1270 1648 τῇ
1295 1578 1419 1649 δόξῃ
1447 1575 1929 1646 περιστοιχίζεται.

2041 1580 2250 1647 pennis,
2282 1578 2449 1631 nitide
2482 1579 2802 1645 composita,
2835 1577 2959 1629 albo
2987 1585 3041 1630 et
3073 1575 3211 1629 dulci
3247 1575 3415 1629 vultu.
3447 1574 3613 1644 Agilis

367 1669 640 1738 Παρθένος
665 1669 782 1721 ἐστὶ
833 1670 1111 1738 πτέρυγας
1137 1670 1333 1738 ἔχουσα
1360 1669 1585 1739 χρυσᾶς,
1615 1666 1935 1736 περιεσταλ-

370 1757 527 1825 μὲνη,
557 1756 748 1811 λευκὸν
768 1759 969 1827 ἔχουσα
997 1760 1555 1829 πρόσωπον,ῆμερον.
1600 1757 1933 1826 ’Υπόπτερός

364 1848 480 1898 ἐστι
503 1848 596 1899 καὶ
628 1848 827 1917 κούφη,
845 1849 994 1919 παρᾶ
1022 1850 1112 1900 τὸν
1135 1848 1323 1917 θρόνον
1354 1849 1570 1901 ἑστῶσα
1600 1848 1689 1902 τὸν
1730 1848 1934 1918 βασιλι-

362 1936 477 1989 κόν.
492 1937 663 1989 Ὅταν
693 1939 1009 2007 κρινώμεθα
1029 1942 1096 2005 ⁸⁷,
1123 1942 1277 2009 ἄφνω
1304 1941 1589 2008 ἐφίσταται
1620 1943 1714 1993 καὶ
1742 1942 1932 2008 φαίνε-

361 2044 449 2080 ται
469 2067 483 2087 ,
514 2029 611 2080 καὶ
651 2028 946 2098 ἐξαιρεῖται
976 2031 1075 2099 τῆς
1105 2032 1379 2093 κολάσεως
1409 2034 1576 2100 ἡμᾶς,
1618 2034 1735 2093 ταῖς
1764 2033 1935 2101 αὐτῆς

362 2113 587 2182 πτέρυξι
612 2116 1035 2184 περιϐάλλουσα,
1056 2119 1261 2189 ταύτην
1289 2119 1431 2171 θέλει
1456 2121 1483 2170 ὁ
1502 2120 1632 2182 Θεὸς
1659 2120 1690 2188 ἢ
1721 2121 1935 2182 θυσίας.

434 2205 594 2257 Οὕτω
619 2207 714 2257 καὶ
746 2207 782 2273 ἠ
823 2207 1045 2272 πίστις,
1080 2209 1189 2260 ἐὰν
1240 2208 1326 2275 μὴ
1387 2210 1498 2276 ἔχῃ
1559 2210 1720 2276 ἔργα,
1753 2208 1933 2275 νεκρά

362 2296 492 2348 ἐστι
510 2300 635 2351 καθ’
649 2298 891 2365 ἑαυτήν.
914 2299 1075 2351 Ἀλλ’
1091 2299 1216 2366 ἐρεῖ
1240 2318 1348 2365 τις,
1376 2300 1456 2352 Σὺ
1496 2302 1704 2351 πίστιν
1735 2300 1893 2367 ἔχεις
1914 2341 1928 2363 ,

362 2387 525 2455 κάγὼ
582 2389 724 2457 ἔργα
768 2390 905 2456 ἔχω,
945 2389 1147 2453 δεῖξόν
1186 2407 1285 2457 μοι
1337 2393 1449 2455 τὴν
1480 2392 1686 2441 πίστιν
1712 2405 1827 2442 σου
1861 2389 1930 2441 ἐκ

359 2480 479 2532 τῶν
530 2480 718 2549 ἔργων
777 2497 913 2535 σου·
948 2482 1112 2549 κάγὼ
1155 2482 1329 2545 δείξω
1362 2498 1459 2534 σοι
1499 2483 1567 2533 ἐκ
1599 2480 1717 2533 τῶν
1741 2482 1930 2548 ἔργων

352 2589 475 2640 μου
519 2572 633 2637 τὴν
674 2573 881 2625 πίστιν
927 2590 1068 2641 μου.
1107 2572 1190 2625 Σὺ
1237 2574 1539 2636 πιστεύεις
1582 2571 1672 2623 ὅτι
1724 2574 1755 2624 ό
1786 2571 1929 2636 Θεὸς

357 2658 447 2725 εἷς
492 2664 669 2729 ἐστι,
701 2663 900 2729 καλῶς
960 2666 1149 2730 ποιεῖς
1181 2682 1196 2696 ο
1242 2666 1337 2721 καὶ
1388 2666 1458 2718 τὰ
1514 2662 1791 2732 δαιμόνια
1835 2679 1928 2715 πι-

358 2754 645 2806 στεύουσι
664 2794 679 2818 ,
715 2754 811 2806 καὶ
836 2755 1190 2823 φρίσσουσι,

2038 1679 2119 1722 est
2149 1679 2202 1723 et
2233 1668 2387 1734 levis,
2426 1670 2657 1737 regalem
2688 1678 2812 1721 ante
2843 1669 3095 1721 thronum
3119 1676 3291 1721 stans.
3314 1664 3610 1733 Cumjudi-

2039 1776 2246 1822 camur,
2281 1762 2460 1814 subito
2492 1762 2784 1828 splendens
2816 1761 3081 1827 assurgit,
3114 1767 3171 1811 et
3204 1773 3233 1810 a
3266 1756 3611 1809 damnatione

2038 1866 2142 1903 non
2189 1851 2349 1919 eripit
2408 1865 2544 1919 quos
2606 1851 2800 1919 pennis
2851 1850 3090 1919 protegit
3135 1847 3393 1902 extensis.
3459 1843 3609 1898 Illam

2036 1941 2152 1995 vult
2174 1942 2335 2007 Deus,
2370 1951 2423 1995 et
2456 1956 2561 1995 non
2583 1941 2946 1996 sacriﬁcium.

2108 2211 2271 2265 Vsus.
2320 2209 2509 2265 {7-19.
2550 2209 2641 2264 Sic
2684 2215 2735 2262 et
2787 2207 2941 2276 ﬁdes,
2967 2206 3013 2261 si
3047 2222 3149 2259 non
3201 2204 3386 2258 habeat
3425 2218 3604 2272 opera,

2038 2314 2243 2355 mortua
2272 2312 2346 2354 est
2370 2303 2423 2353 in
2452 2302 2749 2366 semetipsa.
2778 2298 2881 2351 Sed
2907 2298 3039 2350 dicet
3058 2299 3208 2366 quis:
3233 2299 3303 2348 Tu
3330 2294 3487 2363 fidem
3513 2293 3608 2344 Ita-

2036 2392 2143 2456 bes,
2167 2402 2213 2444 et
2247 2407 2338 2459 ego
2384 2406 2538 2457 opera
2605 2389 2808 2461 habeo;
2842 2389 3052 2442 ostende
3086 2385 3213 2438 mihi
3255 2384 3410 2453 ﬁdem
3463 2393 3605 2434 tuam

2033 2480 2149 2533 sine
2174 2479 2435 2546 operibus,
2468 2487 2518 2531 et
2548 2493 2641 2546 ego
2671 2478 2941 2529 ostendam
2974 2474 3065 2526 tibi
3097 2489 3161 2526 ea:
3190 2471 3426 2541 operibus
3443 2470 3605 2538 ﬁdem

2032 2585 2217 2625 meam.
2253 2567 2330 2620 Tu
2356 2568 2524 2621 credis
2554 2569 2807 2636 quonian
2842 2582 2979 2618 unus
3020 2577 3093 2618 est
3135 2563 3272 2616 Deus
3303 2578 3316 2591 ·
3352 2561 3475 2616 bene
3513 2560 3603 2630 {a-

2029 2659 2137 2722 cis;
2157 2668 2203 2711 et
2230 2658 2488 2711 daemones
2516 2659 2754 2723 credunt,
2780 2672 2841 2709 ac
2863 2655 3288 2709 contremiscunt.

427 2866 549 2918 Κᾶν
579 2866 687 2935 γὰρ
728 2868 807 2928 είς
838 2867 930 2919 τὸν
970 2867 1189 2935 Πατέρα
1219 2866 1311 2917 καὶ
1356 2867 1433 2926 εἰς
1465 2865 1557 2917 τὸν
1592 2864 1720 2917 Υἱὸν
1752 2864 1925 2934 ὀρθῶς

2106 2862 2257 2916 Licet
2303 2861 2446 2916 enim
2486 2862 2538 2913 in
2591 2860 2807 2915 Patrem
2838 2869 2889 2915 et
2940 2860 2993 2914 in
3026 2858 3223 2913 Filium
3290 2866 3437 2912 recte
3482 2858 3603 2924 quis

354 2973 439 3018 τις
469 2958 723 3028 πιστεύῃ,
762 2959 855 3009 καὶ
878 2960 958 3019 είς
986 2959 1045 3008 τὸ
1078 2957 1303 3025 Πνεῦμα
1334 2957 1393 3009 τὸ
1417 2958 1592 3023 ἆγιον,
1622 2955 1736 3025 βίον
1769 2957 1827 3009 δὲ
1856 2958 1929 3027 μὴ

358 3047 457 3118 ἔχῃ
487 3046 665 3117 ὀρθὸν,
718 3048 870 3101 οὐδὲν
903 3046 1048 3116 αὐτῷ
1088 3048 1278 3118 κέρδος
1311 3050 1409 3116 τῆς
1453 3047 1688 3112 πίστεως
1717 3051 1794 3110 είς
1823 3067 1929 3101 σω-

357 3138 570 3208 τηρίαν.
601 3138 810 3191 Οὐκοῦν
840 3140 967 3192 ὅταν
997 3138 1157 3209 λέγῃ,
1202 3138 1312 3191 Καὶ
1353 3139 1504 3204 αὕτη
1549 3139 1656 3207 γάρ
1681 3140 1850 3193 ἐστιν
1890 3140 1927 3208 ἡ

356 3228 591 3294 αἰώνιος
617 3227 749 3295 ζωὴ,
782 3230 882 3281 ἵνα
907 3229 1244 3297 γινώσκωσι
1270 3244 1349 3281 σε
1371 3228 1477 3281 τὸν
1497 3232 1690 3297 μόνον
1726 3230 1930 3296 ἀληθι-

355 3319 469 3372 νὸν
498 3318 666 3382 Θεὸν,
704 3321 779 3388 μὴ
809 3320 1115 3389 νομίσωμεν
1155 3322 1286 3389 ἡμῖν
1323 3321 1513 3389 ἀρκεῖν
1541 3322 1621 3383 είς
1653 3321 1928 3388 σωτηρίαν

356 3411 418 3462 τὸ
444 3411 748 3479 λεγόμενον·
779 3411 860 3462 δεῖ
899 3411 1007 3478 γὰρ
1045 3412 1192 3478 ἡμᾶς
1235 3411 1328 3462 καὶ
1374 3410 1487 3480 βίου
1523 3411 1614 3463 καὶ
1654 3411 1927 3473 πολιτείας

356 3501 773 3570 καθαρωτάτης.

425 3591 584 3659 Μέγα
616 3590 711 3660 μὲν
745 3590 927 3652 πίστις
956 3590 1050 3643 καὶ
1082 3592 1370 3660 σωτήριον,
1409 3592 1501 3644 καὶ
1543 3590 1745 3659 ταύτης
1796 3591 1923 3645 ἄνευ

359 3682 457 3733 οὐκ
494 3682 571 3734 ενι
603 3683 837 3751 σωθῆναί
872 3699 1000 3734 ποτε
1026 3699 1039 3713 ⁸
1077 3683 1188 3735 ἀλλ’
1232 3685 1330 3735 οὐκ
1360 3685 1521 3750 ἀρκεῖ
1558 3683 1681 3734 καθ’
1728 3685 1925 3753 ἑαυτὴν

356 3772 515 3823 τοῦτο
543 3773 898 3841 ἐργάσασθαι.
948 3772 1108 3825 Ἀλλὰ
1147 3774 1230 3826 δεῖ
1270 3777 1362 3826 καὶ
1400 3773 1675 3834 πολιτείας
1720 3773 1919 3841 ὀρθῆς*

354 3862 497 3915 ὥστε
524 3860 608 3913 διὰ
635 3860 788 3912 τοῦτο
817 3862 910 3913 καὶ
937 3860 1145 3923 Παῦλος
1175 3864 1285 3922 τοῖς
1320 3860 1418 3930 ἤδη
1449 3860 1556 3911 τῶν
1606 3860 1923 3930 μυστηρίων

355 3949 769 4015 καταξιωθείσι,
798 3953 1053 4021 παραινεῖ
1086 3950 1280 4017 λέγων·
1316 3949 1719 4016 Σπουδάσωμεν
1745 3948 1921 3999 εἰσελ-

355 4042 466 4094 θεῖν
486 4043 565 4102 είς
588 4041 686 4110 τὴν
707 4043 1045 4094 κατάπαυσιν
1069 4041 1284 4108 ἐκείνην
1298 4039 1362 4069 ⁸⁸·
1386 4038 1795 4107 σπουδάσωμεν,
1820 4054 1923 4107 φη-

355 4135 459 4199 σῖν,
489 4132 565 4194 ὡς
591 4133 691 4184 οὐκ
728 4131 1004 4201 ἀρκούσης
1029 4130 1130 4199 τῆς
1157 4131 1412 4193 πίστεως,
1457 4130 1570 4181 ἀλλ’
1612 4129 1920 4196 ὀφείλοντος

2034 2954 2236 3019 credat,
2269 2962 2323 3008 et
2361 2953 2416 3006 in
2454 2950 2716 3023 Spiritum
2761 2962 3031 3016 sanctum,
3064 2952 3227 3015 vitam
3281 2960 3459 3004 autem
3496 2964 3602 3002 nou

2032 3043 2231 3097 habeat
2288 3054 2513 3109 rectam,
2541 3044 2685 3097 nulla
2738 3043 2785 3096 ei
2828 3043 2947 3096 tidei
2993 3042 3198 3095 utilitas
3248 3041 3298 3093 in
3349 3039 3600 3093 salutem.

2034 3138 2165 3190 Dum
2195 3152 2323 3205 ergo
2353 3132 2529 3205 legis':
2570 3134 2701 3189 ﬂtec
2736 3144 2811 3188 est
2831 3136 2937 3187 rita
2963 3144 3180 3196 a'terna,
3212 3143 3266 3185 ut
3288 3139 3601 3200 cognoscant

2035 3236 2084 3279 te
2109 3226 2279 3280 solum
2312 3226 2477 3279 Deum
2512 3242 2688 3279 verum
2719 3225 2784 3288 “,
2810 3242 2875 3279 ne
2904 3225 3095 3278 credas
3125 3224 3237 3276 lucc
3261 3223 3400 3275 dicta
3446 3218 3601 3273 nobis

2030 3316 2274 3371 suﬂicere
2314 3319 2379 3371 ad
2409 3319 2662 3370 salutem.
2696 3313 2920 3384 Oportet
2950 3315 3094 3368 enim
3134 3328 3230 3366 nos
3278 3320 3332 3365 et
3372 3311 3481 3365 vita
3545 3318 3603 3362 et

2031 3409 2269 3463 moribus
2296 3408 2616 3476 purissimos
2646 3408 2934 3460 exsistere.

2101 3584 2349 3654 Magnum
2378 3585 2594 3653 quidem
2622 3592 2676 3637 et
2708 3584 2839 3639 fides
2866 3592 2920 3637 et
2950 3584 3113 3647 salus,
3137 3591 3191 3636 et
3218 3582 3334 3634 sine
3365 3579 3467 3633 title
3500 3578 3602 3634 Sal-

2029 3677 2141 3729 vari
2178 3690 2449 3743 nunquam
2500 3690 2805 3741 possumus.
2842 3675 2945 3727 Sed
2989 3689 3091 3726 nou
3129 3670 3318 3725 suilicit
3343 3672 3405 3723 ad
3452 3671 3596 3724 salu-

2028 3774 2155 3826 tem,
2178 3764 2333 3815 lidem
2354 3764 2449 3815 sibi
2466 3762 2798 3816 ell'ormasse.
2826 3762 3004 3815 Rectis
3030 3772 3207 3814 autem
3238 3776 3373 3828 opus
3396 3769 3479 3814 est
3503 3760 3600 3813 ad-

2026 3853 2129 3907 huc
2151 3852 2405 3905 moribus.
2431 3850 2719 3919 Proyterea
2753 3863 2807 3904 et
2843 3850 3040 3903 Paulus
3066 3850 3182 3904 illos
3199 3851 3288 3918 qui
3308 3849 3417 3916 jam
3445 3849 3595 3917 digiti

2024 3942 2191 3997 habiti
2227 3950 2350 3994 sunt
2384 3942 2762 4011 mysteriorum
2791 3944 3111 3993 exhortatur
3138 3940 3320 3993 dicens
3363 3957 3377 3994 :
3414 3937 3590 3993 Festi-

2025 4048 2215 4086 nemus
2241 4032 2445 4101 ingredi
2485 4032 2535 4084 in
2571 4031 2714 4084 illam
2753 4031 2994 4098 requiem
3028 4032 3105 4097 ¹²;
3134 4030 3449 4085 festinemus
3495 4032 3594 4096 ait,

2025 4122 2148 4190 quia
2170 4138 2271 4175 non
2296 4121 2492 4175 suilicit
2524 4123 2673 4186 lides,
2703 4122 2796 4175 sed
2829 4122 3037 4175 ostendi
3063 4122 3223 4175 debet
3246 4124 3375 4188 vita,
3396 4130 3451 4174 et
3472 4122 3594 4184 hoc,

354 4223 680 4292 προτεθῆναι
701 4222 901 4274 καὶτοῦ
925 4221 1062 4290 βίου,
1084 4222 1176 4273 καὶ
1197 4221 1395 4290 πολλὴν
1412 4219 1508 4289 τὴν
1533 4219 1767 4289 σπουδὴν
1786 4218 1924 4286 γίνε-

2034 4213 2190 4266 multa
2226 4229 2345 4266 cum
2379 4213 2742 4266 festinatione.
2775 4210 2969 4279 Magno
3000 4212 3143 4262 enim
3175 4226 3309 4276 opus
3355 4217 3438 4262 est
3475 4209 3598 4275 qui-

355 4312 500 4363 σθαι.
532 4314 622 4363 Δεῖ
642 4311 749 4379 γὰρ
771 4310 938 4372 ὅντως
962 4311 1057 4361 καὶ
1085 4310 1282 4377 πολλῆς
1313 4309 1548 4378 σπουδῆς
1578 4309 1716 4361 ὣστε
1744 4307 1919 4359 είσελ-

355 4398 466 4448 θεῖν
495 4399 572 4459 εἰς
602 4397 693 4448 τὸν
732 4397 980 4465 οὐρανόν.
1017 4397 1078 4447 El
1114 4396 1223 4463 γὰρ
1263 4397 1367 4464 γῆς
1406 4396 1466 4447 ού
1502 4395 1920 4465 κατηξιώθησαν

354 4485 402 4535 οἱ
430 4483 665 4535 τοσαῦτα
692 4482 1201 4552 ταλαιπωρηθέντες
1239 4486 1295 4535 ἐν
1328 4485 1390 4552 τῇ
1427 4484 1652 4551 ἐρήμῳ,
1686 4485 1779 4534 καὶ
1817 4482 1920 4550 γῆς

353 4577 536 4641 τυχεῖν
571 4575 670 4626 οὐκ
698 4574 1062 4642 ἠδυνήθησαν,
1090 4573 1211 4625 ἐπεὶ
1248 4573 1573 4639 ἐγόγγυσαν,
1608 4574 1700 4624 καὶ
1732 4570 1921 4640 ἐπειδὴ

354 4665 704 4733 ἐπόρνευσαν,
749 4664 866 4725 πῶς
913 4665 1003 4715 τὸν
1042 4664 1265 4733 οὐρανὸν
1311 4664 1469 4732 ἡμεῖς
1514 4663 1921 4730 καταξιωσηθό-

358 4754 497 4822 μεθα
526 4755 571 4786 ³³
600 4754 908 4821 ἀδιαφόρως
933 4753 1131 4817 ζῶντες
1172 4755 1264 4805 καὶ
1296 4754 1587 4823 ῥᾳθύμως
1616 4756 1709 4805 Δεῖ
1743 4754 1921 4806 τοίνυν

356 4849 484 4916 ή⁹μῖν
514 4846 715 4913 πολλῆς
747 4845 1006 4912 σπουδῆς.
1043 4834 1153 4896 Καὶ
1182 4845 1362 4897 πάλιν.

426 4956 636 5018 Πίστις
700 4952 877 5018 χωρὶς
915 4952 1034 5004 τῶν
1085 4954 1274 5020 ἔργων
1300 4952 1481 5019 νεκρά
1508 4953 1698 5006 ἐστιν.
1802 4947 1813 4958 ’

428 5044 686 5105 Εἰκάσιος·
734 5042 922 5113 ὥσπερ
963 5043 1069 5112 γὰρ
1113 5046 1270 5112 σῶμα
1315 5044 1478 5095 καλὸν
1524 5049 1616 5095 καὶ
1659 5044 1917 5107 εὐανθὲς,

354 5133 483 5184 ὅταν
524 5134 673 5200 ἰσχὺν
723 5132 795 5201 μὴ
846 5131 981 5201 ἔχῃ,
1029 5132 1162 5184 ἀλλὰ
1206 5136 1316 5193 τοῖς
1359 5133 1843 5203 ἐζωγραφτδμένοις

358 5223 675 5292 προσεοικὸς
708 5225 775 5288 ³ο,
802 5222 943 5277 οὓτω
974 5224 1156 5286 πίστις
1189 5225 1323 5293 ὀρθὴ
1350 5225 1514 5292 χωρὶς
1550 5224 1748 5293 ἔργων.

2026 4304 2145 4357 dem
2176 4305 2369 4358 ardore
2398 4313 2451 4356 ut
2479 4304 2674 4356 coelum
2708 4303 3090 4370 ingrediamur.
3115 4298 3355 4367 Namque
3380 4299 3422 4351 si
3450 4308 3592 4350 terra

2026 4409 2132 4448 non
2163 4396 2304 4463 digni
2336 4394 2538 4447 inventi
2567 4401 2693 4447 sunt
2725 4391 2958 4450 Hebraei.
2992 4391 3084 4459 qui
3109 4399 3257 4442 tanta
3289 4389 3431 4456 passi
3468 4399 3592 4441 sunt

2027 4486 2341 4546 iudeserto;
2373 4487 2415 4537 si
2481 4494 2677 4537 terram
2734 4484 3009 4552 possidere
3051 4497 3155 4535 non
3201 4487 3509 4544 potuerunt,
3540 4486 3596 4530 et

2029 4590 2151 4628 mox
2207 4583 2696 4638 nmrmuraveruut,
2760 4583 2813 4628 et
2862 4584 3045 4642 postea
3096 4569 3343 4624 fornicati
3417 4578 3588 4631 sunt,

2029 4666 2296 4732 quotuodo
2327 4679 2422 4717 nos
2444 4664 2580 4718 coelo
2605 4665 2749 4732 digni
2781 4665 3169 4733 judicahimur,
3197 4661 3287 4727 qui
3317 4658 3583 4727 negligen-

2031 4766 2111 4807 ter
2137 4766 2190 4808 et
2231 4755 2461 4807 molliter
2500 4756 2772 4809 vivimus?
2810 4756 3011 4823 Nempe
3063 4764 3145 4807 est
3175 4767 3305 4821 ergo
3362 4758 3422 4804 ut
3473 4764 3593 4802 cum

2030 4846 2197 4899 multo
2221 4845 2525 4899 laboremus
2554 4848 2766 4900 ardore.

2100 4953 2263 5007 Vens.
2310 4953 2400 5006 27.
2478 4953 2541 5005 Et
2587 4956 2716 5021 ﬁdes
2765 4956 2874 5008 sine
2935 4955 3172 5023 operibus
3235 4964 3439 5008 mortua
3497 4963 3595 5009 est.

2098 5043 2163 5095 Et
2194 5046 2575 5098 convenienter
2607 5062 2620 5098 :
2652 5046 2805 5098 Sicut
2851 5048 2992 5098 enim
3028 5046 3309 5113 pulchrum
3361 5055 3413 5097 et
3453 5042 3599 5098 ﬂori-

2029 5140 2153 5189 dum
2198 5154 2393 5206 corpus
2428 5139 2566 5204 quod
2622 5140 2820 5191 nullam
2855 5140 3052 5191 habeat
3085 5140 3190 5190 vim
3220 5149 3273 5190 et
3307 5137 3480 5190 simile
3517 5136 3597 5204 pi-

2029 5230 2195 5280 cturis
2227 5238 2389 5293 esset,
2422 5229 2494 5281 ita
2526 5236 2579 5282 et
2602 5239 2747 5282 recta
2780 5231 2911 5283 ﬁdes
2946 5232 3061 5282 siue
3083 5229 3360 5297 operibus.

428 5398 448 5429 ’
488 5397 617 5452 Luc.
652 5412 727 5461 vi,
760 5397 852 5453 '56.
930 5396 972 5428 ¹⁰
1014 5394 1156 5449 Psal.
1198 5409 1366 5457 van,
1400 5395 1487 5447 14.
1566 5396 1606 5426 ¹⁸
1640 5392 1797 5447 Joau.
1830 5410 1930 5449 xvu

2034 5425 2057 5452 ι.
2136 5399 2179 5432 ¹²
2220 5397 2383 5454 liebr.
2418 5416 2491 5465 tv,
2523 5402 2577 5455 2.

426 5552 474 5625 ‘_'_
599 5551 660 5603 C.
696 5548 1057 5625 βασίλεισσαε-
1090 5547 1155 5625 ﬂ"
1358 5544 1597 5625 δμοίως.
1672 5545 1717 5577 ³⁵
1839 5546 1900 5599 C.

2034 5548 2099 5625 tl.
2140 5550 2306 5625 ﬂ"
2333 5551 2395 5604 C.
2430 5555 2730 5625 περιστερά
2758 5555 2957 5625 χρυσῆ.
3034 5555 3079 5585 ²¹⁵
3110 5554 3171 5625 C.
3211 5553 3271 5609 C.
3299 5554 3449 5607 οὐδὲν
3472 5555 3588 5625 τοῦ.

356 5621 400 5653 ⁸⁷
434 5620 497 5674 (ἶ.
530 5621 590 5681 C.
620 5613 937 5691 κρινόμεθα.
1013 5616 1058 5647 ⁸⁸
1085 5614 1148 5670 C.
1180 5614 1241 5669 C.
1266 5613 1481 5683 ἐκείνην
1507 5613 1606 5684 τὴν
1650 5613 2018 5670 κατάπαυσινζ
2060 5620 2102 5649 ²⁹
2133 5618 2194 5672 C.
2224 5620 2286 5673 Ο.
2328 5613 2877 5693 καταξὶωθησόμέθα.
2923 5613 2935 5625 ’
2974 5625 3017 5655 ³⁰
3044 5625 3106 5679 C.
3133 5624 3195 5679 C.
3231 5623 3591 5696 προσεοικὼς.
