4040 6150
450 298 584 356 1047

1109 415 1258 469 CAl’.
1299 414 1381 467 Ill.

528 530 689 583 Vnus.
724 529 776 583 1.
801 526 986 583 Nolite
1007 528 1179 597 plures
1212 529 1451 596 magistri
1482 528 1618 595 ﬁeri,
1652 527 1846 595 fratres
1898 528 2019 592 mei,

449 622 667 676 scientes
700 623 947 690 quoniam
971 620 1143 687 majus
1164 620 1437 688 judicium
1479 619 1709 672 sumitis.

518 710 779 776 Quoniam
810 709 1005 763 docere
1033 721 1087 765 et
1120 725 1224 764 nou
1261 710 1461 773 facere,
1510 725 1613 761 non
1651 708 1824 761 solum
1876 707 2022 761 utili-

453 809 614 854 tatem
634 800 858 865 nullam,
879 801 973 853 sed
996 800 1160 854 etiam
1181 801 1433 853 damnum
1456 800 1683 853 multum
1701 810 1754 853 et
1770 799 2024 852 condem-

412 964 417 971 ἱ
452 894 729 948 nationem
764 893 919 947 aﬂ'ert
952 895 1032 947 illi
1071 896 1161 962 qui
1190 906 1334 948 tanta
1366 910 1488 949 cum
1532 893 2025 947 inconsideratione

451 997 603 1037 suam
637 983 806 1051 ipsius
846 984 1032 1052 dirigit
1070 987 1344 1037 vitam.—
1371 984 1794 1038 [Emulationem
1836 996 2022 1036 eorum

450 1076 540 1142 qui
576 1075 787 1143 Operari
825 1077 1011 1128 nolunt
1039 1077 1405 1138 contundens,
1434 1078 1630 1130 docere
1657 1075 1909 1143 prohibet
1931 1086 2025 1126 eos

456 1166 547 1233 qui
581 1167 785 1234 absque
813 1169 1065 1234 operibus
1107 1170 1324 1234 docent,
1359 1183 1614 1237 magnum
1654 1167 1760 1220 illis
1813 1169 2024 1219 denun-

461 1256 605 1310 tians
630 1256 918 1323 judicium.
950 1257 1101 1311 Sicut
1133 1267 1311 1312 autem
1345 1269 1398 1312 et
1427 1259 1517 1312 ille
1564 1260 1641 1311 sic
1674 1272 1864 1311 errans
1897 1272 2024 1312 con-

460 1347 768 1411 demnatur,
803 1349 875 1400 ita
924 1358 976 1402 et
1014 1350 1290 1417 perfectus
1326 1360 1407 1404 est
1448 1350 1542 1418 qui
1586 1366 1689 1402 non
1744 1348 1928 1403 delicit
1974 1349 2025 1400 in

459 1453 622 1506 opere
659 1451 711 1494 et
742 1442 905 1496 verbo
939 1444 1269 1511 disciplinis;
1303 1455 1356 1497 ei
1385 1444 1472 1496 hic
1516 1453 1709 1511 potens
1751 1453 1834 1495 est
1862 1442 2025 1494 etiam

458 1544 619 1584 omne
668 1547 860 1601 corpus
901 1532 1195 1587 refrenare.
1242 1534 1295 1587 Si
1343 1535 1455 1587 lucc
1504 1534 1702 1588 etenim
1746 1534 1936 1594 docet,
1976 1542 2029 1586 et

462 1621 621 1675 ﬁdem
669 1624 856 1677 deﬂuit
885 1627 1232 1679 sermonibus
1284 1628 1469 1690 rectis,
1505 1625 1908 1694 splendentibus
1951 1626 2027 1677 si-

460 1714 571 1767 mul
627 1724 680 1769 et
739 1718 992 1786 operibus
1052 1717 1172 1771 lidei
1228 1719 1629 1781 consentaneis,
1658 1728 1808 1772 certe
1859 1727 2026 1771 totum

461 1805 632 1875 ipsius
684 1806 1224 1876 reri-enabitcorpus,
1285 1824 1384 1863 nec
1437 1810 1612 1877 ipsum
1669 1810 1809 1864 sinet
1862 1810 2026 1863 ullam

459 1896 643 1949 mundi
668 1910 887 1951 servare
917 1899 1278 1953 dilectionem.

534 1986 699 2040 Vens.
728 1987 781 2051 5,
813 1987 868 2042 6.
905 1989 990 2042 Ita
1034 2000 1081 2043 et
1113 1991 1295 2060 lingua
1344 1991 1610 2046 modicum
1636 1992 1844 2062 quidem
1870 2007 2032 2045 mem-

1223 292 1784 349 SUPPLEMENTUM
1821 291 1916 346 AD
1956 293 2013 346 S.
2054 291 2107 346 J.
2146 288 2640 346 CIIRYSOSTOMI
2673 288 2922 345 OPERA.

3563 281 3701 339 1048

2728 409 2980 462 ΚΕΦΑΛ.
3020 407 3093 459 Γ’.

2197 520 2292 589 Μὴ
2331 520 2549 574 πολλοὶ
2578 519 2935 571 διδάσκαλοι
2965 517 3227 584 γίνεσθε,
3261 509 3516 579 ἀδελφοί
3537 526 3660 580 μου
3680 527 3697 543 ο

2123 612 2349 675 εἰδότες
2382 609 2473 663 ὅτι
2495 608 2699 674 μεῖζον
2728 606 2906 674 κρῖμα
2936 605 3273 672 ληψόμεθα.

2208 701 2429 769 Ἐπειδὴ
2476 700 2537 751 τὸ
2581 699 2859 751 διδάσκειν
2904 695 3032 749 ἄνευ
3085 692 3179 745 τοῦ
3237 692 3412 744 ποιεῖν
3448 688 3507 741 οὗ
3544 688 3704 758 μόνον

2126 794 2316 864 κέρδος
2354 793 2525 857 οὐδὲν,
2562 790 2699 844 ἀλλὰ
2723 791 2818 842 καὶ
2839 787 3042 857 ζημίαν
3073 784 3279 853 πολλὴν
3307 786 3402 835 καὶ¹
3434 780 3704 850 κατάκριο

2129 902 2211 937 σιν
2232 884 2387 953 φέρει
2420 882 2496 951 τῷ
2531 881 2669 952 μετὰ
2695 880 2965 948 τοσαύτης
3016 874 3350 946 ἁπροσεξίας
3402 870 3702 924 διοικοῦντι

2127 974 2217 1027 τὸν
2253 974 2367 1043 βίον
2400 973 2489 1025 τὸν
2520 971 2739 1032 ἑαυτοῦ,
2770 970 2869 1040 τὴν
2895 966 3230 1036 φιλονεικίαν
3260 964 3369 1017 τῶν
3404 962 3480 1032 μὴ
3520 960 3705 1030 βουλο-

2132 1068 2313 1137 μένων
2348 1066 2677 1136 ἐργάζεσθαι
2733 1064 3041 1124 ἐκκόπτων,
3073 1060 3136 1112 τὸ
3184 1058 3460 1111 διδάσκειν
3504 1055 3706 1106 ἀπεῖπε

2128 1161 2239 1221 τοῖς
2279 1158 2409 1211 ἄνευ
2438 1157 2604 1227 ἔργου
2643 1155 2978 1213 διδάσκουσι,
3019 1154 3196 1221 κρῖμα
3239 1149 3388 1219 μέγα
3415 1143 3705 1204 ἐπιτιθείς.

2140 1250 2200 1302 '0
2229 1249 2336 1317 γὰρ
2365 1248 2434 1300 τὰ
2493 1245 2568 1315 μὴ
2602 1246 2730 1297 ὄντα
2764 1245 2806 1276 ⁸⁸
2853 1242 3211 1308 κατάκριτος,
3253 1236 3446 1303 ὥσπερ
3492 1234 3588 1286 καὶ
3619 1235 3710 1283 τέ-

2130 1338 2290 1403 λειος,
2314 1343 2341 1392 ὁ
2372 1340 2446 1409 μὴ
2465 1338 2671 1390 πταίων
2688 1337 2745 1387 ἐν
2767 1334 2915 1405 ἔργῳ
2934 1334 3028 1386 καὶ
3047 1332 3192 1400 λόγῳ
3215 1332 3312 1398 τῆς
3331 1324 3705 1385 διδασκαλίας,

2131 1432 2224 1485 καὶ
2244 1430 2470 1492 δυνατὸς
2493 1430 2587 1480 καὶ
2602 1429 2721 1481 ὅλον
2750 1427 2810 1478 τὸ
2829 1424 2986 1494 σῶμα
3006 1419 3476 1492 χαλιναγωγῆσαι.
3508 1415 3570 1467 Εἰ
3594 1415 3708 1482 γὰρ

2132 1522 2305 1576 ταῦτα
2352 1520 2615 1582 διδάσκει,
2675 1519 2770 1570 καὶ
2800 1516 2899 1586 τὴν
2940 1516 3125 1566 πίστιν
3142 1513 3186 1543 ³¹
3239 1507 3482 1581 ὁρίζεται
3529 1506 3708 1571 λόγων

2134 1611 2308 1684 ὀρθῶν
2344 1609 2482 1680 μετὰ
2502 1609 2679 1680 ἔργων
2721 1604 2993 1676 λαμπρῶν
3044 1598 3356 1672 συμφώνων
3387 1600 3455 1666 τῇ
3488 1595 3707 1649 πίστει·

2133 1703 2373 1773 δηλονότι
2418 1701 2537 1754 ὅλον
2567 1698 2763 1752 ἑαυτοῦ
2810 1695 3183 1766 χαλιναγωγεῖ
3215 1691 3278 1743 τὸ
3330 1688 3512 1755 σῶμα,
3548 1684 3714 1754 μηδε-

2135 1796 2264 1865 μίαν
2290 1793 2474 1863 φιλίαν
2497 1790 2633 1861 πρὸς
2667 1788 2756 1840 τὸν
2780 1787 2985 1856 κόσμον
3014 1783 3158 1854 ἔχειν
3186 1780 3320 1833 αὐτὸ
3352 1778 3478 1830 ἑῶν.

2194 1978 2358 2031 Οὕτω
2398 1976 2496 2029 καί
2547 1974 2586 2042 ἡ
2640 1970 2896 2043 γλῶσσα
2927 1965 3158 2037 τμικρὸν
3186 1961 3377 2032 μέλος
3428 1958 3559 2014 ἐστὶ
3615 1955 3717 2008 καὶ

465 2076 614 2130 brum
648 2088 808 2142 est,et
837 2095 1028 2149 magna
1058 2080 1277 2135 exultat.
1311 2081 1442 2135 Ecce
1467 2099 1660 2151 parvus
1700 2084 1837 2153 ignis
1872 2099 2029 2152 quam

2148 2067 2531 2137 teraJa‘vxei'
2565 2064 2694 2118 ὶδοὺ
2735 2062 2946 2129 ὀλίγον
2980 2058 3100 2124 πῦρ
3137 2057 3396 2152 ῄλίκην-
3411 2053 3571 2153 illi}?
3606 2050 3719 2153 θν-

466 2186 707 2239 magnam
738 2169 923 2223 silvam
942 2172 1168 2225 incendit
1191 2172 1211 2225 !
1230 2183 1277 2226 et
1298 2174 1481 2244 lingua
1501 2176 1636 2244 ignis
1655 2184 1750 2240 est,
1771 2175 2031 2229 univcrsi-

465 2269 546 2311 tas
575 2260 889 2330 iniquitatis.

538 2347 660 2401 Pari
689 2364 818 2419 ergo
847 2350 1089 2403 custodia
1111 2393 1126 2417 ,
1176 2362 1230 2406 et
1276 2353 1516 2424 linguam
1572 2363 1626 2410 et
1656 2355 2033 2409 adolescentu-

461 2437 570 2490 lam
599 2453 776 2495 serva.
817 2440 1015 2510 Regius
1057 2458 1226 2512 equus
1260 2454 1345 2499 est
1394 2445 1595 2514 lingua.
1633 2445 1713 2500 Illi
1737 2448 1781 2500 si
1816 2449 2032 2515 quidem

463 2528 788 2596 iuiposueris
846 2531 1102 2599 frenum,
1159 2535 1419 2604 illumque
1474 2537 1749 2591 domueris
1802 2546 1859 2590 ut
1911 2552 2032 2591 cum

466 2618 780 2674 amoenitate
810 2636 1151 2678 ascensorem
1184 2626 1339 2692 ferat,
1380 2629 1432 2680 in
1464 2628 1582 2695 ipso
1606 2629 1850 2692 conlidit,
1880 2630 2036 2696 eique

466 2707 655 2762 insidit
706 2726 821 2765 rex.
874 2712 932 2768 Si
978 2730 1105 2770 vero
1148 2717 1297 2770 illiilli
1346 2717 1676 2772 iul‘renatum
1728 2719 2031 2783 dimiseris,

466 2799 907 2859 eﬂervescenlem
936 2816 991 2861 et
1023 2810 1419 2877 subsilieutem,
1447 2827 1642 2867 currus
1667 2812 1895 2867 elIiciiur
1915 2814 2035 2865 dia-

470 2889 592 2945 bolo
622 2902 675 2946 et
704 2897 912 2964 angelis
943 2897 1080 2966 eius.

540 2981 707 3039 VERS.
732 2985 785 3041 8.
812 2987 1073 3058 Linguam
1103 3004 1277 3045 autem
1306 2994 1482 3047 nullus
1512 2996 1784 3050 hominum
1821 2998 2037 3051 domare

2133 2158 2304 2212 ἀπτει
2328 2173 2343 2188 ο
2362 2154 2463 2208 καὶ
2489 2156 2526 2221 ἡ
2558 2151 2812 2222 γλῶσσα
2832 2148 2977 2216 πῦρ,
2998 2150 3030 2201 ὀ
3062 2148 3292 2215 κόσμος
3307 2141 3435 2215 ,τῆς
3452 2139 3711 2201 ἀδικίας.

2203 2342 2414 2398 Οὐκοῦν
2443 2340 2606 2393 πλέον
2637 2338 2737 2409 τῆς
2764 2335 3019 2407 γλώσσης
3049 2334 3290 2403 φύλαττε
3318 2330 3418 2395 τὴν
3448 2326 3621 2395 κόρην
3645 2322 3713 2353 ³³’

2135 2436 2299 2497 ἵππος
2329 2434 2448 2486 ἐστὶ
2483 2431 2761 2503 βασιλικὸς
2788 2432 2822 2499 ἡ
2854 2427 3104 2495 γλῶσσα·
3145 2425 3212 2478 ἂν
3274 2423 3374 2492 μὲν
3402 2414 3495 2472 οὖν
3523 2414 3717 2484 ἐπιθῇς

2134 2528 2272 2596 αὐτῇ
2308 2524 2524 2594 χαλινὸν
2549 2524 2643 2576 καὶ
2666 2520 2884 2591 διδάξῃς
2933 2516 3171 2588 βαδίζειν
3207 2513 3478 2583 εὔρυθμα,
3511 2510 3719 2561 ἐπανα-

2136 2618 2367 2672 παύεται
2398 2617 2537 2686 αὖτῇ
2582 2616 2677 2668 καὶ
2717 2610 3090 2666 ὲπικαθιεῖται
3119 2609 3147 2660 6
3194 2604 3450 2675 βασιλεύς
3480 2620 3493 2632 ·
3546 2602 3611 2654 ἂν
3658 2597 3720 2650 δὲ

2136 2707 2469 2778 ἀχαλίνωτον
2513 2707 2657 2774 ἀφῇς
2688 2701 2953 2772 φέρεσθαι
2988 2700 3083 2752 καὶ
3121 2697 3375 2768 σκιρτᾷν,
3406 2692 3501 2746 τοῦ
3539 2689 3723 2743 διαϐό-

2137 2799 2229 2852 λου
2261 2797 2354 2850 καὶ⁵
2386 2797 2496 2849 τῶν
2532 2796 2805 2865 δαιμόνων
2826 2793 3009 2863 ὄχημα
3033 2790 3266 2859 γίνεται.

2214 2987 2335 3054 Τὴν
2366 2983 2435 3037 δὲ
2488 2981 2782 3050 γλῶσσαν
2842 2976 3044 3041 οὐδεὶς
3081 2973 3335 3027 δύναται
3393 2969 3728 3036 ἀνθρώπων

472 3081 664 3140 potest,
699 3076 1035 3147 irrequietum
1076 3081 1310 3147 malum,
1355 3084 1564 3152 plenum
1618 3103 1809 3140 veneno
1856 3089 2037 3141 morti-

2148 3076 2410 3148 δαμάσαι
2435 3092 2448 3105 ·
2477 3070 2897 3139 ἀκατάσχετον
2939 3064 3154 3130 κακὸν,
3180 3060 3378 3133 μεστὴ
3421 3060 3513 3114 tofi
3539 3063 3726 3114 θανα-

471 3162 604 3231 fero.

548 3253 770 3310 Gladius
802 3267 990 3313 acutus
1018 3271 1101 3313 est
1131 3261 1332 3331 lingua.
1369 3263 1474 3319 Sed
1519 3282 1622 3319 non
1659 3268 1778 3322 aliis
1827 3268 2040 3337 inﬂiga-

474 3365 595 3404 lllliS
635 3348 893 3430 vulneru‘;
931 3361 1147 3407 [IOSU'RS
1187 3370 1216 3407 Θ
1247 3366 1436 3410 υοιιινα
1466 3367 1808 3428 amputemus
1841 3377 2034 3415 1301⁵1⁸11-

472 3441 705 3510 ptioues.
1578 3460 1586 3468 ·

550 3532 710 3587 Vens.
746 3535 830 3589 l3.
876 3534 1098 3603 Sapiens
1127 3536 1179 3590 el
1201 3536 1569 3605 disciplinatus
1592 3540 1726 3593 inter
1743 3558 1853 3607 vos,
1875 3553 2048 3595 osten-

473 3622 565 3674 dat
595 3640 657 3675 e:c
681 3626 814 3679 bona
842 3628 1230 3681 conversatione
1251 3631 1610 3698 operationem
1631 3649 1784 3686 suam
1810 3634 1863 3687 in
1894 3649 2047 3689 man-

475 3717 748 3769 suetudine
793 3718 1081 3785 sapientite.

547 3806 593 3856 Α
622 3805 872 3859 sordibus
907 3823 1271 3877 expurgemus
1298 3825 1458 3867 aures
1480 3811 1695 3868 animai.
1722 3812 1878 3867 Sicut
1899 3814 2046 3868 enim

478 3904 534 3947 et
575 3897 762 3950 sordes
794 3907 847 3951 et
878 3898 1047 3951 lutum
1078 3916 1238 3955 aures
1288 3906 1495 3967 carnis,
1541 3906 1615 3957 ita
1673 3915 1728 3958 et
1776 3908 2049 3959 mundana

479 3983 646 4049 dicta,
674 3995 727 4039 et
759 3987 1040 4054 probrosa,
1068 4000 1123 4045 et
1148 4008 1268 4061 quae
1293 3995 1359 4046 dc
1391 3993 1574 4048 lenore
1595 4006 1648 4048 et
1676 3998 1876 4058 usuris,
1903 3997 2049 4050 omni

479 4078 640 4131 sorde
700 4078 902 4146 pejora,
971 4083 1261 4137 obstruunt
1335 4084 1709 4155 intelligentiae
1780 4088 2049 4141 auditum.

478 4164 631 4218 Adde
653 4168 794 4234 quod
826 4184 931 4223 non
964 4172 1254 4227 obstruunt
1284 4182 1490 4229 tantum
1510 4213 1525 4240 ,
1560 4175 1653 4230 sed
1684 4185 1738 4230 et
1783 4176 2052 4246 impurum

479 4255 702 4316 faciunt.

1133 4470 1285 4526 CAP.
1316 4470 1403 4527 IV.

556 4582 723 4638 Vens.
760 4582 814 4647 8,
844 4583 900 4638 9.
929 4584 1353 4654 Appropinquate
1390 4586 1521 4647 Deo.
1566 4597 1613 4639 et
1666 4587 2058 4658 appropinqua-

483 4674 554 4727 bit
583 4675 754 4738 vobis;
778 4677 1057 4729 emundate
1085 4694 1295 4740 manus,
1324 4687 1623 4745 peccatores
1648 4715 1662 4739 ,
1693 4687 1744 4730 et
1773 4677 2055 4746 puriﬁcate

484 4766 665 4832 corda,
695 4765 929 4832 duplices
952 4769 1150 4820 animo.
1171 4766 1355 4821 Miseri
1387 4777 1551 4821 estote
1588 4777 1637 4820 et
1672 4769 1864 4837 lugete.
1894 4766 2053 4821 Risus

482 4869 647 4911 uester
674 4859 730 4911 in
788 4857 985 4912 luctum
1017 4871 1365 4927 convertatur,
1396 4870 1444 4914 et
1468 4860 1722 4931 gaudium
1765 4860 1821 4912 in
1869 4876 2059 4914 mer-

485 4965 593 5003 rem
600 4988 614 5003 .

555 5039 657 5104 Qui
681 5039 825 5094 enim
854 5048 1137 5109 postquam
1160 5042 1407 5109 peccavit
1436 5040 1814 5108 penitentiam
1848 5039 2056 5108 ample-

485 5129 674 5193 ctitur,
710 5145 814 5185 non
848 5130 1049 5196 luctus,
1086 5134 1180 5186 sed
1219 5131 1632 5185 feliciiaiionuin
1664 5131 1862 5200 dignus
1896 5129 2057 5183 estin

490 5218 727 5274 Ecclesia
747 5220 1058 5290 iustorum:
1112 5221 1208 5274 Dic
1259 5237 1379 5289 ergo
1433 5231 1488 5274 tu
1545 5228 1763 5287 peccata
1801 5228 1895 5271 tua
1946 5218 2060 5286 pri-

493 5325 661 5377 mum,
694 5320 749 5364 iit
784 5311 1099 5381 justiﬁceris
1131 5312 1193 5365 ".
1222 5311 1321 5377 Qui
1375 5320 1555 5365 autem
1606 5319 1730 5379 post
1778 5317 2057 5377 peccatum

566 5468 612 5500 ¹³
648 5467 754 5524 lsa.
788 5481 827 5533 1,
864 5466 952 5522 18.

672 5597 717 5630 ³¹
743 5596 805 5652 C.
838 5596 900 5654 C.
934 5597 1065 5649 ὄντα
1092 5596 1361 5649 διδάσκων
1384 5595 1459 5658 ὡς
1481 5595 1630 5648 ὄντα.
1709 5593 1753 5625 ³¹
1781 5590 1843 5647 C.
1872 5589 1936 5645 C.
1964 5588 2037 5641 πί‹

672 5665 706 5689 Π
763 5667 802 5689 Π
874 5664 1305 5689 9D-----AL---..-..
1421 5666 1466 5689 ll
1489 5664 1528 5689 ρ
1574 5664 1613 5689 1‘
1676 5659 2018 5689 ..-..--.n1.nna

2148 5606 2163 5641 θ
2195 5587 2419 5657 ταύτην.
2496 5585 2543 5617 ³³
2572 5585 2635 5640 C.
2656 5584 2720 5639 C.
2750 5585 2849 5651 τῆς
2875 5583 2939 5637 κό

2148 5658 2182 5689 η
2211 5657 2251 5689 Ρ
2306 5657 2345 5689 l‘
2390 5655 2550 5689 νΑΛΛυ
2578 5656 2850 5689 scen-unln-

2211 5657 2274 5714 C.
2306 5655 2366 5712 Ο.
2390 5655 2550 5726 χόρον
2577 5656 2871 5724 μεταστάς.

589 5665 634 5697 ³⁵
664 5665 707 5721 C
762 5667 827 5722 C.
874 5664 1326 5736 Ἐκκαθάρωμεν.
1421 5666 1466 5699 ⁸⁸
1489 5664 1635 5720 C.C.
1676 5659 2039 5734 κεχρημένος.

2142 3170 2428 3234 τηςεόρου.

2176 3186 2480 3327 nmina
2525 3254 2675 3304 ἐστιν
2708 3251 2743 3321 ἡ
2794 3248 3021 3314 γλῶσσα
3061 3242 3400 3315 ὴκονημένη.
3450 3238 3615 3290 Ἀλλὰ
3648 3236 3729 3306 μὴ

2145 3351 2355 3420 ἑτέροις
2394 3348 2694 3416 ἐπάγωμεν
2748 3341 3046 3413 τραύματα
3070 3355 3085 3369 ο
3144 3336 3283 3390 ἀλλὰ
3310 3335 3410 3397 τὰς
3450 3330 3728 3402 ἡμετέρας

2149 3442 2448 3514 σηπεδόνας
2486 3437 2659 3492 ὰποτέ
2666 3454 2752 3506 μω
2760 3453 2879 3504 μεν.

2218 3532 2414 3600 Σοφὸς
2451 3529 2552 3583 καὶ
2579 3526 2933 3594 ἐπιστήμων
2958 3523 3029 3577 ἐν
3064 3521 3212 3590 ὑμῖν
3242 3516 3493 3581 δειξάτω
3520 3514 3588 3566 ἐκ
3617 3510 3734 3579 τῆς

2148 3623 2351 3690 καλῆς
2381 3617 2774 3687 ἀναστροφῆς
2806 3615 2882 3669 τὰ
2922 3615 3068 3683 ἔργα
3099 3610 3311 3673 αὐτοῦ,
3347 3608 3419 3661 ἐν
3438 3605 3734 3673 πραΰτητι

2150 3715 2393 3786 σοφίας.

2232 3784 2669 3874 Ἕκκαθαίρομεν
2685 3804 2730 3835 ³⁵
2760 3802 2852 3855 τὸν
2911 3799 3084 3869 ῥύπον
3139 3794 3251 3848 ἀπὸ
3286 3789 3396 3845 τῶν
3423 3788 3522 3856 τῆς
3553 3784 3733 3853 ψυχῆς

2151 3900 2326 3952 ὤτων.
2359 3896 2627 3966 Καθάπερ
2658 3894 2769 3964 γὰρ
2819 3894 2990 3963 ῥύπος
3023 3888 3117 3942 καὶ
3162 3885 3336 3956 πηλὸς
3372 3882 3443 3935 τὰ
3486 3874 3602 3931 ὦτα
3632 3877 3731 3946 τῆς

2154 3991 2378 4061 σαρκὸς,
2408 3988 2550 4041 οὕτω
2574 3988 2667 4040 καὶ
2696 3985 2765 4038 τὰ
2797 3981 3026 4053 βιωτικὰ
3051 3980 3373 4048 διηγήματα
3402 3971 3502 4026 καὶ
3527 3968 3727 4037 παχέα,

2154 4086 2248 4138 καὶ
2280 4083 2347 4136 τά
2378 4082 2508 4150 περὶ
2528 4080 2706 4133 τόκων
2740 4078 2833 4130 καὶ
2869 4072 3273 4141 δανεισμάτων,
3320 4066 3497 4138 ῥύπου
3529 4062 3731 4120 παντὸς

2154 4170 2536 4244 χαλεπώτερον
2593 4168 2897 4238 ἐμφράττει
2948 4164 3049 4231 τῆς
3098 4158 3343 4220 διανοίας
3392 4154 3492 4226 τὴν
3539 4151 3733 4221 ἀκοὴν,

2160 4265 2361 4336 μᾶλλον
2381 4265 2438 4316 δὲ
2461 4265 2558 4317 οὐγ
2579 4261 2892 4333 ἐμφράττει
2926 4256 3113 4328 μόνον,
3136 4252 3278 4307 ἀλλὰ
3300 4249 3398 4304 καὶ
3422 4246 3734 4314 ἀκάθαρτον

2159 4373 2331 4410 ποιει.
2776 4372 2781 4376 ’

2759 4459 3014 4515 ΚΕΦΑΛ.
3057 4459 3131 4512 A'.

2243 4579 2551 4647 Ἑγγίσατε
2603 4574 2683 4639 τῷ
2726 4572 2867 4637 Θεῷ,
2901 4571 3001 4625 καὶ
3056 4567 3245 4638 enus?
3269 4564 3447 4634 ὑμῖν⁸
3492 4557 3739 4624 καθαρί-

2158 4684 2306 4723 σατε
2343 4667 2567 4736 χεῖρας,
2620 4663 2976 4733 ἁμαρτωλοὶ,
3023 4662 3120 4714 καί
3149 4658 3439 4728 ἁγνίσατε
3466 4648 3736 4719 καρδίας,

2159 4761 2431 4828 δίψυχοι.
2487 4754 2987 4822 Ταλαιπωρήσατε
3013 4751 3111 4804 καὶ
3148 4745 3492 4811 πενθήσατε
3518 4758 3533 4772 ·
3575 4743 3608 4792 ὁ
3644 4736 3740 4828 yd-

2158 4826 2279 4916 λως
2313 4826 2486 4918 ἠθμῶν
2511 4849 2597 4913 είς
2617 4846 2839 4910 πένθος
2862 4838 3358 4912 μεταστραφήτω,
3392 4834 3490 4887 καὶ
3524 4833 3563 4900 ἠ
3588 4826 3741 4898 χαρὰ

2166 4945 2252 5009 εὶς
2283 4940 2635 5010 κατήφειαν.

2250 5033 2309 5085 'O
2353 5030 2462 5100 γὰρ
2516 5028 2655 5099 μετὰ
2705 5025 2766 5079 τὸ
2808 5024 3147 5096 ἁμαρτάνειν
3209 5017 3472 5090 μετανοίᾳ
3500 5010 3738 5105 χρωμέ-

2167 5141 2256 5186 νος
2284 5123 2353 5188 ³⁸,
2403 5121 2465 5174 οὐ
2511 5118 2742 5181 πένθους
2783 5116 2921 5169 ἀλλὰ
2963 5110 3337 5185 μακαρισμῶν
3388 5102 3541 5160 ἐστιν
3573 5102 3738 5167 ἄξιος,

2167 5215 2259 5268 ἐπὶ
2284 5213 2377 5266 τὸν
2422 5210 2532 5264 τῶν
2587 5207 2813 5262 δικαίων
2847 5206 3012 5277 χορόν
3036 5204 3081 5236 ³⁸
3107 5216 3122 5230 ·
3161 5200 3311 5268 Λέγε
3348 5198 3461 5268 γὰρ
3506 5194 3588 5250 σὺ
3637 5190 3741 5255 τὰς

2167 5305 2451 5374 ἁμαρτίας
2472 5302 2515 5333 ³⁷
2561 5315 2678 5355 σου
2731 5298 2984 5367 πρῶτος,
3036 5296 3138 5350 ἵνα
3194 5286 3537 5356 δικαιωθῇς.
3596 5285 3662 5337 El
3689 5280 3742 5333 δὲ

2944 5600 3042 5685 ρης
3063 5578 3301 5649 φύλασσε
3330 5572 3430 5634 τὴν
3467 5569 3747 5640 γλῶσσαν.

2968 5654 2990 5685 ³
3033 5652 3072 5685 Π
3116 5649 3156 5685 l‘.
3205 5643 3460 5685 ὸυωιίαι-

2968 5643 3013 5687 ’ί
3026 5643 3094 5708 Ὀ.
3116 5649 3177 5705 C.
3205 5643 3460 5704 ἀνομίαςο
