4040 6150
342 387 480 446 1049

1303 379 1730 435 FRAGMENTA
1766 378 1837 432 IN
1876 375 2266 432 EPISTOLAH
2304 374 2363 432 S.
2404 373 2653 432 JACOBl.

3450 370 3589 428 1050

342 497 482 568 μετὰ
531 494 595 548 ἐδ
618 493 959 563 ἁμαρτάνειν
1016 492 1385 562 ἀναισχυντεῖ,
1443 492 1541 562 οὐχ
1594 490 1768 554 οὕτως
1824 489 1916 542 ἐπὶ

2029 504 2125 543 non
2161 490 2454 553 erubescit,
2507 495 2755 541 nontam
2805 484 2931 550 quia
2986 480 3203 543 cecidit,
3259 478 3589 533 miserabilis

338 587 417 657 τῷ
446 588 493 618 ³⁸
544 588 733 637 πεσεῖν
761 585 912 636 ἐστιν
957 582 1189 645 ἐλεεινὸς
1245 582 1320 645 ὡς
1351 584 1444 636 ἐπὶ
1488 582 1566 652 τῷ
1596 582 1641 614 ³⁸
1702 579 1917 635 κεῖσθαι

340 677 542 731 πεσών.
564 678 629 730 Ei
655 676 712 728 δὲ
738 674 798 726 τὺ
828 675 903 744 μὴ
940 675 1222 743 μετανοεῖν
1247 675 1330 741 ἐφ’
1362 674 1722 744 ἁμαρτήμασι
1760 671 1919 741 χαλε-

341 770 464 833 πὸν,
488 767 551 820 τὸ
586 768 680 820 καὶ
699 764 1048 833 πεφυσῆσθαι
1078 764 1172 817 ἐπὶ
1216 766 1329 826 τοῖς
1362 765 1727 832 ἁμαρτήμασι
1757 761 1918 823 ποίας

345 856 620 918 κολάσεώς
643 857 789 907 ἐστιν
811 853 993 917 άξιονς
1025 854 1086 907 Εἰ
1114 854 1224 922 γὰρ
1249 855 1276 904 ὁ
1307 855 1400 906 ἐπὶ
1416 858 1530 915 τοῖς
1555 853 1921 921 κατορθώμα-

349 967 431 1003 σιν
470 948 828 1018 ὲπαιρόμενος
873 946 1190 1017 ἀκάθαρτός
1240 947 1411 1010 ἐστιν,
1460 948 1488 998 ὁ
1536 946 1631 997 ἐπὶ
1667 945 1917 1014 ἁμαρτή-

352 1057 485 1111 μασι
521 1038 678 1091 τοῦτυ
711 1036 937 1106 πάσχων
968 1036 1128 1098 ποίας
1155 1035 1408 1117 τεύξεται
1455 1033 1820 1104 συγγνώμηςς

926 1147 1180 1199 ΚΕΦΛΛ.
1255 1145 1332 1199 E'.

423 1243 561 1310 Ἀγε
591 1240 729 1304 νῦν,
764 1241 819 1292 οἱ
852 1237 1156 1298 πλούσιοι,
1190 1238 1499 1288 κλαύσατε
1529 1232 1921 1296 ὀλολύζοντες

345 1331 443 1383 ἐπὶ
470 1329 600 1394 ταῖς
640 1326 1065 1393 ταλαιπωρίαις
1100 1323 1264 1392 ὑμῶν
1294 1323 1425 1388 ταῖς
1467 1322 1916 1390 ἐπερχομέναις.

358 1424 421 1474 '0
469 1419 733 1483 πλοῦτος
786 1416 952 1485 ὑμῶν·
995 1414 1252 1480 σέσηπε,
1291 1413 1388 1466 καὶ
1428 1414 1499 1466 τὰ
1530 1413 1725 1481 Ιμάτια
1754 1410 1920 1479 ὑμῶν

348 1512 689 1577 σητόϐρωτα
710 1509 954 1575 γέγονεν
977 1520 991 1535 ο
1016 1507 1048 1557 ό
1077 1505 1304 1572 χρυσὸς
1346 1503 1514 1572 ὑμῶν
1545 1502 1644 1554 καὶ
1678 1504 1710 1555 ὁ
1742 1502 1918 1568 ἀργυ-

339 1620 449 1669 pot;
473 1599 765 1652 κατίωται.

429 1688 720 1759 Ἀψώμεθα
751 1691 850 1758 τῆς
876 1686 995 1740 ὁδοῦ
1026 1686 1124 1755 τῆς
1154 1684 1346 1747 στενῆς
1368 1699 1382 1713 ⁸
1425 1683 1588 1753 μέχρι
1630 1682 1759 1735 πότε
1792 1698 1920 1750 τρυ-

349 1782 465 1850 (ﬁt;
497 1780 656 1850 μέχρι
710 1780 838 1830 πότε
879 1778 1100 1842 ἄνεσις;
1157 1776 1256 1827 οὐκ
1310 1775 1720 1844 ὲνεπλήσθημεν
1751 1772 1918 1842 ῥᾳθυ-

353 1872 611 1942 μοῦντες,
668 1869 971 1938 γελῶντες,
1026 1865 1496 1935 ἀναϐαλλόμενοι;
1553 1865 1610 1916 οὐ
1655 1864 1724 1915 τὰ
1781 1862 1920 1915 αὐτὰ

349 1962 511 2015 πάλιν
532 1963 686 2014 ἔσται
714 1957 964 2029 τράπεζα
998 1959 1091 2011 xui
1125 1958 1287 2025 κόρος
1317 1955 1408 2007 καὶ
1459 1952 1777 2006 πολυτέλεια
1826 1950 1921 2003 xui.

348 2054 610 2122 χρήματα
646 2050 741 2103 xui.
798 2050 989 2119 κτῆσις
1023 2048 1068 2079 ⁸⁰
1127 2046 1223 2098 xui.
1252 2044 1575 2113 οίκοδομαί;
1619 2042 1726 2094 Καὶ
1770 2041 1821 2093 τί
1859 2041 1921 2093 τὸ

349 2142 540 2211 κέρδος
568 2159 583 2205 ;
617 2140 849 2201 Θάνατος
871 2154 884 2169 °
917 2138 1012 2191 xui.
1030 2137 1081 2189 τί
1113 2136 1175 2188 τὸ
1201 2136 1353 2197 τέλος
1376 2151 1390 2201 ;
1418 2135 1593 2204 τέφρα
1628 2133 1722 2185 xui.
1749 2133 1916 2196 κόνις,

353 2232 500 2302 σοροὶ
528 2233 623 2284 xui.
656 2230 956 2299 σκώληκες.

436 2322 835 2390 Ἐτρυφήσατε
860 2320 958 2373 ἐπὶ
981 2318 1093 2387 τῆς
1121 2318 1254 2388 γῆς,
1280 2317 1378 2369 καὶ
1409 2312 1916 2379 ἐσπαταλήσατε·

348 2417 637 2487 ἐθρέψατε
655 2416 760 2481 τὰς
789 2414 1038 2482 καρδίας
1052 2411 1219 2483 ὑμῶν
1235 2412 1316 2477 ὡς
1342 2411 1412 2463 ἐν
1436 2409 1624 2477 ἡμέρᾳ
1654 2404 1916 2475 σφαγῆς.

418 2596 484 2651 Τί
517 2594 649 2659 οῦνς
684 2595 997 2649 κεκώλυται
1036 2596 1068 2664 ὴ
1100 2593 1279 2663 τρυφή
1312 2609 1327 2656 ;
1359 2591 1453 2643 xui
1494 2588 1721 2660 σφόδρα.
1767 2585 1920 2638 Διατί

345 2683 441 2744 οὖν
471 2691 550 2750 είς
581 2686 879 2757 μετάληψιν
932 2684 1212 2748 ἔκτισταις
1249 2684 1332 2735 ὃτι
1375 2682 1469 2733 xui.
1509 2681 1671 2752 ἄρτον
1708 2678 1914 2741 ἔκτισε,

347 2783 444 2836 καὶ
476 2777 782 2833 κεκώλυται
812 2778 845 2846 ἡ
881 2775 1116 2844 ἀμετρία
1137 2790 1151 2804 ο
1176 2776 1257 2826 ὅτι
1289 2775 1383 2825 καὶ
1415 2766 1556 2823 οἶνον
1591 2769 1796 2832 ἔκτισε,
1829 2768 1921 2821 καὶ

346 2870 655 2926 κεκώλυται
677 2872 709 2938 ἡ
741 2866 999 2936 ἀμετρία.
1037 2866 1148 2933 Οὐχ
1175 2864 1249 2923 ὼς
1281 2862 1593 2931 ἀκάθαρτον
1620 2861 1800 2912 τοὶνυν
1824 2860 1920 2929 τὴν

346 2961 552 3033 τροφὴν
581 2960 622 2990 ⁸⁸
684 2954 1069 3026 παραιτεῖσθαι
1122 2952 1359 3018 κελεύει,
1416 2950 1530 3003 ἀλλ’
1571 2950 1645 3011 ὡς
1694 2948 1922 3001 ἐκλύου-

349 3070 447 3107 σαν
466 3052 512 3082 ⁸²
543 3050 630 3103 διὰ
658 3048 758 3116 τῆς
783 3046 1051 3117 ἀμετρίας
1078 3043 1176 3112 τὴν
1206 3044 1403 3112 ψυχήν.
1438 3042 1553 3093 Πᾶν
1582 3040 1690 3108 γὰρ
1721 3038 1925 3102 κτίσμα

2020 596 2121 648 est,
2171 585 2311 637 sicut
2359 590 2413 634 et
2443 580 2568 648 quia
2613 581 2758 647 jacet
2798 577 2886 630 ubi
2927 574 3145 629 cecidit.
3206 570 3262 626 Si
3308 585 3439 625 vero
3481 586 3587 624 non

2020 676 2283 746 pmnitere
2315 681 2655 741 peccatorum
2705 666 2901 721 malum
2937 674 3056 727 est,
3092 661 3304 729 qualem
3350 669 3590 714 meretur

2021 763 2522 818 condemnationem
2558 758 2651 827 qui
2673 755 2919 824 superbit
2948 763 3002 806 et
3031 751 3263 805 exsultat
3310 750 3362 802 in
3388 761 3586 817 peccas

2019 859 2120 911 tis!
2154 856 2217 909 Et
2242 855 2285 907 si
2314 852 2620 906 immundus
2644 857 2725 901 est
2754 845 2846 914 qui
2880 844 2932 897 in
2959 842 3113 896 bonis
3160 839 3370 894 actibus
3398 852 3591 906 supcr-

2021 947 2120 1009 bit,
2140 946 2229 1013 qui
2279 941 2533 996 similiter
2560 948 2613 993 et
2644 937 2709 991 de
2740 931 2977 1004 peccatis
3004 929 3190 995 sentit,
3223 928 3309 982 ubi
3346 925 3589 980 inveniet

2019 1031 2446 1107 indulgentiam?

2681 1132 2837 1188 CAP.
2878 1129 2941 1185 V.

2091 1238 2256 1291 Vsus.
2293 1234 2344 1298 l,
2369 1233 2424 1286 2.
2458 1231 2608 1297 Agite
2645 1242 2802 1288 nunc,
2834 1223 3037 1282 divites,
3068 1217 3272 1287 plorata
3322 1214 3588 1268 ululantes

2019 1327 2075 1380 in
2113 1323 2339 1378 miseriis
2374 1319 2557 1372 vestris
2591 1330 2708 1381 qua:
2742 1312 3026 1364 adveniunt
3066 1305 3227 1359 vobis.
3268 1303 3474 1355 Divitiae
3501 1316 3589 1353 ve-

2020 1428 2143 1467 stra:
2182 1408 2491 1479 putrefactus
2533 1412 2676 1465 sunt,
2713 1410 2762 1454 et
2802 1399 3111 1451 vestimenta
3147 1404 3315 1445 vestra
3367 1408 3399 1443 α
3436 1390 3591 1440 tineis

2022 1511 2247 1558 comesta
2288 1509 2445 1559 sunt;
2478 1511 2667 1550 aurum
2718 1501 2943 1545 vestrum
2979 1498 3024 1541 et
3065 1495 3340 1555 argentum
3399 1479 3592 1548 a‘rugi-

2020 1596 2180 1650 navu.

2092 1681 2630 1752 Comprehendamus
2665 1688 2795 1742 ergo
2829 1676 3110 1739 angustam
3151 1665 3313 1718 viam.
3378 1660 3595 1730 Usque-

2021 1792 2128 1847 quo
2161 1749 2443 1842 voluptarii
2499 1765 2731 1824 sensus?
2785 1774 3064 1831 usquequo
3112 1753 3407 1810 mollities?
3452 1749 3591 1805 Num

2022 1868 2391 1923 saturabimur
2424 1860 2782 1919 luxuriantes,
2821 1853 3085 1913 ridentes,
3130 1844 3431 1901 saltantes?
3460 1858 3592 1897 num

2023 1970 2075 2017 et
2095 1958 2282 2014 eadem
2306 1968 2520 2022 semper
2546 1959 2724 2011 erunt,
2750 1955 2803 2001 et
2835 1958 3054 2005 mensae,
3079 1947 3133 1993 et
3152 1936 3342 1999 fastus,
3371 1943 3425 1987 et
3445 1947 3595 1986 sum-

2022 2048 2289 2120 ptuositas
2318 2055 2368 2099 et
2394 2039 2635 2096 divitiae?
2662 2051 2788 2090 num
2820 2046 3036 2100 semper
3059 2038 3112 2082 et
3150 2039 3329 2081 emere
3361 2030 3415 2078 et
3462 2020 3595 2075 tedi-

2024 2141 2218 2195 ﬁcarc?
2247 2137 2312 2189 Et
2341 2135 2463 2204 quis
2497 2126 2815 2200 profectus?
2849 2138 3028 2188 mors,
3059 2119 3248 2188 etquis
3279 2114 3437 2169 linis?
3459 2111 3597 2166 ciuis

1975 2259 1981 2267 ε
2021 2244 2074 2289 et
2111 2231 2307 2300 pulvis,
2358 2226 2615 2279 feretrum
2662 2229 2717 2273 et
2763 2229 2999 2270 vermes.

2092 2320 2256 2375 Vens.
2290 2319 2343 2373 5.
2372 2312 2590 2384 Epitlati
2619 2315 2743 2364 estis
2776 2322 2931 2372 super
2959 2316 3174 2365 terram,
3209 2309 3255 2352 et
3282 2297 3334 2349 in
3367 2293 3595 2349 iniuriis

2022 2409 2392 2483 ingnrgitastis
2421 2422 2531 2460 vos.
2570 2398 2860 2458 Enutristis
2884 2395 3042 2450 corda
3068 2401 3239 2448 uestra
3262 2390 3400 2443 sicut
3427 2388 3481 2440 in
3511 2385 3598 2439 die

2024 2519 2324 2559 οεειειοηιε.

2095 2593 2232 2659 Quid
2273 2587 2440 2657 ergo?
2472 2585 2541 2638 ab
2569 2580 2743 2651 epulis
2773 2573 3145 2633 dimovemur?
3192 2579 3248 2626 et
3295 2568 3596 2623 vehemen-

2027 2695 2131 2739 ter.
2186 2683 2297 2737 Cur
2342 2655 2472 2747 ergo
2507 2685 2566 2729 ut
2590 2672 2721 2743 ipsis
2779 2668 3171 2736 participemus
3206 2668 3404 2715 creata:
3427 2655 3599 2712 sunt?

2027 2777 2160 2844 Quia
2189 2784 2243 2827 et
2269 2785 2461 2842 panem
2488 2765 2695 2821 creavit
2729 2761 2870 2815 Deus
2899 2769 2955 2813 et
2984 2760 3050 2811 ab
3074 2752 3384 2810 excessibus
3417 2746 3602 2818 probi-

2028 2870 2249 2929 bemur;
2276 2866 2398 2931 quia
2422 2869 2472 2913 et
2497 2859 2679 2910 vinum
2714 2853 2939 2915 creavit,
2966 2857 3017 2900 et
3049 2854 3205 2915 potus
3237 2840 3603 2896 immoderati-

2030 2962 2101 3014 tia
2130 2956 2538 3010 condemnatur.
2564 2948 2680 3001 Non
2722 2944 2937 3014 quidem
2976 2939 3117 2993 sicut
3150 2934 3280 3005 quid
3328 2934 3601 3000 impurum

2029 3051 2216 3122 epulas
2246 3059 2525 3102 removere
2551 3042 2723 3111 jubet,
2780 3038 2871 3089 sed
2903 3034 3031 3101 quia
3083 3045 3176 3100 per
3234 3023 3604 3079 immoderati-

347 3142 480 3197 Θεοῦ
511 3111 900 3208 καλὺνξφηγσὶ,
932 3111 1041 3190 ’καὶ
1082 3111 1231 3188 οὐδὲν
1263 3111 1565 3202 ἀπόϐλητον
1602 3129 1737 3201 μετὰ
1771 3130 1926 3198 εὐχαί

2040 3144 2166 3194 tiam
2196 3139 2430 3191 animam
2452 3138 2735 3187 enervant.
2763 3122 3035 3192 Quidquid
3060 3117 3267 3174 creavit
3299 3114 3464 3174 Deus,
3503 3111 3607 3163 hoc

350 3234 560 3306 ριστίας
596 3230 1031 3301 λαμϐανόμενον.

415 3433 933 3506 Μακροθυμήσατε
959 3430 1055 3483 καὶ
1082 3427 1274 3497 ὑμεῖς,
1300 3425 1622 3493 στηρίξατε
1656 3425 1762 3488 τὰς
1792 3438 1927 3488 καρ-

349 3529 481 3595 δίας
510 3528 697 3597 ὑμῶν,
742 3523 833 3577 ὅτι
882 3522 920 3589 ἠ
953 3519 1263 3586 παρουσία
1312 3517 1419 3569 τοῦ
1448 3515 1668 3581 Κυρίου
1695 3512 1924 3580 fin-tice.

419 3617 819 3688 Μακροθυμίαν
847 3614 983 3684 πρὸς
1015 3611 1300 3679 ἀλλήλους,
1327 3605 1605 3676 ὑπομονὴν
1632 3604 1767 3673 πρὸς
1798 3604 1927 3665 τοὺς

354 3712 478 3776 ἔξω.
508 3708 871 3778 Μακροθυμεί
912 3706 1020 3774 γάρ
1050 3720 1134 3764 τις
1180 3702 1316 3770 πρὸς
1362 3699 1620 3759 ἐκείνους,
1656 3695 1749 3748 οὓς
1769 3696 1928 3746 δυνα-

355 3803 446 3855 τὸν
497 3801 590 3853 xui.
644 3796 996 3869 ἀμύνασθαιο
1047 3794 1307 3863 ὑπομένει
1353 3792 1407 3842 δὲ
1455 3789 1549 3851 οὒς
1590 3790 1649 3840 οὐ
1705 3787 1929 3839 δύναται

356 3890 667 3962 ἀμύνασθαι
690 3907 702 3920 ·
735 3889 821 3941 διὰ
845 3887 1004 3940 τοῦτο
1034 3886 1127 3936 ἐπὶ
1184 3886 1280 3953 μὲν
1314 3882 1449 3934 Θεοῦ
1483 3881 1737 3932 οὐδέποτε
1794 3880 1927 3931 ὑποο

359 3982 501 4054 μονὴ
529 3980 763 4047 λέγεται,
805 3975 1156 4050 μακροθυμία
1203 3975 1259 4025 δὲ
1295 3971 1591 4041 πολλαχοῦ.
1616 3972 1678 4022 Εἰ
1712 3966 1803 4022 οῦν
1835 3969 1930 4022 xui.

354 4069 590 4123 ἐνταῦθα
619 4068 866 4121 δοκοῦσιν
914 4062 1429 4133 ἐγκαταλελεῖφθαι,
1461 4061 1576 4112 ἀλλ’
1628 4061 1779 4127 ὅμως
1812 4060 1932 4111 ἐκεῖ

354 4160 555 4228 πολλῆς
613 4158 981 4211 ἀπολαύσουσι
1028 4156 1131 4224 τῆς
1188 4151 1365 4221 δόξης.
1403 4152 1572 4203 ’Ὁταν
1628 4150 1686 4202 δὲ
1749 4150 1933 4203 ἴδωσιν

353 4252 402 4303 οἱ
437 4249 649 4319 μεγάλα
670 4247 950 4317 φυσῶντες
983 4247 1110 4308 τοὺς
1140 4243 1577 4313 μαστιζομένους
1602 4240 1693 4292 ὑπ’
1727 4240 1928 4303 αὐτῶν,

354 4342 481 4402 τοὺς
515 4338 1084 4407 καταφρονουμένους,
1120 4337 1246 4398 τοὺς
1289 4333 1773 4400 καταγελωμένους
1808 4331 1932 4384 τού-

353 4444 479 4490 τους
514 4429 679 4495 ὲγγὺς
709 4427 867 4487 ὄντας
895 4426 1049 4486 Θεοῦ,
1092 4424 1213 4477 τότε
1256 4423 1589 4492 θρηνήσουσι
1625 4421 1720 4472 xui.
1748 4420 1932 4472 ὀλολύ-
1965 4459 2006 4511 D

356 4520 557 4585 ξουσιν,
588 4520 714 4570 ὅταν
732 4520 777 4549 ⁸³
807 4519 934 4579 τοὺς
988 4516 1238 4583 οἰκτροὺς
1281 4515 1375 4565 καὶ
1416 4512 1802 4582 ταλαιπώρους
1836 4515 1931 4563 xui.

358 4611 526 4680 μυρία
554 4610 825 4670 παθόντας
856 4608 1004 4659 δεινᾶ
1041 4607 1136 4659 xui.
1164 4606 1580 4667 πιστεύσαντας,
1614 4605 1693 4666 εἰς
1735 4602 1933 4656 τοσαύ-

355 4719 455 4770 την
493 4702 601 4772 ἄγῃ
626 4701 670 4732 ’⁵⁸
696 4700 1082 4768 λαμπρότητα.

426 4792 544 4858 Πρὸ
603 4791 844 4843 πάντων
896 4789 984 4850 δὲ,
1025 4786 1280 4855 ἀδελφοί
1330 4804 1470 4854 μου,
1527 4785 1611 4853 μὴ
1659 4784 1929 4853 ὀμνύετε,

349 4882 502 4950 μήτε
532 4882 639 4934 τὸν
682 4880 962 4947 οὐρανὸν,
1010 4878 1164 4948 μήτε
1205 4877 1318 4946 τὴν
1360 4877 1498 4945 γῆν,
1530 4875 1685 4945 μήτε
1737 4875 1933 4928 ἄλλον

354 4972 489 5024 τινὰ
516 4971 719 5035 ὅρκον.

428 5061 494 5112 Τί
525 5056 616 5111 οὖν
653 5058 748 5111 ἐὰν
775 5059 981 5128 ἀπαιτῇ
1009 5075 1093 5120 τις
1114 5059 1295 5127 ὅρκον,
1329 5058 1422 5109 καὶ
1445 5056 1694 5125 ἀνάγκην
1726 5053 1932 5123 ἐπάγῃς

370 5152 429 5202 '0
460 5148 555 5200 τοῦ
589 5148 724 5200 Θεοῦ
755 5148 916 5216 φόϐος
947 5148 1045 5217 τῆς
1074 5148 1320 5216 ἀνάγκης
1369 5148 1510 5199 ἔστω
1541 5143 1933 5214 δυνατώτερος.

368 5237 524 5289 Ἐπεὶ
559 5238 607 5287 εί
669 5235 853 5304 μέλλει
886 5235 930 5267 ⁸⁵
974 5237 1073 5298 τὰς
1100 5235 1145 5267 ⁸⁸
1205 5237 1462 5299 τοιαύτας
1528 5233 1930 5304 προϐάλλεσθαι

357 5327 662 5394 προφάσεις
682 5325 754 5390 ⁸⁵⁸,
833 5325 986 5378 οὐδὲν
1038 5326 1294 5395 φυλάξεις
1348 5327 1453 5378 τῶν
1508 5324 1932 5394 ἐπιταχθέντων.

357 5418 618 5483 Καίτοιγε
658 5419 751 5468 ἐπὶ
790 5417 900 5470 τῶν
942 5417 1121 5488 νόμων
1160 5419 1269 5471 τῶν
1304 5418 1667 5489 ἀνθρωπίνων
1699 5415 1936 5483 οὐδαμοῦ

2031 3236 2229 3288 bonum
2272 3229 2427 3291 dixit,
2450 3234 2504 3280 et
2551 3222 2684 3277 nihil
2719 3215 3175 3273 contemnendum
3211 3207 3356 3277 quod
3409 3202 3609 3275 gratia-

2030 3342 2145 3380 rum
2170 3338 2291 3376 cum
2328 3320 2544 3372 actione
2573 3312 2893 3381 accipimus.

2102 3413 2267 3466 Vsus.
2292 3410 2345 3464 8.
2386 3406 2654 3460 Patientes
2685 3410 2847 3455 estote
2881 3408 2929 3452 et
2966 3414 3076 3461 vos,
3107 3392 3416 3459 conﬁrmata
3441 3384 3602 3438 corda

2030 3516 2222 3568 vestra,
2242 3503 2486 3572 quoniam
2544 3496 2794 3548 adventus
2826 3490 3040 3542 Domini
3069 3476 3532 3554 appropinquavit.

2106 3595 2374 3649 Patientia
2400 3592 2465 3643 ad
2496 3588 2751 3641 invicem.
2787 3578 3116 3635 Sull‘erentia
3142 3575 3207 3627 ad
3239 3587 3333 3625 eos
3356 3568 3447 3637 qui
3472 3566 3606 3619 foris

2033 3692 2184 3738 sunt.
2215 3680 2431 3732 Patiens
2463 3676 2607 3728 enim
2633 3673 2754 3740 quis
2780 3678 2862 3723 est
2893 3669 2945 3721 in
2972 3667 3079 3719 illis
3111 3666 3163 3716 in
3193 3661 3387 3728 quibus
3416 3654 3605 3709 ulcisci

2033 3770 2342 3844 potuisset?
2373 3766 2571 3819 Sull'ert
2604 3773 2783 3815 autem
2817 3775 2879 3811 ca
2913 3753 3342 3826 qum‘viudicare
3372 3764 3475 3802 non
3503 3760 3602 3814 po-

2036 3875 2140 3920 test
2171 3879 2185 3915 :
2223 3870 2439 3931 propter
2459 3857 2602 3925 quod
2640 3864 2694 3907 et
2725 3855 2789 3906 de
2824 3852 2932 3903 Deo
2961 3844 3276 3902 suiferentia
3330 3852 3604 3907 nunquam

2034 3956 2253 4024 legitur,
2309 3950 2401 4004 sed
2460 3948 2659 4016 ubique
2702 3940 2979 4010 patientia.
3022 3936 3124 4003 Qui
3165 3949 3293 4003 ergo
3348 3941 3403 3985 et
3463 3942 3609 3982 nunc

2035 4047 2254 4101 omnino
2292 4042 2544 4095 videntur
2584 4034 2845 4096 dcrelicti,
2900 4030 2972 4085 illi
3020 4037 3074 4082 et
3116 4029 3167 4081 in
3222 4024 3405 4079 futuro
3439 4020 3608 4075 multa

2036 4139 2284 4191 fruentur
2307 4133 2496 4200 gloria.
2523 4130 2654 4183 Cum
2690 4133 2866 4178 autem
2898 4122 3176 4182 videbunt,
3205 4117 3257 4169 bi
3280 4116 3369 4183 qui
3412 4124 3607 4179 magna

2037 4226 2392 4296 Superbiuut,
2448 4222 2566 4274 illos
2622 4232 2758 4286 quos
2819 4212 3222 4281 ﬂagellaverunt
3280 4205 3419 4272 ipsi,
3474 4216 3609 4268 quos

2036 4324 2424 4385 Consptterunl,
2469 4313 2796 4366 deriserunt,
2829 4314 3036 4358 stantes
3075 4300 3227 4367 juxta
3270 4296 3462 4355 Deum,
3499 4302 3609 4343 tutu

2038 4411 2335 4478 lugebant;
2366 4417 2418 4459 et
2448 4399 2881 4456 lamentabuntur
2911 4410 3030 4447 cum
3071 4391 3134 4443 ad
3172 4396 3372 4440 tantam
3425 4396 3613 4452 pervc-

2045 4502 2193 4553 ηἰιιιιι
2226 4497 2538 4552 felicitatem
2574 4493 2626 4545 lti
2656 4488 2838 4543 miseri
2893 4497 2946 4539 et
2978 4478 3314 4536 miserabiles
3335 4476 3423 4543 qui
3462 4482 3612 4527 tanta

2040 4592 2108 4646 ab
2130 4592 2261 4659 ipsis
2294 4589 2433 4656 passi
2467 4595 2590 4638 sunt
2623 4581 2858 4635 crudelia
2882 4578 3045 4631 mala.

2112 4775 2274 4828 Vens.
2314 4773 2401 4827 12.
2445 4771 2580 4824 Ante
2623 4767 2797 4822 omnia
2840 4773 3037 4824 autem,
3067 4761 3262 4830 fratres
3295 4757 3416 4820 mei,
3457 4754 3616 4807 nolite

2031 4884 2219 4938 μιν-ατο
2253 4881 2412 4934 neque
2465 4878 2555 4929 per
2620 4860 2826 4922 caelum,
2872 4870 3032 4920 neque
3064 4868 3157 4920 per
3191 4860 3407 4911 terram,
3454 4861 3616 4915 neque

2039 4959 2187 5013 aliud
2217 4959 2558 5023 quodcunque
2579 4952 2955 5018 iurantentum.

2113 5048 2250 5115 Quid
2275 5061 2403 5114 ergo
2432 5047 2475 5125 εἰ
2514 5043 2752 5110 requirat
2776 5040 2896 5108 quis
2921 5039 3314 5105 juratuentum,
3337 5040 3389 5086 ct
3419 5046 3612 5086 neces-

2041 5143 2253 5195 sitatem
2289 5136 2627 5207 prtetcntlat?
2660 5132 2996 5185 Necessitate
3024 5128 3292 5196 potentior
3332 5128 3402 5179 sit
3457 5126 3617 5177 timor

2043 5234 2156 5288 Dei.
2183 5231 2239 5286 Si
2275 5230 2396 5283 talia
2428 5231 2569 5281 enim
2603 5224 2861 5278 vindicari
2886 5232 3099 5291 possunt
3144 5227 3428 5288 praetexta,
3470 5217 3611 5270 nulla

2036 5334 2304 5393 prmcepta
2347 5333 2616 5374 servares.
2657 5316 2946 5370 Enimvero
2988 5315 3039 5365 in
3108 5313 3356 5365 Immanis
3411 5310 3615 5379 legibus

2035 5416 2255 5470 nulliter
2284 5413 2408 5466 talia
2456 5410 2686 5480 proferri
2722 5409 2952 5469 sineres,
2984 5421 3084 5458 uec
3122 5405 3238 5472 ipse
3292 5404 3475 5457 dicere
3514 5418 3614 5456 au-

357 5510 522 5561 τοῦτο
572 5508 784 5578 τολμᾷς
826 5508 1221 5579 προϐαλέσθαι,
1255 5509 1373 5561 οὐδὲ
1405 5512 1597 5571 εἰπεῖν,
1632 5508 1747 5561 ἀλλ’
1797 5506 1926 5559 ὲκὼι

2037 5505 2218 5560 deres.
2282 5502 2412 5569 Sed,
2467 5502 2599 5555 velis
2635 5500 2791 5564 nolis,
2824 5498 3164 5567 compelleris
3201 5511 3419 5550 servare
3461 5510 3615 5548 mau-

454 5666 497 5697 ³⁸
522 5666 577 5721 C.
603 5666 750 5719 Crto.

354 5736 402 5771 “
432 5737 493 5791 C.
523 5737 582 5791 C.
608 5737 748 5803 ἄγει.

855 5665 897 5696 ³⁸
933 5665 992 5719 C.
1020 5665 1081 5720 C.
1111 5667 1192 5720 τὸ.

854 5734 897 5767 ⁸⁸
926 5736 988 5791 C.
1025 5737 1086 5792 C.
1121 5736 1352 5803 μέλλεις.

1296 5665 1340 5697 ⁸ο
1369 5665 1429 5720 C.
1487 5666 1549 5719 C.
1583 5666 1776 5726 κτίσις,

1448 5734 1492 5766 *⁸
1520 5734 1583 5790 C.
1614 5735 1672 5788 C.
1715 5750 1824 5788 om.

1879 5663 1919 5695 “
1953 5662 2013 5715 C.
2046 5663 2104 5716 C.
2121 5731 2125 5732 ν
2141 5661 2372 5732 τρυφήν.

1889 5733 1980 5815 ,ᾖδ’
2010 5733 2071 5788 (3.
2101 5731 2160 5785 C.
2180 5731 2500 5799 προφάσῃς.

3178 5656 3221 5688 ⁸⁵³
3246 5655 3304 5710 C.
3329 5653 3387 5709 C.
3413 5653 3490 5708 ὅτ’
3522 5651 3609 5708 ἄν.

2483 5660 2529 5694 ⁸⁸
2563 5659 2623 5713 C.
2657 5658 2716 5713 C.
2743 5657 3056 5711 ἕκκλουσαν.
