4004 6156
408 318 542 374 1051

1192 299 1751 361 SUPPLEMENTUM
1790 296 1881 352 AD
1921 295 1981 352 S.
2016 293 2067 351 «Ι.
2101 286 2585 347 CHRYSOSTOMI
2624 283 2868 340 OPERA.

3516 271 3659 330 1052

408 429 561 484 data.
592 426 688 481 Sin
723 432 932 486 autem,
968 434 1246 487 nunquam
1275 418 1475 472 desinit
1517 415 1839 469 necessitas.
1863 409 1965 476 Qui

2099 407 2162 459 αὶ
2188 405 2337 459 ἄκων
2385 401 2658 470 καταδέχῃ
2692 399 2759 452 τά
2790 393 3175 465 γεγραμμένα.
3211 391 3424 450 ’Ἄλλως
3451 389 3507 441 δέ
3533 362 3658 441 οὐδὲ

410 529 587 572 autem
616 516 727 583 jam
772 513 1019 566 felicibus
1043 508 1275 563 obedivit
1300 507 1601 574 przeceptis,
1622 514 1671 558 et
1700 505 1859 557 talem
1892 517 1979 558 se-

409 609 699 673 metipsum
748 602 1068 671 praeparavit
1115 600 1258 654 sicut
1297 609 1352 653 et
1386 598 1666 653 mandavit
1706 596 1978 660 Christus,

410 710 706 763 nunquam,
744 693 890 747 nullo
928 692 979 744 iu
1006 706 1134 744 casu
1157 729 1172 750 ,
1239 687 1471 743 similem
1500 694 1767 755 supponet
1795 700 1982 739 neces-

410 789 649 848 sitatem,
677 784 904 851 simplex
927 782 980 834 in
1003 780 1256 833 omnibus
1278 787 1331 832 et
1347 778 1545 849 gravis.
1566 777 1702 842 Quid
1719 786 1801 832 est
1821 777 1986 829 abun-

411 877 627 933 dantius
651 875 854 936 verbis,
882 882 956 925 est
979 882 1034 926 et
1062 888 1163 924 non
1186 871 1210 923 ?
1235 869 1608 924 Juramentum
1642 886 1655 921 :
1681 882 1785 921 nou
1813 881 1984 935 usque

412 971 479 1023 ad
511 965 939 1037 periurandum;
994 962 1288 1030 perjurium
1324 975 1453 1014 vero
1481 976 1547 1013 ne
1574 961 1699 1029 quis
1731 958 1982 1028 postulet,

413 1060 602 1114 aman
633 1058 776 1112 enim
812 1064 916 1118 est,
958 1064 1013 1107 et
1040 1063 1096 1104 ut
1118 1052 1500 1115 abundantius,
1528 1062 1581 1104 et
1616 1050 1781 1103 etiam
1813 1057 1987 1115 utop-

414 1153 680 1221 positum;
709 1147 850 1215 quod
879 1160 1003 1200 vero
1028 1144 1146 1213 plus
1173 1154 1254 1197 est
1274 1152 1330 1195 et
1349 1141 1730 1206 abundantius,
1768 1140 1869 1194 hoc
1900 1138 1987 1207 ju-

416 1251 716 1295 ramentum
751 1248 855 1291 €81.
884 1286 889 1291 .

489 1331 654 1384 Vens.
698 1327 786 1388 l7,
849 1325 937 1381 {8.
990 1323 1137 1377 Elius
1178 1325 1337 1377 homo
1381 1332 1496 1376 erat
1546 1322 1743 1376 similia
1786 1321 1987 1389 patiens

417 1419 710 1477 nobiscum,
745 1428 791 1467 et
827 1414 1063 1467 oratione
1111 1411 1276 1463 oravit
1306 1419 1360 1461 ut
1389 1425 1492 1461 non
1533 1410 1755 1477 plueret,
1783 1417 1826 1458 et
1885 1422 1989 1459 non

414 1508 548 1574 pluit
579 1521 735 1571 super
760 1514 955 1556 terram
997 1517 1161 1554 annos
1192 1510 1295 1552 tres
1323 1510 1368 1552 et
1393 1515 1591 1552 menses
1617 1513 1726 1550 sex.
1758 1494 1820 1549 Et
1866 1513 1987 1547 rur-

416 1614 530 1650 sum
549 1598 792 1657 oravit,et
814 1594 998 1648 caelum
1020 1594 1160 1644 dedit
1184 1592 1436 1660 pluviam,
1467 1600 1515 1644 et
1550 1600 1690 1644 terra
1716 1589 1855 1641 dedit
1880 1588 1992 1656 fru-

414 1696 554 1740 ctum
584 1702 756 1738 suum.

490 1774 559 1829 Ut
580 1776 769 1830 Saltem
800 1773 938 1826 l‘ame
964 1770 1268 1839 consumpti
1306 1772 1372 1824 ad
1422 1771 1738 1824 Creatorem
1790 1784 1987 1838 prope-

414 1877 632 1921 rarent:
657 1867 736 1919 sic
755 1874 806 1917 et
834 1863 1012 1916 iantes
1045 1862 1178 1930 ipsis
1206 1860 1306 1914 fuit
1330 1859 1523 1914 salutis
1554 1859 1986 1914 fundamentum.

416 1956 561 2010 Nihil
592 1955 736 2010 enim
764 1956 962 2010 dicitur
978 1953 1044 2006 ad
1074 1951 1428 2007 erudiendum
1463 1961 1657 2020 potens
1678 1949 1887 2003 sicutct
1913 1948 1991 2001 Γει-

419 2061 554 2110 mes,
593 2055 652 2099 ut
680 2048 769 2114 qui
804 2047 870 2098 ab
907 2045 994 2099 illa
1023 2043 1217 2098 eruditi
1250 2054 1395 2107 sunt,
1426 2044 1494 2096 ad
1525 2042 1769 2096 omnium
1795 2040 1988 2095 Facto-

419 2151 533 2190 rem
576 2146 816 2190 currant.
846 2164 919 2175 ο·-
952 2133 1018 2187 Ει
1048 2134 1206 2201 paulo
1249 2143 1384 2201 post.
1458 2133 1602 2186 Ετίἰι
1659 2147 1837 2186 sermo
1869 2148 1993 2201 pro-

418 2228 616 2295 pheta»,
642 2235 697 2278 et
722 2225 903 2278 subito
930 2232 1169 2277 mutatus
1193 2230 1277 2275 est
1299 2235 1411 2275 aer.
1438 2220 1663 2274 tF-reum
1690 2219 1887 2273 facttun
1910 2226 1995 2272 est

418 2316 637 2381 cmlum,
669 2330 772 2367 non
799 2322 1045 2366 naturam
1082 2321 1318 2375 mutans,
1370 2312 1463 2366 sed
1500 2312 1780 2365 refrenans
1812 2308 1992 2363 enica-

424 2405 587 2458 ciam.
621 2403 813 2457 Subito
848 2401 1234 2453 transformata
1272 2410 1401 2455 sunt
1444 2400 1731 2456 elementa.
1784 2398 1995 2454 Cecidit

423 2510 604 2550 sermo
645 2494 917 2563 propheta
975 2496 1116 2547 sicut
1146 2492 1386 2548 fervidus
1414 2502 1468 2547 et
1517 2493 1783 2546 devorans
1814 2491 1954 2555 ignis
1977 2529 1991 2553 ,

423 2587 565 2641 sicut
610 2585 774 2640 febris
816 2587 868 2641 in
904 2587 994 2640 ilia
1032 2597 1211 2650 terrae,
1244 2596 1299 2638 et
1327 2585 1506 2640 statim
1550 2585 1732 2639 omnia
1757 2582 1993 2638 arefacta

424 2687 550 2732 sunt
576 2689 629 2732 et
657 2687 862 2732 vastata
920 2687 976 2733 et
1010 2687 1365 2734 evanuerunt.

495 2859 657 2914 Vens.
695 2859 779 2926 19,
814 2859 904 2914 20.
942 2859 1158 2914 Fratres
1187 2860 1308 2924 mei,
1323 2860 1370 2913 si
1397 2860 1511 2928 quis
1533 2875 1598 2912 ex
1615 2858 1757 2912 vobis
1788 2873 1996 2912 errave-

424 2952 544 3006 rita
575 2953 659 3005 via
695 2953 948 3015 veritatis,
970 2962 1013 3002 et
1031 2959 1295 3004 convertat
1336 2950 1453 3019 quis
1491 2965 1630 3014 eum,
1672 2950 1804 3002 scire
1848 2948 1995 3001 debet

2080 496 2327 562 ἀνάγκην
2352 493 2638 563 ὑποστήσῃ
2670 489 2801 541 ποτέ
2824 504 2837 517 ·
2883 490 2911 539 ὁ
2935 485 3043 554 γὰρ
3072 482 3180 535 τῶν
3210 478 3519 550 ἔμπροσθεν
3549 495 3657 547 μα-

2081 585 2369 656 καρισμῶν
2392 582 2652 645 ἀκούσας,
2686 581 2779 634 καὶ
2808 577 3048 630 τοιοῦτον
3075 572 3267 627 ἑαυτὸν
3301 568 3658 639 παρασκευά-

2085 693 2207 739 σας,
2239 670 2350 728 οἷον
2387 673 2650 736 ἐπέταξεν
2682 673 2711 724 6
2740 668 2995 741 Χριστὸς,
3038 662 3296 734 οὐδτμῐαν
3345 663 3479 731 παρ’⁵
3510 660 3660 712 οὐδε-

2082 767 2173 828 νὸς
2221 767 2585 835 ύποστήσεται
2624 761 2881 826 τοιαύτην
2937 758 3202 824 ἀνάγκην,
3247 753 3530 820 αἰδέσιμος
3580 751 3657 804 ὢν

2085 856 2237 919 παρὰ
2290 856 2426 907 πᾶσι
2455 856 2548 906 καὶ
2594 852 2810 919 σεμνός.
2841 847 2970 901 Ti“
3006 850 3123 899 ἐστι
3164 845 3229 898 τὸ
3266 838 3519 914 περιττὸν
3562 842 3655 894 τοῦ

2084 946 2203 1010 ναὶ,
2224 946 2318 998 καὶ
2343 944 2434 996 τοῦ
2468 944 2568 1008 of);
2612 942 2673 995 '0
2699 945 2859 1011 ὅρκος
2884 940 2985 991 οὐκ
3012 938 3057 969 ⁸⁸
3111 937 3204 989 ἐπὶ
3251 935 3312 989 τὸ
3342 936 3621 1004 ἐπιορκεῖν
3638 949 3657 965 ·

2085 1038 2263 1089 ἐκεῖνο
2294 1036 2403 1105 γὰρ
2443 1035 2621 1094 οὐδεὶς
2646 1033 2818 1084 δεῖται
2852 1030 3065 1100 μαθεῖν,
3094 1028 3176 1080 ὅτι
3198 1027 3264 1078 ἐκ
3295 1024 3390 1077 τοῦ
3419 1023 3658 1094 πονηροῦ

2087 1130 2206 1181 ἐστι
2254 1125 2350 1178 καὶ
2394 1123 2665 1193 περιττὸν,
2714 1121 2831 1173 ἀλλ’
2887 1118 3166 1171 ἐναντίον’
3223 1115 3284 1168 τὸ
3313 1115 3369 1167 δὲ
3403 1114 3662 1183 περιττὸν

2088 1217 2184 1270 καὶ
2206 1216 2267 1267 τὸ
2297 1213 2456 1266 πλέον
2484 1216 2511 1266 6
2540 1213 2700 1280 ὅρκος
2732 1210 2898 1262 ἐστίν.

2170 1308 2368 1371 Ἠλίας
2417 1305 2730 1370 ἅνθρωπος
2783 1296 2862 1368 ἦν
2919 1294 3290 1367 ὁμοιοπαθὴς
3336 1293 3504 1363 ἡμῖν,
3558 1294 3658 1346 καὶ

2089 1396 2401 1467 προσευχῇ
2435 1394 2824 1463 προσηύξατο
2876 1390 2984 1445 τοῦ
3022 1388 3108 1457 μὴ
3132 1386 3372 1455 βρέξαι,
3404 1386 3501 1438 καὶ
3536 1387 3653 1437 οὐκ

2087 1487 2332 1552 ἔϐρεξεν
2358 1486 2457 1537 ἐπὶ
2500 1483 2611 1551 τῆς
2638 1482 2750 1551 γῆς
2797 1479 3113 1542 ἐνιαυτοὺς
3153 1476 3310 1544 τρεῖς
3333 1475 3431 1527 καὶ
3458 1472 3662 1542 μῆνας

2089 1576 2158 1639 ἐξ
2192 1593 2205 1606 ·
2240 1575 2341 1627 καὶ
2368 1574 2557 1627 πάλιν
2580 1572 2990 1639 προσηύξατο,
3026 1568 3126 1622 καὶ
3146 1572 3179 1622 ὁ
3205 1567 3465 1635 οὐρανὸς
3483 1566 3665 1620 ὑετὸν⁴

2091 1668 2296 1731 ἔδωκε,
2334 1665 2433 1718 καὶ
2475 1664 2513 1730 ἠ
2548 1664 2623 1733 γῆ
2650 1662 2995 1728 ἐϐλάστησε
3024 1662 3131 1713 τὸν
3152 1658 3386 1727 καρπόν
3416 1651 3631 1724 αὐτῆς.

2165 1759 2278 1810 Ἰνα
2314 1756 2419 1809 κᾶν
2443 1755 2587 1809 οὕτω
2624 1753 2703 1825 τῷ
2727 1753 2872 1824 λιμῷ
2906 1752 3194 1824 τηκόμενοι
3227 1750 3271 1782 ⁸⁸
3324 1749 3417 1800 ἐπὶ
3445 1746 3538 1800 τὸν
3559 1750 3667 1817 Δη-

2093 1849 2353 1921 μιουργδν
2399 1848 2708 1916 φθάσωσινο
2763 1846 2848 1898 ἵνα
2889 1846 2918 1898 6
2965 1844 3123 1913 λιμὸς
3173 1840 3430 1903 ὑπόθεσις
3478 1839 3667 1901 αὐτοῖς

2093 1940 2368 2010 σωτηρίας
2406 1939 2655 2007 γένηται.
2705 1938 2872 1990 Οὐδὲν
2904 1935 3037 2004 γὰρ,
3075 1935 3231 2003 φησὶ,
3281 1932 3504 1985 δύναται
3539 1948 3638 1983 παι

2089 2032 2300 2090 δεῦσαι.
2329 2031 2377 2082 εἰ
2412 2030 2486 2099 μὴ
2511 2029 2689 2096 λιμὸς,
2722 2028 2809 2080 ἵνα
2836 2026 2938 2080 κᾶν
2963 2024 3107 2078 οὕτω
3133 2024 3536 2092 παιδευόμενοι,
3571 2023 3667 2073 ἐπὶ

2090 2124 2183 2175 τὸν
2210 2124 2429 2176 πάντων
2444 2121 2686 2188 Κτίστην
2707 2116 3211 2189 χωρήσωσι.-Καὶ
3236 2115 3364 2183 μετ’
3393 2114 3571 2182 ὀλίγα
3593 2114 3659 2144 "-

2106 2215 2360 2282 Ἐξῆλθεν
2388 2215 2417 2266 6
2446 2213 2604 2280 λόγος
2634 2212 2676 2242 ⁸³
2710 2209 2806 2262 τοῦ
2837 2209 3143 2279 προφήτου,
3189 2208 3287 2260 καὶ
3316 2204 3477 2263 εὐθὺς
3506 2208 3534 2258 6
3557 2205 3667 2274 ἀὴρ

2097 2304 2431 2375 μετεϐλήθη.
2462 2306 2490 2357 ὁ
2517 2301 2746 2372 οὐρανὸς
2777 2298 3012 2371 χαλκοῦς
3056 2297 3298 2365 ἐγένετο,
3328 2297 3388 2350 οὐ
3418 2296 3519 2367 τὴν
3567 2295 3669 2363 φύ-

2097 2416 2179 2451 σιν
2239 2393 2578 2467 μεταϐαλὼν,
2634 2394 2770 2448 ἀλλὰ
2843 2392 2940 2461 τὴν
2995 2391 3276 2459 ἐνέργειαν
3335 2386 3663 2457 χαλινώσας.

2096 2490 2271 2552 Εὐθὺς
2300 2490 2369 2542 τὰ
2423 2488 2665 2556 στοιχεῖα
2723 2480 3253 2554 μετεσχηματίζετο.
3299 2479 3592 2550 Ἐνέπεσεν
3636 2480 3670 2531 6

2094 2581 2252 2648 λόγος
2272 2579 2366 2631 τοῦ
2395 2579 2674 2648 προφήτου
2706 2574 2960 2643 καθάπερ
2983 2571 3217 2639 πυρετὸς
3237 2569 3437 2639 λάϐρος
3460 2570 3539 2631 εἰς
3568 2570 3670 2632 τὰς

2095 2670 2325 2739 λαγόνας
2353 2668 2452 2736 τῆς
2491 2667 2618 2736 γῆς,
2664 2665 2759 2719 καὶ
2790 2664 2969 2718 πάντα
3009 2661 3173 2724 εὐθὺς
3199 2660 3539 2730 ἐξηραίνετο,
3571 2658 3669 2711 καὶ

2096 2764 2271 2819 πάντα
2310 2759 2609 2839 ήρημοῦτο,
2632 2759 2728 2809 καὶ
2750 2752 3074 2824 ἠφανίζετο.

2179 2838 2447 2918 Ἀδελφοί
2479 2865 2621 2917 μου,
2661 2846 2771 2900 ἐάν
2820 2862 2912 2908 τις
2954 2843 3023 2896 ἐν
3059 2841 3201 2912 ὑμῖν
3234 2838 3518 2908 πλανηθῇ
3547 2839 3669 2893 ἀπὸ

2098 2937 2208 3006 τῆς
2233 2936 2377 2991 ὀδοῦ
2402 2934 2514 3003 τῆς
2534 2934 2845 3000 ἀληθείας,
2871 2930 2970 2983 καὶ
2991 2928 3326 2998 ἐπιστρέψῃ
3350 2945 3441 2992 τις
3458 2928 3670 2991 αὐτὸν,

421 3042 672 3112 quoniam
698 3043 785 3109 qui
812 3042 1117 3094 converterit
1140 3050 1459 3107 peccatorem
1481 3039 1544 3093 ab
1567 3056 1740 3092 errore
1755 3040 1991 3103 vitesuw,

2099 3028 2432 3098 γινωσκέτω
2469 3026 2556 3079 ὅτι
2586 3028 2617 3079 ό
2638 3021 3011 3090 ἐπιστρέψας
3035 3020 3388 3089 ἁμαρτωλὸν
3416 3019 3485 3073 ἐκ
3513 3017 3672 3072 πλά-

423 3129 646 3184 saluabit
676 3129 908 3180 animam
950 3126 1065 3195 ejus
1094 3145 1125 3179 a
1165 3137 1352 3191 morte,
1388 3138 1435 3180 et
1470 3129 1665 3194 aperiet
1695 3127 1996 3186 multitudi-

425 3232 541 3270 nem
576 3227 927 3282 peccatorum.

493 3307 563 3362 Et
619 3308 887 3376 quomodo
946 3316 1264 3361 convertere
1313 3308 1568 3377 oportet?
1624 3307 1781 3364 Sicut
1835 3319 1888 3363 et
1942 3312 1994 3363 in

424 3398 721 3452 seminibus
753 3396 1140 3463 agricolarum,
1166 3406 1358 3452 cuncta
1394 3399 1554 3452 simul
1586 3399 1701 3454 solo
1731 3414 1999 3469 spargun-

426 3499 531 3551 tur,
550 3489 642 3543 sed
670 3505 773 3541 non
822 3500 947 3543 tunc
990 3489 1225 3559 requies,
1254 3497 1309 3543 at
1336 3491 1498 3543 nutlta
1523 3491 1810 3558 requiritur
1824 3492 1999 3544 adhuc

425 3579 752 3634 sollicitudo.
788 3577 896 3631 Nisi
931 3579 1073 3633 enim
1113 3588 1254 3632 terra
1280 3580 1665 3648 superinjecta,
1697 3590 1816 3634 sata
1868 3594 1998 3648 0pc-

426 3671 657 3733 riantur,
698 3668 914 3739 gallinis
949 3668 1273 3722 semiuatum
1305 3679 1388 3723 est
1422 3679 1475 3723 et
1499 3668 1791 3738 frngivoris
1825 3672 1999 3723 omni-

423 3761 527 3816 bus
557 3760 795 3815 alitibus.
831 3759 1096 3814 Similiter
1124 3760 1255 3813 etin
1292 3760 1474 3825 nobis,
1509 3761 1610 3814 nisi
1651 3761 1996 3816 convenienti

426 3853 834 3919 recogitatione,
888 3867 1009 3922 quae
1061 3851 1279 3905 luerunt
1327 3852 1592 3907 seminata
1627 3854 1995 3923 conperimus.

430 3942 683 3995 Diabolus
711 3942 852 3996 enim
890 3944 1051 4011 rapit,
1081 3945 1384 4013 etpropria
1421 3950 1597 4015 perire
1633 3946 1764 4000 sinit
1824 3948 1998 4014 negli—

427 4032 629 4101 gentia,
662 4043 715 4086 et
763 4033 845 4088 sol
895 4035 1164 4102 desiccat,
1210 4047 1265 4091 et
1326 4038 1622 4108 submergit
1675 4039 1888 4106 pluvia,
1947 4049 2001 4094 et

427 4122 691 4180 sull'ocant
732 4127 917 4195 spinae.
967 4126 1121 4183 Unde
1180 4143 1285 4185 non
1340 4127 1536 4183 sullicit
1567 4140 1772 4183 tantum
1806 4140 1998 4184 cuncta

421 4216 534 4286 jam
553 4219 756 4273 semina
786 4222 1095 4285 demisisse,
1128 4223 1221 4276 sed
1271 4224 1438 4276 multa
1476 4224 1653 4276 adhuc
1698 4223 1999 4278 adhibenda

426 4316 510 4362 est
536 4308 844 4362 assiduitas.
894 4308 1168 4376 Fugnnda:
1207 4321 1334 4364 sunt
1367 4310 1613 4365 volucres
1660 4310 1806 4372 coeli,
1850 4312 1999 4365 evel-

428 4399 601 4454 lendte
632 4397 826 4467 spinas.
858 4400 1091 4467 petrosis
1121 4398 1253 4453 locis
1288 4399 1453 4452 multa
1507 4399 1992 4469 superimponenda

427 4497 512 4544 est
539 4496 703 4552 terra,
731 4487 935 4557 ﬂagella
976 4504 1203 4557 quisque
1233 4489 1606 4557 pravenienda
1629 4527 1645 4551 ,
1682 4489 1996 4557 avertenda,

429 4580 746 4647 reparanda.
780 4579 885 4632 Sed
906 4579 1157 4648 equidem
1183 4579 1234 4632 in
1257 4586 1427 4642 terra,
1468 4590 1661 4633 cuncta
1687 4582 1753 4634 ab
1786 4579 1999 4648 agrico-

426 4668 495 4727 lis
519 4669 771 4738 pendent,
798 4670 944 4739 jacet
975 4671 1122 4724 enim
1169 4672 1271 4724 ista
1320 4671 1488 4738 iners,
1546 4672 1759 4740 passive
1793 4680 2000 4725 tantum

428 4762 718 4830 disposita;
745 4765 837 4816 sed
870 4777 973 4817 non
1007 4763 1078 4815 ita
1108 4771 1257 4818 certe
1283 4764 1337 4816 in
1369 4772 1552 4817 nostra
1581 4764 1808 4833 spiritali
1835 4775 2000 4819 terra.

429 4851 547 4906 Non
577 4854 722 4907 enim
759 4868 788 4907 a
824 4854 1102 4922 magistris
1130 4856 1346 4923 pendet,
1386 4855 1480 4909 sed
1505 4857 1548 4910 si
1588 4871 1693 4910 non
1724 4855 1919 4926 major,
1947 4863 2003 4910 at

429 4954 578 5013 certe
630 4947 850 5000 dimidia
891 4962 1016 5016 pars
1078 4948 1277 5016 pendet
1308 4964 1336 5002 a
1387 4949 1687 5019 discipulis.
1742 4947 1999 5004 Nostrum

429 5037 647 5106 quidem
687 5052 816 5108 ergo
851 5047 935 5092 est
967 5052 1224 5109 spargere
1270 5049 1591 5107 sementem,
1623 5049 1861 5096 vestrum
1903 5054 2003 5094 au-

432 5138 538 5183 tem
572 5130 832 5200 perlicere
866 5130 1096 5186 consilia
1124 5140 1330 5186 nostra.

505 5397 549 5431 ¹⁵⁷
578 5399 640 5454 C.
682 5397 747 5454 C.
768 5399 822 5453 τι
853 5399 963 5454 δαί.

438 5467 654 5521 σιλειῶν

1089 5400 1134 5433 ⁸⁸
1175 5400 1237 5456 C.
1287 5400 1350 5455 C.
1403 5399 1557 5457 αὐτὸ.

691 5487 849 5541 φησι.
874 5470 989 5543 βαι
1034 5467 1187 5543 εἶπεν
1228 5472 1409 5543 Ἠλίου
1456 5473 1504 5543 ’ὁ
1545 5473 1830 5543 προφήτης
1871 5465 2129 5543 ἐκΑΘεοϐ.
2164 5470 2263 5543 τῆς
2291 5467 2512 5543 Γαλαὰδ
2540 5465 2678 5534 πρὸς

2096 3140 2208 3188 νης
2239 3119 2384 3174 ὁδοῦ
2421 3117 2628 3180 αὑτοῦ,
2683 3115 2871 3169 σώσει
2915 3112 3130 3182 ψυχὴν
3163 3110 3348 3165 αὑτοῦ
3371 3111 3443 3164 ἐκ
3486 3109 3672 3166 θανά-

2098 3231 2224 3275 του,
2265 3211 2361 3263 καὶ
2404 3210 2667 3274 καλύψει
2691 3205 2927 3273 πλῆθος
2959 3201 3282 3272 ἁμαρτιῶν.

2169 3303 2279 3355 Καὶ
2335 3299 2452 3362 πῶς
2497 3300 2605 3369 χρὴ
2655 3296 3041 3365 ὲπιστρέερειν;
3113 3293 3368 3363 καθάπερ
3420 3293 3514 3345 ἐπὶ
3559 3291 3672 3344 τῶν

2098 3392 2362 3464 γεωργῶν
2387 3391 2455 3444 τὰ
2484 3392 2799 3460 σπέρματα,
2854 3386 3255 3440 καταϐάλλεται
3285 3387 3383 3455 μὲν
3405 3384 3575 3450 ἅπαξ,
3605 3385 3670 3436 ού

2102 3486 2253 3556 μένει
2289 3485 2344 3537 δὲ
2375 3483 2692 3544 διαπαντὸς,
2730 3479 2865 3534 ἀλλὰ
2921 3478 3121 3546 πολλῆς
3160 3478 3331 3531 δεῖται
3359 3479 3461 3545 τῆς
3499 3494 3674 3530 κατα-

2101 3578 2321 3645 σκευῆς.
2344 3574 2462 3628 Κᾶν
2496 3573 2571 3641 μὴ
2600 3571 2699 3638 τὴν
2722 3570 2827 3639 γῆν
2854 3569 3361 3638 ἁναμοχλεύσαντες
3395 3569 3673 3638 περιστεί-

2101 3669 2235 3721 λωσι
2271 3667 2341 3720 τὰ
2387 3662 2860 3731 καταϐαλλόμενα,
2900 3664 3011 3722 τοῖς
3043 3661 3251 3729 δρνισιν
3284 3661 3544 3728 ἐσπειραν
3575 3659 3673 3711 καὶ

2104 3764 2219 3825 τοῖς
2254 3762 2647 3830 σπερμολόγοις
2677 3757 2884 3828 ὀρνέοις
2920 3758 3103 3809 πᾶσιν.
3149 3752 3308 3807 Οὕτω
3352 3754 3447 3805 καὶ
3474 3752 3662 3821 ἡμεῖς,

2100 3855 2166 3910 ἂν
2191 3855 2266 3926 μὴ
2294 3857 2359 3924 τῇ
2398 3857 2608 3924 συνεχεῖ
2640 3855 2827 3924 μνήμῃ
2860 3850 2929 3904 τά
2954 3845 3363 3915 καταϐληθέντα
3399 3843 3676 3914 περιστεί-

2099 3947 2283 4017 λωμεν
2310 3947 2356 3978 "
2376 3960 2389 3974 ο
2426 3944 2521 3996 καὶ
2547 3943 2655 4012 γὰρ
2680 3945 2707 3995 6
2728 3941 2974 4003 διάϐολος
2999 3937 3317 4009 ἐξαρπάζει,
3348 3936 3443 3988 καὶ
3474 3938 3508 4004 ή
3538 3937 3679 4004 ἠμε-

2100 4039 2238 4107 τέρα
2294 4036 2536 4108 ῥᾳθυμία
2567 4034 2853 4090 ἀπόλλυσι.
2908 4032 3017 4086 Καὶ
3046 4034 3074 4084 6
3099 4030 3252 4100 ἣλιος
3284 4028 3550 4096 ξηραίνει,
3582 4025 3677 4077 καὶ

2102 4129 2255 4191 ὑετὸς
2281 4128 2585 4191 ἐπικλύζει,
2623 4126 2716 4179 καὶ
2766 4123 3000 4178 ἄκανθαι
3044 4122 3315 4188 πνίγουσι.
3365 4119 3528 4171 ’Ὥστε
3579 4118 3680 4169 οὐκ

2102 4223 2264 4292 ἀρκεῖ
2296 4219 2454 4289 μόνον
2488 4218 2632 4283 ἅπαξ
2689 4213 3093 4269 καταϐάλλοντα
3142 4208 3512 4279 ἀπηλλάχθαι,
3542 4205 3679 4258 ἀλλὰ

2107 4311 2309 4381 πολλῆς
2361 4311 2531 4363 δεῖται
2574 4306 2967 4379 προσεδρείας,
3004 4300 3309 4356 ἀποσοϐοῦν
3356 4300 3424 4352 τὰ
3457 4299 3680 4349 πετεινὰ

2105 4403 2200 4457 τοῦ
2228 4400 2480 4473 οὐρανοῦ,
2510 4400 2610 4463 τὰς
2636 4398 2876 4461 ἀκάνθας
2925 4395 3285 4459 ἐκκύπτοντα,
3320 4392 3391 4443 τὰ
3423 4391 3676 4464 πετρώδη

2103 4498 2209 4567 γῆς
2269 4492 2584 4565 πληροῦντα
2636 4491 2880 4561 πολλῆς·
2933 4490 3115 4542 πᾶσαν
3164 4487 3346 4558 λύμην
3400 4487 3680 4539 κωλύοντα

2108 4589 2202 4642 καὶ
2231 4583 2649 4653 ἀποτειχίζοντα
2678 4583 2723 4614 ⁸⁸
2757 4581 2854 4634 καὶ
2885 4578 3237 4651 ἀναιροῦντα.
3282 4576 3424 4630 Ἀλλ’
3463 4578 3556 4629 ἐπὶ
3582 4577 3680 4646 μὲν

2108 4679 2207 4746 τῆς
2254 4676 2443 4746 γῆςτὸ
2473 4676 2582 4728 πᾶν
2607 4672 2701 4726 τοῦ
2751 4670 3000 4740 γεωργοῦ
3040 4669 3287 4738 γίνεται·
3322 4668 3531 4737 ἄψυχος
3575 4665 3681 4735 γὰρ

2108 4768 2292 4840 ἐκείνη
2323 4767 2635 4828 ὑπόκειται,
2667 4762 2806 4833 πρὸς
2842 4760 2904 4813 τὸ
2936 4760 3129 4813 παθεῖν
3161 4759 3380 4827 ἕτοιμος
3412 4754 3546 4810 οὖσα
3583 4755 3668 4826 μάν

2106 4878 2195 4914 νον
2225 4875 2239 4889 ·
2291 4859 2384 4911 ἐπὶ
2412 4857 2470 4909 δέ
2491 4854 2697 4922 ταύτης
2734 4853 2834 4921 τῆς
2862 4851 2967 4919 γῆς
2997 4849 3098 4916 τῆς
3123 4848 3503 4918 πνευματικῆς
3534 4846 3683 4898 οὐδαο

2111 4953 2247 5024 μῶς.
2279 4952 2353 5004 Οὐ
2378 4949 2486 5003 τῶν
2511 4946 2851 5002 διδασκάλων
2887 4944 3009 4999 ἐστὶ
3039 4943 3101 4996 τὸ
3134 4944 3263 5008 πᾶν,
3294 4941 3410 4993 ἀλλ’
3443 4943 3493 4994 εἰ
3521 4940 3598 5011 μὴ
3620 4938 3679 4991 τὸ

2108 5045 2289 5110 πλέον,
2326 5041 2387 5095 τὸ
2418 5041 2547 5109 γοῦν
2582 5040 2752 5109 ἣμισυ
2770 5038 2879 5091 τῶν
2915 5035 3197 5108 μαθητῶν.
3236 5033 3426 5102 Ἣμῶν
3462 5031 3562 5102 μὲν
3590 5025 3681 5083 οὖν

2107 5139 2223 5190 ἐστι
2256 5132 2613 5189 καταϐάλλειν
2672 5129 2763 5181 τὸν
2823 5128 3047 5199 σπόρον,
3097 5124 3253 5196 ὑμῶν
3281 5124 3339 5177 δὲ
3394 5124 3570 5177 ποιεῖν
3614 5120 3684 5174 τὰ

2108 5227 2398 5298 λεγόμενα.

1652 5400 1698 5434 ⁵⁸
1745 5402 1993 5472 τικόμενο

2099 5400 2222 5472 ζοιΙε
2276 5400 2339 5472 "_
2585 5410 2695 5472 oni.
2747 5393 2812 5472 ff
2845 5390 3224 5472 C.‘C._‘F~3’rﬁ
3251 5386 3544 5472 τρίτῃᾼτῷν
3579 5386 3686 5472 Βα-

2747 5462 2979 5528 Ἀχαά6·
3000 5462 3084 5530 ίΖῇ
3108 5455 3312 5530 Κύριος
3347 5455 3551 5530 ὀΘεδί
3576 5455 3688 5530 τῷν

438 5524 725 5610 ξυνάμειρῦ
753 5524 828 5610 ’6,
865 5539 999 5602 θεὸς
1039 5524 1408 5610 Ὶηρουσαλὴμ
1448 5533 1493 5606 ᾧ
1552 5524 1831 5608 πὶιρὲέτην
1874 5524 2318 5610 ὲνώπιονᾼαύτοῦ
2375 5539 2422 5610 si
2469 5524 2635 5610 ἔσται-
2661 5524 2744 5610 ξτὰ
2789 5524 2882 5610 ἔτη
2922 5524 3325 5610 ταῦτξρρόσος
3375 5525 3472 5610 33‘-
3497 5524 3688 5610 ηὑετξς

438 5605 518 5682 ς’ξτι
549 5608 599 5657 εἰ
628 5608 710 5682 ⁸μὴ
754 5606 844 5662 διὰ
876 5605 1144 5678 στόματος
1189 5605 1510 5679 λόγον’μου.

439 5674 823 5741 ἀποτχίζςξντα.

1616 5592 1660 5643 ⁸³
1880 5607 2344 5681 περιστείλωμεν·
2372 5608 2452 5669 εἰς
2494 5605 2584 5658 τὸν
2612 5603 2753 5672 ἀέρα
2798 5592 2973 5654 πάντα
3006 5592 3331 5669 ἐρρίψαμεν.
3405 5594 3451 5627 ⁸³
3496 5593 3561 5648 C.
3620 5592 3685 5647 C.
