4040 6150
618 207 760 267 1055

1360 201 1924 261 SUPPLEMENTUM
1963 203 2054 259 AD
2094 202 2156 258 S.
2194 202 2250 259 J.
2286 201 2779 260 CIIRYSOSTOMI
2820 199 3072 259 OPERA.

3733 205 3864 263 {05b

621 329 1028 394 reprobaoerunt
1094 322 1443 390 azdi/icantes,
1480 323 1565 376 hic
1605 323 1780 392 factus
1824 334 1899 378 est
1942 325 1998 378 in
2030 332 2190 393 caput

2315 323 2645 396 ἳομοῦντες,
2692 319 2873 389 οὗτος
2911 323 3167 394 ἐγενήθη
3192 325 3279 389 εἷς
3316 326 3595 393 κεφαλὴν
3619 327 3862 395 γωνίας,

620 415 826 486 anguli,
858 424 906 467 et
944 413 1080 482 lapis
1112 413 1417 481 offensionis
1439 421 1489 466 et
1515 425 1667 482 petra
1699 413 1988 467 seundali.‘

693 504 818 559 Haec
863 502 1026 558 verba
1050 503 1118 557 ad
1142 501 1424 557 Christum
1464 502 1799 569 referuntur,
1848 506 2118 574 siquidem
2142 514 2198 560 et

622 596 736 664 ipse
762 596 813 649 in
832 593 1136 663 Evangeliis
1163 593 1319 648 istam
1341 592 1558 663 praefert
1577 596 1940 664 prophetiam,
1966 597 2154 652 dicens
2180 615 2195 652 :

623 685 915 754 Nunquam
971 685 1210 754 legistis,
1271 683 1524 753 Lapidem
1579 703 1732 755 quem
1790 687 2199 755 reprobaverunt

622 773 969 843 ardiﬁcantes,
1004 776 1087 827 hic
1118 774 1292 841 factus
1333 792 1386 828 es
1412 778 1465 829 in
1496 786 1655 845 caput
1683 779 1867 845 anguli
1904 778 1991 831 ⁸⁸2
2029 808 2091 817 -
2130 779 2199 833 Ει

620 866 779 935 paulo
821 874 960 934 post.
1007 864 1264 935 Lapidem
1320 881 1481 935 quem
1562 868 1990 936 reprobavernnt
2030 870 2200 924 aditi-

624 967 837 1023 cantes,
863 956 1081 1011 Iudaeos
1111 958 1268 1023 dixit,
1303 956 1875 1026 Scribas,,Pharisa:os
1913 961 2003 1029 qui
2036 977 2198 1030 repu-

626 1046 806 1100 lerunt
841 1063 963 1101 eum
998 1048 1240 1101 dicentes
1263 1065 1276 1100 :
1303 1047 1442 1114 Quia
1463 1046 1834 1104 Samaritanus
1856 1067 1909 1105 es
1928 1059 1978 1105 et
2005 1052 2202 1104 dmino-

626 1136 772 1188 nium
822 1137 981 1190 habes
1010 1137 1085 1202 ";
1121 1145 1176 1190 et
1227 1139 1402 1192 adhuc
1433 1160 1445 1194 :
1485 1138 1585 1193 Hic
1634 1156 1740 1194 non
1779 1151 1853 1196 est
1883 1158 1917 1197 α
1948 1141 2080 1207 Deo,
2112 1142 2200 1197 sed

629 1229 834 1282 seducit
868 1230 1054 1283 turbas
1086 1231 1149 1284 ⁸⁸.

1272 1410 1426 1465 CAP.
1459 1410 1545 1466 lll.

706 1519 868 1574 Vnus.
899 1520 988 1575 10.
1022 1521 1085 1575 Ει
1120 1523 1259 1577 labia
1291 1527 1404 1594 ejus
1434 1543 1497 1579 ne
1525 1526 1813 1596 loquantur
1840 1528 2044 1584 dolum.

703 1611 869 1667 Dolus
887 1624 1068 1667 autem
1097 1624 1179 1668 est
1204 1624 1257 1668 et
1278 1617 1641 1682 mendacium,
1676 1627 1731 1670 et
1759 1617 1996 1683 fallacia,
2032 1627 2087 1674 et
2110 1634 2200 1674 ca-

633 1703 842 1757 lumnia
900 1713 954 1759 et
1012 1708 1392 1762 accusationes
1436 1710 1723 1762 veritatem
1768 1723 1874 1763 n0n
1918 1711 2200 1765 habentes.

630 1794 905 1859 Quantum
965 1805 1148 1849 autem
1226 1796 1421 1852 dilecta
1479 1800 1593 1852 haec
1637 1799 1886 1853 veritatis
1962 1800 2201 1865 inimice,

633 1883 850 1937 Satanae
877 1885 1101 1950 scilicet,
1135 1886 1401 1941 mendacii
1431 1888 1568 1956 patri
1599 1905 1611 1941 :
1651 1888 1885 1942 Mendax
1924 1891 2066 1943 enim
2103 1899 2202 1957 est,

631 1974 775 2029 sicut
801 1974 879 2028 ait
913 1974 1186 2043 Salvator,
1213 1988 1260 2031 et
1295 1979 1351 2030 in
1382 1981 1598 2033 veritate
1625 1996 1729 2033 non
1758 1981 1900 2034 stetit
1935 1982 2002 2033 ¹⁹.
2058 1981 2206 2051 Reji-

633 2066 837 2121 ciendte
859 2078 988 2119 sunt
1011 2083 1039 2119 a
1064 2070 1269 2121 sanctis
1304 2069 1472 2136 ipsius
1504 2070 1752 2136 fallaciae,
1791 2073 2070 2141 magisque
2096 2071 2207 2126 Deo

632 2156 1041 2223 adluerendum,
1084 2159 1175 2226 qui
1212 2161 1414 2214 veritas
1447 2171 1552 2215 est.

705 2244 873 2302 Vens.
907 2248 997 2301 11.
1026 2247 1243 2301 Declina
1272 2267 1304 2302 a
1333 2252 1564 2317 malo,et
1596 2252 1682 2320 [ac
1713 2253 1922 2308 bonum.

705 2336 822 2391 Non
854 2349 1033 2392 autem
1060 2355 1088 2392 a
1118 2340 1272 2392 nobis
1296 2350 1377 2394 est
1405 2358 1681 2411 nunquam
1710 2345 1932 2399 omnino
1958 2346 2009 2398 in
2032 2353 2209 2399 attente

636 2430 915 2497 accepisse
958 2429 1161 2499 aliquid
1194 2430 1417 2496 malum,
1452 2435 1847 2500 Superveniunt
1889 2436 2031 2488 enim
2074 2436 2209 2490 tales

638 2519 941 2585 saepissime
972 2520 1334 2588 cogitationes
1374 2540 1387 2575 :
1420 2522 1512 2576 sed
1554 2523 1646 2590 qui
1677 2523 1894 2592 sapiens
1924 2533 2005 2578 est
2029 2525 2096 2578 ab
2128 2525 2208 2579 eis

640 2606 861 2678 refugit,
911 2612 1011 2664 sub
1057 2611 1370 2666 melioribus
1418 2622 1595 2667 autem
1644 2624 1699 2668 et
1748 2616 1913 2670 multo
1952 2617 2206 2685 majorem

640 2700 961 2755 habentibus
990 2702 1272 2756 utilitatem
1300 2702 1508 2756 lancem
1533 2704 1837 2772 deprimere
1858 2706 2075 2775 gaudet.
2097 2708 2209 2763 Hoc

640 2794 772 2846 mihi
803 2793 1014 2847 videtur
1041 2809 1158 2848 esse
1194 2812 1208 2848 :
1245 2794 1464 2847 Declina
1494 2811 1524 2847 α
1553 2796 1715 2851 malo.

1280 2905 1433 2962 CAP.
1473 2906 1562 2962 ιν.

2299 417 2397 470 καί
2423 417 2595 482 λίθος
2639 417 3102 486 προσκόμματος
3137 416 3236 470 καὶ
3267 416 3454 484 πέτρα
3500 417 3858 475 σκανδάλου.

2371 502 2543 556 Τοῦτο
2574 504 2634 556 τὸ
2666 503 2828 575 ῥητὸν
2857 505 2936 566 είς
2959 502 3052 555 τὸν
3086 503 3319 573 Χριστὸν
3354 501 3693 572 ἀναφέρεται
3719 518 3732 533 ·
3778 506 3869 562 καὶ

2299 594 2410 666 γὰρ
2441 596 2603 659 αὐτὸς
2631 598 2689 649 ἐν
2717 595 3071 663 Εὑαγγελίοις
3097 593 3304 665 ταύτην
3335 594 3580 663 παράγει
3612 594 3712 664 τὴν
3737 613 3864 666 προ-

2302 686 2529 757 φητείαν
2580 686 2774 755 λέγων,
2820 687 3120 741 Οὐδέποτε
3168 688 3485 757 ἀνέγνωτε,
3550 687 3726 745 λίθον
3803 688 3869 740 ὃν

2301 775 2765 844 ἀπεδοκίμασαν
2790 779 2844 829 oi
2872 776 3357 845 οίκοδομοῦντες,
3391 771 3572 842 οὗτος
3622 776 3867 846 ἐγενήθη

2300 846 2387 932 εἰς
2415 869 2693 935 κεφαλὴν
2729 869 2955 937 γωνίας
2981 885 2999 932 ;
3028 898 3099 907 —
3124 868 3233 922 Καὶ
3255 868 3383 937 μετ’
3406 890 3415 898 ι
3436 870 3612 937 ὀλίγα
3642 885 3658 900 ο
3695 870 3870 922 Λίθον

2301 960 2374 1013 ὃν
2396 959 2849 1029 ἀπεδοκίμασαν
2871 963 2923 1014 οὶ
2944 960 3418 1030 οίκοδομοῦντες·
3441 965 3568 1023 τοὺς
3597 960 3871 1023 Ἰουδαίους

2300 1051 2471 1118 λέγει,
2513 1052 2640 1115 τοὺς
2685 1052 3060 1122 Γραμματεῖς,
3090 1055 3217 1116 τοὺς
3256 1052 3607 1124 Φαρισαίους,
3649 1053 3729 1105 ὅτι
3772 1052 3870 1104 ἀπ-

2301 1144 2628 1212 εδοκίμαζον
2650 1144 2813 1196 αὑτὸν
2843 1145 3117 1211 λέγοντες,
3144 1145 3266 1197 Ὅτι
3288 1144 3658 1212 Σαμαρείτης
3685 1138 3756 1205 εἴ.
3782 1142 3872 1199 καὶ

2301 1232 2618 1301 δαιμόνιον
2639 1234 2833 1303 ἔχεις·
2863 1237 2957 1288 καὶ
3002 1235 3185 1301 πάλιν,
3226 1231 3416 1300 Οὗτος
3442 1237 3553 1290 οὐκ
3596 1237 3767 1289 ἐστιν
3809 1234 3873 1287 ἐκ

2303 1324 2412 1378 τοῦ
2453 1324 2622 1391 Θεοῦ,
2652 1324 2816 1380 ἀλλὰ
2841 1325 3046 1393 πλανᾷ
3070 1326 3176 1381 τὸν
3211 1326 3423 1396 ὄχλον.

2918 1416 3169 1470 ΚΕΦΔΛ.
3208 1415 3285 1469 Γ’.

2373 1528 2484 1581 Καὶ
2520 1528 2695 1597 χείλη
2726 1529 2913 1583 αὐτοῦ
2939 1527 3047 1582 τοῦ
3073 1529 3161 1599 μὴ
3188 1529 3457 1598 λαλῆσαι
3496 1530 3707 1585 δόλον.

2380 1615 2538 1677 Δόλο;
2566 1617 2624 1669 δέ
2658 1621 2776 1671 ἐστι
2810 1619 2872 1671 τὸ
2902 1620 3120 1689 ψεῦδος,
3144 1623 3241 1675 καὶ
3273 1623 3459 1692 ἀπάτη
3488 1625 3584 1675 καὶ
3612 1638 3877 1691 συκοφαν-

2311 1706 2424 1773 τία,
2464 1710 2560 1761 καὶ
2582 1709 2830 1762 διαϐολαὶ
2857 1710 2920 1763 τὸ
2967 1711 3168 1781 ἀληθὲς
3215 1713 3316 1766 οὐκ
3358 1712 3581 1782 ἔχουσαι
3609 1730 3626 1746 ν
3657 1713 3784 1782 φίλα
3823 1712 3876 1765 δέ

2312 1816 2428 1860 πως
2454 1800 2612 1852 ταυτὶ
2649 1801 2727 1871 τῷ
2759 1802 2804 1834 ³⁸
2848 1805 2947 1872 τῆς
2995 1803 3256 1872 ἀληθείας
3308 1804 3506 1876 ἐχθρῷ,
3534 1806 3782 1859 τουτέστι
3807 1805 3882 1876 τῷ

2312 1889 2548 1958 Σατανᾷ.
2586 1888 2664 1958 τῷ
2686 1890 2780 1942 τοῦ
2812 1890 3041 1959 ψεύδους
3064 1894 3234 1964 πατρί
3251 1909 3265 1923 ο
3300 1896 3580 1962 Ψεύστης
3604 1895 3716 1966 γάρ
3735 1895 3877 1960 ἐστι,

2312 1978 2458 2032 καθὰ
2507 1997 2671 2049 φησιν
2716 1983 2745 2034 ὁ
2806 1983 3024 2054 Σωτὴρ,
3059 1985 3156 2038 καί
3215 1985 3287 2039 ἐν
3338 1985 3416 2055 τῇ
3475 1988 3730 2055 ἀληθείᾳ
3774 1991 3879 2058 οὐχ

2312 2070 2552 2139 ἔστηκε.
2578 2074 2957 2145 Παραιτητέον
2981 2076 3038 2128 δὲ
3062 2079 3173 2139 τοῖς
3196 2078 3372 2146 ἁγίοις
3399 2079 3468 2132 τὰ
3488 2080 3699 2134 ἐκείνου
3719 2081 3881 2150 ἁρπα-

2313 2166 2528 2233 γημαῐα
2565 2166 2609 2197 ⁶⁰
2651 2166 2851 2236 μᾶλλον
2881 2167 2949 2219 τὰ
2972 2166 3126 2227 Θεοῦ.
3157 2170 3216 2231 ὃς
3242 2171 3390 2223 ἐστιν
3419 2172 3670 2243 ἀλήθεια.

2398 2255 2759 2309 Ἐκκλινάτω
2784 2258 2903 2312 ἀπὸ
2926 2260 3278 2331 κακοῦξκαὶ
3312 2262 3622 2331 ποιησάτω
3642 2265 3876 2335 ἀγαθόν.

2384 2344 2459 2398 Οὐ
2488 2347 2597 2417 γὰρ
2624 2348 2680 2399 ἐν
2711 2350 2845 2418 ἡμῖν
2870 2351 2928 2403 τὸ
2961 2352 3082 2422 μηδ’
3107 2353 3244 2415 ὅλως
3266 2354 3348 2417 είς
3382 2355 3507 2407 νοῦν
3554 2356 3804 2422 δέξασθαί
3830 2374 3880 2409 τι

2312 2435 2424 2487 τῶν
2448 2438 2708 2491 τοιούτων
2728 2456 2741 2471 ο
2775 2442 3179 2511 προσπίπτουσι
3202 2446 3313 2517 γὰρ
3337 2445 3489 2517 αὖτῷ
3505 2448 3751 2502 τοιαῦταί
3772 2464 3879 2511 πως

2316 2524 2517 2580 ἔννοιαι
2545 2529 2866 2594 πλειστάκις
2887 2551 2900 2565 ο
2945 2534 3060 2587 ἀλλ’
3100 2537 3259 2607 εἴπερ
3282 2555 3369 2600 τις
3402 2540 3489 2608 εἴη
3527 2542 3714 2609 σοφὸς,
3747 2541 3879 2594 ἀπο-

2317 2618 2543 2685 φέρεται
2588 2620 2686 2688 μέν
2722 2622 2922 2687 αὐτῶν,
2954 2627 3066 2689 τοῖς
3092 2627 3148 2680 δὲ
3183 2629 3434 2698 ἀμείνοσι
3461 2633 3558 2683 καὶ
3597 2631 3733 2685 πολὺ
3766 2630 3879 2685 λίαν

2316 2709 2495 2775 ἔχουσι
2553 2710 2615 2761 τὸ
2661 2712 2943 2781 ἐπωφελὲς
3004 2718 3288 2787 χαρίζεται
3324 2722 3422 2785 τὰς
3466 2723 3678 2793 ῥοπάς*
3725 2719 3881 2776 τοῦτό

2316 2806 2487 2871 ἐστιν,
2519 2800 2697 2874 οἶμαι,
2729 2806 2812 2872 τὸ,
2856 2809 3182 2863 Ἕκκλινον
3214 2812 3333 2866 ἀπὸ
3366 2814 3575 2871 κακοῦ.

2915 2922 3167 2978 ΚΕΦΑΛ.
3203 2927 3275 2979 Δ’.

711 3016 876 3071 Vens.
915 3016 970 3071 9.
1021 3014 1328 3085 Hospitem
1358 3017 1598 3086 invicem,
1634 3019 1747 3073 sine
1777 3025 2210 3077 murmuratione.

2389 3030 2716 3096 Φιλόξενος
2752 3035 2840 3100 εἰς
2877 3035 3212 3103 ἀλλήλους,
3240 3040 3387 3094 ἄνευ
3412 3044 3788 3114 γογγυσμῶν.

713 3107 794 3172 Si,
831 3117 889 3159 ut
913 3107 1209 3169 Christum,
1246 3110 1798 3179 proximumrecipis,
1832 3128 1937 3166 non
1966 3130 2212 3169 murmu-

641 3197 790 3251 rabis
823 3211 998 3265 neque
1020 3198 1310 3250 erubesces
1336 3214 1350 3261 ;
1382 3198 1607 3251 multum
1636 3210 1813 3253 autem
1845 3202 2125 3258 extolleris
2158 3207 2211 3258 in

642 3287 836 3342 cilicio.
862 3288 920 3342 Si
946 3302 1077 3341 vero
1094 3302 1197 3341 non
1221 3296 1277 3342 ut
1298 3287 1575 3342 Christum
1598 3290 1812 3358 recipis,
1835 3307 2011 3361 neque
2038 3294 2212 3363 ipsum

647 3381 875 3447 retipies
932 3377 1208 3433 Christum
1258 3378 1525 3433 dicentem
1562 3397 1576 3433 :
1612 3379 1718 3445 Qui
1761 3397 1849 3434 vos
1888 3383 2092 3450 recipit,
2138 3402 2217 3438 me

645 3471 827 3539 recipit
858 3470 921 3525 ‘°.
952 3468 1010 3523 Si
1031 3484 1135 3522 non
1157 3469 1237 3524 sic
1267 3470 1488 3538 recipis,
1514 3486 1689 3540 neque
1720 3474 2025 3528 mercedem
2052 3478 2218 3531 habe—

644 3555 749 3614 bis.
789 3557 948 3612 Viros
983 3567 1348 3621 transeuntes,
1394 3561 1648 3623 viatores,
1683 3569 1744 3613 ut
1790 3562 2069 3626 credebat,
2118 3564 2216 3616 ho-

646 3649 809 3716 spitio
859 3647 1065 3716 recepit
1121 3646 1416 3701 Abraham.
1466 3647 1572 3702 Sed
1614 3664 1719 3702 non
1770 3651 1950 3704 omnia
2000 3651 2218 3707 famulis

647 3739 759 3791 suis
777 3738 1082 3801 commisit;
1111 3752 1333 3792 uxorem
1364 3752 1493 3792 vero
1512 3740 1919 3807 jussitfarinam
1947 3743 2216 3813 subigere,

648 3828 775 3880 licet
833 3838 1010 3882 tamen
1063 3828 1394 3883 domesticos
1446 3830 1670 3883 haberet
1718 3846 1926 3887 servos.
1966 3833 2070 3887 Sed
2106 3836 2220 3903 ipse

650 3932 771 3968 cum
797 3930 967 3970 uxore
997 3919 1299 3972 mercedem
1332 3918 1579 3986 accipere
1617 3919 1868 3987 cupiebat
1897 3938 2002 3975 non
2040 3925 2220 3991 hospi-

651 4006 875 4061 talitatis
903 4018 1131 4072 tantum,
1151 4010 1245 4063 sed
1270 4017 1322 4062 et
1347 4009 1629 4062 ministerii
1655 4029 1667 4063 :
1695 4013 1773 4065 sic
1798 4014 2218 4080 hospitalitatem

650 4099 891 4167 prtcbere
944 4084 1220 4167 debemus,
1277 4103 1461 4155 oninia
1500 4118 1597 4156 nos
1632 4104 1728 4171 ipsi
1756 4102 2040 4171 facientes,
2075 4118 2132 4159 ut
2169 4120 2222 4162 et

649 4186 1073 4240 sanctificemur.

1307 4280 1456 4335 CAP.
1494 4282 1557 4336 V.

721 4390 884 4445 Vens.
920 4392 974 4456 2,
1012 4393 1066 4447 5.
1111 4386 1322 4447 Pascite
1354 4396 1443 4465 qui
1477 4397 1531 4449 in
1565 4399 1706 4452 vobis
1742 4408 1816 4452 est
1846 4415 2051 4468 gregem
2104 4402 2221 4466 Dei,

653 4497 753 4533 non
785 4489 841 4532 ut
872 4482 1201 4535 dominantes
1234 4484 1287 4536 in
1312 4484 1485 4537 cleris.

723 4570 864 4622 Dicit
900 4570 1042 4622 enim
1084 4570 1335 4625 Christus
1371 4591 1383 4626 :
1420 4573 1523 4636 Qui
1566 4575 1782 4628 voluerit
1814 4579 1951 4631 inter
1977 4596 2063 4633 vos
2109 4583 2225 4648 pri-

653 4678 767 4714 mus
784 4677 914 4724 esse,
941 4662 1040 4713 erit
1074 4674 1235 4714 vester
1261 4679 1436 4717 servus
1456 4665 1529 4731 ²¹;
1556 4675 1609 4719 et
1636 4685 1648 4719 :
1677 4667 1778 4730 Qui
1801 4685 1855 4722 se
1877 4670 2224 4725 ltumiliaverit

652 4754 977 4806 exaltabitur
1003 4754 1069 4806 η.
1096 4752 1233 4818 Quid
1256 4754 1431 4807 dicis?
1456 4756 1512 4810 Si
1546 4758 1903 4813 humiliavero
1936 4763 2222 4829 meipsum,

657 4854 785 4899 tunc
837 4845 1109 4899 exaltatus
1139 4846 1273 4899 ero?
1322 4844 1398 4898 lla
1447 4858 1615 4900 certe.
1653 4847 1801 4903 Talis
1843 4860 1924 4904 est
1954 4853 2097 4904 enim
2131 4869 2225 4920 po-

658 4935 822 4986 tentia
860 4949 1002 4998 mea,
1037 4935 1317 4988 contraria
1349 4937 1641 4990 contrariis
1681 4952 1966 5006 generatis.
1997 4941 2224 4995 Auxiliis

663 5035 719 5076 et
759 5025 1020 5079 industria
1056 5027 1205 5080 dives
1231 5042 1373 5084 sum.
1414 5041 1482 5079 ne
1524 5028 1735 5080 timeas.
1770 5028 1898 5082 Meae
1928 5032 2093 5083 servit
2131 5046 2226 5084 vo-

657 5112 850 5168 luntati
898 5127 1089 5169 natura
1147 5131 1352 5184 rerum,
1380 5129 1431 5170 et
1462 5133 1567 5171 non
1602 5132 1701 5187 ego
1730 5128 1923 5172 natura
1975 5121 2227 5190 alligatus

657 5218 718 5260 su
726 5222 799 5260 Ill.

2387 3124 2450 3177 Ei
2499 3126 2571 3189 ὡς
2602 3128 2692 3179 τὸν
2738 3129 2972 3197 Χριστὸν
3026 3131 3177 3204 δέχῃ,
3227 3133 3391 3203 μηδὲν
3439 3136 3718 3208 γογγύσῃς
3752 3133 3876 3207 μηδὲ

2316 3212 2705 3284 ἐπαισχυνθῆς,
2740 3219 2940 3286 μᾶλλον
2972 3220 3028 3272 δὲ
3058 3223 3155 3273 καὶ
3182 3223 3455 3290 σεμνύνου
3484 3226 3582 3279 ἐπὶ
3612 3228 3688 3297 τῷ
3708 3228 3872 3297 πράτ-

2321 3319 2451 3370 ματι
2475 3318 2488 3332 ·
2509 3304 2633 3356 εἰδὲ
2663 3305 2739 3374 μὴ
2755 3307 2829 3369 ὡς
2845 3307 2936 3360 τὸν
2963 3310 3196 3379 Χριστὸν
3211 3312 3360 3384 δέχῃ,
3384 3316 3522 3385 μηδέ
3543 3316 3689 3390 δέξῃ,
3715 3318 3775 3370 '0
3791 3316 3875 3370 δε·-

2320 3392 2574 3458 κάμενος
2611 3392 2789 3462 ὑμᾶς,
2824 3398 3010 3467 φησὶν,
3037 3399 3143 3467 ἐμὲ
3163 3400 3419 3468 δέχεται.
3464 3405 3594 3459 Ἐὰν
3625 3406 3698 3477 μὴ
3721 3407 3871 3466 οὕτως

2319 3481 2470 3553 δέχῃ,
2496 3483 2616 3535 οὐδὲ
2660 3485 2853 3552 μισθὸν
2881 3486 3044 3556 ἔχεις.
3082 3489 3433 3560 Ἀνθρώπους
3467 3497 3760 3566 παριόντας
3779 3495 3873 3549 ὁδί-

2319 3591 2440 3639 τας,
2481 3575 2555 3638 ὡς
2604 3577 2894 3646 ἐνόμιζεν,
2944 3580 2972 3630 ὁ
3017 3580 3268 3651 Ἀδραὰμ
3318 3584 3649 3657 ὑπεδέχετοο
3682 3587 3766 3640 καὶ
3815 3585 3872 3638 οὐ

2320 3665 2498 3718 πάντα
2519 3669 2632 3728 τοῖς
2654 3670 2895 3732 οἰκέταις
2918 3670 3232 3735 ἐπέταττεν,
3269 3674 3405 3727 ἀλλὰ
3457 3680 3555 3730 καὶ
3585 3681 3649 3749 τῇ
3676 3675 3874 3745 γυναικὶ

2319 3754 2389 3806 τὰ
2416 3755 2619 3825 ἄλευρα
2648 3757 2843 3827 φύρειν
2878 3758 3163 3824 ἐπέταττε,
3215 3764 3394 3815 καίτοι
3439 3764 3551 3837 τιη’
3577 3767 3709 3836 ἔχων
3742 3769 3871 3819 οἰκο-

2320 3848 2519 3912 γενεῖς.
2562 3846 2701 3898 Ἀλλ’
2747 3850 2906 3910 αὐτὸς
2936 3851 3189 3904 ἐϐούλετο
3228 3853 3317 3905 τὸν
3360 3857 3560 3923 μισθὸν
3585 3860 3724 3929 ἔχειν
3751 3856 3871 3927 μετὰ

2321 3936 2420 4004 τῆς
2442 3937 2689 4006 γαμετῆς
2717 3954 2730 3969 ⁸
2765 3940 2825 3991 οὐ
2863 3940 2959 4003 τῆς
3012 3942 3258 4013 δαπάνης
3309 3946 3497 4013 μόνον,
3522 3948 3657 4001 ἀλλὰ
3677 3949 3763 4002 καὶ
3785 3947 3871 4014 τῆς

2321 4024 2596 4088 διακονίας
2622 4044 2636 4058 ο
2688 4028 2830 4081 οὕτω
2866 4030 2947 4082 δεῖ
2990 4032 3299 4099 φιλοξενίαν
3351 4038 3768 4101 ἐπιδείκνυσθαι,
3812 4035 3870 4088 δι’

2323 4115 2533 4167 ἑαυτῶν
2573 4117 2749 4170 πάντα
2784 4120 3144 4187 πράττοντας,
3190 4123 3278 4177 ἵνα
3311 4126 3475 4194 ἡμεῖς
3513 4126 3867 4198 ἁγιαζὼμεϐα.

2932 4304 3182 4357 ΚΕΦΑΛ.
3220 4303 3296 4361 E'.

2398 4409 2731 4477 Ποιμάνατε
2760 4413 2822 4464 τὸ
2847 4412 2918 4465 ἐν
2954 4414 3097 4482 ὑμῖν
3119 4417 3405 4484 ποίμνιον
3433 4419 3543 4473 τοῦ
3570 4418 3731 4479 Θεοῦ,
3748 4412 3867 4485 μηδ’

2324 4499 2403 4565 ὠς
2435 4498 2971 4569 κατακυριεύοντες
2997 4504 3116 4558 τῶν
3144 4508 3404 4574 κλήρων.

2392 4591 2529 4659 Φησὶ
2546 4590 2653 4660 γὰρ
2674 4592 2701 4642 ὁ
2720 4593 2974 4661 Χριστόςο
3015 4594 3076 4647 '0
3106 4596 3297 4649 θέλων
3320 4599 3389 4650 ἐν
3415 4599 3562 4669 ὑμῖν
3581 4596 3720 4652 εἶναι
3737 4591 3865 4662 πρῶ·

2331 4698 2433 4745 τος
2467 4683 2637 4735 ἔσται
2684 4683 2829 4750 ὑμῖν
2850 4686 2891 4717 ⁶¹
2930 4685 3243 4753 διάκονος·
3295 4689 3364 4755 ὃς
3393 4693 3507 4759 γὰρ
3555 4688 3863 4745 ταπεινώσει

2330 4769 2550 4823 ἑαυτὸν
2577 4768 2753 4838 οὗτος
2778 4775 3181 4840 ὑψωθήσεται.
3220 4779 3285 4830 Τί
3322 4779 3540 4847 λέγει;;
3584 4784 3676 4834 ἐὰν
3700 4791 3860 4833 ταπει-

2330 4860 2486 4914 νώσω
2515 4861 2753 4929 ἐμαυτὸν
2787 4863 2854 4927 ⁸³,
2897 4864 3018 4916 τότε
3055 4865 3258 4935 ὑψηλὸς
3289 4867 3529 4938 ἔσομαι;
3572 4870 3693 4931 Ναὶ,
3723 4864 3855 4934 φησι·

2329 4950 2551 5021 τοιαύτη
2576 4952 2684 5022 γὰρ
2708 4956 2739 5022 ἡ
2768 4953 2877 5023 ἐμὴ
2893 4954 3122 5024 δύναμις
3144 4957 3230 5009 διὰ
3252 4959 3358 5009 τῶν
3383 4961 3643 5013 ἐναντίων
3660 4956 3723 5010 τὰ
3737 4956 3854 5005 ὲναν⁶

2332 5040 2421 5091 τία
2448 5043 2717 5121 παρέχειν·
2775 5045 3004 5116 εὖπορός
3039 5049 3155 5117 εἰμι
3186 5049 3282 5100 καὶ
3308 5049 3652 5121 εύμήχανος’
3688 5047 3753 5117 μὴ
3774 5040 3854 5094 δεῖ·

2334 5143 2434 5197 σῃς
2459 5144 2473 5158 °
2504 5128 2580 5198 τῲ
2602 5118 2721 5199 ἑμῷ
2745 5127 3009 5202 θελήματι
3040 5136 3072 5203 ἡ
3095 5134 3204 5187 τῶν
3231 5118 3580 5207 πραγματων
3616 5126 3856 5191 ἀκολουθεῖ

2335 5217 2494 5286 φύσις
2512 5234 2526 5250 ο
2556 5220 2656 5272 οὐκ
2682 5220 2792 5288 ἐγὼ
2829 5225 2894 5293 τῇ
2926 5223 3082 5292 φύσει
3110 5224 3329 5295 ἕπομαι.

728 5339 1163 5426 ιχξιωιρικξιι..
1194 5343 1281 5396 4‘2.
1362 5345 1404 5377 "
1443 5344 1602 5426 ._loan.
1639 5359 1757 5413 VIII,
1791 5345 1882 5403 48.
1960 5348 2002 5379 η
2039 5347 2194 5403 Joan.

2315 5391 2325 5414 ,
2362 5352 2448 5408 l2.
2529 5355 2569 5386 '9
2608 5354 2766 5409 Jmn.
2805 5372 2923 5419 vm,
2964 5358 3054 5413 44.
3108 5359 3155 5391 ³⁸
3194 5361 3392 5416 Matth.
3417 5379 3471 5426 ι,
3498 5363 3583 5417 40.
3617 5361 3658 5395 ⁸⁸
3693 5349 3857 5413 Matth.

661 5410 864 5470 “.47.
941 5412 986 5442 "
1025 5411 1205 5465 Matth.
1244 5429 1397 5479 mn,
1447 5417 1508 5468 i2

749 5554 789 5582 ,9
819 5552 877 5606 C'
918 5550 978 5605 Ο.
1020 5568 1128 5605 om.
1206 5550 1248 5580 eo
1289 5551 1351 5605 ρ.
1387 5551 1449 5605 (ς,
1485 5554 1839 5622 ἁρπαγιμαῐα

1950 5551 1991 5582 ⁸⁸
2014 5552 2076 5604 L'.
2105 5552 2164 5606 (ὲ.
2191 5552 2328 5605 ἔστω
2358 5556 2524 5625 ὑμῶν.

2626 5562 2667 5590 ⁶²
2692 5561 2749 5614 C.
2784 5560 2844 5615 C.
2870 5562 3079 5615 ἑαυτὸν.
