4004 6156
285 229 415 287 1057

1228 226 1656 284 FRAGMENTA
1690 227 1757 283 IN
1795 225 2185 284 EPISTOLAM
2223 224 2267 277 ll
2308 224 2367 278 S.
2408 221 2634 278 PETRI.

3398 224 3538 284 1058

349 350 760 416 Ταπεινῶθητε
784 342 899 403 οὖν
931 347 1051 401 ὑπὸ
1091 347 1207 414 τὴν
1229 347 1518 415 κραταιὰν
1548 346 1718 416 χεῷα
1747 347 1857 401 τοῦ
1886 396 1892 408 ,

2034 345 2200 399 Vens.
2240 343 2293 397 6.
2331 340 2711 396 Humiliamini
2732 356 2854 411 ergo
2880 340 2974 394 sub
3010 356 3170 395 manu
3193 347 3393 411 potenti
3418 342 3538 411 Dei,

276 430 448 508 Θεοῦ,
478 442 580 498 ἵνα
616 440 771 509 ὑμᾶς
796 440 1017 508 ὑψώσῃ
1043 439 1114 491 ὲν
1139 438 1345 506 καιρῷ.

345 534 458 602 (ἰὺχ
487 529 677 592 ἅπλῶς
702 530 762 582 τὸ
781 527 1039 597 ὑψώσει,
1070 528 1182 580 ἀλλ’
1206 529 1278 580 ἐν
1305 525 1489 594 καιρῷ
1516 525 1849 596 προσέθηκεο

276 622 546 675 διδάσκων
576 618 773 680 αὐτοὺς
810 618 1029 687 εκείνην
1051 618 1343 685 ἀναμένειν
1366 618 1467 684 τὴν
1488 614 1657 678 ὅντως
1684 616 1742 669 ὲν
1773 614 1852 686 τῷ

282 711 529 782 μέλλοντι
553 708 713 761 αἰῶνι
748 705 978 776 ὕψωσιν.

348 799 571 866 Εἰρήνη
611 797 756 866 ὑμῖν
779 796 930 853 πᾶσι
968 795 1094 860 τοῖς
1121 795 1192 848 ἐν
1213 793 1466 863 Χριστῷ.
1509 793 1708 863 Ἀμήν.

354 979 497 1050 Ὅρα
525 978 644 1040 πῶς
676 976 803 1030 ὅταν
828 976 898 1029 τὰ
920 975 1173 1046 πρακτέα
1196 976 1534 1047 ὑπαγορεύῃ,
1558 977 1855 1046 ἐπισημαι-

283 1085 432 1123 νεται
463 1067 603 1122 αὐτὰ
628 1069 694 1137 τῇ
717 1067 849 1137 εὐχῇ
879 1083 895 1099 ο
926 1064 1180 1135 καθάπερ
1211 1067 1499 1136 σήμαντρα
1522 1064 1632 1119 τῶν
1656 1066 1855 1119 ἀποτε-

283 1159 486 1212 θέντων
515 1156 688 1220 τιθεὶς
713 1155 813 1227 τὴν
852 1157 1100 1226 εἰρήνην.

1962 445 2019 489 ιιι
2046 451 2137 488 vos
2172 431 2364 487 exultet
2399 432 2455 483 in
2482 440 2735 500 tempore.

2032 522 2155 577 Non
2203 522 2525 591 simpliciter
2566 522 2701 576 dicit
2728 539 2742 576 :
2772 522 3052 588 exaltabit,
3098 526 3194 579 sed
3223 527 3404 581 subdit
3436 545 3450 581 :
3482 528 3541 583 in

1961 625 2210 682 tempore,
2234 612 2495 667 docentes
2516 626 2618 667 nos
2641 612 2789 666 illam
2806 626 3126 681 exspectare
3151 619 3546 675 exaltationem‘

1959 719 2145 760 veram
2179 704 2232 757 in
2262 701 2460 757 saeculo
2487 703 2690 756 futuro.

2032 792 2194 848 Vens.
2226 792 2317 848 14.
2351 792 2470 848 Pam
2496 795 2737 848 omnibus
2761 794 2904 849 vobis
2935 795 3026 864 qui
3052 796 3109 850 in
3133 793 3357 850 Christo
3390 802 3514 854 estis

1962 889 2149 941 Amen.

2035 975 2228 1031 Videte
2257 976 2530 1045 quomodo
2558 991 2681 1032 cum
2712 975 2963 1033 facienda
3000 983 3293 1049 suggessit,
3324 982 3412 1038 illa
3438 984 3539 1038 ob-

1962 1066 2157 1137 signat‘
2179 1066 2466 1134 oratione,
2497 1080 2686 1135 pacem
2744 1066 3028 1138 imponens
3065 1070 3298 1140 sigillum
3349 1086 3534 1127 eorum

1963 1172 2085 1227 quae
2117 1157 2389 1228 eXposuit.

788 1514 920 1602 IN
998 1511 1627 1602 SECUNDAM
1703 1515 1798 1604 S.
1879 1516 2235 1606 PETRI
2319 1515 3044 1655 EPISTOLAM.

705 1701 1105 1756 ΚΕΦΔΛΑΙΟΝ
1146 1702 1422 1756 ΠΡΩΤΟΝ
1435 1740 1449 1755 .

356 1820 539 1890 Χάρις
565 1819 712 1888 ὑμῖν
741 1818 840 1871 καί
869 1816 1491 1902 εἰρήνηοπληθυνθείη
1521 1818 1591 1871 ὲν
1619 1818 1870 1888 ἐπιγνώ-

286 1930 386 1967 σει
429 1912 537 1967 τοῦ
577 1911 750 1977 Θεοῦ,
792 1911 891 1964 καί
951 1910 1145 1977 Ἰησοῦ
1195 1910 1453 1978 Χριστοῦ
1500 1910 1606 1964 τοῦ
1647 1912 1871 1980 Κυρίου

202 2015 209 2023 ’
289 2000 327 2068 ὴ
329 2000 480 2069 μῶν.

362 2093 528 2146 Οὐδὲν
553 2092 662 2162 γὰρ
699 2089 904 2158 ταύτης
939 2088 1055 2140 ἴσον
1079 2105 1094 2120 ο
1135 2088 1224 2142 διὰ
1259 2089 1417 2141 τοῦτο
1455 2090 1728 2161 εὐχόμεθα
1777 2094 1873 2145 καὶ

290 2184 524 2251 λέγομεν
568 2179 849 2242 αἰτοῦντες
906 2178 997 2231 τὸν
1047 2178 1281 2247 ἄγγελον
1325 2181 1425 2249 τῆς
1470 2183 1695 2251 εἰρήνης
1723 2197 1736 2211 ⁸
1779 2182 1873 2235 καὶ

294 2270 574 2343 πανταχοῦ
607 2273 833 2343 εἰρήνην
855 2267 1113 2340 αἰτοῦμεν
1138 2271 1195 2323 ἐν
1212 2273 1331 2332 ταῖς
1349 2272 1691 2340 ἐκκλησίαις,
1723 2274 1874 2344 εἰρή-

293 2382 391 2435 νην
425 2366 484 2417 ὲν
523 2365 644 2425 ταῖς
673 2363 878 2430 εὐχαῖς,
911 2364 970 2414 ὲν
1002 2366 1123 2423 ταῖς
1149 2361 1345 2427 λιταῖς,
1392 2365 1450 2415 ὲν
1479 2368 1599 2426 ταῖς
1630 2368 1873 2436 προσρή-

294 2469 434 2507 σεσι.
464 2452 573 2504 Καὶ
606 2450 943 2516 ἁπαξαπλῶς
979 2451 1071 2503 καὶ
1095 2449 1176 2510 δὶς
1206 2454 1299 2501 καὶ
1328 2449 1450 2518 τρὶς
1481 2451 1578 2502 καὶ
1606 2450 1868 2513 πολλάκις

292 2543 461 2615 αὐτὴν
490 2543 705 2596 δίδωσιν
753 2545 781 2594 ὁ
809 2541 899 2610 τῆς
958 2540 1283 2610 Ἐκκλησίας
1318 2542 1619 2609 προεστὼς,
1648 2544 1871 2610 Εἰρήνη

291 2635 454 2705 ὑμῖν.
499 2635 687 2701 Διατί;
718 2633 840 2687 Ὅτι
898 2631 1037 2702 αῦτη
1100 2634 1287 2702 μήτηρ
1330 2635 1548 2686 πάντων
1599 2636 1717 2686 ἐστὶ
1764 2634 1871 2687 τῶν

294 2725 513 2794 ἀγαθῶν
538 2741 554 2757 ο
607 2725 749 2794 αῦτη
801 2723 903 2791 τῆς
926 2724 1102 2793 χαρᾶς
1143 2724 1177 2792 ή
1217 2723 1540 2786 ὑπόστασις.
1582 2725 1681 2778 Διὰ
1715 2725 1874 2778 τοῦτο

295 2818 387 2869 καὶ
422 2816 705 2886 όΧριστδς
742 2814 1003 2868 εἰσιοῦσιν
1027 2816 1109 2873 εἰς
1140 2813 1237 2875 τὰς
1261 2815 1442 2878 οἰκίας
1473 2817 1586 2877 τοῖς
1629 2817 1868 2869 ἀποστό-

294 2908 410 2972 λοις
457 2909 617 2962 τοῦτο
656 2907 837 2976 λέγειν
878 2907 1216 2978 προσέταξεν
1264 2909 1491 2970 εὐθέως,
1528 2909 1783 2980 καθάπερ
1824 2909 1871 2941 ⁸³

298 2999 563 3071 σύμϐολον
595 2999 704 3052 τῶν
735 2999 959 3067 ἀγαθῶν
985 3016 998 3030 ⁸
1032 3002 1468 3068 Εἰσερχόμενοι
1512 3002 1642 3070 γὰρ,
1673 3001 1867 3070 φησὶν,

295 3095 383 3158 είς
418 3092 524 3158 τὰς
582 3091 772 3157 οἰκίας
800 3090 1013 3160 λέγετε
1046 3092 1110 3123 ⁸⁸·
1148 3092 1371 3160 Εἰρήνη
1422 3091 1585 3160 ὑμῖν.
1652 3094 1694 3144 Τ
1699 3092 1870 3163 αὐτης

297 3184 408 3254 γὰρ
434 3185 535 3237 οὐκ
557 3183 745 3253 οῠσης,
778 3184 961 3237 πάντα
994 3185 1227 3253 περιττά
1257 3199 1268 3212 ·
1307 3185 1398 3236 καὶ
1434 3185 1463 3236 ὁ
1495 3184 1729 3254 Χριστὸς
1760 3186 1872 3247 τοῖς

303 3278 573 3348 μαθηταῖς
599 3276 804 3344 ἔλεγεν,
834 3275 1099 3345 Εἰρήνην
1128 3275 1243 3344 τὴν
1275 3276 1431 3346 ἐμὴν
1468 3276 1675 3345 δίδωμι
1705 3274 1870 3345 ὑμῖν.

299 3368 449 3438 Αὕτη
479 3371 542 3437 τῇ
578 3368 769 3436 ἀγάπῃ
802 3367 1168 3435 προοδοποιεί.

370 3462 476 3514 Kal
508 3459 656 3515 αὐτὸ
691 3460 759 3513 δὲ
822 3462 999 3514 τοῦτο
1047 3459 1333 3527 σπουδὴν
1382 3459 1589 3515 πᾶσαν
1629 3474 1873 3528 παρεισ-

301 3550 1161 3623 ενέγκαντες-,ἐπιχορηγήσατε
1176 3552 1244 3604 ἐν
1263 3549 1335 3618 τῇ
1357 3551 1555 3605 πίστει
1574 3550 1742 3618 ὑμῶν
1762 3549 1877 3617 τὴν

302 3644 549 3713 ἀρετὴν,
597 3648 665 3698 ἐν
694 3644 762 3697 δὲ
790 3645 866 3712 τῇ
911 3643 1091 3712 ἀρετῇ
1130 3643 1245 3711 τὴν
1298 3643 1543 3712 γνῶσιν,
1589 3642 1658 3695 ἐν
1705 3642 1773 3695 δὲ
1801 3641 1877 3710 τῇ

304 3722 522 3804 γνώσει
555 3736 668 3804 τὴν
696 3736 1062 3805 ἐγκράτειαν,
1100 3736 1170 3788 ἐν
1222 3733 1291 3786 δὲ
1321 3733 1395 3802 τῇ
1427 3734 1737 3802 ἐγκρατείᾳ
1765 3732 1878 3800 τὴν

305 3825 642 3894 ὑπομονὴν,
677 3828 747 3879 ἐν
784 3827 853 3879 δὲ
900 3826 974 3891 τῇ
1001 3825 1278 3895 ὑπομονῇ
1302 3825 1417 3893 thr
1449 3826 1784 3890 εὐσέϐειαν,
1808 3825 1879 3878 ἐν

305 3915 375 3969 δὲ
414 3915 489 3984 τῇ
539 3919 815 3983 εὐσεϐείᾳ
852 3918 964 3985 τὴν
991 3917 1417 3987 φιλαδελφίαν,
1453 3918 1521 3971 ἐν
1550 3917 1618 3969 δὲ
1648 3915 1719 3985 τῇ
1749 3921 1881 3985 φιλ-

305 4007 563 4078 αδελφίςι
591 4009 707 4077 τὴν
734 4010 992 4079 ἀγάπην.

375 4100 560 4154 Ταῦτα
593 4104 739 4165 ποῖα,
772 4102 803 4170 ἢ
838 4102 906 4155 τὰ
949 4101 1363 4172 προειρημένα;
1408 4100 1623 4173 Ἀρετὴ,
1654 4102 1877 4170 γνῶσις,

305 4194 626 4263 ἐγκράτεια,
657 4193 927 4263 ὑπομονὴ,
963 4193 1237 4256 εὐσέϐεια,
1283 4193 1629 4261 φιλαδελφία,
1661 4194 1876 4261 ἀγάπη,

306 4282 465 4335 ἆτινα
494 4283 626 4353 ἡμῖν
653 4284 714 4336 οὐ
751 4285 911 4354 μόνον
943 4287 1201 4353 παρεῖναι
1232 4285 1336 4348 δεῖ,
1370 4285 1427 4336 ἀ)
1441 4268 1622 4337 laxati
1650 4285 1881 4338 πλεονά-

2473 1705 2705 1762 CAPUT
2745 1707 3036 1766 PRIMUM.

2046 1817 2211 1871 Vens.
2232 1818 2287 1870 2.
2306 1816 2491 1871 Gratia
2526 1820 2665 1873 vobis
2691 1830 2741 1874 et
2777 1838 2883 1890 pax
2912 1825 3266 1894 adimpleatur
3293 1830 3345 1884 in
3371 1833 3549 1901 cogni-

1971 1907 2111 1961 tione
2135 1908 2234 1963 Dei
2264 1917 2315 1962 et
2336 1906 2467 1963 Iesu
2497 1908 2694 1965 Christi
2718 1912 2934 1968 Domini
2962 1919 3151 1970 nosm'.

2033 2087 2179 2144 Nihil
2208 2090 2334 2146 huic
2377 2092 2498 2162 paci
2551 2094 2789 2151 similis:
2832 2108 3120 2168 propterea
3170 2115 3454 2169 precamur
3492 2115 3546 2159 et

1970 2193 2193 2234 oramus
2221 2179 2469 2250 angelum
2499 2185 2648 2252 pacis
2680 2186 3016 2253 invocantes,
3045 2200 3102 2243 et
3132 2192 3332 2258 ubique
3354 2208 3545 2261 pacem

1970 2267 2206 2336 petimus
2242 2271 2296 2323 in
2331 2271 2601 2338 ecclesiis,
2641 2290 2830 2338 pacem
2872 2279 2925 2331 in
2959 2281 3230 2347 precibus,
3269 2297 3456 2350 pacem
3491 2286 3545 2340 in

1972 2357 2478 2426 supplicationibus,
2502 2363 2553 2415 in
2587 2363 3026 2420 salutationibus.
3052 2367 3116 2421 Et
3135 2370 3543 2441 universaliter,

1973 2457 2023 2499 et
2045 2447 2261 2512 iterum,
2285 2459 2337 2503 et
2367 2451 2526 2504 tertio
2543 2463 2597 2506 et
2624 2468 2764 2522 saepe
2794 2456 2963 2523 ipsam
2998 2457 3088 2511 dat
3118 2457 3373 2516 Ecclesia:
3395 2460 3545 2519 Prae-

1972 2550 2059 2587 ses
2090 2552 2106 2588 :
2141 2535 2260 2590 Pax
2290 2539 2455 2591 vobis.
2480 2540 2562 2593 Ad
2609 2541 2780 2610 quid?
2812 2543 2947 2608 Quia
2997 2545 3264 2602 bonorum
3301 2553 3544 2608 omnium

1973 2627 2087 2694 ipsa
2109 2637 2280 2682 mater
2301 2642 2383 2683 est
2406 2640 2460 2683 ct
2479 2631 2676 2686 laetitia:
2704 2631 3138 2691 fundamentum.
3160 2638 3388 2709 Propter
3402 2644 3546 2714 quod

1972 2727 2023 2771 et
2058 2719 2316 2787 apostolis
2347 2720 2400 2773 in
2432 2724 2648 2776 domum
2681 2724 3196 2793 intrantibus,illam
3228 2735 3548 2790 annuntiare

1974 2810 2204 2875 primum
2221 2814 2478 2880 praecepit
2504 2813 2779 2881 Christus,
2804 2819 2943 2871 sicut
2968 2823 3208 2875 omnium
3228 2826 3546 2893 praesagium

1975 2898 2257 2953 bonorum.
2292 2901 2359 2955 In
2388 2920 2750 2975 quamcunque
2796 2909 3031 2977 domum,
3066 2913 3163 2976 ait,
3205 2913 3546 2980 intraueritis,

1972 2988 2199 3056 primum
2246 2990 2403 3045 dicite
2445 3009 2464 3046 :
2505 2993 2625 3048 Pax
2672 2996 2793 3049 huic
2848 2999 3028 3052 domui
3053 3001 3121 3054 ".
3161 3002 3233 3055 Ea
3259 3003 3550 3061 deﬁciente

1974 3099 2109 3137 vana
2158 3095 2286 3139 sunt
2336 3088 2539 3141 omnia.
2587 3086 2654 3141 Et.
2701 3088 2955 3144 Christus
3024 3092 3310 3162 discipulis
3359 3096 3541 3153 dixit:

1975 3173 2170 3230 Pacem
2204 3194 2373 3233 meam
2413 3181 2479 3233 do
2513 3179 2657 3234 vobis
2685 3180 2751 3236 “.
2776 3179 2896 3251 Ipsa
2926 3183 3177 3241 charitati
3209 3186 3351 3242 viam
3376 3186 3544 3245 facit:

2056 3454 2216 3509 Vsus.
2257 3455 2309 3519 5,
2343 3457 2395 3509 7.
2431 3456 2499 3510 Et
2529 3457 2627 3511 hoc
2674 3459 2843 3525 ipsum
2872 3477 3054 3514 curam
3083 3478 3287 3516 omnem
3312 3462 3548 3533 subinfe—

1977 3556 2172 3611 rentes,
2222 3549 2518 3603 ministrate
2542 3550 2597 3602 in
2624 3551 2729 3617 ﬁde
2760 3563 2931 3606 vestra
2966 3554 3233 3616 virtutem,
3264 3553 3321 3606 in
3351 3556 3550 3609 virtute

1978 3646 2152 3690 autem
2184 3640 2480 3703 scientiam,
2512 3641 2569 3693 in
2595 3643 2820 3695 scientia
2851 3651 3025 3695 autem
3067 3644 3456 3707 abstinentiam,
3494 3646 3552 3699 in

1978 3729 2295 3782 abstinentia
2346 3740 2522 3782 autem
2580 3733 2910 3798 patientiam,
2964 3733 3019 3785 in
3058 3735 3316 3800 patientia
3373 3746 3552 3791 autem

1978 3820 2255 3886 pietatem,
2300 3822 2355 3874 in
2406 3823 2593 3889 pietate
2653 3832 2826 3875 autem
2873 3824 3226 3892 fraternitatis
3277 3844 3548 3895 amorem,

1978 3911 2034 3962 in
2062 3926 2239 3964 amore
2262 3911 2615 3979 fraternitatis
2643 3924 2820 3966 autem
2860 3915 3194 3970 churitatem.

2052 4096 2259 4161 Quanta
2289 4097 2389 4151 ista
2420 4113 2540 4165 qua:
2568 4096 2679 4164 jam
2711 4099 2915 4166 prolata
2944 4100 3107 4153 sunt!
3142 4100 3347 4167 Virtus,
3373 4101 3554 4157 scien-

1982 4187 2082 4250 tia,
2106 4188 2459 4253 abstinentia,
2491 4190 2769 4258 patientia,
2807 4190 3000 4257 pietas,
3031 4187 3272 4244 fraterna
3298 4191 3546 4257 dilectio,

1983 4279 2245 4344 Charitas,
2275 4294 2395 4347 qua:
2429 4295 2532 4332 non
2565 4279 2745 4354 solum
2766 4281 2942 4334 inesse
2975 4280 3155 4343 nobis,
3184 4282 3276 4334 sed
3311 4292 3365 4335 et
3382 4283 3553 4336 Ibun-

307 4364 534 4436 ζειν.Ἐί
562 4373 671 4444 γὰρ
710 4376 743 4445 ἡ
789 4376 1071 4444 παρουσία
1122 4375 1341 4443 ὠφελεῖ,
1389 4375 1569 4445 πολλῷ
1619 4377 1817 4445 μᾶλλον
1845 4379 1878 4447 ἡ

1988 4371 2114 4423 dare
2148 4358 2378 4436 Oportet.
2410 4368 2467 4423 Si
2511 4370 2654 4423 enim
2691 4371 2838 4424 utilis
2884 4382 2967 4425 est
3010 4386 3196 4425 earum
3241 4374 3553 4441 praesentia,

305 4466 615 4533 περιουσία.
642 4466 738 4530 Τίς
770 4467 827 4519 δὲ
857 4469 890 4537 ή
916 4466 975 4530 ἐξ
998 4467 1178 4521 αὐτῶν
1216 4468 1473 4536 ὠφέλεια,
1507 4468 1539 4537 ἧ
1570 4468 1629 4520 τὸ
1660 4470 1879 4538 παρρη-

312 4556 437 4609 σίαν
481 4557 624 4626 ἐχειν
654 4559 711 4610 έν
740 4560 807 4628 τῇ
864 4558 1048 4628 ἡμέρᾳ
1103 4557 1197 4610 τοῦ
1241 4557 1447 4627 Κυρίου
1490 4558 1651 4626 ἡμῶν
1698 4557 1876 4628 Ἰησοῦ

311 4647 549 4714 Χριστοῦ
580 4666 593 4714 ;
622 4649 787 4717 Λέγει
819 4648 875 4701 δὲ
910 4649 1008 4719 τὴν
1045 4649 1304 4720 δευτέραν
1334 4648 1499 4702 αὐτοῦ
1537 4650 1839 4719 παρουσίαν
1860 4668 1876 4682 ο

309 4738 397 4788 ὅτε
426 4737 643 4806 ἔρχεται
671 4741 853 4808 κρῖναι
882 4738 1089 4801 ζῶντας
1119 4741 1211 4791 καὶ
1241 4730 1489 4811 νεκρούς.
1515 4741 1674 4806 Μέγα
1697 4741 1753 4793 δὲ
1783 4742 1878 4795 καὶ

310 4829 651 4898 ὑπερϐάλλον
675 4830 878 4896 ἀγαθὸν
906 4830 1122 4898 ἀληθῶς
1152 4831 1213 4883 τδ
1244 4832 1559 4904 παρρησίαν
1593 4832 1739 4902 ἔχειν
1784 4834 1878 4887 ἐπὶ

305 4917 402 4970 τοῦ
441 4918 588 4970 θείου
612 4919 707 4971 καὶ
735 4919 968 4987 φοϐεροῦ
997 4921 1256 4990 βήματος.

374 5003 454 5077 ’ᾮ
478 5009 591 5077 γὰρ
619 5009 705 5078 μὴ
748 5011 1000 5078 πάρεστι
1032 5013 1237 5078 ταῦτα,
1272 5014 1501 5083 τυφλός
1540 5014 1689 5080 ἐστι,
1715 5032 1877 5084 μυω-

306 5097 524 5157 στάζων.

377 5190 542 5244 Ταῦτ’
575 5187 670 5245 (ὗν
700 5192 1013 5261 ἀκούοντες,
1056 5193 1321 5248 πάντοθεν
1361 5196 1590 5260 ἑαυτοὺς
1625 5197 1878 5268 τειχίζω-

309 5298 410 5351 μεν
439 5283 483 5314 ”
509 5284 601 5336 καὶ
634 5284 993 5355 προσέχωμεν
1010 5287 1120 5349 τοῖς
1145 5285 1479 5356 λεγομένοις,
1516 5289 1614 5343 καὶ
1648 5291 1877 5353 ἑαυτοὺς

377 5455 425 5487 ’³
461 5456 597 5510 ch.
629 5472 685 5521 χ,
727 5458 817 5513 51.
895 5458 941 5491 ⁸⁸
978 5459 1135 5516 Joan.
1172 5478 1283 5525 xw,
1332 5463 1426 5516 27.

395 5611 442 5640 ⁸³
463 5609 521 5665 C.
546 5608 610 5665 C.
634 5627 687 5664 τι
717 5610 781 5662 σύ
790 5612 1039 5681 μῦουλον.

1989 4462 2158 4515 multo
2211 4462 2382 4529 magis
2412 4471 2466 4514 et
2491 4462 2849 4517 abundantia.
2897 4465 3027 4530 Quia).
3050 4479 3179 4519 vero
3233 4467 3298 4519 de
3336 4464 3442 4519 illis
3472 4475 3556 4519 est
3600 4502 3615 4513 ι

1990 4553 2226 4606 utilitas?
2277 4551 2553 4606 Fiduciam
2612 4564 2873 4623 generant
2904 4556 3075 4610 indie
3122 4556 3330 4609 Domini
3382 4556 3557 4609 nostri

1987 4645 2110 4699 Jesu
2143 4645 2366 4699 Christi.
2400 4646 2530 4699 Dico
2555 4656 2736 4700 autem
2772 4648 2824 4698 in
2851 4648 3084 4700 secunda
3131 4647 3300 4714 ipsius
3344 4647 3558 4713 appari-

1990 4741 2164 4803 tione,
2215 4739 2435 4806 quando
2484 4740 2665 4792 veniet
2710 4738 2956 4805 judicare
3007 4739 3160 4792 vivos
3204 4749 3259 4791 et
3289 4749 3554 4792 mortuos.

1985 4829 2234 4900 Magnum
2261 4839 2442 4884 autem
2464 4841 2519 4885 et
2555 4831 2989 4898 superexcellens
3015 4840 3168 4884 certe
3189 4831 3386 4884 bonum
3413 4831 3555 4884 iidu-

1983 4924 2120 4976 ciam
2152 4924 2350 4976 habere
2379 4933 2504 4977 ante
2534 4924 2774 4985 divinum
2806 4923 3252 4990 tremendumque
3292 4924 3551 4977 tribunal.

2056 5012 2220 5068 Vens.
2252 5014 2306 5069 9.
2338 5014 2437 5069 Cui
2470 5026 2644 5068 autent
2673 5030 2777 5069 non
2824 5025 3017 5083 praesto
3063 5025 3184 5069 sunt
3219 5017 3352 5081 Ιιαισ,
3381 5033 3557 5071 aecus

1994 5118 2068 5162 est
2099 5118 2150 5162 et
2183 5124 2346 5161 manu
2374 5119 2608 5162 tentant.
2938 5118 2943 5125 '

2062 5200 2184 5254 lla-c
2216 5216 2344 5270 ergo
2366 5201 2669 5263 audientes,
2698 5201 2921 5255 omnino
2947 5200 3321 5258 couforlemur
3344 5217 3462 5267 nos,
3496 5210 3552 5256 et

1986 5289 2361 5345 adhaereamus
2400 5292 2578 5356 dictis,
2614 5302 2669 5347 et
2701 5307 2801 5348 nos
2837 5293 2983 5362 ipsos
3011 5307 3042 5348 a
3075 5294 3360 5350 mundanis
3393 5293 3554 5365 puri-

1138 5616 1185 5649 “
1206 5616 1267 5672 C.
1309 5618 1614 5687 (λλέγεται.
1687 5621 1731 5654 ⁸⁵
1765 5621 1827 5677 C.
1858 5620 1921 5678 C.
1951 5602 2261 5694 τειχιζομεν
2295 5623 2662 5697 προσέχομεν.
