4040 6150
472 251 618 312 1059

1199 231 1762 295 SUPPLEMENTUM
1802 231 1896 286 AD
1936 231 1996 288 S.
2036 229 2089 287 «Ι.
2128 225 2626 287 CHRYSOSTOMI
2667 226 2923 283 OPERA.

3606 226 3742 284 1060

476 378 738 436 ﬁcemus;
771 368 818 424 si
853 366 995 421 enim
1052 361 1170 417 haec
1202 358 1531 419 fecerimus,
1582 354 1682 408 ista
1736 363 1916 406 autem
1962 363 2056 405 ne-

2185 349 2448 419 κκαθάρω
2456 365 2556 419 μεν
2576 347 2685 401 τῶν
2702 344 2994 417 βιωτικῶν.
3015 344 3113 398 Ἂν
3130 343 3186 396 δὲ
3201 344 3268 397 τὰ
3288 346 3385 415 μέν
3409 344 3656 419 ποιῶμεν
3672 349 3741 415 ⁸⁸,

478 463 828 535 glexerimus,
862 456 995 510 nihil
1023 455 1126 507 erit
1148 451 1304 504 nobis
1335 447 1589 516 amplius,
1619 453 1674 500 et
1703 444 1749 498 si
1779 459 1884 497 non
1912 442 2054 509 istis,

479 533 588 610 illis
614 550 804 607 saltem
833 545 1093 616 perimus.
1128 540 1267 607 Quid
1294 552 1423 592 vero
1459 536 1681 590 interest
1708 535 1753 588 si
1782 547 1888 587 non
1916 533 2057 586 divi-

478 647 570 701 tiis
597 643 690 698 sed
717 639 952 701 luxuria,
1003 649 1110 689 non
1144 633 1374 685 luxuriis
1408 630 1504 683 sed
1552 626 1764 696 ignavia
1810 640 2060 681 corrum-

479 736 661 806 pimur
684 733 707 787 ἳ
737 729 1015 799 Siquidem
1049 734 1104 782 et
1135 722 1375 793 agricola
1398 734 1726 789 quocunque
1753 720 1911 773 modo
1936 731 2061 786 per-

481 824 677 881 diderit
702 828 1025 884 sementem,
1053 814 1341 886 aequaliter
1369 812 1556 882 gemit.

1136 1011 1291 1067 CAP.
1330 1010 1396 1065 ll.

552 1137 718 1194 Vsus.
744 1133 798 1188 6.
833 1130 903 1186 Et
948 1131 1185 1185 civitates
1225 1125 1576 1181 Sodomorum
1615 1134 1662 1178 et
1693 1120 2064 1176 Gomorrha’o-

485 1244 603 1283 rum
629 1228 686 1280 in
712 1224 936 1278 cinerem
969 1218 1235 1287 redigens,
1268 1216 1534 1269 eversione
1566 1212 1859 1277 damnavit,
1891 1227 2065 1264 exem-

484 1320 630 1391 plum
657 1334 838 1372 eorum
867 1315 957 1383 qui
982 1312 1143 1379 impie
1169 1309 1342 1362 acturi
1376 1316 1498 1360 sunt
1526 1321 1744 1373 ponens.

557 1406 727 1461 Visne
777 1404 988 1457 discere
1024 1397 1320 1467 .cujnsnam
1363 1408 1525 1448 causa
1576 1392 1742 1447 fuerit
1788 1406 1885 1446 cur
1948 1392 2063 1446 haec

2158 442 2226 496 τὰ
2246 444 2301 496 δὲ
2321 442 2634 511 ἁμελῶμεν,
2674 440 2829 493 οὐδὲν
2850 441 2981 509 ήμίν
3005 437 3158 490 ἔσται
3183 438 3348 491 πλέον
3371 455 3384 469 ⁸
3416 438 3482 493 ἂν
3517 443 3628 512 γὰρ
3662 448 3737 513 μη

2158 533 2352 597 οὕτως,
2380 532 2496 585 ἀλλ’
2522 533 2747 594 ἐκείνως
2777 529 3153 599 ἀπολλύμεθα.
3176 528 3241 581 Τί
3267 530 3374 597 γὰρ
3397 530 3652 603 διαφέρει
3675 534 3742 587 ἂν

2163 625 2238 694 μὴ
2271 625 2360 677 διὰ
2383 623 2642 688 πλούτου,
2672 623 2807 676 ἀλλὰ
2826 622 2912 674 διὰ
2943 621 3231 691 ῥᾳθυμίας,
3262 620 3328 674 ἂν
3352 620 3427 693 μὴ
3449 620 3537 674 διὰ
3571 623 3743 692 ῥαθυ-

2164 712 2314 782 μίας,
2343 711 2457 763 ἀλλ’
2479 711 2799 781 ἁνανδρείας
2823 709 3237 779 διαφθαρῶμενς
3253 710 3373 762 ἐπεὶ
3400 710 3494 763 καὶ
3515 711 3543 761 6
3562 727 3743 781 γεωρ-

2160 804 2277 869 γὸς,
2313 803 2377 855 ἄν
2406 819 2467 856 τε
2494 801 2668 865 οὕτως
2691 802 2757 857 άν
2784 818 2842 854 τε
2879 802 3107 863 ἐκείνως
3126 801 3371 872 ἀπολέσῃ
3390 801 3482 854 τὸν
3516 802 3741 872 σπόρον.

2160 894 2364 971 ὁμοίως
2385 893 2591 947 πενθεῖ.

2765 1002 3020 1056 ΚΕΦΑΛ.
3062 1002 3137 1056 B'.

2234 1121 2344 1173 Καὶ
2371 1119 2583 1183 πόλεις
2621 1117 2905 1185 Σοδόμων
2952 1116 3052 1168 καὶ
3085 1114 3399 1183 ιὀμόῤῥας
3429 1113 3744 1183 τεφρώσας

2162 1207 2552 1278 καταστροφῇ
2587 1208 2960 1275 κατέκρινεν,
3014 1206 3350 1275 ὑπόδειγμα
3388 1206 3743 1275 μελλόντων

2162 1300 2403 1354 ἀσεϐεῖν
2425 1297 2718 1363 τεθεικώς.

2234 1389 2423 1443 Βούλει
2454 1389 2552 1459 τὴν
2593 1389 2776 1441 αἰτίαν
2820 1387 3013 1457 μαθεῖν
3060 1386 3129 1438 δι’
3163 1386 3231 1455 ἢν
3267 1385 3393 1438 τότε
3417 1384 3589 1438 ταῦτα
3624 1384 3743 1451 ἐγέ-

491 1507 621 1553 tunc
651 1496 790 1549 facta
819 1491 971 1546 sint?
1000 1489 1232 1557 PrOpter
1254 1494 1539 1557 peccatum
1575 1494 1731 1551 turpe
1759 1484 1977 1552 quidem
2010 1493 2065 1537 et

2181 1498 2314 1547 isto;
2344 1480 2402 1533 ἓν
2441 1475 2511 1549 ἦν
2550 1478 2858 1549 ἁμάρτημα
2910 1477 3008 1547 μὲν
3041 1476 3276 1547 χαλεπὸν
3312 1475 3407 1528 καὶ
3433 1475 3738 1545 ἐπάρατον·

490 1586 907 1643 exsecrandum.
933 1583 987 1635 lu
1014 1595 1209 1649 pueros
1234 1577 1494 1631 effrenata
1527 1576 1921 1644 concupiebaut
1945 1574 2065 1626 libi-

2167 1574 2307 1643 πλὴν
2326 1572 2439 1626 ἀλλ’
2462 1573 2519 1624 ἐν
2543 1570 2729 1624 παισὶν
2757 1569 3087 1638 ἐπεμένοντο
3110 1569 3159 1621 οἱ
3185 1566 3305 1619 τότε
3321 1582 3335 1597 ·
3358 1565 3454 1619 καὶ
3475 1565 3560 1617 διὰ
3581 1563 3745 1617 τοῦτο

492 1679 617 1735 dine
648 1677 895 1731 homines
921 1675 973 1728 lii
998 1671 1229 1742 antiqui,
1259 1679 1315 1725 et
1342 1677 1563 1738 propter
1594 1668 1694 1720 hoc
1720 1667 1879 1719 talem
1904 1666 2066 1719 dede-

2181 1663 2374 1733 ιαύτην
2404 1662 2593 1714 ἔδοσαν
2614 1660 2712 1731 τὴν
2745 1660 2922 1730 δίκην.

495 1778 625 1825 runt
655 1781 894 1838 puellam.

563 1860 729 1914 Vsus.
762 1857 844 1911 l6.
871 1854 1263 1922 Correptionem
1294 1850 1476 1903 habuit
1506 1864 1616 1902 sua:
1643 1849 1891 1902 vesaniae.
1927 1846 2066 1901 Sub-

484 1951 673 2022 jugale
704 1958 905 2002 mutum
938 1946 1143 1999 animal
1188 1943 1415 1996 hominis
1467 1955 1588 1994 voce
1618 1940 1856 2007 loquens,
1887 1938 2065 2007 prohi-

497 2045 605 2098 buit
636 2041 902 2106 propheta:
938 2035 1326 2105 insipientiam.

569 2133 628 2187 Si
662 2133 715 2186 in
744 2132 952 2184 asinum
984 2135 1205 2195 operata
1236 2133 1319 2179 est
1346 2123 1440 2177 Dei
1481 2123 1678 2191 gratia,
1708 2130 1762 2176 et
1786 2123 1839 2175 in
1868 2135 2063 2174 vanum

498 2232 718 2295 prapter
746 2221 1098 2276 directionem
1123 2226 1180 2271 et
1212 2215 1580 2271 lsraelitarum
1614 2214 1920 2275 utilitatem,
1955 2212 2066 2265 evi-

498 2310 812 2366 dentissiine
834 2316 889 2362 et
908 2307 960 2360 in
989 2306 1147 2360 nobis
1176 2303 1390 2373 operari
1419 2311 1695 2372 poposcet,
1727 2310 1782 2356 et
1809 2303 1914 2356 hoc
1939 2302 2065 2371 qui-

498 2402 623 2458 dem
652 2400 945 2458 sustinebit
975 2407 1352 2468 pmpternos.
2054 2372 2061 2383 ’

2245 1842 2524 1911 Ἔλεγξιν
2552 1841 2620 1895 δὲ
2649 1840 2835 1909 ἔσχεν
2869 1839 3022 1905 ιδίας
3066 1837 3471 1906 παρανομίας·
3526 1833 3744 1896 ὑποζύ-

2158 1944 2304 2006 ⁷γιον
2336 1935 2595 2005 ἄφωνον,
2636 1935 2705 1986 ἐν
2748 1931 3063 2000 ἀνθρώπου
3098 1928 3268 1998 φωνῇ
3304 1928 3742 1998 φθεγξάμενον,

2169 2027 2443 2082 ἐκώλυσε
2466 2026 2579 2093 τὴν
2604 2026 2709 2079 τοῦ
2737 2022 3049 2091 προφήτου
3077 2022 3518 2090 παραφρονίαν.

2238 2122 2302 2173 Ei
2333 2122 2413 2183 εἰς
2465 2119 2584 2172 ὄνον
2631 2119 2905 2187 ἐνήργησε
2936 2117 2979 2147 ⁸⁷
3029 2116 3122 2168 καὶ
3162 2116 3243 2177 εἰς
3284 2116 3463 2184 μάτην
3496 2113 3542 2145 ⁸⁸
3573 2114 3607 2184 ἡ
3649 2111 3747 2166 τοῦ

2171 2209 2309 2263 Θεοῦ
2331 2209 2515 2278 χάρις,
2550 2207 2619 2259 δι’
2654 2205 2969 2276 οἰκονομίαν
3003 2206 3099 2258 καὶ
3129 2205 3229 2275 τὴν
3250 2203 3359 2256 τῶν
3397 2203 3748 2275 Ἰσραηλιτῶν

2172 2302 2461 2369 ὠφέλειαν,
2502 2298 2725 2366 εὔδηλον
2774 2298 2854 2350 ὅτι
2915 2297 2959 2328 ⁸⁹
3008 2297 3086 2358 εἰς
3135 2296 3285 2365 ἡμᾶς
3350 2297 3749 2365 παραιτήσεται

2182 2395 2448 2462 ἐνεργεῖν,
2484 2392 2615 2444 ἀλλ”
2631 2389 2883 2455 ἀνέξεται
2907 2389 3180 2443 καὶτοῦτο
3201 2387 3266 2440 δι’
3294 2387 3440 2456 ἡμᾶς
3468 2386 3537 2440 "°.

544 2564 3716 2600 W—

1008 2736 1131 2824 IN
1207 2730 1674 2822 PRIMAM
1751 2729 1846 2819 s.
1898 2684 2440 2821 ’JOANNIS
2509 2724 3228 2820 EPISTOLAM.

1143 2922 1292 2979 CAP.
1331 2921 1420 2976 111.

577 3045 746 3102 τω.
777 3041 832 3096 8.
864 3039 968 3105 Qui
1013 3037 1140 3107 facit
1181 3046 1449 3103 peccatum
1481 3051 1546 3089 ea:
1569 3034 1778 3088 diabolo
1811 3041 1909 3098 est,
1941 3048 2076 3102 quo-

510 3139 654 3191 niam
706 3135 770 3185 ab
822 3133 972 3184 initio
1026 3125 1269 3180 diabolus
1312 3135 1512 3193 peccat.
1567 3124 1635 3178 In
1681 3125 1780 3178 hoc
1829 3125 2083 3193 apparuit

511 3225 688 3280 Filius
724 3222 839 3289 Dei,
868 3229 926 3273 ut
953 3217 1203 3271 dissoluat
1227 3231 1383 3285 opera
1409 3215 1626 3270 diaboli.

583 3416 660 3471 Ex
693 3426 798 3482 quo
823 3411 1030 3481 primus
1056 3405 1296 3461 omnium
1329 3403 1382 3458 in
1415 3401 1613 3456 malum
1645 3413 1943 3456 conversus
1973 3399 2082 3453 dia-
2107 3396 2152 3455 C

512 3507 691 3570 holus,
739 3506 793 3559 in
835 3510 1112 3573 peccatum
1161 3496 1335 3550 factus
1381 3501 1488 3559 est,
1549 3492 1718 3573 ipsius
1761 3506 1896 3559 Opus
1953 3488 2082 3541 facit

511 3603 692 3658 omnis
723 3598 812 3668 qui
847 3602 1136 3665 peccanler
1170 3590 1300 3659 agit.
1332 3586 1526 3656 incipit
1560 3586 1705 3640 enim
1746 3583 1860 3650 ipse
1893 3581 2083 3635 diabo-

514 3692 597 3746 lus
629 3691 682 3743 iu
712 3691 1019 3758 peccantem
1056 3695 1152 3751 per
1181 3677 1441 3731 malarum
1495 3674 1881 3742 cogitationum
1913 3671 2080 3725 abun-

516 3782 777 3841 dantiam,
812 3778 951 3831 sicut
981 3784 1038 3828 et
1064 3774 1116 3826 in
1146 3769 1309 3825 Juda.
1362 3768 1515 3822 Dicet
1564 3776 1745 3820 autem
1779 3765 1900 3832 quis
1942 3761 2085 3831 quod

518 3873 760 3927 nascitur
806 3870 858 3921 in
886 3863 1229 3934 {nocentibus
1257 3859 1529 3923 diabolus,
1555 3871 1677 3911 cum
1714 3855 1804 3909 ille
1837 3854 1926 3923 qui
1959 3867 2085 3920 pec-

520 3962 664 4015 cavit
687 3959 833 4011 dedit
855 3957 903 4011 ei
938 3956 1132 4008 locum.
1158 3951 1265 4006 Sed
1287 3952 1351 4003 ad
1382 3952 1494 4002 haec
1521 3947 1680 4000 verba
1711 3962 1726 3999 :
1759 3946 1889 3998 dare
1914 3944 2086 3997 locum

518 4049 734 4106 diabolo
768 4049 835 4112 ",
871 4044 1277 4113 intelligendum
1311 4047 1395 4093 est
1435 4037 1614 4091 facere
1644 4035 2005 4103 iniquitatem,
2035 4040 2090 4085 et

519 4156 626 4197 non
663 4146 936 4208 peccasse.
972 4134 1073 4188 Dat
1109 4132 1254 4186 enim
1292 4130 1367 4183 ίΗί
1400 4130 1574 4182 locum
1608 4124 1722 4193 qui,
1747 4122 2090 4191 passiouilius

519 4227 831 4298 compulsus
862 4225 928 4277 ad
966 4223 1115 4277 illum
1143 4219 1536 4287 recipiendum,
1570 4222 1851 4282 peccatum
1878 4227 1973 4280 per
2000 4224 2093 4262 ac-

524 4332 610 4375 tus
635 4333 763 4373 suos
786 4322 1146 4371 consummat.
1170 4309 1322 4365 Unde
1352 4311 1489 4363 bene
1512 4307 1714 4361 dicitur
1749 4304 1838 4383 qui
1864 4301 2014 4364 facit,
2040 4310 2094 4354 et

522 4426 629 4466 non
660 4410 748 4478 qui
782 4408 929 4462 fecit.
955 4404 1055 4470 Qui
1083 4404 1227 4456 enim
1253 4402 1570 4471 poenitentia
1604 4404 1814 4451 tenetur
1841 4408 1947 4447 non
1982 4393 2091 4460 jam

522 4512 606 4557 est
633 4515 697 4554 ex
718 4498 953 4560 diabolo,
980 4480 1072 4551 sed
1103 4496 1275 4550 solum
1300 4493 1391 4561 qui
1421 4492 1596 4545 adhuc
1625 4496 1881 4559 operatur
1908 4498 2097 4554 pecca-

526 4604 661 4651 tum.
691 4591 756 4645 Et
785 4592 862 4646 sic
889 4591 1066 4642 adhuc
1092 4600 1221 4656 ergo
1255 4584 1460 4653 peccati
1509 4596 1700 4637 servus
1728 4587 1811 4635 est
1842 4580 1934 4646 qui
1966 4576 2096 4630 facit

522 4695 578 4740 et
609 4699 714 4739 non
743 4682 835 4751 qui
869 4680 997 4735 fecit
1026 4678 1179 4743 illud,
1211 4677 1314 4730 hoc
1344 4677 1502 4729 modo
1526 4675 1740 4727 dicente
1772 4672 2051 4739 Scriptura
2079 4686 2092 4720 :

527 4775 631 4841 Qui
657 4774 789 4844 facit
818 4781 1085 4842 peccatum
1116 4783 1294 4822 seruus
1328 4774 1405 4819 est
1436 4765 1633 4834 peccati
1659 4762 1728 4815 ⁸⁸.

598 4959 764 5013 Vsus.
796 4955 883 5011 17.
916 4954 1017 5021 Qui
1062 4950 1302 5006 habuerit
1325 4947 1673 5004 substantiam
1704 4944 1862 5013 hujus
1888 4941 2093 5006 mundi,

529 5061 574 5107 et
603 5051 789 5106 uiderit
819 5049 1038 5117 fratrem
1061 5059 1216 5099 suum
1248 5041 1601 5096 necessitatem
1639 5039 1848 5098 habere,
1875 5029 1922 5089 et
1949 5034 2098 5088 clau-

529 5143 653 5196 serit
688 5142 885 5195 uiscera
914 5153 1012 5191 sua
1045 5136 1109 5189 ab
1139 5149 1221 5200 eo,
1246 5133 1509 5203 quomodo
1539 5130 1769 5184 θῆαι-ηαδ
1803 5126 1894 5181 Dei
1925 5133 2097 5179 manet

533 5234 587 5288 in
614 5232 715 5286 eo?

605 5387 651 5418 "
693 5386 891 5454 pres.
929 5399 1004 5451 IV,
1042 5383 1133 5437 27.
1211 5382 1256 5414 "
1292 5379 1450 5435 Joan.
1491 5395 1529 5445 ι,
1565 5378 1654 5433 36.

2790 2914 3041 2968 ΚΕΦΑΔ.
3083 2912 3156 2967 1".

2255 3028 2319 3082 Ὅ
2344 3027 2532 3082 ποιῶν
2551 3026 2665 3096 τὴν
2693 3027 2986 3096 ἁμαρτίαν
3012 3026 3081 3079 ἐκ
3107 3026 3215 3081 τοῦ
3234 3025 3516 3081 διαϐόλου
3545 3020 3751 3081 ἐστίνέ

2181 3121 2270 3175 ὅτι
2301 3121 2401 3175 ἀπ’
2433 3118 2625 3189 ἀρχῆς
2659 3123 2693 3173 ό
2734 3118 3015 3184 διάϐολος
3058 3118 3382 3186 ἁμαρτάνει
3404 3135 3419 3149 ’
3462 3123 3551 3186 είς
3576 3119 3754 3173 τοῦτο

2180 3214 2519 3283 ἐφανερώθη
2574 3216 2607 3266 ό
2653 3213 2785 3279 Υἱὸς
2828 3212 2936 3267 τοῦ
2968 3213 3137 3277 Θεοῦ,
3171 3213 3273 3267 ἵνα
3307 3214 3473 3283 λύσῃ
3515 3215 3589 3269 τὰ
3611 3215 3755 3284 ἔργα

2180 3306 2288 3360 τοῦ
2319 3304 2624 3358 διαϐόλου.

2264 3397 2524 3465 Ἐπείπερ
2572 3396 2678 3465 πρὸ
2704 3394 2922 3448 πάντων
2973 3393 3208 3464 τραπεὶς
3236 3396 3264 3447 6
3290 3392 3537 3457 διάϐολος
3572 3394 3629 3447 ἐν
3677 3393 3755 3463 τῷ

2184 3487 2520 3558 ἁμαρτάνειν
2558 3485 2802 3555 γέγονεν,
2853 3484 2916 3549 ἐξ
2968 3485 3132 3539 αὑτοῦ
3183 3484 3512 3556 χρηματίζει
3575 3485 3683 3547 πᾶς
3726 3485 3757 3537 6

2184 3577 2575 3649 ἁμαρτητικῶς
2606 3579 2689 3630 ἐνε
2700 3576 2864 3645 ργῶν.
2887 3577 3230 3648 Προάρχεται
3252 3577 3359 3645 γὰρ
3380 3577 3439 3628 ἐν
3467 3574 3543 3646 τῷ
3572 3576 3758 3645 ἁμαρ-

2183 3671 2393 3724 τάνοντι
2433 3670 2499 3723 δι’
2536 3669 2845 3741 ὑπερϐολὴν
2911 3669 3165 3740 πονηρῶν
3209 3667 3511 3738 λογισμῶν,
3547 3668 3623 3730 ὠς
3663 3668 3761 3720 ἐπὶ

2185 3764 2280 3817 τοῦ
2326 3763 2519 3816 Ἰούδα.
2562 3762 2704 3815 Ἀλλ’
2739 3764 2854 3833 ἐρεῖ
2895 3778 2979 3824 τις
3017 3762 3099 3815 ὅτι
3133 3761 3349 3829 γίνεται
3373 3763 3401 3813 6
3428 3760 3674 3823 διάϐολος
3700 3761 3760 3812 ἐν

2186 3856 2297 3916 τοῖς
2328 3853 2699 3924 ἁμαρτάνουσι
2751 3851 2862 3904 τῶν
2900 3850 3008 3922 πρὸ
3058 3850 3227 3905 αὐτοῦ
3271 3849 3673 3922 ἡμαρτηκότων
3702 3850 3761 3901 ἐν

2188 3949 2264 4019 τῷ
2284 3949 2485 4002 διδόναι
2514 3946 2663 4017 αὐτῷ
2700 3947 2882 3999 τόπον.
2920 3945 3061 4015 Πρὸς
3088 3945 3117 3998 6
3145 3943 3362 3996 λεκτέον
3384 3941 3579 3996 ταυτὸν
3623 3937 3760 3994 εἶναι

2188 4039 2251 4091 τὸ
2282 4042 2457 4091 ποιεῖν
2488 4038 2586 4107 τὴν
2619 4036 2888 4106 ἁμαρτίαν
2921 4035 2998 4106 τῷ
3034 4036 3393 4105 ἁμαρτάνειν,
3428 4036 3486 4086 ἐν
3518 4033 3596 4103 τῷ
3620 4032 3760 4085 διδόο

2190 4145 2278 4182 ναι
2306 4128 2471 4180 τόπον
2497 4126 2574 4195 τῷ
2600 4125 2857 4193 διαϐόλῳ.
2902 4125 3099 4176 Δίδωσι
3129 4124 3238 4194 γὰρ
3265 4122 3413 4193 αὐτῷ
3442 4123 3604 4176 τόπον
3637 4124 3762 4174 ἐπι-

2192 4217 2362 4288 θυμίᾳ
2384 4216 2646 4285 ὑπαχθεὶς
2674 4214 2811 4284 μετὰ
2834 4216 2895 4265 τὸ
2921 4214 3176 4278 δέξασθαι
3208 4213 3372 4267 αὐτόν
3400 4231 3413 4244 ·
3441 4211 3761 4282 πρακτικῶς

2193 4309 2455 4363 ἐπιτελῶν
2520 4309 2618 4377 τὴν
2677 4306 2975 4375 ἁμαρτίαν.
3028 4303 3200 4357 Τοῦτο
3245 4305 3352 4374 γὰρ
3410 4304 3664 4374 σημαίνει
3700 4319 3762 4354 το

2194 4403 2365 4475 ποιεῖν
2399 4400 2602 4467 αὐτὴν·
2655 4393 2713 4450 εὖ
2743 4398 2799 4450 δὲ
2833 4398 2924 4449 καὶ
2963 4396 3025 4449 τὸ
3063 4398 3260 4461 εἰπεῖν,
3295 4394 3487 4457 ποιῶν,
3532 4394 3645 4447 ἁλλ’
3675 4394 3758 4457 οὐ,

2197 4492 2463 4559 ποιήσας·
2499 4488 2593 4541 τοῦ
2647 4489 3081 4558 μετανοήσαντος
3128 4487 3314 4539 οὐκέτι
3364 4487 3516 4548 ὄντος
3557 4487 3622 4538 ἐκ
3668 4484 3761 4538 τοῦ

2195 4579 2469 4643 διαϐόλου,
2511 4578 2648 4632 ἀλλὰ
2699 4580 2861 4647 μόνου
2902 4576 2996 4631 τοῦ
3051 4576 3402 4645 ἐνεργοῦντος
3455 4576 3622 4644 αὐτὴν
3662 4573 3761 4625 ἐτι.

2199 4670 2355 4724 Οὕτω
2405 4671 2517 4739 γὰρ
2544 4670 2638 4722 καὶ
2671 4669 2770 4738 τῆς
2806 4668 3084 4737 ἁμαρτίας
3110 4667 3299 4730 δοῦλός
3344 4669 3493 4720 ἐστιν
3518 4668 3547 4718 6
3574 4664 3761 4726 ποιῶν,

2200 4763 2313 4815 ἀλλ’
2344 4762 2440 4830 οὐχ
2478 4763 2505 4814 6
2546 4760 2772 4830 ποιήσας
2800 4760 2988 4830 αὑτήν.
3023 4757 3146 4821 Πῶς
3177 4758 3307 4827 γὰρ,
3353 4755 3409 4809 '0
3439 4755 3626 4811 ποιῶν
3657 4755 3764 4820 τὴν

2202 4855 2512 4924 ἁμαρτίαν,
2544 4853 2699 4921 φησὶ,
2733 4849 2953 4915 δοῦλος
2985 4846 3175 4914 αὐτῆς
3203 4848 3375 4900 ἐστιν
3387 4864 3407 4911 ;

2277 4947 2381 5010 Ὃς
2405 4944 2456 4997 δ’
2479 4943 2555 4997 ἂν
2584 4944 2694 5011 ἔχῃ
2720 4942 2827 4995 τὸν
2853 4942 3000 5005 βίον
3027 4939 3134 4993 τοῦ
3154 4940 3411 5007 κόσμου,
3442 4935 3544 4990 καὶ
3566 4931 3760 5001 θεωρεῖ

2201 5036 2308 5091 τὸν
2354 5034 2623 5103 ἀδελφὸν
2664 5032 2851 5086 αὐτοῦ
2884 5031 3094 5101 χρείαν
3130 5029 3369 5098 ἔχοντα,
3427 5029 3526 5081 καὶ
3554 5026 3758 5088 κλείσῃ

2206 5128 2277 5181 τὰ
2331 5127 2657 5194 σπλάγχνα
2705 5123 2914 5189 αὐτοῦ,
2951 5120 3078 5188 πῶς
3113 5123 3151 5190 ἠ
3211 5119 3411 5191 ἀγάπη
3462 5118 3569 5173 τοῦ
3624 5110 3759 5170 Θεοῦ

2196 5217 2365 5287 μένει
2397 5217 2467 5272 ἐν
2500 5212 2660 5278 αὐτῷ
2672 5229 2692 5277 ;

606 5540 651 5571 ⁸⁸
673 5540 737 5597 C.
763 5540 825 5596 C.
887 5537 1220 5609 ποιοῦμεν...
1280 5532 1609 5605 ἁμελοῦμιν.
1685 5531 1728 5564 ⁸⁷
1760 5529 1824 5584 C.
1848 5527 1909 5584 C.
1939 5528 1996 5581 ἐν
2019 5527 2081 5579 ἐν

2181 5538 2310 5594 ἠσε.
2385 5521 2429 5555 ⁸⁸
2458 5521 2519 5577 C.
2545 5519 2606 5576 C.
2642 5517 2855 5590 μάντιν.
2932 5516 2976 5547 ⁸⁸
3006 5513 3067 5569 C.
3092 5512 3153 5566 C.
3183 5509 3266 5563 ὅτι
3290 5506 3437 5562 οὐδέ.
3526 5504 3573 5537 ⁷⁸
3609 5504 3668 5557 (ἰ.
3693 5501 3758 5557 C.

539 5607 701 5677 ὑμᾶς.
