4040 6150
463 263 485 317 1
497 261 602 321 (εδδ

1199 259 1764 319 SUPI’LEMENTUM
1803 261 1894 315 Αι)
1925 262 1982 317 S.
2019 261 2069 316 J.
2106 257 2593 316 CHRYSOSTOMI
2632 256 2878 312 OPERA.

3581 255 3720 309 I066

465 389 609 428 nunc
642 382 695 428 et
743 386 975 443 semper,
1005 381 1058 427 et
1089 372 1142 427 in
1176 374 1372 428 saecula
1433 373 1776 430 saeculorum.
1844 375 2029 428 Amen.

2141 375 2284 444 αγίῳ
2303 415 2319 438 ,
2360 375 2453 427 καὶ
2479 373 2702 443 ἀγαθῷ,
2731 373 2826 425 καὶ
2853 369 3104 440 ζωοποιῷ
3134 385 3230 422 σου
3273 367 3556 437 Πνεύματι
3576 384 3590 398 °
3626 369 3721 422 νῦν

903 555 1024 608 Alia
1050 555 1288 625 ejusdem
1314 556 1487 609 oratio
1513 556 1616 628 (4).

530 642 814 698 Dominum
850 656 1152 712 precemur.

532 735 848 789 Invocamus
871 745 942 798 te,
978 733 1200 788 Domine
1223 732 1367 788 Deus
1393 735 1765 804 omnipotens,
1803 735 2041 799 excelse,

464 827 590 880 ntali
642 825 823 881 cuncti
879 840 1095 894 expers,
1147 825 1372 895 paciﬁce
1408 825 1558 890 Rex;
1604 827 1917 881 invocamus
1967 837 2042 889 te,

461 922 722 976 Conditor
762 921 885 975 coeli
936 930 989 974 et
1027 929 1207 984 terrae,
1243 935 1308 974 ex
1342 929 1393 974 te
1442 936 1673 991 namque
1717 923 1892 974 oritur
1924 938 1960 973 α
1989 931 2044 974 et

461 1029 527 1076 ω,
567 1012 892 1081 principium
923 1021 977 1065 et
1033 1011 1174 1076 linis,
1211 1013 1301 1080 qui
1357 1012 1552 1066 dedisti
1616 1013 1930 1066 hominibus
1983 1020 2042 1067 ut

464 1103 592 1172 ipsis
624 1102 989 1172 quadrupedia
1011 1110 1066 1157 et
1095 1103 1303 1157 ratione
1339 1103 1575 1157 carentia
1610 1103 1886 1167 animalia,
1911 1102 2039 1171 quia

465 1194 790 1264 sicjnssisti,
824 1193 1072 1258 Domine,
1115 1195 1440 1248 obedirent:
1473 1210 1688 1248 manum
1723 1204 1868 1248 tuam
1925 1195 2038 1249 Ior-

465 1299 592 1353 tem,
644 1297 698 1340 et
731 1287 1012 1340 brachium
1065 1295 1212 1339 tuum
1266 1286 1534 1341 excelsum
1582 1295 1637 1340 et
1668 1295 1908 1340 sanctum
1945 1301 2039 1338 ex-

465 1379 648 1442 tende,
672 1384 726 1431 et
777 1378 915 1429 banc
969 1391 1272 1429 creaturam
1313 1386 1457 1429 tuam
1500 1377 1618 1430 visu
1670 1387 1758 1430 tuo
1804 1375 2033 1445 respice.

464 1469 539 1523 Da
593 1468 669 1522 illi
720 1467 966 1536 angelum
1011 1467 1318 1537 pacilicum,
1359 1467 1608 1536 angelum
1646 1465 1862 1528 fortem,
1915 1481 2036 1520 cor-

465 1560 612 1629 poris
658 1569 713 1614 et
758 1560 953 1613 anima:
1001 1558 1303 1624 custodem,
1345 1560 1434 1627 qui
1489 1559 1727 1627 increpet
1755 1570 1811 1612 et
1856 1559 2036 1627 abigat

462 1650 530 1703 ab
577 1665 640 1703 ea
693 1665 851 1704 omne
901 1650 1190 1720 malignum
1240 1661 1294 1704 et
1350 1651 1619 1719 impurum
1684 1649 2028 1705 dietnoniutn.

2147 467 2240 518 καὶ
2269 466 2384 525 ἀεὶ,
2414 465 2510 518 καὶ
2540 465 2620 524 εἰς
2651 464 2778 526 τοὺς
2811 461 3010 524 αἰῶνας
3038 461 3146 514 τῶν
3175 459 3409 514 αἰώνων.
3455 460 3649 530 Ἀμήν.

2542 555 2711 630 Εὐχὴ
2753 555 2925 621 ἑτέρα
2971 553 3077 607 τοῦ
3112 549 3321 606 αὐτοῦ’

2221 647 2328 701 Τοῦ
2351 647 2558 719 Κυρίου
2593 647 2899 716 δεηθῶμεν.

2226 738 2668 808 Ἐπικαλούμεθά
2710 755 2804 802 σε,
2853 737 3105 790 Δέσποτα
3161 735 3263 788 Ges
3299 734 3679 806 παντοκράτορ
3703 775 3716 799 ,

2143 829 2372 900 ὐψιστε,
2403 832 2703 901 ἀπείρατε,
2735 829 2977 901 είρηνικὲ
3009 826 3231 897 βασιλεῦ
3255 867 3269 893 ,
3307 825 3721 897 ἐπικαλούμεθά

2145 939 2205 976 σε
2255 921 2348 975 τὸν
2401 924 2709 990 ποιήσαντα
2754 919 2848 971 τὸν
2897 916 3130 988 οὐρανὸν
3173 917 3268 969 καὶ
3303 916 3402 986 τὴν
3443 917 3569 986 γῆν.
3625 916 3721 969 Ἐκ

2144 1013 2239 1066 σοῦ
2276 1013 2386 1083 γὰρ
2422 1012 2634 1081 ἀνεφύη
2660 1051 2675 1076 ,
2711 1011 2806 1065 καὶ
2836 1011 2899 1062 τὸ
2940 1014 2985 1064 Α
3031 1011 3127 1063 καὶ
3165 1013 3227 1062 τὸ
3247 1010 3319 1072 Ω,
3355 1011 3388 1078 ἡ
3432 1011 3574 1080 ἀρχὴ
3625 1008 3722 1063 καὶ

2141 1105 2200 1159 τὺ
2243 1105 2426 1169 τέλος,
2483 1105 2606 1166 δοὺς
2655 1106 2769 1166 τοῖς
2821 1101 3135 1174 ἀνθρώποις
3192 1102 3470 1156 ὐπακούεν
3523 1101 3724 1171 τετρά-

2139 1196 2276 1249 ποδα
2305 1197 2396 1248 καὶ
2422 1194 2593 1262 ἄλογα
2626 1193 2772 1257 ζῶα·
2804 1193 2885 1245 ὅτι
2917 1194 2979 1244 σὺ
3008 1191 3282 1256 ὑπέταξας
3329 1190 3490 1254 αὐτὰ,
3521 1191 3719 1260 Κύριε.

2143 1288 2423 1340 Ἔκτεινον
2475 1285 2574 1356 τὴν
2609 1285 2771 1355 χεῖρά
2830 1301 2922 1336 σου
2962 1282 3060 1352 τὴν
3118 1283 3425 1353 κραταιὰν,
3483 1283 3575 1335 καὶ
3628 1282 3720 1333 τὸν

2140 1377 2404 1447 βραχίονα
2427 1395 2520 1429 σου
2554 1376 2642 1428 τὸν
2675 1375 2880 1445 ὑψηλὸν
2905 1374 3112 1427 καὶτὸν
3148 1373 3325 1440 ἅγιον,
3365 1372 3460 1425 καὶ⁴
3494 1373 3719 1424 ἐπισκο-

2137 1469 2255 1522 πῶν
2287 1469 2660 1536 ἐπισκόπησον
2698 1465 2760 1518 τὸ
2799 1465 3026 1534 πλάσμα
3071 1481 3164 1516 σου
3201 1461 3379 1514 τοῦτο.
3429 1462 3727 1530 Κατάπεμο·

2134 1561 2234 1628 ψον
2292 1560 2441 1629 αὐτῴ
2495 1558 2728 1627 ἄγγελον
2774 1557 3085 1626 εἰρηνικὸν,
3142 1555 3374 1623 ἄγγελον
3423 1551 3717 1623 κραταιὸν,

2135 1651 2314 1720 ψυχῆς
2373 1649 2466 1702 καὶ
2535 1647 2790 1718 σώματος
2843 1645 3096 1715 φύλακα,
3147 1645 3205 1705 ὃς
3255 1646 3571 1713 ἐπιτιμήσει
3625 1642 3720 1693 καὶ

462 1743 600 1810 Quia
632 1754 684 1795 tu
713 1742 861 1796 solus
905 1744 1156 1797 excelsus
1196 1749 1252 1796 el.
1304 1743 1651 1812 omnipotens
1679 1757 1761 1808 es,
1819 1743 2029 1798 benedi«

2146 1743 2411 1797 ἀπελάσει
2468 1740 2564 1793 ἀπ’
2603 1738 2768 1792 αὐτοῦ
2820 1739 2928 1790 πᾶν
2982 1736 3216 1806 πονηρὸν
3274 1734 3368 1788 καὶ
3410 1733 3718 1802 ἀκάθαρτον

461 1848 578 1889 ctus
621 1835 672 1888 in
710 1833 904 1888 saecula
951 1835 1291 1890 saeculorum.
1333 1822 1527 1890 Amen.

841 2085 965 2139 Alia
993 2084 1231 2155 ejusdem
1265 2086 1438 2141 oratio
1483 2086 1585 2157 (5).

530 2175 812 2231 Dominum
845 2189 1149 2245 precemur.

533 2289 809 2354 Divinam,
836 2297 1106 2355 sanctam,
1140 2303 1417 2361 magnam,
1462 2290 1799 2345 tremendam
1833 2300 1888 2343 et
1918 2304 2024 2343 non

461 2379 796 2432 tolerandam
843 2378 1080 2433 nominis
1130 2378 1222 2432 Dei
1255 2378 1674 2450 appellationem
1714 2388 1770 2434 et
1815 2379 2032 2432 invoca-

462 2472 660 2526 tionem
689 2469 1036 2540 aggredimur
1067 2479 1124 2524 et
1157 2471 1493 2539 perlicimus,
1529 2471 1602 2524 tui
1637 2470 1944 2538 expellendi
1977 2479 2034 2523 et

461 2563 771 2631 increpandi
809 2563 1015 2631 gratia,
1053 2572 1336 2632 apostata;
1389 2563 1464 2616 tui
1497 2563 1838 2632 disperdendi
1876 2577 2027 2631 ergo,

459 2656 694 2719 diabole,
727 2654 868 2709 Deus
917 2663 1159 2720 Sanctus,
1201 2655 1450 2724 principii
1487 2669 1705 2723 expers,
1741 2654 2029 2717 timendus,

461 2758 654 2802 natura
703 2746 1012 2812 invisibilis,
1045 2756 1316 2815 potestate
1354 2746 1774 2815 iuexcogitatus,
1827 2745 2034 2798 Deitate

460 2839 974 2907 incomprehensus,
1004 2836 1118 2892 Rex
1149 2837 1332 2906 gloria:
1375 2847 1432 2892 et
1486 2837 1828 2904 omnipotens
1861 2836 2034 2890 Domi-

463 2940 584 2992 nus,
614 2927 730 2994 ipse
759 2937 810 2981 te
839 2927 1102 2996 increpet,
1132 2927 1370 2993 diabole,
1397 2927 1489 2997 qui
1519 2941 1550 2981 e
1601 2927 1771 2980 niltilo
1814 2927 1880 2980 ad
1909 2940 2033 2980 esse

2148 1835 2446 1904 δαιμόνιον.
2499 1832 2619 1884 Ὅτι
2671 1831 2736 1883 σὺ
2784 1828 2991 1898 Κύριος
3039 1829 3196 1898 μόνος
3229 1825 3494 1895 ὕψιστος,
3522 1839 3721 1876 παντο-

2150 1926 2400 1996 κράτωρ,
2445 1920 2738 1991 εὐλογητὸς
2761 1960 2776 1984 ,
2825 1919 2903 1980 εἰς
2937 1919 3063 1980 τοὺς
3096 1916 3297 1978 αἰῶνας
3340 1914 3450 1968 τῶν
3481 1912 3719 1968 αἰώνων.

2162 2019 2358 2089 Ἀμήν·
2564 2084 2633 2090 _-
2699 2081 2776 2090 ..
2831 2079 2844 2090 .
3027 2077 3053 2090 -
3139 2079 3152 2090 .
3244 2077 3271 2088 -

2560 2081 2728 2151 Εὐχὴ
2751 2079 2922 2148 ἑτέρα
2949 2079 3056 2133 τοῦ
3084 2079 3295 2133 αὐτοῦ.

2218 2178 2322 2233 Τοῦ
2356 2177 2564 2248 Κυρίου
2593 2175 2895 2246 δεηθῶμεν.

2213 2298 2324 2370 Τὴν
2359 2296 2510 2350 Θείαν
2535 2313 2595 2348 τε
2619 2294 2714 2346 καὶ
2740 2293 2838 2364 τὴν
2860 2292 3022 2360 άγίαν
3049 2291 3145 2344 καὶ
3179 2288 3442 2359 μεγάλην,
3477 2287 3570 2342 καὶ
3596 2306 3724 2360 φρι-

2140 2391 2292 2459 κτὴν,
2331 2389 2424 2441 καὶ
2453 2386 2717 2440 ἄστεκτον
2747 2382 3040 2452 ὀνομασίαν
3072 2381 3169 2435 καὶ
3192 2379 3480 2450 ἐπίκλησιν
3524 2379 3724 2432 ποιοῦ-

2141 2499 2238 2551 μεν
2272 2479 2408 2550 πρὸς
2439 2478 2538 2548 τὴν
2569 2477 2668 2548 σήν
2696 2475 2966 2541 ἐξέλασιν,
2993 2473 3299 2537 άποστάτα,
3333 2470 3606 2535 ὡσαύτως
3628 2473 3726 2525 καὶ

2138 2574 2460 2642 ἐπιτίμησιν
2493 2572 2573 2632 είς
2623 2568 2723 2638 τὴν
2772 2568 2871 2637 σὴν
2925 2565 3326 2635 ὲξολόθρευσιν,
3369 2562 3616 2618 διάϐολε.
3665 2564 3723 2617 'O

2131 2664 2263 2726 Θεὸς
2295 2666 2323 2716 6
2353 2663 2528 2730 ἆγιος,
2570 2662 2598 2712 ὀ
2632 2659 2891 2730 ἄναρχος,
2943 2659 2972 2710 6
3027 2656 3283 2726 φοϐερὸς,
3319 2656 3348 2708 6
3381 2656 3621 2726 ἀόρατος
3655 2657 3721 2727 τῇ

2129 2755 2311 2826 οὐσίᾳ,
2345 2755 2374 2806 6
2413 2752 2739 2812 ἀνείκαστος
2774 2753 2839 2820 τῇ
2889 2749 3144 2818 δυνάμει,
3195 2748 3291 2801 καὶ
3324 2747 3723 2816 ἀκατάληπτος

2129 2847 2196 2915 τῇ
2240 2844 2473 2912 θεότητι,
2504 2845 2531 2896 6
2571 2843 2825 2912 βασιλεὺς
2847 2840 2944 2910 τῆς
2975 2838 3154 2909 δόξης,
3190 2841 3286 2891 καὶ
3315 2839 3724 2908 παντοκράτωρ

2131 2937 2432 3003 Δεσπότης,
2451 2935 2771 3004 ἐπιτιμήσει
2795 2949 2911 2998 σου,
2936 2930 3171 2997 διάϐολε,
3190 2933 3218 2982 ὁ
3239 2931 3304 2982 ὲκ
3333 2929 3427 2982 τοῦ
3453 2931 3534 2998 μὴ
3563 2929 3724 2990 ὄντος

459 3028 648 3074 cuncta
674 3018 838 3072 verbo
868 3033 1107 3086 congrue
1139 3020 1478 3087 composuit,
1513 3018 1604 3087 qui
1631 3032 1795 3088 super
1825 3031 2028 3087 pennas

2134 3030 2212 3091 εἰς
2239 3027 2300 3079 τὸ
2330 3023 2470 3079 εἶναι
2505 3026 2573 3079 τὰ
2607 3026 2784 3079 πάντα
2837 3021 3133 3091 εὐπραγῶς
3174 3023 3319 3091 λόγῳ
3366 3022 3728 3091 συστησάμε-

461 3117 743 3162 ventorum
775 3106 1037 3160 ambulat.
1089 3099 1336 3174 Increpat
1373 3115 1448 3171 te,
1475 3105 1708 3170 diabole,
1731 3107 1822 3174 qui
1861 3105 2028 3158 mat-is

2134 3136 2244 3184 νος,
2276 3120 2304 3171 6
2330 3115 2653 3185 περιπατῶν
2688 3117 2779 3168 ἐπὶ
2827 3115 3117 3187 πτερύγων
3165 3113 3403 3182 ἀνέμων.
3450 3111 3728 3180 Ἐπιτιμᾷ

459 3212 657 3259 aquam
686 3198 935 3260 advocat,
955 3204 1010 3248 et
1038 3210 1157 3248 eam
1190 3210 1352 3265 super
1370 3196 1636 3250 universae
1655 3206 1810 3250 terrae
1839 3193 2029 3248 faciem

2135 3227 2238 3276 σοι,
2271 3209 2507 3270 διάϐολε,
2541 3211 2568 3261 ὁ
2592 3207 3070 3279 προσκαλούμενος
3101 3205 3162 3258 τὸ
3194 3205 3340 3276 ὕδωρ
3369 3205 3468 3274 τῆς
3509 3204 3731 3258 θαλάσ-

458 3288 703 3343 effundit.
742 3288 1000 3342 Dominus
1024 3287 1286 3341 virtutum
1316 3302 1511 3342 nomen
1553 3287 1654 3343 illi.
1703 3285 1952 3354 Increpat
1983 3295 2029 3340 te

2135 3319 2234 3372 σης
2267 3303 2360 3354 καὶ
2383 3300 2590 3368 ἐκχὲων
2614 3299 2747 3353 αὐτὸ
2783 3299 2876 3350 ἐπὶ
2907 3298 3202 3369 πρόσωπον
3239 3296 3420 3365 πάσης
3449 3295 3558 3366 τῆς
3593 3297 3727 3362 γῆς,

459 3382 740 3446 Dominus,
773 3377 1002 3444 diabole,
1035 3379 1082 3434 is
1112 3378 1201 3433 cui
1227 3378 1498 3434 innumeri
1527 3379 1777 3433 cmlestes
1811 3379 2029 3432 ordines

2134 3394 2340 3463 Κύριος
2382 3392 2492 3444 τῶν
2523 3392 2806 3462 δυνάμεων
2857 3390 3030 3458 ὄνομα
3080 3387 3267 3442 αὐτοῦ.
3314 3388 3592 3458 Ἐπιτιμᾷ
3646 3403 3734 3440 σοι

459 3473 598 3543 ignei
642 3472 694 3526 in
729 3471 958 3526 circuitu
1010 3471 1359 3536 ministrant,
1404 3472 1495 3540 qui
1539 3471 1609 3527 ab
1658 3471 2028 3542 angelicarum

2134 3481 2360 3552 Κύριος,
2387 3480 2623 3543 διὰὄολε,
2657 3482 2685 3532 6
2711 3480 2816 3532 ὐπὸ
2854 3479 2962 3531 τῶν
3005 3477 3398 3548 ἀναριθμήτων
3443 3477 3734 3550 οὐρανίων

459 3567 740 3618 turbarum
770 3563 925 3632 cepia
962 3572 1018 3617 et
1047 3564 1114 3616 ab
1141 3563 1480 3633 arcliangelis
1504 3577 1624 3616 cum
1659 3571 1897 3616 tremore
1941 3577 2029 3615 ce-

2134 3573 2429 3643 ταγμάτων
2445 3571 2690 3642 πυρίνων
2712 3571 2862 3641 φόϐῳ
2878 3569 3195 3640 λειτουργού
3205 3586 3367 3638 μενος
3392 3571 3493 3621 καὶ
3521 3569 3736 3638 ὑμνού-

459 3651 723 3718 Iebratur,
752 3653 946 3707 colitur
967 3663 1022 3709 et
1059 3653 1336 3708 adoratur.
1381 3652 1631 3721 Increpat
1655 3662 1707 3705 te
1752 3652 2028 3716 Dominus,

2134 3681 2315 3734 μενος,
2376 3663 2471 3716 καὶ
2531 3662 2641 3715 ἀπὸ
2695 3660 2934 3730 πλήθους
2995 3660 3173 3730 χορῶν
3235 3659 3558 3728 ἀγγελικῶν
3635 3660 3736 3711 καὶ

459 3745 690 3810 diabole,
719 3747 938 3814 quieta
962 3745 1249 3801 virtutibus
1271 3747 1414 3800 circa
1444 3760 1504 3802 se
1523 3744 1822 3800 astantibus
1858 3746 2029 3798 IIOIIO-

2134 3752 2548 3826 ἀρχαγγελικῶν
2576 3745 2781 3823 ’τρόμῳ
2815 3750 3317 3821 προσκυνούμενος,
3364 3751 3464 3802 καὶ
3501 3750 3740 3814 δοξαζό-

461 3847 633 3901 ratur,
654 3845 711 3890 et
732 3852 760 3888 a
788 3839 1081 3891 tremendis
1101 3837 1378 3892 oculorum
1405 3837 1558 3904 copia
1583 3837 1880 3892 illustribus
1893 3837 2029 3890 Clie-

2134 3861 2314 3916 μενος.
2358 3843 2626 3913 Ἐπιτιμᾷ
2668 3858 2752 3895 σοι
2791 3841 3022 3912 Κύριος,
3054 3842 3292 3904 διάϐολε,
3336 3842 3366 3894 6
3395 3843 3738 3914 τιμώμενος

460 3926 660 3991 rttbitu,
706 3935 761 3980 et
789 3941 880 3980 sex
931 3929 1136 3982 alarum
1197 3929 1422 3998 remigio
1470 3931 1666 3984 dotatis
1718 3927 2026 3998 Serapbim,

2134 3936 2234 3988 ὑπὸ
2285 3935 2395 3988 τῶν
2450 3932 2734 3987 κύκλωθεν
2812 3933 3189 4002 παρεστωσῶν
3249 3933 3576 4004 δυνάμεων,
3637 3935 3741 3989 καὶ

461 4018 672 4071 duabus
703 4016 922 4086 quidem
969 4019 1134 4075 I‘acies
1179 4035 1307 4076 suas
1340 4030 1563 4090 pr0pter
1616 4021 2029 4090 incomprehen-

2134 4025 2590 4098 φρικωδεστάτων
2664 4025 3060 4095 ἑξαπτερύγων
3140 4025 3236 4078 καὶ
3301 4024 3739 4097 πολυομμάτων

458 4125 577 4163 sum
610 4110 1156 4180 etimperscrutatum
1187 4110 1416 4166 Deitatis
1467 4111 1809 4181 splendorem
1846 4113 2029 4167 velan-

2134 4115 2412 4187 Χερουϐὶμ
2439 4114 2532 4167 καὶ
2573 4114 2849 4186 Σεραφὶμ,
2904 4112 3012 4166 τῶν
3045 4112 3114 4166 τὰ
3167 4113 3450 4181 πρόσωπα
3505 4113 3738 4168 ἑαυτῶν

459 4204 624 4266 tibus,
650 4211 706 4256 et
729 4201 941 4257 duabus
970 4203 1070 4256 alis
1092 4204 1255 4272 pedes
1277 4217 1425 4270 suos,
1454 4218 1522 4259 ne
1574 4203 1828 4258 iuell'abili
1858 4205 2026 4274 gloria

2134 4208 2250 4268 ταῖς
2299 4204 2422 4257 δυσὶ
2474 4203 2703 4274 πτέρυξι
2758 4203 3074 4257 σκεπόντων
3111 4203 3201 4256 διὰ
3241 4202 3342 4276 τὴν
3386 4203 3738 4276 ἀθεώρητον

455 4306 510 4349 et
547 4295 912 4364 inexcogitata
959 4293 1244 4362 majestate
1271 4304 1683 4361 consumantur,
1737 4297 2029 4363 operienti-

2134 4294 2297 4348 αὐτοῦ
2345 4294 2439 4347 καὶ
2499 4292 2913 4364 ἀνεξιχνίαστον
2951 4293 3216 4364 Θεότητα,
3268 4293 3364 4346 καὶ
3416 4297 3558 4358 ταῖς
3611 4293 3742 4348 δυσὶ

455 4388 581 4452 bus,
613 4396 667 4440 et
697 4386 904 4440 duabus
936 4386 1037 4440 alis
1059 4387 1365 4440 volantibus
1390 4387 1698 4456 ccelumque
1730 4389 1845 4442 suis
1875 4388 2025 4442 voci-

2134 4386 2358 4456 πτέρυξι
2383 4386 2514 4448 τοὺς
2542 4386 2759 4440 ἑαυτῶν
2789 4385 2959 4448 πόδας
2997 4385 3417 4452 καλυπτόντων,
3446 4389 3539 4450 εἰς
3569 4386 3636 4440 τὸ
3658 4387 3738 4456 μὴ

454 4476 557 4529 bus
598 4473 928 4542 replentibus
964 4473 1250 4536 :Sanctm,
1279 4473 1530 4541 Sanctus,
1552 4474 1802 4540 Sanctus,
1835 4475 2025 4530 Domi-

2134 4474 2545 4544 κατακαυθῆναι
2595 4475 2660 4527 ὲκ
2685 4475 2788 4546 τῆς
2808 4474 3053 4546 ἀρρήτου
3085 4473 3244 4544 δόξης
3273 4475 3372 4527 καὶ
3403 4476 3741 4546 ἀκατανοή-

453 4580 550 4617 uua
580 4561 808 4618 Sabaoth
864 4579 882 4616 :
933 4565 1143 4630 plenum
1201 4574 1275 4616 est
1325 4566 1512 4618 caelum
1567 4576 1616 4620 et
1674 4577 1816 4621 terra
1849 4569 2025 4638 gloria

2134 4586 2220 4621 του
2248 4567 2670 4638 μεγαλειότητος
2693 4565 2858 4619 αὐτοῦ
2883 4566 2978 4620 καὶ
3003 4569 3125 4628 ταῖς
3149 4566 3269 4620 δυσὶ
3291 4567 3544 4639 πτέρυξι
3571 4585 3742 4622 πετο-

450 4655 585 4722 ejus.
627 4654 876 4723 Increpat
905 4666 954 4709 te
991 4655 1268 4717 Dominus,
1300 4657 1533 4720 diabole,
1559 4659 1650 4727 qui
1701 4675 1731 4714 ε
1772 4659 1896 4713 sinu
1931 4675 2024 4728 pa-

2134 4659 2313 4728 μένων
2364 4657 2576 4711 καὶτὸν
2614 4657 2842 4724 οὐρανὸν
2891 4657 3251 4727 πληρούντων
3304 4661 3369 4711 ἐκ
3428 4660 3545 4730 τῆς
3605 4660 3740 4731 βοῆς

454 4759 629 4812 terno,
661 4762 691 4801 e
715 4750 854 4802 ρωιο
891 4747 1032 4802 Deus
1062 4747 1294 4802 Verbum
1327 4749 1678 4815 descendens,
1715 4761 1770 4806 et
1804 4765 1900 4819 per
1930 4767 2023 4806 ve-

2134 4750 2308 4802 αὐτῶν
2334 4788 2349 4811 ,
2379 4749 2461 4812 τὸ,
2488 4749 2713 4818 ”Αγιος,
2740 4749 3182 4819 ”Αγιος,¹Ἀγιος
3200 4751 3430 4818 Κύριος
3450 4753 3737 4815 Σαϐαὼθ,

2125 4839 2364 4907 πλήρης
2389 4842 2420 4892 ό
2444 4839 2704 4906 οὐρανὸς
2721 4839 2816 4892 καὶ
2837 4841 2874 4906 ἡ
2903 4838 2976 4908 γῆ
3000 4839 3111 4907 τῆς
3127 4840 3314 4906 δόξης
3333 4841 3573 4896 αὐτοῦ.
3589 4842 3742 4895 Ἐπι-

2123 4934 2259 5002 τιμᾷ
2306 4948 2386 4983 σοι
2435 4932 2664 5002 Κύριος,
2711 4932 2948 4998 διάϐολε,
3002 4935 3030 4985 ὁ
3091 4935 3156 4985 ὲκ
3210 4931 3306 4987 τοῦ
3347 4934 3584 4988 κόλπου
3640 4934 3737 4988 τοῦ

2126 5022 2397 5094 πατρικοῦ
2437 5023 2685 5086 καταϐὰς
2719 5023 2778 5087 ἐξ
2808 5024 3045 5092 οὐρανοῦ
3072 5026 3204 5087 Θεὸς
3233 5027 3443 5091 Λόγος,
3492 5028 3598 5080 καὶ
3650 5026 3739 5080 διὰ

2125 5115 2223 5182 τῆς
2249 5115 2312 5165 ὲκ
2348 5112 2628 5185 Παρθένου
2663 5114 2828 5183 ἁγίας
2853 5117 3260 5186 προσκυνητῆς,
3290 5117 3612 5186 ἀφράστου
3642 5119 3740 5169 καὶ

2124 5204 2398 5276 ἀχράντου
2441 5205 2774 5274 σαρκώσεως
2829 5207 3216 5279 ἀνεκλαλήτως
3263 5212 3478 5277 φανεὶς
3538 5213 3603 5266 ὲν
3659 5208 3736 5280 τῷ

450 4837 770 4900 iterandam,
798 4837 1176 4906 inexplicalam
1200 4845 1256 4892 et
1288 4837 1543 4892 illibatam
1572 4855 1637 4893 ex
1669 4850 1854 4893 sancta
1889 4837 2015 4892 Vir-

448 4927 573 4996 gine
598 4927 1058 4991 incarnationem,
1097 4937 1155 4981 ut
1211 4929 1468 4983 mundum
1519 4927 1861 4983 ineﬂabiliter
1906 4931 2017 4983 sal-

451 5024 632 5079 varet,
687 5026 744 5070 et
789 5026 844 5068 te
893 5031 1144 5086 suprema
1190 5033 1284 5072 sua
1339 5019 1535 5072 virtute
1572 5019 1636 5073 de
1690 5019 1828 5073 cmlo
1877 5019 2018 5088 deje-

449 5117 617 5170 ctum,
643 5108 1016 5176 perditumque
1034 5109 1283 5164 omnibus
1308 5110 1723 5176 demonstraret,
1747 5111 2014 5178 apparuit.

446 5197 698 5266 Increpat
729 5209 781 5252 te
837 5199 1134 5262 Dominus,
1162 5199 1411 5267 diabole,
1469 5201 1560 5269 qui
1594 5203 1730 5256 mari
1789 5204 1966 5257 dixit‘
2005 5221 2018 5258 :

518 5351 538 5385 ¹
576 5353 743 5409 Marc.
781 5368 851 5416 tv,
890 5353 980 5408 59.

517 5508 593 5580 (tl)
627 5508 788 5580 Deest
823 5507 874 5561 in
900 5507 1151 5562 omnibus
1191 5509 1596 5580 exemplaribus
1626 5511 1740 5565 haec
1775 5509 1972 5569 oratio.

515 5577 593 5648 (5)
625 5577 990 5650 Legiturcum
1016 5591 1080 5650 ea
1104 5593 1225 5650 quae
1251 5577 1457 5650 incipit,
1478 5579 1535 5632 '0
1564 5579 1698 5644 Θεὸς
1723 5586 1750 5635 ὁ
1772 5583 2008 5650 αἰώνιος,

445 5647 500 5702 iu
523 5645 632 5701 uno
674 5645 726 5701 e'
747 5645 1059 5702 Barberinis
1095 5645 1375 5705 codicibus
1401 5668 1415 5705 :
1470 5651 1523 5706 in
1554 5666 1661 5721 quo
1699 5653 1841 5708 sicut
1869 5662 1921 5708 et
1953 5645 2006 5709 in

2119 5515 2303 5597 editis.
2337 5516 2735 5597 Chrysostomo
2763 5520 2856 5597 _his
2902 5522 3090 5597 verbis
3126 5523 3472 5597 attribuitur
3509 5542 3524 5579 :
3599 5531 3734 5597 Ἀφ-

2119 5586 2345 5662 ορισμὸς
2361 5586 2635 5662 τοῦάγίου
2661 5588 2906 5662 Ἰωάννου
2935 5590 3030 5643 τοῦ
3047 5591 3426 5661 Χρυσοτόμου
3453 5597 3542 5662 είς
3570 5586 3738 5654 aveb-

2123 5657 2519 5727 ματιζομένους
2539 5658 2650 5712 ὑπὸ
2671 5661 2995 5729 πνευμάτων
3022 5657 3381 5732 ἀκαθάρτων.
