4004 6156
346 205 482 261 1665

1483 201 1880 261 ORATIONES
1921 200 2055 257 PRO
2098 198 2442 257 OBSESSIS.

3459 200 3481 255 Ι
3492 200 3595 256 066

342 320 532 388 κόσμῳ
560 314 657 371 τοῦ
713 314 889 371 σῶσαι
923 300 1110 382 αὐτὸν,
1164 319 1260 372 καὶ
1286 319 1352 389 τῇ
1402 319 1699 389 αὐθεντικῇ
1749 314 1918 371 αὐτοῦ

2022 311 2193 378 Tace,
2231 312 2525 367 obmutesce
2563 348 2580 374 .
2642 309 2836 379 eteius
2883 308 3039 379 jussu
3098 310 3382 368 confestim
3435 315 3592 382 quie—

338 410 566 480 δυνάμει
609 408 775 478 ῥίψας
831 425 892 462 σε
941 409 1257 480 οὐρανόθεν,
1310 411 1406 464 καὶ
1442 410 1716 464 άπόλυτον
1750 409 1916 462 παντὶ

339 499 542 565 δείξας.
574 500 843 570 Ἐπιτιμᾷ
879 516 964 553 σοι
997 500 1224 571 Κύριος,
1280 501 1518 566 διάϐολε,
1567 501 1597 553 6
1628 499 1800 555 εἰπὼν
1847 501 1915 570 τῇ

342 589 588 660 θαλάσση
608 605 619 619 ·
653 587 877 654 Σιώπα,
921 590 1236 659 πεφίμωσο
1262 607 1275 620 '
1337 592 1432 644 καὶ
1458 590 1538 662 τῷ
1584 591 1916 661 κελεύσματι

342 680 544 744 εὐθέως
571 680 862 733 ἐκόπασεν.
909 679 1172 750 Ἐπιτιμᾷ
1206 696 1291 733 σοι
1332 680 1559 751 Κύριος,
1607 680 1858 744 διάϐολε,
1890 682 1919 734 6

342 771 419 841 τῷ
450 770 705 840 ἀχράντῳ
732 769 947 840 πτυέλῳ
968 771 1137 840 πηλὶν
1163 771 1419 841 ποιήσας,
1449 773 1546 824 καὶ
1573 770 1633 824 τὸ
1671 771 1917 823 ἐλλεῖπον

346 861 506 931 μέλος
539 860 616 929 τῷ
646 862 710 913 ἐκ
736 861 961 930 γενετῆς
991 860 1178 932 τυφλῷ
1205 862 1534 925 διαπλάσας,
1582 864 1676 939 καὶ
1708 864 1770 916 τὸ
1799 863 1915 929 φῶς

342 953 729 1022 χαρισάμενος.
771 952 1035 1022 Ἐπιτιμᾷ
1069 969 1153 1006 σοι
1203 953 1432 1024 Κύριος,
1456 955 1695 1018 διάϐολε,
1741 957 1771 1007 6
1818 957 1918 1027 τὴν

344 1043 620 1112 θυγατέρα
652 1041 745 1095 τοῦ
766 1043 1220 1112 ἀρχισυναγώγου
1246 1045 1391 1114 λόγῳ
1431 1044 1796 1117 ζωοποιήσας,
1822 1046 1919 1099 καὶ

340 1134 440 1203 τῆς
468 1135 641 1204 χήρας
667 1134 759 1186 τὸν
794 1135 908 1186 υἱὸν
940 1135 1006 1187 ὲκ
1033 1135 1301 1204 στόματος
1325 1136 1420 1189 τοῦ
1452 1136 1687 1190 Θανάτου
1732 1138 1917 1206 ἀφαρ-

342 1226 520 1288 πάσας
551 1227 643 1277 καὶ
670 1228 740 1296 τῇ
766 1226 874 1296 ίδίᾳ
905 1228 1077 1296 μητρὶ
1105 1227 1425 1298 ὀλόκληρον,
1456 1230 1551 1281 καὶ
1580 1229 1707 1299 ὑγιῆ
1752 1229 1918 1283 αὐτὸν

340 1317 730 1385 χαρισάμενος.
764 1318 1032 1389 Ἐπιτιμᾲ
1064 1335 1148 1372 σοι
1205 1319 1437 1389 Κύριος,
1480 1318 1717 1382 διάϐολε,
1752 1322 1781 1373 6
1824 1320 1917 1373 τὸν

338 1407 592 1478 Λάζαρον
620 1410 686 1461 ὲκ
724 1402 951 1479 νεκρῶν
995 1410 1377 1481 τετραήμερον
1423 1412 1667 1479 ἄσηπτον
1706 1411 1782 1475 ῶς
1841 1412 1916 1482 μὴ

341 1497 593 1562 θανόντα,
631 1498 728 1552 καὶ
771 1498 1028 1563 ἄσπιλον,
1081 1502 1164 1562 είς
1219 1499 1485 1570 ἔκπληξιν
1541 1501 1653 1554 τῶν
1705 1501 1916 1555 πολλῶν

341 1591 725 1659 παραστήσας.
791 1590 1170 1661 Ἐπιτιμᾷ¹σοι
1213 1590 1438 1661 Κύριος,
1483 1590 1721 1656 διάϐολε,
1765 1594 1792 1645 6
1828 1592 1917 1646 διὰ

2022 404 2115 457 vit.
2154 402 2400 474 Increpat
2427 413 2482 459 te
2502 402 2798 471 Dominus,
2830 402 3064 467 diabole,
3088 405 3179 472 qui
3211 404 3419 459 illibato
3479 405 3593 460 luto

2019 508 2051 549 e
2086 503 2244 564 sputo
2266 494 2537 561 confecto,
2569 493 2831 551 deficiens
2871 510 2900 548 a
2944 494 3236 550 nativitate
3285 497 3592 551 membrum

2018 600 2165 640 caeco
2217 586 2493 652 restituit,
2543 587 2832 656 lumenque
2880 586 3063 641 videre
3103 587 3341 641 donavit.
3408 586 3593 644 lncre—

2019 686 2112 747 pat
2144 685 2198 731 te
2233 676 2514 743 Dominus,
2546 678 2781 744 diabole,
2832 677 2924 747 qui
2956 677 3121 732 verbo
3159 692 3258 733 suo
3311 678 3596 749 archisyn-

2019 767 2175 834 agogi
2212 766 2375 820 ﬁliam
2391 768 2567 821 vivam
2599 767 2747 833 fecit,
2778 777 2832 821 et
2854 767 3027 821 viduae
3058 767 3227 821 tilium
3251 767 3446 824 mortis
3474 768 3595 824 fau-

2020 856 2173 912 cibus
2201 867 2466 925 ereptum,
2492 859 2724 927 propriae
2776 859 2934 912 matri
2970 858 3301 913 incolumem
3351 862 3597 914 salvum-

2020 963 2126 1017 que
2185 950 2445 1005 restituit.
2500 950 2745 1019 Increpat
2785 959 2843 1004 te
2885 948 3175 1017 Dominus,
3227 951 3459 1014 diabole,
3501 953 3592 1017 qui

2020 1040 2437 1106 quatriduanum
2489 1040 2807 1097 emortuis
2862 1041 3131 1094 Lazarum
3193 1042 3590 1112 incorruptum,

2019 1129 2177 1185 velut
2226 1145 2335 1186 non
2413 1141 2717 1195 mortuum,
2775 1139 2830 1186 et
2885 1133 3188 1189 intabidum
3235 1134 3302 1188 ad
3347 1136 3591 1189 omnium

2018 1231 2293 1291 stuporem
2321 1224 2598 1279 excitavit.
2636 1224 2888 1295 Increpat
2941 1238 2994 1280 te
3042 1226 3322 1290 Dominus,
3356 1227 3590 1292 diabole,

2019 1314 2109 1381 qui
2158 1329 2254 1380 per
2307 1325 2616 1380 susceptam
2679 1330 2711 1370 a
2741 1331 2802 1370 se
2854 1317 3102 1384 alapam,
3162 1318 3592 1373 maledictionem

2020 1414 2258 1458 nostram
2315 1405 2523 1460 irritam
2577 1405 2755 1471 fecit;
2799 1416 2852 1461 et
2893 1422 2988 1476 per
3027 1407 3217 1462 illibati
3272 1408 3459 1464 lateris
3510 1410 3594 1464 sui

2020 1494 2214 1549 vulnus
2245 1495 2550 1551 ﬂammeum
2579 1497 2815 1567 gladium
2844 1499 3077 1566 paradisi
3105 1500 3310 1555 aditum
3331 1502 3596 1556 obseran—

2021 1594 2126 1639 tem
2159 1587 2439 1642 exstinxit.
2467 1587 2799 1658 Increpatte
2831 1590 3115 1657 Dominus,
3137 1591 3479 1660 diabole,qui
3500 1606 3598 1660 per

337 1681 431 1734 τοῦ
469 1681 811 1752 ραπίσματος
842 1682 941 1752 τὴν
968 1682 1216 1752 κατάραν
1257 1684 1638 1753 καταργήσας,
1684 1683 1779 1737 καὶ
1824 1683 1913 1736 διὰ

2021 1671 2252 1727 divinam
2293 1673 2472 1729 vultus
2524 1648 2893 1729 sui-formam
2953 1648 3127 1746 sputis
3175 1648 3596 1746 fmdatam,llau

337 1774 436 1844 τῆς
466 1772 670 1844 λόγχης
730 1773 831 1836 τῆς
882 1773 1152 1845 ἀχράντου
1204 1773 1447 1844 πλευρᾶς
1479 1773 1644 1828 αὑτοῦ
1675 1774 1775 1845 τήν
1822 1775 1912 1827 τὸν

337 1865 670 1936 παράδεισον
717 1864 1098 1933 φυλάττουσαν
1147 1865 1409 1936 φλογίνην
1460 1865 1739 1938 ῥομφαίαν
1779 1868 1914 1921 ἀνα-

340 1954 577 2018 στείλας.
619 1955 885 2025 Ἐπιτιμᾷ
932 1971 1014 2009 σοι
1067 1954 1294 2027 Κύριος,
1323 1956 1564 2021 διάϐολε,
1611 1959 1640 2011 6
1679 1958 1768 2012 διά
1815 1956 1910 2010 τοῦ

338 2046 731 2116 ὲμπτύσματος
781 2045 878 2099 τοῦ
937 2047 1122 2117 τιμίου
1176 2047 1344 2101 αὐτοῦ
1409 2049 1758 2122 χαρακτῆρος
1803 2051 1913 2105 πᾶν

338 2134 575 2204 δάκρυον
609 2134 673 2185 ὲκ
728 2133 931 2198 παντὸς
970 2134 1266 2203 προσώπου
1316 2136 1585 2207 ὲκμάξας.
1649 2137 1913 2209 Ἑπιτιμᾷ

343 2238 424 2273 σοι
456 2220 679 2291 Κύριος,
703 2221 940 2285 διάϐολε,
969 2223 998 2275 6
1026 2223 1206 2294 πήξας
1235 2223 1327 2276 τὸν
1356 2224 1588 2295 σταυρὸν
1615 2226 1696 2288 είς
1725 2225 1913 2295 στήρι-

341 2328 458 2381 γμα
510 2311 568 2363 ἓν
602 2312 695 2366 καὶ
727 2312 1002 2384 σωτηρίαν
1051 2315 1282 2385 κόσμου,
1343 2316 1426 2378 εἰς
1484 2314 1693 2368 πτῶσιν
1724 2316 1781 2369 δὲ
1815 2318 1915 2389 σὴν

340 2403 434 2454 καὶ
490 2401 709 2455 πάντων
756 2401 868 2455 τῶν
924 2402 1031 2455 ὑπὸ
1088 2403 1148 2455 σὲ
1194 2404 1463 2473 ἀγγέλων.
1514 2404 1781 2476 Ἐπιτιμᾷ
1833 2422 1916 2459 σοι

340 2494 570 2565 Κύριος,
601 2494 841 2562 διάϐολε,
865 2496 893 2548 6
918 2494 1042 2558 δοὺς
1074 2497 1258 2566 φωνὴν
1289 2498 1348 2550 ὲν
1379 2496 1460 2567 τῷ
1491 2498 1709 2568 σταυρῷ
1728 2497 1913 2564 αὐτοῦ,

342 2586 514 2640 καὶτὸ
540 2587 944 2655 καταπέτασμα
962 2586 1057 2638 τοῦ
1083 2586 1212 2639 ναοῦ
1242 2586 1497 2658 ἐσχίσθη,
1519 2589 1611 2640 καὶ
1630 2590 1687 2640 αἱ
1711 2587 1915 2659 πέτραι

341 2676 730 2749 διερράγησαν,
781 2678 877 2730 καὶ
935 2678 1004 2730 τὰ
1056 2678 1301 2747 μνημεῖα
1329 2678 1706 2749 ἠνεῴχθησαν,
1734 2680 1829 2732 καὶ
1862 2679 1911 2731 oi

277 2836 280 2839 λ
344 2768 439 2823 ἀπ’
480 2768 671 2831 αἰῶνος
699 2767 956 2832 Θανόντες
988 2768 1318 2840 ἀνέστησαν.
1372 2770 1636 2842 Ἐπιτιμᾷ
1676 2789 1759 2824 σοι
1796 2770 1915 2824 Κύ-

350 2877 487 2932 ριος,
515 2860 752 2926 διάϐολε,
784 2860 814 2912 6
870 2861 1096 2932 θάνατῳ
1145 2862 1381 2915 θάνατον
1414 2862 1756 2927 θανατώσας,
1821 2862 1917 2917 καὶ

348 2948 495 3019 ζωὴν
516 2951 584 3020 τῇ
613 2949 832 3021 ἐγέρσει
858 2949 1024 3003 αὐτοῦ
1046 2951 1158 3013 τοῖς
1180 2950 1490 3022 ἀνθρώποις
1520 2953 1913 3023 χαρισάμενος.
1945 2991 1987 3048 C

359 3041 712 3111 Ἐπιτιμήσαι
741 3058 824 3094 σοι
848 3040 1078 3109 Κύριος,
1112 3041 1354 3104 διάϐολε,
1381 3044 1408 3095 6
1445 3043 1690 3106 καταϐὰς
1722 3045 1804 3106 εἰς
1828 3043 1920 3098 τὸν

347 3129 504 3201 ᾅδην,
544 3130 638 3183 καὶ
670 3131 738 3182 τὰ
772 3134 1012 3201 μνημεῖα
1045 3130 1210 3182 αὑτοῦ
1243 3130 1553 3197 ἐκτινάξας,
1583 3133 1676 3186 καὶ
1711 3133 1920 3198 πάντας

345 3221 471 3284 τοὺς
490 3222 547 3272 ὲν
587 3221 736 3292 αὐτῷ
763 3221 1164 3292 κατεχομένους
1210 3222 1466 3291 δεσμίους
1517 3224 1916 3296 ἐλευθερώσας,

347 3318 444 3369 καὶ
490 3317 624 3387 πρὸ,
659 3318 851 3370 ἑαυτὸν
883 3318 1398 3387 ἀνακαλεσάμενοςσ
1465 3318 1525 3372 ὃν
1577 3321 1628 3372 οἱ
1680 3321 1921 3392 πυλωροὶ

352 3407 577 3471 ἰδόντες,
618 3406 864 3476 ἐφριξαν.
899 3408 994 3460 καὶ
1035 3408 1247 3478 ἀγωνίᾳ
1297 3408 1393 3461 τοῦ
1448 3407 1575 3480 ᾅδου
1625 3409 1922 3481 κρυϐἐντες

348 3497 612 3561 ἐξέλιπον.
678 3498 1040 3568 Ἐπιτιμήσαι
1083 3515 1163 3550 σοι
1213 3497 1437 3570 Κύριος,
1489 3499 1733 3564 διάϐολε,
1785 3502 1816 3554 6
1851 3502 1918 3554 ὲκ

348 3589 559 3659 νεκρῶν
592 3588 832 3651 ἀναστὰς
857 3588 1094 3659 Χριστὸς
1124 3587 1152 3639 6
1178 3587 1309 3652 Θεὸς
1333 3588 1488 3659 ἡμῶν
1519 3589 1611 3643 καὶ
1653 3591 1789 3643 πᾶσι
1823 3589 1921 3661 τὴν

351 3679 648 3733 ἀνάστασιν
674 3678 842 3733 αὐτοῦ
862 3680 1256 3750 χαρισάμενος.
1286 3680 1648 3749 Ἐπιτιμήσαι
1676 3698 1760 3734 σοι
1805 3680 1921 3734 Κύ-

357 3787 490 3841 ριος,
519 3770 759 3834 διάϐολε,
788 3772 816 3824 6
846 3772 928 3834 είς
978 3772 1245 3841 οὐρανοὺς
1302 3772 1361 3824 ὲν
1393 3771 1521 3842 δόξῃ
1583 3772 1920 3842 ἀναληφθεὶς

354 3863 494 3934 πρὸς
520 3862 609 3914 τὸν
652 3862 871 3932 Πατέρα
893 3862 1080 3926 αὐτοῦ,
1113 3864 1209 3916 καὶ
1239 3863 1303 3916 ἐκ
1322 3862 1515 3929 δεξιῶν
1544 3865 1644 3932 τῆς
1679 3864 1924 3935 μεγαλω-

352 3954 518 4023 σύνης
544 3954 635 4006 ἐπὶ
662 3953 851 4027 θρόνου
881 3953 1039 4023 δόξης
1070 3953 1400 4024 καθήμενος.
1447 3954 1809 4025 Ἐπιτιμήσαι
1839 3971 1922 4007 σοι

351 4045 578 4116 Κύριος,
599 4044 833 4107 διάϐολε,
860 4045 889 4097 6
916 4045 1079 4098 πάλιν
1117 4044 1412 4115 ἐρχόμενος
1438 4044 1578 4117 μετὰ
1617 4046 1773 4116 δόξης
1829 4047 1923 4099 ἐπὶ

349 4136 461 4189 τῶν
485 4135 726 4205 νεφελῶν
754 4136 847 4189 τοῦ
897 4135 1156 4207 οὐρανοῦ,
1185 4136 1336 4205 μετά
1376 4135 1487 4188 τῶν
1526 4135 1699 4204 ἁγίων
1754 4137 1923 4205 ἀγγέ-

349 4228 458 4280 λων
484 4225 674 4292 αὺτοῦ,
701 4229 889 4297 κρῖναι
912 4225 1123 4291 ζῶντας
1155 4226 1250 4280 καὶ
1284 4225 1535 4295 νεκρούς.
1561 4227 1922 4298 Ἐπιτιμήσαι

2018 1778 2258 1834 crymam
2311 1780 2530 1821 omnem
2585 1767 2944 1839 abomnium
2985 1769 3133 1822 vultu
3173 1770 3452 1825 abstersit.
3504 1770 3595 1824 lu-

2018 1867 2204 1925 crepat
2237 1867 2290 1912 te
2323 1856 2610 1924 Dominus,
2641 1859 2873 1927 diabole,
2907 1860 3002 1930 qui
3033 1876 3250 1917 crucem
3284 1863 3339 1917 in
3375 1864 3594 1921 unicum

2021 1948 2296 2005 munimen
2324 1959 2380 2007 et
2414 1952 2598 2007 mundi
2620 1944 2881 2020 salutem,
2910 1952 2965 2007 in
3022 1953 3234 2009 ruinam
3268 1970 3397 2012 vero
3445 1966 3594 2014 tuam

2018 2049 2073 2096 et
2100 2042 2340 2096 omnium
2385 2043 2482 2099 tibi
2525 2043 2867 2099 subditorum
2906 2047 3221 2117 angelorum
3256 2049 3461 2104 deﬁxit.
3507 2050 3598 2105 ln-

2019 2140 2207 2202 crepat
2233 2141 2287 2187 te
2336 2132 2629 2200 Dominus,
2673 2133 2908 2198 diabole,
2937 2150 3046 2204 quo
3096 2135 3150 2190 in
3197 2150 3358 2193 cruce
3406 2154 3594 2195 vocem

2018 2218 2298 2287 ederente,
2328 2221 2505 2276 velum
2543 2222 2724 2293 templi
2770 2223 3000 2279 scissum
3033 2232 3140 2289 est,
3172 2235 3344 2296 petras
3371 2228 3595 2283 confra-

2021 2324 2143 2377 ctae,
2177 2320 2528 2368 monumenta
2557 2328 2774 2384 quoque
2811 2324 2999 2384 aperta
3047 2324 3196 2383 sunt,
3235 2327 3290 2372 et
3329 2320 3526 2373 mortui
3561 2336 3595 2376 ει

2021 2403 2224 2459 saeculo
2240 2413 2684 2459 exsurrexerunt.
2714 2404 2959 2474 Increpat
2983 2414 3035 2461 te
3062 2406 3340 2477 Dominus,
3361 2411 3518 2465 diabo
3540 2427 3593 2477 e,

2020 2496 2113 2567 qui
2154 2505 2329 2550 morte
2378 2508 2609 2552 mortem
2662 2499 2912 2564 necavit,
2942 2507 2999 2554 et
3041 2503 3442 2558 resurrectione
3496 2519 3596 2559 sua

2021 2588 2187 2642 vitam
2217 2587 2530 2642 hominibus
2566 2587 2796 2659 largitus
2817 2599 2920 2644 est.
2948 2589 3198 2661 lncrepet
3226 2600 3279 2646 te
3311 2593 3593 2660 Dominus,

2021 2677 2255 2741 diabole,
2273 2678 2386 2747 qui,
2422 2680 2702 2733 concussis
2724 2680 3112 2743 monumentis,
3133 2680 3186 2734 in
3212 2681 3479 2737 infernum
3499 2686 3595 2738 deo

2020 2768 2303 2832 scendens,
2316 2782 2503 2822 omnes
2518 2767 2571 2822 in
2587 2783 2653 2823 eo
2668 2770 2912 2838 captivos
2923 2770 2987 2824 ad
3005 2785 3064 2826 se
3081 2781 3284 2826 tractos
3300 2776 3593 2841 revocavit,

2023 2874 2131 2929 quo
2175 2859 2314 2926 viso,
2341 2858 2609 2929 ianitores
2641 2859 2836 2914 inferni
2868 2860 3065 2916 turbati
3103 2871 3251 2928 sunt,
3284 2865 3416 2919 etin
3459 2866 3596 2922 imas

2028 2948 2285 3004 tenebras
2322 2949 2556 3014 detrusi,
2584 2964 2696 3019 prae
2734 2951 3090 3021 trepidatione
3119 2953 3405 3010 stationem
3443 2972 3594 3010 suam

2021 3042 2438 3110 dereliquerunt.
2456 3040 2702 3111 lncrepet
2729 3050 2781 3096 te
2806 3042 3085 3109 Dominus,
3118 3043 3347 3110 diabole,
3367 3060 3396 3098 a
3426 3056 3597 3102 morte

2023 3146 2311 3203 resurgens
2323 3133 2569 3188 Christus
2583 3131 3170 3199 Deusnoster,cunctis
3184 3138 3596 3193 resurrectionis

2021 3225 2361 3294 privilegium
2397 3225 2646 3294 largitus.
2682 3224 2928 3295 lncrepet
2955 3234 3007 3280 te
3049 3227 3331 3294 Dominus,
3358 3229 3594 3293 diabole,

2021 3319 2111 3389 qui
2141 3322 2207 3373 ad
2237 3320 2451 3375 Patrem
2480 3335 2603 3374 cum
2633 3320 2804 3390 gloria
2846 3322 2897 3374 in
2933 3320 3104 3375 caelos
3136 3319 3402 3384 ascendit,
3437 3328 3491 3373 et
3538 3319 3592 3373 in

2022 3408 2243 3463 dextera
2275 3406 2576 3474 majestatis
2608 3409 2659 3462 in
2683 3411 2880 3463 throno
2902 3408 3087 3478 gloria:
3120 3408 3294 3464 sedet.
3344 3406 3590 3477 lncrepet

2025 3505 2076 3551 te
2106 3497 2385 3562 Dominus,
2425 3497 2662 3561 diabole,
2697 3512 2884 3552 rursus
2907 3512 3028 3552 cum
3059 3496 3228 3567 gloria
3272 3498 3324 3551 in
3357 3498 3592 3553 nubibus

2022 3586 2167 3652 caeli,
2194 3601 2314 3641 cum
2345 3587 2552 3642 sanctis
2576 3588 2783 3657 angelis
2804 3588 2915 3642 suis
2940 3588 3093 3642 vivos
3132 3595 3188 3641 et
3230 3594 3472 3642 mortuos
3497 3588 3589 3659 ju-

2026 3678 2325 3731 dicaturus.
2356 3676 2601 3745 lncrepet
2632 3685 2685 3732 te
2733 3677 3014 3742 Dominus,
3047 3677 3280 3743 diabole,
3311 3678 3405 3748 qui
3435 3680 3592 3734 inex—

2023 3765 2387 3835 stinguibilem
2416 3764 2617 3834 ignem,
2644 3773 2700 3821 et
2740 3763 3036 3833 insopitum
3064 3779 3322 3834 vermem,
3356 3775 3411 3821 et
3443 3777 3592 3823 tene-

1998 3855 2152 3923 _bras
2174 3856 2491 3917 exteriores,
2520 3855 2573 3909 in
2610 3862 2871 3909 aeternam
2903 3855 3305 3911 damnationem
3333 3857 3427 3912 tibi
3452 3872 3591 3928 pra:-

2022 3949 2254 4017 paravit.
2288 3944 2535 4016 lncrepet
2562 3956 2613 4002 te
2645 3946 2924 4011 Dominus,
2954 3945 3191 4010 diabole,
3219 3962 3247 4000 a
3286 3947 3443 4016 cujus
3478 3950 3594 4003 vir-

2026 4041 2155 4096 tutis
2192 4039 2331 4095 l‘acie
2377 4049 2572 4094 cuncta
2612 4027 2852 4093 tremu‘ut
2903 4046 2960 4093 et
2996 4048 3403 4108 expavescunt,
3457 4041 3586 4109 quia

2025 4131 2395 4186 intolerandus
2432 4137 2516 4184 est
2554 4129 2839 4184 adversum
2877 4137 2929 4184 te
2957 4128 3438 4184 comminationum
3470 4130 3591 4200 ejus

2025 4210 2197 4277 furor.
2245 4221 2362 4291 Ipse
2388 4218 2648 4275 Dominus
2681 4228 2733 4275 te
2782 4219 3048 4287 increpat,
3089 4216 3324 4286 diabole,
3358 4233 3455 4288 per
3483 4229 3592 4275 tre-

353 4334 436 4371 σοι
467 4316 691 4387 Κύριος,
713 4316 946 4378 διάϐολε,
970 4319 998 4371 6
1029 4317 1092 4370 τὸ
1114 4315 1227 4388 πῦρ
1246 4315 1309 4371 τδ
1336 4315 1623 4383 ἄσϐεστον,
1661 4317 1757 4371 καὶ
1778 4316 1920 4371 σκώ-

2027 4312 2276 4367 mendum
2320 4324 2525 4365 nomen
2564 4325 2721 4364 suum
2754 4326 2768 4364 :
2800 4308 2988 4376 treme,
3035 4317 3228 4373 treme,
3266 4322 3588 4378 expavesco,

350 4408 495 4478 ληκα
514 4407 606 4460 τὸν
623 4406 946 4478 ἀκοίμητον,
966 4409 1062 4461 καὶ
1087 4407 1283 4471 σκότος
1310 4409 1372 4461 τὸ
1403 4407 1671 4479 ἐξώτερον
1699 4409 1923 4479 ἑτοιμά-

354 4515 456 4561 σας
504 4515 586 4552 σοι
654 4499 736 4561 είς
798 4496 1019 4551 αἰώνιον
1074 4498 1321 4553 κόλασιν.
1399 4499 1760 4570 Ἐπιτιμήσαι
1839 4518 1923 4554 σοι

353 4589 838 4659 Κύριος,διάϐολε,
861 4589 921 4642 ὃν
959 4590 1140 4643 πάντα
1184 4588 1405 4660 φρίσσει
1444 4592 1538 4643 καὶ
1574 4592 1772 4661 τρέμει
1816 4591 1925 4645 ἀπὸ

353 4679 648 4749 προσώπου
670 4681 955 4751 δυνάμεως
971 4680 1139 4733 αὐτοῦ
1159 4719 1175 4745 ,
1209 4682 1291 4733 ὅτι
1316 4679 1584 4744 ἀστεκτος
1599 4685 1632 4751 ἡ
1655 4682 1794 4754 ὀργὴ
1823 4683 1925 4753 τῆς

351 4772 446 4824 ἐπὶ
475 4772 533 4825 σὲ
557 4773 787 4844 ἀπειλῆς
836 4771 1024 4825 αὑτοῦ.
1066 4772 1241 4834 Αὐτὸς
1275 4773 1506 4843 ἐπιτιμᾷ
1549 4789 1633 4826 σοι
1688 4773 1918 4843 Κύριος,

348 4863 586 4926 διάϐολε,
617 4864 707 4916 διὰ.
733 4864 826 4916 τοῦ
854 4863 1091 4934 φοϐεροῦ
1122 4862 1292 4916 αὐτοῦ
1341 4862 1611 4932 ὀνόματος
1639 4879 1652 4893 ·
1704 4863 1920 4933 φρίξον,

349 4954 642 5022 τρόμαξον,
694 4953 1000 5024 φοϐήθητι,
1049 4952 1428 5023 ἀναχώρησον,
1473 4952 1920 5025 ὲξολοθρεύθητι,

324 5043 723 5114 Ἰρυγαδεύθητι
752 5046 781 5096 6
812 5043 994 5097 πεσὼν
1021 5044 1337 5113 οὐρανόθεν,
1378 5044 1474 5097 καὶ
1506 5044 1603 5097 σὺν
1630 5045 1713 5098 σοὶ
1744 5045 1926 5098 πάντα

348 5136 419 5189 τά
438 5134 652 5203 πονηρά
674 5132 985 5203 πνεύματα,
1016 5135 1124 5186 πᾶν
1152 5132 1370 5203 πνεῦμα
1396 5132 1656 5203 πονηρὸν,
1701 5132 1926 5203 πνεῦμα

349 5226 665 5293 ἀσελγείας,
713 5225 933 5294 πνεῦμα
982 5223 1269 5293 πονηρίας,
1323 5224 1545 5293 πνεῦμα
1606 5224 1929 5294 νυκτερινὸν

346 5318 446 5372 καὶ
502 5314 800 5387 ⁴ίῑμερινδν,
867 5313 1242 5384 μεσημϐρινὸν
1314 5331 1375 5367 τε
1437 5315 1535 5368 καλ⁸
1570 5313 1921 5399 ἑσπερινόν

350 5408 571 5478 πνεῦμα
605 5404 1017 5479 μεσονυκτικὸν,
1045 5402 1265 5473 πνεῦμα
1284 5404 1677 5472 φανταστικὸν,
1700 5402 1927 5474 πνεῦμα

352 5501 692 5568 συναντικὸν,
737 5499 848 5551 εἴτε
902 5499 1184 5568 χερσαῖον,
1240 5496 1350 5548 εἴτε
1402 5495 1648 5564 ἔνυδρον,
1698 5495 1808 5548 είτε
1867 5495 1926 5548 ὲν

352 5592 560 5656 ἀλσοις,
588 5589 699 5644 εἴτε
727 5590 785 5643 ὲν
807 5587 1099 5659 καλάμοις,
1126 5583 1235 5638 εἴτε
1264 5586 1322 5638 ἐν
1372 5583 1663 5655 φάραγξιν,
1703 5581 1814 5637 είτε
1865 5584 1925 5637 ιν

2024 4402 2262 4466 discede,
2291 4401 2601 4471 disperdere
2621 4439 2635 4465 ,
2667 4399 2905 4469 eﬂ'ugare
2926 4439 2942 4465 ,
2972 4399 3062 4469 qui
3093 4414 3125 4454 e
3145 4400 3285 4455 caelo
3310 4400 3588 4470 decidisti,

2025 4499 2309 4561 tecumque
2338 4489 2555 4560 maligni
2587 4489 2766 4544 cuncti
2797 4489 3024 4559 Spiritus
3056 4506 3071 4544 :
3108 4489 3332 4558 spiritus
3362 4489 3587 4558 impuri-

2025 4583 2174 4649 tatis,
2208 4583 2436 4652 spiritus
2490 4580 2762 4652 nequitiac,
2814 4582 3037 4650 spiritus
3089 4590 3407 4647 nocturnus,
3437 4581 3592 4637 diur-

2025 4688 2163 4739 nus,
2212 4672 2542 4728 meridianus
2590 4682 2647 4727 et
2716 4672 3089 4741 vespertinus,
3141 4672 3365 4741 spiritus
3402 4673 3594 4728 media:

2025 4761 2222 4824 noctis,
2267 4760 2489 4830 spiritus
2522 4759 2742 4828 spectri,
2781 4739 3005 4829 spiritus
3039 4739 3332 4815 occurrens
3352 4739 3591 4830 quicun-

2024 4867 2150 4923 que,
2180 4854 2295 4907 sive
2327 4863 2594 4917 terrenus,
2621 4852 2738 4907 sive
2765 4851 3038 4921 aquatilis,
3073 4851 3190 4906 sive
3234 4852 3288 4905 in
3339 4853 3591 4918 saltibus,

2021 4943 2135 4996 sive
2189 4942 2244 4995 in
2292 4941 2534 5005 calamis,
2576 4940 2691 4994 sive
2723 4941 2776 4992 in
2808 4939 3160 5006 convallibus,
3181 4941 3295 4994 sive
3342 4944 3392 4994 in
3433 4941 3594 4996 biviis

2024 5043 2080 5088 et
2111 5033 2306 5095 triviis,
2337 5033 2389 5086 in
2422 5033 2668 5098 lacubus,
2690 5031 2742 5084 in
2762 5030 2970 5097 ﬂuviis,
2996 5033 3047 5084 in
3085 5033 3354 5099 domibus,
3386 5033 3439 5086 in
3473 5034 3594 5089 bal-

2026 5125 2142 5180 neis
2171 5125 2361 5180 solitus
2388 5125 2717 5187 discurrere,
2754 5132 2814 5175 ut
2842 5123 3114 5178 hominem
3145 5122 3323 5190 laedat,
3357 5133 3415 5178 et
3442 5140 3595 5181 men-

2029 5224 2135 5270 tem
2163 5215 2282 5286 ejus
2308 5217 2605 5285 perturbet.
2638 5212 2758 5269 Uno
2784 5214 2951 5268 verbo
2988 5215 3056 5268 ab
3087 5213 3304 5283 opilicio
3331 5216 3595 5272 creatoris

2028 5308 2227 5365 Christi
2272 5308 2367 5361 Dei
2397 5308 2567 5362 nostri
2592 5306 2874 5370 discedite,
2919 5321 2948 5359 a
2984 5321 3145 5361 servo
3190 5305 3285 5361 Dei
3322 5309 3490 5363 nostri
3520 5306 3589 5362 N.

2027 5397 2375 5469 separem’ini,
2415 5411 2444 5450 a
2495 5404 2694 5461 mente,
2725 5397 2793 5449 ab
2829 5395 3037 5475 anima,
3086 5412 3116 5450 a
3162 5397 3345 5462 corde,
3375 5412 3406 5451 a
3445 5399 3593 5453 reni-

2027 5492 2149 5557 bus,
2182 5488 2516 5553 asensibus,
2565 5487 2636 5542 ab
2683 5489 2934 5544 omnibus
2995 5488 3275 5554 membris,
3308 5499 3366 5543 ut
3413 5490 3594 5546 salvus

2029 5581 2123 5651 sit,
2154 5590 2208 5637 et
2239 5578 2549 5648 incolumis,
2579 5589 2633 5635 et
2667 5578 2803 5635 liber
2828 5596 2843 5645 ;
2873 5580 3259 5652 propriumque
3310 5579 3597 5639 Dominum
