4004 6156
418 256 556 315 i067
1203 239 1767 299 SUPPLEMENTUM
1805 241 1896 295 AD
1931 240 1984 294 s.
2019 243 2068 296 ι.
2112 235 2600 295 οιιιιγεοετοιιι
2639 236 2895 296 omam.
3454 196 3464 207 ’
3545 241 3683 296 1068

415 382 471 426 et
505 366 845 424 conditorem
878 360 1124 417 omnium
1157 359 1348 423 Deum,
1382 357 1474 427 qui
1509 366 1758 412 errantes
1807 356 1874 410 ad
1932 371 1992 412 se

2096 354 2288 418 διόδοις
2337 355 2436 408 καὶ
2481 353 2736 421 τριόδοις,
2774 355 2834 406 ὲν
2874 353 3116 424 λίμναις,
3154 354 3250 408 καὶ
3287 355 3346 407 ὲν
3391 361 3677 426 ποταμοῖς,

419 467 637 515 revocat
664 466 718 511 et
748 452 988 522 colligit,
1011 448 1203 518 eisque
1241 447 1431 502 salutis
1456 447 1674 515 signum
1700 461 1797 517 per
1830 460 1991 517 rege-

2102 451 2152 502 ὲν
2181 450 2374 510 οῐκοις,
2397 449 2456 500 ὲν
2488 445 2706 511 αὐλαῖς,
2741 447 2837 499 καὶ
2875 448 2935 499 ὲν
2970 444 3280 516 βαλανείοις
3327 449 3683 518 παρατρέχον

420 549 755 606 neralionem
790 553 841 598 et
878 542 1283 598 renovationem
1321 540 1495 594 sancti
1528 538 1868 607 baptismatis
1894 539 1995 592 im-

2101 539 2190 594 καὶ
2231 537 2491 609 βλάπτον,
2521 537 2617 590 καὶ
2646 536 2896 590 ἀλλοιοῦν
2923 536 3015 591 τὸν
3058 535 3184 590 νοῦν
3227 536 3324 590 τοῦ
3369 537 3682 609 ἀνθρώπου.

419 641 653 713 pertitur
673 679 688 704 ,
719 644 978 707 agnoscat
1007 651 1021 687 :
1055 638 1111 687 et
1145 631 1398 698 illibatis,
1428 629 1768 694 cmleslibus,
1803 639 1858 685 ct
1889 639 1997 684 tre-

2101 631 2388 700 Συντόμως
2443 631 2840 700 ἀναχωρήσατε
2893 629 3005 682 ἀπὸ
3045 627 3142 682 τοῦ
3198 629 3529 700 πλάσματος
3588 631 3682 684 τοῦ

418 731 631 786 mendis
685 728 800 797 ejus
859 725 1133 794 mysteriis
1191 723 1385 791 dignus
1441 720 1555 786 ﬂat,
1595 720 1998 789 veroqueejus

2104 721 2438 794 δημιουργοῦ
2484 721 2727 793 Χριστοῦ
2766 722 2864 776 τοῦ
2895 721 3033 776 Θεοῦ
3063 721 3243 792 ἡμῶν,
3287 722 3388 777 καὶ
3438 723 3685 779 ἀπαλλά-

420 819 547 874 ovili
593 818 648 871 in
673 816 943 886 refrigerii
975 815 1116 877 loco,
1151 827 1315 882 super
1347 827 1518 882 aquas
1548 812 1748 882 quietis
1783 813 1996 866 enutri-

2099 814 2264 884 χθητε
2295 813 2405 866 ἀπὸ
2450 813 2544 868 τοῦ
2589 813 2782 866 δούλου
2825 810 2924 865 τοῦ
2954 811 3095 864 Θεοῦ
3142 813 3320 876 τοῦδε,
3377 815 3488 867 ἀπὸ
3539 816 3680 882 νοὸς,

421 919 528 972 tus,
553 916 608 961 et
634 904 814 962 crucis
862 905 1012 974 virga
1065 915 1258 958 secure
1284 899 1508 971 pecudis
1541 913 1692 954 more
1733 898 1996 953 deductus

2102 906 2212 960 ἀπὸ
2241 907 2341 976 τῆς
2365 905 2562 975 ψυχῆς,
2592 904 2701 959 ἀπὸ
2729 905 2827 975 τῆς
2863 903 3110 974 καρδίας,
3161 903 3407 957 ἀπδτῶν
3440 906 3682 976 νεφρῶν,

422 999 665 1064 uniatur,
699 997 754 1050 in
779 995 1151 1050 remissionem
1170 1001 1539 1061 peccatorum,
1567 1002 1623 1046 et
1647 990 1816 1043 vitam
1839 997 2001 1043 acter-

2103 993 2214 1048 ἀπδ
2241 994 2350 1048 τῶν
2377 994 2711 1064 αἰσθήσεων,
2744 993 2854 1047 ἀπὸ
2894 994 3115 1046 πάντων
3144 992 3257 1046 τῶν
3302 993 3506 1063 μελῶν,
3546 997 3683 1066 πρὸς

424 1104 570 1142 nam.
595 1086 729 1154 Quia
764 1085 1020 1142 convenit
1043 1084 1094 1139 ei
1125 1083 1304 1138 omnis
1327 1081 1521 1152 gloria,
1553 1083 1751 1145 honor,
1783 1088 1838 1135 et
1869 1080 2000 1133 ado-

2105 1084 2167 1138 τὸ
2194 1079 2335 1137 εἶναι
2355 1083 2520 1136 αὐτὸν
2550 1085 2680 1154 ὑγιῆ
2731 1082 2825 1136 καὶ
2873 1083 3193 1152 ὀλόκληρον,
3227 1085 3325 1136 καὶ
3373 1085 3681 1157 ἐλεύθερον,

425 1179 586 1242 ratio,
612 1186 669 1232 et
699 1175 1125 1246 magniﬁcentia,
1149 1189 1273 1230 cum
1299 1172 1551 1243 principii
1597 1179 1824 1242 experte
1877 1171 1998 1240 ejus

2107 1172 2543 1242 ὲπιγινώσκοντα
2569 1175 2662 1228 τὸν
2693 1174 2825 1227 ἴδιον
2853 1173 3154 1244 Δεσπότην,
3201 1175 3297 1227 καὶ
3348 1175 3686 1248 δημιουργὸν

427 1267 625 1334 Patre,
685 1277 741 1322 et
795 1267 1172 1332 sanctissimo,
1207 1274 1263 1320 et
1298 1265 1468 1328 bono,
1524 1273 1580 1319 et
1631 1263 1850 1317 viviﬁco
1884 1260 2003 1330 ejus

2105 1265 2197 1319 τὸν
2229 1266 2488 1320 ἁπάντων
2521 1265 2678 1331 Θεὸν,
2720 1265 2814 1319 τὸν
2853 1267 3263 1334 ἑπισυνάγοντα
3303 1269 3430 1331 τοὺς
3469 1270 3683 1323 πεπλα-

429 1359 643 1428 Spiritu
679 1378 693 1414 :
727 1373 871 1415 nunc
902 1367 957 1414 et
985 1373 1220 1429 semper,
1254 1367 1308 1414 et
1343 1358 1396 1412 in
1427 1356 1625 1413 sarcula
1660 1356 2001 1411 saeculorum.

2109 1357 2400 1428 νημένους,
2455 1359 2554 1411 καὶ
2602 1357 2815 1411 διδόντα
2865 1359 3051 1420 αὐτοῖς
3096 1359 3373 1428 σφραγίδα
3409 1361 3684 1432 σωτηρίας

428 1451 622 1505 Amen.
2112 1449 2202 1502 διὰ
2235 1451 2336 1520 τῆς
2369 1449 2680 1520 γεννήσεως
2703 1449 2800 1502 καὶ
2831 1450 3234 1512 ἀνακαινίσεως
3265 1449 3360 1503 τοῦ
3402 1449 3550 1505 θείου
3587 1451 3688 1523 βα-

429 1542 759 1613 πτίσματος,
789 1544 869 1607 είς
891 1544 950 1597 τὸ
974 1543 1381 1614 καταξιωθῆναι
1411 1543 1574 1598 αὐτὸν
1605 1542 1715 1596 τῶν
1745 1542 2049 1614 ἀχράντων,
2089 1542 2186 1596 καὶ⁵
2214 1541 2579 1614 ἐπουρανίων,
2608 1543 2703 1596 καὶ
2741 1543 2990 1613 φρικτῶν
3027 1541 3195 1595 αὐτοῦ
3227 1544 3567 1616 μυστηρίων,
3591 1545 3686 1600 καὶ

431 1640 700 1710 ὲνωθῆναι
725 1643 792 1712 τῇ
838 1641 1004 1694 αὐτοῦ
1059 1640 1265 1715 ποίμνῃ
1310 1643 1378 1712 τῇ
1426 1641 1657 1713 ἀληθινῇ
1709 1642 1818 1715 ,εἰς
1865 1642 2033 1695 τόπον
2069 1641 2233 1714 χλόης
2298 1641 2775 1711 κατασκηνοῦντα,
2820 1642 2914 1696 καὶ
2953 1643 3047 1695 ἐπὶ
3086 1640 3279 1705 ὓδατος
3322 1639 3688 1703 ἀναπαύσεως

431 1731 858 1802 ἑκτρεφόμενον,
917 1733 1012 1786 καὶ
1066 1733 1170 1787 ὑπὸ
1241 1714 1548 1807 βακτηρίας
1607 1714 1716 1788 τοῦ
1752 1733 1990 1807 σταυροῦ
2030 1734 2408 1806 ποιμαντικῶς
2447 1733 2543 1789 καὶ
2593 1734 2854 1802 ἀσφαλῶς
2900 1734 3286 1804 όδηγούμενον,
3344 1735 3426 1796 είς
3490 1731 3686 1802 ἄφεσιν

433 1821 721 1893 ἁμαρτιῶν
752 1824 848 1876 καὶ
877 1823 955 1885 είς
980 1822 1127 1894 ζωὴν
1149 1823 1390 1878 αἰώνιον.
1446 1825 1568 1879 Ὅτι
1611 1825 1763 1896 αὐτῷ
1799 1826 1998 1897 πρέπει
2036 1829 2186 1881 πᾶσα
2225 1825 2373 1893 δόξα,
2443 1826 2598 1897 τιμὴ,
2631 1825 2727 1879 καὶ
2789 1825 3182 1897 προσκύνησις,
3216 1824 3313 1878 καὶ
3343 1821 3689 1894 μεγαλοπρέ-

433 1930 586 1980 πεια,
609 1915 706 1967 σὺν
730 1913 810 1985 τῷ
839 1914 1063 1986 ἀνάρχῳ
1085 1916 1251 1970 αὐτοῦ
1277 1917 1477 1990 Πατρὶ,
1509 1919 1605 1972 καὶ
1623 1917 1702 1988 τῷ
1734 1919 2007 1991 παναγίῳ,
2050 1921 2145 1974 καὶ⁵
2207 1918 2421 1990 ἀγαθῷ,
2449 1919 2545 1973 καὶ
2576 1915 2830 1988 ζωοποιῷ
2897 1917 3063 1971 αὑτοῦ
3105 1913 3386 1987 Πνεῦματι
3405 1929 3420 1944 °
3466 1914 3565 1969 νῦν
3592 1913 3689 1968 καὶ

434 2005 541 2072 ἀεὶ,
565 2005 660 2059 καὶ
686 2007 768 2072 είς
787 2007 913 2072 τοὺς
931 2007 1137 2072 αἰῶνας
1157 2008 1264 2064 τῶν
1295 2008 1527 2064 αἰώνων.
1564 2010 1623 2063 ’Δ
1631 2009 1758 2082 μήν.
