4040 6150
454 366 463 378 ’
518 370 654 431 1071

1436 378 1570 437 NlC.
1606 381 1881 441 PETREII
1922 386 2263 445 EPISTOLA
2302 391 2877 454 NUNCUPATORIA.

3628 408 3765 464 1072

511 490 850 561 φιλοσόφων.
876 490 1085 546 Prodiit
1117 500 1325 584 tantum
1360 492 1556 551 Latine
1586 498 1775 554 Venet.
1833 516 1879 555 a.
1920 502 2081 566 L552,
2114 503 2170 567 1,
2199 522 2265 562 ex
2300 510 2550 564 versione
2576 510 2689 566 Nic.
2722 511 2948 579 Petreii,
2975 513 3272 584 Corcyraei.
3306 516 3496 575 Graece
3527 520 3758 581 habetur

509 586 697 677 etiam
715 584 1141 677 aliqtiotiesgms.
1170 583 1477 677 AOxoniiin
1516 589 1645 644 bibl.
1693 589 1900 644 Bodlei.
1933 591 2122 647 Graeco
2163 595 2336 649 altero
2389 595 2520 650 bibl.
2554 597 2820 654 Caesarem
2850 602 3038 657 codice
3073 583 3189 674 [19.
3235 601 3297 658 γ.
3355 604 3612 664 Lambec.
3666 609 3756 677 γι,

507 688 560 742 p.
590 673 697 728 257
727 687 869 743 seq.,
894 683 947 727 et
977 674 1148 729 altero
1169 675 1221 728 in
1245 676 1366 729 cod.
1399 675 1658 730 Laurent.
1690 677 1788 750 ll.]
1820 690 1983 748 caput
2017 696 2161 735 xxxv
2196 682 2262 736 de
2288 684 2467 736 anima
2492 685 2777 755 quintuplo
2809 692 2981 756 majus
3018 673 3280 745 occurrit.
3304 690 3473 748 Fara.

581 764 697 820 Huc
731 766 985 821 reducam
1015 780 1081 819 ex
1129 767 1237 821 vol.
1270 765 1336 820 lX
1391 778 1497 821 vet.
1536 770 1624 824 ed.
1668 780 1794 838 post
1831 770 2041 841 prmfat.
2098 770 2333 827 Iudicem
2362 775 2701 841 scriptorum,
2727 778 2818 845 qui
2863 780 3099 833 citantur
3134 799 3166 834 α
3208 782 3419 839 Heletio
3445 784 3501 838 in
3529 786 3664 842 libro
3697 788 3758 843 de

506 861 775 905 structura
806 852 1034 906 hominis
1058 867 1088 906 a
1118 852 1369 909 Fabricio
1395 861 1781 921 concinnatum
1815 858 1877 912 ad
1906 860 2135 931 paginas
2155 862 2288 917 edit.
2334 863 2549 919 Venetae
2579 864 2738 929 1552,
2772 865 2827 920 4.

506 939 923 1008 Aristophanes,
960 940 1225 1009 in'Equit.
1257 941 1345 995 80.

506 1033 548 1084 Α
559 1030 849 1097 ristoteles,
876 1036 903 1081 t;
911 1032 962 1084 8.

505 1120 761 1185 Basilius,
790 1122 847 1184 2,
878 1120 934 1184 7,
968 1121 1059 1186 2|,
1095 1120 1186 1186 48,
1215 1120 1305 1185 57,
1341 1119 1428 1187 72,
1458 1121 1549 1175 77.

507 1207 899 1276 Callimachus,
930 1211 1023 1275 65,
1052 1211 1144 1276 85,
1178 1210 1268 1276 90,
1298 1211 1420 1266 157.

508 1302 954 1373 Chrysostomus,
979 1304 1035 1358 2.

509 1393 770 1464 Cyrillus,
799 1395 855 1449 2.

511 1486 893 1556 Empedocles,
927 1488 1051 1543 M2.

514 1576 806 1648 Epicurus,
836 1579 924 1635 67.

516 1669 776 1735 Galenus,
810 1671 861 1736 1,
890 1672 982 1738 68,
1020 1673 1145 1739 109,
1186 1674 1311 1728 142.

512 1761 740 1832 Gregor.
766 1761 1022 1819 Naziauz.
1068 1765 1368 1836 theologus,
1409 1766 1500 1831 67,
1536 1767 1658 1832 114,
1696 1767 1820 1822 112.

2112 950 2123 953 ⁴
2188 950 2481 1014 Gregorius
2507 951 2803 1021 Nyssenus,
2833 953 2886 1018 2,
2919 952 3008 1021 10,
3044 955 3169 1023 114,
3202 956 3324 1013 110.

2190 1041 2363 1096 ϐηεεί
2399 1054 2692 1112 nugantur,
2727 1043 2813 1099 10.

2190 1132 2474 1197 Hesiodus,
2514 1133 2604 1197 59,
2632 1135 2720 1191 91.

2193 1221 2474 1287 Homerus,
2531 1223 2587 1288 9,
2617 1225 2709 1291 20,
2765 1225 2860 1291 29,
2889 1227 2977 1293 51,
3019 1227 3109 1294 61,
3140 1228 3232 1294 65,
3273 1230 3365 1294 66,
3398 1230 3490 1294 72,
3532 1231 3626 1298 73,
3672 1232 3756 1296 74,

2261 1311 2352 1378 85,
2384 1312 2475 1379 88,
2528 1313 2618 1380 89,
2671 1314 2919 1385 93,106,
2975 1317 3100 1384 109,
3147 1320 3430 1385 110,120,
3473 1320 3755 1390 121,127,

2260 1402 2384 1466 129,
2422 1403 2544 1458 156.
2581 1405 2771 1474 Poeta,
2799 1407 2889 1463 80.

2187 1489 2404 1561 Lycopb
2413 1507 2533 1560 ron,
2566 1494 2655 1549 85.

2193 1582 2458 1639 Pindarus
2485 1586 2537 1639 iu
2568 1586 2956 1658 Dithyrambis,
2985 1589 3075 1645 86.

2194 1675 2365 1740 Plato,
2395 1677 2489 1739 25,
2527 1678 2618 1733 27.
2643 1678 2869 1744 Timaeo,
2904 1682 3003 1736 57.

2195 1766 2447 1822 Socrates
2472 1770 2539 1821 de
2566 1769 2802 1824 hominis
2843 1781 3034 1827 natura
3060 1776 3223 1843 (apud
3255 1777 3492 1844 Platon.)
3516 1778 3567 1833 1.
3590 1778 3759 1836 Hann.

585 1853 877 1920 lucet-tum,
935 1858 1250 1912 diversusne
1281 1861 1349 1912 ab
1402 1860 1502 1913 hoc
1555 1861 1623 1914 sit
1667 1860 1945 1924 Meletius,
1974 1862 2040 1916 ad
2087 1873 2247 1930 quem
2279 1859 2548 1915 Theodori
2606 1862 2835 1917 Studitae
2861 1865 3104 1931 epistolae
3138 1879 3433 1936 supersunt
3475 1870 3622 1923 inter
3653 1871 3762 1925 ine—

511 1941 655 1995 ditas
683 1942 802 1996 illas
832 1944 961 2008 277,
993 1961 1153 2015 quas,
1189 1946 1479 2000 Sirmomlo
1528 1948 1666 2001 haud
1703 1950 1865 2010 visas,
1901 1958 2084 2001 servat
2127 1947 2298 2002 codex
2332 1946 2460 2002 bibl.
2499 1948 2892 2017 Seguieriame.
2937 1950 3102 2005 FABB.
3145 1951 3211 2009 γ.
3250 1953 3550 2011 Montfauc.
3620 1956 3757 2011 Bibl.

515 2025 737 2086 Coisliu.
774 2047 826 2101 p.
866 2033 985 2097 M7,
1019 2033 1139 2097 149,
1171 2034 1300 2098 517,
1338 2036 1477 2101 320;
1506 2046 1556 2090 et
1587 2035 1811 2089 Bandin.
1841 2036 1964 2090 Cat.
1998 2040 2086 2090 col

2190 2034 2286 2091 Gr.
2316 2034 2482 2090 Laur.
2516 2035 2603 2097 lll.
2645 2052 2698 2106 p.
2730 2036 2861 2093 284.
2894 2037 3068 2093 llam“

521 2207 3744 2236 .._..._______...____.___.______._______.____________________

934 2346 1347 2425 NICOLAI
1428 2347 1835 2424 PETREII
1916 2345 2422 2425 EPISTULA
2512 2344 3322 2423 NUNCUPATORIA

1426 2542 1703 2587 EDITIONI
1755 2541 2020 2586 VENETE
2074 2541 2230 2586 ANNI
2303 2522 2453 2587 1552
2517 2540 2823 2585 nummis.
2873 2508 2878 2515 ’

583 2690 892 2760 Philippum
932 2688 1081 2744 illum
1130 2688 1482 2745 Macedonum
1531 2706 1730 2758 regem.
1785 2689 2084 2745 Alexandri

2172 2689 2359 2749 tudini
2416 2688 2520 2744 hoc
2559 2704 2698 2758 opus
2726 2704 2837 2758 prae
2882 2688 3094 2745 caeteris
3121 2690 3477 2746 dedicandum
3532 2689 3761 2745 censui:

514 2791 741 2851 patrem,
770 2781 863 2851 qui
902 2797 1002 2851 pro
1054 2782 1219 2838 rebus
1253 2797 1282 2835 a
1314 2797 1373 2836 se
1404 2783 1661 2847 praeclare
1705 2782 1875 2849 gestis
1902 2780 2083 2844 Magni
2180 2782 2348 2835 altera
2378 2781 2619 2850 quidem,
2660 2779 2808 2851 quod
2858 2788 2912 2835 te
2940 2781 3213 2835 neminem
3245 2781 3411 2835 animi
3453 2781 3762 2844 nobilitate,

514 2890 711 2930 nomen
743 2876 930 2931 sortiri
952 2877 1152 2930 meruit
1177 2915 1192 2939 ,
1216 2874 1366 2929 Sauli
1392 2874 1692 2929 Praesulum
1710 2875 2083 2941 celeberrime,

514 2982 639 3022 cum
712 2965 975 3036 temporis
1060 2964 1166 3020 sibi
1240 2964 1583 3020 occasionem
1654 2964 2078 3034 exspectandam

511 3064 747 3125 putaret,
770 3069 878 3123 quo
899 3054 953 3107 in
986 3067 1046 3108 se
1073 3053 1425 3122 promeritum
1450 3052 1611 3120 digna
1638 3051 1886 3107 conferre
1918 3052 2083 3107 bene-

514 3146 635 3201 tlcia
673 3154 878 3216 posset,
931 3144 1077 3214 quod
1137 3143 1291 3197 illum
1344 3143 1494 3216 prius
1542 3152 1772 3197 mortem
1830 3152 2084 3213 oppetere

512 3235 851 3305 contigisset,
909 3248 1071 3304 quam
1122 3248 1152 3287 a
1189 3248 1249 3289 se
1293 3213 1454 3302 digna
1482 3249 1581 3303 pro
1614 3234 1831 3289 ‘meritis
1862 3238 2084 3304 praemia

513 3329 804 3397 acciperet,
833 3326 1200 3396 illacrymasse
1249 3323 1451 3389 ferunt,
1480 3326 1610 3380 dum
1656 3326 1708 3381 id
1738 3327 2087 3396 magnanimo

512 3420 625 3492 regi
658 3421 819 3489 plane
841 3423 1112 3472 constaret
1140 3430 1200 3471 se
1219 3416 1425 3470 nullum
1459 3416 1679 3485 gravius
1703 3416 1933 3483 crimen,
1961 3417 2086 3472 nul-

514 3512 628 3566 lum
640 3508 1013 3565 detestabilius
1025 3522 1187 3579 quam
1203 3505 1609 3577 ingratitudinis
1622 3506 1807 3562 subire
1818 3507 2084 3576 patuisse.

515 3600 692 3668 Quod,
739 3616 863 3656 cum
915 3598 1138 3669 ubique,
1188 3605 1354 3667 atque
1397 3597 1540 3667 apud
1579 3612 1771 3654 omnes
1823 3600 2083 3656 mortales

516 3693 855 3748 intolerabile
894 3691 1066 3759 videri
1119 3690 1330 3756 debeat,
1376 3689 1525 3758 justa
1587 3690 1805 3760 quidem
1852 3691 2085 3759 ratione,

517 3783 658 3852 apud
686 3782 1069 3846 Athenienses,
1115 3782 1169 3834 in
1205 3779 1451 3835 omnium
1477 3779 1739 3836 virtutum
1774 3796 1839 3838 ae
1883 3781 2088 3838 doctri—

518 3888 712 3927 narum
760 3887 956 3942 genere
1006 3871 1510 3941 przestantissimos,
1538 3872 1810 3941 publicam
1855 3872 2089 3944 hujusce

515 3965 596 4020 rei
641 3964 911 4019 actionem
959 3964 1311 4020 constitutam
1356 3963 1530 4019 fuisse
1561 3964 1918 4032 crediderim;
1956 3980 2083 4018 nam

515 4057 611 4127 qui
676 4055 743 4110 de
789 4070 849 4110 se
891 4053 1028 4110 bene
1075 4054 1291 4119 merito,
1351 4054 1510 4109 talem
1560 4053 1764 4110 referre
1822 4056 2085 4125 gratiam,

518 4145 954 4215 qualemcunque
994 4159 1089 4213 per
1139 4158 1198 4199 se
1242 4152 1439 4215 potest,
1486 4144 1730 4214 negligit,
1773 4146 1889 4213 ipse
1924 4145 2084 4214 inops

519 4248 778 4290 sensuum
822 4246 887 4288 ac
939 4233 1101 4303 plane
1161 4233 1567 4304 ingratissimus
1614 4234 1808 4287 merito
1859 4248 2091 4288 censen-

517 4326 620 4381 dus
657 4336 760 4381 est.
804 4325 929 4381 Haec
968 4325 1100 4381 mihi
1140 4324 1339 4395 saepius
1377 4339 1589 4381 mecum
1619 4325 1845 4397 agitanti
1875 4339 2000 4380 cum
2032 4327 2086 4379 in

519 4416 836 4471 memoriam
890 4415 1215 4471 adducerem
1264 4424 1467 4481 quanta
1527 4414 1638 4470 sint
1689 4430 1812 4485 quae
1869 4414 1923 4468 in
1979 4430 2085 4477 me,

520 4509 644 4559 tium
679 4506 863 4560 Ruina:
904 4520 1105 4570 essem,
1161 4519 1260 4573 pro
1284 4511 1376 4558 tua
1430 4505 1695 4574 singulari
1755 4505 2089 4559 humanitate

516 4598 777 4650 benetleia
815 4596 1130 4657 contuleris,
1161 4602 1538 4666 quantumque
1594 4596 1691 4651 tibi
1716 4611 1803 4651 me
1842 4595 1911 4651 ob
1937 4606 2085 4651 tuam

518 4688 572 4742 in
606 4702 692 4741 me
720 4687 1148 4742 benevolentiam
1195 4687 1472 4758 perpetuis
1517 4689 1855 4757 temporibus
1896 4689 2088 4743 devin—

518 4787 663 4831 ctum
700 4785 1153 4845 auctoratumque
1184 4775 1503 4841 reddideris,
1537 4776 1688 4832 nullo
1719 4793 1826 4830 non
1847 4786 2089 4847 tempore

518 4868 652 4920 mihi
709 4866 1061 4937 cogitandum
1112 4867 1318 4936 putavi,
1383 4881 1493 4938 quo
1544 4878 1704 4938 pacto
1739 4868 1834 4922 tibi
1885 4869 2087 4938 aliquid

517 4958 707 5029 gratias
759 4972 1039 5027 reponam,
1093 4974 1160 5013 ne
1218 4974 1337 5024 me,
1383 4961 1526 5029 quod
1571 4970 1830 5029 perpetuo
1884 4962 2090 5029 turpis-

520 5050 721 5105 simum
754 5049 1029 5113 ducerem,
1048 5050 1247 5120 ingrati
1269 5064 1422 5104 reum
1449 5064 1757 5121 perageres.
1782 5049 1849 5105 Et
1870 5052 2088 5120 quidem

518 5156 644 5196 cum
678 5140 1069 5209 impraesentia,
1119 5139 1391 5194 Meletium
1434 5139 1818 5209 philosophum
1846 5140 1912 5195 de
1955 5148 2094 5194 stru-

517 5242 673 5286 ctura
726 5242 1030 5302 naturaque
1070 5230 1325 5298 hominis,
1360 5230 1572 5301 insigne
1620 5232 1822 5302 alioqui
1862 5234 2091 5301 hujusce

519 5322 860 5377 tractationis
895 5338 1033 5392 opus
1051 5363 1067 5388 ,
1088 5322 1335 5391 pluribus
1361 5322 1558 5378 abhinc
1587 5325 1748 5379 annis
1774 5341 1801 5377 a
1827 5341 1913 5379 me
1938 5325 2086 5379 Lati-

518 5416 691 5469 nitate
721 5413 1004 5476 donatum,
1041 5415 1095 5468 in
1126 5414 1405 5484 publicum
1433 5415 1593 5471 edere
1619 5417 1951 5481 statuissem,
1976 5433 2092 5485 per-

519 5503 813 5570 multisque
871 5520 1114 5559 meorum
1174 5507 1496 5570 amicorum,
1526 5519 1581 5562 et
1626 5524 1739 5563 sua;
1765 5516 1819 5562 et
1845 5510 2088 5563 omnium

519 5593 894 5649 studiosorum
939 5596 1156 5651 utilitati
1188 5599 1615 5663 consulentibus,
1650 5599 1743 5668 qui
1777 5598 1938 5652 enixe
1973 5599 2025 5653 id
2060 5615 2090 5653 a

522 5698 608 5737 me
635 5682 928 5748 impetrare
979 5688 1392 5753 contenderant,
1426 5690 1694 5758 denegare
1729 5689 1832 5743 hoc
1857 5690 2091 5759 amplius

521 5770 673 5827 nulla
704 5770 914 5830 ratione
940 5790 1189 5847 possem,
1219 5778 1419 5851 duplici
1450 5780 1515 5835 de
1548 5795 1710 5835 causa
1747 5789 1851 5835 tuae
1895 5781 2090 5851 ampli-

2184 2880 2280 2926 aut
2325 2871 2589 2942 probitate
2637 2871 2788 2939 vitai,
2832 2878 2927 2926 aut
2973 2871 3229 2938 consilio,
3281 2880 3376 2926 aut
3428 2872 3760 2942 optimarum

2183 2965 2382 3019 artium
2443 2965 2728 3033 utriusque
2756 2964 2953 3036 linguae
2982 2964 3199 3029 studiis,
3246 2973 3343 3020 aut
3386 2966 3541 3019 omni
3571 2978 3768 3036 genere

2184 3051 2362 3107 laudis
2390 3052 2821 3122 praestantiorem
2871 3067 2994 3109 esse
3040 3053 3209 3108 sciam
3241 3071 3255 3108 :
3282 3069 3520 3125 quorum
3569 3044 3804 3124 gratia,‘

2187 3159 2287 3199 cur
2311 3144 2524 3208 efferre,
2556 3145 2808 3200 laudibus
2834 3144 3030 3201 studiis
3064 3146 3341 3215 prosequi,
3385 3146 3765 3201 benevolentia

2185 3236 2472 3306 complecti
2508 3253 2614 3291 non
2654 3237 2919 3293 debeam?
2972 3236 3141 3291 altera
3190 3251 3493 3300 vero,cum
3553 3253 3641 3292 me
3669 3234 3764 3289 tibi

2187 3335 2470 3396 tantopere
2496 3327 2693 3383 debere
2739 3327 3133 3391 existimarem,
3171 3337 3230 3382 ut
3259 3327 3406 3381 nulla
3435 3329 3657 3383 ratione
3685 3339 3770 3381 me

2188 3417 2445 3472 solvendo
2476 3432 2598 3473 esse
2624 3417 2922 3484 crederem,
2944 3418 3046 3473 hoc
3068 3418 3260 3472 saltem
3279 3417 3463 3488 aliqua
3498 3434 3566 3474 ex
3588 3426 3759 3487 parte,

2189 3515 2297 3561 tam
2334 3507 2578 3561 benevoli
2613 3508 2690 3562 tui
2721 3523 2847 3578 erga
2878 3524 2965 3563 me
2998 3507 3168 3562 animi
3202 3507 3375 3562 vicem
3406 3516 3771 3580 repraesenta-

2188 3614 2323 3653 rcm.
2358 3597 2492 3652 Nam
2527 3599 2744 3653 tametsi
2782 3599 2986 3668 optime
3034 3599 3204 3653 sciam
3255 3606 3523 3668 quantam
3555 3612 3767 3659 curam,

2188 3689 2429 3744 studium
2496 3701 2562 3744 ac
2617 3687 2828 3757 vigilias
2880 3687 2936 3741 in
2988 3687 3420 3743 administranda
3477 3688 3632 3742 illius
3679 3700 3770 3740 ce—

2188 3778 2491 3834 leberrima:
2543 3778 2691 3833 urbis
2748 3778 3023 3857 provincia
3068 3793 3333 3848 exponas,
3383 3779 3502 3843 cui,
3565 3788 3640 3843 te,
3681 3790 3769 3831 sa-

2190 3868 2344 3939 piens
2392 3868 2637 3938 pontifex
2689 3884 2755 3923 ac
2814 3868 3232 3932 consideratus,
3284 3883 3387 3925 nec
3439 3869 3773 3925 ambientem

2188 3975 2290 4015 nec
2354 3967 2622 4029 petentem
2676 3959 2951 4030 praefecit,
3007 3975 3172 4030 quam
3228 3969 3282 4016 te
3337 3960 3500 4017 obire
3558 3972 3771 4016 summa

2187 4049 2494 4120 prudentia,
2539 4050 2759 4112 virtute,
2816 4049 3046 4105 consilio
3103 4065 3295 4107 omnes
3360 4051 3577 4121 passim
3637 4062 3771 4120 pra-

2187 4141 2374 4195 dicant
2424 4159 2438 4195 :
2490 4156 2663 4208 neque
2721 4156 2785 4194 ex
2843 4140 2947 4195 hoc
2996 4141 3257 4211 temporis
3326 4141 3428 4197 tibi
3492 4141 3770 4212 quidpiam

2192 4228 2461 4299 reliquum
2494 4243 2635 4290 esse,
2666 4228 2814 4297 quod
2847 4230 3215 4298 praestantium
3248 4238 3546 4285 auctorum
3590 4229 3773 4286 lectio-

2192 4320 2353 4375 nibus
2410 4319 2492 4390 (ut
2549 4319 2935 4390 consueveras)
2991 4321 3355 4390 impendercs,
3416 4330 3607 4378 tamen
3649 4333 3769 4374 cum

2190 4408 2462 4464 Melctium
2488 4424 2667 4463 meum
2697 4410 2966 4477 evolvere,
3002 4425 3126 4464 cum
3160 4411 3532 4480 introspicere
3570 4409 3773 4466 consti-

2191 4511 2330 4565 tues,
2368 4511 2418 4555 te
2467 4501 2719 4555 meliores
2758 4501 2853 4554 otii
2886 4501 2964 4555 tui
2996 4502 3157 4557 horas
3192 4503 3246 4555 in
3282 4504 3626 4573 perlegenda
3660 4503 3772 4569 ipso

2189 4593 2562 4662 expositurum
2592 4607 2700 4647 non
2725 4608 2933 4647 vereor.
2959 4590 3008 4647 ls
3030 4595 3197 4659 enim,
3223 4595 3584 4664 magnanime
3600 4591 3768 4655 Sauli,

2191 4685 2658 4741 absolutissimum
2731 4700 2893 4755 opus,
2948 4696 3234 4740 structura:
3279 4701 3347 4742 ac
3410 4696 3633 4745 natura:
3683 4686 3774 4739 ho-

2192 4780 2353 4835 minis
2393 4778 2817 4849 perscripturus,
2864 4792 3056 4833 omnes
3096 4780 3456 4849 antiquorum
3499 4782 3671 4837 libros
3697 4779 3775 4849 (ut

2192 4875 2308 4944 ipse
2355 4874 2420 4926 ad
2468 4872 2554 4927 sui
2601 4873 2782 4942 operis
2817 4870 2973 4925 initia
3018 4870 3267 4941 testatur)
3297 4871 3405 4925 sibi
3445 4872 3773 4927 evolvendos

2192 4961 2502 5032 proposuit,
2561 4970 2649 5023 ut,
2698 4975 2821 5030 quae
2872 4958 3104 5028 sparsim
3160 4958 3213 5012 in
3264 4973 3464 5013 eorum
3515 4959 3669 5014 libris
3711 4955 3774 5010 de

2193 5054 2411 5108 homine
2438 5051 2855 5121 comprehensa,
2900 5064 3002 5105 nec
3041 5050 3296 5106 absolute
3326 5052 3615 5120 explicata
3660 5048 3801 5121 (αθ-ε

2196 5152 2341 5207 rant,
2389 5142 2443 5196 in
2495 5140 2660 5195 unius
2715 5139 2896 5209 operis
2936 5139 3134 5194 seriem
3190 5140 3603 5211 redigerentur.

2264 5234 2345 5288 Ab
2373 5232 2655 5288 elementis
2698 5232 2883 5302 itaque
2915 5230 3104 5286 mundi
3134 5246 3391 5295 exorsus,
3426 5234 3499 5288 ad
3534 5232 3777 5301 corporis

2196 5330 2462 5382 elementa
2508 5324 2880 5397 progrediens,
2930 5340 3041 5395 quo
3084 5334 3245 5396 pacto
3289 5325 3405 5380 hoc
3452 5324 3659 5379 animal
3702 5323 3778 5392 gi-

2197 5419 2380 5487 gnitur
2417 5417 2848 5486 alimentumque
2881 5417 3069 5480 sumit,
3115 5431 3181 5471 ac
3210 5424 3348 5485 quot
3392 5415 3594 5471 vitales
3629 5424 3777 5468 Italu—

2198 5510 2449 5580 ralesque
2464 5526 2529 5566 ac
2554 5511 2817 5565 animales
2840 5509 3126 5564 facultates
3144 5524 3271 5564 suas
3294 5508 3351 5561 in
3385 5509 3512 5579 ipso
3540 5507 3778 5563 actiones

2196 5601 2510 5666 ostendunt,
2539 5600 2822 5670 perspicue
2838 5600 3099 5657 declarat.
3120 5600 3277 5663 Tum,
3298 5599 3633 5667 priusquam
3655 5611 3776 5650 cor-

2198 5690 2347 5760 poris
2373 5701 2555 5760 partes
2586 5691 2902 5761 singillatim
2932 5692 3206 5760 explicare
3229 5689 3609 5758 aggrediatur,
3641 5699 3775 5755 quo-

2198 5782 2358 5836 modo
2413 5798 2564 5838 mens
2604 5799 2698 5854 per
2736 5796 2926 5839 sensus
2967 5790 3110 5853 agat,
3149 5777 3275 5852 quid
3333 5780 3536 5851 triplex
3586 5778 3777 5834 anima:
