4040 6150
426 306 564 363 1075

426 419 656 474 facultas
706 419 808 482 sit,
852 434 1100 487 necnon,
1162 430 1297 492 quot
1352 424 1580 481 virtutes
1630 443 1753 498 qua
1799 430 2000 498 princi-

427 511 576 580 pales
629 510 971 578 appellantur
997 512 1136 578 sint;
1166 529 1353 582 quaeve
1403 517 1622 573 virtutis
1651 534 1715 575 ac
1739 520 1996 575 vitiorum

424 615 622 669 genera
672 615 796 668 quae
838 615 902 653 ex
945 602 1080 670 ipsis
1129 606 1454 674 proveniunt
1495 609 1799 663 habeantur
1845 629 1858 664 :
1917 610 1996 665 si-

423 690 664 758 mulque,
686 705 795 758 quo
819 701 998 758 pacto,
1040 695 1320 762 gaudium,
1355 697 1596 760 tristitia,
1623 699 1790 760 risus,
1821 699 1998 769 lacry-

423 797 543 843 nne,
568 795 632 833 ac
665 795 892 834 somnus
918 791 1334 853 constituantur,
1358 788 1478 842 luce
1507 789 1708 842 clarius
1733 790 1994 845 ostendit.

423 871 560 936 Quid
592 871 739 924 enim
772 883 876 936 est,
909 875 1107 941 praesul
1134 876 1357 944 optime,
1383 879 1529 946 quod
1563 880 1996 936 animadvertere

421 979 490 1018 ac
522 964 869 1018 considerare
917 966 1096 1032 potius
1121 983 1246 1022 cum
1293 971 1547 1026 omnibus
1581 973 1861 1037 studiosis,
1895 974 1996 1028 hac

421 1071 478 1109 re
550 1055 746 1109 merito
806 1057 1019 1112 debes?
1093 1058 1454 1130 Posteaquam
1518 1065 1695 1132 opifex
1756 1064 1993 1118 Verbum

419 1144 488 1196 ab
534 1145 913 1204 intellectualis
964 1163 1028 1204 ac
1070 1149 1303 1207 visibilis
1353 1155 1753 1223 materialisquc
1803 1156 1993 1210 mundi

418 1237 695 1291 creatione
741 1238 944 1293 animal
987 1239 1146 1295 edere
1191 1242 1320 1311 (quo
1344 1243 1568 1312 majoris
1601 1245 1878 1313 sapientia}
1904 1261 1994 1299 ar-

420 1335 737 1397 gumentum
767 1343 830 1383 ac
858 1330 1004 1393 circa
1039 1342 1267 1388 naturas
1311 1335 1534 1404 largitas
1571 1336 1798 1405 ejusque
1825 1337 1989 1391 boni-

420 1416 546 1470 tatis
590 1417 885 1471 thesaurus
928 1419 1270 1474 innotescere
1302 1422 1496 1492 possit)
1546 1425 1857 1490 statuisset,
1890 1426 1992 1480 ho-

420 1507 620 1559 minem
646 1510 968 1575 procreavit,
993 1511 1148 1579 quasi
1170 1511 1396 1566 alterum
1415 1514 1703 1583 quemdam
1728 1516 1990 1593 mundum

421 1594 473 1647 in
502 1609 670 1664 parvo
691 1611 948 1668 magnum
984 1614 1149 1669 super
1180 1609 1381 1655 terram
1409 1602 1770 1657 constituens.
1806 1604 1984 1671 llunc,

420 1685 673 1754 inquam,
754 1689 978 1756 creavit,
1043 1692 1209 1745 alium
1298 1692 1585 1763 angelum,
1635 1695 1987 1760 adorantem,

1692 313 2010 374 EDITORIS
2064 318 2404 378 MONITUM.

3534 329 3670 384 i075

2098 450 2229 490 vero
2262 449 2583 490 arcanorum
2613 436 2866 506 peritum,
2919 437 3258 493 terrestrium
3298 452 3502 508 regem,
3547 441 3672 510 qui-

2099 541 2205 594 que
2234 542 2264 579 a
2291 526 2662 594 superioribus
2687 528 2930 598 regitur:
2964 539 3120 583 terrte
3163 545 3228 584 ac
3272 530 3410 585 coelo
3456 545 3672 586 accom—

2099 615 2344 678 modum,
2385 615 2770 684 temporarium
2797 626 2959 688 atque
2991 599 3374 683 immortalem,
3404 619 3670 676 visibilem

2097 714 2262 774 atque
2300 706 2723 776 intelligibilem,
2773 709 3010 762 medium
3071 710 3212 763 inter
3253 710 3466 764 excelsa
3508 720 3673 780 atque

2099 795 2354 860 humilia;
2386 798 2479 865 qui
2529 797 2670 850 idem
2723 799 2946 866 spiritus
2993 807 3049 854 et
3093 815 3222 854 caro
3250 810 3350 855 est.
3397 800 3669 870 idemque,

2097 888 2189 955 qui
2241 888 2328 960 hic
2369 897 2652 958 potestate
2697 890 2914 959 praesit,
2974 890 3082 944 alio
3142 907 3272 946 vero
3339 894 3670 960 migraturus

2097 977 2189 1040 sit,
2215 985 2377 1046 atque
2408 979 2460 1032 in
2493 979 2736 1050 mysterii
2766 980 2894 1042 ﬁne,
2927 980 2994 1034 ad
3025 962 3201 1034 benm
3238 981 3469 1036 iunuens
3489 1023 3504 1047 ,
3535 982 3671 1036 divi-

2097 1082 2226 1120 num
2258 1068 2540 1123 eﬂiciatur.
2579 1068 2754 1138 Hujus
2782 1070 2928 1124 enim
2963 1071 3214 1127 animalis
3239 1080 3489 1126 naturam
3523 1082 3670 1128 stru-

2096 1165 2414 1224 cturamque
2436 1155 2708 1210 Meletiunt
2740 1157 2915 1225 ipsum
2944 1159 2998 1212 in
3022 1160 3125 1215 hoc
3148 1175 3309 1229 Opere
3336 1163 3672 1232 expressisse

2095 1243 2445 1311 perspicies:
2485 1259 2550 1298 ex
2597 1244 2700 1300 hoc
2774 1247 2935 1315 plane
2990 1246 3393 1316 deprehendere
3469 1249 3671 1318 poteris

2097 1329 2232 1384 nihil
2265 1346 2386 1386 esse
2419 1332 2471 1385 in
2504 1333 2755 1388 universa
2797 1343 2992 1388 natura
3028 1336 3250 1391 homine
3281 1339 3667 1406 praestabilius,

2093 1423 2186 1477 illo
2239 1424 2561 1492 praesertim,
2607 1441 2768 1494 quem
2798 1427 3050 1491 consilio,
3082 1428 3376 1496 probitate,
3413 1429 3669 1482 humani-

2094 1519 2225 1576 tate,
2249 1510 2582 1577 innocentia,
2608 1513 2890 1582 religione,
2928 1515 3304 1582 magnitudine
3324 1517 3513 1581 animi,
3546 1533 3669 1571 om-

2094 1601 2256 1655 nibus
2283 1600 2338 1654 in
2360 1602 2524 1658 rebus
2547 1603 2934 1674 quamplurimi
2980 1605 3268 1675 praeditum
3321 1621 3444 1663 esse
3501 1621 3670 1677 agno-

2102 1699 2381 1748 scunt.....

421 1775 672 1843 mistum,
725 1777 958 1835 visibilis
1013 1789 1222 1837 naturae
1279 1782 1565 1848 arbitrum,
1611 1782 1992 1839 intellectualis

435 2055 3625 2090 mm

1129 2330 1650 2420 CRAMEBI
1731 2331 2308 2422 MONITUM
2388 2331 2946 2426 LECTORI.

487 2732 678 2789 Tertio
714 2731 1116 2786 Anecdotorum
1147 2729 1591 2802 [Oxoniensinm]
1622 2731 1890 2785 volumine
1934 2746 2078 2788 nunc
2108 2735 2337 2802 primum
2377 2733 2564 2788 Graece
2587 2732 2798 2788 edimus
2821 2731 3017 2788 Iieletii
3042 2731 3476 2804 ialm-sophistae
3501 2750 3666 2806 opus-

421 2829 599 2882 cutum
633 2827 766 2895 Περὶ
799 2824 897 2893 τῆς
920 2823 1015 2878 τοῦ
1050 2823 1341 2894 ἀνθρώπου
1372 2827 1741 2895 κατασκευῆς,
1795 2826 1987 2878 hacten

2096 2836 2297 2880 tantum
2320 2841 2385 2881 ex
2420 2820 2618 2881 Latina
2664 2825 2918 2880 versione
2965 2821 3171 2879 Nicolai
3199 2825 3398 2880 Petreii
3420 2867 3435 2891 ,
3469 2826 3669 2898 Corcy-

425 2925 536 2984 iaai,
567 2915 807 2972 Venetiis
845 2931 934 2968 au.
969 2913 1110 2967 1552
1142 2915 1427 2982 impressa,
1461 2914 1757 2981 vulgatum.
1807 2915 2034 2969 Textum
2067 2917 2131 2971 ad
2166 2917 2324 2970 tidem
2357 2919 2523 2973 trium
2551 2919 2801 2974 codicum
2835 2914 3249 2970 Bodleianorum
3279 2916 3600 2973 exhibemus
3651 2937 3666 2972 :

423 3011 744 3067 Burocciani
780 3008 874 3062 151
919 3007 1032 3078 (Α),
1060 3008 1172 3062 lioe
1199 3006 1264 3059 14
1296 3005 1380 3076 (Β)
1415 3016 1468 3060 et
1500 3005 1570 3058 15
1600 3006 1720 3074 (C);
1748 3023 1976 3074 quorum
2007 3009 2162 3077 longe
2201 3010 2530 3077 antiquitate
2581 3019 2635 3064 et
2671 3008 2914 3062 bonitate
2947 3005 3295 3073 prastantior
3339 3013 3424 3058 est
3471 3004 3670 3061 Baroc-

421 3105 633 3156 cianus.
666 3099 820 3152 Hunc
855 3097 1077 3151 ineunte
1113 3095 1325 3150 decimo
1352 3105 1545 3163 quarto
1571 3096 1770 3149 saeculo
1801 3099 2062 3164 scriptum
2097 3099 2262 3152 fuisse
2303 3097 2511 3167 judico.
2571 3097 2686 3151 Duo
2719 3096 2808 3150 alii
2856 3095 3026 3148 multo
3058 3093 3394 3148 recentiores
3425 3102 3572 3147 sunt.
3603 3091 3672 3146 Et

418 3191 812 3245 Baroccianum
839 3188 1058 3257 quidem
1110 3189 1279 3242 fuisse
1304 3187 1581 3255 exemplar
1619 3202 1648 3241 e
1679 3201 1786 3256 quo
1816 3186 2059 3241 Petreius
2088 3190 2393 3244 versionem
2416 3205 2568 3242 suam
2598 3188 2858 3252 confecit,
2887 3187 3197 3256 suspicatur
3218 3186 3301 3240 vir
3321 3187 3671 3242 doctissimus

419 3281 556 3336 laud.
597 3280 978 3335 Bachmannus
1001 3279 1054 3333 in
1103 3297 1121 3330 ι
1162 3279 1468 3343 Quaestione
1495 3277 1561 3330 de
1589 3276 1802 3330 Meletio
1848 3276 2035 3332 Grzcce
2064 3278 2268 3344 inedito
2298 3279 2524 3349 ejusque
2559 3278 2752 3333 Latino
2784 3277 3080 3347 interprete
3120 3275 3240 3331 Nie.
3272 3273 3487 3330 Petreio
3509 3275 3610 3345 (a),
3643 3295 3665 3329 ο

416 3394 470 3444 ρ.
509 3376 574 3442 Α,
609 3375 704 3429 sed
735 3375 862 3426 licet
893 3373 1098 3442 optime
1153 3371 1222 3424 dc
1252 3369 1463 3423 Meletio
1499 3379 1553 3423 et
1600 3371 1878 3425 codicibus
1907 3370 2026 3439 ejus
2077 3370 2403 3439 iudicaverit
2441 3369 2851 3431 Bachmanuus,
2889 3369 2942 3422 in
2980 3368 3081 3422 hac
3122 3369 3439 3438 conjectura
3481 3381 3669 3422 verum

423 3484 524 3520 non
545 3473 950 3530 estasseculus;
976 3477 1101 3516 nam
1125 3462 1211 3515 vel
1232 3461 1356 3515 inde
1370 3469 1593 3531 apparet
1614 3460 1888 3515 Petreium
1915 3476 2018 3513 non
2043 3475 2197 3513 usum
2225 3460 2393 3514 fuisse
2414 3460 2601 3513 codice
2631 3457 2984 3521 Barocciano,
3011 3461 3154 3526 quod
3181 3460 3268 3512 hic
3287 3459 3444 3526 longe
3462 3457 3672 3512 auctior

421 3561 588 3613 estin
620 3572 685 3612 ea
708 3558 890 3626 operis
925 3567 1077 3624 parte
1105 3570 1223 3624 quae
1252 3555 1321 3609 de
1355 3557 1534 3608 anima
1568 3563 1787 3609 tractat.
1839 3554 2141 3625 Aliquoties
2194 3563 2372 3607 autem
2423 3553 2668 3607 Petreius
2704 3551 2999 3606 citationes
3049 3551 3210 3606 aﬂ'ert
3239 3567 3360 3621 quae
3393 3553 3445 3607 in
3475 3561 3662 3608 nostro

421 3651 605 3704 codice
630 3649 1029 3711 desiderantur,
1059 3657 1137 3710 ut,
1164 3647 1395 3716 exempli
1421 3649 1614 3714 gratia,
1649 3664 1701 3716 p.
1734 3648 1836 3701 156
1863 3648 1991 3716 (col.
2020 3646 2156 3699 1278
2175 3646 2225 3699 in
2251 3654 2430 3699 nostra
2456 3644 2633 3715 edit.),
2663 3645 2775 3699 haec
2801 3643 3119 3698 Callimachi
3151 3645 3338 3698 verba.

635 3741 760 3802 Ἴθι,
796 3739 1012 3808 πρηεῐα
1047 3737 1374 3807 γυναικῶν,
1411 3740 1528 3806 τὴν
1550 3739 1694 3792 ὁδὸν
1724 3739 1804 3805 ἣν
1830 3738 1993 3793 dir-lat
2022 3739 2387 3808 θυμοφθόροι
2415 3739 2487 3791 οὐ
2517 3737 2838 3802 περόωσιν.

429 3830 691 3896 Quoniam
721 3841 898 3885 autem
928 3831 1140 3884 codices
1173 3845 1384 3894 omnes,
1419 3832 1463 3885 si
1500 3830 1780 3885 Parisinos
1813 3830 2079 3898 excipias,
2106 3844 2242 3897 quos
2274 3843 2376 3882 non
2416 3828 2648 3896 inspexi,
2686 3836 2834 3882 certe
2868 3836 3090 3896 superat
3137 3825 3528 3891 Baroccianus,
3562 3842 3669 3884 nou

428 3920 668 3974 dubitavi
697 3920 813 3988 ejus
843 3923 1218 3976 auctoritatem
1260 3921 1464 3991 ubique
1497 3925 1763 3990 potiorem
1807 3924 2027 3986 habere,
2055 3922 2159 3976 nisi
2193 3921 2283 3975 ubi
2317 3919 2599 3973 manifeste
2631 3918 2986 3988 corrigendus
3017 3927 3136 3973 erat
3167 3933 3235 3973 ex
3264 3919 3408 3986 aliis,
3432 3933 3664 3988 quorum

428 4008 469 4062 Β
497 4009 792 4064 secundum
809 4012 1017 4066 obtinet
1039 4012 1236 4065 locum.
1268 4011 1364 4067 llic
1392 4014 1561 4067 codex
1589 4013 1717 4066 mihi
1751 4028 2052 4083 congruere
2086 4013 2296 4065 videtur
2317 4026 2436 4065 cum
2464 4009 2891 4074 Vindobonensi,
2916 4025 3072 4079 quem
3095 4010 3137 4063 Β
3164 4011 3328 4066 etiam
3360 4011 3670 4067 Bachman-

427 4116 529 4156 nus
551 4103 785 4172 signavit
821 4103 896 4177 (p.
923 4103 1001 4173 5).
1038 4104 1103 4157 Et
1144 4104 1284 4157 idem
1311 4104 1450 4158 forte
1475 4106 1580 4158 erit
1609 4106 1774 4159 codex
1802 4106 1869 4159 de
1922 4120 2030 4174 quo
2056 4103 2340 4157 Fabricius
2364 4104 2548 4172 (supra
2574 4101 2676 4156 col.
2713 4100 2872 4170 1157)
2904 4117 2916 4154 :
2951 4119 2969 4152 ‹
3004 4101 3174 4156 altero
3199 4101 3335 4154 Bibl.
3365 4102 3562 4156 Cmsar.
3587 4115 3677 4154 co-

427 4192 565 4257 dice,
595 4202 758 4260 caput
779 4194 869 4258 55,
902 4195 967 4248 de
989 4196 1167 4249 anima
1201 4194 1486 4263 quintuplo
1515 4193 1689 4262 majus
1713 4195 2003 4248 occurrit.)
2031 4193 2135 4248 Sed
2161 4193 2261 4247 hoc
2287 4207 2316 4246 e
2349 4191 2681 4246 Barocciano
2711 4207 2852 4247 nunc
2876 4191 3104 4261 decuplo
3136 4191 3308 4260 majus
3332 4189 3673 4245 exhibemus.

498 4283 651 4350 Quod
688 4288 754 4341 ad
784 4286 982 4342 Meletii
1022 4297 1315 4343 tractatum
1343 4289 1560 4352 attinet,
1587 4289 1802 4343 videtur
1835 4303 1970 4357 opus
2005 4303 2128 4343 esse
2169 4288 2240 4356 pii
2271 4296 2326 4342 et
2376 4288 2575 4342 eruditi
2639 4287 2900 4350 hominis,
2935 4302 2963 4340 a
3014 4287 3181 4342 variis
3225 4284 3488 4348 fontibus,
3528 4298 3674 4338 nunc

425 4375 744 4448 plerumque
781 4381 1096 4450 deperditis,
1142 4380 1458 4436 conﬂatum.
1491 4381 1691 4436 Multus
1723 4390 1900 4436 autem
1929 4390 2016 4435 est
2047 4383 2098 4435 in
2123 4380 2486 4452 etymOIOgiis,
2525 4395 2658 4448 quas
2690 4394 2754 4434 ex
2801 4379 3028 4434 Socrate
3054 4389 3110 4434 et
3155 4379 3367 4433 Sorano
3417 4377 3669 4431 hausisse

427 4468 662 4525 videtur.
694 4470 807 4525 Non
835 4474 1029 4527 mirum
1061 4485 1146 4530 est
1179 4475 1363 4544 itaque
1387 4474 1537 4530 illum
1570 4475 1803 4544 plurima
1829 4475 2140 4532 communia
2161 4473 2362 4534 habere
2392 4486 2514 4526 cum
2553 4471 2923 4544 Etymologico
2968 4470 3038 4526 Μ.
3059 4513 3075 4539 ,
3111 4471 3177 4526 ad
3202 4483 3364 4540 quem
3387 4466 3678 4535 corrigen-

425 4564 552 4618 dum
584 4565 874 4637 aliquoties
902 4567 1150 4623 inservit.

504 4745 582 4817 (a)
614 4745 874 4802 Rostock.
911 4747 1070 4804 1855.
1105 4750 1161 4807 4.

1473 5109 1685 5175 NOV]
1736 5109 2145 5174 EDITORIS
2189 5106 2624 5170 MONITUM.

514 5275 584 5334 In
619 5272 735 5336 hac
769 5279 981 5337 nostra
1011 5276 1315 5348 editione,
1347 5274 1584 5336 codicis
1613 5275 1866 5355 Optimae
1899 5280 2064 5336 nota:
2107 5273 2473 5336 Parisieusis
2507 5282 2569 5332 n°
2605 5270 2758 5331 2299
2797 5269 2887 5348 (P)
2918 5269 3279 5330 varietatem
3305 5263 3649 5327 lectionum

435 5391 622 5453 quam
645 5377 974 5440 nobiscum
1020 5376 1327 5438 benevole
1357 5378 1835 5438 communicavit
1868 5378 1940 5440 V.
1972 5378 2043 5438 D.
2077 5378 2208 5439 Car.
2233 5377 2634 5466 Daremberg,
2669 5379 2954 5436 accurate
2967 5370 3376 5472 adhibuimus
3401 5384 3416 5440 ;
3448 5372 3681 5472 textum

434 5477 704 5538 Crameri
734 5477 964 5555 passim
997 5475 1508 5547 emendavimus;
1553 5475 1905 5536 versionem
1950 5474 2086 5536 Nic.
2117 5474 2371 5546 Petreii,
2403 5473 2514 5534 ubi
2583 5487 2844 5534 necesse
2886 5467 3233 5539 videbatur,
3287 5480 3453 5526 novo
3488 5467 3686 5523 textui

380 5581 382 5584 ’
436 5574 1049 5636 accommodavimus
1076 5596 1088 5641 ;
1121 5572 1397 5651 denique
1441 5581 1755 5635 Ἀνέκδοτον
1784 5583 1920 5651 Περὶ
1949 5583 1993 5632 τε

2096 5581 2132 5633 δ’
2162 5582 2441 5648 στοιχείων
2486 5571 2629 5652 (col.
2669 5568 2841 5646 1283)
2888 5569 3304 5645 fragmentum
3359 5582 3433 5627 ex
3461 5563 3682 5626 eodem

440 5672 659 5733 codice
692 5671 1028 5733 Parisiensi
1059 5671 1543 5734 describendum
1586 5670 1938 5734 curavimus
1967 5676 2028 5730 et
2067 5687 2233 5732 nunc
2275 5670 2544 5747 primum
2571 5670 2711 5730 luce
2747 5670 3078 5728 donamus.
