4040 6150
425 277 567 338 1075

1728 290 2006 348 MELETH
2047 292 2357 350 MONACIII

3545 287 3680 343 [076

475 416 3662 452 ww

1796 538 1985 596 ΑΡΧΗ
2029 539 2181 591 ΣΥΝ
2217 540 2356 607 om

1250 681 1476 820 TA
1548 685 1896 818 ΤΟΥ
1969 685 2830 820 ΜΕΛΕΤΙΟΥ

853 907 1115 994 ΠΕΡΙ
1185 907 1402 998 ΤΗΣ
1475 907 1702 994 ΤΟΥ
1776 905 2395 995 ΑΝΘΡΩΠΟΥ
2470 902 3242 994 ΚΑΤΑΣΚΕΥΗΣ.

1489 1131 1663 1192 ι)Εο
1721 1132 2201 1196 ANNUENTE
2265 1131 2608 1230 INCIPIT

1631 1279 2465 1406 MELETII

978 1483 1668 1575 TRACTATUS
1743 1488 1890 1574 DE
1969 1489 2446 1578 NATUBA
2523 1487 3092 1578 HOMINIS.

946 1681 989 1749 ι
1043 1678 1458 1735 ΡΒΟἝΜΙΗΜ.

489 1771 656 1826 Nobis
686 1771 750 1826 de
778 1781 972 1826 natura
1015 1771 1251 1826 hominis
1288 1771 1790 1840 interpretationem
1820 1773 1992 1827 disse-

417 1880 555 1930 rere,
591 1879 654 1918 ac
687 1863 849 1918 breve
883 1863 1307 1932 absolutumque
1339 1878 1477 1931 opus
1526 1863 1839 1932 hujusmodi
1875 1872 1988 1916 tra-

415 1955 666 2009 ctationis
700 1954 959 2009 studiosis
1001 1963 1056 2009 et
1097 1954 1193 2024 qui
1225 1962 1370 2008 recte
1403 1953 1620 2008 labores
1653 1954 1888 2009 subeunt
1934 1955 1990 2008 in

415 2044 654 2098 medium
680 2043 946 2098 adducere
963 2043 1251 2100 consilium
1274 2053 1374 2098 est.
1405 2042 1539 2097 Nam
1563 2045 1778 2099 tametsi
1797 2060 1991 2115 quam-

415 2135 634 2205 plurimi
688 2136 1038 2206 antiquorum
1101 2135 1494 2204 sapientissimi
1552 2137 1637 2190 vel
1691 2137 1869 2206 longa,
1904 2137 1989 2191 vel

414 2227 561 2282 brevi
629 2235 876 2280 naturam
939 2236 1181 2280 nostram
1227 2229 1472 2282 oratione
1525 2228 1794 2297 complexl
1853 2228 1984 2290 sint,

416 2321 597 2374 nullus
633 2330 810 2374 tamen
872 2333 1062 2374 eorum
1108 2318 1210 2372 hac
1251 2317 1319 2378 de
1344 2331 1402 2374 re
1445 2316 1742 2387 perfectum
1769 2319 1987 2374 absolu-

415 2417 637 2478 tumque
669 2424 807 2478 opus
837 2408 1076 2479 reliquit.

2019 1691 2071 1745 Δ

2682 1679 3090 1734 ΠΡΟΟΙΜΙΟΝ.

2177 1773 2243 1826 'H
2275 1773 2525 1844 παροῦσα
2555 1772 2630 1842 tl)
2689 1772 2911 1838 σύνοψις
2957 1772 3086 1840 περὶ
3125 1769 3346 1837 φύσεως
3381 1769 3672 1839 ἀνθρώπου

2097 1865 2337 1934 ὲπονήθη
2369 1865 2464 1918 καὶ
2501 1863 2761 1931 συνελέγη
2795 1864 2890 1915 καὶ
2915 1861 3175 1931 συνετέθη
3213 1861 3363 1930 παρὰ
3396 1861 3670 1915 Μελετίου

2099 1955 2332 2027 μονοιχοῦ
2354 1955 2422 2007 Θέ
2432 1971 2599 2024 ματος
2619 1952 2713 2005 τοῦ
2740 1951 2984 2021 Ὀψικίου
3011 1952 3212 2003 Βάνδου
3245 1953 3534 2022 Ἀκροκοῦ,
3557 1970 3672 2022 χω-

2097 2045 2212 2116 ρίου
2241 2044 2734 2115 Τιϐεριουπόλεως,
2774 2043 2942 2112 μονῆς
2987 2043 3293 2112 λεγομένης
3333 2043 3514 2110 Τρεῖς,
3539 2045 3672 2114 ξῆτοι

2091 2139 2189 2208 τῆς
2235 2138 2396 2206 ἁγίας
2421 2136 2656 2206 Τριάδος
2679 2151 2690 2164 ·
2730 2135 2831 2187 οὐκ
2864 2133 2938 2196 ῶς
2976 2135 3161 2187 καινόν
3192 2151 3245 2186 τι
3281 2136 3672 2208 ὲπινοήσαντος

2095 2231 2222 2299 περὶ
2247 2229 2462 2297 φύσεως
2482 2225 2770 2297 ἀνθρώπου
2800 2225 3224 2293 φυσιολογῆσαι,
3251 2223 3387 2277 ἀλλὰ
3407 2224 3674 2294 σύντομον

2094 2321 2188 2374 καὶ
2219 2318 2484 2387 ἀνελλιπῆ
2535 2315 2918 2388 πραγματείαν
2955 2313 3216 2367 ἐκθέσθαι
3275 2315 3388 2376 τοῖς
3437 2313 3670 2382 φιλομα-

2095 2409 2213 2464 θέσι
2243 2411 2338 2464 καὶ
2372 2409 2682 2479 φιλοπόνοις
2737 2405 3082 2477 βουλομένου.
3129 2405 3193 2457 Ei
3220 2403 3330 2475 γὰρ
3365 2404 3456 2457 καὶ
3485 2401 3670 2456 πολλοὶ

414 2501 520 2553 τῶν
555 2499 795 2572 ἀρχαίων
823 2499 1025 2570 σοφῶν,
1061 2500 1287 2564 πολλοὺς
1321 2500 1462 2554 κατὰ
1491 2501 1793 2572 άποταγὴν,
1843 2503 1876 2572 ἢ
1911 2505 1968 2555 ὲν
2009 2503 2257 2574 συντόμῳ
2304 2504 2434 2573 περὶ
2477 2503 2576 2573 τῆς
2625 2504 2841 2571 φύσεως
2907 2497 3064 2570 ἡμῶν
3133 2497 3328 2566 λόγους
3361 2497 3669 2564 συνέθεντο,

413 2592 528 2648 ἀλλ’
560 2592 733 2652 οὐδεὶς
761 2591 1020 2660 ἀνελλιπῆ
1058 2593 1150 2644 καὶ
1175 2593 1540 2663 ἀνυστέρητον
1579 2594 1782 2662 ταύτην
1823 2595 2166 2665 ἀπήρτησεν.

487 2684 766 2753 Siquidem
833 2682 1190 2754 Hippocrates
1227 2723 1242 2748 ,
1286 2699 1408 2738 cum
1459 2685 1525 2742 de
1589 2694 1783 2738 natura
1854 2701 1988 2755 pue-

415 2779 532 2834 rilis
599 2778 880 2848 virilisque
928 2779 1105 2834 anatis
1159 2794 1333 2848 pauca
1396 2779 1728 2843 admodum,
1777 2788 1830 2832 et
1871 2794 1993 2847 quae

413 2886 522 2928 non
580 2871 737 2925 facile
799 2869 1001 2941 percipi
1035 2877 1276 2940 possent,
1305 2869 1642 2938 scripsisset,
1676 2868 1822 2940 nihil
1864 2883 1994 2924 vero

415 2962 483 3016 de
547 2964 841 3022 universali
889 2964 1128 3029 homine,
1173 2973 1228 3018 et
1289 2978 1410 3032 qua:
1476 2960 1530 3015 in
1588 2962 1705 3031 ipso
1760 2961 1994 3020 faculta-

414 3063 498 3110 tes
542 3055 625 3109 vel
689 3055 933 3111 actiones
989 3065 1155 3118 sunt,
1208 3069 1383 3125 neque
1447 3054 1514 3107 de
1558 3054 1676 3123 ejus
1746 3052 1994 3122 corporis
2027 3089 2068 3145 Β

414 3147 663 3214 partibus
713 3147 893 3214 ipsum
947 3159 1283 3200 memorasse
1320 3155 1656 3214 compertum
1707 3144 1989 3198 habemus.

415 3237 656 3292 Galenus
705 3238 866 3304 item,
903 3253 1030 3291 cum
1086 3237 1154 3290 de
1188 3236 1421 3305 partium
1482 3244 1678 3288 natura
1743 3248 1806 3288 ac
1855 3243 1994 3290 tem-

417 3333 859 3392 peramentorum
927 3324 1191 3393 qualitate
1250 3323 1582 3376 mentionem
1648 3319 1892 3386 faceret,
1939 3323 1990 3375 in

415 3417 566 3470 nulla
612 3431 839 3472 suorum
881 3430 1108 3485 operum
1141 3415 1463 3469 tractatione
1493 3415 1632 3468 hanc
1685 3429 1797 3468 rem
1833 3413 1994 3468 abso-

418 3510 529 3562 lute
579 3509 918 3578 perscripsit.
992 3508 1247 3563 Socrates
1288 3517 1492 3574 autem,
1549 3507 1604 3560 in
1642 3521 1806 3576 opere
1847 3506 1991 3574 quod

419 3598 494 3652 De
537 3599 764 3652 hominis
804 3609 998 3652 natura
1027 3597 1327 3668 inscripsit,
1368 3597 1604 3668 partium
1639 3598 1878 3652 hominis
1927 3613 1992 3652 ac

419 3691 702 3744 nominum
755 3691 1110 3760 proprietates
1144 3689 1488 3760 explicando,
1520 3692 1664 3759 quod
1713 3690 1780 3744 ad
1809 3705 1992 3760 gram-

417 3781 678 3835 maticum
703 3782 754 3856 2
783 3782 986 3854 potius,
1017 3797 1182 3853 quam
1214 3782 1360 3850 quod
1391 3782 1458 3836 ad
1491 3765 1874 3851 philosophum
1911 3792 1992 3838 at-

419 3871 575 3932 tinet,
635 3872 910 3928 disseruit.
961 3873 1286 3930 Sanctorum
1339 3888 1468 3930 vero
1523 3873 1772 3938 Patrum,
1829 3884 1992 3945 atque

419 3960 677 4015 Ecclesiae
725 3965 972 4029 magistri
1004 3965 1416 4035 quamplurimi,
1479 3975 1539 4018 ut
1583 3965 1808 4032 Magnus
1850 3965 1991 4020 inter

418 4062 638 4108 sanctos
664 4051 852 4110 Patres
873 4054 1125 4121 Basilius,
1176 4057 1450 4128 Nyssenus
1478 4057 1803 4128 Gregorius,
1837 4058 1994 4113 divus

417 4130 865 4214 Chrysostomus,
904 4147 1204 4218 beatusque
1241 4148 1496 4220 Cyrillus,
1530 4165 1594 4203 ac
1625 4149 1870 4218 plerique
1900 4148 1990 4202 alii

416 4236 512 4306 qui
548 4235 635 4290 illa
671 4246 994 4307 tempestate
1025 4237 1347 4302 ﬂoruerunt,
1382 4255 1506 4294 cum
1552 4239 1605 4293 in
1638 4253 1828 4294 eorum
1878 4255 1993 4293 ma-

417 4329 586 4399 gistra
615 4337 732 4390 arte
775 4331 936 4386 editis
971 4333 1318 4388 sermonibus
1348 4333 1416 4387 de
1449 4333 1614 4388 rebus
1652 4333 1852 4389 divinis
1879 4343 1990 4389 tra-

2171 2687 2229 2739 Ὀ
2265 2686 2365 2756 μὲν
2395 2686 2503 2757 γὰρ
2542 2685 2909 2756 Ἱπποκράτης
2939 2686 3070 2756 περὶ
3092 2684 3311 2755 φύσεως
3329 2683 3544 2738 παιδίου
3574 2686 3672 2737 καὶ

2090 2778 2284 2848 ἀνδρὸς
2313 2778 2530 2846 γράψας
2565 2777 2722 2845 ὀλίγα
2768 2777 2890 2829 τινά
2921 2777 3016 2830 καὶ
3043 2776 3475 2846 δυσδιάγνωστα,
3519 2775 3673 2828 οὐδὲν

2095 2870 2222 2942 περὶ
2242 2867 2348 2920 τοῦ
2364 2867 2608 2923 ,καθόλου
2641 2866 2929 2939 ἀνθρώπου
2956 2867 3386 2938 ἐμνημόνευσεν,
3412 2867 3444 2935 ἢ
3477 2867 3582 2918 τῶν
3613 2866 3671 2916 ἐν

2095 2962 2243 3033 αὐτῷ
2287 2961 2594 3032 δυνάμεων,
2635 2961 2668 3032 ἢ
2716 2959 3093 3032 ὲνεργειῶν,ἢ
3141 2958 3250 3011 τῶν
3292 2959 3386 3010 τοῦ
3420 2957 3674 3028 σώματος

2103 3054 2331 3124 μορίων.
2390 3052 2450 3105 '0
2502 3052 2558 3104 δὲ
2607 3052 2624 3082 ⁸
2691 3051 2937 3121 Γαληνὸς
2989 3051 3119 3121 περὶ¹
3179 3049 3396 3118 φύσεως
3467 3047 3672 3117 μορίων

2099 3146 2382 3217 μνησθεὶς,
2421 3146 2514 3199 καὶ
2547 3144 2676 3214 περὶ
2711 3144 2984 3214 κράσεων,
3021 3145 3078 3194 ὲν
3100 3141 3330 3212 οὐδεμιᾷ
3355 3139 3462 3192 τῶν
3488 3155 3668 3209 πραγ-

2098 3237 2339 3308 ματειῶν
2364 3237 2530 3290 αὑτοῦ
2563 3237 2814 3304 φαίνεται
2865 3233 3124 3302 τοιαύτην
3184 3233 3496 3303 ὁλοκλήρως
3533 3231 3668 3284 ὑπό-

2102 3329 2253 3383 θεσιν
2281 3328 2628 3398 ἀναγράψας.
2655 3327 2957 3396 Σωκράτης
2987 3326 3042 3378 δὲ
3073 3325 3435 3393 ἐτυμολογίας
3474 3322 3675 3392 μᾶλλον

2099 3421 2304 3491 μορίων
2331 3421 2428 3476 καὶ
2453 3419 2733 3488 ὀνομάτων
2755 3421 2813 3470 ὲν
2834 3417 2912 3487 τῷ
2935 3416 3070 3484 Περὶ
3098 3417 3338 3484 φύσεως
3358 3414 3674 3481 ἀνθρώπου

2099 3511 2438 3581 συντάγματι
2474 3508 2641 3566 αὑτοῦ
2665 3508 2766 3582 [δι’.
2806 3509 2857 3574 in
2887 3506 3136 3578 Timaeo],
3163 3507 3241 3570 ῶς
3274 3502 3676 3576 γραμματικὸς

2095 3599 2128 3670 ἢ
2161 3599 2455 3668 φιλόσοφος
2479 3597 2830 3660 συνετάξατο.
2851 3597 2915 3651 Οἱ
2945 3596 3002 3648 δὲ
3032 3596 3177 3664 ἆγιοι
3203 3596 3295 3647 καὶ
3321 3595 3422 3664 τῆς
3457 3593 3676 3663 Ἐκκλη-

2096 3691 2213 3755 σίας
2239 3691 2576 3754 διδάσκαλοι,
2608 3685 2720 3742 οἷον
2748 3691 2776 3742 ὁ
2824 3689 2998 3759 μέγας
3033 3688 3336 3750 Βασίλειος,
3372 3689 3401 3740 ὁ
3441 3685 3672 3752 ἁδελφὸς

2096 3783 2292 3838 αὐτοῦ’
2354 3782 2654 3854 Γρηγόριος
2700 3781 2956 3852 Νύσσης,
3010 3783 3038 3833 ὁ
3091 3779 3467 3850 χρυσολόγος³
3525 3779 3674 3847 Χρυ-

2098 3875 2358 3943 σόστομος
2408 3875 2502 3927 καὶ
2553 3877 2582 3928 ό
2643 3874 3154 3946 παμμακάριστοςδ
3226 3872 3520 3944 Κύριλλος,
3577 3873 3674 3925 καὶ

2093 3966 2242 4022 ἄλλοι
2274 3965 2460 4018 πολλοὶ
2499 3966 2609 4018 τῶν
2645 3968 2766 4018 κατ’
2797 3968 2996 4029 αὐτοὺς
3025 3968 3082 4020 ὲν
3102 3968 3219 4029 τοῖς
3259 3965 3446 4033 λόγοις
3482 3963 3666 4022 αὐτῶν

2093 4061 2203 4122 τοῖς
2224 4057 2628 4120 διδασκαλικοϊς
2659 4059 2755 4110 σὺν
2787 4057 2865 4127 τῷ
2901 4057 3197 4126 θεολογικῷ
3228 4057 3445 4119 καλῶς⁸
3477 4072 3672 4124 φυσιο-

2094 4147 2447 4219 λογήσαντες,
2517 4147 2690 4201 πολλὰ
2740 4150 2870 4217 περ)⁸
2917 4147 3027 4200 τῶν
3071 4147 3166 4200 τοῦ
3223 4146 3479 4218 σώματος
3517 4144 3674 4216 ἡμῶν

2069 4239 2325 4311 ,μορίων,
2348 4241 2443 4294 καὶ
2468 4240 2577 4294 τῶν
2609 4240 2861 4312 ψυχικῶν
2895 4241 2990 4294 καὶ
3021 4239 3270 4306 ζωτικῶν
3296 4239 3393 4292 καὶ
3427 4237 3674 4314 φυσικῶν

2096 4329 2381 4400 δυνάμεων
2429 4331 2526 4384 καὶ
2569 4331 2860 4402 ἐνεργειῶν
2908 4331 3434 4402 συνεφιλοσόφησαν.
3484 4328 3674 4391 Οὐδεὶς

414 4427 626 4476 stantes
659 4420 726 4475 de
768 4423 1177 4491 naturteetiam
1225 4423 1672 4492 interpretatione
1723 4436 2017 4493 praecepta,

2099 4421 2282 4493 μέντοι
2313 4439 2376 4492 γε
2406 4423 2514 4476 τῶν
2542 4424 2962 4496 προειρημένων
3003 4422 3238 4494 ἀνδρῶν,
3271 4421 3304 4493 ἥ
3351 4421 3462 4474 τῶν
3503 4419 3675 4487 ἁγίων

415 4512 712 4577 traderent,
729 4511 1135 4582 plurimumque
1152 4513 1341 4582 procul
1365 4512 1532 4567 dubio
1550 4513 1616 4568 de
1636 4513 1987 4581 animalibus,

418 4601 680 4672 vitalibus
704 4601 1157 4672 naturalibusque
1186 4601 1538 4656 facultatibus
1579 4611 1739 4671 atque
1759 4603 1989 4656 actioni-

417 4695 519 4748 bus
553 4695 920 4764 philosotihati
955 4702 1160 4757 essent,
1185 4707 1347 4748 nemo
1374 4709 1439 4748 ex
1468 4693 1554 4747 his
1583 4708 1722 4762 quos
1751 4693 1988 4749 asserui-

416 4801 540 4840 mus
571 4788 725 4846 viris.
759 4787 843 4840 vel
896 4787 1103 4840 sanctis
1144 4784 1434 4850 Patrihus,
1489 4785 1561 4838 ita
1605 4785 1835 4854 hujusce
1875 4795 1988 4838 tra-

412 4877 669 4931 ctationis
719 4892 832 4930 rem
874 4876 1212 4945 perscripsit,
1267 4885 1325 4929 ut
1353 4875 1458 4930 sub
1506 4891 1614 4930 uno
1665 4886 2034 4951 argumento.

415 4966 588 5018 solum
637 4966 738 5020 hoc
770 4982 908 5021 onus
952 4967 1256 5021 absolvisse
1297 4967 1588 5020 videretur.
1634 4965 1740 5019 Nos
1781 4975 1985 5028 autem,

2095 4514 2304 4567 τούτων
2331 4517 2656 4585 συναγαγὼν
2692 4516 2943 4586 φαίνεται
2975 4515 3076 4586 τὴν
3105 4515 3234 4585 ὅλην
3266 4513 3549 4576 ὑπόθεσιν,
3577 4509 3671 4564 τοῦ

2100 4605 2229 4674 μίαν
2243 4606 2264 4637 ⁸
2285 4608 2670 4677 πραγματείαν
2694 4608 3021 4661 ἀποτελέσαι
3044 4621 3059 4634 ⁹
3078 4606 3147 4660 τὰ
3161 4601 3255 4659 οὖν
3272 4603 3671 4674 διεσπαρμένα,

2095 4697 2171 4758 ῶς
2215 4698 2272 4750 ὲν
2310 4699 2430 4758 ταῖς
2467 4697 2673 4758 τούτων
2722 4697 2926 4766 βίϐλοις
2961 4695 3282 4766 ἐγκείμενοι,
3315 4693 3479 4752 αὐτὸς
3513 4690 3673 4744 ἐκλα-

2097 4787 2228 4852 ϐὼν,
2254 4787 2315 4840 τὸ
2334 4787 2506 4858 παρὸν
2533 4787 2608 4849 ὡς
2626 4787 2745 4840 ὲνδν
2777 4788 3200 4857 συνεστησάμην
3225 4787 3289 4856 δὴ
3305 4785 3670 4854 σύγγραμμα.

2097 4879 2222 4940 Τοῖς
2271 4879 2390 4947 μὲν,
2441 4879 2517 4938 ῶς
2551 4879 2720 4943 εἰκὸς,
2773 4879 2918 4948 ἔχειν
2950 4879 3084 4931 αὐτὸ
3123 4877 3496 4949 βουλομένοις,
3535 4874 3671 4928 ὑπό-

2099 4985 2289 5037 μνημα
2316 4967 2417 5036 τῆς
2437 4968 2655 5036 φύσεως
2685 4968 2779 5020 καὶ
2804 4969 2905 5037 τῆς
2941 4968 3259 5031 συστάσεως
3290 4967 3387 5020 τοῦ
3421 4965 3672 5034 σώματος

413 5073 534 5123 qua:
566 5058 615 5108 in
667 5073 858 5110 eorum
912 5057 1067 5110 libris
1123 5057 1353 5126 sparsim
1411 5059 1587 5125 posita
1637 5058 1988 5112 inveniuntur

2094 5062 2288 5124 παντὸς
2305 5061 2564 5130 ἐσόμενον
2586 5077 2596 5090 ’
2623 5063 2750 5129 ἐμοὶ⁵
2780 5062 2838 5114 δὲ
2861 5061 3167 5131 γυμνάσιον
3193 5060 3404 5129 καὶτῆς
3428 5057 3673 5129 ἀμαθίας

413 5149 726 5216 seligentes,
762 5164 860 5217 pro
895 5148 1034 5201 virili
1070 5149 1209 5202 hanc
1245 5149 1620 5202 tractationem
1670 5149 1987 5217 perscripsi-

412 5255 557 5304 mus,
599 5256 710 5310 quo
753 5241 1016 5295 studiosis
1052 5241 1193 5295 ratio
1222 5241 1288 5294 de
1318 5243 1484 5294 totius
1517 5243 1763 5310 corporis
1796 5254 1988 5298 natura

412 5342 576 5402 atque
630 5333 1023 5388 constitutione
1073 5342 1334 5402 perpetuo
1389 5333 1441 5386 in
1495 5344 1749 5403 promptu
1797 5337 1986 5398 lieret;

413 5438 514 5479 nos
547 5440 676 5480 vero
708 5427 1192 5506 esercitamentum
1226 5427 1561 5494 inscitimque
1612 5435 1812 5481 nostrae
1845 5425 1991 5480 refuo

489 5540 876 5610 ιγάρΑΒΟ.

977 5543 995 5572 ²
1024 5542 1250 5611 ἁδελφὸς
1283 5542 1445 5594 αὑτοῦ
1483 5558 1590 5596 om.
1644 5540 1703 5595 P.

414 5608 433 5640 "
468 5608 768 5676 προφυγιον
791 5613 852 5664 Δ.

1809 5542 1828 5571 ³
1859 5541 2000 5603 θεῖος
2035 5539 2094 5595 Ρ.

2091 5151 2429 5221 προσφύγιον
2443 5153 2486 5204 ⁷.
2516 5155 2608 5204 Δεῖ
2625 5152 2825 5205 οὖντὸν
2846 5153 3197 5223 ἀπεριέργως
3220 5151 3672 5218 ἀναγινώσκοντα

2091 5243 2230 5314 μετὰ
2243 5244 2464 5315 ἀγάπης
2480 5245 2575 5299 καὶ
2594 5244 2761 5314 φόϐου
2774 5244 2932 5308 Θεοῦ,
2949 5246 3042 5298 καὶ
3055 5247 3216 5314 χάριν
3234 5243 3501 5312 ὠφελείας
3517 5241 3674 5294 τοῦτο

2089 5337 2292 5388 ποιεῖν·
2325 5336 2419 5388 καὶ
2449 5336 2524 5404 μὴ
2554 5333 2809 5404 θηρεύειν
2843 5334 3018 5398 λέξεις
3052 5335 3187 5406 πρὸς
3217 5333 3278 5386 τὸ
3298 5333 3550 5397 κακίζειν
3576 5331 3668 5382 τὸν

2091 5423 2569 5494 συγγραψάμενον.
2609 5423 2745 5477 Οὐδὲ
2772 5425 2878 5495 γὰρ
2901 5427 3087 5490 πᾶσιν,
3115 5424 3191 5488 ῶς
3219 5419 3397 5494 οἶμαι,
3424 5420 3672 5489 εὖληπτά

2191 5541 2212 5571 ⁸
2245 5541 2514 5611 μακάριος
2542 5539 2602 5595 Ρ.
2708 5542 2726 5572 ⁵
2763 5540 2944 5605 καλῶς
2981 5540 3019 5597 Ρ
3048 5555 3218 5610 marg.
3314 5538 3334 5567 ⁸
3369 5537 3444 5608 μὴ
3477 5537 3574 5608 τήν
3603 5537 3668 5591 Α.

490 5701 563 5768 (1)
596 5699 707 5756 lloc
742 5703 1067 5770 prooemium
1095 5715 1146 5758 et
1173 5703 1409 5758 tabulam
1442 5702 1580 5757 infra
1615 5705 1848 5772 positam
1876 5704 1977 5758 soli
2020 5703 2219 5760 habent
2251 5703 2316 5759 Α.
2354 5702 2415 5759 Ρ.

3274 5809 3306 5824 Α
