4006 6158
392 298 526 359 1083

1687 303 1966 360 MELETII
2007 301 2315 358 MONACHI

3499 307 3644 366 ιοει

384 423 598 478 ratione
628 421 788 475 simili
825 419 985 474 modo
1019 419 1084 474 ad
1117 420 1348 476 invicem
1393 436 1515 480 esse
1537 433 1727 494 suapte
1759 436 1952 480 natura

2069 424 2201 477 κατὰ
2231 421 2324 476 τὸν
2365 421 2464 490 τῆς
2506 420 2823 484 συστάσεως
2873 420 3067 490 λόγον*
3101 421 3242 476 ὥστε
3298 424 3392 476 καὶ
3441 425 3531 495 ὑφ’
3581 425 3643 480 ἓν

386 514 566 568 idonei
589 521 735 576 sunt,
767 512 952 582 itaque
978 511 1081 566 sub
1110 528 1272 567 unam
1303 515 1536 584 speciem
1559 517 1958 574 deﬁnitionem-

382 620 490 674 que
512 604 846 672 rediguntur.

451 693 625 747 Homo
644 703 729 749 est
753 695 954 750 animal
1006 695 1301 761 rationale,
1356 698 1622 762 mortale,
1655 697 1852 754 mentis
1904 707 1958 753 et

382 784 624 840 scientiae
677 799 866 853 capax.
923 786 1137 840 Animal
1193 787 1436 856 quidem,
1486 788 1744 858 quoniam
1793 789 1959 844 homo

382 875 498 944 ipse
543 874 848 929 substantia
893 875 1075 929 anima
1111 876 1358 944 przedita,
1407 878 1676 932 sensualis
1727 885 1841 944 est;
1876 887 1958 932 ta-

384 967 452 1022 lis
509 965 654 1020 enim
729 967 984 1022 animalis
1046 968 1288 1023 definitio
1340 969 1570 1024 habetur
1620 989 1633 1024 :
1692 971 1958 1025 rationale

381 1072 534 1118 vero,
590 1071 700 1126 quo
738 1057 807 1111 ab
846 1057 1070 1113 rationis
1128 1059 1441 1127 expertibus
1490 1060 1804 1116 distinctum
1862 1062 1954 1119 sit.

385 1146 632 1212 Mortale,
676 1146 756 1200 uti
809 1147 878 1200 ab
913 1148 1314 1203 immortalibus
1355 1151 1560 1219 angelis
1615 1151 1708 1218 qui
1746 1152 1957 1208 ratione

386 1244 513 1291 sunt
542 1237 745 1307 praediti
769 1237 986 1290 distent.
1025 1237 1214 1292 Mentis
1238 1253 1384 1301 vero,
1409 1249 1463 1292 et
1497 1239 1736 1293 scientia:
1761 1255 1953 1309 capax,

384 1327 644 1397 quoniam
684 1342 748 1380 ex
785 1326 1070 1396 disciplina
1118 1327 1278 1382 nobis
1315 1340 1460 1382 artes
1488 1330 1832 1397 proveniunt,
1861 1330 1958 1399 qui

386 1418 494 1470 vim
555 1417 772 1486 quidem
823 1432 916 1470 eas
970 1417 1305 1486 percipiendi
1361 1426 1553 1472 natura
1606 1419 1954 1485 obtinemus,

387 1509 631 1564 actiones
660 1523 790 1564 vero
820 1509 888 1563 ab
939 1509 1024 1564 liis
1056 1525 1174 1579 quae
1202 1508 1552 1564 didicerimus
1591 1511 1954 1578 possidemus.

386 1600 596 1656 Nomen
650 1615 780 1654 vero
833 1601 997 1655 homo
1045 1602 1113 1654 ab
1153 1602 1264 1655 illis
1307 1601 1590 1672 ἅνθρωπος
1635 1601 1834 1656 dicitur
1871 1601 1960 1655 διὰ

387 1695 487 1762 τὴν
516 1691 772 1762 ἔναρθρον
800 1691 944 1761 ἔχειν
969 1691 1169 1762 φωνὴν,
1206 1692 1351 1760 quod
1376 1692 1663 1746 articulata
1687 1705 1820 1746 voce
1849 1701 1959 1746 uta-

391 1792 500 1848 tur,
537 1798 658 1836 cum
718 1782 822 1836 alia
871 1797 1102 1851 quaeque
1147 1780 1402 1836 animalia
1443 1781 1846 1836 inarticulatam
1896 1797 1962 1837 ac
1992 1754 2033 1812 Β

389 1876 525 1930 nihil
550 1874 944 1945 significantem
991 1889 1180 1928 vocem
1233 1874 1502 1928 emittant.
1531 1871 1787 1929 Nonnulli
1810 1890 1958 1941 vero,

392 1967 460 2024 ah
508 1966 693 2036 ἀθρεῖν
738 1965 832 2018 καὶ
859 1963 1166 2032 λογίζεσθαι
1201 1964 1342 2035 άπερ
1372 1963 1565 2030 omne,
1625 1965 1769 2032 quod
1809 1964 1958 2032 facit,

393 2057 739 2113 considerare
787 2057 838 2126 7
885 2066 1066 2111 mente
1105 2057 1244 2126 ipsa,
1304 2067 1359 2112 et
1429 2059 1859 2114 animadvertere
1897 2076 1960 2114 ea

391 2165 513 2217 quae
549 2149 866 2218 inspexerit,
912 2162 1037 2202 cum
1075 2149 1179 2203 alia
1229 2151 1488 2203 animalia
1522 2150 1659 2204 nihil
1713 2151 1962 2206 animad-

392 2251 606 2296 vertant
652 2249 813 2310 atqtte
858 2239 1221 2295 considerent.
1256 2240 1485 2308 Quidam
1551 2251 1731 2297 autem
1765 2243 1832 2297 ab
1852 2242 1964 2296 ἄνω

393 2333 563 2404 θρεῖν,
593 2333 736 2402 quod
772 2331 952 2386 oculos
977 2331 1047 2384 ad
1069 2331 1316 2386 sublimia
1359 2333 1554 2387 elevare
1582 2334 1838 2402 explices,
1871 2343 1965 2389 aut

395 2439 423 2478 a
473 2423 638 2478 verbo
685 2423 818 2493 δρῶ,
848 2423 990 2492 quod
1018 2431 1190 2490 specto
1222 2423 1510 2494 significat,
1565 2426 1708 2479 unde
1737 2425 1804 2478 ab
1832 2425 1964 2493 ipsis

394 2513 648 2580 adropos,
671 2521 724 2565 et
739 2510 1039 2583 άνδρωπος,
1068 2511 1230 2566 homo
1260 2520 1628 2581 nuncupatur,
1648 2513 1730 2567 vel
1753 2513 1823 2568 ab
1851 2513 1963 2567 ἀνω

397 2601 604 2674 ῥέπειν,
629 2602 774 2669 quod
814 2602 997 2655 vultus
1019 2601 1088 2657 ad
1121 2601 1300 2657 sidera
1326 2612 1538 2658 erectos
1577 2603 1747 2658 tollat.
1783 2602 1966 2672 Siqui-

394 2695 518 2747 dem
546 2694 651 2748 alia
684 2695 1058 2764 quadrupeda,
1101 2704 1158 2750 ut
1211 2712 1442 2766 magnus
1470 2695 1706 2752 Basilius
1741 2711 1962 2752 asseve-

395 2795 501 2849 rat,
551 2785 616 2839 ad
651 2795 848 2840 terram
885 2794 1150 2855 spectant.
1183 2794 1450 2858 uteroque
1476 2787 1837 2852 acclinantur,
1867 2788 1966 2842 ho-

395 2877 561 2932 minis
590 2891 719 2932 vero
739 2895 959 2934 sursum
991 2881 1057 2934 ad
1081 2881 1322 2936 cmlestia
1358 2889 1633 2950 aspectus,
1661 2896 1730 2936 ne
1759 2881 1967 2937 scilicet

393 2969 568 3021 ventri
603 2968 831 3038 ejusque
860 2969 1239 3024 affectionibus
1268 2979 1440 3024 vacet.
1479 2968 1659 3040 Ipsum
1696 2969 1964 3039 siquidem

2061 508 2203 576 εἶδος
2231 511 2443 574 πάντας
2477 512 2522 544 ⁸⁸
2556 512 2857 581 ἀνάγεσθαι
2889 513 2984 566 καὶ
3010 513 3106 567 ἕνα
3129 515 3380 584 ὁρισμόν.

2134 695 2459 764 Ἄνθρωπος
2492 695 2600 766 γάρ
2626 681 2763 763 ἐστι,
2812 696 2948 764 φασὶ
2975 697 3046 760 ⁸³,
3072 696 3212 760 ζῶον
3258 699 3477 766 λογικὸν
3508 699 3641 771 θνη-

2059 787 2174 851 τὸν,
2225 787 2320 842 νοῦ
2377 788 2475 841 καὶ⁵
2516 788 2830 858 ἐπιστήμης
2870 788 3118 846 δεκτικόν
3143 806 3158 820 ⁶
3195 790 3336 854 ζῶον
3388 791 3509 861 μὲν,
3556 793 3641 846 ὅτι

2061 875 2156 928 καὶ
2185 877 2213 928 ὁ
2233 875 2520 942 ἄνθρωπος
2567 875 2726 929 οὐσία
2771 877 2921 929 ἐστὶν
2951 877 2999 908 ⁵⁵
3025 877 3273 948 ἔμψυχος
3302 881 3596 952 αἰσθητικὴ
3621 900 3637 915 ο

2059 960 2215 1030 οὗτος
2245 967 2355 1039 γὰρ
2374 969 2500 1038 ὅρος
2533 966 2674 1031 ζώου
2701 985 2712 996 '
2747 968 2967 1036 λογικὸν
3009 969 3088 1032 δὲ,
3116 970 3203 1023 ἵνα
3243 974 3486 1043 χωρισθῇ
3527 974 3639 1027 τῶν

2059 1059 2294 1127 ἀλόγων,
2323 1058 2420 1113 καὶ
2443 1059 2658 1130 θνητὸν,
2695 1058 2783 1112 ἵνα
2813 1059 3005 1129 διαστῇ
3037 1059 3146 1112 τῶν
3176 1060 3462 1115 ἀθανάτων
3490 1063 3636 1130 λογι-

2059 1149 2194 1214 κῶν,
2238 1151 2406 1222 ήγουν
2451 1151 2726 1218 ἀγγέλων·
2762 1151 2856 1205 τοῦ
2893 1151 2950 1204 δὲ
2989 1154 3034 1186 ⁵⁵
3060 1154 3152 1206 νοῦ
3200 1155 3294 1206 καὶ
3326 1157 3637 1227 ἐπιστήμης

2059 1242 2330 1307 δεκτικὸν,
2373 1243 2460 1296 ὅτι
2498 1242 2588 1295 διὰ
2639 1242 2929 1313 μαθήσεως
2977 1244 3363 1315 προσγίνονται
3396 1248 3530 1314 ἡμῖν
3578 1249 3634 1300 αἱ

2058 1332 2242 1400 τέχναι
2287 1330 2382 1384 καὶ
2429 1331 2736 1400 ἐπιστῆμαι
2785 1333 2853 1386 ⁸⁸.
2892 1334 3117 1403 Ἔχουσι
3161 1335 3261 1402 μὲν
3317 1334 3548 1406 δύναμιν
3587 1337 3633 1370 ⁸⁷

2057 1422 2331 1492 δεκτικὴν,
2363 1422 2463 1491 τὴν
2502 1422 2561 1475 δὲ
2609 1425 2896 1494 ἐνέργειαν
2941 1425 3247 1496 κτωμένοις
3292 1427 3358 1478 ὲκ
3387 1426 3494 1479 τῶν
3529 1444 3634 1497 μα-

2059 1513 2321 1583 θημάτων
2351 1511 2418 1567 ⁸⁸.
2449 1513 2523 1566 Τὸ
2556 1513 2615 1566 δὲ
2647 1513 2960 1582 ἄνθρωπος
2989 1515 3180 1581 ὄνομα,
3209 1515 3359 1584 παρά
3393 1516 3455 1569 τὸ
3477 1516 3636 1587 ἔναρ-

2060 1603 2186 1672 θρον
2235 1603 2349 1674 ἔχει
2403 1604 2592 1674 φωνήν
2627 1621 2640 1635 ο
2693 1605 2804 1656 τῶν
2855 1604 3034 1658 ἄλλων
3099 1605 3254 1670 ζώων
3307 1609 3561 1661 ἁπάντων
3590 1610 3634 1641 ⁸⁸

2061 1691 2350 1763 ἀνάρθρως
2389 1692 2486 1744 καὶ
2533 1692 2870 1760 ἀσημάντως
2912 1694 2956 1725 ⁸ο
2997 1688 3360 1761 φωνούντων.
3388 1696 3546 1758 Τινὲς
3581 1696 3638 1748 δὲ

2063 1781 2214 1852 παρὰ
2232 1782 2293 1834 τὸ
2323 1781 2514 1851 ἀθρεῖν
2541 1782 2634 1833 καὶ
2657 1781 2972 1850 λογίζεσθαι
2995 1784 3098 1836 ἆπε
3107 1801 3139 1853 ρ
3159 1785 3199 1815 ⁰¹
3233 1785 3423 1837 ὄπωπε
3445 1801 3460 1816 θ
3484 1802 3641 1837 τουτο

2062 1871 2180 1924 έστι
2229 1872 2381 1942 παρά
2409 1870 2471 1924 τὸ
2518 1872 2739 1940 βλέπειν
2770 1873 2911 1925 κατά
2963 1872 3089 1925 νοῦν
3119 1875 3212 1926 καὶ
3255 1873 3567 1942 λογίζεσθαι
3594 1876 3640 1907 ⁸³

2062 1961 2130 2014 τὰ
2155 1962 2374 2015 δέοντα·
2406 1962 2516 2015 τῶν
2555 1962 2732 2015 ἀλλων
2756 1961 2911 2026 ζώων
2941 1963 3015 2033 μὴ
3048 1965 3468 2033 προνοουμένων
3497 1963 3530 2032 ἢ
3566 1963 3640 2034 μὴ

2061 2052 2428 2121 λογιζομένων
2459 2054 2520 2106 ⁸³.
2573 2053 2758 2105 ’Δλλοι
2797 2053 2855 2105 δὲ
2910 2053 3063 2124 παρά
3109 2054 3171 2106 τὺ
3216 2053 3448 2106 ἀνῶθειν
3475 2054 3519 2086 ⁸⁸
3550 2054 3644 2107 τὸν

2063 2142 2361 2213 ὀφθαλμὸν,
2409 2143 2579 2212 ἤγουν
2625 2143 2739 2197 ἄνω
2770 2145 2977 2214 αἴρειν·
3036 2145 3070 2213 ἢ
3128 2145 3281 2213 παρά
3328 2145 3388 2197 τὸ
3423 2145 3534 2213 δρῶ
3581 2144 3645 2196 τὺ

2065 2233 2272 2302 βλέπω,
2314 2232 2346 2301 ἢ
2395 2231 2622 2301 πράττω
2671 2232 2739 2297 ⁸⁵,
2791 2233 3046 2303 ἀδρωπος
3099 2233 3143 2264 ⁶⁶
3176 2233 3273 2285 καὶ
3326 2233 3639 2305 ἄνθρωπος·

2062 2325 2095 2395 ἢ
2133 2324 2286 2394 παρά
2317 2323 2378 2376 τὸ
2424 2324 2536 2378 ἀνω
2589 2325 2798 2394 ῥέπειν,
2844 2325 3120 2394 ἀνάροπός
3167 2326 3207 2356 ⁸⁷
3240 2343 3324 2388 τις
3355 2324 3450 2379 ὢν.
3496 2344 3516 2377 ι
3561 2324 3644 2378 Τά

2067 2415 2164 2486 μὲν
2190 2416 2298 2485 γὰρ
2330 2416 2374 2448 ⁸⁸
2405 2417 2732 2487 τετράποδα,
2763 2419 2928 2488 φησιν
2954 2419 2982 2470 ὁ
3013 2417 3190 2487 μέγας
3214 2417 3518 2480 Βασίλειος,
3545 2418 3642 2471 ἐπὶ

2062 2507 2164 2574 τὴν
2201 2508 2306 2576 γῆν
2348 2507 2559 2576 βλέπει,
2604 2510 2698 2564 καὶ
2743 2508 2883 2580 πρὸς
2931 2508 3035 2579 τὴν
3071 2509 3318 2578 γαστέρα
3346 2509 3602 2562 νένευκεν
3625 2525 3641 2542 ’

2063 2597 2337 2668 ἀνθρώπῳ
2367 2601 2411 2631 θ’
2435 2599 2492 2652 δὲ
2517 2599 2628 2652 ἄνω
2673 2599 2809 2671 πρὸς
2852 2601 3082 2673 οὐρανὸν
3107 2603 3138 2670 ή
3177 2600 3365 2670 βλέψις
3393 2601 3466 2664 ⁷⁸,
3501 2601 3643 2654 ὥστε

2067 2689 2142 2758 μὴ
2190 2688 2476 2759 σχολάζειν
2525 2691 2746 2760 γαστρὶ,
2794 2691 2932 2759 μηδὲ
2984 2692 3100 2754 τοῖς
3153 2690 3259 2743 ὑπὸ
3296 2690 3547 2760 γαστέρα
3595 2690 3641 2723 τί

2064 2780 2285 2834 πάθεσι.
2327 2799 2346 2834 ι
2384 2781 2668 2850 Γνώριμόν
2697 2797 2760 2834 τε
2791 2782 2835 2813 ¹¹²
2865 2782 2948 2834 ὃτι
2971 2784 3086 2846 τοῖς
3116 2781 3347 2851 ἀψύχοις
3375 2783 3644 2844 κοινωνεῖ,

2065 2873 2288 2942 καὶτῆς
2325 2872 2433 2925 τῶν
2467 2872 2705 2940 λογικῶν
2748 2872 3034 2942 μετείληχε
3073 2875 3118 2905 ⁷³
3171 2875 3434 2944 νοήσεως.
3471 2873 3647 2936 Εὐθὺς

2065 2965 2172 3036 γὰρ
2194 2966 2253 3017 ὲν
2280 2967 2344 3034 τῇ
2370 2964 2564 3036 πρώτῃ
2590 2966 2768 3035 σπορᾷ
2793 2966 2857 3017 ὲκ
2878 2964 3185 3033 καταϐολῆς
3204 2965 3251 2998 ⁷⁸
3275 2966 3371 3018 τοῦ
3405 2965 3647 3036 σπέρμα-

395 3059 665 3114 hominem
695 3074 818 3113 cum
860 3061 1042 3113 anima
1100 3061 1417 3129 expertibus
1447 3062 1872 3125 communicare,
1903 3075 1962 3116 ac

2069 3072 2158 3118 τος
2207 3057 2266 3108 ὲν
2301 3059 2365 3125 τῇ
2419 3057 2605 3128 μήτρᾳ
2655 3057 2714 3109 τὸ
2769 3058 3078 3128 προσπεσὸν
3117 3061 3231 3120 τοῖς
3268 3059 3498 3129 ἀψύχοις
3528 3059 3647 3112 ἐστὶ

394 3148 741 3204 rationalium
781 3148 1139 3217 intelligentia
1175 3165 1282 3202 non
1317 3150 1648 3218 inexpertem
1693 3167 1816 3206 esse
1841 3166 1959 3220 per-

393 3249 640 3309 spectum
659 3239 906 3292 habetur.
929 3239 1063 3291 Cum
1089 3239 1232 3292 enim
1257 3254 1438 3294 semen
1463 3241 1699 3309 primum
1723 3241 1968 3296 dissemi-

393 3339 555 3384 natur
589 3338 750 3397 atque
778 3327 1042 3381 emittitur
1063 3366 1076 3390 ,
1101 3329 1348 3396 protinus
1375 3329 1502 3383 illud
1552 3329 1697 3398 quod
1758 3331 1814 3384 in
1857 3332 1965 3384 vul-

393 3432 515 3470 vam
561 3415 750 3470 incidit
779 3415 958 3469 anima
990 3417 1304 3482 expertibus
1333 3432 1558 3487 compar
1597 3419 1861 3483 redditur,
1906 3427 1966 3473 ut

391 3518 518 3578 pote
544 3507 688 3577 quod
720 3523 785 3560 ex
815 3516 1051 3576 quatuor
1103 3508 1494 3562 elementorum
1538 3517 1964 3578 temperamento

391 3599 672 3660 consistat,
703 3605 929 3666 excepto
955 3598 1098 3668 quod
1121 3614 1150 3650 a
1174 3598 1280 3652 vita
1302 3600 1541 3668 praeditis
1568 3611 1834 3656 secretum
1862 3612 1965 3667 est,

2075 3142 2291 3212 σώμασι
2319 3145 2365 3176 ⁷⁸
2399 3145 2776 3215 παραπλήσιον
2797 3162 2809 3174 ·
2859 3149 2923 3198 ἐκ
2971 3146 3080 3199 τῶν
3111 3149 3154 3178 ⁷⁸
3185 3149 3467 3217 τεσσάρων
3502 3164 3647 3200 στοι-

2072 3235 2234 3304 χείων
2262 3234 2384 3305 ἔχον
2425 3237 2526 3305 τὴν
2568 3239 2798 3306 κρᾶσιν·
2839 3237 2978 3306 πλὴν
3025 3237 3100 3300 ὡς
3147 3240 3212 3291 ὲκ
3253 3237 3474 3301 ζώντων
3507 3241 3645 3292 ἀπο-

2072 3327 2418 3396 κρινόμενον,
2461 3327 2645 3390 ζῶσαν
2675 3327 2916 3381 δεικνύει
2949 3328 3043 3380 καὶ
3075 3329 3173 3399 τὴν
3199 3331 3508 3398 ἐνέργειανο
3534 3330 3646 3382 τῶν
3715 3334 3718 3336 ⁷

2071 3417 2320 3487 φυσικῶν
2347 3419 2633 3490 δυνάμεων
2664 3422 2721 3475 ὲν
2750 3421 2900 3490 αὐτῷ
2933 3423 3398 3492 ἀναφαινομένων.
3435 3425 3650 3494 Μικρὸν

2070 3509 2180 3578 γάρ
2216 3526 2336 3562 τινα
2367 3510 2559 3579 χρόνον
2611 3515 2967 3581 παραμεῖναν
2991 3514 3032 3544 ⁷⁷
3072 3515 3137 3582 τῇ
3175 3515 3360 3584 μήτρᾳ⁵
3392 3517 3569 3568 ἐκεῖσε
3602 3515 3650 3548 ’⁸

2069 3603 2255 3666 πεσὸν,
2285 3603 2376 3656 καί
2404 3620 2549 3668 τινος
2573 3606 2809 3672 φυσικῆς
2841 3606 3067 3674 ἰκμάδος
3108 3609 3149 3640 ⁷⁸
3186 3605 3456 3670 ὲκζέσεως
3479 3623 3650 3676 προσ-

391 3697 447 3743 et
479 3699 633 3743 actus
672 3690 900 3744 viventis
953 3689 1225 3754 ostendat,
1263 3706 1387 3744 eum
1441 3693 1716 3747 naturales
1766 3693 1818 3746 in
1854 3693 1962 3762 ipso

2069 3693 2366 3764 λαϐόμενον
2399 3695 2468 3756 ⁸ο,
2517 3698 2630 3754 τοῖς
2658 3695 2956 3764 ζωοφύτοις
2991 3697 3335 3768 ἐξομοιοῦται
3378 3698 3522 3752 κατὰ
3549 3698 3647 3767 τὴν

391 3782 680 3836 facultates
741 3783 1119 3852 inspiciantur.
1155 3783 1456 3851 Siquidem,
1482 3798 1606 3838 cum
1675 3785 1731 3838 in
1807 3793 1967 3840 utero

2072 3785 2374 3854 θρεπτικὴν
2398 3787 2492 3838 καὶ
2532 3784 2832 3855 αὐξητικὴν
2857 3787 3109 3856 δύναμιν.

391 3879 538 3933 brevi
567 3879 799 3946 quodam
829 3880 1088 3948 temporis
1118 3879 1401 3934 intervallo
1440 3881 1766 3946 constiterit,
1792 3871 1868 3936 ac
1904 3882 1960 3935 in
1998 3882 2172 3950 ipsum
2217 3881 2460 3936 incidens
2514 3882 2778 3938 naturalis
2794 3883 3076 3952 cujusdam
3119 3882 3365 3937 humoris
3381 3882 3646 3948 fervorem

391 3969 734 4038 susceperit:
766 3968 1020 4038 vegetalis
1048 3970 1382 4038 auctivaaque
1427 3969 1701 4024 facultatis
1731 3973 1959 4028 ratione.
2003 3971 2309 4042 zoophytis,
2368 3971 2662 4040 quaeinter
2717 3972 2930 4041 plantas
2975 3973 3342 4042 animaliaque
3406 3970 3648 4042 ambigui

391 4063 604 4134 generis
635 4071 763 4118 sunt
787 4077 950 4131 quam
975 4063 1308 4117 simillimum
1334 4062 1584 4119 elIicitur.

463 4152 674 4207 Etenim
702 4152 819 4208 hac
844 4152 1079 4208 hominis
1103 4154 1266 4224 stirps
1284 4163 1581 4224 vegetatur,
1607 4161 1964 4224 augeturque,

391 4254 444 4298 et
476 4244 710 4313 partium
733 4243 1210 4314 membrorumque
1235 4243 1469 4299 formam
1501 4246 1749 4316 suscipit.
1792 4245 1968 4301 Incre-

392 4343 638 4388 mentum
665 4333 844 4389 denuo
875 4333 986 4388 illic
1013 4335 1215 4390 sensim
1244 4335 1487 4405 capiens,
1507 4335 1561 4389 in
1584 4336 1785 4390 animal
1811 4335 1968 4390 verti-

391 4432 559 4489 tur,et
576 4440 704 4479 suas
721 4423 774 4480 in
792 4426 910 4494 ipso
927 4427 1165 4482 actiones
1181 4427 1370 4481 vitales
1393 4426 1673 4482 facultates
1693 4435 1965 4491 exercent,

391 4532 517 4571 cum
531 4517 850 4587 etpeiagicis
868 4518 1194 4572 animalibus
1221 4518 1398 4572 simile
1421 4519 1526 4572 liat.
1549 4519 1888 4590 Quapropter
1911 4529 1964 4576 et

390 4612 740 4676 embryonem
770 4607 1062 4676 appellant,
1115 4607 1260 4676 quod
1295 4608 1360 4662 ad
1393 4607 1741 4674 alimentum,
1789 4610 1964 4664 incre-

393 4707 748 4766 mentumque
819 4698 1137 4767 capiendum
1205 4697 1362 4753 facile
1414 4707 1617 4762 manat,
1669 4699 1874 4754 dictum
1933 4715 1965 4755 a

389 4789 581 4843 Graeco
642 4788 848 4858 βρύειν,
902 4788 1046 4859 quod
1101 4805 1413 4850 mauo.seu
1461 4791 1964 4861 scateo.signiﬁcat.

395 4883 522 4937 Sive
543 4881 687 4952 quod
720 4880 899 4937 cibum
953 4881 1101 4937 intus
1151 4881 1446 4946 contineat,
1480 4883 1572 4952 qui
1615 4881 1800 4938 Graece
1827 4881 1962 4954 βορά

519 5083 566 5114 ⁸¹
599 5081 808 5145 πάντας
853 5095 962 5134 om.
995 5079 1052 5134 Β.

390 5155 471 5221 ἐχ.
532 5151 643 5206 δυν.
679 5151 738 5204 Β.
828 5151 874 5182 ⁸⁸
901 5150 1001 5220 τὴν
1045 5150 1103 5204 δὲ
1165 5147 1249 5203 ὲν.
1304 5150 1446 5221 κατά
1486 5149 1662 5221 μέροὶ
1715 5147 1929 5221 ὲκΑτῶν

1151 5080 1197 5159 ⁵-⁸
1227 5081 1360 5149 φασὶ
1414 5095 1550 5159 om._
1586 5078 1648 5144 B,
1703 5079 1839 5159 φησι
1863 5076 1928 5159 ~C

2132 5077 2178 5108 “
2207 5077 2486 5159 éoztv‘nm.
2521 5076 2610 5159 (Ιχ
2679 5076 2725 5106 ⁵⁸
2755 5076 2815 5159 τὸ
2852 5076 2909 5159 δὲ
2962 5076 3022 5130 Β.
3191 5076 3246 5125 αἱ
3269 5076 3358 5124 ἐπ.

1980 5145 2110 5230 μεθ·
2144 5147 2206 5230 B.~
2241 5144 2550 5230 strip
2581 5143 2836 5230 δεκτικὴν
2871 5142 3358 5230 asseverat:
3379 5141 3649 5230 sese?

2142 4153 2254 4207 Καὶ
2294 4153 2401 4224 γὰρ
2446 4153 2706 4222 τρέφεται
2747 4154 2841 4207 καὶ
2869 4153 3093 4219 αὔξεται
3128 4154 3190 4208 τὸ
3221 4154 3648 4225 ἀνθρωπόφυτον

2069 4245 2250 4306 τοῦτο,
2285 4244 2378 4296 καὶ
2401 4246 2482 4306 εἰς
2515 4244 2657 4315 μέρη
2686 4244 2781 4298 καὶ
2809 4244 2944 4315 μέλη
2975 4245 3372 4310 ἀποτυποῦται.
3403 4245 3573 4299 Πάλιν
3599 4245 3644 4278 ⁸¹

2069 4337 2126 4389 δὲ
2155 4336 2276 4389 κατ’
2310 4335 2490 4402 ὀλίγον
2521 4337 2566 4368 ⁸⁸
2609 4336 3032 4408 εναδρυνόμενον
3065 4337 3112 4370 ⁸³
3143 4336 3466 4400 ζωοῦταιδδ
3496 4338 3643 4389 ἐκεῖ·

2071 4427 2164 4481 καὶ
2195 4425 2428 4490 ζωτικαὶ
2464 4426 2521 4477 ἐν
2569 4425 2718 4496 αὒτῷ
2747 4425 3034 4496 ἐνεργοῦσι
3067 4425 3328 4495 δυνάμεις
3347 4425 3394 4458 ⁸⁵
3415 4442 3429 4456 ·
3458 4427 3548 4479 ὅτε
3581 4427 3645 4458 ⁸⁵¹

2061 4519 2155 4572 καὶ
2179 4520 2292 4581 τοῖς
2341 4517 2574 4579 ὲναλίοις
2603 4516 2764 4581 ζώοις
2799 4519 2915 4571 ἐστὶ
2971 4517 3382 4588 παραπλήσιον.
3416 4518 3507 4571 Διὸ
3554 4519 3646 4581 καὶ

2060 4608 2320 4676 ἔμϐρυον
2346 4605 2566 4674 λέγεται
2591 4605 2679 4659 διὰ
2698 4608 2760 4658 τὸ
2785 4605 2993 4660 ἔσωθεν
3026 4607 3073 4640 ⁸⁸
3109 4606 3317 4676 βρύειν,
3344 4607 3644 4677 τρέφεσθαι

2060 4715 2118 4751 τε
2141 4698 2234 4750 καὶ
2261 4695 2522 4761 αὔξεσθαι
2543 4715 2557 4727 ’
2585 4697 2617 4766 ἢ
2646 4697 2734 4751 διά
2759 4697 2822 4751 τὸ
2850 4697 3000 4752 ἔνδον
3020 4699 3064 4730 ⁸⁷
3091 4697 3189 4767 τὴν
3215 4697 3381 4768 βορὰν
3405 4698 3452 4732 ⁸⁸
3478 4697 3643 4767 ἔχειν·

2068 4789 2101 4859 ἦ
2130 4789 2216 4842 διά
2247 4788 2307 4841 τὸ
2336 4787 2484 4842 ἔνδον
2515 4787 2559 4820 ⁸⁸
2585 4783 2724 4841 εἶναι
2755 4787 2949 4857 βροτοῦ
2977 4789 3044 4843 ⁸ο.
3086 4787 3152 4842 Ἢ
3178 4788 3235 4841 δὲ
3249 4789 3468 4857 μήτρα,
3500 4787 3649 4858 παρὰ

2069 4880 2131 4934 τὸ
2163 4882 2204 4912 ⁹¹
2245 4880 2428 4950 μήτηρ
2460 4874 2601 4932 εἶναι
2627 4877 2720 4931 τοῦ
2753 4877 3096 4948 γεννωμένου
3115 4879 3182 4932 ⁹².
3207 4877 3440 4946 Λέγεται
3471 4876 3528 4928 δὲ
3557 4877 3650 4929 καὶ

2679 5074 2725 5106 ⁵⁸
2755 5073 2815 5126 τὸ
2852 5073 2909 5126 δὲ
2962 5073 3022 5130 Β.

2132 5077 2178 5108 ⁸⁸
2207 5077 2354 5129 ἐστιν
2379 5090 2486 5129 om.
2521 5073 2585 5129 C.
2679 5074 2725 5106 ⁵⁸
2755 5073 2815 5126 τὸ
2852 5073 2909 5126 δὲ
2962 5073 3022 5129 Β.
3123 5074 3169 5104 ⁸⁸
3191 5073 3246 5125 αἱ
3269 5073 3358 5124 ἐπ.
3384 5071 3448 5126 Β.
3524 5072 3568 5104 ⁸⁸⁸
3594 5071 3650 5124 αἱ

391 5210 672 5290 ἐνέργειαν
700 5222 807 5274 ἀπὸ
837 5221 944 5274 τῶν
959 5210 1310 5291 ’μαθημάτων
1345 5210 1606 5319 κτώμεθα
1632 5217 1694 5270 Ρ.
1761 5218 1806 5250 ⁵⁸
1831 5235 1882 5270 τ.
1913 5210 1999 5270 ἀλ.
2029 5218 2127 5272 ἁπ.
2161 5216 2210 5279 ζ.
2241 5216 2282 5268 Β
2307 5210 2366 5270 Ρ.
2397 5210 2408 5216 ’
2445 5216 2490 5248 ⁸ο
2523 5215 2750 5283 ἀσήμως
2773 5210 2834 5268 C.
2899 5210 2953 5245 “⁸¹
2983 5213 3019 5266 ἆ
3048 5213 3107 5264 Β.
3184 5212 3228 5242 ⁸³
3249 5210 3649 5277 διαλογίζεσθαι

391 5291 431 5319 ι)
461 5296 498 5319 ι’
533 5294 569 5319 ιι
669 5292 712 5319 n
743 5290 814 5319 ηε.
846 5291 998 5319 amur
1052 5293 1084 5319 ,ι
1115 5307 1252 5319 ..-λη
1301 5290 1340 5319 ι)
1439 5290 1458 5319 ο
1654 5286 1839 5319 eam?”
1877 5289 1904 5319 Α
1966 5286 2075 5319 ιη...
2124 5287 2273 5319 ρηετ..
2311 5285 2347 5319 n
2377 5285 2414 5319 ο
2511 5285 2555 5316 οδ
2583 5285 2612 5319 a
2651 5299 2726 5319 ,πη
2777 5298 2862 5319 nm
2929 5281 2966 5319 Ω
2993 5281 3030 5319 ι)
3128 5283 3174 5314 σε
3203 5281 3488 5319 κυδηωπηρ·
3519 5281 3559 5319 (ἶ
3591 5279 3627 5319 D

390 5291 433 5345 Β
461 5285 500 5348 C
530 5285 591 5346 Ρ.
669 5292 712 5322 ⁸³
742 5285 1017 5412 μὴΒλογιζ.
1052 5293 1085 5360 ἢ
1107 5285 1271 5361 ἦτρον.
1301 5290 1361 5343 Β.
1439 5285 1483 5320 ⁸⁵
1512 5289 1622 5342 άνω
1652 5286 1839 5373 ἀθρεῖν
1871 5289 1936 5350 Α,

390 5363 434 5394 ⁸⁷
465 5364 774 5412 ἀνάὸὸοποε
887 5360 947 5412 Ρ.
1042 5361 1085 5394 ⁸⁸
1119 5362 1228 5412 γὰο
1273 5375 1381 5412 om.
1415 5359 1474 5412 B.
1565 5357 1608 5390 ⁶⁹
1641 5356 1930 5412 ἀνθοωπου

2069 5306 2075 5335 ι
2124 5287 2273 5356 θρεῖν
2311 5285 2348 5338 Β
2377 5285 2434 5340 Ρ.
2511 5285 2614 5353 “ﬁ

2069 5356 2078 5406 Ξ
2115 5356 2170 5408 Ρ.
2269 5356 2314 5387 ⁷ο
2345 5353 2609 5412 ἀνάϐλεψι

393 5363 434 5394 ⁸⁷
465 5359 774 5433 ἀνάρῤοπος
807 5359 850 5412 Β
887 5360 947 5414 Ρ.
1042 5359 1085 5394 ⁸⁸
1119 5359 1228 5430 γὰρ
1273 5375 1381 5413 om.
1415 5359 1474 5412 B.
1565 5359 1608 5390 ⁶⁹
1641 5359 1930 5426 ἀνθρώπου

393 5432 699 5510 magqu
756 5433 800 5464 ⁷⁸
821 5431 953 5510 δ-εβ
983 5429 1064 5510 Ρ..
1122 5431 1166 5462 ⁷³
1199 5427 1648 5510 μετεξλήφεβηΡ,
1675 5427 1962 5510 μετείληφε

2069 5359 2078 5406 Ξ
2115 5359 2170 5408 Ρ.
2269 5359 2314 5387 ⁷⁰
2345 5359 2641 5422 ἀνάδλεψις
2675 5359 2712 5404 Β
2750 5359 2811 5405 υ.
2889 5359 2932 5384 ⁷¹
2966 5359 3330 5472 ὑπογάστῧοις

2078 5467 2100 5510 -.
2165 5424 2211 5510 ".‘
2240 5425 2341 5510 κειὶ
2364 5423 2638 5510 mem
2669 5420 2881 5510 [192:
2910 5421 3183 5510 lisse:
3281 5419 3339 5510 li;

434 5489 498 5553 ἶὶν
529 5489 639 5554 Β-(Ι
665 5501 724 5554 Ρ.
821 5501 864 5531 ⁷⁷
899 5501 1161 5565 ὲμμεῖναν
1199 5489 1265 5553 Β.
1333 5499 1378 5530 ’⁸⁸
1400 5489 1516 5550 ἐκεῖ
1546 5496 1608 5565 Β.
1637 5489 1644 5493 ⁷
1675 5489 1729 5528 ’τ’
1759 5489 1894 5550 τινα’
1913 5489 2150 5565 ἰρυσικὴν
2178 5494 2400 5565 ξκμάδα.
2479 5493 2524 5565 '_°
2559 5489 3110 5565 προσλαμβανρμενον
3137 5489 3197 5543 C.

389 5363 434 5394 ⁸⁷
465 5364 774 5433 ἀνάρῤοπος

393 5496 498 5569 τῶν
529 5500 567 5552 Β
599 5501 639 5554 C
665 5501 724 5554 P.
821 5501 864 5531 '”
899 5501 1161 5569 ὲίμμεῖναν
1202 5496 1265 5553 C.
1333 5499 1378 5530 ’⁸⁸
1400 5496 1516 5550 ἐκεῖ

392 5568 454 5637 Β.
531 5571 576 5601 ⁸³
610 5569 890 5635 κατολίγον
917 5564 988 5621 BI
1053 5569 1098 5602 ⁸³
1117 5569 1512 5637 ἁνδρυνόμενον
1555 5564 1619 5637 C,
1652 5565 2100 5637 dopuvdpsvovl’.

1212 5586 1510 5691 zuvottevov
1555 5586 1619 5629 υ,
1652 5586 1962 5636 αορυνομενι

1237 5639 1251 5654 ‘
1280 5637 1340 5690 Ρ.
1413 5636 1456 5668 ⁸⁷
1477 5635 1700 5706 Λένδοθεν
1733 5636 1772 5690 Β
1801 5636 1842 5692 C
1873 5637 1931 5692 P.

2069 5586 2100 5618 ἀ
2176 5586 2223 5594 "'
2253 5586 2612 5627 εωοπυιουται
2644 5586 2704 5615 ι).
2797 5586 2839 5592 "
2877 5586 2933 5614 αι
2970 5586 3021 5624 5.
3053 5586 3166 5612 ουν.
3209 5586 3267 5612 δν
3311 5586 3432 5610 αυτ.
3469 5586 3537 5610 ενι

2085 5633 2291 5706 βρῶσιν
2321 5634 2361 5690 C.
2392 5632 2453 5688 P.
2529 5633 2574 5665 ⁸³
2606 5631 2813 5686 ἔνδοθεν
2842 5631 2882 5684 Β
2911 5629 2973 5684 C.
3055 5630 3113 5700 ,’°
3144 5627 3331 5698 βροτὸν
3359 5627 3419 5682 Β.
3494 5627 3537 5658 ’⁸

394 5635 455 5688 Β.
546 5637 591 5670 ⁸⁵
621 5638 759 5689 ἀλλά
811 5637 869 5687 Ρ.
947 5637 1187 5690 1’θέσωΒ

393 5704 455 5754 τὸ
495 5703 556 5755 Β.
631 5706 675 5734 ⁹²
709 5705 816 5756 τῶν
839 5705 1135 5773 γινομένων
1161 5706 1222 5771 Β,
1260 5704 1584 5774 γεννομένου
1614 5705 1676 5760 C.

2651 5299 2745 5351 πρ.
2777 5298 2887 5336 οιη.
2926 5281 2966 5333 Β
2993 5281 3052 5336 Ρ.
3128 5283 3174 5314 ⁸⁸
3203 5281 3488 5351 ἀνδρωπος
3519 5281 3560 5334 C
3591 5279 3646 5332 Ρ.

2269 5356 2314 5387 ⁷⁰
2345 5349 2641 5422 ἀνάϐλεψις
2675 5349 2712 5404 Β
2750 5352 2811 5405 C.
2889 5352 2932 5384 '“
2966 5351 3330 5470 ὑπογάστῧοις
3355 5349 3420 5412 C,
3449 5351 3651 5414 ὑπογα-

2269 5425 2333 5470 ςαὶ
2364 5423 2637 5470 καταϐολῆ
2669 5421 2708 5470 Β
2739 5420 2779 5470 C
2809 5421 2866 5470 Ρ.
2945 5421 2987 5452 ⁷⁵
3023 5421 3183 5470 σῶμα
3281 5419 3339 5470 Ρ.
3417 5420 3463 5450 ⁷⁸
3487 5419 3563 5470 ὡς
3589 5420 3650 5470 ὲκ

3295 5435 3339 5471 l’.
3422 5435 3463 5450 ὐ
3487 5435 3563 5481 ως
3589 5435 3650 5470 εκ

3295 5489 3338 5519 ⁸¹
3367 5488 3462 5541 καὶ
3491 5487 3650 5540 πάλιν

2176 5558 2619 5627 ⁸³ζωοποιοῦταί
2644 5560 2704 5615 Β.
2778 5558 2840 5592 ἥθ’
2877 5561 2933 5614 αἱ
2970 5559 3021 5624 ζ.
3053 5559 3166 5612 δυν.
3209 5561 3267 5612 ἐν
3311 5558 3432 5610 αὐτ.
3469 5559 3648 5678 ἔενειὲγ,⁸

2176 5633 2291 5678 {iam
2321 5634 2361 5678 (ἶ
2394 5632 2452 5678 Ρ-
2529 5633 2574 5665 ⁸³
2606 5631 2813 5678 ἔνδοθεν
2844 5631 2882 5678 Β
2911 5629 2973 5678 C.
3066 5630 3113 5661 ⁹⁰
3145 5627 3331 5678 Βοοτδν
3359 5627 3419 5678 Β.
3494 5627 3537 5658 ⁹¹
3599 5641 3651 5677 ια
