  <div class='ocr_page' id='page_1' title='image "/cluster/home/n/w/nwhite01/storage/ocr_20150623/64/mdp.39015024651708/584.png"; bbox 0 0 4040 6150; ppageno 0'>
   <div class='ocr_carea' id='block_1_1' title="bbox 363 279 500 335">
    <p class='ocr_par' dir='ltr' id='par_1_1' title="bbox 363 279 500 335">
     <span class='ocr_line' id='line_1_1' title="bbox 363 279 500 335; baseline 0 -1"><span class='ocrx_word' id='word_1_1' title='bbox 363 279 500 335; x_wconf 81' lang='grc'>1085</span> 
     </span>
    </p>
   </div>
   <div class='ocr_carea' id='block_1_2' title="bbox 1580 269 2338 326">
    <p class='ocr_par' dir='ltr' id='par_1_2' title="bbox 1580 269 2338 326">
     <span class='ocr_line' id='line_1_2' title="bbox 1580 269 2338 326; baseline -0.001 0"><span class='ocrx_word' id='word_1_2' title='bbox 1580 274 1666 326; x_wconf 83' lang='lat' dir='ltr'>DE</span> <span class='ocrx_word' id='word_1_3' title='bbox 1706 271 1991 326; x_wconf 75' lang='lat' dir='ltr'><strong>NATllllA</strong></span> <span class='ocrx_word' id='word_1_4' title='bbox 2035 269 2338 326; x_wconf 72' lang='lat' dir='ltr'>IIOMINIS.</span> 
     </span>
    </p>
   </div>
   <div class='ocr_carea' id='block_1_3' title="bbox 3493 282 3634 340">
    <p class='ocr_par' dir='ltr' id='par_1_3' title="bbox 3493 282 3634 340">
     <span class='ocr_line' id='line_1_3' title="bbox 3493 282 3634 340; baseline 0.014 -2"><span class='ocrx_word' id='word_1_5' title='bbox 3493 282 3634 340; x_wconf 63' lang='lat'>£086</span> 
     </span>
    </p>
   </div>
   <div class='ocr_carea' id='block_1_4' title="bbox 358 385 1978 466">
    <p class='ocr_par' dir='ltr' id='par_1_4' title="bbox 358 386 1950 466">
     <span class='ocr_line' id='line_1_4' title="bbox 358 386 1950 466; baseline -0.008 -16"><span class='ocrx_word' id='word_1_6' title='bbox 358 395 548 466; x_wconf 79' lang='grc' dir='ltr'>νηδὺς</span> <span class='ocrx_word' id='word_1_7' title='bbox 601 391 697 445; x_wconf 73' lang='grc' dir='ltr'>καὶ</span> <span class='ocrx_word' id='word_1_8' title='bbox 731 390 960 460; x_wconf 56' lang='lat'>6815:134-</span> <span class='ocrx_word' id='word_1_9' title='bbox 1019 389 1111 443; x_wconf 74' lang='grc' dir='ltr'>καὶ</span> <span class='ocrx_word' id='word_1_10' title='bbox 1152 388 1407 456; x_wconf 75' lang='grc' dir='ltr'>ὑστέραο</span> <span class='ocrx_word' id='word_1_11' title='bbox 1467 386 1659 455; x_wconf 70' lang='grc' dir='ltr'>νηδὺς</span> <span class='ocrx_word' id='word_1_12' title='bbox 1700 387 1820 456; x_wconf 87' lang='grc' dir='ltr'>μέν,</span> <span class='ocrx_word' id='word_1_13' title='bbox 1868 388 1950 441; x_wconf 79' lang='grc' dir='ltr'>ὅτι</span> 
     </span>
    </p>
   </div>
   <div class='ocr_carea' id='block_1_5' title="bbox 2073 385 3636 466">
    <p class='ocr_par' dir='ltr' id='par_1_5' title="bbox 2076 385 3636 465">
     <span class='ocr_line' id='line_1_5' title="bbox 2076 385 3636 465; baseline 0.01 -28"><span class='ocrx_word' id='word_1_14' title='bbox 2076 386 2278 442; x_wconf 89' lang='lat' dir='ltr'><strong>licitur.</strong></span> <span class='ocrx_word' id='word_1_15' title='bbox 2306 385 2432 440; x_wconf 87' lang='lat' dir='ltr'><strong>Sive</strong></span> <span class='ocrx_word' id='word_1_16' title='bbox 2472 387 2614 456; x_wconf 89' lang='lat' dir='ltr'><strong>quod</strong></span> <span class='ocrx_word' id='word_1_17' title='bbox 2649 387 2699 441; x_wconf 94' lang='lat' dir='ltr'>in</span> <span class='ocrx_word' id='word_1_18' title='bbox 2734 389 2955 445; x_wconf 82' lang='lat' dir='ltr'>homine</span> <span class='ocrx_word' id='word_1_19' title='bbox 2994 391 3259 447; x_wconf 85' lang='lat' dir='ltr'><strong>consistat</strong></span> <span class='ocrx_word' id='word_1_20' title='bbox 3277 393 3368 463; x_wconf 90' lang='lat' dir='ltr'>qui</span> <span class='ocrx_word' id='word_1_21' title='bbox 3402 394 3469 448; x_wconf 82' lang='lat' dir='ltr'>ab</span> <span class='ocrx_word' id='word_1_22' title='bbox 3502 395 3636 465; x_wconf 82' lang='lat' dir='ltr'><strong>ipsis</strong></span> 
     </span>
    </p>
   </div>
   <div class='ocr_carea' id='block_1_6' title="bbox 363 477 1957 561">
    <p class='ocr_par' dir='ltr' id='par_1_6' title="bbox 363 477 1957 561">
     <span class='ocr_line' id='line_1_6' title="bbox 363 477 1957 561; baseline -0.007 -20"><span class='ocrx_word' id='word_1_23' title='bbox 363 487 485 561; x_wconf 84' lang='grc' dir='ltr'>μεθ’</span> <span class='ocrx_word' id='word_1_24' title='bbox 535 485 803 557; x_wconf 82' lang='grc' dir='ltr'>ὴδύτητος</span> <span class='ocrx_word' id='word_1_25' title='bbox 841 483 1098 553; x_wconf 74' lang='grc' dir='ltr'>ἐνεργεῖο</span> <span class='ocrx_word' id='word_1_26' title='bbox 1151 481 1183 551; x_wconf 86' lang='grc' dir='ltr'>ἢ</span> <span class='ocrx_word' id='word_1_27' title='bbox 1225 480 1333 535; x_wconf 82' lang='grc' dir='ltr'>ἀπὸ</span> <span class='ocrx_word' id='word_1_28' title='bbox 1369 478 1462 532; x_wconf 79' lang='grc' dir='ltr'>τοῦ</span> <span class='ocrx_word' id='word_1_29' title='bbox 1514 478 1772 549; x_wconf 83' lang='grc' dir='ltr'>νενῆσθαι</span> <span class='ocrx_word' id='word_1_30' title='bbox 1805 478 1872 543; x_wconf 73' lang='grc'>’³,</span> <span class='ocrx_word' id='word_1_31' title='bbox 1930 477 1957 530; x_wconf 86' lang='grc' dir='ltr'>ὃ</span> 
     </span>
    </p>
   </div>
   <div class='ocr_carea' id='block_1_7' title="bbox 360 567 1955 641">
    <p class='ocr_par' dir='ltr' id='par_1_7' title="bbox 360 567 1955 641">
     <span class='ocr_line' id='line_1_7' title="bbox 360 567 1955 641; baseline -0.004 -12"><span class='ocrx_word' id='word_1_32' title='bbox 360 580 479 629; x_wconf 85' lang='grc' dir='ltr'>ἐστι</span> <span class='ocrx_word' id='word_1_33' title='bbox 513 569 917 641; x_wconf 77' lang='grc' dir='ltr'>σεσωρεῦσθαι,</span> <span class='ocrx_word' id='word_1_34' title='bbox 956 570 1053 622; x_wconf 74' lang='grc' dir='ltr'>καὶ</span> <span class='ocrx_word' id='word_1_35' title='bbox 1079 567 1482 638; x_wconf 74' lang='grc' dir='ltr'>πεπληρῶσθαι</span> <span class='ocrx_word' id='word_1_36' title='bbox 1518 567 1857 639; x_wconf 85' lang='grc' dir='ltr'>τραχύτητος</span> <span class='ocrx_word' id='word_1_37' title='bbox 1886 567 1955 622; x_wconf 68' lang='grc'>⁸⁸.</span> 
     </span>
    </p>
   </div>
   <div class='ocr_carea' id='block_1_8' title="bbox 361 656 1956 730">
    <p class='ocr_par' dir='ltr' id='par_1_8' title="bbox 361 656 1956 730">
     <span class='ocr_line' id='line_1_8' title="bbox 361 656 1956 730; baseline -0.006 -13"><span class='ocrx_word' id='word_1_38' title='bbox 361 663 474 718; x_wconf 74' lang='grc' dir='ltr'>Καὶ</span> <span class='ocrx_word' id='word_1_39' title='bbox 503 662 614 730; x_wconf 78' lang='grc' dir='ltr'>γὰρ</span> <span class='ocrx_word' id='word_1_40' title='bbox 645 660 679 729; x_wconf 83' lang='grc' dir='ltr'>ὴ</span> <span class='ocrx_word' id='word_1_41' title='bbox 713 658 877 727; x_wconf 90' lang='grc' dir='ltr'>φύσις</span> <span class='ocrx_word' id='word_1_42' title='bbox 913 659 1176 729; x_wconf 83' lang='grc' dir='ltr'>τραχεῖαν</span> <span class='ocrx_word' id='word_1_43' title='bbox 1212 656 1419 728; x_wconf 86' lang='grc' dir='ltr'>ταύτην</span> <span class='ocrx_word' id='word_1_44' title='bbox 1449 656 1696 726; x_wconf 86' lang='grc' dir='ltr'>ἐποίησε,</span> <span class='ocrx_word' id='word_1_45' title='bbox 1735 658 1829 709; x_wconf 74' lang='grc' dir='ltr'>καὶ</span> <span class='ocrx_word' id='word_1_46' title='bbox 1860 672 1956 708; x_wconf 86' lang='grc' dir='ltr'>κο-</span> 
     </span>
    </p>
   </div>
   <div class='ocr_carea' id='block_1_9' title="bbox 361 747 1962 824">
    <p class='ocr_par' dir='ltr' id='par_1_9' title="bbox 361 747 1962 824">
     <span class='ocr_line' id='line_1_9' title="bbox 361 747 1962 824; baseline -0.006 -17"><span class='ocrx_word' id='word_1_47' title='bbox 361 752 668 824; x_wconf 82' lang='grc' dir='ltr'>τυληδόνας</span> <span class='ocrx_word' id='word_1_48' title='bbox 699 749 845 820; x_wconf 73' lang='grc' dir='ltr'>ἔχειν</span> <span class='ocrx_word' id='word_1_49' title='bbox 866 749 914 781; x_wconf 76' lang='grc'>⁸⁸</span> <span class='ocrx_word' id='word_1_50' title='bbox 940 748 1078 818; x_wconf 75' lang='grc' dir='ltr'>μετὰ</span> <span class='ocrx_word' id='word_1_51' title='bbox 1109 747 1323 817; x_wconf 85' lang='grc' dir='ltr'>φλεϐῶν</span> <span class='ocrx_word' id='word_1_52' title='bbox 1356 749 1452 800; x_wconf 75' lang='grc' dir='ltr'>καὶ</span> <span class='ocrx_word' id='word_1_53' title='bbox 1483 747 1764 819; x_wconf 83' lang='grc' dir='ltr'>ἀρτηριῶν</span> <span class='ocrx_word' id='word_1_54' title='bbox 1807 747 1853 779; x_wconf 74' lang='grc'>’⁸</span> <span class='ocrx_word' id='word_1_55' title='bbox 1878 763 1962 798; x_wconf 88' lang='grc' dir='ltr'>τι-</span> 
     </span>
    </p>
   </div>
   <div class='ocr_carea' id='block_1_10' title="bbox 366 838 1958 914">
    <p class='ocr_par' dir='ltr' id='par_1_10' title="bbox 366 838 1958 914">
     <span class='ocr_line' id='line_1_10' title="bbox 366 838 1958 914; baseline -0.006 -15"><span class='ocrx_word' id='word_1_56' title='bbox 366 861 472 900; x_wconf 90' lang='grc' dir='ltr'>νων</span> <span class='ocrx_word' id='word_1_57' title='bbox 493 860 507 874; x_wconf 87' lang='grc'><strong>·</strong></span> <span class='ocrx_word' id='word_1_58' title='bbox 537 844 624 896; x_wconf 79' lang='grc' dir='ltr'>ἵνα</span> <span class='ocrx_word' id='word_1_59' title='bbox 655 840 732 914; x_wconf 82' lang='grc' dir='ltr'>μὴ</span> <span class='ocrx_word' id='word_1_60' title='bbox 756 838 852 893; x_wconf 80' lang='grc' dir='ltr'>τοῦ</span> <span class='ocrx_word' id='word_1_61' title='bbox 879 840 1086 910; x_wconf 85' lang='grc' dir='ltr'>σπόρου</span> <span class='ocrx_word' id='word_1_62' title='bbox 1105 840 1149 872; x_wconf 72' lang='grc'>⁸⁷</span> <span class='ocrx_word' id='word_1_63' title='bbox 1168 839 1623 904; x_wconf 80' lang='grc' dir='ltr'>ἐξολισθαίνοντος</span> <span class='ocrx_word' id='word_1_64' title='bbox 1639 839 1685 871; x_wconf 66' lang='grc'>⁸⁸</span> <span class='ocrx_word' id='word_1_65' title='bbox 1699 838 1788 892; x_wconf 83' lang='grc' dir='ltr'>διὰ</span> <span class='ocrx_word' id='word_1_66' title='bbox 1815 838 1958 891; x_wconf 88' lang='grc' dir='ltr'>λειό-</span> 
     </span>
    </p>
   </div>
   <div class='ocr_carea' id='block_1_11' title="bbox 369 932 1962 1011">
    <p class='ocr_par' dir='ltr' id='par_1_11' title="bbox 369 932 1962 1011">
     <span class='ocr_line' id='line_1_11' title="bbox 369 932 1962 1011; baseline -0.005 -19"><span class='ocrx_word' id='word_1_67' title='bbox 369 955 508 1011; x_wconf 88' lang='grc' dir='ltr'>τητα</span> <span class='ocrx_word' id='word_1_68' title='bbox 528 978 543 1003; x_wconf 90' lang='grc'>,</span> <span class='ocrx_word' id='word_1_69' title='bbox 575 937 825 1006; x_wconf 82' lang='grc' dir='ltr'>ἄκαρπος</span> <span class='ocrx_word' id='word_1_70' title='bbox 855 935 888 1005; x_wconf 80' lang='grc' dir='ltr'>η</span> <span class='ocrx_word' id='word_1_71' title='bbox 938 933 1202 987; x_wconf 81' lang='grc' dir='ltr'>τίκτουσα</span> <span class='ocrx_word' id='word_1_72' title='bbox 1240 933 1492 1005; x_wconf 79' lang='grc' dir='ltr'>διαμένῃ.</span> <span class='ocrx_word' id='word_1_73' title='bbox 1527 932 1600 984; x_wconf 86' lang='grc' dir='ltr'><strong>Ἢ</strong></span> <span class='ocrx_word' id='word_1_74' title='bbox 1633 933 1718 986; x_wconf 84' lang='grc' dir='ltr'>ὅτι</span> <span class='ocrx_word' id='word_1_75' title='bbox 1749 933 1783 1002; x_wconf 81' lang='grc' dir='ltr'><strong>ἡ</strong></span> <span class='ocrx_word' id='word_1_76' title='bbox 1813 949 1962 1002; x_wconf 86' lang='grc' dir='ltr'>παρ-</span> 
     </span>
    </p>
   </div>
   <div class='ocr_carea' id='block_1_12' title="bbox 372 1021 1957 1094">
    <p class='ocr_par' dir='ltr' id='par_1_12' title="bbox 372 1021 1957 1094">
     <span class='ocr_line' id='line_1_12' title="bbox 372 1021 1957 1094; baseline -0.004 -13"><span class='ocrx_word' id='word_1_77' title='bbox 372 1029 579 1090; x_wconf 84' lang='grc' dir='ltr'>όδευσις</span> <span class='ocrx_word' id='word_1_78' title='bbox 596 1024 641 1056; x_wconf 83' lang='lat'><strong>&quot;</strong></span> <span class='ocrx_word' id='word_1_79' title='bbox 659 1025 760 1094; x_wconf 84' lang='grc' dir='ltr'>τῆς</span> <span class='ocrx_word' id='word_1_80' title='bbox 774 1021 987 1093; x_wconf 79' lang='grc' dir='ltr'>τροφῆς</span> <span class='ocrx_word' id='word_1_81' title='bbox 1003 1021 1098 1075; x_wconf 78' lang='grc' dir='ltr'>τοῦ</span> <span class='ocrx_word' id='word_1_82' title='bbox 1121 1021 1367 1093; x_wconf 83' lang='grc' dir='ltr'>ἐμϐρύου</span> <span class='ocrx_word' id='word_1_83' title='bbox 1390 1022 1484 1076; x_wconf 84' lang='grc' dir='ltr'>ἀπ’</span> <span class='ocrx_word' id='word_1_84' title='bbox 1501 1021 1674 1092; x_wconf 75' lang='grc' dir='ltr'>αὐτῆς</span> <span class='ocrx_word' id='word_1_85' title='bbox 1692 1023 1710 1052; x_wconf 82' lang='grc'>¹</span> <span class='ocrx_word' id='word_1_86' title='bbox 1725 1021 1957 1089; x_wconf 88' lang='grc' dir='ltr'>γίνεται·</span> 
     </span>
    </p>
   </div>
   <div class='ocr_carea' id='block_1_13' title="bbox 372 1114 1962 1188">
    <p class='ocr_par' dir='ltr' id='par_1_13' title="bbox 372 1114 1962 1188">
     <span class='ocr_line' id='line_1_13' title="bbox 372 1114 1962 1188; baseline -0.006 -12"><span class='ocrx_word' id='word_1_87' title='bbox 372 1125 521 1176; x_wconf 84' lang='grc' dir='ltr'>νάειν</span> <span class='ocrx_word' id='word_1_88' title='bbox 551 1121 570 1152; x_wconf 78' lang='grc'>⁸</span> <span class='ocrx_word' id='word_1_89' title='bbox 600 1119 710 1188; x_wconf 80' lang='grc' dir='ltr'>γὰρ</span> <span class='ocrx_word' id='word_1_90' title='bbox 739 1117 801 1170; x_wconf 82' lang='grc' dir='ltr'>τὸ</span> <span class='ocrx_word' id='word_1_91' title='bbox 831 1116 851 1148; x_wconf 83' lang='grc'><em>³</em></span> <span class='ocrx_word' id='word_1_92' title='bbox 893 1117 1042 1187; x_wconf 82' lang='grc' dir='ltr'>ῥέειν</span> <span class='ocrx_word' id='word_1_93' title='bbox 1062 1129 1077 1144; x_wconf 89' lang='grc'><strong>·</strong></span> <span class='ocrx_word' id='word_1_94' title='bbox 1106 1115 1140 1186; x_wconf 79' lang='grc' dir='ltr'>ἢ</span> <span class='ocrx_word' id='word_1_95' title='bbox 1167 1114 1318 1186; x_wconf 89' lang='grc' dir='ltr'>παρὰ</span> <span class='ocrx_word' id='word_1_96' title='bbox 1340 1115 1402 1168; x_wconf 81' lang='grc' dir='ltr'>τὸ</span> <span class='ocrx_word' id='word_1_97' title='bbox 1424 1131 1492 1185; x_wconf 90' lang='grc' dir='ltr'>νη</span> <span class='ocrx_word' id='word_1_98' title='bbox 1519 1114 1844 1186; x_wconf 77' lang='grc' dir='ltr'>στερητικὸν</span> <span class='ocrx_word' id='word_1_99' title='bbox 1867 1114 1962 1167; x_wconf 72' lang='grc' dir='ltr'>καὶ</span> 
     </span>
    </p>
   </div>
   <div class='ocr_carea' id='block_1_14' title="bbox 372 1206 1964 1282">
    <p class='ocr_par' dir='ltr' id='par_1_14' title="bbox 372 1206 1964 1282">
     <span class='ocr_line' id='line_1_14' title="bbox 372 1206 1964 1282; baseline -0.006 -14"><span class='ocrx_word' id='word_1_100' title='bbox 372 1215 433 1268; x_wconf 79' lang='grc' dir='ltr'>τὸ</span> <span class='ocrx_word' id='word_1_101' title='bbox 465 1214 560 1275; x_wconf 88' lang='grc' dir='ltr'>δυς</span> <span class='ocrx_word' id='word_1_102' title='bbox 591 1211 809 1282; x_wconf 71' lang='grc' dir='ltr'>μόριοψ</span> <span class='ocrx_word' id='word_1_103' title='bbox 841 1208 924 1261; x_wconf 83' lang='grc' dir='ltr'>ὃτι</span> <span class='ocrx_word' id='word_1_104' title='bbox 963 1208 1060 1261; x_wconf 80' lang='grc' dir='ltr'>καὶ</span> <span class='ocrx_word' id='word_1_105' title='bbox 1091 1207 1113 1238; x_wconf 73' lang='grc'>⁸</span> <span class='ocrx_word' id='word_1_106' title='bbox 1148 1207 1494 1271; x_wconf 86' lang='grc' dir='ltr'>παιδοποιίας</span> <span class='ocrx_word' id='word_1_107' title='bbox 1533 1209 1828 1278; x_wconf 86' lang='grc' dir='ltr'>στερεῖται,</span> <span class='ocrx_word' id='word_1_108' title='bbox 1867 1206 1964 1259; x_wconf 74' lang='grc' dir='ltr'>καὶ</span> 
     </span>
    </p>
   </div>
   <div class='ocr_carea' id='block_1_15' title="bbox 374 1297 1964 1370">
    <p class='ocr_par' dir='ltr' id='par_1_15' title="bbox 374 1297 1964 1370">
     <span class='ocr_line' id='line_1_15' title="bbox 374 1297 1964 1370; baseline -0.005 -12"><span class='ocrx_word' id='word_1_109' title='bbox 374 1303 663 1366; x_wconf 86' lang='grc' dir='ltr'>δυστοκίας</span> <span class='ocrx_word' id='word_1_110' title='bbox 722 1299 1038 1370; x_wconf 76' lang='grc' dir='ltr'>ὑφίσταται.</span> <span class='ocrx_word' id='word_1_111' title='bbox 1072 1297 1308 1366; x_wconf 70' lang='grc' dir='ltr'>Δελφὺς</span> <span class='ocrx_word' id='word_1_112' title='bbox 1356 1297 1436 1362; x_wconf 85' lang='grc' dir='ltr'>δέ,</span> <span class='ocrx_word' id='word_1_113' title='bbox 1480 1298 1562 1351; x_wconf 78' lang='grc' dir='ltr'>ὅτι</span> <span class='ocrx_word' id='word_1_114' title='bbox 1609 1297 1964 1367; x_wconf 85' lang='grc' dir='ltr'>ἀδελφοποιός</span> 
     </span>
    </p>
   </div>
   <div class='ocr_carea' id='block_1_16' title="bbox 376 1390 1960 1462">
    <p class='ocr_par' dir='ltr' id='par_1_16' title="bbox 376 1390 1960 1462">
     <span class='ocr_line' id='line_1_16' title="bbox 376 1390 1960 1462; baseline -0.004 -13"><span class='ocrx_word' id='word_1_115' title='bbox 376 1396 518 1460; x_wconf 88' lang='grc' dir='ltr'>ἐστι,</span> <span class='ocrx_word' id='word_1_116' title='bbox 547 1395 644 1449; x_wconf 74' lang='grc' dir='ltr'>καὶ</span> <span class='ocrx_word' id='word_1_117' title='bbox 674 1393 880 1462; x_wconf 84' lang='grc' dir='ltr'>ἀδελφά</span> <span class='ocrx_word' id='word_1_118' title='bbox 911 1394 1061 1445; x_wconf 89' lang='grc' dir='ltr'>ποιεῖ</span> <span class='ocrx_word' id='word_1_119' title='bbox 1089 1391 1158 1445; x_wconf 77' lang='grc' dir='ltr'>τά</span> <span class='ocrx_word' id='word_1_120' title='bbox 1188 1391 1486 1462; x_wconf 81' lang='grc' dir='ltr'>τικτόμενα</span> <span class='ocrx_word' id='word_1_121' title='bbox 1510 1407 1525 1421; x_wconf 88' lang='grc'><strong>·</strong></span> <span class='ocrx_word' id='word_1_122' title='bbox 1569 1391 1799 1461; x_wconf 80' lang='grc' dir='ltr'>ἀδελφὸς</span> <span class='ocrx_word' id='word_1_123' title='bbox 1829 1390 1960 1460; x_wconf 87' lang='grc' dir='ltr'>γάρ,</span> 
     </span>
    </p>
   </div>
   <div class='ocr_carea' id='block_1_17' title="bbox 375 1480 1961 1554">
    <p class='ocr_par' dir='ltr' id='par_1_17' title="bbox 375 1480 1961 1554">
     <span class='ocr_line' id='line_1_17' title="bbox 375 1480 1961 1554; baseline -0.004 -15"><span class='ocrx_word' id='word_1_124' title='bbox 375 1488 404 1539; x_wconf 87' lang='grc' dir='ltr'>ὁ</span> <span class='ocrx_word' id='word_1_125' title='bbox 439 1487 504 1538; x_wconf 87' lang='grc' dir='ltr'>ἐκ</span> <span class='ocrx_word' id='word_1_126' title='bbox 527 1485 625 1554; x_wconf 85' lang='grc' dir='ltr'>τῆς</span> <span class='ocrx_word' id='word_1_127' title='bbox 653 1485 825 1554; x_wconf 86' lang='grc' dir='ltr'>αὐτῆς</span> <span class='ocrx_word' id='word_1_128' title='bbox 848 1481 1099 1551; x_wconf 89' lang='grc' dir='ltr'>δελφύος,</span> <span class='ocrx_word' id='word_1_129' title='bbox 1137 1481 1306 1551; x_wconf 81' lang='grc' dir='ltr'>ῆγουν</span> <span class='ocrx_word' id='word_1_130' title='bbox 1339 1482 1556 1553; x_wconf 82' lang='grc' dir='ltr'>μήτρας</span> <span class='ocrx_word' id='word_1_131' title='bbox 1578 1495 1592 1511; x_wconf 90' lang='grc'><strong>·</strong></span> <span class='ocrx_word' id='word_1_132' title='bbox 1618 1481 1714 1534; x_wconf 78' lang='grc' dir='ltr'>καὶ</span> <span class='ocrx_word' id='word_1_133' title='bbox 1733 1480 1961 1550; x_wconf 84' lang='grc' dir='ltr'>ὁμὸδελ-</span> 
     </span>
    </p>
   </div>
   <div class='ocr_carea' id='block_1_18' title="bbox 378 1570 1964 1643">
    <p class='ocr_par' dir='ltr' id='par_1_18' title="bbox 378 1570 1964 1643">
     <span class='ocr_line' id='line_1_18' title="bbox 378 1570 1964 1643; baseline -0.003 -15"><span class='ocrx_word' id='word_1_134' title='bbox 378 1591 476 1643; x_wconf 81' lang='grc' dir='ltr'>φος</span> <span class='ocrx_word' id='word_1_135' title='bbox 509 1575 554 1641; x_wconf 84' lang='grc'>³,</span> <span class='ocrx_word' id='word_1_136' title='bbox 582 1577 612 1627; x_wconf 85' lang='grc' dir='ltr'>ὁ</span> <span class='ocrx_word' id='word_1_137' title='bbox 636 1571 988 1642; x_wconf 83' lang='grc' dir='ltr'>αὐτάδελφος.</span> <span class='ocrx_word' id='word_1_138' title='bbox 1031 1571 1285 1642; x_wconf 85' lang='grc' dir='ltr'>Ὑστέρα</span> <span class='ocrx_word' id='word_1_139' title='bbox 1313 1572 1393 1638; x_wconf 84' lang='grc' dir='ltr'>δὲ,</span> <span class='ocrx_word' id='word_1_140' title='bbox 1429 1573 1511 1624; x_wconf 81' lang='grc' dir='ltr'>ὅτι</span> <span class='ocrx_word' id='word_1_141' title='bbox 1551 1570 1780 1642; x_wconf 81' lang='grc' dir='ltr'>ὕστερον</span> <span class='ocrx_word' id='word_1_142' title='bbox 1825 1571 1964 1625; x_wconf 87' lang='grc' dir='ltr'>πάν-</span> 
     </span>
    </p>
   </div>
   <div class='ocr_carea' id='block_1_19' title="bbox 377 1662 1966 1734">
    <p class='ocr_par' dir='ltr' id='par_1_19' title="bbox 377 1662 1966 1734">
     <span class='ocr_line' id='line_1_19' title="bbox 377 1662 1966 1734; baseline -0.002 -14"><span class='ocrx_word' id='word_1_143' title='bbox 377 1684 488 1720; x_wconf 89' lang='grc' dir='ltr'>των</span> <span class='ocrx_word' id='word_1_144' title='bbox 531 1665 642 1719; x_wconf 82' lang='grc' dir='ltr'>τῶν</span> <span class='ocrx_word' id='word_1_145' title='bbox 694 1665 870 1720; x_wconf 75' lang='grc' dir='ltr'>ἄλλων</span> <span class='ocrx_word' id='word_1_146' title='bbox 923 1663 1125 1734; x_wconf 91' lang='grc' dir='ltr'>μορίων</span> <span class='ocrx_word' id='word_1_147' title='bbox 1156 1663 1253 1727; x_wconf 84' lang='grc' dir='ltr'>τὰς</span> <span class='ocrx_word' id='word_1_148' title='bbox 1303 1662 1584 1734; x_wconf 78' lang='grc' dir='ltr'>ἐνεργείας</span> <span class='ocrx_word' id='word_1_149' title='bbox 1632 1663 1803 1734; x_wconf 82' lang='grc' dir='ltr'>αὐτῆς</span> <span class='ocrx_word' id='word_1_150' title='bbox 1843 1664 1966 1717; x_wconf 81' lang='grc' dir='ltr'>ἐπι-</span> 
     </span>
    </p>
   </div>
   <div class='ocr_carea' id='block_1_20' title="bbox 379 1741 2040 1828">
    <p class='ocr_par' dir='ltr' id='par_1_20' title="bbox 379 1741 2040 1828">
     <span class='ocr_line' id='line_1_20' title="bbox 379 1741 2040 1828; baseline -0.002 -15"><span class='ocrx_word' id='word_1_151' title='bbox 379 1759 661 1813; x_wconf 88' lang='grc' dir='ltr'>δείκνυται</span> <span class='ocrx_word' id='word_1_152' title='bbox 685 1773 700 1788; x_wconf 77' lang='grc' dir='ltr'><strong>ο</strong></span> <span class='ocrx_word' id='word_1_153' title='bbox 746 1755 849 1828; x_wconf 83' lang='grc' dir='ltr'>τὴν</span> <span class='ocrx_word' id='word_1_154' title='bbox 901 1755 1157 1826; x_wconf 74' lang='grc' dir='ltr'>ἑλκτικὴν</span> <span class='ocrx_word' id='word_1_155' title='bbox 1200 1755 1243 1821; x_wconf 77' lang='grc'>⁸,</span> <span class='ocrx_word' id='word_1_156' title='bbox 1273 1755 1374 1827; x_wconf 80' lang='grc' dir='ltr'>τὴν</span> <span class='ocrx_word' id='word_1_157' title='bbox 1428 1754 1763 1826; x_wconf 83' lang='grc' dir='ltr'>καθεκτικὴν</span> <span class='ocrx_word' id='word_1_158' title='bbox 1798 1758 1839 1821; x_wconf 82' lang='grc'>⁷,</span> <span class='ocrx_word' id='word_1_159' title='bbox 1870 1755 1967 1828; x_wconf 80' lang='grc' dir='ltr'>τὴν</span> <span class='ocrx_word' id='word_1_160' title='bbox 1999 1741 2040 1796; x_wconf 76' lang='grc' dir='ltr'>Β</span> 
     </span>
    </p>
   </div>
   <div class='ocr_carea' id='block_1_21' title="bbox 381 1847 1969 1920">
    <p class='ocr_par' dir='ltr' id='par_1_21' title="bbox 381 1847 1969 1920">
     <span class='ocr_line' id='line_1_21' title="bbox 381 1847 1969 1920; baseline -0.003 -14"><span class='ocrx_word' id='word_1_161' title='bbox 381 1849 738 1918; x_wconf 76' lang='grc' dir='ltr'>ἀλλοιωτικὴν</span> <span class='ocrx_word' id='word_1_162' title='bbox 760 1850 856 1902; x_wconf 67' lang='grc' dir='ltr'>καὶ</span> <span class='ocrx_word' id='word_1_163' title='bbox 889 1847 1253 1920; x_wconf 84' lang='grc' dir='ltr'>ἀποκριτικήν</span> <span class='ocrx_word' id='word_1_164' title='bbox 1273 1864 1289 1880; x_wconf 87' lang='grc'><strong>·</strong></span> <span class='ocrx_word' id='word_1_165' title='bbox 1311 1847 1555 1915; x_wconf 84' lang='grc' dir='ltr'>δηλονότι</span> <span class='ocrx_word' id='word_1_166' title='bbox 1590 1849 1733 1902; x_wconf 87' lang='grc' dir='ltr'>κατά</span> <span class='ocrx_word' id='word_1_167' title='bbox 1760 1847 1820 1902; x_wconf 81' lang='grc' dir='ltr'>τὸ</span> <span class='ocrx_word' id='word_1_168' title='bbox 1850 1848 1969 1919; x_wconf 84' lang='grc' dir='ltr'>βρε-</span> 
     </span>
    </p>
   </div>
   <div class='ocr_carea' id='block_1_22' title="bbox 383 1938 1969 2014">
    <p class='ocr_par' dir='ltr' id='par_1_22' title="bbox 383 1938 1969 2014">
     <span class='ocr_line' id='line_1_22' title="bbox 383 1938 1969 2014; baseline -0.002 -18"><span class='ocrx_word' id='word_1_169' title='bbox 383 1943 646 2014; x_wconf 84' lang='grc' dir='ltr'>φουργεῖν</span> <span class='ocrx_word' id='word_1_170' title='bbox 690 1941 750 1973; x_wconf 82' lang='grc'>⁸·</span> <span class='ocrx_word' id='word_1_171' title='bbox 787 1941 822 2012; x_wconf 79' lang='grc' dir='ltr'>ἢ</span> <span class='ocrx_word' id='word_1_172' title='bbox 873 1942 954 1993; x_wconf 83' lang='grc' dir='ltr'>ὅτι</span> <span class='ocrx_word' id='word_1_173' title='bbox 1004 1940 1210 2010; x_wconf 80' lang='grc' dir='ltr'>ἐσχάτη</span> <span class='ocrx_word' id='word_1_174' title='bbox 1247 1938 1355 1991; x_wconf 83' lang='grc' dir='ltr'>τῶν</span> <span class='ocrx_word' id='word_1_175' title='bbox 1394 1938 1532 2009; x_wconf 88' lang='grc' dir='ltr'>μετά</span> <span class='ocrx_word' id='word_1_176' title='bbox 1578 1940 1677 2009; x_wconf 82' lang='grc' dir='ltr'>τὴν</span> <span class='ocrx_word' id='word_1_177' title='bbox 1724 1941 1969 2010; x_wconf 85' lang='grc' dir='ltr'>γαστέρα</span> 
     </span>
    </p>
   </div>
   <div class='ocr_carea' id='block_1_23' title="bbox 384 2030 1968 2104">
    <p class='ocr_par' dir='ltr' id='par_1_23' title="bbox 384 2030 1968 2104">
     <span class='ocr_line' id='line_1_23' title="bbox 384 2030 1968 2104; baseline -0.001 -17"><span class='ocrx_word' id='word_1_178' title='bbox 384 2036 584 2088; x_wconf 88' lang='grc' dir='ltr'>κεῖται.</span> <span class='ocrx_word' id='word_1_179' title='bbox 605 2031 882 2104; x_wconf 82' lang='grc' dir='ltr'>Τρέφεται</span> <span class='ocrx_word' id='word_1_180' title='bbox 911 2030 1020 2102; x_wconf 79' lang='grc' dir='ltr'>γάρ</span> <span class='ocrx_word' id='word_1_181' title='bbox 1040 2033 1061 2064; x_wconf 82' lang='grc'><strong>⁹</strong></span> <span class='ocrx_word' id='word_1_182' title='bbox 1089 2033 1147 2084; x_wconf 89' lang='grc' dir='ltr'>ἐν</span> <span class='ocrx_word' id='word_1_183' title='bbox 1177 2033 1244 2102; x_wconf 78' lang='grc' dir='ltr'>τῇ</span> <span class='ocrx_word' id='word_1_184' title='bbox 1281 2032 1466 2102; x_wconf 80' lang='grc' dir='ltr'>μήτρᾳ</span> <span class='ocrx_word' id='word_1_185' title='bbox 1493 2032 1553 2084; x_wconf 82' lang='grc' dir='ltr'>τὸ</span> <span class='ocrx_word' id='word_1_186' title='bbox 1585 2031 1844 2102; x_wconf 82' lang='grc' dir='ltr'>ἔμϐρυον,</span> <span class='ocrx_word' id='word_1_187' title='bbox 1874 2033 1968 2086; x_wconf 75' lang='grc' dir='ltr'>καὶ</span> 
     </span>
    </p>
   </div>
   <div class='ocr_carea' id='block_1_24' title="bbox 383 2122 1967 2193">
    <p class='ocr_par' dir='ltr' id='par_1_24' title="bbox 383 2122 1967 2193">
     <span class='ocr_line' id='line_1_24' title="bbox 383 2122 1967 2193; baseline -0.001 -16"><span class='ocrx_word' id='word_1_188' title='bbox 383 2127 615 2178; x_wconf 84' lang='grc' dir='ltr'>ἀναπνεῖ</span> <span class='ocrx_word' id='word_1_189' title='bbox 637 2125 741 2177; x_wconf 79' lang='grc' dir='ltr'>οὐκ</span> <span class='ocrx_word' id='word_1_190' title='bbox 781 2125 846 2176; x_wconf 87' lang='grc' dir='ltr'>ἐκ</span> <span class='ocrx_word' id='word_1_191' title='bbox 873 2123 967 2176; x_wconf 85' lang='grc' dir='ltr'>τοῦ</span> <span class='ocrx_word' id='word_1_192' title='bbox 996 2123 1287 2191; x_wconf 85' lang='grc' dir='ltr'>στόματος,</span> <span class='ocrx_word' id='word_1_193' title='bbox 1318 2122 1434 2175; x_wconf 81' lang='grc' dir='ltr'>ἀλλ’</span> <span class='ocrx_word' id='word_1_194' title='bbox 1467 2125 1534 2176; x_wconf 87' lang='grc' dir='ltr'>ἐκ</span> <span class='ocrx_word' id='word_1_195' title='bbox 1571 2123 1665 2176; x_wconf 82' lang='grc' dir='ltr'>τοῦ</span> <span class='ocrx_word' id='word_1_196' title='bbox 1695 2123 1967 2193; x_wconf 83' lang='grc' dir='ltr'>ὀμφαλοῦ,</span> 
     </span>
    </p>
   </div>
   <div class='ocr_carea' id='block_1_25' title="bbox 386 2213 1970 2286">
    <p class='ocr_par' dir='ltr' id='par_1_25' title="bbox 386 2213 1970 2286">
     <span class='ocr_line' id='line_1_25' title="bbox 386 2213 1970 2286; baseline 0.001 -17"><span class='ocrx_word' id='word_1_197' title='bbox 386 2217 446 2284; x_wconf 82' lang='grc' dir='ltr'>ἐξ</span> <span class='ocrx_word' id='word_1_198' title='bbox 473 2215 783 2286; x_wconf 80' lang='grc' dir='ltr'>αἱματικῶν</span> <span class='ocrx_word' id='word_1_199' title='bbox 821 2213 1099 2286; x_wconf 81' lang='grc' dir='ltr'>μητρῴων</span> <span class='ocrx_word' id='word_1_200' title='bbox 1146 2214 1592 2286; x_wconf 87' lang='grc' dir='ltr'>περιπτωμάτων</span> <span class='ocrx_word' id='word_1_201' title='bbox 1619 2215 1662 2247; x_wconf 83' lang='grc'>¹⁰</span> <span class='ocrx_word' id='word_1_202' title='bbox 1683 2231 1697 2245; x_wconf 80' lang='grc'><em>’</em></span> <span class='ocrx_word' id='word_1_203' title='bbox 1727 2216 1849 2270; x_wconf 84' lang='grc' dir='ltr'>ὅθεν</span> <span class='ocrx_word' id='word_1_204' title='bbox 1876 2217 1970 2270; x_wconf 78' lang='grc' dir='ltr'>καὶ</span> 
     </span>
    </p>
   </div>
   <div class='ocr_carea' id='block_1_26' title="bbox 388 2307 1967 2380">
    <p class='ocr_par' dir='ltr' id='par_1_26' title="bbox 388 2307 1967 2380">
     <span class='ocr_line' id='line_1_26' title="bbox 388 2307 1967 2380; baseline 0 -17"><span class='ocrx_word' id='word_1_205' title='bbox 388 2310 658 2379; x_wconf 71' lang='grc' dir='ltr'>ὀμφαλὸς</span> <span class='ocrx_word' id='word_1_206' title='bbox 693 2309 848 2378; x_wconf 85' lang='grc' dir='ltr'>παρά</span> <span class='ocrx_word' id='word_1_207' title='bbox 880 2307 942 2360; x_wconf 86' lang='grc' dir='ltr'>τὺ</span> <span class='ocrx_word' id='word_1_208' title='bbox 973 2308 1207 2378; x_wconf 85' lang='grc' dir='ltr'>όμπνεῖν</span> <span class='ocrx_word' id='word_1_209' title='bbox 1237 2308 1278 2338; x_wconf 86' lang='grc'>¹¹</span> <span class='ocrx_word' id='word_1_210' title='bbox 1328 2309 1573 2380; x_wconf 76' lang='grc' dir='ltr'>εἴρηται,</span> <span class='ocrx_word' id='word_1_211' title='bbox 1601 2309 1629 2363; x_wconf 86' lang='grc' dir='ltr'><strong>ὃ</strong></span> <span class='ocrx_word' id='word_1_212' title='bbox 1659 2310 1807 2363; x_wconf 86' lang='grc' dir='ltr'>ἐστιν</span> <span class='ocrx_word' id='word_1_213' title='bbox 1836 2311 1967 2364; x_wconf 83' lang='grc' dir='ltr'>ἀνα-</span> 
     </span>
    </p>
   </div>
   <div class='ocr_carea' id='block_1_27' title="bbox 388 2398 1968 2471">
    <p class='ocr_par' dir='ltr' id='par_1_27' title="bbox 388 2398 1968 2471">
     <span class='ocr_line' id='line_1_27' title="bbox 388 2398 1968 2471; baseline -0.001 -17"><span class='ocrx_word' id='word_1_214' title='bbox 388 2403 563 2454; x_wconf 82' lang='grc' dir='ltr'>πνεῖν.</span> <span class='ocrx_word' id='word_1_215' title='bbox 620 2400 778 2452; x_wconf 86' lang='grc' dir='ltr'>Ἐστι</span> <span class='ocrx_word' id='word_1_216' title='bbox 827 2400 884 2452; x_wconf 86' lang='grc' dir='ltr'>δέ</span> <span class='ocrx_word' id='word_1_217' title='bbox 923 2399 985 2452; x_wconf 86' lang='grc' dir='ltr'>τὸ</span> <span class='ocrx_word' id='word_1_218' title='bbox 1021 2399 1188 2468; x_wconf 87' lang='grc' dir='ltr'>μέσον</span> <span class='ocrx_word' id='word_1_219' title='bbox 1214 2398 1310 2452; x_wconf 81' lang='grc' dir='ltr'>τοῦ</span> <span class='ocrx_word' id='word_1_220' title='bbox 1364 2400 1652 2470; x_wconf 84' lang='grc' dir='ltr'>σώματος·</span> <span class='ocrx_word' id='word_1_221' title='bbox 1703 2402 1760 2453; x_wconf 83' lang='grc' dir='ltr'>ἐν</span> <span class='ocrx_word' id='word_1_222' title='bbox 1796 2400 1853 2453; x_wconf 88' lang='grc' dir='ltr'>δέ</span> <span class='ocrx_word' id='word_1_223' title='bbox 1902 2403 1968 2471; x_wconf 84' lang='grc' dir='ltr'>τῇ</span> 
     </span>
    </p>
   </div>
   <div class='ocr_carea' id='block_1_28' title="bbox 389 2489 1970 2561">
    <p class='ocr_par' dir='ltr' id='par_1_28' title="bbox 389 2489 1970 2561">
     <span class='ocr_line' id='line_1_28' title="bbox 389 2489 1970 2561; baseline -0.001 -17"><span class='ocrx_word' id='word_1_224' title='bbox 389 2492 598 2561; x_wconf 80' lang='grc' dir='ltr'>γενέσει</span> <span class='ocrx_word' id='word_1_225' title='bbox 623 2491 815 2544; x_wconf 85' lang='grc' dir='ltr'>τούτου</span> <span class='ocrx_word' id='word_1_226' title='bbox 846 2489 936 2543; x_wconf 82' lang='grc' dir='ltr'>τοῦ</span> <span class='ocrx_word' id='word_1_227' title='bbox 980 2489 1123 2554; x_wconf 82' lang='grc' dir='ltr'>ζώου</span> <span class='ocrx_word' id='word_1_228' title='bbox 1154 2489 1373 2558; x_wconf 85' lang='grc' dir='ltr'>λέγεται</span> <span class='ocrx_word' id='word_1_229' title='bbox 1408 2491 1628 2560; x_wconf 85' lang='grc' dir='ltr'>πρῶτον</span> <span class='ocrx_word' id='word_1_230' title='bbox 1654 2490 1970 2560; x_wconf 81' lang='grc' dir='ltr'>πήγνυσθαι</span> 
     </span>
    </p>
   </div>
   <div class='ocr_carea' id='block_1_29' title="bbox 391 2577 1972 2652">
    <p class='ocr_par' dir='ltr' id='par_1_29' title="bbox 391 2577 1972 2652">
     <span class='ocr_line' id='line_1_29' title="bbox 391 2577 1972 2652; baseline -0.004 -17"><span class='ocrx_word' id='word_1_231' title='bbox 391 2582 567 2652; x_wconf 72' lang='grc' dir='ltr'>ὑμένα</span> <span class='ocrx_word' id='word_1_232' title='bbox 600 2582 722 2634; x_wconf 85' lang='grc' dir='ltr'>τινὰ</span> <span class='ocrx_word' id='word_1_233' title='bbox 747 2580 944 2633; x_wconf 70' lang='grc' dir='ltr'>λεπτὸν</span> <span class='ocrx_word' id='word_1_234' title='bbox 982 2579 1024 2609; x_wconf 82' lang='grc'>¹²</span> <span class='ocrx_word' id='word_1_235' title='bbox 1065 2577 1125 2631; x_wconf 82' lang='grc' dir='ltr'>ὃν</span> <span class='ocrx_word' id='word_1_236' title='bbox 1145 2578 1370 2632; x_wconf 81' lang='grc' dir='ltr'>καλοῦσι</span> <span class='ocrx_word' id='word_1_237' title='bbox 1406 2580 1615 2649; x_wconf 81' lang='grc' dir='ltr'>χόριον</span> <span class='ocrx_word' id='word_1_238' title='bbox 1655 2580 1720 2643; x_wconf 87' lang='grc'>¹³,</span> <span class='ocrx_word' id='word_1_239' title='bbox 1770 2579 1845 2641; x_wconf 84' lang='grc' dir='ltr'>ὡς</span> <span class='ocrx_word' id='word_1_240' title='bbox 1876 2595 1972 2630; x_wconf 87' lang='grc' dir='ltr'>πε-</span> 
     </span>
    </p>
   </div>
   <div class='ocr_carea' id='block_1_30' title="bbox 393 2671 1968 2746">
    <p class='ocr_par' dir='ltr' id='par_1_30' title="bbox 393 2671 1968 2746">
     <span class='ocr_line' id='line_1_30' title="bbox 393 2671 1968 2746; baseline 0.001 -23"><span class='ocrx_word' id='word_1_241' title='bbox 393 2675 573 2746; x_wconf 83' lang='grc' dir='ltr'>ριέχον</span> <span class='ocrx_word' id='word_1_242' title='bbox 614 2675 660 2704; x_wconf 77' lang='lat'><em>“</em></span> <span class='ocrx_word' id='word_1_243' title='bbox 697 2673 758 2726; x_wconf 84' lang='grc' dir='ltr'>τὺ</span> <span class='ocrx_word' id='word_1_244' title='bbox 805 2671 1080 2742; x_wconf 76' lang='grc' dir='ltr'>ἔμϐρυον·</span> <span class='ocrx_word' id='word_1_245' title='bbox 1122 2671 1154 2740; x_wconf 79' lang='grc' dir='ltr'><strong>ἢ</strong></span> <span class='ocrx_word' id='word_1_246' title='bbox 1187 2671 1262 2733; x_wconf 83' lang='grc' dir='ltr'>ὡς</span> <span class='ocrx_word' id='word_1_247' title='bbox 1309 2671 1508 2741; x_wconf 78' lang='grc' dir='ltr'>χωρίον</span> <span class='ocrx_word' id='word_1_248' title='bbox 1540 2671 1706 2725; x_wconf 81' lang='grc' dir='ltr'>αὐτοῦ</span> <span class='ocrx_word' id='word_1_249' title='bbox 1742 2672 1801 2724; x_wconf 81' lang='grc' dir='ltr'>ὃν</span> <span class='ocrx_word' id='word_1_250' title='bbox 1831 2672 1894 2733; x_wconf 82' lang='grc'>¹⁵,</span> <span class='ocrx_word' id='word_1_251' title='bbox 1935 2671 1968 2739; x_wconf 84' lang='grc' dir='ltr'><strong>ἢ</strong></span> 
     </span>
    </p>
   </div>
   <div class='ocr_carea' id='block_1_31' title="bbox 391 2756 1972 2831">
    <p class='ocr_par' dir='ltr' id='par_1_31' title="bbox 391 2756 1972 2831">
     <span class='ocr_line' id='line_1_31' title="bbox 391 2756 1972 2831; baseline 0.002 -20"><span class='ocrx_word' id='word_1_252' title='bbox 391 2759 624 2831; x_wconf 81' lang='grc' dir='ltr'>χορηγὸν</span> <span class='ocrx_word' id='word_1_253' title='bbox 674 2758 784 2812; x_wconf 86' lang='grc' dir='ltr'>τῶν</span> <span class='ocrx_word' id='word_1_254' title='bbox 834 2756 1236 2829; x_wconf 86' lang='grc' dir='ltr'>διατρεφόντων</span> <span class='ocrx_word' id='word_1_255' title='bbox 1286 2759 1440 2813; x_wconf 85' lang='grc' dir='ltr'>αὑτό.</span> <span class='ocrx_word' id='word_1_256' title='bbox 1505 2758 1636 2812; x_wconf 87' lang='grc' dir='ltr'>Εἶτα</span> <span class='ocrx_word' id='word_1_257' title='bbox 1687 2762 1720 2831; x_wconf 81' lang='grc' dir='ltr'><strong>ἡ</strong></span> <span class='ocrx_word' id='word_1_258' title='bbox 1775 2761 1972 2830; x_wconf 81' lang='grc' dir='ltr'>καρδία</span> 
     </span>
    </p>
   </div>
   <div class='ocr_carea' id='block_1_32' title="bbox 2063 477 3639 557">
    <p class='ocr_par' dir='ltr' id='par_1_32' title="bbox 2063 477 3639 557">
     <span class='ocr_line' id='line_1_32' title="bbox 2063 477 3639 557; baseline 0.01 -29"><span class='ocrx_word' id='word_1_259' title='bbox 2063 477 2249 548; x_wconf 83' lang='grc' dir='ltr'>βροτὸς</span> <span class='ocrx_word' id='word_1_260' title='bbox 2293 490 2658 548; x_wconf 72' lang='lat' dir='ltr'>nuncupatur.</span> <span class='ocrx_word' id='word_1_261' title='bbox 2691 479 2883 536; x_wconf 81' lang='lat' dir='ltr'><strong>Matrix</strong></span> <span class='ocrx_word' id='word_1_262' title='bbox 2937 493 3084 546; x_wconf 87' lang='lat' dir='ltr'><strong>vero,</strong></span> <span class='ocrx_word' id='word_1_263' title='bbox 3137 485 3282 553; x_wconf 87' lang='lat' dir='ltr'><strong>quod</strong></span> <span class='ocrx_word' id='word_1_264' title='bbox 3315 485 3461 541; x_wconf 92' lang='lat' dir='ltr'><strong>illius</strong></span> <span class='ocrx_word' id='word_1_265' title='bbox 3491 488 3639 557; x_wconf 90' lang='lat' dir='ltr'><strong>quod</strong></span> 
     </span>
    </p>
   </div>
   <div class='ocr_carea' id='block_1_33' title="bbox 2062 570 3638 635">
    <p class='ocr_par' dir='ltr' id='par_1_33' title="bbox 2062 570 3638 635">
     <span class='ocr_line' id='line_1_33' title="bbox 2062 570 3638 635; baseline 0.009 -16"><span class='ocrx_word' id='word_1_266' title='bbox 2062 577 2378 635; x_wconf 78' lang='lat' dir='ltr'><strong>procreatur</strong></span> <span class='ocrx_word' id='word_1_267' title='bbox 2431 580 2606 624; x_wconf 85' lang='lat' dir='ltr'><strong>mater</strong></span> <span class='ocrx_word' id='word_1_268' title='bbox 2664 571 2755 625; x_wconf 89' lang='lat' dir='ltr'><strong>sit.</strong></span> <span class='ocrx_word' id='word_1_269' title='bbox 2809 570 2942 625; x_wconf 85' lang='lat' dir='ltr'><strong>Nam</strong></span> <span class='ocrx_word' id='word_1_270' title='bbox 3001 572 3086 627; x_wconf 86' lang='lat' dir='ltr'>his</span> <span class='ocrx_word' id='word_1_271' title='bbox 3162 575 3477 632; x_wconf 87' lang='lat' dir='ltr'><strong>nominibus</strong></span> <span class='ocrx_word' id='word_1_272' title='bbox 3517 592 3638 632; x_wconf 90' lang='lat' dir='ltr'>eam</span> 
     </span>
    </p>
   </div>
   <div class='ocr_carea' id='block_1_34' title="bbox 2060 655 3641 737">
    <p class='ocr_par' dir='ltr' id='par_1_34' title="bbox 2060 655 3641 737">
     <span class='ocr_line' id='line_1_34' title="bbox 2060 655 3641 737; baseline 0.006 -26"><span class='ocrx_word' id='word_1_273' title='bbox 2060 655 2232 712; x_wconf 79' lang='lat' dir='ltr'>Graeci</span> <span class='ocrx_word' id='word_1_274' title='bbox 2265 660 2536 729; x_wconf 89' lang='lat' dir='ltr'><strong>appellant</strong></span> <span class='ocrx_word' id='word_1_275' title='bbox 2565 680 2577 714; x_wconf 91' lang='lat'><strong>:</strong></span> <span class='ocrx_word' id='word_1_276' title='bbox 2611 662 2791 731; x_wconf 78' lang='grc' dir='ltr'>νηδὺς,</span> <span class='ocrx_word' id='word_1_277' title='bbox 2822 663 3035 733; x_wconf 76' lang='grc' dir='ltr'>δελφὺς,</span> <span class='ocrx_word' id='word_1_278' title='bbox 3078 667 3296 737; x_wconf 82' lang='grc' dir='ltr'>ὑστέρα,</span> <span class='ocrx_word' id='word_1_279' title='bbox 3328 669 3474 736; x_wconf 88' lang='lat' dir='ltr'><strong>quod</strong></span> <span class='ocrx_word' id='word_1_280' title='bbox 3510 684 3641 721; x_wconf 89' lang='lat' dir='ltr'><strong>ven-</strong></span> 
     </span>
    </p>
   </div>
   <div class='ocr_carea' id='block_1_35' title="bbox 2063 752 3645 828">
    <p class='ocr_par' dir='ltr' id='par_1_35' title="bbox 2063 752 3645 828">
     <span class='ocr_line' id='line_1_35' title="bbox 2063 752 3645 828; baseline 0.005 -24"><span class='ocrx_word' id='word_1_281' title='bbox 2063 758 2221 816; x_wconf 91' lang='lat' dir='ltr'><strong>trem,</strong></span> <span class='ocrx_word' id='word_1_282' title='bbox 2259 760 2498 816; x_wconf 80' lang='lat' dir='ltr'><strong>uterum,</strong></span> <span class='ocrx_word' id='word_1_283' title='bbox 2539 752 2757 806; x_wconf 81' lang='lat' dir='ltr'><strong>vulvam</strong></span> <span class='ocrx_word' id='word_1_284' title='bbox 2799 753 3257 823; x_wconf 81' lang='lat' dir='ltr'><strong>interpretareris.</strong></span> <span class='ocrx_word' id='word_1_285' title='bbox 3311 757 3492 828; x_wconf 71' lang='grc' dir='ltr'>Νηδὺς</span> <span class='ocrx_word' id='word_1_286' title='bbox 3523 758 3645 828; x_wconf 72' lang='grc' dir='ltr'>(μιξε-</span> 
     </span>
    </p>
   </div>
   <div class='ocr_carea' id='block_1_36' title="bbox 2061 838 3643 914">
    <p class='ocr_par' dir='ltr' id='par_1_36' title="bbox 2061 838 3643 914">
     <span class='ocr_line' id='line_1_36' title="bbox 2061 838 3643 914; baseline 0.006 -20"><span class='ocrx_word' id='word_1_287' title='bbox 2061 838 2206 903; x_wconf 87' lang='lat' dir='ltr'><strong>dem,</strong></span> <span class='ocrx_word' id='word_1_288' title='bbox 2256 841 2402 909; x_wconf 93' lang='lat' dir='ltr'><strong>quod</strong></span> <span class='ocrx_word' id='word_1_289' title='bbox 2431 841 2762 911; x_wconf 87' lang='lat' dir='ltr'><strong>voluptatem</strong></span> <span class='ocrx_word' id='word_1_290' title='bbox 2809 843 3037 908; x_wconf 90' lang='lat' dir='ltr'><strong>diceres,</strong></span> <span class='ocrx_word' id='word_1_291' title='bbox 3076 848 3335 914; x_wconf 89' lang='lat' dir='ltr'><strong>quoniam</strong></span> <span class='ocrx_word' id='word_1_292' title='bbox 3372 865 3485 903; x_wconf 89' lang='lat' dir='ltr'>rem</span> <span class='ocrx_word' id='word_1_293' title='bbox 3516 865 3643 904; x_wconf 91' lang='lat' dir='ltr'>cum</span> 
     </span>
    </p>
   </div>
   <div class='ocr_carea' id='block_1_37' title="bbox 2062 932 3646 1009">
    <p class='ocr_par' dir='ltr' id='par_1_37' title="bbox 2062 932 3646 1009">
     <span class='ocr_line' id='line_1_37' title="bbox 2062 932 3646 1009; baseline 0.006 -23"><span class='ocrx_word' id='word_1_294' title='bbox 2062 932 2342 1002; x_wconf 89' lang='lat' dir='ltr'><strong>voluptate</strong></span> <span class='ocrx_word' id='word_1_295' title='bbox 2371 934 2613 1004; x_wconf 84' lang='lat' dir='ltr'><strong>peragit;</strong></span> <span class='ocrx_word' id='word_1_296' title='bbox 2652 949 2747 989; x_wconf 83' lang='lat' dir='ltr'>seu</span> <span class='ocrx_word' id='word_1_297' title='bbox 2774 951 2802 988; x_wconf 91' lang='lat' dir='ltr'>a</span> <span class='ocrx_word' id='word_1_298' title='bbox 2826 934 3016 990; x_wconf 69' lang='lat' dir='ltr'><strong>Graeco</strong></span> <span class='ocrx_word' id='word_1_299' title='bbox 3063 936 3456 1006; x_wconf 79' lang='grc' dir='ltr'>διανεμεῖσθαι,</span> <span class='ocrx_word' id='word_1_300' title='bbox 3499 942 3646 1009; x_wconf 89' lang='lat' dir='ltr'><strong>quod</strong></span> 
     </span>
    </p>
   </div>
   <div class='ocr_carea' id='block_1_38' title="bbox 2063 1024 3648 1102">
    <p class='ocr_par' dir='ltr' id='par_1_38' title="bbox 2063 1024 3648 1102">
     <span class='ocr_line' id='line_1_38' title="bbox 2063 1024 3648 1102; baseline 0.004 -24"><span class='ocrx_word' id='word_1_301' title='bbox 2063 1026 2452 1094; x_wconf 85' lang='lat' dir='ltr'><strong>asperitatibus</strong></span> <span class='ocrx_word' id='word_1_302' title='bbox 2472 1025 2528 1094; x_wconf 80' lang='lat'><strong>8</strong></span> <span class='ocrx_word' id='word_1_303' title='bbox 2553 1027 2910 1090; x_wconf 87' lang='lat' dir='ltr'><strong>cumulatam,</strong></span> <span class='ocrx_word' id='word_1_304' title='bbox 2936 1024 3299 1098; x_wconf 82' lang='lat' dir='ltr'><strong>refertamque</strong></span> <span class='ocrx_word' id='word_1_305' title='bbox 3328 1046 3448 1085; x_wconf 73' lang='lat' dir='ltr'><strong>esse</strong></span> <span class='ocrx_word' id='word_1_306' title='bbox 3477 1032 3648 1102; x_wconf 75' lang='lat' dir='ltr'><strong>signi-</strong></span> 
     </span>
    </p>
   </div>
   <div class='ocr_carea' id='block_1_39' title="bbox 2065 1115 3644 1192">
    <p class='ocr_par' dir='ltr' id='par_1_39' title="bbox 2065 1115 3644 1192">
     <span class='ocr_line' id='line_1_39' title="bbox 2065 1115 3644 1192; baseline 0.005 -23"><span class='ocrx_word' id='word_1_307' title='bbox 2065 1115 2287 1170; x_wconf 81' lang='lat' dir='ltr'><strong>ficatum</strong></span> <span class='ocrx_word' id='word_1_308' title='bbox 2336 1117 2564 1170; x_wconf 90' lang='lat' dir='ltr'><strong>obtinet.</strong></span> <span class='ocrx_word' id='word_1_309' title='bbox 2624 1115 2838 1171; x_wconf 86' lang='lat' dir='ltr'><strong>Etenim</strong></span> <span class='ocrx_word' id='word_1_310' title='bbox 2909 1128 3105 1172; x_wconf 87' lang='lat' dir='ltr'><strong>natura</strong></span> <span class='ocrx_word' id='word_1_311' title='bbox 3165 1120 3336 1189; x_wconf 88' lang='lat' dir='ltr'><strong>ipsam</strong></span> <span class='ocrx_word' id='word_1_312' title='bbox 3395 1138 3644 1192; x_wconf 89' lang='lat' dir='ltr'><strong>asperam</strong></span> 
     </span>
    </p>
   </div>
   <div class='ocr_carea' id='block_1_40' title="bbox 2063 1208 3649 1284">
    <p class='ocr_par' dir='ltr' id='par_1_40' title="bbox 2063 1208 3649 1284">
     <span class='ocr_line' id='line_1_40' title="bbox 2063 1208 3649 1284; baseline 0.006 -24"><span class='ocrx_word' id='word_1_313' title='bbox 2063 1209 2323 1278; x_wconf 88' lang='lat' dir='ltr'><strong>protulit,</strong></span> <span class='ocrx_word' id='word_1_314' title='bbox 2363 1217 2417 1263; x_wconf 91' lang='lat' dir='ltr'>et</span> <span class='ocrx_word' id='word_1_315' title='bbox 2447 1208 2726 1264; x_wconf 86' lang='lat' dir='ltr'><strong>acetabula</strong></span> <span class='ocrx_word' id='word_1_316' title='bbox 2767 1225 2892 1264; x_wconf 90' lang='lat' dir='ltr'>cum</span> <span class='ocrx_word' id='word_1_317' title='bbox 2923 1211 3074 1267; x_wconf 82' lang='lat' dir='ltr'><strong>venis</strong></span> <span class='ocrx_word' id='word_1_318' title='bbox 3097 1221 3151 1266; x_wconf 91' lang='lat' dir='ltr'>et</span> <span class='ocrx_word' id='word_1_319' title='bbox 3179 1214 3395 1268; x_wconf 83' lang='lat' dir='ltr'><strong>arteriis</strong></span> <span class='ocrx_word' id='word_1_320' title='bbox 3425 1215 3649 1284; x_wconf 90' lang='lat' dir='ltr'><strong>quibus-</strong></span> 
     </span>
    </p>
   </div>
   <div class='ocr_carea' id='block_1_41' title="bbox 2065 1300 3646 1377">
    <p class='ocr_par' dir='ltr' id='par_1_41' title="bbox 2065 1300 3646 1377">
     <span class='ocr_line' id='line_1_41' title="bbox 2065 1300 3646 1377; baseline 0.004 -22"><span class='ocrx_word' id='word_1_321' title='bbox 2065 1301 2190 1356; x_wconf 91' lang='lat' dir='ltr'>dam</span> <span class='ocrx_word' id='word_1_322' title='bbox 2237 1300 2506 1366; x_wconf 85' lang='lat' dir='ltr'><strong>adhibuit,</strong></span> <span class='ocrx_word' id='word_1_323' title='bbox 2563 1317 2632 1356; x_wconf 93' lang='lat' dir='ltr'>ne</span> <span class='ocrx_word' id='word_1_324' title='bbox 2684 1316 2871 1356; x_wconf 90' lang='lat' dir='ltr'><strong>semen</strong></span> <span class='ocrx_word' id='word_1_325' title='bbox 2903 1303 3081 1372; x_wconf 91' lang='lat' dir='ltr'><strong>ipsum</strong></span> <span class='ocrx_word' id='word_1_326' title='bbox 3110 1304 3436 1362; x_wconf 88' lang='lat' dir='ltr'><strong>lubricitatis</strong></span> <span class='ocrx_word' id='word_1_327' title='bbox 3472 1308 3646 1377; x_wconf 82' lang='lat' dir='ltr'><strong>gratia</strong></span> 
     </span>
    </p>
   </div>
   <div class='ocr_carea' id='block_1_42' title="bbox 2065 1391 3648 1465">
    <p class='ocr_par' dir='ltr' id='par_1_42' title="bbox 2065 1391 3648 1465">
     <span class='ocr_line' id='line_1_42' title="bbox 2065 1391 3648 1465; baseline 0.004 -19"><span class='ocrx_word' id='word_1_328' title='bbox 2065 1391 2394 1458; x_wconf 87' lang='lat' dir='ltr'><strong>elaberetur,</strong></span> <span class='ocrx_word' id='word_1_329' title='bbox 2428 1408 2806 1464; x_wconf 89' lang='lat' dir='ltr'><strong>puerperaque</strong></span> <span class='ocrx_word' id='word_1_330' title='bbox 2829 1392 3116 1449; x_wconf 84' lang='lat' dir='ltr'><strong>infecunda</strong></span> <span class='ocrx_word' id='word_1_331' title='bbox 3142 1409 3497 1465; x_wconf 76' lang='lat' dir='ltr'><strong>permaneret.</strong></span> <span class='ocrx_word' id='word_1_332' title='bbox 3521 1397 3648 1452; x_wconf 85' lang='lat' dir='ltr'><strong>Sive</strong></span> 
     </span>
    </p>
   </div>
   <div class='ocr_carea' id='block_1_43' title="bbox 2065 1483 3648 1558">
    <p class='ocr_par' dir='ltr' id='par_1_43' title="bbox 2065 1483 3648 1558">
     <span class='ocr_line' id='line_1_43' title="bbox 2065 1483 3648 1558; baseline 0.004 -20"><span class='ocrx_word' id='word_1_333' title='bbox 2065 1483 2212 1556; x_wconf 89' lang='lat' dir='ltr'><strong>quod</strong></span> <span class='ocrx_word' id='word_1_334' title='bbox 2240 1483 2490 1540; x_wconf 82' lang='lat' dir='ltr'><strong>deﬂuxus</strong></span> <span class='ocrx_word' id='word_1_335' title='bbox 2514 1485 2756 1540; x_wconf 88' lang='lat' dir='ltr'><strong>alimenti</strong></span> <span class='ocrx_word' id='word_1_336' title='bbox 2793 1498 3091 1556; x_wconf 88' lang='lat' dir='ltr'><strong>conceptus</strong></span> <span class='ocrx_word' id='word_1_337' title='bbox 3120 1488 3186 1540; x_wconf 89' lang='lat' dir='ltr'>ab</span> <span class='ocrx_word' id='word_1_338' title='bbox 3209 1503 3271 1542; x_wconf 90' lang='lat' dir='ltr'>ea</span> <span class='ocrx_word' id='word_1_339' title='bbox 3303 1489 3587 1558; x_wconf 84' lang='lat' dir='ltr'><strong>proveniat</strong></span> <span class='ocrx_word' id='word_1_340' title='bbox 3605 1505 3648 1552; x_wconf 60' lang='grc' dir='ltr'>λι</span> 
     </span>
    </p>
   </div>
   <div class='ocr_carea' id='block_1_44' title="bbox 2065 1574 3650 1650">
    <p class='ocr_par' dir='ltr' id='par_1_44' title="bbox 2065 1574 3650 1650">
     <span class='ocr_line' id='line_1_44' title="bbox 2065 1574 3650 1650; baseline 0.002 -18"><span class='ocrx_word' id='word_1_341' title='bbox 2065 1574 2255 1633; x_wconf 64' lang='lat' dir='ltr'><strong>Graeco</strong></span> <span class='ocrx_word' id='word_1_342' title='bbox 2274 1575 2470 1640; x_wconf 85' lang='grc' dir='ltr'>δεύειν,</span> <span class='ocrx_word' id='word_1_343' title='bbox 2505 1576 2650 1646; x_wconf 90' lang='lat' dir='ltr'><strong>quod</strong></span> <span class='ocrx_word' id='word_1_344' title='bbox 2685 1575 2921 1632; x_wconf 85' lang='lat' dir='ltr'><strong>deﬂuere</strong></span> <span class='ocrx_word' id='word_1_345' title='bbox 2947 1578 3177 1642; x_wconf 91' lang='lat' dir='ltr'><strong>diceres,</strong></span> <span class='ocrx_word' id='word_1_346' title='bbox 3224 1581 3308 1632; x_wconf 87' lang='lat' dir='ltr'>vel</span> <span class='ocrx_word' id='word_1_347' title='bbox 3347 1595 3374 1633; x_wconf 90' lang='lat' dir='ltr'>a</span> <span class='ocrx_word' id='word_1_348' title='bbox 3402 1578 3489 1650; x_wconf 83' lang='grc' dir='ltr'>νὴ,</span> <span class='ocrx_word' id='word_1_349' title='bbox 3527 1595 3650 1650; x_wconf 67' lang='lat' dir='ltr'><strong>quae</strong></span> 
     </span>
    </p>
   </div>
   <div class='ocr_carea' id='block_1_45' title="bbox 2066 1667 3654 1740">
    <p class='ocr_par' dir='ltr' id='par_1_45' title="bbox 2066 1667 3654 1740">
     <span class='ocr_line' id='line_1_45' title="bbox 2066 1667 3654 1740; baseline 0.003 -19"><span class='ocrx_word' id='word_1_350' title='bbox 2066 1675 2152 1722; x_wconf 89' lang='lat' dir='ltr'>est</span> <span class='ocrx_word' id='word_1_351' title='bbox 2174 1683 2300 1736; x_wconf 87' lang='lat' dir='ltr'><strong>pars</strong></span> <span class='ocrx_word' id='word_1_352' title='bbox 2329 1667 2618 1740; x_wconf 87' lang='lat' dir='ltr'><strong>privativa,</strong></span> <span class='ocrx_word' id='word_1_353' title='bbox 2645 1676 2699 1721; x_wconf 90' lang='lat' dir='ltr'>et</span> <span class='ocrx_word' id='word_1_354' title='bbox 2731 1667 2845 1733; x_wconf 77' lang='grc' dir='ltr'>δὺς,</span> <span class='ocrx_word' id='word_1_355' title='bbox 2877 1669 3020 1738; x_wconf 91' lang='lat' dir='ltr'><strong>quod</strong></span> <span class='ocrx_word' id='word_1_356' title='bbox 3056 1672 3405 1738; x_wconf 64' lang='lat' dir='ltr'><strong>procreanda:</strong></span> <span class='ocrx_word' id='word_1_357' title='bbox 3450 1672 3654 1727; x_wconf 86' lang='lat' dir='ltr'><strong>sobolis</strong></span> 
     </span>
    </p>
   </div>
   <div class='ocr_carea' id='block_1_46' title="bbox 2070 1758 3652 1830">
    <p class='ocr_par' dir='ltr' id='par_1_46' title="bbox 2070 1758 3652 1830">
     <span class='ocr_line' id='line_1_46' title="bbox 2070 1758 3652 1830; baseline 0.003 -21"><span class='ocrx_word' id='word_1_358' title='bbox 2070 1759 2120 1813; x_wconf 96' lang='lat' dir='ltr'>vi</span> <span class='ocrx_word' id='word_1_359' title='bbox 2177 1774 2569 1828; x_wconf 89' lang='lat' dir='ltr'><strong>nonnunquam</strong></span> <span class='ocrx_word' id='word_1_360' title='bbox 2620 1758 2885 1829; x_wconf 88' lang='lat' dir='ltr'><strong>privatur,</strong></span> <span class='ocrx_word' id='word_1_361' title='bbox 2947 1774 3010 1813; x_wconf 91' lang='lat' dir='ltr'>ac</span> <span class='ocrx_word' id='word_1_362' title='bbox 3057 1760 3392 1814; x_wconf 87' lang='lat' dir='ltr'><strong>laboriosum</strong></span> <span class='ocrx_word' id='word_1_363' title='bbox 3448 1762 3652 1830; x_wconf 86' lang='lat' dir='ltr'><strong>patitur</strong></span> 
     </span>
    </p>
   </div>
   <div class='ocr_carea' id='block_1_47' title="bbox 2069 1848 3650 1921">
    <p class='ocr_par' dir='ltr' id='par_1_47' title="bbox 2069 1848 3650 1921">
     <span class='ocr_line' id='line_1_47' title="bbox 2069 1848 3650 1921; baseline 0.003 -20"><span class='ocrx_word' id='word_1_364' title='bbox 2069 1858 2307 1918; x_wconf 89' lang='lat' dir='ltr'><strong>partum.</strong></span> <span class='ocrx_word' id='word_1_365' title='bbox 2338 1848 2546 1916; x_wconf 78' lang='grc' dir='ltr'>Δελφὺς</span> <span class='ocrx_word' id='word_1_366' title='bbox 2571 1863 2718 1913; x_wconf 83' lang='lat' dir='ltr'><strong>vero,</strong></span> <span class='ocrx_word' id='word_1_367' title='bbox 2744 1849 2887 1918; x_wconf 88' lang='lat' dir='ltr'><strong>quod</strong></span> <span class='ocrx_word' id='word_1_368' title='bbox 2911 1848 3099 1905; x_wconf 73' lang='lat' dir='ltr'><strong>Gt&#39;zece</strong></span> <span class='ocrx_word' id='word_1_369' title='bbox 3115 1849 3484 1919; x_wconf 83' lang='grc' dir='ltr'>ἀδελφοποιὸς,</span> <span class='ocrx_word' id='word_1_370' title='bbox 3504 1853 3650 1921; x_wconf 88' lang='lat' dir='ltr'><strong>quod</strong></span> 
     </span>
    </p>
   </div>
   <div class='ocr_carea' id='block_1_48' title="bbox 2070 1938 3652 2012">
    <p class='ocr_par' dir='ltr' id='par_1_48' title="bbox 2070 1938 3652 2012">
     <span class='ocr_line' id='line_1_48' title="bbox 2070 1938 3652 2012; baseline 0.004 -20"><span class='ocrx_word' id='word_1_371' title='bbox 2070 1938 2267 1995; x_wconf 81' lang='lat' dir='ltr'><strong>fratres</strong></span> <span class='ocrx_word' id='word_1_372' title='bbox 2315 1947 2692 2009; x_wconf 89' lang='lat' dir='ltr'><strong>procreantem</strong></span> <span class='ocrx_word' id='word_1_373' title='bbox 2756 1940 3079 2010; x_wconf 87' lang='lat' dir='ltr'><strong>explicares,</strong></span> <span class='ocrx_word' id='word_1_374' title='bbox 3156 1957 3281 1995; x_wconf 90' lang='lat' dir='ltr'>nam</span> <span class='ocrx_word' id='word_1_375' title='bbox 3344 1942 3563 2012; x_wconf 58' lang='grc' dir='ltr'>ἀδελφοί¹</span> <span class='ocrx_word' id='word_1_376' title='bbox 3583 1959 3652 1998; x_wconf 79' lang='lat' dir='ltr'>ex</span> 
     </span>
    </p>
   </div>
   <div class='ocr_carea' id='block_1_49' title="bbox 2071 2031 3652 2106">
    <p class='ocr_par' dir='ltr' id='par_1_49' title="bbox 2071 2031 3652 2106">
     <span class='ocr_line' id='line_1_49' title="bbox 2071 2031 3652 2106; baseline 0.003 -20"><span class='ocrx_word' id='word_1_377' title='bbox 2071 2032 2263 2087; x_wconf 85' lang='lat' dir='ltr'><strong>eodem</strong></span> <span class='ocrx_word' id='word_1_378' title='bbox 2296 2041 2472 2098; x_wconf 87' lang='lat' dir='ltr'><strong>utero,</strong></span> <span class='ocrx_word' id='word_1_379' title='bbox 2503 2032 2597 2102; x_wconf 91' lang='lat' dir='ltr'>qui</span> <span class='ocrx_word' id='word_1_380' title='bbox 2627 2031 2792 2104; x_wconf 82' lang='grc' dir='ltr'>δελφὴ</span> <span class='ocrx_word' id='word_1_381' title='bbox 2837 2033 3060 2098; x_wconf 90' lang='lat' dir='ltr'><strong>dicitur,</strong></span> <span class='ocrx_word' id='word_1_382' title='bbox 3108 2035 3401 2106; x_wconf 89' lang='lat' dir='ltr'><strong>procreati,</strong></span> <span class='ocrx_word' id='word_1_383' title='bbox 3453 2034 3652 2091; x_wconf 80' lang='lat' dir='ltr'><strong>fratres</strong></span> 
     </span>
    </p>
   </div>
   <div class='ocr_carea' id='block_1_50' title="bbox 2072 2123 3652 2196">
    <p class='ocr_par' dir='ltr' id='par_1_50' title="bbox 2072 2123 3652 2196">
     <span class='ocr_line' id='line_1_50' title="bbox 2072 2123 3652 2196; baseline 0.002 -19"><span class='ocrx_word' id='word_1_384' title='bbox 2072 2124 2372 2179; x_wconf 89' lang='lat' dir='ltr'><strong>adinvicem</strong></span> <span class='ocrx_word' id='word_1_385' title='bbox 2397 2124 2757 2194; x_wconf 88' lang='lat' dir='ltr'><strong>appellantur.</strong></span> <span class='ocrx_word' id='word_1_386' title='bbox 2791 2123 3024 2196; x_wconf 86' lang='grc' dir='ltr'>’Υστέρα</span> <span class='ocrx_word' id='word_1_387' title='bbox 3060 2134 3262 2191; x_wconf 89' lang='lat' dir='ltr'><strong>autem,</strong></span> <span class='ocrx_word' id='word_1_388' title='bbox 3289 2126 3436 2195; x_wconf 88' lang='lat' dir='ltr'><strong>quod</strong></span> <span class='ocrx_word' id='word_1_389' title='bbox 3465 2125 3652 2182; x_wconf 70' lang='lat' dir='ltr'><strong>Graece</strong></span> 
     </span>
    </p>
   </div>
   <div class='ocr_carea' id='block_1_51' title="bbox 2074 2209 3650 2286">
    <p class='ocr_par' dir='ltr' id='par_1_51' title="bbox 2074 2209 3650 2286">
     <span class='ocr_line' id='line_1_51' title="bbox 2074 2209 3650 2286; baseline 0.005 -24"><span class='ocrx_word' id='word_1_390' title='bbox 2074 2209 2300 2282; x_wconf 78' lang='grc' dir='ltr'>ὕστερον</span> <span class='ocrx_word' id='word_1_391' title='bbox 2329 2212 2690 2267; x_wconf 81' lang='lat' dir='ltr'><strong>novissimum</strong></span> <span class='ocrx_word' id='word_1_392' title='bbox 2721 2211 2942 2280; x_wconf 91' lang='lat' dir='ltr'><strong>dicitur,</strong></span> <span class='ocrx_word' id='word_1_393' title='bbox 2975 2213 3102 2283; x_wconf 89' lang='lat' dir='ltr'><strong>quia</strong></span> <span class='ocrx_word' id='word_1_394' title='bbox 3136 2217 3383 2269; x_wconf 90' lang='lat' dir='ltr'><strong>omnium</strong></span> <span class='ocrx_word' id='word_1_395' title='bbox 3411 2217 3650 2286; x_wconf 84' lang='lat' dir='ltr'><strong>partium</strong></span> 
     </span>
    </p>
   </div>
   <div class='ocr_carea' id='block_1_52' title="bbox 2072 2302 3650 2378">
    <p class='ocr_par' dir='ltr' id='par_1_52' title="bbox 2072 2302 3650 2378">
     <span class='ocr_line' id='line_1_52' title="bbox 2072 2302 3650 2378; baseline 0.004 -23"><span class='ocrx_word' id='word_1_396' title='bbox 2072 2302 2370 2357; x_wconf 82' lang='lat' dir='ltr'><strong>novissima</strong></span> <span class='ocrx_word' id='word_1_397' title='bbox 2428 2303 2678 2372; x_wconf 89' lang='lat' dir='ltr'><strong>proprios</strong></span> <span class='ocrx_word' id='word_1_398' title='bbox 2738 2314 2892 2359; x_wconf 87' lang='lat' dir='ltr'><strong>actus</strong></span> <span class='ocrx_word' id='word_1_399' title='bbox 2936 2306 3187 2370; x_wconf 87' lang='lat' dir='ltr'><strong>ostendit,</strong></span> <span class='ocrx_word' id='word_1_400' title='bbox 3223 2321 3347 2360; x_wconf 91' lang='lat' dir='ltr'>cum</span> <span class='ocrx_word' id='word_1_401' title='bbox 3403 2307 3457 2360; x_wconf 94' lang='lat' dir='ltr'>in</span> <span class='ocrx_word' id='word_1_402' title='bbox 3493 2316 3650 2378; x_wconf 87' lang='lat' dir='ltr'><strong>partu</strong></span> 
     </span>
    </p>
   </div>
   <div class='ocr_carea' id='block_1_53' title="bbox 2072 2394 3653 2465">
    <p class='ocr_par' dir='ltr' id='par_1_53' title="bbox 2072 2394 3653 2465">
     <span class='ocr_line' id='line_1_53' title="bbox 2072 2394 3653 2465; baseline 0.003 -17"><span class='ocrx_word' id='word_1_403' title='bbox 2072 2394 2421 2463; x_wconf 81' lang='lat' dir='ltr'><strong>perﬁciendo,</strong></span> <span class='ocrx_word' id='word_1_404' title='bbox 2450 2395 2776 2460; x_wconf 87' lang='lat' dir='ltr'><strong>attrahendi,</strong></span> <span class='ocrx_word' id='word_1_405' title='bbox 2800 2397 3136 2465; x_wconf 89' lang='lat' dir='ltr'><strong>continendi,</strong></span> <span class='ocrx_word' id='word_1_406' title='bbox 3156 2399 3442 2458; x_wconf 85' lang='lat' dir='ltr'><strong>alterandi.</strong></span> <span class='ocrx_word' id='word_1_407' title='bbox 3464 2415 3653 2453; x_wconf 85' lang='lat' dir='ltr'><strong>excer-</strong></span> 
     </span>
    </p>
   </div>
   <div class='ocr_carea' id='block_1_54' title="bbox 2074 2485 3651 2560">
    <p class='ocr_par' dir='ltr' id='par_1_54' title="bbox 2074 2485 3651 2560">
     <span class='ocr_line' id='line_1_54' title="bbox 2074 2485 3651 2560; baseline 0.003 -20"><span class='ocrx_word' id='word_1_408' title='bbox 2074 2487 2363 2556; x_wconf 84' lang='lat' dir='ltr'><strong>nendique,</strong></span> <span class='ocrx_word' id='word_1_409' title='bbox 2389 2502 2509 2557; x_wconf 68' lang='lat' dir='ltr'><strong>qua:</strong></span> <span class='ocrx_word' id='word_1_410' title='bbox 2530 2487 2648 2558; x_wconf 87' lang='lat' dir='ltr'><strong>ejus</strong></span> <span class='ocrx_word' id='word_1_411' title='bbox 2675 2485 2958 2542; x_wconf 80' lang='lat' dir='ltr'><strong>facultates</strong></span> <span class='ocrx_word' id='word_1_412' title='bbox 2983 2498 3132 2556; x_wconf 92' lang='lat' dir='ltr'><strong>sunt,</strong></span> <span class='ocrx_word' id='word_1_413' title='bbox 3156 2499 3357 2544; x_wconf 88' lang='lat' dir='ltr'><strong>utatur.</strong></span> <span class='ocrx_word' id='word_1_414' title='bbox 3381 2489 3489 2545; x_wconf 91' lang='lat' dir='ltr'>Seu</span> <span class='ocrx_word' id='word_1_415' title='bbox 3510 2490 3651 2560; x_wconf 90' lang='lat' dir='ltr'><strong>quod</strong></span> 
     </span>
    </p>
   </div>
   <div class='ocr_carea' id='block_1_55' title="bbox 2074 2579 3650 2650">
    <p class='ocr_par' dir='ltr' id='par_1_55' title="bbox 2074 2579 3650 2650">
     <span class='ocr_line' id='line_1_55' title="bbox 2074 2579 3650 2650; baseline 0.001 -18"><span class='ocrx_word' id='word_1_416' title='bbox 2074 2579 2433 2634; x_wconf 90' lang='lat' dir='ltr'><strong>novissimum</strong></span> <span class='ocrx_word' id='word_1_417' title='bbox 2459 2580 2687 2634; x_wconf 91' lang='lat' dir='ltr'><strong>aliorum</strong></span> <span class='ocrx_word' id='word_1_418' title='bbox 2711 2582 2779 2635; x_wconf 89' lang='lat' dir='ltr'>ab</span> <span class='ocrx_word' id='word_1_419' title='bbox 2796 2582 2918 2636; x_wconf 85' lang='lat' dir='ltr'><strong>alvo</strong></span> <span class='ocrx_word' id='word_1_420' title='bbox 2935 2581 3097 2636; x_wconf 91' lang='lat' dir='ltr'><strong>situm</strong></span> <span class='ocrx_word' id='word_1_421' title='bbox 3116 2582 3342 2636; x_wconf 86' lang='lat' dir='ltr'><strong>obtinet.</strong></span> <span class='ocrx_word' id='word_1_422' title='bbox 3373 2580 3650 2650; x_wconf 84' lang='lat' dir='ltr'><strong>Siquidem</strong></span> 
     </span>
    </p>
   </div>
   <div class='ocr_carea' id='block_1_56' title="bbox 2075 2670 3653 2740">
    <p class='ocr_par' dir='ltr' id='par_1_56' title="bbox 2075 2670 3653 2740">
     <span class='ocr_line' id='line_1_56' title="bbox 2075 2670 3653 2740; baseline 0 -16"><span class='ocrx_word' id='word_1_423' title='bbox 2075 2680 2392 2739; x_wconf 88' lang='lat' dir='ltr'><strong>conceptus,</strong></span> <span class='ocrx_word' id='word_1_424' title='bbox 2426 2670 2478 2724; x_wconf 94' lang='lat' dir='ltr'>in</span> <span class='ocrx_word' id='word_1_425' title='bbox 2512 2671 2668 2725; x_wconf 87' lang='lat' dir='ltr'><strong>vulva</strong></span> <span class='ocrx_word' id='word_1_426' title='bbox 2700 2671 2957 2726; x_wconf 89' lang='lat' dir='ltr'><strong>alimento</strong></span> <span class='ocrx_word' id='word_1_427' title='bbox 2990 2683 3054 2724; x_wconf 88' lang='lat' dir='ltr'>ac</span> <span class='ocrx_word' id='word_1_428' title='bbox 3089 2671 3314 2740; x_wconf 87' lang='lat' dir='ltr'><strong>spiritus</strong></span> <span class='ocrx_word' id='word_1_429' title='bbox 3341 2671 3653 2740; x_wconf 90' lang='lat' dir='ltr'><strong>reciproca-</strong></span> 
     </span>
    </p>
   </div>
   <div class='ocr_carea' id='block_1_57' title="bbox 2075 2761 3653 2833">
    <p class='ocr_par' dir='ltr' id='par_1_57' title="bbox 2075 2761 3653 2833">
     <span class='ocr_line' id='line_1_57' title="bbox 2075 2761 3653 2833; baseline 0.001 -17"><span class='ocrx_word' id='word_1_430' title='bbox 2075 2762 2241 2825; x_wconf 91' lang='lat' dir='ltr'><strong>tione,</strong></span> <span class='ocrx_word' id='word_1_431' title='bbox 2274 2778 2381 2816; x_wconf 92' lang='lat' dir='ltr'>non</span> <span class='ocrx_word' id='word_1_432' title='bbox 2412 2764 2544 2829; x_wconf 87' lang='lat' dir='ltr'><strong>oris,</strong></span> <span class='ocrx_word' id='word_1_433' title='bbox 2579 2764 2672 2817; x_wconf 91' lang='lat' dir='ltr'>sed</span> <span class='ocrx_word' id='word_1_434' title='bbox 2705 2763 2947 2818; x_wconf 85' lang='lat' dir='ltr'><strong>umbilici</strong></span> <span class='ocrx_word' id='word_1_435' title='bbox 2973 2763 3147 2818; x_wconf 78' lang='lat' dir='ltr'><strong>oﬂicio</strong></span> <span class='ocrx_word' id='word_1_436' title='bbox 3179 2763 3367 2827; x_wconf 89' lang='lat' dir='ltr'><strong>utitur,</strong></span> <span class='ocrx_word' id='word_1_437' title='bbox 3407 2761 3550 2833; x_wconf 86' lang='lat' dir='ltr'><strong>quod</strong></span> <span class='ocrx_word' id='word_1_438' title='bbox 3587 2779 3653 2818; x_wconf 82' lang='lat' dir='ltr'>ex</span> 
     </span>
    </p>
   </div>
   <div class='ocr_carea' id='block_1_58' title="bbox 391 2848 1978 2923">
    <p class='ocr_par' dir='ltr' id='par_1_58' title="bbox 391 2848 1974 2923">
     <span class='ocr_line' id='line_1_58' title="bbox 391 2848 1974 2923; baseline -0.001 -19"><span class='ocrx_word' id='word_1_439' title='bbox 391 2851 586 2923; x_wconf 83' lang='grc' dir='ltr'>πρώτη</span> <span class='ocrx_word' id='word_1_440' title='bbox 623 2849 1029 2920; x_wconf 86' lang='grc' dir='ltr'>καταϐληθεῖσα</span> <span class='ocrx_word' id='word_1_441' title='bbox 1064 2848 1220 2920; x_wconf 87' lang='grc' dir='ltr'>παρά</span> <span class='ocrx_word' id='word_1_442' title='bbox 1247 2851 1349 2919; x_wconf 87' lang='grc' dir='ltr'>τῆς</span> <span class='ocrx_word' id='word_1_443' title='bbox 1395 2850 1614 2919; x_wconf 87' lang='grc' dir='ltr'>φύσεως</span> <span class='ocrx_word' id='word_1_444' title='bbox 1661 2853 1724 2916; x_wconf 74' lang='grc'>’⁸,</span> <span class='ocrx_word' id='word_1_445' title='bbox 1780 2852 1974 2905; x_wconf 84' lang='grc' dir='ltr'>ἀναλο-</span> 
     </span>
    </p>
   </div>
   <div class='ocr_carea' id='block_1_59' title="bbox 2073 2848 3654 2923">
    <p class='ocr_par' dir='ltr' id='par_1_59' title="bbox 2076 2853 3654 2922">
     <span class='ocr_line' id='line_1_59' title="bbox 2076 2853 3654 2922; baseline 0 -15"><span class='ocrx_word' id='word_1_446' title='bbox 2076 2855 2263 2909; x_wconf 88' lang='lat' dir='ltr'><strong>matris</strong></span> <span class='ocrx_word' id='word_1_447' title='bbox 2290 2853 2600 2922; x_wconf 76' lang='lat' dir='ltr'><strong>sanguineis</strong></span> <span class='ocrx_word' id='word_1_448' title='bbox 2629 2855 2989 2909; x_wconf 84' lang='lat' dir='ltr'><strong>excrementis</strong></span> <span class='ocrx_word' id='word_1_449' title='bbox 3020 2854 3097 2916; x_wconf 84' lang='lat' dir='ltr'><strong>tit,</strong></span> <span class='ocrx_word' id='word_1_450' title='bbox 3125 2854 3267 2907; x_wconf 89' lang='lat' dir='ltr'><strong>unde</strong></span> <span class='ocrx_word' id='word_1_451' title='bbox 3287 2863 3340 2908; x_wconf 91' lang='lat' dir='ltr'>et</span> <span class='ocrx_word' id='word_1_452' title='bbox 3362 2854 3654 2908; x_wconf 87' lang='lat' dir='ltr'><strong>umbilicus</strong></span> 
     </span>
    </p>
   </div>
   <div class='ocr_carea' id='block_1_60' title="bbox 391 2937 1978 3013">
    <p class='ocr_par' dir='ltr' id='par_1_60' title="bbox 391 2937 1972 3013">
     <span class='ocr_line' id='line_1_60' title="bbox 391 2937 1972 3013; baseline 0.001 -20"><span class='ocrx_word' id='word_1_453' title='bbox 391 2956 598 3010; x_wconf 85' lang='grc' dir='ltr'>γουσαν</span> <span class='ocrx_word' id='word_1_454' title='bbox 629 2939 740 3003; x_wconf 90' lang='grc' dir='ltr'>τοῖς</span> <span class='ocrx_word' id='word_1_455' title='bbox 772 2937 958 3009; x_wconf 87' lang='grc' dir='ltr'>μέλεσι</span> <span class='ocrx_word' id='word_1_456' title='bbox 977 2938 1076 3010; x_wconf 83' lang='grc' dir='ltr'>τὴν</span> <span class='ocrx_word' id='word_1_457' title='bbox 1116 2940 1266 3010; x_wconf 88' lang='grc' dir='ltr'>παρά</span> <span class='ocrx_word' id='word_1_458' title='bbox 1292 2939 1391 3010; x_wconf 84' lang='grc' dir='ltr'>τῆς</span> <span class='ocrx_word' id='word_1_459' title='bbox 1424 2939 1640 3008; x_wconf 86' lang='grc' dir='ltr'>φύσεως</span> <span class='ocrx_word' id='word_1_460' title='bbox 1668 2941 1972 3013; x_wconf 77' lang='grc' dir='ltr'>καταϐολὴν</span> 
     </span>
    </p>
   </div>
   <div class='ocr_carea' id='block_1_61' title="bbox 2073 2937 3654 3013">
    <p class='ocr_par' dir='ltr' id='par_1_61' title="bbox 2074 2938 3654 3013">
     <span class='ocr_line' id='line_1_61' title="bbox 2074 2938 3654 3013; baseline -0.001 -20"><span class='ocrx_word' id='word_1_461' title='bbox 2074 2941 2318 3013; x_wconf 79' lang='grc' dir='ltr'>ὀμφαλὸς</span> <span class='ocrx_word' id='word_1_462' title='bbox 2353 2941 2559 3006; x_wconf 69' lang='lat' dir='ltr'><strong>Grarce,</strong></span> <span class='ocrx_word' id='word_1_463' title='bbox 2596 2941 2749 2995; x_wconf 91' lang='lat' dir='ltr'><strong>deest</strong></span> <span class='ocrx_word' id='word_1_464' title='bbox 2785 2941 2913 3010; x_wconf 87' lang='lat' dir='ltr'><strong>aliq.</strong></span> <span class='ocrx_word' id='word_1_465' title='bbox 2952 2940 3058 2994; x_wconf 83' lang='grc' dir='ltr'>ἀπὸ</span> <span class='ocrx_word' id='word_1_466' title='bbox 3091 2939 3184 2992; x_wconf 80' lang='grc' dir='ltr'>τοῦ</span> <span class='ocrx_word' id='word_1_467' title='bbox 3224 2938 3471 3009; x_wconf 83' lang='grc' dir='ltr'>ἐμπνεῖν,</span> <span class='ocrx_word' id='word_1_468' title='bbox 3507 2938 3654 3008; x_wconf 80' lang='lat' dir='ltr'><strong>quod</strong></span> 
     </span>
    </p>
   </div>
   <div class='ocr_carea' id='block_1_62' title="bbox 393 3029 1978 3130">
    <p class='ocr_par' dir='ltr' id='par_1_62' title="bbox 393 3030 1972 3103">
     <span class='ocr_line' id='line_1_62' title="bbox 393 3030 1972 3103; baseline -0.001 -16"><span class='ocrx_word' id='word_1_469' title='bbox 393 3030 817 3103; x_wconf 77' lang='grc' dir='ltr'>παραλαμϐάνει</span> <span class='ocrx_word' id='word_1_470' title='bbox 859 3031 936 3063; x_wconf 82' lang='grc'>⁸⁷·</span> <span class='ocrx_word' id='word_1_471' title='bbox 967 3030 1049 3083; x_wconf 78' lang='grc' dir='ltr'>διὸ</span> <span class='ocrx_word' id='word_1_472' title='bbox 1093 3033 1190 3084; x_wconf 72' lang='grc' dir='ltr'>καὶ</span> <span class='ocrx_word' id='word_1_473' title='bbox 1229 3030 1563 3102; x_wconf 88' lang='grc' dir='ltr'>συμμέτρως</span> <span class='ocrx_word' id='word_1_474' title='bbox 1592 3034 1712 3094; x_wconf 84' lang='grc' dir='ltr'>ταῖς</span> <span class='ocrx_word' id='word_1_475' title='bbox 1744 3033 1972 3096; x_wconf 76' lang='grc' dir='ltr'>οἰκείαις</span> 
     </span>
    </p>
   </div>
   <div class='ocr_carea' id='block_1_63' title="bbox 2073 3029 3656 3130">
    <p class='ocr_par' dir='ltr' id='par_1_63' title="bbox 2078 3029 3656 3103">
     <span class='ocr_line' id='line_1_63' title="bbox 2078 3029 3656 3103; baseline -0.001 -16"><span class='ocrx_word' id='word_1_476' title='bbox 2078 3035 2346 3103; x_wconf 86' lang='lat' dir='ltr'><strong>respirare</strong></span> <span class='ocrx_word' id='word_1_477' title='bbox 2380 3043 2480 3097; x_wconf 88' lang='lat' dir='ltr'><strong>est,</strong></span> <span class='ocrx_word' id='word_1_478' title='bbox 2524 3041 2886 3101; x_wconf 89' lang='lat' dir='ltr'><strong>nuncupatur.</strong></span> <span class='ocrx_word' id='word_1_479' title='bbox 2924 3029 3185 3101; x_wconf 88' lang='lat' dir='ltr'><strong>Corporis</strong></span> <span class='ocrx_word' id='word_1_480' title='bbox 3226 3043 3463 3099; x_wconf 89' lang='lat' dir='ltr'><strong>namque</strong></span> <span class='ocrx_word' id='word_1_481' title='bbox 3496 3029 3656 3099; x_wconf 87' lang='lat' dir='ltr'><strong>quasi</strong></span> 
     </span>
    </p>
   </div>
   <div class='ocr_carea' id='block_1_64' title="bbox 391 3120 1978 3196">
    <p class='ocr_par' dir='ltr' id='par_1_64' title="bbox 391 3121 1968 3193">
     <span class='ocr_line' id='line_1_64' title="bbox 391 3121 1968 3193; baseline 0.002 -20"><span class='ocrx_word' id='word_1_482' title='bbox 391 3121 589 3191; x_wconf 82' lang='grc' dir='ltr'>ἀρχαῖς</span> <span class='ocrx_word' id='word_1_483' title='bbox 617 3124 676 3175; x_wconf 85' lang='grc' dir='ltr'>ἐν</span> <span class='ocrx_word' id='word_1_484' title='bbox 713 3121 793 3192; x_wconf 86' lang='grc' dir='ltr'>τῷ</span> <span class='ocrx_word' id='word_1_485' title='bbox 835 3122 934 3192; x_wconf 90' lang='grc' dir='ltr'>τῆς</span> <span class='ocrx_word' id='word_1_486' title='bbox 967 3121 1186 3191; x_wconf 84' lang='grc' dir='ltr'>φύσεως</span> <span class='ocrx_word' id='word_1_487' title='bbox 1231 3121 1584 3193; x_wconf 75' lang='grc' dir='ltr'>ἐργαστηρίῳ</span> <span class='ocrx_word' id='word_1_488' title='bbox 1618 3137 1968 3192; x_wconf 86' lang='grc' dir='ltr'>περιυφαινο-</span> 
     </span>
    </p>
   </div>
   <div class='ocr_carea' id='block_1_65' title="bbox 2073 3120 3655 3196">
    <p class='ocr_par' dir='ltr' id='par_1_65' title="bbox 2078 3120 3655 3196">
     <span class='ocr_line' id='line_1_65' title="bbox 2078 3120 3655 3196; baseline -0.004 -16"><span class='ocrx_word' id='word_1_489' title='bbox 2078 3127 2317 3180; x_wconf 88' lang='lat' dir='ltr'><strong>medium</strong></span> <span class='ocrx_word' id='word_1_490' title='bbox 2343 3141 2450 3196; x_wconf 88' lang='lat' dir='ltr'>qua</span> <span class='ocrx_word' id='word_1_491' title='bbox 2482 3125 2598 3195; x_wconf 90' lang='lat' dir='ltr'><strong>ipse</strong></span> <span class='ocrx_word' id='word_1_492' title='bbox 2617 3125 2782 3180; x_wconf 85' lang='lat' dir='ltr'><strong>situm</strong></span> <span class='ocrx_word' id='word_1_493' title='bbox 2819 3125 3028 3179; x_wconf 89' lang='lat' dir='ltr'><strong>obtinet</strong></span> <span class='ocrx_word' id='word_1_494' title='bbox 3064 3121 3316 3177; x_wconf 88' lang='lat' dir='ltr'><strong>habetur.</strong></span> <span class='ocrx_word' id='word_1_495' title='bbox 3350 3120 3655 3192; x_wconf 77' lang='lat' dir='ltr'><strong>Siquidem,</strong></span> 
     </span>
    </p>
   </div>
   <div class='ocr_carea' id='block_1_66' title="bbox 395 3212 1978 3287">
    <p class='ocr_par' dir='ltr' id='par_1_66' title="bbox 395 3212 1896 3285">
     <span class='ocr_line' id='line_1_66' title="bbox 395 3212 1896 3285; baseline 0.004 -20"><span class='ocrx_word' id='word_1_496' title='bbox 395 3213 556 3284; x_wconf 81' lang='grc' dir='ltr'>μένου</span> <span class='ocrx_word' id='word_1_497' title='bbox 581 3213 676 3268; x_wconf 80' lang='grc' dir='ltr'>τοῦ</span> <span class='ocrx_word' id='word_1_498' title='bbox 704 3212 956 3285; x_wconf 83' lang='grc' dir='ltr'>σώματος</span> <span class='ocrx_word' id='word_1_499' title='bbox 978 3213 1339 3282; x_wconf 79' lang='grc' dir='ltr'>ἀπαρτίζεται</span> <span class='ocrx_word' id='word_1_500' title='bbox 1373 3212 1518 3268; x_wconf 88' lang='grc' dir='ltr'>κατά</span> <span class='ocrx_word' id='word_1_501' title='bbox 1552 3212 1800 3267; x_wconf 89' lang='grc' dir='ltr'>σύνθεσιν</span> <span class='ocrx_word' id='word_1_502' title='bbox 1832 3214 1896 3271; x_wconf 68' lang='grc'>’⁸.</span> 
     </span>
    </p>
   </div>
   <div class='ocr_carea' id='block_1_67' title="bbox 2073 3212 3655 3287">
    <p class='ocr_par' dir='ltr' id='par_1_67' title="bbox 2080 3213 3655 3287">
     <span class='ocr_line' id='line_1_67' title="bbox 2080 3213 3655 3287; baseline -0.003 -17"><span class='ocrx_word' id='word_1_503' title='bbox 2080 3216 2136 3271; x_wconf 94' lang='lat' dir='ltr'><strong>in</strong></span> <span class='ocrx_word' id='word_1_504' title='bbox 2163 3216 2327 3287; x_wconf 87' lang='lat' dir='ltr'><strong>hujus</strong></span> <span class='ocrx_word' id='word_1_505' title='bbox 2357 3215 2608 3270; x_wconf 87' lang='lat' dir='ltr'><strong>animalis</strong></span> <span class='ocrx_word' id='word_1_506' title='bbox 2641 3223 2766 3270; x_wconf 92' lang='lat' dir='ltr'><strong>ortu</strong></span> <span class='ocrx_word' id='word_1_507' title='bbox 2817 3217 3134 3270; x_wconf 87' lang='lat' dir='ltr'><strong>membrana</strong></span> <span class='ocrx_word' id='word_1_508' title='bbox 3157 3213 3371 3269; x_wconf 89' lang='lat' dir='ltr'><strong>subtilis</strong></span> <span class='ocrx_word' id='word_1_509' title='bbox 3409 3213 3655 3281; x_wconf 67' lang='lat' dir='ltr'><strong>quaedam</strong></span> 
     </span>
    </p>
   </div>
   <div class='ocr_carea' id='block_1_68' title="bbox 401 3303 1978 3378">
    <p class='ocr_par' dir='ltr' id='par_1_68' title="bbox 401 3303 1978 3376">
     <span class='ocr_line' id='line_1_68' title="bbox 401 3303 1978 3376; baseline 0.003 -19"><span class='ocrx_word' id='word_1_510' title='bbox 401 3303 640 3374; x_wconf 89' lang='lat' dir='ltr'><strong>primum</strong></span> <span class='ocrx_word' id='word_1_511' title='bbox 687 3304 1012 3371; x_wconf 90' lang='lat' dir='ltr'><strong>concrescit,</strong></span> <span class='ocrx_word' id='word_1_512' title='bbox 1043 3321 1163 3376; x_wconf 68' lang='lat' dir='ltr'><strong>qua:</strong></span> <span class='ocrx_word' id='word_1_513' title='bbox 1196 3304 1265 3358; x_wconf 88' lang='lat' dir='ltr'>ab</span> <span class='ocrx_word' id='word_1_514' title='bbox 1303 3305 1410 3360; x_wconf 81' lang='lat' dir='ltr'><strong>illis</strong></span> <span class='ocrx_word' id='word_1_515' title='bbox 1442 3303 1661 3376; x_wconf 83' lang='grc' dir='ltr'>χὼριον,</span> <span class='ocrx_word' id='word_1_516' title='bbox 1725 3306 1872 3376; x_wconf 91' lang='lat' dir='ltr'><strong>quod</strong></span> <span class='ocrx_word' id='word_1_517' title='bbox 1901 3321 1978 3362; x_wconf 74' lang='lat' dir='ltr'>set</span> 
     </span>
    </p>
   </div>
   <div class='ocr_carea' id='block_1_69' title="bbox 2073 3303 3662 3378">
    <p class='ocr_par' dir='ltr' id='par_1_69' title="bbox 2074 3304 3662 3378">
     <span class='ocr_line' id='line_1_69' title="bbox 2074 3304 3662 3378; baseline -0.003 -16"><span class='ocrx_word' id='word_1_518' title='bbox 2074 3308 2196 3362; x_wconf 91' lang='lat' dir='ltr'>dam</span> <span class='ocrx_word' id='word_1_519' title='bbox 2250 3307 2636 3363; x_wconf 89' lang='lat' dir='ltr'><strong>denominares</strong></span> <span class='ocrx_word' id='word_1_520' title='bbox 2695 3307 2804 3360; x_wconf 84' lang='grc' dir='ltr'>ἀπὸ</span> <span class='ocrx_word' id='word_1_521' title='bbox 2869 3304 2965 3360; x_wconf 85' lang='grc' dir='ltr'>τοῦ</span> <span class='ocrx_word' id='word_1_522' title='bbox 2993 3305 3162 3378; x_wconf 84' lang='grc' dir='ltr'>χορῶ,</span> <span class='ocrx_word' id='word_1_523' title='bbox 3195 3305 3342 3375; x_wconf 91' lang='lat' dir='ltr'><strong>quod</strong></span> <span class='ocrx_word' id='word_1_524' title='bbox 3404 3304 3662 3360; x_wconf 89' lang='lat' dir='ltr'><strong>contineo</strong></span> 
     </span>
    </p>
   </div>
   <div class='ocr_carea' id='block_1_70' title="bbox 393 3392 3664 3468">
    <p class='ocr_par' dir='ltr' id='par_1_70' title="bbox 393 3392 3664 3468">
     <span class='ocr_line' id='line_1_70' title="bbox 393 3392 3664 3468; baseline -0.001 -20"><span class='ocrx_word' id='word_1_525' title='bbox 393 3394 624 3459; x_wconf 90' lang='lat' dir='ltr'><strong>diceres,</strong></span> <span class='ocrx_word' id='word_1_526' title='bbox 665 3410 790 3451; x_wconf 87' lang='lat' dir='ltr'>cum</span> <span class='ocrx_word' id='word_1_527' title='bbox 825 3393 968 3450; x_wconf 86' lang='lat' dir='ltr'><strong>fetus</strong></span> <span class='ocrx_word' id='word_1_528' title='bbox 1015 3395 1084 3450; x_wconf 89' lang='lat' dir='ltr'>ab</span> <span class='ocrx_word' id='word_1_529' title='bbox 1125 3396 1242 3466; x_wconf 90' lang='lat' dir='ltr'><strong>ipsa</strong></span> <span class='ocrx_word' id='word_1_530' title='bbox 1288 3396 1650 3462; x_wconf 88' lang='lat' dir='ltr'><strong>contineatur,</strong></span> <span class='ocrx_word' id='word_1_531' title='bbox 1686 3396 1799 3451; x_wconf 83' lang='lat' dir='ltr'><strong>sive</strong></span> <span class='ocrx_word' id='word_1_532' title='bbox 1831 3398 1975 3468; x_wconf 91' lang='lat' dir='ltr'><strong>quod</strong></span> <span class='ocrx_word' id='word_1_533' title='bbox 2008 3398 2160 3453; x_wconf 90' lang='lat' dir='ltr'><strong>locus</strong></span> <span class='ocrx_word' id='word_1_534' title='bbox 2181 3397 2307 3467; x_wconf 83' lang='lat' dir='ltr'><strong>ejus</strong></span> <span class='ocrx_word' id='word_1_535' title='bbox 2332 3398 2421 3464; x_wconf 88' lang='lat' dir='ltr'><strong>sit,</strong></span> <span class='ocrx_word' id='word_1_536' title='bbox 2453 3399 2547 3468; x_wconf 88' lang='lat' dir='ltr'>qui</span> <span class='ocrx_word' id='word_1_537' title='bbox 2591 3399 2660 3452; x_wconf 87' lang='lat' dir='ltr'>ab</span> <span class='ocrx_word' id='word_1_538' title='bbox 2711 3397 2816 3451; x_wconf 87' lang='lat' dir='ltr'><strong>illis</strong></span> <span class='ocrx_word' id='word_1_539' title='bbox 2844 3397 3042 3468; x_wconf 85' lang='grc' dir='ltr'>χώριον</span> <span class='ocrx_word' id='word_1_540' title='bbox 3113 3402 3484 3464; x_wconf 85' lang='lat' dir='ltr'><strong>nuncupatur,</strong></span> <span class='ocrx_word' id='word_1_541' title='bbox 3512 3392 3593 3446; x_wconf 89' lang='lat' dir='ltr'>vel</span> <span class='ocrx_word' id='word_1_542' title='bbox 3626 3407 3664 3446; x_wconf 65' lang='grc' dir='ltr'>αα</span> 
     </span>
    </p>
   </div>
   <div class='ocr_carea' id='block_1_71' title="bbox 394 3487 3660 3561">
    <p class='ocr_par' dir='ltr' id='par_1_71' title="bbox 394 3487 3660 3561">
     <span class='ocr_line' id='line_1_71' title="bbox 394 3487 3660 3561; baseline -0.002 -19"><span class='ocrx_word' id='word_1_543' title='bbox 394 3487 680 3561; x_wconf 87' lang='grc' dir='ltr'>χορηγέω,</span> <span class='ocrx_word' id='word_1_544' title='bbox 738 3488 885 3558; x_wconf 87' lang='lat' dir='ltr'><strong>quod</strong></span> <span class='ocrx_word' id='word_1_545' title='bbox 941 3488 1229 3557; x_wconf 73' lang='lat' dir='ltr'><strong>impertiar,</strong></span> <span class='ocrx_word' id='word_1_546' title='bbox 1259 3488 1489 3554; x_wconf 89' lang='lat' dir='ltr'><strong>diceres,</strong></span> <span class='ocrx_word' id='word_1_547' title='bbox 1554 3489 1682 3558; x_wconf 89' lang='lat' dir='ltr'><strong>quia</strong></span> <span class='ocrx_word' id='word_1_548' title='bbox 1722 3488 1854 3544; x_wconf 90' lang='lat' dir='ltr'><strong>fetui</strong></span> <span class='ocrx_word' id='word_1_549' title='bbox 1903 3491 1972 3545; x_wconf 91' lang='lat' dir='ltr'>ab</span> <span class='ocrx_word' id='word_1_550' title='bbox 2036 3491 2153 3560; x_wconf 89' lang='lat' dir='ltr'><strong>ipsa</strong></span> <span class='ocrx_word' id='word_1_551' title='bbox 2195 3491 2511 3545; x_wconf 89' lang='lat' dir='ltr'><strong>alimentum</strong></span> <span class='ocrx_word' id='word_1_552' title='bbox 2575 3490 2940 3560; x_wconf 85' lang='lat' dir='ltr'><strong>impertiatur.</strong></span> <span class='ocrx_word' id='word_1_553' title='bbox 2977 3488 3182 3542; x_wconf 89' lang='lat' dir='ltr'><strong>Dehinc</strong></span> <span class='ocrx_word' id='word_1_554' title='bbox 3213 3502 3336 3551; x_wconf 91' lang='lat' dir='ltr'><strong>cor,</strong></span> <span class='ocrx_word' id='word_1_555' title='bbox 3369 3487 3515 3556; x_wconf 87' lang='lat' dir='ltr'><strong>quod</strong></span> <span class='ocrx_word' id='word_1_556' title='bbox 3541 3502 3660 3539; x_wconf 76' lang='lat' dir='ltr'><strong>om.-</strong></span> 
     </span>
    </p>
   </div>
   <div class='ocr_carea' id='block_1_72' title="bbox 395 3577 3659 3650">
    <p class='ocr_par' dir='ltr' id='par_1_72' title="bbox 395 3577 3659 3650">
     <span class='ocr_line' id='line_1_72' title="bbox 395 3577 3659 3650; baseline -0 -18"><span class='ocrx_word' id='word_1_557' title='bbox 395 3579 557 3634; x_wconf 82' lang='lat' dir='ltr'><strong>nibus</strong></span> <span class='ocrx_word' id='word_1_558' title='bbox 577 3577 840 3633; x_wconf 88' lang='lat' dir='ltr'><strong>membris</strong></span> <span class='ocrx_word' id='word_1_559' title='bbox 863 3579 1215 3648; x_wconf 91' lang='lat' dir='ltr'><strong>proportione</strong></span> <span class='ocrx_word' id='word_1_560' title='bbox 1237 3579 1549 3649; x_wconf 87' lang='lat' dir='ltr'><strong>respondet,</strong></span> <span class='ocrx_word' id='word_1_561' title='bbox 1569 3594 1692 3633; x_wconf 90' lang='lat' dir='ltr'>eum</span> <span class='ocrx_word' id='word_1_562' title='bbox 1720 3593 1751 3634; x_wconf 84' lang='lat' dir='ltr'>a</span> <span class='ocrx_word' id='word_1_563' title='bbox 1778 3589 1970 3634; x_wconf 90' lang='lat' dir='ltr'><strong>natura</strong></span> <span class='ocrx_word' id='word_1_564' title='bbox 2007 3582 2245 3650; x_wconf 91' lang='lat' dir='ltr'><strong>primum</strong></span> <span class='ocrx_word' id='word_1_565' title='bbox 2316 3580 2706 3645; x_wconf 85' lang='lat' dir='ltr'><strong>constituatur,</strong></span> <span class='ocrx_word' id='word_1_566' title='bbox 2736 3588 2905 3634; x_wconf 90' lang='lat' dir='ltr'><strong>totam</strong></span> <span class='ocrx_word' id='word_1_567' title='bbox 2982 3587 3190 3632; x_wconf 75' lang='lat' dir='ltr'><strong>natura:</strong></span> <span class='ocrx_word' id='word_1_568' title='bbox 3232 3577 3406 3646; x_wconf 87' lang='lat' dir='ltr'><strong>ipsius</strong></span> <span class='ocrx_word' id='word_1_569' title='bbox 3448 3578 3659 3632; x_wconf 88' lang='lat' dir='ltr'><strong>consti-</strong></span> 
     </span>
    </p>
   </div>
   <div class='ocr_carea' id='block_1_73' title="bbox 395 3668 3661 3741">
    <p class='ocr_par' dir='ltr' id='par_1_73' title="bbox 395 3668 3661 3741">
     <span class='ocr_line' id='line_1_73' title="bbox 395 3668 3661 3741; baseline 0.001 -18"><span class='ocrx_word' id='word_1_570' title='bbox 395 3669 658 3725; x_wconf 90' lang='lat' dir='ltr'><strong>tutionem</strong></span> <span class='ocrx_word' id='word_1_571' title='bbox 691 3669 940 3739; x_wconf 88' lang='lat' dir='ltr'><strong>suscipit.</strong></span> <span class='ocrx_word' id='word_1_572' title='bbox 977 3669 1345 3735; x_wconf 84' lang='lat' dir='ltr'><strong>Quamobrem</strong></span> <span class='ocrx_word' id='word_1_573' title='bbox 1373 3709 1390 3734; x_wconf 95' lang='lat'>,</span> <span class='ocrx_word' id='word_1_574' title='bbox 1421 3672 1476 3725; x_wconf 92' lang='lat' dir='ltr'>in</span> <span class='ocrx_word' id='word_1_575' title='bbox 1508 3679 1719 3724; x_wconf 69' lang='lat' dir='ltr'><strong>naturae</strong></span> <span class='ocrx_word' id='word_1_576' title='bbox 1763 3669 1977 3725; x_wconf 86' lang='lat' dir='ltr'><strong>olIicina</strong></span> <span class='ocrx_word' id='word_1_577' title='bbox 2001 3712 2016 3736; x_wconf 94' lang='lat'>,</span> <span class='ocrx_word' id='word_1_578' title='bbox 2056 3671 2124 3725; x_wconf 83' lang='lat' dir='ltr'>ad</span> <span class='ocrx_word' id='word_1_579' title='bbox 2162 3671 2411 3741; x_wconf 89' lang='lat' dir='ltr'><strong>corporis</strong></span> <span class='ocrx_word' id='word_1_580' title='bbox 2458 3680 2767 3727; x_wconf 87' lang='lat' dir='ltr'><strong>contextum</strong></span> <span class='ocrx_word' id='word_1_581' title='bbox 2823 3670 3190 3740; x_wconf 82' lang='lat' dir='ltr'><strong>peragendum</strong></span> <span class='ocrx_word' id='word_1_582' title='bbox 3238 3668 3661 3738; x_wconf 81' lang='lat' dir='ltr'><strong>compositionis</strong></span> 
     </span>
    </p>
   </div>
   <div class='ocr_carea' id='block_1_74' title="bbox 400 3759 1830 3832">
    <p class='ocr_par' dir='ltr' id='par_1_74' title="bbox 400 3759 1830 3832">
     <span class='ocr_line' id='line_1_74' title="bbox 400 3759 1830 3832; baseline 0 -18"><span class='ocrx_word' id='word_1_583' title='bbox 400 3760 611 3825; x_wconf 86' lang='lat' dir='ltr'><strong>ordine,</strong></span> <span class='ocrx_word' id='word_1_584' title='bbox 636 3761 914 3816; x_wconf 89' lang='lat' dir='ltr'><strong>moderate</strong></span> <span class='ocrx_word' id='word_1_585' title='bbox 944 3761 1180 3832; x_wconf 88' lang='lat' dir='ltr'><strong>pr0priis</strong></span> <span class='ocrx_word' id='word_1_586' title='bbox 1212 3761 1497 3831; x_wconf 90' lang='lat' dir='ltr'><strong>principiis</strong></span> <span class='ocrx_word' id='word_1_587' title='bbox 1532 3759 1830 3830; x_wconf 76' lang='lat' dir='ltr'><strong>perficitur.</strong></span> 
     </span>
    </p>
   </div>
   <div class='ocr_carea' id='block_1_75' title="bbox 398 3850 1968 3924">
    <p class='ocr_par' dir='ltr' id='par_1_75' title="bbox 398 3850 1968 3924">
     <span class='ocr_line' id='line_1_75' title="bbox 398 3850 1968 3924; baseline 0.001 -20"><span class='ocrx_word' id='word_1_588' title='bbox 398 3876 402 3880; x_wconf 83' lang='lat'><strong><em>-</em></strong></span> <span class='ocrx_word' id='word_1_589' title='bbox 481 3850 907 3921; x_wconf 82' lang='grc' dir='ltr'>Ἐσχημάτισται</span> <span class='ocrx_word' id='word_1_590' title='bbox 938 3853 997 3906; x_wconf 84' lang='grc' dir='ltr'>δὲ</span> <span class='ocrx_word' id='word_1_591' title='bbox 1030 3856 1088 3907; x_wconf 82' lang='grc' dir='ltr'>ἐν</span> <span class='ocrx_word' id='word_1_592' title='bbox 1118 3858 1185 3924; x_wconf 84' lang='grc' dir='ltr'>τῇ</span> <span class='ocrx_word' id='word_1_593' title='bbox 1225 3855 1408 3924; x_wconf 82' lang='grc' dir='ltr'>μήτρᾳ</span> <span class='ocrx_word' id='word_1_594' title='bbox 1442 3853 1508 3906; x_wconf 84' lang='grc' dir='ltr'>τὰ</span> <span class='ocrx_word' id='word_1_595' title='bbox 1537 3853 1639 3922; x_wconf 81' lang='grc' dir='ltr'>μὲν</span> <span class='ocrx_word' id='word_1_596' title='bbox 1659 3853 1968 3922; x_wconf 84' lang='grc' dir='ltr'>τετράποδα</span> 
     </span>
    </p>
   </div>
   <div class='ocr_carea' id='block_1_76' title="bbox 397 3940 1970 4014">
    <p class='ocr_par' dir='ltr' id='par_1_76' title="bbox 397 3940 1970 4014">
     <span class='ocr_line' id='line_1_76' title="bbox 397 3940 1970 4014; baseline 0 -19"><span class='ocrx_word' id='word_1_597' title='bbox 397 3943 508 3995; x_wconf 85' lang='grc' dir='ltr'>τῶν</span> <span class='ocrx_word' id='word_1_598' title='bbox 535 3940 690 4005; x_wconf 81' lang='grc' dir='ltr'>ζώων</span> <span class='ocrx_word' id='word_1_599' title='bbox 721 3943 1056 4014; x_wconf 79' lang='grc' dir='ltr'>ἐκτεταμένοι</span> <span class='ocrx_word' id='word_1_600' title='bbox 1090 3947 1133 3977; x_wconf 84' lang='grc'>¹⁹</span> <span class='ocrx_word' id='word_1_601' title='bbox 1168 3943 1385 3997; x_wconf 88' lang='grc' dir='ltr'>κεῖσθαι</span> <span class='ocrx_word' id='word_1_602' title='bbox 1407 3960 1420 3974; x_wconf 86' lang='grc'><strong>·</strong></span> <span class='ocrx_word' id='word_1_603' title='bbox 1458 3946 1485 3995; x_wconf 89' lang='grc' dir='ltr'>ό</span> <span class='ocrx_word' id='word_1_604' title='bbox 1508 3943 1565 3996; x_wconf 89' lang='grc' dir='ltr'>δέ</span> <span class='ocrx_word' id='word_1_605' title='bbox 1598 3944 1886 4013; x_wconf 83' lang='grc' dir='ltr'>ἄνθρωπος</span> <span class='ocrx_word' id='word_1_606' title='bbox 1921 3945 1970 3975; x_wconf 76' lang='grc' dir='ltr'>’θ</span> 
     </span>
    </p>
   </div>
   <div class='ocr_carea' id='block_1_77' title="bbox 2149 3851 3664 3924">
    <p class='ocr_par' dir='ltr' id='par_1_77' title="bbox 2149 3851 3664 3924">
     <span class='ocr_line' id='line_1_77' title="bbox 2149 3851 3664 3924; baseline 0 -15"><span class='ocrx_word' id='word_1_607' title='bbox 2149 3853 2572 3924; x_wconf 86' lang='lat' dir='ltr'><strong>Quadrupedum</strong></span> <span class='ocrx_word' id='word_1_608' title='bbox 2625 3861 2805 3908; x_wconf 88' lang='lat' dir='ltr'><strong>autem</strong></span> <span class='ocrx_word' id='word_1_609' title='bbox 2851 3851 3168 3906; x_wconf 89' lang='lat' dir='ltr'><strong>animalium</strong></span> <span class='ocrx_word' id='word_1_610' title='bbox 3212 3864 3406 3920; x_wconf 83' lang='lat' dir='ltr'><strong>genus,</strong></span> <span class='ocrx_word' id='word_1_611' title='bbox 3435 3851 3485 3906; x_wconf 92' lang='lat' dir='ltr'>in</span> <span class='ocrx_word' id='word_1_612' title='bbox 3505 3854 3664 3909; x_wconf 80' lang='lat' dir='ltr'><strong>vulva</strong></span> 
     </span>
    </p>
   </div>
   <div class='ocr_carea' id='block_1_78' title="bbox 2077 3943 3663 4016">
    <p class='ocr_par' dir='ltr' id='par_1_78' title="bbox 2077 3943 3663 4016">
     <span class='ocr_line' id='line_1_78' title="bbox 2077 3943 3663 4016; baseline 0 -16"><span class='ocrx_word' id='word_1_613' title='bbox 2077 3954 2386 4016; x_wconf 91' lang='lat' dir='ltr'><strong>porrectum</strong></span> <span class='ocrx_word' id='word_1_614' title='bbox 2410 3945 2709 3999; x_wconf 88' lang='lat' dir='ltr'><strong>consistere</strong></span> <span class='ocrx_word' id='word_1_615' title='bbox 2726 3945 3019 4013; x_wconf 80' lang='lat' dir='ltr'><strong>figuratur;</strong></span> <span class='ocrx_word' id='word_1_616' title='bbox 3045 3943 3210 3996; x_wconf 89' lang='lat' dir='ltr'><strong>homo</strong></span> <span class='ocrx_word' id='word_1_617' title='bbox 3221 3958 3348 3997; x_wconf 91' lang='lat' dir='ltr'><strong>vero</strong></span> <span class='ocrx_word' id='word_1_618' title='bbox 3365 3959 3556 4000; x_wconf 85' lang='lat' dir='ltr'><strong>nasum</strong></span> <span class='ocrx_word' id='word_1_619' title='bbox 3580 3947 3663 4000; x_wconf 85' lang='lat' dir='ltr'><strong>in-</strong></span> 
     </span>
    </p>
   </div>
   <div class='ocr_carea' id='block_1_79' title="bbox 397 4034 1970 4106">
    <p class='ocr_par' dir='ltr' id='par_1_79' title="bbox 397 4034 1970 4106">
     <span class='ocr_line' id='line_1_79' title="bbox 397 4034 1970 4106; baseline -0.001 -18"><span class='ocrx_word' id='word_1_620' title='bbox 397 4035 498 4106; x_wconf 86' lang='grc' dir='ltr'>τὴν</span> <span class='ocrx_word' id='word_1_621' title='bbox 547 4035 645 4105; x_wconf 87' lang='grc' dir='ltr'>μὲν</span> <span class='ocrx_word' id='word_1_622' title='bbox 676 4037 796 4106; x_wconf 84' lang='grc' dir='ltr'>ρῖνα</span> <span class='ocrx_word' id='word_1_623' title='bbox 847 4037 1012 4106; x_wconf 88' lang='grc' dir='ltr'>μέσον</span> <span class='ocrx_word' id='word_1_624' title='bbox 1054 4035 1163 4090; x_wconf 83' lang='grc' dir='ltr'>τῶν</span> <span class='ocrx_word' id='word_1_625' title='bbox 1197 4036 1442 4103; x_wconf 82' lang='grc' dir='ltr'>γονάτων</span> <span class='ocrx_word' id='word_1_626' title='bbox 1482 4034 1626 4104; x_wconf 73' lang='grc' dir='ltr'>ἔχειν</span> <span class='ocrx_word' id='word_1_627' title='bbox 1653 4037 1715 4098; x_wconf 70' lang='grc' dir='ltr'>η,</span> <span class='ocrx_word' id='word_1_628' title='bbox 1761 4036 1888 4097; x_wconf 75' lang='grc' dir='ltr'>τοὺς</span> <span class='ocrx_word' id='word_1_629' title='bbox 1915 4035 1970 4087; x_wconf 81' lang='grc' dir='ltr'>δὲ</span> 
     </span>
    </p>
   </div>
   <div class='ocr_carea' id='block_1_80' title="bbox 396 4121 1972 4196">
    <p class='ocr_par' dir='ltr' id='par_1_80' title="bbox 396 4121 1972 4196">
     <span class='ocr_line' id='line_1_80' title="bbox 396 4121 1972 4196; baseline -0.003 -16"><span class='ocrx_word' id='word_1_630' title='bbox 396 4125 714 4196; x_wconf 80' lang='grc' dir='ltr'>ὀφθαλμοὺς</span> <span class='ocrx_word' id='word_1_631' title='bbox 747 4126 842 4178; x_wconf 74' lang='grc' dir='ltr'>ἐπὶ</span> <span class='ocrx_word' id='word_1_632' title='bbox 875 4128 988 4190; x_wconf 81' lang='grc' dir='ltr'>τοῖς</span> <span class='ocrx_word' id='word_1_633' title='bbox 1021 4127 1247 4196; x_wconf 77' lang='grc' dir='ltr'>γόνασιο</span> <span class='ocrx_word' id='word_1_634' title='bbox 1294 4126 1360 4178; x_wconf 74' lang='grc' dir='ltr'>τά</span> <span class='ocrx_word' id='word_1_635' title='bbox 1387 4125 1443 4178; x_wconf 84' lang='grc' dir='ltr'>δὲ</span> <span class='ocrx_word' id='word_1_636' title='bbox 1493 4121 1607 4178; x_wconf 80' lang='grc' dir='ltr'>ὦτα</span> <span class='ocrx_word' id='word_1_637' title='bbox 1639 4125 1818 4184; x_wconf 75' lang='grc' dir='ltr'>ἐκτός.</span> <span class='ocrx_word' id='word_1_638' title='bbox 1858 4126 1972 4178; x_wconf 77' lang='grc' dir='ltr'>Καὶ</span> 
     </span>
    </p>
   </div>
   <div class='ocr_carea' id='block_1_81' title="bbox 398 4213 1971 4289">
    <p class='ocr_par' dir='ltr' id='par_1_81' title="bbox 398 4213 1971 4289">
     <span class='ocr_line' id='line_1_81' title="bbox 398 4213 1971 4289; baseline -0.003 -18"><span class='ocrx_word' id='word_1_639' title='bbox 398 4219 526 4271; x_wconf 83' lang='grc' dir='ltr'>ὅταν</span> <span class='ocrx_word' id='word_1_640' title='bbox 571 4217 664 4269; x_wconf 85' lang='grc' dir='ltr'>τὸν</span> <span class='ocrx_word' id='word_1_641' title='bbox 711 4218 1048 4288; x_wconf 82' lang='grc' dir='ltr'>τεταγμένον</span> <span class='ocrx_word' id='word_1_642' title='bbox 1093 4219 1197 4289; x_wconf 81' lang='grc' dir='ltr'>τῆς</span> <span class='ocrx_word' id='word_1_643' title='bbox 1239 4219 1492 4286; x_wconf 73' lang='grc' dir='ltr'>κυήσεως</span> <span class='ocrx_word' id='word_1_644' title='bbox 1530 4217 1576 4246; x_wconf 73' lang='grc'>³³</span> <span class='ocrx_word' id='word_1_645' title='bbox 1629 4213 1971 4287; x_wconf 79' lang='grc' dir='ltr'>ἐκπληρώσῃ</span> 
     </span>
    </p>
   </div>
   <div class='ocr_carea' id='block_1_82' title="bbox 2078 4033 3660 4108">
    <p class='ocr_par' dir='ltr' id='par_1_82' title="bbox 2078 4033 3660 4108">
     <span class='ocr_line' id='line_1_82' title="bbox 2078 4033 3660 4108; baseline -0.001 -16"><span class='ocrx_word' id='word_1_646' title='bbox 2078 4047 2160 4093; x_wconf 91' lang='lat' dir='ltr'>ter</span> <span class='ocrx_word' id='word_1_647' title='bbox 2181 4051 2356 4108; x_wconf 81' lang='lat' dir='ltr'><strong>genua</strong></span> <span class='ocrx_word' id='word_1_648' title='bbox 2393 4036 2628 4091; x_wconf 92' lang='lat' dir='ltr'><strong>medium</strong></span> <span class='ocrx_word' id='word_1_649' title='bbox 2653 4034 2956 4100; x_wconf 89' lang='lat' dir='ltr'><strong>continens,</strong></span> <span class='ocrx_word' id='word_1_650' title='bbox 2981 4033 3157 4089; x_wconf 90' lang='lat' dir='ltr'><strong>oculis</strong></span> <span class='ocrx_word' id='word_1_651' title='bbox 3178 4034 3407 4106; x_wconf 79' lang='lat' dir='ltr'><strong>genibus</strong></span> <span class='ocrx_word' id='word_1_652' title='bbox 3438 4036 3660 4099; x_wconf 84' lang='lat' dir='ltr'><strong>innixis,</strong></span> 
     </span>
    </p>
   </div>
   <div class='ocr_carea' id='block_1_83' title="bbox 2079 4124 3660 4196">
    <p class='ocr_par' dir='ltr' id='par_1_83' title="bbox 2079 4124 3660 4196">
     <span class='ocr_line' id='line_1_83' title="bbox 2079 4124 3660 4196; baseline -0.003 -10"><span class='ocrx_word' id='word_1_653' title='bbox 2079 4145 2240 4186; x_wconf 90' lang='lat' dir='ltr'><strong>aures</strong></span> <span class='ocrx_word' id='word_1_654' title='bbox 2270 4128 2608 4184; x_wconf 84' lang='lat' dir='ltr'><strong>extrinsecus</strong></span> <span class='ocrx_word' id='word_1_655' title='bbox 2639 4127 2855 4182; x_wconf 87' lang='lat' dir='ltr'><strong>retinet.</strong></span> <span class='ocrx_word' id='word_1_656' title='bbox 2885 4125 2953 4180; x_wconf 89' lang='lat' dir='ltr'>Et</span> <span class='ocrx_word' id='word_1_657' title='bbox 2977 4124 3170 4196; x_wconf 69' lang='lat' dir='ltr'><strong>scum</strong></span> <span class='ocrx_word' id='word_1_658' title='bbox 3202 4127 3317 4195; x_wconf 89' lang='lat' dir='ltr'>jam</span> <span class='ocrx_word' id='word_1_659' title='bbox 3354 4126 3660 4196; x_wconf 81' lang='lat' dir='ltr'><strong>legitimum</strong></span> 
     </span>
    </p>
   </div>
   <div class='ocr_carea' id='block_1_84' title="bbox 2079 4216 3666 4289">
    <p class='ocr_par' dir='ltr' id='par_1_84' title="bbox 2079 4216 3666 4289">
     <span class='ocr_line' id='line_1_84' title="bbox 2079 4216 3666 4289; baseline -0.002 -16"><span class='ocrx_word' id='word_1_660' title='bbox 2079 4219 2267 4273; x_wconf 90' lang='lat' dir='ltr'><strong>edendi</strong></span> <span class='ocrx_word' id='word_1_661' title='bbox 2295 4229 2482 4289; x_wconf 88' lang='lat' dir='ltr'><strong>partus</strong></span> <span class='ocrx_word' id='word_1_662' title='bbox 2507 4229 2719 4287; x_wconf 89' lang='lat' dir='ltr'><strong>tempus</strong></span> <span class='ocrx_word' id='word_1_663' title='bbox 2745 4216 3073 4286; x_wconf 88' lang='lat' dir='ltr'><strong>c0mpletum</strong></span> <span class='ocrx_word' id='word_1_664' title='bbox 3099 4216 3484 4282; x_wconf 89' lang='lat' dir='ltr'><strong>fuerit,venter</strong></span> <span class='ocrx_word' id='word_1_665' title='bbox 3503 4218 3556 4272; x_wconf 92' lang='lat' dir='ltr'><strong>in</strong></span> <span class='ocrx_word' id='word_1_666' title='bbox 3576 4228 3666 4272; x_wconf 85' lang='lat' dir='ltr'><strong>tn-</strong></span> 
     </span>
    </p>
   </div>
   <div class='ocr_carea' id='block_1_85' title="bbox 398 4307 1978 4393">
    <p class='ocr_par' dir='ltr' id='par_1_85' title="bbox 398 4310 1975 4384">
     <span class='ocr_line' id='line_1_85' title="bbox 398 4310 1975 4384; baseline -0.003 -19"><span class='ocrx_word' id='word_1_667' title='bbox 398 4313 612 4384; x_wconf 89' lang='grc' dir='ltr'>χρόνον,</span> <span class='ocrx_word' id='word_1_668' title='bbox 649 4312 787 4382; x_wconf 76' lang='grc' dir='ltr'>πρὸς</span> <span class='ocrx_word' id='word_1_669' title='bbox 815 4313 979 4379; x_wconf 78' lang='grc' dir='ltr'>ὄγκον</span> <span class='ocrx_word' id='word_1_670' title='bbox 1006 4315 1037 4382; x_wconf 86' lang='grc' dir='ltr'>ἡ</span> <span class='ocrx_word' id='word_1_671' title='bbox 1070 4313 1288 4382; x_wconf 84' lang='grc' dir='ltr'>γαστὴρ</span> <span class='ocrx_word' id='word_1_672' title='bbox 1320 4311 1707 4380; x_wconf 85' lang='grc' dir='ltr'>διεγειρομένη</span> <span class='ocrx_word' id='word_1_673' title='bbox 1740 4310 1874 4363; x_wconf 81' lang='grc' dir='ltr'>ὠθεῖ</span> <span class='ocrx_word' id='word_1_674' title='bbox 1913 4311 1975 4362; x_wconf 83' lang='grc' dir='ltr'>τὸ</span> 
     </span>
    </p>
   </div>
   <div class='ocr_carea' id='block_1_86' title="bbox 2073 4307 3668 4393">
    <p class='ocr_par' dir='ltr' id='par_1_86' title="bbox 2082 4307 3668 4376">
     <span class='ocr_line' id='line_1_86' title="bbox 2082 4307 3668 4376; baseline -0.002 -13"><span class='ocrx_word' id='word_1_675' title='bbox 2082 4325 2291 4364; x_wconf 92' lang='lat' dir='ltr'><strong>morem</strong></span> <span class='ocrx_word' id='word_1_676' title='bbox 2337 4321 2570 4374; x_wconf 90' lang='lat' dir='ltr'><strong>erectus,</strong></span> <span class='ocrx_word' id='word_1_677' title='bbox 2584 4307 2752 4363; x_wconf 88' lang='lat' dir='ltr'><strong>fetum</strong></span> <span class='ocrx_word' id='word_1_678' title='bbox 2776 4308 2842 4362; x_wconf 91' lang='lat' dir='ltr'>ad</span> <span class='ocrx_word' id='word_1_679' title='bbox 2860 4307 3128 4362; x_wconf 83' lang='lat' dir='ltr'><strong>exteriora</strong></span> <span class='ocrx_word' id='word_1_680' title='bbox 3148 4307 3370 4376; x_wconf 81' lang='lat' dir='ltr'><strong>expellit</strong></span> <span class='ocrx_word' id='word_1_681' title='bbox 3388 4325 3402 4373; x_wconf 93' lang='lat'><strong>;</strong></span> <span class='ocrx_word' id='word_1_682' title='bbox 3418 4317 3471 4363; x_wconf 89' lang='lat' dir='ltr'>et</span> <span class='ocrx_word' id='word_1_683' title='bbox 3486 4309 3668 4364; x_wconf 80' lang='lat' dir='ltr'><strong>soluto</strong></span> 
     </span>
    </p>
   </div>
   <div class='ocr_carea' id='block_1_87' title="bbox 398 4403 1975 4476">
    <p class='ocr_par' dir='ltr' id='par_1_87' title="bbox 398 4403 1975 4476">
     <span class='ocr_line' id='line_1_87' title="bbox 398 4403 1975 4476; baseline -0.001 -19"><span class='ocrx_word' id='word_1_684' title='bbox 398 4403 639 4476; x_wconf 75' lang='grc' dir='ltr'>ἔμϐρυον</span> <span class='ocrx_word' id='word_1_685' title='bbox 673 4403 778 4468; x_wconf 81' lang='grc' dir='ltr'>ἐξω</span> <span class='ocrx_word' id='word_1_686' title='bbox 813 4403 859 4435; x_wconf 75' lang='grc'>³³</span> <span class='ocrx_word' id='word_1_687' title='bbox 886 4419 900 4433; x_wconf 84' lang='grc'><em>’</em></span> <span class='ocrx_word' id='word_1_688' title='bbox 931 4404 1024 4456; x_wconf 81' lang='grc' dir='ltr'>καὶ</span> <span class='ocrx_word' id='word_1_689' title='bbox 1057 4403 1274 4474; x_wconf 80' lang='grc' dir='ltr'>πρῶτον</span> <span class='ocrx_word' id='word_1_690' title='bbox 1313 4404 1412 4474; x_wconf 87' lang='grc' dir='ltr'>τῆς</span> <span class='ocrx_word' id='word_1_691' title='bbox 1459 4403 1704 4472; x_wconf 80' lang='grc' dir='ltr'>κεφαλῆς</span> <span class='ocrx_word' id='word_1_692' title='bbox 1740 4403 1975 4456; x_wconf 88' lang='grc' dir='ltr'>ἀπολυο-</span> 
     </span>
    </p>
   </div>
   <div class='ocr_carea' id='block_1_88' title="bbox 402 4492 1970 4565">
    <p class='ocr_par' dir='ltr' id='par_1_88' title="bbox 402 4492 1970 4565">
     <span class='ocr_line' id='line_1_88' title="bbox 402 4492 1970 4565; baseline -0.013 -10"><span class='ocrx_word' id='word_1_693' title='bbox 402 4497 569 4565; x_wconf 84' lang='grc' dir='ltr'>μένης</span> <span class='ocrx_word' id='word_1_694' title='bbox 605 4495 653 4526; x_wconf 66' lang='grc'>’⁸</span> <span class='ocrx_word' id='word_1_695' title='bbox 697 4495 854 4564; x_wconf 81' lang='grc' dir='ltr'>ῥέπει</span> <span class='ocrx_word' id='word_1_696' title='bbox 910 4494 1051 4548; x_wconf 88' lang='grc' dir='ltr'>κατά</span> <span class='ocrx_word' id='word_1_697' title='bbox 1095 4495 1195 4565; x_wconf 79' lang='grc' dir='ltr'>τὴν</span> <span class='ocrx_word' id='word_1_698' title='bbox 1226 4494 1445 4565; x_wconf 86' lang='grc' dir='ltr'>κίνησιν</span> <span class='ocrx_word' id='word_1_699' title='bbox 1486 4493 1557 4546; x_wconf 84' lang='grc' dir='ltr'>τὰ</span> <span class='ocrx_word' id='word_1_700' title='bbox 1587 4492 1970 4564; x_wconf 77' lang='grc' dir='ltr'>βαρυογκωδέ-</span> 
     </span>
    </p>
   </div>
   <div class='ocr_carea' id='block_1_89' title="bbox 405 4583 1973 4656">
    <p class='ocr_par' dir='ltr' id='par_1_89' title="bbox 405 4583 1973 4656">
     <span class='ocr_line' id='line_1_89' title="bbox 405 4583 1973 4656; baseline -0.001 -19"><span class='ocrx_word' id='word_1_701' title='bbox 405 4585 635 4655; x_wconf 63' lang='grc' dir='ltr'>ττεραγ⁸</span> <span class='ocrx_word' id='word_1_702' title='bbox 665 4584 760 4639; x_wconf 80' lang='grc' dir='ltr'>τοῦ</span> <span class='ocrx_word' id='word_1_703' title='bbox 790 4585 1046 4656; x_wconf 86' lang='grc' dir='ltr'>σώματος</span> <span class='ocrx_word' id='word_1_704' title='bbox 1074 4584 1446 4656; x_wconf 88' lang='grc' dir='ltr'>ἐπισυρομένη</span> <span class='ocrx_word' id='word_1_705' title='bbox 1477 4583 1543 4636; x_wconf 78' lang='grc'>’⁸.</span> <span class='ocrx_word' id='word_1_706' title='bbox 1563 4583 1747 4636; x_wconf 79' lang='grc' dir='ltr'>Ταῦτα</span> <span class='ocrx_word' id='word_1_707' title='bbox 1771 4584 1828 4636; x_wconf 86' lang='grc' dir='ltr'>δέ</span> <span class='ocrx_word' id='word_1_708' title='bbox 1858 4584 1973 4636; x_wconf 85' lang='grc' dir='ltr'>ἐστι</span> 
     </span>
    </p>
   </div>
   <div class='ocr_carea' id='block_1_90' title="bbox 401 4675 1973 4750">
    <p class='ocr_par' dir='ltr' id='par_1_90' title="bbox 401 4675 1973 4750">
     <span class='ocr_line' id='line_1_90' title="bbox 401 4675 1973 4750; baseline -0.002 -20"><span class='ocrx_word' id='word_1_709' title='bbox 401 4676 470 4731; x_wconf 77' lang='grc' dir='ltr'>τὰ</span> <span class='ocrx_word' id='word_1_710' title='bbox 501 4679 630 4748; x_wconf 80' lang='grc' dir='ltr'>περὶ</span> <span class='ocrx_word' id='word_1_711' title='bbox 667 4679 795 4742; x_wconf 79' lang='grc' dir='ltr'>τοὺς</span> <span class='ocrx_word' id='word_1_712' title='bbox 828 4677 1013 4749; x_wconf 78' lang='grc' dir='ltr'>ὤμους</span> <span class='ocrx_word' id='word_1_713' title='bbox 1043 4677 1188 4750; x_wconf 79' lang='grc' dir='ltr'>μέρη</span> <span class='ocrx_word' id='word_1_714' title='bbox 1219 4678 1316 4730; x_wconf 72' lang='grc' dir='ltr'>καὶ</span> <span class='ocrx_word' id='word_1_715' title='bbox 1345 4675 1571 4748; x_wconf 80' lang='grc' dir='ltr'>θώρακα</span> <span class='ocrx_word' id='word_1_716' title='bbox 1593 4677 1658 4729; x_wconf 78' lang='grc'>²’.</span> <span class='ocrx_word' id='word_1_717' title='bbox 1693 4676 1805 4728; x_wconf 76' lang='grc' dir='ltr'>Καὶ</span> <span class='ocrx_word' id='word_1_718' title='bbox 1835 4675 1973 4746; x_wconf 76' lang='grc' dir='ltr'>αὕτη</span> 
     </span>
    </p>
   </div>
   <div class='ocr_carea' id='block_1_91' title="bbox 405 4767 1977 4840">
    <p class='ocr_par' dir='ltr' id='par_1_91' title="bbox 405 4767 1977 4840">
     <span class='ocr_line' id='line_1_91' title="bbox 405 4767 1977 4840; baseline -0.001 -18"><span class='ocrx_word' id='word_1_719' title='bbox 405 4770 554 4823; x_wconf 66' lang='grc' dir='ltr'>ἐστὶν</span> <span class='ocrx_word' id='word_1_720' title='bbox 581 4772 614 4840; x_wconf 88' lang='grc' dir='ltr'>ἠ</span> <span class='ocrx_word' id='word_1_721' title='bbox 653 4771 748 4823; x_wconf 76' lang='grc' dir='ltr'>ἐπὶ</span> <span class='ocrx_word' id='word_1_722' title='bbox 770 4773 884 4832; x_wconf 89' lang='grc' dir='ltr'>τοῖς</span> <span class='ocrx_word' id='word_1_723' title='bbox 907 4771 1052 4824; x_wconf 85' lang='grc' dir='ltr'>κατά</span> <span class='ocrx_word' id='word_1_724' title='bbox 1079 4770 1243 4838; x_wconf 87' lang='grc' dir='ltr'>φύσιν</span> <span class='ocrx_word' id='word_1_725' title='bbox 1270 4769 1615 4838; x_wconf 85' lang='grc' dir='ltr'>τικτομένοις</span> <span class='ocrx_word' id='word_1_726' title='bbox 1645 4767 1732 4821; x_wconf 84' lang='grc' dir='ltr'>ἐπ’</span> <span class='ocrx_word' id='word_1_727' title='bbox 1763 4767 1977 4830; x_wconf 84' lang='grc' dir='ltr'>εὐθείας</span> 
     </span>
    </p>
   </div>
   <div class='ocr_carea' id='block_1_92' title="bbox 402 4857 1965 4929">
    <p class='ocr_par' dir='ltr' id='par_1_92' title="bbox 402 4857 1965 4929">
     <span class='ocr_line' id='line_1_92' title="bbox 402 4857 1965 4929; baseline -0.001 -17"><span class='ocrx_word' id='word_1_728' title='bbox 402 4859 523 4922; x_wconf 75' lang='grc' dir='ltr'>ὁδός</span> <span class='ocrx_word' id='word_1_729' title='bbox 553 4859 620 4914; x_wconf 75' lang='grc'>’⁸.</span> <span class='ocrx_word' id='word_1_730' title='bbox 656 4858 797 4922; x_wconf 82' lang='grc' dir='ltr'>Τοὺς</span> <span class='ocrx_word' id='word_1_731' title='bbox 824 4859 930 4927; x_wconf 84' lang='grc' dir='ltr'>γὰρ</span> <span class='ocrx_word' id='word_1_732' title='bbox 981 4859 1134 4929; x_wconf 85' lang='grc' dir='ltr'>παρά</span> <span class='ocrx_word' id='word_1_733' title='bbox 1166 4859 1328 4928; x_wconf 87' lang='grc' dir='ltr'>φύσιν</span> <span class='ocrx_word' id='word_1_734' title='bbox 1366 4860 1562 4920; x_wconf 84' lang='grc' dir='ltr'>τόκους</span> <span class='ocrx_word' id='word_1_735' title='bbox 1605 4857 1636 4927; x_wconf 84' lang='grc' dir='ltr'><strong>ἢ</strong></span> <span class='ocrx_word' id='word_1_736' title='bbox 1671 4857 1965 4918; x_wconf 80' lang='grc' dir='ltr'>δυστοκίας</span> 
     </span>
    </p>
   </div>
   <div class='ocr_carea' id='block_1_93' title="bbox 406 4946 1979 5021">
    <p class='ocr_par' dir='ltr' id='par_1_93' title="bbox 406 4946 1979 5021">
     <span class='ocr_line' id='line_1_93' title="bbox 406 4946 1979 5021; baseline -0.001 -20"><span class='ocrx_word' id='word_1_737' title='bbox 406 4949 809 5021; x_wconf 83' lang='grc' dir='ltr'>παραλειπτέον</span> <span class='ocrx_word' id='word_1_738' title='bbox 857 4951 926 5003; x_wconf 71' lang='grc'>⁸³.</span> <span class='ocrx_word' id='word_1_739' title='bbox 962 4950 1119 5003; x_wconf 80' lang='grc' dir='ltr'>Μετὰ</span> <span class='ocrx_word' id='word_1_740' title='bbox 1175 4949 1306 5017; x_wconf 77' lang='grc' dir='ltr'>γοῦν</span> <span class='ocrx_word' id='word_1_741' title='bbox 1337 4951 1435 5020; x_wconf 79' lang='grc' dir='ltr'>τὴν</span> <span class='ocrx_word' id='word_1_742' title='bbox 1483 4948 1836 5019; x_wconf 85' lang='grc' dir='ltr'>χειρουργίαν</span> <span class='ocrx_word' id='word_1_743' title='bbox 1884 4946 1979 5000; x_wconf 83' lang='grc' dir='ltr'>τοῦ</span> 
     </span>
    </p>
   </div>
   <div class='ocr_carea' id='block_1_94' title="bbox 480 5105 1468 5229">
    <p class='ocr_par' dir='ltr' id='par_1_94' title="bbox 480 5105 1468 5229">
     <span class='ocr_line' id='line_1_94' title="bbox 480 5105 1468 5229; baseline 0 -71"><span class='ocrx_word' id='word_1_744' title='bbox 480 5107 526 5140; x_wconf 75' lang='grc'>³³</span> <span class='ocrx_word' id='word_1_745' title='bbox 549 5106 894 5175; x_wconf 84' lang='grc' dir='ltr'>διανενῆσθαι</span> <span class='ocrx_word' id='word_1_746' title='bbox 927 5105 968 5160; x_wconf 90' lang='grc' dir='ltr'>Β</span> <span class='ocrx_word' id='word_1_747' title='bbox 997 5106 1038 5161; x_wconf 88' lang='lat' dir='ltr'>C</span> <span class='ocrx_word' id='word_1_748' title='bbox 1069 5106 1126 5161; x_wconf 88' lang='lat' dir='ltr'><strong>P.</strong></span> <span class='ocrx_word' id='word_1_749' title='bbox 1224 5108 1270 5140; x_wconf 67' lang='lat'>9&quot;</span> <span class='ocrx_word' id='word_1_750' title='bbox 1295 5105 1468 5229; x_wconf 29' lang='grc' dir='ltr'>τραχύ</span> 
     </span>
     <span class='ocr_line' id='line_1_95' title="bbox 480 5175 1392 5229; baseline 0 0"><span class='ocrx_word' id='word_1_751' title='bbox 480 5176 861 5229; x_wconf 73' lang='grc' dir='ltr'>ἐξολισθαίνων</span> <span class='ocrx_word' id='word_1_752' title='bbox 890 5175 950 5229; x_wconf 89' lang='grc' dir='ltr'>Β.</span> <span class='ocrx_word' id='word_1_753' title='bbox 984 5177 1322 5229; x_wconf 78' lang='grc' dir='ltr'>ἐξολισθαίντι</span> <span class='ocrx_word' id='word_1_754' title='bbox 1352 5176 1392 5229; x_wconf 87' lang='lat' dir='ltr'><strong>C</strong></span> 
     </span>
    </p>
   </div>
   <div class='ocr_carea' id='block_1_95' title="bbox 403 5175 1483 5249">
    <p class='ocr_par' dir='ltr' id='par_1_95' title="bbox 403 5175 1483 5249">
     <span class='ocr_line' id='line_1_96' title="bbox 403 5175 1483 5249; baseline 0 -18"><span class='ocrx_word' id='word_1_755' title='bbox 403 5179 449 5211; x_wconf 80' lang='grc'>⁹⁸</span> <span class='ocrx_word' id='word_1_756' title='bbox 477 5176 861 5249; x_wconf 75' lang='grc' dir='ltr'>ἐξολισθαίνων</span> <span class='ocrx_word' id='word_1_757' title='bbox 890 5175 959 5249; x_wconf 57' lang='grc' dir='ltr'>Β,</span> <span class='ocrx_word' id='word_1_758' title='bbox 984 5175 1483 5249; x_wconf 68' lang='grc' dir='ltr'>ἐξολισθαίνῃῸΡ.</span> 
     </span>
    </p>
   </div>
   <div class='ocr_carea' id='block_1_96' title="bbox 407 5317 760 5385">
    <p class='ocr_par' dir='ltr' id='par_1_96' title="bbox 407 5317 760 5385">
     <span class='ocr_line' id='line_1_97' title="bbox 407 5317 760 5385; baseline 0.003 -15"><span class='ocrx_word' id='word_1_759' title='bbox 407 5318 664 5385; x_wconf 85' lang='grc' dir='ltr'>ελκτικὴν</span> <span class='ocrx_word' id='word_1_760' title='bbox 699 5317 760 5371; x_wconf 89' lang='grc' dir='ltr'><strong>Β.</strong></span> 
     </span>
    </p>
   </div>
   <div class='ocr_carea' id='block_1_97' title="bbox 406 5388 1262 5457">
    <p class='ocr_par' dir='ltr' id='par_1_97' title="bbox 406 5388 1262 5457">
     <span class='ocr_line' id='line_1_98' title="bbox 406 5388 1262 5457; baseline -0.002 -17"><span class='ocrx_word' id='word_1_761' title='bbox 406 5390 449 5420; x_wconf 74' lang='grc'>⁸⁸</span> <span class='ocrx_word' id='word_1_762' title='bbox 482 5388 680 5441; x_wconf 88' lang='grc' dir='ltr'>λεπτὸν</span> <span class='ocrx_word' id='word_1_763' title='bbox 705 5405 815 5442; x_wconf 88' lang='lat' dir='ltr'>om.</span> <span class='ocrx_word' id='word_1_764' title='bbox 850 5388 907 5441; x_wconf 79' lang='grc' dir='ltr'>Β.</span> <span class='ocrx_word' id='word_1_765' title='bbox 991 5388 1032 5418; x_wconf 72' lang='grc'>³³</span> <span class='ocrx_word' id='word_1_766' title='bbox 1064 5390 1262 5457; x_wconf 79' lang='grc' dir='ltr'>χωρίον</span> 
     </span>
    </p>
   </div>
   <div class='ocr_carea' id='block_1_98' title="bbox 409 5527 672 5597">
    <p class='ocr_par' dir='ltr' id='par_1_98' title="bbox 409 5527 672 5597">
     <span class='ocr_line' id='line_1_99' title="bbox 409 5527 672 5597; baseline 0 -19"><span class='ocrx_word' id='word_1_767' title='bbox 409 5527 582 5597; x_wconf 85' lang='grc' dir='ltr'>μένως</span> <span class='ocrx_word' id='word_1_768' title='bbox 611 5527 672 5578; x_wconf 87' lang='grc' dir='ltr'>Β.</span> 
     </span>
    </p>
   </div>
   <div class='ocr_carea' id='block_1_99' title="bbox 409 5594 1094 5665">
    <p class='ocr_par' dir='ltr' id='par_1_99' title="bbox 409 5594 1094 5665">
     <span class='ocr_line' id='line_1_100' title="bbox 409 5594 1094 5665; baseline 0.001 -17"><span class='ocrx_word' id='word_1_769' title='bbox 409 5594 623 5665; x_wconf 58' lang='grc' dir='ltr'>κεφαλὴ</span> <span class='ocrx_word' id='word_1_770' title='bbox 652 5595 1001 5664; x_wconf 64' lang='grc' dir='ltr'>ἀπολυομένη</span> <span class='ocrx_word' id='word_1_771' title='bbox 1035 5594 1094 5649; x_wconf 89' lang='grc' dir='ltr'>Β.</span> 
     </span>
    </p>
   </div>
   <div class='ocr_carea' id='block_1_100' title="bbox 401 5660 1171 5736">
    <p class='ocr_par' dir='ltr' id='par_1_100' title="bbox 401 5660 1171 5736">
     <span class='ocr_line' id='line_1_101' title="bbox 401 5660 1171 5736; baseline -0.005 -14"><span class='ocrx_word' id='word_1_772' title='bbox 401 5660 555 5735; x_wconf 72' lang='grc' dir='ltr'>ὦμον</span> <span class='ocrx_word' id='word_1_773' title='bbox 585 5660 638 5720; x_wconf 73' lang='grc' dir='ltr'>κ’.</span> <span class='ocrx_word' id='word_1_774' title='bbox 674 5667 764 5719; x_wconf 76' lang='grc' dir='ltr'>τὸν</span> <span class='ocrx_word' id='word_1_775' title='bbox 795 5660 930 5733; x_wconf 79' lang='grc' dir='ltr'>Θωρ.</span> <span class='ocrx_word' id='word_1_776' title='bbox 967 5660 1105 5736; x_wconf 85' lang='grc' dir='ltr'>μέρη</span> <span class='ocrx_word' id='word_1_777' title='bbox 1131 5666 1171 5718; x_wconf 89' lang='grc' dir='ltr'>Β</span> 
     </span>
    </p>
   </div>
   <div class='ocr_carea' id='block_1_101' title="bbox 1189 5595 2516 5668">
    <p class='ocr_par' dir='ltr' id='par_1_101' title="bbox 1189 5595 2516 5668">
     <span class='ocr_line' id='line_1_102' title="bbox 1189 5595 2516 5668; baseline 0.01 -29"><span class='ocrx_word' id='word_1_778' title='bbox 1189 5599 1233 5668; x_wconf 56' lang='grc' dir='ltr'>’ξ</span> <span class='ocrx_word' id='word_1_779' title='bbox 1267 5596 1347 5668; x_wconf 8' lang='grc' dir='ltr'>τὰ,</span> <span class='ocrx_word' id='word_1_780' title='bbox 1383 5595 1792 5668; x_wconf 69' lang='grc' dir='ltr'>βαρύτεροικαὶ</span> <span class='ocrx_word' id='word_1_781' title='bbox 1847 5595 2225 5668; x_wconf 20' lang='grc' dir='ltr'>ὀγλκωδέστερα</span> <span class='ocrx_word' id='word_1_782' title='bbox 2266 5595 2303 5647; x_wconf 83' lang='grc' dir='ltr'>Β</span> <span class='ocrx_word' id='word_1_783' title='bbox 2354 5595 2406 5668; x_wconf 73' lang='lat' dir='ltr'>_C</span> <span class='ocrx_word' id='word_1_784' title='bbox 2455 5595 2516 5648; x_wconf 79' lang='grc' dir='ltr'>Ρ.</span> 
     </span>
    </p>
   </div>
   <div class='ocr_carea' id='block_1_102' title="bbox 1203 5665 2227 5736">
    <p class='ocr_par' dir='ltr' id='par_1_102' title="bbox 1203 5665 2227 5736">
     <span class='ocr_line' id='line_1_103' title="bbox 1203 5665 2227 5736; baseline -0.002 -17"><span class='ocrx_word' id='word_1_785' title='bbox 1203 5665 1263 5732; x_wconf 87' lang='grc' dir='ltr'>Ρ,</span> <span class='ocrx_word' id='word_1_786' title='bbox 1296 5667 1363 5721; x_wconf 78' lang='grc' dir='ltr'>τὰ</span> <span class='ocrx_word' id='word_1_787' title='bbox 1391 5665 1496 5719; x_wconf 78' lang='grc' dir='ltr'>τῶν</span> <span class='ocrx_word' id='word_1_788' title='bbox 1527 5665 1691 5736; x_wconf 77' lang='grc' dir='ltr'>ὤμων</span> <span class='ocrx_word' id='word_1_789' title='bbox 1720 5684 1776 5736; x_wconf 82' lang='grc' dir='ltr'>μ.</span> <span class='ocrx_word' id='word_1_790' title='bbox 1805 5682 1858 5717; x_wconf 84' lang='grc' dir='ltr'>κ.</span> <span class='ocrx_word' id='word_1_791' title='bbox 1899 5665 2144 5736; x_wconf 78' lang='grc' dir='ltr'>θώρακος</span> <span class='ocrx_word' id='word_1_792' title='bbox 2169 5667 2227 5719; x_wconf 72' lang='grc' dir='ltr'>(ἰ.</span> 
     </span>
    </p>
   </div>
   <div class='ocr_carea' id='block_1_103' title="bbox 2082 4397 3663 4472">
    <p class='ocr_par' dir='ltr' id='par_1_103' title="bbox 2082 4397 3663 4472">
     <span class='ocr_line' id='line_1_104' title="bbox 2082 4397 3663 4472; baseline 0 -17"><span class='ocrx_word' id='word_1_793' title='bbox 2082 4402 2316 4472; x_wconf 90' lang='lat' dir='ltr'><strong>primum</strong></span> <span class='ocrx_word' id='word_1_794' title='bbox 2348 4400 2545 4471; x_wconf 89' lang='lat' dir='ltr'><strong>capite,</strong></span> <span class='ocrx_word' id='word_1_795' title='bbox 2573 4414 2638 4454; x_wconf 90' lang='lat' dir='ltr'>eo</span> <span class='ocrx_word' id='word_1_796' title='bbox 2669 4407 2851 4455; x_wconf 92' lang='lat' dir='ltr'><strong>motus</strong></span> <span class='ocrx_word' id='word_1_797' title='bbox 2897 4397 3105 4464; x_wconf 88' lang='lat' dir='ltr'><strong>ordine,</strong></span> <span class='ocrx_word' id='word_1_798' title='bbox 3134 4397 3222 4452; x_wconf 89' lang='lat' dir='ltr'><strong>illa</strong></span> <span class='ocrx_word' id='word_1_799' title='bbox 3256 4413 3377 4467; x_wconf 70' lang='lat' dir='ltr'><strong>qua:</strong></span> <span class='ocrx_word' id='word_1_800' title='bbox 3415 4402 3663 4469; x_wconf 81' lang='lat' dir='ltr'><strong>graviora</strong></span> 
     </span>
    </p>
   </div>
   <div class='ocr_carea' id='block_1_104' title="bbox 2078 4488 3667 4561">
    <p class='ocr_par' dir='ltr' id='par_1_104' title="bbox 2078 4488 3667 4561">
     <span class='ocr_line' id='line_1_105' title="bbox 2078 4488 3667 4561; baseline 0 -16"><span class='ocrx_word' id='word_1_801' title='bbox 2078 4491 2345 4560; x_wconf 86' lang='lat' dir='ltr'><strong>corporis,</strong></span> <span class='ocrx_word' id='word_1_802' title='bbox 2365 4490 2763 4560; x_wconf 89' lang='lat' dir='ltr'><strong>corpulentiora</strong></span> <span class='ocrx_word' id='word_1_803' title='bbox 2795 4504 2916 4560; x_wconf 74' lang='lat' dir='ltr'><strong>qua:</strong></span> <span class='ocrx_word' id='word_1_804' title='bbox 2947 4497 3074 4543; x_wconf 88' lang='lat' dir='ltr'><strong>sunt</strong></span> <span class='ocrx_word' id='word_1_805' title='bbox 3099 4488 3165 4543; x_wconf 89' lang='lat' dir='ltr'>ab</span> <span class='ocrx_word' id='word_1_806' title='bbox 3192 4489 3311 4559; x_wconf 93' lang='lat' dir='ltr'><strong>ipso</strong></span> <span class='ocrx_word' id='word_1_807' title='bbox 3345 4497 3515 4544; x_wconf 89' lang='lat' dir='ltr'><strong>tracta</strong></span> <span class='ocrx_word' id='word_1_808' title='bbox 3544 4491 3667 4561; x_wconf 89' lang='lat' dir='ltr'><strong>(has</strong></span> 
     </span>
    </p>
   </div>
   <div class='ocr_carea' id='block_1_105' title="bbox 2079 4582 3663 4651">
    <p class='ocr_par' dir='ltr' id='par_1_105' title="bbox 2079 4582 3663 4651">
     <span class='ocr_line' id='line_1_106' title="bbox 2079 4582 3663 4651; baseline 0 -16"><span class='ocrx_word' id='word_1_809' title='bbox 2079 4583 2298 4651; x_wconf 90' lang='lat' dir='ltr'><strong>quidem</strong></span> <span class='ocrx_word' id='word_1_810' title='bbox 2347 4590 2531 4651; x_wconf 84' lang='lat' dir='ltr'><strong>partes</strong></span> <span class='ocrx_word' id='word_1_811' title='bbox 2567 4583 2631 4636; x_wconf 88' lang='lat' dir='ltr'>ad</span> <span class='ocrx_word' id='word_1_812' title='bbox 2658 4582 2916 4636; x_wconf 88' lang='lat' dir='ltr'><strong>humeros</strong></span> <span class='ocrx_word' id='word_1_813' title='bbox 2937 4588 3237 4651; x_wconf 86' lang='lat' dir='ltr'><strong>pectusque</strong></span> <span class='ocrx_word' id='word_1_814' title='bbox 3259 4595 3379 4636; x_wconf 90' lang='lat' dir='ltr'><strong>esse</strong></span> <span class='ocrx_word' id='word_1_815' title='bbox 3418 4582 3663 4647; x_wconf 88' lang='lat' dir='ltr'><strong>constat)</strong></span> 
     </span>
    </p>
   </div>
   <div class='ocr_carea' id='block_1_106' title="bbox 2080 4672 3666 4743">
    <p class='ocr_par' dir='ltr' id='par_1_106' title="bbox 2080 4672 3666 4743">
     <span class='ocr_line' id='line_1_107' title="bbox 2080 4672 3666 4743; baseline 0 -17"><span class='ocrx_word' id='word_1_816' title='bbox 2080 4681 2229 4726; x_wconf 82' lang='lat' dir='ltr'><strong>extra</strong></span> <span class='ocrx_word' id='word_1_817' title='bbox 2250 4683 2495 4743; x_wconf 85' lang='lat' dir='ltr'><strong>serpunt.</strong></span> <span class='ocrx_word' id='word_1_818' title='bbox 2523 4673 2588 4727; x_wconf 89' lang='lat' dir='ltr'><strong>Et</strong></span> <span class='ocrx_word' id='word_1_819' title='bbox 2609 4673 2724 4728; x_wconf 72' lang='lat' dir='ltr'><strong>lucc</strong></span> <span class='ocrx_word' id='word_1_820' title='bbox 2749 4672 2968 4743; x_wconf 89' lang='lat' dir='ltr'><strong>quidem</strong></span> <span class='ocrx_word' id='word_1_821' title='bbox 3009 4672 3204 4728; x_wconf 89' lang='lat' dir='ltr'><strong>semita</strong></span> <span class='ocrx_word' id='word_1_822' title='bbox 3230 4686 3416 4726; x_wconf 86' lang='lat' dir='ltr'><strong>eorum</strong></span> <span class='ocrx_word' id='word_1_823' title='bbox 3448 4673 3540 4742; x_wconf 92' lang='lat' dir='ltr'>qui</span> <span class='ocrx_word' id='word_1_824' title='bbox 3572 4688 3666 4726; x_wconf 87' lang='lat' dir='ltr'>na-</span> 
     </span>
    </p>
   </div>
   <div class='ocr_carea' id='block_1_107' title="bbox 2083 4762 3669 4820">
    <p class='ocr_par' dir='ltr' id='par_1_107' title="bbox 2083 4762 3669 4820">
     <span class='ocr_line' id='line_1_108' title="bbox 2083 4762 3669 4820; baseline 0 -2"><span class='ocrx_word' id='word_1_825' title='bbox 2083 4774 2218 4818; x_wconf 72' lang='lat' dir='ltr'><strong>turm</strong></span> <span class='ocrx_word' id='word_1_826' title='bbox 2239 4765 2428 4820; x_wconf 89' lang='lat' dir='ltr'><strong>ordine</strong></span> <span class='ocrx_word' id='word_1_827' title='bbox 2459 4774 2761 4819; x_wconf 83' lang='lat' dir='ltr'><strong>nascuntur</strong></span> <span class='ocrx_word' id='word_1_828' title='bbox 2791 4774 2935 4818; x_wconf 87' lang='lat' dir='ltr'><strong>recta</strong></span> <span class='ocrx_word' id='word_1_829' title='bbox 2969 4763 3219 4817; x_wconf 88' lang='lat' dir='ltr'><strong>habetur.</strong></span> <span class='ocrx_word' id='word_1_830' title='bbox 3246 4762 3512 4819; x_wconf 90' lang='lat' dir='ltr'><strong>Tumores</strong></span> <span class='ocrx_word' id='word_1_831' title='bbox 3538 4780 3669 4818; x_wconf 80' lang='lat' dir='ltr'><strong>vero</strong></span> 
     </span>
    </p>
   </div>
   <div class='ocr_carea' id='block_1_108' title="bbox 2089 4851 3666 4922">
    <p class='ocr_par' dir='ltr' id='par_1_108' title="bbox 2089 4851 3666 4922">
     <span class='ocr_line' id='line_1_109' title="bbox 2089 4851 3666 4922; baseline 0.003 -21"><span class='ocrx_word' id='word_1_832' title='bbox 2089 4853 2313 4915; x_wconf 90' lang='lat' dir='ltr'><strong>ventris,</strong></span> <span class='ocrx_word' id='word_1_833' title='bbox 2374 4853 2466 4922; x_wconf 89' lang='lat' dir='ltr'>qui</span> <span class='ocrx_word' id='word_1_834' title='bbox 2515 4863 2710 4922; x_wconf 63' lang='lat' dir='ltr'><strong>praeter</strong></span> <span class='ocrx_word' id='word_1_835' title='bbox 2745 4861 2994 4905; x_wconf 86' lang='lat' dir='ltr'><strong>naturam</strong></span> <span class='ocrx_word' id='word_1_836' title='bbox 3049 4851 3324 4914; x_wconf 87' lang='lat' dir='ltr'><strong>eveniunt,</strong></span> <span class='ocrx_word' id='word_1_837' title='bbox 3370 4864 3666 4921; x_wconf 86' lang='lat' dir='ltr'><strong>partusque</strong></span> 
     </span>
    </p>
   </div>
   <div class='ocr_carea' id='block_1_109' title="bbox 2087 4941 3662 5014">
    <p class='ocr_par' dir='ltr' id='par_1_109' title="bbox 2087 4941 3662 5014">
     <span class='ocr_line' id='line_1_110' title="bbox 2087 4941 3662 5014; baseline -0.001 -16"><span class='ocrx_word' id='word_1_838' title='bbox 2087 4943 2431 4998; x_wconf 70' lang='lat' dir='ltr'><strong>rliilicultates</strong></span> <span class='ocrx_word' id='word_1_839' title='bbox 2463 4945 2660 5000; x_wconf 90' lang='lat' dir='ltr'><strong>missas</strong></span> <span class='ocrx_word' id='word_1_840' title='bbox 2707 4943 2991 4997; x_wconf 86' lang='lat' dir='ltr'><strong>faciemus.</strong></span> <span class='ocrx_word' id='word_1_841' title='bbox 3026 4941 3147 4996; x_wconf 86' lang='lat' dir='ltr'><strong>Mox</strong></span> <span class='ocrx_word' id='word_1_842' title='bbox 3209 4941 3374 5012; x_wconf 85' lang='lat' dir='ltr'><strong>igitur</strong></span> <span class='ocrx_word' id='word_1_843' title='bbox 3426 4944 3496 4997; x_wconf 89' lang='lat' dir='ltr'>ab</span> <span class='ocrx_word' id='word_1_844' title='bbox 3544 4944 3662 5014; x_wconf 87' lang='lat' dir='ltr'><strong>ipsa</strong></span> 
     </span>
    </p>
   </div>
   <div class='ocr_carea' id='block_1_110' title="bbox 1475 5101 3661 5193">
    <p class='ocr_par' dir='ltr' id='par_1_110' title="bbox 1475 5101 3661 5193">
     <span class='ocr_line' id='line_1_111' title="bbox 1475 5101 3661 5193; baseline -0.002 -33"><span class='ocrx_word' id='word_1_845' title='bbox 1475 5108 1681 5193; x_wconf 64' lang='lat' dir='ltr'>1:th</span> <span class='ocrx_word' id='word_1_846' title='bbox 1770 5106 1957 5193; x_wconf 47' lang='lat' dir='ltr'>’ffxet</span> <span class='ocrx_word' id='word_1_847' title='bbox 1990 5108 2100 5193; x_wconf 51' lang='grc' dir='ltr'>Β..Γὶ</span> <span class='ocrx_word' id='word_1_848' title='bbox 2136 5109 2180 5140; x_wconf 72' lang='grc'>9⁸</span> <span class='ocrx_word' id='word_1_849' title='bbox 2208 5105 2539 5193; x_wconf 56' lang='grc' dir='ltr'>ἀρτυμάτων</span> <span class='ocrx_word' id='word_1_850' title='bbox 2566 5103 2626 5193; x_wconf 43' lang='grc' dir='ltr'>Β,</span> <span class='ocrx_word' id='word_1_851' title='bbox 2653 5104 2991 5193; x_wconf 58' lang='grc' dir='ltr'>ἀρτημάτευν</span> <span class='ocrx_word' id='word_1_852' title='bbox 3018 5102 3078 5157; x_wconf 91' lang='lat' dir='ltr'><strong>C.</strong></span> <span class='ocrx_word' id='word_1_853' title='bbox 3154 5105 3200 5185; x_wconf 53' lang='grc' dir='ltr'><strong><em>Ἴ</em></strong></span> <span class='ocrx_word' id='word_1_854' title='bbox 3238 5105 3265 5157; x_wconf 87' lang='grc' dir='ltr'>ό</span> <span class='ocrx_word' id='word_1_855' title='bbox 3284 5104 3500 5193; x_wconf 65' lang='grc' dir='ltr'>²σπόρος</span> <span class='ocrx_word' id='word_1_856' title='bbox 3516 5101 3570 5183; x_wconf 66' lang='grc' dir='ltr'>⁵Β</span> 
     </span>
    </p>
   </div>
   <div class='ocr_carea' id='block_1_111' title="bbox 405 5177 3414 5315">
    <p class='ocr_par' dir='ltr' id='par_1_111' title="bbox 405 5177 3414 5315">
     <span class='ocr_line' id='line_1_112' title="bbox 405 5177 3414 5249; baseline -0.003 -18"><span class='ocrx_word' id='word_1_857' title='bbox 405 5179 449 5211; x_wconf 80' lang='grc'>⁹⁸</span> <span class='ocrx_word' id='word_1_858' title='bbox 477 5177 861 5242; x_wconf 75' lang='grc' dir='ltr'>ἐξολισθαίνων</span> <span class='ocrx_word' id='word_1_859' title='bbox 890 5177 950 5239; x_wconf 87' lang='grc' dir='ltr'>Β,</span> <span class='ocrx_word' id='word_1_860' title='bbox 984 5177 1392 5249; x_wconf 68' lang='grc' dir='ltr'>ἐξολισθαίνῃο</span> <span class='ocrx_word' id='word_1_861' title='bbox 1423 5177 1483 5231; x_wconf 90' lang='grc' dir='ltr'>Ρ.</span> <span class='ocrx_word' id='word_1_862' title='bbox 1586 5181 1630 5211; x_wconf 74' lang='lat'>9’</span> <span class='ocrx_word' id='word_1_863' title='bbox 1664 5177 2005 5248; x_wconf 81' lang='grc' dir='ltr'>περιόδευσις</span> <span class='ocrx_word' id='word_1_864' title='bbox 2065 5178 2123 5238; x_wconf 88' lang='grc' dir='ltr'>Β,</span> <span class='ocrx_word' id='word_1_865' title='bbox 2179 5177 2516 5245; x_wconf 67' lang='grc' dir='ltr'>παράδευσις</span> <span class='ocrx_word' id='word_1_866' title='bbox 2575 5177 2636 5229; x_wconf 70' lang='grc'>(3.</span> <span class='ocrx_word' id='word_1_867' title='bbox 2719 5177 2733 5204; x_wconf 68' lang='grc' dir='ltr'><strong>ι</strong></span> <span class='ocrx_word' id='word_1_868' title='bbox 2760 5177 2818 5227; x_wconf 84' lang='grc' dir='ltr'>ἱι.</span> <span class='ocrx_word' id='word_1_869' title='bbox 2876 5177 2975 5242; x_wconf 88' lang='grc' dir='ltr'>τῆς</span> <span class='ocrx_word' id='word_1_870' title='bbox 3022 5177 3230 5243; x_wconf 79' lang='grc' dir='ltr'>τροφῆς</span> <span class='ocrx_word' id='word_1_871' title='bbox 3275 5177 3370 5226; x_wconf 86' lang='grc' dir='ltr'>ἀπ’</span> <span class='ocrx_word' id='word_1_872' title='bbox 3409 5194 3414 5222; x_wconf 80' lang='grc' dir='ltr'>ι</span> 
     </span>
     <span class='ocr_line' id='line_1_113' title="bbox 405 5243 3414 5315; baseline -0.002 -14"><span class='ocrx_word' id='word_1_873' title='bbox 405 5252 424 5280; x_wconf 77' lang='grc'><strong>²</strong></span> <span class='ocrx_word' id='word_1_874' title='bbox 453 5248 626 5301; x_wconf 84' lang='grc' dir='ltr'>ναίειν</span> <span class='ocrx_word' id='word_1_875' title='bbox 658 5247 725 5311; x_wconf 88' lang='grc' dir='ltr'>Α,</span> <span class='ocrx_word' id='word_1_876' title='bbox 752 5247 894 5300; x_wconf 86' lang='grc' dir='ltr'>νέειν</span> <span class='ocrx_word' id='word_1_877' title='bbox 920 5245 984 5309; x_wconf 88' lang='lat' dir='ltr'><strong>C,</strong></span> <span class='ocrx_word' id='word_1_878' title='bbox 1016 5247 1192 5300; x_wconf 83' lang='grc' dir='ltr'>δεύειν</span> <span class='ocrx_word' id='word_1_879' title='bbox 1222 5248 1281 5301; x_wconf 84' lang='grc' dir='ltr'>Ρ.</span> <span class='ocrx_word' id='word_1_880' title='bbox 1359 5249 1379 5280; x_wconf 85' lang='grc'><strong>³</strong></span> <span class='ocrx_word' id='word_1_881' title='bbox 1411 5247 1525 5301; x_wconf 73' lang='grc' dir='ltr'>ἐστὶ</span> <span class='ocrx_word' id='word_1_882' title='bbox 1550 5247 1611 5300; x_wconf 82' lang='grc' dir='ltr'>τὸ</span> <span class='ocrx_word' id='word_1_883' title='bbox 1637 5248 1695 5302; x_wconf 86' lang='grc' dir='ltr'>Β.</span> <span class='ocrx_word' id='word_1_884' title='bbox 1774 5247 1795 5277; x_wconf 74' lang='grc'><strong><em>⁵</em></strong></span> <span class='ocrx_word' id='word_1_885' title='bbox 1825 5248 1919 5299; x_wconf 72' lang='grc' dir='ltr'>καὶ</span> <span class='ocrx_word' id='word_1_886' title='bbox 1950 5262 2057 5301; x_wconf 88' lang='lat' dir='ltr'>om.</span> <span class='ocrx_word' id='word_1_887' title='bbox 2088 5247 2144 5300; x_wconf 84' lang='grc' dir='ltr'>Β.</span> <span class='ocrx_word' id='word_1_888' title='bbox 2223 5251 2243 5279; x_wconf 78' lang='grc'><strong><em>⁵</em></strong></span> <span class='ocrx_word' id='word_1_889' title='bbox 2265 5245 2564 5315; x_wconf 84' lang='grc' dir='ltr'>ὁμόδελφυς</span> <span class='ocrx_word' id='word_1_890' title='bbox 2604 5243 2664 5296; x_wconf 91' lang='grc' dir='ltr'>Β.</span> <span class='ocrx_word' id='word_1_891' title='bbox 2741 5244 2762 5274; x_wconf 77' lang='grc'><strong><em>⁸</em></strong></span> <span class='ocrx_word' id='word_1_892' title='bbox 2793 5245 2961 5315; x_wconf 76' lang='grc' dir='ltr'>ἤγουν</span> <span class='ocrx_word' id='word_1_893' title='bbox 2986 5243 3084 5315; x_wconf 83' lang='grc' dir='ltr'>τὴν</span> <span class='ocrx_word' id='word_1_894' title='bbox 3120 5243 3323 5297; x_wconf 80' lang='grc' dir='ltr'>ἐλκτ.Ο</span> <span class='ocrx_word' id='word_1_895' title='bbox 3354 5243 3414 5298; x_wconf 90' lang='grc' dir='ltr'>Ρ.</span> 
     </span>
    </p>
   </div>
   <div class='ocr_carea' id='block_1_112' title="bbox 2179 5171 3663 5245">
    <p class='ocr_par' dir='ltr' id='par_1_112' title="bbox 2179 5171 3663 5245">
     <span class='ocr_line' id='line_1_114' title="bbox 2179 5171 3663 5245; baseline -0.005 -15"><span class='ocrx_word' id='word_1_896' title='bbox 2179 5171 2516 5245; x_wconf 66' lang='grc' dir='ltr'>παίράὸευσις</span> <span class='ocrx_word' id='word_1_897' title='bbox 2575 5176 2636 5245; x_wconf 58' lang='grc' dir='ltr'>(ξ.</span> <span class='ocrx_word' id='word_1_898' title='bbox 2719 5171 2818 5245; x_wconf 69' lang='lat' dir='ltr'><strong>‘it.</strong></span> <span class='ocrx_word' id='word_1_899' title='bbox 2876 5173 2975 5242; x_wconf 89' lang='grc' dir='ltr'>τῆς</span> <span class='ocrx_word' id='word_1_900' title='bbox 3022 5173 3230 5245; x_wconf 82' lang='grc' dir='ltr'>τροφῆς</span> <span class='ocrx_word' id='word_1_901' title='bbox 3275 5174 3370 5245; x_wconf 33' lang='lat' dir='ltr'>agn&quot;</span> <span class='ocrx_word' id='word_1_902' title='bbox 3409 5171 3578 5245; x_wconf 72' lang='grc' dir='ltr'>αὐτῆς</span> 
     </span>
    </p>
   </div>
   <div class='ocr_carea' id='block_1_113' title="bbox 3492 5243 3668 5294">
    <p class='ocr_par' dir='ltr' id='par_1_113' title="bbox 3492 5243 3668 5294">
     <span class='ocr_line' id='line_1_115' title="bbox 3492 5243 3668 5294; baseline 0.011 -2"><span class='ocrx_word' id='word_1_903' title='bbox 3492 5243 3511 5273; x_wconf 87' lang='grc'><strong>⁷</strong></span> <span class='ocrx_word' id='word_1_904' title='bbox 3543 5243 3668 5294; x_wconf 68' lang='grc' dir='ltr'>καθα</span> 
     </span>
    </p>
   </div>
   <div class='ocr_carea' id='block_1_114' title="bbox 859 5309 3663 5387">
    <p class='ocr_par' dir='ltr' id='par_1_114' title="bbox 859 5309 3663 5387">
     <span class='ocr_line' id='line_1_116' title="bbox 859 5309 3663 5387; baseline -0.002 -18"><span class='ocrx_word' id='word_1_905' title='bbox 859 5317 880 5348; x_wconf 78' lang='grc'><strong>⁸</strong></span> <span class='ocrx_word' id='word_1_906' title='bbox 918 5317 1343 5387; x_wconf 78' lang='grc' dir='ltr'>βρεφοϐουργεῖν</span> <span class='ocrx_word' id='word_1_907' title='bbox 1372 5317 1432 5378; x_wconf 85' lang='grc' dir='ltr'>Α,</span> <span class='ocrx_word' id='word_1_908' title='bbox 1477 5317 1721 5387; x_wconf 83' lang='grc' dir='ltr'>δηλονότι</span> <span class='ocrx_word' id='word_1_909' title='bbox 1775 5333 1883 5371; x_wconf 88' lang='lat' dir='ltr'>om.</span> <span class='ocrx_word' id='word_1_910' title='bbox 1917 5315 1980 5371; x_wconf 85' lang='lat' dir='ltr'><strong>C.</strong></span> <span class='ocrx_word' id='word_1_911' title='bbox 2056 5320 2076 5349; x_wconf 79' lang='grc'><em>⁰</em></span> <span class='ocrx_word' id='word_1_912' title='bbox 2111 5317 2168 5370; x_wconf 83' lang='grc' dir='ltr'>δὲ</span> <span class='ocrx_word' id='word_1_913' title='bbox 2194 5316 2234 5368; x_wconf 94' lang='grc' dir='ltr'>Β</span> <span class='ocrx_word' id='word_1_914' title='bbox 2269 5309 2309 5370; x_wconf 79' lang='lat' dir='ltr'>C</span> <span class='ocrx_word' id='word_1_915' title='bbox 2345 5315 2405 5368; x_wconf 87' lang='lat' dir='ltr'><strong>P.</strong></span> <span class='ocrx_word' id='word_1_916' title='bbox 2434 5386 2438 5387; x_wconf 17' lang='grc' dir='ltr'><em>ν</em></span> <span class='ocrx_word' id='word_1_917' title='bbox 2474 5309 2530 5346; x_wconf 59' lang='grc' dir='ltr'>ἰθ</span> <span class='ocrx_word' id='word_1_918' title='bbox 2564 5309 3012 5387; x_wconf 75' lang='grc' dir='ltr'>περιπτωμάτων</span> <span class='ocrx_word' id='word_1_919' title='bbox 3042 5309 3108 5366; x_wconf 77' lang='grc' dir='ltr'>Ἀ.</span> <span class='ocrx_word' id='word_1_920' title='bbox 3178 5316 3233 5387; x_wconf 82' lang='lat'>_“</span> <span class='ocrx_word' id='word_1_921' title='bbox 3271 5313 3504 5387; x_wconf 77' lang='grc' dir='ltr'>ἐμπνεῖν</span> <span class='ocrx_word' id='word_1_922' title='bbox 3530 5309 3572 5363; x_wconf 91' lang='grc' dir='ltr'>Β</span> <span class='ocrx_word' id='word_1_923' title='bbox 3601 5312 3663 5364; x_wconf 83' lang='lat' dir='ltr'><strong>C.</strong></span> 
     </span>
    </p>
   </div>
   <div class='ocr_carea' id='block_1_115' title="bbox 1297 5383 3286 5458">
    <p class='ocr_par' dir='ltr' id='par_1_115' title="bbox 1297 5383 3286 5458">
     <span class='ocr_line' id='line_1_117' title="bbox 1297 5383 3286 5458; baseline -0.001 -20"><span class='ocrx_word' id='word_1_924' title='bbox 1297 5386 1358 5440; x_wconf 90' lang='grc' dir='ltr'>Β.</span> <span class='ocrx_word' id='word_1_925' title='bbox 1438 5383 1824 5458; x_wconf 26' lang='grc' dir='ltr'>’θλπεριέχοντα</span> <span class='ocrx_word' id='word_1_926' title='bbox 1849 5388 1937 5458; x_wconf 35' lang='grc' dir='ltr'>Α.-</span> <span class='ocrx_word' id='word_1_927' title='bbox 1971 5387 2038 5458; x_wconf 33' lang='grc'>*⁸⁵</span> <span class='ocrx_word' id='word_1_928' title='bbox 2061 5387 2190 5439; x_wconf 72' lang='grc' dir='ltr'>ὄντα</span> <span class='ocrx_word' id='word_1_929' title='bbox 2219 5386 2259 5439; x_wconf 84' lang='grc' dir='ltr'>Α</span> <span class='ocrx_word' id='word_1_930' title='bbox 2287 5387 2346 5458; x_wconf 75' lang='lat' dir='ltr'><strong>C.</strong></span> <span class='ocrx_word' id='word_1_931' title='bbox 2428 5386 2470 5417; x_wconf 74' lang='grc'>⁸⁸</span> <span class='ocrx_word' id='word_1_932' title='bbox 2501 5383 2833 5458; x_wconf 39' lang='grc' dir='ltr'>καταϐληπ.</span> <span class='ocrx_word' id='word_1_933' title='bbox 2877 5386 2974 5458; x_wconf 81' lang='grc' dir='ltr'>τῆς</span> <span class='ocrx_word' id='word_1_934' title='bbox 3018 5400 3155 5458; x_wconf 62' lang='grc' dir='ltr'>(ιςυσ.Δ</span> <span class='ocrx_word' id='word_1_935' title='bbox 3178 5383 3286 5458; x_wconf 81' lang='grc' dir='ltr'>λαμ</span> 
     </span>
    </p>
   </div>
   <div class='ocr_carea' id='block_1_116' title="bbox 402 5453 3283 5527">
    <p class='ocr_par' dir='ltr' id='par_1_116' title="bbox 402 5453 3283 5527">
     <span class='ocr_line' id='line_1_118' title="bbox 402 5453 3283 5527; baseline -0.001 -19"><span class='ocrx_word' id='word_1_936' title='bbox 402 5457 580 5509; x_wconf 83' lang='grc' dir='ltr'>ϐόλιον</span> <span class='ocrx_word' id='word_1_937' title='bbox 613 5458 671 5519; x_wconf 87' lang='grc' dir='ltr'>Β,</span> <span class='ocrx_word' id='word_1_938' title='bbox 703 5457 974 5527; x_wconf 85' lang='grc' dir='ltr'>λαμϐάνει</span> <span class='ocrx_word' id='word_1_939' title='bbox 1006 5453 1314 5526; x_wconf 71' lang='grc' dir='ltr'>καταϐολὴν</span> <span class='ocrx_word' id='word_1_940' title='bbox 1354 5455 1507 5527; x_wconf 82' lang='grc' dir='ltr'>παρά</span> <span class='ocrx_word' id='word_1_941' title='bbox 1533 5453 1632 5526; x_wconf 85' lang='grc' dir='ltr'>τῆς</span> <span class='ocrx_word' id='word_1_942' title='bbox 1659 5453 1874 5526; x_wconf 69' lang='grc' dir='ltr'>φύσεως</span> <span class='ocrx_word' id='word_1_943' title='bbox 1901 5454 1940 5508; x_wconf 83' lang='lat' dir='ltr'><strong>C</strong></span> <span class='ocrx_word' id='word_1_944' title='bbox 1971 5455 2029 5510; x_wconf 87' lang='lat' dir='ltr'><strong>P.</strong></span> <span class='ocrx_word' id='word_1_945' title='bbox 2111 5458 2152 5488; x_wconf 86' lang='grc'>¹⁷</span> <span class='ocrx_word' id='word_1_946' title='bbox 2181 5456 2387 5527; x_wconf 88' lang='grc' dir='ltr'>παραλ.</span> <span class='ocrx_word' id='word_1_947' title='bbox 2446 5472 2554 5509; x_wconf 88' lang='lat' dir='ltr'>mn.</span> <span class='ocrx_word' id='word_1_948' title='bbox 2597 5454 2656 5527; x_wconf 68' lang='grc' dir='ltr'>Ρ.</span> <span class='ocrx_word' id='word_1_949' title='bbox 2702 5453 2785 5527; x_wconf 41' lang='grc' dir='ltr'>λθ</span> <span class='ocrx_word' id='word_1_950' title='bbox 2821 5470 2887 5527; x_wconf 44' lang='grc' dir='ltr'>κᾇ</span> <span class='ocrx_word' id='word_1_951' title='bbox 2908 5456 3012 5527; x_wconf 76' lang='grc' dir='ltr'>τὴν</span> <span class='ocrx_word' id='word_1_952' title='bbox 3036 5453 3186 5527; x_wconf 82' lang='grc' dir='ltr'>σύνθ.</span> 
     </span>
    </p>
   </div>
   <div class='ocr_carea' id='block_1_117' title="bbox 769 5526 2344 5598">
    <p class='ocr_par' dir='ltr' id='par_1_117' title="bbox 769 5526 2344 5598">
     <span class='ocr_line' id='line_1_119' title="bbox 769 5526 2344 5598; baseline 0.001 -19"><span class='ocrx_word' id='word_1_953' title='bbox 769 5528 813 5598; x_wconf 53' lang='grc' dir='ltr'>ἲο</span> <span class='ocrx_word' id='word_1_954' title='bbox 838 5527 931 5598; x_wconf 79' lang='grc' dir='ltr'>τὸν</span> <span class='ocrx_word' id='word_1_955' title='bbox 958 5526 1014 5578; x_wconf 87' lang='grc' dir='ltr'>δὲ</span> <span class='ocrx_word' id='word_1_956' title='bbox 1036 5527 1330 5598; x_wconf 56' lang='grc' dir='ltr'>ἀνθρωπον</span> <span class='ocrx_word' id='word_1_957' title='bbox 1355 5526 1476 5598; x_wconf 86' lang='lat' dir='ltr'><strong>C._P.</strong></span> <span class='ocrx_word' id='word_1_958' title='bbox 1505 5597 1513 5598; x_wconf 15' lang='grc' dir='ltr'>ί</span> <span class='ocrx_word' id='word_1_959' title='bbox 1557 5529 1598 5558; x_wconf 80' lang='grc'>¹¹</span> <span class='ocrx_word' id='word_1_960' title='bbox 1628 5527 1740 5598; x_wconf 75' lang='grc' dir='ltr'>ἔχει</span> <span class='ocrx_word' id='word_1_961' title='bbox 1770 5527 1830 5580; x_wconf 84' lang='lat' dir='ltr'><strong>C.</strong></span> <span class='ocrx_word' id='word_1_962' title='bbox 1857 5595 1867 5598; x_wconf 28' lang='grc' dir='ltr'><strong><em>Α</em></strong></span> <span class='ocrx_word' id='word_1_963' title='bbox 1897 5529 1940 5557; x_wconf 83' lang='grc'>²²</span> <span class='ocrx_word' id='word_1_964' title='bbox 1979 5529 2245 5598; x_wconf 81' lang='grc' dir='ltr'>κινήσεως</span> <span class='ocrx_word' id='word_1_965' title='bbox 2268 5528 2344 5598; x_wconf 49' lang='grc' dir='ltr'>ί).</span> 
     </span>
    </p>
   </div>
   <div class='ocr_carea' id='block_1_118' title="bbox 3327 5383 3668 5436">
    <p class='ocr_par' dir='ltr' id='par_1_118' title="bbox 3327 5383 3668 5436">
     <span class='ocr_line' id='line_1_120' title="bbox 3327 5383 3668 5436; baseline -0.009 -1"><span class='ocrx_word' id='word_1_966' title='bbox 3327 5383 3441 5436; x_wconf 87' lang='grc' dir='ltr'>άνει</span> <span class='ocrx_word' id='word_1_967' title='bbox 3499 5398 3638 5434; x_wconf 90' lang='grc' dir='ltr'>κατα</span> <span class='ocrx_word' id='word_1_968' title='bbox 3651 5411 3668 5421; x_wconf 84' lang='lat'><strong>-</strong></span> 
     </span>
    </p>
   </div>
   <div class='ocr_carea' id='block_1_119' title="bbox 3367 5453 3666 5503">
    <p class='ocr_par' dir='ltr' id='par_1_119' title="bbox 3367 5453 3666 5503">
     <span class='ocr_line' id='line_1_121' title="bbox 3367 5453 3666 5503; baseline -0.003 0"><span class='ocrx_word' id='word_1_969' title='bbox 3367 5453 3408 5484; x_wconf 85' lang='grc'>¹⁹</span> <span class='ocrx_word' id='word_1_970' title='bbox 3439 5454 3666 5503; x_wconf 76' lang='grc' dir='ltr'>ἐκτεταο·</span> 
     </span>
    </p>
   </div>
   <div class='ocr_carea' id='block_1_120' title="bbox 2420 5521 3662 5588">
    <p class='ocr_par' dir='ltr' id='par_1_120' title="bbox 2420 5521 3662 5588">
     <span class='ocr_line' id='line_1_122' title="bbox 2420 5521 3662 5588; baseline -0.001 -11"><span class='ocrx_word' id='word_1_971' title='bbox 2420 5527 2464 5557; x_wconf 68' lang='lat'>’3</span> <span class='ocrx_word' id='word_1_972' title='bbox 2493 5528 2573 5588; x_wconf 84' lang='grc' dir='ltr'>εἰς</span> <span class='ocrx_word' id='word_1_973' title='bbox 2603 5526 2661 5575; x_wconf 78' lang='grc' dir='ltr'>τὸ</span> <span class='ocrx_word' id='word_1_974' title='bbox 2700 5522 2804 5586; x_wconf 75' lang='grc' dir='ltr'>ἔξω</span> <span class='ocrx_word' id='word_1_975' title='bbox 2856 5523 2914 5586; x_wconf 90' lang='grc' dir='ltr'>Β,</span> <span class='ocrx_word' id='word_1_976' title='bbox 2962 5521 3047 5584; x_wconf 75' lang='grc' dir='ltr'>εἰς</span> <span class='ocrx_word' id='word_1_977' title='bbox 3096 5525 3165 5576; x_wconf 71' lang='grc' dir='ltr'>τὰ</span> <span class='ocrx_word' id='word_1_978' title='bbox 3206 5523 3308 5588; x_wconf 76' lang='grc' dir='ltr'>ἔξω</span> <span class='ocrx_word' id='word_1_979' title='bbox 3354 5522 3394 5576; x_wconf 88' lang='lat' dir='ltr'>C</span> <span class='ocrx_word' id='word_1_980' title='bbox 3421 5522 3480 5576; x_wconf 89' lang='grc' dir='ltr'>Ρ.</span> <span class='ocrx_word' id='word_1_981' title='bbox 3554 5521 3600 5552; x_wconf 62' lang='grc'>’⁵</span> <span class='ocrx_word' id='word_1_982' title='bbox 3629 5523 3662 5588; x_wconf 81' lang='grc' dir='ltr'>ἡ</span> 
     </span>
    </p>
   </div>
   <div class='ocr_carea' id='block_1_121' title="bbox 3302 5590 3664 5644">
    <p class='ocr_par' dir='ltr' id='par_1_121' title="bbox 3302 5590 3664 5644">
     <span class='ocr_line' id='line_1_123' title="bbox 3302 5590 3664 5644; baseline -0.008 -2"><span class='ocrx_word' id='word_1_983' title='bbox 3302 5594 3344 5624; x_wconf 84' lang='grc'>²⁷</span> <span class='ocrx_word' id='word_1_984' title='bbox 3376 5592 3442 5644; x_wconf 73' lang='grc' dir='ltr'>τὰ</span> <span class='ocrx_word' id='word_1_985' title='bbox 3486 5609 3544 5643; x_wconf 87' lang='grc' dir='ltr'>π.</span> <span class='ocrx_word' id='word_1_986' title='bbox 3575 5590 3664 5640; x_wconf 77' lang='grc' dir='ltr'>τὸν</span> 
     </span>
    </p>
   </div>
   <div class='ocr_carea' id='block_1_122' title="bbox 2611 5594 3208 5664">
    <p class='ocr_par' dir='ltr' id='par_1_122' title="bbox 2611 5594 3208 5664">
     <span class='ocr_line' id='line_1_124' title="bbox 2611 5594 3208 5664; baseline 0.008 -21"><span class='ocrx_word' id='word_1_987' title='bbox 2611 5596 2657 5626; x_wconf 78' lang='grc'>²⁶</span> <span class='ocrx_word' id='word_1_988' title='bbox 2691 5596 2848 5664; x_wconf 76' lang='grc' dir='ltr'>ἐπισυ</span> <span class='ocrx_word' id='word_1_989' title='bbox 2860 5595 3086 5664; x_wconf 85' lang='grc' dir='ltr'>ρομένου</span> <span class='ocrx_word' id='word_1_990' title='bbox 3146 5594 3208 5648; x_wconf 90' lang='lat' dir='ltr'><strong>C.</strong></span> 
     </span>
    </p>
   </div>
   <div class='ocr_carea' id='block_1_123' title="bbox 3017 5660 3662 5735">
    <p class='ocr_par' dir='ltr' id='par_1_123' title="bbox 3017 5660 3662 5735">
     <span class='ocr_line' id='line_1_125' title="bbox 3017 5660 3662 5735; baseline -0.009 -19"><span class='ocrx_word' id='word_1_991' title='bbox 3017 5666 3060 5697; x_wconf 82' lang='grc'>²⁹</span> <span class='ocrx_word' id='word_1_992' title='bbox 3094 5663 3476 5735; x_wconf 75' lang='grc' dir='ltr'>παραληπτέον</span> <span class='ocrx_word' id='word_1_993' title='bbox 3525 5661 3564 5714; x_wconf 88' lang='grc' dir='ltr'>Β</span> <span class='ocrx_word' id='word_1_994' title='bbox 3601 5660 3662 5712; x_wconf 76' lang='lat' dir='ltr'><strong>C.</strong></span> 
     </span>
    </p>
   </div>
   <div class='ocr_carea' id='block_1_124' title="bbox 2324 5663 2912 5735">
    <p class='ocr_par' dir='ltr' id='par_1_124' title="bbox 2324 5663 2912 5735">
     <span class='ocr_line' id='line_1_126' title="bbox 2324 5663 2912 5735; baseline -0.002 -19"><span class='ocrx_word' id='word_1_995' title='bbox 2324 5666 2366 5698; x_wconf 74' lang='grc'>³⁸</span> <span class='ocrx_word' id='word_1_996' title='bbox 2394 5668 2425 5735; x_wconf 80' lang='grc' dir='ltr'>ἡ</span> <span class='ocrx_word' id='word_1_997' title='bbox 2456 5667 2540 5719; x_wconf 75' lang='grc' dir='ltr'>ἐπ’</span> <span class='ocrx_word' id='word_1_998' title='bbox 2573 5665 2685 5717; x_wconf 74' lang='grc' dir='ltr'>εὖθ.</span> <span class='ocrx_word' id='word_1_999' title='bbox 2739 5663 2819 5714; x_wconf 79' lang='grc' dir='ltr'>ὀδ.</span> <span class='ocrx_word' id='word_1_1000' title='bbox 2857 5665 2912 5715; x_wconf 86' lang='grc' dir='ltr'>Β.</span> 
     </span>
    </p>
   </div>
  </div>
