4006 6158
398 252 538 308 1887

1714 237 1997 294 MELETII
2038 235 2346 293 MONAtIlll

3534 234 3675 293 i088

395 360 644 420 um‘biiici
688 357 1018 423 abscisione,
1056 363 1184 411 tunc
1212 354 1554 418 alimentum,
1603 366 1717 409 tum
1745 355 1983 424 respira-

2091 347 2333 418 ὀμφαλοῦ
2379 345 2742 416 μετάγεταιή
2779 342 2956 414 τροφὴ
3003 346 3098 396 καὶ
3139 342 3185 374 ³ο
3216 343 3464 415 ἀναπνοὴ
3490 347 3547 397 ἐν
3592 346 3676 416 τῷ

396 453 477 509 tio
513 452 582 508 ad
633 467 696 507 os
729 447 1095 520 progreditur,
1142 446 1291 514 quod
1340 444 1558 514 quidem
1612 445 1839 514 posthac
1888 444 1976 496 in-

398 546 566 601 fantis
589 544 901 597 alimentum
931 540 1016 592 lac
1043 550 1186 602 esse,
1212 537 1358 606 quod
1385 537 1592 606 optime
1623 532 1804 605 ipsum
1838 535 1969 601 alat,

398 636 657 691 omnibus
677 639 1022 702 perspectum
1052 628 1304 682 habetur.
1332 625 1441 681 Lac
1466 635 1644 680 autem
1667 626 1801 680 nihil
1830 623 1975 678 aliud

398 735 476 780 est
520 738 683 796 quam
725 721 950 790 sanguis
990 718 1047 773 in
1086 718 1367 788 genitricis
1413 717 1630 787 papillis
1671 717 1724 771 in
1771 713 1975 769 albedi-

399 832 522 872 nem
551 827 869 877 conversus,
916 824 1081 881 quem
1110 823 1376 864 venarum
1406 808 1583 862 oﬂicio
1610 823 1731 876 quae
1764 805 1980 874 amphi-

399 906 578 960 sbenae
623 910 1015 970 nuncupantur
1070 899 1140 953 ab
1172 897 1334 951 vulva
1384 897 1600 967 papillae
1648 896 1975 963 suscipiunt,

399 995 665 1064 siquidem
700 991 935 1062 papillae,
984 1003 1107 1059 qua:
1150 987 1336 1043 Graece
1384 988 1603 1057 μασθοὶ,
1652 986 1978 1041 feminarum

399 1082 670 1151 praecipue
703 1080 981 1144 dicuntur,
1016 1076 1176 1147 quasi
1210 1076 1462 1149 μασητοι,
1498 1076 1673 1131 mansi
1706 1077 1976 1139 videlicet,

400 1188 523 1226 cum
553 1172 607 1225 hi
648 1170 852 1225 affatim
893 1169 1211 1222 alimentum
1258 1166 1625 1236 suppeditent,
1663 1168 1779 1223 sive
1829 1167 1979 1237 quod

396 1262 509 1331 jam
561 1262 615 1315 in
661 1262 836 1316 lucem
863 1257 1030 1315 editis
1062 1256 1264 1312 fetibus
1306 1272 1487 1310 escam
1523 1273 1687 1324 quam
1728 1258 1827 1326 ipsi
1877 1257 1982 1328 μά-

405 1371 579 1408 στακα
611 1362 930 1422 nuncupant
970 1350 1344 1419 impertiatur;
1394 1349 1539 1404 unde
1601 1350 1976 1412 manducatio,

402 1444 549 1514 quod
606 1444 685 1497 illi
751 1444 1016 1514 μάστημα
1075 1442 1288 1504 dicunt,
1333 1441 1419 1494 \el
1475 1440 1978 1512 άπροσμάττεσθαι,

401 1535 550 1608 quod
603 1534 860 1604 applicari
908 1533 1365 1602 interpretareris,
1401 1533 1529 1601 quia
1559 1532 1691 1600 ipsis
1746 1531 1982 1586 infantes

403 1627 643 1695 primum
696 1625 1041 1694 applicantur
1075 1642 1088 1678 :
1140 1624 1256 1678 sive
1288 1622 1434 1692 quod
1465 1638 1496 1675 a
1529 1622 1862 1677 lactentibus
1898 1622 1981 1676 in-

2085 442 2348 510 στόματι·
2384 441 2416 508 ἡ
2462 436 2519 490 δὲ
2554 437 2692 507 μετὰ
2716 436 2890 489 ταῦτα
2924 434 3101 507 τροφὴ
3128 433 3223 488 τοῦ
3267 433 3506 506 βρέφους
3537 439 3675 490 πᾶσι

2083 532 2217 602 δήλη
2261 531 2304 563 ³⁸
2335 530 2454 583 ἐστὶ
2476 528 2535 582 τὸ
2566 528 2734 582 καλὸν
2768 530 2852 593 εἰς
2882 527 3197 598 ἀνατροφὴν
3228 527 3274 559 ³¹
3306 528 3417 581 τῶν
3454 528 3675 601 βρεφῶν

2083 624 2247 693 γάλα.
2300 622 2470 675 Οὐδὲν
2498 621 2556 674 δέ
2584 622 2703 674 ἐστι
2746 620 2890 689 γάλα.
2927 620 2971 651 ³⁸
3004 620 3038 690 ἢ
3070 615 3211 689 αἷμα
3246 617 3675 688 λευκαινόμενον

2085 717 2145 769 ὲν
2169 718 2281 778 τοῖς
2306 708 2535 783 μαστοῖς
2567 713 2613 744 ³⁵
2651 712 2761 765 τῶν
2788 712 3043 783 μητέρων
3075 711 3228 782 παρά
3257 710 3369 762 τῶν
3396 711 3674 780 άμφιϐαι-

2084 808 2283 861 νόντων
2309 805 2352 837 ³⁸
2371 803 2589 873 φλεϐῶν
2605 804 2712 856 τῶν
2737 805 2845 856 ἀπὸ
2874 804 2974 872 τῆς
3006 804 3242 874 μήτρας,
3268 801 3429 854 τοῦτο
3450 801 3511 854 τὸ
3528 797 3675 873 αἷμα.

2085 897 2393 969 δεχομένων
2423 897 2489 950 ³⁸.
2521 894 2758 949 Μαστοὶ
2804 893 2860 947 δὲ
2893 894 2936 925 ⁸⁷
2968 893 3178 965 κυρίως
3209 891 3303 945 ἐπὶ
3334 891 3444 945 τῶν
3478 908 3674 959 γυναι-

2086 987 2197 1043 κῶν
2247 988 2313 1053 ³⁸,
2347 984 2459 1041 οἷον
2492 985 2764 1055 patrato!
2786 1003 2799 1016 ·
2833 978 2979 1038 οὗτοι
3020 983 3127 1053 γὰρ
3163 981 3346 1045 ἄλλοις
3391 983 3598 1053 τροφή·
3634 980 3672 1051 ἦ

2086 1081 2195 1135 ἀπὸ
2245 1079 2340 1135 τοῦ
2392 1080 2491 1151 τὴν
2539 1081 2832 1151 μάστακα,
2866 1079 3114 1132 τουτέστι
3163 1078 3263 1149 τὴν
3302 1077 3511 1148 τροφὴν
3556 1081 3675 1142 τοῖς

2085 1173 2453 1242 γεννωμένοις
2497 1172 2796 1243 παρέχων’
2835 1170 2931 1239 ἀφ’
2965 1166 3033 1241 ἧς
3082 1169 3177 1223 κα)⁸
3206 1170 3269 1223 τὸ
3317 1170 3584 1240 μάσημα·
3631 1169 3671 1240 ἦ

2087 1263 2194 1316 ἀπὸ
2235 1262 2330 1315 τοῦ
2382 1261 2834 1333 προσμάττεσθαι
2888 1262 2985 1314 καὶ
3025 1260 3407 1332 προσφύεσθαι
3455 1259 3673 1325 τούτοις

2088 1353 2327 1424 πρώτοις
2358 1355 2401 1386 ³⁸
2429 1354 2496 1408 τὰ
2530 1353 2703 1424 βρέφη
2727 1372 2741 1384 ·
2773 1353 2807 1423 ἢ
2832 1352 2940 1408 ἀπὸ
2966 1352 3059 1405 τοῦ
3086 1354 3189 1406 ὑπὸ
3222 1352 3330 1405 τῶν
3358 1351 3672 1423 θηλαζομέ-

2086 1463 2192 1497 νων
2217 1445 2556 1498 ἐπισπᾶσθαι
2588 1443 2663 1476 "°'
2697 1444 2730 1514 ἦ
2765 1443 2919 1514 παρά
2944 1443 3007 1496 τὸ
3036 1442 3182 1511 μαίω
3213 1441 3274 1495 τὸ
3310 1439 3461 1511 ζητῶ
3488 1459 3503 1472 ο
3528 1440 3589 1494 ὃν
3622 1441 3669 1472 δι

2087 1536 2444 1610 ἐπιζητοῦσιν
2478 1538 2528 1590 οἱ
2557 1537 2748 1600 παῖδες
2805 1537 2852 1568 δ’
2879 1536 2939 1601 ἐξ
2966 1532 3027 1592 οὗ
3062 1537 3157 1590 καὶ
3182 1540 3386 1608 μήτηρ,
3412 1539 3446 1607 ἡ
3473 1536 3673 1608 ζητουο

2091 1632 2225 1702 μένη
2280 1633 2434 1702 παρὰ
2480 1631 2591 1685 τῶν
2638 1631 2846 1686 παίδων
2876 1632 2924 1663 ⁸³
2973 1639 2985 1656 ‘
3013 1649 3029 1665 '
3069 1631 3102 1700 ἢ
3136 1633 3169 1702 ἡ
3206 1631 3550 1702 μαστεύουσα
3600 1634 3675 1687 τά

403 1716 646 1773 fantibus
673 1718 980 1780 trahantur,
1016 1730 1047 1769 a
1078 1714 1271 1770 Grmco
1300 1714 1658 1781 ἐπισπᾶσθαι,
1695 1715 1842 1785 quod
1873 1725 1983 1769 tra-

2091 1723 2223 1792 πρὸς
2275 1721 2484 1794 τροφὴν
2536 1725 2652 1786 τοῖς
2703 1722 2990 1795 κυηθεῖσιν
3046 1723 3133 1755 ⁸³·
3187 1724 3222 1794 ἢ
3284 1725 3370 1778 ὅτι
3423 1723 3671 1793 φυσικῶς

405 1808 534 1862 bere
557 1806 788 1870 diceres,
841 1806 955 1860 sive
980 1819 1011 1859 a
1043 1804 1208 1874 μαίω,
1245 1804 1390 1873 quod
1419 1819 1651 1873 quazrere
1689 1805 1976 1874 signiﬁcat,

404 1897 534 1966 quia
576 1910 670 1951 eas
713 1897 862 1964 pueri
909 1902 1158 1964 quaerant
1192 1894 1354 1959 unde,
1403 1904 1456 1948 et
1511 1903 1686 1948 mater
1734 1909 1763 1949 a
1803 1897 1982 1964 pueris

404 1989 632 2056 quaesita
677 1986 907 2053 dicitur;
955 1985 1070 2041 sive
1112 1986 1258 2055 quod
1297 2000 1421 2055 qua:
1452 1984 1521 2039 ad
1571 1984 1716 2042 fetus
1750 1988 1980 2043 alimen-

407 2089 519 2132 tum
558 2078 866 2132 necessaria
909 2084 1039 2131 sunt
1085 2085 1333 2147 quaerat;
1361 2085 1478 2143 aut,
1515 2077 1660 2147 quod
1697 2088 1905 2134 naturze
1930 2081 1981 2135 vi

2089 1813 2229 1867 αὐτὰ
2260 1811 2308 1844 ⁸⁵
2367 1814 2630 1884 μαστεύει
2684 1814 2783 1870 καὶ
2840 1814 2996 1884 ζητεῖ
3053 1814 3124 1868 τά
3173 1814 3540 1886 γεννηθέντα·
3586 1814 3674 1868 ότι

2090 1904 2185 1957 καὶ
2210 1905 2255 1936 ’⁵⁸
2281 1905 2500 1974 μαίωτὸ
2528 1905 2677 1975 ζητῶ
2705 1907 2844 1970 ὲστι,
2877 1907 3043 1976 φησὶν
3068 1907 3341 1978 ’Όμηρος
3364 1904 3673 1976 Μαιομένη

2090 1993 2438 2064 κευθμῶνα·
2471 1996 2535 2048 ὲκ
2558 1995 2748 2048 τούτου
2781 1997 2876 2049 καὶ
2922 1999 3057 2067 μαῖα
3094 1998 3128 2067 ἠ
3170 1997 3313 2052 κατὰ
3355 1996 3595 2069 γαστρὸς
3623 1995 3673 2026 ⁸⁸

2089 2086 2201 2140 τῶν
2230 2086 2511 2155 γυναικῶν
2540 2074 2786 2155 ζήτοῦσα
2817 2086 2885 2141 τὰ
2912 2087 3117 2158 βρέφη.

405 2166 497 2220 illa
532 2182 654 2236 quae
688 2175 1024 2238 generantur
1059 2182 1156 2222 eas
1187 2166 1486 2237 inquirant.
1514 2170 1668 2235 Quod
1706 2185 1834 2250 vero
1858 2172 1988 2227 illud
2024 2177 2168 2245 μαίω
2221 2189 2401 2247 quam
2454 2177 2742 2248 signiticet,
2784 2179 2927 2250 apud
2969 2177 3266 2234 Homerum
3297 2189 3402 2244 est,
3438 2181 3532 2250 qui
3564 2179 3665 2242 ait,

407 2258 682 2329 μαιομένη
715 2257 1042 2328 κευθμόνας,
1089 2257 1140 2313 id
1176 2265 1279 2321 cst,
1328 2273 1451 2328 quae
1499 2258 1739 2316 latebras
1766 2241 1983 2331 quaerit,

2091 2267 2175 2322 Ide
2203 2241 2257 2323 et
2295 2241 2666 2336 obstetricem,
2696 2241 2835 2340 quae.
2886 2269 2957 2325 ab
2997 2269 3132 2340 ipsis
3188 2269 3325 2340 μαία
3349 2241 3570 2336 dicitur,
3601 2241 3668 2328 es

404 2365 473 2406 eo
511 2349 658 2419 quod
691 2362 841 2404 utero
873 2350 1105 2403 latentes
1151 2350 1389 2404 infantes
1419 2360 1630 2420 quaerat
1657 2353 1859 2407 dictam
1895 2365 2171 2424 putamus.

477 2439 663 2493 Infans
712 2453 877 2501 vero,
927 2439 1022 2507 qui
1080 2437 1268 2493 Graece
1339 2438 1540 2511 βρέφος
1599 2441 1800 2497 dicitur
1840 2444 1993 2516 παρὰ

405 2530 469 2583 τὸ
505 2528 717 2582 δέεσθαι
757 2527 987 2599 φορϐῆς,
1027 2544 1095 2585 ex
1159 2542 1226 2584 eo
1275 2531 1421 2600 quod
1489 2531 1732 2586 alimenti
1776 2532 1995 2603 indigus

408 2622 502 2686 sit,
539 2621 686 2691 quod
724 2621 792 2676 ab
834 2621 942 2677 illis
996 2619 1174 2694 φορὸὴ
1211 2621 1596 2677 denominatur
1619 2664 1635 2690 ,
1667 2626 1991 2695 appellatus.

407 2712 653 2784 Corpore
699 2713 885 2785 igitur,
917 2727 1018 2767 nec
1057 2727 1164 2767 non
1230 2721 1659 2782 temperamento
1686 2754 1701 2780 ,
1731 2717 1876 2786 quod
1926 2731 1994 2772 ex

407 2805 694 2861 elementis
753 2805 1020 2885 provenit,
1046 2820 1171 2860 cum
1221 2803 1417 2859 animae
1460 2808 1775 2876 expertibus
1823 2810 1987 2863 homo

407 2897 797 2963 communicat,
850 2913 973 2952 cum
1031 2896 1298 2967 stirpibus
1341 2911 1496 2964 vero,
1546 2905 1660 2951 tum
1707 2898 1813 2964 his,
1870 2910 1984 2953 tum

2160 2447 2392 2517 Βρέφος
2433 2448 2490 2502 δὲ
2544 2448 2762 2520 εἴρηται
2796 2447 2949 2521 παρὰ
2998 2448 3061 2502 τὸ
3091 2450 3310 2504 δέεσθαι
3352 2451 3595 2523 φορϐῆς,
3641 2455 3675 2507 ὅ

2088 2540 2207 2592 ἐστι
2253 2541 2461 2611 τροφῆς
2497 2539 2542 2572 ‘7
2570 2557 2584 2570 ·
2633 2543 2887 2594 κοινωνεί
2917 2535 3011 2595 οὖν
3043 2540 3089 2573 ’⁵⁸
3141 2544 3257 2605 τοῖς
3301 2541 3403 2612 μὲν
3440 2542 3675 2613 ἀψύχοις

2091 2629 2237 2684 κατὰ
2285 2631 2347 2683 τὸ
2397 2630 2592 2700 σῶμα,
2630 2631 2727 2684 καὶ
2759 2631 2859 2702 τὴν
2899 2630 3009 2685 άπὸ
3058 2631 3169 2686 τῶν
3204 2632 3488 2705 τεσσάρων
3522 2649 3672 2686 στοι-

2093 2739 2151 2793 χε
2164 2721 2257 2775 ίων
2280 2722 2325 2755 δ’
2354 2723 2554 2793 κρᾶσιν
2580 2722 2628 2753 ⁸⁰
2646 2738 2658 2753 ·
2691 2725 2806 2786 τοῖς
2833 2722 2891 2776 δὲ.
2917 2726 3108 2791 φυτοῖς
3130 2724 3273 2778 κατά
3302 2740 3360 2776 τε
3392 2723 3564 2779 ταῦτα
3599 2725 3670 2787 ⁵⁸,

2094 2813 2190 2866 καὶ
2217 2813 2316 2883 τὴν
2344 2810 2645 2884 θρεπτικὴν
2676 2816 2770 2868 καὶ
2794 2815 2895 2884 τὴν
2926 2815 2972 2847 ⁸³
2998 2814 3390 2886 σπερματικὴν
3418 2815 3670 2887 δύναμιν-

2092 2906 2205 2966 τοῖς
2236 2904 2291 2956 δὲ
2333 2904 2572 2971 ἀλόγοις,
2611 2907 2704 2957 καὶ
2743 2907 2801 2957 έν
2849 2905 3065 2971 τούτοις
3100 2908 3221 2977 μὲν,
3268 2907 3327 2973 ἐξ
3368 2907 3672 2979 ὲπιμέτρου

408 2988 635 3058 vegetali
684 2988 1047 3059 setninalique
1078 2987 1352 3043 facultate.
1420 2987 1558 3042 Cum
1607 2989 1694 3043 his
1745 2989 1849 3059 ιο
1891 3006 1983 3044 au-

2093 2994 2172 3059 δὲ,
2204 2996 2346 3047 κατά
2385 3012 2444 3047 τε
2485 2996 2583 3065 τὴν
2628 2997 2753 3050 καθ’
2785 2998 2960 3069 ὁρμὴν
3003 2998 3049 3031 ⁸³
3080 3000 3332 3071 κίνησιν,
3383 3001 3479 3055 καὶ
3530 3002 3677 3055 κατὰ

409 3086 518 3131 tem
569 3092 693 3147 qua:
724 3077 936 3131 ratione
988 3086 1198 3141 carent,
1250 3086 1445 3146 praeter
1473 3092 1536 3131 ea
1571 3094 1692 3147 quae
1720 3079 1984 3145 diximus,

409 3169 741 3231 sensualem,
772 3166 1188 3235 respirandique
1221 3168 1516 3235 potentiam
1559 3167 1708 3237 justa
1759 3186 1990 3239 propor-

410 3258 560 3311 tione
612 3270 961 3310 communem
1001 3255 1202 3308 habet:
1241 3255 1357 3308 haec
1398 3255 1544 3308 enim
1579 3266 1775 3310 cuncta
1812 3257 1988 3310 homi-

411 3349 577 3404 nibus
631 3362 755 3403 cum
808 3347 1036 3403 rationis
1074 3345 1432 3415 expertibus,
1484 3346 1585 3401 etsi
1649 3362 1756 3401 non
1806 3349 1990 3402 omnia

411 3439 669 3495 omnibus
687 3437 1003 3491 communia
1026 3444 1176 3491 sunt.
1207 3434 1372 3505 Atqui
1399 3436 1470 3491 ob
1496 3436 1823 3492 rationalem
1851 3439 1987 3503 vim,

411 3545 538 3587 cum
576 3530 829 3584 idoneum
878 3528 1054 3584 aetatis
1092 3536 1308 3597 tempus
1334 3526 1501 3582 fuerit
1529 3539 1743 3596 nactus,
1778 3531 1989 3600 singula

413 3620 912 3684 animadvertendo,
929 3618 1303 3690 intelligendo,
1320 3634 1385 3674 ac
1413 3619 1783 3689 dijudicando,
1806 3621 1990 3675 incor-

415 3714 597 3783 poreis
627 3713 1194 3782 intellectualibusque
1220 3711 1432 3767 naturis
1474 3726 1699 3782 compar
1732 3711 1987 3768 eiIicilur.

411 3807 611 3861 Anima
643 3821 772 3860 vero
795 3806 864 3860 ab
888 3806 1045 3860 initio
1062 3820 1187 3860 cum
1205 3803 1436 3869 semine,
1469 3812 1527 3857 ut
1554 3798 1989 3872 sapientissimus

412 3897 707 3967 Gregorius
725 3897 986 3963 scriptum
1005 3896 1245 3967 reliquit,
1262 3909 1385 3949 cum
1404 3909 1633 3964 corpore
1647 3895 1922 3950 contexitu
1932 3911 1984 3964 r5

413 3991 530 4044 lieri
584 3989 729 4042 enim
780 4003 887 4041 non
944 3996 1144 4057 potest,
1191 3987 1403 4055 inquit,
1470 3986 1548 4040 uti
1587 3985 1985 4051 existimemus,

412 4080 585 4150 ipsam
631 4079 869 4134 animam
901 4080 1091 4134 alienae
1123 4078 1469 4134 mdilicationi
1517 4092 1818 4148 congruere
1841 4119 1857 4146 ,
1908 4081 1989 4136 sic

412 4173 493 4227 uti
544 4186 645 4228 nec
693 4173 929 4245 sigillum
988 4188 1128 4229 ceras
1192 4173 1527 4244 impressum
1581 4173 1989 4230 accommodari

411 4265 602 4321 alienae
656 4265 877 4336 imagini
932 4265 1044 4321 ullo
1094 4272 1254 4336 pacto
1303 4279 1487 4335 posse.

2088 3085 2188 3155 τὴν
2226 3086 2405 3155 ὄρεξιν
2437 3087 2532 3139 καὶ⁹
2568 3087 2657 3140 τδν
2700 3087 2900 3158 θυμὸν,
2938 3091 3034 3143 καὶ
3069 3090 3168 3160 τὴν
3201 3091 3533 3163 αἰσθητικὴν
3576 3092 3674 3146 καὶ

2089 3177 2529 3248 ἁναπνευστικὴν
2570 3178 2804 3249 δύναμιν
2834 3195 2849 3208 °
2895 3180 3073 3235 ταῦτα
3116 3182 3226 3252 γὰρ
3262 3181 3481 3236 ἅπαντα
3517 3181 3675 3237 κοινά

2089 3270 2203 3330 τοῖς
2233 3268 2544 3339 ἀνθρώποις
2570 3271 2664 3322 καὶ
2698 3272 2812 3333 τοῖς
2846 3271 3067 3340 ἀλόγοις
3095 3274 3247 3327 ἐστὶν
3278 3272 3347 3340 ⁵⁵,
3375 3276 3426 3328 εἰ
3456 3275 3552 3328 καὶ
3592 3276 3669 3344 μὴ

2090 3361 2227 3413 πᾶσι
2257 3361 2435 3414 πάντα
2463 3360 2531 3425 ⁵⁵,
2565 3361 2701 3416 ἀλλὰ
2747 3362 2793 3393 ⁵⁸
2825 3362 2919 3416 καὶ
2963 3363 3052 3417 διὰ
3081 3364 3174 3417 τοῦ
3215 3364 3437 3434 λογικοῦ
3470 3367 3514 3400 ⁸⁷
3549 3368 3671 3430 ταῖς

2091 3451 2406 3521 ἀσωμάτοις
2436 3454 2531 3505 καὶ
2586 3456 2801 3524 νοεραῖς
2843 3454 3174 3509 συνάπτεται
3226 3457 3452 3526 φύσεσιν
3499 3458 3546 3490 ⁸⁸
3588 3459 3671 3520 εἰς

2095 3541 2293 3611 μέτρον
2332 3542 2552 3612 ἡλικίας
2584 3543 2739 3597 ἐλθόν
2765 3560 2778 3575 ⁸
2815 3545 2860 3576 ⁵³
2908 3545 3261 3617 λογιζόμενος
3287 3550 3383 3603 καὶ
3407 3549 3543 3603 νοῶν
3568 3548 3668 3602 καὶ

2092 3632 2291 3701 κρίνων
2321 3633 2550 3686 ἕκαστα.
2614 3634 2676 3686 'll
2708 3634 2766 3687 δὲ
2809 3634 2954 3707 ψυχὴ
2983 3636 3226 3709 άρχῆθεν
3258 3639 3356 3691 σὺν
3386 3641 3451 3709 τῇ
3494 3640 3676 3710 σπορᾷ

2090 3725 2168 3795 τῷ
2200 3724 2413 3795 σώματι
2451 3726 2898 3794 συνεξυφαίνεται
2933 3729 2979 3760 ⁶⁰
3007 3745 3021 3760 ·
3055 3728 3241 3793 καθὼς
3283 3730 3380 3784 καὶ
3416 3733 3445 3785 ό
3490 3731 3672 3801 σοφὼ-

2089 3828 2250 3878 τατος
2279 3815 2583 3888 Γρηγόριος
2614 3818 2855 3889 ἔγραψεν
2880 3836 2894 3849 ·
2948 3820 3087 3873 Οὐδὲ
3121 3823 3231 3892 γάρ
3269 3816 3410 3875 εἶναι
3438 3861 3453 3886 ,
3506 3824 3666 3891 φησι,

2089 3903 2313 3957 δυνατὸν
2334 3904 2666 3976 λογιζόμεθα
2692 3907 3003 3980 ἀλλοτρίαις
3034 3911 3347 3980 οἰκοδομαῖς
3374 3911 3472 3982 τὴν
3492 3911 3673 3983 ψυχὴν

2091 3994 2492 4065 ἐναρμόζεσθαι
2526 3997 2567 4027 ⁶¹
2592 4013 2605 4026 ’
2640 3996 2716 4060 ὡς
2764 4000 2866 4052 οὐκ
2912 3998 3029 4052 ἔστι
3062 3998 3160 4070 τὴν
3203 4002 3263 4053 ὲν
3301 3998 3379 4070 τῷ
3419 3999 3578 4070 κηρῷ
3624 4001 3669 4032 ⁸³

2092 4085 2364 4155 σφραγῖδα
2398 4087 2534 4158 πρὸς
2566 4086 2859 4160 ἀλλοτρίαν
2895 4089 3244 4162 ἁρμοσθῆναι
3282 4089 3499 4162 γλυφὴν
3533 4090 3601 4144 ⁸³.

483 4354 949 4423 Quemadmodqu
968 4357 1112 4413 enim
1153 4371 1340 4412 semen
1371 4371 1437 4411 ex
1471 4355 1699 4412 minimo
1728 4361 1983 4428 quodam,

2127 4447 2140 4455 ι
2162 4353 2431 4455 καθάπερ
2470 4355 2580 4430 γάρ
2610 4358 2658 4392 ⁸⁸
2687 4360 2751 4412 τὸ
2784 4360 3010 4435 σπέρμα
3049 4365 3116 4418 ὲκ
3147 4363 3492 4435 βραχυτάτου
3532 4365 3671 4435 πρὸς

413 4448 480 4503 ad
514 4448 645 4504 illud
664 4448 809 4519 quod
844 4446 1141 4519 perfectum
1172 4455 1256 4501 est
1288 4446 1573 4518 redigitur,
1613 4448 1685 4503 ita
1705 4459 1759 4504 et
1792 4450 1983 4505 anima:

2091 4447 2154 4501 τὸ
2195 4448 2403 4503 τέλειον
2443 4449 2490 4483 ⁸⁸
2544 4451 2794 4521 πρόεισιν
2817 4495 2834 4522 ,
2880 4453 3027 4510 οὕτω
3066 4456 3114 4489 ⁸⁸
3143 4456 3240 4511 καὶ
3276 4459 3308 4530 ὴ
3354 4458 3455 4529 τῆς
3494 4458 3671 4529 ψυχῆς

412 4538 578 4605 actio,
608 4548 755 4594 recta
776 4540 985 4592 ratione
1014 4538 1261 4606 subjecto
1287 4538 1505 4608 corpori
1556 4539 1885 4613 insita,cum
1923 4558 1989 4596 eo

414 4630 579 4686 simul
622 4630 993 4686 accessionem
1048 4630 1557 4701 incrementumque
1597 4634 1779 4687 sentit.
1802 4632 1989 4703 Siqui-

2090 4539 2344 4611 ἐνέργεια
2371 4541 2722 4614 καταλλήλως
2761 4547 3187 4620 έμφυτευομένη
3234 4550 3277 4581 ⁸⁷
3326 4549 3406 4620 τῷ
3445 4550 3670 4604 ὑποκει-

2093 4632 2242 4703 μένῳ
2271 4635 2647 4689 συνεπιδίδωσι
2672 4638 2716 4668 ⁸⁸
2748 4640 2842 4692 καὶ
2873 4642 3198 4707 συναύξεται
3246 4642 3487 4713 σώματι.
3530 4644 3671 4714 Προ-

412 4720 559 4784 dem,
597 4721 727 4777 sola:
756 4720 896 4790 ejus,
919 4721 1196 4791 vegetalis,
1221 4721 1548 4790 auctivaque
1583 4720 1901 4789 facultates,
1931 4725 1983 4778 in

2091 4727 2308 4793 ηγεῖται
2345 4726 2446 4797 μὲν
2478 4726 2587 4797 γὰρ
2632 4729 2806 4801 αὐτῆς
2835 4732 2895 4785 ὲν
2933 4735 2998 4803 τῇ
3028 4733 3220 4805 πρώτῃ
3253 4738 3571 4805 κατασκευῇ
3603 4736 3667 4799 ⁸³,

412 4812 584 4883 prima
607 4813 996 4867 constitutione
1024 4827 1121 4866 ccu
1148 4810 1301 4866 radix
1328 4814 1574 4881 quaedam
1606 4821 1765 4868 terra:
1790 4830 1984 4870 recon-

482 5012 529 5045 ³⁰
566 5013 662 5066 καὶ
690 5012 724 5081 ἠ
748 5012 946 5064 άναπν.
974 5012 1014 5062 C
1042 5012 1104 5061 P.
1182 5012 1225 5038 "
1249 5012 1406 5075 δῆλον
1428 5012 1493 5063 C.
1565 5012 1597 5039 ³¹

409 5084 452 5139 C
478 5082 540 5136 P.
616 5083 659 5114 "
696 5078 1039 5152 μασθοῐς
1137 5078 1180 5110 ³⁵
1215 5077 1506 5152 ὸ.μ.ιι>ισόεν⁸
1531 5078 1597 5130 Α.

413 5217 642 5293 μάσθοϊς
670 5220 1000 5293 πρώτοις-Ρ.
1093 5218 1292 5293 “dum:
1320 5217 1522 5293 om._B_.

409 5287 516 5346 τῶν
544 5287 789 5361 δηλονότι
819 5287 1222 5361 ὲπιξητουμένη
1259 5288 1320 5361 ΡΣ

409 5356 673 5435 γαστρῐο
704 5360 765 5435 P_.
874 5360 917 5435 ’ξ’
942 5356 1253 5435 ᾕτοιςτροφ.
1287 5356 1350 5413 C.

412 5426 566 5488 κατά
579 5450 643 5501 γε
666 5431 838 5485 ταῦτα
869 5429 910 5485 C
939 5426 1002 5483 Ρ.
1076 5426 1247 5501 ’ξ’τῂν
1275 5442 1384 5501 oin.
1545 5427 1591 5458 ³³
1622 5426 1789 5501 κ-αθορ

1418 5287 1464 5318 ⁸³
1490 5290 1603 5343 haec
1632 5303 1739 5342 om.
1780 5287 1840 5340 Β.

2085 4810 2198 4870 οἷον
2228 4816 2389 4890 ῥίζης
2417 4821 2562 4885 τινὸς
2595 4824 2661 4894 τῇ
2693 4826 2764 4895 γῇ
2791 4826 3298 4898 κατακρυφθεὶσης,
3330 4830 3365 4897 ἡ
3401 4826 3671 4897 αὐξητικὴ

690 5011 946 5081 ήάναπν.
974 5005 1104 5062 CP.
1182 5008 1225 5038 ³¹
1249 5006 1406 5075 δῆλον
1428 5005 1493 5063 C.
1565 5008 1610 5039 ³²
1637 5008 1881 5079 δηλονότι
1930 5009 2074 5077 γάλα
2125 5013 2205 5076 εἰς
2241 5012 2436 5084 άνατρ.
2500 5014 2665 5068 αὐτοῦ
2704 5014 2745 5068 C
2773 5015 2834 5070 P.
2911 5016 2956 5048 ³³
2990 5015 3201 5070 ἔστιδὲ
3252 5018 3339 5088 (τό
3387 5020 3476 5089 Ρ,)
3531 5021 3669 5089 γάλα

696 5078 1039 5157 vastities.-
1137 5078 1180 5110 "
1215 5077 1597 5157 δεξιφιςὲεωο
1691 5078 1736 5110 ³⁸
1777 5078 2030 5157 μητέρυυ
2079 5084 2207 5157 περὶ
2260 5082 2360 5157 τᾲς
2429 5083 2635 5157 censa:
2690 5085 2791 5149 τὰς
2855 5087 2966 5139 ἀπὸ
3015 5086 3119 5156 τῆς
3171 5090 3387 5157 μήτρας
3429 5092 3490 5144 τδ
3535 5087 3669 5157 αἷμα

410 5101 452 5139 [Α
478 5101 540 5136 I’.
616 5101 659 5114 ’Π
696 5101 918 5152 μασυοις
971 5101 1039 5133 ﬂ.
1137 5101 1180 5110 "
1215 5101 1491 5148 αμφισυεν
1531 5101 1597 5130 tl.
1691 5101 1736 5110 ’⁷
1777 5101 1983 5149 μητερα

410 5153 711 5223 δεχομένας
753 5149 815 5206 C.
908 5149 953 5180 ³⁷
984 5148 1042 5201 ἑὲ
1092 5162 1201 5201 om.
1240 5149 1298 5202 Β.
1377 5147 1421 5179 ³⁸
1449 5147 1699 5215 λέγονται
1753 5152 1876 5204 achl.
1909 5149 1983 5204 (Ξῖ

415 5225 642 5270 uad-Boi:
670 5220 909 5270 πρώτοις
940 5220 1000 5270 Ρ.
1093 5218 1138 5250 ⁸⁸
1170 5220 1282 5270 11ωο
1320 5232 1431 5270 om.
1460 5217 1522 5270 B.
1620 5217 1664 5248 ἠ
1694 5210 1768 5270 ὧν
1802 5217 1859 5270 Β.
1939 5219 1983 5250 ⁶²

2091 5101 2207 5152 περι
2260 5101 2360 5167 τίις
2429 5101 2635 5154 φΛεοας
2690 5101 2791 5149 τας
2855 5101 2966 5139 απο
3015 5103 3119 5156 της
3171 5101 3387 5159 μητρας
3429 5101 3490 5144 τὸ
3535 5101 3670 5161 αἱμα

2137 5153 2181 5185 ³⁹
2215 5169 2429 5205 τουτοιν
2483 5156 2597 5206 τοῖν
2655 5157 2880 5220 μαστοῖν
2926 5157 3190 5225 πρότερον
3226 5159 3288 5220 C,
3324 5159 3537 5223 τούτοις
3560 5165 3670 5225 τοῖς

2093 5220 2165 5270 ιζ-
2196 5222 2306 5270 γὰο
2332 5225 2460 5270 τοὺς
2487 5226 2725 5270 μαστοὺς
2749 5226 2816 5270 τὰ
2852 5224 3022 5270 Boiam
3047 5227 3087 5270 (ἶ
3119 5226 3174 5270 Ρ-
3250 5227 3317 5260 δι’
3349 5231 3381 5270 lx
3411 5231 3544 5270 enn"
3576 5234 3670 5270 mn.

1694 5220 1768 5271 ῶν
1802 5220 1859 5271 Β.
1939 5220 1983 5250 δ’
2017 5220 2165 5308 ἔετςιιζζ
2196 5222 2306 5347 γάρ
2332 5225 2460 5285 τοὺς
2486 5226 2725 5294 μαστοὺς
2749 5226 2816 5276 τά
2851 5220 3022 5295 βρέφη

1694 5304 1739 5342 n.
1780 5287 1840 5340 Β.
1939 5289 1987 5321 ³⁸
2014 5308 2213 5355 αυτους
2292 5333 2304 5347 .
2401 5292 2447 5325 ⁵³
2479 5293 2536 5346 δὲ
2569 5292 2692 5347 BC.
2792 5294 2896 5355 Μ’ἢ
2945 5313 3022 5348 και

1453 5356 1498 5389 ⁸⁸
1536 5357 1668 5429 γοῦν
1703 5357 1766 5429 Β,
1790 5357 1900 5429 γάρ
1930 5357 1992 5411 Ρ.
2081 5361 2126 5395 ⁸⁵
2149 5363 2425 5429 τεττάρων
2454 5365 2519 5417 Α.
2615 5364 2662 5395 ⁵ο

1797 5428 1902 5498 μὴν
1930 5431 1989 5483 C.
2066 5430 2111 5462 ”
2140 5432 2277 5485 εἰσιν
2301 5428 2365 5487 C.

2137 5151 2181 5225 i9
2215 5151 2453 5225 τούτοιν
2483 5156 2597 5206 τοῖν
2655 5157 2880 5225 μαστοῖν
2926 5151 3190 5225 πρότερον
3226 5151 3299 5220 (ἓξ
3324 5151 3537 5223 τούτοις
3560 5151 3671 5225 τοῖς

3047 5227 3087 5301 (ᾖ
3115 5226 3200 5301 P._
3250 5227 3384 5301 δ”-ἡ
3411 5231 3544 5301 παρ’
3576 5234 3671 5283 at}-

2863 5297 2896 5367 ὴ
2945 5297 3091 5370 κατὰ
3119 5296 3250 5370 τοὺς
3287 5296 3577 5370 τόχουςέν
3605 5302 3669 5370 τῇ

2695 5362 2855 5439 φύσιν
2884 5362 3079 5439 κρᾶσιν
3096 5368 3139 5439 ,Α
3152 5407 3178 5439 ._
3226 5369 3298 5439 4‘7’
3329 5362 3671 5439 ἐξομοιοῦτᾱὶ

2440 5433 2700 5509 ξζπάντα
2721 5437 2877 5509 Δπιῖισι
2900 5433 2965 5509 ΔΒ.
3061 5438 3121 5509 ’ᾗ
3133 5437 3199 5509 τό
3218 5437 3359 5500 ζῶον
3396 5433 3437 5491 δ’
3460 5440 3671 5509 ἄνθρω-

2401 5292 2447 5325 ⁵³
2479 5292 2536 5346 δὲ
2569 5292 2607 5345 Β
2631 5295 2692 5347 C.
2792 5294 2839 5327 “

409 5496 729 5593 30:92.“
750 5502 794 5532 ⁸⁷
824 5496 1229 5593 λὲογιστικυοῖίιϐ.
1283 5497 1349 5593 “:3
1382 5498 1669 5593 τάξεξινΔΟ
1707 5496 2386 5593 ΡᾷἰλδθυὲλθόνιΑᾺὲλθςοζν
2414 5500 2463 5593 (ξ
2489 5500 2580 5593 Ι)ἲς
2638 5504 2682 5536 ⁶⁰
2716 5504 3061 5593 έξυφαένεῖα.
3093 5506 3133 5559 Β
3392 5496 3671 5593 συναρμὀ·

409 5566 597 5635 ζεσθαι
617 5571 659 5625 0
686 5570 750 5625 Ρ.
842 5566 1094 5638 ⁶²⁷καιρῴ
1123 5566 1181 5621 Β.
1283 5567 1328 5638 σθ
1356 5566 1572 5638 γραφὴν
1598 5568 1664 5621 Α.
1741 5566 1788 5599 ⁸⁵
1808 5567 1866 5619 δὲ
1897 5567 1957 5622 Β.

411 5640 451 5691 Β
482 5642 523 5695 Ρ
550 5641 731 5696 interi.
795 5640 839 5672 ⁸⁸
868 5635 1261 5703 συνεπιδίδοται
1288 5635 1329 5692 C
1370 5635 1433 5691 P.

2062 5571 2108 5603 "
2133 5573 2286 5635 τέλος
2318 5571 2377 5636 Β,
2408 5570 2470 5626 τὸ
2498 5572 2701 5629 τέλειον
2730 5575 2792 5631 C.

1535 5638 1579 5669 θ’
1603 5639 1661 5690 ὲν
1682 5639 1750 5710 τῇ
1780 5654 1875 5709 πρ.
1912 5655 2032 5694 κατ.
2072 5642 2245 5713 αὐτῆς
2276 5642 2338 5695 Β.

2887 5575 2932 5608 ⁸⁸
2955 5575 3129 5640 οὕτως
3157 5575 3216 5629 Β.
3318 5578 3361 5609 "
3387 5579 3446 5630 ὲν
3469 5575 3554 5647 τῷ
3574 5575 3669 5630 ὑπ.
