4040 6150
396 228 542 283 1089
1601 223 1691 278 DE
1729 224 2014 280 NATURA
2057 225 2371 284 HOMINIS.
3521 230 3662 289 Μ)θῦ

392 341 489 396 καὶ
542 337 814 409 θρεπτικὴ
864 335 1095 406 δύναμις
1144 335 1278 407 μόνη
1324 336 1404 367 ⁷⁸·
1453 336 1513 390 οὐ
1553 335 1664 405 γάρ
1717 338 1886 407 χωρεῖ
1914 335 1976 388 τὸ

2077 336 2189 391 dita
2221 338 2396 407 ipsam
2425 340 2798 408 praeveniunt;
2820 355 2946 396 nam
2973 339 3105 396 illud
3130 339 3278 410 quod
3301 341 3520 412 accipit,
3548 358 3661 413 prae

314 452 325 459 τ
392 431 782 504 περισσότερον
799 432 831 500 ἡ
850 429 944 483 τοῦ
964 428 1256 499 δεχομένου
1288 428 1589 500 βραχύτης.
1613 424 1745 480 Εἶτα
1762 430 1909 497 προῖέ

2082 430 2166 482 sui
2218 429 2515 498 exiguitate
2561 430 2788 499 majoris
2841 446 3013 501 capax
3061 446 3186 487 esse
3231 431 3660 503 haudquaquam

390 540 482 587 τος
498 524 577 585 εἰς
607 521 724 590 φῶς
744 520 840 574 τοῦ
862 520 1057 589 φυτοῦ,
1082 521 1179 574 καὶ
1206 520 1344 591 ἡλίῳ
1374 520 1473 590 τὴν
1502 519 1743 590 βλάστην
1770 519 1982 584 δείξαν-

2082 528 2274 588 potest.
2314 519 2524 575 Dehinc
2566 522 2734 589 stirpe
2773 521 2827 575 in
2878 525 3049 577 lucem
3081 522 3245 585 edita,
3296 538 3507 578 necnon
3533 539 3660 579 cum

390 626 506 672 τος,
542 609 576 679 ἡ
609 608 654 640 ⁷³
697 606 991 678 αἰσθητικὴ
1017 608 1180 678 χάρις
1203 608 1543 679 ἐπήνθησεν.
1588 608 1980 679 Ἀνδρωθέντος

2082 610 2184 665 soli
2214 610 2316 680 ipsi
2342 626 2563 681 germen
2589 612 2909 677 ostenderit,
2938 613 3208 668 sensualis
3233 612 3508 670 facultatis
3537 631 3662 687 gra~

390 699 448 752 δὲ
485 698 586 768 ήδη
637 697 734 751 καὶ
775 698 822 729 ⁷⁸
871 699 952 761 εἰς
980 697 1298 769 σύμμετρον
1332 699 1520 769 μῆκος
1559 700 1978 769 ἀναδραμόντος

2081 702 2155 755 tia
2211 701 2379 757 subit.
2422 701 2560 756 Cum
2597 717 2727 756 vero
2768 704 2834 756 ad
2884 703 3094 757 virilem
3121 704 3232 773 jam
3288 714 3499 758 aetatem
3534 721 3661 761 eve-

394 790 646 859 καθάπερ
677 807 764 853 τις
791 789 1023 860 καρπὸς,
1053 791 1086 859 ἡ
1133 789 1329 861 λογικὴ
1381 789 1613 860 δύναμις
1648 789 1881 861 ἄρχεται
1911 791 1977 856 τι,

2082 791 2248 856 hitur,
2306 793 2698 862 ntoderataque
2734 795 3109 864 magnitudine
3158 795 3217 849 fit
3266 796 3511 865 praedita,
3573 813 3661 851 ra-

393 881 454 934 οὐ
486 883 635 935 πᾶσα
661 879 875 950 ἀθρόως
901 880 1275 951 ἐκφαινομένη
1304 920 1319 943 ,
1356 880 1497 934 ἀλλὰ
1519 883 1585 952 τῇ
1614 880 1711 934 τοῦ
1743 881 1977 952 ὀργάνου

2080 882 2304 937 tionalis
2350 881 2579 938 facultas
2634 883 2844 939 fructus
2888 884 3175 953 cujusdam
3228 886 3345 941 vice
3385 887 3658 956 provenit,

395 972 672 1027 τελειώσει
720 972 788 1025 δι’
833 971 1152 1043 ἐπιμελείας
1196 971 1540 1036 συναύξουσα
1586 971 1673 1004 ⁷⁸⁸
1721 971 1979 1025 τοσοῦτον

2080 989 2202 1042 quae
2237 974 2523 1028 confertim
2576 974 2997 1043 haudquaquam
3022 977 3350 1039 ostenditur,
3408 979 3501 1031 sed
3548 993 3657 1032 una

395 1067 482 1118 ἀεὶ
510 1062 937 1135 καρποφοροῦσα
961 1104 975 1128 ,
1007 1063 1133 1116 ὅσον
1179 1065 1350 1134 χωρεῖ
1396 1062 1491 1116 τοῦ
1523 1061 1895 1132 ὑποκειμένου
1944 1065 1977 1132 ἡ

2080 1081 2204 1119 cum
2251 1066 2600 1119 instrumenti
2649 1064 3007 1135 perfectione,
3052 1083 3163 1136 prae
3210 1084 3324 1123 sua!
3366 1070 3657 1138 provideno

393 1153 644 1225 δύναμις.
703 1154 782 1225 Τῇ
848 1154 956 1225 γὰρ
998 1152 1194 1225 πρώτῃ
1253 1157 1356 1224 τῆς
1403 1153 1718 1215 συστάσεως
1753 1155 1977 1223 ἀφορμῇ

2081 1157 2168 1210 tia:
2195 1165 2355 1225 captu
2392 1157 2790 1212 incrementum
2824 1157 3041 1227 adepta,
3075 1160 3414 1214 tantumdem
3448 1160 3655 1218 frurtus

397 1245 856 1315 συνεσπαρμένην
884 1245 982 1316 τὴν
1005 1245 1105 1315 τῆς
1127 1244 1347 1313 φύσεως
1372 1244 1621 1315 ἔγνωμεν
1646 1244 1880 1312 δύναμιν
1905 1244 1973 1298 ⁷⁵.

2081 1256 2342 1316 perpetuo
2369 1248 2499 1312 edit,
2530 1257 2794 1317 quantum
2842 1249 3110 1319 capiendo
3144 1250 3374 1320 subjecti
3426 1250 3655 1308 facultas

409 1334 808 1401 Ἐξαπλοῦσθαι
841 1335 898 1388 δὲ
926 1336 1021 1389 καὶ
1050 1334 1425 1407 φανεροῦσθαι
1449 1335 1537 1389 διά
1570 1352 1716 1397 τινος
1742 1335 1980 1405 φυσικῆδῖ

2083 1334 2335 1389 sufﬁciet.
2378 1335 2682 1405 Siquidem,
2715 1345 2925 1392 natura
2951 1338 3273 1406 potentiam,
3305 1340 3491 1407 primae
3520 1355 3656 1393 con-

395 1428 720 1491 ἀκολουθίας
746 1429 791 1460 "
823 1428 961 1498 πρὸς
985 1427 1046 1481 τὸ
1066 1427 1273 1482 τέλειον
1299 1426 1562 1481 ἀνιοῦσαν
1591 1429 1636 1459 ⁷⁷
1657 1444 1672 1458 ο
1706 1427 1769 1479 οὐ
1810 1442 1979 1496 προσ·

2078 1426 2379 1482 stitutionis
2401 1426 2676 1482 occasioni
2701 1427 2993 1483 admistam
3016 1443 3137 1484 esse
3160 1437 3396 1484 constat.
3429 1428 3654 1497 Verum,

395 1520 783 1592 λαμϐάνουσάν
829 1537 881 1574 τι
926 1520 1036 1572 τῶν
1077 1516 1278 1584 ἔξωθεν
1334 1521 1415 1583 είς
1461 1519 1717 1589 ἀφορμὴν
1760 1516 1979 1572 τελειώ-

2079 1533 2204 1572 cum
2259 1518 2327 1572 ad
2374 1517 2761 1589 perfectionem
2805 1519 3173 1590 progreditur,
3227 1530 3435 1577 natura;
3480 1522 3659 1578 conti-

399 1629 575 1677 σεως,
605 1611 723 1664 ἀλλ’
752 1611 953 1683 ἑαυτὴν
982 1612 1063 1674 είς
1105 1613 1167 1665 τὸ
1207 1612 1415 1665 τέλειον
1461 1611 1507 1643 ⁷⁸
1545 1611 1616 1665 δι’
1655 1609 1978 1673 ἀκολουθίας

2079 1620 2248 1665 nuato
2278 1618 2486 1677 tenore,
2517 1610 2781 1666 dilatatur
2808 1627 2873 1666 ac
2914 1610 3206 1666 manifesta
3250 1611 3515 1668 redditur.
3552 1611 3660 1670 Ne-

394 1704 780 1774 προάγουσαν·
837 1702 914 1766 ὡς
965 1704 1103 1773 μήτε
1151 1701 1330 1774 ψυχὴν
1386 1701 1495 1773 πρὸ
1545 1700 1643 1755 τοῦ
1698 1700 1971 1771 σώματος,

2076 1717 2181 1773 que
2216 1717 2347 1757 vero
2396 1703 2700 1772 quidpiam,
2749 1710 2812 1757 ut
2855 1701 3093 1771 perfecta
3139 1703 3424 1771 efﬁciatur,
3458 1719 3649 1760 eorum

401 1796 539 1865 μήτε
585 1792 755 1864 χωρὶς
791 1793 975 1864 ψυχῆς
1018 1793 1082 1847 τὸ
1116 1793 1313 1865 σῶμα,
1368 1794 1568 1865 ἀληθὲς
1602 1789 1742 1847 εἶναι
1791 1793 1972 1863 λέγειν

2079 1810 2202 1864 quae
2246 1795 2589 1851 extrinsecus
2615 1802 2745 1851 sunt
2770 1794 2989 1864 accipit,
3020 1795 3115 1851 sed
3167 1796 3403 1866 seipsam
3434 1797 3656 1866 propria

397 1882 540 1935 κατά
588 1883 688 1955 τὴν
720 1884 830 1938 τῶν
867 1884 1137 1954 Ἐλλήνων
1176 1884 1497 1955 ἐρεσχελίαν
1547 1885 1615 1953 ⁷⁸,
1660 1884 1797 1939 ἀλλά
1843 1886 1973 1956 μίαν

2077 1886 2132 1940 vi
2166 1886 2382 1955 incepto
2439 1886 2644 1940 tenoris
2675 1885 2868 1940 ordine
2906 1885 3090 1941 debito
3132 1884 3224 1939 fini
3257 1886 3559 1949 constituit,
3596 1892 3657 1941 ut

398 1972 725 2047 ἀμφοτέρων
763 1975 810 2006 ⁸⁸
846 1975 1022 2045 ἀρχήν
1056 1976 1123 2030 θί.

2078 1992 2255 2048 neque
2283 1977 2519 2032 animam
2542 1991 2739 2047 corpus
2768 1977 3093 2046 praecedere,
3127 1992 3303 2048 neque
3330 1979 3505 2047 ipsum
3534 1994 3657 2032 cor-

398 2080 503 2135 pus
546 2066 790 2121 vicissim
817 2066 1000 2121 anima
1028 2076 1364 2138 separatum,
1391 2076 1451 2123 ut
1477 2067 1650 2125 Graeci
1677 2078 1972 2140 nugantur,
2037 2071 2133 2126 sed
2172 2072 2456 2141 utriusque
2494 2070 2635 2125 idem
2671 2069 3001 2141 principium
3029 2083 3152 2125 esse
3213 2071 3504 2127 verissime
3530 2086 3655 2127 cre-

398 2156 637 2211 dendum
681 2157 771 2212 sit.

479 2268 699 2341 Ἐπειδὴ
729 2271 785 2324 δέ
807 2272 853 2304 ⁸³
886 2273 950 2325 ἐκ
972 2271 1226 2341 σώματός
1253 2273 1404 2327 ἐστιν
1441 2275 1469 2326 ὁ
1498 2272 1595 2328 ἀνθ
1607 2290 1790 2346 ρωπος
1812 2289 1825 2304 ·
1862 2274 1971 2327 πᾶν

2150 2271 2419 2339 Quoniam
2474 2287 2602 2326 vero
2638 2270 2806 2326 homo
2836 2287 2903 2326 ex
2960 2285 3190 2342 corpore
3236 2280 3353 2339 est,
3394 2269 3659 2343 ll'cor-

397 2359 454 2412 δὲ
518 2361 677 2432 σῶμα
730 2364 795 2416 ἐκ
847 2363 896 2394 ⁸³
943 2364 1228 2433 τεσσάρων
1284 2365 1565 2435 στοιχείων
1624 2365 1969 2417 συνίσταται·

2081 2379 2183 2434 pus
2211 2372 2391 2418 autem
2449 2363 2727 2433 quodlibet
2783 2378 2849 2417 ex
2901 2363 3182 2419 elementis
3235 2373 3469 2435 quatuor
3523 2380 3658 2421 con-

398 2450 612 2520 ἀνάγκη
645 2452 856 2515 τούτοις
901 2456 1013 2515 τοῖς
1047 2454 1245 2507 πάθεσι
1289 2454 1644 2525 περιπίπτειν
1669 2455 1855 2516 αὐτὸν,
1889 2449 1971 2517 οἷς

2082 2456 2366 2519 stituitur,
2400 2455 2578 2524 ipsum
2647 2454 2836 2509 iisdem
2895 2453 3277 2510 affectionibus
3336 2455 3537 2526 quibus
3604 2465 3658 2510 et

400 2544 493 2596 καὶ
535 2544 605 2597 τά
658 2546 915 2615 στοιχεῖα.
970 2545 1053 2598 Τὰ
1091 2545 1148 2597 δέ
1185 2548 1425 2616 στοιχεῖα
1461 2546 1527 2599 δι’
1571 2539 1647 2602 ὧν
1697 2548 1726 2599 ὁ
1765 2546 1972 2616 κόσμος

2084 2548 2318 2601 mundus
2372 2545 2568 2616 subjici
2627 2559 2851 2600 necesse
2909 2552 2992 2599 est
3040 2563 3054 2598 :
3118 2546 3319 2600 etenim
3388 2546 3655 2601 elementa

400 2632 571 2697 ἄπας.
602 2635 672 2705 γῆ
703 2638 840 2700 ἐστι,
868 2637 964 2688 καὶ
999 2634 1142 2704 ὕδωρ
1168 2636 1263 2689 καὶ
1299 2636 1410 2708 πῦρ
1439 2638 1533 2690 καὶ
1565 2637 1676 2708 ἀήρ
1701 2638 1770 2691 ⁸⁵.
1801 2636 1969 2707 Εἴρη-

2081 2636 2226 2691 unde
2246 2636 2412 2690 totius
2428 2635 2574 2691 orbis
2597 2636 2929 2701 constitutio,
2947 2643 3114 2701 terra,
3139 2652 3300 2707 aqua,
3320 2650 3413 2691 aer
3432 2652 3497 2691 ac
3518 2638 3656 2706 ignis

399 2740 489 2779 ται
514 2725 563 2757 ⁸³
594 2725 652 2779 δέ
683 2726 952 2795 στοιχεῖα
991 2729 1142 2797 παρά
1165 2728 1228 2781 τὸ
1258 2730 1567 2798 συποιχείν
1601 2727 1850 2797 ἀλλήλοις
1876 2728 1972 2780 καὶ⁸

2077 2738 2222 2783 sunt.
2273 2727 2406 2781 Nam
2447 2727 2563 2782 haec
2604 2726 2790 2783 Graece
2843 2730 3082 2797 στοιχεῖα
3127 2728 3467 2797 appellantur
3504 2729 3657 2792 παρά

401 2817 738 2887 ἐφαρμόζειν
787 2819 885 2888 τῆς
938 2818 1048 2870 τῶν
1095 2818 1141 2853 ⁸⁵
1199 2819 1259 2884 ἐξ
1316 2819 1575 2872 ἁπάντων
1622 2819 1970 2889 εὐαρμόστου

2075 2819 2138 2872 τὸ
2172 2821 2472 2889 συστοιχεῖν
2521 2819 2790 2889 ἀλλήλοις,
2822 2820 2967 2889 quod
3006 2830 3197 2875 mutuo
3229 2821 3528 2875 adinviCem
3561 2835 3655 2874 or—

399 2909 706 2979 ποιότητος.
752 2910 827 2962 Οὐ
877 2911 1037 2981 μόνον
1081 2910 1191 2982 γάρ
1240 2911 1351 2964 τῶν
1406 2911 1685 2981 στοιχείων
1741 2911 1972 2964 ἕκαστον

2077 2910 2204 2964 dine
2234 2919 2376 2965 recte
2407 2911 2725 2980 procedant,
2781 2926 2844 2964 ac
2874 2910 3170 2967 universim
3198 2911 3454 2967 omnibus
3486 2912 3539 2964 in
3570 2927 3654 2965 re-

402 2998 712 3063 ίδιάζουσαν
740 3000 837 3052 καὶ
860 3001 1406 3072 ἀποκεκληρωμένην
1440 3001 1554 3071 ἔχει
1584 3003 1866 3070 ποιότητα,
1902 3001 1970 3053 δι’

2076 3001 2179 3056 bus
2227 3003 2430 3073 optime
2459 3011 2793 3073 congruente
2840 3003 3103 3072 qualitate
3153 3003 3259 3057 rite
3302 3003 3650 3057 conveniant.

397 3087 467 3162 ἧς
497 3090 607 3144 τῶν
633 3091 835 3144 λοιπῶν
859 3094 1239 3163 ἀποκρίνεται,
1269 3093 1365 3146 καὶ
1392 3094 1576 3146 ὁποῖόν
1614 3095 1760 3145 ἐστιν
1790 3096 1971 3161 ἐπιγι-

2071 3091 2256 3163 Neque
2318 3095 2464 3149 enim
2527 3097 2721 3149 horum
2767 3094 3048 3163 quodlibet
3093 3094 3421 3163 peculiarem
3462 3109 3653 3163 quam-

400 3183 744 3238 νὼσκεται⁸⁷.
786 3183 949 3237 Ἀλλά
968 3185 1064 3238 καὶ
1089 3185 1530 3253 συνεζευγμένας
1555 3184 1671 3254 ἔχει
1691 3184 1790 3247 τὰς
1820 3186 1972 3237 ποιόο

2072 3185 2196 3239 dam
2222 3225 2235 3246 ,
2271 3199 2336 3240 ac
2382 3200 2628 3241 seorsum
2657 3185 2908 3240 sortitam
2945 3185 3259 3254 qualitatem
3304 3199 3407 3253 qua
3435 3185 3503 3238 ab
3533 3183 3652 3238 aliis

397 3292 589 3346 τητας,
619 3277 713 3329 καὶ
738 3276 892 3330 οὐδὲν
911 3276 1328 3346 ἀπολελυμένως
1348 3277 1395 3309 ⁸³
1428 3278 1545 3329 ἐστὶ
1574 3277 1828 3347 μοναχὸν,
1853 3278 1973 3331 οὐδὲ

2074 3288 2346 3335 secretum
2398 3289 2563 3343 esset,
2605 3286 2665 3333 ut
2717 3278 2879 3348 quale
2929 3278 3000 3333 sit
3048 3276 3434 3346 comprehendi
3469 3284 3649 3345 queat,

402 3366 605 3421 ἁπλοῦν
629 3368 726 3421 καὶ
757 3368 1052 3439 εἱλικρινὲς
1080 3369 1188 3421 τῶν
1217 3370 1263 3400 ⁸⁸
1301 3370 1582 3439 στοιχείων
1608 3385 1621 3398 ·
1657 3370 1774 3423 ἀλλ’
1806 3372 1838 3439 ή
1874 3370 1971 3441 μὲν

2073 3370 2301 3437 obtinet,
2363 3371 2455 3426 sed
2492 3372 2759 3425 consertis
2792 3370 3094 3424 adinvicem
3141 3368 3491 3423 facultatibus
3529 3382 3654 3422 con-

401 3457 470 3528 γῆ
498 3457 641 3529 ξηρὰ
661 3458 756 3512 καὶ
782 3458 1002 3530 ψυχρά·
1026 3459 1087 3511 τὸ
1111 3460 1169 3512 δὲ
1194 3459 1336 3528 ὕδωρ
1367 3460 1531 3530 ὑγρὸν
1554 3462 1647 3513 καὶ
1671 3461 1877 3531 ψυχρόν
1904 3462 1970 3493 to.

2073 3461 2293 3524 sistunt,
2327 3467 2385 3514 ut
2419 3461 2627 3515 nullum
2656 3475 2749 3528 per
2773 3474 2830 3513 se
2856 3459 3032 3513 solum
3058 3460 3307 3514 absolute
3330 3459 3648 3525 consistere,

397 3550 426 3600 ὁ
455 3549 514 3603 δὲ
544 3548 653 3621 ἀὴρ
685 3550 887 3621 θερμὸς
916 3550 1010 3604 καὶ
1043 3550 1210 3621 ὑγρός
1230 3568 1244 3581 ·
1298 3551 1358 3602 τὸ
1401 3551 1457 3603 δέ
1487 3551 1598 3621 πῦρ
1630 3551 1833 3623 θερμὸν
1876 3553 1973 3606 καὶ

2073 3568 2251 3621 neque
2292 3552 2519 3620 simplex
2573 3552 2956 3620 sincerumque
3013 3565 3135 3605 esse
3172 3550 3500 3605 credendum
3542 3550 3646 3609 sit:

400 3638 597 3710 ξηρόν·
628 3640 772 3694 οὕτω
818 3640 927 3714 γάρ
957 3640 1046 3695 διὰ
1083 3641 1184 3710 τῆς
1220 3640 1454 3708 συζύγου
1489 3642 1773 3710 ποιότητος
1806 3643 1839 3711 ἡ
1868 3642 1974 3693 δύ-

2074 3647 2168 3700 sed
2229 3654 2426 3699 terram
2502 3644 2721 3713 quidem
2784 3644 2928 3699 sicca
2997 3643 3298 3713 frigidaque
3357 3643 3646 3717 qualitate;

399 3748 562 3802 ναμις
590 3733 919 3805 προέρχεται
947 3733 1043 3787 τοῦ
1077 3732 1456 3803 ἀναμεμίχθαι
1499 3732 1733 3784 ἕκαστον
1761 3734 1804 3765 ⁸⁸
1838 3731 1973 3801 πρὸς

2075 3749 2271 3804 aquam
2308 3749 2458 3795 vero,
2499 3734 2723 3788 humida
2750 3749 2813 3789 ac
2842 3734 3066 3803 frigida;
3100 3749 3279 3788 aerem
3303 3743 3479 3788 autem
3512 3735 3650 3789 cali-

400 3821 659 3877 ἒκαστονο
681 3818 794 3877 οἷον
820 3826 853 3894 ἡ
876 3825 946 3895 γῆ
973 3825 1110 3895 ξηρά
1130 3822 1265 3877 οὖσα
1295 3825 1390 3876 καὶ
1417 3823 1602 3892 ψυχρά
1626 3822 1837 3874 ἑνοῦται
1872 3821 1971 3890 μὲν

2072 3826 2201 3880 dum
2231 3824 2654 3894 humidumque;
2692 3825 2868 3895 ignem
2908 3839 3056 3888 vero,
3101 3824 3331 3879 calidum
3358 3838 3421 3878 ac
3444 3825 3648 3879 siccum

399 3911 545 3965 κατὰ
570 3913 672 3982 τὴν
702 3913 1021 3982 συγγένειαν
1050 3915 1149 3984 τῆς
1169 3913 1511 3984 ψυχρότητος
1534 3911 1686 3966 ὕδατι
1708 3913 1774 3965 θ’.
1792 3911 1973 3965 Ἑνοῦ-

2072 3930 2194 3969 esse
2220 3933 2234 3969 :
2278 3915 2359 3970 sic
2386 3916 2689 3985 conjuncta:
2717 3915 2994 3984 qualitatis
3020 3917 3193 3984 gratia
3226 3929 3334 3984 quo
3371 3915 3651 3986 quodlibet

396 4019 489 4055 ται
522 4003 579 4057 δὲ
608 4002 697 4057 διά
722 4004 816 4058 τοῦ
853 4004 1042 4068 ὕδατος
1069 4005 1147 4076 τῷ
1189 4005 1349 4076 ἀέρι·
1382 4006 1410 4058 ὁ
1441 4004 1497 4057 δέ
1525 4003 1632 4075 ἀὴρ
1665 4003 1865 4075 θερμὸς
1896 4003 1973 4058 ὢν

2072 4022 2259 4062 eorum
2276 4007 2507 4063 invicem
2524 4007 2962 4071 commisceatur,
2979 4005 3059 4062 vis
3075 4006 3345 4076 procedit:
3362 4006 3511 4061 verbi
3530 4021 3651 4076 gra-

396 4095 493 4152 καὶ
522 4096 720 4168 ὑγρὸς,
754 4098 822 4168 τῇ
856 4096 955 4166 μὲν
987 4097 1285 4168 θερμότητι
1319 4094 1538 4150 ἑνοῦται
1572 4095 1650 4164 τῷ
1691 4097 1861 4167 πυρὶ,
1905 4098 1971 4167 τῇ

2075 4099 2173 4163 tia,
2192 4113 2317 4153 cum
2345 4106 2487 4153 terra
2519 4099 2660 4153 sicca
2682 4097 2982 4168 frigidaque
3003 4098 3091 4161 sit,
3117 4097 3426 4167 frigiditatis
3451 4113 3651 4169 cogna-

396 4190 662 4263 ύγρότητι
697 4190 756 4245 δέ
786 4191 864 4260 τῷ
897 4190 1051 4246 ὕδατι
1071 4209 1086 4223 ·
1120 4191 1181 4245 τὸ
1217 4191 1272 4243 δὲ
1301 4190 1412 4262 πῦρ
1443 4189 1647 4260 θερμὸν
1678 4189 1773 4243 καὶ
1810 4188 1973 4260 ξηρὸν

2073 4190 2222 4244 tione
2253 4205 2377 4246 cum
2409 4204 2550 4260 aqua
2581 4190 2788 4243 unitur.
2818 4186 2922 4243 Sed
2967 4203 3132 4258 aqua,
3156 4190 3225 4243 ob
3250 4189 3645 4250 humiditatem,

396 4284 646 4356 ὑπάρχον
685 4284 752 4353 τῇ
800 4282 1003 4352 φύσει,
1039 4282 1119 4353 τῷ
1154 4283 1251 4352 μὲν
1291 4281 1482 4353 θερμῷ
1523 4279 1662 4352 πρὸς
1698 4281 1792 4334 τὸν
1832 4281 1972 4350 ἀέρα

2075 4280 2189 4334 aeri
2238 4289 2467 4351 cognata
2504 4281 2784 4345 redditur;
2813 4280 2927 4349 qui,
2976 4294 3101 4334 eum
3143 4280 3325 4334 calore
3356 4278 3648 4331 humidita-

396 4338 692 4438 συνέεῖται,
724 4338 880 4444 Litt
904 4338 1056 4444 ξηρῷ
1082 4338 1129 4405 δ’
1152 4338 1288 4444 πρὸς
1312 4338 1412 4443 τὲν)
1437 4338 1727 4426 κοινωνίαν
1756 4373 1854 4442 τῆς
1870 4338 1973 4443 γης

2077 4381 2237 4442 teque
2266 4338 2523 4442 praeditus
2556 4372 2650 4435 sit,
2675 4338 2783 4441 qua
2815 4338 3027 4426 calidus
3048 4385 3173 4426 cum
3208 4371 3350 4440 igne,
3383 4385 3492 4439 qua
3521 4386 3648 4424 vero

395 4469 780 4541 ἐπανέρχεται·
803 4469 865 4522 τὸ
884 4469 941 4522 δὲ
969 4467 1117 4538 ὕδωρ
1133 4467 1342 4537 ψυχρὸν
1367 4466 1425 4519 ὃν
1455 4468 1548 4520 καὶ
1571 4467 1757 4536 ὑγρὸν,
1781 4469 1847 4537 τῇ
1878 4469 1975 4537 μέν

2073 4465 2357 4529 humidus,
2401 4478 2523 4518 cum
2579 4479 2721 4534 aqua
2769 4464 3095 4519 conseritur.
3130 4462 3264 4518 Cum
3296 4471 3474 4517 autem
3508 4463 3648 4533 ignis

393 4562 813 4635 ψυχρότητιτῆς
838 4564 962 4632 γῆς,
990 4564 1055 4632 τῇ
1097 4561 1357 4631 ὑγρότητι
1387 4560 1443 4613 δὲ
1467 4560 1561 4614 τοῦ
1593 4561 1759 4630 ἀέρος
1794 4560 1975 4628 ἐφάπ-

2072 4566 2293 4620 natura,
2348 4556 2525 4610 calida
2593 4558 2850 4627 siccaque
2918 4557 3203 4619 habeatur,
3251 4572 3356 4624 qua
3417 4557 3660 4633 calidus,

393 4670 578 4707 τεται·
617 4654 712 4708 καὶ
739 4653 913 4717 οὕτως
964 4653 1175 4721 γίνεται
1228 4651 1429 4715 κύκλος
1479 4654 1574 4703 καὶ
1615 4651 1776 4720 χορὸς
1814 4652 1976 4721 ἐναρ-

2072 4649 2187 4702 aeri
2245 4649 2548 4717 copulatur,
2595 4649 2741 4719 quod
2794 4664 2925 4704 vero
2958 4649 3012 4703 in
3047 4664 3113 4703 eo
3151 4649 3356 4703 siccum
3389 4656 3489 4714 est,
3521 4663 3644 4702 cum

398 4743 579 4813 μόνιος
595 4761 609 4776 ·
635 4747 730 4797 καὶ
752 4743 924 4797 ταῦτα
951 4743 1048 4813 μὲν
1070 4743 1147 4806 ὡς
1175 4742 1371 4812 πρῶτα
1399 4744 1640 4811 στοιχεῖα
1664 4742 1709 4772 ’⁵
1727 4742 1808 4804 εἰς
1843 4740 1975 4804 ὔλας

2075 4747 2221 4792 terra
2269 4737 2539 4807 jungitur.
2605 4738 2676 4792 At
2727 4753 2889 4807 aqua,
2955 4736 3205 4807 frigidam
3262 4734 3647 4804 humidatnque

395 4833 489 4887 ml.
517 4833 633 4901 εῐδη
661 4833 1006 4902 ἀναλυόμεοα
1034 4835 1101 4886 ⁸³.

2073 4832 2391 4900 qualitatem
2426 4831 2696 4894 obtinens,
2731 4829 3027 4901 frigiditate
3083 4828 3300 4898 quidem
3330 4836 3505 4893 terrae,
3544 4826 3643 4881 hu-

394 4927 641 4980 miditate
671 4940 800 4978 vero
829 4926 940 4980 aeri
987 4925 1327 4996 applicatur;
1368 4935 1418 4980 et
1495 4924 1569 4979 ita
1603 4923 1888 4979 circularis
1943 4924 2165 4993 quidam
2242 4925 2400 4993 ordo,
2445 4926 2711 4995 locusque
2758 4938 2922 4993 quam
2965 4922 3203 4975 maxime
3241 4932 3493 4982 concors,
3547 4922 3648 4973 hoc

393 5028 555 5087 pacto
594 5016 843 5072 efficitur.

464 5157 509 5228 7°
537 5156 629 5228 καί
659 5155 881 5228 αὔξεται
924 5158 1028 5212 ὑπὸ
1075 5158 1174 5226 τῆς
1212 5158 1514 5228 θρεπτικῆς
1565 5159 1849 5228 δυνάμεως
1912 5159 2059 5227 μόνηι

2055 5157 2150 5221 QC
2201 5157 2239 5210 P
2281 5159 2332 5212 in
2392 5165 2561 5228 textu.
2642 5158 2811 5228 ’ἐκαὶ
2859 5158 2893 5227 ἡ
2940 5157 2981 5211 C
3034 5156 3094 5212 P.
3138 5227 3143 5228 γ
3201 5158 3247 5188 ⁷³
3283 5157 3376 5210 καὶ
3412 5171 3552 5228 γοωέ
3580 5156 3643 5228 ᾼ.

469 5176 509 5188 ’ν
537 5176 629 5208 και
659 5176 881 5222 αυςεται
924 5176 1028 5212 υπο
1075 5176 1174 5226 της
1212 5176 1239 5210 υ
1284 5176 1514 5228 επτικης
1565 5176 1849 5227 ουναμεως
1912 5176 2080 5227 μονης
2110 5176 2150 5211 ιλ
2201 5176 2239 5210 ι’
2281 5176 2332 5212 tn
2392 5176 2561 5211 texur.
2646 5176 2684 5188 ’·
2716 5176 2811 5209 και
2859 5176 2893 5227 η
2940 5176 2981 5211 ιλ
3034 5176 3094 5212 ι’.
3206 5176 3247 5188 ”·
3283 5176 3376 5210 και
3431 5176 3541 5211 om.
3580 5176 3642 5207 Α.

391 5227 436 5299 ff
463 5227 751 5299 ἀνέρχεται
785 5227 842 5299 Β,
868 5246 959 5299 γρ.
994 5228 1214 5291 αὒξεται
1403 5230 1455 5299 τξ
1480 5227 1795 5299 συναύξασα
1984 5229 2029 5259 ⁷⁵
2066 5228 2181 5299 δύν.
2227 5229 2473 5299 ἔγνωμεν
2525 5226 2565 5278 Β
2609 5228 2649 5282 C
2685 5227 2761 5299 P.
2818 5229 2863 5299 7'
2910 5229 3003 5279 καὶ
3057 5227 3290 5299 προςᾼτὸ
3328 5227 3460 5299 ξτελ.

390 5295 436 5369 '_'_"
467 5295 832 5369 atpoioiqavAB
859 5295 1107 5369 P'iuterl.
1139 5297 1389 5369 προϊέναι
1420 5297 1494 5369 (ἦ.Δ
1558 5296 1601 5327 ⁷⁸
1635 5297 1882 5369 τέλος-Β.
1959 5299 1985 5369 ’ξε

2044 5295 2297 5369 ρλυαρίαν
2347 5297 2387 5352 C
2428 5299 2468 5352 P
2518 5307 2648 5369 text.
2724 5298 2770 5330 ⁸ο
2804 5295 3172 5369 ἀμφότεραξνα
3200 5297 3258 5369 ΡΑ.
3322 5297 3371 5369 εξ
3405 5296 3548 5365 ἁρχὴ
3579 5298 3639 5369 ῥ’

390 5361 541 5438 ἔχειν
565 5367 741 5438 ἀρχὴν
770 5367 828 5420 P.
931 5369 976 5399 ⁸³
1003 5368 1058 5420 δέ
1090 5361 1201 5438 om;
1230 5366 1387 5438 AC.‘
1419 5367 1500 5438 _”
1520 5365 1714 5438 éx__tt'1_w
1738 5365 1776 5416 Β
1804 5365 1871 5438 Ρ..
1967 5366 2014 5397 ⁸⁸
2043 5361 2097 5418 κ.
2125 5361 2232 5438 ἀῆρ
2268 5386 2320 5421 κ.
2358 5369 2490 5438 πῦρ.
2521 5369 2561 5420 C
2589 5367 2648 5422 P.
2739 5368 2793 5438 7”
2817 5361 3060 5438 εἴρηνται
3095 5366 3154 5421 Β.
3210 5367 3275 5438 ί⁸⁶
3305 5367 3412 5420 τῶν
3436 5361 3546 5417 om;
3581 5361 3643 5438 ἓ,

388 5414 456 5509 τῇ
588 5414 1049 5509 ἀπίῖεύαρμόστῳ
1078 5436 1323 5509 ποιύτητι
1350 5435 1390 5490 C
1417 5435 1495 5509 Ρ.Δ
1573 5434 1618 5466 ⁸⁷
1632 5435 2156 5509 Αδιαγινιῦσ-κεταικϐ
2184 5414 2257 5509 “ff.
2305 5505 2313 5509 _
2362 5438 2407 5469 ⁸⁸
2438 5414 2842 5509 ἀπολελυμένον
2871 5414 2996 5489 r13.0
3016 5437 3085 5509 ῌΡ,
3114 5437 3229 5489 ἐστὶ
3297 5453 3414 5505 μον.
3446 5450 3553 5509 out.

390 5489 977 5582 δέἐίλικρινέστατὸνα
1008 5489 1070 5560 Ρ.
1146 5505 1192 5538 ⁹⁰
1221 5489 1439 5575 ψύχζκ.
1475 5505 1598 5574 ὑγρ.
1623 5502 1683 5556 C.
1760 5489 1803 5535 δι
1837 5505 2054 5575 ἐκάστῳ
2078 5501 2136 5560 Β.
2216 5508 2261 5537 ⁹²
2287 5505 2417 5592 φυχ.
2447 5489 2692 5560 οὖσαίκέ⁸
2719 5508 2841 5576 ξηρ.
2896 5507 3038 5559 κατά
3073 5489 3178 5576 ⁷τὴν
3223 5489 3381 5575 συγγ.
3421 5504 3515 5574 μὲν
3546 5505 3644 5571 τῆς

392 5576 760 5625 γοηστότητοε
786 5576 1000 5625 ἑνοῦται
1026 5575 1103 5625 τῶ
1130 5575 1209 5625 ὖδ.
1242 5578 1283 5625 ι]
1308 5576 1366 5625 P.
1401 5574 1480 5625 τῶ
1523 5574 1603 5625 ὓδ.
1640 5572 1701 5625 Β.
1731 5571 1791 5625 ὠ.
1820 5575 1971 5625 ῦδατι
1997 5575 2086 5625 διὰ
2115 5575 2212 5625 μὲν
2233 5578 2326 5625 τοῦ
2368 5577 2448 5625 υδ.
2476 5578 2533 5625 Ρ-
2610 5578 2654 5609 ³³
2683 5579 2762 5625 τῶ
2799 5578 2844 5625 Ξ.
2888 5577 2965 5625 δέ.
3043 5577 3089 5610 εδ
3119 5579 3254 5625 πρὸς
3282 5578 3347 5625 τὰ
3375 5592 3541 5625 στυιγ.
3578 5575 3643 5625 (Σ.

392 5575 1366 5713 ιριεξξδξιῖιῖι,έξῖυεῖειοξλῑιρξξεξτέτ
1379 5571 1987 5715 αξίεςμξδέξάςξλξὲξξς.

2053 5576 2086 5628 ἀ
2113 5575 2212 5644 μὲν
2233 5578 2326 5628 τοῦ
2365 5571 2448 5629 ῦδ.
2476 5578 2533 5632 Ρ.
2610 5578 2654 5609 ³³
2683 5571 2844 5646 agis.
2888 5577 2965 5630 δέ.
3043 5577 3089 5610 ³⁵
3119 5571 3254 5646 πρὸς
3282 5571 3348 5631 τά
3375 5571 3541 5644 ciu-.1.
3578 5575 3642 5629 ι).

2047 5663 2050 5675 ’
2079 5647 2173 5699 καὶ
2195 5645 2368 5710 οὕτως
2394 5647 2603 5715 ἔχοντα,
2649 5649 2712 5700 τὰ
2741 5649 2918 5714 ἄτομα
2945 5646 2986 5703 C
3018 5647 3076 5702 Ρ.
