4040 6150
534 252 675 314 1095

1835 253 2108 310 HELETII
2145 255 2450 312 MONACII.

3659 262 3788 318 1095

531 374 815 445 procreata
847 380 966 420 esse
995 381 1077 418 ma
1123 364 1337 418 ifcstum
1392 364 1677 431 habeatur,
1727 380 1837 434 quo
1884 367 2081 421 alitncn

2216 370 2380 440 ἡτῶν
2413 372 2878 441 προσφερομένων
2908 373 3033 434 τοὺς
3057 372 3303 443 καρποὺς
3331 373 3567 444 διαμένῃ
3590 374 3746 442 φύσις
3775 395 3784 404 ·

529 473 734 524 torum,
765 467 885 527 qua:
906 470 1002 510 ceu
1028 455 1278 510 circulari
1310 456 1542 526 quadam
1561 456 1934 511 vicissitudine
1954 458 2108 510 exhi-

2211 462 2259 512 εί
2289 461 2387 514 καὶ
2421 461 2726 532 λεληθότως
2760 464 3031 534 ὁσημέραι
3067 465 3202 536 πρὸς
3235 467 3470 520 ἕκαστον
3506 465 3614 518 τῶν
3653 481 3785 519 στοις

529 552 747 612 bentur,
773 561 1073 618 eorumque
1105 549 1248 603 unde
1270 547 1480 604 fructus
1501 557 1882 618 suppetuntur,
1912 561 2086 603 natur:

2209 549 2371 618 χείων
2407 550 2476 604 τά
2511 551 2749 622 διάφορα
2778 556 3100 624 γεννήματα
3127 554 3370 626 χωροῦσι
3392 557 3460 608 ⁵ο.

527 643 844 697 indeliciens
872 650 1246 711 permaneret;
1282 657 1593 712 quanquam
1636 640 1702 696 ad
1736 642 2013 710 quodlibet
2055 658 2121 697 cx
2154 641 2437 698 elementis
2479 644 2692 700 diversa
2744 661 2942 717 genera
2991 649 3046 701 in
3105 648 3223 704 dies
3251 648 3498 718 singulos
3524 647 3662 702 claui
3701 647 3789 700 de-

525 736 780 805 migrant.

596 827 829 888 litenim,
885 823 1279 878 elementorum
1341 836 1462 892 qua;
1531 820 1760 876 diversa!
1823 821 2106 892 qualitatis

522 927 653 972 sunt
707 913 1011 971 adtnvieem
1069 922 1376 979 conventu,
1433 912 1596 982 ejus,
1655 922 1802 980 quou
1863 912 1931 966 ad
1989 927 2108 965 eor-

519 1010 669 1080 poris
698 1007 866 1064 nostri
898 1005 1157 1060 fabricam
1185 1004 1400 1070 attinet,
1430 1019 1492 1058 ac
1541 1003 1786 1057 omnium
1839 1017 2102 1072 quorum-

519 1114 736 1170 cunque
779 1098 1010 1154 aliorum
1062 1111 1320 1166 generum
1376 1111 1495 1166 qtne
1556 1095 1770 1150 diversa
1806 1095 2092 1158 habentur,

516 1191 836 1249 constitutio
891 1188 1168 1260 perficitur
1207 1206 1219 1240 :
1265 1201 1387 1256 quae
1442 1202 1508 1240 ex
1571 1186 1818 1255 pluribus
1866 1185 2098 1240 diversis

516 1282 780 1340 concordi
835 1280 1137 1336 adinvicetn
1167 1279 1356 1333 ordine
1409 1278 1700 1347 copulatis,
1750 1278 1855 1332 rite
1909 1278 2097 1332 consi-

518 1383 688 1430 stunt.
743 1372 878 1428 Cum
933 1387 1063 1426 vero
1115 1377 1467 1434 conventum,
1541 1385 1650 1439 quo
1701 1369 2092 1424 elementorum

518 1463 802 1519 harmonia
819 1462 1009 1532 juncta
1022 1461 1368 1522 constiterat,
1396 1474 1637 1529 congruo
1659 1467 1902 1529 tempore
1924 1458 2096 1514 resol-

516 1557 570 1610 vi
608 1554 930 1626 contigerit,
957 1552 1321 1620 compositum
1359 1565 1559 1620 corpus
1590 1550 1644 1604 in
1679 1550 1973 1619 perniciem
1997 1565 2092 1606 ac-

2291 821 2355 875 'H
2414 823 2520 895 γὰρ
2569 824 2681 877 τῶν
2732 826 3049 896 ἐτεροφυῶν
3095 810 3379 898 στοιχείων
3429 829 3781 902 προσάλληλα

2208 913 2486 987 συνδρομὴ
2522 915 2665 971 κατά
2692 918 2791 989 τὴν
2814 918 2908 972 τοῦ
2940 920 3196 990 σώματος
3224 920 3384 990 ἡμῶν
3416 928 3778 996 κατασκευὴν,

2203 1006 2299 1060 καὶ
2329 1007 2438 1062 τῶν
2460 1007 2638 1062 ἄλλων
2673 1008 2930 1064 ἁπάντων
2958 1010 3236 1081 διαφόρων
3267 1011 3465 1080 γενῶν,
3534 1015 3779 1082 σύνθεσίς

2201 1099 2284 1161 τίς
2343 1100 2462 1151 ἐστι
2517 1100 2607 1152 διὰ
2670 1100 2934 1155 πλειόνων
2988 1103 3264 1172 ἀνομοίων
3288 1103 3328 1134 ⁸¹
3403 1104 3775 1178 ἁρμοζομένη.

2215 1186 2570 1258 Ἐκλυθείσης
2600 1189 2657 1243 δὲ
2685 1190 2764 1260 τῷ
2799 1191 3301 1264 καθήκοντικαιρῷ
3329 1195 3426 1264 τῆς
3455 1196 3777 1266 συνδεούσης

2198 1279 2299 1350 τὴν
2328 1280 2437 1333 τῶν
2483 1283 2766 1352 στοιχείων
2818 1284 3124 1356 συνδρομὴν
3169 1286 3457 1356 ἁρμονίας,
3510 1289 3673 1343 πάλιν
3720 1291 3776 1342 τὸ

2201 1372 2456 1428 σύνθετον
2493 1375 2575 1438 είς
2617 1377 2686 1430 τὰ
2731 1376 2791 1443 ἐξ
2825 1369 2900 1433 ὧν
2919 1378 2963 1410 θ’
3020 1379 3322 1450 συνέστηκε
3375 1379 3608 1452 φθαρὲν,
3648 1383 3775 1437 ἀνα-

2198 1461 2382 1516 λύεται
2443 1465 2512 1533 ⁶³,
2557 1465 2788 1520 ἑκάστου
2838 1466 2946 1519 τῶν
3011 1466 3396 1532 συνελθόντων,
3442 1468 3579 1538 πρὸς
3597 1469 3642 1499 ⁸⁸
3681 1469 3774 1540 τὴν

2199 1555 2408 1608 οἰκείαν
2441 1554 2628 1626 χώραν
2658 1557 2998 1620 ἐπανιόντος.
3043 1557 3216 1610 Τοῦτο
3265 1557 3323 1611 δὲ
3373 1552 3484 1610 οἷον
3519 1559 3773 1614 κυκλικόφ

516 1657 654 1711 tum,
687 1645 742 1699 in
764 1625 828 1698 ea
853 1654 920 1697 ex
961 1641 1158 1712 quibus
1190 1640 1545 1696 constitutum
1582 1639 1764 1694 fuerat
1797 1641 1974 1695 denuo
2004 1656 2086 1696 re-

2200 1648 2320 1700 ὲστι
2344 1625 2539 1718 σχῆμα
2561 1665 2576 1680 ο
2604 1647 2632 1700 ὃ
2662 1649 2755 1701 καὶ
2783 1649 2883 1717 τῆς
2913 1647 3129 1717 φύσεώς
3157 1650 3305 1705 ἐστιν
3327 1650 3642 1714 ἀκολουθία,
3674 1653 3764 1705 καὶ

517 1737 764 1801 solvitur,
796 1734 1040 1806 quolibet
1060 1748 1251 1788 eorum
1285 1748 1413 1802 qua:
1435 1731 1488 1786 in
1512 1748 1676 1787 unum
1705 1744 2091 1798 convenerant,

515 1828 581 1882 ad
633 1826 738 1881 sibi
757 1823 1146 1897 praescriptum
1194 1821 1377 1876 locum
1426 1828 1752 1875 revertente.
1781 1818 1895 1874 Hoc
1937 1815 2088 1873 tiam-

514 1935 621 1988 que
653 1933 749 1972 ceu
794 1913 1079 1972 circularis
1128 1913 1372 1983 quaedam
1437 1911 1607 1982 ﬁgura
1664 1913 1911 1977 habetur,
1947 1911 2092 1982 quod

514 2014 571 2060 et
630 2015 840 2060 natura:
902 2002 1254 2058 continuatus
1329 2000 1501 2065 ordo,
1555 2013 1608 2056 et
1677 2003 1927 2072 corporis
1972 2000 2091 2056 olli-

514 2098 682 2159 cium,
717 2095 1222 2164 eletnentorumque
1254 2093 1445 2158 series,
1469 2108 1532 2146 ac
1575 2092 1833 2163 temporis
1888 2091 2092 2147 hebdo-

516 2187 715 2242 mstica
765 2185 1126 2241 circulatione
1185 2181 1454 2238 dimensio
1511 2191 1594 2237 est
1645 2183 1836 2252 :qnod
1871 2198 1936 2236 ex
1999 2198 2092 2237 eo-

513 2277 636 2332 dem
677 2274 944 2345 originem
979 2285 1203 2328 sumens
1264 2270 1319 2324 in
1380 2269 1521 2324 idem
1575 2269 1798 2326 desinit.
1832 2269 1898 2325 Et
1928 2271 2091 2340 quale

514 2367 792 2438 quidpiam
850 2365 907 2419 in
956 2361 1291 2434 agricultura
1336 2358 1452 2416 fieri
1503 2362 1803 2424 cernimus,
1846 2377 1970 2415 cum
2023 2377 2090 2418 ex

515 2451 1313 2528 nubibusprocedensimber,
1360 2451 1476 2507 sive
1519 2466 1627 2521 per
1672 2467 1828 2521 aquae
1893 2453 2090 2507 ductus

513 2550 759 2606 deﬂuens
794 2550 1023 2611 humor,
1051 2545 1358 2615 subjectum
1418 2544 1599 2599 locum
1660 2545 1934 2598 madidum
1969 2546 2079 2598 red-

515 2644 611 2696 dit.
678 2639 884 2694 Hortus
943 2637 1166 2708 quidam
1213 2635 1446 2704 exempli
1498 2634 1669 2704 gratia
1711 2644 2000 2700 sumatur,
2034 2635 2088 2690 in

514 2751 624 2805 quo
654 2735 954 2788 innumera:
987 2731 1329 2786 diversarum
1361 2730 1642 2794 arborum,
1679 2745 1745 2784 ac
1779 2730 1940 2783 variae
1968 2745 2088 2799 spe-

513 2831 626 2884 cies
657 2839 848 2882 eorum
883 2840 1005 2894 quae
1029 2833 1175 2880 terra
1197 2831 1468 2894 procreat,
1525 2821 1766 2886 aluntur,
1801 2822 1854 2875 in
1888 2823 2088 2892 quibus

2198 1738 2294 1792 τοῦ
2325 1739 2578 1809 σώματος
2599 1738 2761 1811 ἔργον
2786 1753 2802 1772 ⁵
2835 1738 2932 1794 καὶ
2959 1739 3069 1792 τῶν
3101 1740 3385 1810 στοιχείων
3423 1741 3616 1810 εἱρμός
3638 1757 3653 1770 ⁸
3682 1741 3774 1794 καὶ

2196 1832 2291 1884 τοῦ
2320 1833 2515 1903 χρόνου
2543 1833 2589 1865 ⁵⁸
2615 1832 2702 1886 διὰ
2733 1833 2836 1902 τῆς
2876 1832 3242 1904 ἑϐδομαδικῆς
3275 1833 3706 1904 ἀνακυκλήσεως
3729 1836 3773 1867 ⁸⁸

2198 1924 2403 1996 μέτρον
2428 1927 2596 1996 ⁹ὅπερ
2629 1924 2689 1991 ἐξ
2719 1926 2916 1980 ἑαυτοῦ
2952 1926 3203 1997 ἄρχεται,
3249 1925 3346 1980 καὶ
3389 1927 3471 1990 είς
3506 1926 3698 1982 ἑαυτὸν
3719 1928 3758 1959 ⁸⁷

2193 2015 2514 2086 καταλήγει.
2545 2012 2673 2070 Οἶον
2695 2016 2760 2087 δή
2790 2033 2843 2069 τι
2870 2017 2913 2048 εδ
2955 2016 3096 2070 κατά
3125 2016 3403 2086 γεωργίαν
3454 2015 3605 2070 ἔστιν
3651 2017 3772 2070 ἰδεῖν

2190 2106 2290 2175 τῆς
2309 2108 2373 2159 ὲκ
2400 2106 2580 2174 νεφῶν
2596 2105 2930 2177 ἐπομϐρίας,
2955 2107 2986 2178 ἢ
3017 2109 3118 2178 τῆς
3133 2107 3179 2139 ⁸⁵
3214 2105 3324 2160 τῶν
3351 2106 3557 2178 ὀχετῶν
3617 2111 3768 2179 ἑπιρ-

2193 2194 2323 2264 ροἧς
2347 2194 2637 2266 διάϐροχον
2659 2195 2924 2266 ποιούσης
2947 2194 3008 2248 τὸ
3037 2194 3429 2265 ὑποκείμενον.
3473 2197 3671 2267 Κῆπος
3719 2197 3771 2250 δέ

2190 2302 2274 2350 τις
2307 2286 2622 2340 ὑποκείσθω
2655 2285 2736 2357 τῷ
2779 2286 2923 2356 λόγῳ
2946 2300 2961 2315 °
3003 2285 3205 2357 μυρίας
3235 2285 3471 2357 δένδρων
3510 2286 3772 2356 διαφορὰς

2190 2361 2548 2441 παντοδαπάς
2565 2394 2625 2430 τε
2648 2378 2758 2430 τῶν
2795 2379 2861 2431 ἐκ
2882 2378 2984 2446 γῆς
3006 2377 3291 2448 φυομένων
3325 2377 3471 2442 ἰδέας
3493 2380 3549 2431 ὲν
3594 2379 3772 2448 ἐαυτῷ

2188 2465 2404 2538 τρέφων
2424 2483 2438 2496 ·
2475 2462 2550 2520 ὧν
2574 2465 2670 2520 καὶ
2713 2466 2776 2520 τὸ
2812 2467 2998 2536 σχῆμα
3025 2467 3118 2519 καὶ
3142 2468 3177 2536 ἡ
3208 2467 3451 2536 ποιότης,
3487 2467 3582 2520 καὶ
3615 2469 3650 2537 ἡ
3678 2467 3770 2537 τῆς

2189 2558 2384 2629 χροίας
2418 2557 2620 2629 ἰδιότης
2651 2560 2708 2611 ἐν
2737 2557 2909 2629 πολλῇ
2944 2558 3181 2628 διαφορᾷ
3209 2558 3323 2619 τοῖς
3360 2556 3481 2611 καθ’
3536 2557 3769 2612 ἕκαστον

2189 2649 2558 2722 ὲνθεωρεῖται.
2598 2649 2951 2704 Τοσούτωντο
2981 2650 3161 2704 τοίνυν
3208 2648 3352 2702 κατά
3387 2649 3480 2702 τὸν
3519 2649 3619 2703 ἕνα
3667 2647 3772 2720 χῶ-

2191 2757 2283 2814 ρον
2319 2740 2398 2812 τῷ
2421 2740 2576 2812 ὑγρῷ
2617 2741 2995 2813 τρεφομένων,
3051 2743 3085 2811 ἡ
3119 2742 3219 2810 μὲν
3251 2740 3652 2804 ύπονοτίζουσα
3704 2740 3772 2793 τὰ

2189 2833 2560 2899 καθ’ἒκαστον
2577 2832 2827 2903 δύναμις,
2855 2834 2955 2904 μία
2973 2851 3054 2896 τις
3071 2833 3212 2887 κατά
3239 2833 3338 2905 τὴν
3379 2833 3544 2902 φύσιν
3579 2833 3729 2886 ἐστίν
3750 2845 3765 2859 ⁸

513 2924 763 2992 singulis,
814 2931 930 2975 tum
978 2919 1168 2972 formae
1219 2915 1502 2986 qualitate,
1549 2913 1914 2984 peculiar-ique
1961 2927 2086 2982 pro-

2192 2928 2223 2996 ἡ
2266 2926 2323 2978 δὲ
2351 2925 2392 2956 ⁷³
2430 2925 2539 2979 τῶν
2569 2925 2928 2996 τρεφομένων
2985 2924 3186 2992 ἰδιότης
3239 2925 3321 2986 είς
3368 2923 3669 2994 διαφόρους
3715 2922 3774 2974 τὸ

513 3016 742 3085 prielate
779 3011 1026 3066 colorum
1066 3009 1375 3077 ,plurimum
1408 3004 1742 3062 discriminis
1775 3005 2084 3074 inspicitur.

511 3107 650 3160 Cum
674 3105 837 3173 igitur
869 3116 977 3154 uno
1005 3099 1059 3152 in
1085 3099 1226 3160 loco,
1259 3106 1366 3150 tam
1411 3095 1579 3148 multa
1614 3095 1682 3148 ab
1713 3109 1824 3149 uno
1857 3094 2088 3148 hutnore

512 3200 731 3254 alantur
765 3212 779 3248 :
808 3191 1075 3262 siquidem
1109 3188 1342 3243 facultas
1367 3202 1489 3256 qua:
1518 3187 1714 3241 horum
1745 3187 1958 3257 singula
1986 3187 2090 3241 hu-

515 3296 714 3344 mectat
747 3299 914 3340 unum
961 3281 1234 3352 quoddam
1286 3287 1480 3333 natura
1537 3277 1808 3330 habetur:
1865 3276 1966 3346 15
2033 3284 2089 3330 at

511 3394 702 3436 eorum
750 3391 871 3447 qua:
903 3374 1125 3428 aluntur
1179 3369 1483 3440 proprietas
1536 3367 1766 3422 humore
1827 3377 2089 3422 causante

511 3474 757 3528 diversas
799 3467 855 3522 in
903 3465 1196 3537 qualitates
1243 3467 1647 3528 commutatur;
1706 3475 1854 3523 nam,
1902 3460 1956 3514 in
1991 3459 2089 3515 ab-

513 3566 752 3632 sinthio,
817 3560 962 3632 quod
1024 3558 1144 3629 ejus
1197 3555 1469 3628 peculiare
1515 3564 1598 3610 est
1649 3555 1976 3621 amatcscit;
2030 3554 2083 3608 in

512 3657 732 3713 aconito
777 3661 958 3708 autem
1000 3650 1057 3704 in
1102 3661 1353 3718 saporem
1385 3647 1479 3716 qui
1521 3646 1817 3716 perniciem
1852 3646 2083 3710 inducit,

511 3762 930 3819 transmutatur,
962 3767 1027 3807 ac
1069 3751 1122 3805 in
1161 3749 1285 3804 aliis
1320 3747 1533 3802 diversa
1582 3747 1738 3801 fiunt.
1780 3745 1836 3799 In
1893 3733 2078 3812 croco,

510 3847 778 3911 balsamo,
855 3859 920 3898 ac
972 3857 1259 3913 papavere,
1318 3852 1509 3894 eorum
1559 3837 1834 3907 quoddam
1884 3831 2086 3892 calefa-

509 3939 708 4001 ciendi,
759 3935 902 3991 aliud
950 3932 1329 4004 refrigerandi,
1383 3929 1657 4000 quoddam
1719 3945 1844 3984 vero
1902 3930 2082 3986 media

509 4030 772 4100 qualitate
809 4023 1094 4096 praeditum
1132 4030 1235 4076 est.
1276 4021 1416 4074 Idem
1442 4018 1509 4073 de
1535 4019 1714 4084 lauro,
1745 4035 1806 4072 ac
1834 4018 2079 4085 lentisco,

503 4135 561 4178 et
591 4125 677 4177 liis
708 4117 984 4176 similibus
1004 4114 1230 4170 dixeris.
1263 4113 1321 4166 In
1362 4113 1463 4166 lion
1494 4111 1735 4180 quidem,
1767 4125 1832 4164 ac
1861 4111 2079 4176 vitibus,

503 4212 735 4268 dulcedo
768 4211 858 4266 illa
902 4206 1096 4279 optimi
1125 4204 1340 4276 saporis
1379 4204 1700 4267 innascitur,
1748 4217 1815 4256 ex
1847 4218 2079 4271 quarum

2191 3017 2360 3088 ὑγρὸν
2385 3017 2717 3087 μεταϐάλλει
2743 3017 2785 3048 ⁷³
2817 3016 3113 3086 ποιότητας
3135 3033 3149 3047 ο
3175 3016 3237 3068 τὸ
3260 3016 3367 3086 γὰρ
3390 3014 3521 3068 αὐτὸ
3553 3014 3773 3085 πικραί-

2190 3127 2338 3164 νεται
2373 3110 2416 3141 ⁷³
2448 3110 2546 3180 μὲν
2573 3111 2631 3162 ὲν
2687 3111 2755 3180 τῇ
2790 3107 3000 3178 aeneo
3025 3125 3040 3138 ·
3074 3109 3154 3170 εἰς
3202 3106 3529 3178 φθοροποιὸν
3583 3107 3642 3160 δὲ
3677 3125 3775 3176 χυ-

2193 3201 2296 3270 μὸν
2323 3202 2381 3252 ὲν
2399 3199 2476 3268 τῷ
2509 3199 2721 3270 κωνείῳ
2751 3198 3072 3270 μεθίσταται
3105 3214 3119 3227 ·
3148 3199 3245 3252 κα)⁸
3267 3198 3443 3262 ἄλλως
3467 3200 3523 3250 ὲν
3557 3197 3706 3268 ἄλλῳ
3727 3197 3774 3229 ⁷⁸

2189 3292 2439 3358 γίνεται·
2469 3291 2528 3343 ὲν
2574 3290 2782 3360 κρόκῳ,
2832 3290 2890 3342 ὲν
2921 3289 3210 3359 βαλσάμῳ,
3272 3290 3331 3341 ὲν
3370 3290 3641 3360 μήκωνι·
3698 3287 3776 3358 τῷ

2192 3381 2293 3453 μὲν
2316 3383 2361 3415 ⁷³
2413 3381 2525 3451 γὰρ
2566 3378 3012 3451 ἐκθερμαίνεται,
3072 3379 3152 3450 τῷ
3195 3378 3254 3432 δὲ
3281 3379 3325 3410 ⁷⁸
3364 3380 3772 3452 καταψύχεται,
3831 3381 3835 3384 “

2187 3474 2266 3544 τῷ
2299 3474 2356 3526 δὲ
2388 3473 2562 3544 μέσην
2593 3473 2706 3543 ἔχει
2729 3471 2992 3542 ποιότητα
3022 3488 3036 3504 ·
3069 3471 3166 3524 καὶ
3183 3471 3247 3524 ὲν
3276 3471 3454 3543 δάφνῃ
3478 3471 3546 3536 τ’,
3592 3471 3690 3525 καὶ
3718 3473 3777 3524 ὲν

2192 3565 2413 3634 σχοίνῳ,
2450 3563 2547 3616 καὶ
2573 3566 2686 3626 τοῖς
2712 3562 2978 3626 τοιούτοις
3010 3561 3239 3616 εῠπνοόν
3258 3559 3305 3591 ⁷⁸
3329 3562 3448 3614 ἐστι
3478 3579 3493 3593 ·
3534 3563 3598 3614 ὲν
3633 3563 3773 3630 συκῇ

2187 3674 2249 3710 τε
2279 3656 2375 3710 καὶ
2398 3655 2636 3726 ἀμπέλῳ
2661 3653 3081 3724 κατεγλυκάνθη
3112 3671 3127 3686 ο
3152 3653 3250 3708 καὶ
3276 3656 3305 3706 ό
3331 3651 3542 3724 ταύτης
3576 3653 3778 3724 βότρυς

2186 3745 2328 3811 οἶνος
2357 3747 2630 3816 ἐγγίνεται
2659 3747 2718 3778 ⁷9·
2746 3747 2840 3800 καὶ
2863 3747 2890 3798 ό
2917 3745 3011 3798 τοῦ
3069 3744 3242 3815 μήλου
3269 3744 3430 3815 χυλός
3453 3746 3502 3776 ⁸ο
3534 3762 3549 3776 ο
3601 3745 3702 3797 καὶ
3717 3743 3778 3796 τὸ

2185 3839 2282 3894 τοῦ
2308 3839 2461 3911 ῥόδου
2491 3837 2747 3910 ἐρύθημα
2763 3854 2784 3897 ,⁸
2808 3837 2905 3892 καὶ
2929 3838 2990 3891 τὸ
3013 3837 3108 3891 τοῦ
3138 3837 3324 3908 κρίνου
3356 3837 3625 3908 λαμπρόν
3645 3855 3658 3866 ο
3687 3836 3778 3888 καὶ

2184 3931 2246 3985 τὸ
2275 3931 2533 3994 κυανίζον
2571 3929 2667 3982 τοῦ
2691 3929 2771 3982 ἱτου
2798 3945 2815 3960 ·
2860 3931 2954 3984 καὶ
2979 3929 3157 3984 πάντα
3181 3929 3282 3982 ὅσα
3312 3928 3454 3980 κατὰ
3509 3928 3616 3998 τὴν
3674 3927 3776 3995 γῆν

2186 4021 2334 4073 ἔστιν
2375 4020 2524 4084 ἰδεῖν,
2545 4019 2615 4070 ὲκ
2656 4019 2785 4088 μιᾶς
2824 4017 3037 4087 καὶτῆς
3063 4015 3236 4086 αὐτῆς
3270 4015 3499 4086 ίκμάδος
3533 4014 3776 4069 ἀναϐλα-

2187 4115 2449 4167 στάνοντα
2481 4129 2495 4145 ο
2532 4113 2610 4173 είς
2666 4109 2938 4172 τοσαύτας
2975 4109 3032 4162 δὲ
3070 4107 3336 4179 διαφορὰς
3391 4109 3542 4161 κατά
3589 4124 3651 4159 τε
3713 4105 3774 4156 τὸ

2187 4205 2396 4274 σχῆμα,
2431 4204 2524 4256 καὶ
2550 4203 2612 4254 τὸ
2641 4197 2803 4266 εἶδος,
2840 4201 2934 4253 καὶ
2961 4199 3060 4262 τὰς
3078 4199 3376 4270 ποιότητας
3400 4198 3769 4270 διακρίνεται,

502 4306 737 4362 racemis
759 4305 946 4360 viuum
975 4299 1062 4367 ﬁt;
1097 4307 1212 4354 tum
1242 4297 1336 4366 qui
1357 4297 1410 4350 in
1429 4296 1606 4366 pomis
1621 4308 1816 4349 succus
1839 4294 2074 4361 exsistit,

2192 4296 2458 4360 5σας¹οὐδὲ
2496 4293 2678 4366 ῥᾴδιον
2707 4295 2749 4324 ⁸⁵
2783 4290 3120 4362 ἀριθμῆσαι.¹

502 4407 867 4464 rosarumqne
921 4389 1152 4452 rubedo,
1205 4385 1414 4453 liliique
1474 4382 1788 4452 splendidus
1859 4384 2082 4450 candor,
2127 4387 2391 4456 violt'eque
2437 4383 2842 4439 caerulescentis
2894 4381 3046 4436 color
3068 4390 3312 4451 apparet.
3332 4379 3564 4436 Necnon
3586 4378 3769 4435 omnia

501 4505 623 4559 qtne
657 4489 713 4542 in
762 4495 910 4541 terra
953 4480 1240 4541 visuntur,
1271 4490 1337 4530 ex
1368 4488 1478 4528 uno
1520 4473 1819 4542 eodemque
1873 4474 2103 4532 humore
2171 4475 2566 4547 get-minantia,
2629 4476 2682 4528 in
2731 4487 2840 4528 tam
2896 4487 3222 4528 numerosas
3264 4472 3634 4543 diversasque
3684 4485 3768 4526 se-

501 4581 740 4635 cundum
771 4575 1000 4642 figuram
1033 4564 1376 4633 szecientque
1399 4560 1691 4634 qualitates
1743 4563 2176 4633 distinguuntur,
2221 4575 2280 4620 ut
2312 4581 2502 4621 eorum
2557 4580 2816 4620 numeros
2875 4577 3195 4634 percensere
3253 4563 3763 4620 laboriosiSsimum

503 4673 788 4727 habeatur.

573 4761 704 4816 Tale
749 4755 1027 4829 quidpiam
1061 4763 1254 4808 natura
1295 4750 1568 4820 ipsa,'seu
1621 4761 1830 4804 natura:
1876 4749 2056 4820 potius

496 4855 773 4925 princeps,
826 4849 882 4904 in
949 4854 1138 4902 nostro
1173 4841 1320 4914 quod
1391 4839 1574 4894 anima
1630 4839 1916 4909 praeditum
1985 4849 2073 4895 est

496 4959 631 5000 arvo
684 4941 940 4998 mirabile
991 4946 1270 5010 operatur.
1316 4931 1472 4988 Unde
1521 4946 1669 4998 ossa,
1697 4931 2067 5002 cartilagines,

495 5051 682 5102 venae,
743 5034 992 5101 arteriae,
1048 5039 1355 5099 cunctaque
1398 5041 1522 5097 quae
1569 5040 1740 5096 nuper
1783 5027 2069 5082 retulimus

494 5129 632 5185 ﬁunt
647 5147 663 5196 ;
679 5143 744 5183 ex
760 5126 961 5197 quibus
977 5125 1178 5183 denuo.
1200 5120 1368 5186 oculi,
1387 5117 1664 5182 tuniculaa,
1683 5133 1866 5183 nares,
1883 5134 2066 5183 aures,

492 5221 702 5292 lingua,
761 5219 973 5284 dentes,
1011 5215 1261 5288 gingivae,
1293 5209 1564 5283 gurgulio,
1615 5208 1894 5265 clavicula:
1948 5209 2070 5266 tito-

583 5381 632 5413 '°
657 5376 791 5448 γένη
834 5374 1254 5448 μεταχωροῆφιῖ
1272 5372 1314 5426 Β
1339 5372 1396 5448 Ρτ

492 5451 538 5490 ἰ
561 5444 704 5511 είςῦ
728 5444 791 5500 PI
835 5444 846 5448 ’
893 5449 936 5479 ⁸⁵
967 5444 1116 5516 χρόν,
1138 5445 1193 5498 δὲ
1218 5444 1280 5516 (ἶτ

491 5521 587 5596 καὶ
609 5519 671 5573 Ρ.
703 5586 715 5596 _
747 5518 917 5596 “h'tﬁc
947 5533 1060 5596 om:
1095 5516 1168 5593 CL
1323 5516 1573 5596 agonum-gf
1607 5516 1651 5596 ll
1679 5516 1740 5591 Ρἶ

493 5553 760 5705 ἵΐὲέέιὲν
791 5553 920 5638 (1⁵
948 5553 1237 5636 ""7'31‘333m
1257 5553 1582 5646 δὲ
1823 5553 2064 5643 Ιίιῖίενέαξ

494 5670 617 5708 vero
712 5651 838 5707 ΟΡ.
933 5653 976 5684 ⁸ο
1011 5651 1259 5718 χιλὸςϐ.
1352 5651 1393 5681 ⁸¹
1425 5651 1488 5702 οὐ
1523 5652 1576 5718 ῤ.
1614 5648 1674 5718 Β.
1780 5648 1824 5679 ⁸⁸
1861 5665 1919 5718 τε
1939 5649 2045 5718 καὶ

494 5670 680 5708 vetet:
712 5670 754 5707 LA
777 5670 838 5705 ι’.
933 5670 976 5684 "'
1011 5670 1158 5722 χιλος
1197 5670 1259 5704 ιλ.
1352 5670 1393 5681 *·
1425 5670 1488 5702 ου
1523 5670 1576 5718 ρ.

492 5719 565 5789 ξ’·
591 5723 661 5777 τά
683 5721 1056 5790 προειρημένα
1089 5723 1129 5777 0
1166 5717 1226 5772 Ρ.
1321 5719 1365 5750 ⁸³
1399 5719 1491 5772 καὶ
1532 5721 1576 5789 ῤ.

1506 5374 1548 5444 7‘"
1585 5369 1871 5444 ἁρμονιῶν-
1899 5369 1938 5422 Β
1959 5369 2244 5444 P»,_inlerl2

1249 5445 1280 5494 ἒ.
1379 5443 1424 5474 ⁸⁸
1455 5440 1820 5512 ἑϐδοματικῆς
1849 5441 2200 5508 ἀνακλήσεως
2228 5440 2286 5495 Β.

1249 5514 1291 5544 7°
1323 5513 1573 5564 τοσοῦτον
1607 5511 1648 5564 Β
1679 5510 1737 5564 Ρ.
1811 5511 1851 5540 ⁷⁸
1883 5511 1932 5560 εἰ
1960 5510 2016 5562 δὲ
2051 5510 2114 5562 C.
2187 5511 2229 5541 ⁷³
2269 5529 2286 5564 ι

1333 5529 1573 5565 τοσουτον
1607 5529 1648 5564 υ
1680 5529 1737 5564 r.
1817 5529 1851 5540 --
1883 5529 1932 5560 ει
1960 5529 2016 5562 οε
2051 5529 2086 5562 υ

1345 5581 1406 5646 C,
1435 5582 1496 5633 τὸ
1526 5581 1582 5633 δὲ
1611 5581 1697 5643 Ρ.,
1730 5583 1789 5634 it.
1823 5579 1919 5632 lin.
1949 5594 2064 5643 seq.

2192 5529 2229 5541 ··
2268 5529 2565 5580 μεταοαλει
2604 5529 2664 5564 η.
2747 5529 3080 5580 ’σπικραινει
3117 5529 3181 5560 υ.
3261 5529 3300 5536 -ν
3327 5529 3424 5558 και
3454 5529 3480 5556 ε

2217 5597 2271 5634 κ.
2295 5581 2352 5633 ὲν
2373 5581 2422 5634 δ.
2455 5596 2565 5636 om.
2597 5583 2658 5635 Ο.
2701 5581 2744 5611 ⁷⁸
2772 5579 3036 5647 ἡδύπνοον
3059 5578 3116 5637 Β,
3147 5573 3381 5628 εὔπνουν
3415 5572 3484 5647 (ῖῄ.

1659 5640 1694 5703 -’
1778 5648 1824 5732 f"
1861 5640 2086 5732 ferai:

2192 5649 2246 5700 αὶ
2277 5659 2402 5705 ante
2430 5651 2550 5720 ἅρτ.
2575 5660 2628 5705 et
2658 5640 3032 5719 ειιιείχιτῶνες
3061 5657 3109 5701 et
3137 5657 3264 5700 ante
3293 5645 3520 5712 γαστήρ
3549 5659 3660 5696 Olli.
3690 5640 3751 5694 P.

1321 5719 1365 5750 ⁸³
1399 5719 1491 5772 καὶ
1525 5716 1584 5789 β.
1613 5717 1675 5783 Β,
1707 5719 1800 5771 καὶ
1826 5717 1892 5772 τὰ
1934 5716 2044 5773 ὦτα
2073 5716 2131 5770 Ρ.

2241 4753 2494 4806 Τοιοῦτόν
2513 4769 2566 4806 τι
2586 4751 2727 4806 κατά
2753 4753 2851 4819 τὴν
2877 4749 3122 4822 ἔμψυχον
3151 4751 3183 4821 ἡ
3194 4747 3311 4817 μῶν
3342 4749 3603 4819 ἄρουραν
3633 4747 3763 4802 θαυ-

2180 4847 2566 4914 ματοποιεῖται
2602 4843 2755 4914 παρά
2800 4844 2900 4913 τῆς
2953 4841 3192 4912 φύσεως,
3248 4839 3454 4910 μᾶλλον
3505 4840 3565 4894 δὲ
3620 4838 3765 4909 παρά

2176 4931 2271 4984 τοῦ
2329 4933 2604 4987 Δεσπότου
2655 4933 2757 5003 τῆς
2797 4931 3014 5002 φύσεως
3053 4947 3068 4962 ο
3109 4931 3277 4985 ὀστέα
3311 4949 3372 4985 τε
3433 4933 3538 4986 καὶ
3556 4932 3604 4965 ⁸³
3644 4933 3764 5002 χόνι

2175 5023 2314 5095 δροι,
2372 5023 2568 5092 φλέϐες
2601 5024 2698 5078 καὶ
2752 5023 3165 5097 ἀρτηρίαι,⁷κα“ι
3221 5023 3401 5077 πάντα
3447 5024 3526 5077 τὰ
3582 5021 3763 5094 μικρῷ

2175 5117 2486 5188 ἔμπροσθεν
2509 5119 2780 5190 εἰρημένα
2797 5120 2865 5155 ⁸³⁸
2888 5135 2904 5150 ο
2938 5117 2999 5182 ἐξ
3031 5112 3106 5174 ὧν
3137 5117 3300 5172 πάλιν
3349 5116 3640 5188 ὀφθαλμοὶ
3672 5114 3761 5168 καὶ

2176 5209 2426 5280 χιτῶνες,
2482 5213 2629 5282 ῥῖνες
2684 5212 2780 5266 καὶ
2799 5212 2846 5244 ⁸³
2878 5205 2993 5265 ὦτα
3023 5227 3040 5243 ·
3091 5209 3314 5280 γλῶσσα
3363 5208 3465 5262 καὶ
3497 5209 3713 5270 ὀδόντες
3744 5223 3756 5235 ·

2349 5371 2392 5402 ⁶⁹
2420 5372 2499 5434 είς
2524 5371 2553 5424 ὃ
2583 5369 2641 5425 Β.
2751 5371 2795 5402 ⁸³
2816 5369 3095 5423 διαλύεται
3148 5365 3212 5434 Β,
3241 5363 3452 5434 φθορὰν
3501 5364 3665 5434 ἀναλ.
3696 5359 3754 5416 Ρ.

2382 5442 2425 5472 ⁸⁷
2456 5429 2617 5494 ἑαυτὸ
2643 5440 2685 5493 Β
2713 5439 2755 5495 C
2788 5439 2847 5494 P.
2925 5441 2969 5472 ⁸⁸
2991 5438 3048 5490 δέ
3082 5454 3136 5488 τι
3167 5429 3278 5490 οἷόν
3303 5429 3357 5487 τί
3383 5434 3426 5485 Β
3459 5435 3526 5493 C,
3561 5429 3675 5486 οἷον
3705 5447 3756 5482 τι

2268 5511 2565 5580 μεταϐάλει
2604 5511 2664 5564 Β.
2742 5511 2786 5542 ⁷³
2807 5509 3085 5580 πικραίνει
3117 5507 3201 5580 Οἱ
3256 5505 3301 5536 ’³⁸
3327 5505 3516 5580 καὶήὲν
3537 5503 3658 5580 ἄλλἶ
3693 5501 3755 5580 (ξ.

3566 5575 3610 5604 ⁷³
3639 5572 3757 5636 ὲγέο
