4040 6150
549 310 580 365 Ι
585 307 689 365 099

1857 296 2136 356 MELETII
2179 297 2486 357 MONACHI

3659 298 3793 358 1100

549 423 756 476 tatione
812 402 1031 489 rigescit
1097 395 1469 485 calescitque,
1517 420 1718 467 natura
1752 410 1911 467 nobis
1971 425 2120 466 cras-

2221 410 2331 464 τῶν
2371 409 2532 480 ὡρῶν
2579 386 2942 480 μεταϐολαῖς,
2978 408 3075 462 καὶ
3111 408 3499 481 θερμαίνεται·
3530 408 3592 462 οὗ
3653 426 3794 483 περι·

521 527 666 574 sam
726 519 906 567 cutem
962 517 1021 563 ut
1076 506 1285 564 bobus.
1319 520 1415 561 seu
1470 504 1594 560 aliis
1644 504 1955 574 hujusmodi
2000 503 2119 558 ani-

547 602 792 658 malibus
849 615 971 671 quae
1044 599 1208 656 simili
1276 598 1497 669 praedita
1558 608 1684 652 sunt
1745 606 1888 661 cute,
1952 595 2123 650 haud-

545 707 823 764 quaquam
883 691 1301 762 superinduxit;
1367 690 1458 745 sed
1530 705 1706 760 neque
1767 690 1963 759 amplis
1997 688 2121 758 pilis

544 783 866 853 densisque,
917 791 976 838 ut
1024 783 1260 852 pecudes
1317 796 1716 852 caprarumque
1758 797 1949 851 genus,
1989 796 2121 836 con-

544 875 762 930 vestivit
799 894 812 930 :
848 890 1031 946 neque
1081 885 1141 930 ut
1185 885 1495 945 serpentes,
1537 873 1856 944 piscesque,
1889 873 2122 929 reddidit

545 967 840 1023 corticatos
860 985 872 1020 :
893 981 996 1022 nec
1024 973 1240 1033 testam,
1276 973 1335 1020 ut
1359 964 1748 1029 testudinibus,
1771 979 1835 1019 ac
1871 965 2120 1020 cochlea-

543 1073 668 1112 rum
701 1058 1250 1129 generi,cunctisque
1272 1072 1393 1127 qua:
1447 1065 1682 1112 testacea
1709 1064 1856 1115 sunt.
1892 1055 2120 1126 largitus

543 1161 647 1206 est.
681 1147 788 1206 Sed
809 1164 986 1220 neque
1013 1164 1310 1220 pennarum
1347 1149 1614 1213 velamen,
1647 1158 1706 1204 ut
1734 1148 1927 1203 avibus
1959 1148 2119 1202 adhi-

545 1243 684 1300 buit.
725 1240 1074 1300 Necessarius
1113 1242 1277 1312 igitur
1299 1241 1459 1298 nobis
1515 1239 1958 1297 vestimentorum
1989 1254 2120 1295 usus

544 1335 774 1401 exstitit,
819 1341 880 1389 ut
906 1349 992 1401 eo,
1020 1334 1165 1405 quod
1192 1333 1420 1390 rationis
1453 1333 1766 1404 expertibus
1792 1331 2120 1387 animalibus

547 1432 742 1478 natura
766 1423 1044 1496 impartita
1070 1431 1154 1478 est
1172 1423 1533 1492 expleremus.
1554 1421 1632 1475 Ad
1660 1420 1775 1477 haec
1804 1420 1955 1483 item,
1975 1421 2120 1475 aedi-

547 1515 652 1571 bus
670 1514 828 1570 nobis
841 1529 980 1584 opus
993 1523 1130 1579 erat,
1145 1514 1347 1584 quibus
1387 1512 1646 1567 imbrium
1666 1511 1972 1582 hiemisque
1985 1519 2121 1566 tem-

546 1612 814 1677 pestatem
860 1606 964 1676 17
994 1605 1315 1676 caloresque
1357 1605 1774 1660 declinat-emus.
1830 1602 2116 1670 Praeterea,

524 1697 674 1766 quia
711 1695 765 1752 id
792 1697 938 1766 quod
973 1697 1026 1750 in
1065 1711 1218 1752 esum
1261 1703 1560 1766 potumque
1603 1695 1950 1750 adhibemus.
1987 1709 2119 1748 eon-

2227 502 2389 572 έθηκε
2415 501 2472 555 δὲ
2501 500 2633 572 ἡμῖν
2662 502 2690 553 ό
2707 499 2844 564 Θεὸς
2869 499 3169 570 ἐκφύσεως
3204 500 3383 572 δέρμα
3415 501 3563 572 παχὺ
3593 501 3671 566 ὡς
3695 507 3793 569 τοῖς

2229 593 2432 664 βουσὶν,
2456 593 2490 666 ἢ
2520 595 2636 658 τοῖς
2658 591 2844 657 ἄλλοις
2868 592 3030 658 ζώοις
3053 595 3168 658 τοῖς
3190 593 3569 665 παχυδέρμοις
3595 595 3659 628 ¹³⁶
3683 595 3792 651 οὔτε

2227 684 2416 756 τρίχας
2451 685 2694 756 μεγάλας
2734 685 2830 738 καὶ
2864 684 3080 748 πυκνὰς
3127 686 3203 749 ὠς
3254 688 3369 750 τοῖς
3414 685 3792 758 προϐάτοις,ἢ

2225 778 2346 838 ταῖς
2390 773 2565 842 αἰξίν·
2603 772 2728 828 οὔτε
2773 773 3023 844 φολίδας,
3056 774 3133 840 ώς
3181 775 3295 838 τοῖς
3338 775 3526 844 ὄφεσι,
3560 779 3654 829 καὶ
3695 779 3794 839 τοῖς

2231 863 2462 936 ἰχθύσιν·
2484 863 2608 917 οὔτε
2635 863 2898 934 ὄστρακα,
2921 862 3000 927 ώς
3024 865 3150 927 ταῖς
3180 863 3446 934 χελώναις
3466 905 3482 929 ,
3508 865 3603 917 καὶ
3631 867 3736 929 τοῖς
3755 866 3794 898 ¹⁸

2226 955 2488 1026 κοχλίαις,
2520 955 2617 1009 καὶ
2656 957 2768 1017 τοῖς
2795 953 3260 1028 ὀστρακοδέρμοις
3299 956 3488 1010 πᾶσινο
3522 955 3646 1010 οὔτε
3678 957 3794 1010 τιτί-

2229 1047 2492 1122 ρυγαςη,
2540 1048 2619 1111 ώς
2671 1049 2785 1111 τοῖς
2829 1047 3058 1120 ὀρνέοις.
3119 1047 3461 1117 Ἀναγκαίως
3490 1048 3534 1080 ¹⁸
3582 1049 3794 1113 ἐσθῆτος

2225 1139 2527 1212 ἐδεήθημεν
2575 1137 3068 1210 ἀναπληρούσης¹⁷
3113 1141 3250 1210 ημῖν
3289 1141 3331 1173 ⁸⁸
3379 1141 3519 1212 ὅπερ
3564 1143 3597 1212 ἠ
3647 1141 3794 1211 φύσις

2224 1236 2339 1297 τοῖς
2381 1233 2599 1302 ἀλόγοις
2653 1233 2970 1305 ἐδωρήσατο
2991 1235 3059 1288 ⁸⁸.
3106 1235 3180 1288 Οὐ
3231 1235 3394 1304 μόνον
3427 1235 3486 1288 δὲ
3537 1236 3675 1290 ἀλλά
3711 1236 3795 1290 καὶ

2225 1326 2496 1395 οἰκήσεως
2537 1324 2628 1378 διὰ
2658 1325 2786 1390 τοὺς
2821 1324 3062 1398 ὄμϐρους
3103 1326 3196 1381 καὶ
3229 1327 3510 1398 χειμῶνας
3553 1327 3650 1382 καὶ
3679 1327 3794 1382 καύ-

2233 1435 2403 1488 ματα,
2436 1416 2526 1470 διὰ
2564 1415 2727 1471 τοῦτο
2755 1417 2832 1481 ώς
2877 1417 3310 1490 ἐξαπορούμενοι
3347 1417 3407 1482 ἐξ
3452 1419 3676 1489 ὄμϐρων
3711 1421 3796 1472 καὶ

2225 1511 2494 1583 χειμῶνος
2535 1511 2632 1565 ml.
2685 1510 2970 1581 καύματος
2994 1513 3042 1546 ⁸ο
3079 1511 3312 1582 ἐσθῆτος
3361 1512 3668 1583 ἐδεήθημεν
3712 1513 3794 1567 καὶ

2224 1601 2492 1673 οἰκήσεως
2513 1603 2556 1634 ²¹
2579 1617 2592 1631 ·
2617 1601 2704 1655 διὰ
2731 1601 2789 1655 δὲ
2813 1603 2878 1655 τὸ
2895 1602 3271 1675 διαφορεῖσθαι
3294 1603 3392 1676 τὴν
3422 1605 3796 1676 ὲπεισερχομέ-

2225 1710 2323 1763 νην
2365 1691 2608 1763 τροφὴν,
2650 1692 2818 1764 ἄλλης
2864 1694 3075 1765 τροφῆς
3112 1694 3207 1747 καὶ⁸
3245 1693 3436 1748 ποτοῦ·
3473 1693 3563 1748 διὰ
3614 1695 3668 1747 δὲ
3709 1693 3796 1758 τὰς

549 1787 634 1843 iici
707 1786 928 1842 assidue
990 1786 1278 1858 contingit,
1331 1785 1438 1841 alio
1484 1785 1826 1857 indigemus;
1880 1796 1996 1840 tum
2051 1786 2121 1840 ob

2221 1783 2558 1855 δυσκρασίας
2608 1783 2718 1836 τῶν
2769 1785 3107 1856 ποιοτήτων,
3146 1787 3238 1838 καὶ
3286 1783 3388 1856 τὴν
3437 1785 3662 1839 λύσιν¹¹
3708 1786 3799 1856 τῆς

545 1877 873 1947 qualitatum
936 1877 1333 1947 intemperiem,
1389 1892 1454 1933 ac
1499 1893 1568 1930 ne
1628 1879 1874 1948 corporis
1927 1878 2120 1948 copula

546 1968 826 2035 solvatur,
874 1967 1035 2022 nobis
1086 1967 1425 2023 medicorum
1483 1967 1768 2023 curatione
1827 1981 1966 2038 opus
2016 1976 2119 2023 est.

616 2057 804 2129 Neque
833 2059 978 2113 enim
1011 2073 1102 2113 res
1137 2056 1286 2128 ipsas
1327 2057 1394 2113 ad
1445 2057 1683 2114 hominis
1741 2059 2122 2115 tantummodo

545 2150 868 2205 alimentum
916 2156 1127 2204 creatas
1175 2161 1316 2213 esse,
1354 2147 1449 2225 sed
1485 2147 1656 2204 multo
1688 2148 1863 2219 magis
1899 2148 2122 2204 medela:

546 2239 720 2309 ipsius
759 2238 933 2310 gratia
989 2238 1321 2294 censendum
1380 2249 1512 2295 est:
1562 2239 1696 2295 nihil
1739 2240 1883 2295 enim
1928 2255 2118 2296 eorum

546 2346 666 2400 quae
697 2339 838 2385 terra
865 2321 1214 2385 continentur
1233 2329 1466 2396 exsistit,
1495 2331 1640 2400 quod
1673 2331 1960 2387 medicinae
2013 2332 2118 2387 arti

547 2437 657 2475 non
696 2420 960 2484 conferat.
1001 2420 1318 2492 hominique
1351 2421 1646 2492 opituletur
1684 2438 1698 2474 :
1735 2423 1848 2478 sive
1880 2422 2118 2478 ferarum

547 2526 743 2578 genus,
797 2520 1200 2581 serpentumve,
1233 2519 1323 2566 aut
1374 2513 1676 2579 volucrum,
1729 2513 1845 2568 sive
1897 2514 2119 2584 stirpes,

549 2603 770 2667 herbas,
811 2603 1040 2675 lapides,
1076 2603 1160 2659 vel
1192 2603 1434 2659 omnium
1484 2619 1668 2659 rerum
1699 2621 1820 2676 quae
1849 2608 1902 2660 in
1950 2616 2116 2672 terra,

547 2695 707 2761 mari,
734 2709 797 2750 ac
827 2694 1080 2752 universo
1111 2695 1242 2752 orbe
1268 2695 1521 2750 visuntur
1551 2696 1758 2765 species
1788 2697 2118 2767 complecta-

548 2788 643 2842 ris.
669 2784 888 2841 Homini
923 2785 1087 2858 igitur
1119 2790 1190 2842 ob
1232 2787 1481 2842 assiduas
1506 2787 1909 2852 evacuationes,
1945 2789 2119 2858 quod-

545 2895 652 2948 que
687 2877 777 2934 ilia
830 2893 952 2949 qua:
1004 2879 1203 2949 accipit
1254 2880 1638 2945 absumuntur,
1697 2891 1863 2950 utque
1915 2881 2119 2936 animal

545 2988 573 3024 a
605 2969 687 3026 sui
718 2969 1106 3026 constitutione
1143 2985 1247 3025 non
1275 2969 1506 3036 desinat,
1541 2972 1800 3027 alimento
1823 2971 1939 3044 jugi
1967 2990 2119 3039 esus,

544 3072 812 3130 potusque
840 3076 977 3130 opus
1008 3061 1234 3116 exstitit.
1278 3061 1582 3131 Siquidem,
1632 3063 1805 3119 solido
1836 3065 2116 3127 alimento,

547 3151 724 3219 primo
758 3148 1190 3218 praecedentique
1219 3148 1430 3214 ordine,
1464 3148 1690 3202 humido
1724 3164 1848 3202 vero
1873 3150 2115 3206 secundo

547 3241 725 3308 ipsum
775 3238 1142 3306 subsequente
1201 3236 1427 3302 utimur,
1467 3251 1577 3306 quo
1619 3236 1824 3292 siccum
1893 3237 2116 3292 humido

544 3345 643 3398 pro
704 3327 953 3384 vehiculo
979 3327 1068 3394 sit,
1103 3340 1163 3383 ut
1198 3328 1375 3398 ipsum
1404 3343 1504 3382 ceu
1545 3343 1706 3382 manu
1752 3327 1816 3382 ad
1843 3329 2114 3385 exteriora

531 3420 812 3486 deducat,
879 3418 1343 3490 quemadmodum
1406 3417 1762 3488 Hippocrates
1831 3419 2115 3474 humidum

547 3513 692 3567 sicco
725 3512 984 3566 alimento
1012 3510 1323 3565 vehiculum
1350 3523 1472 3566 esse
1504 3519 1801 3564 asseverat.
1829 3509 2116 3577 Praeterea,

547 3613 601 3656 et
632 3603 862 3660 vestium
911 3618 1014 3658 usu
1063 3602 1390 3673 indigemus,
1423 3617 1549 3657 cum
1589 3601 1802 3655 nullum
1837 3603 1994 3658 nobis
2023 3617 2118 3656 va-

548 3694 719 3750 lidum
767 3703 1142 3767 tegumentum
1180 3703 1376 3749 natura
1412 3693 1689 3763 impartita
1724 3693 1828 3758 sit;
1866 3693 2120 3748 domibus

547 3801 698 3853 vero,
729 3803 836 3858 quo
866 3788 935 3842 ab
967 3787 1257 3842 ambientis
1300 3801 1400 3842 nos
1429 3785 1574 3841 aeris
1604 3786 1942 3856 intemperie,
1976 3785 2124 3840 fera-

547 3890 778 3946 rumque
831 3876 1054 3931 incursu
1097 3885 1242 3931 tutos
1287 3875 1577 3931 edicerent.
1627 3874 1905 3931 Medicinae
1937 3884 2118 3932 autem

2225 1873 2512 1944 συνεχείας
2539 1871 2633 1926 τοῦ
2666 1871 2920 1944 σώματος
2941 1917 2956 1940 ,
2996 1874 3202 1944 ἰατρῶν
3231 1874 3532 1946 θεραπείας
3563 1877 3624 1930 ὲν
3650 1875 3798 1946 χρείᾳ.

2223 1967 2589 2038 κατέστημεν.

2293 2057 2366 2109 Οὐ
2389 2057 2433 2088 ⁸³
2459 2058 2569 2127 γὰρ
2591 2054 2654 2127 δὴ
2679 2056 2840 2127 μόνον
2864 2057 2945 2119 εἰς
2964 2057 3177 2126 τροφὴν
3205 2055 3496 2128 ἀνθρώπου
3521 2057 3566 2087 ⁸⁸
3592 2057 3658 2110 τὰ
3678 2057 3796 2110 ὄντα

2221 2148 2462 2216 ἐγένετο,
2515 2148 2662 2203 ἀλλά
2696 2148 2939 2218 πολλῷ²⁸
2987 2148 3187 2218 μᾶλλον
3229 2151 3309 2214 εἰς
3359 2148 3660 2220 θεραπείαν
3706 2151 3798 2203 αὐ.

2219 2235 2315 2287 τοῦ
2346 2236 2414 2289 ³⁸.
2439 2235 2606 2288 Οὐδὲν
2631 2236 2738 2308 γάρ
2767 2238 2882 2289 ἐστι
2909 2235 3019 2290 τῶν
3046 2236 3142 2289 ἐπὶ
3171 2237 3296 2309 γῆς,
3319 2236 3348 2290 ὃ
3380 2239 3456 2309 μὴ
3487 2240 3740 2311 συνεργεῖ
3758 2239 3796 2269 ’⁷

2223 2327 2281 2379 ὲν
2319 2328 2386 2397 τῇ
2430 2328 2648 2399 ἰατρικῇ
2698 2326 2864 2398 τέχνῃ
2909 2327 3005 2381 καὶ
3044 2327 3232 2398 βοηθεῖ
3262 2328 3341 2400 τῷ
3369 2329 3671 2402 ἀνθρώπιεν
3707 2329 3799 2384 κᾶν

2220 2415 2388 2486 θηρία
2417 2416 2600 2488 εἴπῃς,
2647 2416 2754 2471 κᾶν
2788 2417 3018 2488 ἑρπετὰ,
3065 2418 3168 2473 κᾶν
3214 2419 3465 2486 πετεινὰ,
3503 2423 3614 2476 κᾶν
3647 2423 3800 2490 φυτὰ.

2223 2506 2324 2559 κᾶν
2376 2505 2626 2577 βοτάνας,
2671 2506 2778 2561 κᾶν
2822 2506 3025 2572 λίθους,
3065 2509 3168 2564 κᾶν
3193 2509 3220 2563 ὅ
3249 2528 3302 2564 τι
3338 2506 3432 2565 οὗν
3477 2511 3590 2564 τῶν
3626 2513 3801 2576 ὄντων,

2221 2598 2279 2650 ὲν
2312 2599 2382 2668 γῇ
2415 2614 2474 2650 τε
2506 2597 2601 2650 καὶ
2631 2596 2901 2668 θαλάσσῃ,
2925 2597 3018 2649 καὶ
3042 2599 3099 2650 ὲν
3131 2599 3280 2670 πάσῃ
3311 2601 3378 2670 τῇ
3406 2599 3610 2654 κτίσει.
3641 2598 3804 2668 Χρεία

2221 2687 2401 2741 τοίνυν
2441 2686 2716 2758 ἀνθρώπῳ
2754 2689 2842 2742 dei.
2873 2689 3084 2760 τροφῆς
3128 2689 3228 2759 μὲν
3257 2690 3352 2744 καὶ
3383 2690 3553 2745 ποτοῦ
3599 2690 3688 2744 διά
3714 2689 3806 2751 τὰς

2223 2779 2484 2845 κενώσεις
2527 2781 2622 2834 καὶ
2666 2780 3044 2852 διαφορήσεις,
3081 2780 3266 2834 καὶτὸ
3294 2783 3342 2814 ⁸³
3390 2784 3716 2836 συνεστάναι
3750 2781 3807 2833 τὸ

2222 2870 2380 2934 ζῶονο
2417 2870 2515 2924 καὶ
2545 2871 2654 2941 γὰρ
2682 2871 2782 2942 τὴν
2807 2871 3038 2943 στερεὰν
3063 2872 3273 2944 τροφὴν
3298 2873 3440 2927 κατά
3461 2873 3506 2905 ⁸⁸
3537 2872 3809 2946 προηγού-

2225 2981 2385 3034 μενον
2419 2965 2846 3036 προσφερόμεθα
2876 2965 2922 2997 ³⁶
2972 2965 3130 3037 λόγον
3156 2981 3170 2995 ο
3204 2966 3306 3037 τήν
3351 2966 3410 3020 δὲ
3451 2967 3634 3039 ὑγρὰν
3672 2964 3809 3019 κατά

2220 3053 2508 3126 δεύτερον’
2563 3054 2705 3108 ὥστε
2758 3055 2942 3128 ὄχημα
2989 3057 3247 3126 γενέσθαι
3295 3060 3363 3129 τῇ
3416 3057 3564 3130 ξηρᾷ
3590 3059 3634 3090 ⁸⁸
3663 3099 3677 3123 ,
3717 3056 3811 3110 καὶ

2223 3146 2636 3216 χειραγωγῆσαι
2682 3147 2854 3218 αὐτὴν
2887 3148 3022 3218 πρὸς
3055 3150 3156 3220 τὴν
3201 3150 3479 3214 ἀνάδοσιν,
3531 3150 3610 3213 ὦς
3648 3166 3810 3219 φησιν

2237 3237 2604 3309 Ἱπποκράτης
2645 3236 2746 3314 [De
2798 3240 3075 3313 alimento]
3101 3257 3116 3271 ·
3155 3259 3174 3292 ι
3228 3240 3505 3314 Ὑγρασίη
3531 3243 3577 3274 ³³
3609 3241 3837 3315 τροφῆς,

2224 3327 2427 3399 ὄχημα.
2501 3349 2518 3380 ι
2586 3330 2846 3399 Ἐσθῆτος
2917 3331 2974 3384 δὲ
3051 3331 3214 3385 πάλιν
3267 3332 3539 3402 δεόμεθα,
3605 3333 3696 3386 διὰ
3758 3331 3816 3384 τὸ

2230 3421 2505 3492 μηδεμίαν
2552 3420 2701 3492 ἔχειν
2774 3423 2837 3474 ἐκ
2896 3422 3111 3492 φύσεως
3177 3423 3480 3495 περιϐολὴν
3547 3425 3813 3498 ἰσχυράνο

2225 3512 2376 3564 οἴκου
2408 3511 2488 3576 δὲ,
2531 3511 2618 3565 διὰ
2644 3511 2741 3574 τὰς
2769 3512 3108 3584 δυσκρασίας
3143 3514 3238 3568 τοῦ
3272 3516 3631 3586 περιέχοντος
3673 3516 3818 3586 ἡμᾶς

2226 3605 2390 3676 ἀέρος
2414 3604 2511 3658 καὶ
2533 3604 2600 3658 τά
2626 3603 2811 3676 θηρία·
2843 3606 3143 3675 θεραπείας
3174 3607 3252 3672 δὲ,
3272 3606 3360 3661 διὰ
3377 3608 3481 3671 τὰς
3508 3605 3818 3678 μεταϐολὰς

2225 3695 2336 3748 τῶν
2374 3694 2676 3765 ποιοτήτων
2702 3695 2750 3728 ³³
2788 3697 2884 3748 καὶ
2925 3696 3026 3767 τὴν
3056 3696 3311 3769 αἴσθησιν
3352 3698 3453 3769 τὴν
3503 3699 3822 3752 ἐνδοθεῖσαν

2225 3787 2385 3858 ήμῶν
2413 3785 2460 3819 ³⁸
2483 3785 2562 3857 τῷ
2587 3787 2824 3857 σώματι·
2850 3788 2897 3840 εί
2921 3787 3032 3857 γὰρ
3058 3789 3133 3858 μὴ
3162 3789 3374 3860 προσῆν
3399 3791 3539 3860 ἡμῖν
3563 3790 3598 3861 ὴ
3631 3788 3822 3856 αἴσθη-

2227 3897 2333 3944 σις,
2367 3879 2467 3934 οὐκ
2503 3879 2567 3932 ἂν
2605 3877 2881 3950 ὴλγοῦμεν
2911 3880 2976 3911 ³⁸·
3012 3879 3122 3933 οὐδ’
3151 3879 3217 3934 ἃν
3255 3879 3564 3951 θεραπεέας
3598 3879 3823 3949 ἐδεήθη-

546 3967 846 4033 curatione,
893 3978 1007 4023 tum
1051 3968 1373 4037 qualitatum
1422 3966 1737 4022 mutationis
1767 3983 1954 4034 causa,
2004 3978 2118 4022 tum

2229 3986 2348 4040 μεν,
2380 3968 2454 4040 μὴ
2481 3969 2794 4038 ἀλγοῦντες.
2827 3969 2938 4024 Καὶ
2959 3969 3226 4041 διεφθάρη
3238 3987 3336 4041 μεν
3363 3971 3451 4037 ἂν,
3489 3973 3553 4025 ὲν
3578 3970 3822 4041 ἀγνωσία

543 4058 708 4112 etiam
753 4059 825 4114 ob
885 4073 1106 4114 sensum
1147 4075 1256 4129 quo
1286 4074 1487 4130 corpus
1531 4067 1775 4114 nostrum
1833 4059 2116 4127 przeditum

2224 4059 2318 4113 τοῦ
2355 4060 2528 4114 κακοῦ
2559 4061 2620 4114 τὺ
2655 4061 2830 4123 πάθος
2859 4061 2962 4114 οὐκ
2998 4060 3218 4132 ἰώμενοι
3247 4063 3314 4117 ⁸⁸.

541 4159 646 4215 est,
687 4164 942 4221 egemus;
968 4149 1060 4220 qui
1087 4147 1192 4204 nisi
1226 4149 1382 4205 nobis
1415 4149 1636 4216 inesset,
1688 4165 1785 4202 nec
1842 4150 1992 4202 dolor
2031 4149 2274 4218 inesset;
2317 4167 2440 4204 nam
2505 4151 2714 4206 nullum
2751 4151 2996 4207 dolorem
3052 4153 3441 4218 sentientibus,
3515 4150 3670 4207 nulla
3715 4164 3822 4204 me—

543 4247 679 4302 dicae
727 4245 865 4300 artis
917 4259 1051 4300 cura
1108 4259 1249 4316 opus
1306 4243 1502 4300 fuerat.
1555 4241 1662 4301 Sed
1715 4244 1769 4298 in
1849 4245 1967 4315 ipsa
2027 4245 2154 4300 mali
2196 4245 2561 4317 ignoratione,
2621 4247 2756 4301 nihil
2797 4247 3104 4319 aegritudini
3154 4249 3256 4318 ipsi
3306 4248 3428 4320 opis
3482 4249 3819 4310 inierentes,

543 4335 596 4389 in
645 4336 939 4406 perniciem
969 4343 1328 4392 verteremur.

611 4427 679 4482 At
701 4427 901 4482 artium
925 4425 1392 4497 scientiarumque
1416 4440 1604 4492 causa,
1630 4437 1792 4498 atque
1814 4428 1884 4482 ob
1904 4442 2122 4482 earum-

2302 4426 2402 4481 Διά
2425 4425 2484 4481 δὲ
2511 4427 2608 4492 τὰς
2633 4428 2828 4500 τέχνας
2852 4429 2948 4496 καὶ
2974 4429 3073 4496 τάς
3099 4430 3436 4502 ἐπιστήμας,
3464 4433 3573 4487 καὶ
3594 4437 3698 4497 τὰς
3724 4431 3824 4485 ἀπὸ

539 4517 664 4572 dem
688 4526 1078 4583 usum,mutua
1099 4517 1259 4573 nobis
1303 4519 1695 4574 consuetudine
1738 4534 1875 4588 Optls
1925 4529 2026 4574 est.
2052 4517 2118 4574 Et

2223 4517 2432 4572 τούτων
2475 4519 2667 4590 χρείας
2694 4519 2942 4591 ἀλλήλων
2973 4521 3244 4593 δεόμεθα·
3281 4522 3371 4576 δια
3410 4523 3473 4577 δὲ
3510 4525 3580 4578 τὸ
3615 4523 3820 4577 δεῖσθαι

542 4611 672 4680 quia
693 4611 848 4666 alteri
879 4609 1102 4665 alterius
1122 4624 1289 4680 opera
1320 4609 1646 4681 indigemus,
1685 4611 2118 4681 quamplurimos

2225 4607 2471 4680 ἀλλήλων
2505 4612 2585 4675 εἰς
2613 4611 2779 4666 ταυτδ
2807 4612 2851 4644 ³⁷
2882 4613 3071 4667 πολλοὶ
3104 4612 3483 4680 συνελθόντες,
3520 4614 3818 4670 κοινωνοῦ-

541 4702 600 4757 in
625 4717 796 4758 unum
828 4702 1121 4758 convenire
1141 4701 1525 4773 oportuit,quo
1547 4701 1601 4756 in
1634 4703 1911 4757 communi
1943 4703 2121 4757 omni-

542 4797 646 4852 bus
658 4797 780 4851 vitae
796 4794 1118 4851 necessariis
1137 4793 1550 4850 consuleremus
1569 4811 1583 4848 :
1612 4807 1773 4864 quem
1793 4803 2118 4848 conventum

541 4886 1117 4958 cohabitationemque
1155 4887 1432 4943 civitatem
1477 4884 1738 4957 appellari
1769 4886 2020 4956 placuit,
2059 4894 2119 4941 ut

541 4978 800 5046 propius,
852 4992 963 5032 non
1011 4987 1195 5033 autem
1251 4977 1448 5034 semoti
1499 4977 1735 5032 invicem
1790 4977 2118 5034 utilitatibus

539 5067 976 5122 consuleremus.
1021 5065 1196 5121 Homo
1248 5067 1392 5121 enim
1449 5076 1642 5120 natura
1685 5065 1945 5121 sociabile
1982 5065 2118 5135 poli-

612 5305 656 5380 I'
685 5310 922 5380 πὲκυδέρ

538 5374 697 5429 τοῦτο
717 5374 818 5434 BC
850 5374 909 5434 Ρ.

538 5446 594 5496 δὲ
619 5447 728 5516 γᾴρ
754 5446 814 5504 Β.

929 5310 1113 5413 μα’(Ξὲ
1174 5311 1218 5343 ⁸⁸
1247 5312 1488 5413 ’ταῖξήΒἸὶ
1536 5310 1845 5413 ’δἀζττερὰῼ
1883 5309 1939 5365 Ρ.

991 5383 1031 5413 ¹⁹
1058 5381 1216 5453 ὲδωρ.
1251 5400 1300 5435 τ.
1337 5383 1423 5436 ἀλ.
1451 5381 1510 5436 Β.
1585 5384 1628 5414 ²⁰
1652 5383 1951 5451 καυμάτων
2003 5381 2026 5434 I

913 5450 960 5482 ’⁸
988 5450 1096 5504 τῶν
1125 5450 1426 5521 ἀνθρώπων
1460 5453 1499 5506 C
1530 5451 1588 5507 P.
1667 5451 1713 5483 "
1746 5450 1935 5504 πολλαὶ
1967 5453 2026 5504 C.

2043 5311 2085 5342 "
2112 5314 2207 5366 καὶ
2240 5313 2328 5367 διὰ
2358 5314 2515 5368 τοῦτο
2541 5317 2738 5383 ἀναγκ.
2769 5316 2828 5369 Β.
2919 5319 2962 5354 *⁷
2987 5317 3086 5383 τῆς
3114 5316 3312 5371 ἀναπλ.
3349 5313 3411 5369 Β.
3529 5317 3576 5350 ⁸⁸
3605 5318 3636 5380 ὲ]

1205 5425 1216 5436 .
1251 5400 1300 5435 τ.
1337 5383 1423 5436 ἀλ.
1451 5381 1510 5436 Β.
1585 5384 1628 5414 ²⁰
1652 5380 1951 5451 καυμάτων
2003 5380 2065 5434 Β.
2141 5383 2184 5413 ¹¹
2214 5384 2300 5436 διὰ
2331 5385 2487 5437 τοῦτο
2513 5415 2580 5424 ——
2605 5380 2876 5454 οἰκήσεως
2901 5404 3006 5441 οιιι.
3039 5380 3098 5441 Ρ.
3176 5388 3220 5418 ²²
3249 5390 3312 5456 τῇ
3342 5386 3509 5440 λύσει
3553 5386 3621 5440 Β.
3697 5380 3742 5418 ίέ
3759 5384 3814 5436 οὗ

1205 5450 1426 5507 δρώπων
1460 5453 1499 5506 C
1530 5451 1588 5507 P.
1667 5451 1713 5483 "
1746 5450 1935 5504 πολλαὶ
1967 5453 2026 5504 C.
2141 5454 2187 5484 "
2209 5454 2386 5506 αὐτῶν
2433 5455 2473 5506 (1
2505 5454 2563 5507 P.
2676 5458 2718 5487 ⁸⁷
2749 5458 2963 5507 ἐνεργεῖ
2987 5458 3048 5507 C.
3138 5457 3182 5489 ’⁸
3205 5457 3300 5507 τοῦ
3353 5457 3413 5507 Β-
3458 5456 3560 5507 διὰ
3603 5457 3666 5507 τὸ
3693 5456 3732 5507 C
3761 5453 3812 5505 P.

2229 4718 2328 4772 μεν
2377 4701 2703 4774 ἀλλήλοιςυ
2752 4705 2896 4760 κατὰ
2941 4707 3040 4771 τὰς
3070 4706 3166 4761 τοῦ
3202 4707 3318 4778 βίου
3365 4709 3575 4778 χρείας
3609 4712 3670 4762 ὲν
3715 4709 3821 4766 τοῖς

2227 4796 2674 4868 συναλλάγμασιν
2703 4799 2768 4832 ³⁹ο
2795 4799 2989 4870 ἥντινα
3011 4798 3058 4831 ⁸⁸
3085 4799 3304 4854 σύνοδον
3333 4800 3429 4853 καὶ
3468 4802 3764 4856 συνοικίαν
3780 4799 3818 4831 ⁸⁸

2229 4887 2384 4940 πόλιν
2431 4890 2725 4960 ὠνόμασαν
2749 4889 2816 4921 δ’·
2848 4890 2935 4943 ἵνα
2977 4890 3233 4961 ἐγγύθεν,
3275 4891 3372 4945 καὶ
3409 4891 3495 4964 μὴ
3531 4889 3820 4964 πόρρωθεν

2225 4979 2323 5042 τὰς
2346 4978 2393 5011 ⁸⁸
2428 4981 2558 5049 παρ’
2590 4981 2832 5050 ἀλλήλων
2867 4981 3136 5051 ὠφελείας
3172 4981 3531 5055 καρπώμεθα
3563 4984 3636 5041 ⁵⁸.
3662 4983 3819 5037 Φύσει

2225 5069 2333 5141 γὰρ
2369 5071 2832 5141 συναγελαστικὺν
2871 5075 2968 5128 καὶ
3005 5074 3284 5128 πολιτικὸν
3329 5074 3477 5139 ζῶον
3501 5076 3555 5109 ⁸⁸
3597 5075 3817 5148 γέγονεν

3529 5317 3576 5350 ⁸⁸
3605 5318 3664 5380 ὲν
3694 5315 3815 5385 ἡμῖν

2676 5443 2728 5487 ’τ’
2749 5458 2963 5526 ἐνεργεῖ
2987 5458 3048 5511 C.
3138 5457 3182 5489 "
3205 5443 3312 5510 τοῧ’
3353 5457 3413 5526 B_.
3458 5456 3560 5510 διὰ
3603 5457 3666 5509 τὸ
3693 5456 3732 5508 C

540 5516 586 5545 ”
624 5514 716 5570 τὸν
743 5527 870 5572 ante
897 5537 937 5572 π
976 5536 1098 5590 οηγ.
1127 5533 1180 5576 et
1211 5514 1335 5575 ante
1359 5521 1500 5575 δεύτ.
1529 5523 1653 5576 add.
1689 5521 1746 5576 P.
1818 5521 1861 5553 ³⁸
1888 5522 2130 5592 προφερό

540 5584 582 5614 ³³
621 5587 910 5649 παντήτων
1081 5591 1122 5622 ³³
1154 5589 1402 5643 δοθεῖσαν
1431 5593 1581 5649 ἡμῖν.
1609 5594 1646 5645 C
1671 5591 1730 5646 P.
1806 5591 1850 5624 ³⁸
1881 5590 2132 5649 ὴλγῶμεν

2220 5523 2365 5624 istac:
2441 5526 2481 5556 ³¹
2512 5527 2612 5609 τῆς
2639 5525 2810 5649 ﬁngit;
2835 5514 2969 5609 -C'P.
3046 5528 3089 5560 ³³
3117 5527 3353 5598 ὑγρασία
3378 5523 3450 5588 Β,
3493 5527 3734 5597 ὑγράσιν
3754 5522 3812 5578 C.

2330 5611 2687 5648 ωκειουιιενοι
2753 5637 2766 5649 .
2800 5596 3162 5649 οικειούιιενοι
3194 5597 3236 5649 C
3261 5597 3319 5649 P.
3399 5597 3450 5627 ³⁷
3484 5598 3553 5649 τὸ
3582 5596 3717 5649 αὐτὸ
3758 5591 3812 5645 Β.

540 5584 582 5655 ff
621 5587 910 5655 παντήτων

540 5651 586 5680 ³³
603 5651 866 5721 ἀλλήλων
911 5657 974 5710 C.

545 5718 796 5787 μάσαμεν
829 5722 891 5790 c,
928 5726 1263 5794 ὀνομάζομεν
1287 5718 1355 5782 P.‘
1392 5718 1423 5730 "
1457 5730 1500 5761 δ’
1534 5731 1634 5800 τῆς
1662 5718 1714 5785 'c
1749 5732 1808 5784 ι».

1154 5589 1402 5643 δοθεῖσαν
1431 5593 1581 5661 ἡμῖν.
1609 5594 1646 5645 C
1671 5591 1730 5646 Ρ.
1806 5591 1860 5663 ³⁸,
1881 5589 2216 5660 ἡλγῶμενα.
2259 5593 2304 5624 ⁸³
2330 5589 2687 5663 ώκειούμξενοι

1090 5660 1132 5730 ’ξ
1162 5660 1577 5730 συναλγήμασιν
1607 5663 1674 5722 A,
1716 5662 2130 5730 συνκλάγμασιν
2164 5663 2203 5714 Β
2253 5663 2315 5717 C.

1906 5731 1952 5763 “
1985 5733 2344 5802 τυγχάνωμεν
2388 5731 2553 5800 text;
2595 5731 2935 5808 καρπώμεθα
2968 5737 3024 5801 P,
3060 5755 3174 5790 ιιι-ιι.

2800 5591 3236 5666 οἰκειούμενοιῖ]
3261 5597 3319 5650 Ρ.
3363 5597 3450 5666 ff
3484 5591 3557 5650 τδ
3578 5591 3717 5666 αὐτο
3758 5591 3812 5645 Β.

2431 5665 2475 5695 ⁸ο
2521 5669 2585 5734 ἦν
2623 5666 2686 5736 δὴ
2719 5667 2759 5718 (2
2793 5665 2852 5719 Ρ.
2931 5667 2971 5697 ⁸⁸
3006 5663 3320 5736 συνοίκησιν
3349 5663 3389 5715 C
3422 5665 3490 5719 Ρ.
3610 5667 3656 5698 ⁸³
3685 5664 3813 5715 ώνο·

2431 5745 2540 5788 le.:
2595 5735 2935 5788 mambust
2968 5737 3023 5788 P.
3060 5755 3174 5788 (mi.
3279 5738 3319 5769 ’⁵⁵
3351 5733 3504 5788 ζῶον
3537 5755 3654 5788 υιιι.
3694 5734 3752 5788 Β.

3351 5753 3504 5796 ςωον
3537 5755 3654 5792 υιιι.
3694 5753 3752 5789 υ.
