4006 6158
351 309 482 369 “Ol

1557 309 1648 366 DE
1686 310 1976 369 NATUBA
2015 307 2317 367 HOMINIS.

3473 300 3613 357 HO!

349 429 378 482 ὁ
402 427 721 497 ἄνθρωπος’
755 421 837 490 εἷς
859 425 969 498 γάρ
991 427 1167 493 οὐδεὶς
1193 427 1239 460 ⁸⁸
1267 427 1552 500 αὐτάρκης
1585 430 1763 501 ἑαυτῷ
1795 429 1933 500 πρὸς

2037 429 2316 499 ticumque
2358 424 2563 482 animal
2610 422 2862 486 habetur,
2910 434 3012 477 nec
3044 434 3187 477 unus
3219 434 3315 490 per
3343 433 3404 492 se
3433 417 3612 490 ipsum

349 519 568 574 ᾶπαντα
588 517 654 572 ⁸⁷.
689 517 860 588 Δῆλον
904 513 998 570 οὖν
1047 517 1123 582 ὡς
1171 520 1226 572 αξ
1269 517 1454 581 πόλεις
1488 518 1578 572 διά
1621 520 1690 572 τά
1734 519 1931 572 συναλ-

348 609 609 679 λάγματα
654 609 750 661 καὶ
782 606 853 661 τά
899 608 1202 680 μαθήματα
1238 611 1606 679 συνέστησαν·
1655 610 1931 682 ὁρίζονται

349 697 460 770 γὰρ
507 698 662 752 πόλιν
681 695 750 762 ⁸⁸,
789 697 851 751 οὐ
889 698 1052 769 μόνον
1104 699 1358 770 σύστημα
1391 699 1680 770 ἱδρυμένον
1716 701 1860 755 κατὰ
1884 703 1930 734 δ’

349 788 514 860 νόμον
535 790 914 862 διοικούμενον
943 791 1012 857 ⁸⁸,
1044 791 1182 846 ἀλλὰ
1209 793 1305 846 καὶ
1337 789 1575 859 σύνοδον,
1610 791 1708 846 καὶ
1749 809 1931 847 συνοι-

351 880 476 935 κίαν
506 882 719 936 πολλῶν
748 883 828 946 είς
854 881 1148 952 ὠφέλειαν.

423 1064 526 1120 Δύο
554 1065 612 1118 δὲ
640 1066 750 1120 τῶν
781 1065 1094 1140 πρεσϐείων
1131 1067 1340 1124 τούτων
1383 1067 1413 1124 ό
1455 1070 1744 1142 ἄνθρωπος
1782 1072 1931 1138 ἐξαι-

354 1155 522 1226 ρέτων
547 1157 591 1189 "
619 1156 810 1228 ἔτυχεν
858 1159 1000 1230 ὑπὲρ
1040 1159 1222 1214 πάντα
1255 1162 1326 1216 τά
1358 1163 1488 1219 ὄντα
1528 1162 1724 1234 λογικά
1749 1181 1810 1219 τε
1836 1164 1930 1220 καὶ

348 1248 518 1314 ἄλογα
539 1245 652 1312 ζῶα
671 1265 688 1280 ο
724 1249 822 1303 καὶ
851 1250 962 1321 γὰρ
998 1245 1155 1316 οὗτος
1183 1253 1341 1324 μόνος
1368 1254 1704 1329 συγγνώμης
1729 1257 1777 1290 ⁸⁸
1800 1273 1932 1326 τυγ-

347 1338 501 1409 χάνει
541 1341 842 1410 μετανοῶν,
875 1342 970 1395 καὶ⁵
999 1343 1048 1376 ⁸³
1077 1344 1139 1398 τὸ
1168 1345 1330 1414 σῶμα
1360 1346 1552 1401 τούτου
1584 1349 1778 1420 θνητὸν
1804 1348 1864 1403 δν
1880 1349 1930 1382 ⁸⁸

347 1427 812 1498 ἀπαθανατίζεται
838 1447 851 1461 ⁸
900 1435 996 1489 καὶ⁵
1046 1435 1140 1490 τοῦ
1176 1439 1277 1507 μὲν
1319 1439 1635 1512 σωματικοῦ
1685 1441 1774 1496 διά
1828 1440 1930 1514 τὴν

346 1519 548 1592 ψυχὴν,
570 1522 665 1576 τοῦ
690 1523 747 1578 δὲ
770 1523 1028 1597 ψυχικοῦ,
1055 1527 1143 1583 διά
1173 1527 1232 1582 τδ
1261 1529 1420 1600 σῶμα
1442 1529 1720 1601 τυγχάνει.
1752 1532 1931 1592 Μόνος

347 1613 458 1684 γάρ
487 1615 516 1668 ό
552 1615 838 1687 ἄνθρωπος
867 1619 974 1672 τῶν
1011 1618 1250 1689 λογικῶν
1276 1619 1553 1693 ἐξαίρετον
1583 1621 1718 1675 ίδιον
1765 1621 1929 1692 ἔσχη-

350 1717 469 1770 κεν,
515 1706 577 1758 τὸ
621 1707 954 1778 συγγνώμης
986 1709 1046 1764 ὲν
1090 1708 1171 1780 τῷ
1221 1713 1502 1780 μετανοεῖν
1550 1711 1924 1777 ἀξιοῦσθαι¹⁸.

2035 521 2136 577 sibi
2183 520 2286 590 ipsi
2325 517 2394 574 ad
2430 516 2614 573 omnia
2657 513 2874 572 suﬂicit.
2908 512 3047 568 Hinc
3092 512 3257 582 igitur
3291 511 3399 582 13
3426 511 3610 577 urbes,

2033 613 2106 668 oi)
2143 620 2446 668 conventus
2479 608 2912 679 disciplinasque
2961 604 3210 661 conditas
3241 618 3362 658 esse
3403 613 3610 658 certum

2033 716 2148 772 est;
2176 704 2450 759 civitatem
2482 715 2612 756 vero
2647 713 2754 754 non
2785 696 2950 753 modo
2982 711 3106 766 quat
3150 695 3252 749 rite
3297 693 3517 749 condita
3546 695 3613 747 ad

2034 797 2377 854 incolendum
2405 795 2673 850 habitatio
2703 800 2809 857 est,
2849 790 2943 846 sed
2984 796 3039 844 et
3069 795 3372 843 conventus
3400 786 3622 840 cohabi-

2034 886 2377 954 tationesque
2413 879 2710 937 multorum
2753 877 3006 934 utilitatis
3050 872 3400 932 consulendae
3450 889 3618 928 causa

2031 993 2156 1033 esse
2182 977 2468 1031 deﬁniunt.

2106 1069 2288 1125 Homo.
2311 1078 2493 1124 autem
2526 1081 2692 1136 super
2725 1064 2918 1120 omnia
2942 1061 3200 1119 animalia
3230 1061 3446 1117 ratione
3480 1074 3620 1129 pra:-

2031 1160 2166 1226 dita,
2198 1160 2480 1229 ipsiusque
2508 1156 2775 1227 expertia,
2798 1156 2908 1210 duo
2929 1155 3044 1210 haec
3068 1153 3326 1223 praeclara
3348 1151 3619 1222 praecipue

2032 1250 2260 1306 sortitus
2291 1256 2376 1304 est
2409 1267 2422 1302 :
2458 1247 2685 1301 alterum
2753 1246 2897 1314 quod
2949 1245 3101 1300 solus
3139 1244 3186 1298 is
3241 1239 3615 1311 penitentiam

2032 1338 2264 1410 agendo,
2305 1337 2460 1392 venia
2489 1336 2687 1407 dignus
2721 1335 2810 1399 lit;
2870 1334 3100 1387 alterum
3130 1346 3280 1394 vero,
3309 1329 3455 1400 quod
3487 1341 3615 1382 cum

2031 1443 2259 1500 corpore
2289 1428 2540 1484 mortalis
2568 1427 2670 1493 sit,
2710 1423 3040 1480 immortalis
3081 1421 3349 1486 edicitur;
3410 1427 3467 1473 et
3509 1418 3618 1472 hoc

2031 1522 2175 1594 quod
2192 1522 2258 1576 ad
2279 1535 2480 1590 corpus
2496 1519 2706 1584 attinet,
2725 1517 2940 1581 animae,
2954 1514 3100 1586 quod
3116 1527 3246 1569 vero
3261 1511 3328 1566 ad
3347 1511 3613 1573 animam,

2031 1611 2280 1684 corporis
2303 1610 2473 1682 gratia
2497 1609 2829 1679 assequitur.
2857 1606 3021 1662 Solus
3060 1604 3208 1661 enim
3239 1604 3406 1658 homo
3432 1617 3502 1656 ex
3532 1600 3619 1654 his

2031 1723 2153 1780 quae
2169 1704 2453 1761 rationalia
2469 1713 2596 1759 sunt
2608 1701 2884 1774 ἐξαίρετον
2923 1699 3077 1765 ἴδιον,
3095 1696 3430 1768 praecipuum
3448 1691 3623 1763 quod-

363 1795 580 1868 Ἐπειδὴ
609 1798 655 1830 ⁸⁸
677 1799 784 1872 γάρ
812 1800 883 1853 τὰ
918 1800 1089 1870 ἄλογα
1122 1802 1288 1873 πάθη,
1317 1803 1381 1857 ὲκ
1405 1803 1505 1874 τῆς
1532 1804 1671 1876 πρὸς
1689 1803 1785 1875 τὴν
1806 1804 1928 1859 ἀλο-

2034 1800 2156 1854 dam
2175 1799 2294 1869 ejus
2309 1797 2616 1867 peculiareq
2626 1810 2713 1860 ue,
2732 1794 2878 1864 quod
2893 1801 2978 1848 est
2999 1801 3060 1846 ut
3077 1791 3231 1847 venia
3254 1805 3283 1843 a
3303 1785 3620 1857 poenitentia

348 1903 444 1956 γον
464 1887 507 1920 ⁵⁷
553 1888 715 1958 φύσιν
762 1893 1112 1962 συμπαθείας
1144 1911 1206 1947 τε
1257 1895 1352 1948 καὶ
1375 1893 1422 1927 ⁸⁸
1471 1897 1794 1965 συγγενείας
1826 1896 1928 1960 τὰς

346 1977 601 2050 ἀφορμάς
659 1982 772 2052 ἔχει
825 1983 878 2055 (ἡ
923 1987 1033 2056 γὰρ
1080 1985 1189 2040 τῶν
1240 1985 1587 2059 παθημάτων
1635 1989 1927 2057 συγγένεια

346 2071 488 2124 κατά
516 2073 577 2124 τδ
613 2071 725 2127 ἴσον
756 2077 889 2145 ἡμῖν
905 2093 964 2130 τε
994 2077 1088 2130 καὶ
1115 2080 1230 2141 τοῖς
1252 2079 1470 2148 ἀλόγοις
1501 2079 1804 2150 ἐμφέρεται
1831 2081 1924 2150 ⁵⁸).

345 2161 546 2232 διπλῆν
573 2165 729 2236 φέρει
756 2169 784 2220 ὁ
810 2166 1098 2240 ἄνθρωπος
1122 2171 1262 2242 πρὸς
1289 2171 1360 2224 τά
1388 2173 1609 2226 ἐναντία
1639 2173 1684 2205 ⁶⁰
1713 2173 1811 2244 τὴν
1844 2191 1928 2226 τι-

350 2252 583 2325 μιότητα
603 2257 668 2288 ⁸⁸·
691 2256 769 2328 τῷ
793 2259 838 2290 ⁸⁸
873 2259 972 2330 μὲν
1018 2260 1243 2316 θεοειδεί
1269 2262 1362 2316 τοῦ
1391 2263 1484 2317 νοῦ
1514 2265 1652 2334 πρὸς
1695 2265 1755 2318 τὸ
1785 2265 1928 2318 θεῖον

347 2343 544 2409 κάλλος
584 2351 1109 2421 μεταμορφούμενος
1139 2353 1185 2386 “⁸
1207 2369 1222 2386 ο
1258 2356 1382 2416 ταῖς
1409 2354 1466 2407 δὲ
1497 2355 1638 2410 κατά
1665 2357 1727 2409 τὸ
1757 2356 1930 2420 πάθος

346 2439 662 2509 γινομέναις
694 2444 894 2513 ὁρμαῖς
928 2445 1067 2516 πρὸς
1099 2446 1163 2500 τὸ
1197 2447 1470 2518 κτηνῶδες
1509 2448 1692 2521 φέρων
1724 2452 1823 2521 τὴν
1854 2451 1930 2504 oi-

346 2531 626 2602 κειότητα.
662 2535 934 2600 Πολλάκις
963 2537 1020 2590 δὲ
1062 2539 1157 2592 καὶ
1186 2540 1308 2603 ὅλος
1326 2541 1373 2573 ⁸⁸
1407 2542 1812 2614 ἀποκτηνοῦται
1842 2544 1930 2598 διὰ

344 2626 443 2694 τῆς
476 2626 614 2695 πρὸς
650 2626 720 2680 τά
751 2627 920 2697 ἄλογα
953 2630 1128 2700 ῥοπῆς
1153 2647 1212 2684 τε
1239 2633 1334 2686 καὶ
1359 2632 1651 2699 διαθέσεως
1671 2650 1684 2664 ·
1723 2653 1928 2705 συγκα-

346 2715 408 2768 λύ
423 2735 565 2772 πτων
592 2720 654 2771 τὸ
687 2723 936 2788 κρεῖττον
972 2720 1052 2793 τῷ
1095 2723 1321 2795 χείρονι.
1359 2725 1562 2780 Τούτου
1593 2727 1724 2796 γοῦν
1764 2729 1929 2800 χάριν

347 2807 641 2876 ἐχαρίσατο
668 2810 729 2863 τὸ
757 2810 1037 2884 ἐξαίρετον
1061 2811 1250 2883 αύτῷό
1273 2813 1407 2878 Θεὸς
1429 2815 1758 2887 προτέρημα
1781 2817 1848 2884 ⁸⁸,
1870 2817 1931 2870 τὸ

348 2898 438 2952 διὰ
465 2901 562 2970 τῆς
590 2905 882 2972 μετανοίας
905 2907 1244 2961 ἀπολύεσθαι
1270 2907 1380 2961 τῶν
1406 2910 1930 2982 προημαρτημένων

350 2989 496 3058 αὐτῷ
521 2990 619 3055 τὰς
649 2994 829 3057 αἰτίας
856 2995 1262 3068 ἀποδυρόμενος
1286 2999 1354 3052 ⁸⁸.
1381 2999 1493 3052 Καὶ
1518 3000 1627 3070 γάρ
1664 3001 1810 3072 μόνῳ
1833 3002 1928 3056 ἅν-

350 3078 554 3153 θρὼπῳ
574 3082 736 3137 τοῦτο
765 3086 807 3118 "
839 3085 1162 3157 δεδώρηται,
1191 3088 1287 3142 καὶ
1311 3089 1494 3153 παντὶ,
1524 3091 1618 3144 καὶ
1639 3091 1746 3157 ἀεὶ,
1777 3091 1927 3162 παρὰ

2029 1893 2227 1961 dignus
2259 1891 2540 1955 eliiciatur,
2585 1885 2894 1957 acquisivit.
2941 1883 3076 1937 Nam
3121 1879 3522 1936 irrationalium
3563 1875 3619 1929 in

2029 1983 2188 2039 nobis
2205 1983 2497 2038 affectuum
2516 1981 2587 2036 ob
2607 1978 2972 2049 cognitionem
2995 1989 3119 2045 quae
3133 1973 3290 2027 nobis
3309 1971 3374 2025 ad
3396 1967 3622 2024 rationis

2027 2086 2300 2146 expertem
2327 2083 2574 2128 naturam
2593 2082 2677 2126 est
2706 2069 2923 2126 occasio
2951 2065 3282 2122 innascitur:
3322 2061 3616 2134 siquidem,

2029 2169 2319 2225 affectuum
2345 2167 2596 2238 cognatio
2627 2180 2749 2228 nos,
2786 2162 3105 2231 rationeque
3128 2167 3384 2214 vacantes
3411 2172 3475 2212 ex
3503 2158 3618 2225 pari

2028 2271 2278 2332 occupat.
2306 2259 2481 2316 Homo
2508 2258 2712 2328 duplici
2735 2254 3093 2312 similitudine
3116 2252 3183 2307 ad
3205 2249 3308 2306 sibi
3342 2250 3617 2305 contraria

2028 2357 2285 2428 praeditus
2305 2364 2416 2422 est;
2453 2361 2634 2409 mente
2663 2350 2904 2422 quidem,
2936 2357 3058 2418 quae
3090 2345 3187 2400 Dei
3217 2341 3508 2414 imaginem
3531 2357 3617 2396 re-

2028 2455 2338 2520 praesentat,
2377 2447 2444 2502 ad
2477 2445 2572 2501 Dei
2619 2444 2791 2514 ipsius
2842 2437 3303 2512 pulchritudinem
3342 2449 3402 2490 se
3433 2442 3616 2488 trans-

2030 2549 2243 2596 mutat:
2281 2540 2484 2608 impetu
2531 2547 2680 2599 vero,
2727 2531 2820 2602 qui
2874 2531 2944 2586 ab
2977 2527 3173 2584 al’l‘ectu
3215 2523 3614 2596 proﬁciscitur,

2030 2632 2300 2704 peculiare
2321 2627 2595 2701 quoddam
2623 2640 2747 2682 cum
2770 2623 2949 2680 brutis
2965 2618 3231 2692 possidet.
3262 2615 3369 2674 Sed
3391 2624 3446 2671 et
3469 2625 3617 2670 totus

2029 2727 2350 2798 plerumque
2415 2737 2524 2794 qua
2582 2721 2651 2777 ad
2704 2719 2866 2774 bruta
2909 2713 3168 2786 proclivis
3203 2723 3618 2784 propensusque

2029 2825 2136 2883 est,
2171 2831 2361 2873 eorum
2390 2823 2602 2870 natura:
2643 2810 2916 2876 efﬁcitur;
2955 2823 3081 2864 cum
3123 2821 3157 2862 a
3186 2802 3444 2861 deteriori
3484 2801 3615 2856 illud

2030 2909 2176 2980 quod
2207 2905 2448 2961 nobilius
2479 2912 2564 2960 est
2593 2908 2916 2973 occupatur.
2970 2895 3085 2954 Hac
3135 2896 3298 2968 igitur
3330 2894 3398 2949 de
3421 2906 3612 2956 causa,

2033 2997 2405 3069 pwnitentiam
2438 2995 2655 3064 insigne
2685 3005 2888 3046 munus
2924 2989 3034 3045 Deo
3057 2987 3324 3058 largiente
3347 2982 3612 3054 possidet,

2033 3092 2112 3146 uti
2150 3091 2267 3160 ipsa
2297 3087 2474 3143 media
2511 3102 2542 3141 a
2575 3087 2735 3155 culpa
2785 3084 2858 3139 ob
2899 3081 3199 3139 commissa
3230 3093 3262 3134 a
3295 3091 3355 3133 se
3382 3074 3615 3132 crimina

345 3168 439 3222 τὸν
473 3171 666 3242 καιρὸν
709 3175 808 3243 τῆς
851 3175 1152 3245 ὲγκοσμίου
1195 3177 1361 3248 ζωῆς·
1411 3179 1552 3249 μετὰ
1595 3180 1653 3233 δὲ
1701 3181 1930 3236 θάνατον

2036 3181 2298 3238 immunis
2364 3180 2480 3236 ﬁat.
2531 3178 2747 3234 Etenim
2803 3177 2906 3232 hoc
2951 3173 3076 3241 soli,
3104 3185 3158 3228 et
3208 3170 3361 3227 omni
3399 3167 3614 3224 homini

346 3260 449 3314 οὐκ
472 3262 575 3317 ἔτι.
603 3265 713 3318 Καὶ
739 3267 930 3338 ὥσπερ
969 3269 1101 3323 ῐδιόν
1135 3270 1253 3323 ἔστι
1280 3272 1373 3324 τοῦ
1405 3273 1583 3337 εἴδους
1607 3273 1652 3306 ⁸³
1677 3275 1842 3328 αὐτοῦ
1871 3279 1932 3330 τὸ

345 3352 671 3418 γελαστικὸν
693 3355 760 3421 ⁸³,
795 3359 982 3430 ἐπειδὴ
1013 3363 1110 3415 καὶ
1147 3361 1295 3433 μόνῳ
1315 3363 1492 3435 τούτῳ
1525 3367 1809 3437 πρόσεστι,
1836 3371 1932 3422 καὶ

345 3443 534 3525 παντὶ,
569 3447 665 3499 καὶ
695 3448 800 3501 ἀεί’
834 3451 883 3503 εί
915 3452 1011 3505 καὶ
1042 3451 1118 3524 μὴ
1151 3454 1239 3508 ἀεὶ
1264 3456 1530 3528 κέχρηται
1560 3459 1728 3529 αὐτῷ·
1755 3459 1931 3526 οὕτως

349 3533 481 3590 ἴδιον
525 3538 676 3610 αύτῷ
724 3541 819 3594 καὶ
856 3541 1158 3614 ἐξαίρετον,
1206 3546 1303 3600 καὶ
1345 3547 1492 3620 μόνῳ
1517 3547 1564 3582 ⁷⁸
1603 3549 1713 3603 τῶν
1755 3550 1929 3605 ἄλλων

349 3624 525 3693 ζώων,
560 3629 623 3681 τὸ
659 3631 796 3699 μετά
826 3632 1059 3690 θάνατον
1098 3635 1447 3703 ἀνίστασθαι,
1485 3640 1582 3692 καὶ
1611 3642 1692 3704 εις
1721 3641 1926 3694 ἀθανα-

351 3718 472 3771 σίαν
503 3724 704 3792 χωρεῖν
725 3736 740 3751 ·
770 3725 1030 3795 τυγχάνει
1063 3727 1120 3781 δὲ
1146 3729 1343 3782 τούτου
1372 3729 1463 3783 διὰ
1489 3731 1589 3801 τὴν
1617 3731 1717 3802 τῆς
1746 3732 1931 3802 ψυχῆς

349 3808 672 3864 ἀθανασίαν
711 3813 901 3889 ὥσπερ
933 3816 1030 3872 τοῦ
1073 3817 1310 3874 θανάτου
1334 3822 1400 3887 ⁷³,
1433 3822 1523 3875 διά
1562 3821 1661 3894 τὴν
1695 3819 1790 3877 τοῦ
1820 3824 1929 3877 σώ-

355 3917 524 3970 ματος
558 3904 845 3962 ἀσθένειάν
877 3926 937 3964 τε
967 3912 1063 3965 καὶ
1089 3912 1480 3969 πολυπάθειαν.

2031 3275 2287 3348 praesenti
2337 3275 2446 3330 vita
2499 3272 2817 3343 superstite,
2883 3284 2951 3326 ac
2998 3273 3280 3338 perpetuo,
3346 3263 3612 3318 tributum

2033 3379 2135 3426 est.
2173 3369 2309 3424 Cum
2343 3381 2474 3423 vero
2498 3366 2611 3421 l'ato
2658 3365 2880 3421 functus
2902 3361 3090 3424 fuerit,
3128 3357 3180 3414 id
3210 3357 3436 3413 minime
3463 3369 3614 3409 asse-

2031 3461 2125 3532 qui
2152 3469 2347 3532 potest.
2383 3459 2447 3514 Et
2473 3457 2935 3529 quemadmodum
2959 3453 3186 3518 risibile,
3213 3449 3334 3520 ejus
3355 3449 3614 3504 substan-

2033 3554 2142 3618 tiae,
2182 3551 2268 3607 vel
2302 3551 2485 3623 potius
2516 3545 2718 3621 speciei
2751 3547 3034 3618 proprium
3065 3535 3299 3598 habetur
3326 3538 3610 3610 (quoniam

2029 3648 2135 3702 hoc
2161 3649 2278 3716 ipse
2306 3643 2512 3715 passim
2559 3651 2958 3715 perpetuoque,
2982 3638 3084 3695 etsi
3116 3653 3220 3693 non
3247 3648 3460 3702 semper
3491 3631 3611 3703 ipso

2031 3747 2237 3803 utatur,
2258 3736 2520 3808 praeditus
2557 3738 2684 3806 est),
2716 3735 2789 3789 ita
2815 3731 3078 3804 singulari
3120 3730 3358 3800 quodam
3385 3727 3510 3797 jure
3547 3739 3614 3780 ac

2028 3831 2302 3902 prrecipuo
2333 3837 2526 3900 praeter
2557 3827 2790 3882 aliorum
2825 3823 3144 3879 animalium
3178 3835 3350 3892 genus
3395 3834 3426 3872 a
3460 3832 3612 3872 mor-

2030 3924 2138 3980 tuis
2171 3936 2455 3994 resurgere
2483 3961 2497 3985 ,
2532 3935 2632 3976 nec
2653 3935 2761 3975 non
2797 3919 2864 3972 ad
2893 3913 3358 3972 immortalitatem
3393 3911 3622 3966 tendere-

351 3995 634 4063 proprium
666 3998 897 4055 obtinet.
957 4001 1074 4058 Hoc
1117 4011 1302 4060 autem
1339 4005 1390 4060 ei
1431 4005 1626 4062 animae
1680 4008 2104 4068 immortalitatis
2146 4012 2321 4083 gratia
2387 4011 2677 4083 contingit,
2718 4011 2798 4065 uti
2834 4023 3014 4072 mors,
3051 4007 3122 4063 ob
3180 4004 3622 4062 imbecillitatem

349 4087 882 4159 passibilitatemque
931 4094 1204 4163 corporis.

427 4179 565 4232 Ἵδια
591 4180 647 4233 δὲ
668 4181 832 4235 αὐτοῦ
859 4184 903 4214 τ’
930 4183 1026 4235 καὶ
1041 4184 1110 4237 τὰ
1130 4185 1241 4238 τῶν
1261 4184 1467 4255 τεχνῶν
1489 4185 1585 4240 καὶ
1605 4189 1928 4261 ἐπιστημῶν

353 4273 676 4344 μαθήματα’
720 4275 818 4327 κα)⁸
863 4277 920 4329 αἱ
967 4278 1111 4330 κατά
1155 4278 1256 4340 τάς
1301 4279 1496 4349 τέχνας
1545 4280 1725 4346 πάσας
1772 4284 1928 4354 ἐνέρ-

349 4363 494 4429 γειαί
523 4363 570 4394 ⁷³
600 4381 656 4416 τε
689 4366 782 4417 καὶ
823 4366 1141 4437 ἐφευρὲσεις
1183 4369 1388 4433 πάσας’
1423 4369 1576 4440 τρεῖς
1617 4371 1677 4425 δὲ
1708 4376 1838 4446 περὶ
1866 4375 1929 4428 τὸ

2104 4192 2395 4264 Proprium
2425 4202 2631 4259 autem,
2674 4200 2789 4248 tum
2837 4191 3060 4256 artium,
3085 4202 3200 4246 tum
3252 4188 3624 4244 scientiarum.

2033 4287 2375 4341 erudimenta
2407 4287 2890 4357 percipere,atque
2922 4285 2989 4344 in.
3006 4282 3253 4353 qualibet
3290 4290 3407 4336 arte
3439 4279 3611 4334 actio-

2034 4377 2725 4448 nilmsinventionibusque
2753 4375 2872 4447 19-
2894 4375 2972 4430 uti
3001 4375 3239 4430 hominis
3273 4379 3484 4428 natura:
3509 4372 3611 4427 ba-

350 4451 490 4548 ςῶον
534 4453 696 4508 τοῦτο
748 4457 810 4509 τὸ
853 4457 1072 4526 λογικὸν
1099 4460 1146 4492 ⁷⁸
1175 4460 1458 4532 ἐνεργοῦσι
1508 4463 1770 4536 δυνάμεις
1817 4465 1925 4520 ἀεί·

2034 4469 2210 4526 betur.
2223 4470 2356 4526 Tres
2377 4471 2433 4524 in
2458 4470 2563 4526 hoc
2584 4469 2809 4526 animali
2833 4469 3044 4524 ratione
3067 4467 3296 4539 praedito
3322 4467 3610 4522 facultates

348 4544 601 4614 ψυχικαὶ,
623 4548 853 4615 φυσικαὶ
879 4549 972 4603 καὶ
995 4549 1247 4613 ζωτικαί’
1272 4553 1554 4607 τουτέστιν
1576 4557 1924 4627 ήγεμονικαὶ,

349 4637 668 4709 αἰσθητικαὶ
714 4640 811 4693 καὶ
840 4642 1141 4712 κινητικαί.
1176 4644 1422 4714 Ψυχικαὶ
1444 4646 1488 4678 ⁷⁸
1522 4647 1620 4718 μὲν
1661 4649 1755 4702 καὶ
1795 4649 1924 4719 ἡγε-

353 4731 596 4798 μονικαὶ,
633 4733 943 4799 φαντασία,
991 4733 1286 4805 λογισμὸς,
1348 4739 1562 4810 μνήμη,
1600 4739 1726 4806 δόξα
1750 4783 1766 4808 ,
1808 4742 1927 4797 διά-

349 4837 467 4873 νοια
489 4821 558 4854 ⁷⁸·
601 4821 748 4875 αἵτε
777 4824 921 4878 κατὰ
973 4826 1144 4896 μέρος
1188 4827 1493 4900 αἰσθήσεις,
1548 4831 1644 4884 καὶ
1686 4833 1743 4886 αἱ
1785 4835 1928 4890 κατά

350 4911 677 4981 προαίρεσιν
709 4916 974 4986 κινήσεις·
1013 4916 1245 4981 ζωτικαὶ
1274 4918 1352 4984 δὲ,
1382 4915 1494 4973 οἷον
1523 4921 1927 4996 άναπνευστικὴ

349 5005 446 5057 καὶ
493 5007 803 5079 σφυγμική.
837 5009 1134 5064 Φυσικαὶττ
1169 5011 1248 5076 δὲ,
1280 5007 1394 5065 οἷον
1434 5016 1752 5088 γεννητική,
1797 5017 1928 5089 θρε-

350 5095 540 5165 πτική,
576 5095 845 5168 αὐξητικὴ
867 5113 880 5126 ⁸
907 5101 1002 5154 καὶ
1038 5101 1095 5154 αί
1129 5101 1335 5156 τούτων
1380 5103 1729 5176 ὑπηρέτιδες,
1772 5107 1930 5178 ελεγ-

2033 4570 2292 4633 perpetuo
2328 4571 2497 4632 agunt
2529 4581 2543 4618 :
2588 4562 2855 4618 animales
2885 4559 3155 4626 videlicet,
3197 4558 3609 4629 naturalesque,

2033 4668 2098 4708 ac
2144 4653 2369 4719 vitales;
2411 4669 2533 4723 qua:
2570 4654 2784 4710 scilicet
2813 4653 3166 4724 principales,
3196 4650 3607 4722 sensualesque,

2032 4760 2098 4800 ac
2138 4744 2354 4800 motivas
2380 4757 2784 4816 nuncupantur.
2823 4745 2899 4801 Et;
2918 4745 3184 4801 animales
3213 4744 3456 4815 quidem.
3486 4759 3610 4814 qua:

2032 4845 2087 4891 ct
2121 4837 2446 4906 principales
2494 4845 2644 4902 sunt,
2690 4837 3030 4910 imaginatio,
3084 4837 3364 4908 cogitatio,
3400 4850 3610 4891 memo-

2032 4927 2136 4989 ria,
2163 4927 2366 4998 Opinio,
2392 4927 2792 4992 consideratio,
2816 4935 2871 4985 et
2891 4928 2986 5000 qui
3006 4927 3377 5000 particulatim
3412 4941 3609 4984 sensus

2033 5020 2452 5090 voluntariique
2490 5029 2674 5076 motus
2728 5020 3030 5088 habentur;
3083 5019 3278 5075 vitales
3337 5034 3466 5076 vero
3515 5033 3610 5074 eas

2037 5110 2092 5165 in
2132 5112 2330 5181 quibus
2358 5111 2586 5182 spiritus
2628 5111 3008 5180 reciprocatio,
3045 5121 3099 5168 et
3139 5111 3333 5182 pulsus
3365 5122 3470 5174 est.
3521 5110 3608 5166 di-

411 5248 464 5336 :
477 5250 732 5336 055351-516
850 5244 902 5336 ξτ
928 5252 1172 5336 aiat/1:55
1197 5254 1271 5336 (Ἴ.⁵
1297 5262 1342 5296 ⁸⁸
1353 5259 1537 5336 πολλοζ
1553 5259 1616 5323 A,
1637 5261 1827 5336 πόλεις
1838 5260 1899 5336 Β,
1924 5262 2165 5336 πόλιν-Ο.
2207 5263 2254 5297 δ’
2268 5265 2360 5318 καὶ
2379 5264 2518 5319 κατά
2537 5265 2656 5322 (ΞΡ.
2694 5266 2741 5299 ⁵⁸
2764 5265 3225 5336 διοικούμεναιΒ.
3247 5268 3289 5298 ⁸⁸
3316 5266 3610 5334 ἔξαιρε-ειυς

351 5317 392 5372 Β
425 5318 483 5373 Ρ.
563 5317 958 5390 ⁸²’συγ.“μόνον
981 5323 1040 5375 Β.
1118 5325 1162 5357 ⁸³
1188 5329 1282 5382 καὶ
1316 5317 1614 5401 “gravata:
1637 5329 1695 5386 Β,

348 5389 396 5421 ⁸.
421 5389 540 5421 λ-ρὶ
576 5391 615 5421 (⁷
751 5392 796 5421 ⁸⁸1
827 5392 893 5421 -.ὶ-
919 5391 1084 5421 ιῚιιυ..
1121 5394 1158 5421 l‘
1188 5395 1223 5421 ἢ
1285 5405 1366 5421 .-ης
1413 5402 1473 5421 να·
1497 5419 1517 5421 κ-
1558 5417 1648 5421 _-___
1692 5419 1695 5421 .

420 5389 546 5444 ἐπεὶ
576 5391 638 5446 C.

349 5528 397 5561 “
424 5531 596 5584 ἐνίοτε
626 5531 683 5586 δὲ
716 5532 813 5585 καὶ
837 5529 1012 5596 ἄλλως
1041 5528 1082 5588 C
1110 5528 1166 5586 ιδ.

347 5599 522 5672 ⁸τούτῳ
555 5601 614 5655 Β.
692 5602 736 5635 ⁸⁸
765 5602 868 5670 τῆς
905 5603 1094 5666 οὐσίας
1118 5604 1158 5658 Β
1181 5607 1221 5662 C
1250 5608 1310 5662 P.

431 5669 590 5750 μόνον
754 5673 798 5704 τί
824 5669 1019 5750 ξ’)επξρ
1049 5676 1258 5750 ἐκείνου
1289 5681 1331 5732 Β
1351 5679 1392 5734 C
1423 5669 1508 5736 Ρ.’
1564 5680 1608 5713 ⁷⁷
1648 5680 1798 5750 αὐτῷ
1823 5681 1887 5736 C.

653 5332 958 5390 πυγ.“μονον
981 5332 1040 5375 Β.
1118 5332 1162 5357 ⁵³
1188 5332 1282 5382 καὶ
1316 5333 1604 5401 μετανοίας
1637 5332 1695 5386 Β.
1793 5333 1838 5363 ⁸⁵
1863 5332 1920 5386 ὃν
1943 5348 2051 5386 om.
2079 5333 2141 5390 Β.
2239 5336 2284 5367 ⁵⁸

653 5463 669 5478 ‘
695 5392 796 5479 “'7
827 5392 894 5479 El:
908 5391 1087 5479 ἀλεγα
1111 5394 1158 5479 ,Ο
1187 5395 1242 5458 Ρ.
1276 5405 1366 5470 qui
1386 5402 1522 5479 ⁸ζῷοι
1547 5402 1845 5479 proprith
1873 5403 2031 5479 habet
2063 5403 2127 5479 Ρ,
2156 5413 2288 5458 text.

349 5461 602 5561 adﬂarat
629 5463 670 5516 C
695 5462 756 5517 P.
835 5461 878 5493 ⁶⁰
904 5464 950 5516 δ.
974 5463 1031 5515 δὲ
1058 5464 1215 5534 φέρει
1249 5461 1308 5523 πί
1341 5461 1514 5526 τὰὶν.
1537 5461 1568 5523 ό
1595 5461 1752 5542 ἀνθρ.
1781 5472 1836 5526 Β.
1913 5473 1955 5504 ⁶¹
1978 5463 2269 5543 ὁμοιότητα
2295 5473 2340 5527 Α
2362 5473 2402 5529 C
2423 5473 2484 5528 P.
2555 5461 2603 5506 λ’
2629 5478 2692 5528 τ’
2721 5475 2764 5528 Α
2787 5475 2846 5528 Β.

424 5531 596 5612 ἐνιότεἱ
626 5531 823 5612 delati.
837 5529 1082 5612 ἅλλῳςβ
1190 5607 1220 5612 _
1250 5542 1327 5612 _‘5
1357 5541 1502 5610 αύτῷ
1530 5539 1718 5612 ὁβεὸς
1747 5542 1808 5612 τὸ
1835 5541 1912 5612 ἐξ.
1951 5560 2047 5612 πρ.
2082 5541 2242 5597 τοῦτο
2265 5542 2306 5596 Β
2340 5543 2400 5612 Ρ.
2507 5543 2554 5577 ⁸⁸
2581 5493 2846 5612 ἁπέἓυρόμ

1632 5577 1716 5604 σιν,
1758 5577 1808 5594 ιν
1835 5577 1912 5606 ς»,-
1958 5577 2047 5606 "po
2084 5577 2242 5597 'buvhu
2265 5577 2306 5596 υ
2340 5577 2362 5597 ι
2386 5585 2400 5598 ο

1997 5683 2041 5715 ⁷³
2067 5684 2242 5736 πᾶσαι
2275 5683 2361 5736 ὲνέ

2239 5336 2284 5367 ⁵⁸
2313 5337 2472 5389 verba
2513 5350 2543 5389 a
2585 5337 2746 5406 μόνος
2783 5335 3055 5404 usquead
3087 5335 3369 5400 ἀξιοῦσθαι
3396 5350 3508 5388 om.
3541 5338 3606 5388 Α.

2239 5413 2264 5436 ιί
2399 5404 2445 5436 18
2482 5406 2704 5436 ...ιη-...Δ
2760 5423 2819 5436 ,ρ
2850 5405 2940 5436 υκῖ
2992 5420 3080 5436 nm
3138 5409 3175 5436 ιι
3204 5405 3240 5436 l‘
3274 5404 3316 5436 ι)
3410 5405 3456 5436 l9
3487 5406 3606 5436 iam,

2481 5404 2728 5474 συμπαθ.
2760 5423 2820 5458 τε
2850 5405 2946 5458 καὶ
2992 5420 3100 5458 om.
3134 5409 3177 5457 B
3204 5405 3242 5460 C
3274 5404 3336 5460 P.
3410 5405 3456 5437 ¹⁹
3486 5406 3611 5456 ἐπι-

2481 5515 2484 5526 .
2559 5476 2603 5506 ⁶²
2629 5478 2696 5526 τῆ
2721 5475 2764 5526 Α
2787 5475 2846 5526 Β.
2949 5474 2995 5506 ⁸⁷
3021 5475 3541 5526 μεταυοοωούαενον
3569 5474 3610 5526 (Σ

2507 5488 2603 5577 ..οἳ
2629 5488 2764 5599 1:ka
2788 5488 2846 5528 IS.
2949 5488 2995 5506 "
3019 5488 3541 5598 μεταμοβφουμενον
3569 5488 3610 5526 ι.

2507 5615 2524 5625 ι
2581 5561 2686 5625 at}?
2720 5545 2983 5625 096.9239;
3011 5559 3124 5625 om.
3152 5547 3192 5597 A
3247 5584 3294 5625 ι.
3385 5545 3426 5576 ⁸⁷
3447 5543 3610 5625 ιμόείῳ

1415 5595 1787 5684 Ἶρᾱλλονῖτδ
1813 5595 1950 5684 εἶναι
1976 5595 2184 5684 γξελξΒ.
2387 5595 2711 5684 parmas"
3076 5595 3503 5684 τδ-γε-λαστικὸν

2403 5681 2548 5754 γειαι
2582 5683 2644 5740 C.
2753 5685 2798 5715 ⁷⁵
2831 5684 2968 5754 περι
2987 5683 3050 5735 τὸ
3080 5681 3199 5754 λογι.
3230 5701 3280 5740 τ.
3306 5683 3446 5750 ζῶον
3475 5681 3516 5736 Β
3545 5683 3604 5735 (3.

348 5739 393 5771 ﬂ
431 5701 590 5739 μυνυν
621 5701 680 5726 υ.
760 5701 797 5704 -~
830 5701 1019 5743 ummp
1049 5701 1258 5731 ελεινου
1289 5701 1392 5734 ου
1425 5701 1482 5736 ι’.
1569 5701 1608 5713 ’-
1648 5701 1798 5750 αυτῳ
1823 5701 1887 5736 ιλ.
2002 5701 2041 5715 ι·
2067 5701 2242 5736 πασαι
2275 5701 2548 5787 ενεργειαι
2582 5701 2644 5740 υ.
2759 5701 2798 5715 ’ν
2831 5701 2990 5752 περιι

422 5741 515 5796 καὶ
537 5743 643 5797 sici
667 5743 796 5814 ψυχ.
825 5742 864 5795 Β
891 5741 930 5798 C
953 5743 1014 5797 P.
1090 5746 1135 5776 7“
1167 5748 1378 5820 μνήμη,
1411 5749 1561 5814 νοῦς,
1588 5749 1796 5805 διάνοια
1820 5751 1946 5818 δόξα
1973 5750 2037 5817 C,
2067 5752 2275 5808 διάνοια
2309 5753 2438 5820 δό,α
2467 5753 2526 5807 Β.
2614 5755 2657 5786 ⁷⁷
2691 5753 2907 5826 φυσικὴ,
2932 5752 2990 5808 C.
