4040 6150
402 289 542 353 H05

1609 298 1696 355 DE
1740 297 2028 358 NATURA
2070 298 2378 359 "OMNIS.

3539 302 3673 360 ιιῡε

396 413 458 467 ὃν
499 411 807 482 ἐκφέρομεν
854 410 943 466 διὰ
985 409 1236 484 γλώσσης
1291 413 1387 467 καὶ
1439 413 1689 485 χειλέων,
1739 417 1990 489 γέννημά

2099 426 2250 489 utque
2301 416 2529 472 hominis
2585 432 2710 471 cum
2757 432 2900 472 mens
2963 416 3217 486 rapitur,
3263 423 3318 470 et
3364 414 3493 470 alibi
3533 413 3674 469 ὥστε

398 508 515 560 ἐστι
544 502 642 557 τοῦ
669 501 762 556 νοῦ
785 519 799 534 ·
836 506 1096 573 γεννᾶται
1139 503 1196 559 δὲ
1229 505 1330 560 οὐκ
1359 505 1511 576 ὕψει,
1547 507 1608 561 οὐ
1640 508 1805 563 πάθει
1825 509 1891 577 ⁸⁸,
1923 511 1985 564 οὐ

398 599 570 668 πόνῳ,
605 597 667 650 οὐ
699 595 1003 668 διαιρέσειο
1037 597 1157 652 ἐστι
1191 598 1302 670 γὰρ
1325 601 1366 633 υ
1411 599 1726 671 ἀσώματος,
1756 601 1987 673 ἀόρατος

399 688 496 741 καὶ
527 688 570 719 ⁸⁸
618 687 965 758 ἀκράτητος,
1019 689 1159 760 ἀκοῇ
1225 690 1387 760 μόνον
1421 691 1462 722 ³³
1507 691 1984 763 παραδεχόμενοςι

399 779 578 842 οὐδεὶς
624 773 766 831 εἶδεν
801 779 844 811 ³⁸
887 779 1012 850 ὄψει
1059 778 1253 849 λόγον·
1303 781 1484 847 οὐδεὶς
1533 783 1758 855 κατέχει
1807 786 1986 858 χειρί⁶

401 870 518 925 ἀλλ’
570 870 721 926 ἐστιν
759 870 1054 943 ἀσώματος
1085 874 1181 928 καὶ
1217 874 1526 947 ἀκράτητος
1556 875 1721 947 φύσις
1747 877 1837 946 ,¹³,
1877 877 1988 932 ὑπὸ

407 964 538 1034 μιᾶς
566 962 898 1034 αἰσθήσεως,
950 965 1329 1036 κρατούμενος
1363 967 1468 1038 τῆς
1515 969 1724 1041 ἀκοῆς·
1764 971 1859 1025 καὶ
1888 971 1992 1026 οὐκ

405 1055 698 1110 ὲκτείνασα
717 1056 760 1088 ⁸⁸
794 1058 987 1129 χεῖρας
1009 1059 1043 1128 ἠ
1076 1057 1214 1129 ἀκοὴ
1243 1059 1470 1131 κατέχει
1506 1062 1672 1116 αὐτόν
1691 1076 1706 1092 ·
1737 1062 1854 1117 ἀλλ’
1892 1063 1992 1118 αύ-

404 1147 497 1209 τὸς
521 1150 550 1201 ὁ
577 1147 738 1217 λόγος
765 1149 808 1181 ιτ
834 1148 1096 1204 εἰσελθὼν
1121 1154 1432 1222 κρατεῖται,
1465 1155 1561 1209 καὶ
1584 1155 1648 1209 ού
1683 1155 1992 1228 μερίζεται,

406 1240 503 1296 καὶ
520 1239 564 1272 ³⁸
595 1240 690 1294 τοῦ
715 1239 809 1294 νοῦ
836 1242 1200 1314 γεννήσαντος
1222 1243 1386 1298 αὑτὸν
1416 1245 1517 1300 οὐκ
1538 1246 1897 1319 ἀποσχίζεται
1925 1251 1989 1315 ¹⁹,

405 1331 546 1386 ἀλλὰ
575 1332 672 1386 καὶ
719 1333 932 1397 πάντας
967 1334 1174 1406 πληροῖ
1215 1337 1344 1401 τοὺς
1380 1338 1683 1404 ἀκούοντας
1729 1340 1896 1395 αὑτοῦ
1923 1343 1992 1407 ³⁸,

407 1423 502 1478 καὶ
527 1422 620 1478 τοῦ
653 1426 1016 1496 γεννήσαντος
1038 1425 1200 1480 αὐτὸν
1243 1427 1344 1482 οὐκ
1395 1429 1684 1498 ἀφίσταται
1713 1431 1803 1485 νοῦ
1827 1448 1840 1462 ·
1888 1431 1998 1485 ἀπὸ

406 1515 466 1570 δὲ
492 1516 588 1569 τοῦ
620 1515 784 1586 λόγου
808 1517 1298 1588 καταλαμϐάνεται
1332 1521 1366 1591 ή
1398 1520 1609 1575 διάνοια
1643 1524 1740 1578 καὶ
1769 1525 1803 1594 ὴ
1826 1524 1994 1596 βουλὴ

407 1605 508 1678 τῆς
536 1607 734 1681 ψυχῆς.
760 1610 851 1662 Διό
871 1626 1037 1681 φησιν
1067 1612 1094 1664 6
1116 1609 1290 1681 μέγας
1315 1612 1598 1678 Βασίλειος
1619 1616 1661 1646 ¹¹
1686 1632 1699 1646 ·
1728 1617 1873 1685 «λΤοῦ
1908 1618 1998 1672 λόο

407 1715 504 1768 γου
533 1701 632 1772 τὴν
661 1703 857 1772 χρῆσιν
885 1702 1120 1758 δέδωκεν
1140 1705 1272 1774 ἡμῖν
1292 1705 1320 1757 6
1351 1705 1548 1772 κτίσας
1577 1709 1726 1779 ἡμᾶς
1763 1710 1808 1741 ⁸³
1840 1709 1994 1775 Θεὸς,

409 1791 496 1846 ῖνα
532 1793 632 1856 τὰς
669 1793 864 1864 βουλὰς
896 1794 1004 1849 τῶν
1037 1796 1280 1866 καρδιῶν
1308 1797 1564 1868 ἀλλήλοις
1589 1801 1994 1856 άποκαλύπτω·

411 1900 511 1954 μεν
531 1898 544 1913 ⁸
583 1885 678 1937 καὶ
704 1885 792 1938 διὰ
826 1886 886 1938 τὸ
919 1886 1240 1940 κοινωνικὸν
1275 1889 1374 1956 τῆς
1411 1889 1630 1958 φύσεως
1661 1891 1894 1956 ἕκαστος
1920 1894 1997 1964 τῷ

406 1973 641 2044 πλησίον
672 1974 1046 2047 μεταδίδωμεν
1066 1976 1140 2008 ³³·
1193 1977 1386 2048 ὥσπερ
1429 1978 1496 2033 ἐκ
1541 1997 1706 2034 τινων
1752 1982 1996 2053 ταμείων

406 2063 518 2117 τῶν
569 2066 672 2136 τῆς
715 2067 946 2138 καρδίας
989 2068 1250 2139 κρυπτῶν
1298 2070 1665 2142 προφέροντες
1683 2075 1730 2106 ’⁸
1757 2073 1827 2128 τὰ
1867 2073 1996 2145 βου-

406 2154 679 2228 λεύματα.
727 2159 788 2211 Εἰ
837 2158 938 2230 μὲν
971 2160 1082 2233 γὰρ
1119 2161 1165 2193 ³⁸
1195 2164 1375 2235 γυμνῇ
1418 2165 1486 2234 τῇ
1517 2163 1662 2236 ψυχῇ
1701 2165 1993 2238 διεζῶμεν,

409 2248 571 2312 εὐθὺς
630 2249 697 2303 ἂν
747 2250 859 2303 ἀπὸ
904 2249 1016 2305 τῶν
1061 2251 1352 2323 νοημάτων
1401 2253 1656 2324 ἀλλήλοις
1718 2256 1997 2325 συνεγινό-

412 2339 572 2410 μεθα.
599 2342 665 2394 ⁸⁸.
712 2341 866 2395 Ἐπεὶ
931 2343 989 2397 δὲ
1033 2343 1140 2396 ύπό
1182 2347 1658 2416 παραπετάσματι
1705 2351 1773 2419 τῇ
1829 2350 1996 2421 σαρκὶ

409 2433 566 2503 ⁴ἡμῶν
597 2433 987 2506 καλυπτομένη
1008 2435 1053 2466 ³⁷
1079 2437 1114 2507 ἡ
1137 2435 1285 2506 ψυχὴ
1309 2438 1408 2501 τὰς
1433 2437 1644 2498 ἐννοίας
1675 2440 1990 2510 ἐργάζεται,

412 2526 675 2595 ῥημάτων
716 2525 888 2580 δεῖται
917 2527 1013 2579 καὶ
1042 2526 1326 2596 ὀνομάτων
1370 2527 1506 2597 πρὸς
1556 2529 1618 2581 τὸ
1646 2529 1994 2598 δημοσιεύειν

409 2619 480 2670 τὰ
516 2619 576 2672 ὲν
628 2617 706 2689 τῷ
739 2616 895 2687 βάθει
947 2618 1176 2690 κείμενα
1199 2619 1243 2651 ⁸³
1265 2636 1280 2650 ο
1323 2637 1342 2670 ι
1401 2619 1540 2690 πλὴν
1571 2621 1841 2693 πρότερον
1896 2625 1923 2676 ὁ
1948 2622 1994 2654 "

410 2709 521 2763 άπὸ
549 2710 658 2764 τῶν
687 2710 1034 2782 γραμμάτων
1060 2711 1105 2743 ³⁸
1134 2711 1306 2775 τύπος
1354 2712 1633 2780 ἐγγίνεται
1677 2717 1743 2784 τῇ
1776 2715 1990 2786 νοήσει·

411 2801 602 2856 ἔπειτα
635 2805 776 2873 μετὰ
819 2805 881 2858 τὸ
930 2803 1396 2873 φαντασιωθῆναι,
1469 2805 1577 2858 ἀπὸ
1620 2804 1731 2858 τῶν
1766 2805 1993 2860 ὑποκει-

413 2896 592 2963 μένων
639 2897 739 2960 τὲς
773 2896 982 2960 οἰκείας
1027 2896 1124 2950 καὶ
1177 2899 1480 2967 προσφυεῖς
1537 2897 1772 2951 ἑκάστου
1806 2915 1994 2969 σημα-

413 2989 531 3052 σίας
575 2989 937 3060 ἐκλεγόμενος
974 2987 1294 3058 ὲξαγγέλλει
1331 2991 1397 3044 ³¹.
1432 2985 1566 3043 Εἶτα
1616 2993 1682 3061 τῇ
1719 2990 1996 3064 ὑπηρεσίᾳ

408 3081 521 3135 τῶν
566 3083 891 3154 φωνητικῶν
932 3083 1185 3156 ὀργάνων
1207 3083 1473 3146 διαδιδοῦς
1501 3083 1546 3114 ³²
1575 3081 1647 3135 τὰ
1698 3083 1993 3154 νοηθέντα,

411 3171 582 3237 οὕτως
605 3174 651 3206 ³³
707 3174 794 3228 διὰ
852 3175 951 3246 τῆς
987 3173 1083 3229 τοῦ
1139 3173 1304 3245 ἀέρος
1347 3173 1652 3237 τυπώσεως
1701 3174 1845 3228 κατὰ
1899 3176 1999 3246 τὴν

412 3261 675 3332 ἔναρθρον
704 3264 801 3334 τῆς
847 3265 1032 3334 φωνῆς
1082 3263 1297 3335 κίνησιν
1354 3264 1416 3318 τὸ
1471 3265 1529 3319 ὲν
1579 3263 1716 3335 tif)“
1767 3266 1998 3338 κρυπτῷ

413 3346 593 3416 νόημα
619 3349 662 3380 ³⁸
696 3350 1010 3419 σαφηνίζει.

2093 509 2295 582 πτερὸν
2339 508 2406 579 ὴὲ
2458 508 2678 581 νόημα,
2733 517 2792 560 ιιι
2840 523 3025 577 penne
3078 523 3170 562 seu
3209 522 3374 562 mem.
3435 507 3599 576 Atqui
3643 522 3675 562 a

2090 611 2275 657 mente
2300 601 2417 671 ipsa
2441 609 2497 655 et
2539 598 2808 655 orationis
2850 607 3004 654 ortus
3057 607 3143 654 est
3176 640 3190 666 ,
3219 612 3341 668 quas
3371 608 3424 653 et
3451 597 3678 656 vocibus

2090 690 2382 757 formatur,
2428 699 2484 746 et
2511 689 2703 746 litteris
2735 688 2896 760 quasi
2923 702 3188 758 corporea
3228 687 3492 756 redditur.
3539 688 3674 745 Nam
3706 695 3713 756 ξ

2092 783 2293 847 oratio,
2324 796 2448 853 qua:
2493 782 2693 853 lingua:
2719 781 3100 850 labiorumque
3146 779 3453 836 ministerio
3485 796 3677 851 proce-

2091 876 2210 943 dit,
2248 891 2276 930 a
2309 883 2492 931 mente
2518 875 2636 945 ipsa
2662 882 3054 945 progeneratur
3087 891 3100 927 :
3137 872 3232 927 sed
3255 873 3327 927 ita
3360 873 3480 942 eius
3515 890 3679 945 gene-

2093 970 2235 1025 ratio
2285 967 2364 1036 ﬁt,
2396 975 2455 1023 ut
2486 967 2652 1024 cerni,
2682 975 2917 1037 nequeat
2950 981 2963 1017 :
2996 980 3174 1036 neque
3207 965 3472 1036 passioni,
3505 967 3676 1022 labori

2094 1063 2182 1118 vel
2210 1061 2465 1118 divisioni
2515 1059 2753 1116 obnoxia
2788 1058 3073 1114 redditur:
3105 1057 3229 1128 ipsa
3253 1057 3406 1112 enim.
3447 1073 3677 1129 corpore

2097 1169 2321 1218 vacans,
2352 1152 2754 1222 invisibilisque
2781 1158 2887 1216 est,
2913 1159 2967 1206 et
2990 1165 3114 1221 qua:
3137 1151 3525 1221 comprehendi
3580 1167 3675 1206 nc-

2097 1247 2236 1319 quit,
2294 1247 2364 1302 ab
2417 1245 2643 1302 audibili
2677 1243 3060 1300 tantummodo
3113 1258 3279 1300 sensu
3339 1244 3675 1314 percipitur;

2098 1338 2282 1394 nullus
2303 1337 2523 1408 quidem
2546 1345 2650 1401 est,
2696 1336 2790 1406 qui
2831 1334 3005 1390 oculis
3049 1349 3146 1391 seu
3177 1349 3336 1390 manu
3376 1335 3676 1388 orationem

2100 1429 2518 1498 deprehenderit
2564 1427 2707 1496 ;sed
2740 1436 2932 1482 natura
2987 1425 3234 1496 corporis
3282 1440 3476 1493 expers
3517 1425 3681 1479 habe-

2101 1529 2212 1588 tur,
2241 1530 2406 1592 atque
2437 1521 2662 1576 omnino
2693 1517 3024 1589 deprehendi
3060 1517 3270 1587 nequit.
3290 1516 3370 1571 Ab
3404 1531 3512 1571 uno
3561 1526 3681 1570 tan-

2101 1622 2215 1669 tum
2248 1612 2474 1668 audibili
2546 1627 2708 1668 sensu
2745 1610 3074 1666 continetur.
3123 1612 3194 1664 At
3247 1624 3420 1678 neque
3461 1607 3684 1664 auditus

2105 1705 2276 1776 ipsam
2307 1703 2547 1759 extensis
2588 1700 2840 1757 manibus
2900 1699 3125 1766 detinet,
3158 1699 3249 1754 sed
3286 1701 3403 1769 ipsa
3438 1706 3548 1753 tota
3579 1713 3679 1753 sua

2032 1781 2072 1836 Β
2103 1805 2297 1866 sponte
2341 1794 2651 1866 ingrediens
2688 1793 2984 1856 detinetur,
3016 1807 3192 1861 neque
3235 1807 3266 1846 a
3330 1800 3511 1845 mente
3557 1805 3681 1859 qua

2105 1888 2277 1958 ipsam
2298 1895 2551 1957 procreat
2567 1885 2847 1949 dividitur,
2870 1894 2965 1940 aut
2989 1884 3256 1941 scinditur
3281 1881 3677 1954 sejungiturve,

2103 1979 2197 2036 sed
2223 1994 2414 2034 omnes
2439 1979 2612 2048 ipsam
2669 1977 2952 2034 aitdientes
2985 1976 3187 2047 replet;
3222 1976 3326 2046 2],
3357 1990 3482 2032 cum
3515 1990 3617 2030 nec
3646 1989 3679 2031 ι

2105 2079 2283 2125 mente
2308 2071 2425 2139 ipsa
2468 2069 2612 2125 unde
2650 2068 2919 2140 originem
2954 2068 3184 2124 duxerat
3206 2066 3392 2138 procul
3427 2065 3676 2122 exsistat.

2102 2158 2370 2231 Cogitatio
2392 2167 2570 2214 autem
2603 2167 2657 2215 et
2679 2159 2875 2214 animae
2899 2158 3184 2214 consilium
3201 2156 3270 2212 ab
3289 2156 3538 2212 oratione
3567 2157 3679 2226 ipsa

2102 2251 2596 2322 deprehenduntur.
2657 2250 3026 2318 Quamobrem
3061 2264 3290 2319 magnus
3330 2248 3565 2305 Basilius
3604 2250 3682 2305 in-

2101 2352 2223 2422 quit
2252 2370 2264 2407 :
2305 2351 2447 2408 Deus
2482 2352 2574 2423 qui
2631 2366 2734 2408 nos
2772 2351 2996 2415 creavit,
3032 2353 3299 2406 orationis
3327 2349 3486 2405 nobis
3518 2365 3677 2407 usum

2102 2445 2331 2516 largitus
2363 2453 2468 2511 est,
2487 2453 2548 2500 ut
2577 2443 2822 2499 cordium
2852 2443 3081 2498 consilia
3107 2442 3338 2498 invicem
3393 2441 3697 2512 delegandi.

2103 2535 2336 2592 facultas
2359 2536 2526 2603 sit,ac
2551 2534 3024 2590 communicabilis
3055 2542 3264 2588 naturae
3279 2533 3453 2602 gratia
3474 2548 3677 2589 .omnes

2103 2644 2226 2698 qua:
2277 2630 2472 2698 cuique
2529 2626 2717 2682 insunt
2764 2625 2995 2680 invicem
3040 2624 3390 2694 partiremur,
3425 2622 3553 2678 dum
3610 2638 3677 2676 ex

2104 2717 2286 2784 corde,
2312 2732 2412 2773 ccu
2456 2732 2524 2772 ex
2568 2731 2767 2772 arcano
2799 2716 3033 2786 quodam
3055 2714 3430 2784 promptuario
3451 2714 3677 2770 coasilia

2103 2809 2568 2878 depromeremus.
2600 2806 2656 2862 Si
2686 2807 2829 2863 enim
2853 2807 2996 2862 nuda
3031 2814 3240 2860 tantum
3291 2806 3482 2862 anima
3514 2806 3675 2856 vitam

2105 2902 2554 2970 produceremus.
2587 2901 2654 2954 ali
2682 2900 2800 2969 ipso
2843 2899 3118 2953 intellectu
3151 2899 3401 2967 protinus
3446 2896 3674 2948 invicem

2104 2993 2539 3048 conveniremus.
2605 2990 2710 3045 Sed
2772 2991 3032 3061 quoniam
3083 2990 3268 3043 anima
3334 2995 3520 3041 nostra
3576 2985 3679 3042 sub

2105 3097 2289 3147 carne,
2329 3097 2426 3136 ceu
2465 3080 2732 3135 velamine
2776 3080 3011 3150 quodam
3051 3080 3288 3143 detenta,
3327 3075 3678 3148 cogitatioais-

2104 3174 2208 3230 bus
2242 3175 2450 3238 utitur,
2499 3174 2678 3229 verbis
2731 3187 3025 3242 rerumque
3083 3170 3400 3226 nominibus
3449 3168 3675 3238 indiget,

2104 3281 2216 3337 quo
2236 3282 2358 3336 quae
2393 3267 2446 3320 in
2481 3266 2688 3322 intimis
2706 3265 3052 3321 continentur
3079 3264 3131 3319 in
3163 3263 3439 3334 publicum
3462 3261 3675 3324 ederet;

2105 3366 2330 3426 excepto
2361 3359 2504 3428 quod
2541 3359 2692 3428 prius
2733 3373 2764 3412 a
2816 3357 2979 3412 rebus
3007 3356 3140 3426 ipsis
3162 3354 3398 3410 formula
3429 3354 3675 3424 quaedam

411 3438 468 3492 in
518 3440 794 3498 intellectu
844 3449 1054 3513 oritur;
1118 3446 1315 3502 dehinc
1381 3461 1507 3503 cum
1554 3463 1711 3506 mens
1777 3450 1896 3521 ipsa
1932 3451 2323 3523 imaginatione
2379 3467 2476 3507 usa
2517 3451 2702 3516 fuerit,
2744 3466 2842 3506 ceu
2876 3450 3087 3504 delectu
3150 3448 3390 3518 quodam
3426 3461 3457 3500 a
3492 3445 3680 3512 subje-

413 3531 517 3585 ctis
548 3534 710 3590 rebus
737 3536 964 3608 habito.
988 3537 1292 3608 peculiares
1354 3539 1908 3612 accommodatasque
1943 3543 2238 3612 cujuslibet
2289 3542 2367 3598 rei
2415 3541 2839 3612 signiﬁcationes
2873 3535 3176 3594 denuntiat.
3245 3535 3446 3591 Postea
3507 3549 3675 3598 vero,

413 3641 538 3681 eum
587 3645 708 3698 quae
765 3631 1075 3687 intellectus
1149 3632 1603 3702 deprehenderat,
1660 3635 1928 3689 vocalium
1978 3635 2466 3690 instrumentorum
2537 3632 2724 3688 ofﬁcio
2777 3630 3088 3693 tradiderit,
3152 3630 3255 3684 hoc
3309 3638 3484 3696 pacto.
3518 3628 3666 3684 aeris

415 3720 742 3777 formatione
781 3721 1122 3779 intellectum
1164 3724 1343 3794 ipsum
1391 3724 1486 3793 qui
1534 3725 1586 3778 in
1629 3740 1831 3781 arcano
1871 3729 2212 3790 constiterat,
2242 3726 2542 3781 articulatm
2580 3723 2728 3780 vocis
2779 3732 2929 3777 motu
2973 3721 3148 3790 palam
3193 3720 3456 3774 ostendit.

488 3811 598 3864 Καὶ
626 3811 783 3866 τοῦτο
813 3815 868 3866 ὲν
906 3817 973 3886 τῇ
1018 3815 1179 3884 φύσει
1226 3816 1323 3870 τοῦ
1369 3817 1599 3886 λογικοῦ
1652 3818 1826 3884 ζὼου,
1861 3819 1923 3870 τὸ
1950 3820 1995 3852 ⁸⁸

414 3902 505 3956 διὰ
531 3903 693 3972 λόγου
741 3907 1110 3962 ἐκκαλύπτειν
1157 3909 1497 3981 προφορικοῦ
1548 3911 1616 3963 τὰ
1674 3911 1773 3980 τῆς
1816 3910 1996 3980 ψυχῆς

415 3997 746 4068 ἁπόκρυφα’
784 4001 816 4071 ή
841 4001 948 4072 γὰρ
977 4002 1141 4073 νοερὰ
1174 4003 1283 4055 τῶν
1313 4002 1563 4072 ἀγγέλων
1592 4003 1770 4067 οὐσία,
1803 4003 1864 4068 ἐξ
1894 4003 1993 4056 αύ-

411 4090 522 4142 τῶν
585 4091 694 4144 τῶν
743 4094 1032 4163 νοημάτων
1083 4092 1338 4165 ἀλλήλοις
1396 4093 1834 4163 συγγίνονταιπ.
1891 4094 1994 4146 Τὸν

412 4182 571 4250 λόγον
619 4183 677 4236 δὲ
718 4185 809 4237 τὸν
851 4185 1199 4257 ἀνθρώπινόν
1245 4204 1391 4251 τινες
1435 4187 1669 4254 ἄγγελον
1723 4188 1995 4258 ὡρίσαντο

413 4276 708 4346 νοήματος.
755 4277 989 4346 Λέγεται
1032 4279 1121 4346 δὲ,
1153 4282 1181 4332 6
1217 4280 1318 4349 μὲν
1350 4281 1686 4343 ἐνδιάθετος,
1717 4283 1746 4334 6
1770 4280 1825 4333 δὲ
1856 4298 1991 4351 προ-

2159 3819 2222 3874 Ει
2237 3821 2339 3874 hoc
2357 3819 2410 3872 in
2430 3826 2624 3872 natura
2641 3814 2896 3871 animalis
2915 3815 3125 3869 ratione
3140 3812 3461 3883 praediti,uti
3474 3813 3679 3867 anima:

2101 3926 2300 3967 arcana
2327 3907 2756 3981 pronuntiativa:
2777 3906 3044 3964 orationis
3080 3918 3307 3961 munere
3336 3906 3676 3974 detegantur,

2101 4004 2372 4072 peculiare
2419 4002 2669 4057 habetur.
2721 3997 2854 4053 Nam
2905 3999 3220 4069 angelorum
3282 3997 3678 4053 intellectuales

2103 4094 2425 4150 substantiae
2489 4093 2612 4162 ipso
2665 4090 2942 4146 intellectu
3013 4089 3248 4146 invicem
3307 4089 3673 4152 conveniunt;

2103 4187 2399 4242 humanam
2430 4200 2559 4241 vero
2603 4183 2904 4239 orationem
2938 4181 3529 4252 intellectusangelum
3556 4195 3679 4236 esse

2101 4278 2350 4333 nonnulli
2405 4285 2729 4333 statuerunt.
2788 4275 2894 4332 Sed
2948 4272 3381 4342 alteraquidem
3436 4273 3674 4332 interna,

413 4368 659 4439 φορικός.
695 4370 807 4422 Καὶ⁸
835 4370 1142 4434 ἐνδιάθετος
1177 4371 1277 4442 μέν
1308 4373 1479 4439 ἐστιν,
1512 4375 1540 4426 6
1569 4374 1627 4426 ὲν
1659 4373 1859 4444 καρδίᾳ
1894 4373 1990 4426 λα-

2100 4371 2272 4425 altera
2310 4385 2441 4425 vero
2466 4369 2876 4441 pronuntiativa
2912 4367 3088 4423 oratio
3114 4365 3334 4422 dicitur.
3367 4364 3433 4419 Et
3463 4365 3674 4419 interna

412 4458 672 4530 λούμενος
694 4477 706 4491 ³
736 4462 764 4514 6
793 4461 850 4514 δὲ
872 4462 930 4514 ἐν
946 4465 1012 4533 τῇ
1040 4465 1293 4535 προφορᾷ
1319 4465 1415 4518 καὶ
1448 4465 1645 4535 χρήσει
1670 4465 1735 4530 ⁸⁸,
1771 4463 1925 4535 ῥῆμα
1944 4465 1988 4496 ³⁸

413 4552 522 4604 ἀπὸ
563 4552 802 4617 διανοίας
848 4555 1272 4626 ἐκπεμπόμενον
1293 4557 1339 4590 ⁴⁰
1393 4558 1531 4626 μετὰ
1582 4557 1789 4627 φωνῆς.
1833 4556 1990 4627 Φωνὴ

411 4642 469 4695 δὲ
501 4644 560 4697 οὐ
618 4645 725 4707 πᾶς
744 4643 786 4676 ⁸⁸
823 4643 983 4714 λόγος
1032 4645 1280 4714 λέγεται,
1328 4647 1464 4700 ἀλλὰ
1515 4649 1626 4700 πᾶν
1659 4648 1688 4700 ὃ
1721 4647 1892 4716 ψόφον
1921 4647 1990 4700 δι’

412 4731 581 4800 ἀκοῆς
603 4734 838 4802 ἐμποιεῖ.
886 4735 1008 4788 Ἐπὶ
1037 4735 1138 4805 μὲν
1161 4734 1272 4804 γὰρ
1293 4735 1339 4767 ⁸³
1369 4735 1470 4804 τῆς
1501 4735 1781 4806 ἡμετέρας
1809 4735 1989 4805 ψυχῆς

411 4823 585 4878 διτταί
620 4827 759 4878 εἰσιν
812 4827 869 4879 αἱ
914 4828 1216 4898 ἐνέργειαι⁹
1253 4829 1310 4880 αἱ
1360 4827 1458 4898 μὲν
1495 4829 1834 4895 γνωστικαὶ,
1880 4823 1992 4880 οἷον

413 4914 565 4978 νοῦς,
598 4916 760 4981 δόξα,
795 4920 1104 4986 φαντασία,
1134 4918 1390 4988 αἴσθησις
1421 4921 1515 4972 καὶ
1537 4920 1766 4983 διάνοια,
1809 4917 1990 4981 καθὼς

416 5009 751 5078 προείπομεν
770 5027 783 5041 ·
813 5012 870 5064 αἱ
896 5011 954 5066 δὲ
985 5011 1217 5078 ζωτικαὶ
1240 5013 1334 5066 καὶ
1359 5013 1662 5084 όρεκτικαὶ,
1693 5006 1825 5076 οἷον,
1863 5011 1986 5082 βού-

487 5226 528 5258 ¹⁰
580 5227 642 5279 ού
687 5247 746 5283 π.
790 5245 900 5286 om.
945 5231 1004 5296 Β,
1051 5233 1202 5288 πόθω
1251 5234 1312 5288 C.
1411 5239 1448 5268 “
1501 5235 1557 5288 δὲ
1607 5233 1668 5297 Β,

414 5299 454 5330 15
485 5296 640 5335 mv'lncr
682 5300 722 5335 ρ
756 5299 794 5335 D
885 5302 928 5335 te
957 5305 1270 5335 a..-.:..........
1319 5306 1358 5335 ρ
1461 5307 1500 5335 ιτ
1545 5306 1665 5335 re.--

411 5299 454 5397 ξς
485 5299 644 5383 φύσει
682 5300 723 5354 C
751 5299 813 5356 P.
885 5302 928 5335 ²⁶
955 5305 1275 5358 ἐκτείνουσα
1319 5306 1381 5361 C.
1461 5307 1500 5336 ¹⁷
1544 5306 1665 5366 ὅλος
1705 5305 1746 5358 C
1791 5303 1852 5366 Ρ,
1903 5308 1913 5357 Ῑ

411 5437 453 5445 __
488 5368 650 5445 αυτὸν
693 5371 866 5445 C._“
895 5371 1289 5445 εύαγγελιστὴς
1314 5376 1378 5445 C.
1456 5378 1500 5407 ”
1522 5377 1668 5445 ἡμᾶς
1708 5391 1816 5445 0³η-
1850 5375 1913 5445 Α]

408 5437 454 5468 ”
490 5437 596 5515 γάρ
625 5455 736 5515 ou}.
773 5440 832 5494 Β.
912 5445 962 5515 ’⁸.
988 5437 1398 5515 συνεγινιτίμεθα
1428 5445 1485 5498 Β.

407 5522 494 5581 om
507 5507 593 5581 ._B.
669 5508 713 5540 ⁸ο
737 5528 887 5581 πραγ

471 5577 550 5645 τῷ
608 5592 718 5632 om.
953 5584 1084 5636 ³⁵τδ
1143 5587 1200 5636 ὲν
1238 5585 1374 5654 αύτῇ

483 5643 818 5725 π’ρρφορικξς
840 5650 898 5725 ἑὲ
934 5655 961 5705 6
988 5657 1042 5705 ὲν
1067 5657 1130 5724 τῇ
1166 5673 1219 5707 π.
1259 5643 1655 5725 καῖ”χρήσι-μος
1689 5643 1901 5724 [νῇρήσει
1937 5643 2022 5722 Ρ,]
2057 5651 2119 5705 C.

408 5715 451 5745 δ’
479 5715 599 5767 ἐπεὶ
630 5717 738 5785 γὰρ
766 5719 804 5771 Β
840 5718 897 5772 Ρ.

1718 5234 1854 5287 ἀλλὰ
1898 5231 2046 5285 ἐστὶν
2089 5237 2178 5287 άσ.
2229 5233 2284 5286 Ρ.
2341 5235 2383 5265 ¹¹
2427 5234 2521 5286 καὶ
2551 5248 2659 5287 om.
2692 5233 2732 5286 Β
2780 5234 2839 5289 Ρ.

1461 5307 1500 5336 ¹⁷
1544 5306 1665 5366 ὅλος
1705 5305 1746 5358 C
1791 5303 1852 5366 Ρ,
1903 5305 2081 5357 iulerl.

2017 5375 2060 5403 ³³
2085 5373 2406 5426 ἀποδίδωσιν
2461 5373 2520 5437 C,
2565 5373 2904 5440 ἀποδίδωμεν
2937 5372 2996 5426 Ρ.

1570 5446 1612 5476 ’⁷
1643 5444 1763 5496 καλ.
1795 5443 1950 5511 ἡμῶν
1979 5443 2018 5494 Β
2047 5444 2086 5493 (Ι
2122 5442 2180 5496 Ρ.

894 5512 1080 5587 μάτων
1098 5507 1187 5566 BC
1210 5507 1293 5587 P._
1347 5516 1388 5546 ³³
1416 5516 1697 5587 ὲ-ξαγγ-έλει
1793 5507 1850 5569 Ρξ
1875 5515 1917 5544 ³¹
1936 5530 2010 5587 πα

2099 5513 2259 5574 διδοὺς
2349 5516 2407 5577 C,
2434 5514 2489 5587 Ρ,
2514 5514 2603 5587 qui
2623 5507 2780 5587 habet
2803 5507 3258 5587 τξδιανοηθέντα.
3337 5508 3381 5587 ξ’
3395 5507 3590 5587 οὖτωΒ

1432 5585 1603 5656 [αύτῷ
1655 5583 1742 5656 1³)]
1795 5586 2165 5656 κρυπτόμενον
2220 5585 2412 5656 *νόημα
2451 5585 2508 5656 (Σ-
2555 5583 2660 5656 ἷξ-
2707 5585 2750 5615 ³⁸³
2784 5581 2879 5656 τού
2937 5583 2997 5637 C.

2097 4465 2319 4532 quidem
2348 4472 2450 4530 est,
2485 4479 2608 4533 qum
2641 4463 2694 4517 in
2727 4462 2890 4519 corde
2917 4459 3160 4531 loquitur
3192 4478 3206 4514 :
3256 4474 3378 4529 quae
3423 4473 3552 4513 vero
3606 4459 3674 4513 ad

2098 4554 2377 4624 eloquium
2426 4569 2697 4625 usumque
2762 4553 2944 4619 venit,
3014 4552 3195 4608 ﬂuxus
3255 4559 3337 4606 est
3399 4551 3491 4620 qui
3546 4565 3670 4604 cum

2099 4661 2228 4700 voce
2262 4661 2292 4698 a
2329 4647 2660 4712 cogitatione
2689 4646 2974 4700 emittitur.
3001 4643 3119 4698 Non
3144 4651 3327 4698 autem
3359 4644 3539 4696 omnis
3572 4655 3673 4694 vox

2099 4736 2276 4789 oratio
2314 4735 2531 4800 dicitur,
2587 4737 2680 4790 sed
2732 4752 2962 4805 quaeque
3009 4751 3095 4789 res
3125 4749 3246 4804 quae
3279 4732 3564 4801 strepitum
3605 4733 3673 4786 ad

2100 4828 2344 4883 auditum
2390 4827 2598 4889 defert.
2643 4844 2746 4882 vox
2797 4834 3163 4896 nuncupatur.
3219 4824 3489 4890 Quoniam
3541 4819 3671 4877 vero

2097 4920 2293 4973 animae
2341 4928 2543 4974 nostrae
2581 4919 2830 4989 duplices
2874 4919 3116 4973 actiones
3155 4917 3446 4982 habentur,
3486 4916 3673 4970 alterae

2095 5011 2308 5081 quidem
2338 5028 2457 5082 qua:
2481 5013 2546 5066 ad
2581 5012 2984 5083 cognitionem,
3021 5019 3078 5064 ut
3109 5025 3282 5080 nuper
3310 5010 3673 5085 asseruimus,

2919 5234 2960 5265 ¹³
2993 5234 3126 5302 μόνῃ
3154 5231 3194 5284 Β
3221 5230 3281 5284 P-.
3363 5230 3404 5262 ”
3434 5226 3576 5302 οξδεν

2797 5306 2836 5335 ¹⁹
2878 5304 2972 5382 ob“
2989 5298 3278 5382 γωοίζεται
3321 5302 3441 5382 add.
3467 5300 3505 5352 Β
3533 5298 3573 5352 C

3092 5373 3138 5442 '_‘
3172 5368 3591 5442 προσφέροντες-
3604 5369 3668 5442 l3.

3209 5439 3332 5494 add.
3367 5439 3408 5491 C
3441 5439 3497 5492 P.
3577 5439 3620 5468 "
3645 5441 3671 5490 6

2180 5305 2222 5335 ’⁸
2253 5304 2347 5355 καὶ
2391 5319 2503 5358 om.
2547 5303 2587 5354 Β
2620 5305 2681 5358 Ρ.

2283 5446 2327 5475 ³³
2362 5446 2455 5496 καὶ
2481 5442 2652 5495 ταῦτα
2679 5444 2775 5512 μὲν
2800 5445 2827 5495 6
2855 5443 2995 5504 θεῖος
3039 5440 3175 5512 ἀνὴρ

3113 5582 3155 5612 ³⁷
3189 5581 3500 5658 συγγίνεται
3525 5580 3582 5658 “ll

2218 5652 2260 5683 ³⁹
2292 5647 2465 5724 ῥ’έῦμα
2494 5654 2531 5706 Β
2565 5652 2604 5708 C
2631 5653 2689 5706 Ρ.
2770 5655 2811 5684 ⁵ο
2845 5647 3349 5724 ἐκπεμπόμενοςα.
3392 5650 3432 5680 δ’
3473 5649 3578 5702 πᾶν
3605 5647 3666 5699 (ἒ.
