4006 6158
332 293 470 351 1109

1531 286 1620 340 ΒΕ
1660 285 1950 343 ΝᾹἸἪΒᾹ
1991 279 2297 343 “OMNIS.

3464 279 3603 335 ΗΝ)

329 402 455 454 ἄλλο
476 400 521 431 ⁷⁸
549 397 669 452 ἐστὶ
701 395 975 468 σφυγμὸς,
1005 397 1040 468 ἢ
1072 395 1288 466 κίνησις
1334 395 1568 466 καρδίας
1597 397 1644 428 ’⁸
1673 397 1771 450 καὶ
1803 398 1906 468 ἀρα

2011 397 2452 466 arteriarumque
2493 392 2663 448 motio
2723 391 2851 460 est),
2909 391 3002 460 qui
3048 407 3080 444 a
3122 389 3271 444 vitali
3313 387 3600 457 facultate,

326 490 536 562 τηριῶν
578 489 686 542 ὑπὸ
721 488 962 558 ζωτικῆς
1005 488 1290 560 δυνάμεως
1321 487 1570 558 φυσικῶς
1616 488 1909 560 γινομένη,

328 585 472 640 κατὰ
493 581 782 652 διαστολὴν
808 581 903 634 καὶ
932 580 1198 652 συστολὴν
1224 580 1319 636 τοῦ
1343 580 1646 653 πνεύμονος
1680 583 1748 646 ⁷⁵,
1775 581 1914 652 πρὸς

327 675 630 747 ὲκφὸρησιν
670 674 783 728 τῶν
821 672 1134 742 λιγνυωθῶν
1166 676 1622 746 περιττωμάτων,
1657 675 1753 730 καὶ
1781 677 1910 730 ἀντ-

325 766 640 838 εισαγωγὴν
670 764 767 818 τοῦ
833 765 1084 837 καθαροῦ
1112 766 1301 835 ἀέρος,
1331 765 1470 836 πρὸς
1501 768 1562 820 τὸ
1594 767 1912 837 ριπίζεσθαι

326 859 422 914 καὶ
445 858 832 926 ἀναζωπυρεῖν
865 857 956 911 τὸν
995 858 1224 922 ζωτικὸν
1253 858 1427 925 τόνον,
1452 860 1480 912 ὃ
1507 863 1625 913 ἐστι
1646 862 1708 914 τὸ
1729 862 1910 932 ἐμφυ-

324 969 417 1005 τον
457 949 660 1022 θερμὸν
685 949 750 1002 τὸ
776 950 824 981 ⁷⁸
846 950 906 1000 ὲν
939 951 1007 1020 τῇ
1038 949 1260 1021 καρδίᾳ.

410 1042 501 1107 Ἐξ
517 1043 728 1113 ἥπατος
750 1043 806 1096 δὲ
835 1042 894 1095 αἱ
923 1042 1154 1112 φυσικαὶ
1177 1040 1442 1111 δυνάμεις
1472 1040 1754 1112 ὁρμῶνται
1775 1057 1789 1070 ⁸
1815 1042 1911 1098 καὶ

327 1132 438 1202 γὰρ
486 1131 576 1184 διὰ
633 1132 734 1199 τῆς
789 1131 1055 1201 ἐργασίας
1087 1131 1129 1162 ⁷⁷
1196 1130 1364 1183 αὑτοῦ
1426 1131 1694 1202 τρέφεται
1753 1129 1910 1200 ἡμῶν

327 1225 546 1278 ίιίτταντ⁸
596 1223 659 1276 τὸ
708 1222 892 1292 σῶμα,
943 1225 1040 1276 καὶ
1091 1221 1480 1295 αὐξανόμεθαῖ
1516 1224 1614 1278 καὶ
1662 1210 1832 1277 πάλιν
1860 1223 1907 1254 τ’

330 1317 534 1388 τροφῆς
565 1318 872 1388 ὀρεγόμεθα
898 1333 912 1347 ·
965 1317 1149 1384 πέψει,
1203 1318 1300 1371 καὶ
1335 1319 1606 1379 ἀναδύσει,
1639 1317 1734 1371 καὶ
1760 1316 1910 1382 ἐξαι-

332 1410 599 1480 ματώσει,
633 1410 731 1464 καὶ
765 1410 1087 1481 προσθέσει,
1111 1413 1206 1464 καὶ
1225 1412 1524 1481 διακρίσει.
1551 1410 1646 1465 καὶ
1675 1411 1934 1479 ἀποκρί-,

331 1517 431 1552 σει.
467 1501 534 1552 Al.
564 1499 674 1572 γὰρ
699 1503 849 1571 τρεῖς
881 1493 1043 1554 αὗται
1064 1501 1328 1571 δυνάμεις
1357 1518 1374 1535 ο
1418 1504 1537 1572 ήὲκ
1569 1501 1801 1571 καρδίας
1825 1518 1839 1531 ·
1873 1502 1906 1571 ἡ

328 1590 390 1653 ἐξ
413 1590 624 1660 ἥπατος
653 1602 666 1616 ·
695 1589 792 1642 καὶ
821 1591 855 1658 ἠ
892 1588 952 1652 ἐξ
997 1591 1326 1657 ἐγκεφάλου,
1360 1593 1546 1644 πᾶσαν
1580 1589 1740 1660 ήμῶν
1770 1589 1909 1642 διοι-

328 1681 488 1734 κοῦσι
527 1680 674 1750 ζωήν
703 1695 718 1710 ·
754 1680 838 1733 διὸ
882 1682 979 1733 καὶ
1019 1681 1121 1750 τῆς
1149 1681 1331 1751 ψυχῆς
1369 1682 1510 1753 μέρη
1539 1681 1688 1744 τινὲς
1735 1681 1911 1734 ταῦτα

327 1772 601 1844 ὡρίσαντο
629 1769 772 1826 είναι
803 1773 848 1804 ³⁸
876 1788 889 1801 ·
924 1773 987 1826 τὸ
1018 1772 1127 1844 γὰρ
1163 1791 1180 1823 ι
1219 1774 1484 1844 τριμερὲς
1509 1773 1610 1843 τῆς
1641 1773 1820 1842 ψυχῆς
1851 1775 1908 1825 ἐν

328 1863 600 1928 ἀπαθείας
627 1865 674 1896 ⁸³
705 1863 856 1935 βυθῷ
891 1883 910 1916 ι
966 1864 1075 1917 τῶν
1107 1865 1287 1931 σοφῶν
1338 1881 1422 1927 τις
1463 1884 1480 1916 ι
1516 1864 1911 1928 καταποντίζε-

331 1956 456 2010 σθαι
501 1976 520 2008 ι
571 1955 818 2026 εὔχεται.
868 1956 980 2009 Καὶ
1027 1954 1348 2025 θαυμαστὸν
1403 1957 1521 2020 πῶς
1570 1956 1843 2027 τριμερὴς
1872 1958 1906 2026 ἡ

328 2046 645 2118 ἀσώματος.
699 2046 848 2117 Πλὴν
897 2046 1176 2116 ἐνέργειαι
1251 2047 1398 2109 τινές
1447 2049 1606 2111 εἰσιν,
1649 2047 1830 2102 είτουν
1856 2049 1903 2081 ⁸²

327 2137 612 2206 δυνάμεις,
644 2135 706 2190 τὸ
733 2135 988 2206 θυμικὸν,
1037 2136 1100 2188 τὸ
1141 2135 1562 2207 ἐπιθυμητικὸν,
1605 2139 1702 2190 καί
1728 2139 1791 2191 τὸ
1818 2139 1908 2191 λο-

326 2228 594 2296 γιστικόν.
652 2227 964 2300 Ὀρμῶνται
985 2226 1063 2291 δὲ,
1088 2229 1151 2280 τὸ
1178 2228 1408 2298 θυμικὸν
1433 2230 1534 2298 μὲν
1557 2233 1621 2283 ὲκ
1642 2232 1871 2302 καρδίας
1893 2269 1907 2289 ,

325 2318 389 2372 τὸ
421 2319 478 2373 δὲ
508 2319 906 2390 ἐπιθυμητικὸν
961 2316 1020 2384 ἐξ
1047 2319 1291 2388 ἥπατοςο
1321 2318 1382 2383 ἐξ
1414 2320 1721 2389 ἐγκεφάλου
1767 2320 1824 2374 δὲ
1851 2320 1910 2372 τὸ

326 2408 663 2477 λογιστικόν.
697 2410 810 2463 Καὶ⁵
841 2411 905 2464 ὲκ
939 2411 1040 2480 μὲν
1070 2410 1168 2463 τοῦ
1190 2409 1426 2481 θυμικοῦ
1449 2411 1477 2463 6
1504 2409 1675 2480 θυμὸς
1710 2414 1906 2480 γεννᾶ-

324 2517 418 2555 ται
448 2516 463 2531 °
490 2500 608 2553 ἔστι
637 2500 695 2554 δὲ
725 2500 912 2570 θυμὸς
940 2500 1093 2564 ζέσις
1117 2501 1214 2554 τοῦ
1266 2501 1624 2573 περικαρδίου
1654 2503 1701 2536 ³³
1734 2504 1905 2573 αἵμα-

322 2609 418 2656 τος
462 2591 598 2664 πρὸς
647 2589 830 2662 δρεξιν
873 2591 1288 2662 ἀντιλυπήσεως
1338 2591 1447 2646 τῶν
1480 2593 1906 2665 παροξυνάντων

323 2680 666 2748 κινούμενος.
693 2679 1012 2752 Παραγεται
1037 2677 1087 2711 ⁸⁵
1131 2679 1190 2733 δὲ
1226 2679 1376 2750 παρά
1408 2680 1469 2733 τὸ
1497 2679 1610 2734 θύω
1625 2680 1686 2733 τὸ
1711 2683 1868 2752 ὁρμῶ
1887 2697 1902 2712 ο

324 2772 361 2845 ἥ
409 2773 561 2844 παρὰ
597 2772 658 2826 τὸ
709 2771 862 2826 θύειν
917 2767 1057 2843 αἷμα
1088 2771 1166 2806 ⁸⁵·
1209 2771 1445 2843 θύαιμός
1488 2790 1572 2836 τις
1625 2771 1700 2826 ὢν
1732 2790 1747 2806 ο
1794 2774 1827 2844 ἢ
1877 2775 1907 2828 6

301 2916 304 2920 .
327 2863 500 2930 θύειν,
531 2865 700 2936 ἡγουν
729 2865 909 2936 ὀρμᾷν
935 2861 1076 2934 αἷμα
1097 2863 1440 2933 κινούμενος,
1458 2865 1553 2917 καὶ
1575 2864 1622 2896 ⁸⁸
1642 2863 1904 2935 ὁρμώμε-

327 2971 419 3016 νος
474 2953 578 3006 ύπὸ
639 2952 894 3022 αἵματος.
956 2953 1051 3006 Ἐκ
1107 2951 1165 3004 δὲ
1219 2952 1316 3004 τοῦ
1389 2951 1795 3022 ἐπιθυμητικοῦ
1869 2954 1904 3022 ὴ

326 3047 602 3117 ἐπιθυμία
655 3049 926 3100 κινεῖται·
986 3044 1104 3097 ἐστι
1162 3043 1221 3096 δὲ
1275 3044 1308 3114 ὴ
1361 3042 1633 3112 ἐπιθυμία
1701 3044 1972 3138 παντὸςο

324 3138 574 3208 ἐμψύχου
596 3136 744 3208 ὁρμὴ
769 3137 963 3207 πρώτη
979 3136 1024 3166 ⁸⁷
1047 3135 1186 3205 πρός
1217 3151 1272 3188 τι
1294 3133 1401 3187 τῶν
1429 3132 1805 3203 φιλουμένων·
1840 3133 1904 3186 ἐκ

320 3230 418 3284 τοῦ
452 3228 762 3298 λογιστικοῦ
794 3228 850 3282 δὲ
880 3229 908 3280 6
938 3227 1228 3297 λογισμὸς
1259 3226 1569 3296 ἐφορμᾶται
1599 3241 1612 3254 ·
1644 3223 1903 3293 λογισμὸς

318 3320 382 3374 δέ
413 3322 529 3373 ἐστι
572 3319 633 3372 τὸ
661 3319 875 3386 πρῶτον
892 3320 949 3373 ὲν
977 3317 1060 3372 νοῒ
1092 3316 1316 3371 ἀνελθὸν
1337 3317 1382 3349 ⁸⁸
1412 3316 1593 3387 νόημα
1623 3332 1636 3346 '
1667 3316 1698 3386 ἢ
1735 3315 1904 3386 ἀόρα-

318 3430 415 3476 τος
454 3412 672 3481 κίνησις
722 3412 821 3465 καὶ
860 3413 1077 3483 ταραχὴ
1122 3411 1466 3483 πραγμάτων
1497 3429 1513 3444 ·
1545 3410 1579 3481 ἢ
1626 3411 1902 3481 αἰσθητῶν

321 3503 672 3574 πραγμάτων
709 3505 1083 3573 συνισταμένη
1139 3503 1282 3557 κατά
1329 3502 1570 3557 διάνοιαν
1589 3503 1635 3534 ⁸³
1687 3501 1852 3556 εἰκών
1884 3519 1900 3535 ο

323 3595 445 3667 μεθ’
471 3590 542 3666 ἦς
579 3595 609 3648 6
643 3594 770 3657 νοῦς
803 3594 1123 3664 κινούμενος
1158 3594 1308 3662 λέγει
1328 3611 1380 3646 τι
1413 3593 1446 3664 ἢ
1480 3593 1716 3664 πράττει
1739 3611 1903 3663 φανε-

323 3685 484 3757 ρῶςῆ
504 3685 766 3757 κρυπτῶς
797 3684 933 3755 πρὸς
964 3684 1035 3736 τὰ
1063 3683 1422 3755 μορφούμενα
1453 3684 1544 3737 ὑπ’
1568 3682 1758 3738 αὐτοῦ.
1791 3684 1903 3736 Καὶ

319 3776 418 3830 τοῦ
469 3776 569 3846 μὲν
607 3773 842 3843 θυμικοῦ
905 3777 1043 3828 εἰσιν
1117 3773 1332 3844 ἀρεταὶ,
1397 3772 1668 3843 ὑπομονὴ,
1727 3772 1823 3825 καὶ
1854 3774 1900 3804 ⁰⁰

319 3869 623 3940 ἐγκράτεια
652 3867 752 3920 καὶ
793 3866 1020 3938 ἀνδρεία
1044 3879 1058 3894 °
1092 3866 1284 3918 κακίαι
1306 3866 1348 3896 ⁹³
1382 3864 1460 3930 δὲ,
1491 3864 1633 3936 ὀργὴ
1667 3866 1761 3918 καί
1795 3882 1902 3935 μα-

317 3963 432 4026 νία,
471 3960 568 4015 καὶ
591 3959 761 4015 δειλία
788 3957 856 4024 ⁸⁸,
887 3960 982 4013 καὶ
1019 3958 1301 4029 ἀνανδρία.
1352 3957 1460 4010 Τοῦ
1490 3957 1538 3990 ⁸⁸
1573 3957 1900 4028 ἐπιθυμητι-

316 4055 419 4110 κοῦ
449 4054 650 4126 ἀρεταὶ
704 4054 827 4125 μὲν,
873 4051 1226 4124 σωφροσύνη,
1272 4052 1367 4105 καί
1397 4051 1580 4120 ὄρεξις
1611 4049 1722 4104 τῶν
1765 4051 1900 4104 ἀθα-

313 4147 494 4202 νάτων
534 4143 754 4215 ἀγαθῶν
782 4185 797 4212 ,
829 4147 928 4199 καὶ
975 4145 1170 4214 ἀγάπη
1225 4143 1387 4207 Θεοῦ,
1423 4142 1654 4197 καὶτῶν
1679 4143 1727 4177 ³⁸
1766 4143 1900 4213 πλη-

315 4240 455 4297 σίον.
483 4239 690 4294 Κακίαι
729 4239 810 4306 δὲ,
838 4237 1123 4304 ἀσέλγεια,
1151 4239 1247 4291 καὶ
1303 4237 1594 4305 ἀκολασία,
1641 4239 1733 4290 καὶ
1786 4238 1896 4292 τῶν

310 4332 522 4403 γηΐνων
544 4332 590 4364 ’⁸
627 4329 850 4400 ἀγαθῶν
885 4329 1173 4400 ἐπιθυμία.
1209 4327 1315 4381 Τοῦ
1344 4326 1657 4395 λογιστικοῦ
1685 4327 1743 4381 δὲ
1765 4329 1896 4397 ἀρε-

2021 487 2281 558 pulmone
2319 484 2696 540 dilatationcm
2725 481 3265 550 contractionemque
3307 483 3599 549 sentiente,

2014 587 2227 634 natura).
2245 576 2438 632 ordine
2477 583 2743 640 movetur,
2773 574 2878 628 hoc
2929 572 3008 637 fit,
3043 586 3154 642 quo
3174 572 3388 628 fumosa
3409 589 3600 630 excre-

2015 679 2198 724 menta
2255 667 2324 723 ad
2374 666 2644 723 exteriora
2685 662 3024 728 deferantur,
3073 678 3138 719 ac
3200 661 3448 718 sincerus
3504 679 3599 719 aer

2012 761 2254 816 vicissim
2273 759 2611 822 admittatur,
2638 765 2805 826 utque
2835 755 3018 810 vitalis
3065 763 3240 822 tenor,
3289 755 3487 810 insitus
3513 757 3596 810 vi-

2014 854 2208 910 delicet
2231 853 2413 909 cordis
2438 851 2607 915 calor,
2638 849 2957 905 incitaretur
2978 845 3538 916 inllammareturque.

2083 1033 2122 1086 A
2143 1030 2393 1102 jecinore
2412 1035 2595 1083 autem
2622 1024 2900 1080 naturales
2948 1021 3230 1077 facultates
3272 1029 3592 1081 moventur;

2013 1138 2138 1177 nam
2173 1130 2344 1176 totum
2367 1133 2566 1188 corpus
2598 1124 2842 1170 nostrum
2866 1112 3038 1183 ipsius
3063 1109 3245 1166 oftieio
3273 1109 3591 1164 alimentum

2011 1214 2218 1280 sumit;
2271 1213 2340 1267 ab
2366 1211 2460 1266 illo
2493 1209 2890 1264 incrementum
2934 1203 3288 1273 suscipimus,
3326 1216 3392 1257 ac
3411 1201 3592 1256 denuo

2011 1308 2170 1364 nobis
2195 1304 2440 1361 alimenti
2473 1301 2744 1371 appeti-tus
2774 1298 3108 1352 innascitur:
3142 1295 3188 1349 is
3210 1309 3340 1348 vero
3364 1295 3434 1348 ob
3460 1308 3593 1348 con-

2016 1399 2349 1461 coctionem,
2391 1395 2870 1465 partitioni-mque,
2898 1406 2960 1442 at:
3001 1385 3283 1455 sanguinis
3340 1399 3592 1454 procrea-

2012 1493 2238 1554 tionem,
2268 1498 2433 1556 atque
2457 1486 2908 1540 additamentum.
2933 1490 2986 1533 et
3015 1477 3464 1548 segregationem,
3491 1491 3591 1530 nec

2010 1599 2120 1640 non
2151 1581 2521 1639 excretionem
2579 1577 2846 1648 provenit.
2885 1574 3016 1626 'l‘res
3045 1584 3284 1648 namque
3316 1569 3398 1622 ha:
3424 1567 3591 1622 facul-

2014 1689 2174 1744 tates,
2205 1692 2328 1748 quaa
2364 1691 2392 1729 a
2440 1675 2624 1733 corde,
2662 1670 2925 1740 jecinore.
2950 1683 3013 1720 ac
3051 1647 3276 1720 cerebro
3305 1661 3586 1724 oriuntur,

2011 1773 2179 1827 totius
2202 1771 2326 1824 vitae
2363 1778 2566 1822 nostra:
2602 1763 2840 1832 regimen
2887 1759 3132 1814 obtinent
3163 1774 3178 1811 :
3234 1753 3588 1825 quamobrem

2012 1865 2146 1919 istas
2173 1862 2372 1916 animat
2403 1871 2585 1928 partes
2618 1871 2740 1909 esse
2769 1851 3015 1907 nonnulli
3056 1855 3365 1904 statuerunt
3396 1862 3412 1900 :
3462 1861 3588 1898 nam

2010 1956 2230 2026 quidam
2258 1969 2321 2008 ex
2367 1952 2450 2005 his
2481 1949 2575 2019 qui
2604 1946 2924 2014 sapientiam
2946 1943 3290 2013 profitentur,
3323 1937 3588 2007 triplicem

2011 2050 2206 2104 anima:
2234 2046 2536 2116 portionem
2567 2042 2797 2095 subimo
2844 2032 3297 2106 itnpassihilitatis
3333 2030 3591 2085 barathro

2010 2145 2314 2196 (lt-Inersam
2393 2137 2582 2206 jactat.
2633 2131 2817 2201 Atqui,
2861 2131 2981 2198 ejus
3017 2142 3140 2198 qua:
3169 2139 3400 2194 corpore
3438 2130 3593 2176 vacat

2011 2243 2070 2287 ut
2142 2230 2405 2301 triplicem
2456 2225 2763 2298 portionem
2820 2223 2972 2275 dicas
3025 2218 3274 2272 mirabile
3336 2215 3586 2268 habetur.

2011 2321 2524 2383 Verumenimvero,
2575 2313 2846 2370 irascendi
2875 2353 2890 2374 .
2934 2310 3246 2381 appetendi,
3276 2308 3590 2363 rationalis-

2009 2429 2112 2484 que
2151 2413 2256 2478 vis,
2306 2419 2462 2466 actus
2507 2408 2731 2475 quidam
2781 2403 2980 2458 animus
3050 2402 3270 2472 potius,
3303 2399 3589 2455 facultates

2011 2503 2261 2559 videlicet
2313 2510 2459 2556 sunt.
2518 2495 2798 2566 Siquidem
2872 2491 3142 2546 irascendi
3183 2493 3284 2555 vis,
3316 2505 3346 2543 a
3400 2489 3586 2552 corde,

2011 2593 2320 2666 appetendi,
2369 2607 2400 2645 a
2445 2589 2712 2661 jecinore,
2776 2584 3079 2648 rationalis,
3129 2597 3159 2636 a
3206 2581 3431 2636 cerebro
3463 2595 3591 2650 pru-

2009 2689 2331 2742 ticiscuntur
2372 2703 2386 2737 :
2419 2694 2473 2736 et
2533 2681 2602 2735 ab
2632 2695 2696 2733 ea
2750 2677 2969 2748 quidem
3016 2690 3139 2745 qua:
3176 2673 3446 2729 irascendi
3481 2681 3585 2737 est,

2009 2781 2089 2834 ira
2137 2776 2396 2849 gignitur.
2452 2773 2534 2827 lra
2566 2787 2716 2834 vero,
2767 2785 2890 2840 quae
2927 2768 3115 2823 Graece
3163 2765 3333 2836 θυμὸς
3371 2781 3588 2819 nuncu-

2009 2882 2186 2941 patur,
2241 2866 2524 2936 sanguinis
2555 2863 2650 2934 qui
2683 2863 2826 2916 circa
2866 2876 2963 2914 cor
2989 2859 3200 2913 exsistit
3239 2855 3422 2911 fervor
3470 2865 3584 2915 est;

2006 2963 2098 3033 qui
2136 2961 2214 3015 uti
2239 2958 2472 3014 tristitiae
2503 2954 2932 3012 vicissitudinem
2970 2952 3176 3016 reddat,
3210 2949 3351 3004 unde
3384 2948 3592 3005 scilicet

2008 3056 2346 3110 irritamenta
2389 3057 2720 3119 sumpserat,
2749 3047 2990 3117 appetitu
3023 3053 3300 3106 movetur,
3343 3057 3374 3095 a
3400 3040 3589 3096 Grmco

2008 3149 2174 3213 θύειν,
2233 3144 2379 3216 quod
2444 3144 2647 3212 impetu
2693 3139 2822 3194 ferri
2864 3137 3094 3200 diceres,
3141 3136 3298 3206 quasi
3354 3135 3590 3204 impetus

2007 3242 2228 3312 quidam
2282 3238 2401 3293 sit:
2443 3235 2529 3290 vel
2563 3231 2708 3304 quod
2762 3246 2872 3302 prae
2917 3231 3000 3286 sui
3039 3239 3194 3284 motu
3242 3243 3273 3282 a
3323 3226 3590 3296 sanguine

2007 3330 2338 3400 impellatur.
2387 3326 2470 3381 Ab
2521 3325 2808 3396 appetendi
2854 3337 2988 3377 vero
3050 3321 3103 3374 vi
3156 3320 3428 3389 appetitus
3471 3333 3589 3372 mo-

2007 3432 2194 3488 vetur;
2251 3420 2522 3491 siquidem
2590 3415 2862 3487 appetitus
2921 3412 3214 3482 cujuslibet
3267 3411 3346 3465 rei
3401 3409 3584 3464 anima

2007 3514 2246 3584 praedita:
2285 3512 2339 3566 in
2388 3524 2502 3564 rem
2568 3508 2808 3576 aliquam
2862 3518 3027 3575 quam
3060 3501 3347 3556 affectione
3397 3514 3589 3570 prose—

2005 3605 2192 3673 quitur
2222 3601 2432 3670 primus
2466 3599 2704 3666 impetus
2745 3604 2850 3650 est.
2928 3593 2974 3646 Δ
3007 3593 3060 3646 vi
3097 3601 3278 3645 autem
3332 3592 3587 3646 rationali

2006 3694 2374 3750 consideratio
2400 3689 2794 3762 proficiscitur;
2830 3685 3199 3741 consideratio
3229 3699 3465 3753 namque
3502 3691 3587 3739 est

2007 3788 2181 3858 prima
2211 3785 2300 3839 illa
2328 3799 2450 3853 qua:
2481 3783 2533 3836 in
2565 3791 2800 3836 mentem
2827 3779 3128 3852 ingreditur
3150 3777 3431 3849 cogitatio,
3469 3775 3591 3832 sivo

2008 3887 2186 3932 motus
2232 3890 2414 3931 rerum
2452 3873 2920 3945 perturbatioque,
2976 3886 3098 3942 qua:
3151 3869 3301 3924 cerni
3360 3867 3584 3939 nequit;

2005 3970 2119 4023 sive
2147 3969 2326 4038 imago
2357 3981 2564 4030 rerum,
2595 3981 2717 4036 qum
2746 3965 2814 4019 ad
2855 3979 3076 4020 sensum
3111 3961 3441 4033 cogitatione
3465 3975 3584 4015 me-

2003 4061 2091 4114 dia
2142 4058 2347 4113 cadunt
2399 4056 2508 4128 25
2550 4057 2880 4122 constituta;
2929 4070 3054 4109 cum
3105 4070 3213 4124 qua
3263 4070 3417 4107 mens
3465 4053 3582 4122 ipsa

2004 4167 2173 4212 mota,
2209 4150 2275 4205 ad
2314 4165 2378 4204 ea
2421 4164 2540 4218 quae
2590 4163 2774 4204 secum
2825 4147 3158 4202 formaverat
3201 4148 3341 4201 clam
3376 4145 3579 4214 aliquid

2004 4244 2286 4313 loquitur;
2313 4251 2408 4295 aut
2432 4240 2658 4311 peragit.
2693 4239 2760 4293 Et
2792 4242 3024 4294 virtutes
3048 4237 3268 4308 quidem
3310 4252 3432 4306 ejus
3461 4251 3583 4304 qua:

2003 4337 2271 4391 il'aSt'etldl
2306 4335 2391 4390 vis
2437 4343 2541 4400 est,
2573 4333 2882 4398 tolerantia,
2910 4331 3271 4394 continentia,
3307 4344 3372 4383 ac
3426 4326 3582 4382 forti-

308 4424 406 4478 ταὶ
442 4422 563 4492 μὲν,
592 4420 833 4484 σύνεσις,
864 4419 960 4474 καὶ
973 4421 1018 4452 ⁹⁶
1047 4419 1322 4484 εὐσέϐεια,
1359 4419 1456 4472 καὶ¹
1498 4417 1666 4488 φόϐος
1709 4417 1846 4472 Θεοῦ
1877 4434 1892 4447 ·

2011 4430 2134 4482 Ludo
2158 4426 2450 4481 habentur.
2470 4423 2612 4479 Vitia
2629 4440 2780 4488 vero,
2800 4423 3102 4485 iracundia,
3123 4420 3370 4485 infamia,
3390 4432 3578 4489 pavor,

310 4515 510 4570 κακίαι
537 4515 616 4579 δὲ,
635 4513 944 4583 πανουργία
977 4511 1075 4565 καὶ
1094 4511 1359 4584 δολιότης,
1385 4512 1479 4565 καὶ
1507 4511 1710 4582 ἀφοσία
1733 4514 1892 4570 Θεοῦ.

2005 4520 2216 4592 ignavia
2255 4537 2267 4571 :
2306 4516 2615 4586 appetibilis
2669 4525 2852 4570 autem
2911 4515 3187 4578 virtutes,
3245 4513 3578 4574 castitatem,

314 4607 816 4676 immortaliumque
853 4606 1118 4660 bonorum
1147 4604 1500 4671 desiderium,
1537 4621 1637 4662 nec
1661 4623 1770 4664 non
1805 4610 1899 4667 Dei
1941 4629 2005 4668 ac
2031 4611 2261 4682 proximi
2316 4610 2660 4665 dilectionem
2716 4609 2976 4666 dicimus.
2996 4607 3140 4663 Vitia
3168 4623 3295 4661 vero
3316 4607 3455 4674 ejus,
3488 4621 3583 4674 pe-

315 4698 567 4758 tulantia.
617 4697 1057 4768 intemperantia,
1121 4697 1571 4768 terrestriumque
1623 4699 1892 4759 desideria
1929 4705 2266 4774 voluptatum
2332 4703 2620 4758 habentur.
2649 4703 2719 4758 At
2774 4707 3005 4758 virtutes
3074 4701 3358 4757 rationalis
3389 4699 3580 4768 partis,

313 4791 626 4864 prudentia.
679 4790 880 4861 pietas,
927 4803 994 4843 ac
1039 4787 1136 4844 Dei
1162 4789 1364 4855 timor;
1396 4790 1546 4856 vitia,
1596 4791 1888 4862 calliditas,
1927 4797 2110 4859 dolus,
2166 4797 2346 4850 nullus
2397 4813 2525 4866 erga
2591 4797 2758 4853 Deum
2807 4799 2988 4853 timor.

397 4883 667 4954 ὐπηνίκα
693 4883 802 4953 γὰρ
821 4885 850 4937 6
882 4883 1017 4946 Θεὸς
1039 4883 1130 4937 τὸν
1164 4881 1452 4953 ἄνθρωπον
1490 4885 1893 4953 κατεσκεύαζε,

308 4978 381 5030 τὰ
404 4977 556 5044 πάθη
587 4975 736 5045 αὐτῷ
758 4978 851 5028 καὶ
878 4979 949 5028 τά
978 4975 1083 5047 ἤθη
1125 4975 1525 5047 περιεφύτευσε
1548 4991 1562 5005 ·
1601 4979 1805 5048 μᾶλλον
1836 4979 1895 5034 δὲ

309 5067 566 5122 δεκτικὸν
591 5066 754 5120 αὐτὸν
785 5067 957 5120 τῶνθτ
1003 5066 1333 5139 ἀμφοτέρων
1379 5068 1630 5140 ἐποίησε,
1669 5070 1763 5124 καὶ
1803 5070 1895 5126 διὰ

307 5155 422 5211 τῶν
454 5155 828 5226 αἰσθητηρίων
877 5155 1186 5226 ὲνεθρόνισε
1207 5156 1253 5189 ³⁸
1285 5157 1377 5211 τὸν
1419 5159 1667 5230 ἡγεμόνα
1718 5159 1845 5214 νοῦν
1872 5176 1888 5192 ’

2077 4889 2384 4954 Enimvero,
2417 4906 2539 4944 cum
2567 4891 2710 4948 Deus
2769 4892 3045 4947 hominem
3089 4891 3365 4955 formavit,
3401 4904 3582 4945 mores

2003 4979 2129 5049 ipsi,
2154 4979 2577 5052 affectionesque
2606 4981 2874 5048 adhibuit,
2893 4980 2978 5036 vel
3001 4981 3069 5037 ad
3095 4981 3212 5037 haec
3229 4989 3460 5050 utraque
3481 4994 3581 5048 po-

2001 5073 2108 5124 tius
2129 5071 2477 5140 percipienda
2503 5072 2737 5127 reddidit
2755 5071 3034 5137 idoneum,
3058 5082 3110 5126 et
3133 5082 3351 5140 pmpter
3386 5085 3579 5126 senso-

1998 5164 2079 5218 ria
2103 5163 2240 5233 ipsa,
2283 5171 2518 5218 mentem
2543 5179 2642 5218 ceu
2667 5167 2908 5235 regina."
2937 5164 2991 5219 in
3035 5165 3233 5219 throno
3255 5161 3575 5228 constituit;

381 5291 430 5383 ξ’
461 5293 590 5383 ᾖλλο
837 5293 878 5348 Β
909 5294 969 5349 C.
1021 5297 1087 5383 ,ξε
1119 5297 1365 5383 ἐκηκαρδ.
1390 5299 1452 5353 C.
1515 5298 1906 5383 ’ξιπνεὲῧμωνος

2053 5301 2100 5332 ⁷⁸
2127 5302 2189 5355 τὸ
2215 5317 2328 5383 om.
2359 5300 2450 5383 C._
2502 5303 2552 5383 ’ξ
2580 5301 2884 5383 θερμασίας
2926 5301 3268 5383 C‘Pjexltt‘s.
3361 5299 3405 5383 7"
3429 5297 3579 5383 63:.”

305 5365 555 5444 oln._C._
605 5365 648 5394 "
686 5366 848 5444 πάλιν
879 5382 990 5444 out.
1157 5368 1205 5444 ’ἦ
1231 5365 1371 5444 εἶναι
1397 5384 1509 5444 om.
1547 5369 1626 5444 B._
1685 5365 1829 5444 πτὸ
1854 5373 1964 5444 γὰρ
1991 5387 2236 5444 ¹[ριμίτ.
2272 5371 2493 5444 ψυχηὲν
2528 5365 2772 5444 ἀπςόιιι.
2805 5373 2866 5425 Β.
2929 5371 3006 5444 _’_'
3044 5372 3168 5444 ἦτοι
3199 5369 3262 5434 C,
3288 5369 3434 5444 frtri-:3
3456 5366 3593 5444 ἦτοι

303 5426 402 5484 οὖν
429 5433 693 5501 δυνάμεις
757 5435 857 5506 τῆς
921 5435 1105 5522 ψυχῆς
1159 5439 1269 5522 είτσι
1303 5438 1361 5493 i'.
1429 5437 1475 5471 ⁸⁸
1511 5441 1639 5510 περὶ
1671 5426 1899 5515 καρδίαν
1928 5426 1968 5496 C
1994 5426 2056 5496 P'.
2087 5426 2098 5443 ’
2134 5442 2182 5476 ³⁵
2211 5426 2298 5496 ποί
2328 5426 2573 5510 α’γίνεται
2601 5441 2664 5499 C.
2742 5444 2841 5514 ³οῆ
2871 5444 2898 5496 6
2923 5426 3079 5497 θύειν
3106 5426 3335 5510 αἷμαΑ.
3366 5439 3398 5508 ἢ

303 5500 372 5553 τὸ
403 5501 459 5560 θ.
495 5499 639 5565 αἷμα
669 5521 780 5559 om.
827 5505 888 5565 Β,
923 5509 952 5559 6
981 5505 1131 5562 θυειν
1165 5525 1305 5565 αεμα
1341 5507 1662 5565 κινούμενος
1695 5511 1756 5564 (Σ.
1863 5513 1910 5543 ⁸⁸
1949 5513 2044 5565 καὶ
2114 5527 2223 5565 om.
2449 5512 2494 5546 ⁸⁷
2523 5513 2715 5565 πρώτη
2769 5511 2913 5565 ὁρμὴ
2964 5511 3026 5565 Β.
3132 5511 3180 5544 ⁸⁸
3225 5507 3398 5563 ἁνελθε

1949 5527 2044 5565 και
2114 5527 2223 5566 οιη.
2293 5527 2354 5564 ὕ.

301 5500 372 5578 τὸ
403 5501 459 5560 θ.
495 5499 639 5578 αἷμα
669 5521 795 5578 om,_
812 5499 952 5578 13,6
981 5499 1131 5562 θύειν
1165 5503 1310 5576 αἷμα
1341 5499 1662 5578 κινούμενος
1695 5499 1756 5564 (Σ.

298 5569 353 5604 ⁸⁸
375 5569 725 5629 καταδιάνοια
756 5574 819 5631 C.
874 5569 944 5609 7”
981 5578 1074 5630 καὶ
1099 5593 1210 5630 om.
1230 5569 1310 5631 Β.
1375 5581 1418 5611 ’⁸
1448 5569 1618 5634 κακία
1646 5569 1706 5634 C.
1775 5582 1822 5614 "
1845 5581 2017 5636 δειλία
2048 5584 2142 5636 καὶ

1481 5651 1528 5682 ’⁸
1563 5651 1658 5704 καὶ
1685 5665 1795 5707 om.
1835 5651 1874 5704 Β
1911 5651 1968 5708 Ρ.

301 5657 360 5742 τε
616 5644 759 5742 5,!"
786 5646 876 5716 qui
915 5646 1046 5720 legit
1071 5646 1378 5718 ἐπιθυμίαι.

381 5711 672 5787 ὶνεθρόησε
705 5716 770 5772 C.

2449 5459 2573 5496 νεται
2601 5441 2664 5499 C.
2742 5444 2841 5514 ³οῆ
2871 5444 2898 5496 6
2923 5435 3079 5497 θύειν
3106 5437 3242 5510 αἷμα
3269 5443 3335 5498 Α.
3366 5439 3398 5508 ἢ
3426 5435 3580 5506 οιιαρά

2449 5512 2494 5546 ⁸⁷
2523 5513 2717 5583 πρώτη
2769 5511 2916 5583 ὁρμὴ
2964 5511 3026 5565 Β.
3132 5511 3181 5583 εξ
3215 5507 3464 5583 ⁸ἁνελθιῖυν

2175 5581 2342 5650 μανία
2372 5581 2436 5634 Α.
2517 5577 2777 5636 ⁸³’τοῦ’δὲ
2801 5577 2872 5637 Β.
2902 5577 2916 5583 ⁷
2947 5584 2994 5616 ⁸⁸
3019 5583 3114 5636 τσῦ
3145 5581 3184 5636 C
3211 5580 3270 5635 Ρ.
3336 5580 3383 5612 ⁸⁸
3408 5580 3441 5650 ἡ
3467 5577 3577 5650 τῶν

2082 5652 2126 5686 ’⁷
2153 5647 2244 5705 τὸν
2271 5651 2338 5710 Α.
2367 5651 2548 5708 αὐτῶν
2591 5669 2650 5706 τε
2683 5653 2780 5708 καὶ
2847 5653 2957 5708 τῶν
3001 5652 3265 5710 ἐναντίων
3293 5653 3384 5707 ξπ.
3420 5647 3462 5706 C
3508 5647 3576 5706 Ρ.
