4006 6158
401 305 532 361 IIII

1705 288 1984 353 HELETII
2025 288 2345 346 MONACHI

3527 266 3692 330 ιιια.

402 435 569 493 atque
589 419 720 476 huic
735 419 918 475 libera
934 411 1228 473 voluntatis
1251 419 1429 487 legem
1448 415 1675 487 largitus
1689 423 1772 469 est
1789 431 1804 481 ;
1831 413 1988 482 cujus

2100 407 2186 461 καὶ
2212 407 2389 478 τούτῳ
2418 407 2582 479 νόμον
2609 405 2809 460 δέδωκε
2841 415 3190 474 αυτεξούσιον
3215 409 3281 467 ὀ,
3325 399 3450 455 καθ’
3476 401 3536 452 ὃν
3567 417 3668 453 πο-

408 511 662 583 imperio,
691 509 738 566 si
773 507 1078 580 potioribus
1109 505 1422 572 adhaeserit,
1451 506 1506 560 in
1541 519 1709 575 regno
1732 504 1980 575 justitiae,

408 601 804 674 temperantiae,
855 598 1212 665 fortitudinis,
1254 606 1310 654 et
1353 597 1674 668 prudentiae,
1708 611 1807 652 ceu
1841 595 1984 650 Deus

407 695 502 766 Qui
543 693 790 749 omnium
829 705 1011 746 rerum
1046 690 1258 745 semina
1308 689 1538 761 largitus
1587 696 1694 752 est,
1748 687 1984 742 beatitu-

408 787 537 842 dine
572 784 846 840 frueretur
874 803 886 838 :
919 793 974 839 et
1006 783 1109 839 hoc
1139 783 1376 838 maxime
1398 780 1679 853 sapientiae
1699 794 1987 848 argumen-

409 885 526 932 tum
559 882 671 941 est;
729 889 878 937 nam,
925 888 1020 942 per
1051 873 1327 937 virtutem,
1366 881 1422 928 et
1464 871 1647 926 liberte
1691 871 1986 926 voluntatis

412 964 722 1031 arbitrium,
753 971 808 1018 et
838 962 930 1017 Dei
972 963 1236 1031 sapientia
1294 961 1348 1016 in
1379 960 1535 1016 nobis
1575 959 1854 1015 elucescit.
1890 958 1988 1014 Sa-

414 1055 633 1127 pientiae
664 1063 845 1108 autem
882 1062 1120 1123 quatuor
1153 1051 1365 1122 species
1399 1059 1551 1117 sunt,
1589 1065 1728 1122 quas
1754 1050 1988 1106 virtutes

414 1147 698 1218 generales
737 1143 984 1198 nonnulli
1017 1143 1376 1212 appellarunt.
1403 1140 1539 1209 Qua:
1561 1141 1811 1212 iustitiae,
1845 1149 1980 1196 tem-

414 1237 697 1310 perantiae,
737 1234 1094 1297 fortitudinis.
1149 1248 1215 1290 ac
1272 1234 1574 1304 prudentia:
1605 1234 1826 1289 nomine
1861 1249 1990 1288 cen-

415 1327 832 1384 sentur.Harum
856 1336 1035 1383 autem
1055 1325 1342 1395 prudentia
1367 1325 1712 1395 praestantior
1739 1325 1988 1388 habetur,

416 1421 578 1491 cujus
631 1420 802 1491 gratia
837 1417 1204 1474 consideratio
1235 1416 1618 1473 aﬂectionibus
1652 1417 1988 1472 dominatur.

421 1508 700 1579 Sapientia
735 1506 918 1577 igitur,
961 1505 1270 1560 divinarum
1299 1505 1778 1575 humanarumque
1803 1520 1988 1559 rerum

418 1601 661 1672 cognitio
699 1607 801 1654 est.
849 1599 920 1654 At
957 1597 1368 1668 temperantiam
1406 1598 1604 1668 ipsam,
1647 1596 1988 1666 passionum,

417 1700 472 1747 et
495 1691 848 1760 cupiditatum
877 1688 1266 1744 continentiam
1294 1687 1520 1743 dixeris.
1551 1687 1646 1742 Vel
1683 1689 1786 1742 hoc
1813 1697 1988 1757 pacto,

2085 499 2476 570 λιτευσάμενος
2529 498 2842 569 βασιλεύσει
2882 498 3165 569 βασιλείαν
3189 493 3450 568 σώφρονά
3489 495 3672 548 τεκαὶ

2085 589 2318 656 δικαίαν,
2353 592 2448 644 καὶ
2476 590 2687 662 ἀγαθὴν
2709 590 2804 644 καὶ
2838 589 3096 661 ἀνδρείαν
3121 590 3138 622 ¹
3162 604 3178 621 ⁶
3210 589 3292 641 εί⁸
3317 585 3380 640 τὸ
3413 585 3672 656 κρεῖττον

2087 682 2277 752 ἕληται
2300 699 2313 712 ·
2361 683 2427 735 ἵν’
2455 679 2513 754 ᾖ,
2555 683 2693 752 φησὶ
2720 682 2765 748 ³,
2813 682 2875 736 τὸ
2912 681 3120 750 ἀγαθὸν
3159 680 3260 749 οὐχ
3289 671 3458 751 ἦττον
3503 675 3538 746 ἢ
3569 674 3667 728 τοῦ

2087 776 2466 846 παρασχόντος
2502 775 2640 829 Θεοῦ
2666 775 2735 830 τὰ
2779 774 3130 847 σπέρμαται,
3180 772 3375 843 σοφίας
3415 768 3671 842 μείζονος

2087 865 2376 936 γνώρισμα
2392 868 2434 898 ⁸·
2459 867 2516 920 ὲν
2539 867 2648 937 γὰρ
2676 869 2745 938 τῇ
2764 867 2957 938 ἀρετῇ,
2975 866 3071 920 καὶ
3092 865 3154 919 τὸ
3184 863 3269 933 ἐφ’
3300 864 3435 935 ἡμῖν
3455 863 3476 894 ⁸
3495 863 3666 930 ἀνεμ-

2090 959 2337 1012 πόδιστον
2361 961 2402 1026 ⁷,
2439 959 2536 1013 καὶ
2590 961 2624 1030 ή
2667 960 2833 1029 σοφία
2881 957 2977 1013 τοῦ
3020 957 3159 1012 Θεοῦ
3217 954 3587 1025 καταφανὴς⁸
3633 954 3670 1023 ἡ

2088 1050 2368 1106 ἐντεθεῖσα
2421 1053 2552 1122 ἡμῖν
2589 1053 2730 1106 ἐστι.
2775 1053 2890 1122 Τῆς
2917 1050 2974 1104 δέ
3009 1049 3206 1120 σοφίας
3229 1048 3348 1117 εἴδη
3379 1047 3629 1116 τέσσαρα
3651 1061 3670 1078 ο

2090 1138 2271 1213 ἇσπερ
2287 1141 2309 1172 ’
2325 1141 2422 1195 καὶ
2441 1141 2664 1210 γενικὰς
2685 1142 2888 1213 ἀρετάς
2906 1157 3053 1204 τινες
3071 1137 3401 1210 ὀνομάζουσι
3423 1155 3436 1169 ο
3461 1139 3670 1209 φρόνη-

2092 1249 2196 1298 σις,
2215 1231 2558 1302 δικαιοσύνη,
2591 1231 2919 1304 σωφροσύνη
2948 1231 3047 1286 καὶ
3079 1230 3306 1302 ἀνδρεία
3329 1231 3398 1283 ¹⁰.
3434 1231 3664 1301 Κυριω-

2090 1325 2228 1395 τάτη
2269 1325 2329 1379 δέ
2370 1325 2562 1380 πασῶν
2594 1326 2628 1396 η
2678 1325 2979 1395 φρόνησις’
3016 1323 3077 1388 ἐξ
3125 1317 3196 1396 ἦς
3233 1322 3345 1376 τῶν
3399 1321 3584 1376 παθῶν
3641 1323 3676 1375 ό

2091 1418 2354 1489 λογισμὸς
2384 1419 2697 1490 ἐπικρατεῖ.
2718 1419 2892 1488 Σοφία
2916 1417 3098 1471 τοίνυν
3131 1416 3250 1470 ἐστὶ
3280 1414 3482 1483 γνῶσις
3511 1413 3676 1472 θείων

2093 1510 2189 1565 καὶ
2219 1509 2579 1580 ἀνθρωπίνων
2598 1510 2965 1582 πραγμάτων.
2987 1506 3322 1579 Σωφροσύνη
3349 1507 3407 1561 δὲ
3435 1504 3676 1576 ἐπικρά-

2093 1620 2214 1656 τεια
2244 1603 2354 1656 τῶν
2383 1603 2689 1673 ἐπιθυμιῶν
2717 1603 2757 1635 ⁸⁸
2788 1620 2804 1636 ·
2849 1601 2882 1672 ἢ
2914 1601 3086 1666 οὕτως
3141 1597 3464 1670 σωφροσύνη
3523 1597 3677 1650 ἐστὶν

2097 1694 2265 1767 ἁρετὴ
2311 1694 2406 1749 τοῦ
2456 1694 2879 1764 ἐπιθυμητικοῦ,
2927 1693 3047 1748 καθ’
3082 1693 3150 1763 ἢν
3174 1691 3531 1762 κατέχουσι¹⁸
3577 1689 3676 1743 τοῦ

419 1753 798 1854 temperantia,
841 1780 1147 1851 appetibilis
1171 1779 1342 1850 partis
1365 1780 1541 1834 virtus
1576 1789 1679 1847 est,
1699 1753 1830 1848 qua,
1859 1795 1990 1834 cun-

2100 1753 2360 1857 λογισμοῦ
2423 1789 2522 1857 τὴν
2606 1753 2906 1858 ἐπίθυμίαν
2974 1753 3236 1857 ὁρμῶσαν
3308 1753 3404 1838 ἐπὶ
3463 1781 3677 1851 φαύλας

417 1874 764 1931 siderationis
794 1874 1055 1944 appetitu,
1092 1874 1293 1944 impetu
1330 1872 1567 1943 quodam
1599 1873 1668 1928 ad
1697 1882 1879 1942 turpes
1901 1887 1994 1927 vo-

416 1965 654 2035 luptates
675 1961 984 2018 tendentem
1001 1961 1366 2016 continemus.

486 2054 652 2110 Alteri
698 2054 969 2125 appetitus
1024 2053 1241 2118 animae,
1273 2055 1428 2109 alteri
1463 2069 1590 2108 vero
1622 2054 1868 2123 corporis
1893 2054 1994 2108 lia-

421 2148 637 2211 benlur,
691 2159 926 2215 quorum
1001 2143 1249 2213 utrisque
1301 2141 1663 2198 consideratio
1727 2145 1994 2198 dominari

418 2238 634 2295 videtur
691 2252 704 2289 :
765 2234 1034 2306 siquidem
1107 2233 1474 2290 consideratio
1527 2234 1819 2290 virtutibus
1897 2250 1995 2305 pro

418 2328 580 2394 duce,
629 2327 1010 2383 affectionibus
1047 2340 1145 2396 pro
1192 2325 1522 2395 imperatore
1563 2326 1823 2393 habetur;
1885 2342 1993 2381 non

418 2419 565 2490 quod
627 2419 773 2490 ipsas
839 2417 1055 2488 penitus
1098 2416 1319 2472 tollendi
1358 2416 1467 2471 vim
1512 2416 1729 2484 habeat,
1773 2417 1866 2473 sed
1927 2432 1996 2472 ne

420 2511 554 2582 ipsis
591 2510 806 2580 penitus
838 2509 1214 2580 subjiciamur,
1250 2506 1433 2574 ellicit,
1455 2510 1614 2578 quasi
1633 2508 1870 2564 diceres:
1893 2509 1994 2563 Nc-

419 2616 514 2656 mo
539 2609 641 2662 est.
669 2601 761 2670 qui
783 2601 1054 2670 appetitus
1082 2609 1302 2656 nostros
1339 2601 1659 2656 abscindere
1673 2601 1867 2666 valeat,
1902 2601 1996 2657 sed

422 2693 786 2750 consideratio
831 2693 950 2764 ipsa
998 2707 1064 2747 ne
1109 2692 1358 2748 servituti
1416 2695 1656 2762 ipsorum
1708 2692 1992 2759 dedamur,

423 2782 530 2854 25
555 2781 861 2839 facultatem
886 2783 1046 2839 nobis
1087 2784 1268 2855 largiri
1318 2793 1514 2853 potest.
1540 2783 1672 2838 Item
1699 2784 1992 2850 :Quisnam

423 2877 513 2931 ille
569 2885 654 2932 est
704 2877 799 2947 qui
845 2877 1115 2932 irascendi
1165 2877 1275 2931 vim
1333 2876 1654 2931 abscindere
1696 2876 1766 2930 ab
1810 2876 1992 2930 anima

421 2967 598 3038 possit
622 2966 646 3020 ἲ
671 2969 764 3023 sed
816 2983 884 3023 ne
914 2969 982 3022 ab
1019 2949 1141 3038 ipsa
1190 2968 1410 3024 servitio
1448 2981 1785 3038 premamur,
1812 2970 1993 3024 consi-

2098 1877 2276 1949 ὁρμάς
2307 1878 2371 1932 ¹³.

2175 2063 2296 2115 Τῶν
2325 2062 2380 2115 δὲ
2430 2059 2758 2131 ἐπιθυμιῶν,
2820 2061 2876 2114 αί
2927 2060 3026 2131 μέν
3069 2061 3178 2112 εἱσι
3231 2058 3498 2128 ψυχικαὶ,
3535 2057 3680 2112 αἰδὲ

2105 2151 2415 2221 σωματικαί
2437 2168 2450 2181 ·
2482 2151 2577 2205 καὶ
2595 2149 2924 2222 ἀμφοτέρων
2947 2150 2990 2182 ιδ
3019 2150 3341 2220 ἐπικρατεῖν
3369 2150 3396 2200 ὁ
3415 2148 3680 2217 λογισμὸς

2102 2243 2374 2313 φαίνεται.
2421 2243 2481 2298 '0
2519 2243 2629 2314 γὰρ
2658 2242 2924 2314 λογισμὸς
2965 2239 3076 2294 τῶν
3122 2239 3339 2312 ἀρετῶν
3394 2241 3496 2311 μέν
3528 2241 3682 2294 ἐστιν

2100 2335 2348 2409 ἡγεμὼν,
2372 2335 2483 2390 τῶν
2506 2335 2562 2388 δέ
2591 2313 2780 2388 παθῶν
2814 2332 3176 2404 αὐτοκράτωρ
3197 2349 3212 2366 ο
3244 2332 3348 2402 οὐχ
3369 2330 3509 2385 ῶστε
3538 2331 3685 2385 αὐτὰ

2105 2422 2410 2478 καταλῦσαι
2437 2423 2501 2490 ⁸⁵,
2555 2423 2673 2478 ἀλλ’
2727 2422 2872 2476 ὥστε
2901 2423 3094 2485 αὐτοῖς
3122 2421 3189 2453 ¹⁸⁶
3221 2421 3297 2492 μὴ
3321 2417 3486 2486 εἶξαι.
3528 2417 3678 2482 Οἷον,

2104 2515 2404 2586 ἐπιθυμίαν
2433 2531 2517 2578 τις
2545 2515 2605 2567 ού
2661 2513 2885 2568 δύναται
2935 2512 3165 2582 ἐκκόψαι
3211 2512 3407 2583 ἡμῶν·
3450 2512 3588 2567 ἀλλὰ
3616 2513 3679 2565 τδ

2108 2605 2184 2677 μὴ
2217 2605 2551 2676 δουλωθῆναι
2603 2607 2672 2676 τῇ
2727 2603 3058 2676 ἐπιθυμίφίθ
3103 2603 3332 2657 δύναται
3360 2603 3390 2656 ὁ
3419 2604 3684 2674 λογισμὸς

2108 2697 2506 2769 παρασχέσθαι.
2565 2697 2800 2768 Ὁμοίως
2826 2697 3002 2768 θυμόν
3047 2713 3134 2760 τις
3164 2697 3398 2767 ἐκκόψαι
3426 2697 3486 2750 ού
3517 2696 3678 2752 δύνα-

2104 2806 2194 2842 ται
2216 2805 2229 2820 ο
2262 2789 2399 2843 ἀλλὰ
2453 2788 2515 2842 τὸ
2579 2790 2653 2861 μὴ
2709 2789 3042 2859 δουλωθῆναι
3071 2788 3150 2859 τῷ
3183 2788 3342 2860 θυμῷ
3385 2787 3610 2842 δύναται
3633 2789 3682 2820 ίτ

2103 2877 2181 2948 τῷ
2240 2877 2488 2949 λογισμῷ
2538 2879 2820 2950 βοηθῆσαι.
2873 2881 2949 2933 Οὐ
2997 2878 3108 2951 γὰρ
3163 2879 3524 2952 ἐκριζωτὴςη
3570 2881 3684 2934 τῶν

2107 2969 2296 3024 παθῶν
2326 2973 2354 3024 ὁ
2377 2969 2638 3040 λογισμός
2667 2971 2835 3036 ἐστιν,
2867 2970 2968 3026 ἀλλ
3011 2971 3446 3042 ἀνταγωνιστής.
3485 2971 3684 3025 Παθῶν

423 3058 630 3114 deratio
658 3058 938 3129 suppetias
963 3059 1155 3114 adesse
1183 3066 1375 3128 potest.
1403 3058 1518 3113 Non
1555 3059 1719 3130 igitur
1748 3059 1991 3115 conside-

2100 3064 2156 3118 δὲ
2175 3063 2366 3134 φύσεις
2381 3063 2516 3118 εἰσὶν
2534 3065 2591 3116 αἱ
2609 3080 2676 3117 πε
2685 3062 3108 3136 ριεκτικώταται
3125 3063 3218 3118 δύο
3235 3065 3302 3130 ¹⁹,
3325 3064 3487 3135 ἡδονή
3506 3080 3564 3118 τε
3587 3065 3686 3118 καὶ

425 3150 569 3204 ratio
627 3150 742 3218 ipsa
797 3149 1112 3203 affectiones
1144 3148 1198 3202 in
1227 3149 1386 3203 nobis
1431 3149 1695 3204 radicitus
1731 3149 1996 3203 evellendi

425 3241 739 3296 facultatem
768 3241 997 3308 obtinet;
1039 3242 1132 3296 sed
1157 3256 1280 3296 cum
1319 3241 1451 3310 ipsis
1480 3258 1576 3298 ceu
1615 3243 1667 3296 in
1703 3245 2001 3298 certamine

425 3332 797 3402 congreditur.
827 3330 1072 3385 Geminus
1095 3346 1223 3386 vero
1257 3330 1604 3386 aﬂ‘ectionum
1643 3343 1870 3398 naturai,
1898 3350 1996 3389 vu-

427 3425 608 3494 luptas
631 3421 897 3488 videlicet,
920 3430 975 3476 et
996 3422 1252 3489 dolentia,
1281 3422 1516 3478 maxime
1535 3425 2000 3493 comprehensivae

428 3524 594 3578 sunt;
653 3529 778 3569 nam
833 3515 1030 3568 harum
1068 3514 1343 3584 quaelibet,
1376 3525 1489 3569 tum
1525 3514 1578 3569 in
1606 3532 1851 3586 corpore,
1885 3527 1999 3573 tum

431 3609 488 3662 in
533 3608 714 3662 anima
744 3621 866 3662 esse
898 3613 1091 3676 suapte
1120 3614 1315 3661 natura
1356 3605 1552 3662 idonea
1581 3616 1694 3662 est:
1725 3609 1846 3664 aliae
1870 3625 2002 3665 vero

431 3700 614 3769 plures
639 3699 952 3753 affectiones
978 3707 1266 3767 utramque
1286 3707 1583 3754 sectantur.
1609 3699 1894 3770 Appetitus
1911 3701 2004 3772 igi—

433 3806 524 3852 tur
572 3797 899 3865 voluptatem
936 3797 1106 3868 ipsam
1137 3812 1164 3850 a
1199 3812 1307 3866 qua
1337 3807 1585 3853 movetur
1628 3801 1826 3867 anteit;
1859 3810 1913 3855 et
1935 3804 2002 3857 ab

429 3889 552 3958 ipsa
590 3888 861 3958 voluptate
885 3889 1067 3959 gaudii
1103 3889 1188 3942 vel
1215 3889 1454 3945 tristitia:
1488 3891 1802 3946 constitutio
1827 3893 1904 3946 fit.
1943 3892 2001 3948 Si

432 3978 579 4034 enim
615 3978 908 4048 voluptatis
937 3988 1163 4034 eventus
1192 3980 1347 4048 probi
1375 3979 1596 4044 fuerint,
1631 3982 1924 4049 gaudium;
1957 3984 2003 4038 si

431 4084 561 4124 vero
584 4079 790 4140 turpes,
811 4069 1032 4124 tristitia
1051 4071 1432 4140 subsequitur:
1456 4071 1746 4142 siquidem,
1771 4084 1896 4129 ante
1910 4075 2006 4130 do-

433 4161 656 4216 lentiam
675 4161 856 4227 timor,
871 4168 995 4231 post
1019 4161 1311 4217 dolentiam
1334 4163 1550 4218 tristitia
1567 4164 1824 4234 subsequi
1845 4167 2001 4224 solet.

433 4254 516 4310 lra
538 4265 718 4310 autem
756 4256 1067 4312 communis
1105 4255 1320 4312 allectio
1346 4258 1638 4327 voluptatis
1665 4270 1720 4312 et
1751 4259 2004 4317 dolentiae

429 4355 532 4412 est.
571 4346 728 4414 Quod
763 4358 946 4404 autem
995 4340 1294 4417 voluptatis
1335 4348 1458 4405 finis
1495 4358 1812 4422 utrumque,
1871 4368 2006 4422 gau-

2101 3157 2263 3220 πόνος
2281 3173 2296 3187 ο
2327 3156 2534 3210 τούτων
2567 3157 2626 3210 δέ
2662 3156 2926 3226 ἑκάτερον
2955 3157 3002 3188 ³⁸
3024 3157 3121 3210 καὶ
3151 3157 3280 3226 περὶ
3301 3156 3363 3208 τὸ
3396 3157 3558 3228 σῶμα
3583 3157 3688 3211 καὶ

2099 3247 2230 3318 περὶ
2251 3247 2350 3316 τὴν
2371 3247 2551 3318 ψυχὴν
2585 3247 2830 3316 πέφυκεν
2849 3263 2864 3280 ·
2891 3247 3210 3302 ἀκολουθίαι
3237 3249 3296 3302 δὲ
3326 3250 3519 3304 παθῶν
3542 3251 3677 3304 πολε

2101 3339 2190 3394 λαὶ
2210 3339 2255 3370 ²¹
2280 3339 2408 3411 περὶ
2424 3340 2493 3392 τὰ
2508 3339 2816 3408 ἀμφότερα.
2840 3339 2954 3411 Πρὸ
2973 3341 3070 3411 μὲν
3085 3336 3178 3395 οὖν
3189 3341 3288 3413 τῆς
3308 3341 3506 3413 ἡδονῆς
3529 3346 3683 3397 ἐστιν

2102 3428 2369 3498 ἐπιθυμία
2398 3428 2464 3481 ἐκ
2505 3429 2604 3497 τῆς
2634 3427 2832 3499 ἡδονῆς
2856 3429 2902 3459 ’⁸
2933 3429 3259 3498 κινουμένη·
3295 3431 3435 3499 μετὰ
3475 3431 3535 3485 δέ
3582 3432 3685 3504 τὴν

2103 3519 2297 3592 ἡδονὴν
2319 3520 2464 3590 χαρὰ
2495 3518 2526 3590 ἢ
2560 3519 2706 3589 λύπη
2739 3519 3055 3574 συνίσταται
3076 3537 3090 3551 θ
3127 3521 3176 3574 εί
3211 3521 3311 3591 μὲν
3349 3521 3462 3593 γὰρ
3493 3523 3684 3592 ἀγαθὰ

2103 3611 2172 3665 τὰ
2197 3614 2295 3681 τῆς
2316 3611 2512 3682 ἡδονῆς
2539 3611 2690 3682 τέλη,
2707 3611 2852 3683 χαρά
2876 3628 2890 3642 °
2913 3611 3039 3666 εἰδὲ
3060 3611 3261 3681 φαῦλα,
3288 3611 3436 3684 λύπη
3455 3629 3470 3644 °
3496 3615 3603 3686 πρὸ
3623 3614 3683 3667 δὲ

2105 3703 2198 3757 τοῦ
2225 3704 2410 3769 πόνου,
2437 3701 2602 3770 φόϐος
2625 3718 2640 3734 ·
2663 3703 2803 3773 μετὰ
2823 3703 2880 3756 δέ
2899 3702 2992 3757 τὸν
3017 3702 3202 3769 πόνον,
3226 3702 3371 3774 λύπη
3397 3704 3591 3758 ἕπεται
3616 3717 3632 3732 ⁶
3653 3705 3685 3757 ό

2105 3793 2162 3846 δὲ
2193 3793 2366 3863 θυμὸς
2394 3791 2584 3851 κοινὸν,
2609 3791 2782 3855 πάθος
2809 3791 2961 3846 ἐστὶν
2990 3793 3188 3864 ἡδονῆς
3211 3794 3304 3847 καὶ
3334 3794 3520 3848 πόνου.
3560 3796 3686 3848 Ὀτι

2104 3886 2163 3940 δέ
2191 3887 2259 3941 τὰ
2297 3887 2424 3964 τέλη
2463 3885 2562 3956 τῆς
2607 3884 2805 3956 ἡδονῆς
2837 3885 3131 3956 ἀμφότερα
3175 3887 3402 3958 συνιστᾷ
3448 3887 3596 3958 χαρά
3625 3903 3688 3939 τε

2106 3977 2202 4032 καὶ
2231 3976 2374 4041 λύπη
2397 3977 2463 4044 ³³,
2490 3975 2598 4029 οὐδ’
2626 3977 2655 4028 ό
2688 3974 2866 4046 τυχὼν
2889 3976 3074 4044 ἀγνοεῖ
3097 3990 3110 4004 ·
3151 3973 3247 4028 καὶ
3271 3975 3382 4044 γὰρ
3412 3976 3482 4029 τὰ
3509 3975 3686 4046 βρέφη

2111 4068 2320 4139 μασθοῦ
2341 4068 2387 4100 ’δ
2445 4065 2713 4138 μητρικοῦ
2775 4065 3198 4138 ἐπιθυμήσαντα
3239 4066 3404 4138 ᾄττει
3426 4083 3488 4120 τε
3513 4067 3561 4098 ’⁵
3595 4067 3689 4120 καὶ

2111 4160 2252 4232 μετὰ
2279 4158 2639 4232 περιχαρείας
2668 4157 2979 4223 ἀσπάζεται
3016 4158 3210 4213 τοῦτον
3265 4158 3448 4213 ἰδόντα
3476 4160 3523 4190 ’⁸
3543 4176 3555 4190 ·
3593 4159 3690 4212 καὶ

2109 4253 2445 4325 στερηθέντα
2501 4251 2556 4306 δέ
2602 4267 2655 4305 τι
2703 4249 2816 4304 τῶν
2859 4250 3052 4322 ἡδονῆς
3072 4251 3116 4283 ’⁷
3173 4250 3553 4322 ἐμποιούντων
3595 4251 3689 4304 λυ-

2109 4349 2335 4404 ποῦνται
2349 4345 2416 4399 ’⁸.

429 4436 583 4495 dium
617 4440 870 4497 videlicet
922 4441 1312 4512 tristitiamque
1343 4443 1658 4508 constituat,
1715 4445 1849 4499 nulli
1877 4462 1984 4502 non
2026 4449 2374 4518 perspectum
2421 4438 2674 4492 habetur.
2709 4436 3012 4507 Siquidem,
3058 4437 3190 4493 dum
3253 4446 3499 4494 materna
3523 4439 3688 4493 ubera

430 4530 684 4587 affectant
733 4532 990 4596 infantes.
1021 4547 1084 4587 ea
1132 4533 1332 4602 adepti,
1376 4549 1502 4588 cum
1554 4535 1835 4606 voluptate
1886 4537 2022 4609 ipsis
2086 4535 2463 4608 applicantur;
2499 4531 2566 4586 ab
2607 4529 2694 4587 his
2743 4546 2871 4586 vero
2935 4546 3056 4603 qua:
3084 4531 3239 4588 lusus
3266 4532 3402 4602 ipsis
3455 4533 3692 4589 afferunt

430 4623 714 4688 abstracti,
738 4623 1017 4678 tristitiam
1039 4639 1149 4692 pm
1180 4639 1243 4680 se
1281 4624 1486 4680 ferunt.

486 4714 674 4785 Atqui,
729 4729 793 4769 ex
844 4714 1214 4784 voluptatibus
1268 4715 1422 4785 ipsis,
1472 4717 1593 4771 alia:
1625 4718 1839 4782 animae.
1884 4717 1991 4774 alia

2176 4713 2300 4768 Τῶν
2326 4713 2383 4767 δὲ
2410 4710 2635 4784 ἡδονῶν,
2662 4712 2718 4764 αἱ
2753 4709 2854 4782 μὲν
2897 4711 3004 4764 εἰσὶ
3040 4710 3294 4782 ψυχικαὶ,
3329 4712 3387 4766 αἱ
3416 4711 3475 4766 δέ
3507 4731 3691 4783 σωμα-

431 4823 561 4864 vero
602 4807 848 4876 corporis
874 4816 1032 4873 sunt;
1073 4807 1168 4862 sed
1195 4807 1410 4873 animae,
1448 4824 1569 4878 quae
1611 4807 1667 4863 in
1705 4808 1991 4878 disciplinis

2105 4802 2294 4858 τικαί·
2343 4800 2577 4871 ψυχικαὶ
2637 4799 2756 4869 μὲν,
2813 4800 2870 4852 αί
2897 4801 2941 4832 ³⁸
2973 4799 3074 4870 τῆς
3113 4799 3295 4870 ψυχῆς
3336 4800 3510 4869 αὐτῆς
3567 4802 3690 4855 καθ’

429 4897 1003 4968 speculationibusque
1077 4905 1398 4962 versantur,
1471 4913 1717 4954 seorsum
1795 4915 1892 4969 per
1946 4914 1991 4954 se

2105 4895 2311 4966 ἑαυτήν
2333 4911 2346 4925 ο
2375 4893 2452 4957 ὡς
2481 4893 2540 4947 αἱ
2558 4893 2603 4924 ³ο
2634 4892 2768 4963 περὶ
2794 4890 2865 4944 τὰ
2898 4891 3202 4962 μαθήματα
3231 4892 3327 4946 καὶ
3353 4893 3452 4964 τὴν
3483 4894 3525 4925 ³¹
3559 4894 3694 4948 θεω-

429 4989 732 5061 peculiares
769 4988 1059 5044 habentur.
1115 4989 1186 5044 At
1216 5004 1337 5060 qua:
1387 4989 1636 5060 corporis
1677 4995 1838 5059 sunt,
1885 5005 1991 5062 qua

2107 4989 2228 5060 ρίαν
2252 5004 2267 5019 ο
2305 4984 2622 5056 σωματικαὶ
2644 4983 2725 5049 δὲ,
2744 4983 2802 5038 αί
2837 4981 2978 5053 μετὰ
3003 4983 3294 5047 κοινωνίας
3313 4983 3409 5037 τοῦ
3440 4982 3692 5055 σώματος

503 5164 526 5195 ⁸
595 5161 870 5236 «eaeeae.
945 5163 1242 5236 ξάνδρίαν,
1291 5180 1419 5236 mox
1473 5165 1568 5236 καὶ
1610 5164 1735 5236 τοῦθ
1769 5166 2097 5236 κρείττονος,
2134 5164 2196 5219 Β.

2289 5168 2308 5196 ¹
2338 5165 2404 5218 ἂν
2458 5163 2499 5220 C
2555 5163 2613 5217 P.
2711 5163 2732 5194 ³
2765 5163 2832 5217 ἵν’
2924 5161 3020 5216 τοῦ
3060 5162 3318 5234 ἑλομένου
3346 5162 3386 5218 C
3421 5162 3478 5216 P.
3570 5164 3600 5234 ξ
3630 5162 3694 5234 τὰ

431 5232 788 5317 grta-393.9505
827 5222 884 5286 Β.
944 5233 965 5264 ⁵
991 5222 1176 5317 1:05-30“
1185 5222 1443 5317 τδγνῴρ..
1463 5234 1526 5291 C.
1602 5235 1740 5317 ίῳ*
1774 5222 1986 5317 ffugi.-
2037 5222 2564 5317 ’;&vsgn9§£ntn.;0.
2627 5234 2662 5317 ’⁸
2695 5222 2911 5317 καταφξἒ
2936 5222 3168 5317 ἐστινΒ
3193 5231 3254 5286 P.
3330 5234 3522 5317 ’.ᾇπερ
3565 5231 3608 5285 Β
3633 5233 3688 5288 Ρ.

434 5303 478 5336 ¹⁰
513 5302 706 5375 ἀνδρία
747 5318 826 5375 λκ.
891 5320 1074 5375 σωφρἒ
1135 5304 1195 5360 Β.

431 5371 656 5443 κατεχει
687 5374 718 5443 ό
747 5371 1029 5443 λογισμὸς
1043 5373 1106 5429 C.

431 5391 656 5443 κατιχει
687 5391 716 5426 ο
748 5391 947 5497 Ito-fta;

431 5443 477 5475 “
507 5445 576 5513 τῇ
607 5441 873 5513 ἐπιθυμίᾳ

431 5511 902 5583 περιεκτικώτερα
933 5513 994 5567 C.
1108 5514 1153 5547 ’°
1183 5515 1417 5570 ἕκαστον
1466 5515 1506 5568 Β
1545 5515 1606 5579 Ρ,
1634 5511 1883 5570 ἑκάστων
1897 5511 1965 5569 Ὀ.

431 5581 481 5678 ::
508 5582 683 5678 ne:
707 5598 768 5678 ιε
885 5582 1146 5678 3,6va
1175 5584 1304 5678 οηυο
1499 5586 1705 5678 eos?
1733 5585 1773 5640 Β
1799 5587 1844 5678 ,9
1885 5586 1940 5640 P-

439 5649 483 5744 2
510 5649 838 5771 eiEi—rasis
886 5654 928 5685 ³⁷
962 5649 1178 5708 παιδιὰν
1205 5654 1267 5724 Β,
1295 5654 1437 5720 τινος
1468 5649 1574 5710 τῶν
1598 5655 1766 5726 ἡδέων
1799 5656 1859 5710 C.

534 5748 548 5764 ι
579 5757 590 5782 ,
750 5756 762 5770 .
845 5759 858 5772 .

1308 5307 1345 5337 ¹¹
1376 5307 1485 5359 τῶν

1223 5377 1266 5409 ¹³
1296 5375 1492 5445 ἡδονὰς
1521 5373 1564 5428 Β
1599 5374 1656 5429 P.

1546 5307 1734 5359 παθῶν
1796 5305 1904 5359 καὶ
1969 5305 2116 5361 ἐπιθ.
2170 5305 2212 5360 C
2261 5305 2321 5360 1’.
2426 5306 2451 5336 “

1546 5375 1564 5427 Β
1599 5374 1656 5429 P.
1765 5376 1809 5407 “
1841 5374 2048 5428 τούτων
2077 5376 2134 5428 δὲ
2169 5376 2312 5429 ἀμφ.
2341 5375 2380 5429 C
2413 5374 2451 5429 P

974 5391 1008 5437 ις
1043 5389 1106 5429 υ.
1223 5389 1266 5409 ι’
1296 5389 1492 5445 ηοονας
1523 5389 1564 5428 15
1599 5389 1656 5429 ι’.
1765 5389 1809 5407 "
1841 5389 1991 5428 τουτο

974 5453 1153 5528 textus
1183 5515 1206 5528 _
1242 5446 1283 5478 ι’
1316 5446 1608 5528 oliva-:33an
1639 5445 1991 5528 β’βοηθῆισαι

2100 5389 2134 5427 με
2169 5389 2312 5444 αμφ.
2341 5389 2380 5429 u
2413 5389 2471 5429 ι’.
2574 5389 2616 5406 ὀ
2651 5389 2826 5427 καταλ
2902 5389 3041 5426 αυτα
3089 5389 3150 5426 υ.
3227 5389 3289 5403 ’·“
3321 5389 3534 5432 τούτοις
3560 5389 3601 5426 ι.
3636 5389 3693 5426 ι’.

2100 5461 2164 5528 r_n.
2189 5443 2455 5528 P‘testus.
2531 5443 2571 5528 2
2605 5442 2909 5528 Ξκριζωτης
2948 5441 2989 5493 Β
3200 5513 3214 5528 .
3253 5443 3296 5475 ¹⁹
3323 5444 3454 5528 παρ.
3497 5442 3555 5496 δὲ
3590 5443 3696 5528 εἰσὶ

2075 5517 2116 5546 ²¹
2153 5515 2343 5567 πολλαὶ
2374 5530 2484 5570 οιιι.
2529 5512 2570 5568 C
2609 5514 2668 5566 Ρ.

2041 5587 2087 5618 ³⁵
2121 5585 2239 5639 ἄτει
2294 5582 2352 5639 Β.
2392 5585 2644 5638 ἄττονται

1981 5655 2026 5688 ’⁸
2057 5654 2297 5724 λυπῆται
2333 5653 2392 5717 Β,
2429 5653 2678 5706 λυπεῖται
2701 5652 2742 5707 C
2769 5653 2824 5704 ί).

2426 5305 2470 5336 ¹²
2509 5304 2816 5374 κατέχουσα
2870 5302 3283 5374 Βηκατέχομεν
3355 5302 3537 5374 Psec.
3593 5318 3692 5374 m..

2573 5321 2816 5374 ιτεχουσα
2870 5321 2932 5363 ι),
2978 5321 3283 5424 κατῗέομεν
3356 5321 3392 5356 ι’
3425 5321 3537 5357 sec.
3593 5321 3692 5362 m..

2573 5376 2616 5406 ³⁵
2651 5373 2826 5427 καταλ
2902 5372 3041 5426 αὐτὰ
3136 5412 3150 5426 .
3225 5372 3290 5403 ⁸⁸⁸
3321 5372 3601 5432 τούτοιςϐ
3634 5371 3693 5426 Ρ.

2780 5511 2972 5582 ’θλὲσια
3017 5511 3164 5566 ἐπιθ.
3196 5513 3259 5563 ἐκ
3291 5529 3342 5565 τ.
3372 5513 3456 5582 ήδ.
3495 5529 3604 5566 οιιι.
3639 5514 3696 5564 Β.

2223 5603 2239 5636 ι
2294 5582 2352 5644 Β.
2392 5585 2644 5638 ἄττονται
2684 5582 2778 5635 καὶ⁵
2819 5579 2860 5634 Ρ
2896 5593 3095 5644 ιεχιυμ,
3138 5579 3403 5636 ἅπτονται
3435 5582 3552 5645 καί,
3577 5598 3694 5634 ora.

2910 5653 2954 5682 "
2984 5652 3059 5714 ὡς
3086 5653 3140 5704 αι
3177 5653 3240 5706 Α.
3333 5652 3376 5684 ³⁸
3411 5652 3536 5706 ὅσαι
3561 5652 3602 5706 C
3639 5652 3697 5705 P.
