  <div class='ocr_page' id='page_1' title='image "/cluster/home/n/w/nwhite01/storage/ocr_20150623/64/mdp.39015024651708/598.png"; bbox 0 0 4006 6158; ppageno 0'>
   <div class='ocr_carea' id='block_1_1' title="bbox 294 325 436 385">
    <p class='ocr_par' dir='ltr' id='par_1_1' title="bbox 294 325 436 385">
     <span class='ocr_line' id='line_1_1' title="bbox 294 325 436 385; baseline 0.035 -5"><span class='ocrx_word' id='word_1_1' title='bbox 294 325 436 385; x_wconf 72' lang='grc'><strong>1113</strong></span> 
     </span>
    </p>
   </div>
   <div class='ocr_carea' id='block_1_2' title="bbox 1507 331 2268 389">
    <p class='ocr_par' dir='ltr' id='par_1_2' title="bbox 1507 331 2268 389">
     <span class='ocr_line' id='line_1_2' title="bbox 1507 331 2268 389; baseline 0.003 -3"><span class='ocrx_word' id='word_1_2' title='bbox 1507 332 1595 386; x_wconf 80' lang='lat' dir='ltr'><strong>DE</strong></span> <span class='ocrx_word' id='word_1_3' title='bbox 1635 331 1924 388; x_wconf 76' lang='lat' dir='ltr'><strong>NATURA</strong></span> <span class='ocrx_word' id='word_1_4' title='bbox 1965 331 2268 389; x_wconf 75' lang='lat' dir='ltr'><strong>HOMINIS.</strong></span> 
     </span>
    </p>
   </div>
   <div class='ocr_carea' id='block_1_3' title="bbox 3434 329 3573 387">
    <p class='ocr_par' dir='ltr' id='par_1_3' title="bbox 3434 329 3573 387">
     <span class='ocr_line' id='line_1_3' title="bbox 3434 329 3573 387; baseline -0.014 0"><span class='ocrx_word' id='word_1_5' title='bbox 3434 329 3573 387; x_wconf 79' lang='grc' dir='ltr'>ιιιι</span> 
     </span>
    </p>
   </div>
   <div class='ocr_carea' id='block_1_4' title="bbox 291 441 1919 523">
    <p class='ocr_par' dir='ltr' id='par_1_4' title="bbox 291 441 1919 523">
     <span class='ocr_line' id='line_1_4' title="bbox 291 441 1919 523; baseline 0.007 -31"><span class='ocrx_word' id='word_1_6' title='bbox 291 441 516 513; x_wconf 76' lang='grc' dir='ltr'>καὶτῆς</span> <span class='ocrx_word' id='word_1_7' title='bbox 547 444 725 516; x_wconf 78' lang='grc' dir='ltr'>ψυχῆς</span> <span class='ocrx_word' id='word_1_8' title='bbox 756 445 1038 517; x_wconf 78' lang='grc' dir='ltr'><strong>γινόμεναι</strong></span> <span class='ocrx_word' id='word_1_9' title='bbox 1061 465 1072 477; x_wconf 88' lang='grc'>·</span> <span class='ocrx_word' id='word_1_10' title='bbox 1104 447 1180 510; x_wconf 80' lang='grc' dir='ltr'>ὡς</span> <span class='ocrx_word' id='word_1_11' title='bbox 1214 449 1268 500; x_wconf 82' lang='lat' dir='ltr'><strong>al</strong></span> <span class='ocrx_word' id='word_1_12' title='bbox 1291 448 1336 485; x_wconf 70' lang='grc' dir='ltr'><strong>δ’</strong></span> <span class='ocrx_word' id='word_1_13' title='bbox 1365 449 1493 518; x_wconf 76' lang='grc' dir='ltr'>περὶ</span> <span class='ocrx_word' id='word_1_14' title='bbox 1533 449 1634 512; x_wconf 81' lang='grc' dir='ltr'><strong>τὰς</strong></span> <span class='ocrx_word' id='word_1_15' title='bbox 1664 447 1876 519; x_wconf 82' lang='grc' dir='ltr'>τροφὰς</span> <span class='ocrx_word' id='word_1_16' title='bbox 1905 481 1919 523; x_wconf 51' lang='grc' dir='ltr'><em>λ</em></span> 
     </span>
    </p>
   </div>
   <div class='ocr_carea' id='block_1_5' title="bbox 1996 441 3570 523">
    <p class='ocr_par' dir='ltr' id='par_1_5' title="bbox 1996 445 3570 516">
     <span class='ocr_line' id='line_1_5' title="bbox 1996 445 3570 516; baseline 0.001 -15"><span class='ocrx_word' id='word_1_17' title='bbox 1996 463 2046 501; x_wconf 70' lang='lat' dir='ltr'><strong>:x</strong></span> <span class='ocrx_word' id='word_1_18' title='bbox 2109 447 2308 502; x_wconf 67' lang='lat' dir='ltr'><strong>animae</strong></span> <span class='ocrx_word' id='word_1_19' title='bbox 2339 456 2393 502; x_wconf 88' lang='lat' dir='ltr'><strong>et</strong></span> <span class='ocrx_word' id='word_1_20' title='bbox 2443 445 2690 516; x_wconf 85' lang='lat' dir='ltr'><strong>corporis</strong></span> <span class='ocrx_word' id='word_1_21' title='bbox 2713 446 3214 502; x_wconf 76' lang='lat' dir='ltr'><strong>communicatione</strong></span> <span class='ocrx_word' id='word_1_22' title='bbox 3260 446 3417 514; x_wconf 79' lang='lat' dir='ltr'><strong>ﬁunt,</strong></span> <span class='ocrx_word' id='word_1_23' title='bbox 3447 446 3570 513; x_wconf 86' lang='lat' dir='ltr'><strong>has,</strong></span> 
     </span>
    </p>
   </div>
   <div class='ocr_carea' id='block_1_6' title="bbox 292 537 1882 610">
    <p class='ocr_par' dir='ltr' id='par_1_6' title="bbox 292 537 1882 610">
     <span class='ocr_line' id='line_1_6' title="bbox 292 537 1882 610; baseline 0.003 -20"><span class='ocrx_word' id='word_1_24' title='bbox 292 537 387 592; x_wconf 70' lang='grc' dir='ltr'>καὶ</span> <span class='ocrx_word' id='word_1_25' title='bbox 418 537 521 600; x_wconf 82' lang='grc' dir='ltr'>τὰς</span> <span class='ocrx_word' id='word_1_26' title='bbox 547 537 837 601; x_wconf 80' lang='grc' dir='ltr'><strong>συνουσίας</strong></span> <span class='ocrx_word' id='word_1_27' title='bbox 863 555 878 569; x_wconf 77' lang='grc' dir='ltr'><strong><em>ο</em></strong></span> <span class='ocrx_word' id='word_1_28' title='bbox 917 538 1081 610; x_wconf 86' lang='grc' dir='ltr'>μόνου</span> <span class='ocrx_word' id='word_1_29' title='bbox 1113 540 1168 592; x_wconf 76' lang='grc' dir='ltr'>δὲ</span> <span class='ocrx_word' id='word_1_30' title='bbox 1220 539 1314 592; x_wconf 78' lang='grc' dir='ltr'>τσῦ</span> <span class='ocrx_word' id='word_1_31' title='bbox 1370 538 1626 610; x_wconf 63' lang='grc' dir='ltr'>σώματος</span> <span class='ocrx_word' id='word_1_32' title='bbox 1677 542 1780 594; x_wconf 81' lang='grc' dir='ltr'>οὐκ</span> <span class='ocrx_word' id='word_1_33' title='bbox 1811 541 1882 595; x_wconf 79' lang='grc' dir='ltr'>ἂν</span> 
     </span>
    </p>
   </div>
   <div class='ocr_carea' id='block_1_7' title="bbox 292 626 1882 702">
    <p class='ocr_par' dir='ltr' id='par_1_7' title="bbox 292 626 1882 702">
     <span class='ocr_line' id='line_1_7' title="bbox 292 626 1882 702; baseline 0.003 -21"><span class='ocrx_word' id='word_1_34' title='bbox 292 628 441 700; x_wconf 81' lang='grc' dir='ltr'>εὖροι</span> <span class='ocrx_word' id='word_1_35' title='bbox 467 647 551 691; x_wconf 89' lang='grc' dir='ltr'><strong>τις</strong></span> <span class='ocrx_word' id='word_1_36' title='bbox 595 629 813 697; x_wconf 82' lang='grc' dir='ltr'>ἡδονάς.</span> <span class='ocrx_word' id='word_1_37' title='bbox 849 631 972 684; x_wconf 81' lang='grc' dir='ltr'>Ἔτι</span> <span class='ocrx_word' id='word_1_38' title='bbox 1001 631 1113 685; x_wconf 85' lang='grc' dir='ltr'><strong>τῶν</strong></span> <span class='ocrx_word' id='word_1_39' title='bbox 1139 626 1367 702; x_wconf 78' lang='grc' dir='ltr'>ἡδονῶν,</span> <span class='ocrx_word' id='word_1_40' title='bbox 1399 633 1456 687; x_wconf 87' lang='grc' dir='ltr'>αἱ</span> <span class='ocrx_word' id='word_1_41' title='bbox 1487 631 1588 702; x_wconf 85' lang='grc' dir='ltr'>μὲν</span> <span class='ocrx_word' id='word_1_42' title='bbox 1613 634 1720 686; x_wconf 81' lang='grc' dir='ltr'>εἰσι</span> <span class='ocrx_word' id='word_1_43' title='bbox 1748 632 1882 702; x_wconf 82' lang='grc' dir='ltr'>ψευ-</span> 
     </span>
    </p>
   </div>
   <div class='ocr_carea' id='block_1_8' title="bbox 291 720 1878 793">
    <p class='ocr_par' dir='ltr' id='par_1_8' title="bbox 291 720 1878 793">
     <span class='ocr_line' id='line_1_8' title="bbox 291 720 1878 793; baseline 0.002 -21"><span class='ocrx_word' id='word_1_44' title='bbox 291 721 400 784; x_wconf 81' lang='grc' dir='ltr'>δεῖς</span> <span class='ocrx_word' id='word_1_45' title='bbox 422 721 486 783; x_wconf 87' lang='grc'><strong>³³,</strong></span> <span class='ocrx_word' id='word_1_46' title='bbox 529 721 586 774; x_wconf 89' lang='grc' dir='ltr'><strong>αί</strong></span> <span class='ocrx_word' id='word_1_47' title='bbox 615 720 673 773; x_wconf 69' lang='grc' dir='ltr'>δὲ</span> <span class='ocrx_word' id='word_1_48' title='bbox 709 720 956 790; x_wconf 82' lang='grc' dir='ltr'>ἀληθεῖς,</span> <span class='ocrx_word' id='word_1_49' title='bbox 985 721 1129 776; x_wconf 83' lang='grc' dir='ltr'>κατὰ</span> <span class='ocrx_word' id='word_1_50' title='bbox 1151 721 1435 776; x_wconf 81' lang='grc' dir='ltr'>Πλάτωνα.</span> <span class='ocrx_word' id='word_1_51' title='bbox 1486 723 1721 786; x_wconf 80' lang='grc' dir='ltr'>Ψευδεῖς</span> <span class='ocrx_word' id='word_1_52' title='bbox 1754 723 1878 793; x_wconf 78' lang='grc' dir='ltr'>μὲν,</span> 
     </span>
    </p>
   </div>
   <div class='ocr_carea' id='block_1_9' title="bbox 292 812 1872 884">
    <p class='ocr_par' dir='ltr' id='par_1_9' title="bbox 292 812 1872 884">
     <span class='ocr_line' id='line_1_9' title="bbox 292 812 1872 884; baseline 0.001 -19"><span class='ocrx_word' id='word_1_53' title='bbox 292 813 417 866; x_wconf 82' lang='grc' dir='ltr'>ὅσαι</span> <span class='ocrx_word' id='word_1_54' title='bbox 464 812 603 882; x_wconf 85' lang='grc' dir='ltr'><strong>μετά</strong></span> <span class='ocrx_word' id='word_1_55' title='bbox 646 812 954 882; x_wconf 73' lang='grc' dir='ltr'>αἰσθήσεως</span> <span class='ocrx_word' id='word_1_56' title='bbox 987 813 1233 880; x_wconf 88' lang='grc' dir='ltr'>γίνονται</span> <span class='ocrx_word' id='word_1_57' title='bbox 1262 814 1358 866; x_wconf 77' lang='grc' dir='ltr'>καὶ</span> <span class='ocrx_word' id='word_1_58' title='bbox 1396 812 1559 884; x_wconf 80' lang='grc' dir='ltr'><strong>δόξης</strong></span> <span class='ocrx_word' id='word_1_59' title='bbox 1612 815 1712 867; x_wconf 76' lang='grc' dir='ltr'>οὐκ</span> <span class='ocrx_word' id='word_1_60' title='bbox 1743 814 1872 882; x_wconf 84' lang='grc' dir='ltr'>ἀλη-</span> 
     </span>
    </p>
   </div>
   <div class='ocr_carea' id='block_1_10' title="bbox 294 902 1880 976">
    <p class='ocr_par' dir='ltr' id='par_1_10' title="bbox 294 902 1880 976">
     <span class='ocr_line' id='line_1_10' title="bbox 294 902 1880 976; baseline 0.001 -22"><span class='ocrx_word' id='word_1_61' title='bbox 294 902 419 966; x_wconf 78' lang='grc' dir='ltr'>θοῦς</span> <span class='ocrx_word' id='word_1_62' title='bbox 450 919 463 932; x_wconf 85' lang='grc'>⁶</span> <span class='ocrx_word' id='word_1_63' title='bbox 530 905 628 956; x_wconf 72' lang='grc' dir='ltr'>καὶ</span> <span class='ocrx_word' id='word_1_64' title='bbox 677 903 856 966; x_wconf 81' lang='grc' dir='ltr'><strong>λύπας</strong></span> <span class='ocrx_word' id='word_1_65' title='bbox 912 903 1098 973; x_wconf 76' lang='grc' dir='ltr'>ἔχουσι</span> <span class='ocrx_word' id='word_1_66' title='bbox 1151 903 1694 976; x_wconf 82' lang='grc' dir='ltr'>συμπεπλεγμένας·</span> <span class='ocrx_word' id='word_1_67' title='bbox 1743 903 1880 975; x_wconf 85' lang='grc' dir='ltr'>ἁλη-</span> 
     </span>
    </p>
   </div>
   <div class='ocr_carea' id='block_1_11' title="bbox 295 993 1881 1069">
    <p class='ocr_par' dir='ltr' id='par_1_11' title="bbox 295 993 1881 1069">
     <span class='ocr_line' id='line_1_11' title="bbox 295 993 1881 1069; baseline 0.003 -23"><span class='ocrx_word' id='word_1_68' title='bbox 295 993 407 1057; x_wconf 83' lang='grc' dir='ltr'>θεῖς</span> <span class='ocrx_word' id='word_1_69' title='bbox 434 993 502 1057; x_wconf 77' lang='grc'><strong>³⁸,</strong></span> <span class='ocrx_word' id='word_1_70' title='bbox 523 995 650 1048; x_wconf 88' lang='grc' dir='ltr'>ὅσαι</span> <span class='ocrx_word' id='word_1_71' title='bbox 686 996 787 1065; x_wconf 87' lang='grc' dir='ltr'>τῆς</span> <span class='ocrx_word' id='word_1_72' title='bbox 818 995 1000 1066; x_wconf 83' lang='grc' dir='ltr'>ψυχῆς</span> <span class='ocrx_word' id='word_1_73' title='bbox 1025 998 1134 1048; x_wconf 86' lang='grc' dir='ltr'>εἰσι</span> <span class='ocrx_word' id='word_1_74' title='bbox 1166 996 1360 1067; x_wconf 83' lang='grc' dir='ltr'>μόνης,</span> <span class='ocrx_word' id='word_1_75' title='bbox 1418 997 1536 1067; x_wconf 82' lang='grc' dir='ltr'>μετ’</span> <span class='ocrx_word' id='word_1_76' title='bbox 1565 998 1881 1069; x_wconf 79' lang='grc' dir='ltr'><strong>ἐπιστήμης</strong></span> 
     </span>
    </p>
   </div>
   <div class='ocr_carea' id='block_1_12' title="bbox 297 1086 1879 1158">
    <p class='ocr_par' dir='ltr' id='par_1_12' title="bbox 297 1086 1879 1158">
     <span class='ocr_line' id='line_1_12' title="bbox 297 1086 1879 1158; baseline 0.002 -19"><span class='ocrx_word' id='word_1_77' title='bbox 297 1088 390 1139; x_wconf 78' lang='grc' dir='ltr'>καὶ</span> <span class='ocrx_word' id='word_1_78' title='bbox 425 1086 518 1139; x_wconf 82' lang='grc' dir='ltr'>νοῦ</span> <span class='ocrx_word' id='word_1_79' title='bbox 547 1086 590 1120; x_wconf 84' lang='grc'><strong><em>³⁵</em></strong></span> <span class='ocrx_word' id='word_1_80' title='bbox 625 1087 722 1140; x_wconf 76' lang='grc' dir='ltr'>καὶ</span> <span class='ocrx_word' id='word_1_81' title='bbox 743 1089 1080 1158; x_wconf 75' lang='grc' dir='ltr'>φρονήσεως,</span> <span class='ocrx_word' id='word_1_82' title='bbox 1114 1087 1358 1158; x_wconf 76' lang='grc' dir='ltr'>καθαραὶ</span> <span class='ocrx_word' id='word_1_83' title='bbox 1387 1088 1482 1143; x_wconf 78' lang='grc' dir='ltr'>καὶ</span> <span class='ocrx_word' id='word_1_84' title='bbox 1514 1089 1879 1158; x_wconf 82' lang='grc' dir='ltr'>ἀνεπίμικτοι</span> 
     </span>
    </p>
   </div>
   <div class='ocr_carea' id='block_1_13' title="bbox 295 1177 1881 1250">
    <p class='ocr_par' dir='ltr' id='par_1_13' title="bbox 295 1177 1881 1250">
     <span class='ocr_line' id='line_1_13' title="bbox 295 1177 1881 1250; baseline 0.003 -20"><span class='ocrx_word' id='word_1_85' title='bbox 295 1177 512 1248; x_wconf 75' lang='grc' dir='ltr'>λύπηςο</span> <span class='ocrx_word' id='word_1_86' title='bbox 543 1177 653 1233; x_wconf 91' lang='grc' dir='ltr'><strong>τῶν</strong></span> <span class='ocrx_word' id='word_1_87' title='bbox 709 1179 767 1232; x_wconf 82' lang='grc' dir='ltr'>δὲ</span> <span class='ocrx_word' id='word_1_88' title='bbox 816 1179 1151 1248; x_wconf 78' lang='grc' dir='ltr'><strong>σωματικῶν</strong></span> <span class='ocrx_word' id='word_1_89' title='bbox 1201 1179 1432 1250; x_wconf 80' lang='grc' dir='ltr'>ἡδονῶν,</span> <span class='ocrx_word' id='word_1_90' title='bbox 1481 1183 1538 1234; x_wconf 80' lang='grc' dir='ltr'>αἱ</span> <span class='ocrx_word' id='word_1_91' title='bbox 1601 1181 1702 1250; x_wconf 86' lang='grc' dir='ltr'>μὲν</span> <span class='ocrx_word' id='word_1_92' title='bbox 1739 1183 1881 1235; x_wconf 76' lang='grc' dir='ltr'>εἰσιν</span> 
     </span>
    </p>
   </div>
   <div class='ocr_carea' id='block_1_14' title="bbox 290 1265 1882 1343">
    <p class='ocr_par' dir='ltr' id='par_1_14' title="bbox 290 1265 1882 1343">
     <span class='ocr_line' id='line_1_14' title="bbox 290 1265 1882 1343; baseline 0.001 -19"><span class='ocrx_word' id='word_1_93' title='bbox 290 1272 592 1340; x_wconf 80' lang='grc' dir='ltr'>ἀναγκαῖαι</span> <span class='ocrx_word' id='word_1_94' title='bbox 649 1269 767 1341; x_wconf 69' lang='grc' dir='ltr'>ἅμα</span> <span class='ocrx_word' id='word_1_95' title='bbox 799 1270 896 1324; x_wconf 78' lang='grc' dir='ltr'>καὶ</span> <span class='ocrx_word' id='word_1_96' title='bbox 932 1271 1182 1339; x_wconf 79' lang='grc' dir='ltr'>φυσικαὶ,</span> <span class='ocrx_word' id='word_1_97' title='bbox 1227 1265 1304 1325; x_wconf 83' lang='grc' dir='ltr'>ὧν</span> <span class='ocrx_word' id='word_1_98' title='bbox 1335 1273 1510 1342; x_wconf 75' lang='grc' dir='ltr'>χωρὶς</span> <span class='ocrx_word' id='word_1_99' title='bbox 1547 1272 1648 1343; x_wconf 77' lang='grc' dir='ltr'>ζῇν</span> <span class='ocrx_word' id='word_1_100' title='bbox 1681 1272 1882 1326; x_wconf 86' lang='grc' dir='ltr'>ἀδύνα-</span> 
     </span>
    </p>
   </div>
   <div class='ocr_carea' id='block_1_15' title="bbox 290 1361 1881 1434">
    <p class='ocr_par' dir='ltr' id='par_1_15' title="bbox 290 1361 1881 1434">
     <span class='ocr_line' id='line_1_15' title="bbox 290 1361 1881 1434; baseline 0.003 -20"><span class='ocrx_word' id='word_1_101' title='bbox 290 1379 381 1415; x_wconf 83' lang='grc' dir='ltr'><strong>τον</strong></span> <span class='ocrx_word' id='word_1_102' title='bbox 402 1362 478 1393; x_wconf 84' lang='grc'><strong>³⁸·</strong></span> <span class='ocrx_word' id='word_1_103' title='bbox 507 1361 585 1426; x_wconf 84' lang='grc' dir='ltr'><strong>ὡς</strong></span> <span class='ocrx_word' id='word_1_104' title='bbox 615 1362 673 1415; x_wconf 81' lang='grc' dir='ltr'>αἱ</span> <span class='ocrx_word' id='word_1_105' title='bbox 700 1363 902 1434; x_wconf 74' lang='grc' dir='ltr'>τροφαὶ</span> <span class='ocrx_word' id='word_1_106' title='bbox 933 1363 1028 1416; x_wconf 84' lang='grc' dir='ltr'>καὶ</span> <span class='ocrx_word' id='word_1_107' title='bbox 1047 1363 1117 1418; x_wconf 82' lang='grc' dir='ltr'>τὰ</span> <span class='ocrx_word' id='word_1_108' title='bbox 1141 1363 1419 1434; x_wconf 89' lang='grc' dir='ltr'>ἐνδύματα</span> <span class='ocrx_word' id='word_1_109' title='bbox 1439 1379 1453 1397; x_wconf 78' lang='grc' dir='ltr'><strong>ο</strong></span> <span class='ocrx_word' id='word_1_110' title='bbox 1485 1365 1542 1416; x_wconf 81' lang='grc' dir='ltr'>αἱ</span> <span class='ocrx_word' id='word_1_111' title='bbox 1571 1363 1627 1417; x_wconf 83' lang='grc' dir='ltr'>δὲ</span> <span class='ocrx_word' id='word_1_112' title='bbox 1652 1365 1881 1433; x_wconf 70' lang='grc' dir='ltr'>φυσικαὶ</span> 
     </span>
    </p>
   </div>
   <div class='ocr_carea' id='block_1_16' title="bbox 294 1454 1882 1526">
    <p class='ocr_par' dir='ltr' id='par_1_16' title="bbox 294 1454 1882 1526">
     <span class='ocr_line' id='line_1_16' title="bbox 294 1454 1882 1526; baseline 0.003 -19"><span class='ocrx_word' id='word_1_113' title='bbox 294 1455 419 1525; x_wconf 77' lang='grc' dir='ltr'>μὲν,</span> <span class='ocrx_word' id='word_1_114' title='bbox 446 1455 548 1508; x_wconf 74' lang='grc' dir='ltr'>οὐκ</span> <span class='ocrx_word' id='word_1_115' title='bbox 577 1455 878 1524; x_wconf 85' lang='grc' dir='ltr'>ἀναγκαῖαι</span> <span class='ocrx_word' id='word_1_116' title='bbox 901 1454 982 1516; x_wconf 73' lang='grc' dir='ltr'>δὲ,</span> <span class='ocrx_word' id='word_1_117' title='bbox 1000 1455 1078 1518; x_wconf 87' lang='grc' dir='ltr'><strong>ὡς</strong></span> <span class='ocrx_word' id='word_1_118' title='bbox 1105 1457 1163 1508; x_wconf 80' lang='grc' dir='ltr'>αἱ</span> <span class='ocrx_word' id='word_1_119' title='bbox 1188 1457 1231 1489; x_wconf 87' lang='grc'><strong>³⁷</strong></span> <span class='ocrx_word' id='word_1_120' title='bbox 1254 1457 1398 1511; x_wconf 84' lang='grc' dir='ltr'><strong>κατά</strong></span> <span class='ocrx_word' id='word_1_121' title='bbox 1429 1456 1593 1526; x_wconf 79' lang='grc' dir='ltr'>φύσιν</span> <span class='ocrx_word' id='word_1_122' title='bbox 1623 1456 1882 1511; x_wconf 77' lang='grc' dir='ltr'>καὶκατὰ</span> 
     </span>
    </p>
   </div>
   <div class='ocr_carea' id='block_1_17' title="bbox 290 1545 1876 1618">
    <p class='ocr_par' dir='ltr' id='par_1_17' title="bbox 290 1545 1876 1618">
     <span class='ocr_line' id='line_1_17' title="bbox 290 1545 1876 1618; baseline 0.001 -19"><span class='ocrx_word' id='word_1_123' title='bbox 290 1548 456 1614; x_wconf 71' lang='grc' dir='ltr'>νόμον</span> <span class='ocrx_word' id='word_1_124' title='bbox 495 1545 707 1616; x_wconf 79' lang='grc' dir='ltr'>μίξεις·</span> <span class='ocrx_word' id='word_1_125' title='bbox 749 1545 980 1600; x_wconf 82' lang='grc' dir='ltr'>δυνατὸν</span> <span class='ocrx_word' id='word_1_126' title='bbox 1027 1545 1138 1616; x_wconf 82' lang='grc' dir='ltr'><strong>γὰρ</strong></span> <span class='ocrx_word' id='word_1_127' title='bbox 1177 1547 1274 1600; x_wconf 68' lang='grc' dir='ltr'>καὶ</span> <span class='ocrx_word' id='word_1_128' title='bbox 1317 1549 1489 1616; x_wconf 81' lang='grc' dir='ltr'>χωρὶς</span> <span class='ocrx_word' id='word_1_129' title='bbox 1521 1547 1702 1600; x_wconf 78' lang='grc' dir='ltr'>αὐτῶν</span> <span class='ocrx_word' id='word_1_130' title='bbox 1743 1547 1876 1618; x_wconf 80' lang='grc' dir='ltr'>ζῇν·</span> 
     </span>
    </p>
   </div>
   <div class='ocr_carea' id='block_1_18' title="bbox 291 1637 1883 1710">
    <p class='ocr_par' dir='ltr' id='par_1_18' title="bbox 291 1637 1883 1710">
     <span class='ocr_line' id='line_1_18' title="bbox 291 1637 1883 1710; baseline 0.001 -19"><span class='ocrx_word' id='word_1_131' title='bbox 291 1640 346 1691; x_wconf 88' lang='grc' dir='ltr'>αἱ</span> <span class='ocrx_word' id='word_1_132' title='bbox 375 1639 432 1692; x_wconf 81' lang='grc' dir='ltr'><strong>δέ</strong></span> <span class='ocrx_word' id='word_1_133' title='bbox 464 1638 592 1692; x_wconf 77' lang='grc' dir='ltr'>οὔτε</span> <span class='ocrx_word' id='word_1_134' title='bbox 617 1639 868 1708; x_wconf 77' lang='grc' dir='ltr'>φυσικαὶ,</span> <span class='ocrx_word' id='word_1_135' title='bbox 903 1637 1029 1691; x_wconf 77' lang='grc' dir='ltr'>οὔτε</span> <span class='ocrx_word' id='word_1_136' title='bbox 1055 1640 1374 1707; x_wconf 77' lang='grc' dir='ltr'>ἀναγκαῖαι.</span> <span class='ocrx_word' id='word_1_137' title='bbox 1399 1638 1535 1692; x_wconf 85' lang='grc' dir='ltr'><strong>ἀλλά</strong></span> <span class='ocrx_word' id='word_1_138' title='bbox 1565 1641 1662 1692; x_wconf 80' lang='grc' dir='ltr'>καὶ</span> <span class='ocrx_word' id='word_1_139' title='bbox 1692 1655 1883 1710; x_wconf 84' lang='grc' dir='ltr'>περιτ-</span> 
     </span>
    </p>
   </div>
   <div class='ocr_carea' id='block_1_19' title="bbox 290 1727 1876 1803">
    <p class='ocr_par' dir='ltr' id='par_1_19' title="bbox 290 1727 1876 1803">
     <span class='ocr_line' id='line_1_19' title="bbox 290 1727 1876 1803; baseline 0.002 -23"><span class='ocrx_word' id='word_1_140' title='bbox 290 1728 414 1781; x_wconf 87' lang='grc' dir='ltr'>ταί·</span> <span class='ocrx_word' id='word_1_141' title='bbox 447 1728 525 1792; x_wconf 83' lang='grc' dir='ltr'><strong>ῶς</strong></span> <span class='ocrx_word' id='word_1_142' title='bbox 557 1731 590 1798; x_wconf 83' lang='grc' dir='ltr'>ἡ</span> <span class='ocrx_word' id='word_1_143' title='bbox 630 1727 792 1798; x_wconf 78' lang='grc' dir='ltr'>μέθη,</span> <span class='ocrx_word' id='word_1_144' title='bbox 821 1728 918 1782; x_wconf 71' lang='grc' dir='ltr'>καὶ</span> <span class='ocrx_word' id='word_1_145' title='bbox 956 1729 988 1798; x_wconf 86' lang='grc' dir='ltr'><strong>ή</strong></span> <span class='ocrx_word' id='word_1_146' title='bbox 1017 1729 1266 1796; x_wconf 87' lang='grc' dir='ltr'>λαγνεία,</span> <span class='ocrx_word' id='word_1_147' title='bbox 1294 1729 1390 1783; x_wconf 75' lang='grc' dir='ltr'>καὶ</span> <span class='ocrx_word' id='word_1_148' title='bbox 1424 1732 1457 1801; x_wconf 86' lang='grc' dir='ltr'>ἡ</span> <span class='ocrx_word' id='word_1_149' title='bbox 1497 1731 1876 1803; x_wconf 67' lang='grc' dir='ltr'><strong>φιλαργυρίαν</strong></span> 
     </span>
    </p>
   </div>
   <div class='ocr_carea' id='block_1_20' title="bbox 1988 539 3573 609">
    <p class='ocr_par' dir='ltr' id='par_1_20' title="bbox 1988 539 3573 609">
     <span class='ocr_line' id='line_1_20' title="bbox 1988 539 3573 609; baseline -0.001 -15"><span class='ocrx_word' id='word_1_150' title='bbox 1988 554 2110 609; x_wconf 67' lang='lat' dir='ltr'><strong>qua:</strong></span> <span class='ocrx_word' id='word_1_151' title='bbox 2174 539 2319 595; x_wconf 88' lang='lat' dir='ltr'><strong>circa</strong></span> <span class='ocrx_word' id='word_1_152' title='bbox 2372 539 2630 594; x_wconf 80' lang='lat' dir='ltr'><strong>alimenta</strong></span> <span class='ocrx_word' id='word_1_153' title='bbox 2669 555 2733 594; x_wconf 89' lang='lat' dir='ltr'><strong>ac</strong></span> <span class='ocrx_word' id='word_1_154' title='bbox 2766 553 2992 593; x_wconf 87' lang='lat' dir='ltr'><strong>venerea</strong></span> <span class='ocrx_word' id='word_1_155' title='bbox 3053 544 3181 592; x_wconf 88' lang='lat' dir='ltr'><strong>sunt</strong></span> <span class='ocrx_word' id='word_1_156' title='bbox 3235 553 3356 593; x_wconf 89' lang='lat' dir='ltr'><strong>csse</strong></span> <span class='ocrx_word' id='word_1_157' title='bbox 3420 539 3573 593; x_wconf 79' lang='lat' dir='ltr'><strong>dixe-</strong></span> 
     </span>
    </p>
   </div>
   <div class='ocr_carea' id='block_1_21' title="bbox 1990 630 3571 700">
    <p class='ocr_par' dir='ltr' id='par_1_21' title="bbox 1990 630 3571 700">
     <span class='ocr_line' id='line_1_21' title="bbox 1990 630 3571 700; baseline -0.001 -15"><span class='ocrx_word' id='word_1_158' title='bbox 1990 633 2067 687; x_wconf 85' lang='lat' dir='ltr'><strong>ris</strong></span> <span class='ocrx_word' id='word_1_159' title='bbox 2111 650 2125 687; x_wconf 90' lang='lat'>:</span> <span class='ocrx_word' id='word_1_160' title='bbox 2167 632 2348 686; x_wconf 89' lang='lat' dir='ltr'><strong>nullas</strong></span> <span class='ocrx_word' id='word_1_161' title='bbox 2414 632 2559 686; x_wconf 89' lang='lat' dir='ltr'><strong>enim</strong></span> <span class='ocrx_word' id='word_1_162' title='bbox 2624 630 2872 700; x_wconf 84' lang='lat' dir='ltr'><strong>corporis</strong></span> <span class='ocrx_word' id='word_1_163' title='bbox 2927 631 3233 699; x_wconf 74' lang='lat' dir='ltr'><strong>voluptates</strong></span> <span class='ocrx_word' id='word_1_164' title='bbox 3321 645 3571 684; x_wconf 84' lang='lat' dir='ltr'><strong>seorsum</strong></span> 
     </span>
    </p>
   </div>
   <div class='ocr_carea' id='block_1_22' title="bbox 1987 721 3569 793">
    <p class='ocr_par' dir='ltr' id='par_1_22' title="bbox 1987 721 3569 793">
     <span class='ocr_line' id='line_1_22' title="bbox 1987 721 3569 793; baseline -0.003 -17"><span class='ocrx_word' id='word_1_165' title='bbox 1987 722 2170 778; x_wconf 82' lang='lat' dir='ltr'><strong>dicere</strong></span> <span class='ocrx_word' id='word_1_166' title='bbox 2233 739 2422 793; x_wconf 83' lang='lat' dir='ltr'><strong>queas.</strong></span> <span class='ocrx_word' id='word_1_167' title='bbox 2489 723 2551 778; x_wconf 86' lang='lat' dir='ltr'><strong>Et</strong></span> <span class='ocrx_word' id='word_1_168' title='bbox 2607 722 2864 792; x_wconf 90' lang='lat' dir='ltr'><strong>quidem,</strong></span> <span class='ocrx_word' id='word_1_169' title='bbox 2927 729 2987 776; x_wconf 92' lang='lat' dir='ltr'><strong>ut</strong></span> <span class='ocrx_word' id='word_1_170' title='bbox 3037 721 3194 777; x_wconf 87' lang='lat' dir='ltr'><strong>Plato</strong></span> <span class='ocrx_word' id='word_1_171' title='bbox 3269 729 3569 783; x_wconf 80' lang='lat' dir='ltr'><strong>asseverat,</strong></span> 
     </span>
    </p>
   </div>
   <div class='ocr_carea' id='block_1_23' title="bbox 1988 809 3574 883">
    <p class='ocr_par' dir='ltr' id='par_1_23' title="bbox 1988 809 3574 883">
     <span class='ocr_line' id='line_1_23' title="bbox 1988 809 3574 883; baseline -0.001 -17"><span class='ocrx_word' id='word_1_172' title='bbox 1988 813 2109 867; x_wconf 74' lang='lat' dir='ltr'><strong>alia:</strong></span> <span class='ocrx_word' id='word_1_173' title='bbox 2152 813 2490 883; x_wconf 85' lang='lat' dir='ltr'><strong>voluptatum</strong></span> <span class='ocrx_word' id='word_1_174' title='bbox 2544 828 2704 879; x_wconf 62' lang='lat' dir='ltr'><strong>verte,</strong></span> <span class='ocrx_word' id='word_1_175' title='bbox 2752 813 2871 867; x_wconf 72' lang='lat' dir='ltr'><strong>alia:</strong></span> <span class='ocrx_word' id='word_1_176' title='bbox 2925 812 3076 868; x_wconf 59' lang='lat' dir='ltr'><strong>falsa:</strong></span> <span class='ocrx_word' id='word_1_177' title='bbox 3111 812 3398 866; x_wconf 85' lang='lat' dir='ltr'><strong>habentur.</strong></span> <span class='ocrx_word' id='word_1_178' title='bbox 3440 809 3574 877; x_wconf 74' lang='lat' dir='ltr'><strong>Quze</strong></span> 
     </span>
    </p>
   </div>
   <div class='ocr_carea' id='block_1_24' title="bbox 1987 903 3574 984">
    <p class='ocr_par' dir='ltr' id='par_1_24' title="bbox 1987 903 3574 984">
     <span class='ocr_line' id='line_1_24' title="bbox 1987 903 3574 984; baseline -0.005 -23"><span class='ocrx_word' id='word_1_179' title='bbox 1987 907 2133 961; x_wconf 88' lang='lat' dir='ltr'><strong>enim</strong></span> <span class='ocrx_word' id='word_1_180' title='bbox 2179 921 2304 962; x_wconf 86' lang='lat' dir='ltr'><strong>cum</strong></span> <span class='ocrx_word' id='word_1_181' title='bbox 2363 921 2550 971; x_wconf 87' lang='lat' dir='ltr'><strong>sensu,</strong></span> <span class='ocrx_word' id='word_1_182' title='bbox 2595 921 2694 960; x_wconf 87' lang='lat' dir='ltr'><strong>nec</strong></span> <span class='ocrx_word' id='word_1_183' title='bbox 2744 921 2850 984; x_wconf 84' lang='lat' dir='ltr'><strong>non</strong></span> <span class='ocrx_word' id='word_1_184' title='bbox 2908 905 3084 958; x_wconf 78' lang='lat' dir='ltr'><strong>fallaci</strong></span> <span class='ocrx_word' id='word_1_185' title='bbox 3135 903 3394 973; x_wconf 83' lang='lat' dir='ltr'><strong>Opinione</strong></span> <span class='ocrx_word' id='word_1_186' title='bbox 3448 916 3574 971; x_wconf 85' lang='lat' dir='ltr'><strong>pro-</strong></span> 
     </span>
    </p>
   </div>
   <div class='ocr_carea' id='block_1_25' title="bbox 1986 995 3574 1068">
    <p class='ocr_par' dir='ltr' id='par_1_25' title="bbox 1986 995 3574 1068">
     <span class='ocr_line' id='line_1_25' title="bbox 1986 995 3574 1068; baseline -0.005 -14"><span class='ocrx_word' id='word_1_187' title='bbox 1986 1000 2233 1060; x_wconf 87' lang='lat' dir='ltr'><strong>veniunt,</strong></span> <span class='ocrx_word' id='word_1_188' title='bbox 2263 999 2605 1068; x_wconf 72' lang='lat' dir='ltr'><strong>tristitizeque</strong></span> <span class='ocrx_word' id='word_1_189' title='bbox 2660 998 2996 1068; x_wconf 62' lang='lat' dir='ltr'><strong>complicataa</strong></span> <span class='ocrx_word' id='word_1_190' title='bbox 3051 1006 3200 1060; x_wconf 89' lang='lat' dir='ltr'><strong>sunt,</strong></span> <span class='ocrx_word' id='word_1_191' title='bbox 3234 995 3383 1050; x_wconf 70' lang='lat' dir='ltr'><strong>falsae</strong></span> <span class='ocrx_word' id='word_1_192' title='bbox 3433 1011 3574 1047; x_wconf 81' lang='lat' dir='ltr'><strong>nuu—</strong></span> 
     </span>
    </p>
   </div>
   <div class='ocr_carea' id='block_1_26' title="bbox 1987 1087 3573 1159">
    <p class='ocr_par' dir='ltr' id='par_1_26' title="bbox 1987 1087 3573 1159">
     <span class='ocr_line' id='line_1_26' title="bbox 1987 1087 3573 1159; baseline -0.005 -13"><span class='ocrx_word' id='word_1_193' title='bbox 1987 1089 2436 1158; x_wconf 80' lang='lat' dir='ltr'><strong>cupantur.Ver:e</strong></span> <span class='ocrx_word' id='word_1_194' title='bbox 2455 1099 2657 1157; x_wconf 70' lang='lat' dir='ltr'><strong>autem,</strong></span> <span class='ocrx_word' id='word_1_195' title='bbox 2678 1105 2796 1159; x_wconf 74' lang='lat' dir='ltr'><strong>qua:</strong></span> <span class='ocrx_word' id='word_1_196' title='bbox 2822 1091 3018 1143; x_wconf 69' lang='lat' dir='ltr'><strong>anima:</strong></span> <span class='ocrx_word' id='word_1_197' title='bbox 3043 1096 3250 1142; x_wconf 90' lang='lat' dir='ltr'><strong>tantum</strong></span> <span class='ocrx_word' id='word_1_198' title='bbox 3273 1087 3420 1146; x_wconf 89' lang='lat' dir='ltr'><strong>sunt,</strong></span> <span class='ocrx_word' id='word_1_199' title='bbox 3450 1099 3573 1154; x_wconf 69' lang='lat' dir='ltr'><strong>qua:</strong></span> 
     </span>
    </p>
   </div>
   <div class='ocr_carea' id='block_1_27' title="bbox 1989 1176 3570 1254">
    <p class='ocr_par' dir='ltr' id='par_1_27' title="bbox 1989 1176 3570 1254">
     <span class='ocr_line' id='line_1_27' title="bbox 1989 1176 3570 1254; baseline -0.003 -19"><span class='ocrx_word' id='word_1_200' title='bbox 1989 1201 2139 1254; x_wconf 69' lang='lat' dir='ltr'><strong>puras</strong></span> <span class='ocrx_word' id='word_1_201' title='bbox 2185 1185 2475 1254; x_wconf 86' lang='lat' dir='ltr'><strong>omnisque</strong></span> <span class='ocrx_word' id='word_1_202' title='bbox 2504 1183 2740 1237; x_wconf 72' lang='lat' dir='ltr'><strong>tristitia:</strong></span> <span class='ocrx_word' id='word_1_203' title='bbox 2774 1189 3023 1250; x_wconf 76' lang='lat' dir='ltr'><strong>expertes</strong></span> <span class='ocrx_word' id='word_1_204' title='bbox 3060 1188 3216 1246; x_wconf 91' lang='lat' dir='ltr'><strong>sunt;</strong></span> <span class='ocrx_word' id='word_1_205' title='bbox 3273 1178 3326 1230; x_wconf 92' lang='lat' dir='ltr'><strong>in</strong></span> <span class='ocrx_word' id='word_1_206' title='bbox 3388 1176 3570 1232; x_wconf 83' lang='lat' dir='ltr'><strong>scien-</strong></span> 
     </span>
    </p>
   </div>
   <div class='ocr_carea' id='block_1_28' title="bbox 1987 1265 3570 1343">
    <p class='ocr_par' dir='ltr' id='par_1_28' title="bbox 1987 1265 3570 1343">
     <span class='ocr_line' id='line_1_28' title="bbox 1987 1265 3570 1343; baseline -0.005 -15"><span class='ocrx_word' id='word_1_207' title='bbox 1987 1276 2062 1329; x_wconf 88' lang='lat' dir='ltr'><strong>tia</strong></span> <span class='ocrx_word' id='word_1_208' title='bbox 2093 1284 2401 1343; x_wconf 89' lang='lat' dir='ltr'><strong>menteque,</strong></span> <span class='ocrx_word' id='word_1_209' title='bbox 2458 1289 2523 1328; x_wconf 92' lang='lat' dir='ltr'><strong>ac</strong></span> <span class='ocrx_word' id='word_1_210' title='bbox 2579 1270 2871 1340; x_wconf 85' lang='lat' dir='ltr'><strong>prudentia</strong></span> <span class='ocrx_word' id='word_1_211' title='bbox 2901 1278 3215 1325; x_wconf 74' lang='lat' dir='ltr'><strong>versantur.</strong></span> <span class='ocrx_word' id='word_1_212' title='bbox 3255 1265 3570 1336; x_wconf 81' lang='lat' dir='ltr'><strong>Voluptates</strong></span> 
     </span>
    </p>
   </div>
   <div class='ocr_carea' id='block_1_29' title="bbox 1988 1359 3570 1436">
    <p class='ocr_par' dir='ltr' id='par_1_29' title="bbox 1988 1359 3570 1436">
     <span class='ocr_line' id='line_1_29' title="bbox 1988 1359 3570 1436; baseline -0.006 -16"><span class='ocrx_word' id='word_1_213' title='bbox 1988 1381 2139 1434; x_wconf 87' lang='lat' dir='ltr'><strong>vero,</strong></span> <span class='ocrx_word' id='word_1_214' title='bbox 2164 1365 2412 1436; x_wconf 70' lang='lat' dir='ltr'><strong>quazdam</strong></span> <span class='ocrx_word' id='word_1_215' title='bbox 2462 1365 2732 1436; x_wconf 88' lang='lat' dir='ltr'><strong>corporis,</strong></span> <span class='ocrx_word' id='word_1_216' title='bbox 2769 1362 3094 1419; x_wconf 78' lang='lat' dir='ltr'><strong>necessariae</strong></span> <span class='ocrx_word' id='word_1_217' title='bbox 3125 1359 3290 1416; x_wconf 90' lang='lat' dir='ltr'><strong>simul</strong></span> <span class='ocrx_word' id='word_1_218' title='bbox 3323 1368 3378 1415; x_wconf 91' lang='lat' dir='ltr'><strong>et</strong></span> <span class='ocrx_word' id='word_1_219' title='bbox 3407 1368 3570 1413; x_wconf 89' lang='lat' dir='ltr'><strong>natu-</strong></span> 
     </span>
    </p>
   </div>
   <div class='ocr_carea' id='block_1_30' title="bbox 1989 1455 3572 1530">
    <p class='ocr_par' dir='ltr' id='par_1_30' title="bbox 1989 1455 3572 1530">
     <span class='ocr_line' id='line_1_30' title="bbox 1989 1455 3572 1530; baseline -0.007 -15"><span class='ocrx_word' id='word_1_220' title='bbox 1989 1460 2130 1515; x_wconf 86' lang='lat' dir='ltr'><strong>rales</strong></span> <span class='ocrx_word' id='word_1_221' title='bbox 2158 1468 2320 1522; x_wconf 89' lang='lat' dir='ltr'><strong>sunt,</strong></span> <span class='ocrx_word' id='word_1_222' title='bbox 2353 1466 2408 1514; x_wconf 89' lang='lat' dir='ltr'><strong>ut</strong></span> <span class='ocrx_word' id='word_1_223' title='bbox 2442 1472 2564 1530; x_wconf 70' lang='lat' dir='ltr'><strong>quae</strong></span> <span class='ocrx_word' id='word_1_224' title='bbox 2591 1456 2658 1513; x_wconf 87' lang='lat' dir='ltr'><strong>ad</strong></span> <span class='ocrx_word' id='word_1_225' title='bbox 2712 1456 2917 1511; x_wconf 91' lang='lat' dir='ltr'><strong>victum</strong></span> <span class='ocrx_word' id='word_1_226' title='bbox 2971 1455 3396 1522; x_wconf 89' lang='lat' dir='ltr'><strong>indumentaque</strong></span> <span class='ocrx_word' id='word_1_227' title='bbox 3447 1466 3572 1522; x_wconf 84' lang='lat' dir='ltr'><strong>per-</strong></span> 
     </span>
    </p>
   </div>
   <div class='ocr_carea' id='block_1_31' title="bbox 1991 1544 3569 1621">
    <p class='ocr_par' dir='ltr' id='par_1_31' title="bbox 1991 1544 3569 1621">
     <span class='ocr_line' id='line_1_31' title="bbox 1991 1544 3569 1621; baseline -0.008 -15"><span class='ocrx_word' id='word_1_228' title='bbox 1991 1552 2195 1618; x_wconf 89' lang='lat' dir='ltr'><strong>tinent;</strong></span> <span class='ocrx_word' id='word_1_229' title='bbox 2225 1549 2344 1606; x_wconf 89' lang='lat' dir='ltr'><strong>sine</strong></span> <span class='ocrx_word' id='word_1_230' title='bbox 2375 1549 2577 1621; x_wconf 89' lang='lat' dir='ltr'><strong>quibus</strong></span> <span class='ocrx_word' id='word_1_231' title='bbox 2608 1547 2963 1618; x_wconf 88' lang='lat' dir='ltr'><strong>superessein</strong></span> <span class='ocrx_word' id='word_1_232' title='bbox 2987 1546 3096 1600; x_wconf 83' lang='lat' dir='ltr'><strong>vita</strong></span> <span class='ocrx_word' id='word_1_233' title='bbox 3143 1544 3569 1612; x_wconf 85' lang='lat' dir='ltr'><strong>haudquaquam</strong></span> 
     </span>
    </p>
   </div>
   <div class='ocr_carea' id='block_1_32' title="bbox 1988 1640 3574 1708">
    <p class='ocr_par' dir='ltr' id='par_1_32' title="bbox 1988 1640 3574 1708">
     <span class='ocr_line' id='line_1_32' title="bbox 1988 1640 3574 1708; baseline -0.008 -12"><span class='ocrx_word' id='word_1_234' title='bbox 1988 1642 2172 1697; x_wconf 90' lang='lat' dir='ltr'><strong>datur.</strong></span> <span class='ocrx_word' id='word_1_235' title='bbox 2193 1640 2454 1708; x_wconf 60' lang='lat' dir='ltr'><strong>Quaedam</strong></span> <span class='ocrx_word' id='word_1_236' title='bbox 2476 1656 2604 1696; x_wconf 90' lang='lat' dir='ltr'><strong>vero</strong></span> <span class='ocrx_word' id='word_1_237' title='bbox 2631 1640 2946 1707; x_wconf 87' lang='lat' dir='ltr'><strong>naturales;</strong></span> <span class='ocrx_word' id='word_1_238' title='bbox 2971 1655 3079 1693; x_wconf 89' lang='lat' dir='ltr'><strong>non</strong></span> <span class='ocrx_word' id='word_1_239' title='bbox 3102 1645 3286 1692; x_wconf 86' lang='lat' dir='ltr'><strong>autem</strong></span> <span class='ocrx_word' id='word_1_240' title='bbox 3318 1648 3574 1689; x_wconf 81' lang='lat' dir='ltr'><strong>necessa-</strong></span> 
     </span>
    </p>
   </div>
   <div class='ocr_carea' id='block_1_33' title="bbox 1991 1723 3572 1803">
    <p class='ocr_par' dir='ltr' id='par_1_33' title="bbox 1991 1723 3572 1803">
     <span class='ocr_line' id='line_1_33' title="bbox 1991 1723 3572 1803; baseline -0.008 -15"><span class='ocrx_word' id='word_1_241' title='bbox 1991 1735 2117 1800; x_wconf 71' lang='lat' dir='ltr'><strong>rias,</strong></span> <span class='ocrx_word' id='word_1_242' title='bbox 2147 1742 2207 1788; x_wconf 95' lang='lat' dir='ltr'><strong>ut</strong></span> <span class='ocrx_word' id='word_1_243' title='bbox 2227 1733 2427 1796; x_wconf 90' lang='lat' dir='ltr'><strong>coitus,</strong></span> <span class='ocrx_word' id='word_1_244' title='bbox 2462 1734 2555 1803; x_wconf 92' lang='lat' dir='ltr'><strong>qui</strong></span> <span class='ocrx_word' id='word_1_245' title='bbox 2602 1732 2826 1802; x_wconf 74' lang='lat' dir='ltr'><strong>legitimi</strong></span> <span class='ocrx_word' id='word_1_246' title='bbox 2858 1740 3175 1800; x_wconf 70' lang='lat' dir='ltr'><strong>natumque</strong></span> <span class='ocrx_word' id='word_1_247' title='bbox 3228 1727 3337 1797; x_wconf 75' lang='lat'><strong>26</strong></span> <span class='ocrx_word' id='word_1_248' title='bbox 3381 1723 3572 1779; x_wconf 89' lang='lat' dir='ltr'><strong>ordine</strong></span> 
     </span>
    </p>
   </div>
   <div class='ocr_carea' id='block_1_34' title="bbox 290 1811 1919 1896">
    <p class='ocr_par' dir='ltr' id='par_1_34' title="bbox 290 1811 1919 1895">
     <span class='ocr_line' id='line_1_34' title="bbox 290 1811 1919 1895; baseline 0.002 -21"><span class='ocrx_word' id='word_1_249' title='bbox 290 1811 580 1892; x_wconf 75' lang='grc' dir='ltr'><strong>αὗταιγὰρ</strong></span> <span class='ocrx_word' id='word_1_250' title='bbox 621 1820 718 1874; x_wconf 75' lang='grc' dir='ltr'>καὶ</span> <span class='ocrx_word' id='word_1_251' title='bbox 766 1820 1239 1892; x_wconf 78' lang='grc' dir='ltr'>προσΰλάπτουσι,</span> <span class='ocrx_word' id='word_1_252' title='bbox 1271 1823 1366 1875; x_wconf 77' lang='grc' dir='ltr'>καὶ</span> <span class='ocrx_word' id='word_1_253' title='bbox 1405 1822 1496 1877; x_wconf 83' lang='grc' dir='ltr'><strong>διὰ</strong></span> <span class='ocrx_word' id='word_1_254' title='bbox 1525 1823 1688 1878; x_wconf 80' lang='grc' dir='ltr'>τοῦτο</span> <span class='ocrx_word' id='word_1_255' title='bbox 1718 1827 1812 1878; x_wconf 70' lang='grc' dir='ltr'>καὶ</span> <span class='ocrx_word' id='word_1_256' title='bbox 1835 1826 1878 1857; x_wconf 79' lang='grc'><strong>⁸⁸</strong></span> <span class='ocrx_word' id='word_1_257' title='bbox 1915 1845 1919 1895; x_wconf 56' lang='lat'>1</span> 
     </span>
    </p>
   </div>
   <div class='ocr_carea' id='block_1_35' title="bbox 1996 1811 3567 1896">
    <p class='ocr_par' dir='ltr' id='par_1_35' title="bbox 1996 1819 3567 1892">
     <span class='ocr_line' id='line_1_35' title="bbox 1996 1819 3567 1892; baseline -0.006 -14"><span class='ocrx_word' id='word_1_258' title='bbox 1996 1825 2282 1881; x_wconf 82' lang='lat' dir='ltr'><strong>habentur.</strong></span> <span class='ocrx_word' id='word_1_259' title='bbox 2312 1823 2446 1880; x_wconf 88' lang='lat' dir='ltr'><strong>Nam</strong></span> <span class='ocrx_word' id='word_1_260' title='bbox 2470 1833 2525 1880; x_wconf 89' lang='lat' dir='ltr'><strong>et</strong></span> <span class='ocrx_word' id='word_1_261' title='bbox 2554 1825 2671 1879; x_wconf 89' lang='lat' dir='ltr'><strong>sine</strong></span> <span class='ocrx_word' id='word_1_262' title='bbox 2691 1823 2796 1886; x_wconf 87' lang='lat' dir='ltr'><strong>his,</strong></span> <span class='ocrx_word' id='word_1_263' title='bbox 2823 1822 2933 1876; x_wconf 91' lang='lat' dir='ltr'><strong>vita</strong></span> <span class='ocrx_word' id='word_1_264' title='bbox 2966 1821 3082 1892; x_wconf 85' lang='lat' dir='ltr'><strong>ipsa</strong></span> <span class='ocrx_word' id='word_1_265' title='bbox 3110 1819 3335 1890; x_wconf 88' lang='lat' dir='ltr'><strong>produci</strong></span> <span class='ocrx_word' id='word_1_266' title='bbox 3371 1825 3567 1888; x_wconf 88' lang='lat' dir='ltr'><strong>potest.</strong></span> 
     </span>
    </p>
   </div>
   <div class='ocr_carea' id='block_1_36' title="bbox 294 1913 570 1984">
    <p class='ocr_par' dir='ltr' id='par_1_36' title="bbox 294 1913 570 1984">
     <span class='ocr_line' id='line_1_36' title="bbox 294 1913 570 1984; baseline -0.007 -18"><span class='ocrx_word' id='word_1_267' title='bbox 294 1913 570 1984; x_wconf 83' lang='grc' dir='ltr'>περιτταί.</span> 
     </span>
    </p>
   </div>
   <div class='ocr_carea' id='block_1_37' title="bbox 1983 1906 3569 1986">
    <p class='ocr_par' dir='ltr' id='par_1_37' title="bbox 1983 1906 3569 1986">
     <span class='ocr_line' id='line_1_37' title="bbox 1983 1906 3569 1986; baseline -0.005 -18"><span class='ocrx_word' id='word_1_268' title='bbox 1983 1915 2244 1982; x_wconf 50' lang='lat' dir='ltr'><strong>Quadam</strong></span> <span class='ocrx_word' id='word_1_269' title='bbox 2272 1931 2424 1982; x_wconf 88' lang='lat' dir='ltr'><strong>vero,</strong></span> <span class='ocrx_word' id='word_1_270' title='bbox 2457 1930 2634 1986; x_wconf 90' lang='lat' dir='ltr'><strong>nequc</strong></span> <span class='ocrx_word' id='word_1_271' title='bbox 2683 1913 2983 1977; x_wconf 88' lang='lat' dir='ltr'><strong>naturales,</strong></span> <span class='ocrx_word' id='word_1_272' title='bbox 3014 1926 3192 1981; x_wconf 85' lang='lat' dir='ltr'><strong>neque</strong></span> <span class='ocrx_word' id='word_1_273' title='bbox 3222 1906 3569 1972; x_wconf 64' lang='lat' dir='ltr'><strong>necessariae,</strong></span> 
     </span>
    </p>
   </div>
   <div class='ocr_carea' id='block_1_38' title="bbox 290 2002 3571 2076">
    <p class='ocr_par' dir='ltr' id='par_1_38' title="bbox 290 2002 3571 2076">
     <span class='ocr_line' id='line_1_38' title="bbox 290 2002 3571 2076; baseline -0.001 -19"><span class='ocrx_word' id='word_1_274' title='bbox 290 2002 384 2057; x_wconf 82' lang='lat' dir='ltr'><strong>sed</strong></span> <span class='ocrx_word' id='word_1_275' title='bbox 445 2017 794 2071; x_wconf 70' lang='lat' dir='ltr'><strong>supervacuae</strong></span> <span class='ocrx_word' id='word_1_276' title='bbox 847 2015 997 2068; x_wconf 82' lang='lat' dir='ltr'><strong>sunt,</strong></span> <span class='ocrx_word' id='word_1_277' title='bbox 1069 2013 1127 2058; x_wconf 93' lang='lat' dir='ltr'><strong>ut</strong></span> <span class='ocrx_word' id='word_1_278' title='bbox 1179 2005 1439 2074; x_wconf 81' lang='lat' dir='ltr'><strong>ebrietas,</strong></span> <span class='ocrx_word' id='word_1_279' title='bbox 1498 2005 1746 2074; x_wconf 80' lang='lat' dir='ltr'><strong>lascivia,</strong></span> <span class='ocrx_word' id='word_1_280' title='bbox 1815 2021 1869 2063; x_wconf 90' lang='lat' dir='ltr'><strong>et</strong></span> <span class='ocrx_word' id='word_1_281' title='bbox 1907 2009 2173 2076; x_wconf 87' lang='lat' dir='ltr'><strong>avaritia;</strong></span> <span class='ocrx_word' id='word_1_282' title='bbox 2205 2009 2304 2064; x_wconf 91' lang='lat' dir='ltr'><strong>has</strong></span> <span class='ocrx_word' id='word_1_283' title='bbox 2324 2009 2496 2075; x_wconf 89' lang='lat' dir='ltr'><strong>enim,</strong></span> <span class='ocrx_word' id='word_1_284' title='bbox 2542 2023 2665 2063; x_wconf 91' lang='lat' dir='ltr'><strong>cum</strong></span> <span class='ocrx_word' id='word_1_285' title='bbox 2727 2006 3053 2062; x_wconf 84' lang='lat' dir='ltr'><strong>detrimenta</strong></span> <span class='ocrx_word' id='word_1_286' title='bbox 3099 2003 3344 2066; x_wconf 78' lang='lat' dir='ltr'><strong>aﬂ‘erant,</strong></span> <span class='ocrx_word' id='word_1_287' title='bbox 3377 2017 3571 2072; x_wconf 84' lang='lat' dir='ltr'><strong>supcr-</strong></span> 
     </span>
    </p>
   </div>
   <div class='ocr_carea' id='block_1_39' title="bbox 291 2094 758 2148">
    <p class='ocr_par' dir='ltr' id='par_1_39' title="bbox 291 2094 758 2148">
     <span class='ocr_line' id='line_1_39' title="bbox 291 2094 758 2148; baseline 0.006 -3"><span class='ocrx_word' id='word_1_288' title='bbox 291 2108 494 2148; x_wconf 86' lang='lat' dir='ltr'><strong>vacuas</strong></span> <span class='ocrx_word' id='word_1_289' title='bbox 527 2094 758 2148; x_wconf 80' lang='lat' dir='ltr'><strong>dixeris.</strong></span> 
     </span>
    </p>
   </div>
   <div class='ocr_carea' id='block_1_40' title="bbox 379 2181 1881 2256">
    <p class='ocr_par' dir='ltr' id='par_1_40' title="bbox 379 2181 1881 2256">
     <span class='ocr_line' id='line_1_40' title="bbox 379 2181 1881 2256; baseline 0.003 -20"><span class='ocrx_word' id='word_1_290' title='bbox 379 2181 570 2252; x_wconf 78' lang='grc' dir='ltr'>Ἡδονή</span> <span class='ocrx_word' id='word_1_291' title='bbox 587 2184 630 2215; x_wconf 79' lang='grc'><strong>³⁸</strong></span> <span class='ocrx_word' id='word_1_292' title='bbox 668 2184 786 2235; x_wconf 83' lang='grc' dir='ltr'>ἐστι</span> <span class='ocrx_word' id='word_1_293' title='bbox 817 2184 914 2234; x_wconf 72' lang='grc' dir='ltr'>καὶ</span> <span class='ocrx_word' id='word_1_294' title='bbox 947 2183 980 2252; x_wconf 77' lang='grc' dir='ltr'><strong>η</strong></span> <span class='ocrx_word' id='word_1_295' title='bbox 1013 2185 1292 2254; x_wconf 61' lang='grc' dir='ltr'>κακοῇθης</span> <span class='ocrx_word' id='word_1_296' title='bbox 1325 2184 1568 2248; x_wconf 84' lang='grc' dir='ltr'>διάθεσις</span> <span class='ocrx_word' id='word_1_297' title='bbox 1615 2187 1881 2256; x_wconf 83' lang='grc' dir='ltr'>πολυτρο-</span> 
     </span>
    </p>
   </div>
   <div class='ocr_carea' id='block_1_41' title="bbox 295 2271 1882 2348">
    <p class='ocr_par' dir='ltr' id='par_1_41' title="bbox 295 2271 1882 2348">
     <span class='ocr_line' id='line_1_41' title="bbox 295 2271 1882 2348; baseline 0.002 -20"><span class='ocrx_word' id='word_1_298' title='bbox 295 2275 522 2346; x_wconf 84' lang='grc' dir='ltr'>πωτάτη</span> <span class='ocrx_word' id='word_1_299' title='bbox 550 2275 775 2330; x_wconf 79' lang='grc' dir='ltr'>πάντων</span> <span class='ocrx_word' id='word_1_300' title='bbox 829 2271 966 2329; x_wconf 84' lang='grc' dir='ltr'>οὖσα</span> <span class='ocrx_word' id='word_1_301' title='bbox 1017 2276 1127 2329; x_wconf 90' lang='grc' dir='ltr'><strong>τῶν</strong></span> <span class='ocrx_word' id='word_1_302' title='bbox 1157 2276 1367 2330; x_wconf 88' lang='grc' dir='ltr'>παθῶν.</span> <span class='ocrx_word' id='word_1_303' title='bbox 1418 2276 1579 2331; x_wconf 82' lang='grc' dir='ltr'><strong>Κατᾶ</strong></span> <span class='ocrx_word' id='word_1_304' title='bbox 1637 2278 1737 2348; x_wconf 82' lang='grc' dir='ltr'>μὲν</span> <span class='ocrx_word' id='word_1_305' title='bbox 1777 2279 1882 2348; x_wconf 70' lang='grc' dir='ltr'>ψυ-</span> 
     </span>
    </p>
   </div>
   <div class='ocr_carea' id='block_1_42' title="bbox 296 2365 1880 2440">
    <p class='ocr_par' dir='ltr' id='par_1_42' title="bbox 296 2365 1880 2440">
     <span class='ocr_line' id='line_1_42' title="bbox 296 2365 1880 2440; baseline 0.003 -22"><span class='ocrx_word' id='word_1_306' title='bbox 296 2367 400 2436; x_wconf 81' lang='grc' dir='ltr'><strong>χὴν</strong></span> <span class='ocrx_word' id='word_1_307' title='bbox 421 2366 493 2432; x_wconf 72' lang='grc'><strong>⁸⁸,</strong></span> <span class='ocrx_word' id='word_1_308' title='bbox 526 2365 840 2430; x_wconf 76' lang='grc' dir='ltr'>ἀλαζονεία,</span> <span class='ocrx_word' id='word_1_309' title='bbox 861 2366 1220 2437; x_wconf 83' lang='grc' dir='ltr'>φιλαργυρία,</span> <span class='ocrx_word' id='word_1_310' title='bbox 1266 2367 1563 2435; x_wconf 78' lang='grc' dir='ltr'>φιλοδοξία,</span> <span class='ocrx_word' id='word_1_311' title='bbox 1597 2369 1880 2440; x_wconf 69' lang='grc' dir='ltr'>φιλαρχία,</span> 
     </span>
    </p>
   </div>
   <div class='ocr_carea' id='block_1_43' title="bbox 296 2455 1881 2528">
    <p class='ocr_par' dir='ltr' id='par_1_43' title="bbox 296 2455 1881 2528">
     <span class='ocr_line' id='line_1_43' title="bbox 296 2455 1881 2528; baseline 0.003 -20"><span class='ocrx_word' id='word_1_312' title='bbox 296 2455 622 2523; x_wconf 79' lang='grc' dir='ltr'>φιλονεικία,</span> <span class='ocrx_word' id='word_1_313' title='bbox 658 2455 754 2509; x_wconf 71' lang='grc' dir='ltr'>καὶ</span> <span class='ocrx_word' id='word_1_314' title='bbox 785 2455 1054 2526; x_wconf 80' lang='grc' dir='ltr'>βασκανία</span> <span class='ocrx_word' id='word_1_315' title='bbox 1078 2472 1094 2487; x_wconf 79' lang='grc' dir='ltr'><strong><em>ο</em></strong></span> <span class='ocrx_word' id='word_1_316' title='bbox 1123 2458 1267 2511; x_wconf 83' lang='grc' dir='ltr'>κατὰ</span> <span class='ocrx_word' id='word_1_317' title='bbox 1299 2457 1356 2511; x_wconf 80' lang='grc' dir='ltr'>δὲ</span> <span class='ocrx_word' id='word_1_318' title='bbox 1387 2457 1606 2528; x_wconf 64' lang='grc' dir='ltr'><strong>σῶμαιι</strong></span> <span class='ocrx_word' id='word_1_319' title='bbox 1637 2499 1651 2525; x_wconf 94' lang='grc'><strong>,</strong></span> <span class='ocrx_word' id='word_1_320' title='bbox 1681 2477 1881 2513; x_wconf 57' lang='grc' dir='ltr'>παντο.</span> 
     </span>
    </p>
   </div>
   <div class='ocr_carea' id='block_1_44' title="bbox 297 2547 1884 2623">
    <p class='ocr_par' dir='ltr' id='par_1_44' title="bbox 297 2547 1884 2623">
     <span class='ocr_line' id='line_1_44' title="bbox 297 2547 1884 2623; baseline 0.003 -24"><span class='ocrx_word' id='word_1_321' title='bbox 297 2548 492 2617; x_wconf 83' lang='grc' dir='ltr'>φαγία,</span> <span class='ocrx_word' id='word_1_322' title='bbox 534 2547 845 2618; x_wconf 81' lang='grc' dir='ltr'>λαιμαργία</span> <span class='ocrx_word' id='word_1_323' title='bbox 865 2547 934 2614; x_wconf 70' lang='grc'><strong>⁸³,</strong></span> <span class='ocrx_word' id='word_1_324' title='bbox 995 2549 1337 2619; x_wconf 74' lang='grc' dir='ltr'>μονοφαγίαο</span> <span class='ocrx_word' id='word_1_325' title='bbox 1401 2549 1720 2623; x_wconf 77' lang='grc' dir='ltr'>καὶῶσπερ</span> <span class='ocrx_word' id='word_1_326' title='bbox 1774 2552 1884 2606; x_wconf 85' lang='grc' dir='ltr'><strong>τῶν</strong></span> 
     </span>
    </p>
   </div>
   <div class='ocr_carea' id='block_1_45' title="bbox 297 2637 1880 2713">
    <p class='ocr_par' dir='ltr' id='par_1_45' title="bbox 297 2637 1880 2713">
     <span class='ocr_line' id='line_1_45' title="bbox 297 2637 1880 2713; baseline 0.003 -23"><span class='ocrx_word' id='word_1_327' title='bbox 297 2638 686 2705; x_wconf 82' lang='grc' dir='ltr'><strong>γενικωτάτων</strong></span> <span class='ocrx_word' id='word_1_328' title='bbox 735 2637 974 2708; x_wconf 87' lang='grc' dir='ltr'>ἀρετῶν,</span> <span class='ocrx_word' id='word_1_329' title='bbox 1023 2639 1341 2710; x_wconf 82' lang='grc' dir='ltr'>φρονήσεως</span> <span class='ocrx_word' id='word_1_330' title='bbox 1387 2642 1482 2694; x_wconf 76' lang='grc' dir='ltr'>καὶ</span> <span class='ocrx_word' id='word_1_331' title='bbox 1508 2640 1880 2713; x_wconf 88' lang='grc' dir='ltr'>δικαιοσύνης,</span> 
     </span>
    </p>
   </div>
   <div class='ocr_carea' id='block_1_46' title="bbox 297 2729 1882 2805">
    <p class='ocr_par' dir='ltr' id='par_1_46' title="bbox 297 2729 1882 2805">
     <span class='ocr_line' id='line_1_46' title="bbox 297 2729 1882 2805; baseline 0.003 -22"><span class='ocrx_word' id='word_1_332' title='bbox 297 2730 550 2802; x_wconf 79' lang='grc' dir='ltr'>ἀνδρείας</span> <span class='ocrx_word' id='word_1_333' title='bbox 580 2729 677 2782; x_wconf 76' lang='grc' dir='ltr'>καὶ</span> <span class='ocrx_word' id='word_1_334' title='bbox 701 2730 1083 2801; x_wconf 83' lang='grc' dir='ltr'>σωφροσύνης,</span> <span class='ocrx_word' id='word_1_335' title='bbox 1117 2730 1316 2784; x_wconf 88' lang='grc' dir='ltr'>πολλαί</span> <span class='ocrx_word' id='word_1_336' title='bbox 1349 2735 1488 2787; x_wconf 71' lang='grc' dir='ltr'>εἰσιν</span> <span class='ocrx_word' id='word_1_337' title='bbox 1508 2734 1564 2787; x_wconf 88' lang='grc' dir='ltr'>αἱ</span> <span class='ocrx_word' id='word_1_338' title='bbox 1595 2736 1882 2805; x_wconf 75' lang='grc' dir='ltr'>παραφυά-</span> 
     </span>
    </p>
   </div>
   <div class='ocr_carea' id='block_1_47' title="bbox 297 2822 1879 2896">
    <p class='ocr_par' dir='ltr' id='par_1_47' title="bbox 297 2822 1879 2896">
     <span class='ocr_line' id='line_1_47' title="bbox 297 2822 1879 2896; baseline 0 -19"><span class='ocrx_word' id='word_1_339' title='bbox 297 2823 410 2886; x_wconf 83' lang='grc' dir='ltr'>δες,</span> <span class='ocrx_word' id='word_1_340' title='bbox 441 2823 498 2876; x_wconf 80' lang='grc' dir='ltr'>αἱ</span> <span class='ocrx_word' id='word_1_341' title='bbox 529 2822 923 2894; x_wconf 80' lang='grc' dir='ltr'>ἐπαινούμεναι</span> <span class='ocrx_word' id='word_1_342' title='bbox 947 2824 992 2855; x_wconf 74' lang='grc'><strong>⁸³</strong></span> <span class='ocrx_word' id='word_1_343' title='bbox 1012 2839 1026 2853; x_wconf 68' lang='grc' dir='ltr'><strong><em>υ</em></strong></span> <span class='ocrx_word' id='word_1_344' title='bbox 1056 2823 1093 2893; x_wconf 78' lang='grc' dir='ltr'><strong>ἡ</strong></span> <span class='ocrx_word' id='word_1_345' title='bbox 1128 2840 1189 2877; x_wconf 88' lang='grc' dir='ltr'><strong>τε</strong></span> <span class='ocrx_word' id='word_1_346' title='bbox 1232 2825 1343 2896; x_wconf 87' lang='grc' dir='ltr'>γὰρ</span> <span class='ocrx_word' id='word_1_347' title='bbox 1379 2826 1632 2880; x_wconf 77' lang='grc' dir='ltr'>εὐσέϐεια</span> <span class='ocrx_word' id='word_1_348' title='bbox 1661 2827 1758 2880; x_wconf 79' lang='grc' dir='ltr'><strong>καὶ</strong></span> <span class='ocrx_word' id='word_1_349' title='bbox 1791 2826 1879 2878; x_wconf 58' lang='grc' dir='ltr'><strong>εὐ.</strong></span> 
     </span>
    </p>
   </div>
   <div class='ocr_carea' id='block_1_48' title="bbox 301 2912 1881 2988">
    <p class='ocr_par' dir='ltr' id='par_1_48' title="bbox 301 2912 1881 2988">
     <span class='ocr_line' id='line_1_48' title="bbox 301 2912 1881 2988; baseline 0.003 -23"><span class='ocrx_word' id='word_1_350' title='bbox 301 2913 490 2966; x_wconf 76' lang='grc' dir='ltr'>ϐουλία</span> <span class='ocrx_word' id='word_1_351' title='bbox 506 2913 574 2974; x_wconf 61' lang='grc'><strong>⁸⁸,</strong></span> <span class='ocrx_word' id='word_1_352' title='bbox 601 2912 699 2967; x_wconf 77' lang='grc' dir='ltr'>καὶ</span> <span class='ocrx_word' id='word_1_353' title='bbox 725 2913 1016 2984; x_wconf 86' lang='grc' dir='ltr'>καρτερία,</span> <span class='ocrx_word' id='word_1_354' title='bbox 1055 2915 1410 2986; x_wconf 84' lang='grc' dir='ltr'>μακροθυμία</span> <span class='ocrx_word' id='word_1_355' title='bbox 1439 2932 1497 2970; x_wconf 89' lang='grc' dir='ltr'><strong>τε</strong></span> <span class='ocrx_word' id='word_1_356' title='bbox 1530 2918 1625 2969; x_wconf 83' lang='grc' dir='ltr'>καὶ</span> <span class='ocrx_word' id='word_1_357' title='bbox 1660 2933 1881 2988; x_wconf 75' lang='grc' dir='ltr'>μετριοο</span> 
     </span>
    </p>
   </div>
   <div class='ocr_carea' id='block_1_49' title="bbox 303 3006 1879 3097">
    <p class='ocr_par' dir='ltr' id='par_1_49' title="bbox 303 3006 1879 3097">
     <span class='ocr_line' id='line_1_49' title="bbox 303 3006 1879 3097; baseline 0.001 -39"><span class='ocrx_word' id='word_1_358' title='bbox 303 3006 545 3077; x_wconf 76' lang='grc' dir='ltr'>φροσύνη</span> <span class='ocrx_word' id='word_1_359' title='bbox 574 3007 642 3071; x_wconf 66' lang='grc'><strong>⁸⁵,</strong></span> <span class='ocrx_word' id='word_1_360' title='bbox 676 3008 924 3078; x_wconf 77' lang='grc' dir='ltr'>πραότης</span> <span class='ocrx_word' id='word_1_361' title='bbox 962 3009 1058 3061; x_wconf 76' lang='grc' dir='ltr'>καὶ</span> <span class='ocrx_word' id='word_1_362' title='bbox 1079 3008 1742 3097; x_wconf 35' lang='grc' dir='ltr'>εὐεργεσίαηφιλοκαλία,</span> <span class='ocrx_word' id='word_1_363' title='bbox 1785 3009 1879 3060; x_wconf 67' lang='grc' dir='ltr'><strong>εὑ-</strong></span> 
     </span>
    </p>
   </div>
   <div class='ocr_carea' id='block_1_50' title="bbox 299 3098 1950 3171">
    <p class='ocr_par' dir='ltr' id='par_1_50' title="bbox 299 3098 1950 3171">
     <span class='ocr_line' id='line_1_50' title="bbox 299 3098 1950 3171; baseline 0.003 -21"><span class='ocrx_word' id='word_1_364' title='bbox 299 3098 478 3164; x_wconf 82' lang='grc' dir='ltr'>ταξία,</span> <span class='ocrx_word' id='word_1_365' title='bbox 513 3098 834 3169; x_wconf 81' lang='grc' dir='ltr'>κοσμιότης,</span> <span class='ocrx_word' id='word_1_366' title='bbox 861 3101 1161 3171; x_wconf 80' lang='grc' dir='ltr'>ἐγκράτεια</span> <span class='ocrx_word' id='word_1_367' title='bbox 1188 3103 1284 3154; x_wconf 73' lang='grc' dir='ltr'><strong>καὶ</strong></span> <span class='ocrx_word' id='word_1_368' title='bbox 1307 3101 1352 3132; x_wconf 67' lang='grc'><strong>⁸⁸</strong></span> <span class='ocrx_word' id='word_1_369' title='bbox 1387 3099 1572 3164; x_wconf 76' lang='grc' dir='ltr'>αἰδὼς,</span> <span class='ocrx_word' id='word_1_370' title='bbox 1612 3103 1704 3154; x_wconf 69' lang='grc' dir='ltr'>καὶ</span> <span class='ocrx_word' id='word_1_371' title='bbox 1722 3099 1882 3154; x_wconf 75' lang='grc' dir='ltr'>ἄλλαι</span> <span class='ocrx_word' id='word_1_372' title='bbox 1917 3149 1950 3171; x_wconf 45' lang='grc' dir='ltr'>,η</span> 
     </span>
    </p>
   </div>
   <div class='ocr_carea' id='block_1_51' title="bbox 305 3191 1881 3264">
    <p class='ocr_par' dir='ltr' id='par_1_51' title="bbox 305 3191 1881 3264">
     <span class='ocr_line' id='line_1_51' title="bbox 305 3191 1881 3264; baseline 0.001 -21"><span class='ocrx_word' id='word_1_373' title='bbox 305 3191 498 3261; x_wconf 84' lang='grc' dir='ltr'>μυρίαι</span> <span class='ocrx_word' id='word_1_374' title='bbox 529 3192 665 3263; x_wconf 81' lang='grc' dir='ltr'>πρὸς</span> <span class='ocrx_word' id='word_1_375' title='bbox 691 3193 923 3256; x_wconf 86' lang='grc' dir='ltr'>ταύταις</span> <span class='ocrx_word' id='word_1_376' title='bbox 945 3209 960 3225; x_wconf 77' lang='grc' dir='ltr'><strong><em>ο</em></strong></span> <span class='ocrx_word' id='word_1_377' title='bbox 989 3192 1164 3256; x_wconf 79' lang='grc' dir='ltr'>οὕτως</span> <span class='ocrx_word' id='word_1_378' title='bbox 1191 3194 1286 3246; x_wconf 77' lang='grc' dir='ltr'>καὶ</span> <span class='ocrx_word' id='word_1_379' title='bbox 1314 3193 1420 3246; x_wconf 86' lang='grc' dir='ltr'><strong>τῶν</strong></span> <span class='ocrx_word' id='word_1_380' title='bbox 1439 3195 1483 3225; x_wconf 74' lang='grc'><strong>⁵⁷</strong></span> <span class='ocrx_word' id='word_1_381' title='bbox 1506 3211 1572 3245; x_wconf 86' lang='grc' dir='ltr'><strong>πε</strong></span> <span class='ocrx_word' id='word_1_382' title='bbox 1584 3193 1881 3264; x_wconf 79' lang='grc' dir='ltr'>ριεκτικῶν</span> 
     </span>
    </p>
   </div>
   <div class='ocr_carea' id='block_1_52' title="bbox 304 3282 1882 3356">
    <p class='ocr_par' dir='ltr' id='par_1_52' title="bbox 304 3282 1882 3356">
     <span class='ocr_line' id='line_1_52' title="bbox 304 3282 1882 3356; baseline 0.002 -21"><span class='ocrx_word' id='word_1_383' title='bbox 304 3282 514 3347; x_wconf 84' lang='grc' dir='ltr'>παθῶν,</span> <span class='ocrx_word' id='word_1_384' title='bbox 547 3284 744 3354; x_wconf 79' lang='grc' dir='ltr'>ἡδονῆς</span> <span class='ocrx_word' id='word_1_385' title='bbox 773 3301 836 3337; x_wconf 85' lang='grc' dir='ltr'><strong>τε</strong></span> <span class='ocrx_word' id='word_1_386' title='bbox 870 3285 966 3338; x_wconf 79' lang='grc' dir='ltr'>καὶ</span> <span class='ocrx_word' id='word_1_387' title='bbox 1004 3286 1192 3349; x_wconf 88' lang='grc' dir='ltr'>πόνου,</span> <span class='ocrx_word' id='word_1_388' title='bbox 1225 3287 1259 3355; x_wconf 75' lang='grc' dir='ltr'>ἦ</span> <span class='ocrx_word' id='word_1_389' title='bbox 1291 3302 1351 3338; x_wconf 87' lang='grc' dir='ltr'><strong>τε</strong></span> <span class='ocrx_word' id='word_1_390' title='bbox 1376 3285 1514 3356; x_wconf 83' lang='grc' dir='ltr'>ὀργὴ</span> <span class='ocrx_word' id='word_1_391' title='bbox 1541 3285 1634 3339; x_wconf 79' lang='grc' dir='ltr'>καὶ</span> <span class='ocrx_word' id='word_1_392' title='bbox 1666 3285 1694 3337; x_wconf 98' lang='lat'><strong>6</strong></span> <span class='ocrx_word' id='word_1_393' title='bbox 1721 3286 1882 3356; x_wconf 81' lang='grc' dir='ltr'>θόρυ-</span> 
     </span>
    </p>
   </div>
   <div class='ocr_carea' id='block_1_53' title="bbox 303 3373 1882 3448">
    <p class='ocr_par' dir='ltr' id='par_1_53' title="bbox 303 3373 1882 3448">
     <span class='ocr_line' id='line_1_53' title="bbox 303 3373 1882 3448; baseline 0.004 -25"><span class='ocrx_word' id='word_1_394' title='bbox 303 3373 419 3435; x_wconf 84' lang='lat'><strong>60;.</strong></span> <span class='ocrx_word' id='word_1_395' title='bbox 459 3375 609 3444; x_wconf 72' lang='grc' dir='ltr'>καὶὴ</span> <span class='ocrx_word' id='word_1_396' title='bbox 659 3373 845 3444; x_wconf 83' lang='grc' dir='ltr'>μῆνις,</span> <span class='ocrx_word' id='word_1_397' title='bbox 900 3376 995 3429; x_wconf 76' lang='grc' dir='ltr'>καλ.</span> <span class='ocrx_word' id='word_1_398' title='bbox 1027 3378 1061 3446; x_wconf 79' lang='grc' dir='ltr'><strong>ἡ</strong></span> <span class='ocrx_word' id='word_1_399' title='bbox 1108 3376 1413 3446; x_wconf 82' lang='grc' dir='ltr'>ἀφροσύνη,</span> <span class='ocrx_word' id='word_1_400' title='bbox 1463 3377 1496 3446; x_wconf 81' lang='grc' dir='ltr'><strong>ἡ</strong></span> <span class='ocrx_word' id='word_1_401' title='bbox 1531 3376 1882 3448; x_wconf 77' lang='grc' dir='ltr'>ἀκολασία,η</span> 
     </span>
    </p>
   </div>
   <div class='ocr_carea' id='block_1_54' title="bbox 301 3463 1881 3538">
    <p class='ocr_par' dir='ltr' id='par_1_54' title="bbox 301 3463 1881 3538">
     <span class='ocr_line' id='line_1_54' title="bbox 301 3463 1881 3538; baseline 0.007 -21"><span class='ocrx_word' id='word_1_402' title='bbox 301 3463 555 3528; x_wconf 79' lang='grc' dir='ltr'>ἀϐουλία,</span> <span class='ocrx_word' id='word_1_403' title='bbox 606 3466 641 3530; x_wconf 91' lang='grc' dir='ltr'><strong>ή</strong></span> <span class='ocrx_word' id='word_1_404' title='bbox 681 3465 1113 3536; x_wconf 65' lang='grc' dir='ltr'>ὑπερηφανίαδθ,</span> <span class='ocrx_word' id='word_1_405' title='bbox 1162 3466 1474 3530; x_wconf 76' lang='grc' dir='ltr'>ἀλαζονεία,</span> <span class='ocrx_word' id='word_1_406' title='bbox 1525 3465 1662 3538; x_wconf 78' lang='grc' dir='ltr'>ἔρις,</span> <span class='ocrx_word' id='word_1_407' title='bbox 1706 3471 1881 3536; x_wconf 77' lang='grc' dir='ltr'>μῖσος.</span> 
     </span>
    </p>
   </div>
   <div class='ocr_carea' id='block_1_55' title="bbox 306 3552 1889 3629">
    <p class='ocr_par' dir='ltr' id='par_1_55' title="bbox 306 3552 1889 3629">
     <span class='ocr_line' id='line_1_55' title="bbox 306 3552 1889 3629; baseline 0.001 -18"><span class='ocrx_word' id='word_1_408' title='bbox 306 3555 492 3627; x_wconf 73' lang='grc' dir='ltr'>ζῆλος,</span> <span class='ocrx_word' id='word_1_409' title='bbox 521 3556 691 3629; x_wconf 85' lang='grc' dir='ltr'>λύπη,</span> <span class='ocrx_word' id='word_1_410' title='bbox 724 3557 967 3628; x_wconf 80' lang='grc' dir='ltr'>λοιδορία</span> <span class='ocrx_word' id='word_1_411' title='bbox 998 3560 1098 3612; x_wconf 79' lang='grc' dir='ltr'>καὶ</span> <span class='ocrx_word' id='word_1_412' title='bbox 1128 3559 1466 3628; x_wconf 71' lang='grc' dir='ltr'>μικροψυχία</span> <span class='ocrx_word' id='word_1_413' title='bbox 1501 3575 1516 3591; x_wconf 86' lang='grc'><strong>·</strong></span> <span class='ocrx_word' id='word_1_414' title='bbox 1541 3558 1602 3623; x_wconf 78' lang='grc' dir='ltr'>ἐξ</span> <span class='ocrx_word' id='word_1_415' title='bbox 1626 3552 1701 3612; x_wconf 81' lang='grc' dir='ltr'>ὧν</span> <span class='ocrx_word' id='word_1_416' title='bbox 1731 3559 1889 3612; x_wconf 82' lang='grc' dir='ltr'>ἄλλαι</span> 
     </span>
    </p>
   </div>
   <div class='ocr_carea' id='block_1_56' title="bbox 306 3647 1887 3720">
    <p class='ocr_par' dir='ltr' id='par_1_56' title="bbox 306 3647 1887 3720">
     <span class='ocr_line' id='line_1_56' title="bbox 306 3647 1887 3720; baseline 0.002 -21"><span class='ocrx_word' id='word_1_417' title='bbox 306 3647 554 3712; x_wconf 78' lang='grc' dir='ltr'>πλείονες</span> <span class='ocrx_word' id='word_1_418' title='bbox 583 3647 1044 3719; x_wconf 74' lang='grc' dir='ltr'>ἐπικλονούμεναι</span> <span class='ocrx_word' id='word_1_419' title='bbox 1094 3651 1188 3702; x_wconf 74' lang='grc' dir='ltr'>καὶ</span> <span class='ocrx_word' id='word_1_420' title='bbox 1209 3652 1254 3683; x_wconf 67' lang='grc'>⁸³</span> <span class='ocrx_word' id='word_1_421' title='bbox 1291 3647 1736 3720; x_wconf 81' lang='grc' dir='ltr'>ἐπισχιζόμεναι,</span> <span class='ocrx_word' id='word_1_422' title='bbox 1771 3653 1887 3702; x_wconf 82' lang='grc' dir='ltr'>στῖ-</span> 
     </span>
    </p>
   </div>
   <div class='ocr_carea' id='block_1_57' title="bbox 2067 2183 3570 2260">
    <p class='ocr_par' dir='ltr' id='par_1_57' title="bbox 2067 2183 3570 2260">
     <span class='ocr_line' id='line_1_57' title="bbox 2067 2183 3570 2260; baseline -0.006 -18"><span class='ocrx_word' id='word_1_423' title='bbox 2067 2187 2328 2260; x_wconf 76' lang='lat' dir='ltr'><strong>Volnptas</strong></span> <span class='ocrx_word' id='word_1_424' title='bbox 2402 2199 2583 2243; x_wconf 84' lang='lat' dir='ltr'><strong>autem</strong></span> <span class='ocrx_word' id='word_1_425' title='bbox 2637 2196 2738 2255; x_wconf 91' lang='lat' dir='ltr'><strong>est,</strong></span> <span class='ocrx_word' id='word_1_426' title='bbox 2810 2201 2932 2258; x_wconf 75' lang='lat' dir='ltr'><strong>quae</strong></span> <span class='ocrx_word' id='word_1_427' title='bbox 2990 2193 3044 2239; x_wconf 91' lang='lat' dir='ltr'><strong>et</strong></span> <span class='ocrx_word' id='word_1_428' title='bbox 3111 2183 3380 2237; x_wconf 86' lang='lat' dir='ltr'><strong>malorum</strong></span> <span class='ocrx_word' id='word_1_429' title='bbox 3447 2197 3570 2234; x_wconf 85' lang='lat' dir='ltr'><strong>mo-</strong></span> 
     </span>
    </p>
   </div>
   <div class='ocr_carea' id='block_1_58' title="bbox 1990 2271 3571 2349">
    <p class='ocr_par' dir='ltr' id='par_1_58' title="bbox 1990 2271 3571 2349">
     <span class='ocr_line' id='line_1_58' title="bbox 1990 2271 3571 2349; baseline -0.006 -15"><span class='ocrx_word' id='word_1_430' title='bbox 1990 2296 2110 2334; x_wconf 86' lang='lat' dir='ltr'><strong>rum</strong></span> <span class='ocrx_word' id='word_1_431' title='bbox 2167 2280 2478 2349; x_wconf 84' lang='lat' dir='ltr'><strong>dispositio,</strong></span> <span class='ocrx_word' id='word_1_432' title='bbox 2538 2278 2892 2346; x_wconf 89' lang='lat' dir='ltr'><strong>omniumque</strong></span> <span class='ocrx_word' id='word_1_433' title='bbox 2956 2276 3272 2344; x_wconf 87' lang='lat' dir='ltr'><strong>passionum</strong></span> <span class='ocrx_word' id='word_1_434' title='bbox 3335 2271 3571 2324; x_wconf 80' lang='lat' dir='ltr'><strong>maxime</strong></span> 
     </span>
    </p>
   </div>
   <div class='ocr_carea' id='block_1_59' title="bbox 1989 2365 3571 2441">
    <p class='ocr_par' dir='ltr' id='par_1_59' title="bbox 1989 2365 3571 2441">
     <span class='ocr_line' id='line_1_59' title="bbox 1989 2365 3571 2441; baseline -0.008 -14"><span class='ocrx_word' id='word_1_435' title='bbox 1989 2373 2310 2428; x_wconf 83' lang='lat' dir='ltr'><strong>multimoda</strong></span> <span class='ocrx_word' id='word_1_436' title='bbox 2339 2377 2442 2428; x_wconf 89' lang='lat' dir='ltr'><strong>est.</strong></span> <span class='ocrx_word' id='word_1_437' title='bbox 2481 2371 2546 2427; x_wconf 81' lang='lat' dir='ltr'><strong>Et</strong></span> <span class='ocrx_word' id='word_1_438' title='bbox 2575 2370 2793 2441; x_wconf 87' lang='lat' dir='ltr'><strong>quidem</strong></span> <span class='ocrx_word' id='word_1_439' title='bbox 2836 2369 3032 2423; x_wconf 76' lang='lat' dir='ltr'><strong>anima:</strong></span> <span class='ocrx_word' id='word_1_440' title='bbox 3083 2365 3366 2436; x_wconf 83' lang='lat' dir='ltr'><strong>passiones</strong></span> <span class='ocrx_word' id='word_1_441' title='bbox 3419 2371 3571 2426; x_wconf 91' lang='lat' dir='ltr'><strong>sunt,</strong></span> 
     </span>
    </p>
   </div>
   <div class='ocr_carea' id='block_1_60' title="bbox 1988 2456 3570 2538">
    <p class='ocr_par' dir='ltr' id='par_1_60' title="bbox 1988 2456 3570 2538">
     <span class='ocr_line' id='line_1_60' title="bbox 1988 2456 3570 2538; baseline -0.008 -18"><span class='ocrx_word' id='word_1_442' title='bbox 1988 2467 2322 2538; x_wconf 78' lang='lat' dir='ltr'><strong>arrogantia,</strong></span> <span class='ocrx_word' id='word_1_443' title='bbox 2391 2466 2638 2527; x_wconf 88' lang='lat' dir='ltr'><strong>avaritia,</strong></span> <span class='ocrx_word' id='word_1_444' title='bbox 2696 2462 2778 2517; x_wconf 90' lang='lat' dir='ltr'><strong>sui</strong></span> <span class='ocrx_word' id='word_1_445' title='bbox 2826 2458 3180 2517; x_wconf 81' lang='lat' dir='ltr'><strong>existimatio,</strong></span> <span class='ocrx_word' id='word_1_446' title='bbox 3213 2456 3570 2526; x_wconf 83' lang='lat' dir='ltr'><strong>principatus,</strong></span> 
     </span>
    </p>
   </div>
   <div class='ocr_carea' id='block_1_61' title="bbox 1986 2545 3575 2621">
    <p class='ocr_par' dir='ltr' id='par_1_61' title="bbox 1986 2545 3575 2621">
     <span class='ocr_line' id='line_1_61' title="bbox 1986 2545 3575 2621; baseline -0.01 -10"><span class='ocrx_word' id='word_1_447' title='bbox 1986 2568 2041 2611; x_wconf 88' lang='lat' dir='ltr'><strong>et</strong></span> <span class='ocrx_word' id='word_1_448' title='bbox 2089 2557 2404 2612; x_wconf 89' lang='lat' dir='ltr'><strong>ambitionis</strong></span> <span class='ocrx_word' id='word_1_449' title='bbox 2469 2555 2762 2619; x_wconf 74' lang='lat' dir='ltr'><strong>aﬂ‘ectatio,</strong></span> <span class='ocrx_word' id='word_1_450' title='bbox 2812 2551 3128 2621; x_wconf 84' lang='lat' dir='ltr'><strong>pertinacia,</strong></span> <span class='ocrx_word' id='word_1_451' title='bbox 3177 2547 3398 2602; x_wconf 83' lang='lat' dir='ltr'><strong>invidia.</strong></span> <span class='ocrx_word' id='word_1_452' title='bbox 3443 2545 3575 2600; x_wconf 75' lang='lat' dir='ltr'><strong>Cor-</strong></span> 
     </span>
    </p>
   </div>
   <div class='ocr_carea' id='block_1_62' title="bbox 1987 2637 3572 2718">
    <p class='ocr_par' dir='ltr' id='par_1_62' title="bbox 1987 2637 3572 2718">
     <span class='ocr_line' id='line_1_62' title="bbox 1987 2637 3572 2718; baseline -0.01 -13"><span class='ocrx_word' id='word_1_453' title='bbox 1987 2651 2136 2718; x_wconf 76' lang='lat' dir='ltr'><strong>poris</strong></span> <span class='ocrx_word' id='word_1_454' title='bbox 2175 2663 2324 2713; x_wconf 86' lang='lat' dir='ltr'><strong>vero,</strong></span> <span class='ocrx_word' id='word_1_455' title='bbox 2383 2647 2702 2705; x_wconf 89' lang='lat' dir='ltr'><strong>heluositas.</strong></span> <span class='ocrx_word' id='word_1_456' title='bbox 2763 2643 3050 2713; x_wconf 78' lang='lat' dir='ltr'><strong>ingluvies,</strong></span> <span class='ocrx_word' id='word_1_457' title='bbox 3111 2639 3460 2710; x_wconf 77' lang='lat' dir='ltr'><strong>singularitas</strong></span> <span class='ocrx_word' id='word_1_458' title='bbox 3519 2637 3572 2690; x_wconf 91' lang='lat' dir='ltr'><strong>in</strong></span> 
     </span>
    </p>
   </div>
   <div class='ocr_carea' id='block_1_63' title="bbox 1990 2731 3576 2811">
    <p class='ocr_par' dir='ltr' id='par_1_63' title="bbox 1990 2731 3576 2811">
     <span class='ocr_line' id='line_1_63' title="bbox 1990 2731 3576 2811; baseline -0.009 -17"><span class='ocrx_word' id='word_1_459' title='bbox 1990 2740 2220 2806; x_wconf 79' lang='lat' dir='ltr'><strong>edendo,</strong></span> <span class='ocrx_word' id='word_1_460' title='bbox 2252 2756 2414 2811; x_wconf 89' lang='lat' dir='ltr'><strong>quam</strong></span> <span class='ocrx_word' id='word_1_461' title='bbox 2449 2739 2619 2794; x_wconf 73' lang='lat' dir='ltr'><strong>Grmei</strong></span> <span class='ocrx_word' id='word_1_462' title='bbox 2679 2735 3011 2809; x_wconf 72' lang='grc' dir='ltr'>μονοφαγίαν</span> <span class='ocrx_word' id='word_1_463' title='bbox 3041 2735 3250 2789; x_wconf 89' lang='lat' dir='ltr'><strong>dicunt.</strong></span> <span class='ocrx_word' id='word_1_464' title='bbox 3293 2731 3357 2784; x_wconf 89' lang='lat' dir='ltr'><strong>Et</strong></span> <span class='ocrx_word' id='word_1_465' title='bbox 3385 2744 3576 2800; x_wconf 84' lang='lat' dir='ltr'><strong>quem-</strong></span> 
     </span>
    </p>
   </div>
   <div class='ocr_carea' id='block_1_64' title="bbox 1991 2821 3579 2900">
    <p class='ocr_par' dir='ltr' id='par_1_64' title="bbox 1991 2821 3579 2900">
     <span class='ocr_line' id='line_1_64' title="bbox 1991 2821 3579 2900; baseline -0.008 -16"><span class='ocrx_word' id='word_1_466' title='bbox 1991 2831 2283 2885; x_wconf 82' lang='lat' dir='ltr'><strong>admodum</strong></span> <span class='ocrx_word' id='word_1_467' title='bbox 2355 2830 2686 2900; x_wconf 81' lang='lat' dir='ltr'><strong>generalium</strong></span> <span class='ocrx_word' id='word_1_468' title='bbox 2747 2837 3004 2880; x_wconf 75' lang='lat' dir='ltr'><strong>virtutum</strong></span> <span class='ocrx_word' id='word_1_469' title='bbox 3035 2865 3050 2891; x_wconf 92' lang='lat'><strong>,</strong></span> <span class='ocrx_word' id='word_1_470' title='bbox 3103 2823 3401 2895; x_wconf 79' lang='lat' dir='ltr'><strong>prudentia:</strong></span> <span class='ocrx_word' id='word_1_471' title='bbox 3432 2860 3448 2887; x_wconf 95' lang='lat'><strong>,</strong></span> <span class='ocrx_word' id='word_1_472' title='bbox 3489 2821 3579 2887; x_wconf 83' lang='lat' dir='ltr'><strong>ju-</strong></span> 
     </span>
    </p>
   </div>
   <div class='ocr_carea' id='block_1_65' title="bbox 1991 2915 3580 2988">
    <p class='ocr_par' dir='ltr' id='par_1_65' title="bbox 1991 2915 3580 2988">
     <span class='ocr_line' id='line_1_65' title="bbox 1991 2915 3580 2988; baseline -0.004 -14"><span class='ocrx_word' id='word_1_473' title='bbox 1991 2921 2171 2984; x_wconf 72' lang='lat' dir='ltr'><strong>stilize,</strong></span> <span class='ocrx_word' id='word_1_474' title='bbox 2223 2918 2559 2975; x_wconf 69' lang='lat' dir='ltr'><strong>fortitudinis</strong></span> <span class='ocrx_word' id='word_1_475' title='bbox 2609 2917 3087 2988; x_wconf 69' lang='lat' dir='ltr'><strong>temperantiaeque</strong></span> <span class='ocrx_word' id='word_1_476' title='bbox 3142 2915 3326 2986; x_wconf 78' lang='lat' dir='ltr'><strong>plures</strong></span> <span class='ocrx_word' id='word_1_477' title='bbox 3369 2920 3580 2982; x_wconf 71' lang='lat' dir='ltr'><strong>agnata:</strong></span> 
     </span>
    </p>
   </div>
   <div class='ocr_carea' id='block_1_66' title="bbox 1992 3005 3574 3079">
    <p class='ocr_par' dir='ltr' id='par_1_66' title="bbox 1992 3005 3574 3079">
     <span class='ocr_line' id='line_1_66' title="bbox 1992 3005 3574 3079; baseline -0.005 -15"><span class='ocrx_word' id='word_1_478' title='bbox 1992 3018 2140 3075; x_wconf 88' lang='lat' dir='ltr'><strong>sunt,</strong></span> <span class='ocrx_word' id='word_1_479' title='bbox 2164 3025 2286 3079; x_wconf 61' lang='lat' dir='ltr'><strong>qua</strong></span> <span class='ocrx_word' id='word_1_480' title='bbox 2319 3025 2441 3065; x_wconf 90' lang='lat' dir='ltr'><strong>eum</strong></span> <span class='ocrx_word' id='word_1_481' title='bbox 2470 3008 2630 3064; x_wconf 88' lang='lat' dir='ltr'><strong>laude</strong></span> <span class='ocrx_word' id='word_1_482' title='bbox 2661 3007 3026 3079; x_wconf 87' lang='lat' dir='ltr'><strong>appellantur,</strong></span> <span class='ocrx_word' id='word_1_483' title='bbox 3058 3014 3117 3062; x_wconf 89' lang='lat' dir='ltr'><strong>ut</strong></span> <span class='ocrx_word' id='word_1_484' title='bbox 3148 3005 3345 3076; x_wconf 86' lang='lat' dir='ltr'><strong>pietas,</strong></span> <span class='ocrx_word' id='word_1_485' title='bbox 3364 3014 3574 3058; x_wconf 89' lang='lat' dir='ltr'><strong>rectum</strong></span> 
     </span>
    </p>
   </div>
   <div class='ocr_carea' id='block_1_67' title="bbox 1991 3095 3576 3168">
    <p class='ocr_par' dir='ltr' id='par_1_67' title="bbox 1991 3095 3576 3168">
     <span class='ocr_line' id='line_1_67' title="bbox 1991 3095 3576 3168; baseline -0.003 -10"><span class='ocrx_word' id='word_1_486' title='bbox 1991 3104 2327 3168; x_wconf 73' lang='lat' dir='ltr'><strong>consilium,</strong></span> <span class='ocrx_word' id='word_1_487' title='bbox 2385 3103 2704 3168; x_wconf 87' lang='lat' dir='ltr'><strong>tolerantia,</strong></span> <span class='ocrx_word' id='word_1_488' title='bbox 2771 3101 2966 3156; x_wconf 88' lang='lat' dir='ltr'><strong>lenitas</strong></span> <span class='ocrx_word' id='word_1_489' title='bbox 3042 3098 3234 3162; x_wconf 87' lang='lat' dir='ltr'><strong>animi,</strong></span> <span class='ocrx_word' id='word_1_490' title='bbox 3284 3095 3576 3153; x_wconf 87' lang='lat' dir='ltr'><strong>sobrietas.</strong></span> 
     </span>
    </p>
   </div>
   <div class='ocr_carea' id='block_1_68' title="bbox 1991 3187 3576 3260">
    <p class='ocr_par' dir='ltr' id='par_1_68' title="bbox 1991 3187 3576 3260">
     <span class='ocr_line' id='line_1_68' title="bbox 1991 3187 3576 3260; baseline -0.006 -12"><span class='ocrx_word' id='word_1_491' title='bbox 1991 3195 2190 3248; x_wconf 80' lang='lat' dir='ltr'><strong>ruentis</strong></span> <span class='ocrx_word' id='word_1_492' title='bbox 2232 3193 2616 3260; x_wconf 89' lang='lat' dir='ltr'><strong>mansuetudo,</strong></span> <span class='ocrx_word' id='word_1_493' title='bbox 2681 3191 3058 3256; x_wconf 81' lang='lat' dir='ltr'><strong>beneﬁcentia,</strong></span> <span class='ocrx_word' id='word_1_494' title='bbox 3116 3187 3331 3244; x_wconf 85' lang='lat' dir='ltr'><strong>honesti</strong></span> <span class='ocrx_word' id='word_1_495' title='bbox 3400 3201 3576 3247; x_wconf 90' lang='lat' dir='ltr'><strong>amor,</strong></span> 
     </span>
    </p>
   </div>
   <div class='ocr_carea' id='block_1_69' title="bbox 1993 3276 3582 3351">
    <p class='ocr_par' dir='ltr' id='par_1_69' title="bbox 1993 3276 3582 3351">
     <span class='ocr_line' id='line_1_69' title="bbox 1993 3276 3582 3351; baseline -0.007 -11"><span class='ocrx_word' id='word_1_496' title='bbox 1993 3287 2282 3351; x_wconf 87' lang='lat' dir='ltr'><strong>modestia,</strong></span> <span class='ocrx_word' id='word_1_497' title='bbox 2365 3294 2626 3342; x_wconf 88' lang='lat' dir='ltr'><strong>venustas</strong></span> <span class='ocrx_word' id='word_1_498' title='bbox 2692 3286 2904 3350; x_wconf 90' lang='lat' dir='ltr'><strong>animi,</strong></span> <span class='ocrx_word' id='word_1_499' title='bbox 2973 3281 3335 3347; x_wconf 89' lang='lat' dir='ltr'><strong>continentia,</strong></span> <span class='ocrx_word' id='word_1_500' title='bbox 3403 3276 3582 3348; x_wconf 88' lang='lat' dir='ltr'><strong>pudor</strong></span> 
     </span>
    </p>
   </div>
   <div class='ocr_carea' id='block_1_70' title="bbox 1993 3373 3579 3446">
    <p class='ocr_par' dir='ltr' id='par_1_70' title="bbox 1993 3373 3579 3446">
     <span class='ocr_line' id='line_1_70' title="bbox 1993 3373 3579 3446; baseline -0.006 -15"><span class='ocrx_word' id='word_1_501' title='bbox 1993 3379 2292 3446; x_wconf 81' lang='lat' dir='ltr'><strong>ingenuus;</strong></span> <span class='ocrx_word' id='word_1_502' title='bbox 2348 3377 2423 3432; x_wconf 90' lang='lat' dir='ltr'><strong>ita</strong></span> <span class='ocrx_word' id='word_1_503' title='bbox 2464 3385 2518 3432; x_wconf 89' lang='lat' dir='ltr'><strong>et</strong></span> <span class='ocrx_word' id='word_1_504' title='bbox 2572 3375 2922 3431; x_wconf 77' lang='lat' dir='ltr'><strong>allectionum</strong></span> <span class='ocrx_word' id='word_1_505' title='bbox 2977 3389 3116 3445; x_wconf 90' lang='lat' dir='ltr'><strong>quas</strong></span> <span class='ocrx_word' id='word_1_506' title='bbox 3153 3373 3389 3427; x_wconf 74' lang='lat' dir='ltr'><strong>maxime</strong></span> <span class='ocrx_word' id='word_1_507' title='bbox 3423 3383 3579 3423; x_wconf 87' lang='lat' dir='ltr'><strong>com-</strong></span> 
     </span>
    </p>
   </div>
   <div class='ocr_carea' id='block_1_71' title="bbox 1995 3466 3582 3539">
    <p class='ocr_par' dir='ltr' id='par_1_71' title="bbox 1995 3466 3582 3539">
     <span class='ocr_line' id='line_1_71' title="bbox 1995 3466 3582 3539; baseline -0.004 -19"><span class='ocrx_word' id='word_1_508' title='bbox 1995 3470 2347 3539; x_wconf 85' lang='lat' dir='ltr'><strong>prehensivas</strong></span> <span class='ocrx_word' id='word_1_509' title='bbox 2413 3470 2673 3534; x_wconf 86' lang='lat' dir='ltr'><strong>diximus,</strong></span> <span class='ocrx_word' id='word_1_510' title='bbox 2722 3467 3038 3538; x_wconf 76' lang='lat' dir='ltr'><strong>voluptatis,</strong></span> <span class='ocrx_word' id='word_1_511' title='bbox 3100 3466 3345 3535; x_wconf 90' lang='lat' dir='ltr'><strong>inquam,</strong></span> <span class='ocrx_word' id='word_1_512' title='bbox 3415 3469 3582 3531; x_wconf 85' lang='lat' dir='ltr'><strong>atque</strong></span> 
     </span>
    </p>
   </div>
   <div class='ocr_carea' id='block_1_72' title="bbox 1994 3552 3577 3626">
    <p class='ocr_par' dir='ltr' id='par_1_72' title="bbox 1994 3552 3577 3626">
     <span class='ocr_line' id='line_1_72' title="bbox 1994 3552 3577 3626; baseline -0.003 -15"><span class='ocrx_word' id='word_1_513' title='bbox 1994 3561 2246 3614; x_wconf 67' lang='lat' dir='ltr'><strong>dolentia:</strong></span> <span class='ocrx_word' id='word_1_514' title='bbox 2271 3571 2434 3626; x_wconf 90' lang='lat' dir='ltr'><strong>sunt;</strong></span> <span class='ocrx_word' id='word_1_515' title='bbox 2471 3559 2758 3614; x_wconf 88' lang='lat' dir='ltr'><strong>iracundia</strong></span> <span class='ocrx_word' id='word_1_516' title='bbox 2785 3559 3056 3624; x_wconf 85' lang='lat' dir='ltr'><strong>videlicet,</strong></span> <span class='ocrx_word' id='word_1_517' title='bbox 3084 3553 3460 3618; x_wconf 85' lang='lat' dir='ltr'><strong>tumultuatio,</strong></span> <span class='ocrx_word' id='word_1_518' title='bbox 3495 3552 3577 3606; x_wconf 92' lang='lat' dir='ltr'><strong>ira</strong></span> 
     </span>
    </p>
   </div>
   <div class='ocr_carea' id='block_1_73' title="bbox 1998 3644 3578 3722">
    <p class='ocr_par' dir='ltr' id='par_1_73' title="bbox 1998 3644 3578 3722">
     <span class='ocr_line' id='line_1_73' title="bbox 1998 3644 3578 3722; baseline -0.005 -17"><span class='ocrx_word' id='word_1_519' title='bbox 1998 3666 2342 3721; x_wconf 88' lang='lat' dir='ltr'><strong>permanens,</strong></span> <span class='ocrx_word' id='word_1_520' title='bbox 2385 3651 2722 3721; x_wconf 88' lang='lat' dir='ltr'><strong>insipientia,</strong></span> <span class='ocrx_word' id='word_1_521' title='bbox 2780 3650 3126 3722; x_wconf 86' lang='lat' dir='ltr'><strong>protervitas,</strong></span> <span class='ocrx_word' id='word_1_522' title='bbox 3187 3644 3578 3716; x_wconf 86' lang='lat' dir='ltr'><strong>imprudentia,</strong></span> 
     </span>
    </p>
   </div>
   <div class='ocr_carea' id='block_1_74' title="bbox 308 3735 1919 3813">
    <p class='ocr_par' dir='ltr' id='par_1_74' title="bbox 308 3735 1897 3812">
     <span class='ocr_line' id='line_1_74' title="bbox 308 3735 1897 3812; baseline 0.001 -19"><span class='ocrx_word' id='word_1_523' title='bbox 308 3755 405 3806; x_wconf 74' lang='grc' dir='ltr'>φοι,</span> <span class='ocrx_word' id='word_1_524' title='bbox 444 3739 636 3794; x_wconf 90' lang='grc' dir='ltr'>παθῶν</span> <span class='ocrx_word' id='word_1_525' title='bbox 685 3740 1013 3794; x_wconf 89' lang='grc' dir='ltr'>συνιστῶσιν</span> <span class='ocrx_word' id='word_1_526' title='bbox 1042 3755 1057 3771; x_wconf 77' lang='grc' dir='ltr'><strong><em>ο</em></strong></span> <span class='ocrx_word' id='word_1_527' title='bbox 1091 3735 1168 3795; x_wconf 80' lang='grc' dir='ltr'>ὧν</span> <span class='ocrx_word' id='word_1_528' title='bbox 1213 3743 1456 3812; x_wconf 79' lang='grc' dir='ltr'>ἑκάστην</span> <span class='ocrx_word' id='word_1_529' title='bbox 1478 3743 1525 3774; x_wconf 77' lang='grc' dir='ltr'><strong>⁸ο</strong></span> <span class='ocrx_word' id='word_1_530' title='bbox 1571 3742 1897 3812; x_wconf 81' lang='grc' dir='ltr'>περικαθαί-</span> 
     </span>
    </p>
   </div>
   <div class='ocr_carea' id='block_1_75' title="bbox 1996 3735 3580 3813">
    <p class='ocr_par' dir='ltr' id='par_1_75' title="bbox 2001 3739 3580 3813">
     <span class='ocr_line' id='line_1_75' title="bbox 2001 3739 3580 3813; baseline -0.005 -17"><span class='ocrx_word' id='word_1_531' title='bbox 2001 3742 2310 3808; x_wconf 88' lang='lat' dir='ltr'><strong>insolentia,</strong></span> <span class='ocrx_word' id='word_1_532' title='bbox 2353 3743 2687 3813; x_wconf 81' lang='lat' dir='ltr'><strong>arrogantia,</strong></span> <span class='ocrx_word' id='word_1_533' title='bbox 2731 3742 3031 3805; x_wconf 89' lang='lat' dir='ltr'><strong>contentio,</strong></span> <span class='ocrx_word' id='word_1_534' title='bbox 3063 3739 3270 3800; x_wconf 88' lang='lat' dir='ltr'><strong>odium,</strong></span> <span class='ocrx_word' id='word_1_535' title='bbox 3307 3739 3580 3792; x_wconf 82' lang='lat' dir='ltr'><strong>obtrecta-</strong></span> 
     </span>
    </p>
   </div>
   <div class='ocr_carea' id='block_1_76' title="bbox 313 3829 1919 3906">
    <p class='ocr_par' dir='ltr' id='par_1_76' title="bbox 313 3831 1894 3904">
     <span class='ocr_line' id='line_1_76' title="bbox 313 3831 1894 3904; baseline 0.002 -21"><span class='ocrx_word' id='word_1_536' title='bbox 313 3847 421 3901; x_wconf 88' lang='grc' dir='ltr'><strong>ρων</strong></span> <span class='ocrx_word' id='word_1_537' title='bbox 450 3831 479 3884; x_wconf 90' lang='lat'><strong>6</strong></span> <span class='ocrx_word' id='word_1_538' title='bbox 508 3831 874 3903; x_wconf 84' lang='grc' dir='ltr'>παγγέωργος</span> <span class='ocrx_word' id='word_1_539' title='bbox 923 3832 1186 3904; x_wconf 77' lang='grc' dir='ltr'>λογισμὸς</span> <span class='ocrx_word' id='word_1_540' title='bbox 1233 3833 1328 3888; x_wconf 68' lang='grc' dir='ltr'>καὶ</span> <span class='ocrx_word' id='word_1_541' title='bbox 1363 3833 1751 3899; x_wconf 79' lang='grc' dir='ltr'>ἀποκνὶζων⁸¹,</span> <span class='ocrx_word' id='word_1_542' title='bbox 1799 3838 1894 3886; x_wconf 75' lang='grc' dir='ltr'>καὶ</span> 
     </span>
    </p>
   </div>
   <div class='ocr_carea' id='block_1_77' title="bbox 1996 3829 3576 3906">
    <p class='ocr_par' dir='ltr' id='par_1_77' title="bbox 1998 3829 3576 3906">
     <span class='ocr_line' id='line_1_77' title="bbox 1998 3829 3576 3906; baseline -0.002 -19"><span class='ocrx_word' id='word_1_543' title='bbox 1998 3837 2095 3900; x_wconf 91' lang='lat' dir='ltr'><strong>tio,</strong></span> <span class='ocrx_word' id='word_1_544' title='bbox 2136 3835 2380 3900; x_wconf 90' lang='lat' dir='ltr'><strong>tristitia,</strong></span> <span class='ocrx_word' id='word_1_545' title='bbox 2407 3835 2735 3906; x_wconf 83' lang='lat' dir='ltr'><strong>ohjurgatio,</strong></span> <span class='ocrx_word' id='word_1_546' title='bbox 2765 3833 3232 3906; x_wconf 86' lang='lat' dir='ltr'><strong>pusillanimitas:</strong></span> <span class='ocrx_word' id='word_1_547' title='bbox 3267 3847 3332 3885; x_wconf 78' lang='lat' dir='ltr'><strong>ex</strong></span> <span class='ocrx_word' id='word_1_548' title='bbox 3373 3829 3576 3900; x_wconf 75' lang='lat' dir='ltr'><strong>quibus</strong></span> 
     </span>
    </p>
   </div>
   <div class='ocr_carea' id='block_1_78' title="bbox 309 3921 1919 3999">
    <p class='ocr_par' dir='ltr' id='par_1_78' title="bbox 309 3921 1891 3997">
     <span class='ocr_line' id='line_1_78' title="bbox 309 3921 1891 3997; baseline 0.002 -22"><span class='ocrx_word' id='word_1_549' title='bbox 309 3921 660 3992; x_wconf 82' lang='grc' dir='ltr'>περιπλέκων</span> <span class='ocrx_word' id='word_1_550' title='bbox 694 3925 789 3978; x_wconf 74' lang='grc' dir='ltr'>καὶ</span> <span class='ocrx_word' id='word_1_551' title='bbox 816 3925 1094 3997; x_wconf 80' lang='grc' dir='ltr'>ἐπάρδων,</span> <span class='ocrx_word' id='word_1_552' title='bbox 1133 3925 1231 3978; x_wconf 70' lang='grc' dir='ltr'><strong>καλ⁹</strong></span> <span class='ocrx_word' id='word_1_553' title='bbox 1295 3925 1479 3978; x_wconf 79' lang='grc' dir='ltr'>πάντα</span> <span class='ocrx_word' id='word_1_554' title='bbox 1517 3925 1720 3996; x_wconf 76' lang='grc' dir='ltr'>τρόπον</span> <span class='ocrx_word' id='word_1_555' title='bbox 1758 3943 1891 3995; x_wconf 87' lang='grc' dir='ltr'>μετ-</span> 
     </span>
    </p>
   </div>
   <div class='ocr_carea' id='block_1_79' title="bbox 1996 3921 3578 3999">
    <p class='ocr_par' dir='ltr' id='par_1_79' title="bbox 1996 3923 3578 3999">
     <span class='ocr_line' id='line_1_79' title="bbox 1996 3923 3578 3999; baseline -0.002 -19"><span class='ocrx_word' id='word_1_556' title='bbox 1996 3937 2212 3982; x_wconf 80' lang='lat' dir='ltr'><strong>cumet</strong></span> <span class='ocrx_word' id='word_1_557' title='bbox 2267 3929 2385 3983; x_wconf 56' lang='lat' dir='ltr'><strong>alia:</strong></span> <span class='ocrx_word' id='word_1_558' title='bbox 2438 3937 2801 3999; x_wconf 81' lang='lat' dir='ltr'><strong>prepagantes</strong></span> <span class='ocrx_word' id='word_1_559' title='bbox 2860 3927 3157 3991; x_wconf 84' lang='lat' dir='ltr'><strong>lindautur,</strong></span> <span class='ocrx_word' id='word_1_560' title='bbox 3224 3923 3578 3979; x_wconf 69' lang='lat' dir='ltr'><strong>alleeliouum</strong></span> 
     </span>
    </p>
   </div>
   <div class='ocr_carea' id='block_1_80' title="bbox 306 4014 1919 4088">
    <p class='ocr_par' dir='ltr' id='par_1_80' title="bbox 306 4014 1886 4088">
     <span class='ocr_line' id='line_1_80' title="bbox 306 4014 1886 4088; baseline 0.002 -19"><span class='ocrx_word' id='word_1_561' title='bbox 306 4014 601 4086; x_wconf 85' lang='grc' dir='ltr'>οχετεύων,</span> <span class='ocrx_word' id='word_1_562' title='bbox 623 4016 884 4088; x_wconf 83' lang='grc' dir='ltr'>ἐξημεροί</span> <span class='ocrx_word' id='word_1_563' title='bbox 910 4019 1010 4079; x_wconf 83' lang='grc' dir='ltr'><strong>τὰς</strong></span> <span class='ocrx_word' id='word_1_564' title='bbox 1027 4017 1137 4071; x_wconf 89' lang='grc' dir='ltr'><strong>τῶν</strong></span> <span class='ocrx_word' id='word_1_565' title='bbox 1163 4016 1312 4086; x_wconf 78' lang='grc' dir='ltr'>ὴθῶν</span> <span class='ocrx_word' id='word_1_566' title='bbox 1333 4017 1428 4071; x_wconf 79' lang='grc' dir='ltr'>καὶ</span> <span class='ocrx_word' id='word_1_567' title='bbox 1453 4015 1644 4070; x_wconf 87' lang='grc' dir='ltr'>παθῶν</span> <span class='ocrx_word' id='word_1_568' title='bbox 1665 4017 1710 4048; x_wconf 83' lang='grc'><strong>⁵¹</strong></span> <span class='ocrx_word' id='word_1_569' title='bbox 1733 4016 1886 4079; x_wconf 75' lang='grc' dir='ltr'>ὔλας.</span> 
     </span>
    </p>
   </div>
   <div class='ocr_carea' id='block_1_81' title="bbox 1996 4014 3582 4088">
    <p class='ocr_par' dir='ltr' id='par_1_81' title="bbox 1996 4015 3582 4088">
     <span class='ocr_line' id='line_1_81' title="bbox 1996 4015 3582 4088; baseline -0.003 -18"><span class='ocrx_word' id='word_1_570' title='bbox 1996 4028 2270 4074; x_wconf 80' lang='lat' dir='ltr'><strong>catervam</strong></span> <span class='ocrx_word' id='word_1_571' title='bbox 2297 4021 2660 4083; x_wconf 89' lang='lat' dir='ltr'><strong>constituunt,</strong></span> <span class='ocrx_word' id='word_1_572' title='bbox 2693 4021 2747 4073; x_wconf 92' lang='lat' dir='ltr'><strong>in</strong></span> <span class='ocrx_word' id='word_1_573' title='bbox 2771 4019 2971 4088; x_wconf 86' lang='lat' dir='ltr'><strong>quibus</strong></span> <span class='ocrx_word' id='word_1_574' title='bbox 2991 4017 3246 4085; x_wconf 78' lang='lat' dir='ltr'><strong>singulis,</strong></span> <span class='ocrx_word' id='word_1_575' title='bbox 3266 4015 3582 4070; x_wconf 70' lang='lat' dir='ltr'><strong>consizlera.</strong></span> 
     </span>
    </p>
   </div>
   <div class='ocr_carea' id='block_1_82' title="bbox 310 4105 3581 4180">
    <p class='ocr_par' dir='ltr' id='par_1_82' title="bbox 310 4105 3581 4180">
     <span class='ocr_line' id='line_1_82' title="bbox 310 4105 3581 4180; baseline -0.002 -18"><span class='ocrx_word' id='word_1_576' title='bbox 310 4109 406 4171; x_wconf 84' lang='lat' dir='ltr'><strong>tio,</strong></span> <span class='ocrx_word' id='word_1_577' title='bbox 424 4109 538 4178; x_wconf 89' lang='lat' dir='ltr'><strong>ipsa</strong></span> <span class='ocrx_word' id='word_1_578' title='bbox 561 4110 1019 4180; x_wconf 71' lang='lat' dir='ltr'><strong>optimiagricola:</strong></span> <span class='ocrx_word' id='word_1_579' title='bbox 1071 4111 1190 4164; x_wconf 88' lang='lat' dir='ltr'><strong>vice</strong></span> <span class='ocrx_word' id='word_1_580' title='bbox 1211 4108 1426 4170; x_wconf 66' lang='lat' dir='ltr'><strong>(inuicta,</strong></span> <span class='ocrx_word' id='word_1_581' title='bbox 1476 4109 1710 4177; x_wconf 89' lang='lat' dir='ltr'><strong>plurima</strong></span> <span class='ocrx_word' id='word_1_582' title='bbox 1754 4109 2156 4179; x_wconf 75' lang='lat' dir='ltr'><strong>pet-purgando,</strong></span> <span class='ocrx_word' id='word_1_583' title='bbox 2191 4109 2650 4180; x_wconf 71' lang='lat' dir='ltr'><strong>dctergendoque,</strong></span> <span class='ocrx_word' id='word_1_584' title='bbox 2685 4124 2749 4164; x_wconf 89' lang='lat' dir='ltr'><strong>ac</strong></span> <span class='ocrx_word' id='word_1_585' title='bbox 2817 4107 3216 4177; x_wconf 88' lang='lat' dir='ltr'><strong>complicando,</strong></span> <span class='ocrx_word' id='word_1_586' title='bbox 3260 4119 3311 4159; x_wconf 83' lang='lat' dir='ltr'><strong>et</strong></span> <span class='ocrx_word' id='word_1_587' title='bbox 3346 4105 3581 4173; x_wconf 77' lang='lat' dir='ltr'><strong>irrigan-</strong></span> 
     </span>
    </p>
   </div>
   <div class='ocr_carea' id='block_1_83' title="bbox 308 4199 3581 4272">
    <p class='ocr_par' dir='ltr' id='par_1_83' title="bbox 308 4199 3581 4272">
     <span class='ocr_line' id='line_1_83' title="bbox 308 4199 3581 4272; baseline -0.001 -15"><span class='ocrx_word' id='word_1_588' title='bbox 308 4203 400 4267; x_wconf 88' lang='lat' dir='ltr'><strong>do,</strong></span> <span class='ocrx_word' id='word_1_589' title='bbox 436 4217 536 4256; x_wconf 89' lang='lat' dir='ltr'><strong>nec</strong></span> <span class='ocrx_word' id='word_1_590' title='bbox 559 4216 664 4255; x_wconf 91' lang='lat' dir='ltr'><strong>non</strong></span> <span class='ocrx_word' id='word_1_591' title='bbox 697 4201 831 4270; x_wconf 90' lang='lat' dir='ltr'><strong>ipsis</strong></span> <span class='ocrx_word' id='word_1_592' title='bbox 862 4215 961 4257; x_wconf 91' lang='lat' dir='ltr'><strong>ceu</strong></span> <span class='ocrx_word' id='word_1_593' title='bbox 995 4215 1091 4272; x_wconf 88' lang='lat' dir='ltr'><strong>per</strong></span> <span class='ocrx_word' id='word_1_594' title='bbox 1122 4201 1478 4271; x_wconf 78' lang='lat' dir='ltr'><strong>aqua-ductus</strong></span> <span class='ocrx_word' id='word_1_595' title='bbox 1528 4215 1652 4256; x_wconf 86' lang='lat' dir='ltr'><strong>sese</strong></span> <span class='ocrx_word' id='word_1_596' title='bbox 1704 4199 2056 4256; x_wconf 79' lang='lat' dir='ltr'><strong>ouinil‘ariam</strong></span> <span class='ocrx_word' id='word_1_597' title='bbox 2130 4202 2508 4268; x_wconf 82' lang='lat' dir='ltr'><strong>dill‘undeudo,</strong></span> <span class='ocrx_word' id='word_1_598' title='bbox 2565 4217 2778 4258; x_wconf 86' lang='lat' dir='ltr'><strong>morum</strong></span> <span class='ocrx_word' id='word_1_599' title='bbox 2836 4201 3266 4272; x_wconf 87' lang='lat' dir='ltr'><strong>passionumque</strong></span> <span class='ocrx_word' id='word_1_600' title='bbox 3304 4201 3581 4254; x_wconf 68' lang='lat' dir='ltr'><strong>materias</strong></span> 
     </span>
    </p>
   </div>
   <div class='ocr_carea' id='block_1_84' title="bbox 312 4293 781 4352">
    <p class='ocr_par' dir='ltr' id='par_1_84' title="bbox 312 4293 781 4352">
     <span class='ocr_line' id='line_1_84' title="bbox 312 4293 781 4352; baseline -0.011 -1"><span class='ocrx_word' id='word_1_601' title='bbox 312 4296 524 4352; x_wconf 83' lang='lat' dir='ltr'><strong>cicures</strong></span> <span class='ocrx_word' id='word_1_602' title='bbox 585 4293 781 4347; x_wconf 88' lang='lat' dir='ltr'><strong>reddit.</strong></span> 
     </span>
    </p>
   </div>
   <div class='ocr_carea' id='block_1_85' title="bbox 399 4380 1919 4458">
    <p class='ocr_par' dir='ltr' id='par_1_85' title="bbox 399 4383 1906 4458">
     <span class='ocr_line' id='line_1_85' title="bbox 399 4383 1906 4458; baseline 0.001 -19"><span class='ocrx_word' id='word_1_603' title='bbox 399 4387 460 4440; x_wconf 84' lang='grc' dir='ltr'>Ὀ</span> <span class='ocrx_word' id='word_1_604' title='bbox 494 4387 604 4458; x_wconf 84' lang='grc' dir='ltr'>γὰρ</span> <span class='ocrx_word' id='word_1_605' title='bbox 627 4387 914 4458; x_wconf 82' lang='grc' dir='ltr'>λογισμὸς,</span> <span class='ocrx_word' id='word_1_606' title='bbox 945 4383 1131 4448; x_wconf 88' lang='grc' dir='ltr'>καθὼς</span> <span class='ocrx_word' id='word_1_607' title='bbox 1159 4385 1397 4457; x_wconf 70' lang='grc' dir='ltr'>εἴρηται,</span> <span class='ocrx_word' id='word_1_608' title='bbox 1428 4385 1536 4439; x_wconf 92' lang='grc' dir='ltr'><strong>τῶν</strong></span> <span class='ocrx_word' id='word_1_609' title='bbox 1566 4386 1666 4457; x_wconf 82' lang='grc' dir='ltr'>μὲν</span> <span class='ocrx_word' id='word_1_610' title='bbox 1693 4385 1906 4458; x_wconf 83' lang='grc' dir='ltr'>ἀρετῶν</span> 
     </span>
    </p>
   </div>
   <div class='ocr_carea' id='block_1_86' title="bbox 1996 4380 3583 4458">
    <p class='ocr_par' dir='ltr' id='par_1_86' title="bbox 2063 4380 3583 4457">
     <span class='ocr_line' id='line_1_86' title="bbox 2063 4380 3583 4457; baseline -0.004 -17"><span class='ocrx_word' id='word_1_611' title='bbox 2063 4385 2197 4441; x_wconf 85' lang='lat' dir='ltr'><strong>Nam</strong></span> <span class='ocrx_word' id='word_1_612' title='bbox 2241 4386 2631 4452; x_wconf 85' lang='lat' dir='ltr'><strong>consideratio,</strong></span> <span class='ocrx_word' id='word_1_613' title='bbox 2671 4394 2730 4441; x_wconf 91' lang='lat' dir='ltr'><strong>ut</strong></span> <span class='ocrx_word' id='word_1_614' title='bbox 2778 4401 2945 4457; x_wconf 89' lang='lat' dir='ltr'><strong>supra</strong></span> <span class='ocrx_word' id='word_1_615' title='bbox 3007 4380 3583 4446; x_wconf 89' lang='lat' dir='ltr'><strong>commemoravimus,</strong></span> 
     </span>
    </p>
   </div>
   <div class='ocr_carea' id='block_1_87' title="bbox 315 4463 1919 4553">
    <p class='ocr_par' dir='ltr' id='par_1_87' title="bbox 315 4479 1897 4553">
     <span class='ocr_line' id='line_1_87' title="bbox 315 4479 1897 4553; baseline -0.003 -16"><span class='ocrx_word' id='word_1_616' title='bbox 315 4485 466 4537; x_wconf 85' lang='grc' dir='ltr'>ἐστιν</span> <span class='ocrx_word' id='word_1_617' title='bbox 507 4482 756 4552; x_wconf 78' lang='grc' dir='ltr'>ἡγεμὼν,</span> <span class='ocrx_word' id='word_1_618' title='bbox 787 4481 897 4534; x_wconf 87' lang='grc' dir='ltr'><strong>τῶν</strong></span> <span class='ocrx_word' id='word_1_619' title='bbox 947 4480 1004 4533; x_wconf 80' lang='grc' dir='ltr'>δὲ</span> <span class='ocrx_word' id='word_1_620' title='bbox 1044 4479 1234 4532; x_wconf 87' lang='grc' dir='ltr'>παθῶν</span> <span class='ocrx_word' id='word_1_621' title='bbox 1265 4479 1629 4553; x_wconf 76' lang='grc' dir='ltr'>αὐτοκράτωρ</span> <span class='ocrx_word' id='word_1_622' title='bbox 1654 4496 1668 4511; x_wconf 78' lang='grc' dir='ltr'><strong><em>ο</em></strong></span> <span class='ocrx_word' id='word_1_623' title='bbox 1727 4481 1897 4552; x_wconf 78' lang='grc' dir='ltr'>λήθης</span> 
     </span>
    </p>
   </div>
   <div class='ocr_carea' id='block_1_88' title="bbox 1996 4463 3588 4553">
    <p class='ocr_par' dir='ltr' id='par_1_88' title="bbox 2012 4475 3588 4549">
     <span class='ocr_line' id='line_1_88' title="bbox 2012 4475 3588 4549; baseline -0.004 -16"><span class='ocrx_word' id='word_1_624' title='bbox 2012 4480 2305 4535; x_wconf 84' lang='lat' dir='ltr'><strong>virtutibus</strong></span> <span class='ocrx_word' id='word_1_625' title='bbox 2354 4494 2455 4549; x_wconf 87' lang='lat' dir='ltr'><strong>pro</strong></span> <span class='ocrx_word' id='word_1_626' title='bbox 2491 4481 2647 4544; x_wconf 86' lang='lat' dir='ltr'><strong>duce,</strong></span> <span class='ocrx_word' id='word_1_627' title='bbox 2680 4477 3059 4534; x_wconf 80' lang='lat' dir='ltr'><strong>affectionibus</strong></span> <span class='ocrx_word' id='word_1_628' title='bbox 3115 4490 3211 4545; x_wconf 92' lang='lat' dir='ltr'><strong>pro</strong></span> <span class='ocrx_word' id='word_1_629' title='bbox 3262 4475 3588 4544; x_wconf 89' lang='lat' dir='ltr'><strong>imperatore</strong></span> 
     </span>
    </p>
   </div>
   <div class='ocr_carea' id='block_1_89' title="bbox 311 4559 1919 4644">
    <p class='ocr_par' dir='ltr' id='par_1_89' title="bbox 311 4559 1901 4644">
     <span class='ocr_line' id='line_1_89' title="bbox 311 4559 1901 4644; baseline -0.004 -13"><span class='ocrx_word' id='word_1_630' title='bbox 311 4576 371 4632; x_wconf 73' lang='grc' dir='ltr'>δὲ</span> <span class='ocrx_word' id='word_1_631' title='bbox 399 4576 493 4630; x_wconf 75' lang='grc' dir='ltr'>καὶ</span> <span class='ocrx_word' id='word_1_632' title='bbox 520 4576 747 4644; x_wconf 81' lang='grc' dir='ltr'>ἀγνοίας</span> <span class='ocrx_word' id='word_1_633' title='bbox 768 4574 922 4628; x_wconf 74' lang='grc' dir='ltr'>οὔπω</span> <span class='ocrx_word' id='word_1_634' title='bbox 950 4573 1226 4637; x_wconf 78' lang='grc' dir='ltr'>δεσπόζει.</span> <span class='ocrx_word' id='word_1_635' title='bbox 1255 4573 1330 4627; x_wconf 85' lang='grc' dir='ltr'><strong>Οὐ</strong></span> <span class='ocrx_word' id='word_1_636' title='bbox 1379 4575 1488 4644; x_wconf 81' lang='grc' dir='ltr'>γὰρ</span> <span class='ocrx_word' id='word_1_637' title='bbox 1518 4573 1630 4627; x_wconf 92' lang='grc' dir='ltr'><strong>τῶν</strong></span> <span class='ocrx_word' id='word_1_638' title='bbox 1647 4559 1830 4628; x_wconf 69' lang='grc' dir='ltr'>αὐτῶν</span> <span class='ocrx_word' id='word_1_639' title='bbox 1856 4577 1901 4607; x_wconf 81' lang='grc'><strong>⁸³</strong></span> 
     </span>
    </p>
   </div>
   <div class='ocr_carea' id='block_1_90' title="bbox 1996 4559 3584 4644">
    <p class='ocr_par' dir='ltr' id='par_1_90' title="bbox 2006 4567 3584 4640">
     <span class='ocr_line' id='line_1_90' title="bbox 2006 4567 3584 4640; baseline -0.005 -14"><span class='ocrx_word' id='word_1_640' title='bbox 2006 4573 2253 4635; x_wconf 88' lang='lat' dir='ltr'><strong>habetur,</strong></span> <span class='ocrx_word' id='word_1_641' title='bbox 2283 4570 2545 4626; x_wconf 89' lang='lat' dir='ltr'><strong>oblivioni</strong></span> <span class='ocrx_word' id='word_1_642' title='bbox 2589 4585 2721 4625; x_wconf 91' lang='lat' dir='ltr'><strong>vero</strong></span> <span class='ocrx_word' id='word_1_643' title='bbox 2782 4570 3117 4640; x_wconf 70' lang='lat' dir='ltr'><strong>inscitizeque</strong></span> <span class='ocrx_word' id='word_1_644' title='bbox 3161 4567 3584 4637; x_wconf 87' lang='lat' dir='ltr'><strong>haudquaquam</strong></span> 
     </span>
    </p>
   </div>
   <div class='ocr_carea' id='block_1_91' title="bbox 314 4665 1904 4738">
    <p class='ocr_par' dir='ltr' id='par_1_91' title="bbox 314 4665 1904 4738">
     <span class='ocr_line' id='line_1_91' title="bbox 314 4665 1904 4738; baseline -0.001 -16"><span class='ocrx_word' id='word_1_645' title='bbox 314 4668 505 4722; x_wconf 83' lang='grc' dir='ltr'>παθῶν</span> <span class='ocrx_word' id='word_1_646' title='bbox 536 4670 566 4722; x_wconf 89' lang='lat'><strong>6</strong></span> <span class='ocrx_word' id='word_1_647' title='bbox 593 4667 857 4738; x_wconf 81' lang='grc' dir='ltr'>λογισμὸς</span> <span class='ocrx_word' id='word_1_648' title='bbox 889 4668 1182 4738; x_wconf 78' lang='grc' dir='ltr'>ἐπικρατεῖ</span> <span class='ocrx_word' id='word_1_649' title='bbox 1207 4709 1221 4729; x_wconf 86' lang='grc'><strong>,</strong></span> <span class='ocrx_word' id='word_1_650' title='bbox 1261 4665 1399 4720; x_wconf 86' lang='grc' dir='ltr'><strong>ἀλλά</strong></span> <span class='ocrx_word' id='word_1_651' title='bbox 1431 4665 1538 4719; x_wconf 87' lang='grc' dir='ltr'><strong>τῶν</strong></span> <span class='ocrx_word' id='word_1_652' title='bbox 1566 4666 1664 4736; x_wconf 84' lang='grc' dir='ltr'>τῆς</span> <span class='ocrx_word' id='word_1_653' title='bbox 1698 4667 1904 4720; x_wconf 79' lang='grc' dir='ltr'>δικαιοο</span> 
     </span>
    </p>
   </div>
   <div class='ocr_carea' id='block_1_92' title="bbox 316 4757 1904 4833">
    <p class='ocr_par' dir='ltr' id='par_1_92' title="bbox 316 4757 1904 4833">
     <span class='ocr_line' id='line_1_92' title="bbox 316 4757 1904 4833; baseline -0.002 -18"><span class='ocrx_word' id='word_1_654' title='bbox 316 4760 505 4833; x_wconf 85' lang='grc' dir='ltr'>σύνης,</span> <span class='ocrx_word' id='word_1_655' title='bbox 534 4761 629 4815; x_wconf 73' lang='grc' dir='ltr'>καὶ</span> <span class='ocrx_word' id='word_1_656' title='bbox 657 4759 1014 4832; x_wconf 80' lang='grc' dir='ltr'>σωφροσύνης</span> <span class='ocrx_word' id='word_1_657' title='bbox 1037 4758 1106 4821; x_wconf 73' lang='grc'><strong>⁸⁸,</strong></span> <span class='ocrx_word' id='word_1_658' title='bbox 1131 4759 1224 4813; x_wconf 66' lang='grc' dir='ltr'>καὶ</span> <span class='ocrx_word' id='word_1_659' title='bbox 1262 4757 1519 4829; x_wconf 82' lang='grc' dir='ltr'>ἀνδρείας</span> <span class='ocrx_word' id='word_1_660' title='bbox 1543 4759 1611 4822; x_wconf 85' lang='grc'><strong>⁸⁸,</strong></span> <span class='ocrx_word' id='word_1_661' title='bbox 1652 4758 1747 4812; x_wconf 75' lang='grc' dir='ltr'><strong>καὶ</strong></span> <span class='ocrx_word' id='word_1_662' title='bbox 1771 4776 1904 4828; x_wconf 86' lang='grc' dir='ltr'>φρο-</span> 
     </span>
    </p>
   </div>
   <div class='ocr_carea' id='block_1_93' title="bbox 315 4848 1898 4925">
    <p class='ocr_par' dir='ltr' id='par_1_93' title="bbox 315 4848 1898 4925">
     <span class='ocr_line' id='line_1_93' title="bbox 315 4848 1898 4925; baseline -0.003 -17"><span class='ocrx_word' id='word_1_663' title='bbox 315 4855 524 4925; x_wconf 77' lang='grc' dir='ltr'>νήσεως</span> <span class='ocrx_word' id='word_1_664' title='bbox 551 4853 813 4907; x_wconf 86' lang='grc' dir='ltr'>ἐναντίων</span> <span class='ocrx_word' id='word_1_665' title='bbox 837 4866 851 4882; x_wconf 81' lang='lat'><strong><em>°</em></strong></span> <span class='ocrx_word' id='word_1_666' title='bbox 879 4851 981 4922; x_wconf 84' lang='grc' dir='ltr'><strong>οὐχ</strong></span> <span class='ocrx_word' id='word_1_667' title='bbox 1002 4850 1144 4904; x_wconf 82' lang='grc' dir='ltr'>ὥστε</span> <span class='ocrx_word' id='word_1_668' title='bbox 1171 4850 1311 4903; x_wconf 87' lang='grc' dir='ltr'><strong>αύτά</strong></span> <span class='ocrx_word' id='word_1_669' title='bbox 1328 4850 1374 4884; x_wconf 85' lang='grc'><strong>⁸⁸</strong></span> <span class='ocrx_word' id='word_1_670' title='bbox 1424 4848 1666 4904; x_wconf 80' lang='grc' dir='ltr'>κωλῦσαι</span> <span class='ocrx_word' id='word_1_671' title='bbox 1690 4849 1783 4904; x_wconf 83' lang='grc' dir='ltr'>τοῦ</span> <span class='ocrx_word' id='word_1_672' title='bbox 1822 4849 1898 4923; x_wconf 79' lang='grc' dir='ltr'>μὴ</span> 
     </span>
    </p>
   </div>
   <div class='ocr_carea' id='block_1_94' title="bbox 315 4928 1898 5015">
    <p class='ocr_par' dir='ltr' id='par_1_94' title="bbox 315 4928 1898 5015">
     <span class='ocr_line' id='line_1_94' title="bbox 315 4928 1898 5015; baseline -0.004 -15"><span class='ocrx_word' id='word_1_673' title='bbox 315 4945 592 5015; x_wconf 83' lang='grc' dir='ltr'>γενέσθαι,</span> <span class='ocrx_word' id='word_1_674' title='bbox 630 4943 746 4998; x_wconf 82' lang='grc' dir='ltr'>ἀλλ’</span> <span class='ocrx_word' id='word_1_675' title='bbox 799 4943 943 4997; x_wconf 84' lang='grc' dir='ltr'>ὥστε</span> <span class='ocrx_word' id='word_1_676' title='bbox 973 4944 1158 5006; x_wconf 85' lang='grc' dir='ltr'>αὐτοῖς</span> <span class='ocrx_word' id='word_1_677' title='bbox 1191 4944 1265 5011; x_wconf 80' lang='grc' dir='ltr'>μὴ</span> <span class='ocrx_word' id='word_1_678' title='bbox 1323 4928 1685 5012; x_wconf 68' lang='grc' dir='ltr'>ὑποταγῆναι.</span> <span class='ocrx_word' id='word_1_679' title='bbox 1742 4942 1898 5014; x_wconf 83' lang='grc' dir='ltr'><strong>Λήθη</strong></span> 
     </span>
    </p>
   </div>
   <div class='ocr_carea' id='block_1_95' title="bbox 312 5033 1900 5105">
    <p class='ocr_par' dir='ltr' id='par_1_95' title="bbox 312 5033 1900 5105">
     <span class='ocr_line' id='line_1_95' title="bbox 312 5033 1900 5105; baseline -0.004 -12"><span class='ocrx_word' id='word_1_680' title='bbox 312 5039 372 5093; x_wconf 80' lang='grc' dir='ltr'>δὲ</span> <span class='ocrx_word' id='word_1_681' title='bbox 405 5039 503 5092; x_wconf 68' lang='grc' dir='ltr'>καὶ</span> <span class='ocrx_word' id='word_1_682' title='bbox 541 5037 758 5104; x_wconf 74' lang='grc' dir='ltr'>ἄγνοια,</span> <span class='ocrx_word' id='word_1_683' title='bbox 808 5035 904 5090; x_wconf 81' lang='grc' dir='ltr'><strong>τοῦ</strong></span> <span class='ocrx_word' id='word_1_684' title='bbox 950 5033 1215 5104; x_wconf 77' lang='grc' dir='ltr'>λογισμοῦ</span> <span class='ocrx_word' id='word_1_685' title='bbox 1265 5035 1374 5088; x_wconf 80' lang='grc' dir='ltr'>εισι</span> <span class='ocrx_word' id='word_1_686' title='bbox 1405 5033 1554 5105; x_wconf 84' lang='grc' dir='ltr'>πάθη</span> <span class='ocrx_word' id='word_1_687' title='bbox 1585 5051 1602 5066; x_wconf 76' lang='grc' dir='ltr'><strong>ο</strong></span> <span class='ocrx_word' id='word_1_688' title='bbox 1655 5033 1758 5104; x_wconf 80' lang='grc' dir='ltr'>τῆς</span> <span class='ocrx_word' id='word_1_689' title='bbox 1791 5035 1900 5105; x_wconf 81' lang='grc' dir='ltr'><strong>γὰρ</strong></span> 
     </span>
    </p>
   </div>
   <div class='ocr_carea' id='block_1_96' title="bbox 315 5127 1901 5201">
    <p class='ocr_par' dir='ltr' id='par_1_96' title="bbox 315 5127 1901 5201">
     <span class='ocr_line' id='line_1_96' title="bbox 315 5127 1901 5201; baseline -0.004 -16"><span class='ocrx_word' id='word_1_690' title='bbox 315 5131 462 5186; x_wconf 71' lang='grc' dir='ltr'>κατὰ</span> <span class='ocrx_word' id='word_1_691' title='bbox 509 5129 716 5198; x_wconf 84' lang='grc' dir='ltr'>γνῶσιν</span> <span class='ocrx_word' id='word_1_692' title='bbox 765 5127 1050 5199; x_wconf 84' lang='grc' dir='ltr'>ἐνεργείας</span> <span class='ocrx_word' id='word_1_693' title='bbox 1097 5129 1519 5201; x_wconf 79' lang='grc' dir='ltr'>ἀναιρουμένης,</span> <span class='ocrx_word' id='word_1_694' title='bbox 1577 5128 1901 5185; x_wconf 75' lang='grc' dir='ltr'>συνίσταται</span> 
     </span>
    </p>
   </div>
   <div class='ocr_carea' id='block_1_97' title="bbox 392 5343 1250 5409">
    <p class='ocr_par' dir='ltr' id='par_1_97' title="bbox 392 5343 1250 5409">
     <span class='ocr_line' id='line_1_97' title="bbox 392 5343 1250 5409; baseline 0 -10"><span class='ocrx_word' id='word_1_695' title='bbox 392 5347 438 5380; x_wconf 77' lang='grc'><strong><em>⁸³</em></strong></span> <span class='ocrx_word' id='word_1_696' title='bbox 467 5347 526 5399; x_wconf 84' lang='grc' dir='ltr'>αἱ</span> <span class='ocrx_word' id='word_1_697' title='bbox 569 5361 680 5400; x_wconf 84' lang='grc' dir='ltr'>οιη.</span> <span class='ocrx_word' id='word_1_698' title='bbox 724 5346 782 5409; x_wconf 85' lang='grc' dir='ltr'>Β,</span> <span class='ocrx_word' id='word_1_699' title='bbox 815 5346 938 5399; x_wconf 83' lang='grc' dir='ltr'>ὅσαι</span> <span class='ocrx_word' id='word_1_700' title='bbox 977 5343 1019 5399; x_wconf 89' lang='lat' dir='ltr'><strong><em>C</em></strong></span> <span class='ocrx_word' id='word_1_701' title='bbox 1068 5343 1129 5400; x_wconf 84' lang='lat' dir='ltr'><strong>P.</strong></span> <span class='ocrx_word' id='word_1_702' title='bbox 1205 5345 1250 5378; x_wconf 86' lang='grc'>³³</span> 
     </span>
    </p>
   </div>
   <div class='ocr_carea' id='block_1_98' title="bbox 316 5415 1384 5474">
    <p class='ocr_par' dir='ltr' id='par_1_98' title="bbox 316 5415 1384 5474">
     <span class='ocr_line' id='line_1_98' title="bbox 316 5415 1384 5474; baseline 0.009 -10"><span class='ocrx_word' id='word_1_703' title='bbox 316 5429 363 5464; x_wconf 75' lang='lat' dir='ltr'><strong>ar</strong></span> <span class='ocrx_word' id='word_1_704' title='bbox 421 5419 478 5470; x_wconf 78' lang='lat' dir='ltr'><strong>al</strong></span> <span class='ocrx_word' id='word_1_705' title='bbox 531 5431 642 5470; x_wconf 91' lang='lat' dir='ltr'><strong>om.</strong></span> <span class='ocrx_word' id='word_1_706' title='bbox 698 5416 758 5470; x_wconf 84' lang='grc' dir='ltr'><strong>Β.</strong></span> <span class='ocrx_word' id='word_1_707' title='bbox 873 5415 920 5448; x_wconf 85' lang='grc'><strong>³⁸</strong></span> <span class='ocrx_word' id='word_1_708' title='bbox 951 5415 1046 5470; x_wconf 76' lang='grc' dir='ltr'><strong>καὶ</strong></span> <span class='ocrx_word' id='word_1_709' title='bbox 1079 5430 1192 5471; x_wconf 91' lang='lat' dir='ltr'><strong>om.</strong></span> <span class='ocrx_word' id='word_1_710' title='bbox 1249 5415 1299 5469; x_wconf 84' lang='grc' dir='ltr'><strong>Β</strong></span> <span class='ocrx_word' id='word_1_711' title='bbox 1325 5417 1384 5474; x_wconf 84' lang='grc' dir='ltr'><strong>Ρ.</strong></span> 
     </span>
    </p>
   </div>
   <div class='ocr_carea' id='block_1_99' title="bbox 321 5484 1526 5587">
    <p class='ocr_par' dir='ltr' id='par_1_99' title="bbox 321 5484 1526 5587">
     <span class='ocr_line' id='line_1_99' title="bbox 321 5484 1526 5587; baseline 0 0"><span class='ocrx_word' id='word_1_712' title='bbox 321 5487 474 5587; x_wconf 50' lang='grc' dir='ltr'><strong>ἷζτξ</strong></span> <span class='ocrx_word' id='word_1_713' title='bbox 501 5484 678 5587; x_wconf 45' lang='lat' dir='ltr'><strong>“alii</strong></span> <span class='ocrx_word' id='word_1_714' title='bbox 692 5484 1434 5587; x_wconf 55' lang='grc' dir='ltr'><strong>ξιὲδιρδῖἷθῗιὲίέἱξῗξέξξ</strong></span> <span class='ocrx_word' id='word_1_715' title='bbox 1463 5487 1526 5587; x_wconf 64' lang='grc' dir='ltr'><strong>ξῗξ</strong></span> 
     </span>
    </p>
   </div>
   <div class='ocr_carea' id='block_1_100' title="bbox 319 5555 1706 5627">
    <p class='ocr_par' dir='ltr' id='par_1_100' title="bbox 319 5555 1706 5627">
     <span class='ocr_line' id='line_1_100' title="bbox 319 5555 1706 5627; baseline -0.004 -13"><span class='ocrx_word' id='word_1_716' title='bbox 319 5575 411 5614; x_wconf 85' lang='grc' dir='ltr'><strong>ναι</strong></span> <span class='ocrx_word' id='word_1_717' title='bbox 433 5557 498 5614; x_wconf 86' lang='lat' dir='ltr'><strong>C.</strong></span> <span class='ocrx_word' id='word_1_718' title='bbox 574 5555 622 5588; x_wconf 70' lang='lat'><strong>“</strong></span> <span class='ocrx_word' id='word_1_719' title='bbox 647 5558 680 5627; x_wconf 77' lang='grc' dir='ltr'>ἡ</span> <span class='ocrx_word' id='word_1_720' title='bbox 707 5555 920 5627; x_wconf 45' lang='grc' dir='ltr'><strong>εὐΰεϐ,</strong></span> <span class='ocrx_word' id='word_1_721' title='bbox 955 5564 1010 5612; x_wconf 88' lang='lat' dir='ltr'><strong>et</strong></span> <span class='ocrx_word' id='word_1_722' title='bbox 1041 5556 1121 5613; x_wconf 89' lang='lat' dir='ltr'><strong>sic</strong></span> <span class='ocrx_word' id='word_1_723' title='bbox 1150 5555 1436 5627; x_wconf 83' lang='lat' dir='ltr'><strong>articulum</strong></span> <span class='ocrx_word' id='word_1_724' title='bbox 1465 5558 1516 5612; x_wconf 90' lang='lat' dir='ltr'><strong>in</strong></span> <span class='ocrx_word' id='word_1_725' title='bbox 1552 5555 1706 5627; x_wconf 73' lang='lat' dir='ltr'><strong>reliq.</strong></span> 
     </span>
    </p>
   </div>
   <div class='ocr_carea' id='block_1_101' title="bbox 321 5625 1843 5698">
    <p class='ocr_par' dir='ltr' id='par_1_101' title="bbox 321 5625 1843 5698">
     <span class='ocr_line' id='line_1_101' title="bbox 321 5625 1843 5698; baseline -0.003 -16"><span class='ocrx_word' id='word_1_726' title='bbox 321 5627 369 5698; x_wconf 55' lang='grc' dir='ltr'><strong>ἕο</strong></span> <span class='ocrx_word' id='word_1_727' title='bbox 392 5625 779 5698; x_wconf 74' lang='grc' dir='ltr'>ὑπερηφάνεια</span> <span class='ocrx_word' id='word_1_728' title='bbox 828 5626 888 5693; x_wconf 89' lang='grc' dir='ltr'>Β,</span> <span class='ocrx_word' id='word_1_729' title='bbox 920 5629 1076 5698; x_wconf 85' lang='lat' dir='ltr'><strong>abest</strong></span> <span class='ocrx_word' id='word_1_730' title='bbox 1127 5625 1342 5698; x_wconf 80' lang='lat' dir='ltr'><strong>articul.</strong></span> <span class='ocrx_word' id='word_1_731' title='bbox 1378 5625 1757 5698; x_wconf 70' lang='lat' dir='ltr'><strong>ubique_C-od.</strong></span> <span class='ocrx_word' id='word_1_732' title='bbox 1783 5625 1843 5678; x_wconf 75' lang='grc' dir='ltr'><strong>υ.</strong></span> 
     </span>
    </p>
   </div>
   <div class='ocr_carea' id='block_1_102' title="bbox 324 5643 954 5800">
    <p class='ocr_par' dir='ltr' id='par_1_102' title="bbox 324 5643 954 5800">
     <span class='ocr_line' id='line_1_102' title="bbox 324 5643 948 5750; baseline -0.002 -68"><span class='ocrx_word' id='word_1_733' title='bbox 324 5643 369 5661; x_wconf 77' lang='grc'><strong>’-</strong></span> <span class='ocrx_word' id='word_1_734' title='bbox 392 5643 779 5750; x_wconf 59' lang='grc' dir='ltr'>οπερηιραγεια</span> <span class='ocrx_word' id='word_1_735' title='bbox 828 5643 888 5693; x_wconf 78' lang='grc' dir='ltr'><strong>υ,</strong></span> <span class='ocrx_word' id='word_1_736' title='bbox 920 5643 948 5681; x_wconf 89' lang='lat' dir='ltr'><strong>a</strong></span> 
     </span>
     <span class='ocr_line' id='line_1_103' title="bbox 324 5697 954 5800; baseline 0 0"><span class='ocrx_word' id='word_1_737' title='bbox 324 5697 566 5800; x_wconf 55' lang='lat'><strong>$98135.</strong></span> <span class='ocrx_word' id='word_1_738' title='bbox 595 5698 822 5800; x_wconf 61' lang='grc' dir='ltr'><strong>Ἵὶῗμῖτς</strong></span> <span class='ocrx_word' id='word_1_739' title='bbox 847 5714 954 5800; x_wconf 67' lang='lat' dir='ltr'><strong>“if</strong></span> 
     </span>
    </p>
   </div>
   <div class='ocr_carea' id='block_1_103' title="bbox 323 5766 1690 5842">
    <p class='ocr_par' dir='ltr' id='par_1_103' title="bbox 323 5766 1690 5842">
     <span class='ocr_line' id='line_1_104' title="bbox 323 5766 1690 5842; baseline 0.013 -22"><span class='ocrx_word' id='word_1_740' title='bbox 323 5769 375 5802; x_wconf 75' lang='lat'><strong>&quot;</strong></span> <span class='ocrx_word' id='word_1_741' title='bbox 409 5766 586 5839; x_wconf 71' lang='grc' dir='ltr'>σωφρ.</span> <span class='ocrx_word' id='word_1_742' title='bbox 617 5766 735 5826; x_wconf 66' lang='lat' dir='ltr'><strong>out.</strong></span> <span class='ocrx_word' id='word_1_743' title='bbox 761 5769 822 5828; x_wconf 91' lang='lat' dir='ltr'><strong>C.</strong></span> <span class='ocrx_word' id='word_1_744' title='bbox 898 5766 945 5802; x_wconf 84' lang='grc'><strong><em>⁵³</em></strong></span> <span class='ocrx_word' id='word_1_745' title='bbox 973 5767 1198 5842; x_wconf 78' lang='grc' dir='ltr'>ἀνδρίας</span> <span class='ocrx_word' id='word_1_746' title='bbox 1232 5767 1289 5822; x_wconf 73' lang='lat' dir='ltr'><strong>Bo</strong></span> <span class='ocrx_word' id='word_1_747' title='bbox 1367 5767 1410 5798; x_wconf 76' lang='lat'><strong>&quot;</strong></span> <span class='ocrx_word' id='word_1_748' title='bbox 1439 5767 1602 5820; x_wconf 54' lang='grc' dir='ltr'>αὐτὸν</span> <span class='ocrx_word' id='word_1_749' title='bbox 1629 5766 1690 5821; x_wconf 69' lang='lat' dir='ltr'><strong>C-</strong></span> 
     </span>
    </p>
   </div>
   <div class='ocr_carea' id='block_1_104' title="bbox 1277 5340 2556 5450">
    <p class='ocr_par' dir='ltr' id='par_1_104' title="bbox 1277 5340 2556 5450">
     <span class='ocr_line' id='line_1_105' title="bbox 1277 5340 2556 5416; baseline -0.006 -14"><span class='ocrx_word' id='word_1_750' title='bbox 1277 5345 1338 5416; x_wconf 84' lang='grc' dir='ltr'><strong>ψ.</strong></span> <span class='ocrx_word' id='word_1_751' title='bbox 1378 5345 1518 5400; x_wconf 64' lang='grc' dir='ltr'>εἰσιν</span> <span class='ocrx_word' id='word_1_752' title='bbox 1565 5345 1625 5405; x_wconf 79' lang='grc' dir='ltr'><strong>Β.</strong></span> <span class='ocrx_word' id='word_1_753' title='bbox 1688 5343 1732 5375; x_wconf 70' lang='grc'><strong>³⁸</strong></span> <span class='ocrx_word' id='word_1_754' title='bbox 1782 5342 1869 5398; x_wconf 86' lang='grc' dir='ltr'>ἀλ.</span> <span class='ocrx_word' id='word_1_755' title='bbox 1917 5342 1976 5396; x_wconf 72' lang='grc' dir='ltr'>δὲ</span> <span class='ocrx_word' id='word_1_756' title='bbox 2011 5341 2051 5395; x_wconf 89' lang='grc' dir='ltr'><strong>Β</strong></span> <span class='ocrx_word' id='word_1_757' title='bbox 2099 5340 2158 5396; x_wconf 80' lang='grc' dir='ltr'><strong>Ρ.</strong></span> <span class='ocrx_word' id='word_1_758' title='bbox 2235 5341 2279 5374; x_wconf 83' lang='grc'><em>³⁸</em></span> <span class='ocrx_word' id='word_1_759' title='bbox 2328 5341 2448 5406; x_wconf 76' lang='grc' dir='ltr'>νοὸς</span> <span class='ocrx_word' id='word_1_760' title='bbox 2492 5341 2556 5396; x_wconf 82' lang='lat' dir='ltr'><strong>C.</strong></span> 
     </span>
     <span class='ocr_line' id='line_1_106' title="bbox 1277 5411 2556 5450; baseline 0 0"><span class='ocrx_word' id='word_1_761' title='bbox 1277 5417 1291 5450; x_wconf 78' lang='grc' dir='ltr'><strong>ι</strong></span> <span class='ocrx_word' id='word_1_762' title='bbox 1326 5417 1364 5450; x_wconf 83' lang='lat' dir='ltr'><strong>o</strong></span> <span class='ocrx_word' id='word_1_763' title='bbox 1493 5417 1541 5450; x_wconf 73' lang='lat' dir='ltr'><strong>aa</strong></span> <span class='ocrx_word' id='word_1_764' title='bbox 1574 5415 1639 5450; x_wconf 65' lang='lat' dir='ltr'><strong>aa</strong></span> <span class='ocrx_word' id='word_1_765' title='bbox 1722 5413 1780 5450; x_wconf 54' lang='lat' dir='ltr'><strong>si</strong></span> <span class='ocrx_word' id='word_1_766' title='bbox 1822 5412 1860 5450; x_wconf 79' lang='lat' dir='ltr'><strong>n</strong></span> <span class='ocrx_word' id='word_1_767' title='bbox 1900 5413 1940 5450; x_wconf 69' lang='grc' dir='ltr'>ρ</span> <span class='ocrx_word' id='word_1_768' title='bbox 2069 5411 2115 5444; x_wconf 69' lang='grc' dir='ltr'>ιο</span> <span class='ocrx_word' id='word_1_769' title='bbox 2153 5411 2338 5450; x_wconf 51' lang='lat' dir='ltr'><strong>mnus.-</strong></span> <span class='ocrx_word' id='word_1_770' title='bbox 2395 5413 2433 5450; x_wconf 61' lang='grc' dir='ltr'><strong>ιι</strong></span> <span class='ocrx_word' id='word_1_771' title='bbox 2510 5428 2556 5450; x_wconf 81' lang='grc' dir='ltr'>ν.</span> 
     </span>
    </p>
   </div>
   <div class='ocr_carea' id='block_1_105' title="bbox 1574 5412 3230 5552">
    <p class='ocr_par' dir='ltr' id='par_1_105' title="bbox 1574 5412 3230 5552">
     <span class='ocr_line' id='line_1_107' title="bbox 1574 5412 3213 5486; baseline -0.005 -18"><span class='ocrx_word' id='word_1_772' title='bbox 1574 5415 1659 5486; x_wconf 75' lang='grc' dir='ltr'>ηδ.</span> <span class='ocrx_word' id='word_1_773' title='bbox 1722 5413 1782 5466; x_wconf 82' lang='grc' dir='ltr'>δὲ</span> <span class='ocrx_word' id='word_1_774' title='bbox 1822 5412 1860 5469; x_wconf 81' lang='grc' dir='ltr'>Β</span> <span class='ocrx_word' id='word_1_775' title='bbox 1900 5413 1964 5468; x_wconf 90' lang='lat' dir='ltr'><strong>C.</strong></span> <span class='ocrx_word' id='word_1_776' title='bbox 2069 5412 2115 5444; x_wconf 64' lang='lat'><strong>‘°</strong></span> <span class='ocrx_word' id='word_1_777' title='bbox 2153 5412 2338 5481; x_wconf 77' lang='grc' dir='ltr'>ψυχῆς</span> <span class='ocrx_word' id='word_1_778' title='bbox 2394 5413 2468 5474; x_wconf 84' lang='lat' dir='ltr'><strong>B,</strong></span> <span class='ocrx_word' id='word_1_779' title='bbox 2510 5412 2604 5463; x_wconf 74' lang='grc' dir='ltr'>καὶ</span> <span class='ocrx_word' id='word_1_780' title='bbox 2641 5412 2706 5465; x_wconf 75' lang='grc' dir='ltr'><strong>τὰ</strong></span> <span class='ocrx_word' id='word_1_781' title='bbox 2752 5412 2850 5480; x_wconf 83' lang='grc' dir='ltr'>μὲν</span> <span class='ocrx_word' id='word_1_782' title='bbox 2893 5412 2992 5478; x_wconf 84' lang='grc' dir='ltr'>τῆς</span> <span class='ocrx_word' id='word_1_783' title='bbox 3031 5412 3213 5480; x_wconf 80' lang='grc' dir='ltr'>ψυχῆς</span> 
     </span>
     <span class='ocr_line' id='line_1_108' title="bbox 1620 5477 3230 5552; baseline -0.004 -15"><span class='ocrx_word' id='word_1_784' title='bbox 1620 5485 1666 5517; x_wconf 69' lang='grc' dir='ltr'><strong>’δ’</strong></span> <span class='ocrx_word' id='word_1_785' title='bbox 1691 5483 1998 5552; x_wconf 81' lang='grc' dir='ltr'>λαιμαργία</span> <span class='ocrx_word' id='word_1_786' title='bbox 2027 5497 2136 5535; x_wconf 91' lang='lat' dir='ltr'><strong>om.</strong></span> <span class='ocrx_word' id='word_1_787' title='bbox 2166 5482 2230 5546; x_wconf 78' lang='lat' dir='ltr'><strong>C,</strong></span> <span class='ocrx_word' id='word_1_788' title='bbox 2254 5482 2696 5552; x_wconf 56' lang='grc' dir='ltr'>γαστριμαργία,</span> <span class='ocrx_word' id='word_1_789' title='bbox 2724 5481 3005 5550; x_wconf 70' lang='grc' dir='ltr'>ἁδηιραγία</span> <span class='ocrx_word' id='word_1_790' title='bbox 3030 5477 3076 5552; x_wconf 58' lang='grc' dir='ltr'><strong><em>Β</em></strong></span> <span class='ocrx_word' id='word_1_791' title='bbox 3107 5481 3230 5552; x_wconf 58' lang='lat' dir='ltr'><strong>add.</strong></span> 
     </span>
    </p>
   </div>
   <div class='ocr_carea' id='block_1_106' title="bbox 1801 5499 2590 5622">
    <p class='ocr_par' dir='ltr' id='par_1_106' title="bbox 1801 5499 2590 5622">
     <span class='ocr_line' id='line_1_109' title="bbox 1801 5499 2590 5622; baseline -0.003 -17"><span class='ocrx_word' id='word_1_792' title='bbox 1801 5499 2590 5622; x_wconf 59' lang='lat' dir='ltr'><strong>traz.?:::.;.a::m:</strong></span> 
     </span>
    </p>
   </div>
   <div class='ocr_carea' id='block_1_107' title="bbox 1935 5622 2561 5676">
    <p class='ocr_par' dir='ltr' id='par_1_107' title="bbox 1935 5622 2561 5676">
     <span class='ocr_line' id='line_1_110' title="bbox 1935 5622 2561 5676; baseline 0.003 -2"><span class='ocrx_word' id='word_1_793' title='bbox 1935 5623 1979 5656; x_wconf 65' lang='grc'>⁸³</span> <span class='ocrx_word' id='word_1_794' title='bbox 2009 5622 2189 5676; x_wconf 86' lang='grc' dir='ltr'>ἐπικλ.</span> <span class='ocrx_word' id='word_1_795' title='bbox 2224 5623 2318 5674; x_wconf 73' lang='grc' dir='ltr'>καὶ</span> <span class='ocrx_word' id='word_1_796' title='bbox 2355 5638 2465 5674; x_wconf 76' lang='lat' dir='ltr'><strong>oui.</strong></span> <span class='ocrx_word' id='word_1_797' title='bbox 2497 5622 2561 5676; x_wconf 90' lang='lat' dir='ltr'><strong>C.</strong></span> 
     </span>
    </p>
   </div>
   <div class='ocr_carea' id='block_1_108' title="bbox 960 5688 3594 5764">
    <p class='ocr_par' dir='ltr' id='par_1_108' title="bbox 960 5688 3594 5764">
     <span class='ocr_line' id='line_1_111' title="bbox 960 5688 3594 5764; baseline -0.004 -14"><span class='ocrx_word' id='word_1_798' title='bbox 960 5697 1105 5750; x_wconf 87' lang='grc' dir='ltr'>ικαθ.</span> <span class='ocrx_word' id='word_1_799' title='bbox 1131 5697 1228 5750; x_wconf 73' lang='grc' dir='ltr'>καὶ</span> <span class='ocrx_word' id='word_1_800' title='bbox 1247 5688 1560 5761; x_wconf 77' lang='grc' dir='ltr'>ἀποκνίζων</span> <span class='ocrx_word' id='word_1_801' title='bbox 1584 5694 1644 5756; x_wconf 89' lang='grc' dir='ltr'>Β,</span> <span class='ocrx_word' id='word_1_802' title='bbox 1671 5709 1855 5764; x_wconf 81' lang='grc' dir='ltr'>περικ.</span> <span class='ocrx_word' id='word_1_803' title='bbox 1887 5693 1982 5748; x_wconf 75' lang='grc' dir='ltr'>καὶ</span> <span class='ocrx_word' id='word_1_804' title='bbox 2006 5691 2230 5764; x_wconf 83' lang='grc' dir='ltr'>περιπλ.</span> <span class='ocrx_word' id='word_1_805' title='bbox 2262 5693 2320 5747; x_wconf 73' lang='lat'><strong>(3.</strong></span> <span class='ocrx_word' id='word_1_806' title='bbox 2401 5692 2444 5724; x_wconf 83' lang='lat'><strong>&quot;</strong></span> <span class='ocrx_word' id='word_1_807' title='bbox 2472 5690 2607 5747; x_wconf 83' lang='grc' dir='ltr'>παθ.</span> <span class='ocrx_word' id='word_1_808' title='bbox 2635 5691 2728 5745; x_wconf 77' lang='grc' dir='ltr'>καὶ</span> <span class='ocrx_word' id='word_1_809' title='bbox 2756 5690 2904 5761; x_wconf 73' lang='grc' dir='ltr'>ἠθῶν</span> <span class='ocrx_word' id='word_1_810' title='bbox 2934 5689 2972 5744; x_wconf 84' lang='grc' dir='ltr'><strong>Β</strong></span> <span class='ocrx_word' id='word_1_811' title='bbox 2994 5689 3035 5748; x_wconf 80' lang='lat' dir='ltr'><strong>C</strong></span> <span class='ocrx_word' id='word_1_812' title='bbox 3059 5688 3116 5744; x_wconf 84' lang='lat' dir='ltr'><strong>P.</strong></span> <span class='ocrx_word' id='word_1_813' title='bbox 3195 5689 3240 5723; x_wconf 82' lang='grc'><strong>⁸³</strong></span> <span class='ocrx_word' id='word_1_814' title='bbox 3269 5689 3432 5742; x_wconf 53' lang='grc' dir='ltr'>αὐταῦ</span> <span class='ocrx_word' id='word_1_815' title='bbox 3465 5691 3501 5738; x_wconf 77' lang='lat' dir='ltr'><strong>t;</strong></span> <span class='ocrx_word' id='word_1_816' title='bbox 3540 5691 3594 5740; x_wconf 71' lang='grc' dir='ltr'><strong>ε’.</strong></span> 
     </span>
    </p>
   </div>
   <div class='ocr_carea' id='block_1_109' title="bbox 2003 4659 3588 4732">
    <p class='ocr_par' dir='ltr' id='par_1_109' title="bbox 2003 4659 3588 4732">
     <span class='ocr_line' id='line_1_112' title="bbox 2003 4659 3588 4732; baseline -0.006 -13"><span class='ocrx_word' id='word_1_817' title='bbox 2003 4664 2342 4719; x_wconf 90' lang='lat' dir='ltr'><strong>dominatur.</strong></span> <span class='ocrx_word' id='word_1_818' title='bbox 2375 4661 2562 4732; x_wconf 88' lang='lat' dir='ltr'><strong>Neque</strong></span> <span class='ocrx_word' id='word_1_819' title='bbox 2591 4663 2737 4717; x_wconf 86' lang='lat' dir='ltr'><strong>enim</strong></span> <span class='ocrx_word' id='word_1_820' title='bbox 2763 4661 3130 4718; x_wconf 89' lang='lat' dir='ltr'><strong>consideratio</strong></span> <span class='ocrx_word' id='word_1_821' title='bbox 3157 4660 3240 4715; x_wconf 90' lang='lat' dir='ltr'><strong>sui</strong></span> <span class='ocrx_word' id='word_1_822' title='bbox 3263 4659 3433 4729; x_wconf 89' lang='lat' dir='ltr'><strong>ipsius</strong></span> <span class='ocrx_word' id='word_1_823' title='bbox 3464 4674 3588 4728; x_wconf 80' lang='lat' dir='ltr'><strong>pas-</strong></span> 
     </span>
    </p>
   </div>
   <div class='ocr_carea' id='block_1_110' title="bbox 2013 4749 3590 4826">
    <p class='ocr_par' dir='ltr' id='par_1_110' title="bbox 2013 4749 3590 4826">
     <span class='ocr_line' id='line_1_113' title="bbox 2013 4749 3590 4826; baseline -0.006 -14"><span class='ocrx_word' id='word_1_824' title='bbox 2013 4756 2298 4822; x_wconf 86' lang='lat' dir='ltr'><strong>sionibus,</strong></span> <span class='ocrx_word' id='word_1_825' title='bbox 2333 4755 2426 4810; x_wconf 90' lang='lat' dir='ltr'><strong>sed</strong></span> <span class='ocrx_word' id='word_1_826' title='bbox 2465 4755 2550 4808; x_wconf 92' lang='lat' dir='ltr'><strong>his</strong></span> <span class='ocrx_word' id='word_1_827' title='bbox 2601 4770 2724 4825; x_wconf 69' lang='lat' dir='ltr'><strong>qua:</strong></span> <span class='ocrx_word' id='word_1_828' title='bbox 2752 4754 3004 4826; x_wconf 61' lang='lat' dir='ltr'><strong>justitia»,</strong></span> <span class='ocrx_word' id='word_1_829' title='bbox 3056 4751 3446 4820; x_wconf 74' lang='lat' dir='ltr'><strong>temperantiae,</strong></span> <span class='ocrx_word' id='word_1_830' title='bbox 3482 4749 3590 4804; x_wconf 81' lang='lat' dir='ltr'><strong>lor-</strong></span> 
     </span>
    </p>
   </div>
   <div class='ocr_carea' id='block_1_111' title="bbox 2004 4843 3587 4918">
    <p class='ocr_par' dir='ltr' id='par_1_111' title="bbox 2004 4843 3587 4918">
     <span class='ocr_line' id='line_1_114' title="bbox 2004 4843 3587 4918; baseline -0.005 -14"><span class='ocrx_word' id='word_1_831' title='bbox 2004 4847 2223 4904; x_wconf 89' lang='lat' dir='ltr'><strong>titudini</strong></span> <span class='ocrx_word' id='word_1_832' title='bbox 2267 4863 2332 4903; x_wconf 89' lang='lat' dir='ltr'><strong>ac</strong></span> <span class='ocrx_word' id='word_1_833' title='bbox 2393 4846 2694 4918; x_wconf 65' lang='lat' dir='ltr'><strong>prudentiae</strong></span> <span class='ocrx_word' id='word_1_834' title='bbox 2759 4847 3000 4900; x_wconf 73' lang='lat' dir='ltr'><strong>adversa:</strong></span> <span class='ocrx_word' id='word_1_835' title='bbox 3031 4853 3181 4910; x_wconf 88' lang='lat' dir='ltr'><strong>sunt,</strong></span> <span class='ocrx_word' id='word_1_836' title='bbox 3219 4843 3532 4898; x_wconf 88' lang='lat' dir='ltr'><strong>dominatur</strong></span> <span class='ocrx_word' id='word_1_837' title='bbox 3573 4859 3587 4896; x_wconf 90' lang='lat'><strong>:</strong></span> 
     </span>
    </p>
   </div>
   <div class='ocr_carea' id='block_1_112' title="bbox 2004 4933 3590 5010">
    <p class='ocr_par' dir='ltr' id='par_1_112' title="bbox 2004 4933 3590 5010">
     <span class='ocr_line' id='line_1_115' title="bbox 2004 4933 3590 5010; baseline -0.004 -15"><span class='ocrx_word' id='word_1_838' title='bbox 2004 4957 2111 4995; x_wconf 91' lang='lat' dir='ltr'><strong>non</strong></span> <span class='ocrx_word' id='word_1_839' title='bbox 2139 4949 2320 4996; x_wconf 89' lang='lat' dir='ltr'><strong>autem</strong></span> <span class='ocrx_word' id='word_1_840' title='bbox 2351 4939 2486 5010; x_wconf 90' lang='lat' dir='ltr'><strong>ipsis</strong></span> <span class='ocrx_word' id='word_1_841' title='bbox 2512 4939 2643 5009; x_wconf 92' lang='lat' dir='ltr'><strong>quin</strong></span> <span class='ocrx_word' id='word_1_842' title='bbox 2666 4939 2800 4993; x_wconf 83' lang='lat' dir='ltr'><strong>ﬁant</strong></span> <span class='ocrx_word' id='word_1_843' title='bbox 2831 4935 3464 5004; x_wconf 80' lang='lat' dir='ltr'><strong>facultatemintercipit,</strong></span> <span class='ocrx_word' id='word_1_844' title='bbox 3495 4933 3590 4988; x_wconf 85' lang='lat' dir='ltr'><strong>sed</strong></span> 
     </span>
    </p>
   </div>
   <div class='ocr_carea' id='block_1_113' title="bbox 2004 5027 3590 5103">
    <p class='ocr_par' dir='ltr' id='par_1_113' title="bbox 2004 5027 3590 5103">
     <span class='ocr_line' id='line_1_116' title="bbox 2004 5027 3590 5103; baseline -0.005 -17"><span class='ocrx_word' id='word_1_845' title='bbox 2004 5048 2072 5088; x_wconf 89' lang='lat' dir='ltr'><strong>ne</strong></span> <span class='ocrx_word' id='word_1_846' title='bbox 2104 5032 2210 5088; x_wconf 68' lang='lat' dir='ltr'><strong>illae</strong></span> <span class='ocrx_word' id='word_1_847' title='bbox 2240 5031 2498 5103; x_wconf 83' lang='lat' dir='ltr'><strong>subjectae</strong></span> <span class='ocrx_word' id='word_1_848' title='bbox 2544 5031 2677 5102; x_wconf 89' lang='lat' dir='ltr'><strong>ipsis</strong></span> <span class='ocrx_word' id='word_1_849' title='bbox 2718 5029 3015 5086; x_wconf 88' lang='lat' dir='ltr'><strong>reddantur</strong></span> <span class='ocrx_word' id='word_1_850' title='bbox 3047 5027 3234 5083; x_wconf 81' lang='lat' dir='ltr'><strong>efﬁcit.</strong></span> <span class='ocrx_word' id='word_1_851' title='bbox 3278 5027 3590 5089; x_wconf 84' lang='lat' dir='ltr'><strong>Enimvero,</strong></span> 
     </span>
    </p>
   </div>
   <div class='ocr_carea' id='block_1_114' title="bbox 2002 5119 3594 5192">
    <p class='ocr_par' dir='ltr' id='par_1_114' title="bbox 2002 5119 3594 5192">
     <span class='ocr_line' id='line_1_117' title="bbox 2002 5119 3594 5192; baseline -0.004 -12"><span class='ocrx_word' id='word_1_852' title='bbox 2002 5124 2226 5191; x_wconf 89' lang='lat' dir='ltr'><strong>oblivio,</strong></span> <span class='ocrx_word' id='word_1_853' title='bbox 2255 5139 2356 5181; x_wconf 91' lang='lat' dir='ltr'><strong>nec</strong></span> <span class='ocrx_word' id='word_1_854' title='bbox 2389 5140 2496 5179; x_wconf 92' lang='lat' dir='ltr'><strong>non</strong></span> <span class='ocrx_word' id='word_1_855' title='bbox 2523 5122 2763 5192; x_wconf 82' lang='lat' dir='ltr'><strong>inscitia,</strong></span> <span class='ocrx_word' id='word_1_856' title='bbox 2797 5121 3256 5179; x_wconf 88' lang='lat' dir='ltr'><strong>considerationis</strong></span> <span class='ocrx_word' id='word_1_857' title='bbox 3310 5119 3594 5189; x_wconf 73' lang='lat' dir='ltr'><strong>passiones</strong></span> 
     </span>
    </p>
   </div>
   <div class='ocr_carea' id='block_1_115' title="bbox 2663 5334 3591 5406">
    <p class='ocr_par' dir='ltr' id='par_1_115' title="bbox 2663 5334 3591 5406">
     <span class='ocr_line' id='line_1_118' title="bbox 2663 5334 3591 5406; baseline -0.006 -11"><span class='ocrx_word' id='word_1_858' title='bbox 2663 5341 2708 5374; x_wconf 79' lang='lat'>“</span> <span class='ocrx_word' id='word_1_859' title='bbox 2738 5334 2814 5394; x_wconf 81' lang='grc' dir='ltr'><strong>ὧν</strong></span> <span class='ocrx_word' id='word_1_860' title='bbox 2852 5341 2982 5393; x_wconf 81' lang='grc' dir='ltr'>ἄνευ</span> <span class='ocrx_word' id='word_1_861' title='bbox 3029 5338 3294 5392; x_wconf 84' lang='grc' dir='ltr'>ἀδύνατον</span> <span class='ocrx_word' id='word_1_862' title='bbox 3327 5336 3428 5406; x_wconf 79' lang='grc' dir='ltr'><strong>ζῇν</strong></span> <span class='ocrx_word' id='word_1_863' title='bbox 3463 5337 3502 5391; x_wconf 71' lang='grc' dir='ltr'><strong>(ἶ</strong></span> <span class='ocrx_word' id='word_1_864' title='bbox 3533 5335 3591 5389; x_wconf 84' lang='lat' dir='ltr'><strong>P.</strong></span> 
     </span>
    </p>
   </div>
   <div class='ocr_carea' id='block_1_116' title="bbox 2069 5409 3599 5528">
    <p class='ocr_par' dir='ltr' id='par_1_116' title="bbox 2069 5409 3599 5528">
     <span class='ocr_line' id='line_1_119' title="bbox 2069 5409 3597 5481; baseline -0.007 -15"><span class='ocrx_word' id='word_1_865' title='bbox 2069 5411 2115 5444; x_wconf 65' lang='lat'><strong>‘°</strong></span> <span class='ocrx_word' id='word_1_866' title='bbox 2153 5411 2338 5481; x_wconf 77' lang='grc' dir='ltr'>ψυχῆς</span> <span class='ocrx_word' id='word_1_867' title='bbox 2394 5413 2468 5474; x_wconf 84' lang='lat' dir='ltr'><strong>B,</strong></span> <span class='ocrx_word' id='word_1_868' title='bbox 2510 5411 2604 5463; x_wconf 74' lang='grc' dir='ltr'>καὶ</span> <span class='ocrx_word' id='word_1_869' title='bbox 2641 5412 2706 5465; x_wconf 76' lang='grc' dir='ltr'><strong>τὰ</strong></span> <span class='ocrx_word' id='word_1_870' title='bbox 2752 5411 2850 5480; x_wconf 83' lang='grc' dir='ltr'>μὲν</span> <span class='ocrx_word' id='word_1_871' title='bbox 2893 5410 2992 5478; x_wconf 83' lang='grc' dir='ltr'>τῆς</span> <span class='ocrx_word' id='word_1_872' title='bbox 3031 5409 3213 5480; x_wconf 78' lang='grc' dir='ltr'>ψυχῆς</span> <span class='ocrx_word' id='word_1_873' title='bbox 3253 5409 3399 5474; x_wconf 84' lang='grc' dir='ltr'>πάθη</span> <span class='ocrx_word' id='word_1_874' title='bbox 3453 5412 3492 5460; x_wconf 75' lang='lat' dir='ltr'><strong>t;</strong></span> <span class='ocrx_word' id='word_1_875' title='bbox 3539 5411 3597 5459; x_wconf 76' lang='grc' dir='ltr'><strong>ι’.</strong></span> 
     </span>
     <span class='ocr_line' id='line_1_120' title="bbox 2069 5477 3599 5528; baseline -0.005 0"><span class='ocrx_word' id='word_1_876' title='bbox 2069 5499 2136 5528; x_wconf 83' lang='lat' dir='ltr'><strong>In-</strong></span> <span class='ocrx_word' id='word_1_877' title='bbox 2166 5482 2229 5528; x_wconf 72' lang='grc' dir='ltr'><strong>(Σ-</strong></span> <span class='ocrx_word' id='word_1_878' title='bbox 2254 5482 2696 5528; x_wconf 68' lang='grc' dir='ltr'>γαστριμαργία-</span> <span class='ocrx_word' id='word_1_879' title='bbox 2724 5481 3005 5528; x_wconf 65' lang='grc' dir='ltr'>ἁδτττεαγία</span> <span class='ocrx_word' id='word_1_880' title='bbox 3034 5477 3076 5528; x_wconf 91' lang='grc' dir='ltr'>Ρ</span> <span class='ocrx_word' id='word_1_881' title='bbox 3107 5481 3230 5528; x_wconf 75' lang='lat' dir='ltr'><strong>add.</strong></span> <span class='ocrx_word' id='word_1_882' title='bbox 3327 5479 3374 5509; x_wconf 75' lang='grc'>⁸³</span> <span class='ocrx_word' id='word_1_883' title='bbox 3399 5479 3599 5528; x_wconf 62' lang='grc' dir='ltr'><strong>ἑπόξ,νεσ</strong></span> 
     </span>
    </p>
   </div>
   <div class='ocr_carea' id='block_1_117' title="bbox 2686 5503 3596 5603">
    <p class='ocr_par' dir='ltr' id='par_1_117' title="bbox 2686 5503 3596 5603">
     <span class='ocr_line' id='line_1_121' title="bbox 2686 5503 3596 5550; baseline -0.01 -15"><span class='ocrx_word' id='word_1_884' title='bbox 2686 5522 2696 5535; x_wconf 94' lang='grc'>.</span> <span class='ocrx_word' id='word_1_885' title='bbox 2724 5503 3005 5550; x_wconf 67' lang='grc' dir='ltr'>αοηψαγια.</span> <span class='ocrx_word' id='word_1_886' title='bbox 3034 5503 3074 5532; x_wconf 83' lang='lat' dir='ltr'>r</span> <span class='ocrx_word' id='word_1_887' title='bbox 3107 5503 3230 5532; x_wconf 79' lang='lat' dir='ltr'><strong>uuu.</strong></span> <span class='ocrx_word' id='word_1_888' title='bbox 3331 5503 3374 5509; x_wconf 78' lang='lat'><strong>&quot;</strong></span> <span class='ocrx_word' id='word_1_889' title='bbox 3399 5503 3596 5544; x_wconf 52' lang='grc' dir='ltr'>δύναμιν</span> 
     </span>
     <span class='ocr_line' id='line_1_122' title="bbox 2686 5548 3596 5603; baseline -0.005 0"><span class='ocrx_word' id='word_1_890' title='bbox 2686 5550 2732 5581; x_wconf 77' lang='grc'>⁸⁸</span> <span class='ocrx_word' id='word_1_891' title='bbox 2762 5552 2856 5603; x_wconf 79' lang='grc' dir='ltr'>καὶ</span> <span class='ocrx_word' id='word_1_892' title='bbox 2897 5565 3008 5603; x_wconf 91' lang='lat' dir='ltr'><strong>om.</strong></span> <span class='ocrx_word' id='word_1_893' title='bbox 3030 5548 3090 5602; x_wconf 84' lang='grc' dir='ltr'><strong>Β.</strong></span> <span class='ocrx_word' id='word_1_894' title='bbox 3180 5550 3226 5581; x_wconf 73' lang='grc'><strong>⁸⁷</strong></span> <span class='ocrx_word' id='word_1_895' title='bbox 3255 5549 3362 5601; x_wconf 84' lang='grc' dir='ltr'><strong>τῶν</strong></span> <span class='ocrx_word' id='word_1_896' title='bbox 3394 5565 3502 5600; x_wconf 80' lang='lat' dir='ltr'><strong>mu.</strong></span> <span class='ocrx_word' id='word_1_897' title='bbox 3541 5549 3596 5598; x_wconf 83' lang='lat' dir='ltr'><strong>h‘.</strong></span> 
     </span>
    </p>
   </div>
   <div class='ocr_carea' id='block_1_118' title="bbox 2653 5619 3589 5675">
    <p class='ocr_par' dir='ltr' id='par_1_118' title="bbox 2653 5619 3589 5675">
     <span class='ocr_line' id='line_1_123' title="bbox 2653 5619 3589 5675; baseline -0.009 -2"><span class='ocrx_word' id='word_1_898' title='bbox 2653 5621 2699 5652; x_wconf 75' lang='grc' dir='ltr'><strong>⁵ο</strong></span> <span class='ocrx_word' id='word_1_899' title='bbox 2731 5621 2968 5673; x_wconf 71' lang='grc' dir='ltr'>ἕκαστον</span> <span class='ocrx_word' id='word_1_900' title='bbox 3008 5619 3050 5672; x_wconf 84' lang='grc' dir='ltr'><strong>Β</strong></span> <span class='ocrx_word' id='word_1_901' title='bbox 3079 5619 3122 5675; x_wconf 80' lang='lat' dir='ltr'>C</span> <span class='ocrx_word' id='word_1_902' title='bbox 3158 5619 3219 5674; x_wconf 80' lang='grc' dir='ltr'><strong>Ρ.</strong></span> <span class='ocrx_word' id='word_1_903' title='bbox 3314 5620 3356 5649; x_wconf 75' lang='grc'><strong>⁵⁸</strong></span> <span class='ocrx_word' id='word_1_904' title='bbox 3395 5621 3422 5669; x_wconf 89' lang='grc' dir='ltr'>ὁ</span> <span class='ocrx_word' id='word_1_905' title='bbox 3463 5634 3589 5667; x_wconf 64' lang='lat' dir='ltr'><strong>tw-</strong></span> 
     </span>
    </p>
   </div>
  </div>
