4006 6158
430 296 570 356 1115

1741 298 2020 356 MELETII
2062 299 2370 356 MONACHI

3559 296 3721 358 HIS

429 427 595 478 sunt;
658 429 782 469 nam
846 415 948 479 hae,
994 427 1119 468 cum
1182 412 1509 483 cognitionis
1561 413 1808 470 aufertur
1839 416 2037 484 actio,,

2132 418 2322 473 ταῦτα·
2359 417 2880 489 ἐπαναλαειϐἀνεται
2913 419 2970 470 δὲ
3005 416 3170 471 πάλιν
3210 415 3301 471 διὰ
3344 415 3567 488 μνήμης
3605 417 3720 471 καὶ

431 505 692 575 subsequi
741 503 933 560 soient.

503 598 669 668 Atqui
699 597 960 651 memoria
989 611 1087 668 per
1128 598 1588 653 reminiscentiam
1641 601 1820 655 denuo
1858 616 2016 657 resu-

434 690 601 744 mitur
633 708 645 742 :
673 689 939 758 siquidem
967 689 1231 744 memoria
1280 691 1364 759 (ut
1387 689 1709 748 Aristoteles
1751 693 1858 763 27
1899 696 2017 764 opi-

433 789 615 844 natur,
635 779 951 851 imaginatio
971 789 1076 845 est,
1102 796 1224 851 quae
1250 781 1320 836 ab
1340 781 1424 835 bis
1449 796 1571 850 qua:
1596 797 1792 839 sensus
1823 783 2016 854 depre-

433 869 695 924 henderat
711 878 975 924 remanet.
994 867 1238 924 Platonis
1250 877 1428 923 autem
1445 871 1734 934 sententia,
1751 872 2016 928 memoria

433 971 518 1014 est
536 976 733 1016 sensus
757 970 811 1016 et
849 961 1156 1016 intellectus
1185 959 1568 1026 incolumitas;
1617 962 1801 1016 anima
1842 963 2013 1032 enim,

433 1067 557 1122 qua:
573 1053 677 1106 sub
699 1067 919 1107 sensum
944 1051 1171 1119 cadunt,
1188 1068 1448 1109 sensuum
1473 1054 1649 1109 officio
1672 1055 2014 1126 adipiscitur,

435 1142 580 1196 unde
607 1141 884 1210 opinionis
933 1143 1086 1213 origo
1121 1151 1205 1199 est
1233 1161 1248 1198 :
1281 1143 1374 1199 sed
1416 1159 1511 1213 per
1562 1153 1795 1199 mentem
1837 1145 2014 1216 ipsam

435 1235 819 1290 intellectualis
869 1235 1252 1290 animadvertit
1295 1244 1349 1289 et
1398 1237 1746 1307 intelligentia
1774 1237 1851 1292 fit.
1877 1237 2014 1292 Cum

437 1325 605 1395 igitur
658 1327 773 1396 ipsa
823 1327 1006 1380 anima
1072 1325 1338 1382 formulas
1387 1343 1577 1382 eorum
1632 1344 1753 1398 quae
1799 1329 2016 1398 Opinata

437 1418 620 1473 fuerat
680 1417 1170 1488 intellexeratque,
1241 1419 1582 1482 servaverit,
1645 1418 1903 1472 memoria
1962 1419 2014 1472 id

439 1521 624 1565 tenere
675 1509 894 1563 dicitur.
942 1507 1010 1561 At
1058 1508 1336 1562 memoriae
1389 1507 1606 1562 amissa:
1651 1508 2012 1573 instauratio,

439 1602 851 1657 reminiscentia
907 1609 1032 1666 est;
1095 1599 1296 1654 oblivio
1349 1600 1495 1654 enim
1556 1601 1729 1670 ipsam
1791 1600 2019 1657 reddere

438 1693 634 1748 exilem
673 1691 830 1748 solet.
863 1690 1075 1747 Oblivio
1107 1699 1289 1746 autem
1327 1692 1608 1745 memoria:
1639 1692 1864 1746 amissio
1893 1703 2014 1758 est;

439 1799 672 1856 quarum
717 1784 886 1838 altera
926 1791 1206 1853 perpetua,
1243 1783 1412 1837 altera
1459 1798 1586 1837 vero
1668 1793 2017 1853 temporanea
2052 1803 2093 1857 Β

439 1887 546 1941 est,
597 1878 652 1930 in
705 1891 812 1946 qua
859 1874 1080 1944 quidem
1132 1874 1537 1928 reminiscentia
1595 1875 1725 1942 agit.

511 1965 768 2023 Omnium
793 1967 938 2022 enim
957 1965 1302 2020 affectionum
1323 1981 1461 2035 quas
1484 1980 1514 2018 a
1539 1965 1816 2035 voluptate
1833 1967 2022 2020 dolen~

443 2062 653 2129 tiaque,
682 2067 736 2114 et
758 2058 1054 2112 virtutibus
1081 2055 1309 2126 quaehis
1339 2057 1580 2111 adversa:
1605 2067 1731 2111 snn'.
1757 2058 2021 2126 proficisci

442 2151 812 2214 asscruimus,
853 2149 922 2203 ab
969 2147 1166 2217 triplici
1213 2146 1410 2200 animat
1445 2147 1521 2212 vi,
1555 2162 1620 2201 ac
1662 2147 1856 2210 libera,
1902 2163 2024 2218 quae

440 2242 496 2297 in
545 2240 702 2295 nobis
739 2249 824 2294 est
877 2238 1157 2292 voluntate
1186 2246 1342 2292 ortus
1388 2237 1448 2292 fit
1480 2256 1492 2292 :
1544 2237 1597 2291 in
1630 2238 1716 2292 his
1753 2238 1896 2293 enim
1928 2254 2022 2310 ge-

442 2335 714 2390 neralium
771 2333 1032 2386 virtutum
1084 2329 1283 2384 divisio
1319 2328 1627 2400 inspicitur.
1701 2330 1906 2401 Atqui.
1967 2331 2022 2385 in

445 2427 646 2481 animae
677 2425 728 2478 vi
756 2422 1031 2488 rationali,
1084 2421 1385 2491 prudentia:
1431 2424 1582 2476 locus
1621 2430 1737 2486 est;
1771 2421 1824 2475 in
1855 2438 2024 2492 appe-

445 2519 584 2575 tibili
633 2515 993 2587 temperantia
1071 2515 1431 2581 continetur,
1492 2514 1546 2568 in
1601 2514 1860 2570 irascibili
1922 2531 2024 2569 au-

446 2622 556 2667 tem
599 2608 860 2663 fortitudo
894 2607 1167 2663 consistit.
1219 2605 1437 2661 Justitia
1478 2615 1682 2670 autem,
1716 2622 1812 2676 per
1841 2607 2027 2662 liberae

447 2717 572 2773 qua:
622 2701 675 2754 in
725 2699 885 2754 nobis
935 2708 1020 2754 est
1071 2698 1370 2753 voluntatis
1417 2699 1719 2762 actionem,
1778 2699 1845 2753 ad
1908 2709 2019 2754 tres

447 2791 819 2856 distribuitur;
867 2792 970 2846 nisi
1027 2791 1173 2846 enim
1209 2791 1480 2861 quispiam
1525 2791 1752 2860 justitiae
1837 2792 2020 2846 locum

448 2898 668 2940 servare
699 2881 1062 2953 proposuerit,
1095 2897 1202 2936 non
1233 2890 1379 2937 recte
1409 2881 1462 2936 in
1487 2881 1864 2939 affectionibus
1894 2893 2025 2938 tem-

448 2977 707 3049 pet-antire
736 3016 750 3041 ,
800 2972 1138 3030 fortitudinis
1181 2989 1248 3029 ac
1300 2975 1572 3044 appetitus
1612 2975 1874 3030 rationem
1922 2975 2024 3030 ba-

448 3070 636 3125 buisse
669 3067 1125 3137 deprehendetur.
1157 3064 1316 3130 Nam,
1369 3083 1467 3138 pro
1498 3067 1843 3124 affectiouum
1878 3068 2026 3123 arbi-

2117 511 2497 580 ἀναμνήσεως.

2190 603 2347 656 Ἐστι
2384 602 2440 656 δὲ
2465 603 2654 674 μνήμη
2676 644 2691 669 ,
2723 603 2799 666 ὡς
2833 607 2933 675 μὲν
2980 606 3386 675 Ἀριστοτέλης,
3423 605 3715 672 φαντασία

2115 695 2666 767 ἐγκαταλελειμμένη
2722 697 2832 750 ἀπό
2870 715 3020 761 τινος
3065 697 3379 769 αίσθήσεως
3416 697 3516 768 τῆς
3575 699 3715 750 κατ’

2116 788 2399 859 ἐνεργείας
2413 789 2748 860 φαινομένης
2769 791 2812 822 ⁸⁷
2835 806 2848 820 ο
2871 789 2946 853 ῶς
2969 790 3026 843 δὲ
3048 789 3278 844 Πλάτων
3293 791 3360 855 ⁸⁸,
3382 791 3628 860 σωτηρία
3659 792 3720 823 "

2116 879 2426 950 αἰσθήσεώς
2459 898 2521 934 τε
2550 880 2648 934 καὶ
2677 881 2944 951 νοήσεως.
2985 881 3050 934 Ἢ
3084 882 3195 952 γὰρ
3227 881 3404 952 ψυχὴ,
3439 881 3550 933 τῶν
3601 881 3720 949 μὲν

2117 971 2393 1042 αἰσθητῶν
2443 972 2534 1026 διὰ
2589 973 2702 1027 τῶν
2751 973 3129 1044 αἰσθητηρίων
3183 972 3656 1043 ἀντιλαμϐάνεται
3696 1015 3716 1037 ,

2119 1065 2216 1120 καὶ
2249 1065 2461 1133 γίνεται
2499 1063 2630 1130 δόξα
2652 1082 2666 1096 ·
2691 1066 2802 1119 τῶν
2831 1066 2889 1120 δὲ
2919 1064 3130 1136 νοητῶν
3175 1064 3268 1120 διὰ
3312 1064 3411 1118 τοῦ
3444 1065 3560 1124 νοῦ.
3604 1067 3717 1118 καὶ

2116 1157 2330 1226 γίνεται
2365 1157 2582 1228 νόησιςο
2612 1157 2745 1211 ὅταν
2781 1153 2876 1212 οὖν
2919 1159 3049 1220 τοὺς
3081 1156 3290 1220 τύπους
3311 1196 3326 1220 ,
3373 1151 3451 1212 ὧν
3480 1174 3540 1210 τε
3586 1157 3716 1211 ἐδό-

2119 1248 2299 1314 ξασεν,
2325 1243 2400 1304 ὧν
2424 1267 2484 1303 τε
2513 1251 2702 1320 ἐνόησε
2729 1248 2991 1314 διασώζει
3017 1252 3064 1283 ⁶⁰
3089 1250 3184 1304 καὶ
3206 1251 3369 1322 τηρεῖ
3392 1251 3460 1312 ⁶¹,
3483 1267 3590 1320 μνη
3601 1267 3714 1319 μο-

2118 1343 2294 1397 νεύειν
2315 1342 2557 1412 λέγεται.
2598 1343 2934 1415 ’Δνάμνησις
2957 1344 3015 1396 δέ
3045 1344 3162 1396 ἐστι
3191 1343 3385 1414 φήμης
3447 1340 3714 1412 ἐξιτήλου

2119 1421 2420 1507 γενομένης
2451 1437 2757 1506 ἀνάκτησις
2787 1438 2832 1469 ⁶⁹
2857 1453 2870 1469 ·
2897 1437 3108 1504 γίνεται
3132 1435 3191 1490 δὲ
3219 1435 3466 1505 ἐξίτηλος
3493 1435 3561 1500 ⁸³,
3594 1434 3717 1487 ὑπὸ

2117 1528 2221 1598 τῆς
2249 1529 2440 1600 λήθης.
2472 1528 2628 1600 Λήθη
2673 1529 2732 1583 δέ
2766 1531 2884 1583 ἐστι
2915 1530 3142 1600 μνήμης
3178 1526 3424 1596 ἀποϐολή
3459 1545 3474 1558 ·
3511 1525 3632 1580 ἀλλ’
3668 1529 3709 1595 ἡ

2124 1619 2223 1688 μὲν
2255 1619 2587 1691 διηνεκὴς,ή
2621 1620 2678 1673 δὲ
2703 1621 2796 1673 ἐπὶ
2821 1620 2988 1674 ποσόν
3008 1635 3023 1651 δ
3054 1615 3122 1690 ἧς
3159 1619 3366 1689 ἐστινὴ
3393 1618 3716 1688 ἀνάμνησις

2121 1710 2301 1784 ἔργον.

2200 1969 2422 2021 Πάντων
2451 1967 2508 2022 δέ
2540 1968 2758 2037 γένεσις
2790 1969 2902 2023 τῶν
2925 1969 3345 2041 προειρημένων
3379 1969 3569 2026 παθῶν
3597 1970 3719 2025 τῶν

2126 2061 2190 2112 ἐκ
2215 2059 2315 2128 τῆς
2352 2061 2544 2130 ἡδονῆς
2575 2062 2670 2114 καὶ
2700 2061 2795 2115 τοῦ
2827 2062 2994 2114 πόνου
3019 2078 3034 2092 ο
3083 2063 3180 2114 καὶ
3225 2061 3412 2132 μέντοι
3463 2063 3560 2117 καὶ
3593 2061 3720 2116 τῶν

2125 2152 2311 2214 αὐτοῖς
2341 2152 2387 2182 ⁸⁸
2411 2153 2694 2215 ἐναντίων,
2730 2152 2978 2206 τουτέστι
3005 2153 3114 2205 τῶν
3137 2153 3350 2223 ἀρετῶν
3379 2156 3443 2208 ἐκ
3469 2152 3564 2207 τοῦ
3592 2171 3721 2226 τρι-

2129 2243 2330 2313 μεροῦς
2378 2244 2478 2313 τῆς
2529 2244 2709 2314 ψυχῆς
2742 2244 2839 2298 καὶ
2869 2245 2978 2298 τῶν
3025 2246 3069 2278 ⁸⁵
3110 2247 3197 2314 ἐφ’
3229 2247 3394 2316 ήμῖνο
3437 2247 3566 2316 περὶ
3599 2246 3722 2317 γὰρ

2123 2334 2296 2387 ταῦτα
2347 2336 2440 2388 καὶ
2469 2337 2542 2388 ἀἱ
2573 2337 2790 2403 γενικαὶ
2817 2337 3014 2406 ἀρεταὶ
3060 2337 3431 2408 διανέμονται.
3495 2337 3588 2390 Ἐν
3634 2337 3719 2408 τῷ

2125 2425 2421 2497 λογιστικῷ
2451 2427 2560 2498 γάρ
2593 2428 2741 2480 ἐστιν
2787 2429 2821 2498 ή
2853 2419 3122 2498 φρόνησις
3151 2445 3165 2458 ο
3197 2430 3256 2480 ἐν
3298 2427 3378 2498 τῷ
3431 2426 3717 2496 ἐπιθυμη-

2125 2517 2263 2589 τικῷ
2287 2557 2303 2580 ,
2339 2520 2372 2589 ἡ
2417 2520 2746 2590 σωφροσύνη
2769 2534 2782 2549 ο
2815 2519 2875 2572 ἐν
2903 2519 2982 2590 τῷ
3013 2519 3232 2590 θυμικῷ
3260 2560 3275 2587 ,
3304 2521 3338 2590 ή
3376 2519 3605 2590 ἀνδρεία
3637 2519 3712 2576 ⁸⁸.

2135 2610 2204 2664 Ἦ
2231 2610 2288 2662 δὲ
2317 2609 2660 2682 δικαιοσύνη,
2697 2614 2754 2665 ἐν
2788 2615 2902 2676 τοῖς
2930 2613 3084 2684 τρισὶ
3110 2612 3454 2682 διανέμεται,
3487 2611 3583 2664 τοῦ
3619 2613 3714 2679 ἐφ’

2127 2701 2259 2772 ἡμῖν
2291 2700 2642 2769 ἐνεργοῦντος
2665 2719 2676 2733 ·
2713 2703 2762 2755 εἰ
2796 2702 2872 2772 μὴ
2901 2703 3012 2772 γὰρ
3043 2703 3135 2756 τὸν
3162 2702 3258 2756 τοῦ
3285 2702 3500 2756 δικαίου
3539 2703 3714 2754 τόπον

2128 2792 2364 2862 φυλάξαι
2413 2811 2500 2856 τις
2543 2796 2942 2866 προαιρήσεται
2989 2795 3067 2861 ⁸⁷,
3099 2797 3162 2850 ού
3216 2798 3518 2864 σωφρονεῖν
3548 2834 3562 2856 ,
3606 2795 3718 2850 οὐκ

2127 2884 2500 2956 ἀνδρίζεσθαι,
2533 2884 2678 2938 κατά
2714 2887 2827 2938 τῶν
2859 2885 3073 2950 παθῶν,
3107 2885 3170 2939 οὐ
3201 2883 3383 2948 καλῶς
3419 2883 3715 2952 ἐπιθυμεῖν

2129 2975 2371 3046 θελήσει.
2409 2976 2485 3029 Τὸ
2542 2976 2600 3030 δὲ
2637 2979 3030 3050 προαιρεῖσθαι
3077 2977 3111 3048 ἢ
3165 2975 3346 3030 θέλειν
3391 2977 3486 3028 τοῦ
3538 2977 3583 3006 ⁸⁸
3623 2977 3715 3043 ἐφ’

2127 3068 2262 3138 ἡμῖν
2295 3069 2479 3121 ἐστιν’
2527 3069 2613 3138 ἐφ’
2659 3070 2795 3139 ήμῖν
2825 3068 2934 3140 γάρ
2966 3070 3087 3122 ἐστι
3115 3069 3158 3103 ⁸⁸
3195 3069 3256 3124 τὸ
3289 3070 3539 3133 δικαίους
3567 3065 3717 3124 εἶναι

447 3162 555 3217 trio
610 3159 808 3227 eligere
857 3167 952 3211 aut
998 3157 1134 3210 velle
1175 3156 1472 3225 quidpiam,
1509 3159 1560 3212 id
1599 3168 1800 3214 nostrae
1830 3161 2024 3213 volun-

2132 3159 2160 3228 ἢ
2191 3159 2430 3224 ἀδίκους,
2463 3160 2786 3224 σπουδαίους
2810 3160 2845 3231 ἢ
2877 3161 3134 3230 ἀμαθεῖς,
3173 3162 3436 3224 συνετοὺς
3459 3162 3493 3230 ἢ
3533 3161 3718 3231 ἀφρο-

449 3250 578 3304 tatis
615 3259 730 3308 est;
779 3247 832 3300 in
873 3246 1030 3300 nobis
1075 3245 1222 3298 enim
1253 3254 1374 3313 est,
1419 3257 1479 3301 ut
1510 3248 1644 3318 justi
1687 3250 1768 3303 vel
1802 3250 2023 3319 injuSti,

449 3354 478 3394 ε
507 3337 681 3391 ndiosi
727 3334 807 3388 VL'l
853 3348 883 3387 a
923 3333 1118 3388 studiis
1177 3332 1362 3398 alieni,
1420 3334 1710 3404 prudentes
1754 3346 1847 3389 aut
1895 3336 2028 3390 insi-

451 3431 663 3500 pientes
701 3425 1013 3479 reddamur.
1058 3423 1338 3494 Siquidem
1386 3426 1630 3481 studium
1661 3427 1712 3480 iu
1749 3444 1806 3481 re
1844 3429 2024 3497 aliqua

452 3520 733 3581 adhibere,
782 3532 844 3572 ac
886 3517 940 3570 in
989 3529 1054 3571 eo
1095 3518 1360 3583 exerceri,
1409 3518 1584 3572 nostri
1621 3519 1832 3574 arbitrii
1884 3535 2025 3583 esse.

455 3611 588 3665 nulli
639 3625 744 3664 non
798 3615 1144 3678 perspectum
1191 3609 1455 3677 habetur;
1507 3625 1618 3665 non
1661 3611 1807 3681 quod
1849 3611 2030 3667 studia

456 3712 574 3783 ipsa
610 3711 830 3766 habitus
859 3712 993 3775 sint,
1029 3710 1122 3766 sed
1150 3709 1294 3780 quod
1334 3709 1468 3779 ipsis
1491 3709 1877 3776 dominantur;
1905 3726 2028 3765 nam

456 3804 640 3858 Blu'lia
703 3803 980 3858 habilibus
1032 3801 1302 3857 dominari
1366 3800 1716 3857 manifestum
1779 3803 2028 3858 habetur.

455 3895 808 3950 Consuetudo
852 3909 982 3949 vero
1016 3893 1316 3949 adventitia
1367 3902 1559 3948 natura
1589 3903 1692 3949 est.
1747 3892 1805 3948 Si
1851 3903 2031 3950 autem

459 3987 698 4043 studium
755 3986 965 4042 babitui
1019 3986 1352 4051 dominatur,
1410 3986 1558 4056 quod
1601 3986 1776 4040 nostri
1821 3987 2033 4042 arbitrii

458 4089 563 4149 est,
611 4091 664 4134 et
716 4080 938 4135 habitus
996 4080 1171 4136 nostri
1229 4079 1440 4134 arbitrii
1509 4089 1660 4136 sunt.
1741 4077 2034 4138 Enimvero

459 4188 692 4244 quarum
722 4186 900 4226 rerum
925 4179 1116 4225 nostro
1133 4170 1186 4224 in
1211 4171 1441 4225 arbitrio
1464 4170 1680 4224 habitus
1697 4178 1799 4230 est.
1819 4184 2036 4223 earum-

457 4266 581 4320 dem
609 4272 661 4318 et
698 4263 942 4318 actiones
983 4277 1106 4333 qua:
1139 4263 1208 4317 ab
1252 4261 1439 4316 habitu
1486 4259 1813 4330 proveniunt
1845 4268 2036 4314 nostro

461 4356 516 4411 in
563 4356 789 4410 arbitrio
833 4364 961 4411 sunt
1006 4372 1020 4409 :
1078 4353 1350 4424 siquidem
1406 4353 1652 4408 actiones
1701 4351 1770 4406 ad
1817 4351 2036 4406 habitus

2133 3268 2252 3314 νας.
2294 3253 2368 3304 Τὸ
2415 3252 2526 3323 γὰρ
2575 3252 2868 3324 μελετᾷνῆ
2924 3253 3403 3323 ἐπιγυμνάζεσθαι
3461 3255 3511 3285 ⁷⁸
3563 3253 3720 3323 παρὰ

2135 3344 2303 3396 πᾶσιν
2337 3342 2688 3415 ὡμολόγηται
2721 3345 2802 3397 ὅτι
2835 3345 2923 3413 ἐφ’
2951 3345 3086 3414 ήμῖν
3114 3362 3126 3375 ·
3159 3346 3259 3415 οὐχ
3289 3345 3366 3408 ὼς
3389 3344 3558 3410 ἕξεις,
3597 3344 3720 3398 ἀλλ’

2136 3434 2211 3498 ὡς
2265 3435 2458 3504 κύριαι
2486 3434 2596 3488 τῶν
2622 3435 2790 3501 ἕξεων
2811 3451 2826 3466 ·
2878 3436 2934 3488 αἱ
2966 3434 3066 3504 μὲν
3095 3435 3206 3505 γὰρ
3245 3434 3472 3505 μελέται
3525 3435 3721 3505 κύριαι

2135 3526 2244 3581 τῶν
2273 3527 2439 3593 ἕξεων
2467 3529 2532 3582 ⁷¹.
2564 3527 2638 3580 Τὸ
2662 3527 2722 3581 δὲ
2751 3526 2894 3592 ἔθος,
2928 3528 3094 3597 φύσις
3127 3528 3446 3597 ἐπίκτητος.
3492 3529 3558 3581 Ἠ
3582 3527 3640 3582 δὲ
3671 3530 3721 3563 ⁷³

2137 3617 2306 3688 κυρία
2337 3619 2436 3688 τῆς
2475 3617 2642 3683 ἓξεώς
2669 3621 2819 3673 ἐστιν
2853 3620 2886 3690 ἡ
2939 3618 3140 3690 μελέτη
3173 3620 3217 3652 ⁷³
3244 3633 3258 3647 ⁸
3301 3620 3387 3686 ἐφ’
3433 3621 3564 3689 ἡμῖν
3597 3619 3655 3672 δὲ
3681 3623 3722 3691 ἡ

2140 3709 2366 3780 μελέτη,
2417 3711 2503 3780 ἐφ’
2533 3695 2668 3781 ήμῖν
2714 3710 2760 3743 ⁷⁸
2792 3711 2888 3764 καὶ
2915 3713 2948 3780 ἡ
2981 3711 3096 3776 ἕξις
3121 3727 3135 3741 °
3172 3704 3248 3764 ὧν
3278 3712 3335 3766 δὲ
3369 3713 3455 3782 ἐφ’
3492 3713 3627 3782 ἡμῖν
3658 3714 3727 3765 at

2137 3799 2303 3865 ἕξεις,
2332 3801 2539 3856 τούτων
2570 3801 2659 3872 ἐφ’
2685 3803 2820 3874 ἡμῖν
2855 3803 2952 3857 καὶ
2981 3806 3040 3856 αι
3069 3804 3324 3874 πράξεις,
3351 3806 3408 3857 αἱ
3445 3805 3588 3859 κατά
3617 3805 3726 3868 τὰς

2137 3888 2280 3955 ἔξεις
2306 3908 2320 3921 ·
2352 3893 2474 3956 ταῖς
2517 3893 2628 3964 γάρ
2657 3892 2805 3957 ἕξεσι
2843 3894 2890 3925 ⁷⁵
2921 3895 2977 3946 αἱ
3020 3893 3248 3964 πράξεις
3297 3894 3621 3965 πρόσφοροι.
3660 3893 3729 3946 ὐ

2139 3979 2248 4050 ἄρα
2277 3979 2495 4037 δικαίαν
2540 3984 2655 4052 ἕξιν
2693 3983 2835 4054 ἔχων
2868 3985 2912 4017 ⁷⁸
2940 3985 3125 4038 δίκαια
3165 3985 3365 4056 πράξει
3387 4001 3400 4014 ·
3433 3985 3638 4055 ὁμοίως
3671 3985 3723 4016 ⁷⁷

2141 4074 2238 4126 καὶ
2269 4072 2298 4125 ὁ
2327 4073 2514 4128 ἄδικον
2542 4076 2606 4128 τὸ
2634 4075 2904 4130 ἀνάπαλιν
2930 4092 2944 4106 ·
2985 4077 3102 4131 τῶν
3128 4077 3238 4148 γάρ
3271 4077 3473 4148 ἐπίσης
3508 4077 3725 4146 ἐνδεχο-

2145 4165 2346 4236 μένων,
2373 4169 2536 4238 ἡμεῖς
2559 4167 2741 4240 κύριοι
2771 4169 2852 4240 τῷ
2879 4169 2925 4202 ⁷⁸
2952 4171 3198 4241 ἐνεργεῖν
3226 4187 3241 4202 ο
3267 4169 3469 4238 ἐπίσης
3490 4168 3550 4222 δέ
3573 4171 3726 4222 ἐστιν

2142 4257 2494 4328 ἐνδεχόμενον
2539 4259 2569 4312 δ
2615 4260 2748 4314 αύτό
2791 4277 2851 4314 τε
2898 4261 3178 4330 δυνάμεθα
3226 4263 3268 4295 ⁷⁸
3293 4263 3489 4324 ποιεῖν,
3536 4261 3634 4313 καὶ
3663 4261 3728 4313 τδ

2142 4349 2526 4418 ἀντικείμενον
2564 4351 2713 4423 αύτῷ
2745 4352 2792 4384 ⁸⁸
2815 4369 2829 4384 ·
2868 4355 3106 4406 ποιεῖται
3138 4353 3182 4384 ⁸⁸
3217 4351 3272 4405 δὲ
3303 4351 3513 4406 τούτων
3544 4352 3590 4384 ⁸³
3625 4352 3725 4422 τὴν

461 4456 607 4502 recte
668 4445 1172 4501 accommodantur.
1221 4443 1324 4510 Qui
1384 4445 1531 4499 enim
1568 4443 1794 4514 justiti-.12
1845 4441 2031 4496 habitu

2145 4439 2359 4514 αἵρεσιν
2397 4441 2427 4494 ὁ
2459 4441 2584 4506 νοῦς
2618 4445 2647 4497 ὁ
2677 4444 2947 4515 ἡμέτερος
2973 4459 2987 4472 ·
3041 4438 3197 4507 οὗτος
3252 4443 3362 4513 γάρ
3390 4447 3542 4497 ἐστιν
3578 4444 3726 4514 ἀρκῆ

461 4540 718 4610 ριίειιίιυε
755 4540 866 4609 28
894 4547 999 4603 est,
1034 4537 1182 4606 justa
1207 4545 1497 4606 operatur;
1536 4511 1591 4589 et
1614 4535 1806 4590 eodem
1841 4533 2028 4594 modo.

2137 4511 2394 4604 πράξεων
2417 4551 2432 4566 ο
2466 4536 2618 4607 καὶὴ
2653 4511 2818 4608 βουλὴ
2849 4511 2897 4568 ⁸⁷³
2930 4537 3042 4591 τῶν
3072 4537 3159 4606 ἐφ’
3183 4511 3503 4606 ήμῖνήέστιν
3535 4511 3726 4606 ὥσπερ

459 4631 552 4701 qui
589 4631 889 4700 injustitiae,
929 4629 1145 4684 diversa
1195 4628 1355 4697 agit:
1413 4627 1680 4696 siquidem
1723 4641 1846 4696 quae
1889 4625 2037 4695 justa

461 4721 672 4775 ratione
694 4721 1010 4792 contingere
1028 4728 1282 4790 possunt,
1307 4717 1564 4786 perficere
1582 4727 1780 4773 nostra:
1810 4717 2038 4773 faculta-

460 4813 533 4868 tis
551 4821 634 4867 cst
655 4831 666 4865 :
686 4827 900 4875 verum,
919 4807 1226 4881 quod’jusla
1258 4809 1472 4864 ratione
1493 4809 1808 4878 contingere
1837 4817 2034 4878 potest,

461 4905 594 4961 illud
615 4906 757 4976 quod
784 4921 883 4961 nos
903 4903 1118 4962 efﬁcere
1135 4919 1429 4974 possumus
1447 4913 1549 4970 est;
1571 4918 1678 4958 non
1701 4915 1880 4958 autem
1894 4903 2040 4975 quod

2139 4628 2233 4679 καὶ
2282 4627 2315 4696 ἡ
2368 4626 2722 4698 προαίρεσιςο
2761 4627 3042 4698 ὁρίζονται
3099 4626 3209 4695 γὰρ
3241 4627 3342 4696 τὴν
3399 4627 3726 4698 προαίρεσιν

2137 4715 2318 4789 ὄρεξιν
2353 4719 2707 4791 βουλευτικὴν
2737 4719 2786 4751 ⁸⁸
2813 4720 2922 4773 τῶν
2949 4721 3035 4790 ἐφ’
3068 4721 3202 4789 ἡμῖν
3227 4735 3240 4750 ο
3289 4718 3590 4773 καὶταῦτα
3626 4721 3725 4787 μὲν

2137 4812 2268 4879 περὶ
2289 4810 2383 4865 τοῦ
2414 4811 2714 4884 τριμεροῦς
2742 4813 2812 4878 ⁸⁵,
2846 4813 2970 4866 ὅσον
3003 4812 3200 4884 μαθεῖν
3233 4811 3292 4878 ἐξ
3320 4813 3509 4880 ὀλίγου
3547 4813 3715 4866 πόθεν

2147 4904 2182 4973 ή
2215 4903 2425 4958 τούτων
2461 4904 2630 4975 ὁρμή.

461 4998 590 5052 huic
617 4999 1046 5069 contrapositum
1076 4997 1340 5052 habetur:
1375 5004 1430 5050 et
1485 4995 1704 5065 quidem
1758 5010 1913 5050 mens
1963 5004 2149 5050 nostra
2222 4994 2504 5050 voluntate
2553 4996 2790 5065 primum
2818 4995 3027 5057 utitur;
3090 5010 3217 5050 nam
3269 4995 3384 5050 Iuec
3443 4995 3721 5050 actionum

463 5092 790 5164 principium
844 5103 927 5149 est
965 5111 978 5148 :
1011 5101 1064 5147 et
1100 5088 1560 5163 quemadmodum
1601 5088 1852 5143 voluntas
1897 5088 2034 5158 ipsa,
2074 5087 2264 5143 eodem
2300 5098 2458 5158 pacto
2521 5098 2575 5143 et
2605 5089 2896 5144 consilium
2927 5087 3099 5143 nostri
3160 5087 3374 5141 arbitrii
3435 5087 3669 5142 habetur
3703 5105 3718 5150 ;

463 5202 591 5243 nam
627 5189 958 5243 voluntatem
991 5187 1190 5258 ipsam,
1221 5200 1404 5240 rerum
1465 5199 1589 5254 quae
1620 5183 1788 5237 nostri
1845 5182 2056 5237 arbitrii
2118 5196 2246 5238 sunt
2306 5183 2623 5252 appetitum.
2672 5183 2915 5252 quicum
2952 5181 3185 5237 consilio
3210 5181 3288 5247 fit,
3319 5194 3445 5236 esse
3477 5179 3724 5234 nonnulli

537 5348 583 5382 ⁸⁷
615 5343 892 5417 κατάᾑμὲν
932 5346 1318 5417 Ἀριστοτέλην
1361 5351 1632 5416 φαντασία
1679 5346 1802 5403 κατ’
1841 5346 2126 5417 ἐνέργειαν
2156 5344 2456 5414 φαινομένη
2635 5340 2693 5405 Ρ,
2718 5339 3224 5417 ἐγκαῖᾳλξλειμέξη

1023 5419 1080 5472 δὲ
1137 5420 1235 5492 In.
1269 5414 1407 5492 φησὶ
1450 5421 1511 5492 7C
1571 5421 1630 5476 Ρ.
1672 5491 1677 5492 γ
1722 5419 1768 5451 ⁸⁸
1804 5415 2002 5492 ΔαἰτίαΔ
2039 5425 2238 5492 textus,
2293 5433 2385 5492 ῃ).
2441 5414 2543 5486 σύῤ

465 5420 730 5477 Πλάτωνα
760 5414 822 5477 Β,
888 5417 965 5480 ὡς

3427 5337 3476 5370 ⁵⁸
3504 5334 3647 5389 κατά
3671 5333 3726 5385 δέ

3544 5407 3584 5437 ⁸⁸
3632 5403 3729 5456 καὶ

2550 5415 2670 5483 ροια
2718 5405 2787 5483 P7.
2834 5481 2841 5483 Α
2886 5411 2933 5483 ⁸⁸⁷
2983 5405 3226 5483 summ
3279 5405 3445 5483 §_P.

463 5463 861 5562 ἑῖἒέῖῗόῶἷξιδ
891 5463 1080 5562 ’ρῬῗ
1125 5463 2008 5562 δῖ”ιὶνΪῚὲἷτὺ-ἶληὲἶιένης1ῧῖίῖ
2034 5463 2261 5562 ίέἓίιέέῐο
2290 5463 2669 5562 ἀῖξέικέίὲὲὲς-
2730 5482 2792 5562 ,ξ’
2829 5463 3398 5562 ιξιξεὲηετμέθὲἣνο
3475 5473 3729 5562 ἓν.αὲ

465 5557 580 5630 τοῖς
613 5560 678 5630 ᾼ.
771 5558 817 5590 σε
849 5557 955 5630 eos,
977 5559 1019 5612 Β
1052 5561 1093 5630 (ι
1125 5557 1226 5614 Ρ.’
1310 5561 1355 5593 ι·
1387 5557 1583 5630 ἀνδρία
1618 5561 1679 5615 Β.

1811 5559 1853 5591 ⁸⁷
1897 5556 2132 5626 προαιρή

2140 5541 2302 5624 σηξαι
2332 5555 2395 5609 C.
2503 5541 2687 5624 ⁸’λιτῶν
2725 5550 2788 5624 C.
2865 5553 2907 5624 °’_
2934 5541 3178 5624 ἐφ’]ήμῖν
3292 5547 3484 5624 ἀρχειν
3664 5541 3726 5624 ιι.

463 5613 635 5702 ἶξέῑτι
669 5628 1132 5702 “suavitas”:
1275 5633 1318 5702 ’3
1358 5613 1677 5702 eam
1709 5629 1837 5684 BC-
1898 5613 2208 5702 ⁷”,εέ.δξξ¹³·’
2258 5625 2316 5702 ,⁷3
2354 5625 2538 5702 ήμελ·
2574 5623 2630 5702 ἐδ
2659 5622 2826 5702 κυρία
2855 5613 3154 5702 Ῥῆςέεέυο
3204 5613 3392 5702 1‘31”
3423 5613 3728 5702 1543?!!-

543 5696 702 5781 ἕξεις.
831 5696 840 5699 ⁷
865 5698 949 5781 ﬂ"
987 5699 1125 5781 ῑχων
1151 5696 1420 5781 ἐξινΒ.’.·
1439 5701 1481 5781 7:
1515 5703 1542 5754 ὁ

1549 5701 1733 5770 μοίωςί
1938 5695 2149 5770 διες.

2258 5696 2304 5727 η
2339 5681 2432 5747 ea;
2480 5695 2520 5746 ε
2574 5693 2630 5748 ρ.
2736 5681 2784 5722 '7’
2812 5681 2942 5744 αιτὶ,
2976 5681 3156 5742 δ’δυν.
3200 5689 3241 5742 c
3291 5681 3360 5742 ρ.
3427 5681 3476 5719 α
3505 5683 3640 5739 αὐτὸ
3670 5681 3729 5736 Β.

474 5766 516 5797 ³³
557 5757 702 5818 ποιεῖ
726 5763 787 5819 Β.
865 5767 911 5799 ⁸³
943 5757 1136 5822 τούτου
1166 5757 1209 5824 (Ξ
1237 5769 1300 5824 Ρ.
1375 5770 1420 5802 ⁸³
1451 5757 1614 5841 βουλὴ
1643 5757 1760 5823 seu
1787 5769 1846 5823 Ρ.
1931 5768 1974 5799 ³⁸
2005 5763 2186 5835 ὄρεξις
2213 5764 2529 5834 βουλευτική
2565 5764 2628 5816 Α.
2704 5763 2748 5794 ⁸⁸
2781 5761 2840 5814 τὸ
2876 5759 3135 5831 τριμερές
3169 5759 3209 5812 Δ
3238 5757 3278 5813 C
3313 5757 3372 5811 Ρ.
