4040 6150
382 258 514 318 1121
584 208 587 211 Ι

1596 259 1683 314 Ι)ιέ
1725 258 2008 316 ΝΛΉΙΒᾹ
2054 258 2360 315 HOMIMS.

3509 267 3648 323 Ηαέ

449 370 693 435 Ταύταις
720 371 815 425 οὖν
850 374 973 436 ταῖς
1001 372 1151 443 τρισὶ
1188 370 1486 442 δυνάμεσιν
1536 370 1740 436 ἔξωθεν
1775 373 1964 426 ἐπεισ-

2140 371 2339 429 Tribus
2369 374 2453 429 bis
2472 373 2634 445 igitur
2661 392 2799 446 quas
2824 377 3249 435 memoravimus
3271 380 3644 450 facultatibus,

377 466 574 532 ἀγεται
594 462 655 516 τὺ
674 457 1015 536 κατάλληλον
1035 463 1133 535 τῆς
1159 462 1468 533 δυνάμεως.
1482 462 1583 518 Διά
1601 463 1703 534 μὲν
1726 464 1836 537 γὰρ
1864 464 1965 536 τῆς

375 553 610 626 τροφῆς,
657 553 716 608 αί
747 551 844 609 τοῦ
899 554 1135 624 αἵματος
1167 555 1347 624 πηγαὶ
1376 553 1436 622 ἐξ
1460 556 1673 627 ἥπατος
1703 555 1962 629 βρύουσι’

374 646 438 700 τὸ
469 645 527 700 δέ
567 644 864 719 ἐγκάρδιον
899 645 1121 717 πνεῦμα
1147 645 1237 701 διά
1263 645 1357 702 τοῦ
1394 647 1640 716 γείτονος
1669 649 1964 717 ἐπεισάγε-

375 753 465 789 ται
493 738 812 808 σπλάγχνου
834 753 849 768 ο
878 737 907 790 δ
936 738 991 775 ¹’«
1006 737 1256 791 καλεῖται
1292 737 1391 809 μὲν
1439 737 1725 809 πνεύμων,
1754 738 1871 793 ἐστι
1907 738 1965 793 δὲ

375 828 471 883 τοῦ
501 830 546 862 ⁸⁸
577 830 745 903 ἀέρος
774 829 986 900 δοχεῖον
1015 828 1106 883 διά
1134 830 1235 902 τῆς
1260 829 1593 900 ἐγκειμένης
1618 829 1765 901 αὐτῷ
1796 832 1967 905 ἀρτη-

380 920 524 990 ρίας,
558 922 659 989 τῆς
704 921 800 974 ἐπὶ
826 920 889 974 τὸ
920 920 1100 991 στόμα
1128 917 1394 991 ἀγούσης,
1425 919 1485 972 τὸ
1514 917 1716 984 ἔξωθεν
1747 918 1966 991 πνεῦμα

374 1010 440 1061 το
473 1012 531 1062 ἐν
564 1010 688 1072 ταῖς
717 1010 1020 1073 ἀναπνοαῖς
1068 1007 1460 1079 ἐφελκόμενον.
1493 1007 1655 1062 Κατά
1682 1007 1743 1064 τὸ
1795 1009 1964 1081 μέσον

374 1101 430 1154 δὲ
462 1100 644 1157 αὐτῶν
687 1101 731 1134 ⁸³
770 1102 803 1170 ἡ
850 1098 1054 1172 καρδία
1086 1099 1482 1171 ἐνειλημμένη,
1535 1099 1682 1154 κατὰ
1732 1099 1966 1169 μίμησιν

376 1194 475 1262 τῆς
523 1192 621 1246 τοῦ
685 1192 1001 1265 ἀεικινήτου
1052 1192 1226 1263 πυρὸς
1265 1192 1550 1263 ἐνεργείας
1603 1189 1968 1254 ἀδιαλείπτως

378 1287 471 1338 καὶ
502 1284 643 1355 αὑτὴ
673 1285 997 1356 κινουμένη,
1031 1285 1182 1339 ἕλκει
1217 1284 1353 1357 πρὸς
1387 1284 1588 1353 ἑαυτὴν
1624 1286 1690 1337 ἐκ
1726 1282 1822 1337 τοῦ
1859 1300 1967 1336 πα-

380 1378 704 1448 ρακειμένου
749 1374 830 1448 τῷ
858 1377 1129 1449 πνεύμονι
1159 1377 1204 1409 ⁸⁵
1255 1376 1475 1446 πνεῦμα
1528 1374 1875 1448 πληροῦσθαι
1919 1374 1966 1407 ⁸³

376 1472 440 1538 τῇ
478 1468 733 1539 διαστολῇ
781 1469 880 1532 τὰς
915 1469 1273 1539 κοιλότητας·
1320 1469 1415 1521 καὶ
1462 1467 1524 1520 τὸ
1571 1466 1823 1533 πυρῶδες
1865 1466 1967 1521 αὐ-

375 1561 474 1629 τῆς
527 1559 574 1590 ⁵⁸
646 1559 1044 1629 ἐκριπίζουσα,
1120 1563 1242 1623 ταῖς
1320 1558 1611 1630 ἐχομέναις
1670 1559 1966 1631 ἀρτηρίαις

258 1680 274 1692 ο
377 1654 595 1723 tumet,
645 1656 741 1707 καὶ
789 1652 952 1707 τοῦτο
987 1652 1221 1706 ποιοῦσα
1273 1653 1333 1705 οὐ
1389 1651 1693 1705 διαλείπειο
1744 1650 1808 1704 τδ
1862 1651 1964 1723 μὲν

2067 463 2213 532 quod
2244 464 2443 533 cuique
2481 476 2770 536 congruat,
2800 468 3146 531 extrinsecus
3169 469 3642 525 subministratur.

2068 555 2370 626 Siquidem,
2406 556 2648 614 alimenti
2679 560 2875 630 gratia,
2926 575 3026 614 ceu
3072 559 3319 616 fmiticnli
3363 564 3646 633 sanguinis

2065 663 2096 702 a
2140 647 2384 717 jecinore
2409 658 2652 718 scatent;
2686 666 2783 706 cor
2828 661 3011 707 autem
3036 652 3106 707 ab
3140 664 3288 718 esto,
3318 655 3409 709 cui
3442 671 3646 711 nomen

2066 739 2273 807 pulmo,
2301 740 2373 793 ob
2406 741 2526 811 ejus
2560 740 2816 815 viciniam
2860 741 3115 811 spiritum
3152 752 3457 801 mutuatur.
3504 744 3644 802 Nam

2065 829 2274 900 pulmo,
2332 831 2545 885 arteriae
2594 846 2717 901 quae
2770 831 2873 886 sibi
2911 832 3212 886 acclinatur
3252 833 3451 900 cilicio,
3500 838 3647 892 aeris

2077 919 2482 989 receptaculum
2539 930 2648 987 est,
2680 920 2774 990 qui
2838 921 3113 990 spiritum,
3143 923 3234 992 qui
3288 926 3648 995 respiratione

2067 1008 2137 1063 ab
2155 1009 2521 1066 exterioribus
2550 1010 2863 1075 attrahitur,
2891 1008 2959 1064 ad
2984 1027 3048 1066 os
3067 1013 3336 1081 perducit.
3367 1016 3471 1087 31
3504 1016 3644 1073 Cum

2068 1098 2122 1152 in
2156 1099 2337 1153 medio
2368 1097 2489 1168 ejus
2532 1112 2627 1154 cor
2659 1098 2926 1155 insertum
2975 1099 3261 1169 consistat,
3291 1106 3437 1173 quod
3471 1106 3644 1161 instar

2066 1196 2329 1258 perpetuo
2358 1188 2627 1243 moventis
2680 1188 2822 1259 ignis
2853 1204 3135 1259 nunquam
3175 1191 3457 1251 desinente
3487 1205 3643 1252 motu

2067 1289 2323 1357 agitatur,
2354 1287 2484 1341 dum
2511 1286 2631 1357 ejus
2659 1301 2792 1342 cava
2818 1302 2932 1357 prae
2977 1288 3064 1343 sui
3104 1290 3421 1346 extensione
3447 1291 3645 1361 spiritu

2066 1380 2368 1448 replentur,
2403 1393 2567 1447 quem
2605 1378 2671 1432 ad
2704 1391 2764 1434 se
2800 1377 2873 1433 ab
2903 1377 3008 1434 sibi
3037 1378 3349 1435 adharente
3386 1382 3646 1450 pulmone

2065 1470 2309 1535 attrahit,
2359 1470 2511 1535 illud,
2543 1469 2768 1540 quodin
2817 1470 2936 1540 ipso
2994 1470 3212 1540 igneum
3258 1479 3344 1527 est
3390 1471 3644 1539 calando,

2066 1563 2285 1617 arteriis
2341 1576 2463 1631 quae
2514 1560 2589 1615 illi
2647 1560 2910 1630 proxima:
2968 1569 3098 1617 sunt
3142 1562 3391 1633 inspirat,
3447 1572 3501 1619 et
3544 1563 3649 1620 hoc

2065 1653 2284 1723 quidem
2326 1667 2527 1707 munus
2584 1666 2865 1721 nunquam
2911 1650 3180 1710 destituit.
3227 1650 3505 1726 Siquidem
3553 1668 3650 1710 cor

377 1741 580 1804 ἔξωθεν
613 1741 705 1796 διὰ
734 1741 835 1812 τῆς
875 1741 1167 1811 διαστολῆς
1208 1743 1289 1803 είς
1317 1741 1419 1804 τάς
1453 1741 1592 1804 ίδίας
1636 1739 1960 1813 κοιλότητας

2070 1759 2225 1809 cava,
2260 1760 2383 1812 quae
2428 1745 2482 1798 in
2524 1744 2643 1813 ipso
2676 1752 2826 1807 sunt,
2873 1744 2926 1797 in
2966 1742 3052 1799 sui
3093 1744 3416 1800 extensione
3447 1746 3647 1815 spiritu

375 1830 635 1896 ελκουσα,
664 1830 728 1883 τὸ
757 1830 814 1883 δὲ
846 1829 981 1898 παρ’
1009 1829 1212 1901 ἐαυτῆς
1236 1829 1280 1864 ⁵³
1302 1827 1392 1882 διά
1424 1827 1524 1898 τῆς
1553 1826 1822 1898 συστολῆς
1841 1827 1964 1890 ταῖς

378 1920 673 1991 ἀρτηρίαις
736 1918 1063 1992 ἐκκρίνουσα
1103 1920 1183 1951 ⁸⁸·
1214 1920 1244 1972 ὅ
1276 1935 1367 1991 μοι
1408 1919 1557 1973 δοκεῖ
1602 1918 1699 1972 καὶ
1738 1917 1840 1988 τῆς
1872 1918 1965 1973 αὐ-

375 2015 616 2083 τομάτου
645 2011 819 2083 αὐτῆς
866 2011 912 2044 ⁸⁷
962 2009 1244 2080 ἀναπνοῆς
1291 2011 1464 2065 αἴτιον
1513 2010 1647 2080 ἡμῖν
1689 2009 1961 2078 γίνεσθαι.

380 2106 651 2170 Πολλάκις
679 2105 791 2176 γὰρ
831 2104 861 2158 ό
897 2105 997 2175 μὲν
1034 2103 1162 2167 νοῦς
1190 2102 1418 2173 ἄσχολός
1449 2104 1567 2154 ἐστι
1607 2102 1652 2134 ⁸⁸
1681 2102 1820 2174 πρὸς
1848 2102 1965 2155 ἐτέ-

381 2215 511 2271 ρους
554 2198 623 2265 ",
655 2197 690 2269 ἢ
736 2196 834 2252 καὶ
885 2197 1237 2251 παντάπασιν
1279 2197 1479 2265 ἠρεμεῖ
1508 2195 1577 2257 ⁷⁸,
1622 2193 1880 2257 λυθέντος
1906 2193 1965 2247 ἐν

378 2289 458 2361 τῷ
495 2289 649 2361 ὕπνῳ
689 2288 787 2344 τοῦ
821 2289 867 2322 ἠ
919 2287 1175 2359 σώματος
1198 2300 1212 2315 '
1247 2288 1282 2359 ἠ
1315 2286 1373 2340 δέ
1404 2285 1651 2357 ἀναπνοὴ
1675 2284 1771 2340 τοῦ
1803 2286 1968 2358 ἀέρος

378 2385 442 2438 ού
468 2383 735 2438 διαλείπει
782 2380 905 2454 μηδ’
933 2379 1113 2434 ὁτιοῦν
1142 2380 1213 2440 ⁷⁸,
1260 2381 1633 2448 συνεργούσης
1681 2380 1763 2440 είς
1806 2376 1967 2431 τοῦτο

376 2474 481 2545 τῆς
509 2472 904 2544 προαιρέσεως.
945 2469 1162 2541 ’Δραιός
1192 2470 1238 2502 ⁷³
1269 2485 1355 2533 τις
1385 2468 1462 2521 ὣν
1507 2470 1535 2522 ό
1568 2467 1834 2539 πνεύμων
1867 2468 1966 2522 καὶ

380 2564 685 2637 πολύπορος
720 2565 792 2629 ’⁸,
843 2564 940 2617 καὶ
975 2563 1155 2625 πάσας
1193 2561 1293 2625 τάς
1349 2563 1406 2614 ἐν
1452 2560 1604 2631 αύτῷ
1635 2558 1967 2631 κοιλότητας

380 2657 520 2728 πρὸς
548 2656 642 2709 τὸν
669 2653 922 2724 πυθμένα
950 2654 1051 2724 τῆς
1073 2651 1337 2724 τραχείας
1368 2650 1641 2723 ἀρτηρίας
1664 2649 1970 2721 ἀνισταμέ-

380 2765 480 2811 νας
504 2748 549 2780 ⁷³
579 2746 725 2818 ἔχει·
755 2743 1148 2816 περιείληπται
1182 2744 1239 2797 δὲ
1270 2744 1304 2813 ἡ
1335 2743 1532 2815 καρδία
1564 2741 1716 2813 αύτῷ
1756 2741 1824 2806 ³³⁸,
1873 2741 1969 2795 καὶ

380 2837 747 2910 προσπέφυκε
779 2834 924 2890 κατά
950 2834 1201 2889 όπίσθιον
1234 2834 1278 2866 ⁷⁷
1314 2834 1483 2905 μέρος
1513 2833 1708 2904 αὐτῆς.
1734 2833 1970 2886 Συστελ-

380 2932 614 3002 λόμενος
636 2931 683 2963 ⁷⁸
718 2932 819 3003 μὲν
845 2932 893 2964 ⁷⁸
918 2933 1014 2985 καὶ
1047 2930 1404 3001 συμπίπτων,
1434 2931 1498 2984 τὸ
1517 2930 1967 3002 ἐναποκρατηθέν

380 3025 547 3078 αὐτοῦ
582 3024 629 3056 ⁸ο
663 3026 787 3086 ταῖς
839 3023 1118 3093 κοιλότησι
1154 3022 1373 3092 πνεῦμα
1402 3023 1675 3086 ἐκπιέζων
1699 3023 1744 3054 ⁸⁸
1779 3023 1965 3094 προτε-

493 3075 948 3186 ζϋύποχωρίῦνῃδέ
972 3075 1072 3167 καὶ
1106 3075 1482 3183 ἀνοιγόμενος,
1520 3075 1836 3167 ιπέισὲπατᾴῖ
1870 3075 1964 3167 διὰ
1992 3075 2038 3135 C

377 3206 478 3277 τῆς
502 3206 669 3278 ὁλκῆς
699 3205 793 3260 τὸν
810 3205 970 3276 ἀέραο
994 3205 1090 3258 καὶ
1114 3204 1254 3274 αὕτη
1287 3206 1456 3269 ἐστὶν,
1482 3204 1556 3268 ὡς
1586 3204 1830 3276 εἴρηται,
1859 3203 1963 3275 τῆς

381 3299 751 3371 ἀπροαιρέτου
785 3297 1068 3368 ἀναπνοῆς
1092 3298 1126 3368 ἡ
1159 3297 1330 3351 αἰτία.
1362 3296 1455 3350 Διὸ
1485 3296 1580 3351 καὶ
1602 3296 1757 3367 παρά
1801 3294 1964 3366 φύσιν

382 3391 735 3456 ἐπιταθέντος
766 3389 901 3444 ποτέ
935 3389 981 3422 ⁸⁸
1008 3387 1105 3442 τοῦ
1148 3387 1250 3461 τῆς
1279 3389 1510 3460 καρδίας
1560 3389 1847 3461 πυρώδους
1892 3387 1962 3456 ³³,

384 3487 450 3539 ἐκ
486 3482 799 3554 φλεγμονῆς
848 3479 1039 3551 τυχὸν,
1068 3480 1104 3550 ἦ
1135 3496 1283 3543 τινος
1323 3480 1512 3544 πόνου,
1547 3480 1608 3533 τὸ
1639 3476 1827 3548 ἆσθμα
1852 3477 1963 3533 τῶν

381 3572 697 3642 ἀλγούντων
720 3569 1118 3639 συνεχέστερον
1137 3566 1372 3636 γίνεται,
1393 3567 1487 3621 καὶ
1505 3567 1599 3621 τοῦ
1630 3567 1770 3621 κατά
1800 3566 1961 3636 φύσιν

389 3665 717 3736 μικρότερον
745 3661 844 3716 καὶ
872 3660 1208 3730 πυκνότερον
1237 3659 1283 3691 ⁸⁵
1301 3674 1317 3690 ·
1346 3659 1443 3714 καὶ
1475 3659 1804 3731 μικρότερον
1838 3657 1960 3728 μὲν,

387 3759 477 3810 ἵνα
506 3756 580 3827 μὴ
611 3754 974 3825 σφοδρότερον
997 3752 1211 3824 πλήττῃ
1232 3769 1286 3805 τι
1317 3752 1414 3806 καὶ
1443 3752 1695 3807 ὀδυνᾶται
1713 3766 1726 3781 ’
1757 3751 1963 3804 πυκνό-

388 3862 547 3916 τερον
589 3843 669 3909 δέ,
695 3843 785 3896 ίνα
831 3843 893 3896 τὸ
926 3841 1115 3911 λεῖψαν
1142 3841 1285 3896 κατά
1337 3840 1572 3913 μέγεθος
1604 3842 1639 3912 ὴ
1688 3842 1964 3911 πυκνότης

388 3932 798 4006 ἀναπληρώσηο
835 3933 1026 4004 ὥσπερ
1058 3933 1425 4004 ἐπειγομένης
1469 3933 1570 4004 τῆς
1600 3932 1829 4002 καρδίας
1871 3932 1963 3984 τὸν

389 4025 703 4097 ἐμπεσόντα
759 4025 905 4096 αὐτῇ
953 4023 1201 4096 φλογμὸν
1235 4022 1315 4095 τῷ
1351 4021 1678 4095 νεαρωτέρῳ
1712 4022 1809 4077 καὶ
1852 4021 1956 4093 ψυ·

387 4121 631 4191 χροτέρῳ
652 4119 699 4153 ⁸⁸
722 4116 1000 4189 πνεύματι
1031 4116 1394 4171 κατασϐέσαι.
1562 4116 1567 4120 ’

2068 1834 2257 1904 replet.
2290 1833 2460 1900 idem,
2489 1848 2599 1904 prae
2630 1833 2715 1888 sui
2740 1832 3136 1898 contractione,
3159 1834 3214 1887 in
3237 1834 3466 1890 arterias
3482 1849 3646 1889 eum-

2064 1926 2186 1981 dem
2213 1924 2476 1989 excernit,
2507 1933 2561 1979 et
2590 1923 2707 1979 haec
2733 1930 3046 1993 spontaneis
3076 1924 3303 1989 spiritus
3331 1926 3646 1995 reciproca-

2065 2015 2234 2071 tionis
2278 2029 2442 2070 causa
2499 2029 2621 2069 esse
2674 2013 2728 2067 in
2787 2013 2943 2068 nobis
2996 2011 3345 2071 manifestum
3391 2015 3642 2073 habetur.

2065 2107 2216 2162 Mens
2247 2118 2452 2170 autem,
2484 2106 2699 2162 tametsi
2747 2119 3125 2176 saepenumero
3168 2106 3317 2161 circa
3342 2105 3452 2163 alia
3495 2118 3644 2178 agat,

2064 2214 2187 2271 quae
2234 2197 2459 2251 omnino
2509 2197 2814 2263 quiescunt,
2847 2205 3110 2261 attamen,
3142 2211 3266 2251 cum
3309 2211 3509 2268 corpus
3544 2213 3647 2254 no-

2065 2300 2240 2347 strum
2271 2290 2323 2344 in
2366 2304 2618 2344 somnum
2652 2287 2961 2355 resolvitur,
3019 2289 3165 2345 aeris
3194 2289 3482 2360 respiratio
3532 2305 3645 2345 non

2065 2382 2281 2437 desistit
2301 2420 2315 2445 ,
2362 2379 2483 2451 ipsa
2514 2380 2794 2435 voluntate
2827 2395 2896 2434 ne
2919 2379 3191 2435 tantillum
3212 2380 3433 2452 quidem
3461 2382 3515 2436 in
3540 2383 3647 2439 hoc

2065 2486 2412 2544 cooperante.
2438 2472 2572 2527 Cum
2605 2481 2786 2528 autem
2817 2473 3003 2542 pulmo
3052 2487 3178 2528 rara
3207 2472 3445 2543 quadam
3468 2481 3646 2528 mate-

2066 2567 2145 2622 ria
2169 2574 2421 2630 constet,
2451 2576 2505 2619 et
2535 2563 2951 2635 quatnplurimis
2972 2564 3241 2620 meatibus
3264 2564 3528 2635 praeditus
3550 2565 3645 2630 sit,

2066 2674 2122 2721 ct
2145 2680 2268 2720 cunt
2301 2678 2531 2734 quaeque
2585 2665 2705 2733 ejus
2736 2678 2872 2717 cava
2910 2662 3117 2718 hiantia
3148 2662 3216 2718 ad
3267 2678 3479 2733 aspera:
3504 2670 3648 2718 arte-

2068 2756 2163 2813 riae
2189 2755 2419 2810 fundum
2443 2755 2738 2819 contineat,
2761 2771 2878 2821 cor,
2901 2755 3204 2824 posteriore
3218 2754 3304 2810 sui
3322 2765 3480 2827 parte
3499 2761 3646 2809 arte-

2067 2850 2163 2905 riee
2191 2848 2496 2912 adhaerens,
2527 2855 2581 2902 et
2609 2846 2856 2916 pulmoni
2901 2846 3289 2917 complicatum
3338 2845 3468 2902 dum
3504 2859 3642 2899 con-

2074 2939 2330 3002 trahitur,
2354 2954 2418 2994 ac
2444 2938 2704 3003 concidit,
2726 2953 2836 3005 pra!
2860 2938 2945 2992 sui
2975 2937 3346 2992 contractione
3368 2936 3647 3005 spiritum,

2069 3046 2229 3101 quem
2284 3031 2339 3084 in
2395 3030 2544 3085 cavis
2588 3030 2706 3086 suis
2763 3030 3013 3097 partibus
3068 3029 3447 3093 continuerat,
3493 3037 3648 3082 extra

2068 3121 2311 3177 emittit:
2356 3121 2485 3175 dum
2521 3136 2652 3174 vero
2699 3119 3064 3193 distenditur,
3105 3125 3495 3187 reseraturque
3537 3130 3649 3186 prae

2069 3212 2155 3268 sui
2202 3219 2401 3276 tractu,
2452 3226 2632 3268 aerem
2668 3210 2869 3277 sumit;
2913 3218 2968 3264 et
3005 3209 3144 3274 haec,
3186 3218 3247 3263 ut
3285 3206 3646 3268 asseruimns,

2069 3293 2385 3375 spontaneis
2426 3301 2652 3375 spiritus
2706 3303 3155 3373 reciprocationis
3196 3316 3364 3356 causa
3397 3300 3646 3354 habetur.

2068 3395 2474 3464 Quamobrem,
2526 3397 2571 3452 si
2627 3395 2847 3466 quando
2903 3393 3087 3449 cordis
3160 3391 3395 3446 calorem
3458 3397 3651 3458 praeter

2066 3487 2366 3558 legitimum
2396 3496 2609 3542 natura:
2636 3486 2907 3548 ordinem,
2941 3492 3156 3539 tumore
3212 3481 3294 3535 vel
3328 3479 3518 3534 dolore
3546 3479 3650 3534 ali~

2069 3592 2178 3647 quo
2204 3584 2467 3630 causante
2490 3572 2948 3629 vehementiorem
2982 3583 3105 3625 esse
3126 3566 3438 3638 contigerit,
3482 3567 3536 3621 in
3560 3567 3649 3622 his

2068 3671 2158 3739 qui
2202 3676 2486 3738 aegrotant,
2521 3667 2694 3733 magis
2724 3664 3004 3728 assiduus,
3038 3661 3368 3728 breviorque
3417 3675 3482 3715 ac
3513 3675 3647 3715 con-

2069 3757 2283 3811 citatior
2316 3771 2480 3825 quam
2513 3764 2727 3809 naturae
2757 3753 2941 3822 exigat
2977 3751 3138 3815 ordo,
3166 3751 3441 3807 anhelitus
3470 3752 3649 3806 cerni-

2072 3858 2178 3900 tur.
2210 3844 2276 3899 Et
2308 3846 2408 3900 hac
2434 3844 2653 3913 quidem
2680 3843 2747 3898 de
2778 3855 2967 3907 causa,
3006 3851 3205 3896 natura
3255 3840 3374 3910 ipsa
3415 3840 3469 3893 in
3513 3839 3647 3894 εισι»-

2067 3933 2169 3989 ctis
2226 3934 2528 3989 breviorem
2574 3948 2640 3987 ac
2667 3931 3082 3987 concitatiorem
3137 3931 3436 3986 anhelitum
3463 3928 3647 3993 eﬂicit,

2067 4040 2155 4087 ne,
2183 4026 2227 4079 si
2286 4024 2580 4080 vehemens
2637 4022 2925 4093 ingruerit,
2960 4021 3395 4078 vehementiores
3429 4020 3650 4101 'int‘erat

2066 4113 2228 4178 ictus,
2248 4123 2302 4168 et
2326 4113 2500 4169 affecti
2521 4111 2860 4184 gravioribus
2880 4110 3163 4167 doloribus
3175 4111 3395 4166 obnoxii
3413 4111 3650 4165 reddan-

387 4220 498 4266 tur.
533 4209 932 4265 Concitatiouis
953 4221 1083 4261 vero
1113 4207 1226 4260 haec
1255 4222 1421 4262 causa
1452 4206 1703 4273 habetur,
1736 4214 1795 4260 ut
1824 4202 1968 4274 quod
2006 4203 2074 4258 de
2131 4204 2503 4290 magnitudine
2546 4202 2872 4267 detrahitur,
2947 4202 3244 4257 concitatio
3290 4201 3405 4272 ipsa
3460 4214 3651 4255 corro-

388 4310 497 4372 get,
516 4315 625 4371 quo
643 4298 951 4357 festinantis
975 4296 1157 4352 cordis
1186 4297 1562 4365 inﬂammatio,
1597 4312 1718 4368 qum
1744 4297 1799 4351 in
1849 4296 2028 4368 ipsum
2068 4295 2297 4364 incidit,
2344 4294 2662 4353 recentioris
2711 4292 3114 4365 frigidiorisquc
3145 4292 3305 4347 ﬂatus
3357 4291 3408 4345 vi
3458 4290 3650 4347 redda-

391 4405 479 4449 tur
508 4396 794 4450 exstincta.

465 4556 621 4620 Τινές
654 4556 714 4610 δέ
742 4555 980 4626 φυσικὴν
1012 4555 1173 4626 μόνον
1194 4553 1458 4624 ἐνόμισαν
1490 4551 1537 4584 ⁸⁸
1556 4551 1659 4622 τὴν
1692 4548 1967 4618 ἀναπνοὴν

2151 4549 2398 4613 interea,
2454 4546 2686 4618 spiritus
2721 4542 3207 4614 reciprocationem
3262 4540 3511 4596 nonnulli
3550 4555 3651 4597 nae

392 4642 532 4702 εἶναι
556 4663 571 4677 ·
622 4648 723 4701 οὐκ
762 4645 881 4700 ἐστι
910 4646 1004 4699 δέ·
1038 4644 1175 4699 ἀλλά
1209 4645 1305 4698 καὶ
1337 4643 1548 4714 ψυχικὴ
1592 4641 1689 4695 καὶ
1723 4640 1964 4711 φυσικὴ⁹

395 4739 711 4809 συνεπλάκη
740 4738 851 4809 γάρ
871 4736 953 4809 τῷ
981 4737 1202 4809 ψυχικῷ
1227 4736 1290 4789 τὸ
1327 4733 1577 4805 φυσικόν.
1624 4734 1691 4787 Ἢ
1727 4733 1824 4802 μὲν
1864 4732 1973 4803 γὰρ

392 4831 624 4885 κινοῦσα
652 4831 724 4884 τά
755 4830 963 4899 ὄργανα
992 4831 1244 4899 δύναμις,
1289 4827 1530 4898 ψυχική·
1560 4827 1594 4896 ἡ
1623 4824 1683 4878 δέ
1712 4824 1971 4895 ἀρτηρία,

390 4921 459 4975 δι’
493 4917 562 4992 ἧς
606 4922 640 4990 ἠ
674 4920 928 4989 ἐνέργεια
970 4919 1229 4985 τελεῖται,
1272 4918 1508 4986 δργανόν
1552 4917 1668 4970 ἐστι
1723 4914 1970 4984 φυσικὸν,

393 5012 491 5065 καὶ
530 5012 574 5043 ⁸⁷
611 5011 700 5065 ἀεὶ
733 5010 1079 5081 κινούμενον.
1112 5010 1300 5065 Πάντα
1334 5009 1391 5063 δέ
1423 5008 1491 5062 τά
1516 5008 1788 5080 όργανικά
1813 5007 1967 5075 λεγό-

462 5229 513 5264 ⁸⁹
543 5231 570 5283 ό
597 5245 705 5282 om.
741 5229 804 5283 (Σ.

390 5303 492 5372 τῆς
517 5301 579 5372 C.
655 5299 700 5372 ν
730 5302 864 5372 παρ’
889 5301 1102 5363 ἐαυτοῖς
1128 5300 1191 5372 ti.

395 5373 487 5444 μεί
509 5371 576 5425 Α.

394 5510 439 5543 ⁷⁸
479 5509 629 5564 αὐτῶ
652 5526 761 5564 mn.
804 5509 868 5565 C.
945 5509 990 5542 ⁷⁷
1010 5508 1226 5578 κεφαλὴ
1258 5506 1318 5560 τὸ
1342 5507 1434 5559 όπ.
1486 5505 1527 5560 C
1559 5506 1615 5558 Ρ.

882 5230 926 5262 ⁶⁰
956 5229 1052 5284 τοῦ
1084 5244 1195 5285 om.
1223 5227 1263 5284 C
1293 5227 1351 5282 Ρ.
1429 5228 1471 5259 ⁶¹
1506 5225 1597 5281 Sic
1637 5226 1701 5291 C,
1730 5225 1894 5279 αὐτὸν
1924 5224 1989 5278 Α.

788 5302 864 5371 ιρ⁹
889 5301 1102 5363 ἐαυτοῖς
1129 5300 1191 5354 (Σ.
1266 5300 1312 5330 ⁸³
1337 5282 1770 5366 εἰσκρίνουσαϐ.
1832 5296 1876 5326 ³⁷
1912 5313 1967 5347 τα

788 5371 820 5404 τι
855 5372 883 5404 Δ
1004 5372 1050 5402 τι
1086 5368 1300 5404 m‘num'iu
1335 5369 1365 5404 Δ
1487 5368 1534 5398 ⁷³
1566 5365 1726 5404 ὴηελμ·
1751 5365 1791 5404 (ἶ
1856 5366 1962 5404 Ann

2068 5310 2116 5363 ις
2142 5294 2182 5346 C
2208 5282 2268 5345 Ρ.
2344 5290 2391 5324 ⁵⁸
2413 5282 2726 5358 ἀσχολεῖται
2748 5287 2788 5342 C
2813 5287 2871 5340 Ρ.
2949 5286 2992 5317 ⁸⁸
3022 5282 3185 5355 ἕτερα
3216 5282 3258 5337 C
3278 5282 3338 5336 P.
3416 5282 3460 5314 ⁷⁸
3488 5282 3655 5404 heer-

2081 5364 2191 5404 vam
2219 5362 2278 5404 1),
2356 5361 2403 5392 ’τι
2432 5358 2764 5404 crdidi-ssnon:
2801 5359 2862 5404 (Σ-
2944 5356 2989 5388 ⁷⁸
3019 5353 3479 5404 ἀνεστομωμένας
3510 5354 3552 5404 (ι
3612 5354 3649 5404 ³.

670 5371 714 5402 ἰ
743 5353 827 5442 τῷ⁵
847 5372 892 5425 Α
1004 5353 1050 5402 ⁴¹²
1084 5353 1300 5423 οὗτιοῦν
1326 5369 1395 5422 Α.
1467 5353 1534 5398 ’⁷³
1566 5365 1726 5435 ἀρε-ὸς
1751 5365 1814 5428 (ἒ,
1856 5365 2047 5436 ἀραιὸς
2073 5353 2191 5433 ’γὰρ
2219 5362 2280 5417 Ρ.
2356 5361 2403 5392 ⁷³
2432 5353 2764 5421 πολύπειρος
2801 5359 2862 5411 C.
2944 5356 2989 5388 ⁷⁸
3019 5353 3556 5442 ἀνεστομωμέναςρ·
3589 5353 3649 5405 l’.

1704 5506 1749 5536 ⁷⁸
1782 5502 2185 5573 συστελλομένη
2214 5502 2275 5556 C.

2077 4649 2212 4694 tura:
2256 4647 2466 4694 tantum
2516 4637 2693 4694 oﬂicio
2747 4634 3037 4707 provenire
3082 4648 3189 4688 non
3240 4642 3382 4689 recte
3429 4633 3646 4703 quidem

2076 4731 2176 4785 rati
2195 4740 2343 4792 sunt,
2372 4730 2576 4800 quippe
2595 4743 2716 4799 qua:
2731 4738 2845 4783 tum
2863 4736 3091 4792 naturae,
3110 4734 3220 4780 tum
3252 4724 3445 4778 animm
3471 4722 3649 4777 oilicio

2077 4820 2379 4890 provenit:
2442 4818 2549 4888 32
2599 4817 2879 4872 enimvero
2935 4816 3181 4870 naturale
3234 4829 3359 4869 cum
3425 4813 3647 4868 animali

2076 4920 2387 4966 consertum
2411 4910 2645 4965 exsistit.
2682 4906 2774 4962 Vis
2816 4923 3048 4975 namque
3087 4921 3116 4959 a
3156 4920 3262 4976 qua
3288 4908 3648 4960 instrumenta

2077 5010 2367 5060 moventur
2408 5001 2605 5058 anima:
2645 5008 2767 5067 est;
2821 4998 3023 5053 arteria
3068 5010 3234 5063 vero,
3276 5009 3384 5066 qua
3442 5003 3655 5048 naturae

2066 5225 2110 5256 ⁶¹
2142 5238 2349 5292 παρακ.
2376 5217 2689 5292 πνεύμονος
2714 5217 2844 5292 Cf".
2921 5211 3374 5292 ‘fmulmpoﬁg‘aﬁc.
3416 5211 3652 5292 η’ξέαυε

2386 5500 2433 5533 ⁷³
2468 5499 2525 5552 δέ
2557 5498 2602 5551 Α
2628 5497 2667 5550 Β
2698 5497 2760 5551 C.
2824 5495 2869 5526 ⁸ο
2900 5494 3049 5548 αὐτῶ
3082 5494 3143 5548 C.
3213 5495 3256 5526 ⁶¹
3299 5438 3558 5555 ἐκπιέζῼὲ⁹
3580 5493 3648 5544 Α.

391 5578 439 5650 f'
469 5562 633 5633 ποτὸν
657 5562 719 5634 C.
752 5562 1104 5650 ⁷ξ”νπυριὶλδηεξ
1134 5562 1226 5634 (λ’
1279 5578 1326 5610 ⁸⁸
1363 5593 1585 5630 πυκνοτ.
1614 5594 1668 5630 κ.
1706 5592 1926 5646 μικροτ.
1966 5562 2063 5629 Α.’
2106 5574 2152 5605 ⁸⁸
2175 5562 2242 5624 ’τὸ
2265 5570 2604 5643 νεαρώτερον
2640 5586 2693 5621 κ.
2729 5565 3060 5638 ψυχρότερον
3086 5568 3152 5620 Α.
3241 5565 3287 5597 ⁸⁸
3324 5563 3556 5634 ἐνόησαν
3579 5562 3658 5627 Α,

392 5648 437 5683 ’ν
464 5650 557 5704 καὶ
589 5664 697 5705 om.
734 5648 798 5704 υ.
