4006 6158
434 297 580 352 1125

1752 281 2034 342 ueruru
2079 251 2390 344 uoxAcut

3577 292 3714 349 1224

429 415 578 471 actio
628 409 942 482 perficitur,
993 414 1204 462 naturze
1265 413 1689 460 Iustrumentum
1721 444 1736 469 ,
1795 413 1849 459 et
1905 421 2016 475 per-

2131 423 2270 476 μενα
2303 407 2489 476 μόρια,
2529 407 2624 460 καὶ
2652 404 2750 462 ὅσα
2776 408 2865 463 διὰ
2897 413 3106 484 νεύρων
3133 407 3227 462 καὶ
3261 408 3417 479 μυῶν
3453 412 3716 477 κινεῖται,

431 507 578 579 petui
616 512 800 558 motus
853 507 938 554 est
973 517 985 552 :
1015 498 1284 568 siquidem
1327 497 1596 552 universa:
1650 505 1852 568 partes,
1895 511 2018 566 quae

431 594 878 656 instrumentales
907 598 1374 660 nuncupantur,ct
1395 604 1516 658 quae
1539 603 1829 642 nervorum
1867 604 2018 644 mus-

429 690 790 754 culorumque
823 683 1009 739 officio
1049 689 1258 737 motum
1307 691 1592 750 peragunt,
1653 690 1707 734 et
1755 681 2020 735 animales

428 789 580 840 sunt,
599 788 653 832 et
673 778 738 846 ad
767 775 1054 830 arbitrium
1081 784 1331 829 nostrum
1347 773 1722 842 perficiuntur,
1741 772 1856 827 sola
1879 772 2020 826 dun-

431 881 581 927 taxat
614 869 842 939 spiritus
872 867 1304 936 reciprocatione
1323 873 1569 934 excepta,
1597 879 1738 933 qua},
1773 870 1833 918 ut
1867 878 2018 918 asse-

430 964 664 1024 ruimus,
695 976 818 1016 cum
855 960 1142 1027 utriusque
1175 957 1538 1026 particepstit,
1573 956 1741 1011 invito
1796 956 2016 1010 animali

428 1055 731 1124 perficitur.
772 1051 879 1107 Sed
912 1061 966 1104 et
1014 1051 1264 1119 corporis
1297 1048 1603 1113 facultates,
1633 1057 1747 1101 tum
1777 1048 2014 1109 auctiva,

2122 497 2331 568 ψυχικά
2361 499 2420 552 τέ
2473 499 2592 553 ἐστι
2638 501 2731 553 καὶ
2783 502 2926 554 κατὰ
2956 501 3279 573 προαίρεσιν
3329 501 3715 557 ἀποτελεῖταιο

2124 591 2265 660 πλὴν
2293 595 2394 663 τῆς
2448 594 2755 664 ἀναπνοῆς·
2789 593 2929 665 αὕτη
2965 596 3074 667 γὰρ
3117 596 3283 668 μικτή
3316 595 3377 650 τέ
3431 598 3600 662 ἐστιν,
3639 597 3718 661 ὡς

2123 684 2409 755 ἐδείξαμεν
2426 687 2493 750 ⁸⁸,
2524 689 2617 742 καὶ
2647 689 3032 760 ἀπροαιρέτως
3065 689 3414 745 ἀποτελεῖται
3437 690 3507 724 ⁸³⁸
3538 693 3719 761 ἀπρο-

2125 779 2359 847 αιρέτως
2383 779 2439 832 δὲ
2468 780 2562 834 καὶ
2592 784 2624 851 ἡ
2657 781 2929 853 αὐξητικὴ
2971 780 3068 834 καὶ
3098 783 3130 852 ἡ
3163 782 3434 855 θρεπτικὴ
3470 782 3565 834 τοῦ
3606 782 3713 836 ad»

2130 883 2299 936 ματος
2353 867 2584 939 δύναμις
2629 871 2699 935 ³⁸,
2747 872 2976 938 φυσικαὶ
3031 868 3225 926 οὖσαν
3285 873 3421 926 ἀλλὰ
3448 875 3491 905 ⁹¹
3535 873 3630 926 καὶ
3681 875 3714 943 ἡ

2127 959 2438 1030 σφυγμικὴ,
2477 961 2681 1032 ζωτικὴ
2727 955 2882 1017 οὖσα.
2934 964 2998 1016 Ἦ
3027 965 3082 1017 δὲ
3111 964 3237 1018 καθ’
3267 965 3448 1036 ὁρμὴν
3494 967 3715 1036 κίνησις

2125 1049 2276 1117 καὶὴ
2308 1052 2584 1120 αἴσθησις.
2618 1051 2869 1122 ψυχικαί.

431 1160 544 1205 tum
601 1147 878 1218 vegetalis,
923 1161 1046 1215 qua:
1105 1145 1384 1198 naturales
1443 1153 1593 1206 sunt,
1643 1151 1694 1197 et
1749 1142 2018 1212 pulsatilis
2056 1143 2219 1197 etiam
2252 1158 2374 1214 quae
2428 1145 2633 1209 vitalis,
2695 1143 2846 1201 nullo
2911 1149 3083 1202 nostri
3138 1147 3350 1202 arbitrii
3403 1147 3714 1204 ministerio

433 1243 692 1311 .ndigcnt.
733 1238 910 1292 Motus
939 1252 1086 1300 vero,
1131 1236 1222 1305 qui
1262 1252 1386 1292 cum
1425 1237 1658 1305 impetus
1689 1234 1767 1297 fit,
1799 1244 1854 1290 et
1882 1251 2076 1290 sensus
2108 1235 2222 1305 ipse
2267 1236 2334 1290 ad
2368 1239 2606 1292 animam
2637 1239 2889 1294 refertur.

499 1331 646 1400 Quot
706 1347 942 1402 namque
1009 1331 1370 1384 instrumenta
1429 1329 1653 1397 spiritus
1707 1331 2013 1396 reciproca-

427 1425 564 1480 tinni
617 1422 937 1483 inserviant,
989 1429 1042 1474 et
1097 1429 1231 1491 quot
1277 1419 1397 1486 ejus
1431 1433 1611 1472 causa:
1664 1419 2012 1472 discrimina-

428 1532 536 1586 que
569 1515 891 1574 habeantur,
951 1513 1002 1565 in
1051 1510 1340 1581 praesentia
1381 1510 1548 1563 missa
1584 1507 1870 1564 faciemus.
1913 1507 2008 1563 Ve-

429 1624 575 1668 rum,
610 1622 734 1660 cum
771 1619 868 1658 cor
916 1604 1101 1672 ipsum
1142 1603 1453 1671 pulmonem
1503 1611 1625 1671 post
1674 1616 1733 1656 se
1776 1601 2008 1670 positum

430 1699 645 1760 habeat,
697 1695 848 1750 illum
895 1708 961 1747 eo
1010 1701 1167 1762 pacto
1211 1708 1322 1762 quo
1353 1707 1522 1760 nuper
1569 1693 1906 1747 asseruimus
1944 1691 2012 1746 ad

428 1799 639 1843 nmtum
683 1785 889 1856 dirigit.
921 1783 1056 1839 Cum
1109 1793 1289 1838 autem
1330 1784 1507 1852 ipsum
1556 1798 1620 1837 ev
1673 1785 1905 1838 adverso
1938 1783 2015 1839 si-

428 1896 534 1935 nus
583 1877 887 1948 superioris
941 1877 1150 1930 ventris
1198 1873 1504 1940 consistat,
1562 1874 1798 1928 calidum
1861 1875 2012 1929 illum

428 1984 593 2041 atque
619 1971 687 2024 ad
723 1982 940 2039 pr0prta
968 1966 1154 2021 munia
1183 1965 1489 2036 peragenda
1511 1965 1766 2020 mobilem
1795 1966 1970 2020 reddit
1997 1984 2010 2020 :

427 2081 536 2120 non
571 2064 715 2130 quod
770 2061 948 2130 ipsum
998 2056 1464 2128 quemadmodum
1520 2067 1574 2112 et
1607 2057 1920 2127 pulmonem
1946 2057 2013 2112 ad

427 2157 676 2226 spiritum
697 2150 1102 2219 attrahendum,
1124 2149 1216 2205 sed
1243 2163 1352 2218 quo
1375 2163 1672 2220 congruum
1697 2150 2011 2204 alimentum

425 2249 740 2302 desumeret
773 2244 1000 2300 excitat.

503 2337 620 2392 Huc
657 2337 796 2391 adde
847 2336 994 2405 quod
1033 2348 1159 2388 cum
1187 2348 1280 2387 ror
1308 2333 1485 2402 ipsum
1531 2333 1669 2387 inter
1701 2333 2011 2403 pulmonem

427 2440 785 2496 ventremque
833 2426 1075 2480 medium
1123 2428 1407 2488 consistat,
1459 2426 1612 2478 alteri
1671 2427 1894 2494 spiritus
1925 2441 2014 2479 re—

427 2521 842 2592 ciprocationis,
899 2520 1078 2586 alteri,
1137 2534 1260 2589 quae
1291 2519 1358 2572 ad
1398 2518 1714 2572 alimentum
1757 2519 2008 2580 attinent,

431 2614 718 2668 facultates
783 2613 1112 2684 impertitur.
1167 2609 1376 2665 Meatus
1415 2618 1595 2664 autem
1659 2619 2014 2680 utrorumque

429 2722 494 2760 ex
521 2706 636 2775 pari
665 2706 730 2758 ad
761 2718 823 2758 os
852 2705 1041 2759 directi
1069 2704 1340 2759 visuntur.
1379 2702 1542 2770 Atqui
1568 2701 1844 2771 pulmonis
1868 2717 2014 2756 mea-

430 2807 519 2852 tus
541 2814 642 2860 eSl,
661 2813 852 2866 aspera
877 2796 1097 2860 arteria,
1121 2796 1263 2850 alter
1279 2808 1408 2849 vero
1424 2793 1628 2848 ventris
1653 2793 1778 2862 gula
1804 2808 2015 2846 nuncu-

429 2903 610 2959 patur.
641 2889 914 2955 Quoniam
968 2903 1102 2943 vero
1154 2895 1344 2943 venter
1393 2885 1766 2941 concoctionis
1815 2885 2016 2940 instru-

430 2993 673 3037 mentum
723 2993 806 3036 est
854 2983 871 3053 (
905 2983 958 3035 in
989 2982 1110 3052 ipso
1138 2981 1284 3036 enim
1339 2994 1460 3050 qua:
1498 2994 1628 3035 esus
1669 2978 1909 3034 absumit
1956 2978 2009 3032 in
2040 3017 2082 3074 ο

430 3088 656 3128 succum
675 3072 1008 3142 vertuntur),
1036 3071 1308 3140 exemplo,
1335 3085 1458 3140 quae
1480 3069 1535 3124 in
1557 3069 1676 3139 ipso
1692 3067 1810 3123 fieri
1835 3068 2016 3124 solent

429 3165 752 3238 planissime
802 3162 1324 3216 demonstrabimus.
1364 3159 1835 3226 Quemadmodum
1867 3160 2013 3214 enim

429 3276 494 3314 ex
544 3258 724 3312 tritico
764 3270 887 3309 cum
921 3255 1080 3308 molre
1120 3251 1408 3307 adhibetur
1443 3250 1638 3322 [farina
1691 3250 1773 3316 fit,
1818 3251 2016 3305 dehinc

430 3352 548 3420 ipsa
583 3363 740 3417 aquae
778 3345 1107 3401 admistione
1137 3343 1191 3398 in
1237 3358 1477 3398 massam
1509 3341 1792 3412 redigitur,
1826 3357 1934 3412 qua
1960 3342 2012 3396 in

431 3442 654 3496 fornace
683 3439 932 3499 decocta,
981 3445 1036 3492 et
1067 3452 1168 3491 nos
1189 3435 1483 3499 vescimur,
1508 3444 1562 3489 et
1599 3434 1724 3489 aliis
1773 3433 2017 3503 imperti-

432 3549 588 3587 mur:
621 3531 785 3600 hujus
825 3528 1043 3598 quidem
1100 3526 1345 3580 muneris
1372 3537 1563 3580 nostro
1593 3525 1646 3578 in
1674 3538 1906 3594 corpore
1937 3523 2015 3579 si-

433 3627 562 3680 mile
582 3625 856 3695 quoddam
880 3619 1145 3677 cernitur.
1182 3618 1463 3690 Siquidem
1485 3618 1667 3672 cibum
1689 3616 1866 3686 ipsum
1890 3617 2018 3671 den-

431 3719 567 3772 tium
587 3715 908 3772 conficimus
923 3709 1121 3778 ollicio,
1145 3710 1239 3780 qui
1266 3720 1392 3782 potu
1427 3709 1663 3766 admisto
1691 3710 1743 3764 in
1770 3715 2014 3764 ventrem

431 3809 753 3864 demittitur.

500 3899 604 3954 Sed
636 3896 896 3968 quoniam
930 3895 1046 3966 ipse
1070 3893 1367 3965 33,utita
1391 3893 1592 3959 dicam,
1627 3892 1871 3948 fornacis
1899 3891 2016 3948 vice

436 3993 492 4047 in
523 3991 913 4060 concoquendo
935 4003 1097 4057 pane,
1136 3987 1202 4041 ad
1231 4001 1418 4042 eorum
1452 3986 1858 4040 concoctionem
1895 3986 2015 4056 plu-

437 4086 580 4139 rimo
608 4083 792 4138 calore
825 4080 1050 4149 indiget,
1087 4094 1202 4144 cor,
1252 4079 1321 4133 ab
1350 4079 1493 4148 ipso,
1529 4092 1638 4147 quo
1675 4077 2017 4134 asseruimus

435 4174 621 4238 n-odo,
672 4185 929 4243 superne,
984 4186 1050 4227 ex
1099 4169 1333 4226 adverso
1397 4169 1561 4224 situm
1615 4169 1891 4234 obtinens,
1926 4185 2019 4224 ca-

437 4271 606 4324 lorem
671 4264 774 4320 sibi
823 4264 1033 4336 justum
1081 4261 1412 4333 suppeditat.
1475 4260 1638 4330 Atqui
1703 4270 1757 4315 et
1813 4261 2016 4330 jecur,

2191 1329 2400 1398 Ildca._“
2428 1330 2486 1383 δὲ
2506 1329 2716 1401 ὄργανα
2739 1335 2839 1405 τῆς
2855 1333 3152 1403 ἀναπνοῆς,
3182 1333 3276 1387 καὶ
3294 1334 3438 1389 πόσα
3462 1334 3612 1390 αίτια
3639 1337 3705 1394 ’³.

2119 1421 2214 1473 καὶ
2268 1422 2433 1475 πόσαι
2466 1423 2676 1495 ταύτης
2731 1425 3026 1498 διαφοραὶ,
3077 1428 3137 1480 οὐ
3190 1426 3287 1482 νῦν
3318 1427 3435 1484 ἐστι
3486 1429 3710 1500 λέγειν’

2120 1511 2262 1582 πλὴν
2298 1512 2414 1566 ἀλλ’
2443 1515 2475 1585 ή
2510 1515 2709 1586 καρδία
2742 1517 2975 1570 κατόπιν
3015 1518 3108 1570 τὸν
3155 1518 3436 1590 πνεύμονα
3482 1521 3710 1592 ἔχουσα,

2119 1602 2294 1670 οὕτως
2325 1605 2412 1658 ἀεὶ
2445 1605 2712 1684 κινεῖσθαι
2765 1607 3201 1679 παρασκευάζει,
3233 1611 3308 1674 ὡς
3359 1613 3544 1684 μικρῷ
3573 1617 3713 1686 πρόο

2121 1694 2248 1749 σθεν
2287 1697 2527 1768 εἴρηται.
2567 1698 2921 1769 Ἐμπροσθεν
2944 1699 3000 1753 δὲ
3031 1699 3202 1770 αὐτῆς
3232 1699 3279 1733 ’⁵
3313 1700 3390 1771 τῷ
3418 1700 3716 1776 χωρίσμαο

2117 1803 2171 1839 τι
2205 1788 2253 1822 ⁸⁸
2282 1789 2385 1857 τῆς
2415 1789 2527 1842 ἄνω
2555 1788 2794 1862 γαστρὸς
2833 1792 3108 1860 ὲμφυεῖσα
3128 1792 3196 1856 ’⁸,
3223 1791 3488 1864 ἔνθερμον
3512 1793 3711 1866 αὐτὴν,

2119 1878 2212 1932 καὶ
2242 1879 2381 1950 πρὸς
2410 1879 2510 1942 τὰς
2535 1881 2673 1945 ἰδίας
2695 1882 2980 1952 ἐνεργείας
3010 1882 3348 1956 κινουμένην
3385 1887 3574 1939 ποιεῖ·
3604 1887 3714 1940 οὐκ

2117 1971 2198 2030 είς
2233 1969 2546 2040 πνεύματος
2587 1973 2754 2045 ὁλκὴν
2787 1975 2887 2044 τὴν
2914 1973 3160 2046 γαστέρα
3185 1975 3260 2039 ὼς
3291 1979 3386 2030 τὸν
3421 1978 3714 2048 πνεύμονα

2115 2059 2482 2131 διεγείρουσα,
2555 2063 2670 2117 ἀλλ’
2733 2065 2815 2129 είς
2863 2065 3132 2138 ὑποδοχὴν
3209 2068 3310 2138 τῆς
3364 2071 3712 2142 καταλλήλον

2115 2165 2346 2222 τροῃης.

2187 2325 2345 2398 Μέση
2375 2328 2483 2400 γὰρ
2509 2330 2541 2400 ἡ
2569 2329 2770 2401 καρδία
2794 2332 2888 2388 τοῦ
2911 2328 3216 2402 πνεύμονος
3233 2332 3328 2386 καὶ
3350 2335 3448 2405 τῆς
3468 2338 3710 2408 γαστρὸς

2116 2419 2440 2491 ἐγκειμένη,
2477 2421 2556 2490 τῷ
2613 2422 2710 2492 μὲν
2763 2422 2899 2493 πρὸς
2933 2422 3031 2494 τὴν
3070 2424 3368 2496 ἀναπνοὴν,
3419 2429 3487 2498 τῇ
3551 2429 3593 2459 ⁸⁷
3651 2429 3710 2482 δὲ

2117 2511 2256 2582 πρὸς
2296 2511 2396 2582 τὴν
2429 2513 2637 2584 τροφὴν
2681 2513 2781 2576 τὰς
2813 2514 3073 2584 δυνάμεις
3105 2515 3151 2547 ’⁸
3183 2517 3450 2589 ἐντίθησι.
3499 2519 3621 2573 Τῶν
3649 2519 3710 2572 δὲ

2117 2593 2447 2674 ἀμφοτέρίυν
2486 2606 2536 2657 οἱ
2560 2607 2739 2676 πόροι,
2770 2605 2958 2678 ὲξίσης
2981 2607 3027 2640 ⁹⁹
3053 2609 3195 2662 κατὰ
3225 2610 3288 2663 τὸ
3317 2613 3496 2682 στόμα
3523 2615 3538 2643 ί
3574 2629 3707 2666 συν-

2113 2694 2537 2767 απαρτίζονται.
2561 2697 2854 2768 Καλούμεν
2875 2699 2931 2751 δὲ
2957 2698 3051 2753 τὸν
3073 2700 3175 2771 μὲν
3227 2701 3322 2755 τοῦ
3351 2703 3667 2774 πνεύματος
3685 2706 3708 2736 ¹

2118 2786 2307 2857 πόρον,
2361 2790 2629 2858 τραχεῖαν
2677 2788 2986 2860 ἀρτηρίανο
3038 2792 3130 2845 τὸν
3177 2792 3236 2845 δὲ
3283 2793 3385 2865 τῆς
3440 2797 3706 2868 γαστρὸς,

2116 2877 2416 2946 οἰσοφάγον
2435 2879 2477 2933 ³.
2515 2876 2736 2952 Ἐπειδὴ
2759 2883 2792 2954 ἡ
2821 2882 3039 2956 γαστὴρ
3061 2884 3298 2956 ὄργανόν
3314 2888 3433 2942 ἐστι
3459 2890 3704 2959 πέψεως·

2118 2968 2176 3020 ἐν
2205 2968 2344 3040 αὐτῇ
2376 2969 2487 3040 γὰρ
2536 2971 2909 3040 χυλοποιείται
2940 2974 3011 3028 τὰ
3045 2975 3337 3047 ἐσθιόμενα
3357 2994 3370 3010 ·
3416 2980 3619 3050 μᾶλλον
3646 2981 3709 3036 δὶ

2117 3058 2208 3112 διὰ
2261 3061 2716 3130 παραδείγματος
2744 3063 2806 3115 τὸ
2838 3066 2896 3116 ἐν
2931 3063 3068 3135 αὐτῇ
3100 3069 3386 3137 γινόμενον
3429 3074 3703 3140 εἴπωμεν.

2119 3149 2244 3204 Ὀτι
2279 3151 2471 3222 ὥσπερ
2501 3155 2592 3206 τὸν
2631 3157 2775 3207 σῖτον
2819 3154 3196 3227 λαμϐάνοντες
3248 3163 3304 3213 ἐν
3333 3165 3453 3226 ταῖς
3506 3165 3706 3234 μύλαις

2117 3243 2572 3315 καταλεαίνομεν,
2626 3247 2909 3312 ποιοῦντες
2944 3250 3212 3322 ἄλευρον·
3249 3251 3370 3306 εἷτα
3413 3255 3706 3324 μιγνύντες

2118 3334 2272 3390 ὕδατι
2311 3337 2335 3370 ⁸
2363 3337 2664 3408 φυροῦμεν,
2708 3341 2804 3393 καὶ
2837 3344 3285 3415 παραπέμπομεν
3316 3350 3338 3380 ⁵
3373 3353 3439 3420 τῇ
3488 3351 3708 3420 καμίνῳ

2116 3431 2200 3493 είς
2250 3429 2517 3500 ὄπτησιν·
2579 3433 2720 3502 μετᾶ
2767 3433 2955 3505 δὲτὴν
3007 3435 3243 3506 ὄπτησιν
3291 3443 3557 3511 χρώμεθα
3606 3447 3706 3497 καὶ

2117 3521 2303 3592 ἡμεῖς,
2334 3522 2432 3576 καὶ
2467 3523 2642 3595 ἑτέρῳ
2670 3525 2692 3555 ⁸
2724 3527 3083 3598 μεταδίδομεν
3117 3529 3158 3561 τ’
3203 3530 3375 3596 οὕτως
3410 3534 3502 3585 καὶ
3539 3537 3594 3585 ἐν
3624 3535 3704 3604 τῷ

2117 3615 2375 3687 ἡμετέρῳ
2417 3613 2633 3688 σώματι
2667 3615 2818 3670 ἔστιν
2855 3619 3005 3673 ίδείν.
3039 3621 3152 3691 Τὴν
3177 3622 3287 3694 γὰρ
3312 3625 3523 3694 τροφὴν
3555 3641 3703 3695 μασ-

2118 3707 2327 3776 σόμεθα
2357 3707 2381 3740 ⁸
2411 3708 2506 3762 καὶ
2547 3708 2976 3782 καταλεαίνομεν
3005 3711 3094 3766 διὰ
3139 3714 3249 3768 τῶν
3289 3714 3516 3770 ὀδόντων
3536 3733 3548 3746 ·
3581 3712 3707 3770 εἶτα

2116 3801 2325 3872 πόματι
2351 3800 2637 3872 μίξαντες,
2668 3805 3118 3876 παραπέμπομεν
3144 3809 3166 3839 ⁹
3198 3810 3266 3878 τῇ
3293 3807 3511 3876 γαστρί.

2200 3892 2420 3964 Ἐπειδὴ
2453 3895 2496 3925 ¹⁰
2528 3895 2708 3949 δέεται
2752 3896 2891 3966 αὕτη
2932 3898 2975 3929 ¹¹
3008 3897 3317 3970 θερμασίας
3351 3899 3600 3964 πλείονος
3623 3903 3707 3967 είς

2120 3981 2182 4035 τδ
2210 3983 2389 4038 ταῦτα
2415 3983 2640 4056 ἑψῆσαι,
2677 3985 2867 4059 ὥσπερ
2906 3987 2999 4042 τὸν
3027 3990 3194 4062 ἄρτον
3219 3993 3248 4046 ὁ
3276 3991 3559 4057 κλίϐανος,
3586 3995 3706 4064 ἔχει

2116 4072 2216 4146 τὴν
2251 4074 2348 4145 μὲν
2377 4077 2603 4147 καρδίαν
2631 4079 3039 4152 ὑπερκειμένην
3069 4081 3209 4153 αὐτῇ
3249 4083 3371 4138 καθ’
3401 4084 3461 4138 ὃν
3487 4085 3710 4157 εἴρηται

2117 4165 2356 4238 τρόπον’
2408 4165 2552 4221 ὥστε
2604 4169 2840 4240 ἄφθονον
2874 4173 3013 4244 αὐτῇ
3059 4172 3158 4245 τὴν
3204 4173 3511 4246 θερμασίαν
3559 4194 3706 4246 παρ-

2118 4257 2340 4329 έχεσθαι
2376 4261 2441 4316 ¹⁹.
2480 4262 2635 4332 Ἔχει
2667 4263 2725 4316 δὲ
2757 4263 2818 4318 τὸ
2846 4259 3001 4338 ἦπαρ
3025 4265 3343 4338 διάθερμον,
3370 4268 3447 4333 ὡς
3470 4270 3708 4341 αἵματος

433 4360 582 4433 quod
617 4360 799 4414 calore
848 4357 1136 4428 praeditum
1182 4363 1301 4418 est,
1325 4363 1390 4410 et
1425 4368 1455 4407 a
1483 4369 1592 4422 quo
1636 4369 1734 4409 ceu
1769 4353 2016 4410 fonticuli

2126 4352 2310 4423 πηγὰς
2349 4354 2657 4426 ἀναῆρύον·
2693 4356 2806 4428 ἔχει
2847 4357 2907 4411 δὲ
2937 4357 3151 4412 καὶτὸν
3194 4359 3430 4432 σπλῆνα,
3479 4361 3579 4432 οὐχ
3628 4362 3706 4425 ὡς

435 4452 723 4524 sanguinis
766 4458 1015 4514 scatent,
1051 4448 1210 4503 alvus
1261 4449 1314 4501 in
1377 4461 1438 4502 se
1479 4447 1742 4501 continet.
1801 4446 1906 4502 Sed
1961 4457 2017 4502 et

436 4548 543 4603 lien
565 4587 581 4612 ,
620 4561 728 4599 non
760 4542 922 4613 quasi
971 4540 1154 4595 calore
1196 4539 1269 4595 sit
1304 4539 1563 4610 praeditus
1593 4539 1782 4610 (hujus
1832 4550 2013 4596 autem

438 4638 547 4693 ωιιὶ
597 4645 789 4691 natura
836 4633 1029 4705 frigida
1082 4630 1370 4701 habetur),
1425 4630 1528 4701 ipsi
1563 4632 1845 4698 proximus
1892 4647 2021 4688 cou-

437 4730 601 4786 sistit.
659 4726 862 4782 Verum
927 4724 1059 4796 quia
1117 4724 1226 4778 lien
1282 4723 1496 4778 venulis
1543 4725 1872 4794 arteriisque
1929 4740 2017 4780 re-

438 4820 611 4875 fertus
643 4827 765 4882 est,
818 4817 887 4872 ab
937 4817 1056 4887 ipso
1107 4823 1296 4870 venter
1337 4814 1506 4868 nihilo
1544 4815 1868 4870 deteriorem
1918 4832 2018 4872 ca-

438 4911 572 4966 loris
624 4910 929 4980 portionem
969 4921 1135 4979 quam
1185 4906 1254 4961 ab
1298 4906 1421 4960 aliis
1466 4907 1839 4976 consequitur.
1879 4907 2019 4964 Prte-

441 5013 630 5069 terea,
688 5012 967 5058 omentum
1037 5001 1201 5056 etiam
1268 4998 1441 5056 Graeci
1505 4999 1808 5064 ἐπίπλοον,
1869 5005 2015 5071 quod

440 5095 661 5171 pinguis
722 5093 967 5148 tunicula
1023 5101 1141 5154 est.
1207 5091 1330 5146 alvo
1378 5091 1618 5160 undique
1671 5092 2016 5158 obvolvitur,

444 5201 513 5246 ne
558 5185 756 5241 insitus
803 5186 954 5240 calor
1004 5185 1097 5252 qui
1149 5183 1202 5237 in
1261 5183 1435 5253 ipsam
1475 5181 1714 5237 demissa
1762 5182 2018 5237 alimenta

525 5386 573 5420 ⁸⁸
598 5385 962 5454 ἀπεδείξαμεν
993 5381 1059 5438 Α.

440 5457 622 5512 tnterl.
660 5459 712 5510 in
737 5454 796 5510 P.
866 5451 918 5487 ’θ’
943 5457 1040 5507 καὶ
1084 5454 1228 5506 πόσα
1258 5451 1320 5506 C.

443 5526 484 5560 ⁸⁷
518 5527 598 5594 τῷ
625 5525 690 5582 C.
794 5525 840 5558 "
871 5525 1052 5588 δύσεις
1085 5525 1147 5578 (ὲ.
1250 5523 1301 5594 ξ’
1324 5521 1521 5594 ἐπίσης
1560 5523 1601 5577 C
1631 5521 1692 5594 P2

1149 5382 1194 5416 ⁸⁸
1221 5381 1382 5436 verba
1410 5382 1548 5451 πλὴν
1576 5397 1629 5434 τ.
1659 5381 1855 5434 ἀναπν.
1890 5397 2016 5449 usqu

2126 5382 2150 5432 il
2188 5382 2534 5436 ἀποτελεῖται
2558 5398 2666 5439 mn.
2711 5383 2771 5437 C.
2849 5385 2894 5416 ⁹⁰
2922 5383 3074 5445 δύσις
3100 5381 3161 5437 C.

1416 5453 1461 5485 ”
1495 5452 1663 5505 πόσαι
1691 5452 1862 5505 αἰτίαι
1897 5452 1937 5506 C
1965 5453 2022 5507 ι».
2099 5451 2144 5485 ⁸³
2172 5455 2351 5506 αὐτῶν
2376 5456 2438 5508 C.

1806 5526 1822 5554 ¹
1847 5522 2007 5592 σῶμα
2036 5525 2095 5577 (ἶ.

2124 4442 2338 4515 θερμὸν
2386 4445 2616 4518 (ψυχρὸν
2650 4448 2760 4520 γὰρ
2815 4450 2976 4503 τοῦτο
3005 4450 3170 4518 φύσει
3215 4451 3275 4504 τὺ
3329 4452 3704 4524 σπλάγχνον),

2122 4535 2264 4592 ἀλλὰ
2291 4537 2381 4593 διὰ
2405 4539 2514 4592 τῶν
2543 4541 2602 4593 ὲν
2628 4539 2780 4612 αὐτῷ
2809 4540 3027 4611 φλεϐῶν
3055 4559 3116 4596 τε
3146 4543 3245 4598 καὶ
3275 4543 3582 4616 ἀρτηριῶν,
3613 4547 3708 4598 οὺ-

2122 4629 2210 4684 ὃὲν
2259 4626 2424 4703 ἦττον
2453 4632 2563 4687 τῶν
2596 4633 2772 4688 ἄλλων
2805 4633 2901 4688 καὶ⁵
2941 4633 3002 4699 ἐξ
3047 4634 3264 4689 ἐκείνου
3319 4635 3707 4707 παραπολαύει

2125 4721 2490 4793 θερμότητος.
2545 4723 2709 4777 Ἀλλὰ
2737 4724 2834 4777 καὶ
2874 4725 2936 4779 τὸ
2965 4725 3195 4778 ἔπιπλον
3227 4725 3365 4796 ἔχει,
3409 4729 3551 4798 ὅπερ
3588 4728 3709 4780 ἐστὶ

2128 4814 2443 4885 πιμελώδης
2496 4815 2662 4886 χιτὼν
2714 4819 3054 4889 πανταχόθεν
3106 4821 3248 4891 αὐτῇ
3293 4820 3708 4891 περικείμενος.

2125 4908 2287 4978 χάριν
2319 4907 2415 4960 τοῦ
2449 4908 2524 4979 μὴ
2543 4907 2886 4963 διαπνεῖσθαι
2909 4911 3006 4963 καὶ
3023 4909 3418 4965 σκεδάννυσθαι
3447 4909 3510 4963 τὸ
3533 4909 3710 4979 ἐμφυο

2128 5017 2221 5052 τον
2252 5001 2455 5072 θερμὸν
2493 5001 2559 5064 ³³,
2599 5001 2659 5054 τὸ
2689 5001 3168 5072 κατεργαζόμενον
3194 5004 3253 5054 ὲν
3281 5003 3420 5073 αὐτῇ
3464 5001 3565 5064 τὰς
3589 5019 3714 5072 τρο-

2125 5093 2231 5162 φάς
2260 5110 2274 5124 ·
2313 5092 2502 5146 τούτου
2551 5094 2710 5163 χάριν
2757 5095 2852 5149 καὶ
2896 5095 2958 5147 τὸ
3009 5094 3305 5165 λεγόμενον
3339 5095 3704 5166 περιτόναιον.

2125 5184 2265 5254 αὐτῇ
2291 5201 2350 5237 τε
2387 5186 2480 5236 καὶ
2511 5183 2554 5215 ίδ
2583 5187 2697 5247 τοῖς
2732 5185 2972 5256 ἐντέροις
3003 5185 3378 5258 περιτὲταται,
3414 5184 3709 5255 περισφίγ-

3267 5383 3310 5414 ⁹¹
3343 5381 3478 5434 ἀλλὰ
3502 5397 3616 5439 om.
3647 5381 3716 5445 Ω,

2537 5454 2916 5526 ⁹⁸λχωρήματι
2945 5457 3005 5509 C.
3039 5453 3097 5506 Ρ.
3197 5452 3242 5526 θξ
3279 5454 3623 5526 προσφυετσα

2207 5524 2226 5553 ⁸
2261 5525 2558 5593 πνεύμονος
2585 5523 2630 5577 Α
2676 5523 2733 5576 ιι.
2765 5523 2796 5526 ’⁷
2848 5525 2868 5556 ³
2901 5525 3161 5592 ἰσορράγον
3200 5523 3616 5592 Ανὺσωφάγον
3650 5525 3711 5578 li.

445 5596 468 5665 ξ
498 5581 660 5665 ὕδασι
684 5597 744 5650 Β.
802 5581 1349 5665 ’,παραδίδομεν
1385 5581 1639 5665 [ἑτέροις
1812 5593 1870 5665 l’.
1928 5581 2358 5663 θμεταοιδεαμεν
2380 5581 2420 5648 C
2451 5597 2506 5648 ιι.
2540 5581 2554 5586 ⁷
2581 5598 2600 5626 ⁸
2638 5593 2942 5665 μασώμεθα
2973 5581 3014 5646 Ᾰ
3048 5581 3109 5656 (5,
3131 5581 3625 5665 προάμασσῷμὲθα
3653 5598 3710 5647 l’.

995 5665 1038 5694 ¹⁰
1070 5661 1194 5715 ἐπεὶ
1228 5662 1285 5715 δὲ
1316 5661 1356 5713 Β
1404 5661 1466 5714 Ρ.

631 5770 644 5796 ,
678 5733 771 5784 καὶ
799 5748 908 5785 om.
935 5734 1000 5797 Α,
1033 5747 1153 5786 mox
1191 5731 1418 5800 ἑτέροις.

446 5664 793 5731 ’.πέμπομεν
820 5664 882 5719 Β.

1573 5662 1872 5734 πιαιτὴιι

449 5730 544 5782 καὶ

1990 5667 2030 5694 ¹¹
2064 5669 2324 5736 παρέχειν
2359 5666 2414 5718 Ρ.

2513 5665 2556 5696 ¹³
2585 5662 2648 5718 τδ
2680 5662 2816 5737 ὲμφζ
2840 5667 2890 5719 θ.
2935 5665 3031 5718 καὶ
3061 5668 3213 5718 σκεθ.
3250 5662 3309 5716 Β.
3414 5662 3457 5692 ¹⁸
3484 5665 3626 5734 αὐτῇ
3658 5666 3716 5718 δὶ
