4006 6158
475 270 614 324 “27

1781 263 2058 320 MELETH
2099 261 2413 318 MONACIH

3578 266 3708 324 ιιεε

473 383 714 452 quidem,
775 395 894 450 quae
940 379 1058 448 ejus
1099 378 1273 448 portio
1322 379 1489 434 levior
1535 389 1646 443 est,
1705 395 1769 434 ac
1820 395 2037 434 sursum

2148 377 2268 430 ὅσον
2298 377 2398 446 μὲν
2431 375 2635 444 κοῦφον
2659 377 2752 430 καὶ
2779 378 3057 450 ἀνωφερὲς
3089 379 3226 450 ὅπερ
3263 381 3356 432 καὶ
3414 380 3705 453 ξανθοχολι·

475 473 694 527 tendere
733 471 873 525 valet
918 469 1084 539 (quod
1129 467 1344 537 quidem
1387 468 1538 523 llavze
1581 468 1704 523 bilis
1725 484 2044 524 excremen~

470 573 589 618 tum
639 576 759 616 esse
808 571 997 629 suapte
1029 569 1221 614 natura
1273 561 1524 616 idoneum
1550 561 1675 628 est),
1720 562 1880 626 hanc,
1925 576 2046 630 quae

472 655 650 710 fellem
703 652 982 716 continet,
1038 666 1268 721 quaeque
1317 651 1548 721 jecinori
1606 652 1853 722 proxima
1913 666 2046 706 con-

471 747 617 802 sistit
667 743 845 798 vesica
873 783 886 806 ,
929 743 1175 812 suscipit.
1217 743 1372 808 Quod
1417 759 1546 798 vero
1587 745 1764 813 magis
1807 754 2042 798 terreum

470 849 591 904 est,
641 846 695 892 et
747 836 906 906 quasi
957 835 1238 905 sanguinis
1293 837 1420 904 lex,
1457 837 1562 890 lien
1631 853 1733 892 suo
1782 837 2044 906 peculiari

471 936 653 983 meatu
725 926 1003 996 proprium
1065 926 1381 980 alimentum
1438 927 1700 982 sumendo
1763 927 1866 981 sibi
1924 928 2036 980 vin-

471 1021 635 1074 dicat.
691 1016 901 1072 Etenim
937 1032 1167 1086 quaeque
1209 1032 1336 1086 pars
1372 1033 1670 1086 congruum
1728 1019 2042 1072 alimentum

471 1107 719 1176 suscipit.
783 1105 986 1159 Dehinc
1064 1104 1196 1159 illud
1265 1106 1414 1160 brevi
1465 1108 1853 1176 concoqttendo
1908 1107 2042 1161 alte-

469 1201 771 1269 randoque,
812 1213 875 1252 ac
918 1199 973 1251 in
1015 1197 1100 1252 sui
1161 1205 1409 1252 naturam
1463 1200 1870 1266 commutando,
1919 1215 2046 1269 pro-

468 1290 602 1360 priae
661 1286 977 1342 substantia:
1017 1285 1252 1354 applicat
1284 1304 1296 1338 :
1338 1295 1390 1339 et
1423 1286 1666 1354 quaedam
1703 1300 1731 1338 a
1758 1286 2044 1354 sanguine,

469 1377 732 1433 nonnulla
766 1391 894 1430 vero
925 1377 992 1430 ab
1043 1376 1404 1429 excrementis
1468 1375 1569 1428 hoc
1616 1383 1776 1444 pacto
1802 1375 2042 1428 aluntur.

471 1469 661 1541 igitur,
693 1483 816 1522 eum
849 1467 956 1520 lien
981 1481 1010 1520 a
1039 1465 1320 1536 sanguinis
1351 1463 1534 1519 fecoso
1558 1465 2045 1518 humoreenutria-

470 1574 582 1623 tttr,
613 1561 788 1629 ipsum
821 1573 852 1610 a
881 1557 1123 1626 jecinore
1149 1555 1215 1609 ad
1258 1569 1315 1610 se
1343 1556 1528 1610 trahit.
1564 1555 1644 1609 Ad
1669 1555 1772 1610 hoc
1811 1570 2046 1625 namque

470 1665 653 1726 serosa
708 1647 992 1717 sanguinis
1045 1647 1222 1716 portio
1276 1647 1489 1702 residua
1540 1647 1617 1708 lit,
1652 1661 1816 1715 quam
1866 1650 2044 1710 renes,

2147 468 2243 521 κὸν
2268 471 2313 500 ⁸³
2350 469 2672 538 περίττωμα
2705 471 2950 539 πέφυκεν
2989 467 3151 538 εἶναι,
3184 471 3455 542 λαμϐάνει
3503 475 3631 528 αὐτὸ
3679 479 3710 546 ἡ

2147 559 2437 628 χοληδόχος
2470 561 2663 623 κύστις
2690 564 2918 631 πλησίον
2957 563 3185 635 κειμένη
3237 564 3329 616 τοῦ
3382 565 3610 635 ἥπατος.
3646 567 3713 620 Τὸ

2146 649 2203 702 δὲ
2255 651 2458 717 γεῶδες
2499 651 2593 703 καὶ
2644 647 2755 705 οἷον
2805 654 2940 724 τρὺξ
2970 655 3148 722 “(toﬁ
3201 655 3457 724 αἵματος,
3507 656 3648 710 ἕλκει
3687 661 3712 710 ὁ

2149 739 2328 806 σπλὴν
2357 738 2444 792 διὰ
2487 738 2582 792 τοῦ
2616 740 2783 793 αὐτοῦ
2824 742 2994 811 πόρου
3050 743 3260 796 οἰκείαν
3315 744 3524 814 τροφὴν
3569 745 3716 798 τοῦτο

2149 828 2492 899 ποιούμενος.
2548 831 2903 900 Κατά).ληλον
2942 831 3050 902 γὰρ
3096 832 3194 901 τὴν
3238 833 3446 903 τροφὴν
3495 833 3715 886 ἕκαστον

2147 921 2456 990 ἐπιδέχεται
2486 921 2594 974 τῶν
2625 923 2848 993 μορίων.
2882 919 3011 976 Εἶτα
3034 924 3076 955 ⁸⁵
3121 925 3262 977 κατὰ
3316 924 3492 995 βραχὺ
3513 925 3564 956 ⁵⁸
3593 925 3718 977 πέτ-

2145 1028 2240 1065 τον
2275 1013 2370 1065 καὶ
2408 1011 2657 1066 ἀλλοιοῦν
2692 1016 2788 1066 καὶ
2817 1013 3120 1083 ἐξομοιοῦν,
3157 1015 3484 1087 προστίθησι
3517 1019 3585 1087 τῇ
3623 1017 3714 1069 αὐ-

2147 1101 2241 1155 τοῦ
2263 1103 2306 1139 ⁸⁷
2329 1103 2509 1174 οὐσίᾳ’
2548 1105 2643 1156 καὶ
2675 1103 2817 1156 οὕτω
2850 1106 3162 1174 τρέφονται,
3197 1105 3266 1157 τὰ
3295 1105 3393 1174 μὲν
3449 1108 3512 1157 ἐκ
3552 1105 3715 1177 σπέρ-

2151 1210 2342 1264 ματος,
2375 1195 2442 1247 τὰ
2472 1194 2530 1247 δὲ
2560 1195 2619 1259 ἐξ
2641 1196 2871 1265 αἵματος
2901 1211 2915 1225 ·
2947 1197 3072 1248 ἐπεὶ
3107 1193 3200 1249 οὖν
3233 1196 3277 1227 ⁸⁸
3301 1199 3366 1248 ἐκ
3415 1197 3717 1267 τρυγώδους

2149 1287 2384 1356 αἵματος
2407 1288 2434 1338 ὁ
2467 1287 2640 1356 σπλὴν
2667 1288 2949 1356 τρέφεται,
2987 1289 3136 1341 ἕλκει
3171 1288 3230 1341 τὸ
3260 1287 3539 1356 τρυγῶδες
3589 1284 3719 1358 αἷμα

2148 1378 2257 1430 ἀπὸ
2286 1377 2380 1430 τοῦ
2401 1379 2634 1446 ἥπατος.
2662 1379 3074 1433 Καταλείπεται
3105 1380 3148 1411 θ’
3180 1375 3272 1433 οὖν
3309 1380 3370 1432 τὸ
3415 1381 3651 1451 ὀρρῶδες
3673 1380 3718 1410 ⁸⁸

2147 1469 2242 1522 τοῦ
2271 1470 2526 1539 αἵματος,
2560 1472 2655 1524 καὶ
2678 1470 2768 1523 διὰ
2801 1470 2896 1540 τῆς
2919 1470 3177 1540 ἑλκτικῆς
3206 1470 3488 1540 δυνάμεως
3519 1470 3715 1532 αὐτῶν,

2147 1561 2198 1614 οἰ
2227 1564 2415 1629 νεφροὶ
2445 1560 2604 1613 τοῦτο
2635 1561 3026 1630 λαμϐάνοντες,
3061 1562 3159 1633 τὴν
3189 1563 3414 1616 ἐνοῦσαν
3466 1565 3526 1616 ὲν
3579 1563 3722 1632 αὐτῷ

2152 1654 2355 1723 μικρὰν
2391 1653 2594 1722 ἰκμάδα
2621 1653 2716 1706 τοῦ
2748 1654 2983 1723 αἵματος
3023 1655 3103 1719 εἰς
3135 1656 3345 1726 τροφὴν
3375 1657 3717 1726 ἀνιμάμενοι,

467 1716 610 1813 prze'
640 1716 946 1795 attraltendi
989 1737 1245 1792 facultate
1271 1752 1378 1807 qua
1427 1737 1634 1807 praediti
1676 1747 1824 1803 sunt,
1884 1737 2043 1792 desu-

2148 1716 2207 1795 τὸ
2239 1716 2505 1806 ύδατῶδες
2529 1744 2570 1774 ⁶¹
2626 1716 2824 1798 διόλου.
2855 1716 3184 1818 περίττωμα
3240 1716 3602 1801 εἰδοποιοῦσίν
3645 1751 3719 1810 εἰς

467 1844 701 1896 mentes,
735 1831 1019 1900 sanguinis
1043 1829 1349 1892 humorem,
1381 1829 1470 1898 qui
1501 1829 1731 1899 exiguus
1749 1829 2042 1884 admodum

470 1926 522 1978 in
542 1940 606 1978 eo
625 1933 892 1993 superest,
909 1921 1299 1981 exhauriendo,
1316 1921 1460 1988 quod
1475 1920 1528 1973 in
1554 1930 1664 1975 toto
1681 1936 1946 1990 aquosum
1964 1931 2047 1976 est

467 2022 897 2077 excrementum,
921 2013 987 2066 ad
1012 2011 1637 2066 urinaeconstitutionem
1653 2011 1758 2081 35
1773 2013 2041 2080 redigunt.

536 2107 804 2172 Quidnam
835 2104 998 2173 igitur
1035 2102 1190 2155 urina
1211 2103 1324 2171 ipsa
1360 2103 1449 2167 sit,
1469 2116 1534 2155 ac
1554 2117 1677 2171 qua:
1707 2103 1827 2172 ejus
1850 2104 2045 2159 discri-

467 2199 614 2253 mina
635 2198 957 2256 habeantur,
977 2210 1097 2265 quae
1110 2195 1354 2248 colorum
1379 2194 1498 2264 ejus
1519 2197 1847 2264 permutatio
1865 2196 1974 2260 ﬁat,
1992 2205 2044 2248 et

467 2290 645 2359 qualis
704 2287 1104 2356 atgrotantium,
1138 2299 1201 2339 ac
1250 2292 1395 2339 recte
1427 2286 1722 2339 valentium
1751 2301 2039 2354 corporum

469 2383 574 2444 sit;
608 2395 694 2434 res
728 2377 926 2432 diversi
971 2377 1037 2430 ab
1076 2376 1180 2430 hoc
1210 2375 1390 2444 operis
1415 2377 1676 2439 habetur,
1706 2378 1806 2430 hoc
1836 2377 2044 2431 scilicet

467 2479 717 2539 excepto,
747 2469 892 2539 quod
959 2467 1187 2524 facultas
1213 2484 1334 2538 quae
1364 2468 1733 2538 distinguendi
1766 2471 1872 2523 vim
1902 2471 2042 2523 obti-

469 2567 583 2621 net,
611 2574 734 2614 cum
769 2558 822 2612 in
864 2557 1087 2612 renibus
1114 2559 1353 2622 urinam,
1388 2563 1449 2610 ut
1475 2556 1905 2611 demonstratum
1935 2564 2040 2622 est,

468 2650 689 2714 formet,
715 2664 826 2719 pra:
847 2663 909 2702 ea
940 2663 1060 2717 quae
1089 2645 1418 2703 excernendi
1446 2645 1676 2701 facultas
1699 2646 1752 2700 in
1783 2647 1914 2716 ipsis
1937 2655 2040 2713 est,

468 2749 622 2794 extra
654 2740 944 2794 emittitur.

537 2830 738 2886 Natura
778 2842 955 2886 autem
983 2831 1305 2888 lutulentam
1336 2828 1577 2884 alimenti
1606 2837 2041 2897 stercoreamque

467 2924 682 2993 penitus
713 2922 882 2978 locem
907 2964 921 2988 ,
949 2924 1189 2993 patentia
1231 2923 1284 2976 in
1319 2920 1574 2976 intestina
1604 2919 1850 2989 impellit,
1895 2934 2036 2988 qttte,

468 3028 594 3068 cum
663 3012 1001 3066 multimodis
1062 3011 1288 3066 ﬂexibus
1356 3009 1747 3073 involvantur,
1815 3008 2039 3061 alimen-

469 3112 586 3156 tum
635 3102 689 3155 in
741 3102 876 3169 ipsis
934 3101 1116 3170 aliqua
1159 3099 1422 3168 temporis
1475 3098 1882 3166 intercapedine
1927 3113 2042 3150 nto-
2071 3098 2113 3120 υ

468 3204 654 3256 ratur,
701 3206 769 3246 ne
809 3191 1013 3246 scilicet
1067 3191 1112 3246 si
1155 3190 1288 3244 recti
1335 3203 1524 3243 eorum
1575 3200 1784 3242 meatus
1816 3189 2041 3250 tierent,

469 3299 568 3354 per
600 3297 738 3352 quos
781 3280 1006 3335 stercori
1038 3281 1256 3351 pervius
1302 3294 1556 3351 egressus
1587 3289 1808 3349 pateret,
1843 3280 2044 3334 animal

469 3375 537 3428 ad
585 3373 692 3428 cibi
744 3373 1039 3442 appetitum
1078 3371 1328 3440 protinus
1377 3378 1726 3434 moveretur,
1778 3380 1830 3424 et
1880 3370 2045 3423 homo

473 3469 580 3532 (ut
642 3465 695 3516 in
746 3472 940 3516 natura
997 3462 1230 3516 rationis
1286 3459 1600 3529 expertibus
1647 3474 1870 3514 cernere
1920 3461 2044 3529 est)

472 3568 750 3621 nunquam
804 3567 834 3606 a
881 3552 971 3605 tali
1018 3565 1181 3621 opere
1240 3557 1483 3604 cessaret
1523 3565 1537 3602 :
1590 3549 1854 3618 siquidem
1883 3590 1897 3612 ,
1944 3549 2045 3602 ali»

471 3645 638 3697 menti
692 3643 820 3698 sicci
867 3648 1273 3696 excrementum
1317 3647 1527 3694 stercus
1549 3649 1653 3701 est,
1686 3639 2042 3708 quemadmo-

473 3745 601 3798 dum
635 3741 1018 3810 urina,qu:ein
1061 3739 1295 3795 vesicam
1323 3738 1648 3801 demittitur,
1667 3746 1824 3806 potus
1854 3752 2042 3790 excre-

473 3847 739 3902 mentum,
757 3852 938 3893 serosa
965 3836 1210 3890 videlicet
1237 3835 1401 3890 totius
1422 3834 1660 3888 alimenti
1686 3835 1860 3902 portio
1883 3833 2046 3887 habe-

476 3941 583 3985 tur.
621 3929 928 3995 Enimvero,
952 3929 1094 3997 quod
1125 3943 1188 3982 ex
1222 3927 1466 3995 corporis
1490 3925 1746 3978 alimento
1774 3923 2043 3993 reliquum

475 4023 553 4086 ﬁt,
593 4030 647 4076 et
691 4020 848 4075 nobis
900 4019 1106 4074 nullius
1183 4016 1536 4074 emolumenti
1582 4024 1683 4081 est,
1747 4031 2045 4069 ea‘cremert—

477 4127 586 4166 tum
641 4118 1009 4182 nuncupatur.

548 4202 824 4258 Universae
875 4219 1110 4273 namque
1156 4212 1364 4257 natura:
1405 4201 1644 4256 actiones
1674 4242 1688 4267 ,
1737 4214 1860 4254 cum
1926 4199 2046 4252 ani-

471 4312 576 4350 ma:
619 4294 924 4349 actionibus
975 4303 1238 4349 consertae
1289 4301 1435 4348 sunt.
1490 4291 1556 4346 Et
1595 4305 1833 4360 quonam
1888 4299 2044 4358 pacto

471 4398 680 4441 natura:
706 4401 830 4441 cum
866 4385 972 4449 his,
1008 4401 1130 4454 qua:
1159 4385 1355 4438 animae
1393 4394 1518 4438 sunt
1551 4382 1826 4437 Creatoris
1863 4381 2042 4450 provi-

471 4479 650 4532 tlentia
682 4488 952 4539 conserta,
985 4477 1380 4545 commistaque
1410 4476 1744 4539 habeantur,
1779 4475 1906 4528 hinc
1940 4473 2039 4526 de-

472 4584 581 4622 nuo
637 4567 1094 4622 considerandum
1162 4567 1252 4621 sit.
1296 4566 1563 4632 Quoniam
1616 4569 1794 4630 enim,
1849 4574 1904 4620 et
1950 4565 2041 4620 illa

471 4675 633 4727 quam
697 4660 1035 4713 asset-nimus
1085 4669 1552 4714 excrementorum
1606 4657 1867 4721 emissio,
1919 4671 2042 4726 quae

387 4805 423 4826 ν,
469 4761 625 4805 extra
674 4751 752 4813 ﬁt,
803 4750 1079 4805 facultatis
1136 4760 1219 4805 est
1261 4766 1381 4822 quae
1406 4751 1729 4805 excernendi
1764 4749 1870 4802 vim
1907 4748 2043 4803 obti-

468 4852 581 4906 net,
629 4859 751 4913 qute
795 4859 900 4897 una
947 4844 1274 4898 naturalium
1320 4843 1638 4898 facultatum
1689 4842 1935 4904 habetur,
1977 4856 2042 4892 ne

470 4937 586 5003 ubi,
625 4946 677 4990 et
723 4951 791 4990 ne
822 4938 1040 5006 quando
1083 4936 1323 5000 dedecet,
1359 4946 1414 4990 et
1440 4936 1640 5006 quibus
1669 4932 1772 4988 sub
1826 4931 2044 4986 arbitris

468 5043 580 5082 non
620 5027 813 5092 liceat,
857 5027 910 5081 in
964 5025 1199 5081 dedecus
1241 5027 1684 5095 prolaberemur,
1727 5022 2042 5085 musculos,

466 5137 564 5175 ceu
600 5120 826 5175 aedituos
866 5115 1130 5190 quosdam
1187 5119 1594 5175 excretionibtts
1644 5125 1839 5172 natura
1890 5115 2045 5170 aditi--

2147 1834 2324 1905 τύρων
2349 1834 2608 1890 σύστασιν
2641 1837 2708 1890 ⁸³.

2215 2115 2281 2167 Τί
2304 2115 2359 2168 δέ
2391 2117 2540 2170 ἐστιν
2564 2112 2745 2188 οὖρον,
2770 2118 2865 2172 καὶ
2905 2118 3068 2172 πόσαι
3092 2123 3287 2175 τούτου
3315 2122 3599 2195 διαφοραὶ,
3629 2124 3720 2178 καὶ

2143 2207 2226 2271 τίς
2253 2209 2490 2278 ⁸⁸ὴτῶν
2536 2209 2870 2281 οὑρημάτων
2910 2210 3205 2283 ὲναλλαγὴ,
3257 2214 3356 2266 καὶ
3413 2217 3571 2268 ποῖον
3617 2215 3720 2266 τῶν

2144 2299 2447 2352 νοσούντων
2465 2300 2497 2369 ἢ
2521 2300 2895 2368 ὑγιαινόντων,
2916 2301 3082 2373 ἄλλης
3101 2304 3219 2356 ἐστί
3235 2305 3624 2374 πραγματείας
3643 2304 3687 2335 ⁸⁸
3703 2321 3719 2336 ·

2144 2388 2285 2459 πλὴν
2309 2389 2482 2452 οὕτως
2516 2391 2615 2460 μὲν
2644 2392 2702 2443 ὲν
2728 2395 2843 2455 τοῖς
2875 2397 3095 2464 νεφροῖς
3141 2395 3201 2470 τὸ
3235 2391 3393 2464 οὖρον
3423 2399 3454 2465 ἡ
3511 2397 3719 2466 διακρι-

2141 2479 2268 2549 τικὴ
2291 2480 2522 2549 δύναμις
2548 2482 2917 2550 εἰδοποιοῦσα,
2943 2483 3032 2539 διὰ
3084 2483 3184 2554 τῆς
3217 2485 3593 2556 ἀποκριτικῆς
3617 2485 3716 2539 ἀπ·

2141 2571 2359 2626 ωθείται
2392 2572 2698 2643 δυνάμεως.
3421 2572 3428 2578 ’

2128 2879 2140 2890 ,
2212 2831 2325 2902 Τὴν
2353 2829 2410 2883 δέ
2446 2846 2510 2898 γε
2566 2829 2848 2895 παντελῶς
2906 2830 3177 2902 ἰλυώδη⁸⁸
3229 2832 3327 2887 καὶ
3381 2833 3718 2902 σκυϐαλὼδη

2141 2925 2241 2993 τῆς
2295 2925 2504 2994 τροφῆς
2550 2923 2908 2992 ὑποστάθμην
2932 2925 2978 2955 ⁵⁸
3033 2925 3115 2986 εἰς
3161 2926 3288 2988 τοὺς
3339 2926 3721 2997 εύρυχωροτέ-

2149 3030 2277 3084 ρους
2306 3013 2349 3043 ⁵⁷
2377 3013 2484 3064 τῶν
2542 3013 2775 3083 ἐντέρων
2811 3013 3010 3083 πόρους
3040 3015 3072 3084 ἡ
3104 3014 3265 3084 φύσις
3287 3016 3554 3070 ἀπώσατο
3573 3034 3589 3048 ο
3631 3014 3722 3069 καὶ

2146 3107 2260 3166 τοῖς
2316 3104 2682 3175 πολυτρόποις
2738 3105 2919 3158 αὐτῶν
2974 3105 3219 3176 ἑλιγμοῖς
3283 3107 3720 3178 ἀναστρέφουσα,

2145 3197 2323 3268 χρόνῳ
2354 3195 2738 3264 παρακατέχει
2794 3196 2896 3266 τὴν
2926 3197 3132 3268 τροφὴν
3184 3201 3242 3252 ὲν
3271 3199 3458 3262 αὐτοῖς
3481 3217 3498 3230 ·
3550 3199 3719 3262 διατί;

2147 3289 2233 3340 ἵνα
2267 3289 2340 3357 μὴ
2365 3289 2434 3340 δι’
2472 3287 2676 3350 εὐθέως
2714 3286 2809 3339 τοῦ
2843 3289 3010 3359 πόρου
3060 3290 3260 3360 ῥᾳδίως
3305 3291 3723 3362 άποόαλλομὲνη

2147 3379 2180 3445 ἡ
2220 3379 2446 3448 κόπρος,
2486 3378 2650 3440 εὐθὺς
2703 3378 3011 3431 άνακινοῖτο
3048 3379 3112 3432 τὸ
3149 3381 3288 3444 ζῶον
3337 3382 3478 3450 πρὸς
3524 3382 3722 3454 ὄρεξιν,

2147 3471 2240 3522 καὶ
2271 3470 2542 3539 μηδέποτε
2573 3470 2800 3522 παύοιτο
2821 3471 2922 3539 τῆς
2981 3471 3242 3542 τοιαύτης
3272 3475 3536 3543 ἀσχολίας
3586 3474 3726 3527 κατὰ

2145 3563 2243 3632 τὴν
2273 3564 2382 3614 τῶν
2406 3564 2450 3594 ⁸⁸
2468 3563 2679 3631 ἀλόγων
2708 3563 2875 3631 φύσιν
2899 3566 2925 3616 ὁ
2951 3563 3048 3617 ave
3058 3582 3240 3635 ρωπος
3271 3581 3286 3596 ο
3316 3570 3652 3636 περίττωμα
3672 3565 3727 3617 δὲ

2147 3659 2244 3724 τῆς
2276 3656 2376 3724 μὲν
2407 3657 2616 3725 τροφῆς
2641 3657 2685 3687 ⁵³
2714 3655 2784 3708 τὰ
2817 3655 3064 3709 σκύϐαλα
3086 3658 3152 3724 ⁸⁸,
3217 3658 3382 3712 οἰονεί
3428 3658 3729 3712 κυσίὸαλον

2147 3745 2206 3797 τὸ
2236 3747 2347 3808 τοῖς
2372 3746 2500 3798 κυσὶ
2527 3745 2854 3814 βαλλόμενον
2884 3747 2926 3778 ⁸¹
2952 3761 2966 3776 ’
2995 3747 3058 3799 τὸ
3089 3746 3147 3799 δὲ
3173 3747 3335 3816 οὖρον
3351 3749 3397 3780 ⁸⁸
3430 3747 3532 3800 τοῦ
3562 3749 3726 3800 πότου

2144 3835 2207 3886 τὸ
2240 3836 2493 3904 περιττόν
2522 3851 2536 3864 ·
2570 3836 2602 3905 ἢ
2631 3838 2730 3905 τῆς
2785 3835 3081 3906 συμπάσης
3132 3837 3343 3906 τροφῆς
3402 3837 3554 3908 ὀρός.
3622 3838 3730 3890 Πε-

2138 3926 2402 3993 ρίττωμα
2419 3925 2476 3978 δὲ
2497 3926 2716 3992 λέγεται
2748 3926 2810 3978 τδ
2856 3926 3184 3995 περισσεῦον
3209 3927 3319 3980 ἀπὸ
3358 3927 3473 3980 τῶν
3499 3926 3730 3998 τρεφόνο

2145 4035 2255 4070 των
2286 4018 2346 4071 τὸ
2380 4019 2562 4089 σῶμα,
2595 4021 2687 4073 καὶ
2711 4021 2790 4083 εἰς
2814 4021 2972 4075 οὐδὲν
2994 4022 3125 4091 ἡμῖν
3161 4022 3441 4092 ὠφέλιμον
3465 4024 3552 4077 ὃν.
3597 4014 3606 4022 ’

2215 4197 2441 4268 Καὶὸρα
2470 4198 2630 4250 πάλιν
2661 4198 2898 4252 ἐνταῦθα
2922 4200 3270 4270 προμήθειαν
3308 4201 3400 4253 τοῦ
3448 4204 3528 4271 Δη
3541 4217 3730 4272 μιουρ-

2146 4288 2246 4357 γοῦ
2272 4306 2285 4319 ”
2329 4290 2445 4352 πῶς
2484 4291 2550 4342 τὰ
2579 4292 2672 4356 τῆς
2709 4291 2926 4358 φύσεως
2962 4291 3119 4361 ἔργα,
3169 4294 3280 4355 τοῖς
3316 4292 3582 4362 ψυχικοῖς
3611 4310 3730 4344 συν·

2080 4394 2117 4446 [)
2151 4380 2347 4445 έπλεξέ
2381 4398 2440 4433 τε
2496 4383 2588 4433 καί
2619 4383 2866 4452 ἥρμοσεν
2894 4383 2960 4436 ⁸³.
3006 4382 3223 4451 Ἐπειδὴ
3253 4384 3366 4450 γὰρ
3406 4384 3440 4452 ὴ
3479 4385 3730 4454 ἔκκρισις

2150 4471 2260 4524 τῶν
2319 4473 2628 4543 εἰρημένων
2698 4474 3135 4543 περιττωμάτων
3193 4473 3292 4542 τῆς
3357 4474 3733 4544 ἁποκριτικῆς

2149 4563 2266 4615 ὲστι
2292 4561 2595 4632 δυνάμεως,
2643 4563 2766 4630 ἥτις
2799 4563 2897 4632 μία
2947 4563 3058 4615 τῶν
3115 4562 3364 4630 φυσικῶν
3403 4565 3530 4615 ἐστι
3580 4560 3734 4614 δυνά-

2153 4671 2319 4723 μεων,
2373 4653 2461 4705 ἴνα
2495 4654 2570 4726 μὴ
2602 4654 2982 4724 ἀπροαιρέτως
3043 4652 3450 4722 ὰσχημονῶμεν
3505 4653 3643 4704 ἔνθα
3675 4649 3733 4701 οὐ

2148 4747 2248 4808 δεῖ,
2289 4747 2386 4800 κοιί
2415 4747 2503 4798 ὅτε
2538 4748 2598 4798 οὐ
2627 4747 2727 4807 δεῖ,
2787 4747 2881 4799 καὶ
2913 4744 2999 4813 ἐφ’
3037 4740 3111 4796 ὧν
3159 4745 3219 4796 ού
3267 4744 3346 4796 δεῖ
3381 4745 3730 4814 προϊέμενοι,

2150 4838 2436 4908 πυλωρούς
2468 4855 2623 4901 τινας
2640 4838 2911 4906 ἐπέστησε
2939 4839 3063 4899 ταῖς
3084 4835 3371 4904 ὲκκρίσεσι
3404 4836 3540 4895 τοὺς
3573 4834 3732 4904 μύας,

2148 4929 2235 4982 ἵνα
2269 4930 2367 4992 τὰς
2417 4929 2696 5000 ἐκκρίσεις
2749 4929 3003 4997 ἐπέσχειν
3035 4927 3324 4996 δυνώμεθα
3346 4925 3411 4988 ⁸⁵,
3451 4927 3554 4978 καὶ
3610 4923 3735 4976 πολ-

2152 5022 2310 5084 λάκις
2337 5023 2429 5076 καὶ
2468 5022 2722 5088 ἐπιπολὺ,
2758 5021 2886 5075 ἄνευ
2937 5024 3125 5092 γήρως
3177 5019 3408 5088 ἐσχάτου
3434 5019 3486 5050 ⁵⁵
3522 5019 3623 5071 καὶ
3654 5033 3734 5070 νο-

2152 5115 2413 5183 σημάτων
2447 5114 2631 5168 τινῶν.

536 5215 582 5248 “
606 5213 921 5285 ξανθολικδν
949 5215 1009 5276 B,
1042 5215 1208 5285 ξανθὴ
1241 5215 1373 5285 χολὴ
1397 5214 1460 5268 C.
1537 5213 1584 5245 “
1603 5211 1742 5285 1:pr
1771 5212 1829 5265 ὃν
1870 5209 2231 5285 ΒΔ,-τρυγῶδες
2250 5209 2350 5285 τοῦ
2393 5209 2512 5285 alio.
2731 5208 2802 5285 __“
2829 5208 2976 5285 ﬁv_Q
3100 5208 3172 5285 -δξ
3197 5207 3338 5285 κατὰ
3367 5204 3640 5285 βραχῗζΔΛ

465 5287 511 5319 ⁸⁷
539 5284 717 5340 αὐτῶν
746 5283 808 5337 Β.
883 5285 928 5316 ⁸⁸
956 5285 1084 5352 γοῦν
1110 5285 1152 5338 Β
1175 5281 1276 5341 Ρ.”
1312 5281 1865 5351 ιε’καταλιμπάνεται
1897 5281 1938 5332 C
1970 5281 2027 5352 ιζ.

2103 5281 2148 5311 ⁸ο
2175 5280 2376 5348 όρῶδες
2403 5278 2464 5334 Β,
2541 5282 2584 5312 σι
2610 5281 2696 5346 όρ.
2727 5278 2929 5350 smne
2955 5278 3456 5350 65GTQSSCP,‘QF§.‘

3545 5276 3593 5308 ⁵⁸
3620 5275 3737 5327 στά-

467 5374 559 5438 σιν
583 5356 650 5410 Α.
724 5355 770 5385 ⁸⁸
798 5345 1126 5438 Ξίςὲστινή
1151 5355 1260 5408 τῶν
1295 5345 1604 5438 χρωμάτων
1633 5354 1962 5438 gemuit-ctu?
1985 5349 2043 5419 P)

2148 5345 2377 5438 lausque
2402 5350 2468 5438 ald
2501 5345 2887 5438 πρμγμαξείας
2918 5349 3160 5438 caret-(,2.
3194 5417 3206 5435 '
3237 5349 3284 5379 “
3315 5347 3378 5398 Τί
3401 5345 3464 5397 δέ
3483 5347 3650 5438 ἔστιν
3673 5371 3738 5438 :—

466 5427 607 5496 πλὴν
647 5441 756 5478 om.
798 5423 940 5496 Ptin
973 5422 1139 5488 textu,
1175 5422 1557 5496 reper'rin'ora.
1630 5425 1677 5496 ξπ
1707 5422 1881 5496 ὐλῴδη

467 5427 607 5496 πλὴν
647 5441 756 5478 om.
798 5423 857 5483 P,
888 5425 940 5477 in
973 5418 1139 5488 textu,
1178 5418 1557 5492 repel-'in'ora.
1633 5418 1881 5490 π’ύλὼδη
1922 5421 1985 5482 Α,
2013 5418 2242 5488 γλοιώδη
2279 5418 2336 5473 Ρ.
2425 5419 2468 5450 ⁸⁸
2495 5418 2600 5472 ὑπὸ
2636 5421 2893 5486 στάθμων
2923 5419 2987 5471 Α.
3079 5419 3123 5449 ³⁷
3156 5418 3500 5537 εύρυχλορωτέ

467 5496 794 5572 εὐρυχόρους
821 5492 1142 5572 τόπους-(εἰς
1168 5495 1268 5572 P),_
1288 5495 1367 5572 τῷ
1393 5492 1680 5572 ἐντέροις).
1699 5558 1722 5572 ν
1756 5491 1802 5522 ⁵⁸
1833 5491 1941 5544 τῶν
1969 5505 2079 5572 ot‘n.
2104 5489 2184 5568 li;
2212 5489 2293 5572 ﬂ"
2336 5488 2432 5572 μὲν
2464 5489 2795 5572 τῆςτροφῆς
2821 5487 2881 5539 Β.
2960 5489 3003 5518 ⁸ο
3029 5487 3092 5538 τὸ
3132 5487 3394 5572 σκύϐαθον
3431 5481 3500 5572 l3:

2425 5419 2468 5450 "
2495 5413 2600 5472 ὑπὸ
2629 5413 2893 5486 στάθμων
2923 5419 2987 5471 Α.
3079 5419 3123 5449 ³⁷
3156 5414 3652 5486 εὑρυχορωτέρους
3679 5413 3734 5486 Β..

3599 5483 3642 5514 οι
3675 5482 3738 5534 τὰ

469 5552 934 5631 κόσὶᾟὰλλόμενα
960 5552 1270 5631 δηλόνοτιῖὶ
1297 5552 1356 5617 PI.
1431 5565 1475 5595 “
1501 5552 1640 5615 :‘e'ae
1666 5558 1826 5631 οὖρον
1855 5577 1965 5614 om.
1997 5559 2060 5631 Β,
2085 5557 2263 5631 τοῦδε
2294 5552 2462 5631 πότου
2484 5577 2496 5588 ·
2520 5552 2599 5611 ’τὸ
2625 5552 2822 5631 ίοῦρονἱ
2845 5560 3246 5631 τοπεριττεξθον
3271 5552 3390 5631 (sic)
3429 5554 3572 5631 ἀπο,
3633 5562 3737 5606 etc.

469 5642 642 5702 usque
667 5627 878 5702 all‘etbv
908 5627 1063 5702 τρεφ.
1092 5633 1261 5688 desid.
1295 5633 1356 5687 P.
1431 5633 1475 5665 ⁸³
1515 5631 1700 5702 ἔμιξεν

472 5692 535 5756 Ρ,
559 5692 654 5751 δύο
686 5693 898 5760 δίδυμοι
917 5692 978 5749 Ρ.

1786 5632 1846 5697 C,
1882 5629 2168 5698 συνέμιξεν
2195 5628 2253 5682 Ρ.
2329 5629 2374 5660 ⁸⁸
2405 5622 2780 5698 δυνάμεΟαᾺ,
2803 5622 3109 5696 δυναίμεθα
3137 5626 3199 5681 C.
3276 5622 3320 5657 “
3354 5622 3609 5690 ἐσχάτου
3628 5637 3736 5677 om.
