4006 6158
430 359 564 412 H20

1635 346 1721 398 DE
1760 345 1894 400 NAT
1907 344 2042 398 ΕΒΑ
2086 341 2390 396 HOMINIS.

3545 338 3679 396 11:0

431 474 591 532 nuit,
639 481 749 536 quo
795 465 976 534 ipsas,
1012 470 1380 532 praeterquam
1426 467 1672 514 extremo
1749 458 1901 512 senio
1943 454 2209 518 confecti,
2256 467 2320 506 ac
2365 449 2570 504 morbis
2637 449 2960 518 quibusdam
3012 450 3422 518 ingruentibus,
3495 455 3680 510 multi-

430 565 629 618 fariam
674 558 879 626 diuqne
901 556 1182 609 continere
1213 554 1518 607 valeamus.

512 649 683 703 Ἐπάν
715 649 772 701 δὲ
804 645 948 698 οὕτω
979 644 1152 698 ταῦτα
1182 643 1618 712 γένηται,ήγουν
1650 643 1683 711 ἡ
1713 640 1809 693 τοῦ
1836 640 2008 709 αἵμα-

2177 631 2472 703 Postquam
2500 648 2628 686 vero
2657 649 2716 686 ca
2740 648 2861 701 qua:
2886 634 3224 690 asseruimus
3243 638 3523 708 sanguinis
3550 657 3652 697 con
3679 679 3685 684 -

429 759 520 805 τος
547 740 761 808 γένεσις
790 740 885 790 καὶ
917 735 1192 805 διασπορὰ
1224 734 1311 802 ἐφ’
1336 736 1484 787 ἅπαν
1520 734 1578 786 τὸ
1617 733 1800 802 σῶμα,
1834 733 1924 784 καὶ
1969 733 2002 799 ἡ

432 830 542 883 τῶν
569 828 774 882 λοιπῶν
803 827 913 879 τῶν
959 825 1269 896 εἰρημένων
1294 824 1582 894 διοίκησις,
1620 822 1829 892 δίδυμοί
1860 839 2007 884 τινες

433 921 610 991 ὀχετοὶ
655 920 720 970 ὲκ
763 917 990 987 καρδίας
1019 915 1430 985 ἀφορμηθέντες
1485 914 1580 967 καὶ
1619 915 1852 984 ἥπατος,
1905 915 2006 983 ἥτε

437 1010 718 1080 στελέχεια
742 1008 787 1038 ⁸⁸
816 1005 954 1074 φλὲψ
985 1007 1080 1057 καὶ
1117 1007 1148 1074 ἡ
1181 1005 1350 1074 ἀορτὴ
1402 1003 1662 1072 ἀρτηρία,
1701 1003 1761 1055 τὸ
1807 1006 2008 1056 οἰκεῖον

435 1104 640 1170 ἑκάστη
697 1097 1068 1169 σωληνοειδῶς
1123 1096 1519 1166 περιέχουσα⁶⁷
1573 1089 1716 1165 αἷμά
1783 1111 1844 1146 τε
1912 1093 2009 1147 καὶ

437 1192 654 1261 πνεῦμα
683 1191 774 1243 διὰ
813 1190 876 1242 τὸ
908 1189 1238 1258 εὐπόρευτον
1294 1183 1432 1240 εἶναι
1472 1186 1532 1239 τὸ
1572 1187 1739 1256 ὑγρὸν
1789 1189 1854 1256 τῇ
1913 1184 2007 1238 τοῦ

436 1285 643 1354 θερμοῦ
670 1285 888 1350 κινήσει
917 1279 1337 1350 συμπαροδεῦον
1361 1280 1406 1310 ³⁸
1470 1280 1564 1331 καὶ
1611 1277 2008 1348 κουφιζόμενον

435 1380 522 1447 ἐφ’
559 1379 705 1432 ἀπαν
748 1375 810 1428 τὸ
859 1374 1019 1443 σῶμα
1071 1372 1412 1441 πολυσχιδῶς
1453 1369 2008 1440 κατασπείρονταιθθ,

435 1471 514 1531 εἰς
537 1467 736 1538 μυρίας
773 1465 949 1536 ἀρχὰς
988 1465 1082 1516 καὶ
1109 1462 1387 1532 διαχύσεις
1410 1463 1476 1526 ⁷ο,
1513 1461 1654 1515 κατά
1683 1463 1792 1514 πᾶν
1846 1461 2012 1531 μέρος

436 1561 530 1614 τοῦ
593 1559 846 1628 σώματος
893 1554 1094 1609 έσωθεν
1139 1555 1302 1606 καὶτι
1349 1554 1550 1618 ἔξωθεν
1600 1553 1948 1624 κληματηδὺν
1965 1553 2008 1582 ⁷⁸

438 1651 646 1722 φλέϐας
681 1651 775 1703 καὶ
808 1647 1080 1720 ἀρτηρίας
1115 1649 1456 1714 ἐπαφιεῖσαι.

507 1825 749 1897 Καὶγάρ
778 1823 982 1894 παχέος
998 1823 1042 1854 ⁷³
1077 1822 1230 1885 ὄντος
1275 1821 1438 1890 φύσει
1468 1819 1561 1872 τοῦ
1614 1819 1875 1889 αἵματος,
1917 1817 2015 1870 καὶ

443 1916 519 1988 μὴ
539 1916 840 1984 δυναμένου
880 1913 1042 1980 μόνου
1063 1911 1110 1942 ⁷⁸
1138 1911 1238 1973 τάς
1280 1910 1474 1972 στενὰς
1503 1910 1656 1972 ὁδοὺς
1685 1908 1778 1961 τοῦ
1824 1908 2013 1979 σῶμα-

2116 727 2350 788 stitutio.
2386 741 2450 781 ac
2474 727 2528 779 in
2559 734 2732 779 totum
2767 742 2967 795 corpus
2997 727 3295 796 dispersio,
3339 741 3686 788 czeterorum-

2115 831 2222 884 que
2238 817 2303 868 de
2321 816 2518 885 quibus
2544 814 2749 868 dictum
2769 825 2852 870 est
2869 817 3225 885 dispensatio,
3249 819 3356 873 hoc
3387 823 3548 876 modo
3575 840 3689 893 pcr-

2116 905 2374 959 liciuntur
2392 945 2407 969 ,
2433 906 2631 975 gemini
2651 905 2869 975 quidam
2894 907 3016 972 rivi,
3037 906 3278 975 stirpalis
3300 911 3509 966 scilicet
3531 929 3688 979 vena,

2118 997 2446 1065 arteriaqne,
2472 1012 2592 1065 quae
2654 1005 2806 1049 aorta
2835 996 3056 1059 dicitur,
3089 1012 3119 1050 a
3159 999 3323 1052 corde
3357 1015 3422 1052 ac
3445 1000 3692 1068 jecinore

2116 1090 2554 1158 proficiscentes,
2605 1087 2924 1149 sanguinem
2977 1087 3356 1158 Spiritumque,
3409 1091 3554 1160 quod
3591 1107 3691 1146 cu—

2113 1180 2312 1250 jusque
2351 1178 2627 1248 peculiare
2668 1177 2777 1246 36
2807 1185 2891 1230 est
2920 1178 3198 1247 (quoniam
3249 1178 3530 1234 humidum
3567 1198 3690 1236 cum

2117 1269 2277 1323 calidi
2306 1277 2455 1322 motu
2488 1267 2633 1322 facili
2661 1268 2892 1322 transitu
2926 1271 3125 1338 meat),
3158 1269 3211 1322 in
3245 1271 3442 1326 ﬁstulae
3469 1273 3690 1327 modum

2117 1359 2418 1412 continent.
2445 1358 2584 1423 Quid
2613 1359 2741 1412 dum
2759 1358 2988 1427 junctim
3014 1374 3137 1412 cum
3164 1362 3426 1430 sanguine
3441 1363 3691 1431 spiritum

2120 1456 2295 1526 ipsum
2331 1456 2501 1510 levem
2538 1454 2812 1509 reddendo
2845 1455 3108 1525 graditur,
3144 1456 3244 1510 rivi
3275 1457 3339 1512 ad
3375 1459 3540 1514 totius
3568 1477 3693 1516 cor-

2119 1548 2268 1619 poris
2319 1557 2502 1618 partes
2535 1562 2657 1616 quae
2718 1547 2864 1602 intus
2906 1557 3168 1617 extraque
3220 1558 3367 1614 sunt,
3403 1552 3692 1608 multitudo

2121 1650 2317 1703 tractu,
2350 1641 2402 1693 in
2446 1640 2731 1694 innumera
2783 1639 3050 1709 principia
3094 1641 3372 1712 rimasque
3436 1644 3693 1714 dispersi,

2119 1746 2217 1784 ceu
2268 1729 2544 1799 palmites,
2598 1729 2653 1782 in
2708 1742 2876 1782 venas
2924 1730 3264 1800 arteriasque
3296 1731 3691 1790 diffunduntur.

2189 1820 2326 1874 Cum
2371 1830 2550 1875 autem
2590 1820 2873 1892 sanguinis
2916 1831 3107 1875 natura
3155 1837 3338 1878 crassa
3394 1824 3692 1894 habeatur,

2121 1926 2298 1980 neque
2328 1911 2376 1964 ei
2409 1925 2504 1980 per
2536 1919 2796 1980 angustos
2817 1912 3064 1974 corporis
3089 1923 3332 1976 meatus,
3365 1915 3490 1984 quia
3524 1919 3695 1974 exiles

438 2026 530 2072 τος
566 2007 864 2068 ἀκωλύτως
902 2005 1189 2074 διαπερᾷν,
1219 2005 1303 2056 ὅτι
1337 2003 1444 2056 εἰσὶ
1500 2002 1773 2074 τριχοειδῆ
1819 1999 2016 2070 φλεὸία

2126 2002 2328 2058 venulae
2353 2002 2584 2070 pilorum
2608 2002 2724 2055 vice
2752 2001 2804 2055 in
2833 2003 3080 2072 partibus
3108 2006 3436 2073 consistunt,
3467 2023 3578 2076 prae
3609 2010 3695 2064 sui

440 2096 612 2150 λεπτά
641 2098 686 2127 τ⁵
723 2096 864 2148 κατά
889 2096 956 2149 τὰ
1002 2095 1164 2164 μόρια
1183 2094 1229 2125 ⁷⁸
1256 2093 1505 2162 κείμενα,
1531 2091 1724 2162 ἐδεήθη
1758 2107 2019 2162 συμπαρ-

442 2191 579 2239 εῖναι
627 2186 775 2255 αὑτῴ
825 2187 884 2239 τὸ
943 2184 1208 2247 ὑδατῶδες
1264 2183 1605 2254 περίττωμα,
1661 2183 1750 2236 ἵνα
1813 2185 1879 2254 τῇ
1924 2183 2015 2236 λε·-

444 2279 674 2348 πτότητι
703 2278 795 2331 τοῦ
831 2277 1135 2340 ὑδατώδους
1176 2275 1592 2346 περιττώματος
1643 2274 1884 2336 εὐκόλως
1940 2275 2018 2326 διο

441 2371 695 2437 οδεύηται
728 2370 786 2421 τὸ
825 2364 984 2438 αἷμα,
1019 2367 1156 2436 πρός
1179 2384 1236 2418 τε
1266 2366 1331 2417 τὰ
1360 2365 1531 2417 λεπτά
1559 2363 1667 2416 τῶν
1713 2365 1948 2432 ἀγγείων
1974 2365 2017 2397 7"

445 2463 541 2514 καὶ
573 2460 708 2529 πρὸς
743 2459 887 2512 ἀπαν
916 2459 976 2510 τὸ
1027 2456 1187 2526 σῶμα
1239 2455 1326 2508 διά
1379 2453 1486 2506 τῶν
1534 2454 1839 2526 τριχοειδῶν
1894 2454 2022 2522 φλε-

445 2553 579 2605 ϐίων
608 2552 674 2614 ⁷⁸,
697 2552 773 2613 ῶς
805 2551 1044 2620 εἴρηται.
1079 2547 1440 2616 Μιχϐεῖσαιδὲ
1476 2547 1610 2611 πρὸς
1644 2546 1882 2615 ἀλλήλας
1908 2546 2017 2600 τῶν

445 2643 694 2708 ζωτικῶν
719 2643 1004 2709 δυνάμεων
1055 2641 1110 2692 αἱ
1162 2640 1255 2692 δύο
1289 2640 1502 2708 ἀρχαί·
1556 2638 1654 2706 ἥτε
1713 2639 1774 2690 τὸ
1819 2638 2022 2709 θερμὸν

446 2736 556 2788 ἀπὸ
583 2734 812 2806 καρδίας
836 2732 1085 2801 πανταχῆ
1114 2731 1207 2783 ἐπὶ
1230 2730 1273 2760 ⁷³
1321 2731 1384 2781 τὸ
1432 2729 1594 2799 σῶμα
1630 2731 2022 2800 ἐκπέμπουσα,

448 2829 595 2898 καὶὴ
629 2826 688 2880 τὸ
728 2827 892 2895 ὑγρὸν
935 2823 1248 2896 χορηγοῦσα
1299 2821 1358 2886 ἐξ
1386 2823 1598 2892 ἥπατος
1654 2825 1720 2892 τῇ
1779 2824 2024 2894 ἀρχικω-

447 2921 584 2990 τέρᾳ
633 2919 731 2989 τῆς
782 2918 1023 2986 ζωτικῆς
1077 2915 1360 2984 δυνάμεως
1425 2917 1728 2985 οἰκονομίᾳ,
1783 2917 2022 2986 δωροφο-

453 3011 693 3082 pauet“.
727 3010 835 3062 Τοῦ
869 3027 928 3061 τε
968 3008 1077 3079 γὰρ
1112 3007 1320 3077 θερμοῦ
1364 3006 1424 3058 τὸ
1469 3005 1880 3077 καθαρώτερον,
1927 3007 2024 3060 καὶ

452 3101 546 3154 τοῦ
583 3100 751 3171 ὑγροῦ
783 3101 844 3152 τὸ
889 3101 1220 3169 λεπτότερον
1249 3099 1319 3160 ⁸¹,
1368 3099 1498 3168 παρ’
1539 3098 1808 3167 ἑκατέρας
1861 3097 2022 3151 δυνά-

455 3209 600 3262 μεως
629 3192 717 3246 διά
748 3207 892 3253 τινος
929 3191 1129 3260 μίξεως
1164 3191 1258 3242 καὶ
1315 3189 1672 3260 ἀνακράσεως
1728 3189 2021 3251 ένωθέντα,

449 3283 642 3350 τρέφει
700 3282 792 3334 καὶ
829 3280 1111 3350 συνίστησι
1165 3279 1257 3331 τὸν
1296 3278 1600 3347 ἐγκέφαλον
1655 3271 1744 3331 δι”ἀ
1787 3278 1897 3331 τῶι
1927 3280 2018 3332 ἀτο
2051 3319 2093 3375 c

457 3373 596 3440 μῶν.
661 3370 780 3438 Ἀφ’
828 3366 888 3425 οὗ
939 3370 1102 3422 πάλιν
1158 3369 1596 3438 ἐκλεπτυνομένη
1635 3368 1884 3431 ἀνάδοσις
1925 3369 2020 3421 ἀπ’

452 3461 665 3514 ἐκείνου
691 3461 734 3492 ⁸³
758 3460 1046 3528 ὑπαλείφει
1078 3459 1172 3512 τὸν
1202 3459 1552 3529 περιεκτικὸν
1591 3457 1686 3512 τοῦ
1719 3459 2024 3528 ἐγκεφάλου

453 3555 650 3623 ὑμένα,
698 3551 789 3604 τὸν
834 3552 1122 3621 δεχόμενον
1159 3551 1258 3618 τὴν
1328 3550 1569 3620 ψυχικὴν
1610 3550 1899 3620 ἐνέργειαν
1924 3564 1936 3578 ⁸
1966 3548 2024 3602 ὃν

451 3647 548 3698 καὶ
575 3645 868 3708 δικτυῶδες
894 3645 940 3676 ⁸³
967 3643 1188 3714 πλέγμα
1217 3643 1473 3696 καλοῦσιν
1505 3643 1555 3694 οἱ
1589 3642 1784 3711 ἰατροί.

535 3737 598 3790 Ἦ
623 3737 733 3807 γὰρ
761 3735 909 3806 ψυχὴ
939 3735 1077 3806 αὑτὴ
1118 3735 1220 3804 μὲν
1252 3734 1374 3787 καθ’
1409 3733 1609 3802 ἑαυτὴν
1635 3733 1756 3786 Θεία
1790 3732 1873 3796 τίς
1907 3734 2024 3786 ἐστι

453 3826 549 3879 καὶ
569 3825 858 3895 ἀσώματος
886 3842 901 3857 ·
933 3825 1139 3895 λάμπει
1164 3824 1206 3854 ⁸³
1240 3823 1296 3875 δέ
1329 3824 1410 3885 εἰς
1425 3822 1484 3874 τὺ
1531 3821 1691 3891 σῶμα
1717 3821 1878 3874 τοῦτο
1927 3823 2028 3875 οὑκ

453 3921 487 3969 ἀ
497 3919 694 3986 μέσως,
726 3917 860 3970 ἀλλά
885 3915 1200 3986 κεχρημένη
1223 3916 1440 3983 ὀργάνῳ
1457 3913 1566 3965 τινὶ
1591 3911 1670 3981 τῷ
1695 3912 1861 3964 καλου
1872 3913 2022 3982 μένῳ

454 4009 731 4078 πνεύματι
786 4007 1022 4079 ψυχικῷ.
1077 4008 1247 4060 Τοῦτο
1294 4007 1350 4058 δε
1394 4004 1744 4074 ἐκπέμπεται
1801 4004 1898 4072 μὲν
1963 4005 2028 4057 ἐκ

454 4102 681 4171 καρδίας
705 4101 794 4154 διά
814 4101 912 4170 τῆς
928 4099 1131 4170 ἀορτῆς
1153 4097 1448 4169 ἀρτηρίας,
1472 4097 1566 4150 καὶ
1580 4097 1628 4133 ⁸⁵
1661 4095 1964 4166 φερόμενον
1979 4094 2028 4126 ⁸⁸

454 4191 608 4260 παρά
662 4189 723 4242 τὸ
775 4188 1067 4259 εἰρημένον
1127 4186 1419 4249 δικτυῶδες
1446 4185 1492 4217 ³⁷
1555 4185 1796 4254 πλέγμα,
1842 4186 2026 4237 ἐκεῖσε

454 4283 712 4335 πέττεται
735 4281 780 4313 ⁸⁸
812 4281 907 4334 καὶ
939 4280 1286 4344 λεπτύνεται,
1319 4281 1412 4333 καὶ
1457 4280 1699 4350 αἰθέριόν
1737 4297 1797 4332 τε
1818 4281 1862 4312 ⁸⁸
1932 4281 2027 4333 καὶ

454 4373 732 4441 αὐγοειδὲς
788 4372 1001 4440 γίνεται
1030 4389 1043 4401 ·
1079 4373 1155 4436 ὡς
1203 4372 1516 4442 ἐπιτήδειον
1569 4368 1710 4424 εἷναι
1762 4371 2026 4436 δέξασθαι

453 4465 632 4535 ψυχῆς
665 4463 932 4534 ἐλλαμψιν
957 4465 1027 4517 ⁸ο.

2121 2093 2488 2147 crassitudine
2520 2104 2805 2163 penetrare
2856 2091 3013 2147 facile
3059 2095 3235 2159 detur,
3288 2096 3391 2165 ipsi
3427 2112 3694 2167 aquosum

2121 2194 2526 2237 excrementum
2555 2184 2803 2238 adhiberi
2847 2186 3111 2253 oportuit,
3165 2201 3275 2256 quo
3313 2187 3432 2257 ejus
3475 2190 3697 2258 gracili-

2123 2274 2251 2326 tatis
2305 2289 2492 2340 causa,
2539 2273 2791 2344 sanguini
2825 2275 2947 2344 ipsi,
2977 2290 3072 2344 per
3125 2276 3346 2331 subtilia
3401 2279 3600 2348 quibus
3627 2282 3692 2334 ad

2123 2365 2353 2434 pilorum
2381 2367 2603 2420 modum
2637 2381 2828 2421 omnes
2862 2376 3041 2436 partes
3068 2367 3280 2423 referta:
3305 2379 3431 2424 sunt
3453 2372 3695 2435 vascula,

2128 2469 2224 2523 per
2267 2455 2403 2524 ipsa,
2440 2455 2686 2523 inquam,
2735 2470 2799 2508 ac
2823 2462 2996 2508 totum
3029 2470 3228 2524 corpus
3264 2457 3694 2528 (utexplicatum

2125 2545 2228 2616 cst)
2248 2545 2490 2614 pervium
2514 2545 2615 2599 iter
2647 2545 2920 2599 reddatur.
2941 2546 3074 2600 Cum
3107 2554 3285 2602 autem
3314 2550 3532 2618 gemina
3560 2552 3696 2605 vita-

2126 2637 2258 2691 lium
2292 2635 2611 2691 facultatum
2658 2635 2920 2706 principia
2976 2639 3261 2692 commista
3288 2639 3417 2705 sint,
3463 2640 3697 2711 quorum

2127 2738 2355 2792 alterum
2388 2738 2620 2791 calorem
2662 2752 2694 2791 a
2740 2737 2922 2801 corde,
2957 2737 3186 2793 alterum
3227 2739 3510 2795 humorem
3544 2757 3576 2796 a
3615 2742 3697 2812 je-

2127 2827 2313 2881 cinore
2347 2826 2672 2895 suppeditat,
2736 2827 3006 2895 praecipua
3037 2840 3100 2880 ac
3131 2829 3368 2882 maxime
3413 2831 3695 2901 principali

2127 2915 2305 2970 vitalis
2335 2915 2612 2970 facultatis
2658 2916 3159 2983 administratione,
3201 2917 3316 2971 haec
3367 2920 3696 2991 largiuntur.

2129 3006 2438 3071 Enimvero,
2491 3007 2783 3076 purissima
2839 3007 3038 3061 caloris
3095 3008 3296 3076 portio,
3342 3009 3698 3081 humorisque

2127 3112 2249 3166 quae
2280 3097 2635 3152 snbtilissima
2663 3105 2766 3160 est,
2815 3112 3044 3167 quaeque
3074 3098 3143 3153 ab
3165 3109 3395 3169 utraque
3444 3101 3698 3157 facultate

2129 3187 2358 3242 mistella
2381 3187 2636 3257 quadam,
2660 3196 3196 3255 temperamentoque
3216 3190 3418 3256 med-io,
3451 3191 3502 3244 in
3531 3206 3696 3245 unum

2128 3291 2343 3342 coeunt,
2369 3294 2462 3347 per
2493 3293 2721 3347 vapores
2746 3279 2810 3332 ad
2845 3278 3125 3332 cerebrum
3154 3281 3528 3348 procedentes,
3549 3283 3701 3338 alunt

2129 3366 2307 3434 ipsum
2339 3367 2807 3436 constitnuntque.
2849 3367 2930 3421 Ad
2974 3368 3110 3430 haec,
3171 3369 3527 3426 subtilissima
3573 3388 3698 3426 rur-

2128 3471 2243 3518 sus,
2267 3472 2387 3525 qnae
2410 3457 2478 3509 ab
2505 3471 2571 3510 eo
2599 3456 2825 3526 emergit
2844 3457 2945 3520 vis,
2967 3457 3337 3512 membranam
3369 3475 3491 3528 quae
3521 3461 3698 3530 ipsum

2128 3545 2318 3610 ambit,
2352 3561 2474 3614 quae
2507 3547 2703 3600 anima:
2733 3547 3001 3601 actionem
3039 3548 3288 3618 suscipit,
3316 3565 3544 3621 quaeque
3574 3556 3700 3608 reti-

2127 3636 2309 3689 culare
2341 3643 2548 3690 textum
2575 3653 2606 3691 a
2639 3638 2861 3693 medicis
2899 3648 3265 3708 nuncupatur,
3303 3641 3590 3700 demulcet.

2200 3724 2476 3796 Siquidem
2521 3727 2702 3781 anima
2732 3727 2848 3797 ipsa
2883 3729 3126 3782 divinum
3155 3731 3448 3798 quoddam,
3477 3748 3543 3790 ac
3573 3750 3699 3791 cor-

2129 3820 2278 3890 poris
2325 3834 2521 3888 expcrs
2560 3820 2833 3884 habetur;
2891 3821 2944 3874 in
2989 3835 3218 3891 corpore
3273 3824 3377 3880 hoc
3420 3827 3726 3898 haudqna-.

2130 3927 2292 3980 quam
2327 3911 2508 3965 medio
2539 3926 2752 3975 carens,
2787 3912 2879 3966 sed
2905 3912 3268 3969 instrumento
3293 3956 3306 3981 ,
3335 3917 3479 3985 quod
3504 3920 3701 3974 animae

2129 4002 2354 4070 spiritus
2389 4003 2588 4056 dicitur
2631 4010 2956 4072 sequestro,
3022 4004 3267 4074 refulget.
3331 4005 3702 4064 Verumenim-

2130 4108 2259 4146 vero
2319 4094 2542 4162 spiritus
2603 4094 2724 4157 iste,
2775 4109 2806 4148 a
2861 4097 3046 4156 corde,
3121 4097 3333 4151 arteriae
3375 4113 3498 4167 quae
3546 4113 3699 4154 aorta

2130 4194 2476 4254 nuncupatur
2521 4186 2715 4249 oﬂicio,
2762 4202 2979 4242 sursum
3023 4188 3311 4254 emittitur,
3349 4205 3413 4244 ac
3445 4205 3540 4259 per
3566 4193 3700 4246 reti-~

2129 4275 2312 4329 cnlarc
2354 4277 2421 4330 de
2443 4291 2552 4346 quo
2573 4277 2807 4331 dicimus
2839 4286 3044 4331 textum
3074 4279 3218 4341 quod
3251 4279 3534 4334 cerebrum
3585 4297 3701 4334 am-

2129 4365 2207 4420 bit
2236 4367 2535 4435 procedens
2556 4405 2570 4428 ,
2616 4367 2979 4436 concoquitur
3007 4368 3160 4431 inibi,
3213 4376 3602 4439 tenuaturque,
3638 4387 3702 4425 ac

2128 4458 2314 4512 aetheri
2375 4458 2701 4526 persimilis.
2747 4458 3020 4528 simulque
3069 4457 3345 4528 fulgidus,
3393 4469 3453 4514 ut
3508 4462 3703 4516 animae

2130 4549 2471 4621 splendorem
2505 4549 2782 4618 suscipere
2839 4549 3070 4604 idoneus
3098 4550 3186 4615 sit,
3219 4549 3466 4605 efficitur.

523 4641 588 4695 Εἰ
619 4641 800 4694 τοίνυν
825 4639 983 4692 τοῦτο
1016 4638 1320 4711 παχύτερον
1349 4639 1516 4692 αὑτοῦ
1537 4640 1622 4708 εἴη
1659 4640 1751 4693 καὶ
1791 4640 2019 4695 τεθολω-

2200 4643 2257 4695 Si
2314 4642 2480 4711 igitur
2523 4641 2774 4709 spiritum
2841 4645 3031 4706 hunc,
3085 4643 3176 4696 illo
3225 4643 3498 4698 reticulari
3555 4652 3704 4700 texto

455 4731 640 4801 μένον,
663 4733 697 4802 ἡ
734 4731 833 4802 μὲν
866 4732 966 4802 τῆς
993 4730 1175 4801 ψυχῆς
1201 4731 1364 4784 οὑσία
1392 4731 1546 4784 οὐδὲν
1574 4731 1633 4796 ἐξ
1663 4731 1826 4785 αὑτοῦ
1848 4751 2028 4804 παρα-

453 4821 752 4876 σλάπτεται
786 4839 800 4853 ·
836 4823 898 4875 τὸ
919 4822 976 4874 δὲ
1002 4822 1162 4892 σῶμα
1191 4821 1282 4874 διὰ
1303 4823 1401 4893 τὴν
1433 4820 1526 4874 τοῦ
1579 4821 1885 4891 πνεύματος
1925 4839 1998 4876 κα

453 4911 577 4964 κίαν
614 4913 674 4964 ού
713 4911 956 4982 σαφῶςῆ
984 4912 1412 4981 καταλάμπεται
1443 4912 1476 4982 ἢ
1511 4912 1758 4982 ἐνεργεῖ·
1791 4914 1839 4965 εἰ
1869 4912 1924 4965 δὲ
1940 4916 2026 4984 εἴη

450 5001 809 5072 λεπτομερὲς,
852 5003 1266 5072 ἀνεμποδίστως
1301 5001 1485 5054 καὶτὸ
1531 5001 1689 5070 σῶμα
1718 5000 1826 5054 τῶν
1869 5001 2030 5072 ψυχι-

453 5093 567 5146 κῶν
598 5093 892 5162 ἐνεργείων
916 5094 1185 5147 ἀπολαύει
1212 5109 1228 5123 ’
1258 5093 1348 5147 διὰ
1374 5093 1580 5165 ταύτην
1607 5093 1788 5146 τοίνυν
1804 5094 1902 5164 τὴν
1940 5096 2027 5148 αί-

453 5183 575 5238 τίαν
605 5184 889 5256 ἀπέριττοι
921 5186 1180 5255 μένοντες
1207 5186 1422 5239 κάλλιον
1453 5185 1496 5216 "
1531 5183 1883 5254 λογιζόμεθα,
1932 5186 2027 5238 καὶ

2132 4734 2456 4790 crassiorem
2489 4733 2878 4803 turbidumque
2906 4749 3028 4788 esse
3057 4734 3366 4804 contigerit,
3412 4749 3519 4789 non
3557 4735 3703 4799 ideo,

2131 4838 2201 4877 ne
2230 4822 2498 4876 tantillum
2530 4823 2750 4891 quidem
2793 4822 2991 4878 anima:
3043 4823 3347 4878 substantia
3392 4824 3462 4878 ab
3502 4839 3568 4878 eo
3609 4825 3703 4880 la:-

2129 4915 2299 4976 ditur,
2339 4927 2540 4982 corpus
2581 4928 2709 4967 vero
2753 4915 2981 4982 spiritus
3017 4913 3171 4976 vitio,
3207 4929 3384 4984 neque
3417 4915 3704 4985 perspicue

2131 5004 2455 5067 illustratur,
2497 5018 2674 5073 neque
2693 5004 2935 5059 actiones
2976 5018 3107 5058 suas
3141 5004 3396 5059 ostendit.
3434 5005 3491 5059 Si
3522 5016 3702 5064 autem

2133 5094 2285 5149 illum
2307 5095 2648 5150 subtiliorem
2677 5109 2799 5150 esse
2818 5095 3130 5164 contigerit,
3161 5110 3361 5164 corpus
3382 5097 3589 5166 absque
3611 5098 3708 5152 im-

2133 5187 2441 5255 pedimento
2477 5186 2583 5256 37
2609 5185 2806 5240 animae
2853 5187 3159 5241 actionibus
3207 5184 3427 5245 fruitur.
3464 5186 3577 5243 Hac
3608 5189 3709 5259 igi-

526 5339 572 5370 ⁸⁸
592 5339 846 5414 στελεχία
877 5339 936 5414 B_,
974 5340 1100 5414 ἣτις
1135 5338 1535 5414 στελεχιαία-Β.
1690 5339 2020 5414 περιέχουσα
2044 5338 2148 5414 ΒᾉΟ
2311 5338 2357 5371 ⁸⁸
2393 5339 2830 5414 παροδευὸλμενον
2864 5342 3048 5414 Ρημοθ
3088 5343 3526 5414 ἐγκατασπεῖραι
3550 5346 3703 5412 εἰσμ·

453 5407 658 5479 ὀχετῶν
680 5407 856 5478 ἀρχάς
893 5410 958 5462 Ρ.
998 5407 1009 5411 ⁷
1057 5410 1104 5441 ⁷⁸
1142 5407 1426 5478 διαφύσεις
1447 5409 1508 5461 Β.
1610 5408 1656 5440 ’ί
1689 5407 1866 5461 τεκαὶ
1892 5409 1952 5461 Ρ.

454 5479 502 5510 τι
546 5479 706 5511 "Ann.-
752 5479 780 5511 Δ
912 5479 958 5511 7⁸
1008 5479 1178 5511 unua).
1231 5479 1268 5511 ιι
1388 5479 1434 5510 ’10
1468 5479 1634 5511 “qh-.m-
1697 5478 1724 5511 Δ
1812 5478 1952 5511 "Anu

455 5479 502 5510 "
544 5479 706 5548 μόνον
745 5479 808 5531 Α.
912 5479 958 5511 ⁷⁵
1007 5479 1179 5550 μικρά
1227 5479 1288 5534 Β.

455 5549 502 5580 ”
544 5547 689 5602 κατά
719 5549 761 5599 Β
808 5546 851 5602 C
902 5546 960 5602 P.
1063 5550 1110 5581 °°
1154 5549 1288 5602 δοοοε

455 5617 502 5688 ξ’
530 5618 822 5681 δυκτιῶδες
860 5619 921 5672 Β.
1028 5619 1074 5652 ⁸⁸
1111 5616 1386 5688 ἐκλάμπει
1421 5619 1462 5670 Β
1498 5617 1540 5688 C
1569 5616 1630 5688 Ρ.
1689 5685 1699 5688 Α
1729 5619 1775 5651 ⁸⁸

455 5687 500 5719 ⁸⁷
527 5689 854 5753 δικτυοειδές
881 5691 946 5758 Α,
998 5685 1294 5751 δυκτιῶδες
1322 5689 1382 5741 Β.
1494 5687 1540 5720 ⁸⁸
1570 5685 1819 5758 ἀθαίριόν
1847 5703 1907 5738 τε
1941 5687 2003 5742 Β.

458 5760 702 5829 κρεῖττον
729 5758 790 5814 Ρ.

2061 5411 2108 5441 ⁷¹
2138 5408 2494 5479 κλημακηδὸν
2515 5410 2578 5471 Β,
2625 5409 3036 5479 κληματοειδῶς
3089 5412 3130 5464 C
3163 5410 3225 5464 P.

1063 5479 1638 5618 ᾕρόδοίξξφορὺἓὲίήῗῗ
1672 5478 2273 5618 δῒρυξὲεδῖσιδιὲκὲξι.
2305 5479 2368 5579 1;;

1217 5565 1508 5619 ροφορουσι
1565 5563 1632 5611 υ,
1672 5563 1802 5616 οορυ
1848 5564 2014 5618 ορουσ

1217 5620 1386 5688 άμπει
1421 5619 1462 5670 Β
1498 5617 1540 5673 C
1569 5616 1630 5670 P.
1729 5619 1775 5651 ⁸⁸
1891 5619 2019 5670 ἐκπε

1217 5688 1294 5740 Βες
1322 5689 1382 5740 Β.
1494 5687 1540 5720 ⁸³
1570 5685 1819 5740 ἀθαίριόν
1847 5703 1907 5738 τε
1941 5687 2003 5740 Β.

2163 5563 2222 5601 ι’.
2321 5563 2364 5579 υ·
2418 5563 2746 5602 Αεπτοτατον
2805 5563 2866 5602 ι’.
2970 5563 3014 5581 ’⁸
3065 5563 3158 5603 ἀπ’
3204 5563 3284 5603 εκε

2126 5619 2186 5671 ἐκ
2219 5616 2445 5688 καρδίας
2475 5616 2563 5671 διά
2588 5618 2689 5686 τῆς
2715 5619 2924 5689 ἀορκῆς
2945 5620 3038 5673 καὶ
3073 5621 3133 5676 P.
3238 5621 3284 5651 ⁸⁵

2126 5689 2154 5718 ⁸⁸
2193 5703 2281 5740 νο.
2324 5686 2607 5740 ἀναπέιιπ.
2644 5687 2704 5740 Ρ.
2805 5689 2850 5721 ⁹⁰
2880 5690 3116 5740 Damva
3146 5693 3210 5740 Δ.

2193 5703 2281 5758 rp.
2324 5702 2497 5740 αναπε
2507 5704 2607 5756 μπ.
2644 5702 2704 5741 ι’.

3326 5413 3372 5444 ⁷³
3402 5413 3609 5470 παγέου
3644 5415 3705 5470 Β.

2477 5478 2522 5508 ⁷⁷
2561 5478 2872 5547 ἀναγκείων
2914 5481 2973 5532 Β.
3084 5480 3130 5513 ⁷⁸
3169 5481 3409 5547 ἀγγείων
3467 5478 3516 5534 Β
3544 5483 3585 5536 C
3643 5484 3704 5539 P.

3084 5480 3130 5513 ἠ

2321 5547 2364 5579 ⁸³
2417 5546 2746 5602 λεπτότατον
2805 5550 2866 5602 Ρ.

2970 5549 3014 5581 ⁸³
3065 5551 3158 5603 ἀπ’
3204 5551 3416 5604 ἐκείνου
3475 5567 3586 5607 om.
3638 5557 3704 5610 Α.

3325 5638 3458 5694 φερο
3466 5623 3605 5694 μένο
3637 5628 3678 5679 Α
3690 5663 3706 5680 .

2805 5689 2850 5721 ⁹⁰
2880 5690 3116 5761 ελαμψιν
3146 5693 3210 5746 Λ.
3316 5692 3358 5723 ⁹¹
3396 5689 3494 5762 μὲν
3554 5694 3703 5758 ὄντες
