4040 6150
434 338 560 394 1151

1739 332 2016 387 MELETII
2063 332 2366 388 ΜΟΝΜΣΙΠ

3540 339 3665 393 1152

430 461 520 505 tur
561 449 627 503 de
670 461 854 512 causa,
913 445 1004 514 qui
1064 454 1529 498 evcremrntorum
1583 460 1830 514 expertes
1890 448 1977 499 fne

2107 447 2203 509 τὰς
2253 446 2588 516 ἡγεμονικὰς
2631 447 2912 517 ἐνεργείας
2968 448 3360 519 ἐπιτελοῦμεν·
3412 467 3668 521 περιττω-

427 543 558 605 rint,
627 554 712 593 res
774 535 1122 606 praestantius
1181 536 1654 601 animadvertunt,
1715 552 1882 605 seque
1945 539 1997 589 in

424 629 742 702 peragendis
769 625 1158 697 principalibus
1185 626 1490 681 actionibus
1519 628 1760 682 nobilius
1781 637 1994 696 gerunt.

2109 541 2328 608 ματικοὶ
2362 538 2440 598 δὲ,
2481 540 2575 590 καὶ
2638 539 2872 607 μάλιστα
2917 541 3054 608 μετά
3083 541 3182 604 τὰς
3229 541 3484 610 ἀπεψίας,
3525 543 3666 595 οὐδε-

2108 626 2236 695 μίαν
2260 627 2369 678 τῶν
2389 625 2618 678 δεόντων
2651 625 2944 696 ἐνεργειῶν
2977 628 3244 681 ἐπιτελεῖν
3271 627 3568 698 δυνάμεθα.

422 725 523 792 Qui
569 737 694 776 vero
740 716 1135 775 excrementosi
1177 727 1326 782 sunt,
1369 728 1423 772 et
1463 717 1555 786 qui
1607 719 1905 786 prmsertim
1965 719 2020 769 in
2060 716 2510 771 concoctionibus
2576 725 2914 785 premuntur,
2965 721 3047 772 eis
3071 721 3136 772 ad
3169 733 3230 771 ea
3258 734 3380 788 quae
3423 735 3559 788 opus
3590 729 3668 774 est

419 815 722 888 peragenda
760 812 989 866 facultas
1022 811 1384 879 intercipitur.

487 908 626 963 Cum
678 903 913 974 igitur,a
938 901 1251 954 membrana
1297 899 1412 967 ipsa
1443 915 1602 969 quam
1637 900 1996 964 assentimus,

419 997 600 1052 omnis
630 993 848 1064 quidem
871 991 1180 1045 articularis
1207 999 1407 1053 motus,
1443 1008 1566 1046 cum
1600 994 1857 1048 concordi
1883 1009 1999 1046 mu-

418 1087 695 1144 sculorum
721 1092 916 1144 tractu,
936 1095 1146 1136 necnon
1166 1080 1506 1136 voluntarius
1537 1084 1783 1153 spiritus,
1810 1084 1902 1153 qui
1929 1085 1993 1136 ad

417 1177 661 1247 singulas
682 1174 927 1243 corporis
953 1172 1126 1227 nostri
1155 1183 1335 1240 partes
1363 1173 1659 1247 delegatur,
1690 1176 1990 1246 proveniat,

420 1261 695 1326 terrenum
724 1265 895 1322 nostri
927 1264 1464 1335 simulacrum,quod
1505 1269 1736 1323 artitlcio
1761 1269 1992 1338 quodam

2187 897 2282 950 Ἐκ
2329 895 2425 949 τοῦ
2477 892 2572 950 οὖν
2610 897 2904 967 εἰρημένου
2943 897 3079 964 μυὸς
3131 901 3277 951 πᾶσα
3317 900 3417 968 μὲν
3470 899 3665 971 ἄρθρου

2104 989 2316 1058 κίνησις
2349 1003 2364 1019 ο
2395 991 2545 1041 πᾶσα
2589 987 2647 1041 δέ
2681 989 2830 1058 μυῶν
2865 989 3096 1056 συνολκή
3118 1005 3133 1019 ο
3168 990 3276 1041 πᾶν
3304 989 3362 1041 δέ
3415 1006 3666 1059 προαιρε-

2100 1081 2252 1133 τικὸν
2274 1080 2494 1150 πνεῦμα
2524 1082 2638 1144 τοῖς
2666 1082 2800 1134 πᾶσι
2830 1081 3044 1152 μορίοις
3081 1081 3176 1133 τοῦ
3233 1080 3488 1150 σώματος
3519 1083 3666 1153 ήμῶν

2103 1172 2580 1241 ἐπιπεμπόμενον,
2611 1171 2702 1224 τὸν
2742 1172 2929 1242 γήϊνον
2957 1174 3112 1241 ἡμῶν
3129 1173 3424 1243 ἀνδρίαντα
3462 1175 3527 1226 ἐκ
3565 1192 3664 1243 μη-

2103 1265 2275 1335 χανῆς
2299 1265 2445 1327 τινὸς
2476 1263 2797 1334 κινούμενον
2820 1266 2866 1296 ⁸³
2918 1264 3183 1319 δείκνυσι.
3216 1264 3518 1327 Αύλοειδῶς
3565 1265 3667 1335 γὰρ

421 1373 692 1426 movetur,
742 1367 987 1430 apparet.
1044 1359 1171 1413 nam
1215 1358 1481 1427 siquidem
1539 1361 1858 1414 membrana
1903 1375 1981 1430 pet

2099 1355 2308 1410 ἀνωθεν
2327 1355 2374 1387 ⁸³
2413 1354 2619 1424 διήκων
2656 1355 2750 1407 ἐπὶ
2801 1353 2864 1407 τὸ
2895 1354 3080 1423 βάθος,
3123 1355 3211 1408 διὰ
3269 1355 3379 1407 τῶν
3434 1354 3667 1425 καθεξῆς

422 1457 594 1526 spinae
641 1450 971 1514 internodia,
1025 1465 1146 1520 qua:
1213 1459 1362 1504 recto
1422 1449 1613 1504 ordine
1667 1451 1994 1516 consistunt,

2100 1446 2412 1500 σπονδύλων
2440 1446 2540 1517 τῆς
2573 1446 2787 1516 ῥάχεως
2818 1440 2974 1508 οὗτος
3014 1448 3042 1499 ὀ
3071 1447 3198 1514 μὺς,
3230 1445 3340 1498 τῶν
3376 1445 3567 1515 ῥαφῶν
3610 1461 3665 1497 τε

420 1566 450 1603 a
483 1544 860 1617 superioribus
905 1543 972 1598 ad
1002 1544 1110 1597 ima
1137 1541 1512 1612 progreditur,
1567 1554 1688 1612 quae
1729 1555 1834 1596 una
1867 1557 1981 1597 cum

2096 1538 2191 1590 ml.
2218 1537 2326 1591 τῶν
2375 1539 2715 1608 ἐγκειμένων
2767 1537 2904 1608 αὐτῇ
2951 1537 3170 1607 μυελῶν
3191 1538 3257 1602 ⁸⁸,
3291 1540 3356 1608 τῇ
3398 1537 3558 1607 βάσει
3588 1539 3667 1589 tv-

419 1641 524 1696 sibi
557 1638 719 1693 insita
747 1635 1000 1698 medulla,
1051 1633 1117 1687 ad
1161 1633 1333 1702 spinae.
1384 1633 1492 1687 ima
1531 1633 1805 1688 terminat.
1842 1632 1981 1689 Hanc

2095 1629 2361 1699 απολήγει
2389 1631 2487 1698 τῆς
2518 1631 2732 1700 ῥάχεως
2753 1643 2766 1656 ⁸

416 1740 597 1787 autem
642 1727 806 1783 veluti
855 1725 1101 1793 aurigam
1175 1723 1418 1779 omnium
1474 1725 1705 1789 ossium,
1771 1725 1991 1778 harmo-

414 1822 741 1890 niarumque
778 1815 1145 1880 cohterentiis,
1172 1815 1658 1885 musculorumque
1685 1815 1985 1886 principiis,

415 1914 675 1982 impetum
734 1906 1158 1975 facultatemque
1222 1905 1471 1959 movendi
1527 1904 1842 1974 singillatim
1888 1906 1990 1957 im-

412 2001 599 2072 pertiri
647 2007 881 2053 constat.
933 1995 1045 2051 llac
1090 1996 1158 2050 de
1215 2008 1381 2051 causa
1417 1997 1588 2065 ipsam
1626 1995 1899 2050 tutissimo
1934 1997 1987 2050 in

415 2094 532 2146 loco
563 2088 935 2146 collocandam
982 2087 1154 2142 fuisse
1195 2086 1388 2140 merito
1429 2087 1849 2142 existimandum
1883 2098 1986 2143 est.

411 2179 546 2234 Nam
593 2180 708 2232 haec
749 2177 802 2230 itt
858 2179 1054 2244 capite,
1101 2175 1203 2229 sub
1257 2174 1459 2250 duplici
1494 2177 1700 2230 ossium
1751 2177 1983 2240 ambitu,

413 2270 667 2326 circulari
716 2268 908 2323 ordine
956 2265 1341 2334 complicatur;
1403 2266 1454 2321 in
1501 2267 1664 2321 dorso
1701 2283 1828 2322 vero
1889 2269 1988 2323 sub

413 2361 693 2430 spinarum
718 2367 932 2422 exortu,
968 2372 1032 2412 ac
1053 2356 1477 2412 multiformibus
1511 2358 1845 2412 anfractibus
1887 2361 1987 2414 sita

411 2463 514 2515 est,
558 2466 790 2522 quorutn
825 2463 1013 2513 causa,
1069 2449 1140 2502 ob
1174 2449 1503 2503 membrana:
1537 2449 1708 2516 ipsius
1743 2450 1985 2515 tutelam,

412 2545 698 2600 cerebrum
758 2541 935 2611 ipsum
989 2539 1124 2594 nulli
1155 2541 1353 2595 damno
1395 2540 1690 2595 obnoxium
1723 2543 1983 2596 redditur.

481 2633 670 2688 Simile
687 2646 814 2686 vero
845 2629 1119 2700 quoddam
1160 2631 1227 2685 de
1275 2631 1440 2685 corde
1487 2632 1605 2700 ipso
1648 2631 1988 2686 animadver-

409 2737 592 2786 teres,
646 2723 905 2792 quoniam
952 2722 1164 2791 ipsum,
1231 2721 1350 2774 vice
1402 2721 1686 2775 tutissimae
1753 2721 1983 2784 domus,

409 2813 636 2868 lirmiori
673 2811 879 2866 ossium
925 2810 1135 2864 ambitu
1181 2809 1449 2862 munitum
1496 2818 1600 2863 est.
1659 2808 1826 2877 Spina
1861 2811 1986 2877 qui-

2807 1629 3070 1693 πάσαις⁹³
3101 1629 3304 1683 ὀστέων
3357 1631 3453 1684 καὶ
3498 1631 3665 1700 ἁρμο-

2091 1719 2220 1772 νιῶν
2246 1720 2564 1790 συμϐολαῖς,
2602 1721 2699 1774 καὶ
2726 1720 2880 1790 μυῶν
2902 1721 3122 1790 ἀρχαῖς.
3154 1717 3280 1774 Οἷόν
3321 1739 3406 1784 τις
3457 1723 3666 1792 ἡνίοχος

2091 1809 2290 1863 adeo"
2327 1809 2564 1873 ἐνδιδοὺς
2617 1813 2719 1880 τῆς
2767 1811 2896 1864 καθ’
2957 1811 3191 1866 ἕκαστον
3245 1815 3516 1882 κινήσεως
3574 1811 3666 1882 τὴν

2089 1902 2265 1971 ὁρμὴν
2317 1903 2411 1955 καὶ
2446 1902 2547 1974 τὴν
2580 1902 2832 1972 δύναμιν.
2875 1905 2975 1955 Διά
3016 1903 3175 1956 τοῦτό
3239 1922 3328 1974 μοι
3380 1905 3535 1958 δοκεῖ
3575 1905 3666 1958 καὶ

2089 1994 2503 2065 ἀσφαλεστέρας
2553 1997 2800 2066 φρουρᾶς
2852 1994 3139 2064 ⁴ίῖξιῶσθαι.
3197 1997 3353 2050 Κατά
3414 1997 3516 2065 μὲν
3571 1995 3667 2065 τὴν

2090 2085 2358 2158 κεφαλὴν,
2382 2086 2599 2149 διπλαῖς
2626 2086 2829 2138 ὀστέων
2863 2085 3184 2156 περιϐολαῖς
3215 2088 3273 2140 ἐν
3311 2086 3500 2158 κύκλῳ
3531 2088 3662 2141 διει-

2089 2178 2370 2247 λημμένος
2397 2194 2410 2207 ·
2465 2177 2605 2230 κατά
2641 2177 2698 2229 δὲ
2739 2177 2839 2247 τὴν
2878 2177 3060 2247 ῥάχιν,
3116 2182 3236 2239 ταῖς
3274 2177 3384 2230 τῶν
3414 2177 3665 2231 ἀκανθῶν

2090 2270 2378 2338 ἐκφύσεσι,
2439 2269 2531 2322 καὶ
2580 2271 2701 2331 ταῖς
2766 2269 3127 2339 πολυτρόποις
3192 2269 3336 2323 κατὰ
3383 2269 3445 2322 τὸ
3479 2269 3664 2339 σχῆμα

2088 2359 2410 2422 διαπλοκαῖς
2445 2375 2458 2388 ·
2509 2358 2577 2412 δι’
2607 2351 2682 2412 ὧν
2728 2358 2786 2409 ἐν
2825 2358 3062 2430 ἀπαθείᾳ
3119 2360 3270 2431 πάσῃ
3311 2359 3662 2429 φυλάσσοιτο,

2088 2451 2176 2504 διὰ
2203 2451 2300 2521 τῆς
2337 2453 2698 2521 περιεχούσης
2720 2449 2814 2503 τὸν
2855 2448 3031 2520 ὑμένα
3068 2453 3313 2521 φρουρᾶς
3344 2451 3389 2484 θ’
3405 2452 3460 2504 -ὁ
3505 2449 3663 2520 ἐγκι-

2090 2539 2278 2607 φαλος.

2173 2632 2402 2702 Ὁμοίως
2433 2632 2490 2685 δὲ
2528 2636 2774 2703 καὶπερὶ
2797 2635 2899 2704 τῆς
2943 2634 3171 2704 καρδίας
3238 2633 3304 2686 ἄν
3357 2651 3442 2694 τις
3507 2650 3668 2686 κατα-

2091 2722 2436 2789 στοχάσαιτο,
2461 2722 2538 2774 ὅτι
2577 2721 2828 2794 καθάπερ
2855 2740 2936 2786 τις
2956 2720 3102 2787 οἶκος
3131 2722 3378 2792 ἀσφαλὴς
3407 2723 3552 2792 αὕτη
3582 2721 3665 2775 διά

2090 2811 2200 2862 τῶν
2225 2811 2597 2882 στερροτέρων
2627 2812 3036 2883 περιηρμόσθη,
3071 2816 3193 2874 ταῖς
3217 2812 3262 2844 ⁸⁸
3312 2811 3419 2864 τῶν
3461 2813 3666 2865 ὀστέων

330 2946 332 2948 τ
408 2906 552 2967 dem,
602 2916 724 2971 qua:
760 2899 1108 2969 scapularum
1157 2897 1496 2951 munimento
1531 2899 1897 2963 connectitur,
1953 2913 1981 2951 a

2086 2901 2274 2970 κύκλῳ
2304 2903 2586 2971 περιοχαῖς
2631 2901 2975 2971 ὠχυρωμένη
2994 2904 3062 2955 θ’.
3098 2904 3349 2956 Κάτοπιν
3412 2903 3516 2972 μὲν
3551 2902 3662 2972 γάρ

407 3009 558 3066 tergo
601 2993 870 3051 consistit.
934 2991 1071 3045 Cum
1112 3005 1242 3045 vero
1285 3000 1561 3045 costarum
1612 2993 1872 3060 utrinque
1917 3007 1980 3046 ex

2086 2993 2234 3044 ἐστιν
2273 2994 2307 3061 ἡ
2343 2993 2503 3062 ῥάχις
2535 2995 2655 3054 ταῖς
2712 2991 3126 3062 ὡμοπλατικαῖς
3168 2978 3496 3060 ἀσφαλείαις
3542 3009 3666 3046 συν-

409 3088 626 3156 obliquo
673 3083 996 3171 compositio
1049 3082 1292 3135 adhibita
1337 3082 1429 3146 sit,
1486 3083 1632 3152 quod
1686 3083 1754 3136 de
1805 3085 1981 3138 medio

2086 3082 2351 3151 δεδεμένη
2385 3099 2400 3114 ·
2437 3081 2558 3135 καθ’
2594 3083 2855 3153 ἑκάτερον
2884 3084 2941 3136 δὲ
2971 3083 3202 3152 πλάγιον
3224 3087 3258 3156 ἡ
3283 3101 3392 3137 των
3414 3083 3664 3155 πλευρῶν

407 3187 529 3240 est,
575 3174 644 3228 ab
701 3170 851 3226 omni
905 3170 1162 3239 passione
1207 3179 1516 3238 exemptum
1577 3172 1841 3225 redditur.
1903 3172 1980 3227 Ex

2085 3171 2250 3239 φύσις
2277 3173 2323 3204 ⁹⁹
2348 3173 2364 3191 ¹
2391 3171 2842 3242 περιπτύσσουσα
2860 3172 2922 3225 τὸ
2950 3174 3137 3240 μέσον,
3165 3173 3448 3237 δυσπαθὲς
3497 3175 3669 3244 ἀπερ-

2083 3263 2333 3330 γάζεται.
2382 3265 2470 3316 Ἐν
2511 3265 2567 3318 δὲ
2605 3267 2718 3326 τοῖς
2746 3265 3165 3333 ἔμπροσθεν,τό
3185 3282 3243 3318 τε
3268 3267 3518 3336 στέρνον,
3570 3266 3665 3318 καὶ

2083 3356 2116 3424 ὴ
2147 3355 2248 3423 τῆς
2279 3355 2485 3417 κλειδὸς
2522 3356 2757 3422 συζυγία
2810 3355 3185 3424 προϐέϐληται
3213 3373 3227 3386 ·
3265 3357 3340 3419 ὡς
3375 3358 3447 3411 ἂν
3494 3360 3667 3411 ἀπαν-

2081 3447 2310 3517 ταχόθεν
2339 3449 2478 3518 αὐτὴ
2507 3449 2567 3501 τὸ
2598 3448 2845 3514 ἀσφαλὲς
2861 3449 2970 3501 ἀπὸ
2999 3448 3108 3523 τῶν
3141 3448 3344 3512 ἔξωθεν
3382 3449 3663 3519 διοχλούν-

2080 3555 2188 3592 των
2237 3539 2590 3607 φυλάσσοιτο.
2642 3538 2897 3591 Ἔνδοθεν
2953 3539 3067 3592 δὲό
3110 3539 3405 3609 πνεύμων,
3472 3540 3666 3609 ὥσπερ

2084 3630 2312 3701 στρῶμα
2362 3629 2572 3683 ἁπαλὸν
2625 3631 2739 3692 τοῖς
2777 3629 3018 3698 ἅλμασιν
3046 3630 3221 3700 αὐτῆς
3250 3632 3265 3662 ¹
3335 3631 3666 3700 ἐναποδεχόο

2084 3738 2262 3789 μενος,
2297 3721 2544 3788 ἀπληγον
2573 3721 2743 3790 αὐτὴν
2774 3721 3022 3791 διατηρεῖ
3043 3723 3063 3751 ²
3098 3721 3193 3773 καὶ
3218 3721 3457 3790 ἀϐλαϐῆ·
3485 3721 3668 3790 ἀφρώο

2079 3809 2202 3872 δους
2235 3809 2344 3879 γάρ
2389 3810 2464 3862 ὢν
2515 3811 2542 3860 ὀ
2577 3807 2833 3878 πνεύμων
2867 3810 3080 3873 οὐσίας,
3140 3810 3236 3863 κα)⁵
3292 3811 3665 3881 ἀπαλωτέρας

2081 3901 2303 3971 σαρκὸς,
2340 3902 2513 3970 μέσην
2551 3900 2652 3971 τὴν
2702 3901 2936 3970 καρδίαν
3001 3899 3404 3970 περιλαμϐάνει
3427 3917 3445 3933 ο
3477 3901 3556 3963 ὡς
3601 3900 3666 3953 ἂν

2078 3989 2318 4052 καὶτοὺς
2353 3989 2604 4058 παλμοὺς
2633 3989 2806 4057 αὐτῆς
2841 3989 3089 4059 δέχηται,
3113 3990 3209 4043 καὶ
3244 3990 3320 4060 μὴ
3346 3989 3666 4043 ἀντιτυπῶν

2078 4081 2216 4149 αὐτῇ
2284 4080 2522 4150 ὀδυνᾷδο
2580 4080 2676 4131 καὶ
2720 4079 2987 4149 δεομένην
3050 4081 3404 4151 περιψύξεως
3448 4083 3540 4136 διὰ
3569 4083 3668 4151 τῆς

2077 4171 2352 4240 ἀναπνοῆς
2375 4170 2786 4241 παραμυθεῖται
2811 4172 2832 4202 ⁵
2865 4171 3126 4240 μετρίως.

2159 4264 2312 4315 Ἐπεὶ
2359 4263 2417 4316 δὲ
2462 4263 2559 4316 καὶ
2606 4263 2845 4324 ἀνέσεως
2886 4263 2943 4314 αί
2975 4262 3204 4324 ζωτικαὶ
3255 4263 3349 4314 τοῦ
3404 4264 3667 4333 σώματος

407 3268 639 3321 adverso
698 3277 851 3329 vero,
911 3269 1027 3314 tum
1074 3267 1296 3330 pectus,
1356 3268 1468 3312 tum
1517 3261 1828 3330 conjunctio
1892 3278 1983 3318 os-

408 3361 518 3423 sis,
569 3355 714 3427 quod
774 3352 958 3425 jugale
1011 3360 1378 3420 nuncupatur,
1429 3351 1604 3421 posita
1651 3356 1806 3420 suntj;
1875 3370 1982 3424 quo

408 3450 555 3505 omni
597 3463 663 3502 ex
709 3453 862 3515 parte
918 3458 1015 3499 cor
1061 3442 1238 3512 ipsum
1290 3441 1630 3498 extrinsecus
1659 3445 1981 3513 provénien-

407 3539 480 3593 tia
517 3533 861 3590 incommoda
901 3532 1184 3587 devitaret.
1217 3531 1446 3587 Interius
1480 3543 1682 3598 autem,
1717 3550 1744 3588 a
1779 3536 1982 3604 pulmo-

407 3644 493 3692 ne,
531 3628 657 3681 dum
698 3641 796 3680 ceu
821 3639 852 3680 a
887 3623 1211 3679 mollissimo
1250 3624 1484 3694 quodam
1512 3625 1674 3679 cubili
1720 3627 1981 3682 exsiliens

409 3720 584 3786 ipsum
625 3715 924 3786 suscipitur
949 3753 964 3779 ,
1030 3713 1333 3768 insaucium
1373 3715 1778 3785 innocuumque
1805 3717 1980 3770 reddi-

409 3817 515 3860 tur.
566 3805 702 3859 Cum
751 3804 935 3872 pulmo
980 3817 1252 3871 spumosa:
1290 3803 1629 3867 substantiae,
1677 3820 1740 3860 ac
1772 3808 1979 3861 mollis-

406 3897 558 3949 simae
591 3891 772 3947 carnis
797 3892 1077 3954 habeatur,
1116 3905 1212 3946 cor
1246 3891 1458 3945 medius
1491 3892 1739 3961 suscipit,
1790 3909 1898 3963 quo
1927 3907 1976 3950 et

406 3985 598 4055 pulsus
631 3983 752 4052 ejus
779 3981 1071 4050 acciperet,
1100 3997 1163 4036 ac
1197 3996 1521 4052 repercusso
1550 3982 1769 4039 dolores
1800 3985 1979 4038 neuti-

405 4089 568 4145 quam
595 4074 879 4135 incuteret,
904 4080 1070 4140 utque
1085 4087 1151 4126 ex
1173 4086 1238 4126 eo
1270 4072 1413 4141 quod
1439 4072 1549 4142 38
1577 4067 1978 4142 refrigeratione

403 4176 628 4245 indiget,
653 4172 1010 4242 respiratione
1051 4171 1261 4226 modice
1299 4181 1595 4241 temperata
1625 4171 1972 4228 refocilletur.

474 4265 538 4319 Et
598 4264 725 4332 quia
776 4262 1031 4317 vitalibus
1097 4261 1345 4330 corporis
1413 4262 1720 4317 actionibus
1781 4263 1973 4317 remis-

404 4358 557 4412 sione
604 4369 741 4424 opus
793 4362 896 4420 est,
967 4366 1036 4406 ne
1088 4352 1206 4422 ejus
1259 4353 1479 4406 habitus
1519 4363 1781 4420 contento
1831 4353 1972 4408 labo-

2085 4355 2348 4424 ἐνέργειαι
2377 4354 2626 4416 δέονται,
2670 4353 2757 4407 ἵνα
2791 4354 2864 4423 μὴ
2897 4353 2976 4424 τῷ
3017 4354 3257 4421 συντόνῳ
3294 4355 3458 4424 κόπῳ
3503 4357 3538 4424 ἡ
3571 4353 3664 4405 τοῦ

404 4463 462 4501 re
495 4446 846 4508 obtundatur,
875 4451 1070 4496 natura
1109 4443 1286 4497 somni
1311 4443 1509 4512 reperit
1537 4459 1722 4510 usum,
1751 4454 1976 4514 prapter

400 4553 560 4607 quem
591 4547 644 4590 et
677 4535 921 4606 sanguis,
963 4533 1120 4604 cujus
1167 4533 1222 4588 in
1251 4533 1490 4602 jecinore
1527 4536 1587 4588 lit
1632 4535 1970 4600 constitutio,

317 4628 330 4636 ”
401 4627 659 4683 facillime
702 4634 1121 4698 progeneratur,
1155 4639 1256 4678 nec
1308 4639 1414 4677 non
1451 4624 1791 4691 alimentum,
1825 4625 1969 4694 quod

400 4720 468 4772 ab
520 4720 638 4787 ipso
670 4719 939 4787 provenit,
971 4717 1176 4785 absque
1235 4715 1620 4784 impedimento
1657 4716 1725 4771 ad
1782 4730 1971 4770 omnes

401 4825 581 4884 [artes
615 4815 948 4868 excernitur.
1006 4812 1162 4867 Unde
1223 4812 1283 4866 fit
1329 4819 1386 4865 ut
1434 4821 1652 4876 natura,
1710 4824 1833 4880 post
1878 4813 1968 4865 tle-

399 4898 676 4976 su'mptum
724 4906 1039 4958 alimentum
1073 4904 1139 4958 ad
1194 4903 1372 4972 ipsum
1429 4903 1849 4969 conficiendum,
1900 4903 1964 4956 ad

399 4995 589 5049 intima
629 4994 925 5064 redigatur,
976 4993 1460 5061 compcllaturque,
1511 4999 1565 5046 et
1612 5007 1735 5045 eum
1775 4992 1962 5045 eodem

398 5085 618 5152 insitus,
645 5085 736 5151 qui
759 5084 918 5138 nobis
946 5084 1186 5138 calorcst
1207 5090 1526 5148 concurrat;
1551 5083 1603 5134 in
1627 5082 1742 5151 ipsa
1773 5096 1966 5136 massae

398 5178 806 5236 constitutione,
881 5175 1368 5244 concoctioneque,
1442 5175 1688 5229 salubres
1745 5174 1964 5244 quidam

463 5373 509 5404 "
546 5368 732 5422 κινοῦν
759 5369 816 5440 Β.
842 5439 845 5440 7
921 5370 978 5440 77”
997 5370 1117 5440 ἀνω
1138 5371 1208 5440 Β,
1254 5384 1377 5440 mox
1409 5369 1616 5440 διῆκον.

393 5443 491 5494 σὺν
516 5440 676 5508 αὐτῷ.
700 5439 896 5506 μυελὸν
919 5439 962 5490 Β
995 5438 1056 5492 Ρ.
1082 5507 1087 5508 7
1131 5439 1175 5469 "
1207 5439 1402 5508 πόσαις
1425 5438 1492 5493 Α.

393 5509 611 5579 ρωμέγη
641 5506 718 5579 Β..
766 5507 1161 5579 συγχυρωμένη
1205 5507 1263 5562 P-

551 5575 720 5649 ξλκαὶ
760 5575 955 5649 *ἀντιτζ
1005 5575 1178 5649 αύτὴν
1235 5576 1310 5646 μὴ
1364 5577 1467 5649 όδη
1500 5577 1559 5642 Β,
1621 5575 1792 5649 αὐτὴν
1822 5583 1883 5634 C.

1500 5509 1752 5580 πλευρῶν
1815 5512 2065 5576 σύνθεσις
2125 5515 2187 5567 Ρ.

2077 4443 2330 4512 σώματος
2387 4444 2500 4508 ἕξις
2550 4444 2897 4515 ἀμϐλύνηται
2918 4485 2932 4509 ,
2963 4443 3057 4496 τοῦ
3087 4445 3256 4496 ύπνου
3291 4447 3324 4512 ή
3357 4447 3529 4516 χρεία
3572 4447 3666 4496 ἐπ-

2074 4535 2268 4606 ενοήθη
2309 4539 2375 4605 τῇ
2426 4535 2586 4605 φύσει
2611 4552 2624 4565 ⁸
2665 4536 2792 4588 ὅτεδ
2829 4535 2925 4587 καὶ
2956 4537 2989 4605 ῆ
3031 4534 3126 4588 τοῦ
3173 4535 3387 4605 ἥπατος
3427 4534 3664 4604 ἐξαιμά-

2071 4644 2236 4690 τωσις
2269 4628 2679 4697 ἀνεμποδίστως
2724 4628 3058 4680 ἐπιτελεῖται
3088 4628 3108 4658 ⁸
3129 4667 3142 4691 ,
3185 4627 3282 4679 καὶ
3311 4629 3346 4697 ἡ
3380 4628 3447 4692 ἐξ
3494 4624 3664 4681 αὑτοῦ

2071 4721 2169 4789 τῆς
2201 4721 2406 4790 τροφῆς
2451 4719 2685 4788 χορηγία
2739 4720 2878 4788 πρὸς
2917 4718 3064 4772 ἅπαν
3110 4719 3301 4788 μόριον
3349 4720 3664 4787 ἀποκρινο-

2077 4810 2213 4882 μένη
2254 4810 2566 4881 μηδάμοθεν
2594 4809 2883 4863 κωλύεται.
2923 4808 3086 4862 Ὅθεν
3120 4809 3257 4878 μετά
3289 4809 3392 4879 τὴν
3424 4807 3663 4881 τροφὴν,

2075 4903 2433 4973 συννευούσης
2454 4904 2548 4956 καὶ
2571 4903 2589 4933 ⁷
2617 4901 3036 4970 συνωθουμένης
3057 4905 3116 4954 ἐν
3143 4900 3218 4970 τῷ
3251 4900 3413 4970 βάθει
3444 4903 3540 4972 τῆς
3569 4901 3666 4969 φύ-

2075 5011 2212 5057 σεως
2235 4996 2364 5063 περὶ
2396 4995 2496 5062 τὴν
2523 4995 2622 5063 τῆς
2649 4993 2853 5062 τροφῆς
2887 4993 3153 5062 ἐργασίαν
3173 5030 3190 5057 ,
3217 4993 3314 5044 καὶ
3342 4992 3448 5045 τοῦ
3483 4991 3664 5061 ἐμφύ-

2072 5103 2163 5138 του
2192 5085 2396 5156 θερμοῦ
2421 5085 2602 5136 ἐκεῖσε
2629 5086 3036 5154 συντρέχοντος,
3063 5083 3227 5153 ἀτμοί
3251 5099 3400 5146 τινες
3428 5081 3667 5154 χρηστοὶ

2073 5179 2129 5228 ἐν
2158 5180 2225 5247 τῇ
2249 5177 2356 5230 τῶν
2387 5179 2573 5230 σιτίων
2604 5175 2850 5246 ζυμὼσει
2871 5177 2966 5228 καὶ
2990 5177 3057 5246 τῇ
3088 5176 3253 5245 πέψει
3272 5175 3294 5206 ³
3317 5174 3581 5242 γίνονται
3599 5173 3620 5204 ⁸
3647 5186 3661 5200 ⁸

1721 5372 1991 5448 ἠρ-ὑμὴν
2021 5374 2174 5448 οὖτρς
2223 5371 2398 5446 (οὗτος
2425 5378 2454 5429 ὀ
2488 5376 2590 5447 μῦς
2620 5376 2693 5448 Ρ)
2744 5375 2938 5448 ἑαυτόν
2958 5391 3020 5448 τε
3069 5375 3162 5448 καὶ
3211 5373 3665 5448 τὸν-ἐγκειμενον

1590 5440 1638 5472 ⁹⁶
1663 5441 1795 5494 αὐτὸ
1817 5440 2071 5507 Αζαύτός
2102 5445 2164 5498 Ρ.
2231 5440 2239 5446 ’
2270 5449 2313 5478 ⁸⁷

2953 5446 2998 5476 ⁸⁸
3023 5447 3144 5507 ταῖς
3171 5462 3229 5497 τε
3276 5443 3335 5496 Β.
3451 5443 3516 5477 ⁸³⁷
3539 5445 3665 5507 ὀχυ-

2355 5446 2598 5516 φρουρᾶς
2625 5446 2719 5516 om
2731 5486 2743 5498 .
2787 5446 2848 5497 B.

3193 5514 3214 5544 ⁸
3230 5581 3234 5582 7
3252 5513 3558 5582 διατηροίη

2294 5519 2309 5548 ¹
2368 5513 2552 5584 αὐτῆς
2621 5514 2658 5567 Β
2702 5516 2763 5568 C.
2819 5513 2984 5567 αὐτοῦ
3037 5516 3102 5584 Α.

609 5581 720 5658 ,καὶ
760 5581 950 5658 μετῇ.
1005 5581 1178 5658 etiam!
1235 5581 1310 5646 μὴ
1364 5581 1468 5658 ὀδ..
1500 5581 1559 5642 Β,
1621 5581 1792 5658 αὐτὴν
1822 5583 1883 5634 C.
1941 5583 2009 5658 _‘
2043 5585 2452 5658 παραμυθεῖται
2484 5581 3081 5658 Ᾱ,αὑτὴνλπαραμ.έ].
3203 5581 3344 5635 ὥστε
3390 5581 3588 5658 Βηῐνα

388 5645 458 5716 Ρζ
551 5645 968 5716 δ’ἐπιςελεῖσθαι
1006 5643 1080 5716 ΔΒ.
1217 5643 1578 5716 συννελυούσης
1617 5650 1710 5700 καὶ
1748 5643 1878 5704 ὀηι.
1933 5652 1992 5704 C.

2093 5651 2363 5722 ’πέμψει
2416 5657 2476 5708 C.
2581 5657 2601 5687 ⁸
2658 5651 2958 5721 γινόμενοι.
3005 5653 3066 5714 Β,
3109 5653 3352 5719 γίνονται
3391 5653 3497 5722 καὶ
3552 5651 3662 5722 ἀπὸ

388 5711 500 5764 τῶν
567 5711 757 5774 ἀτμῶν
821 5711 1088 5780 ὑγρασίαν
1152 5714 1273 5778 ἥτις
1329 5711 1680 5769 εἴωθεν’ἀπὸ
1729 5719 1839 5772 τῶν
1894 5722 2174 5791 ἑψομένων
2230 5711 2499 5791 γίνεσθαι.
2578 5711 2690 5778 Καὶ
2743 5711 2882 5794 αὕτη
2949 5724 2982 5792 ῆ
3043 5711 3282 5793 ύγρασία
3357 5721 3479 5775 ἀπὸ
3553 5721 3661 5776 τῶν
