4040 6150
473 319 608 374 H33
1686 320 1771 374 DE
1811 321 2099 378 NATURA
2142 323 2445 383 IIOMINIS.
3595 332 3732 390 H34

466 433 652 490 ιιὼθει
682 432 794 505 γὰρ
816 434 884 486 τά
912 433 1154 506 ἑψόμενα
1182 436 1297 489 ἀνω
1322 435 1566 506 πέμπειν
1592 435 1694 507 τὴν
1720 437 1831 493 τῶν
1859 438 2051 509 ἀτμῶν

2155 454 2387 510 vapores
2441 456 2798 512 procreantur
2853 444 3002 514 (nam
3051 460 3173 514 qua:
3240 458 3498 502 concocta
3581 459 3731 515 sunt,

467 525 741 598 ὑγρασίαν
770 527 851 558 η’
903 526 999 579 ἐπὶ
1052 526 1145 580 τὸν
1194 529 1498 597 ἐγκέφαλον
1539 523 1634 583 οὖν
1664 530 1704 561 ¹¹
1753 530 1931 586 ἄνεισι
1980 531 2052 584 τὰ

2154 546 2319 601 supra
2352 533 2420 588 ad
2478 536 2763 590 cerebrum
2815 549 3079 602 vaporum
3150 537 3438 592 humorem
3485 538 3732 595 emittere

466 621 569 692 ἤδη
596 618 977 690 δξατμηῦἐντα
1000 622 1043 653 ¹²
1082 622 1147 675 ἐκ
1176 625 1278 692 τῆς
1310 622 1558 693 ἑψήσεως
1590 622 1770 694 ὑγρά,
1798 625 1893 678 καὶ
1918 623 2052 678 καθ-

2154 624 2370 697 solent),
2407 626 2460 681 hi
2487 642 2743 698 namque,
2775 628 2867 698 qui
2895 644 2957 683 ex
3002 627 3220 685 humida
3248 630 3605 685 concoctione
3638 646 3731 685 va-

467 712 886 781 υγραίνουσιν¹³
919 712 1085 766 αὑτὸν
1136 713 1372 777 ἱκανῶς,
1441 716 1538 768 καὶ
1586 715 1686 779 τὰς
1726 715 2052 785 κοιλότητας

2153 730 2314 785 pores
2368 718 2743 782 exhalarunt,
2814 734 2978 787 supra
3033 718 3379 786 efferuntur;
3434 735 3467 774 a
3523 721 3724 789 quibus

466 801 633 856 αὐτοῦ
677 802 1053 873 ἐμφράττουσι
1080 804 1124 836 ⁸⁵
1161 807 1228 875 τῇ
1262 806 1555 877 περιουσία
1578 808 1622 839 ¹⁸
1668 806 1775 876 τῆς
1810 805 2050 877 ὁμιχλώ-

2153 821 2278 861 cum
2355 808 2639 863 cerebrum
2709 808 2844 862 satis
2922 807 3016 879 ad;
3057 808 3276 861 modum
3341 807 3726 870 humectatur,

463 891 592 954 δούς
625 890 938 962 παχύτητος
958 907 973 923 ο
1028 890 1124 945 τοῦ
1166 893 1298 960 γοῦν
1330 895 1745 965 χορηγουμένου
1766 896 1809 927 ί⁶
1843 896 1939 949 ἐπὶ
1978 894 2051 948 τά

2150 910 2283 950 cava
2355 895 2477 966 ejus
2542 898 2611 952 ab
2673 897 3027 952 exuberantia
3094 898 3403 967 caliginosae
3469 900 3731 953 crassitu-

466 983 804 1053 αἰσθητήρια
825 1025 839 1044 .
871 983 966 1035 καὶ
991 985 1084 1037 ἐπὶ
1119 985 1190 1038 τὰ
1225 987 1480 1056 πανταχῆ
1507 987 1548 1018 ¹⁷
1586 987 1846 1057 διήκοντα
1879 985 2051 1056 νεῦρα

2149 985 2330 1051 dinis,
2382 994 2439 1040 et
2495 988 2565 1040 ah
2631 1002 2736 1050 eo,
2804 988 2949 1055 quod
3000 988 3068 1042 ad
3123 989 3369 1044 sensoria
3424 1004 3487 1045 ac
3531 1006 3728 1044 nervos

465 1074 559 1127 τοῦ
612 1077 865 1146 σώματος
914 1077 1150 1140 ζωτικοῦ
1197 1079 1511 1148 πνεύματος
1546 1080 1964 1150 ἀμϐλυνομένου
2003 1079 2047 1111 ⁸⁸

2151 1079 2319 1132 totius
2343 1077 2587 1147 corporis
2616 1078 2984 1145 distribuitur,
3015 1079 3252 1148 oppilata
3287 1080 3608 1146 redduntur,
3645 1082 3725 1134 vi—

468 1167 746 1236 ὲνεργεῖν,
797 1168 1161 1238 ἀνενὲργητος
1204 1171 1234 1222 ό
1280 1169 1569 1241 ἄνθρωπος
1621 1171 1834 1238 γίνεται
1866 1169 2047 1244 νεκρῷ

2149 1169 2309 1221 talem
2340 1169 2591 1238 spiritum
2615 1168 2853 1238 prOpriis
2878 1170 2931 1222 in
2982 1169 3289 1225 actionibus
3326 1170 3579 1226 obtusum
3616 1172 3727 1225 elli-

472 1257 850 1326 παραπλήσιος
878 1259 943 1311 ".
1007 1259 1173 1312 Ὅθεν
1222 1261 1317 1314 καὶ
1372 1262 1405 1331 ἡ
1452 1262 1951 1331 καταλαμσάνουσα
1986 1265 2048 1320 τὸ

2146 1258 2242 1320 cit,
2311 1259 2458 1314 unde
2514 1260 2679 1313 homo
2726 1259 2797 1314 ab
2859 1260 3009 1313 omni
3046 1260 3264 1315 actione
3334 1261 3614 1324 immunis,
3673 1271 3727 1315 et

471 1348 611 1412 ζῶον
639 1349 885 1411 διάθεσις
921 1350 1115 1415 ὕπνος
1146 1350 1366 1419 λέγεται
1387 1391 1404 1415 ,
1432 1352 1585 1423 παρά
1625 1352 1686 1406 τὸ
1710 1354 1813 1417 τάς
1841 1355 2047 1424 φρένας

2148 1348 2344 1405 similis
2374 1358 2591 1404 mortuo
2643 1350 2894 1405 eﬂicitur.
2952 1349 3295 1420 Quapropter
3328 1351 3542 1406 allectio
3603 1368 3725 1421 qua:

466 1437 820 1501 ὑπονοστεῖν,
855 1438 1024 1507 ἡγουν
1065 1439 1374 1509 ὑποχωρεῖν
1399 1456 1413 1472 ’
1447 1440 1508 1494 ὲν
1546 1440 1626 1510 τῷ
1659 1441 1817 1511 ὕπνῷ
1850 1442 1960 1513 γὰρ
1988 1445 2047 1497 αἱ

2149 1438 2425 1494 hominem
2458 1451 2709 1508 occupat,
2746 1440 2911 1504 ὖπνος
2937 1442 3147 1505 Graace,
3194 1456 3423 1496 somnus
3477 1441 3729 1496 videlicet

467 1527 565 1581 τοῦ
596 1528 886 1599 ἀνθρώπου
930 1529 1216 1599 αἰσθήσεις
1239 1531 1599 1585 ὑπονοστοῦσι
1641 1533 1686 1565 ⁸⁸
1718 1533 1842 1587 καθ’
1879 1534 1940 1587 ὃν
1968 1534 2050 1588 εῖ-

2189 1539 2518 1599 uncupatur,
2584 1547 2614 1585 a
2668 1531 2858 1586 Graeco
2914 1531 3243 1584 ὑπονωστεῖν
3301 1532 3527 1601 φρένας,
3581 1532 3727 1601 quod
3780 1592 3783 1596 ς

467 1636 631 1691 ρηται
661 1621 880 1689 τρόπον.
906 1621 997 1673 Ἐν
1025 1620 1104 1690 τῷ
1128 1620 1281 1692 ὕπνῳ
1310 1623 1405 1676 καὶ
1431 1624 1488 1676 αῖ
1516 1625 1748 1692 φυσικαὶ
1769 1625 2045 1695 ἐνέργειαι

2146 1620 2316 1674 animi
2343 1636 2622 1675 secessum
2652 1620 2905 1687 diceres;
2962 1621 3256 1691 siquidem,
3291 1621 3511 1676 homine
3532 1638 3727 1679 somno

467 1709 744 1777 γίνονται,
799 1712 895 1764 καὶ
946 1711 1004 1764 αί
1055 1711 1251 1781 πέψεις
1292 1714 1388 1768 καὶ
1434 1712 1900 1784 ἐξαιματώσειςἰ
1947 1718 2045 1771 καὶ

2146 1721 2432 1782 occupato,
2449 1712 2567 1782 ejus
2589 1727 2806 1778 sensus,
2827 1727 2935 1782 quo
2951 1720 3108 1783 pacto
3127 1713 3486 1777 asseruimus,
3506 1714 3722 1768 cedunt.

465 1802 749 1866 ἀναδόσεις
769 1803 813 1833 ⁸⁸
842 1803 942 1872 τῆς
972 1806 1180 1874 τροφῆς
1208 1804 1345 1875 πρὸς
1368 1806 1550 1861 πάντα
1575 1807 1644 1861 τά
1676 1808 1843 1879 μόρια
1875 1809 2045 1879 ἀνεμ.⁴

2152 1798 2287 1854 Nam
2324 1800 2500 1870 sopito
2530 1801 2690 1856 etiam
2742 1801 2978 1865 homine,
3011 1810 3220 1856 natura:
3251 1801 3423 1870 ipsius
3484 1802 3726 1857 actiones

466 1894 731 1958 ποδίστως
762 1894 1141 1949 ἐπιτελοῦνται
1160 1937 1175 1961 ,
1199 1899 1263 1950 ὲκ
1285 1898 1383 1968 τῆς
1414 1898 1556 1951 κατὰ
1584 1897 1746 1967 φύσιν
1774 1900 2044 1969 κινήσεως

2146 1898 2202 1944 et
2228 1891 2641 1955 concoctiones,
2671 1890 3064 1961 sanguinisque
3093 1889 3404 1961 procreatio
3423 1890 3592 1956 liunt;
3626 1905 3726 1945 nec

465 1986 875 2055 ἀπρακτοῦντος
927 1986 1021 2039 τοῦ
1076 1986 1240 2052 ζὼου.
1326 1989 1556 2059 Ἡσυχία
1612 1989 1721 2061 γάρ
1774 1992 1892 2044 ἐστι
1948 1991 2044 2045 καὶ

2147 1996 2257 2036 non
2292 1982 2613 2037 alimentum
2660 1982 2726 2036 ad
2769 1981 3013 2051 singulas
3063 1980 3311 2049 corporis
3359 1989 3560 2049 partes,
3606 1981 3725 2049 ipso

465 2077 647 2131 παῦλα
670 2078 715 2111 ³³
740 2077 851 2131 τῶν
884 2079 1131 2147 φυσικῶν
1160 2080 1454 2149 ἐνεργειῶν
1481 2081 1509 2133 ὁ
1543 2078 1732 2143 ὕπνος.

2146 2073 2396 2129 animalis
2438 2089 2547 2143 quo
2584 2081 2779 2127 natura
2829 2072 3088 2141 pmditus
3134 2080 3220 2126 est
3262 2080 3442 2127 motus
3480 2081 3719 2142 experte.

2146 2164 2304 2221 facile
2351 2164 2714 2234 progreditur.
2770 2161 3049 2231 Siquidem
3112 2176 3340 2216 somnus
3393 2162 3719 2217 naturalium

2145 2258 2420 2314 actionum
2476 2255 2819 2310 taciturnitas
2867 2271 2933 2310 ac
2988 2254 3144 2324 quies
3186 2254 3436 2309 habetur.

533 2344 596 2398 Εἰ
645 2344 704 2398 δέ
751 2362 882 2399 ποτε
934 2350 1322 2418 στενοχωροῖτο
1385 2349 1485 2418 μὲν
1514 2348 1620 2403 ὑπὸ
1673 2349 1772 2420 τῆς
1829 2349 2041 2405 ἔνδοθεν

2215 2350 2273 2402 Si
2336 2364 2461 2402 vero
2527 2347 2840 2402 distributio
2886 2361 3006 2416 qua;
3068 2345 3135 2400 ad
3192 2346 3479 2410 sensoria,
3530 2345 3599 2400 ab
3655 2361 3719 2399 ea

463 2437 880 2506 ἀναθυμιάσεως
907 2440 939 2509 ή
972 2440 1100 2508 περὶ
1139 2441 1205 2494 τά
1237 2441 1570 2510 αἰσθητήρια
1601 2439 1864 2513 διασκευὴ
1891 2481 1906 2505 ,
1939 2458 2041 2495 κω-

2143 2456 2264 2513 (ιιεε
2287 2440 2616 2494 intrinsecus
2637 2438 2714 2501 ﬁt,
2755 2436 3103 2491 exhalatione
3134 2436 3400 2505 procedit,
3452 2434 3719 2502 angustiis

463 2525 645 2581 λύοιτο
669 2527 725 2581 δὲ
751 2529 893 2583 κατά
919 2546 1047 2583 τινα
1080 2529 1272 2601 χρείαν
1293 2533 1339 2562 ⁸⁸
1365 2531 1393 2582 ὁ
1430 2530 1619 2597 ὕπνος,
1651 2516 1856 2601 πλῆρες
1888 2532 2043 2601 γενό-

2145 2530 2403 2602 praecludi
2455 2530 2773 2600 contigerit,
2812 2528 2892 2583 vel
2948 2542 3174 2583 somnus
3212 2527 3498 2583 occasione
3536 2525 3718 2595 aliqua

466 2636 627 2688 μενον
688 2619 797 2672 τῶν
845 2621 1035 2691 ἀτμῶν
1084 2622 1147 2674 τὸ
1203 2621 1475 2693 νευρῶδες
1526 2621 1660 2674 αὐτὸ
1709 2622 1799 2691 ὑφ’
1846 2622 2039 2676 ἑαυτοῦ

2148 2623 2583 2692 interciperetur,
2610 2636 2733 2676 cum
2765 2619 2941 2686 locus,
2971 2620 3066 2690 qui
3099 2618 3281 2674 nervis
3332 2619 3581 2674 consitus
3611 2625 3715 2681 est,

465 2710 711 2777 φυσικῶς
734 2712 1084 2767 διατείνεται.
1116 2712 1392 2766 Είώθεσαν
1420 2716 1465 2747 ’⁸
1491 2713 1600 2785 γάρ
1619 2714 1670 2767 οί
1699 2712 1835 2784 μῦες
1858 2714 1951 2768 καὶ
1972 2715 2042 2768 τά

2145 2712 2588 2768 exhalationibus
2620 2711 2882 2781 repletur,
2909 2711 3011 2780 ipsi
3041 2719 3235 2781 sponte
3259 2725 3362 2765 sua
3392 2719 3602 2764 natura:
3629 2724 3719 2764 or-

463 2801 633 2871 νεῦρα
675 2801 1084 2874 θερμαινόμενα
1137 2803 1478 2858 διίστασθαι·
1531 2805 1668 2877 ὅπερ
1701 2807 1746 2837 ’⁸
1799 2805 1889 2860 διά
1941 2807 2041 2876 τῆς

2146 2805 2271 2860 dine
2304 2803 2707 2859 distenduntur.
2744 2800 2878 2855 Nam
2927 2809 3044 2856 tum
3070 2801 3323 2865 musculi,
3391 2810 3504 2854 tum
3540 2800 3714 2863 nervi,

464 2894 736 2957 ὲντάσεως
763 2895 795 2963 ἢ
821 2895 1157 2958 διαστάσεως
1186 2896 1249 2948 τὸ
1284 2897 1556 2966 παχυνθὲν
1587 2897 1692 2950 ὑπὸ
1715 2896 1822 2950 τῶν
1848 2899 2039 2969 ἀτμῶν

2146 2896 2381 2950 calorem
2412 2893 2727 2959 sentientes,
2750 2892 2982 2948 distendi
3005 2899 3425 2955 consueverunt,
3442 2907 3573 2961 quo,
3606 2906 3717 2960 prae

467 2984 632 3056 μέρος
661 2987 998 3057 ὲκλεπτυνθῇ
1024 3004 1038 3019 ’
1065 2984 1178 3040 οἷόν
1207 3004 1261 3040 τι
1294 2987 1541 3042 ποιοῦσιν
1578 2990 1627 3041 ol
1656 2988 1747 3042 διὰ
1775 2990 1878 3060 τῆς
1908 3007 2040 3058 σφο-

2145 2987 2231 3042 sui
2266 2986 2580 3041 extensione
2627 2998 2693 3039 ac
2731 2983 3067 3046 dilatatione,
3123 2998 3250 3053 pars
3290 2997 3413 3052 qua:
3451 2996 3714 3051 vaporum

461 3075 722 3147 δροτέρας
761 3077 1145 3148 στρεϐλώσεως
1177 3080 1238 3131 τὸ
1268 3079 1414 3150 ὕδωρ
1453 3079 1563 3133 τῶν
1594 3080 1827 3151 ἱματίων
1856 3079 2038 3135 ὲκθλί-

2146 3092 2308 3134 causa
2350 3084 2735 3141 crassescerat,
2762 3076 2980 3131 subtilis
3015 3075 3329 3131 redderetur
3361 3091 3375 3128 :
3422 3074 3527 3130 tale
3555 3074 3715 3145 quid-

463 3166 669 3230 σοντες.
706 3168 816 3220 Καὶ
846 3170 1036 3238 ἐπειδὴ
1069 3170 1371 3241 κυκλοτερῆ
1401 3171 1471 3224 τὰ
1503 3170 1634 3242 περὶ
1659 3171 1753 3226 τὸν
1784 3173 2043 3242 φάρυγγα

2145 3172 2288 3240 piam
2316 3169 2427 3241 39
2448 3169 2501 3223 in
2537 3168 2643 3223 illis
2696 3168 2789 3239 qui
2833 3182 3043 3237 pannos
3074 3166 3321 3222 madidos
3343 3167 3717 3222 vehementius

465 3258 607 3330 μέρη
631 3276 645 3289 ο
699 3260 986 3325 πλεονάζει
1016 3262 1073 3315 δὲ
1129 3262 1190 3315 τὸ
1212 3262 1478 3331 νευρῶδες
1510 3265 1569 3316 ὲν
1597 3263 1831 3328 τούτοις.
1873 3264 2041 3319 Ὅταν

2145 3271 2397 3331 torquere
2428 3259 2633 3326 solent,
2660 3272 2815 3328 aqum
2837 3257 3204 3328 exprimenda:
3248 3256 3418 3328 gratia
3439 3295 3456 3321 ,
3493 3272 3717 3312 cernere

464 3351 556 3402 καὶ
596 3349 704 3403 ἀπὸ
728 3351 935 3404 τούτων
981 3352 1284 3422 ἐξωσθῆναι
1312 3353 1394 3405 δεῖ
1434 3354 1534 3423 τὴν
1564 3355 1756 3424 ἀτμῶν
1787 3354 2041 3426 παχυμε-

2143 3360 2247 3407 est.
2280 3350 2347 3405 Et
2383 3350 2643 3421 quoniam
2689 3359 2871 3420 partes
2893 3364 3015 3419 qua:
3049 3349 3117 3403 ad
3159 3357 3345 3418 guttur
3386 3347 3714 3413 consistunt,

466 3455 618 3506 ρειαν
642 3454 656 3468 ·
688 3440 1048 3493 διατείνονται
1072 3442 1116 3472 ³⁷
1145 3443 1194 3493 oi
1228 3440 1362 3510 μύες
1407 3440 1502 3493 τοῦ
1539 3443 1809 3512 στόματος
1833 3444 1877 3476 ’⁸
1898 3483 1913 3509 ,
1947 3445 2042 3498 καὶ

2144 3440 2430 3497 circularis
2469 3439 2658 3493 l'ormzc
2689 3447 2838 3502 sunt,
2881 3437 3029 3507 ipsas
3079 3437 3476 3506 multiplicibus
3528 3437 3713 3492 nervis

461 3529 761 3584 διῖστανται
785 3547 799 3560 ’
834 3532 928 3584 καὶ
954 3532 1064 3587 τῶν
1092 3532 1241 3596 ἐντὸς
1265 3534 1485 3587 πάντων
1516 3535 1598 3598 εἰς
1620 3534 1825 3588 κύκλου
1855 3538 2041 3606 σχῆμα

2144 3531 2353 3586 obsitas
2403 3544 2526 3585 esse
2580 3528 2933 3584 manifestum
2989 3528 3239 3582 habetur.
3288 3527 3537 3598 Cumque
3580 3528 3716 3599 ipsis

462 3617 840 3685 διαταθέντων,
869 3622 901 3689 ή
933 3621 1233 3692 λιγνυώδης
1257 3621 1440 3694 ἐκείνη
1467 3621 1722 3694 παχύτης
1755 3626 1789 3694 ὴ
1820 3625 2039 3678 ὲναπει-

2144 3628 2546 3677 crassescentes
2602 3633 2832 3688 vapores
2869 3618 3138 3687 expellere
3187 3618 3560 3674 necessarium
3617 3621 3711 3685 sit,

466 3708 720 3779 λημμὲνη
746 3711 792 3742 ³⁸
840 3713 952 3775 τοῖς
1005 3711 1201 3783 μέρεσι
1238 3712 1452 3777 τούτοις
1508 3714 1917 3769 συνδιαπνεῖται
1972 3718 2038 3786 τῇ

2144 3711 2401 3770 musculi.
2432 3710 2527 3780 qui
2570 3709 2623 3764 in
2657 3723 2755 3764 ore
2797 3716 2944 3772 sunt,
3002 3707 3387 3764 distenduntur
3421 3709 3713 3780 seiungun-

465 3796 682 3869 διεξόδῳ
732 3800 827 3852 τοῦ
880 3800 1211 3871 πνεύματος.
1246 3801 1520 3864 Πολλάκις
1561 3802 1618 3854 δὲ
1653 3804 1748 3856 καὶ
1779 3803 1919 3873 μετὰ
1949 3803 2040 3857 τὸν

2144 3814 2381 3873 turque;
2413 3810 2468 3856 et
2506 3815 2630 3856 cum
2669 3798 2854 3855 omnia
2887 3813 3011 3868 quae
3055 3800 3205 3854 intus
3241 3799 3513 3856 exsistunt
3541 3802 3717 3856 circu-

468 3886 636 3944 ὖπνον
693 3886 802 3944 οἶδε
850 3891 911 3945 τὸ
960 3892 1206 3946 τοιοῦτον
1261 3893 1583 3964 συμϐαίνειν
1607 3911 1621 3925 ·
1670 3894 1799 3948 ὅταν
1831 3914 1883 3949 τι
1930 3894 2040 3948 τῶν

2144 3904 2274 3959 laris
2321 3902 2507 3974 ﬁgurae
2534 3901 2663 3963 sint,
2722 3913 3042 3970 vaporosam
3091 3898 3264 3964 illam,
3307 3915 3430 3971 quae
3470 3899 3715 3970 partibus

466 3977 655 4047 ἀτμῶν
685 3978 906 4033 ἐκείνων
934 3981 1311 4053 περιλειφθείη
1355 3984 1468 4047 τοῖς
1500 3982 1707 4048 τόποις,
1737 3985 2039 4040 άπνευστον

2145 3996 2278 4065 ipsis
2325 3992 2648 4062 complicata
2695 3999 2833 4053 erat,
2862 3989 3313 4054 crassitudinem,
3366 3989 3531 4046 simul
3589 4004 3713 4045 cum

467 4071 566 4125 καὶ
599 4072 929 4126 ἀδιάπεπτον
956 4075 1021 4128 ³⁸.
1056 4073 1130 4127 Οὐ
1168 4073 1327 4142 μόνον
1362 4073 1418 4127 δὲ
1456 4075 1513 4126 αἱ
1546 4073 1742 4143 πέψεις
1774 4077 1870 4128 καὶ
1892 4076 2040 4140 ἐξαι-

2145 4087 2287 4155 ipso,
2348 4084 2400 4138 in
2451 4081 2776 4138 oscitatione
2826 4080 3137 4151 egrediente
3180 4081 3397 4151 spiritu.
3438 4080 3714 4136 exhalant.

468 4160 743 4232 ματὼσεις
775 4164 869 4216 καὶ
905 4163 1183 4251 ἀνειδόσεις
1211 4163 1355 4217 κατά
1390 4163 1484 4217 τὸν
1518 4165 1711 4235 καιρὸν
1739 4165 1835 4218 τοῦ
1870 4164 2039 4219 ὕπνου

2146 4175 2276 4230 Tale
2315 4175 2587 4245 quoddam
2634 4190 2662 4225 a
2703 4186 2897 4227 somno
2933 4171 3097 4225 etiam
3151 4169 3543 4241 expergefactis
3598 4171 3717 4242 ple-

467 4251 744 4306 τελοῦνται
767 4293 785 4320 ,
818 4253 954 4307 ἀλλὰ
980 4256 1075 4308 καὶ
1103 4254 1146 4286 ³¹
1177 4254 1246 4308 τὰ
1292 4255 1460 4309 λοιπά
1506 4258 1931 4327 περιττώματα,
1973 4259 2043 4313 τὰ

2144 4280 2377 4335 rumque
2405 4263 2624 4318 evenire
2652 4262 2809 4326 solet,
2840 4277 2965 4316 cum
3008 4276 3199 4316 eorum
3228 4260 3410 4331 aliqua
3453 4275 3717 4330 vaporum

468 4345 570 4414 μὲν
599 4345 779 4415 παχέα
807 4345 1151 4411 λεπτύνεται,
1190 4347 1259 4400 τά
1289 4346 1347 4400 δὲ
1380 4347 1558 4402 λεπτὰ
1583 4351 1678 4403 καὶ
1704 4349 1905 4421 δριμέα
1937 4370 2043 4406 πα-

2145 4354 2351 4426 portio,
2384 4369 2491 4408 non
2534 4353 2780 4417 decocta,
2831 4366 2931 4406 nec
2968 4351 3191 4417 emissa,
3223 4350 3359 4406 locis
3393 4351 3449 4405 in
3494 4351 3599 4406 illis
3626 4367 3715 4406 re-

462 4434 684 4504 χύνεται
715 4438 1046 4509 συμμέτρως
1067 4453 1082 4471 ⁸
1114 4439 1207 4492 καὶ
1247 4440 1612 4509 εὐκρατοῦται
1637 4442 1679 4473 ³¹
1726 4443 1822 4495 καὶ
1867 4461 2037 4513 μετα-

2149 4447 2297 4517 liqua
2347 4446 2532 4500 fuerit.
2593 4443 2783 4498 Somni
2837 4452 3015 4498 autem
3068 4450 3331 4512 tempore,
3388 4457 3499 4498 non
3553 4441 3714 4496 modo

463 4527 721 4582 ϐάλλεται
746 4545 760 4563 ο
801 4530 895 4583 καὶ
939 4530 1008 4584 τά
1041 4530 1273 4601 περιττὰ
1313 4533 1451 4602 πρὸς
1492 4534 1744 4604 ἔκκρισιν
1778 4538 2037 4590 κατεπεί-

2149 4537 2552 4598 concoctiones,
2589 4533 2982 4603 sanguinisque
3009 4531 3335 4604 procreatio,
3365 4531 3717 4601 dispensatio-

463 4633 642 4684 γεται.
675 4620 790 4674 Καὶ
824 4620 1035 4691 μάρτυς
1069 4623 1102 4693 ή
1140 4625 1306 4694 πεῖρα
1328 4624 1422 4676 τοῦ
1454 4624 1648 4695 χρόνου
1675 4642 1689 4655 ο
1725 4626 1885 4692 εὐθὺς
1928 4629 2036 4699 γὰρ

2147 4646 2372 4699 nesque,
2416 4630 2509 4684 sed
2540 4625 2751 4696 reliqua
2782 4625 2943 4680 etiam
2974 4632 3343 4688 excrementa,
3377 4622 3723 4679 constituun-

462 4711 840 4783 ἀνισταμένων
873 4714 1031 4784 ήμῶν
1063 4714 1124 4779 es
1157 4713 1350 4791 ὕπνου,
1383 4716 1518 4788 πρὸς
1553 4717 1782 4788 οὔρησιν
1816 4722 1911 4777 καὶ
1939 4722 2038 4797 τὴν

2150 4732 2257 4777 tur.
2294 4719 2556 4788 Quorum,
2619 4732 2743 4789 quae
2794 4731 2984 4772 crassa
3035 4724 3184 4781 sunt,
3225 4723 3537 4779 tenuantur,
3602 4730 3723 4783 qua:

462 4802 574 4855 τῶν
600 4802 844 4872 στερῥῶν
868 4802 1220 4875 ἁποπάτησιν
1251 4797 1543 4875 τρέᾷομεν.

2146 4826 2274 4866 vero
2321 4809 2480 4864 exilia
2523 4808 2825 4877 acerbaque
2853 4846 2868 4871 ,
2923 4806 3202 4861 moderate
3253 4814 3597 4860 crassescunt
3657 4822 3720 4859 ac

461 4893 518 4949 in
575 4897 894 4967 sanguinem
944 4908 1372 4964 commutantur,
1423 4911 1477 4955 et
1522 4909 1819 4971 temperata
1864 4902 2021 4967 liuut,
2080 4912 2135 4959 et
2188 4909 2663 4967 transmutautur;
2700 4913 2801 4957 nec
2875 4913 2986 4953 non
3029 4915 3151 4971 qua:
3210 4913 3543 4968 supervacua
3594 4908 3724 4953 sunt

461 4988 528 5044 ad
574 4991 941 5046 excretionem
972 4990 1304 5060 diriguntur.
1380 4991 1513 5047 Nam
1548 4995 1904 5063 experientia,
1979 4994 2238 5064 temporis
2293 4994 2534 5064 optimus
2577 4992 2731 5047 testis
2754 4990 3003 5047 habetur.
3039 4989 3179 5044 Cum
3226 4990 3467 5062 primum
3527 5006 3722 5048 somno

463 5081 789 5149 excitamur,
827 5093 939 5139 tum
978 5085 1046 5140 ad
1086 5086 1314 5153 humidi,
1347 5095 1459 5142 tum
1493 5088 1625 5144 sicci
1670 5091 1912 5146 alimenti
1940 5101 2413 5152 excrementorum
2445 5097 2803 5161 purgamenta
2834 5087 3083 5142 ferimur.

463 5215 651 5293 ἀτμῶν
674 5218 767 5270 καὶ
792 5216 903 5293 ἀπὸ
928 5217 1039 5271 τῶν
1050 5217 1494 5293 ,ἐξατμισθέντων
1517 5224 1580 5276 ὲκ
1606 5222 1706 5290 τῆς
1729 5223 1979 5293 ἑψήσεως
1994 5242 2007 5257 ·
2028 5225 2233 5293 ὲπὶᾈτὸν
2255 5222 2557 5292 ἐγκέφαλον
2577 5225 2775 5285 ἄνεισι,
2795 5221 2889 5293 καὶ
2911 5220 3101 5293 τοῦτον
3133 5221 3335 5293 ἱκανῶς
3352 5221 3716 5293 καθυγραινει

463 5288 562 5362 καὶ
585 5286 684 5362 τᾲς
706 5286 1026 5362 κοιλότητας
1048 5288 1354 5362 ἐμφράττει
1385 5293 1448 5346 P.
1526 5293 1567 5324 ¹⁹
1587 5286 1853 5362 ἐργασίαν
1881 5286 1972 5347 Α(
2026 5291 2179 5348 ⁵¹οὖν
2210 5286 2320 5348 οῐῐί.
2354 5286 2414 5349 Β.
2493 5294 2537 5326 ¹²
2556 5292 2953 5362 ὲξατμισθέντα
2984 5293 3024 5344 Β
3052 5290 3124 5362 CL
3191 5291 3235 5322 ¹³
3264 5286 3722 5362 καθυγραίνοντες

464 5310 562 5342 και
585 5310 684 5351 τας
706 5310 1026 5359 κοιλοτητας
1048 5310 1354 5358 εμφραττει
1385 5310 1448 5346 ι’.
1528 5310 1567 5324 "
1587 5310 1853 5414 epramav
1881 5310 1946 5347 Α.
2026 5310 2179 5348 ³³0ον
2210 5310 2320 5348 om.
2354 5310 2413 5349 Β.
2494 5310 2537 5326 ’⁵
2556 5310 2953 5362 εςατμισυεντα
2984 5310 3024 5344 b
3052 5310 3113 5345 υ.
3193 5310 3235 5322 ⁸·
3264 5310 3718 5361 καυυγραινοντες

464 5358 523 5437 Β.
554 5357 915 5437 καθυγραίνει
935 5357 1034 5437 9.“
1079 5357 1560 5437 “Epippdtrcovte;
1596 5430 1620 5437 _
1640 5402 1654 5418 .
1735 5366 1777 5437 ‘_‘
1807 5366 1872 5437 τῇ
1903 5364 2062 5437 οὐσίᾳ
2088 5367 2154 5417 Α.
2189 5364 2368 5437 -ίθντὺ
2393 5364 2799 5437 χρρηγούμενον
2824 5362 2886 5415 Β.
2912 5362 3006 5437 καὶ
3032 5360 3126 5437 τοῦ
3155 5363 3562 5437 χορηγοιζμένου
3585 5360 3626 5415 C
3659 5363 3718 5416 Ρ.

464 5428 507 5459 ¹⁷
542 5426 829 5504 πανταχοῦ
996 5426 1057 5480 Ρ.
1138 5427 1180 5459 ¹⁸
1209 5426 1448 5504 ,ζωτικὸν
1469 5430 1709 5504 πνεῦμα
1737 5426 2148 5504 ἀμϐλυνόμένον
2189 5434 2249 5486 Β.
2281 5426 2716 5504 ἀναδλυνομένου
2750 5431 2835 5504 C._
2929 5434 2971 5464 ¹⁹
3001 5434 3104 5504 καί
3132 5426 3187 5484 ν’.
3375 5426 3551 5504 Δν.
3583 5448 3724 5504 παρ-

462 5496 595 5572 αᾴπλ.
624 5496 828 5572 ρειιζβ.
857 5498 904 5572 ’_°
935 5496 1295 5572 ὑπονοστούσι
1326 5502 1587 5572 τουτέστιν
1610 5496 1953 5572 ύποχωροῦσι
1988 5496 2037 5556 ’1³
2073 5504 2232 5571 ὐποχ.
2282 5506 2326 5557 Α
2367 5502 2408 5556 Β
2435 5503 2497 5556 C.
2556 5496 2568 5504 ’
2612 5504 2653 5535 ²¹
2697 5504 2751 5554 αἱ
2779 5500 3047 5572 ἐξαιμεΒ
3076 5503 3135 5553 Ρ.
3212 5501 3256 5572 '_'
3297 5503 3353 5572 αἱ
3382 5500 3533 5572 ἀναδ.
3583 5501 3624 5551 Β
3658 5496 3720 5554 Ρ.

461 5567 510 5639 aa
546 5566 836 5639 ᾁνάπαυλα
867 5568 928 5639 Β,
1037 5568 1080 5639 ’κδ
1112 5566 1394 5639 χρρίης-Δ.
1471 5573 1514 5602 ’³
1545 5566 1830 5625 εἰώθεισαν
1866 5575 1909 5624 Α
1946 5574 1986 5626 C
2018 5572 2055 5625 P

2153 5566 2377 5635 ’δ’ὅπως
2407 5573 2446 5623 Β
2469 5587 2638 5639 usque
2668 5572 2733 5623 aui
2769 5566 3042 5639 παχυνθὲν
3075 5585 3185 5625 om.
3216 5569 3279 5624 C.
3308 5570 3366 5625 it.
3398 5568 3435 5622 P
3465 5571 3514 5622 iu
3550 5580 3718 5631 textu,

465 5637 510 5667 "
550 5632 819 5711 διαιρῇς)
854 5638 930 5711 Β..
990 5632 1199 5711 est;
1228 5632 1383 5711 στόμ.
1406 5641 1620 5711 ~omni},
1654 5640 1747 5692 τοῦ
1780 5640 2027 5708 σώματος
2050 5644 2108 5694 (2.
2224 5645 2267 5673 ’³⁵
2305 5632 2706 5711 ὲναπειλῆμὲνη
2740 5641 2798 5693 Β.
2849 5632 2921 5670 ”³⁰
2944 5639 3192 5696 ἄπεπτὸν
3223 5658 3279 5705 τε
3311 5641 3402 5694 καὶ
3435 5639 3722 5694 ἀδιάπνευ-

469 5721 593 5759 στον
618 5706 660 5757 Β
691 5704 731 5761 C
753 5708 816 5759 P.
892 5707 934 5741 ³³
978 5704 1115 5759 ἀλλά
1138 5705 1246 5776 γὰρ
1273 5704 1363 5760 καὶ
1404 5709 1463 5761 Β.
1541 5710 1584 5741 ³³
1619 5712 1679 5762 οὐ
1706 5704 1988 5781 κρατεῖται
2017 5713 2080 5778 Α,
2117 5711 2210 5766 κού¹
2240 5704 2610 5781 sinuato-Stat
2636 5704 2724 5764 καὶ
2762 5711 2915 5783 εὐκρ.
2953 5712 3014 5765 Ρ.
