4006 6158
384 341 525 398 H35

1685 332 1967 391 MELETII
2006 333 2316 395 MONACHI

3491 336 3632 396 “36

454 457 502 511 Δ
521 471 715 513 somno
731 456 915 520 etiam,
935 466 1249 509 morborum
1270 454 1761 525 aegritudinumque
1778 454 1861 509 vis
1879 463 1941 509 att

2134 451 2257 509 Οἵδε
2294 454 2353 508 δὲ
2380 454 2425 486 ³³
2467 454 2497 506 ὁ
2534 452 2700 516 ὕπνος
2741 454 2835 507 καὶ
2882 453 3206 523 νοσημάτων
3246 453 3630 525 ,σφοδρότητας

383 562 493 616 que
520 546 854 603 vehementia
873 544 1097 600 obtundi
1122 545 1279 601 solet.
1305 542 1529 612 Quin,et
1559 546 1729 601 animi
1750 545 1954 601 sollici-

383 640 620 700 tudines.
650 637 994 706 doloresque,
1013 636 1199 700 solari,
1226 647 1283 691 et
1299 650 1419 692 esse
1436 637 1617 707 gaudii
1630 651 1792 693 causa
1810 652 1956 693 som-

383 745 489 786 nus
512 729 677 783 novit.
699 727 834 783 Cum
854 727 997 781 enim
1024 726 1266 783 difﬁciles
1284 727 1464 782 morbi
1488 728 1554 783 ad
1567 726 1786 783 felicem
1805 728 1953 783 vale-

383 819 590 875 tudinis
613 828 865 873 eventum
887 822 1190 881 mutantur,
1222 819 1548 885 amicorum,
1572 811 1951 891 cognatorum.

380 923 511 978 que,
534 916 697 976 atque
716 904 1089 972 familiarium,
1127 913 1242 960 tum
1268 907 1440 977 ipsius
1468 907 1665 971 aﬁ‘ecti,
1694 909 1951 977 gaudium

380 998 753 1067 subsequitur,
783 997 927 1066 quod
954 1011 1063 1052 non
1094 1013 1161 1051 ex
1200 999 1417 1069 propria
1457 1000 1629 1055 nostri
1653 1000 1950 1066 voluntate,

380 1090 475 1145 sed
513 1104 701 1144 eorum
747 1103 869 1158 quae
923 1088 1240 1144 acciderunt
1284 1104 1447 1144 causa
1496 1091 1785 1159 provenire
1830 1107 1951 1146 cer-o

381 1189 495 1234 tum
538 1188 641 1234 est.
670 1179 774 1246 Qui
817 1180 960 1234 enim
1006 1181 1206 1235 valenti
1250 1194 1479 1251 corpore
1511 1181 1680 1237 vitam
1719 1184 1948 1253 peragit,

378 1272 540 1341 eique
588 1279 785 1328 cuncta
828 1286 951 1341 quas
998 1271 1175 1327 oculis
1217 1273 1578 1344 auribusque;
1605 1274 1947 1329 animadver-

381 1363 465 1425 tit,
491 1362 733 1416 animum
775 1362 1070 1427 oblectant,
1098 1378 1200 1418 nec
1242 1362 1345 1418 sibi
1394 1364 1692 1433 quidquam
1736 1366 1949 1430 adversi

379 1452 713 1520 suspicatur,
749 1453 949 1518 gaudio
987 1452 1238 1508 adicitur.
1271 1454 1374 1519 Qui
1419 1469 1569 1519 vero,
1613 1458 1698 1511 vel
1745 1469 1945 1514 contu-

382 1539 560 1594 meliis
602 1540 882 1595 insecutus
913 1548 1018 1606 est,
1046 1540 1126 1594 vel
1164 1542 1421 1594 damnum
1458 1542 1645 1606 sentit,
1674 1544 1789 1598 sive
1812 1560 1949 1613 pau-

379 1636 587 1696 pertate
626 1630 909 1699 premitur,
933 1645 1107 1700 neque
1132 1632 1282 1684 illum
1308 1647 1547 1701 unquam
1574 1648 1698 1702 spes
1728 1635 1950 1691 laetioris

380 1719 614 1775 fortunae
675 1718 869 1775 fovet:
931 1735 1056 1776 eum
1118 1721 1338 1777 tristitia
1381 1721 1518 1777 allici
1567 1738 1792 1780 necesse
1841 1735 1945 1780 cst.

2058 544 2379 616 ἀμϐλύνειν,
2414 545 2509 599 καὶ
2558 543 2795 614 ψυχικάς
2833 543 3074 612 ἀγωνίας
3104 543 3199 598 καὶ
3237 543 3416 607 λύπας
3449 561 3630 617 παρα-

2059 634 2381 706 μυθεῖσθαι,
2408 636 2504 689 καὶ
2532 635 2709 706 χαρὰν
2751 636 3019 704 ἐμποιεῖν.
3059 634 3125 687 Ἢ
3153 634 3263 705 γὰρ
3295 635 3360 690 ὲκ
3386 636 3628 706 χαλεπῆς

2054 727 2370 797 ἀρρωστίας
2426 725 2563 794 πρδς
2624 725 2816 793 ὑγείαν
2869 724 2914 756 ³⁸
2976 725 3246 794 γενομένη
3300 725 3484 795 κρίσις
3536 726 3626 780 ἐπ’

2054 817 2244 887 ἀγαθῷ
2266 817 2332 882 ³⁸,
2363 818 2456 870 καλ⁸
2497 816 2669 886 φίλων
2700 816 2791 870 καὶ
2825 816 3102 884 συγγενῶν
3136 818 3232 869 καὶ
3262 816 3501 880 οἰκείων,
3531 817 3627 870 καὶ

2053 907 2222 963 αὑτοῦ
2250 908 2344 960 τοῦ
2378 907 2679 978 κάμνοντος
2701 907 2746 939 ⁸⁸
2787 907 3023 977 ὑπάρχει
3054 905 3222 976 χαρά.
3248 888 3408 975 Atiam
3437 906 3495 958 δὲ
3531 907 3625 959 καὶ

2053 998 2199 1069 χαρὰ
2245 999 2321 1064 ³⁷,
2364 998 2467 1051 οὑκ
2493 999 2538 1029 ³⁸
2568 1000 2632 1051 ἐκ
2677 997 3085 1069 προαιρέσεως,
3127 996 3241 1049 ἀλλ’
3281 998 3345 1050 ὲκ
3386 997 3488 1065 τῆς
3515 996 3625 1050 τῶν

2054 1088 2459 1158 συμϐαινόντων
2513 1084 2841 1148 ἀκολουθίας
2868 1085 2912 1117 ⁸⁸
2966 1083 3336 1137 συνίστανται.
3404 1082 3464 1136 Ὁ
3515 1080 3624 1150 γάρ

2052 1179 2193 1233 κατά
2225 1179 2319 1232 τὸν
2356 1177 2467 1248 βίον
2501 1176 2897 1248 εὑθηνούμενος
2920 1174 2997 1240 ⁸⁸,
3039 1174 3256 1228 ἀκούων
3287 1190 3347 1227 τε
3377 1173 3472 1227 καὶ
3503 1172 3623 1243 βλέ-

2050 1287 2169 1324 πων
2208 1269 2278 1324 τά
2311 1271 2463 1339 αὐτῷ
2508 1267 2825 1337 καταθύμια
2847 1307 2864 1334 ,
2912 1266 3020 1320 τῶν
3046 1265 3321 1319 δυσκόλων
3367 1264 3425 1317 δέ
3455 1281 3510 1316 τι
3545 1264 3622 1335 μὴ

2050 1361 2366 1433 προσδοκῶν
2389 1359 2540 1431 αὑτῷ
2566 1360 2610 1392 ’⁸⁸
2641 1358 2972 1428 γενήσεσθαι
2995 1356 3041 1390 ’⁵³
3074 1356 3255 1428 χαίρει
3278 1372 3292 1387 ο
3324 1357 3353 1409 ὁ
3380 1355 3437 1408 δὲ
3465 1355 3621 1409 πενό-

2052 1468 2232 1522 μενος,
2282 1451 2315 1521 ἢ
2362 1451 2738 1520 τυπτόμενος,
2783 1449 2819 1518 ἦ
2869 1446 3276 1517 ζημιούμενος,
3318 1445 3353 1515 ἧ
3404 1460 3459 1496 τι
3509 1442 3619 1496 τῶν

2048 1542 2149 1595 οὑκ
2173 1541 2218 1573 ’⁵³
2245 1539 2470 1609 ἀγαθῶν
2496 1539 2587 1594 ἀεὶ
2615 1537 2955 1611 προσδοκῶν,
2988 1535 3209 1606 ἀνάγκη
3234 1532 3526 1587 λυπεῖσθαι
3547 1531 3613 1585 ⁵⁵.

446 1856 581 1913 Nam
606 1857 752 1913 risus
784 1858 1029 1915 defluens
1059 1875 1089 1913 a
1115 1858 1313 1930 gaudio
1347 1858 1593 1914 nascitur
1618 1876 1633 1926 ;
1668 1873 1699 1915 a
1726 1860 1941 1916 tristitia

2119 1862 2372 1917 Τίκτεται
2394 1861 2439 1893 ⁸⁸
2462 1861 2578 1925 οὖν,
2608 1862 2670 1915 ἐκ
2694 1861 2740 1894 ⁸⁸
2776 1861 2875 1933 μὲν
2899 1862 2999 1932 τῆς
3025 1860 3221 1930 χαρᾶς,
3248 1846 3496 1926 διάχυσις
3524 1856 3615 1909 καὶ

373 1965 506 2006 vero
548 1955 784 2021 gemitus
825 1960 880 2006 et
924 1952 1181 2023 lacrymae
1226 1961 1678 2023 progenerantur.
1757 1950 1945 2022 Siqui-

374 2044 496 2096 dem
564 2042 793 2098 allectus
862 2043 1060 2097 animae
1128 2041 1240 2114 40
1290 2041 1384 2112 qui
1442 2042 1719 2113 voluptate
1774 2055 1944 2108 caret,

373 2133 595 2190 tristitia
634 2143 739 2198 est,
771 2150 893 2205 qua:
923 2150 1046 2191 cum
1087 2134 1273 2190 Graece
1323 2133 1467 2204 λύπη
1524 2134 1758 2201 dicatur,
1795 2134 1948 2206 παρά

372 2224 436 2278 τὸ
459 2224 627 2291 λύειν,
669 2225 817 2295 quod
885 2226 1082 2280 solvere
1137 2225 1374 2288 diceres,
1422 2239 1489 2279 ex
1517 2238 1584 2279 eo
1617 2224 1783 2289 dicta,
1815 2226 1945 2294 quia

371 2316 561 2377 oculos
620 2316 672 2370 in
741 2317 1009 2388 lacrymas
1061 2317 1255 2371 solvat.
1321 2313 1447 2371 Sive
1496 2332 1527 2370 a
1566 2312 1939 2384 λυμαίνεσθαι,

370 2406 520 2474 quod
575 2405 699 2462 lwdi
752 2407 1075 2476 explicat-es,
1139 2407 1297 2477 quasi
1358 2407 1606 2477 quaedam
1658 2408 1941 2464 oculorum
1975 2450 1989 2471 ,

371 2495 527 2551 Iasio
551 2495 642 2551 sit.
675 2495 867 2552 Passio
892 2496 1038 2552 enim
1069 2497 1226 2567 plena
1250 2497 1477 2565 doloris,
1513 2499 1714 2554 solutio
1747 2499 1943 2553 anima:

370 2593 475 2641 est.
506 2585 776 2642 Gaudium
824 2603 973 2655 vero,
1031 2588 1286 2644 affectum
1342 2598 1589 2644 votorqu
1631 2597 1939 2658 compotem

368 2690 513 2740 esse,
576 2677 799 2747 quidam
879 2685 1143 2736 statuunt.
1200 2677 1477 2750 Lacrymaa
1524 2688 1750 2743 autem,
1820 2692 1942 2748 quae

369 2765 560 2823 Graeco
587 2770 809 2825 nomine
855 2769 1064 2842 δάκρυα
1094 2780 1500 2838 nuncupantur,
1558 2763 1669 2823 οἷον
1707 2769 1939 2839 δάκρυον

367 2855 423 2913 τί
441 2857 579 2922 ἐστι,
609 2860 764 2927 quasi
791 2876 1051 2915 remorsus
1089 2861 1305 2931 quidam
1343 2861 1412 2914 sit
1460 2874 1630 2914 :nam
1687 2859 1940 2930 lncryma:

368 2963 400 3004 ιι
432 2962 675 3004 remorso
701 2950 865 3006 corde
923 2952 1251 3020 proveniunt
1286 2969 1299 3006 :
1337 2951 1420 3005 ha:
1457 2960 1634 3006 autem
1695 2950 1775 3006 sic
1810 2964 1938 3021 pro-

368 3047 642 3097 creantur.
675 3040 811 3094 Cum
843 3040 1007 3096 homo
1066 3042 1285 3097 tristitia
1319 3052 1639 3113 occupatur,
1671 3058 1792 3113 quae
1815 3043 1937 3097 ani-

2046 1956 2250 2026 γέλων
2286 1954 2351 2006 ὲκ
2373 1950 2429 2003 δὲ
2459 1952 2567 2022 τῆς
2587 1953 2796 2023 λύπης,
2831 1950 3129 2020 στεναγμοί
3159 1966 3219 2001 τε
3258 1950 3353 2002 καὶ
3381 1947 3615 2018 δάκρυα.

2049 2051 2204 2104 Ἐστι
2228 2050 2286 2105 δὲ
2310 2052 2456 2122 λύπη
2475 2047 2715 2107 διάθεσις
2736 2045 2914 2115 ψυχῆς
2938 2042 3140 2114 ἡδονῶν
3164 2040 3505 2111 ἐστερημένη
3536 2039 3582 2071 δ’
3598 2054 3613 2069 ο

2045 2143 2357 2215 παράγεται
2390 2144 2448 2197 δὲ
2487 2142 2654 2207 λύπη
2687 2137 2838 2210 παρὰ
2889 2135 2949 2190 τὸ
2995 2134 3144 2187 λύειν
3172 2134 3299 2197 τοὺς
3335 2124 3497 2195 ὦπας
3536 2133 3618 2194 είς

2042 2234 2253 2305 δάκρυα
2276 2235 2320 2266 ⁸⁸
2346 2274 2362 2299 ,
2393 2233 2489 2288 καὶ
2516 2227 2876 2302 λυμαίνεσθαι
2902 2225 3127 2289 τούτους
3154 2242 3167 2256 ο
3209 2223 3400 2294 λυὼπη
3444 2222 3491 2255 δ’
3531 2222 3618 2284 τίς

2041 2321 2202 2381 οὖσα.
2233 2323 2404 2387 Λύσις
2431 2324 2541 2395 γὰρ
2579 2322 2678 2391 τῆς
2704 2320 2882 2390 ψυχῆς
2910 2320 3025 2371 ἐστι
3058 2316 3119 2369 τὸ
3148 2315 3321 2378 πάθος
3355 2315 3416 2367 τὸ
3448 2313 3617 2382 λυπη-

2046 2413 2136 2485 ρόν
2163 2429 2176 2443 ο
2212 2413 2391 2485 χαρὰν
2414 2478 2415 2481 η
2441 2413 2497 2466 δὲ
2537 2411 2810 2482 ὁρίζονται
2842 2409 2941 2479 τὴν
2969 2406 3078 2460 τῶν
3123 2405 3481 2475 καταθυμίων
3525 2405 3619 2456 ὲκ-

2042 2500 2349 2572 πλήρωσιν.
2388 2499 2460 2552 Τὸ
2495 2499 2553 2553 δὲ
2602 2498 2868 2567 δάκρυον
2896 2491 3007 2550 οἷόν
3038 2513 3090 2548 τι
3120 2495 3351 2548 δάκνυόν
3382 2496 3500 2547 ὲστι
3523 2493 3571 2524 ⁸⁸
3593 2509 3611 2524 ·

2039 2587 2443 2659 δακνομένηςδί
2483 2588 2593 2658 γάρ
2640 2587 2741 2657 τῆς
2796 2584 2976 2656 ψυχῆς
3002 2584 3048 2615 ⁸⁹
3097 2582 3383 2652 ἐξέρχεται
3427 2580 3488 2632 τὸ
3515 2579 3613 2632 δά-

2041 2695 2226 2749 κρυον.
2273 2678 2337 2731 Ἥ
2370 2678 2428 2733 δὲ
2454 2679 2666 2747 γένεσις
2699 2675 2863 2730 αὐτοῦ
2887 2674 3088 2729 τοιάδε·
3135 2673 3250 2742 Τῆς
3275 2668 3611 2737 ἐπελθούσης

2038 2769 2193 2835 ἀνίας
2211 2768 2287 2840 τῷ
2309 2767 2580 2840 ἀνθρώπῳ
2603 2768 2650 2800 ⁸³
2673 2768 2772 2839 τὴν
2794 2767 2972 2838 ψυχὴν
2996 2763 3409 2835 συστελλούσης,
3443 2761 3611 2831 βρασ-
3657 2780 3665 2787 '

2045 2859 2229 2934 μὼδης
2283 2858 2615 2930 στενοχωρία
2651 2861 2764 2920 τοῖς
2810 2857 3022 2912 ἔνδοθεν
3067 2855 3370 2923 ἐπιγίνεται
3401 2850 3608 2918 σπλάγσ

2038 2969 2187 3024 χνοις
2209 2966 2224 2981 ⁶
2266 2949 2328 3018 ἐξ
2358 2945 2426 3022 ἦς
2458 2950 2823 3017 ἀναθυμίασις
2856 2948 3083 3018 πλείστη
3118 2946 3303 3016 ὑγρῶν
3349 2944 3488 3015 πρὸς
3515 2942 3610 2996 τὸν

2037 3044 2338 3115 ἐγκέφαλον
2380 3043 2588 3114 γίνεται
2612 3058 2627 3072 ’
2657 3044 2786 3098 ὅταν
2827 3041 2884 3094 δὲ
2913 3040 3078 3095 αὑτοῦ
3121 3037 3191 3092 τά
3219 3037 3376 3091 κοῖλα
3406 3034 3516 3089 τῶν
3543 3036 3611 3086 ἐκ

366 3143 512 3184 mam
545 3129 836 3195 contrahit,
893 3132 1181 3187 concussio
1229 3149 1350 3202 quae
1376 3135 1682 3204 angustiam
1748 3133 1931 3200 infert,

2041 3137 2140 3208 τῆς
2187 3137 2365 3207 λύπης
2409 3135 2828 3206 ἀναθυμιάσεων
2867 3131 3243 3204 πληρωθῶσι,
3304 3129 3444 3200 πρὸς
3483 3126 3611 3188 τοὺς

365 3233 489 3286 qua
522 3219 671 3273 intus
702 3228 830 3275 sunt
867 3221 1072 3276 viscera
1095 3232 1346 3292 occupat,
1382 3225 1525 3280 unde
1559 3224 1792 3296 plurima
1837 3225 1935 3281 hu-

2041 3228 2335 3298 ὀφθαλμῶν
2358 3228 2405 3258 “
2438 3226 2739 3280 ἀπωθεῖται
2780 3225 3015 3296 χιτῶνας
3043 3225 3143 3294 τὴν
3174 3222 3444 3293 ὑγρασίαν
3470 3236 3484 3251 ’
3515 3220 3612 3273 καὶ

366 3325 582 3364 morum
637 3310 908 3367 exhalatio
954 3311 1023 3367 ad
1086 3313 1371 3369 cerebrum
1422 3316 1607 3370 tendit.
1638 3316 1775 3371 Cum
1807 3332 1935 3373 vero

2041 3324 2106 3392 τῇ
2133 3318 2224 3374 τοῦ
2255 3318 2554 3392 άϐουλήτου
2578 3319 2625 3350 ⁸⁵
2655 3318 2803 3388 δήξει
2831 3319 2877 3350 ⁸ο
2901 3316 2995 3370 τοῦ
3026 3316 3195 3388 ὑγροῦ
3238 3312 3613 3376 ἀποσκευαζό-

365 3416 498 3463 cava
533 3401 653 3471 ejus
712 3401 1059 3459 exhalatione
1113 3418 1179 3459 ex
1215 3404 1433 3460 tristitia
1462 3407 1812 3477 proveniente
1847 3422 1934 3464 re-

2043 3428 2204 3483 μενον
2245 3411 2308 3464 τδ
2340 3410 2504 3482 βάρος
2536 3411 2939 3479 καταφέρεται,
2974 3408 3163 3478 ῶσπερ
3210 3407 3372 3473 νέφος
3400 3407 3480 3467 εἰς
3509 3402 3615 3472 ψε-

248 3522 253 3528 ι
363 3491 598 3560 plentur,
628 3492 695 3546 ad
726 3493 1009 3548 oculorum
1044 3494 1254 3551 tunicas
1283 3496 1476 3551 humor
1526 3497 1840 3567 impellitur,
1879 3508 1933 3554 et

2041 3501 2198 3560 κάδοι,
2253 3498 2427 3564 οὑτως
2472 3498 2566 3552 τοῦ
2598 3497 2804 3568 πάχους
2820 3498 2864 3531 ⁵⁷
2904 3495 3014 3550 τῶν
3046 3493 3235 3564 ἀτμῶν
3267 3490 3612 3551 διαλυθέντος

364 3582 431 3640 ad
485 3583 903 3643 ostentationem
966 3585 1120 3641 inviti
1154 3597 1336 3653 motus
1388 3588 1648 3658 disjectus
1685 3591 1930 3646 humoris

2041 3594 2118 3655 είς
2156 3590 2413 3663 δάκρυον.
2474 3589 2642 3644 Ἐνθα
2687 3588 2782 3642 καὶ
2832 3587 2995 3658 ὴδὸνη
3030 3585 3114 3650 τίς
3162 3586 3319 3649 ἐστι,
3376 3581 3540 3650 φησὶν
3580 3582 3613 3633 δ

364 3673 599 3745 pondus,
631 3690 731 3733 ceu
757 3691 884 3735 cum
936 3678 1221 3734 nubecula:
1255 3679 1307 3733 in
1341 3695 1517 3735 rorem
1562 3682 1803 3737 converti
1842 3696 1934 3738 so-

2041 3684 2212 3754 μέγας
2242 3680 2544 3745 Βασίλειος,
2574 3683 2687 3744 τοῖς
2711 3678 3074 3749 λυπουμένοις
3100 3675 3229 3747 περὶ
3255 3674 3348 3728 τὸν
3371 3673 3570 3744 θρῆνον
3590 3686 3608 3700 θ

364 3765 497 3830 lent,
525 3766 593 3820 ad
628 3767 733 3825 ima
758 3768 949 3835 tendit,
968 3777 1023 3824 et
1055 3769 1159 3829 hoc
1183 3779 1342 3840 pacto
1371 3781 1777 3828 crassescentes
1808 3774 1931 3830 illos

2041 3770 2406 3835 λανθανόντως
2433 3771 2521 3824 διὰ
2545 3768 2642 3824 τοῦ
2675 3769 2885 3827 κλαίειν
2914 3768 3245 3838 κενουμένου
3278 3765 3463 3827 αὐτοῖς
3507 3760 3608 3815 τοῦ

359 3870 591 3924 vapores
621 3857 673 3911 in
693 3858 962 3929 lacrymas
995 3859 1194 3916 resolvi
1229 3861 1512 3932 contingit.
1544 3861 1699 3918 Unde
1715 3862 1929 3931 ﬂentes,
2032 3862 2383 3933 βαρύνοντος.

362 3959 425 4006 ιη
452 3966 681 4018 magnus
711 3953 940 4011 Basilius
987 3964 1283 4020 asseverat.
1348 3956 1477 4020 dum
1529 3957 1661 4035 ipsis
1689 3959 1832 4029 quod
1864 3957 2146 4016 cerebrum
2195 3957 2453 4028 degravat
2508 3955 2841 4022 exinanitur,
2897 3953 3176 4025 voluptate
3236 3951 3470 4024 quadam
3501 3948 3608 4006 sub

361 4049 515 4109 luctu
552 4047 752 4104 latente
797 4048 1126 4111 adiciuntur.

433 4202 509 4257 Ex
531 4202 634 4259 hac
657 4243 672 4269 ,
694 4204 941 4275 inquam,
970 4220 1133 4282 quam
1152 4208 1493 4266 asseruimus
1525 4209 1793 4264 viscerum
1824 4225 1926 4265 an—

2112 4211 2207 4264 Ἐκ
2226 4209 2283 4264 δὲ
2308 4209 2411 4279 τῆς
2436 4208 2734 4279 εἰρημένης
2753 4208 2863 4262 τῶν
2894 4206 3217 4277 σπλάγχνων
3240 4206 3601 4278 στενοχωρίας

354 4294 560 4364 gustia,
592 4310 657 4351 ac
689 4296 922 4364 plurima
956 4297 1324 4363 exhalatione,
1358 4314 1482 4357 cum
1530 4308 1583 4354 et
1608 4301 1927 4370 respiratio-

355 4385 446 4448 uis
497 4384 860 4441 instrumenta
923 4388 1378 4457 comprimantur,
1436 4375 1811 4463 saepenumero
1857 4390 1927 4446 ab

353 4479 473 4551 ipsa
504 4487 695 4533 natura
715 4479 942 4548 Spiritus
973 4487 1180 4535 tractus
1206 4480 1554 4537 violentiores
1574 4481 1921 4550 emittuntur,

352 4586 465 4640 quo
487 4571 571 4626 his
593 4586 714 4642 qua:
750 4580 1045 4626 evenerant
1074 4571 1364 4629 dilatandis
1428 4573 1703 4643 suppetias
1760 4575 1921 4630 ades-

352 4672 454 4719 set.
515 4662 614 4718 Cui
662 4662 881 4733 quidem
924 4663 1192 4719 accidenti
1250 4662 1487 4719 tristitia
1549 4678 1747 4720 nomen
1806 4655 1923 4718 im-

348 4768 559 4823 pones;
595 4764 948 4825 quapropter,
997 4754 1282 4825 gemitum,
1341 4752 1447 4809 hoc
1500 4753 1923 4810 exhalationem-

2030 4301 2253 4372 καὶτῆς
2302 4300 2504 4372 πολλῆς
2549 4299 3001 4370 ἀναθυμιάσεως,
3038 4299 3133 4351 καὶ
3182 4297 3293 4352 τῶν
3322 4301 3602 4353 ἀνάπνευ-

2030 4392 2232 4447 στικῶν
2304 4391 2828 4463 στενοχωρουμένων
2880 4390 3129 4460 ὀργάνων
3169 4389 3216 4423 ⁵⁸
3239 4430 3256 4458 ,
3321 4389 3602 4461 βιαιοτέρα

2027 4483 2288 4547 πολλάκις
2319 4484 2353 4554 ἠ
2386 4482 2521 4554 ὁλκὴ
2546 4480 2640 4536 τοῦ
2696 4480 3008 4552 πνεύματος
3059 4480 3310 4549 γίνεται,
3359 4480 3468 4534 ὑπὸ
3498 4479 3600 4549 τῆς

2027 4575 2243 4645 φύσεως
2274 4575 2409 4645 πρὸς
2440 4575 2539 4645 τὴν
2589 4573 2700 4628 τῶν
2735 4572 3215 4644 συμπεπτωκότων
3232 4574 3279 4606 ⁸⁸
3310 4572 3599 4642 διαστολὴν

2020 4664 2082 4717 τὺ
2127 4665 2403 4718 στενωθὲν
2430 4662 2786 4735 εὑρυνούσης.
2817 4662 2891 4716 Τὸ
2915 4663 2973 4717 δὲ
3001 4661 3246 4716 τοιοῦτον
3275 4660 3600 4732 σύμπτωμα

2022 4755 2200 4827 λύπης
2230 4755 2348 4808 ἐστί
2372 4772 2386 4787 ο
2423 4755 2508 4809 διὸ
2538 4754 2844 4825 στεναγμὸν
2878 4754 3012 4807 αὑτὸ
3056 4755 3151 4807 καὶ
3182 4754 3527 4823 ἀποπιεσμδν
3550 4753 3596 4786 ⁸⁸

2019 4846 2380 4917 ὀνομάζομεν.
2426 4847 2751 4900 Ἀνακτᾶται
2777 4845 2885 4915 γάρ
2906 4847 2964 4898 ὲν
2990 4845 3167 4916 τούτῳ
3186 4845 3265 4914 τῷ
3300 4843 3595 4915 στεναγμῷ
3680 4876 3687 4881 ~

2019 4931 2130 4989 οἷον
2159 4936 2358 5007 ἑαυτὴν
2388 4939 2419 5007 ἡ
2458 4936 2626 5008 ψυχὴ,
2671 4939 2736 5006 τῇ
2774 4936 3064 5007 ἀποκρίσει
3085 4937 3188 5006 τῆς
3220 4937 3594 5007 παχυνθείσης

2019 5029 2077 5082 ὲν
2101 5032 2169 5099 τῇ
2202 5028 2399 5102 καρδίᾳ
2421 5028 2508 5084 διὰ,
2530 5029 2631 5099 τῆς
2665 5028 2842 5099 λύπης
2864 5028 2908 5061 ⁶¹
2947 5027 3175 5099 αἰθάλης
3197 5069 3212 5094 ,
3243 5027 3341 5083 καὶ
3371 5031 3439 5100 τῇ
3474 5044 3592 5082 αντ-

346 4859 455 4915 que
495 4860 893 4916 nuncupamus.
951 4845 1145 4899 Anima
1203 4860 1439 4915 namque
1478 4845 1596 4915 ipsa
1646 4860 1740 4915 per
1778 4846 1921 4900 hunc

344 4936 608 5006 gemitum
643 4953 763 4993 sese
806 4936 964 5007 quasi
1008 4935 1199 4999 reficit,
1254 4936 1323 4991 ab
1363 4936 1461 4991 illo
1483 4937 1679 4991 ardore
1712 4936 1807 5004 qui
1848 4936 1921 4991 ob

343 5025 1076 5097 supervenientemtristitia:
1134 5039 1425 5082 maerorem
1461 5024 1513 5079 in
1561 5024 1726 5080 corde
1757 5039 1910 5082 cras-

415 5244 462 5276 ³³
491 5243 600 5316 γάρ
630 5242 690 5297 Β.
724 5314 733 5316 _
764 5242 1153 5316 ’δίὺγεείαν-Β.
1220 5242 1265 5316 ³ξ⁵
1296 5241 1385 5295 ἐπ’
1415 5242 1636 5316 ἀγαθῶν
1668 5243 1731 5298 C.
1790 5244 1842 5316 ⁸⁸4
1863 5261 1917 5297 κ.
1960 5262 2015 5297 α.
2046 5244 2141 5298 τοῦ
2191 5244 2508 5316 κάμνοντος
2529 5258 2638 5299 om.
2667 5246 2731 5316 B.
2806 5245 2852 5316 ³7
2877 5244 2941 5316 Δλ.
2975 5244 3031 5316 δε
3064 5244 3158 5298 καὶ
3201 5263 3263 5316 χἒ
3297 5260 3409 5300 om.
3455 5247 3499 5300 Β
3528 5246 3626 5313 (3.9

342 5316 389 5347 ³⁸
405 5312 557 5395 χαρά
578 5314 886 5395 ήέαίηοὺκ
1012 5382 1036 5395 Λ
1059 5313 1102 5347 ³⁸
1135 5312 1441 5395 animout.
1474 5313 1536 5366 B.
1571 5327 1693 5395 mox
1724 5314 2066 5395 suvius-atat}:
2106 5315 2181 5395 _‘°
2222 5312 2679 5395 ἕνευθηνορμενος
2711 5312 3288 5395 Β.-εύθυνούμενοςᾩ.
3359 5316 3405 5347 δι
3445 5317 3597 5395 αὑτῷ

337 5382 444 5438 τοῦ*
471 5382 680 5455 favis.
760 5383 805 5415 ιι
847 5382 1101 5455 χενέςθαι
1138 5384 1212 5455 Β,
1279 5383 1337 5455 ⁸³,
1363 5383 1463 5455 οὐκ
1495 5399 1605 5455 om.
1634 5383 1699 5455 A_.
1776 5384 1824 5415 “
1848 5400 1946 5455 πρ.
1972 5383 2197 5455 εὔδηλον
2232 5385 2314 5436 ὃτι
2336 5382 2585 5455 λυπεῖται
2614 5384 2679 5455 Ρ.
2754 5385 2799 5417 ⁵⁸
2835 5388 3065 5455 τήκεται
3093 5384 3159 5455 ᾼ.
3185 5385 3458 5455 τίκτεται
3497 5382 3598 5455 μὲν

336 5455 432 5510 οὖν
473 5454 535 5506 Β.
560 5452 805 5515 τίκτεται
840 5449 896 5505 δὲ
923 5453 963 5506 (Σ
992 5454 1056 5507 Ρ.
1170 5453 1216 5485 ’⁸⁸
1254 5453 1345 5519 qui
1381 5451 1541 5506 habet
1568 5453 1676 5504 ἀπό
1706 5467 1804 5519 pro
1827 5449 1922 5506 οὖν

336 5523 383 5555 ⁸⁸
417 5525 499 5578 είς
534 5522 582 5574 δ.
610 5526 737 5578 τοὺς
760 5517 912 5578 ὦπας
957 5522 1015 5576 Β.
1091 5523 1136 5554 δ’
1179 5522 1350 5578 λυόπη
1377 5519 1436 5574 Β.
1541 5521 1589 5553 ⁸ο
1616 5521 1669 5574 τί
1687 5522 1903 5575 δάκνιον

2041 5524 2053 5550 ι
2089 5449 2101 5454 ⁷
2142 5453 2187 5485 δ’
2228 5455 2339 5507 haec
2389 5469 2495 5506 om.
2533 5454 2597 5504 A.
2656 5449 3051 5577 ὲστεριγμέντγς
3108 5454 3150 5506 Ρ
3184 5453 3332 5522 λύπη
3385 5449 3593 5521 οηι.Ῥ,

2041 5538 2146 5575 εστι
2189 5523 2255 5578 Α.
2282 5517 2406 5574 ὀἷον
2458 5520 2687 5574 δάκνυον
2733 5524 2848 5576 ἐστι
2875 5524 2936 5578 Β.
2973 5539 3002 5574 ο
3023 5523 3084 5575 όν
3109 5539 3161 5574 τι
3198 5522 3435 5578 δάκνυον
3461 5525 3501 5577 C
3530 5525 3592 5577 P.

338 5539 383 5555 ’τ’
417 5539 499 5584 εις
534 5539 582 5574 ο.
610 5539 737 5584 τους
760 5539 912 5584 ωπας
959 5539 1015 5576 ι).
1091 5539 1136 5554 ’ν
1182 5539 1351 5592 Αυοπη
1377 5539 1436 5574 ι).
1541 5539 1589 5553 -ν
1616 5539 1669 5574 τι
1687 5539 1903 5575 οακνιον
1947 5539 1998 5574 τι
2030 5539 2146 5575 εστι
2189 5539 2255 5586 Α,
2296 5539 2406 5574 οιον
2458 5539 2687 5574 οακνυον
2733 5539 2848 5576 εστι
2875 5539 2936 5587 υ,
2973 5539 3084 5577 οιον
3109 5539 3161 5574 τι
3198 5539 3435 5578 οακνυον
3461 5539 3501 5577 ιλ
3530 5539 3592 5577 ι’.

338 5590 384 5663 ff
408 5590 763 5663 δακνωμένης
787 5594 852 5644 Α.
898 5590 972 5663 *⁸⁸
1004 5592 1228 5663 καρδίας
1327 5592 1454 5663 tZAP.
1530 5591 1579 5663 ’ξ
1614 5590 2023 5663 τδνάνθρωπον
2063 5592 2123 5645 Β.
2198 5592 2245 5623 ⁸⁸
2269 5591 2378 5643 τῶν
2418 5590 2543 5663 όφθ.
2574 5590 2615 5641 Β
2639 5592 2679 5663 ς
2713 5592 2776 5646 P.
2851 5591 3220 5663 "ﬁﬁoulitou
3246 5591 3311 5647 C.
3375 5594 3432 5663 7“
3463 5592 3593 5663 δόξη

340 5656 404 5763 ﬁ.
455 5714 459 5716 ν
496 5658 539 5686 ⁵⁷
580 5656 640 5708 τὸ
672 5656 843 5725 πάχος
898 5658 957 5711 Β.
992 5656 1113 5713 quit
1166 5660 1436 5714 διαλυθέν.
1536 5660 1583 5691 ⁸⁸
1612 5660 1683 5713 τὰ
1702 5656 2110 5744 ά⁹ναπνευστικά
2141 5659 2617 5782 στενοχωρούμενοι
2649 5661 2857 5732 ὄργανα
2908 5661 2969 5719 Β.
3037 5664 3081 5696 ⁵³
3124 5662 3495 5718 πεπτωκότων
3523 5656 3589 5721 Δξ

414 5726 741 5782 ποτνισισμδν
766 5729 829 5782 Α.
864 5728 1270 5782 ἀποπνειασμὺν
1303 5728 1364 5782 Β.
1441 5729 1481 5761 ⁵¹
1519 5728 1566 5781 δ.
1605 5745 1652 5782 ν.
1686 5729 1864 5782 λύπης
1886 5745 1996 5782 om.
2032 5732 2091 5782 Β.
2124 5731 2230 5782 ὑπὸ
2262 5745 2314 5782 τ.
2346 5728 2455 5782 LL
2522 5766 2539 5782 .

342 5723 388 5763 ⁸ο
414 5723 829 5799 ποτνιασμὸνᾏ,
864 5728 1270 5797 ἀποπνειασμὺν
1303 5728 1364 5785 Β.
1441 5729 1481 5761 ⁵¹
1519 5728 1566 5781 δ.
1605 5745 1652 5784 ν.
1686 5729 1864 5799 λύπης
1886 5745 1996 5788 om.
2032 5732 2091 5787 Β.
2124 5731 2230 5786 ὑπὸ
2262 5723 2395 5785 τῖλξ
2416 5723 2539 5805 QP.
