4040 6150
491 215 633 272 1139

559 333 658 390 Dei
685 348 813 389 vero
844 335 898 389 in
931 334 1018 389 his
1080 333 1208 388 item
1241 332 1400 388 nobis
1452 341 1537 388 est
1567 334 1832 389 auxilium
1869 336 2065 406 implo-
2098 359 2139 413 Α

489 426 746 492 randum,
797 442 907 497 quo
953 425 1235 496 proposito
1274 435 1464 482 nostro
1499 428 1553 482 in
1604 428 1797 482 horum
1862 441 2062 485 conatu

491 519 810 589 opituletur,
845 533 913 572 ne
972 517 1182 572 scilicet
1227 519 1508 588 sapientia
1555 519 1676 590 ejus
1705 535 1844 590 opus
1875 522 2066 592 depre—

491 610 726 666 hendere
755 617 1037 674 conantes,
1057 609 1356 664 abinscitia
1391 624 1492 665 nos
1521 611 1640 679 plus
1669 612 1839 666 nimio
1861 613 2066 682 impru-

489 701 782 770 dentiaque
843 700 1044 754 irretiri
1091 701 1346 769 patiatur.
1399 701 1703 771 Siquidem,
1759 704 1852 773 qui
1899 719 2067 774 supra

487 793 633 846 vires
659 791 936 861 quidpiam
960 792 1281 855 moliuntur,
1315 792 1369 845 in
1391 793 1618 849 modicis
1645 793 1811 849 etiam
1840 793 2072 848 frustra-

489 882 533 937 ri
575 883 770 937 solent.
833 881 1335 949 Verumenimvero,
1373 883 1428 938 in
1461 884 1565 939 hoc
1596 893 1816 947 conatu,
1844 885 2071 939 minime

487 973 706 1042 quidem
755 974 999 1044 segnitia:
1018 974 1321 1028 vacandum
1370 975 1880 1045 desperandumque
1929 977 2071 1031 vide-

487 1078 611 1133 tur;
634 1081 760 1122 nam
791 1067 907 1136 ipse
932 1077 1014 1122 est
1044 1067 1137 1138 qui
1163 1068 1276 1122 ait:
1311 1087 1328 1118 ι
1353 1068 1456 1135 Qui
1481 1069 1610 1138 petit
1639 1070 1860 1138 accipit,
1894 1079 1949 1124 et
1972 1069 2064 1139 qui

487 1159 682 1228 quaerit
706 1159 934 1224 invenit,
979 1175 1043 1216 ac
1081 1160 1318 1230 pulsanti
1354 1162 1644 1230 aperietur.
1685 1181 1704 1211 ι

1797 213 2079 269 MELETII
2123 215 2436 271 MONACHI

3612 214 3734 271 illi)

2245 338 2439 390 Ἔσται
2467 335 2562 388 καὶ
2607 337 2664 388 ὲν
2704 334 2882 404 τούτῳ
2931 334 2977 365 ⁸⁸
3015 332 3150 402 εὐχὴ
3181 332 3334 402 παρὰ
3379 333 3575 403 Κυρίου
3611 336 3730 390 Θεοῦ

2171 428 2266 481 τοῦ
2303 427 2570 498 βοηθῆσαι
2601 427 2735 495 ἡμῖν
2768 428 2881 486 τοῖς
2933 424 3294 494 διανοήμασιν
3345 424 3436 475 ἐπὶ
3483 423 3646 497 ταύτῃ
3673 429 3728 494 τῇ

2176 523 2398 592 σκέψει·
2434 523 2584 586 ὅπως
2619 522 2693 592 μὴ
2726 519 3110 590 πληθυνθῶσιν
3151 521 3207 571 αί
3259 518 3470 586 ἄγνοιαί
3505 538 3619 590 μου,
3649 523 3728 572 καὶ

2176 617 2230 667 αἱ
2264 615 2545 668 ἀσυνεσίαι
2571 633 2675 684 μου
2701 614 3094 674 πλεονάσωσιν,
3124 610 3266 679 ἔργα
3295 610 3487 678 σοφίας
3518 612 3671 665 αύτοῦ
3689 615 3728 645 ⁸⁵

2173 707 2422 774 ἀνάγνως
2450 707 2547 760 καὶ
2585 705 2816 776 ἀμαθῶς
2867 703 3181 773 ὲρευνῶντι.
3219 704 3282 756 Οἱ
3329 703 3439 773 γὰρ
3468 704 3572 756 τῶν
3609 705 3731 773 ὑπὲρ

2173 796 2402 868 δύναμιν
2431 798 2709 868 ἐφιέμενοι
2745 797 2842 850 καὶ
2874 796 2984 849 τῶν
3019 795 3257 866 μετρίων
3291 795 3729 864 ἀποτυγχάνουσι.

2174 889 2322 958 Πλὴν
2365 891 2466 942 οὐκ
2495 888 2834 959 ἀποκνητέον
2882 887 3004 940 οὐδὲ
3040 885 3421 954 ἁπογνωστέον
3447 887 3542 955 τῆς
3570 887 3730 956 ἐγχει-

2178 981 2408 1050 ρήσεως·
2441 981 2602 1044 αὐτὸς
2631 980 2740 1050 γάρ
2763 981 2910 1032 ἐστιν
2931 980 2960 1031 ὁ
2984 979 3029 1010 ⁸⁸
3057 996 3074 1028 ι
3102 979 3217 1040 Πᾶς
3245 980 3272 1031 ὁ
3295 973 3464 1031 αίτῶν
3492 977 3730 1046 λαμϐάνει

2173 1072 2366 1125 εἰπών·
2395 1074 2492 1125 καὶ
2529 1073 2558 1125 ὁ
2597 1070 2777 1142 ζητῶν
2807 1069 3054 1140 εὑρήσει,
3087 1069 3184 1122 καὶ¹
3215 1067 3296 1138 τῷ
3325 1067 3573 1138 κρούοντι
3599 1069 3730 1120 ἀνοιη

2172 1165 2241 1234 γή
2251 1181 2422 1219 σεται.
2457 1184 2476 1216 ›

1334 1271 1411 1326 De
1435 1274 1674 1342 partibus
1696 1289 1814 1343 qua:
1843 1273 2107 1327 similares
2136 1272 2590 1342 dissimilaresque
2615 1273 2888 1328 dicuntur.

559 1386 748 1442 Partes
797 1401 918 1456 qua
969 1395 1159 1441 nostro
1219 1387 1271 1440 in
1315 1400 1547 1457 corpore
1595 1398 1764 1452 sunt,
1815 1386 2062 1459 quadam

486 1478 706 1548 quidem
735 1477 1028 1543 similares,
1060 1479 1306 1549 quadam
1335 1493 1463 1533 vero
1485 1479 1842 1536 dissimilares
1867 1481 2066 1535 haben-

489 1568 730 1624 tur.'Et
790 1568 1062 1623 similares
1124 1568 1366 1638 quidem,
1420 1568 1697 1636 simplices
1745 1577 1801 1625 et
1872 1572 2063 1640 prima

2244 1386 2366 1440 Τῶν
2400 1387 2458 1440 ἐν
2487 1389 2600 1450 τοῖς
2626 1385 2876 1456 σώμασιν
2916 1385 3075 1458 ἡμῶν
3109 1382 3314 1455 μερῶν,
3345 1381 3414 1435 τὰ
3445 1381 3538 1452 μὲν
3566 1382 3730 1450 ὁμοιο-

2175 1481 2317 1552 μερῆ
2347 1480 2598 1548 λέγεται,
2630 1478 2700 1532 τὰ
2727 1479 2784 1531 δὲ
2830 1479 3222 1548 ἀνομοιομερῆ.
3273 1474 3599 1545 Ὁμοιομερῆ
3643 1471 3731 1542 μὲν

2168 1571 2237 1624 τὰ
2268 1569 2416 1623 ἁπλᾶ
2448 1570 2541 1621 καὶ
2572 1568 2786 1640 πρῶτα·
2827 1563 2960 1634 οἷον,
2986 1561 3157 1638 αἷμα,
3201 1563 3452 1634 φλέγμα,
3488 1561 3612 1632 χολὴ
3643 1561 3728 1632 μέ-

445 1691 449 1694 ~
487 1666 637 1726 sunt,
670 1668 730 1714 ut
785 1658 1032 1726 sanguis,
1070 1658 1287 1727 pituita,
1343 1661 1593 1728 flavaque
1647 1667 1700 1713 et
1740 1669 1856 1713 atra
1909 1660 2058 1715 bilis.

2173 1660 2327 1714 λαινα
2367 1659 2463 1712 καὶ
2508 1659 2676 1730 ξανθή
2696 1659 2764 1712 ⁸⁷.
2816 1661 2884 1713 Ἀ
2924 1657 2984 1712 δὲ
3022 1657 3264 1726 στοιχεῖα
3283 1655 3329 1687 ⁸⁸
3358 1653 3451 1707 τοῦ
3501 1651 3728 1722 σώματός

489 1747 613 1802 llaec
642 1756 696 1802 et
721 1746 968 1815 corporis
993 1753 1121 1800 sunt
1153 1745 1439 1810 elementa,
1469 1760 1533 1799 ex
1583 1745 1805 1815 quibus,
1843 1760 1905 1800 ac
1935 1761 2058 1799 cum

486 1839 705 1908 quibus,
733 1837 1040 1901 cerebrum,
1075 1837 1430 1904 membrana,
1471 1838 1728 1903 musculi,
1757 1838 1926 1898 nervi,
1956 1853 2064 1892 me-

485 1929 630 1984 dulla
650 1943 773 1998 qua
796 1927 851 1981 in
883 1926 1102 1982 ossibus
1119 1933 1223 1992 est,
1242 1940 1367 1981 ossa
1390 1925 1529 1996 ipsa,
1547 1925 1759 1990 dentes,
1779 1926 2061 1996 cartilago,

485 2020 670 2074 carnis
707 2019 761 2073 in
798 2033 856 2073 se
887 2018 1194 2073 convoluta
1249 2016 1502 2084 durities,
1555 2015 1703 2086 quod
1737 2017 1812 2070 illi
1847 2017 2062 2081 ἀδένας,

485 2130 585 2168 nos
616 2112 864 2168 tonsillae
886 2111 1142 2175 dicimus,
1178 2111 1496 2181 ligamenta,
1528 2110 1737 2166 cerebri
1763 2109 2061 2180 panniculi,

485 2206 654 2266 libra,
689 2205 804 2274 pili,
853 2219 1088 2273 ungues,
1121 2217 1273 2267 caro,
1305 2217 1474 2268 vena,
1533 2202 1769 2265 arteria,
1825 2212 2060 2269 meatus,

486 2297 674 2365 adeps,
727 2295 893 2358 cutis,
929 2295 1097 2358 tendi,
1143 2293 1200 2348 hi
1253 2301 1456 2359 autem,
1507 2293 1962 2364 quemadmodum
2011 2305 2066 2348 et

487 2387 740 2448 musculi,
772 2402 838 2441 ex
881 2385 1190 2455 ligamentis
1227 2384 1620 2453 venalibusque
1659 2383 1811 2438 ﬁbris
1838 2399 2063 2453 compo-

487 2476 576 2530 siti
618 2485 788 2531 sunt:
821 2485 874 2531 et
916 2477 1032 2531 hac
1064 2475 1281 2546 quidem
1335 2475 1594 2530 similaria
1651 2483 1707 2529 et
1748 2475 1921 2545 prima
1971 2477 2059 2529 ha-

487 2568 709 2621 bentur.
741 2566 820 2620 Ex
847 2567 955 2632 his,
1008 2566 1441 2632 dissimilarium,
1469 2576 1523 2620 et
1575 2582 1696 2636 qua
1729 2568 2067 2622 instrumen-

490 2656 619 2710 talia
649 2665 796 2721 sunt,
819 2653 1141 2727 compoSitio
1163 2659 1241 2722 tit,
1263 2657 1459 2726 capitis
1487 2656 1760 2720 videlicet,
1799 2657 2062 2726 pectoris,

488 2763 774 2813 manuum,
805 2749 1001 2818 pedum
1024 2759 1076 2803 et
1099 2763 1288 2803 eorum
1311 2763 1430 2816 qua
1452 2762 1517 2801 ex
1545 2747 1880 2803 similaribus
1916 2765 2067 2804 com-

490 2841 664 2905 posita
686 2849 830 2893 sunt.
855 2838 1062 2893 Etenim
1081 2855 1274 2894 omnes
1296 2838 1659 2895 dissimilares
1691 2848 1874 2909 partes
1910 2856 1975 2895 ex
1997 2841 2068 2896 si-

492 2931 776 2985 milaribus
807 2932 1140 3001 compositas
1179 2947 1303 2987 esse
1335 2942 1546 2987 certum
1576 2941 1680 2998 est;
1715 2931 1784 2986 ab
1807 2933 1893 2988 his
1919 2933 2064 2988 enim

2165 1753 2322 1816 εἰσιν,
2359 1752 2417 1818 ἐξ
2447 1746 2520 1804 ὧν
2551 1752 2645 1804 καὶ
2698 1753 2816 1821 μεθ’
2851 1743 2926 1804 ὧν
2956 1751 3001 1782 ⁸³
3056 1747 3363 1817 ἐγκέφαλος
3386 1786 3399 1810 ,
3452 1745 3727 1816 μήνιγγες.

2167 1843 2338 1914 μῦες,
2369 1843 2536 1915 νεῦρα
2563 1883 2578 1904 ,
2620 1842 2814 1914 μυελὸς
2857 1843 2885 1895 ὁ
2935 1843 2994 1894 ὲν
3043 1842 3156 1904 τοῖς
3205 1839 3458 1900 ὀστέοις,
3505 1835 3634 1890 αὐτὰ
3670 1834 3728 1886 τὰ

2164 1936 2302 1989 ὀστᾶ
2322 1937 2393 1999 ⁹⁰,
2428 1935 2649 2006 χόνδρος
2669 1976 2682 2000 ,
2720 1934 2907 1997 ἀδένες
2923 1973 2938 1998 ,
2975 1933 3266 2002 σύνδεσμοι
3288 1970 3303 1994 ,
3344 1929 3534 1999 ὑμένες
3554 1967 3567 1991 ,
3594 1921 3693 1987 ἶνες
3712 1966 3726 1990 ,

2163 2025 2344 2096 τρίχες
2365 2065 2378 2086 ,
2423 2025 2649 2096 ὄνυχες,
2684 2024 2888 2094 σάρκες
2914 2063 2928 2085 ,
2965 2021 3190 2092 φλέϐες,
3226 2019 3522 2091 ἀρτηρίαι,
3554 2015 3725 2086 πόροι,

2165 2118 2391 2190 πιμελὴ,
2419 2118 2622 2188 δέρμα,
2652 2115 2900 2177 τένοντες
2920 2115 2988 2180 ³⁸,
3023 2113 3272 2166 σύνθετοι
3303 2112 3360 2165 δὲ
3388 2103 3531 2164 οὗτοι
3559 2106 3727 2174 ῶσπερ

2164 2212 2258 2263 καὶ
2288 2211 2336 2262 οί
2373 2209 2531 2279 μύες,
2564 2208 2627 2261 ἔκ
2660 2225 2721 2260 τε
2755 2206 3072 2275 συνδέσμων
3103 2204 3197 2258 καὶ
3228 2200 3512 2272 νευρωδῶν
3546 2197 3662 2252 ἰνῶν
3684 2196 3724 2226 ⁹¹

2165 2300 2539 2371 συγκείμενοι·
2559 2297 2736 2352 ταῦτα
2761 2296 2862 2368 μὲν
2885 2291 2977 2350 οὖν
2999 2294 3070 2348 τὰ
3092 2290 3398 2364 ὁμοιομερῆ
3421 2290 3512 2345 καὶ
3533 2285 3725 2357 πρῶτα.

2177 2391 2266 2458 Ἐξ
2289 2385 2364 2446 ὧν
2390 2391 2458 2445 τὰ
2483 2389 2850 2460 ἀνομοιομερῆ
2874 2389 2969 2441 καὶ
2995 2385 3264 2459 ὀργανικά
3295 2380 3646 2450 συνετέθησαν
3665 2375 3723 2409 ’³ο

2163 2479 2298 2548 οἷον,
2335 2485 2568 2555 κεφαλὴ,
2601 2481 2806 2553 θώραξ,
2844 2483 3057 2551 χεῖρες,
3096 2477 3277 2542 πόδες.
3307 2475 3404 2530 καὶ
3427 2475 3524 2528 ὅσα
3548 2473 3606 2524 ἐκ
3632 2468 3726 2521 τῶν

2164 2571 2507 2643 ὁμοιομερῶν
2568 2571 2825 2639 συνέστη.
2884 2569 3000 2622 Πᾶν
3071 2567 3181 2637 γὰρ
3241 2561 3625 2634 ἀνομοιομερὲς
3675 2557 3724 2621 ἐξ

2165 2663 2510 2736 ὁμοιομερῶν
2533 2664 2869 2732 συνέστηκεν
2888 2677 2901 2690 ·
2933 2662 2998 2714 ὲκ
3026 2659 3234 2712 τούτων
3256 2659 3314 2711 δὲ
3346 2657 3406 2709 τὸ
3438 2653 3725 2723 σύμμετρον

2167 2757 2200 2826 ἢ
2231 2756 2586 2826 ἀσύμμετρον
2623 2753 2784 2824 σῶμα
2811 2771 2824 2784 ·
2863 2753 2963 2823 τῆς
2989 2752 3037 2784 ’⁵
3070 2749 3415 2820 συμμετρίας
3449 2749 3504 2800 ἐν
3524 2744 3723 2812 τέτρασι

2168 2845 2379 2909 τούτοις
2410 2844 2796 2916 θεωρουμένης
2819 2844 2886 2876 ⁸⁸·
2923 2844 2981 2895 ὲν
3015 2843 3255 2912 σχήματι
3278 2881 3294 2904 ,
3328 2840 3385 2891 ὲν
3414 2832 3642 2906 ἀριθμῷ,
3675 2832 3724 2881 ἐν

2173 2936 2426 3008 μεγέθει,
2461 2939 2517 2988 ἐν
2560 2936 2744 2989 θέσει·
2784 2934 2988 3005 ὁμοίως
3020 2932 3116 2985 κα)⁵
3156 2931 3258 2999 τῆς
3288 2924 3652 2999 ἀσυμμετρίας
3675 2921 3723 2970 ἐν

487 3022 751 3077 roncinne
785 3025 1221 3093 inconcinneque
1268 3023 1572 3093 composita
1603 3037 1831 3095 corpora
1867 3027 2070 3082 consti-

2173 3032 2284 3093 τοῖς
2329 3027 2621 3083 ἀνάπαλιν.
2674 3027 2748 3080 Τὸ
2791 3026 2899 3096 γὰρ
2940 3023 3136 3086 κάλλος
3165 3021 3261 3076 τοῦ
3307 3020 3553 3090 σώματος
3583 3015 3722 3084 εὐρυ-

487 3125 733 3167 tunnlur.
753 3114 1107 3168 Concinnitas
1124 3115 1269 3169 enim
1297 3114 1352 3167 in
1373 3115 1458 3168 his
1479 3124 1735 3183 quatuor,
1766 3117 1959 3186 ﬁgura,
1981 3135 2072 3172 nu-

489 3220 661 3268 mero,
679 3204 1050 3273 magnitudine
1061 3213 1224 3272 atque
1241 3205 1346 3256 situ
1369 3206 1644 3270 cernitur;
1673 3206 2073 3262 inconcinnitas

485 3311 637 3359 vero,
673 3295 724 3349 in
747 3295 832 3350 his
857 3311 976 3364 qua
1004 3294 1073 3349 ab
1111 3293 1192 3348 his
1215 3293 1424 3349 diversa
1447 3294 1736 3349 habentur.
1787 3294 2077 3351 Enimvero

489 3387 738 3458 corporis
799 3385 1147 3456 pulchritudo
1213 3400 1280 3440 ex
1351 3385 1621 3441 concinna
1701 3387 2072 3443 membrorum

490 3480 902 3548 compOsitione,
955 3479 999 3532 si
1025 3477 1201 3532 bonus
1253 3477 1404 3532 color
1464 3476 1627 3544 adsit,
1686 3486 1918 3534 constat.
1960 3477 2076 3535 Hoc

491 3579 674 3625 autem
729 3571 810 3637 ﬁt,
875 3585 998 3626 cum
1069 3569 1342 3626 similares
1405 3569 1514 3642 53
1556 3578 1773 3640 partes,
1842 3569 2078 3628 salubris

2179 3118 2315 3188 θμία
2350 3118 2467 3170 ἐστὶ
2520 3116 2719 3186 μελῶν,
2767 3115 2886 3186 μετ’
2918 3113 3190 3185 εὐχροίας.
3239 3111 3414 3165 Τοῦτο
3453 3108 3508 3160 δὲ
3539 3106 3723 3174 γίνεται

2174 3208 2458 3279 εὐκράτως
2490 3209 2592 3278 μὲν
2624 3209 2734 3261 τῶν
2775 3205 3140 3278 ὁμοιομερῶν,
3181 3202 3512 3274 συμμέτρως
3553 3196 3606 3249 δὲ
3631 3193 3725 3247 τῶν

2171 3300 2483 3371 ὀργανικῶν
2533 3299 2791 3370 ἐχόντων.
2862 3297 3086 3370 Ἀρεταὶ
3136 3294 3246 3363 γὰρ
3301 3293 3544 3364 σώματος
3589 3283 3725 3355 ὑγεία

2173 3393 2291 3445 ἐστὶ
2329 3392 2425 3444 καὶ
2451 3391 2632 3463 ῥώμη·
2674 3391 2873 3452 κάλλος
2900 3390 2994 3442 καὶ
3019 3387 3300 3458 ἀρτιότης,
3335 3386 3500 3457 ἤγουν
3525 3378 3722 3446 ὁλοκλη-

2178 3484 2288 3554 pia.
2330 3483 2550 3554 Ἀρεταὶ
2593 3482 2650 3535 δὲ
2679 3482 2878 3552 ψυχῆς,
2916 3479 3214 3553 φρόνησις,
3257 3473 3607 3547 σωφροσύνη,
3649 3469 3726 3522 ἀνα

2173 3575 2326 3647 δρεία
2352 3576 2399 3607 ⁹⁶
2433 3575 2529 3628 καὶ
2560 3572 2901 3641 δικαιοσύνη.

494 3662 940 3732 temperamenti,
1005 3677 1068 3718 ac
1130 3661 1572 3718 instrumentalia
1627 3662 1744 3733 ipsa
1808 3663 2077 3719 concinne
2116 3663 2918 3723 fuerintconstituta.Virtutes
2971 3657 3722 3734 namquecorporis,sanitas,

494 3768 559 3810 ac
596 3753 878 3815 fortitudo,
935 3752 1244 3824 formaque.
1292 3769 1503 3810 necnon
1577 3753 1884 3825 integritas,
1958 3755 2221 3823 perfectio
2283 3758 2536 3814 videlicet
2595 3767 2743 3815 sunt.
2775 3759 2881 3814 Sed
2929 3759 3127 3814 anima
3149 3759 3407 3824 virtutes,
3440 3749 3720 3828 prudentia,

493 3849 876 3917 temperantia,
909 3848 1172 3903 fortitudo
1211 3863 1276 3902 ac
1306 3848 1521 3917 iustitia
1566 3857 1713 3902 sunt.

563 3939 1137 4009 Siquidem,fortitudo
1155 3941 1420 4010 corporis,
1439 3941 1780 3996 concinnitas
1813 3955 1878 3995 ac
1903 3942 2069 3996 robur

494 4043 598 4095 est,
621 4032 766 4103 quod
792 4031 876 4087 his
917 4033 1011 4103 qui
1058 4033 1122 4088 ad
1155 4035 1354 4088 malam
1391 4033 1755 4089 valetudinem
1800 4033 2071 4103 proclives

493 4126 652 4191 fiunt,
676 4133 960 4194 repugnat.
983 4125 1227 4180 Virilitas
1251 4135 1454 4190 autem,
1492 4125 1690 4180 anima
1719 4123 1980 4180 fortitudo
2007 4141 2071 4181 ac

492 4213 663 4265 robur
678 4221 784 4278 est,
811 4225 933 4282 qua
953 4227 1144 4284 graves
1163 4214 1562 4277 meditationes,
1582 4214 1775 4269 mortis
1801 4214 2067 4277 videlicet.

2262 3943 2546 4012 Ἀναλογετ
2571 3944 2615 3976 ⁸⁷
2664 3938 2757 3996 οὖν
2800 3946 2833 4013 ἡ
2865 3944 2960 3997 τοῦ
2997 3943 3248 4014 σώματος
3299 3943 3455 4014 ῥώμη
3485 3938 3609 4011 πρὸς
3641 3931 3724 4002 τὴν

2175 4039 2275 4106 τῆς
2297 4035 2476 4106 ψυχῆς
2503 4034 2759 4105 ἀνδρείαν
2783 4036 2852 4068 ⁸⁸·
2884 4038 2917 4106 ἡ
2957 4036 3056 4106 μὲν
3080 4036 3190 4106 γὰρ
3217 4035 3378 4107 ῥώμη
3403 4031 3606 4088 εὐτονία
3625 4023 3722 4079 ἐστὶ

2181 4125 2433 4196 σώματος
2449 4168 2463 4189 τ
2511 4125 2608 4178 καὶ
2663 4127 2818 4196 ἰσχὺς
2870 4126 3376 4195 δυσανταγώνιστος
3423 4126 3532 4184 τοῖς
3582 4114 3720 4171 νοσά-

2178 4219 2330 4283 ζουσι
2356 4220 2401 4251 ⁹⁹
2442 4219 2503 4272 τὸ
2536 4217 2699 4290 σῶμα
2737 4218 3082 4289 δυναμένοις·
3121 4220 3148 4289 η
3191 4217 3248 4271 δὲ
3279 4215 3501 4286 ἀνδρεία
3539 4214 3554 4244 ⁸
3585 4208 3719 4280 ῥώμη

494 4303 826 4367 formidinis,
846 4304 1048 4360 laboris
1073 4305 1573 4368 incommodorum,
1601 4307 1962 4376 voluptatum,
2003 4323 2069 4364 ac

2173 4310 2356 4381 ψυχῆς
2397 4311 2494 4366 καὶ
2542 4311 2695 4382 ἰσχὺς
2724 4311 2861 4382 πρὸς
2892 4311 2990 4374 τὰς
3045 4311 3319 4380 ὑπομονὰς
3361 4308 3466 4361 τῶν
3511 4297 3721 4398 ἰσχυρῶν

492 4394 877 4451 universorum
897 4411 1019 4465 qua
1053 4393 1238 4468 gravia
1269 4396 1729 4466 formidolosaque
1757 4405 2070 4461 censentur,

492 4487 765 4544 sustinere
791 4488 1004 4542 nititur.
1025 4487 1245 4572 Jqstitia
1268 4497 1444 4543 autem
1486 4488 1732 4557 corporis
1768 4489 2071 4557 pulchritu-

492 4581 608 4635 dini
667 4582 955 4636 similatnr.
980 4580 1085 4636 Sed
1114 4580 1574 4651 pulchritudinem
1602 4580 1796 4649 ipsam,
1829 4581 1882 4634 in
1905 4597 2075 4636 mem-

492 4674 716 4727 brorum
739 4673 1105 4729 concinnitate
1123 4687 1246 4727 cum
1265 4672 1502 4728 salubris
1535 4672 1688 4727 color
1720 4673 1910 4739 aderit,
1939 4687 2072 4728 con-

495 4762 847 4832 templabere.
875 4767 946 4820 At
972 4763 1183 4833 iustitia
1223 4764 1337 4834 ipsa
1379 4771 1482 4830 est,
1521 4763 1741 4834 quando
1782 4764 2076 4834 unicuique

493 4854 677 4911 omnia
710 4870 809 4925 pro
837 4855 1099 4927 dignitate
1124 4855 1369 4925 largitur.
1395 4853 1703 4910 Prudentia
1727 4869 1858 4910 vero
1883 4870 2079 4924 corpo-

494 4944 574 4999 ris
607 4944 888 5013 integritas
923 4943 1121 4999 similis
1149 4943 1228 4998 ﬁt.
1267 4942 1575 4999 Prudentia
1596 4959 1832 5013 namque
1853 4959 2074 5008 munus,

492 5053 560 5093 ca
607 5052 731 5107 qua
758 5037 942 5093 anima
977 5037 1142 5093 semel
1173 5048 1320 5092 recte
1345 5038 1778 5107 deprehenderit,
1813 5039 2072 5107 perlicere

493 5138 612 5197 est,
667 5129 1126 5200 quemadmodum
1176 5130 1505 5198 integritatis
1550 5144 1613 5186 ea
1658 5145 1780 5199 quae
1839 5130 1904 5183 ad
1951 5145 2074 5184 cor-

494 5223 646 5293 poris
700 5223 945 5278 membra
1002 5222 1253 5278 attinent.

1099 5379 1142 5410 ⁸³
1184 5377 1350 5430 αὐτοῦ
1381 5393 1488 5431 om.
1523 5377 1587 5428 A.

1149 5449 1190 5480 ⁹¹
1232 5448 1476 5510 τένεντες
1511 5450 1574 5501 Α.

1558 5517 1603 5549 ⁸⁸
1643 5515 1864 5584 ἀνδρίαν
1893 5516 1933 5567 Β
1966 5515 2028 5570 Ρ.

565 5383 613 5415 ⁸⁸
649 5383 708 5436 δὲ
746 5383 804 5434 ὲν
837 5397 886 5433 τ.
926 5380 986 5431 Β.

495 5453 543 5488 ⁹⁶
578 5453 716 5506 ὀστᾶ
744 5450 954 5511 ὀδόντες
979 5451 1042 5504 Ρ.

498 5523 770 5593 ’θλᾲνδρία
801 5520 859 5573 Β.
889 5590 901 5593 4
936 5522 980 5593 ⁸-⁷
1020 5518 1366 5593 ἀναλο-γεῇαι
1396 5519 1454 5593 Β.

499 5587 693 5657 φόϐουῖ
731 5608 789 5644 π.
885 5590 904 5620 ³
947 5591 978 5656 ἡ
1028 5605 1136 5640 oni.
1183 5589 1240 5641 Β.
1348 5597 1366 5618 ⁵
1407 5588 1464 5639 τὸ
1504 5588 1599 5657 μὲν
1643 5587 1752 5656 γὰρ
1795 5587 1854 5639 Β.

502 5663 522 5694 ⁸
561 5658 677 5714 hac
708 5674 816 5713 om.
852 5659 972 5730 Bt)
1016 5658 1078 5711 P.

1692 5375 1740 5405 ⁸⁸
1769 5377 1796 5428 ὁ
1835 5374 2008 5428 εἰπὼν
2035 5375 2094 5428 Β.

1675 5447 1720 5477 ⁸³
1765 5446 1890 5496 ίνῶν
1919 5460 2029 5496 om.
2058 5447 2100 5496 Α

1702 5449 1720 5477 ³
1765 5447 1890 5498 ἰνῶν
1919 5460 2029 5499 om.
2058 5447 2121 5496 A.

2121 5515 2166 5544 θ’
2204 5514 2421 5566 νοσοῦσι
2445 5516 2504 5576 Β,
2534 5513 2772 5576 νοσίζειν
2795 5514 2854 5568 C.

1951 5586 1973 5616 ⁸
2015 5583 2191 5655 μελῶν
2238 5584 2278 5634 Β
2335 5584 2374 5639 C
2418 5585 2482 5638 Ρ.

2181 4402 2512 4472 φαντασιῶν·
2543 4402 2778 4457 θανάτου
2795 4406 2839 4466 ⁸,
2872 4403 3058 4466 πόνου,
3099 4401 3494 4470 ταλαιπωρίας,
3521 4389 3718 4466 ἡδονῶν,

2182 4492 2276 4546 καὶ
2315 4493 2530 4546 πάντων
2557 4492 2664 4545 τῶν
2693 4491 2883 4545 δεινῶν
2918 4509 2976 4544 τε
3015 4491 3111 4544 καὶ
3141 4491 3393 4563 φοϐερῶν
3436 4485 3568 4540 εἶναι
3591 4495 3721 4549 votu-

2181 4584 2442 4655 ζομένων.
2479 4583 2569 4656 Τῷ
2599 4584 2654 4636 δὲ
2686 4584 2870 4637 κάλλει
2897 4586 2930 4654 ή
2953 4585 2972 4615 ³
3002 4581 3320 4652 δικαιοσύνη
3355 4578 3648 4649 προσέοικε·
3671 4567 3722 4621 τδ

2180 4676 2288 4747 γὰρ
2316 4676 2338 4706 ⁸
2365 4676 2558 4738 κάλλος
2587 4677 2645 4728 ὲν
2686 4693 2750 4727 συ
2759 4675 2999 4746 μμετρία
3030 4673 3280 4742 σώματος
3303 4677 3324 4707 ⁸
3359 4673 3472 4743 μετ’
3500 4662 3721 4738 εύχροίας

2179 4769 2414 4820 νοεῖται·
2462 4769 2495 4837 ἡ
2546 4766 2603 4818 δὲ
2631 4765 2941 4834 δικαιοσύνη
2978 4768 3036 4816 ἐν
3081 4768 3147 4835 τῇ
3196 4765 3423 4835 διανομῇ
3475 4759 3577 4811 τῶν
3621 4751 3720 4807 κατ’

2179 4859 2338 4925 ἀξίαν
2364 4858 2580 4929 ἑκάστῳ
2607 4860 2650 4912 ⁸.
2685 4859 2764 4930 Τῇ
2810 4857 2866 4910 δὲ
2900 4859 3164 4927 φρονήσει
3196 4858 3230 4926 ἡ
3278 4857 3560 4926 ἀρτιότης⁶
3603 4845 3721 4912 πλή*

2182 4969 2351 5022 ρωσις
2374 4953 2394 4982 ⁷
2431 4953 2540 5022 γάρ
2571 4953 2720 5004 ἐστιν
2749 4953 2780 5022 ὴ
2815 4951 3078 5020 φρόνησις
3105 4950 3214 5002 τῶν
3245 4950 3344 5019 τῆς
3369 4945 3543 5017 ψυχῆς
3569 4934 3724 5010 ὀρθῶν

2179 5042 2561 5112 καταλήψεων,
2601 5041 2790 5112 ῶσπερ
2835 5044 2868 5110 ἡ
2915 5042 3170 5112 ἀρτιότης
3214 5040 3323 5093 τῶν
3361 5037 3455 5091 τοῦ
3501 5032 3747 5108 σώματος,

2184 5135 2380 5205 μελῶν.
2409 5136 2486 5205 Τῇ
2515 5135 2571 5187 δὲ
2599 5135 2760 5204 ὑγεία
2788 5136 2820 5203 ἡ
2857 5111 3180 5202 σωφροσύνη
3201 5134 3241 5185 ο.
3739 5111 3745 5127 '

2807 5374 2851 5406 ⁸⁸
2893 5373 2989 5427 καὶ
3032 5391 3115 5426 στ.
3143 5372 3185 5427 Β
3219 5373 3280 5426 Ρ.
3394 5372 3438 5403 δ’
3483 5365 3594 5438 μεθ’

2839 5443 2886 5475 ⁹¹⁵
2925 5443 3018 5496 τοῦ
3044 5445 3104 5498 Β.
3201 5442 3249 5475 ⁸⁸
3287 5430 3644 5509 θεωρουμένου
3673 5430 3705 5479 Β

2961 5515 2975 5543 ¹
2994 5513 3210 5586 Ῠάνδρία
3239 5512 3280 5563 Β
3301 5513 3380 5586 P._
3402 5506 3422 5586 Ἀ
3441 5511 3460 5540 ⁸
3497 5506 3717 5586 Θανάὶιέξ

2589 5566 2617 5616 δή
2663 5566 2894 5638 ἑκάστου
2925 5583 2965 5636 Β
2993 5585 3056 5637 Ρ.
3096 5566 3130 5655 7"
3153 5586 3172 5616 ⁷
3213 5579 3590 5652 συμπλήρωσις
3613 5571 3649 5621 Β
3669 5566 3717 5619 ι’·

2192 5375 2236 5406 ⁸⁷
2278 5373 2327 5440 ξ.
2356 5375 2449 5428 καὶ
2488 5375 2608 5443 μέλ.
2646 5375 2706 5428 Β.

2224 5445 2270 5476 ⁸³
2313 5445 2574 5515 συνετέθη
2601 5445 2642 5496 Β
2663 5446 2735 5515 ΔΡ.
