4040 6150
372 232 504 289 ll“
1600 252 1686 309 DE
1723 254 2012 316 NATURA
2052 261 2364 321 llOMIMS.
3496 278 3632 330 fliz’.

449 346 642 417 Ὑγεία
689 350 748 404 δέ
796 355 946 407 ἐστιν
994 356 1179 423 εὐεξία
1226 360 1629 441 σύμμετρος-ἠ
1675 373 1733 426 δὲ
1768 375 1904 440 εὐεξί

2006 405 2022 448 ι
2123 377 2342 437 Sanitas
2378 398 2505 437 vero
2543 393 2654 446 est,
2692 400 2815 438 cum
2853 392 3148 455 temperate
3180 403 3379 460 corpus
3411 392 3630 448 salubre

362 443 523 507 ὑγεία
553 443 944 518 ἑπιτεταμένη.
973 449 1288 520 Παρέπεται
1338 455 1395 510 δὲ
1431 462 1498 531 τῇ
1533 462 1694 533 ὑγείᾳ
1720 466 1904 532 κάλλος

2045 472 2281 527 exsistit.
2344 473 2449 528 Sed
2512 475 2654 530 bona
2726 477 3032 543 habitudo,
3093 443 3341 550 corporis
3401 492 3627 540 extensa

359 533 890 645 iia§i&,,'&9ct61qc'
920 541 1117 607 κάλλος
1136 586 1151 610 ,
1188 545 1248 599 οὐ
1275 547 1336 600 τὸ
1364 550 1473 604 ἀπὸ
1502 558 1872 626 κομμωτικῶν
1895 561 1904 592 ¹

2044 562 2295 617 valetudo
2314 570 2418 618 est.
2458 562 2595 618 Nam
2644 565 3014 635 pulchritudo,
3053 533 3305 638 bonaque
3341 569 3623 633 habitudo,

357 621 389 692 ἢ
434 622 496 675 τὺ
540 623 609 678 δι’
652 628 1072 700 ἑπιχρισμάτων
1100 635 1143 667 ⁸⁸
1188 638 1500 709 προσώπων
1534 621 1583 675 ¹¹-
1618 621 1711 701 καὶ
1759 648 1903 720 βαφῆ

2044 669 2142 708 nec
2180 670 2288 709 non
2347 656 2653 726 integritas,
2714 660 3000 714 sanitatem
3034 672 3370 729 sequuntur.
3400 677 3508 716 non
3530 663 3620 717 illa

354 718 582 820 ’τριχῶν3
627 718 763 773 ἀλλὰ
800 721 863 774 τὸ
895 725 1018 777 κατ’
1061 727 1495 802 ἐπακολούθησιν
1526 739 1627 807 τῆς
1671 718 1861 807 ὑγείας
1892 718 1904 774 l

2042 746 2230 814 utique
2245 718 2589 815 pulchritudo
2605 764 2725 817 quae
2740 750 2987 805 subtrahi
3009 718 3204 820 potest,
3231 752 3321 805 illa
3347 752 3617 815 videlicet,

356 806 771 878 συνιστάμενον·
800 813 923 866 κατ’
946 816 1246 887 εὐκρασιαν
1271 821 1366 875 τοῦ
1399 806 1642 893 ἐμφύτου
1682 829 1887 902 θερμοῦ

2040 806 2163 902 quae
2187 806 2729 894 in-medicaminihus
2755 839 2938 902 faciei,
2955 806 3364 911 inliciendisque
3377 806 3618 898 crinibus

352 899 547 1001 16w.“
585 899 934 1001 ὁμοιομερῶν
974 910 1070 962 καὶ
1105 910 1214 963 τῶν
1256 913 1568 985 ὀργανικῶν
1616 899 1796 989 μελῶν
1835 939 1904 976 κα

2036 932 2307 992 versatur,
2329 927 2423 981 sed
2449 944 2572 998 qua:
2587 945 2710 985 cum
2732 932 2965 987 sanitate
2996 932 3313 987 continuato
3336 932 3526 986 ordine
3545 931 3619 988 ob

355 989 580 1090 μορίων.
627 989 691 1091 ’ἕξ
730 993 843 1064 γὰρ
873 996 1033 1062 ὑγεία
1071 1000 1341 1070 εὐκρασία
1383 1005 1500 1059 ἐστὶ
1528 1007 1636 1060 τῶν
1692 1010 1751 1062 ὲν
1798 1011 1904 1081 ήμϊ·

2036 1018 2348 1085 temperiem
2390 1018 2540 1075 insiti
2586 1024 2681 1091 qui
2708 1025 2759 1075 in
2784 1023 2942 1077 nobis
2986 1032 3068 1077 est
3086 1024 3304 1087 caloris,
3344 1023 3618 1086 simulque

350 1080 565 1145 χυμῶνο
600 1080 698 1134 καὶ
738 1083 847 1137 τῶν
874 1088 1126 1154 φυσικῶν
1160 1093 1255 1145 καὶ
1277 1092 1525 1165 ψυχικῶν
1556 1099 1651 1152 καὶ
1680 1080 1904 1163 ζωτικῶπ

2033 1104 2408 1171 similiarium,
2472 1109 3089 1173 instrumentaliumque
3138 1113 3399 1180 partium.
3440 1126 3615 1163 mem-

346 1168 633 1272 δυναμεων
659 1176 838 1246 ἁπαρε
849 1178 1144 1247 μπόδιστος
1168 1183 1210 1215 ³³
1237 1186 1492 1255 ἐνέργεια
1518 1188 1611 1242 τοῦ
1639 1191 1802 1263 ἤθους
1827 1193 1904 1262 τῆς

2032 1193 2751 1265 brorumqueconstituitur.
2778 1199 2999 1262 Verum,
3035 1203 3242 1256 sanitas
3274 1201 3388 1267 ipsa
3421 1201 3614 1251 Immo—

345 1257 526 1359 ψυχῆς
559 1264 653 1317 καλ.
684 1265 778 1359 τοῦ
807 1267 1062 1359 σώματος
1088 1274 1267 1337 καλῶς
1300 1257 1743 1350 διαφαινομένου.
1880 1257 1891 1262 '

2032 1299 2094 1337 τυ
2104 1299 2153 1336 m
2176 1285 2268 1354 qui
2295 1286 2349 1340 in
2364 1288 2520 1343 nobis
2535 1300 2666 1345 sunt
2683 1292 2822 1345 bona
2852 1292 3141 1359 temperies
3157 1300 3259 1355 est,
3277 1300 3330 1345 et
3346 1290 3486 1345 actio
3511 1304 3609 1342 na-

347 1351 601 1406 turalium
647 1355 1156 1429 animaliumqueac
1181 1364 1425 1420 vitalium
1460 1368 1777 1424 facultatum
1803 1386 1924 1439 quae
1963 1372 2113 1427 nullo
2143 1351 2534 1444 impedimento
2570 1377 2762 1445 fertur,
2822 1396 2946 1435 cum
2968 1351 3026 1434 et
3072 1351 3269 1433 animae
3291 1388 3344 1433 et
3364 1379 3611 1447 corporis

345 1455 486 1504 mos,
525 1460 623 1500 seu
652 1447 861 1504 indoles
897 1452 1180 1522 perspicua
1229 1457 1595 1524 pulcherrime
1655 1463 1922 1518 redditur.

417 1535 573 1632 Ἔστι
615 1537 673 1632 δε
711 1538 892 1611 ψυχῆς
932 1543 1031 1614 μὲν
1061 1540 1194 1616 ἦθος
1237 1550 1460 1622 ποιότης
1502 1553 1546 1584 ί*
1573 1553 1753 1607 τοιάδε
1808 1556 1904 1607 ἀπ-

2097 1559 2309 1616 Etenim
2354 1562 2553 1617 animae
2608 1575 2748 1625 mos,
2800 1563 3035 1632 qualitas
3090 1561 3300 1617 scilicet
3360 1562 3480 1629 ejus
3529 1570 3609 1616 ta-

342 1627 728 1721 εσκιρρωμένη
760 1632 856 1684 καὶ
883 1632 1317 1708 δυσαπόὸλητος,
1343 1642 1592 1695 τουτέστι
1617 1644 1790 1713 παγία
1821 1646 1904 1698 xci

2017 1652 2085 1710 lis
2123 1662 2229 1716 est,
2276 1666 2401 1721 quas
2458 1649 2759 1705 fortissime
2816 1627 2869 1706 in
2931 1652 3209 1720 proposito
3269 1627 3605 1720 permaneat,

343 1718 423 1811 είς
462 1716 573 1783 ἕξιν
604 1719 855 1787 ἐλθοῦσα,
899 1724 1158 1795 Σώματος
1197 1730 1254 1784 δέ
1287 1732 1434 1785 ἐστιν
1474 1728 1607 1804 ἦθος
1632 1737 1660 1788 ό
1686 1736 1904 1790 ὲκάστοι

2021 1753 2076 1798 et
2122 1756 2245 1811 quae
2289 1716 2485 1795 abduci
2537 1754 2645 1792 non
2704 1737 2865 1795 facile
2911 1716 3095 1811 queat,
3146 1716 3430 1802 constans,
3489 1748 3607 1795 sta«

342 1807 548 1878 κόσμος
569 1848 585 1873 ,
612 1811 781 1880 ἤγουν
806 1815 1086 1888 τελειότης
1113 1820 1145 1889 ἡ
1173 1820 1264 1875 διὰ
1293 1823 1390 1891 τῆς
1430 1824 1536 1878 τῶν
1574 1826 1758 1897 ἄκρων
1794 1845 1904 1883 στε-

2021 1807 2275 1901 bilisque,
2310 1836 2365 1884 et
2421 1830 2474 1883 in
2512 1828 2756 1883 habitum
2818 1831 3065 1886 veniens.
3120 1830 3211 1887 Est
3258 1841 3441 1884 autem
3478 1845 3606 1884 cor-

341 1901 553 1970 ρήσεως
580 1902 680 1973 τῆς
708 1921 767 1957 τε
793 1906 1068 1979 ὑπεροχῆς
1100 1911 1195 1965 καὶ
1225 1913 1432 1978 ἐνδείας
1460 1915 1811 1989 θεωρουμένη
1849 1920 1913 1974 ¹¹.

351 1990 619 2083 ᾏκοσμία
647 1995 704 2049 δὲ
727 1997 756 2050 ὅ
777 2014 838 2051 τε
867 1999 1205 2071 πλεονασμὸς
1234 2005 1329 2057 καὶ
1356 2006 1388 2075 ἡ
1427 2005 1685 2077 ἔλλειψις.
1728 2009 1785 2063 Ὁ
1809 2011 1915 2083 γὰρ

340 2082 653 2149 πλεονάζων
678 2088 822 2152 τινὸς
857 2091 1072 2163 μορίου,
1105 2093 1183 2157 ὣς
1206 2094 1354 2159 τινές
1376 2099 1514 2151 εἰσιν
1541 2082 1912 2169 ὲξαδάκτυλοι,

339 2173 372 2242 ἢ
402 2172 713 2247 λειπόμενοι
737 2179 781 2210 ¹⁶
809 2182 989 2251 χειρὸς
1023 2183 1056 2254 ἢ
1082 2185 1262 2252 ποδὸς,
1292 2187 1326 2256 ἢ
1368 2188 1681 2261 ὀφθαλμοῦ,
1708 2192 1743 2263 ἦ
1772 2210 1916 2256 τινος

339 2264 500 2319 ἄλλου
543 2268 769 2340 μορίου,
802 2270 1046 2341 ἆκοσμός
1085 2275 1202 2328 ἐστι
1248 2277 1343 2330 καὶ
1391 2277 1767 2352 ἀσύμμετρος⁸
1820 2286 1916 2337 καὶ

338 2355 454 2410 ἐστι
478 2358 636 2412 τοῦτο
674 2361 825 2432 παρά
861 2362 953 2416 τὸν
989 2365 1222 2436 ἀριθμὸν
1263 2369 1511 2439 σφάλμα.
1551 2372 1711 2425 Ἀλλὰ
1754 2375 1849 2430 καὶ
1887 2379 1915 2431 ό

339 2450 490 2519 παρὰ
540 2449 601 2503 τὸ
656 2454 843 2522 σχῆμα
898 2454 950 2507 τί
988 2454 1154 2526 ἔχων·
1204 2452 1317 2512 οἷον
1379 2459 1733 2532 διαστρόφους
1787 2467 1911 2531 τοὺς

337 2540 655 2613 ὀφθαλμοὺς
697 2544 731 2615 ἢ
780 2546 905 2611 τοὺς
937 2548 1105 2613 πόδας
1125 2588 1139 2612 ,
1170 2549 1323 2621 ἢτὴν
1368 2555 1527 2623 χεῖρα
1567 2555 1788 2624 μείζονα
1815 2560 1912 2628 τῆς

339 2633 551 2720 ἑτέρας.
604 2635 903 2706 Ἐσφάλθαι
927 2638 985 2692 δὲ
1024 2639 1240 2708 λέγεται
1264 2643 1306 2673 ¹⁷
1336 2645 1433 2696 καὶ
1460 2648 1487 2698 ὁ
1512 2649 1664 2717 παρὰ
1695 2648 1795 2720 τὴν
1829 2649 1912 2703 θέ-

340 2741 445 2778 σιν’
475 2718 585 2779 οἷον
613 2726 804 2799 ἔντερα
842 2731 900 2782 ὲν
948 2730 1124 2801 ἰσχίῳ,
1163 2732 1195 2803 ἦ
1229 2734 1403 2804 μηρὸν
1444 2736 1549 2802 ἔξω
1580 2718 1846 2810 κοτύλης,
1878 2741 1911 2813 ἢ

336 2816 437 2887 τὴν
463 2820 620 2889 χεῖρα
644 2821 688 2852 ⁸⁸
715 2825 1056 2891 συμφυεῖσαν
1079 2826 1146 2895 τῇ
1167 2824 1469 2898 ὠμοπλάτη
1500 2830 1565 2892 ¹⁹,
1596 2831 1629 2901 ἢ
1658 2831 1711 2884 τί
1737 2831 1913 2885 τοιοῦ-

335 2923 448 2963 τον.
495 2908 725 2979 Ὁμοίως
748 2914 841 2966 καὶ
865 2915 894 2966 ό
923 2914 1074 2985 παρὰ
1101 2914 1162 2969 τὸ
1188 2915 1437 2985 μέγεθος,
1463 2919 1536 2983 ὼς
1560 2920 1707 2991 ἔχειν
1738 2939 1910 2991 κεφα-

2020 1924 2170 1994 poris
2212 1937 2350 1986 mos,
2384 1920 2753 1991 pulchritudo,
2796 1921 3057 1991 perfectio
3117 1922 3367 1977 videlicet
3415 1921 3605 1991 cujus-

2019 2014 2148 2070 libet
2196 2012 2387 2083 partis,
2429 2025 2596 2081 quam
2634 2025 2860 2065 cernere
2886 2018 2995 2075 est,
3022 2025 3149 2065 cum
3197 2026 3397 2080 corpus
3421 2012 3489 2065 ab
3515 2009 3603 2066 his

2018 2121 2140 2176 quae
2178 2111 2510 2173 exsuperant
2552 2117 2617 2158 ac
2658 2101 2920 2157 deﬁciunt
2966 2110 3280 2172 exemptum
3332 2102 3598 2156 redditur.

2022 2196 2351 2253 Deformitas
2390 2210 2520 2250 vero
2565 2194 2687 2265 ejus
2730 2205 2833 2256 est,
2880 2192 2991 2266 Μ
3032 2210 3155 2250 cum
3188 2203 3384 2264 pra-ter
3429 2192 3603 2263 legiti-

2016 2305 2167 2344 mum
2210 2296 2421 2343 natura;
2451 2286 2699 2342 ordinem
2734 2301 3130 2356 supervacuum
3176 2283 3306 2354 quid
3347 2284 3400 2338 in
3428 2298 3602 2337 mem-

2017 2379 2150 2445 bris,
2177 2386 2270 2433 aut
2294 2377 2552 2432 deficiens
2599 2378 2678 2430 tit.
2706 2374 3029 2445 Cuicunque
3055 2374 3202 2429 enim
3240 2389 3368 2443 pars
3413 2371 3600 2441 aliqua

2015 2478 2330 2540 exsuperat,
2362 2478 2422 2523 ut
2446 2467 2539 2539 qui
2568 2468 2717 2523 senis
2755 2467 2940 2538 digitis
2967 2466 3227 2536 praeditus
3269 2466 3480 2527 visitur,
3507 2470 3601 2515 alit

2015 2577 2204 2627 manu,
2237 2576 2331 2615 seu
2369 2561 2503 2630 pede
2536 2559 2761 2615 mutilus
2789 2558 3043 2623 exsistit,
3076 2557 3191 2611 sive
3245 2554 3469 2608 alterius
3503 2569 3600 2606 ex-

2016 2669 2140 2722 pers
2177 2654 2320 2708 oculi
2348 2662 2451 2717 est,
2482 2654 2563 2708 vel
2595 2653 2699 2706 alia
2729 2650 2921 2721 quavis
2952 2658 3107 2719 parte
3133 2656 3304 2710 caret,
3335 2645 3599 2701 deformis

2015 2745 2483 2814 inconcinnusque
2531 2744 2779 2808 habetur,
2828 2754 2882 2799 et
2930 2744 3033 2798 hoc
3057 2741 3277 2811 quidem
3330 2750 3436 2804 est,
3469 2755 3596 2794 cum

2013 2852 2214 2907 corpus
2251 2836 2367 2892 suis
2412 2837 2656 2891 numeris
2690 2836 2913 2890 minime
2944 2834 3256 2889 absolutum
3323 2831 3592 2886 redditur.

2016 2928 2121 2983 Sed
2167 2937 2221 2983 et
2266 2944 2388 2996 qua:
2449 2928 2514 2982 ad
2578 2928 2807 2982 formam
2846 2927 3154 2996 pertinent,
3204 2924 3353 2979 verbi
3401 2923 3596 2992 gratia,

338 2998 434 3069 λὴν
455 3000 501 3031 '°
524 3001 902 3074 ὑπερμεγέθη,
928 3004 962 3075 ἢ
986 3007 1324 3078 μικρότεραν
1344 3009 1439 3062 τοῦ
1475 3011 1619 3064 κατὰ
1656 3012 1839 3081 φύσιν·
1875 3016 1904 3088 ἢ

2012 3034 2135 3074 cum
2162 3018 2215 3072 in
2247 3019 2430 3089 aliquo
2452 3018 2666 3073 distorti
2701 3018 2846 3072 oeuli
2898 3024 2995 3070 aut
3037 3017 3200 3084 pedes
3247 3012 3597 3081 conspiciun-

340 3093 461 3177 ῥῖνα
491 3091 523 3163 ἢ
555 3093 834 3166 ὀφθαλμόν
860 3099 924 3131 ιιι
960 3098 993 3168 ἢ
1039 3100 1133 3152 καὶ
1161 3100 1293 3153 αὐτὸ
1333 3100 1481 3155 ἆπαν
1508 3103 1570 3157 τὺ
1611 3104 1793 3177 σῶμα,
1838 3106 1904 3172 ὡς

2023 3118 2133 3173 tur,
2168 3108 2282 3163 sive
2337 3125 2459 3164 cum
2526 3109 2691 3163 altera
2739 3121 2932 3161 manus
2983 3106 3207 3160 alteram
3241 3104 3472 3157 excedit.
3531 3098 3598 3153 Et

334 3176 384 3254 οἱ
415 3177 673 3246 γίγαντες
706 3181 740 3252 ἢ
768 3182 1141 3254 ἀνθρωπίσκοι
1166 3189 1236 3243 “.

2019 3200 2168 3270 quod
2219 3201 2283 3254 ad
2338 3202 2502 3254 situm
2552 3199 3054 3269 perfectionemque
3105 3197 3318 3259 attinet,
3364 3203 3422 3249 ut
3469 3208 3593 3246 cum

338 3247 515 3326 femur
552 3289 581 3327 a
610 3273 868 3342 junctura
904 3284 1102 3341 exstat,
1155 3287 1208 3333 et
1236 3295 1435 3337 manus
1480 3284 1716 3353 scapulae
1740 3247 2071 3354 adnectitur,
2126 3305 2222 3345 seu
2277 3290 2330 3343 in
2381 3292 2503 3345 aliis
2552 3247 2822 3344 :ttcntbris
2872 3247 3149 3357 quidpiam
3177 3285 3282 3339 tale
3301 3285 3379 3345 fit,
3414 3282 3463 3336 id
3491 3282 3600 3335 fru-

335 3364 525 3417 stratio
555 3373 920 3434 nuncupatur.
958 3366 1155 3421 Eodem
1180 3377 1357 3436 pacto,
1386 3382 1441 3425 et
1469 3387 1589 3441 quae
1621 3377 2013 3445 magnitudinis
2037 3389 2186 3441 sunt,
2242 3390 2444 3433 utcum
2499 3389 2664 3449 caput
2701 3391 2893 3433 natura
2957 3379 3076 3446 plus
3113 3377 3281 3430 nimio
3337 3391 3592 3442 magnum

332 3464 425 3508 aut
450 3455 609 3510 breve
630 3457 707 3520 tit,
742 3456 822 3510 vel
851 3472 1039 3520 nasus,
1062 3458 1177 3514 sive
1208 3461 1421 3527 oculus,
1456 3472 1551 3518 aut
1581 3475 1911 3523 cum‘totum
1947 3486 2147 3540 corpus
2195 3473 2436 3525 immune
2497 3480 2588 3525 ant
2641 3471 2923 3539 pusillum,
2960 3479 3018 3523 ut
3080 3469 3382 3539 gigantum,
3408 3481 3471 3518 ac
3496 3466 3593 3534 qui

332 3548 480 3613 nani,
508 3563 604 3604 seu
645 3550 970 3618 pumiliones
990 3553 1008 3618 Ξ
1014 3554 1371 3621 appellantur,
1438 3558 1599 3613 alicui
1633 3562 1917 3631 contingit.

397 3640 520 3693 Τῶν
544 3641 653 3711 7&9
681 3643 739 3695 ὲν
778 3642 911 3713 ἡμῖν
945 3642 1141 3713 μελῶν,
1179 3645 1247 3698 τὰ
1280 3648 1378 3717 μὲν
1411 3650 1546 3719 πρὸς
1572 3651 1635 3703 τὸ
1675 3652 1798 3722 ζῇν,
1828 3653 1898 3706 τὰ

328 3731 397 3791 δὲ,
416 3732 550 3802 πρὸς
595 3733 656 3787 τὸ
697 3729 755 3787 εὖ
788 3735 886 3805 ζῇν
921 3734 1069 3788 ἔστιν
1100 3737 1399 3808 ἐπιτήδεια*
1445 3740 1515 3792 τὰ
1559 3743 1659 3811 μὲν
1705 3740 1800 3797 οὖν
1830 3747 1898 3777 ³⁸·

330 3822 467 3892 πρὸς
500 3824 562 3877 τὸ
604 3823 702 3895 ζῇν
730 3828 991 3894 γεγονότα
1032 3828 1197 3900 κύρια
1239 3832 1525 3900 τυγχάνειο
1572 3830 1706 3898 οἷον,
1741 3837 1902 3905 ἐγκέ-

328 3914 515 3983 φαλος,
547 3916 763 3986 καρδία,
792 3919 1024 3991 γαστὴρ,
1076 3921 1172 3974 καὶ
1205 3921 1249 3952 ³³
1273 3918 1426 3995 ἧπαρ
1446 3964 1460 3989 ,
1490 3926 1587 3978 καὶ
1621 3926 1899 3996 πνεύμων·

324 4003 400 4061 ὧν
431 4008 711 4063 παθόντων
736 4011 958 4083 τελευτᾷ
982 4013 1043 4066 τὸ
1068 4013 1228 4079 ζῶον·
1253 4017 1321 4070 τὰ
1349 4017 1405 4070 δὲ
1431 4019 1566 4089 πρὸς
1593 4020 1654 4072 τὸ
1684 4017 1742 4073 εὖ
1774 4022 1894 4092 ζῇν,

2068 3654 2201 3709 Nam
2239 3657 2606 3709 membrorum
2653 3655 2709 3709 in
2755 3655 2948 3718 nobis,
2979 3651 3224 3723 quadam
3287 3649 3353 3703 ad
3402 3648 3589 3701 viven-

2000 3749 2173 3811 dum,
2235 3749 2484 3817 quaedam
2539 3762 2665 3800 vero
2714 3747 2780 3799 ad
2840 3746 2975 3799 bene
3044 3745 3354 3797 vivendum-
3392 3741 3584 3794 idonea

2003 3852 2165 3909 sunt;
2211 3851 2265 3897 et
2328 3857 2393 3896 ea
2459 3841 2679 3911 quidem
2735 3855 2857 3909 quae
2921 3838 2987 3893 ad
3050 3835 3335 3890 vivendum
3393 3833 3584 3885 idonea

2006 3942 2154 3997 sunt,
2201 3931 2507 3996 cerebrum,
2569 3944 2701 3992 cor,
2750 3928 2946 3997 iecur,
2998 3927 3220 3997 pultno,
3288 3932 3585 3991 venterque

1999 4023 2285 4089 habentur,
2311 4023 2509 4093 quibus
2533 4022 2769 4087 oblazsis,
2822 4020 3024 4073 animal
3051 4018 3326 4072 interitum
3356 4017 3578 4085 patitur.

318 4099 586 4170 ὀφθαλμοί
616 4103 758 4166 εἱσι,
805 4105 901 4157 καὶ
946 4105 1105 4170 πόδες
1147 4107 1241 4161 καὶ
1287 4114 1470 4181 χεῖρες
1494 4150 1508 4174 ,
1539 4113 1633 4164 καὶ
1667 4115 1733 4168 τὰ
1760 4115 1898 4169 ἄλλα

2006 4114 2129 4179 Qua:
2181 4130 2309 4169 vero
2349 4114 2417 4168 ad
2445 4114 2579 4169 bene
2616 4112 2931 4176 vivendum,
2976 4112 3142 4174 oculi,
3167 4110 3349 4179 pedes,
3387 4123 3581 4162 manus

323 4187 508 4257 μόρια·
533 4188 735 4244 τούτων
761 4193 869 4261 γὰρ
900 4192 1206 4259 παθόντων,
1233 4196 1299 4268 ζῇ
1335 4198 1433 4269 μὲν
1462 4199 1524 4252 τὸ
1556 4198 1717 4267 ζῶον,
1746 4203 1813 4275 ζῇ
1838 4204 1896 4256 δὲ

319 4280 377 4331 οὐ
410 4280 607 4343 καλῶς.

386 4372 487 4424 Διὰ
517 4373 675 4427 τοῦτο
714 4374 823 4445 7&9
850 4375 944 4428 καὶ
972 4376 1042 4430 τὰ
1067 4378 1396 4451 αἰσθητήρια
1428 4381 1495 4435 δι’
1528 4384 1896 4455 ὑπερϐάλλου-

318 4480 419 4515 σαν
457 4464 804 4534 κηδεμονίαν,
852 4467 1022 4522 διπλᾶ
1052 4471 1357 4542 πεποίηκεν
1378 4475 1422 4505 "
1447 4474 1475 4526 ό
1504 4475 1655 4540 Θεός·
1692 4478 1777 4531 ἵνα
1804 4478 1898 4531 τοῦ

316 4554 503 4624 ἐτέρου
549 4557 844 4620 παθόντος,
878 4559 939 4610 τὸ
961 4560 1419 4632 περιλειπόμενον
1460 4564 1607 4637 σώζῃ
1670 4569 1771 4638 τὴν
1816 4570 1900 4623 αἴ-

318 4646 531 4717 σθησιν.
566 4648 671 4702 Δύο
705 4649 812 4719 γὰρ
852 4650 1124 4721 ὀφθαλμοὶ
1149 4654 1241 4707 καὶ
1273 4650 1388 4710 ὦτα
1424 4657 1537 4710 δύο·
1574 4659 1668 4712 δύο
1699 4662 1901 4731 πόρους

314 4739 410 4805 τῆς
437 4739 758 4810 ὀσφρήσεως
772 4742 818 4772 ’⁸
842 4744 899 4794 ὲν
920 4746 983 4813 τῇ
1010 4744 1119 4813 ῥινὶ
1141 4748 1463 4816 πεποίηκεν,
1490 4752 1583 4803 καὶ
1605 4752 1697 4805 δύο
1721 4753 1894 4822 γλώτ-

312 4843 410 4889 τας
466 4830 601 4881 πᾶσι
648 4833 760 4892 τοῖς
808 4829 969 4895 ζώοις
1011 4835 1292 4904 ἐνέφυσενο
1337 4838 1473 4892 ἀλλὰ
1519 4844 1628 4904 τοῖς
1684 4842 1783 4911 μὲν
1823 4843 1898 4896 δι-

314 4936 421 4988 ηρη
431 4918 595 4989 μένας
621 4960 636 4985 ,
663 4921 738 4984 ὡς
763 4925 877 4984 τοῖς
911 4924 1088 4992 ὄφεσι,
1113 4931 1224 4990 τοῖς
1251 4930 1308 4982 δὲ
1343 4948 1516 5001 συνημ
1531 4933 1695 5001 μένας
1722 4934 1767 4965 ²⁶
1803 4936 1895 4989 καὶ

314 5013 724 5081 συνηνωμένας,
763 5014 839 5077 ώς
881 5021 992 5082 τοῖς
1025 5019 1357 5091 ἀνθρώποις.
1397 5023 1558 5077 Ἀλλὰ
1581 5026 1687 5077 τῶν
1714 5027 1813 5095 μὲν
1845 5031 1887 5059 ’⁷

311 5101 583 5153 πλείστων
644 5104 1020 5178 αἰσθητηρίων
1069 5110 1537 5182 διαφθειρομένων
1592 5117 1745 5169 οὐδὲν
1803 5121 1888 5181 εἰς

307 5193 482 5262 αὐτὴν
519 5194 616 5263 τὴν
650 5194 796 5269 ζωὴν
838 5202 1284 5257 καταϐλάπτεται
1330 5206 1390 5257 τὸ
1445 5208 1580 5270 ζῶον
1653 5211 1794 5278 ἁφῆς
1828 5211 1884 5262 δὲ

377 5346 783 5434 ξᾼκομμιιτικῶν
906 5354 1261 5434 κομμυτικῶν
1514 5359 1576 5434 τὸ
1608 5360 1677 5412 δι’
1718 5364 1810 5415 ἐπὶ
1832 5366 2140 5434 χρωμάτων
2168 5369 2230 5432 Α,

1997 4207 2226 4277 aliasque
2276 4216 2457 4277 partes
2516 4216 2664 4271 sunt,
2712 4205 2914 4275 quibus
2959 4219 3083 4259 cum
3120 4202 3335 4257 adversi
3369 4200 3579 4270 aliquid

1928 4310 1973 4364 ι)
2002 4301 2262 4360 evenerit,
2295 4300 2458 4354 vitam
2520 4299 2722 4353 animal
2755 4313 2861 4351 non
2897 4306 3077 4350 tamen
3125 4303 3268 4349 recte
3304 4294 3573 4363 producit.

2068 4387 2181 4444 Hac
2211 4389 2278 4444 de
2301 4405 2467 4443 causa
2499 4389 2662 4451 Deus,
2692 4405 2799 4458 pra:
2828 4388 2993 4441 nimia
3025 4388 3107 4442 sui
3134 4400 3264 4441 cura
3305 4386 3574 4454 geminata

1999 4479 2052 4533 in
2087 4480 2244 4534 nobis
2269 4472 2530 4536 εθιιεονὶιί
2545 4480 2856 4543 constituit,
2900 4488 2957 4532 ut
2991 4478 3163 4533 altero
3197 4477 3403 4541 vitiato,
3428 4475 3573 4544 quod

2001 4555 2268 4642 reliquum
2298 4587 2402 4638 est,
2441 4590 2637 4629 sensus
2681 4574 2855 4628 olliciu
2894 4581 3245 4642 exsequatur.
3295 4569 3574 4639 Siquidem

1998 4665 2244 4732 geminos
2317 4666 2524 4731 oculos,
2576 4660 2908 4736 totidemque
2977 4679 3160 4730 aures,
3219 4673 3571 4729 mentesque.

2000 4754 2093 4822 qui
2124 4753 2344 4809 olfactui
2389 4756 2713 4822 inserviunt,
2746 4759 2798 4810 in
2830 4772 2963 4811 naso
2988 4755 3303 4821 constituit;
3327 4763 3380 4808 et
3400 4754 3574 4823 gemi-

2002 4860 2124 4898 nam
2178 4846 2416 4917 linguam
2467 4850 2738 4905 universis
2772 4850 2825 4903 in
2869 4850 3199 4904 animalibus
3237 4847 3572 4917 procreavit,

1996 4938 2086 4990 sed
2114 4937 2165 4989 in
2196 4938 2472 4993 nonnullis
2497 4940 2738 5008 bilidam,
2770 4951 2828 4995 ut
2860 4941 2914 4994 in
2936 4948 3249 5010 serpentum
3272 4954 3469 5009 genere
3492 4938 3573 4991 vi-

1994 5029 2132 5081 situr
2169 5046 2182 5084 :
2232 5030 2284 5082 in
2340 5030 2653 5085 hominibus
2682 5073 2698 5098 ,
2758 5045 3064 5089 consertam
3101 5035 3573 5102 cohaerentemque

1993 5123 2316 5189 procreavit.
2353 5122 2511 5190 Nam,
2579 5128 2794 5181 tametsi
2828 5129 3061 5197 plurima
3095 5145 3159 5184 ex
3193 5130 3456 5184 sensoriis
3489 5130 3567 5182 vi-

1994 5213 2115 5266 tiari
2147 5216 2427 5279 acciderit,
2478 5221 2685 5273 nullum
2742 5230 2918 5275 tamen
2951 5223 3073 5276 vitae
3107 5222 3399 5277 discrimen
3457 5220 3573 5276 ani-

2266 5370 2327 5445 τὸ
2362 5371 2541 5445 om._B
2565 5373 2623 5445 C.
2700 5374 2743 5445 A”
2791 5375 3081 5445 προσώπου
3122 5376 3164 5427 Β
3193 5377 3268 5429 'P.
3350 5379 3391 5408 "
3430 5396 3563 5430 κατ-

304 5415 753 5525 ῇτέᾔξῖἒῖυὲἦσαιξ
788 5423 883 5525 νέαι
906 5415 1144 5525 geris
1294 5428 1367 5525 θλ
1431 5415 2132 5525 ’ἴὲιῑξαρεέιποδίὲετώξζθῗζ
2249 5415 2550 5525 κρέως.
2569 5415 2651 5475 “iv
2678 5415 3294 5525 .qews‘rv'eéra'z'n;n‘é.
3374 5415 3563 5499 ιοέτέῖ-

308 5483 542 5561 πόμενος
574 5483 645 5539 BI
713 5488 753 5519 ¹⁷
778 5490 1039 5561 ᾆὲσφάλθη

310 5620 353 5653 ²λ
392 5620 647 5695 ἐποίησεν

466 5493 635 5575 :0:
653 5493 753 5575 Li"
776 5493 1039 5575 ξσφᾲλθη
1070 5493 1304 5575 Λλεγεται
1336 5501 1448 5575 ξι.-
1479 5493 1812 5575 ¹⁸Αῇκχεῗραν
1843 5505 1900 5575 Β.
1980 5493 2019 5537 ίθ
2060 5507 2137 5575 τῷ
2161 5493 2478 5575 ὠμὸπλᾶτει
2512 5493 2568 5566 Β.

307 5568 416 5640 parui.
457 5559 1308 5640 ὑπερμεγ.ΠΒ.-⁷-²[.ὀφθαλμοὺς
1336 5567 1376 5619 Β
1414 5567 1473 5622 P.
1535 5559 1671 5622 """ll
1698 5559 1746 5625 οἱ
1774 5574 1892 5626 ἀνθ.
1922 5575 1979 5627 Β.
2058 5562 2122 5608 ’³³
2158 5559 2475 5633 aliud"?
2625 5583 2692 5634 τὰ
2733 5559 2832 5640 μέν
2856 5559 2975 5640 illi".

679 5574 731 5679 Ii
774 5574 834 5614 ὕ.
911 5574 951 5592 ¹¹
975 5574 1308 5645 ,ὀφθαλμοὺς
1336 5574 1376 5619 Β
1416 5574 1473 5622 P.
1535 5574 1578 5600 "
1603 5574 1671 5622 Ἢ
1698 5574 1746 5625 οί
1774 5574 1892 5626 ἀνθ.
2058 5574 2122 5608 ’³⁵
2158 5574 2249 5633 οὖν
2277 5595 2384 5632 out.
2416 5583 2471 5633 Β.
2508 5584 2601 5635 καὶ
2625 5583 2692 5634 τὰ
2733 5601 2745 5651 ι

748 5626 808 5683 C.
852 5632 897 5661 "
930 5631 1022 5684 δυο
1048 5649 1143 5703 της
1172 5634 1328 5705 ὀσφρ,
1359 5656 1483 5710 πορ.
1521 5641 1577 5693 Β.
1660 5645 1705 5673 ⁵⁸
1749 5661 2053 5714 συνημενας
2080 5648 2137 5703 Β.
2217 5654 2259 5683 ³⁷
2302 5652 2391 5704 καὶ
2420 5653 2527 5705 τῶν
2558 5653 2655 5722 μὲν
2685 5654 2744 5709 Β.

2678 5514 2722 5543 ²⁰
2763 5532 2820 5565 π.
2851 5514 2911 5567 τὸ
2939 5533 3061 5583 μεγ.
3096 5514 3234 5585 ἔχων
3259 5535 3382 5585 κεφ.
3415 5533 3558 5570 mox.

3054 5588 3098 5615 ’³
3140 5589 3230 5640 καὶ
3261 5587 3472 5659 γαστὴρ
3500 5586 3556 5643 Β.
