4006 6158
457 264 604 321 1H3

1768 255 2051 313 MELETII
2092 254 2409 312 MONACHI

3584 242 3730 302 ιιιι

452 379 565 434 mal
592 377 774 434 subit:
811 382 954 430 laetu
1006 388 1135 429 vero
1183 373 1491 446 deperdita,
1540 374 1704 430 simul
1731 384 1784 429 et
1825 375 2069 436 animal,

2152 372 2533 444 ιπολλυμένης,
2560 369 2964 424 συναπόλλυται
2995 367 3090 422 καὶ
3115 367 3161 400 ³⁸
3178 366 3251 420 ’τὸ
3279 364 3440 431 ζῶον.
3470 354 3588 419 Πᾶν
3614 364 3735 433 γὰρ

453 486 578 526 cum
600 471 718 538 ipso
738 468 894 537 perit.
923 465 1203 536 Siquidem
1216 480 1379 521 omne
1397 467 1605 521 animal
1624 475 1826 520 tactum
1847 466 2031 534 habet,

455 559 578 613 aliis
593 571 721 612 vero
737 557 1001 612 sensoriis
1017 557 1275 612 omnibus
1296 573 1406 612 non
1427 557 1615 611 omnia
1634 557 1860 626 praedita
1880 565 2033 624 sunt,

455 649 548 703 sed
572 647 819 717 quaedam
843 647 1141 716 aliquibus,
1173 647 1591 717 perfectioribus
1617 657 1798 703 autem
1848 647 2035 705 omnia

451 738 818 806 contigerunt.
833 735 1146 802 Enimvero,
1166 737 1330 791 homo
1353 746 1556 793 tactum
1575 746 1902 808 gustumque
1917 753 2040 793 exa-

450 829 695 883 ctissime
719 829 946 883 sortitus
972 838 1075 889 est,
1091 830 1291 900 quibus
1314 829 1420 883 alia
1454 829 1712 883 animalia
1732 829 1839 901 45
1870 845 2036 885 exsu-

454 927 628 989 perat.
657 919 856 973 Tribus
886 934 1013 973 vero
1030 934 1152 989 qum
1170 919 1377 989 reliqua
1402 928 1549 983 sunt,
1567 920 1674 975 illis
1691 919 1916 974 inferior
1942 921 2038 974 hac

455 1011 633 1066 betur.
653 1012 713 1064 Et
727 1010 870 1064 aliud
886 1010 1100 1079 quidem
1121 1010 1341 1075 animal,
1358 1011 1503 1065 aliud
1520 1027 1585 1065 ex
1603 1012 2039 1067 sensoriishomi-

455 1117 580 1156 nem
609 1102 794 1165 vincit,
812 1103 1101 1156 canisvero
1123 1104 1296 1157 tribus
1316 1103 1500 1169 simul,
1518 1104 1728 1169 auditu,
1747 1104 1888 1167 visu,
1906 1103 2040 1159 olfa-

454 1201 678 1259 ctuque,
701 1199 759 1243 ut
775 1190 828 1242 in
850 1189 934 1245 his
949 1190 1042 1258 qui
1054 1191 1221 1245 odore
1235 1189 1378 1245 feras
1392 1191 1679 1261 vestigant,
1699 1205 1920 1247 cernere
1934 1202 2037 1248 est.

528 1272 647 1328 Non
718 1276 882 1329 modo
938 1284 1119 1330 autem
1183 1278 1470 1348 geminatis
1534 1280 1796 1334 sensoriis
1857 1296 2039 1335 rerum

455 1360 683 1416 Creator
746 1377 846 1417 nos
906 1363 1223 1437 insignivit,
1287 1367 1381 1421 sed
1444 1367 1561 1436 ipsa
1624 1367 1823 1438 duplici
1877 1385 2041 1425 sensu

458 1455 684 1523 praedita
736 1470 859 1511 esse
907 1457 1108 1521 voluit,
1166 1458 1358 1524 altero,
1414 1462 1507 1528 qui
1556 1474 1746 1515 eorum
1800 1463 2041 1530 peculia--

461 1546 539 1600 ris
588 1552 692 1610 est,
736 1548 908 1601 altero
963 1555 1159 1603 tactus.
1226 1547 1297 1604 Ut
1332 1550 1507 1616 visus,
1567 1550 1683 1617 ipse
1732 1553 1878 1606 enim
1929 1563 2039 1608 tum

459 1638 673 1693 colores
707 1639 1009 1709 distinguit,
1055 1649 1171 1693 tum
1202 1656 1323 1710 quae
1364 1642 1533 1697 calida
1576 1643 1878 1714 frigidaque
1916 1655 2044 1700 sunt

459 1728 839 1798 deprehendit,
904 1729 998 1784 sed
1062 1730 1178 1784 haec
1233 1732 1449 1800 quidem
1504 1748 1607 1801 qua
1665 1748 1886 1800 corpus,
1947 1749 2042 1788 co-

461 1819 606 1872 lores
651 1832 800 1883 vero,
848 1827 901 1874 et
933 1835 1054 1887 quae
1112 1821 1401 1889 splendore
1434 1822 1677 1891 praedita,
1727 1839 1834 1893 qua
1882 1824 2033 1878 visus

460 1907 866 1962 animadvertit.
897 1907 1188 1963 Enimvero
1243 1919 1437 1977 tactus,
1470 1920 1655 1981 utpote
1678 1913 1772 1982 qui
1797 1913 2033 1967 maxime

459 2002 736 2061 terrenus,
775 2012 1150 2067 supremaque
1186 2000 1537 2065 corpulentia!
1559 2011 1754 2069 praeter
1775 2002 1879 2055 alia
1906 2017 2033 2057 sen-

461 2088 609 2143 soria
644 2097 747 2153 est,
802 2105 926 2159 quae
969 2101 1198 2146 terrenae.
1231 2100 1438 2146 natura:
1475 2103 1621 2158 sunt,
1671 2094 2032 2162 comprehen-

459 2177 560 2232 dit.
609 2177 740 2243 ρυλε
798 2194 929 2233 vero
969 2196 1141 2235 aereae
1170 2181 1446 2250 qualitatis
1477 2182 1772 2245 habentur,
1814 2183 2032 2238 auditus

461 2267 769 2323 ministerio
812 2270 906 2339 qui
967 2271 1110 2324 aeris
1171 2272 1444 2340 particeps
1477 2282 1579 2334 est,
1614 2273 2029 2343 dignoscuntur.

463 2361 533 2413 At
572 2375 600 2412 a
654 2361 858 2428 lingua,
913 2377 1035 2430 qua:
1073 2365 1379 2432 spongiosaa
1422 2364 1707 2433 cujusdam
1753 2366 2034 2434 qualitatis

462 2458 572 2511 est,
615 2467 860 2520 sapores,
894 2454 988 2522 qui
1019 2455 1178 2523 aquei
1214 2456 1623 2523 quodammodo
1659 2466 1807 2521 sunt,
1840 2467 2033 2528 gustus

2139 462 2277 526 ζῶον
2315 462 2459 531 ἀερὴν
2496 460 2609 530 ἔχει
2631 502 2646 526 ,
2680 460 2781 523 τάς
2821 458 2879 512 δὲ
2924 458 3092 520 ἄλλας
3129 456 3416 526 αἰσθήσεις
3453 454 3515 508 οὐ
3544 454 3734 508 πάντα

2140 551 2320 613 πάσας
2340 551 2409 614 ⁸³,
2452 550 2566 603 ἀλλ’
2596 543 2755 612 ἐνίας
2778 548 2916 601 ἔνια·
2966 549 3146 609 πάσας
3180 545 3237 598 δὲ
3268 545 3383 615 ἔχει
3421 543 3494 597 τά
3521 544 3734 597 τελεώ-

2137 662 2273 716 τερα
2303 646 2370 701 ³⁰.
2435 645 2493 699 '0
2546 645 2603 698 δὲ
2672 643 2959 714 ἄνθρωπος
3005 643 3074 709 τῇ
3117 642 3228 709 ἀφῇ
3275 639 3368 692 καί¹
3411 640 3479 707 τῇ
3532 638 3733 706 γεύσει

2139 737 2301 791 πλέον
2327 736 2440 808 ἔχει
2475 737 2585 790 τῶν
2630 735 2804 790 ἄλλων
2831 735 3006 799 ζώων,
3054 734 3151 786 καὶ
3198 730 3617 801 ἀκριϐεστάτως
3655 731 3731 792 ³³,

2140 829 2233 882 καί
2255 846 2337 881 τοι
2361 832 2480 890 ταῖς
2511 829 2698 891 ἄλλαις
2723 827 2898 899 τρισὶν
2927 825 3262 897 ἡττώμενος.
3294 823 3457 876 Ἄλλο
3485 822 3584 891 μὲν
3613 823 3734 892 γάρ

2145 917 2280 981 ζῶον
2312 918 2434 970 κατ’
2461 916 2627 986 ἄλλην
2648 917 2741 969 καὶ
2775 915 2940 985 ἄλλην
2963 916 3005 947 ³³
3037 914 3296 981 αίσθησιν
3323 915 3388 965 ἐκ
3412 910 3522 964 τῶν
3551 911 3732 981 τριῶν

2143 1007 2460 1060 πλεονεκτεῖ
2487 1008 2577 1060 τὸν
2608 1006 2892 1077 ἄνθρωπον
2917 1005 2982 1036 ³³·
3007 1006 3035 1057 ὁ
3057 1005 3114 1056 δὲ
3148 1002 3294 1056 κύων
3320 1005 3378 1056 ὲν
3398 1005 3516 1064 ταῖς
3543 1004 3734 1073 τρισὶν

2142 1097 2276 1169 ἅμα·
2308 1098 2562 1168 ὀξύτερον
2607 1097 2713 1168 γὰρ
2759 1098 2853 1149 καὶ
2903 1094 3183 1158 datatim“,
3232 1094 3328 1147 καὶ
3375 1092 3598 1164 βλέπει,
3627 1094 3734 1146 καὶ

2141 1192 2515 1262 ὀσφραινεται,
2553 1190 2627 1252 ὼς
2649 1189 2805 1258 δῆλον
2838 1191 2902 1242 ὲκ
2938 1187 3046 1243 τῶν
3076 1188 3418 1257 ἰχνευόντων.

2214 1282 2287 1333 Οὐ
2332 1281 2491 1350 μόνον
2521 1279 2577 1333 δὲ
2607 1279 2771 1332 διπλᾶ
2799 1277 3033 1331 δέδωκεν
3060 1278 3191 1347 ήμίν
3221 1275 3288 1328 τὰ
3327 1274 3669 1344 αἰσθητήρια
3695 1275 3733 1326 ὁ

2143 1370 2516 1440 Δημιουργδς,
2549 1368 2685 1423 ἀλλά
2731 1370 2826 1421 καὶ
2869 1368 3038 1429 αὐτὰς
3080 1367 3307 1435 ἐποίησε
3350 1365 3544 1427 διπλᾶς
3573 1364 3731 1434 ἔχειν

2143 1460 2424 1529 αἰσθήσεις
2446 1460 2510 1491 ³⁸·
2568 1460 2664 1530 τὴν
2713 1461 2811 1529 μὲν
2854 1457 2964 1511 τῶν
3012 1458 3159 1510 ἰδίων
3192 1455 3488 1526 αἰσθητῶν,
3537 1455 3639 1526 τὴν
3667 1454 3731 1507 δὲ

2144 1550 2243 1618 τῆς
2273 1550 2437 1618 ἁφῆς.
2476 1548 2565 1611 Ὦς
2601 1550 2633 1618 ή
2660 1548 2800 1616 ὄψις*
2839 1548 2933 1600 καὶ
2964 1546 3073 1616 γάρ
3104 1547 3173 1598 τά
3214 1546 3482 1615 χρώματα
3502 1544 3730 1616 διακρί-

2145 1657 2246 1701 νει,
2276 1641 2368 1692 καὶ
2393 1639 2500 1691 τῶν
2528 1638 2747 1709 θερμῶν
2782 1638 2876 1690 καὶ
2913 1636 3136 1707 ψυχρῶν
3158 1637 3203 1667 ³⁵
3236 1633 3724 1704 ἀντιλαμϐάνεται·

2076 1721 2115 1775 Β
2142 1730 2281 1784 ἀλλά
2305 1730 2512 1784 τούτων
2546 1730 2667 1799 μὲν,
2715 1729 2790 1790 ὡς
2820 1728 2999 1798 σῶμα·
3038 1726 3148 1780 τῶν
3187 1727 3244 1779 δὲ
3282 1727 3589 1796 χρωμάτων
3625 1727 3731 1779 καὶ

2132 1823 2241 1876 τῶν
2282 1821 2599 1888 αὑγοειδῶν,
2629 1821 2703 1884 ὼς
2746 1819 2892 1890 ὄψις.
2926 1819 3036 1872 Καὶ
3069 1818 3255 1888 μέντοι
3284 1819 3378 1872 καὶ
3402 1817 3480 1888 τῷ
3518 1820 3730 1886 γεωδέ-

2134 1916 2312 1985 στάτῳ
2338 1913 2382 1944 ³⁷
2420 1913 2514 1966 καὶ
2541 1913 2990 1983 σωματικωτάτῳ
3009 1910 3117 1963 τῶν
3143 1910 3544 1981 αἰσθητηρίων,
3582 1911 3729 1980 ὅπερ

2131 2005 2277 2056 ἐστὶν
2305 2005 2339 2070 ή
2390 2003 2523 2072 ἀφὴ,
2560 2003 2663 2070 τῆς
2710 2000 2956 2068 γεώδους
2998 2001 3214 2069 φύσεως
3255 2000 3596 2054 αἰσθάνεται.
3633 2001 3733 2071 Τῷ

2136 2093 2192 2146 δὲ
2216 2092 2500 2163 ἀεροειδεῖ,
2525 2092 2633 2144 τῶν
2651 2090 2746 2143 τοῦ
2768 2090 2927 2161 ἀέρος
2948 2087 3288 2157 παθημάτων
3304 2088 3393 2142 διά
3408 2076 3511 2156 τῆς
3527 2089 3729 2157 άκοῆς’

2138 2184 2236 2238 καὶ
2262 2185 2341 2254 τῷ
2367 2182 2710 2252 σπογγοειδεῖ
2734 2182 2779 2214 ³⁸
2808 2183 2906 2252 τῆς
2935 2178 3207 2250 γλώττης,
3252 2180 3348 2233 καὶ
3374 2178 3453 2249 τῷ
3474 2179 3725 2231 ὑδατοειο

2136 2277 2218 2330 δεῖ
2243 2275 2320 2346 τῷ
2344 2275 2390 2306 ³⁵
2421 2276 2564 2329 κατά
2598 2276 2695 2345 τὴν
2740 2272 2952 2343 γεῦσιν,
2992 2270 3105 2324 τῶν
3150 2272 3343 2342 χυμῶν
3381 2270 3733 2341 ἀντιλαμϐάς

2138 2385 2309 2421 νεταν
2347 2368 2579 2421 ἕκαστον
2623 2367 2733 2437 γὰρ
2763 2366 2871 2420 τῶν
2907 2364 3185 2435 αἰσθητῶν
3228 2365 3318 2419 διά
3368 2364 3478 2419 τῶν
3503 2364 3731 2417 οἰκείων

2140 2459 2513 2530 αἰσθητηρίων
2559 2458 2928 2529 γνωρίζεσθαι
2974 2457 3245 2524 πέφυκεν.

464 2540 645 2596 ollicio
674 2543 1198 2609 deprehenduntur:
1239 2546 1507 2615 siquidem
1565 2548 1820 2603 universa
1879 2564 2077 2619 genera
2113 2566 2303 2606 eorum
2343 2567 2465 2621 qua:
2491 2550 2594 2606 sub
2624 2566 2847 2606 sensum
2896 2551 3122 2616 cadunt,
3194 2547 3565 2618 peculiaribus
3596 2563 3732 2604 sen-

468 2632 633 2687 soriis
673 2634 1033 2688 animadverti
1065 2644 1255 2705 suapte
1296 2649 1490 2690 natura
1529 2637 1725 2692 idonea
1768 2649 1915 2693 sunt.

540 2721 655 2777 Hac
690 2723 858 2793 igitur
904 2726 1136 2792 ratione,
1182 2744 1306 2781 cum
1342 2737 1578 2798 quatuor
1607 2730 1874 2786 elementa
1906 2733 2036 2799 sint,

470 2816 548 2870 nti
565 2824 619 2870 ct
646 2832 843 2872 sensus
866 2818 1086 2873 totidem
1107 2828 1311 2885 essent,
1327 2836 1549 2876 necesse
1567 2820 1764 2876 fuerat.
1779 2822 1883 2879 Sed
1901 2839 2039 2893 quo—

470 2907 617 2961 niam
640 2923 826 2976 vapor,
850 2909 1189 2980 odorumque
1213 2925 1404 2980 genus,
1424 2911 1564 2965 inter
1581 2928 1764 2967 aerem
1808 2930 2039 2983 aquam-

2221 2731 2367 2783 Ἔδει
2407 2730 2589 2785 τοίνυν
2617 2730 2760 2785 κατά
2798 2729 2989 2784 τοῦτον
3022 2731 3113 2784 τδν
3144 2729 3328 2798 λόγον,
3376 2730 3565 2802 ἐπειδὴ
3592 2732 3731 2785 τέσ-

2146 2839 2288 2893 σαρα
2314 2826 2553 2892 στοιχεῖα
2583 2823 2713 2886 εἰσί,
2748 2824 3029 2895 τέσσαρας
3058 2818 3199 2876 εἶναι
3235 2822 3335 2876 καί
3373 2822 3472 2884 τὰς
3523 2823 3732 2892 αἰσθή-

2147 2930 2281 2976 σεις.
2326 2912 2467 2967 Ἀλλ’
2514 2914 2813 2985 ἐπειδήπερ
2864 2917 2892 2968 ὁ
2945 2914 3118 2984 ἀτμὸς
3168 2915 3260 2968 καὶ
3305 2914 3365 2967 τὸ
3401 2913 3510 2967 τῶν
3543 2914 3734 2985 ὀδμῶν

468 3014 598 3068 que,
623 2999 812 3054 mediae
837 3001 1120 3069 cujusdam
1144 3010 1354 3058 natura:
1375 3003 1504 3066 sint,
1526 3019 1649 3060 aere
1680 3014 1857 3060 tamen
1887 3021 2040 3061 cras-
2065 3031 2069 3062 ε

2152 3005 2301 3073 γένος
2330 3004 2537 3075 μεταξὺ
2564 3004 2663 3076 τὴν
2711 3004 2873 3073 φύσιν
2897 3004 2944 3037 ⁸ο
2978 3006 3120 3058 εἰσὶν
3151 3006 3315 3075 ἀέρος
3345 3004 3445 3058 καί.
3493 3003 3690 3067 ὕδατος
3709 3024 3729 3038 ο

466 3093 657 3157 sioris,
683 3109 824 3162 aqua
849 3109 979 3149 vero
1029 3096 1332 3152 subtilioris
1363 3098 1613 3159 habetur,
1651 3099 1754 3154 hac
1786 3100 1852 3153 de
1878 3114 2044 3155 causa

468 3193 667 3239 natura
689 3185 938 3254 quintum
962 3186 1123 3243 nobis
1145 3188 1454 3242 sensorium
1480 3190 1707 3244 interius
1724 3191 1916 3261 largita
1940 3201 2042 3259 est.

541 3353 698 3417 Quod
749 3369 915 3418 vero,
973 3364 1086 3410 tum
1146 3371 1428 3426 vaporum,
1489 3368 1604 3413 tum
1654 3360 1883 3415 odorum
1944 3377 2046 3416 na-

467 3453 593 3496 tura
624 3456 749 3497 aere
797 3444 1038 3501 crassior
1067 3458 1173 3509 est,
1219 3462 1283 3501 ex
1320 3448 1404 3503 his
1448 3449 1540 3518 qui
1602 3449 1816 3503 narium
1861 3466 2043 3518 muco,

470 3546 567 3587 seu
617 3536 875 3590 calarrho
927 3536 1197 3604 laborant,
1252 3550 1592 3611 perspectum
1644 3541 1905 3607 redditur,
1953 3546 2045 3613 qui

468 3640 595 3679 eum
655 3641 837 3681 aerem
898 3630 1204 3693 attrahunt,
1273 3646 1503 3701 vapores
1557 3633 2047 3704 opilationis-gra-

470 3715 545 3769 tia
604 3717 1031 3789 haudquaquam
1106 3723 1372 3786 sentiunt,
1434 3724 1529 3778 sed
1581 3724 1676 3779 diu
1742 3726 2048 3780 sensorium

470 3821 502 3860 a
563 3812 798 3893 sensatis
856 3813 1326 3881 deprehendendis
1381 3815 1626 3870 immune
1669 3818 2046 3881 continentes,

472 3903 788 3974 perdurant.
837 3905 1047 3960 Etenim
1099 3923 1294 3963 sensus
1346 3908 1462 3977 ipse
1507 3908 1758 3964 alteratio
1797 3924 1904 3963 non
1941 3918 2047 3974 est,

472 3996 568 4052 sed
625 3995 721 4064 qui
798 3995 972 4065 ipsam
1043 3998 1421 4053 alterationem
1492 3999 1880 4068 deprehendit;
1921 4015 2048 4055 nam

469 4102 594 4156 qua:
641 4085 743 4141 sub
776 4100 998 4141 sensum
1032 4086 1256 4151 cadunt,
1289 4088 1599 4143 alterationi
1648 4088 1885 4143 obnoxia
1927 4090 2050 4144 red-

471 4178 695 4231 duntur.
748 4176 1137 4233 Alterationem
1187 4193 1319 4234 vero
1346 4194 1544 4234 sensus
1596 4179 1904 4250 distinguit.

450 4316 455 4321 .
543 4267 821 4338 Siquidem
856 4271 1103 4325 sensoria
1144 4271 1387 4340 quinque
1415 4272 1701 4338 habentur,
1727 4272 1820 4327 sed
1853 4288 2049 4329 sensus

2148 3095 2310 3168 ἀέρος
2363 3097 2464 3166 μὲν
2491 3097 2600 3167 γάρ
2646 3098 2767 3149 ἐστι
2805 3096 3291 3167 παχυμερέστερος
3308 3095 3376 3161 ⁸¹,
3425 3095 3617 3160 ὓδατος
3670 3097 3735 3153 δὲ

2146 3187 2735 3258 λεπτομερέστεροςδί,
2766 3187 2960 3240 τούτου
2991 3187 3152 3259 χάριν
3199 3188 3233 3258 ή
3266 3187 3538 3259 ὄσφρησις
3575 3189 3732 3257 πέμς

2151 3294 2283 3331 πτον
2311 3278 2466 3348 ἐδόθη
2501 3280 2633 3349 ἡμῖν
2650 3278 2696 3310 ⁸³
2728 3279 3107 3349 αἰσθητήριον.

2225 3371 2345 3423 Ὅτι
2378 3368 2437 3422 δὲ
2464 3371 2497 3439 ή
2528 3370 2639 3422 τῶν
2673 3369 2861 3439 ἀτμῶν
2902 3371 2996 3422 καὶ
3022 3369 3204 3439 ὀδμῶν
3242 3369 3405 3438 φύσις
3440 3370 3733 3441 παχυτέρα

2151 3460 2269 3513 ἐστί
2295 3460 2391 3513 τοῦ
2425 3461 2589 3530 ἀέρος
2626 3459 2789 3531 δῆλον
2837 3460 2903 3514 ὲκ
2925 3459 3035 3513 τῶν
3064 3460 3302 3530 κόρυζαν
3342 3462 3375 3531 ἢ
3410 3462 3732 3535 κατάρρουν

2149 3549 2381 3620 ἕχοντων
2403 3549 2447 3582 ⁸⁵
2466 3565 2482 3580 ·
2527 3549 2781 3613 ἕλκοντες
2812 3550 2920 3621 γὰρ
2963 3550 3055 3604 τὸν
3084 3551 3221 3620 ἀέρα
3249 3550 3357 3604 τῶν
3389 3551 3584 3623 ἀτμῶν
3625 3552 3734 3605 οὐκ

2148 3641 2640 3711 ἀντιλαμϐάνονται
2664 3641 2754 3694 διὰ
2782 3642 2883 3712 τὴν
2911 3640 3207 3711 ἐμφραξιν,
3236 3640 3373 3696 ἀλλά
3409 3640 3735 3712 διαρκοῦσιν

2149 3734 2243 3787 ἐπὶ
2264 3733 2400 3786 πολὺ
2430 3733 2754 3805 ἀναίσθητον
2779 3733 2879 3803 τήν
2906 3734 3161 3804 αἴσθησιν
3190 3734 3449 3805 φέροντες
3465 3736 3535 3789 ⁸⁸.
3569 3732 3733 3788 Ἐστι

2149 3825 2205 3878 δὲ
2238 3827 2272 3896 ή
2319 3824 2575 3896 αίσθησις
2609 3826 2712 3878 οὐκ
2744 3825 3053 3893 ἀλλοίωσις,
3104 3826 3243 3881 ἀλλά
3280 3826 3579 3895 διάγνωσις
3635 3829 3734 3881 ἀλ-

2154 3915 2427 3980 λοιώσεως
2445 3932 2457 3945 ⁸
2505 3916 2815 3970 ἀλλοιοῦται
2849 3916 2949 3987 μὲν
2977 3916 3088 3987 γὰρ
3115 3916 3184 3970 τά
3212 3916 3576 3989 αἰσθητήρια,
3604 3917 3731 3972 δια-

2151 4007 2329 4077 κρίνει
2360 4008 2417 4060 δὲ
2449 4008 2550 4079 τὴν
2574 4008 2866 4062 ἀλλοίωσιν
2891 4009 2924 4078 ἡ
2955 4008 3228 4080 αἴσθησις.

2227 4267 2382 4321 Ἐστι
2404 4266 2462 4321 δὲ
2490 4267 2819 4339 αἰσθητήρια
2853 4268 2952 4338 μὲν
2980 4267 3173 4324 πέντεο
3198 4266 3453 4339 αἴσθησις
3477 4266 3534 4322 δὲ
3561 4267 3662 4338 μία
3691 4269 3729 4338 ή

472 4376 618 4416 unus
662 4370 767 4425 est,
825 4363 920 4430 qui
977 4363 1173 4417 animm
1224 4364 1456 4418 habetur
1507 4378 1629 4433 quae
1660 4379 1754 4432 per
1800 4366 2043 4419 sensoria

2152 4356 2376 4426 ψυχικὴ,
2421 4360 2454 4429 ή
2502 4359 2851 4429 γνωρίζουσα
2890 4358 2979 4412 διά
3011 4359 3120 4412 τῶν
3151 4358 3527 4431 αἰσθητηρίων
3565 4359 3638 4413 τά
3667 4361 3729 4412 ἐν

473 4456 590 4521 ipsa
623 4452 940 4509 aﬂ‘eetiones
969 4468 1091 4523 quae
1128 4453 1230 4522 ipsi
1279 4455 1539 4509 eveniunt
1568 4455 1861 4525 dignoscit.
1907 4456 2045 4511 Cum

470 4544 616 4598 enim
644 4544 825 4599 album
864 4545 1136 4614 inspicere
1167 4547 1458 4617 contingit,
1491 4563 1558 4600 ex
1583 4562 1649 4600 eo
1680 4546 1822 4615 quod
1851 4562 2049 4602 sensus

473 4634 784 4689 ministerio
813 4635 924 4705 [ιε
949 4634 1400 4704 deprehenderat,
1428 4637 1569 4690 idem
1593 4636 1821 4691 allectus
1849 4635 2047 4689 animae

472 4722 795 4778 innascitur.
827 4722 1027 4778 Eadem
1073 4726 1205 4779 item
1235 4723 1373 4779 ratio
1404 4733 1460 4779 et
1487 4724 1555 4779 de
1595 4724 1717 4779 aliis
1786 4724 2051 4779 sensoriis

475 4813 724 4868 habenula
774 4821 867 4869 est.
938 4811 1073 4869 Nam
1111 4813 1256 4869 aliud
1291 4830 1508 4878 sensus,
1557 4814 1706 4869 aliud
1738 4815 2047 4869 sensorium

472 4915 576 4967 est,
620 4914 675 4960 et
695 4905 841 4960 aliud
872 4912 1173 4973 scnsatum,
1201 4906 1345 4960 aliud
1383 4905 1659 4961 sensibile.

546 4993 755 5049 Sensus
803 4994 969 5064 igitur
998 5007 1083 5049 est
1125 4996 1321 5050 anima:
1375 4996 1457 5051 vis
1490 5011 1614 5065 quae
1668 4995 1824 5066 agit;
1852 5011 2049 5065 quam-

474 5083 660 5138 obrem
716 5085 818 5140 hoc
892 5093 1051 5153 pacto
1130 5084 1429 5140 delinitioni
1493 5084 1792 5153 subjaeet:
1842 5084 2050 5139 Sensus

474 5186 561 5230 est
603 5177 829 5247 spiritus
874 5178 1276 5243 intellectualis,
1312 5179 1406 5247 qui
1464 5194 1495 5232 a
1557 5176 1945 5248 principalibus
1981 5177 2048 5231 ad

546 5332 591 5364 ’⁸
632 5332 725 5386 καὶ
760 5345 869 5387 om.
901 5330 963 5387 Β.
1040 5333 1085 5364 ¹⁹
1127 5332 1341 5394 πάντως
1383 5330 1558 5394 πάσας
1586 5331 1648 5396 Β,
1664 5331 1873 5393 πάντας
1890 5330 2069 5392 πάσας
2106 5329 2169 5383 C.
2244 5332 2288 5364 ³⁸
2325 5330 2633 5399 τελειότερα
2659 5330 2718 5383 Β.

475 5402 643 5470 ἄλλην
681 5417 793 5456 Oili.
838 5402 878 5452 Β
940 5402 1002 5457 C.
1081 5402 1125 5434 ³³
1201 5402 1291 5455 τοῦ
1344 5401 1633 5471 ἀνθρώπου
1693 5401 1755 5471 Β.
1832 5400 1875 5431 ³⁸
1944 5402 2037 5452 καὶ
2073 5399 2329 5471 ὀξύτερον
2363 5401 2460 5471 fax.
2524 5401 2586 5471 Β.
2626 5401 2704 5471 7”

1448 5467 1832 5539 Ᾰίεωδεστάτων
1874 5471 1937 5523 Δ.
1962 5471 2007 5503 ³⁸
2048 5469 2201 5537 ἐντῷ
2221 5467 2314 5522 σπ.
2361 5468 2421 5522 Β.
2460 5471 2503 5502 δ’
2534 5470 2602 5539 τὸ
2624 5470 2683 5539 Β.
2708 5469 2817 5521 τῶν
2848 5471 2911 5539 Ρ.
2932 5467 2988 5539 _‘°
3004 5469 3071 5539 τῇ

482 5474 628 5545 also.
807 5472 853 5504 "
886 5473 999 5526 τῶν
1034 5472 1204 5545 Ῠψυχρ.
1231 5472 1299 5545 Β.
1369 5472 1411 5504 ³⁷

479 5541 518 5590 (Ζ
550 5541 610 5593 ι’.
682 5543 721 5573 ⁸¹
755 5539 1236 5611 παχυμερέστερα.
1268 5542 1326 5596 Β.
1413 5541 1457 5573 ⁸³
1491 5539 1969 5611 λεπτομερέστερα
2002 5542 2061 5611 Β.

851 5611 894 5643 ³⁸
916 5609 1307 5678 περιφέροντες
1336 5612 1394 5675 Β,
1426 5628 1515 5680 rp.
1544 5609 1877 5681 αἰσθητήρια
1902 5612 1963 5665 Ρ.
2040 5610 2085 5643 ³⁸
2112 5611 2292 5674 αὐτοῖς
2317 5609 2374 5661 Β.

482 5612 673 5678 κατάρ.
715 5612 773 5662 Β.

479 5687 586 5730 u.n.
629 5680 687 5732 Β.
770 5679 810 5712 ³³
845 5681 1173 5741 τεταγμένον
1215 5681 1274 5751 Β.

2151 4448 2287 4518 αὑτῇ
2312 4447 2357 4479 ⁸⁸
2408 4449 2679 4518 γενόμενα
2731 4448 2903 4518 πάθη.
2938 4448 3107 4502 Ὅταν
3146 4448 3254 4519 γὰρ
3300 4448 3494 4501 λευκὸν
3525 4448 3729 4517 ἴδωμεν

2151 4540 2427 4607 ὲγγινεταί
2458 4556 2513 4592 τι
2552 4539 2723 4602 πάθος
2746 4542 2812 4611 τῇ
2843 4540 2988 4612 ψυχῇ
3023 4541 3089 4593 ἐκ
3115 4539 3216 4608 τῆς
3244 4539 3461 4609 λήψεως
3487 4537 3533 4569 ⁸⁷
3560 4538 3726 4591 αὐτοῦ

2150 4631 2238 4684 διά
2275 4634 2371 4703 τῆς
2418 4630 2748 4703 αἰσθήσεως.
2810 4634 3046 4702 Ὁμοίως
3091 4632 3188 4685 καὶ
3237 4630 3333 4684 ἐπὶ
3381 4630 3492 4683 τῶν
3525 4629 3729 4683 λοιπῶν

2154 4722 2545 4794 αἰσθητηρίων.
2580 4724 2749 4776 Ἀλλο
2791 4723 2849 4776 δέ
2880 4725 3029 4776 ἐστιν
3056 4722 3333 4789 αἴσθησις,
3362 4722 3457 4774 καὶ
3484 4720 3612 4774 ἄλλο
3641 4722 3729 4772 αἱ-

2157 4811 2479 4880 σθητήριον·
2544 4811 2641 4866 καὶ
2675 4812 2803 4866 ἄλλο
2860 4811 3139 4882 αἰσθητὸν,
3194 4812 3289 4864 καί
3342 4809 3475 4865 ἄλλο
3534 4809 3730 4879 αἰσθησ-

2155 4903 2305 4955 τικόν
2327 4902 2389 4955 ⁸⁸.

2226 4992 2489 5062 Αἴσθησις
2541 4994 2640 5062 μὲν
2694 4993 2788 5046 οὖν
2820 4993 2969 5046 ἐστιν
3015 4994 3048 5062 ἠ
3077 4990 3376 5062 ἑνεργοῦσα
3400 4989 3606 5060 ψυχικὴ
3636 4989 3730 5043 δύ-

2154 5102 2216 5136 να
2227 5102 2340 5154 μις,
2369 5084 2449 5136 διὸ
2471 5086 2563 5137 καὶ
2584 5083 2757 5146 οὕτως
2777 5084 2948 5151 αὐτὴν
2968 5081 3241 5153 ὁρίζονται
3257 5099 3270 5111 ⁸
3299 5082 3521 5151 Πνεῦμα
3546 5081 3732 5152 νοερὸν

2157 5179 2265 5229 ἀπὸ
2291 5176 2385 5230 τοῦ
2424 5176 2754 5248 ἡγεμονικοῦ
2803 5171 2993 5229 ὲπίίτά
3030 5175 3236 5245 ὄργανα
3267 5174 3569 5243 τεταμένον
3592 5173 3666 5206 δ’·
3696 5173 3729 5242 ῆ

2793 5331 2834 5362 ³¹
2858 5326 3263 5399 ἀκριϐεστάτας
3285 5327 3326 5379 Β
3346 5324 3479 5399 _C_P.
3511 5395 3533 5399 μ
3554 5327 3600 5358 ³⁸
3639 5327 3732 5399 καὶ

2770 5395 3225 5465 διπλ.’ἐποίησεν
3269 5398 3298 5448 ό
3332 5397 3464 5457 Θεὸς
3510 5395 3592 5464 εχ.
3631 5396 3733 5457 τὰς

3106 5466 3265 5535 φύσει
3296 5465 3357 5527 Β,
3386 5466 3488 5533 τῆς
3506 5466 3733 5535 φύσεως

2162 5533 2207 5571 ⁸³
2227 5542 2361 5609 ἡμῖν
2392 5554 2500 5593 om.
2527 5538 2586 5599 Β.
2620 5538 2772 5609 ἐδόθη
2803 5537 3014 5590 ἔνδοθεν
3196 5535 3395 5609 ξδῄκορ.
3425 5533 3725 5609 ἐχόντωνμῆ

2456 5609 2494 5642 ⁸⁷
2525 5602 2878 5679 καταλήυζὲηςς
2908 5609 2970 5661 Ρ.
3049 5606 3094 5640 ⁸⁸
3126 5603 3220 5660 καὶ
3247 5602 3375 5659 ἄλλο
3410 5602 3730 5674 αἰσθητικὸν
