4040 6150
291 285 435 347 1145

1529 296 1620 355 DE
1658 298 1945 358 NATURA
1986 301 2289 360 HOMlNlS.

3409 306 3547 362 ιιιο

287 404 462 468 οἰτως
481 421 495 435 ·
545 405 776 476 δύναμις
806 406 985 480 ψυχῆς
1033 407 1400 484 ἀντιληπτική
1426 414 1535 469 τῶν
1568 417 1858 488 αἰσθητῶν.

1976 409 2413 478 instrumentalia
2468 422 2766 493 porrigitur
2813 420 2976 487 ;sive
3014 418 3120 476 hoc
3168 430 3327 491 pacto
3378 437 3551 478 :sen-

298 500 359 554 '0
392 499 452 552 δὲ
497 497 724 553 Πλάτων
753 498 854 570 τὴν
898 499 1152 572 αἴσθησιν
1183 503 1472 575 δυνάμεως
1509 506 1606 561 καὶ
1629 507 1869 579 ὀργάνου

287 589 574 644 κοινωνίαν
607 590 744 661 πρὸς
789 592 857 645 τά
885 592 1042 656 ἐκτὸς
1081 592 1363 665 ὁρίζεταιο
1415 597 1660 651 τουτέστι
1688 599 1869 669 ψυχῆς

287 680 384 733 καὶ
408 678 694 750 σώματος’
732 683 766 752 ἡ
798 681 908 753 γάρ
953 681 1182 754 δύναμις
1209 683 1415 754 ψυχῆς,
1448 686 1510 739 τὸ
1553 686 1613 740 δὲ
1636 687 1866 760 ὄργανον

289 770 539 842 σώματος
565 789 579 804 ·
608 772 778 843 άμφω
814 774 871 828 δὲ
896 774 987 829 διὰ
1026 776 1328 846 φαντασίας
1360 778 1727 850 ἀντιληπτικὰ
1755 779 1866 833 τῶν

286 860 508 926 ἔξωθεν.

354 1129 717 1201 Αἰσθητήριον
778 1129 835 1183 δέ
883 1132 1034 1184 ἐστιν
1087 1130 1318 1200 ὄργανον
1371 1132 1473 1203 τῆς
1522 1133 1863 1205 ἀντιλήψεως

286 1221 394 1275 τῶν
420 1221 713 1291 αἰσθητῶν,
752 1220 868 1290 ἢτὸ
906 1220 1158 1288 αἴσθησιν
1186 1221 1310 1275 τινὰ
1349 1225 1863 1293 ὲμπεπιστευμένον

285 1313 515 1384 ὄργανον
536 1314 618 1345 ⁸⁰θ
676 1312 933 1382 αἰσθητὸν
993 1312 1051 1364 δὲ
1096 1311 1157 1364 τὸ
1200 1312 1455 1382 αἰσθήσει
1514 1300 1858 1369 ύπὸπίπτον⁸

284 1402 604 1474 αἰσθητικὸν
630 1402 708 1466 δὲ,
737 1403 869 1455 αὐτὸ
897 1402 958 1455 τὸ
990 1403 1381 1472 αἰσθανόμενον
1410 1405 1564 1468 ζῶον.
1596 1405 1861 1476 Αἴσθησις

287 1497 387 1566 μὲν
431 1492 545 1560 οὖν,
577 1491 688 1548 οἷον
720 1496 938 1565 ὅρασις,
972 1493 1262 1565 ὄσφρησις,
1307 1496 1481 1565 άκοὴ,
1515 1496 1734 1565 γεῦσις,
1768 1499 1859 1552 καὶ

284 1589 419 1657 ἁφή.
470 1588 835 1658 Λίσθητήριον
877 1586 958 1648 δὲ.
1009 1586 1129 1656 ἦτοι
1160 1588 1188 1640 6
1215 1587 1516 1657 ὀφθαλμὸς,
1556 1592 1590 1658 ἢ
1615 1590 1661 1621 ⁸⁸
1688 1592 1793 1660 in"
1822 1593 1856 1662 ἦ

282 1678 503 1746 γλῶσσα
563 1677 659 1730 καί
708 1676 777 1730 τὰ
827 1677 983 1747 χείλη
1005 1677 1075 1742 ⁸²,
1105 1677 1141 1730 ἂ
1189 1679 1280 1730 καί
1312 1677 1519 1749 ὄργανα
1566 1680 1859 1750 αἰσθητικά

285 1767 775 1835 προσαγορεύεται.
823 1765 1093 1836 Αἰσθητὸν
1131 1766 1186 1820 δὲ
1207 1768 1254 1800 ⁸³
1287 1769 1317 1822 ὀ
1360 1768 1530 1833 λίθος,
1582 1770 1643 1823 τὸ
1674 1770 1852 1839 ξύλον,
1886 1753 1931 1807 Β

284 1862 380 1914 καί⁴
402 1862 582 1914 πάντα
620 1859 688 1911 τά
723 1857 973 1927 αἰσθήσει
1006 1859 1051 1890 ⁸⁸
1080 1860 1455 1916 ὑποπίπτοντα
1477 1878 1491 1893 ⁸
1537 1862 1856 1933 αἰσθητικὸν

280 1950 339 2004 δὲ
364 1952 393 2002 ὀ
420 1947 709 2016 Στέφανος,
756 1949 784 2001 ὀ
832 1947 1033 2017 Πέτρος
1056 1947 1124 2011 ⁸⁸,
1157 1949 1186 2000 ὀ
1220 1948 1503 2014 Μελέτιος,
1537 1949 1631 2001 καὶ
1680 1950 1859 2005 πάντα

280 2043 383 2096 ὅσα
414 2041 548 2095 ἄλλα
581 2039 899 2092 αἰσθάνεται
931 2038 1045 2102 ζῶα
1067 2056 1080 2070 ο
1121 2040 1320 2107 Ἔγνω
1340 2039 1471 2108 γάρ,
1504 2040 1670 2109 φησι,
1699 2041 1857 2106 βοῦς

281 2132 389 2186 τὸν
415 2129 798 2199 κτησάμενον
816 2129 863 2161 ⁸⁸
893 2130 993 2183 καί
1031 2130 1172 2195 ὄνος
1202 2129 1313 2197 τὴν
1346 2129 1585 2199 φάτνην
1612 2132 1718 2185 τοῦ
1744 2150 1853 2185 κυ-

272 2224 412 2287 ρίου
441 2221 649 2276 αὑτοῦ.
682 2222 745 2273 Εἰ
772 2220 829 2273 δὲ
860 2220 1004 2274 κατὰ
1033 2221 1131 2291 τὴν
1160 2221 1416 2290 αἴσθησιν
1442 2222 1510 2275 τά
1550 2222 1717 2291 ἄλογα
1745 2227 1857 2286 τοῖς

280 2313 515 2382 λογικοῖς
545 2313 855 2383 ἀνθρώποις
879 2315 1146 2375 κοινωνεῖ,
1170 2313 1352 2372 καλῶς
1376 2331 1523 2377 τινες
1544 2315 1650 2367 τῶν
1671 2316 1857 2367 ἀνατο-

284 2405 460 2475 μικῶς
494 2404 893 2475 ίστορησάντων
950 2404 1083 2472 μηδὲ
1126 2403 1270 2457 κατά
1313 2403 1411 2475 τὴν
1461 2406 1556 2458 τοῦ
1605 2405 1856 2475 σώματος

282 2495 418 2549 πολὺ
438 2495 719 2565 διαφέρειν
742 2493 860 2547 ἔνια
884 2494 990 2546 τῶν
1018 2493 1172 2557 ζώων
1204 2494 1456 2561 σύνταξιν
1478 2498 1571 2549 καὶ
1593 2497 1858 2567 ἁρμονίαν

281 2588 393 2640 τῶν
419 2588 614 2653 ὀστῶν,
641 2588 733 2640 καὶ
760 2588 859 2656 τὴν
882 2585 992 2639 τῶν
1020 2585 1269 2655 ὲγκάτων
1301 2586 1551 2641 σύνθεσιν
1583 2588 1851 2658 ἔγραψαν

282 2683 378 2733 καὶ
408 2679 609 2749 μᾶλλον
638 2680 746 2732 τῶν
777 2678 953 2732 ἄλλων
984 2677 1139 2741 ζώων
1166 2678 1257 2730 τὸν
1285 2696 1374 2732 υν·
1417 2680 1498 2733 ὅτι
1534 2681 1630 2733 καὶ
1662 2682 1727 2734 ἐκ
1747 2682 1858 2735 τῶν

282 2771 464 2824 αὐτῶν
513 2770 793 2841 στοιχείων
820 2769 888 2821 τά
919 2767 1124 2821 τούτων
1171 2768 1398 2838 σώματα
1435 2771 1759 2841 συνεστάθη,
1798 2770 1856 2838 ἐξ

280 2856 358 2917 ὧν
394 2864 487 2916 καὶ
514 2863 582 2915 τὰ
608 2863 718 2915 τῶν
755 2861 1064 2932 ἀνθρώπων
1090 2877 1103 2891 ·
1137 2860 1207 2913 τὰ
1238 2861 1347 2931 γὰρ
1375 2862 1677 2933 ὁμοιομερῆ
1704 2862 1857 2916 οὐδὲν

280 2954 531 3027 διαφέρει
561 2954 668 3007 τῶν
709 2954 1037 3024 ἀμφοτέρων
1081 2954 1231 3021 παρὰ
1279 2953 1500 3024 μικρὸνο
1557 2954 1606 3005 εἰ
1656 2955 1751 3007 καὶ⁸
1788 2953 1856 3008 τὰ

282 3048 382 3117 τῆς
406 3044 815 3116 διοργανὼσεως
857 3043 1201 3114 ὲνήλλακται,
1234 3045 1327 3097 καί
1364 3045 1431 3097 τά
1465 3046 1562 3114 τῆς
1591 3045 1852 3112 γεύσεως.

297 3137 353 3191 Ὀ
395 3138 504 3208 γάρ
523 3138 569 3170 ⁸⁷
603 3136 736 3198 Θεὸς
775 3137 928 3188 ἔθετο
965 3135 1034 3188 τὰ
1067 3135 1204 3205 μέλη
1233 3134 1290 3186 ἓν
1319 3134 1549 3189 ἕκαστον
1593 3137 1769 3189 αὐτῶν
1796 3137 1852 3188 ὲν

278 3231 357 3300 τῷ
388 3230 601 3300 σώματι
630 3227 810 3290 καθὼς
839 3227 1095 3298 ἠθέλησε.

1972 527 2069 566 sus
2135 520 2219 568 est
2281 513 2480 567 animat
2541 513 2672 578 vis,
2727 528 2849 583 quae
2890 521 3108 568 sensata
3168 513 3547 582 deprehendit.

1968 604 2121 659 Plato
2147 620 2289 660 vero‘
2322 620 2540 660 sensum
2577 605 2778 674 ipsum,
2817 604 3089 660 facultatis
3125 610 3179 659 et
3224 604 3551 659 instrumen-

1969 695 2030 759 ti,
2054 696 2158 751 hoc
2187 706 2271 751 est
2296 697 2491 750 anima:
2516 704 2571 749 et
2596 695 2863 764 corporis,
2897 695 2963 748 ad
2990 710 3052 748 ea
3084 710 3206 764 quae
3237 701 3390 748 extra
3421 704 3549 748 sunt

1967 787 2517 841 communicationem
2544 801 2665 841 esse
2722 786 2914 841 statuit
2949 801 2965 838 :
3014 800 3138 839 nam
3173 785 3275 848 vis,
3329 784 3543 859 animae,

1967 874 2391 930 instrumentum
2445 889 2578 929 vero
2616 873 2868 942 corporis
2928 873 3158 926 habetur
3195 891 3207 926 :
3249 881 3546 940 utrumque

1966 964 2110 1017 enim
2141 977 2237 1033 per
2262 962 2706 1030 imaginationem
2736 975 2801 1015 ea
2829 975 2951 1029 quae
2978 959 3253 1015 exteriora
3292 968 3421 1013 sunt
3451 958 3547 1012 de-

1964 1054 2298 1125 prehendere
2343 1062 2540 1124 potest.
2594 1056 2601 1061 '

2033 1143 2353 1199 Sensorium
2427 1156 2662 1212 namque
2723 1140 3147 1195 iusuumentum
3226 1146 3340 1202 est,
3395 1137 3543 1206 quod

1964 1241 2185 1287 scnsata
2232 1232 2640 1301 deprehendere
2700 1237 2924 1299 potest;
2977 1228 3060 1283 vel
3116 1228 3541 1282 instrumentum

1964 1324 2209 1393 aliquod,
2251 1323 2397 1392 quod
2435 1338 2632 1378 sensus
2677 1321 2900 1391 quidam
2939 1334 3061 1374 esse
3092 1320 3352 1374 creditur.
3404 1317 3544 1372 Sen-

1963 1423 2141 1471 satum
2190 1421 2372 1468 autem
2431 1424 2557 1475 est,
2604 1410 2749 1481 quod
2803 1410 2906 1466 sub
2972 1424 3191 1463 sensum
3252 1409 3417 1462 cadit.
3471 1408 3541 1464 At

1963 1506 2242 1570 sensibile,
2288 1505 2491 1560 animal
2531 1504 2710 1574 ipsum
2759 1502 2903 1572 quod
2961 1508 3239 1555 sensatum
3290 1499 3538 1569 percipit.

1964 1595 2172 1652 Sensus
2218 1596 2384 1664 igitur
2438 1607 2566 1659 est,
2614 1602 2677 1649 ut
2721 1593 2872 1647 verbi
2934 1592 3107 1661 gratia
3166 1592 3358 1657 visus,
3404 1590 3540 1646 olfa-

1960 1698 2081 1743 ctus
2101 1727 2116 1752 ,
2152 1689 2399 1752 auditus,
2423 1696 2615 1755 gustus
2659 1694 2715 1740 et
2746 1693 2946 1739 tactus.
2972 1682 3290 1737 Sensorium
3310 1696 3457 1743 vero,
3482 1691 3542 1736 ut

1958 1777 2171 1840 oculus,
2204 1791 2394 1840 nasus,
2426 1776 2631 1844 lingua,
2653 1782 2706 1828 et
2737 1787 2860 1841 quze.
2883 1772 3112 1839 reliqua,
3149 1786 3269 1839 qua:
3290 1773 3538 1825 sensoria

1960 1866 2324 1920 instrumenta
2381 1873 2785 1932 nuncupantur.
2819 1863 2890 1916 At
2912 1872 3226 1926 sensatum,
3261 1870 3318 1913 nt
3375 1860 3535 1929 lapis,

1956 1957 2183 2027 lignum,
2216 1964 2522 2025 cunctaque
2545 1971 2666 2024 quae
2689 1953 2882 2008 cadere
2911 1954 3014 2008 sub
3054 1968 3275 2006 sensum
3302 1959 3535 2019 queunt.

1959 2047 2228 2102 Scnsibile
2252 2057 2454 2109 autem,
2483 2057 2543 2101 ut
2598 2046 2813 2109 Petrus,
2869 2044 3197 2113 Stephanus,
3258 2042 3534 2107 Heluius,

1955 2145 2008 2190 et
2037 2138 2303 2206 reliquum
2344 2152 2506 2191 omne
2544 2137 2860 2190 animalium
2910 2136 3252 2189 sensibilium
3308 2150 3480 2204 genus
3518 2151 3533 2187 :

1957 2227 2165 2294 agnovit
2200 2226 2344 2279 enim
2376 2226 2475 2295 (ut
2508 2224 2789 2294 Scriptura
2827 2224 3103 2293 loquitur)
3144 2224 3234 2277 bos
3266 2239 3536 2292 possesso-

1958 2330 2063 2366 rem
2108 2331 2283 2377 suum,
2325 2325 2375 2367 et
2414 2315 2596 2367 asinus
2628 2330 2855 2383 prwsepe
2884 2314 3085 2367 domini
3121 2314 3206 2367 sui
3231 2315 3270 2365 ¹.
3310 2312 3366 2366 Si
3408 2328 3539 2366 vem

1957 2404 2183 2458 rationis
2215 2404 2456 2474 expertia
2506 2405 2819 2460 hominibus
2869 2404 2983 2474 ipsa
3017 2405 3254 2475 przeditis
3292 2420 3386 2473 per
3409 2420 3536 2458 seu.

1957 2511 2079 2550 sum
2115 2496 2291 2564 ipsum
2343 2497 2773 2561 communicant,
2824 2505 2973 2551 recte
3026 2497 3244 2565 quidem
3286 2496 3535 2550 nonnulli

1955 2589 2048 2657 qui
2100 2586 2493 2641 dissectionum
2552 2587 2809 2642 historias
2860 2587 3312 2656 perscripserunt,
3349 2601 3448 2639 nec
3477 2586 3534 2639 in

1957 2680 2205 2747 corporis
2242 2678 2472 2743 fabrica,
2505 2695 2680 2747 neque
2711 2680 2766 2732 in
2799 2679 3006 2733 ossium
3039 2689 3334 2741 structura,
3358 2679 3534 2732 visce-

1958 2785 2191 2839 rumque
2217 2770 2810 2839 compositioneiuesse
2844 2770 3169 2839 quibusdam
3202 2786 3325 2824 cum
3357 2770 3535 2822 bomi-
3641 2768 3649 2776 ’

1958 2876 2029 2913 ne
2092 2860 2386 2929 plurimum
2458 2859 2793 2914 discriminis
2844 2860 3145 2913 litterarum
3206 2856 3536 2910 mandarunt

1960 2952 2350 3015 monumentis,
2397 2944 2541 3020 quod
2601 2952 2775 3020 magis
2818 2951 2872 3004 in
2934 2951 3018 3005 his
3049 2964 3172 3019 quae
3214 2948 3377 3017 paulo
3406 2953 3535 2999 ante

1898 3082 1923 3100 τ
1962 3049 2382 3101 memoravimus
2453 3046 2783 3111 animalibus
2836 3054 3020 3115 patet;
3082 3040 3532 3113 quandoquidem

1959 3140 2148 3193 iisdem
2175 3154 2241 3193 ex
2286 3140 2571 3194 elementis
2615 3155 2802 3194 eorum
2833 3153 3084 3208 corpora,
3127 3136 3327 3206 quibus
3351 3143 3406 3187 et
3437 3134 3534 3186 ho-

1961 3232 2169 3283 minum
2198 3230 2503 3299 composita
2535 3239 2696 3295 sunt;
2737 3244 2931 3299 parum
2964 3227 3261 3283 admodum
3297 3225 3352 3279 in
3379 3224 3537 3279 simi-

279 3323 485 3383 laribus
532 3322 671 3376 inter
703 3330 992 3389 utrumque
1021 3336 1193 3385 genus
1223 3322 1559 3377 discriminis
1603 3323 1854 3390 habetur,
1916 3328 2020 3379 etsi
2074 3326 2564 3380 instrumentorum
2603 3325 3002 3394 compositione
3073 3322 3303 3375 invicem
3345 3328 3536 3389 gustu-

282 3428 390 3482 que
415 3413 740 3482 discrepent.
787 3410 1068 3480 Siquidem
1101 3411 1241 3467 Deus
1263 3452 1277 3476 ,
1307 3414 1372 3466 ad
1406 3414 1637 3483 propriae
1705 3415 2005 3471 voluntatis
2067 3417 2375 3483 arbitrium,
2407 3416 2775 3486 pulcherrimo
2843 3415 3036 3470 ordine
3066 3414 3119 3467 in
3158 3426 3351 3467 eorum
3382 3424 3526 3479 quo-

279 3506 412 3560 libet
438 3520 665 3574 corpore
703 3502 809 3574 47
839 3502 1083 3558 membra
1121 3502 1412 3573 disposuit.

350 3598 425 3652 Τὸ
459 3598 618 3667 σῶμα
663 3596 719 3650 δὲ
769 3595 863 3649 τοῦ
910 3595 1197 3666 ἀνθρώπου
1248 3598 1350 3649 οὐκ
1399 3597 1547 3650 ἔστιν
1583 3598 1639 3649 ἓν
1674 3598 1853 3669 μέλος,

280 3689 417 3743 ἀλλὰ
448 3688 635 3742 πολλά.
674 3687 796 3740 Ὀτι
827 3687 921 3740 καὶ
971 3689 1051 3750 εἰς
1099 3685 1341 3757 κεφαλὴν
1396 3688 1716 3757 διαιρεῖται,
1761 3690 1856 3741 καὶ

283 3784 363 3844 είς
403 3781 621 3850 στέρνον
664 3779 757 3831 καὶ
800 3778 1156 3847 ἐπιγάστριον
1202 3778 1295 3831 καὶ
1338 3779 1724 3849 ὑπογάστριον,
1762 3781 1857 3832 καὶ

281 3875 439 3944 ῥάχιν
466 3873 559 3925 καὶ
602 3871 794 3939 ὀσφὺν,
836 3871 930 3924 καὶ
964 3873 1152 3941 χεῖρας
1186 3870 1279 3922 καὶ
1322 3869 1510 3931 πόδας,
1545 3870 1656 3922 Καὶ
1686 3871 1719 3941 ἡ
1757 3870 1857 3939 μὲν

280 3962 493 4034 κεφαλὴ
523 3960 765 4031 περιέχει
793 3961 1114 4028 ἐγκέφαλον,
1154 3959 1489 4030 ὀφθαλμοὺς,
1528 3962 1677 4031 ῥῖνα,
1714 3954 1851 4022 ὦτα,

279 4055 458 4123 στόμα
489 4051 582 4105 καὶ
612 4051 681 4104 τά
724 4050 831 4103 ἔσω
858 4049 952 4102 τοῦ
998 4051 1266 4120 στόματος
1287 4065 1299 4078 ·
1331 4049 1579 4117 γλῶτταν
1602 4050 1648 4081 ⁸⁸
1676 4049 1852 4117 λέγω,

278 4147 372 4199 καὶ
398 4143 652 4207 ὀδόντας,
698 4142 793 4195 καὶ
843 4141 1133 4212 φάρυγγα,
1174 4142 1267 4194 καὶ
1296 4142 1366 4193 τὰ
1396 4140 1535 4194 κατά
1569 4141 1757 4210 μέρος.
1782 4138 1856 4192 Τὸ

276 4236 335 4289 δὲ
366 4235 614 4305 στέρνον,
662 4232 942 4302 πνεύμονα
990 4232 1084 4285 καὶ
1133 4232 1383 4302 καρδίαν.
1450 4231 1509 4284 '0
1557 4232 1852 4303 τράχηλος,

278 4329 631 4384 κατακλεῖδα.
677 4327 744 4379 Ai
775 4324 1031 4395 πλευραὶ,
1061 4324 1152 4376 τὸν
1185 4324 1508 4387 ύπεζωκὸτα
1529 4341 1544 4356 ο
1614 4325 1646 4394 ἡ
1676 4324 1853 4395 ῥάχις,

280 4420 609 4481 σπονδύλους
638 4421 731 4471 καὶ
762 4416 959 4488 μυελόν
981 4416 1048 4469 ⁵⁹.
1095 4416 1156 4468 Ἠ
1187 4416 1244 4467 δὲ
1274 4416 1465 4485 ὀσφὺς,
1500 4415 1734 4486 νεφροὺς
1762 4416 1856 4468 καὶ

276 4513 346 4567 τά
382 4512 651 4583 ούρηδόχα
677 4509 722 4541 ⁸⁸
774 4510 997 4578 ἀγγεῖα.
1027 4506 1101 4559 Τὸ
1140 4506 1198 4558 δὲ
1229 4505 1605 4575 ἐπιγάστριον,
1653 4506 1856 4576 στόμα-

276 4622 394 4676 χον,
436 4600 612 4676 ἧπαρ,
647 4602 895 4671 σπλῆνα,
943 4602 1038 4654 καὶ
1065 4601 1164 4669 τὴν
1213 4598 1325 4651 ἄνω
1373 4598 1637 4669 γαστέρα.
1691 4599 1764 4650 Τὸ
1797 4599 1855 4651 δὲ

281 4698 669 4765 ὑπογάστριον,
723 4694 947 4765 ἔντερα,
988 4690 1244 4761 πιμελὴν,
1294 4689 1724 4758 περιττώματα,
1760 4691 1855 4742 καὶ

277 4789 349 4842 τὰ
375 4787 518 4841 κατὰ
563 4786 661 4857 τὴν
708 4786 870 4856 ἦόην.
920 4784 986 4836 Αἰ
1013 4785 1217 4853 χεῖρες,
1273 4781 1599 4851 βραχίονας,
1646 4780 1850 4850 ὤμους,

277 4880 505 4949 πήχεις,
551 4878 827 4947 καρποὺς,
876 4874 1197 4936 δακτύλους.
1251 4875 1313 4926 Οἱ
1367 4871 1563 4936 πόδες,
1621 4874 1849 4943 μηροὺς,

277 4972 502 5039 γόνατα,
533 4970 743 5039 σφυρὰ,
774 4969 1091 5031 δακτύλους.

2033 3599 2281 3655 llominis
2329 3610 2511 3654 autem
2564 3614 2765 3669 corpus
2803 3614 2912 3653 non
2976 3609 3143 3649 unum
3205 3590 3534 3653 membrum,

1962 3693 2055 3747 sed
2088 3694 2243 3761 plura
2271 3692 2520 3746 habetur.
2547 3690 2613 3744 Et
2642 3691 2900 3760 quoniam
2933 3688 2988 3743 in
3019 3695 3203 3754 caput,
3238 3693 3293 3737 et
3321 3691 3533 3751 pectus,

1961 3788 2015 3834 et
2049 3780 2384 3849 superiorem
2448 3796 2514 3834 ac
2541 3778 2860 3833 inferiorem
2900 3784 3164 3838 ventrem,
3191 3773 3536 3841 suinamque,

1958 3882 2012 3927 et
2050 3872 2299 3933 lumbos,
2355 3886 2421 3925 ac
2469 3886 2667 3925 manus
2721 3870 2993 3938 pedesque
3042 3867 3323 3921 dividitur.
3361 3864 3537 3933 Caput

1959 3965 2175 4035 quidem
2242 3964 2564 4025 cerebrum,
2618 3962 2843 4026 oculos,
2886 3975 3115 4025 nasum,
3176 3973 3360 4020 aures,
3421 3957 3537 4011 oris

1961 4064 2191 4127 hiatum,
2224 4073 2275 4116 et
2315 4079 2436 4132 quae
2479 4063 2532 4115 in
2573 4077 2667 4115 ore
2703 4061 2851 4114 intus
2877 4059 3205 4122 consistunt,
3242 4066 3300 4111 ut
3328 4058 3533 4124 lingua,

1963 4155 2173 4217 dentes,
2221 4152 2408 4208 fauces
2456 4151 2713 4222 gutturis,
2754 4158 2808 4203 et
2855 4164 2977 4217 qua:
3027 4146 3392 4217 particulatim
3432 4160 3524 4197 no-

1964 4242 2245 4294 minantur
2297 4241 2559 4294 continet.
2618 4237 2675 4291 lu
2720 4246 2939 4306 pectore
2975 4250 3107 4288 vero
3155 4234 3427 4303 pulmonis
3481 4241 3536 4285 et

1962 4332 2142 4386 cordis
2194 4333 2367 4385 locus.
2405 4329 2617 4383 Collum
2655 4328 2978 4381 clarieulam
3025 4325 3285 4379 continet.
3344 4322 3447 4377 Sed
3480 4329 3535 4376 et

1962 4432 2148 4486 costae,
2191 4423 2565 4476 membranam
2616 4435 2739 4489 quae
2786 4420 2932 4487 ipsas
2970 4419 3135 4488 tegit;
3180 4416 3336 4484 spina
3385 4430 3532 4480 vero,

1961 4514 2239 4568 vertebras
2302 4528 2367 4566 ac
2421 4511 2737 4566 medullam.
2785 4509 2853 4564 At
2885 4508 3077 4572 lumbi,
3127 4521 3309 4568 renes,
3343 4514 3395 4558 et
3426 4503 3533 4556 ltu-

1965 4605 2092 4658 midi
2128 4604 2482 4666 cxcrcmenli,
2514 4618 2607 4657 seu
2640 4602 2813 4656 urina:
2868 4599 3227 4669 receptacula.
3276 4593 3536 4663 Superior

1964 4709 2091 4747 vero
2142 4702 2330 4747 venter
2384 4694 2437 4747 in
2485 4694 2851 4755 stomachum,
2886 4690 3060 4759 jecur,
3107 4690 3324 4751 lienem,
3360 4698 3415 4739 et
3441 4699 3533 4738 su-

1961 4785 2228 4853 periorem
2303 4786 2406 4838 alvi
2479 4794 2688 4854 partem
2760 4784 3039 4837 dividitur.
3107 4780 3335 4834 Inferior
3404 4791 3533 4829 vero

1959 4888 2165 4941 venter,
2205 4878 2257 4930 in
2304 4876 2586 4941 intestina,
2627 4876 3029 4946 pinguedinem,
3065 4878 3434 4933 excrementa,
3479 4875 3534 4920 et

1959 4983 2079 5035 qua:
2121 4967 2186 5020 ad
2242 4968 2412 5036 pubes
2450 4968 2626 5037 posita
2677 4977 2824 5022 sunt.
2884 4964 3095 5027 Manus,
3132 4966 3187 5017 in
3221 4960 3529 5020 brachium,

279 5067 543 5119 humeros
572 5102 587 5126 ,
630 5063 882 5129 cubitos,
922 5063 1184 5132 palmam,
1230 5062 1449 5132 digitos.
1499 5060 1670 5117 Pedes
1707 5077 1855 5129 vero,
1896 5061 1948 5115 in
1989 5063 2183 5128 femur,
2252 5079 2450 5133 genua,
2476 5080 2662 5127 crura,
2705 5062 3005 5125 malleolos,
3074 5060 3232 5123 talos,
3274 5072 3339 5111 ac
3394 5055 3533 5123 digi—

278 5167 367 5211 tos
405 5154 745 5209 dividuntur.

346 5245 533 5300 Ταῦτα
573 5246 631 5300 δὲ
672 5247 847 5302 πάντα
875 5247 970 5300 καὶ
1000 5246 1134 5302 ἄλλα
1184 5247 1428 5313 πλείονα,
1475 5248 1569 5300 καὶ
1601 5249 1737 5318 μέλη
1764 5248 1853 5301 λέ-

276 5356 466 5409 γονται
491 5338 584 5393 καὶ
622 5338 784 5410 μέρη,
807 5340 901 5392 καὶ
932 5339 1120 5410 μόρια,
1153 5339 1247 5392 καὶ
1265 5339 1419 5393 τόποι
1471 5341 1595 5392 κατ’
1623 5339 1757 5392 αύτό
1790 5356 1849 5392 τε

350 5451 367 5482 ί
398 5448 502 5506 lsa.
539 5465 578 5517 ι,
611 5450 664 5505 5.

345 5565 392 5598 ⁵⁸
435 5564 551 5617 haec
580 5579 688 5616 om.
723 5563 782 5616 Β.
861 5565 903 5596 ⁵⁸
933 5566 965 5632 ἡ
1006 5579 1115 5616 0m.
1158 5563 1196 5615 Β
1226 5563 1287 5619 Ρ.

275 5638 345 5690 Il.
376 5635 404 5684 ὀ
434 5631 599 5698 Στέφ.
630 5633 672 5683 Β
703 5633 762 5688 Ρ.
851 5635 896 5665 ³⁸
932 5631 1261 5702 κτισάμενον
1290 5636 1348 5691 Β.

297 5703 419 5759 καθ’
456 5702 631 5758 ἑαυτά
657 5718 715 5756 τε
745 5705 1198 5779 καίᾐσννημμένα
1227 5703 1304 5784 Ρ.-

1391 5567 1435 5597 ⁵¹
1470 5565 1564 5638 καὶ
1599 5564 1853 5638 ’τά-λοιπὰ
1896 5567 1941 5638 Β⁸
1970 5568 2032 5638 Ρ.
2062 5637 2079 5638 η
2109 5568 2154 5598 ⁵³
2184 5570 2442 5636 αἰσθητὸν
2472 5571 2527 5623 δὲ
2560 5568 2672 5625 οἷον
2712 5570 2770 5622 Ρ.
2853 5571 2895 5600 ’λ
2928 5570 2993 5638 τῇ
3025 5567 3171 5620 αἰσο.
3272 5565 3330 5618 Ρ.

1443 5636 1486 5670 ³⁷
1522 5636 1601 5690 ὅτι
1629 5634 1735 5704 γὰρ
1766 5636 1829 5690 Α.
1902 5635 1945 5666 ⁵⁸
1980 5636 2231 5704 γλῶσσαν
2264 5640 2303 5691 Β
2336 5634 2393 5694 l’.

2034 5246 2157 5301 llaec
2204 5257 2384 5302 autem
2437 5249 2641 5311 omnia,
2669 5259 2724 5303 et
2762 5252 2865 5305 alia
2898 5250 3171 5319 pleraque,
3203 5252 3318 5297 tum
3362 5255 3535 5294 mem-

1958 5339 2054 5393 bra
2097 5379 2112 5404 ν
2161 5349 2272 5393 lllm
2333 5349 2513 5409 partes
2565 5343 2950 5411 particulzequc
3013 5355 3076 5394 ac
3128 5339 3245 5392 loca
3314 5346 3533 5401 separa.

3422 5567 3531 5621 ιιδό

2971 5636 3012 5672 δ”
3041 5637 3299 5708 ούροδόχα
3327 5636 3366 5690 Β
3394 5638 3433 5693 (ἑ
3463 5636 3526 5709 Ρ,

2470 5642 2514 5673 ⁵³
2550 5639 2800 5712 μυελούς.
2832 5638 2893 5695 Β.
