4006 6158
514 282 650 336 1147
1820 281 2101 337 MELETII

2227 287 2448 343 iNACIII
3637 283 3781 342 1148

512 394 613 454 tim
669 398 725 448 ct
778 389 1117 462 conjunctim
1190 402 1599 461 nuncupantur.
1658 394 2138 468 Verumtamen”

2227 402 2288 455 αὶ
2321 401 2653 470 συνωνύμως
2672 416 2686 433 ·
2720 399 2863 471 πλὴν
2894 398 3043 454 κατά
3071 398 3296 471 μείζονα
3328 398 3432 470 μὲν
3458 397 3551 451 καὶ
3573 398 3792 468 ὁλοσχε-

514 482 725 554 majora
775 481 1132 552 plenioraque
1198 480 1562 539 describenda
1587 522 1602 548 ,
1645 485 1891 541 membra
1937 500 1954 551 ;
1994 485 2096 539 mi-

2227 490 2467 561 ιεστέραν
2515 488 2873 561 περιγραφὴν
2914 490 2984 543 τὰ
3036 488 3175 560 μέλη
3219 487 3609 558 λαμϐάνομεν·
3647 488 3791 542 κατὰ

514 589 646 629 nora
682 586 833 637 vero,
865 579 1050 640 partes
1103 570 1378 642 appellare
1416 573 1677 629 solemus.
1738 573 1846 628 Sed
1898 574 2105 630 eadem

2227 581 2258 633 ἑὲ
2282 580 2540 634 ἐλάττονα
2569 580 2639 634 τά
2671 580 2842 653 μέρη.
2875 578 3112 635 Δύναται
3141 579 3198 633 δὲ
3228 581 3324 633 καὶ
3357 579 3527 650 μέρος
3564 579 3625 632 τὸ
3656 579 3792 631 αὐτὸ

514 679 681 733 pars,
734 662 1004 727 membri,
1060 663 1346 733 partisque
1412 678 1612 720 nomen
1667 664 1868 719 subire
1932 663 2093 720 solet.

2227 671 2456 739 έγεσθαι
2496 670 2592 724 καὶ⁵
2626 671 2818 741 μέλος·
2852 667 2986 735 οἷον,
3025 670 3187 742 μέλος
3227 669 3323 723 τοῦ
3347 667 3604 739 σώματος
3624 669 3665 737 ή
3700 684 3793 721 κε-

513 753 761 824 Exempli
808 767 1020 819 causa,
1068 763 1271 824 caput,
1322 755 1630 810 membrum
1679 755 1960 824 corporis,
1999 754 2096 809 sed

2227 762 2368 834 ναλὴ,
2401 762 2539 816 ἀλλὰ
2569 762 2663 816 καὶ
2701 762 2867 833 μέρος
2909 776 2926 795 ·
2967 762 3131 832 μέρος
3152 761 3195 793 ⁶¹
3226 760 3285 812 δὲ
3331 760 3434 828 τῆς
3464 758 3709 829 κεφαλῆς
3736 758 3796 810 τὸ

515 854 570 901 et
634 853 843 913 partem
906 845 1163 902 dicimus.
1228 845 1301 900 At
1367 846 1563 916 capitis
1627 861 1794 915 pars,
1841 846 2096 916 occiput,

2227 851 2368 906 νίον·
2409 851 2503 906 καὶ
2538 852 2704 922 μέρος
2732 852 2906 922 αὐτῆς
2929 853 2959 904 ὁ
3003 851 3320 921 ὀφθαλμός·
3362 848 3458 902 καὶ¹
3493 847 3658 919 μέλος
3702 845 3795 899 τοῦ

521 938 827 993 membrum
887 952 1015 993 vero
1065 939 1183 1007 ejus
1235 939 1427 994 oculus
1476 946 1581 995 est.
1633 938 1925 1002 Praeterea,
1977 953 2102 993 cor-

2227 941 2459 1012 πώματος
2504 944 2539 1012 ἠ
2582 943 2728 1014 χεὶρ,
2780 941 2947 1013 μέρος
2983 941 3041 996 δὲ
3074 942 3174 1012 τῆς
3215 944 3401 1012 χεῖρος
3431 941 3460 993 ὁ
3497 938 3792 1002 δάκτυλος·

519 1030 672 1098 poris
720 1030 1032 1084 membrum
1093 1045 1314 1094 manus,
1373 1031 1493 1101 ejus
1546 1046 1675 1087 vero
1721 1045 1850 1101 pars
1901 1030 2103 1101 digitus

2227 1031 2380 1093 ιῦτως
2413 1031 2508 1085 οὖν
2535 1034 2631 1086 καὶ
2658 1033 2753 1086 ἐπὶ
2783 1032 2894 1086 τῶν
2943 1033 3142 1087 ἄλλων.
3172 1033 3405 1104 Εἴρηται
3434 1033 3492 1086 δὲ
3520 1031 3678 1100 μέρη
3703 1031 3796 1102 μὲν

522 1123 792 1186 habetur;
825 1121 967 1175 idem
1015 1128 1070 1175 et
1125 1121 1180 1175 in
1211 1122 1334 1177 aliis
1362 1122 1588 1177 dixeris.
1620 1122 1933 1185 Enimvero,
1956 1135 2103 1189 pars,

2227 1122 2318 1174 ιπὺ
2360 1121 2455 1176 τοῦ
2499 1123 2829 1193 μεμερίσθαι
2851 1123 2921 1188 ⁶²,
2976 1123 3072 1176 καὶ
3113 1123 3247 1178 ἄλλο
3300 1122 3463 1176 ἄλλου
3493 1121 3795 1194 διαφέρειν.

523 1229 647 1284 quae
672 1212 861 1269 Graece
891 1213 1115 1284 μέροςι
1145 1214 1313 1269 verbo
1338 1215 1718 1286 μεμερεϊσθαι,
1743 1215 1889 1284 quod
1913 1213 2107 1282 partiri

2227 1212 2379 1279 Πέλη
2433 1211 2492 1265 δὲ
2536 1210 2618 1266 ὅτι
2666 1211 2808 1282 μετὰ
2853 1211 3119 1283 ἁρμονίας
3171 1212 3321 1266 δοκεῖ
3368 1213 3696 1266 συνεστάναι
3742 1211 3800 1264 τὸ

526 1304 779 1368 diceres,
821 1303 1083 1371 aliudque
1133 1303 1203 1359 ab
1254 1303 1363 1360 alio
1412 1305 1703 1376 discrepat.
1758 1304 1826 1359 Et
1884 1304 2105 1374 quidem

2227 1302 2376 1372 σῶμα
2417 1301 2576 1373 ἡμῶν
2631 1306 2697 1358 ἐκ
2739 1306 3055 1376 μεταφορᾶς
3082 1303 3192 1358 τῶν
3219 1304 3361 1359 κατὰ
3401 1304 3501 1375 τὴν
3534 1301 3798 1374 μουσικὴν

532 1394 693 1465 μέλη,
737 1409 862 1463 quae
896 1395 1144 1449 membra
1190 1396 1534 1466 appellantur
1556 1436 1572 1461 ,
1623 1398 1749 1452 inde
1780 1397 2016 1459 scilicet,
2050 1404 2112 1450 ut

2227 1394 2419 1464 μελῶν,
2450 1394 2690 1469 κιθάρας
2719 1396 2884 1468 τυχὸν
2912 1396 2947 1467 ἢ
2980 1396 3178 1451 αὐλοῦ·
3212 1397 3311 1450 καὶ
3351 1396 3492 1450 αὐτὰ
3518 1396 3633 1467 γὰρ
3666 1394 3798 1466 μετὰ

531 1502 677 1549 reor,
727 1487 1229 1542 denominationem
1283 1499 1659 1559 sumpserunt,
1717 1490 1861 1561 quod
1904 1503 2107 1558 corpus

2227 1488 2483 1559 ἱρμονίας
2526 1488 2847 1543 συνίσταται
2867 1490 2932 1543 ⁸³.
2964 1489 3049 1543 Τὰ
3086 1489 3143 1543 δὲ
3185 1490 3403 1560 μόρια,
3442 1484 3559 1543 οἷον
3582 1491 3632 1523 ⁸⁸
3680 1490 3801 1561 ὄριά

530 1583 783 1632 nostrum
822 1575 1143 1633 harmonica
1184 1578 1425 1649 quadam
1468 1580 1871 1650 compositione
1903 1579 2107 1635 consti-

2227 1596 2335 1632 τινα
2357 1578 2508 1648 ὄντα,
2536 1580 2614 1644 ὡς
2643 1580 2987 1653 διωρισμένα
3005 1583 3074 1650 ⁸⁸,
3104 1582 3140 1654 ἢ
3165 1582 3237 1637 τὰ
3263 1582 3464 1654 μέρους
3494 1582 3665 1654 μέρη.

529 1679 708 1735 tuam,
757 1686 791 1726 a
847 1670 1311 1728 modulaminihus
1364 1674 1594 1730 citharae
1651 1676 1738 1730 vel
1804 1674 2001 1730 ﬁstulae
2056 1675 2401 1745 aliorumque
2451 1675 2793 1731 musicorum
2857 1676 3353 1731 instrumentorum
3440 1675 3801 1732 translatiOne

529 1774 783 1833 sumpta;
819 1779 945 1818 nam
1009 1774 1065 1819 et
1112 1765 1227 1835 ipsa
1284 1767 1547 1823 concordi
1601 1766 1838 1838 quadam
1913 1766 2310 1837 compositione
2356 1765 2469 1838 48
2539 1775 2796 1823 constare
2880 1777 3090 1823 certum
3142 1777 3251 1825 est.
3301 1766 3600 1823 Particulae
3657 1781 3798 1828 vero,

529 1871 653 1927 qua:
705 1855 892 1912 Graece
957 1856 1121 1928 μόρια
1192 1869 1607 1929 nuncupantur,
1681 1855 1770 1913 οἶα
1823 1858 1950 1930 ὂριά
2029 1876 2138 1913 τινα

2227 1877 2339 1923 ντα,
2388 1859 2546 1929 quasi
2582 1859 2800 1915 termini
2846 1860 3071 1930 quidam
3149 1859 3334 1923 divisi,
3406 1858 3524 1915 sive
3568 1857 3799 1929 partium

531 1961 713 2022 partes
744 1951 876 2007 sint.

600 2040 893 2107 Quodlibet
956 2040 1121 2111 igitur
1183 2042 1490 2098 membrum
1551 2059 1620 2099 ex
1692 2058 1892 2107 carne,
1950 2052 2109 2107 cute,
2142 2049 2186 2103 B

529 2132 751 2188 ossibus
783 2170 800 2196 ,
846 2132 1184 2189 membranis
1216 2171 1232 2197 ,
1285 2134 1467 2190 nervis
1499 2173 1516 2199 ,
1578 2135 1882 2202 musculis,
1932 2134 2116 2189 venis-

530 2237 639 2292 que
695 2236 761 2276 ac
818 2222 1036 2277 arteriis
1072 2224 1430 2278 constitutum
1490 2232 1751 2295 est,qme
1787 2241 1815 2279 a
1871 2240 2115 2294 congruo

530 2312 635 2381 (uti
658 2311 867 2366 dictum
895 2311 1001 2380 est)
1030 2311 1291 2368 alimento
1334 2314 1577 2368 aluntur.
1612 2315 1827 2384 Corpus
1875 2330 2115 2384 namque

532 2410 782 2456 nostrum
878 2400 1054 2455 tribus
1144 2401 1579 2460 dimensionibus
1615 2445 1631 2471 ,
1719 2405 2110 2474 longitudine,

535 2491 843 2557 latitudine,
927 2509 993 2549 ac
1050 2492 1424 2564 profunditate
1516 2506 1756 2552 constat.
1808 2497 1967 2563 Quod
2018 2513 2117 2551 au-

537 2590 646 2636 tem
746 2584 991 2638 continet
1090 2586 1270 2655 ipsum
1380 2589 1737 2659 copulatque,
1804 2588 2121 2658 superﬁcies

537 2670 758 2737 dicitur,
808 2689 973 2743 quam
1025 2674 1199 2731 ϐιωσὶ
1232 2677 1579 2746 ἐπιφάνειαν,
1631 2693 1663 2732 a
1701 2677 1867 2732 verbo
1904 2676 2129 2746 ἐπιφαί-

539 2761 748 2822 νεσθαι.
801 2765 947 2834 (ιιιοά
1010 2782 1233 2837 superne
1285 2784 1540 2838 apparere
1608 2768 1842 2833 diceres,
1905 2785 2123 2823 nuncu-

541 2863 689 2924 pant.
714 2853 783 2908 Et
804 2855 920 2911 haec
940 2857 1160 2926 quidem
1188 2857 1429 2913 breviter
1453 2858 1600 2913 dicta
1660 2858 1795 2914 satis
1820 2857 2126 2913 habeantur

2286 2039 2559 2091 Ἕκαστον
2588 2029 2680 2089 οὖν
2711 2034 2820 2090 τῶν
2853 2035 3033 2106 μελῶν
3056 2042 3122 2088 εκ
3152 2034 3353 2105 σαρκὸς
3399 2037 3493 2089 καὶ
3515 2031 3798 2107 δέρματοξς

2218 2128 2391 2184 ὀστῶν
2436 2129 2531 2182 καὶ
2576 2127 2812 2196 ὑμένων,
2857 2126 3068 2196 νεύρων
3108 2127 3205 2180 καὶ
3252 2126 3422 2196 μυῶν,
3469 2127 3688 2197 φλεϐῶν
3716 2132 3801 2182 καὶ

2218 2217 2501 2290 ἀρτηριῶν
2550 2216 2894 2270 συνίστανται
2916 2215 2961 2248 ⁸⁸
2981 2217 3020 2269 ⁸.
3069 2215 3396 2285 Τρεφόμενα
3429 2218 3493 2286 τῇ
3537 2218 3802 2287 καταλλή-

2217 2310 2325 2362 λων
2342 2309 2386 2340 ⁸⁸
2440 2307 2640 2377 τροφῇ,
2695 2303 2772 2367 ὡς
2822 2303 2924 2374 ἥδη
2982 2303 3219 2373 εῐρηται.
3265 2303 3418 2371 Ἔχει
3463 2303 3520 2356 δὲ
3566 2304 3631 2357 τὸ
3655 2304 3801 2371 σῶμα

2220 2398 2377 2470 ἡμῶν
2419 2395 2729 2456 διαστάσεις
2771 2395 2953 2464 τρεῖς·
3013 2393 3210 2462 μῆκος,
3247 2392 3432 2462 βάθος,
3466 2393 3691 2457 πλάτος.
3735 2394 3801 2446 Τὸ

2222 2490 2281 2543 δὲ
2310 2486 2537 2558 συνέχον
2564 2487 2658 2539 καὶ
2691 2484 2962 2538 συνάπτον
2978 2485 3022 2516 ⁸⁷
3048 2483 3201 2546 αὐτὸ,
3223 2482 3540 2552 ἐπιφάνεια
3567 2485 3796 2553 λέγεται,

2226 2580 2383 2649 παρὰ
2410 2580 2470 2632 τὸ
2498 2577 2905 2647 ἐπιφαίνεσθαι.
2934 2577 3048 2629 Καὶ
3075 2575 3250 2629 ταῦτα
3279 2577 3379 2646 μὲν
3403 2576 3480 2640 ὡς
3501 2576 3560 2629 ὲν
3593 2577 3799 2646 συνόψει

2223 2670 2498 2743 εἰρήσθω·
2548 2671 2693 2722 κατὰ
2740 2668 2906 2738 μέρος
2955 2666 3015 2720 δὲ
3046 2667 3176 2739 περὶ
3215 2667 3450 2722 ἑκάστου
3484 2668 3799 2740 λεχθήσεται

2228 2762 2440 2834 μορίου⁹
2466 2760 2561 2814 καὶ⁸
2592 2759 2811 2831 κράσις,
2841 2758 2935 2812 καὶ
2957 2758 3233 2829 ἐνέργεια,
3268 2760 3365 2812 καὶ
3393 2759 3577 2829 χρεία.

2166 2872 2181 2922 ;
2216 2851 2489 2920 reliquum
2531 2849 2697 2920 igitur
2735 2857 2839 2912 est,
2888 2847 2968 2902 uti
3007 2848 3076 2903 de
3126 2848 3372 2918 qualibet
3411 2859 3592 2919 parte,
3623 2849 3800 2919 cujus-

543 2957 670 3003 Iam
714 2948 1127 3018 temperamenti
1179 2949 1525 3021 actionisque
1572 2957 1738 3021 atque
1793 2965 1930 3006 usus
2000 2949 2112 3014 sit,
2153 2941 2470 3015 singillatim
2506 2939 2766 3010 deinceps
2803 2939 3132 2995 referamus.

1010 3064 1144 3133 Cap.
1172 3062 1212 3119 1.
1241 3093 1313 3105 -
1339 3063 1416 3118 De
1449 3065 1641 3135 capite.

617 3236 885 3302 Quoniam
904 3250 1036 3290 vero
1057 3235 1429 3291 membrorum
1458 3251 1579 3307 quae
1598 3236 1653 3291 in
1675 3236 1834 3292 nobis
1850 3245 1998 3302 sunt,
2025 3253 2120 3293 ca-

2234 3060 2381 3128 Κεφ.
2421 3060 2603 3128 A'._—
2626 3056 2764 3128 Περὶ
2793 3055 2904 3128 τῆς
2949 3053 3250 3128 κεφαλῆς-
3277 3054 3376 3128 καὶ
3424 3053 3542 3128 τῶν
3595 3055 3799 3123 ταύτης

2386 3126 2586 3182 ὀστῶν
2607 3124 2961 3195 καίραφῶν·
2995 3124 3094 3179 καὶ
3122 3124 3255 3192 περὶ
3288 3124 3657 3194 ἐγκεφάλου.

2310 3240 2463 3294 Ἐπεὶ
2502 3240 2560 3294 δὲ
2592 3236 2788 3312 πρώτη
2839 3238 2948 3292 τῶν
3000 3239 3058 3292 ὲν
3112 3239 3247 3309 ἡμῖν
3297 3237 3476 3308 μελῶν
3521 3240 3555 3308 ἡ
3602 3237 3800 3307 κεφαλὴ

548 3337 648 3399 pnt
679 3326 913 3398 primum
945 3336 1048 3388 est,
1076 3335 1262 3398 utpote
1307 3329 1454 3399 quod
1486 3329 1861 3385 scnsoriorum
1891 3330 2125 3397 oilicina,

2230 3333 2399 3401 ἐστὶν,
2457 3332 2532 3399 ὼς
2580 3332 2690 3385 τῶν
2737 3332 3047 3402 αἰσθήσεων
3092 3332 3458 3402 ἐργαστήριον
3481 3330 3548 3395 ⁸⁸,
3608 3333 3700 3385 κα)⁵
3747 3330 3799 3384 τὺ

549 3432 651 3472 nec
703 3429 810 3471 non
861 3432 1117 3488 suprema
1162 3420 1706 3492 eminentissimaque
1733 3437 1798 3478 ac
1850 3423 2127 3481 nobilissi-

549 3524 662 3571 ma,
689 3518 743 3563 et
773 3509 1009 3564 maxime
1039 3510 1358 3581 principalis
1388 3512 1635 3583 corporis
1668 3514 1847 3584 portio
1873 3514 2124 3580 habetur,

550 3601 604 3654 in
630 3615 736 3670 qua
758 3601 1074 3671 principalis
1125 3602 1321 3657 anima:
1357 3619 1483 3674 pars
1512 3605 1752 3675 regimen
1785 3605 2010 3661 obtinet.
2044 3607 2123 3661 Ex

550 3690 656 3745 hoc
678 3692 822 3746 enim
848 3693 1177 3765 principium
1197 3710 1435 3759 sumere,
1457 3696 1686 3767 ejusque
1708 3696 1816 3751 vim
1835 3697 2124 3768 explicare,

548 3780 635 3835 vel
670 3782 1016 3849 prudentiam
1049 3784 1231 3852 potius
1265 3786 1698 3858 sapientiamque
1747 3786 2024 3844 Creatoris
2072 3800 2129 3845 et

550 3869 648 3926 Dei
681 3874 852 3927 nostri
909 3875 1277 3942 considerare,
1323 3886 1488 3948 atque
1513 3879 1629 3935 haec
1675 3878 1859 3935 dicere
1905 3895 2129 3937 necesse

547 3971 672 4017 est:
712 3962 934 4032 Magnus
970 3977 1046 4020 est
1074 3965 1330 4023 Dominus
1358 3980 1572 4038 noster,
1607 3981 1657 4025 et
1701 3987 1894 4041 magna
1928 3980 2004 4025 est
2037 3987 2129 4041 po-

552 4055 718 4109 tentia
759 4055 910 4124 eius,
960 4066 1011 4112 et
1058 4060 1356 4129 prudentia:
1400 4063 1514 4132 ejus
1561 4078 1663 4117 non
1716 4074 1796 4119 est
1854 4080 2125 4118 numerus.

632 4146 745 4216 Age
787 4146 923 4217 jam,
955 4159 1011 4204 et
1035 4166 1159 4221 qua!
1187 4152 1524 4210 admirabilis
1556 4154 1791 4210 Basilius
1827 4163 2126 4222 asseverat,

547 4237 793 4293 oratione
820 4241 1269 4310 complectamur.
1297 4243 1390 4299 llle
1423 4261 1659 4317 namque
1692 4246 1902 4318 inquit:
1937 4265 1956 4298 ι
1986 4247 2126 4302 Cum

550 4328 692 4385 Deus
723 4330 1168 4389 eminentissime
1197 4339 1444 4406 corporis
1465 4339 1605 4407 parti
1639 4348 1803 4409 caput
1835 4339 2128 4408 apposuis-

545 4427 668 4480 set,
704 4419 759 4473 in
792 4422 910 4491 ipso
948 4425 1353 4495 quamplurima
1393 4428 1653 4497 praeclara
1692 4430 1939 4484 sensoria
1961 4428 2130 4483 collo-

544 4512 663 4566 cari
701 4516 962 4582 oportuit.
1018 4516 1094 4572 lbi
1131 4517 1281 4573 enim
1314 4520 1501 4585 visus,
1547 4522 1790 4587 auditus,
1830 4531 2044 4593 gustus,
2075 4530 2130 4576 et

543 4602 781 4660 olfactus
809 4607 1034 4675 propius
1061 4608 1291 4664 invicem
1343 4612 1677 4678 consistunt,
1726 4628 1789 4668 ac
1821 4629 1946 4669 cum
1977 4613 2127 4668 brevi

2228 3422 2565 3492 ὑψηλότατον
2603 3420 2700 3474 καὶ
2742 3418 3072 3490 ὑπερεξέχον
3089 3418 3134 3451 ⁶⁹
3167 3418 3333 3490 μέρος
3380 3418 3478 3472 τοῦ
3531 3418 3799 3490 σώματος,

2227 3516 2323 3568 καὶ
2367 3514 2429 3567 τὸ
2477 3511 2806 3582 τιμιώτατόν
2831 3527 2892 3564 τε
2918 3511 3015 3565 καὶ
3052 3509 3392 3580 κυριώτατον
3427 3504 3544 3583 ὲνῇ
3579 3511 3643 3563 τὸ
3682 3512 3799 3579 ἠγε-

2231 3604 2453 3676 μονικὺν
2484 3607 2585 3676 τῆς
2631 3602 2813 3674 ψυχῆς
2855 3599 3164 3673 βασιλεύει·
3208 3600 3510 3668 ἀναγκαῖον
3546 3602 3681 3654 κατ’
3708 3600 3797 3652 αὐ-

2227 3697 2387 3767 τῆς⁷⁶
2417 3694 2707 3767 ἄρξασθαι,
2748 3694 2842 3747 καὶ
2868 3692 2967 3763 τὴν
2992 3691 3244 3761 δύναμιν,
3283 3690 3484 3762 μᾶλλον
3512 3690 3571 3744 δὲ
3603 3690 3799 3745 σύνεσιν

2228 3789 2322 3841 καὶ
2352 3787 2542 3857 σοφίαν
2562 3785 2660 3840 τοῦ
2684 3783 3035 3856 Δημιουργοῦ
3062 3785 3156 3838 καὶ
3188 3781 3326 3835 Θεοῦ
3350 3784 3382 3853 ἡ
3391 3783 3507 3851 μῶν
3532 3781 3797 3837 κατασκέ-

2226 3880 2453 3951 ψασθαι,
2473 3879 2568 3933 καὶ
2591 3880 2763 3931 εἰπεῖν
2783 3878 2852 3909 ⁸³³·
2875 3875 3073 3946 Μέγας
3090 3879 3124 3931 d
3147 3875 3361 3943 Κύριος
3378 3874 3570 3945 ἡμῶν,
3603 3876 3696 3930 καί
3711 3891 3799 3944 με-

2229 3970 2384 4042 γάλη
2425 3971 2465 4036 ἡ
2495 3969 2675 4039 ἰσχὺς
2711 3968 2927 4034 αὑτοῦ,
2979 3967 3079 4021 καὶ
3121 3966 3231 4037 τῆς
3275 3968 3591 4034 συνέσεως
3628 3963 3797 4024 αὐτοῦ

2228 4065 2339 4117 οὐκ
2367 4062 2631 4133 ἀριθμός.

2313 4152 2514 4224 Ἀρχὴν
2538 4153 2594 4207 δὲ
2615 4152 2708 4206 τὸν
2751 4150 2849 4206 τοῦ
2879 4151 3190 4222 θαυμασίου
3220 4149 3428 4221 πατρὸς
3456 4150 3620 4221 ἡμῶν
3649 4150 3795 4201 Βασι-

2229 4245 2375 4300 λείου
2402 4243 2764 4315 ποιησώμεθα
2791 4243 2975 4312 λόγον.
3009 4244 3150 4315 Φησὶ
3178 4244 3286 4314 γὰρ
3316 4244 3524 4307 ἐκεῖνος
3545 4244 3618 4298 ⁷³.
3652 4262 3669 4295 ι
3699 4242 3796 4307 Τὴν

2232 4337 2471 4410 κεφαλὴν
2509 4338 2603 4390 ἐπὶ
2639 4338 2732 4390 τὸν
2784 4335 3125 4406 ὑψηλότατον
3153 4335 3267 4400 θεὶς
3291 4335 3386 4389 τοῦ
3420 4335 3673 4407 σώματος
3714 4332 3795 4386 τό·

2230 4447 2331 4483 πον
2351 4429 2398 4462 ⁷³
2422 4429 2480 4482 ἐν
2519 4429 2659 4499 αὐτῇ
2694 4427 2790 4492 τὰς
2837 4427 3105 4481 πλείστων
3133 4428 3293 4493 ἀξίας
3337 4428 3448 4479 τῶν
3503 4428 3793 4497 αἰσθήσεων

2230 4520 2615 4594 καθιδρύσατο.
2664 4512 2817 4573 Ἐκεῖ
2847 4519 2992 4589 ὄψις,
3020 4519 3116 4573 καὶ
3148 4518 3308 4590 ἀκοὴ,
3338 4518 3435 4572 καὶ
3460 4519 3671 4588 γεῦσις.
3711 4515 3793 4568 καὶ

2231 4612 2500 4684 ὄσφρησις
2518 4628 2534 4644 ·
2564 4613 2736 4665 πᾶσαι
2765 4611 2932 4680 ἐγγὺς
2955 4609 3203 4680 ἀλλήλων
3245 4612 3657 4681 κατῳκισμέναι
3677 4624 3689 4637 ·
3712 4605 3792 4659 καὶ

550 4693 657 4748 loci
699 4694 1102 4766 intercapedine
1149 4701 1553 4770 contineantur,
1607 4704 1815 4760 nullum
1860 4719 1928 4759 ex
1983 4705 2119 4773 ipsis

2227 4704 2362 4758 οὕτω
2396 4705 2538 4776 Ιπερὶ
2584 4703 2763 4776 βραχὺ
2817 4702 3019 4774 χωρίον
3062 4700 3570 4772 στενοχωρούμεναι
3591 4741 3606 4767 ,
3660 4697 3793 4753 οὐδὲν

548 4784 748 4840 actioni
799 4786 1023 4846 alterius
1064 4791 1314 4863 proxime
1373 4795 1690 4852 cxsistentis
1733 4795 2126 4866 impedimento

545 4876 724 4932 adest.
763 4896 781 4929 ι

617 4966 753 5022 Nam
818 4981 1000 5039 caput.
1054 4974 1201 5043 quod
1262 4973 1447 5031 Graece
1493 4977 1705 5048 κεφαλὴ
1764 4977 1983 5039 dicitur,
2017 4992 2125 5029 πα-

547 5057 621 5130 ρὰ
684 5059 746 5113 τὸ
812 5060 1138 5133 κάρφεσθαι,
1178 5066 1209 5119 ὃ
1269 5067 1387 5121 ἐστι
1425 5065 1793 5140 ξηραίνεσθαι,
1827 5067 1973 5138 quod
2019 5069 2126 5123 sic-

544 5153 707 5205 citate
778 5150 891 5224 49
949 5154 1233 5222 prazditum
1305 5158 1552 5219 diceres.
1610 5158 1935 5228 appellatum
1997 5170 2123 5219 est,

544 5254 673 5293 cum
730 5241 935 5297 siccum
998 5259 1328 5316 osseumque
1388 5247 1670 5300 habeatur.
1716 5246 1756 5298 A
1801 5245 2125 5313 quibusdam

546 5325 720 5399 λωφὴ
748 5340 1114 5402 nuncupatur,
1152 5333 1241 5388 διὰ
1263 5335 1324 5389 τὸ
1357 5335 1652 5390 καλύπτειν
1683 5335 1772 5387 τὸν
1803 5335 2123 5405 ἐγκέφαλον,

617 5482 662 5513 ⁸⁸
692 5481 855 5605 μέλος
880 5480 948 5549 Ἀ,
978 5485 1106 5541 item
1146 5486 1188 5540 P
1224 5488 1279 5542 in
1313 5489 1475 5545 dunh.
1506 5491 1602 5545 lin.
1642 5506 1784 5561 seq.,
1821 5489 1972 5561 ἡνίον
2000 5491 2044 5544 Α
2086 5490 2127 5544 Β
2152 5492 2214 5545 C.
2315 5492 2370 5574 θ’.

617 5565 659 5604 θ.
742 5593 755 5605 .
854 5554 876 5585 ⁸
904 5554 1221 5605 διοοισιιένει
1251 5560 1311 5605 Β-
1385 5562 1430 5593 ⁸⁵
1471 5565 1487 5583 ⁸
1523 5561 1839 5605 συνίσταται.
1872 5560 1911 5605 Β
1949 5563 2004 5605 Ι)-
2105 5562 2149 5594 ⁸⁸
2181 5561 2370 5605 natali

547 5565 659 5634 om.
692 5561 755 5634 ιςξ
830 5561 876 5585 ⁵⁵
895 5561 1221 5634 ξιορισμένα
1348 5562 1440 5634 ησξ
1471 5565 1487 5583 ‘
1523 5561 1839 5634 συνίσταται
1871 5561 1911 5613 Β
2048 5632 2068 5634 ﬂ
2105 5562 2138 5634 ‘_‘

2227 5561 2486 5634 ιταλλήλη

551 5565 659 5604 nm.
692 5552 755 5607 Ρ.
830 5552 876 5585 ⁸⁸
904 5554 1221 5625 διορισμένα
1251 5560 1311 5612 Β.
1385 5562 1430 5593 ⁸⁵
1471 5565 1487 5583 ‘
1523 5552 1911 5615 συνίσταται’Β
1948 5563 2005 5616 Ρ.

551 5618 673 5684 ἑργ.
709 5621 769 5675 Β.
894 5625 938 5654 ⁶⁹
970 5625 1236 5684 ὑπερέγον
1271 5631 1308 5682 Β
1339 5632 1378 5684 C
1412 5630 1469 5684 Ρ.
1547 5633 1593 5662 ⁷⁰
1624 5633 1689 5683 ὲκ
1728 5631 1931 5684 ταύτης
1964 5633 2002 5684 Β

904 5580 1221 5625 οιορισμενα
1251 5580 1311 5612 n.
1386 5580 1430 5593 τ·
1475 5580 1485 5583 τ
1523 5580 1839 5615 συνισταται
1871 5580 1911 5613 η
1948 5580 2005 5616 ι’.
2105 5580 2149 5594 τ’*
2181 5580 2528 5634 καταΑΑηΑοη

894 5625 1236 5699 ⁶⁹ιρπερέχον
1260 5631 1308 5699 Β
1339 5632 1378 5685 C
1412 5630 1469 5684 Ρ.
1547 5633 1593 5662 ⁷⁰
1624 5633 1689 5683 ὲκ
1728 5631 1931 5699 ταύτης
1964 5633 2002 5684 Β
2033 5632 2073 5685 C
2105 5630 2161 5683 P.
2238 5633 2281 5663 ⁷¹
2315 5580 2528 5686 πεῖν

2231 4796 2436 4869 ἑκάστη
2466 4794 2864 4868 παρεμποδίζει
2892 4797 2961 4865 τῇ
2998 4794 3259 4866 ἐνεργείᾳ
3297 4793 3400 4864 τῆς
3428 4793 3668 4860 γείτονος
3683 4793 3742 4843 ’⁵.
3770 4806 3784 4837 ι

2303 4969 2529 5040 Εἴρηται.
2568 4967 2626 5022 δὲ
2670 4966 2906 5039 κεφαλή
2955 4967 3110 5040 παρὰ
3152 4966 3217 5023 τὺ
3260 4967 3595 5040 κάρφεσθαι,
3622 4968 3652 5021 ὅ
3690 4967 3788 5019 ἐστι

2233 5059 2618 5133 ξηραίνεσθαι·
2655 5058 2796 5131 ξηρὰ
2836 5058 2947 5130 γάρ
2977 5060 3073 5113 καὶ
3100 5057 3347 5130 ὀστώδης
3391 5058 3531 5113 έστί.
3577 5052 3787 5119 Τινὲςδὲ

2233 5153 2508 5222 xuiith
2528 5152 2576 5185 ⁷⁸
2613 5151 2784 5224 αὐτὴν
2828 5151 3068 5221 λέγουσι,
3102 5151 3194 5206 διὰ
3237 5152 3300 5206 τὸ
3327 5150 3553 5206 σκέπειν
3584 5150 3678 5203 καὶ
3706 5162 3789 5199 και

2231 5246 2456 5299 λύπτειν
2487 5245 2579 5298 τὸν
2611 5242 2933 5313 ἐγκέφαλον.
2966 5244 3030 5297 Οἱ
3053 5243 3111 5297 δὲ
3137 5244 3248 5299 ἀπὸ
3270 5244 3369 5314 τῆς
3391 5243 3719 5314 κυφότητος·
3737 5235 3786 5287 τὸ

2232 5339 2341 5409 γὰρ
2370 5336 2632 5407 περιαγὲς
2650 5336 2694 5367 ⁷⁸
2726 5337 2819 5389 καὶ
2841 5335 3139 5407 περιφερὲς
3163 5335 3360 5405 κῦρον
3391 5335 3627 5403 λέγεται.
3655 5328 3716 5383 ΟΞ
3739 5324 3785 5377 δὲ

2315 5492 2370 5574 θ’,
2395 5490 2774 5615 μεμίξεῖσθαι.
2798 5491 2859 5544 Β.
2963 5491 3023 5573 ⁸³.
3043 5489 3392 5544 συνίστανται
3416 5487 3458 5542 Β
3474 5486 3548 5571 Γ.
3621 5485 3665 5516 ⁸·
3689 5475 3783 5535 οἷον

2315 5561 2504 5615 ιλΑήλω
2597 5560 2639 5615 C
2669 5559 2728 5615 P.
2820 5561 2865 5593 ⁸⁷
2895 5576 3185 5614 συνάπτων
3219 5558 3280 5614 Β.
3359 5560 3406 5593 ⁸³
3432 5574 3540 5611 των
3572 5552 3712 5609 αίσθ.
3733 5548 3783 5600 ὃν

2597 5560 2639 5615 C
2669 5559 2728 5615 P.
2820 5561 2865 5593 ⁸⁷
2895 5560 3185 5614 συνάπτων
3219 5558 3280 5614 Β.
3359 5560 3406 5593 ⁸³
3432 5558 3540 5611 τῶν
3572 5552 3712 5609 αίσθ.
3733 5548 3783 5600 ὃν

2628 5631 2675 5662 ⁷⁸
2705 5630 2793 5701 hic
2835 5629 2877 5685 C
2916 5630 2976 5701 Ρ,
3012 5631 3173 5700 primi
3205 5644 3327 5696 cav-
3357 5627 3672 5701 δῖνίβίοπθω
3703 5634 3787 5701 p2-

554 5698 689 5740 nunt
717 5691 757 5742 Α
796 5690 837 5744 Β
867 5688 1093 5748 nullam.
1139 5688 1182 5728 ⁷⁵⁵
1210 5698 1389 5753 τόπων
1420 5700 1458 5754 Β
1490 5700 1551 5754 (1.
1626 5700 1783 5769 ⁷³τὴν
1813 5688 2093 5772 ἐνέργειαν
2131 5720 2138 5730 ·

2247 5718 2301 5773 γ.
2335 5701 2392 5756 ll.
2468 5703 2513 5734 ⁷³
2538 5700 2801 5772 κε).ιαφὴν
2819 5701 2883 5755 Ρ.
2955 5688 3322 5770 ἱθ’πιεριεργίἒς
3356 5700 3424 5767 Α,
3466 5699 3575 5754 haec
3602 5706 3706 5748 om.
3728 5688 3780 5749 (ἓ
