4006 6158
291 332 428 384 lli!)
1533 331 1620 384 DE
1661 329 1950 387 NATURA
1995 329 2301 385 llOMlNiS.
3415 339 3557 394 “50

283 443 473 510 χάραν
493 442 762 510 λέγουσιν,
803 441 910 495 οἷον
953 444 1105 512 κέρα,
1149 428 1260 490 ὰπδ
1297 442 1398 494 τοῦ
1454 443 1855 513 τετριχῶσθαι·

1965 446 2109 514 quod
2151 445 2434 499 ccrebrum
2478 445 2618 498 velat
2653 445 3019 516 occultatque.
3077 446 3182 500 Alii
3231 448 3408 516 ipsum
3445 450 3556 503 ἀπὸ

283 536 420 602 κέρα
441 535 485 564 ⁷⁷
516 535 625 604 γὰρ
651 534 684 602 ἡ
720 533 872 603 θρίξ·
916 533 948 602 ἢ
981 532 1163 600 κρᾶτα
1187 528 1300 582 ἀπὸ
1329 533 1424 584 τοῦ
1457 534 1677 602 κράτος,
1716 535 1791 596 ὡς
1815 535 1855 565 ⁷³

1967 539 2066 609 τῆς
2095 537 2416 607 κυφὸτητος,
2444 537 2634 605 κύφον,
2677 537 2822 606 quod
2856 537 3065 607 gibbum
3097 537 3308 594 diceres
3329 581 3343 603 ,
3377 542 3559 610 appel-

282 623 516 677 ἐνταῦοα
562 623 657 676 τοῦ
702 622 1034 692 ἡγεμονικοῦ
1084 619 1482 691 τυγχάνοντος·
1535 624 1568 694 ἢ
1616 623 1855 692 κράνιον

1964 627 2124 690 lant;
2183 640 2306 679 nam
2365 626 2512 692 quod
2570 625 2856 680 circularis
2905 625 3310 692 ambientisque
3368 629 3556 695 ﬁgurae

285 717 434 782 παρὰ
463 716 522 767 τὸ
543 715 787 784 κραίνειν
811 717 906 768 καὶ
929 714 1235 784 βασιλεύειν
1258 714 1353 768 τοῦ
1374 714 1537 768 ἄλλου
1567 715 1819 786 σώματος
1842 733 1855 748 ·

1967 726 2050 772 est
2069 716 2261 784 κύφον,
2292 716 2394 770 hoc
2421 725 2503 769 est
2529 717 2824 786 gibbosum,
2849 715 3254 770 denominatur.
3295 717 3434 773 Sunt
3458 721 3554 786 qui

284 812 316 880 ἢ
350 809 438 863 διὰ
472 809 534 863 τὸ
560 811 872 880 κρέμασθαι
891 809 937 840 ⁷⁹
971 812 1088 863 ἐκεῖ
1115 810 1206 864 τὸν
1233 810 1556 879 ἐγκέφαλον.
1969 809 2145 880 κάραν
2173 802 2284 860 οἷον
2326 810 2532 878 κεῖραν,
2555 808 2664 861 ἀπὸ
2701 807 2796 860 τοῦ
2824 808 3136 878 τριχόσθαι,
3169 808 3315 878 quod
3346 810 3558 878 capillis

282 899 446 969 integi
466 901 696 965 diceres,
727 901 1044 964 nominant;
1075 917 1199 955 nam
1254 902 1419 974 κέρας
1470 904 1570 972 ipsi
1639 903 2013 972 capillaturam
2047 903 2327 968 dictitant;
2361 902 2474 957 sive
2542 901 2670 954 illud
2705 900 2884 971 κράτα
2909 912 3251 971 nuncupant,
3315 900 3423 955 ἀπὸ
3459 899 3556 953 τοῦ

285 997 535 1067 κράτους,
564 996 665 1049 hoc
703 1004 805 1054 cst.
833 1011 862 1049 a
891 1005 1159 1064 potestate
1194 997 1334 1067 ipsa,
1368 999 1514 1068 quod
1549 998 1681 1052 inibi
1745 999 1855 1066 prin

1960 998 2062 1052 alis
2138 998 2335 1051 animae
2409 995 2586 1064 portio
2634 995 2902 1060 exsistat;
2956 997 3041 1050 vel
3134 996 3358 1066 κράνιον
3401 994 3556 1063 παρὰ

283 1089 343 1141 τὸ
411 1089 689 1159 κραίνειν,
740 1090 884 1158 quod
937 1106 1154 1159 regnare
1224 1107 1319 1146 seu
1371 1095 1632 1162 imperare
1695 1091 2182 1161 explicares,quod
2205 1089 2483 1144 videlicet-
2513 1088 2582 1142 ab
2634 1088 2753 1157 ipso
2815 1088 3038 1158 reliquae
3084 1088 3332 1158 corporis
3369 1094 3556 1156 partes

284 1189 584 1250 regantur,
625 1189 720 1234 aut
748 1197 776 1232 ει
817 1181 981 1235 verbo
1025 1182 1348 1253 κρέμεσθαι,
1404 1185 1547 1254 quod
1617 1201 1902 1254 appensum
1939 1201 2052 1238 esse
2098 1181 2406 1248 signiﬁcat,
2458 1179 2589 1248 quia
2631 1179 2684 1232 in
2730 1179 2850 1248 ipso
2914 1179 3200 1234 cerebrum
3250 1191 3550 1247 appensum

285 1275 376 1328 sit.

357 1365 513 1418 Ἐστι
553 1364 608 1416 δὲ
643 1363 1032 1433 ὀέγκέςραλος
1065 1363 1279 1427 λευκὸς,
1323 1366 1619 1437 μαλθακὸς,
1669 1367 1858 1440 ὥσπερ
2063 1357 2354 1411 Enimvero
2387 1394 2402 1418 ,
2467 1355 2751 1408 cerebrum
2818 1355 2983 1407 molle
3059 1361 3190 1418 est,
3262 1355 3416 1424 quasi
3485 1373 3554 1412 ea

283 1456 343 1521 ἐξ
387 1455 563 1524 ἀφροῦ
603 1473 746 1518 τινος
771 1455 1034 1527 πεπηγὼς
1057 1457 1126 1522 ⁸ο,
1161 1457 1348 1528 ὑγρὸς,
1378 1460 1471 1512 καὶ
1497 1459 1722 1529 ψυχρός,
1759 1460 1855 1513 Ag.

1966 1462 2158 1517 spuma
2192 1455 2506 1500 concretum
2543 1443 2804 1512 quadam,
2852 1442 3253 1512 humidumque
3299 1458 3364 1498 ac
3393 1444 3552 1516 frigi-

283 1565 436 1616 γεται
468 1547 522 1600 δὲ
572 1547 906 1617 ἐγκέφαλος
951 1548 1102 1618 παρὰ
1146 1549 1208 1602 τὸ
1237 1549 1521 1617 ἐγκεῖσθαι
1551 1555 1616 1621 τῇ
1649 1551 1855 1622 κεφαλῇ

1966 1541 2120 1594 dum.
2172 1538 2468 1592 (.‘erebrum
2517 1545 2698 1588 autem
2751 1533 2897 1603 quod
2944 1533 3014 1587 ab
3063 1532 3170 1588 illis
3221 1533 3548 1602 ἐγκέφαλος,

284 1640 378 1692 καὶ
421 1641 486 1709 τῇ
537 1638 684 1708 κάρᾳ
702 1655 716 1670 ο
743 1639 776 1709 ἢ
826 1632 938 1692 οἷον
964 1637 1257 1707 ἐγκρανος
1275 1640 1342 1702 ⁸¹,
1367 1640 1454 1694 διὰ
1477 1639 1538 1693 τὸ
1580 1641 1855 1709 ἐγκεῖσθαι

1967 1629 2092 1699 quia
2130 1628 2183 1681 in
2231 1627 2410 1696 capite
2441 1625 2586 1695 quod
2617 1625 2688 1678 ab
2719 1623 2855 1692 ipsis
2927 1623 3142 1709 κεφαλὴ
3190 1623 3390 1678 dicitur
3417 1641 3551 1680 con-

287 1708 558 1800 iﬁtdrrspov
588 1727 664 1798 τῷ
706 1708 995 1798 κρανίῳ⁸’.
1035 1731 1190 1782 Ἐστι
1216 1731 1272 1783 δὲ
1316 1731 1548 1800 ἄναιμος
1584 1708 1855 1794 παντέλως

1966 1719 2145 1782 sistat,
2179 1733 2378 1770 nomen
2431 1716 2686 1785 adeptum
2735 1722 2840 1779 est,
2872 1714 2906 1784 ἢ
2930 1708 3040 1767 οἷον
3084 1714 3372 1785 ἐγκρανος,
3402 1717 3548 1786 quod

283 1821 377 1871 καὶ
403 1818 598 1888 ᾱφλεψ·
622 1819 806 1889 ἥδεται
832 1820 886 1870 δὲ
916 1821 1035 1882 ταῖς
1066 1819 1294 1890 θερμαῖς
1320 1822 1688 1874 καταστάσεσι
1717 1822 1855 1890 μᾶλ-

1961 1810 2014 1864 in
2054 1809 2239 1862 tabula
2291 1808 2390 1871 sit,
2424 1782 2552 1875 quae
2578 1805 2800 1876 κράνιον
2841 1782 3046 1860 dicitur
3084 1782 3254 1872 ;na’m
3297 1782 3433 1875 eius
3461 1823 3554 1878 pc-

282 1910 373 1962 λον
401 1910 434 1977 ἢ
459 1913 578 1972 ταῖς
620 1909 856 1979 ψυχραῖς
877 1925 892 1938 ⁸
938 1910 996 1960 ἐν
1041 1903 1131 1972 αἷς
1159 1910 1254 1962 καὶ
1281 1911 1727 1980 διυγραινόμενος
1759 1912 1855 1973 τὰς

1961 1900 2167 1953 culiare
2195 1897 2432 1951 oﬁicium
2465 1897 2517 1949 in
2550 1896 2702 1950 calva
2724 1896 3026 1950 consistere
3047 1905 3152 1951 est.
3185 1895 3252 1950 Et
3287 1897 3505 1966 quidem
3528 1940 3545 1964 ,

2063 1357 2354 1411 Enimvero
2387 1394 2402 1418 ,
2467 1353 2751 1408 cerebrum
2818 1353 2983 1407 molle
3059 1361 3190 1418 est,

286 2000 458 2069 μύξας
512 2000 601 2052 διὰ
629 2000 734 2053 τῶν
783 1999 945 2070 ῥινῶν
983 1999 1292 2071 ἀποκρίνει.
1347 2000 1520 2065 Μύξα
1556 2001 1666 2070 γάρ
1711 2001 1861 2054 ἐστιν

280 2092 656 2160 ἁήοκὶιοαρμα
681 2090 776 2143 τοῦ
822 2090 1138 2159 ἐγκεφάλου
1162 2091 1230 2155 ⁸⁸,
1262 2083 1413 2162 ᾧπερ
1461 2091 1511 2129 ⁸⁵
1541 2091 1858 2160 κουφίζεται

282 2183 342 2234 τὸ
371 2181 699 2251 ἡγεμονικὸν
729 2181 829 2250 τῆς
855 2181 1038 2252 ψυχῆς
1072 2182 1234 2253 μέρος
1254 2198 1269 2212 ·
1302 2183 1360 2235 ὲν
1384 2181 1535 2254 αὑτῷ
1566 2183 1674 2252 γὰρ
1707 2182 1857 2254 ἱδρύ-

287 2274 408 2326 σθαι
430 2273 584 2341 φασί.
616 2273 788 2337 Μύξα
811 2273 868 2327 δὲ
917 2274 1131 2344 εἴρηται
1162 2273 1313 2345 παρὰ
1342 2273 1404 2326 τὸ
1429 2276 1492 2328 ὲκ
1517 2277 1791 2346 μυκτῆρος
1811 2275 1857 2308 ⁸⁸

283 2363 676 2434 ἀποκρίνεσθαι
696 2381 708 2394 ·
734 2363 1013 2431 λέγεται⁸⁶
1032 2364 1089 2417 δὲ
1110 2366 1138 2416 ὁ
1166 2363 1468 2432 ἐγκέφαλος
1495 2364 1589 2417 καὶ
1605 2363 1856 2432 μυελὸς,

281 2448 392 2505 οἷον
415 2453 701 2522 μυχελὸς.
739 2453 848 2506 ἀπὸ
892 2452 987 2506 τοῦ
1029 2455 1088 2506 ἐν
1143 2453 1300 2524 μυχῷ
1351 2453 1602 2524 είλῆσθαι
1642 2453 1672 2507 ὃ
1709 2455 1858 2506 ἔστιν

281 2543 636 2606 αὐλίζεσθαιο
683 2544 713 2614 ἢ
758 2543 848 2597 διὰ
889 2545 952 2597 τὸ
1000 2545 1140 2608 λεῖος
1182 2541 1344 2612 εἶναι,
1385 2546 1418 2615 ἢ
1473 2547 1531 2600 ἐν
1587 2547 1855 2617 μεμυκότι

280 2633 451 2704 ὀστέῳ
499 2633 826 2702 τυγχάνεινο
887 2635 936 2686 οἱ
978 2633 1035 2686 δὲ
1081 2634 1377 2697 σκέποντες
1429 2634 1616 2687 τοῦτον
1661 2635 1856 2705 ὑμένες

275 2725 564 2794 {tria-(rrec
593 2724 866 2792 λέγονται,
895 2723 982 2777 διὰ
1005 2724 1066 2778 τὸ
1087 2723 1268 2795 μένειν
1294 2726 1353 2778 ὲν
1370 2725 1560 2789 αὐταῖς
1579 2725 1672 2778 τὸν
1698 2725 1854 2795 ἐγκέ-

284 2816 474 2883 φαλον.

1961 1989 2224 2058 sanguine
2255 1987 2516 2055 venisque
2560 1996 2748 2051 caret,
2795 1987 2969 2055 magis
3002 1996 3183 2041 autem
3231 1989 3414 2058 ipsum
3452 2006 3550 2044 ca-

1960 2089 2086 2144 lidis
2134 2086 2469 2156 temporibus
2495 2100 2660 2155 quam
2695 2084 2910 2156 frigidis
2955 2086 3280 2154 oblectatur,
3335 2105 3460 2143 cum
3494 2091 3548 2143 in

1961 2177 2174 2246 frigidis
2230 2181 2459 2230 humore
2507 2175 2701 2244 repleri
2751 2177 2945 2240 soleat,
2989 2177 3060 2231 ob
3103 2179 3249 2247 quod
3288 2194 3546 2234 mucnsos

1961 2269 2218 2323 humores
2257 2268 2404 2322 naris
2459 2267 2806 2336 promuscide
2848 2269 3116 2324 excernit.
3154 2267 3289 2323 Nam
3353 2286 3550 2325 mucus

1959 2360 2171 2416 cerebri
2215 2367 2635 2428 purgamentum
2682 2367 2787 2422 est,
2835 2374 2944 2428 quo
2981 2360 3301 2430 principalis
3350 2362 3548 2416 anima:

1957 2467 2084 2521 pars
2153 2467 2275 2522 qua:
2317 2453 2370 2505 in
2432 2451 2656 2506 cerebro
2704 2452 3008 2506 consistere
3060 2453 3281 2519 dicitur,
3304 2453 3546 2507 levamen

1962 2541 2144 2600 sentit.
2195 2543 2406 2608 Mucus,
2440 2543 2534 2612 qui
2561 2541 2745 2597 Graece
2775 2542 2917 2612 μύξα
2937 2583 2952 2607 ,
2986 2543 3093 2595 ἀπὸ
3121 2542 3216 2596 τοῦ
3264 2545 3546 2616 μυκτῆρος

1963 2637 2099 2706 ῥεῖν,
2131 2634 2276 2704 quod
2317 2635 2568 2689 videlicet
2597 2649 2665 2686 ex
2688 2634 2914 2688 naribus
2948 2634 3083 2702 ipsis
3115 2632 3298 2688 eﬁluat
3329 2649 3546 2689 nuneu-

1960 2733 2138 2792 patur.
2163 2721 2268 2778 Sed
2287 2731 2340 2777 et
2356 2721 2606 2777 medulla:
2627 2737 2824 2776 nomen
2841 2723 3126 2777 cerebrum
3145 2724 3374 2788 obtinet,
3397 2726 3545 2793 quod

1963 2814 2154 2885 μυελὸς
2172 2813 2388 2878 dicitur,
2407 2809 2516 2865 οἷον
2537 2813 2784 2883 μυχελὸς,
2804 2813 2960 2883 quasi
2981 2815 3126 2883 quod
3163 2815 3218 2868 in
3239 2815 3445 2869 intimis
3463 2829 3548 2868 ea-

286 2908 408 2975 pitis
443 2916 680 2962 moretur
707 2886 1198 2978 contineaturque',
1235 2908 1318 2963 vel
1374 2909 1519 2978 quod
1549 2909 1682 2964 laeve
1749 2909 2132 2975 lubricumque
2199 2906 2292 2969 sit,
2348 2905 2493 2974 quod
2520 2905 2593 2957 illi
2621 2905 2761 2957 λεῖον
2787 2905 3139 2970 dicunt;sive
3176 2907 3322 2975 quod
3349 2905 3547 2960 infati-

285 3007 468 3053 scente
495 3015 618 3054 osse
649 3002 933 3064 consistat,
972 2999 1119 3071 quod
1148 2999 1249 3068 ipsi
1277 2999 1522 3070 μεμυκὸν
1552 2998 1841 3069 appellant.
1883 2996 2213 3050 Membrana:
2234 3005 2413 3048 autem
2441 3010 2562 3064 qua:
2620 2997 2798 3065 ipsum
2860 3004 3047 3066 tegunt
3069 2997 3344 3068 μήνυγγες
3364 2997 3550 3051 dicun-

284 3107 370 3146 tur
420 3092 568 3163 παρὰ
606 3092 666 3145 τὸ
698 3093 899 3163 μένειν,
935 3093 1080 3164 quod
1112 3107 1322 3145 manere
1352 3092 1585 3156 dixeris,
1619 3091 1746 3162 quia
1770 3093 1822 3145 in
1864 3090 1996 3160 ipsis
2046 3089 2328 3143 cerebrum
2369 3089 2604 3158 positum
2668 3099 2906 3143 maneat.

375 3183 507 3252 Εχει
531 3182 586 3235 δὲ
615 3183 648 3253 ἠ
683 3180 896 3251 κεφαλὴ
927 3182 1187 3252 σχήματα
1217 3181 1346 3235 δύο·
1389 3181 1451 3234 τό
1474 3199 1534 3234 τε
1572 3181 1714 3234 κατὰ
1752 3180 1854 3249 φύ-

2028 3178 2250 3232 Duahus
2300 3179 2569 3248 siquidem
2624 3179 2812 3249 ﬁguris
2857 3189 3023 3249 caput
3077 3181 3339 3246 cernitur,
3378 3182 3548 3237 altera

282 3289 387 3336 σιν,
417 3272 513 3325 καὶ
550 3272 613 3324 τὸ
647 3271 829 3340 φοξόν·
859 3273 952 3325 καὶ
981 3273 1042 3325 τὸ
1072 3272 1172 3342 μὲν
1203 3271 1349 3325 κατὰ
1379 3271 1544 3341 φύσιν
1577 3273 1856 3342 προμήκει

283 3364 524 3434 μάλιστα
569 3366 777 3434 σφαίρᾳ
824 3364 1152 3434 προσέοικεν
1178 3363 1246 3418 ⁸⁷.
1304 3364 1752 3434 Προπετέστερον
1798 3363 1855 3416 δὲ

281 3456 520 3525 ὑπάρχει
553 3456 634 3516 εἰς
665 3471 725 3506 τε
751 3454 811 3506 τὸ
836 3455 1025 3524 πρόσω
1055 3455 1101 3487 ⁸⁸
1133 3455 1226 3508 καὶ
1261 3454 1524 3520 τούπίσω,
1551 3457 1701 3524 τρεῖς
1741 3455 1854 3525 ἔχει

279 3548 373 3610 τὰς
422 3547 602 3609 πάσας
647 3548 706 3599 έν
741 3545 890 3616 αὐτῷ
929 3544 975 3578 ⁸⁹
1011 3548 1190 3616 ῥαφάς
1216 3562 1232 3577 ο
1268 3547 1368 3615 τὴν
1417 3547 1852 3614 στεφανιαίανο

278 3637 372 3707 τὴν
399 3635 762 3705 ,λαμϐδοειδῆ
788 3639 854 3668 ⁹⁰’
883 3638 976 3690 καὶ
1005 3637 1104 3707 τὴν
1129 3638 1278 3690 κατὰ
1303 3637 1518 3706 μῆκος·
1549 3639 1682 3691 αὐτὸ
1711 3640 1766 3692 δὲ
1792 3640 1852 3692 τὺ

277 3728 384 3781 τῶν
417 3729 582 3798 τριῶν
624 3728 812 3798 ῥαφῶν
859 3731 1048 3800 σχῆμα
1081 3728 1162 3797 τῷ
1205 3747 1238 3781 κ
1281 3730 1565 3799 ὡμοίωται
1597 3731 1638 3762 ⁹¹
1673 3731 1854 3800 γράμ-

280 3835 449 3888 ματι⁶
484 3820 546 3872 τὺ
577 3820 633 3872 δὲ
675 3821 856 3889 φοξὸν,
906 3821 1008 3890 τῆς
1057 3820 1160 3888 μὲν
1211 3820 1436 3873 ὄπισθεν
1469 3822 1852 3893 ἀπολλυμένης

276 3912 488 3982 ἑξοχῆς,
520 3912 616 3964 καὶ
665 3912 698 3982 ἡ
729 3911 1089 3981 λαμϐδοειδὴς
1119 3911 1166 3942 ⁸³
1210 3913 1358 3983 ραφὴ
1413 3913 1847 3966 συναπόλλυται·

271 4002 374 4072 τῆς
415 4002 473 4054 δὲ
505 4000 818 4072 ἔμπροσθεν
840 4040 854 4066 ,
890 4002 924 4072 ἡ
965 4001 1291 4070 στεφανιαία
1323 4001 1671 4064 διασώζεταν
1709 4001 1849 4056 ὥστε

270 4093 332 4144 τὸ
360 4092 469 4144 τῶν
495 4092 818 4162 σωζομένων
849 4091 1041 4162 ραφῶν
1087 4091 1274 4162 σχῆμα
1307 4091 1388 4162 τῴ
1423 4092 1533 4146 ταῦ
1561 4094 1850 4164 γράμματι

271 4184 652 4255 παραπλήσιον
677 4179 836 4237 εἶναι’
865 4187 961 4238 καὶ
993 4183 1168 4237 ταῦτα
1199 4184 1298 4254 μὲν
1327 4184 1420 4236 ἐπὶ
1447 4184 1554 4236 τῶν
1581 4185 1846 4256 ἀρρένων.

271 4274 344 4327 Τὸ
372 4276 429 4328 δὲ
457 4275 614 4345 θῆλυ,
653 4277 784 4346 μίαν
820 4274 935 4346 ἔχει
965 4275 1058 4328 καὶ
1097 4275 1267 4346 μόνην
1297 4275 1474 4346 ῥαφὴν
1502 4275 1850 4346 κυκλοτερῶς

1959 3288 2083 3343 qua
2133 3282 2340 3326 naturae
2394 3273 2585 3326 ordine
2635 3285 2750 3336 esu,
2783 3273 2951 3326 altera
3020 3288 3184 3342 quam
3241 3273 3400 3342 φοξὸν
3460 3274 3546 3327 di-

1959 3373 2109 3416 cunt.
2161 3361 2225 3416 Et
2291 3361 2395 3415 alia
2472 3377 2592 3430 qum
2666 3371 2875 3416 natura:
2935 3364 3180 3431 procedit
3233 3363 3431 3417 ordine
3491 3365 3548 3418 in

1957 3453 2181 3524 longum
2251 3463 2515 3522 porrectae
2587 3453 2815 3521 sphaera:
2880 3455 3196 3519 similatur,
3230 3457 3549 3523 prominen-

1958 3546 2066 3599 tius
2130 3546 2182 3597 in
2245 3545 2466 3613 oeciput
2529 3545 2636 3613 50
2694 3545 3046 3614 sim-iputque
3111 3547 3357 3601 tendens.
3419 3547 3546 3600 Tri-

1956 3637 2059 3690 bus
2095 3636 2224 3689 illud
2270 3637 2478 3690 suturis
2533 3636 2852 3690 distinctum
2915 3637 3130 3700 visitur,
3165 3653 3270 3690 una
3301 3654 3422 3706 qum
3455 3655 3547 3690 co-

1955 3726 2180 3790 ronalis,
2226 3727 2393 3778 altera
2446 3741 2568 3793 qu:e
2622 3724 2870 3779 Graecum
2901 3727 2945 3778 Λ
2984 3728 3199 3795 ﬁguret,
3227 3726 3393 3779 altera
3425 3743 3548 3796 qua:

1953 3818 2006 3872 in
2057 3818 2273 3886 longum
2311 3825 2555 3886 porrecta
2591 3827 2693 3870 est.
2745 3818 2815 3871 At
2844 3832 3035 3872 omnes
3067 3819 3149 3871 lue
3200 3827 3307 3871 tres
3341 3827 3548 3873 sutura:

1954 3909 2181 3978 ﬁguram
2211 3923 2375 3978 quam
2410 3907 2659 3962 Graecum
2688 3909 2738 3961 K
2771 3909 2936 3962 habet
2967 3909 3305 3978 exprimunt.
3337 3907 3393 3962 In
3415 3925 3546 3963 acn-

1953 4001 2158 4053 minata
2209 4008 2390 4053 autem
2448 3999 2642 4068 capitis
2691 4000 2863 4068 ﬁgura
2919 4015 3083 4068 quam
3143 3997 3317 4053 Gimci
3379 3999 3544 4068 φοξὸν

1952 4098 2309 4158 nuncupant,
2372 4104 2498 4143 cum
2557 4088 2804 4158 occipitis
2859 4088 3154 4142 eminentia
3199 4088 3540 4152 destruitur,

1953 4177 2044 4231 illa
2078 4194 2198 4247 qua:
2229 4178 2477 4233 Graecum
2529 4180 2573 4231 A
2605 4187 2798 4233 sutura
2842 4178 3060 4246 ﬁgurat,
3105 4193 3211 4231 una
3241 4177 3538 4247 perniciem

1951 4269 2150 4334 sentit,
2196 4269 2464 4337 sincipitis
2516 4284 2644 4322 vero
2675 4277 2866 4322 sutura
2919 4267 3210 4320 incolumis
3267 4274 3536 4318 servatur.

270 4368 709 4438 περιαγομένην,
756 4368 850 4421 καὶ
897 4367 1347 4438 περιγράφουσαν
1383 4367 1444 4418 τὸ
1481 4367 1733 4437 κρανίον⁹
1783 4369 1848 4420 ὲκ

1956 4358 2153 4428 Itaque,
2185 4375 2249 4413 ex
2302 4359 2510 4413 suturis
2549 4374 2670 4426 quae
2704 4359 2925 4427 reliqua:
2967 4357 3123 4418 ﬁunt,
3156 4355 3350 4408 similis
3391 4370 3540 4422 quae-

267 4459 454 4513 τούτου
487 4460 596 4530 γὰρ
625 4459 724 4514 τοῦ
767 4459 999 4530 σημείου
1049 4460 1108 4512 ἐν
1141 4461 1253 4522 τοῖς
1291 4459 1488 4528 τάφοις
1517 4459 1584 4512 τὰ
1611 4459 1720 4511 τῶν
1753 4459 1844 4513 ἀν-

266 4551 407 4620 δρῶν
437 4553 533 4605 καὶ
566 4552 846 4621 γυναικῶν
881 4551 1222 4623 διακρίνεται
1247 4550 1292 4582 ⁸³
1318 4550 1535 4621 κρανία.

1948 4454 2074 4507 dam
2107 4452 2277 4520 ﬁgura
2309 4451 2497 4504 Graaco
2524 4450 2567 4501 Τ
2618 4450 3022 4518 inspicitur;ct
3057 4447 3140 4501 his
3180 4446 3399 4515 quidem
3436 4461 3534 4498 su—

1879 4532 1923 4587 n
1952 4551 2093 4605 luris
2127 4549 2294 4603 maris
2347 4556 2509 4616 caput
2539 4547 2912 4616 distinguitur.
2953 4543 3175 4598 Femina
3225 4556 3372 4604 vero,
3426 4556 3534 4594 una

268 4652 478 4698 tantum
509 4645 764 4702 circulari
791 4653 983 4700 sutura
1007 4646 1230 4715 praedita
1270 4649 1374 4708 est,
1440 4657 1561 4712 qua:
1619 4642 1920 4698 orbiculata
1961 4642 2132 4714 ﬁgura
2170 4641 2376 4696 calvam
2425 4641 2604 4710 signat
2651 4649 2814 4710 atque
2859 4638 3260 4708 complectitur.
3294 4635 3389 4689 His
3431 4636 3535 4687 ita-

263 4753 371 4808 que
433 4737 688 4800 indiciis,
748 4739 982 4792 maxium
1059 4736 1494 4802 feminarumque
1548 4734 1729 4787 calvas
1787 4733 1839 4785 in
1882 4733 2250 4788 monumentis
2293 4732 2452 4786 facile
2483 4732 2898 4800 distiugueres:

334 4826 378 4859 ⁸⁵
407 4827 638 4898 Εἴρηται
661 4827 714 4880 δέ
741 4845 853 4880 τισι
885 4828 994 4880 τῶν
1035 4826 1316 4895 Πατέρων,
1363 4825 1444 4875 ὅτι
1476 4825 1530 4875 ai
1569 4826 1719 4892 τρεῖς
1757 4825 1873 4891 ῥα(

265 4918 363 4987 Qui.
398 4920 496 4989 τῆς
549 4919 792 4989 κεφαλῆς
843 4919 938 4972 τοῦ
994 4920 1223 4990 ἄρρενος
1272 4915 1370 4985 τὴν
1420 4915 1850 4985 τρισυπόστατον

260 5010 481 5078 δηλοῦσι
506 5009 758 5080 θεότητα,
801 5013 1019 5081 Πατρὸς
1049 5050 1063 5074 ,
1095 5009 1250 5074 Υἱοῦ,
1279 5009 1374 5060 καὶ
1405 5008 1560 5075 ἁγίου
1599 5005 1850 5074 Πνεύμα-
1900 5060 1920 5073 ς

258 5118 371 5165 τος·
398 5101 488 5169 ὑφ’
514 5097 613 5169 ὧν,
638 5105 952 5173 ὲνσυμφυῒα
985 5105 1084 5156 καὶ
1111 5099 1478 5154 ταυτοϐουΜα
1518 5097 1842 5168 διεπλάσθη,

258 5203 354 5254 καὶ
379 5202 513 5272 πρὸς
536 5201 602 5254 τὰ
623 5201 735 5254 ἄνω
755 5199 977 5270 βλέπειν
1005 5197 1416 5267 κατεσκευάσθη
1439 5198 1504 5248 ⁸⁵.
1534 5195 1576 5247 Τ
1579 5195 1604 5247 ὸ
1623 5194 1679 5246 δὲ
1707 5193 1843 5264 πρὸς

331 5357 386 5419 έττ
422 5355 591 5424 κέρας
625 5353 665 5405 Β
691 5353 732 5406 C
766 5352 824 5424 Ρζ
855 5352 1020 5424 "Mdg;
1054 5351 1260 5424 om._B.

1365 5349 1412 5380 ⁷⁸
1435 5344 1751 5418 νκρέμεσραι
1795 5346 1860 5398 Α.

2035 4823 2311 4892 Siquidem
2387 4822 2631 4876 nonnulli
2695 4837 2865 4875 sacra:
2935 4821 3145 4890 pagina:
3191 4821 3540 4888 interpretes.-

1960 4924 2069 4968 tres
2133 4929 2255 4982 qua:
2327 4913 2380 4966 in
2451 4914 2619 4965 maris
2656 4913 2832 4979 capite
2896 4921 3023 4965 sunt
3085 4921 3304 4964 suturas
3368 4911 3532 4962 trium

1959 5021 2080 5071 quae
2146 5005 2199 5058 in
2260 5004 2458 5058 divinis
2535 5011 2662 5058 sunt
2741 5018 3152 5072 personarum,
3208 5001 3405 5066 Patris,
3448 5001 3534 5052 in-

1952 5113 2150 5167 quam,
2202 5107 2255 5151 et
2311 5095 2476 5162 Filii,
2518 5105 2572 5150 et
2621 5096 2794 5151 sancti
2851 5095 3130 5165 Spiritus,
3183 5093 3535 5158 signiﬁcatio-

1954 5206 2075 5245 nem
2139 5190 2384 5244 obtinere
2426 5187 2631 5258 opinati
2680 5196 2855 5252 sunt,
2887 5203 3010 5257 qua:
3068 5186 3401 5240 cohrerentes
3443 5196 3534 5237 ea-

1947 5341 1994 5375 ⁸⁶
2028 5342 2277 5410 πεπηγὸς
2314 5343 2374 5395 Β.
2477 5341 2520 5373 ⁸¹
2561 5341 2829 5410 ἔγγρανος
2884 5340 2946 5393 Β.
3049 5339 3097 5370 ⁸³
3143 5338 3227 5410 his
3286 5349 3436 5392 caret
3466 5340 3526 5410 C.

253 5429 300 5460 ⁸³
328 5407 431 5479 τοῦ
474 5407 762 5491 ἕγίάποκ.
799 5423 859 5477 Β.
892 5423 938 5454 ⁸³⁵
955 5407 1230 5491 ῶσπερΑ,
1251 5407 1594 5491 ’κουφίζέια
1669 5415 1714 5446 ⁸⁸
1737 5416 1801 5491 ὲκ
1819 5431 1855 5467 τι

1956 5432 2004 5468 ι..
2044 5412 2104 5466 Β.
2129 5407 2174 5491 ξέ
2197 5407 2808 5491 λέγεται-αυλίζέσθαι
2836 5410 2920 5462 hic
2939 5410 3124 5491 (ξιιμ-ρει
3156 5407 3338 5491 {post
3369 5409 3530 5491 verba

252 5498 344 5550 τὸν
389 5482 690 5562 ἐγκέφαλον
715 5508 890 5560 reper.
921 5494 1034 5546 sed.
1072 5482 1224 5560 ἢ’διὰ
1254 5520 1323 5529 -
1352 5482 1641 5607 τυγῖὂάνειν
1671 5486 1874 5566 omissa
1914 5482 2062 5536 sunt.
2139 5482 2183 5513 ⁸⁷
2213 5499 2384 5551 προμ.
2419 5483 2628 5564 σφαίρᾳ
2660 5497 2836 5559 ’προσ-ε

253 5582 406 5619 ωπον
431 5568 496 5617 Α.
599 5563 646 5596 ⁸³
673 5561 850 5626 ἑαυτῷ
886 5566 951 5616 Α.
1033 5562 1080 5593 ⁹⁰
1138 5558 1434 5626 λαμϐοειδῆ
1513 5599 1526 5620 ,
1565 5554 1850 5626 λεμϐοειδη
1879 5554 1942 5608 C.
2039 5554 2081 5585 "
2111 5553 2375 5622 ὁμοίωται
2401 5552 2470 5626 Β,
2499 5566 2780 5626 ομοιουται
2805 5555 2836 5603 ι

253 5582 406 5619 ωπον
431 5558 496 5617 Ἀ.
535 5558 546 5562 ⁷
599 5563 646 5596 ⁸³
673 5558 850 5631 ἑαυτῷ
886 5566 951 5616 Α.
1033 5558 1104 5593 ⁹⁰“
1138 5558 1434 5631 λαμϐοειδῇ

253 5634 571 5704 λεμδοειδὴς
594 5633 658 5690 C.
754 5632 802 5663 ’³
829 5631 1199 5702 διακρίνονται

2917 5479 3007 5532 αλ.
3041 5479 3102 5530 Β.
3203 5478 3248 5508 ⁸⁸
3271 5477 3332 5530 τὸ
3361 5477 3532 5546 πρόσσ

2039 5554 2081 5585 ⁹¹
2111 5547 2375 5622 ὁμοίωται
2401 5547 2474 5616 B,
2499 5547 2780 5622 ὁμοιοῦται
2805 5549 2846 5603 C
2874 5547 2938 5622 P._
2964 5618 2986 5622 _
3034 5549 3078 5622 ’ξ
3106 5547 3434 5622 λαμὸοειδης
3465 5547 3529 5610 Β,

1413 5616 1460 5658 δι
1490 5616 1642 5692 Quae
1669 5616 1855 5694 διηριιί

1956 5641 1972 5676 r
2003 5616 2173 5692 usque
2207 5623 2484 5694 rad_verba
2516 5616 2617 5694 τῆς
2655 5616 2748 5694 οᾷν
2780 5618 3042 5694 κεφαλῆς-
3063 5619 3112 5670 in
3146 5629 3291 5694 [CXIII
3325 5619 3528 5672 eitiissa

256 5687 457 5774 scripta
490 5687 616 5761 sibi
645 5687 720 5759 vin
753 5717 846 5758 ora
875 5687 1035 5758 manu
1069 5700 1440 5756 recentissima
1466 5687 1533 5752 ΡῘ
1570 5695 1618 5730 ’⁸
1643 5687 1838 5763 ὑφ”ὦν

1956 5687 2100 5763 υμφξ
2125 5693 2259 5762 πρὸς
2292 5690 2348 5746 ἓν
2400 5687 2789 5744 συνάπτεσθαι·
2819 5692 2914 5742 καὶ
2950 5687 3112 5742 πάλιν
3137 5689 3202 5742 Α.
