4006 6158
529 260 666 315 “Eii

1851 248 2132 305 MELETII
2176 245 2490 304 MONACIII

3665 259 3808 315 “5‘3

529 381 763 446 demque
789 373 1082 428 sentientes
1127 368 1259 423 illud
1293 374 1672 438 procrearunt,
1708 377 1764 421 et
1804 369 1881 422 uti
1907 386 2102 438 supera

2215 371 2266 422 ἓν
2303 367 2672 422 συνάπτεσθαι
2705 369 2868 422 πάλιν
2895 370 2994 433 τὰς
3022 373 3172 442 τρεῖς
3198 374 3264 437 ⁸⁸,
3298 373 3397 445 τὴν
3429 375 3670 446 οὐσιώδη
3709 383 3808 432 καὶ

529 465 923 536 contempletur
976 460 1372 515 formaverunt.
1428 457 1584 523 Quod
1645 473 1774 512 vero
1819 459 1951 530 ipsa:
2003 471 2112 514 tres

530 571 736 614 suturae
805 558 860 610 in
913 570 1084 608 unum
1145 554 1328 607 denuo
1391 557 1619 614 coeant,
1691 552 2108 607 substantialem

530 649 943 715 naturalemque
975 660 1038 699 ac
1085 644 1250 699 unius
1282 643 1539 712 potentia:
1573 641 1833 696 unitatem
1865 644 1968 697 sub
2004 660 2109 698 una

530 749 800 810 potestate
829 743 1242 806 repraesentant.
1268 734 1334 786 At
1361 733 1509 786 illam
1541 748 1664 801 quae
1690 734 1745 786 in
1779 732 1996 788 iemiuae
2019 749 2111 787 ca-

527 834 638 901 pite
667 846 773 885 una
815 841 1004 884 sutura
1042 835 1145 892 est,
1183 840 1305 895 quae
1335 825 1619 879 circularis
1657 825 1906 890 habetur,
1943 827 2110 894 impe-

529 924 672 975 rium
726 922 868 990 quod
904 917 1320 986 comprehendit
1349 915 1698 982 continetque
1731 917 1982 970 universa
2009 932 2109 971 sa:-

527 1013 669 1075 cula,
695 1027 757 1064 ac
793 1010 1076 1080 potestatis
1104 1009 1267 1062 totius
1297 1005 1447 1060 orbis
1472 1005 1758 1070 unitatem,
1799 1015 1855 1060 et
1882 1008 1990 1059 vim
2024 1007 2107 1061 di-

528 1105 669 1157 vinat
732 1103 986 1172 potentia:
1035 1098 1188 1152 omni
1251 1099 1358 1150 line
1393 1105 1670 1150 carentem
1717 1106 2108 1164 repraesentare

527 1211 592 1249 ac
646 1194 878 1264 ﬁgurare
915 1197 1234 1246 sanxerunt.
1273 1187 1340 1240 Et
1387 1187 1852 1257 quemadmodum
1882 1205 2004 1257 qua:
2036 1189 2104 1243 ad

527 1287 944 1341 intellectualem
999 1281 1238 1336 hominis
1287 1280 1517 1351 ﬁguram
1576 1280 1832 1342 attinent,
1882 1281 1983 1334 tria
2048 1281 2102 1335 in

2214 460 2448 530 φυσικὴν
2479 461 2734 530 ἑνότητα,
2775 461 2870 514 καὶ
2905 461 2967 514 τὸ
3008 461 3066 514 ἓν
3099 465 3299 533 κράτος
3349 465 3671 530 ἐξεικονίζει
3703 469 3803 540 τῆς

2215 555 2346 620 μιᾶς
2375 552 2721 622 κυριότητος.
2769 552 2836 606 Ἡ
2860 552 2919 606 δὲ
2951 554 3046 606 ἐπὶ
3074 557 3174 624 τῆς
3201 557 3448 624 κεφαλῆς
3475 558 3569 610 τοῦ
3605 558 3804 625 θήλεος

2213 645 2313 712 μξα
2344 645 2492 714 ραφὴ
2525 644 2781 715 κυκλικῆ,
2815 645 2918 714 τὴν
2950 647 3305 718 περιεκτικὴν
3345 649 3443 702 καὶ
3473 653 3801 722 συνεκτικὴν

2208 733 2304 786 τοῦ
2342 737 2544 796 παντὸς
2591 735 2958 806 κυκλοτεροῦς
3003 738 3211 806 κόσμου
3265 739 3560 810 μοναδικὴν
3599 741 3802 794 δεσπο-

2208 827 2380 879 τείαν·
2416 828 2632 898 καὶτῆς
2670 829 2799 896 μιᾶς
2827 829 2922 880 καὶ
2949 829 3288 898 θεοπρεποῦς
3317 831 3602 900 δυνάμεως
3644 835 3801 886 ἀπει-

2211 918 2337 988 ρίαν
2393 919 2737 989 συμὸολικῶς
2792 921 3165 990 παρεμφαίνει
3227 924 3321 974 καὶ
3373 924 3796 992 παραδείκνυσι.

2209 1011 2319 1064 Καὶ
2348 1012 2606 1081 καθάπερ
2639 1013 2732 1066 ἐπὶ
2761 1014 2860 1082 τῆς
2893 1014 3090 1083 νοητῆς
3123 1013 3341 1082 φύσεως
3372 1015 3466 1068 τοῦ
3503 1016 3796 1086 ἀνθρώπου

2208 1102 2335 1173 τρία
2364 1104 2487 1157 καθ’
2532 1104 2806 1174 ἑκατέραν
2837 1104 3102 1174 εὕρηνται
3143 1106 3524 1176 διοργάνωσιν,
3561 1107 3661 1159 τοῦ
3703 1109 3796 1178 ἄρ-

2211 1189 2369 1264 ρενοέ
2409 1195 2552 1262 λέγω
2603 1197 2698 1248 καὶ
2751 1195 2850 1264 τῆς
2876 1198 2920 1227 "
2977 1196 3192 1265 θήλεοςο
3249 1197 3412 1262 νοῦς,
3461 1197 3647 1265 λόγος,
3706 1197 3797 1250 καὶ

2207 1283 2446 1352 πνεῦμα·
2481 1282 2657 1346 οὕτως
2685 1284 2781 1337 καὶ
2813 1284 2905 1336 ἐπὶ
2935 1285 3033 1354 τῆς
3065 1285 3329 1355 αἰσθητῆς
3361 1286 3528 1338 αὐτοῦ
3558 1286 3792 1354 φύσεως,

528 1380 815 1447 utriusque
856 1384 970 1429 tum
1007 1374 1196 1435 maris,
1236 1381 1350 1426 tum
1392 1371 1607 1425 femina:
1664 1371 1912 1441 corporis
1967 1375 2382 1442 constitutione,
2473 1392 2650 1440 mens,
2711 1377 2959 1443 verbum,
3024 1386 3080 1431 et
3127 1378 3352 1446 spiritus
3393 1387 3612 1447 reperta
3651 1389 3794 1439 sunt,

529 1466 602 1525 ita
632 1479 686 1524 et
717 1472 782 1524 de
818 1467 1054 1523 sensuali
1103 1466 1220 1536 ejus
1245 1475 1440 1519 natura
1467 1465 1690 1522 dixeris.

603 1560 816 1614 Etenim
842 1559 1081 1614 anterior
1097 1557 1291 1626 capitis
1314 1572 1438 1626 pars
1461 1555 1616 1611 frons
1645 1556 1866 1622 dicitur,
1887 1558 1957 1612 ab
1975 1558 2108 1628 ipsis

533 1650 783 1720 μέτωπον
817 1645 928 1702 οἷον
951 1649 1260 1718 ὑπέρωπον,
1315 1647 1473 1716 quasi
1525 1648 1698 1702 oculis
1727 1649 2106 1702 imminentem

531 1752 738 1810 partem
758 1742 908 1795 dicas
934 1759 947 1794 :
972 1740 1162 1795 oculos
1191 1738 1336 1792 enim
1361 1738 1462 1807 ipsi
1491 1737 1599 1791 ὅπα
1618 1748 1954 1808 nuncupant.
1977 1738 2108 1794 Pars

529 1847 659 1888 vero
675 1848 795 1902 qua:
813 1833 972 1902 paulo
987 1833 1055 1885 ah
1077 1832 1193 1901 ipsa
1211 1829 1389 1884 fronte
1415 1845 1634 1885 sursum
1661 1832 1852 1894 tendit,
1868 1831 2111 1899 sinciput

531 1927 754 1989 dicitur,
783 1941 946 1994 quam
970 1924 1140 1979 (ἰνωοί
1171 1923 1388 1993 βρέγμα
1416 1923 1709 1992 appellant.
1741 1921 1895 1986 Quod
1926 1929 2108 1974 autem

533 2018 742 2072 inloco
799 2019 891 2070 illo
951 2018 1236 2070 cerebrum
1296 2016 1431 2068 satis
1482 2014 1774 2068 admodum
1829 2014 2110 2067 humidum

537 2109 807 2178 molleque
837 2110 910 2164 sit
939 2123 1104 2177 supra
1138 2107 1502 2161 ostendimus.
1539 2110 1607 2158 At
1654 2105 1889 2159 medium
1917 2107 2110 2176 capitis

531 2211 714 2254 vertex
733 2211 1100 2268 nuncupatur,
1115 2197 1378 2268 quidquid
1399 2199 1468 2252 ab
1485 2197 1620 2266 ipsis
1642 2197 1876 2268 κορυφὴ,
1910 2197 1991 2250 ὅτι
2013 2198 2108 2250 τοῦ

533 2291 680 2362 κάρα
706 2291 854 2344 ἐστὶν
875 2289 1231 2362 ὀροφὴ,ᾳυοό
1261 2290 1457 2358 capitis
1478 2287 1751 2356 fastigium
1779 2305 1901 2343 esse
1915 2289 2014 2358 51
2039 2291 2115 2341 in-

533 2381 929 2451 terpretareris.
949 2378 1080 2445 Qua:
1104 2396 1232 2432 vero
1253 2380 1448 2448 capitis
1475 2380 1742 2449 posterior
1774 2393 1898 2446 pars
1917 2387 1998 2432 est
2015 2392 2110 2431 oc-

534 2475 685 2543 ciput
725 2474 1044 2543 appellatur,
1075 2488 1198 2544 quae
1229 2474 1298 2528 ab
1349 2475 1481 2541 ipsis
1525 2472 1679 2533 ἴνιον,
1726 2470 1870 2538 quod
1896 2469 2112 2524 descen-

2284 1561 2397 1631 Τῆς
2421 1556 2514 1614 οὖν
2531 1559 2776 1630 κεφαλῆς
2795 1560 2857 1613 τὸ
2880 1559 2978 1628 μὲν
3001 1559 3312 1630 ἔμπροσθεν
3331 1559 3502 1628 αὐτῆς
3518 1557 3794 1627 μέτωπον

2210 1651 2453 1720 λέγεται·
2505 1645 2617 1704 οἷον
2659 1650 3011 1716 ὑπέρωπον,
3043 1650 3104 1704 τὸ
3149 1651 3404 1719 ὑπεράνω
3451 1650 3563 1701 τῶν
3611 1651 3792 1714 ὡπῶν,

2210 1744 2383 1812 ῆγουν
2439 1744 2546 1795 τῶν
2599 1741 2896 1809 ὀφθαλμῶν
2919 1741 2986 1772 ’⁸ο
3031 1741 3089 1794 τὸ
3141 1741 3197 1794 δὲ
3255 1743 3450 1811 μικρὸν
3499 1744 3793 1812 ἀνωτέρω,

2205 1831 2441 1900 ,ϐρέγμα
2464 1833 2530 1863 ⁹⁹’
2587 1831 2670 1883 ὅτι
2727 1830 2942 1899 δίυγρος
2995 1832 3088 1884 καὶ
3135 1831 3346 1893 ἁπαλός
3400 1833 3552 1884 ἐστιν
3602 1835 3659 1898 ὁ,
3682 1833 3793 1884 κατ’

2212 1923 2391 1974 ἐκεῖνο
2417 1921 2480 1973 τὸ
2501 1923 2665 1990 μέρος
2694 1921 2800 1984 ἕως
2829 1920 2965 1974 πολύ
2993 1923 3032 1975 ¹.
3056 1922 3129 1974 Τὸ
3153 1921 3211 1973 δὲ
3231 1922 3398 1990 μέσον
3428 1924 3691 1992 κορυφὴ,
3719 1925 3793 1975 ὅτι

2213 2011 2309 2065 τοῦ
2342 2011 2486 2082 κάρα
2528 2013 2678 2064 ἐστὶν
2708 2013 2904 2084 ὀροφή.
2937 2013 3010 2066 Τὸ
3050 2013 3108 2065 δὲ
3150 2013 3376 2067 ὄπισθεν
3418 2016 3582 2068 ινίον
3603 2018 3646 2080 ¹,
3693 2015 3791 2068 ἀπὸ

2213 2106 2310 2159 τοῦ
2350 2109 2408 2159 ἐν
2439 2110 2502 2178 τῇ
2539 2107 2842 2162 καταϐάσει
2882 2109 2984 2178 τῆς
3012 2110 3262 2180 κορυφῆς
3294 2111 3314 2142 ³
3345 2111 3497 2164 κάτω
3549 2112 3722 2165 ἱέναι·
3759 2111 3788 2179 ἤ

2215 2197 2322 2249 ἀπὸ
2347 2198 2440 2250 τοῦ
2462 2199 2712 2252 ἐντεῦθεν
2736 2199 3002 2270 ἄρχεσθαι
3030 2200 3131 2263 τὰς
3153 2197 3291 2264 ἶνας,
3317 2203 3486 2270 ἤγουν
3514 2204 3588 2256 τὰ
3613 2203 3786 2272 νεῦρα·

2213 2289 2270 2340 αἱ
2313 2289 2370 2341 δὲ
2403 2285 2520 2352 ἶνες
2568 2290 2662 2344 τοῦ
2711 2290 2852 2345 εἶναι
2889 2309 2949 2344 τε
2985 2294 3079 2345 καὶ
3124 2294 3448 2346 συνεστάναι
3494 2297 3787 2363 παρέχουσι

2213 2381 2292 2451 τῷ
2328 2382 2541 2452 σώματι
2568 2384 2610 2414 ἰ’
2661 2384 2964 2454 ἐπειδήπερ
2996 2385 3168 2438 [ενται
3217 2385 3306 2438 διὰ
3352 2385 3446 2437 τοῦ
3501 2384 3784 2455 σώματος’

2215 2473 2455 2526 τοιοῦτον
2477 2473 2533 2526 δέ
2564 2475 2679 2528 ἐστι
2703 2478 2801 2528 καί⁸
2834 2475 2922 2528 τό·

533 2582 653 2618 sum
683 2565 914 2626 diceres,
948 2563 1078 2634 quia
1109 2578 1141 2617 a
1171 2563 1373 2618 vertice
1397 2563 1654 2617 deorsum
1686 2559 1892 2614 tendat.
1923 2558 2048 2614 Sive
2081 2561 2224 2630 quod
2266 2565 2416 2616 nervi
2455 2564 2580 2619 inde
2609 2565 2879 2633 oriantur,
2906 2581 3048 2636 quos
3080 2566 3157 2621 illi
3188 2567 3305 2631 ἶνας
3331 2567 3607 2623 dictitant.
3640 2567 3784 2622 Nervi

533 2674 666 2712 vero
712 2659 835 2713 inde
873 2654 987 2720 ἶνες
1038 2657 1166 2712 dicti
1225 2667 1372 2721 sunt,
1428 2657 1516 2723 ast
1570 2654 1632 2707 τὸ
1686 2648 1846 2716 εἶναι,
1882 2654 1976 2705 καὶ
2045 2671 2116 2706 συ⁴

2215 2659 2365 2710 τάναι
2410 2657 2486 2728 τῷ
2541 2658 2751 2729 σώματι
2804 2661 3126 2732 παρέχουσι,
3193 2663 3337 2732 quod
3402 2677 3524 2717 esse
3583 2673 3636 2717 et
3668 2679 3786 2717 con-

536 2751 873 2806 stitutionem
901 2751 1116 2820 corpori
1175 2752 1436 2815 tribuant,
1501 2747 1759 2818 quoniam
1839 2748 2014 2817 ipsum
2086 2764 2284 2820 corpus
2336 2754 2584 2806 ambiunt
2633 2771 2645 2807 :
2691 2753 2759 2808 de
2817 2755 2902 2810 his
2947 2765 3000 2809 et
3047 2757 3187 2826 apud
3266 2755 3564 2812 llomerum
3621 2758 3786 2827 legere

531 2854 637 2906 est,
672 2845 762 2914 qui
797 2845 874 2899 ait
921 2864 934 2898 :

606 2956 726 3009 Non
767 2972 976 3010 carnem
1003 2957 1224 3010 retinent
1254 2955 1423 3021 nervi,
1462 2971 1564 3009 non
1609 2955 1842 3024 amplius
1891 2973 2034 3010 ossa.

607 3070 739 3136 Quae
761 3082 938 3124 autem
982 3071 1048 3125 ad
1085 3071 1434 3126 membranas
1461 3080 1641 3140 partes
1677 3075 1934 3140 utrinque
1989 3084 2117 3123 sunt

539 3171 783 3229 tempora
818 3161 1179 3228 appellantur,
1243 3176 1364 3228 qua:
1412 3161 1478 3213 ab
1521 3161 1628 3214 illis
1673 3159 1970 3230 κρόταφοι,
2034 3160 2116 3212 ὅτι

540 3251 796 3324 κρούουσι
879 3251 976 3321 τὴν
1072 3252 1216 3322 ἁφὴν
1297 3250 1666 3320 παλλόμενοι,
1748 3250 1894 3321 quod
1975 3260 2120 3304 tactu

540 3346 856 3400 exsilientcs
906 3345 1196 3414 quatiunt,
1245 3345 1326 3399 vel
1387 3345 1531 3414 quod
1604 3362 1668 3399 cx
1739 3345 1854 3414 pari
1905 3345 2119 3415 pulsum

543 3439 800 3507 utrinque
842 3439 1036 3500 edant,
1080 3438 1222 3505 quod
1269 3438 1339 3489 illi
1396 3440 1848 3504 συγκεκροτίσθαι
1893 3441 2115 3500 (iitlllll;

2136 2957 2178 3013 C
2291 2961 2373 3012 οὐ
2405 2960 2514 3029 γὰρ
2538 2960 2626 3014 ἔτι
2653 2961 2878 3030 σάρκες
2902 2977 2966 3013 τε
2995 2961 3092 3014 καὶ
3121 2959 3304 3013 ὀστέα
3328 2956 3461 3025 ἶνας
3489 2960 3722 3029 ἔχουσι.

2296 3075 2378 3128 Τὰ
2414 3074 2469 3127 δὲ
2516 3076 2651 3144 πρὸς
2702 3078 2971 3145 μήνιγγας
3014 3074 3163 3127 ἐνθεν
3214 3075 3470 3127 κακεῖθεν
3515 3079 3785 3144 κρόταφοι

2221 3165 2492 3234 λέγονται,
2525 3167 2606 3218 ὅτι
2637 3166 2897 3236 κρούουσι
2942 3165 3040 3236 τὴν
3076 3167 3220 3236 ἁφὴν
3258 3166 3581 3236 βαλλόμενοι
3603 3172 3642 3230 ⁵,
3687 3160 3786 3217 οἷον

2218 3256 2540 3326 κρούταφοι·
2579 3256 2611 3328 ἢ
2646 3257 2728 3309 ὃτι
2755 3257 2853 3325 τῆς
2891 3257 3136 3326 κόρσεως
3170 3257 3464 3310 ἅπτονται·
3499 3261 3710 3326 κόρσις
3737 3256 3784 3306 δὲ

2217 3348 2250 3416 ὴ
2287 3347 2517 3418 κεφαλὴ,
2559 3350 2714 3418 παρὰ
2745 3347 2806 3398 τὸ
2838 3345 3229 3416 κορυφοῦσθαι·
3281 3348 3313 3418 ἢ
3351 3349 3456 3401 ἀπὸ
3487 3350 3586 3401 τοῦ
3623 3348 3786 3415 κείρε-

2218 3437 2362 3499 σθαι,
2393 3436 2451 3500 ἐξ
2477 3430 2537 3489 οῦ
2571 3438 2662 3490 καὶ
2693 3435 3026 3504 κορσωτὴρ,
3061 3437 3089 3488 ὀ
3117 3437 3214 3500 τὰς
3247 3439 3437 3507 τρίχας
3467 3438 3782 3505 ἀποκείρων.

542 3535 657 3587 sive
700 3530 844 3602 quod
882 3530 1042 3599 capiti
1095 3529 1456 3598 applicantur,
1490 3531 1632 3599 quod
1681 3529 1754 3582 illi
1813 3529 2001 3600 κόραιν
2065 3529 2272 3590 dicunt.
2304 3529 2381 3582 vel
2415 3527 2771 3602 ιικεῖρεσθαι,
2833 3527 2978 3596 quod
3027 3527 3238 3581 tondere
3299 3531 3628 3598 explicares,
3663 3527 3785 3580 unde

542 3624 829 3696 κορσωτὴρ
863 3637 894 3675 a
944 3621 1234 3676 tondendis
1258 3621 1498 3677 crinibus
1533 3632 1722 3676 tonsor
1749 3631 2115 3690 nuncupatur.

614 3715 812 3769 Totum
846 3723 1023 3767 autem
1040 3729 1102 3768 os
1115 3713 1260 3784 quod
1283 3723 1446 3784 caput
1467 3714 1658 3778 ambit,
1683 3715 1911 3767 invicem
1947 3714 2121 3781 pecti-

543 3807 713 3859 natim
742 3807 1064 3860 coeuntibus
1098 3806 1305 3860 suturis
1337 3804 1500 3858 modo
1541 3819 1650 3873 quo
1695 3804 1847 3872 prius
1880 3803 2123 3856 diximus

545 3900 780 3953 divisum
817 3907 933 3966 est;
971 3914 1066 3968 per
1104 3913 1243 3968 quas
1279 3898 1553 3966 duplicato
1585 3898 1790 3952 ossium
1819 3898 2030 3961 ordine,
2060 3912 2122 3950 ea

545 4004 668 4060 quae
696 3989 763 4044 ad
794 3989 1077 4045 cerebrum
1107 3991 1358 4054 attinent,
1398 3998 1452 4043 et
1484 4004 1607 4043 cum
1647 3990 1756 4043 illis
1805 3989 2121 4050 cet-bellum,

546 4081 691 4152 quod
709 4089 763 4135 et
791 4081 942 4136 calva
972 4089 1342 4150 nuncupatur,
1370 4079 1806 4145 distinguuntur,
1833 4095 1996 4148 quam
2029 4095 2121 4132 so-

547 4175 660 4228 lum
690 4173 963 4228 hominem
990 4180 1184 4242 praeter
1217 4172 1402 4228 omnia
1439 4171 1697 4224 animalia
1729 4170 1928 4224 habere
1964 4169 2123 4223 dicti--

2290 3711 2362 3763 Τὸ
2387 3709 2442 3783 δὲ
2484 3709 2613 3780 περὶ
2641 3709 2738 3778 τὴν
2769 3708 3012 3779 κεφαλὴν
3052 3711 3198 3764 ἆπαν
3231 3708 3423 3762 ὀστοῦν
3467 3710 3781 3780 διῃρημένον

2221 3803 2366 3855 ἐστὶν
2389 3803 2496 3854 ὑπὸ
2524 3801 2838 3872 ἐμϐολίμων
2870 3801 3059 3870 ῥαφῶν
3091 3802 3214 3854 καθ’
3243 3802 3302 3853 ὃν
3333 3801 3557 3872 εἴρηται
3581 3803 3779 3872 τρόπον’

2217 3894 2286 3946 δι’
2317 3887 2391 3945 ὧν
2434 3893 2502 3946 τὰ
2533 3893 2663 3963 περὶ
2690 3892 2779 3945 τὸν
2817 3892 3120 3961 ἐγκέφαλον
3160 3892 3585 3962 διαχωρὲζονται
3618 3891 3782 3946 διπλοο

2222 3981 2452 4034 σύνθετα
2474 3982 2629 4044 ὀστᾶ,
2665 3983 2760 4035 καὶ
2795 3984 2828 4052 ἡ
2871 3982 3284 4054 παρεγκεφαλὶς
3311 3982 3349 4046 ⁸,
3386 3984 3450 4051 ἥν
3497 3984 3596 4035 καὶ
3621 3997 3782 4048 παρα-

2227 4075 2509 4145 κρανίδατ
2560 4075 2838 4128 καλοῦσιν·
2871 4075 2938 4144 ἢν
2989 4076 3160 4144 μόνην
3195 4073 3339 4144 ἔχειν
3375 4074 3466 4126 τὸν
3513 4075 3782 4143 ἄνθρωπον
3881 4125 3885 4134 ,

2227 4167 2477 4235 λέγουσιν
2506 4167 2646 4236 ὑπὲρ
2677 4167 2854 4220 πάντα
2883 4164 2952 4218 τὰ
2982 4163 3118 4228 ζῶα·
3159 4166 3234 4228 ὡς
3261 4161 3402 4219 εἶναι
3433 4166 3492 4232 ἒξ
3541 4168 3671 4220 ὀστᾶ
3695 4164 3780 4231 τῆς

549 4273 685 4321 tant.
708 4264 892 4335 Itaque
908 4276 1092 4334 caput,
1115 4262 1342 4319 euneale
1363 4271 1589 4331 excepto
1617 4260 1765 4331 quod
1799 4261 2116 4330 sphenoidcs

2229 4259 2472 4327 κεφαλῆς
2503 4258 2670 4328 χωρὶς
2692 4256 2784 4310 τοῦ
2831 4255 3203 4328 σφηνοειδοῦς”
3234 4259 3422 4330 πρόσω
3455 4260 3559 4329 μὲν
3596 4259 3652 4312 τὸ
3675 4256 3783 4327 μέτ-

549 4358 628 4412 illi
669 4363 1010 4426 nuncupant,
1041 4370 1136 4410 sex
1181 4353 1403 4409 ossibus
1427 4361 1677 4420 constat;
1710 4352 1948 4406 anterior
1976 4351 2122 4421 quod

549 4447 807 4516 sinciput,
830 4446 1102 4517 posterior
1124 4443 1270 4514 quod
1295 4443 1511 4513 occiput
1535 4444 1753 4497 dicitur.
1787 4441 1918 4508 Quae
1945 4453 2122 4496 autem

550 4541 636 4614 ad,‘
657 4551 947 4609 utramque
979 4552 1168 4592 aurem
1213 4536 1564 4602 adhibentur,
1606 4535 1852 4605 lapidosa
1881 4550 2006 4604 ossa
2041 4550 2128 4603 ap-

549 4633 845 4704 pellantur.
895 4629 952 4684 ln
985 4628 1335 4684 eminentiori
1383 4643 1516 4684 vero
1556 4628 1747 4696 capitis
1805 4635 1979 4697 parte,
2018 4626 2127 4680 duo

549 4724 820 4794 sincipitia
869 4729 1018 4786 sunt,
1053 4735 1288 4790 quorum
1317 4729 1629 4790 utrumque,
1664 4736 1770 4774 una
1820 4719 1873 4773 in
1907 4719 2125 4788 longum

549 4827 818 4886 porrecta,
845 4824 1035 4869 sutura
1068 4813 1350 4868 communi
1374 4812 1705 4867 inserviente
1737 4809 1912 4864 ollicio
1935 4809 2125 4862 utitur.

551 4907 631 4962 Ex
678 4909 764 4963 his
792 4920 1031 4975 namque
1065 4905 1306 4968 ossibus,
1339 4919 1462 4973 quae
1502 4918 1597 4957 sex
1631 4915 1862 4957 numero
1899 4899 2130 4957 asserui-

549 5015 695 5066 mus,
735 5013 799 5054 ea
827 5013 948 5068 quat
983 4997 1051 5052 ad
1090 4997 1330 5066 sinciput
1350 4995 1526 5066 posita
1561 5005 1710 5061 sunt,
1748 4978 1998 5048 molliora
2025 5008 2130 5048 cat-

549 5091 681 5146 tcris
728 5090 1204 5158 imbecillioraque
1255 5087 1547 5142 habentur.
1608 5086 1678 5139 At
1711 5085 1842 5140 illud
1877 5084 2022 5155 quod
2063 5084 2129 5138 ad

548 5181 765 5250 occiput
791 5182 1001 5237 locatur
1018 5196 1103 5246 os,
1119 5178 1342 5235 densius
1360 5177 1704 5246 validiusque
1728 5195 1743 5244 ;
1766 5176 1961 5230 frontis
1976 5191 2126 5242 vero,

549 5273 742 5329 mediae
764 5276 905 5329 inter
936 5284 1228 5342 utrumque
1252 5271 1536 5343 qualitatis
1555 5270 1810 5325 habetur.
1833 5268 2127 5324 Enimvero

619 5455 668 5524 ξ’
698 5453 765 5524 τὰ
793 5453 919 5524 τρία
943 5454 1004 5506 Β.
1045 5454 1103 5524 "7
1126 5451 1222 5524 τοῦ
1257 5452 1320 5524 B.
1397 5451 1621 5524 ⁹⁶ὖπερ.
1645 5452 1776 5515 τοὺς
1811 5443 2116 5524 ὦπας-ἔχον

2235 5447 2433 5524 ᾔέγμα.
2460 5453 2526 5524 A_.
2570 5451 2587 5479 ³
2622 5447 2819 5524 πολλοῦ
2840 5449 2899 5503 C.
2950 5450 2983 5524 ξ
3013 5448 3144 5524 ἰνίον
3174 5448 3214 5500 Β
3245 5447 3310 5510 C,
3350 5449 3500 5524 ᾐνίον
3635 5512 3648 5524 ,
3679 5443 3697 5469 ³

2121 5520 2142 5551 ⁵
2172 5512 2459 5586 λα’ὗόμεκοι
2488 5520 2549 5585 Β,
2592 5519 2916 5604 παλλόμενοι
2950 5518 3011 5577 Ρ,
3051 5519 3151 5588 τὴν
3206 5512 3450 5641 uendidit:
3485 5512 3776 5578 παλλόμενοι

2165 5591 2186 5622 ⁸
2225 5589 2564 5641 ἑκατέρωθεν
2590 5589 2649 5641 Β.
2684 5593 2941 5641 ὲκατεοον
2969 5589 3032 5641 (3..
3077 5591 3098 5622 ⁹
3140 5591 3255 5641 ἐστι
3329 5629 3342 5641 .
3410 5590 3454 5622 ⁸⁸
3491 5587 3548 5641 τὸ
3583 5584 3699 5638 ἰνίον
3727 5574 3774 5624 Β·

550 5522 661 5593 ᾁπδ
683 5523 788 5592 τῆς
816 5521 1062 5593 κορυφῆς
1087 5523 1127 5574 Β
1149 5523 1212 5574 Ρ.
1308 5523 1330 5554 ⁸
1357 5525 1472 5586 τοῖς
1501 5521 1719 5591 σώμασι
1750 5521 1930 5593 παρέχ
1962 5521 2022 5593 1}.

550 5591 613 5647 C.
677 5594 702 5626 ⁸
731 5591 1043 5662 παραγκεφ.
1095 5593 1191 5646 καὶ
1224 5593 1291 5662 ἢν
1326 5594 1390 5646 Α.
1470 5593 1489 5624 ’¹
1521 5591 1894 5662 παρεγκρανίδ

555 5663 598 5692 ¹¹
633 5662 818 5729 μέντοι
840 5663 898 5714 Β.
937 5664 977 5692 ¹¹
1012 5665 1129 5714 ἐστι
1160 5663 1446 5731 ἐγκεφάλῳ
1468 5663 1530 5715 Ρ.

1470 5588 1931 5664 ξπαρεγκρανίδα
1963 5590 2003 5645 C
2031 5588 2095 5656 P,
2165 5591 2186 5622 ⁸
2225 5589 2649 5664 ἑκατέρωθενΒ,
2684 5588 2941 5660 ἑκάτερον
2969 5589 3032 5643 (3.
3077 5591 3098 5622 ⁹
3140 5591 3255 5642 ἐστι
3283 5588 3342 5642 Β.

2229 4371 2402 4418 ωπον,
2426 4353 2652 4407 ὄπισθεν
2681 4353 2738 4407 δὲ
2761 4355 2820 4407 τὸ
2846 4354 2998 4408 ἰνίονο
3024 4352 3324 4424 έτέρωθεν⁸
3348 4355 3405 4407 δὲ
3428 4355 3537 4407 τῶν
3558 4355 3700 4407 ὢτων
3723 4350 3780 4402 τὰ

2225 4443 2318 4496 δύο
2341 4443 2604 4512 λιθοειδῆ
2631 4445 2924 4516 λεγόμενα.
2956 4445 3052 4508 Εἰς
3082 4445 3138 4498 δὲ
3169 4446 3227 4498 τὸ
3271 4446 3607 4517 ὑψηλότερον
3639 4444 3780 4515 μέρος

2225 4539 2294 4591 τὰ
2331 4537 2425 4590 δύο
2475 4537 2786 4608 βρέγματα,
2841 4538 2984 4609 ἅπερ
3036 4537 3219 4609 έχουσι
3258 4539 3443 4608 κοινὴν
3499 4539 3670 4611 ῥαφὴν
3698 4534 3779 4601 τὴν

2228 4630 2370 4684 κατὰ
2398 4631 2572 4700 μῆκος
2595 4632 2834 4684 εὐθεῖαν.
2859 4631 3076 4685 Τούτων
3096 4632 3153 4685 δὲ
3173 4632 3282 4685 τῶν
3305 4631 3363 4696 ἒξ
3385 4633 3584 4698 ὀστῶν,
3610 4629 3673 4684 τὰ
3697 4626 3780 4696 μὲν

2225 4722 2320 4776 τοῦ
2351 4722 2661 4794 βρέγματος
2691 4725 2996 4793 χαυνότατά
3025 4729 3118 4778 τε⁹
3147 4727 3240 4779 καὶ
3269 4725 3644 4779 ἀσθενέστατα
3669 4717 3774 4774 εἰσί,

2227 4816 2574 4870 Πυκνότατον
2599 4817 2656 4868 δὲ
2681 4819 2774 4869 καὶ
2804 4816 3158 4887 ἰσχυρότατον
3179 4817 3238 4870 τὸ
3259 4817 3522 4870 κατ’ίνίον
3549 4817 3613 4868 ¹⁶.
3641 4813 3778 4882 μέσον

2227 4905 2284 4958 δὲ
2329 4906 2566 4974 ἀμφοῖν,
2613 4906 2674 4958 τὸ
2717 4905 2859 4959 κατὰ
2917 4905 3205 4976 μέτωπον·
3242 4905 3350 4958 τῶν
3393 4905 3452 4957 δὲ
3496 4896 3779 4960 λιθοειδὼν

2229 4995 2400 5050 ὀστῶν
2428 4996 2488 5049 τὸ
2521 4997 2624 5067 μέν
2652 5014 2706 5050 τι
2731 4997 2772 5028 ¹¹
2812 4997 2977 5068 μέρος
3013 4996 3274 5059 λιθοειδές
3304 4999 3444 5057 ἐστι,
3470 4998 3530 5049 τὸ
3565 4995 3618 5049 δὲ
3641 4988 3779 5044 ὀστῶ·

2229 5087 2317 5151 δες
2349 5087 2536 5158 μανόν.
2573 5087 2635 5140 Ἦ
2663 5088 2718 5140 δὲ
2747 5087 3192 5156 παρεγκεραλὶς
3216 5088 3466 5158 ὀμοφυής
3495 5090 3607 5140 ἐστι
3638 5084 3676 5114 ¹¹
3704 5078 3778 5129 καὶ

2233 5180 2533 5249 ὀμόχροια’
2579 5180 2712 5250 ἄλλη
2747 5179 2803 5231 δὲ
2852 5178 2999 5248 ραφὴ
3048 5181 3082 5248 ὴ
3133 5179 3317 5231 ἐπάνω
3351 5177 3446 5230 τοῦ
3503 5175 3777 5248 βρέγματος

2233 5271 2593 5342 διερχομένη,
2628 5271 2723 5324 καὶ
2755 5270 2892 5340 πρὸς
2930 5269 2997 5321 τὰ
3034 5266 3316 5338 πεταλώόη
3360 5269 3497 5321 ὀστᾶ
3524 5266 3626 5320 τῶν
3663 5256 3779 5313 κατὰ

3410 5574 3454 5622 'u
3491 5587 3548 5642 τδ
3583 5574 3699 5638 ινιὸν
3727 5574 3774 5624 υ.
