4040 6150
327 287 467 342 “:53
1565 280 1653 335 DE
1692 280 1979 338 NATURA
2023 279 2328 337 HOMINIS.
3448 294 3588 350 H54

323 400 391 452 τά
418 393 534 452 ὦτα
561 397 833 466 κειμένων
856 394 1294 460 ἀποτελευτῶσαι,
1324 395 1579 467 καὶπρὸς
1606 396 1707 467 τὴν
1734 413 1901 467 κορυ-

2028 396 2216 451 »εεὶυηι
2271 412 2394 466 quae
2451 397 2694 467 lapidosa
2737 395 3151 472 diximus'pars
3178 401 3398 472 quidem
3426 420 3592 463 saxea

324 491 433 559 φὴν
456 487 875 558 ὲπισχιζομένη,
911 486 1277 556 σταυροειδῶς
1315 489 1496 540 ἐκεῖσε
1526 486 1907 541 διατυποῦταιο

2028 497 2117 549 ast,
2143 503 2271 556 pars
2285 502 2414 542 vero
2438 490 2504 562 ad
2528 503 2740 542 osseam
2764 476 3082 558 qualitatem
3111 491 3374 549 laxiorem
3398 496 3589 567 vergit.

327 582 385 633 αἱ
417 580 473 633 δὲ
516 579 765 632 τοιαῦται
805 577 983 648 ῥαφαὶ
1018 578 1114 640 τὰς
1156 577 1404 631 κάτωθεν
1441 579 1814 649 άνερχομένας
1845 580 1910 630 ἐκ

2028 576 2085 631 At
2139 580 2436 633 cerbellum
2476 578 2728 633 eumdem
2761 568 2942 635 ortum
2980 596 3142 650 quem
3182 593 3236 638 et
3282 587 3589 653 cerebrum,

328 670 603 739 στομάχου
635 669 731 722 καὶ
751 668 989 738 γαστρὸς
1011 668 1393 737 ὲξατμίξουσιν
1415 668 1816 736 ἀναθυμιάσεις
1840 668 1906 721 ίδ.

2028 684 2081 723 ac
2112 670 2345 725 colorem
2399 669 2579 724 habet.
2638 670 2753 724 Alia
2808 677 2991 724 autem
3048 681 3236 727 sutura
3284 692 3405 745 quae
3427 694 3592 747 supra

327 759 564 828 sinciput
585 760 851 829 procedit,
894 766 946 812 et
978 758 1044 811 ad
1070 773 1194 812 ossa
1223 774 1345 827 qua:
1371 758 1624 813 foliorum
1685 758 2100 813 similitudinem
2165 776 2272 829 prae
2301 777 2358 816 se
2422 760 2624 823 ferunt,
2688 762 2793 832 52
2817 779 3048 832 quaeque
3071 765 3137 818 ad
3161 781 3324 821 aures
3348 768 3450 823 sita
3469 778 3599 824 sunt

328 853 546 917 desinit,
574 867 698 907 cum
725 853 779 906 in
805 853 1006 907 vertice
1037 852 1294 916 (ludatur,
1321 854 1453 907 inibi
1476 855 1655 909 crucis
1712 853 1940 923 eﬂigiem
1982 855 2178 925 ﬁgurat
2215 875 2229 910 :
2268 872 2362 925 per
2415 857 2515 913 has
2563 873 2800 927 namque
2865 868 3106 924 suturas,
3161 861 3600 918 exbalationibus

329 959 451 1013 quae
517 960 548 998 a
610 944 894 999 stomacho
978 960 1196 999 sursum
1280 945 1509 1015 alvoque
1564 945 1910 1014 deferuntur,
1946 958 2098 1005 extra
2154 948 2483 1015 evaporandi
2542 950 2788 1016 pervium
2848 950 2949 1004 iter
3009 959 3173 1020 patet.

401 1036 799 1105 Περιείληπται
833 1036 890 1088 δὲ
924 1039 951 1089 ὀ
986 1038 1291 1106 ἐγκέφαλος
1321 1038 1428 1091 ὑπὸ
1459 1038 1553 1090 δύο
1587 1039 1835 1108 ὑμένων·
1884 1040 1914 1091 ὀ

2086 1039 2383 1095 Cerebrum
2410 1048 2595 1095 autem
2623 1042 2823 1111 duplici
2861 1045 3178 1100 membrana
3231 1049 3595 1117 comprehen-

337 1129 434 1197 μὲν
462 1128 570 1197 γάρ
593 1127 942 1197 ὑπέστρωται
982 1128 1137 1197 αὐτῷ
1164 1129 1230 1193 ¹¹⁵,
1276 1131 1305 1182 ὀ
1335 1129 1392 1181 δὲ
1429 1130 1723 1183 ἐπίκειται·
1751 1130 1780 1183 ὃ
1821 1131 1919 1183 καὶ

2028 1130 2184 1195 litur,
2218 1132 2389 1185 altera
2419 1132 2638 1201 quidem
2690 1133 2790 1202 ipsi
2842 1149 2941 1205 ceu
2999 1136 3179 1191 cubile
3203 1138 3595 1206 substernitur,

334 1215 657 1283 δικτυῶδες
683 1219 726 1250 ⁸⁵
773 1219 1010 1287 πλέγμα
1056 1219 1211 1289 παρὰ
1258 1219 1368 1272 τῶν
1425 1221 1625 1291 ἰατρῶν
1674 1220 1918 1288 λέγεται.

2028 1221 2186 1275 altera
2234 1237 2464 1290 superne
2496 1223 2790 1287 accumbit,
2834 1240 2997 1294 quam
3049 1226 3340 1284 reticulare
3389 1239 3596 1286 textum

336 1307 736 1377 Περιπλέκεται
766 1303 860 1362 οῦν
904 1310 964 1361 τὸ
985 1309 1181 1363 ὀστοῦν
1215 1311 1362 1364 ἆπαν
1401 1313 1430 1363 ὀ
1465 1311 1849 1379 περικράνιος
1876 1312 1919 1343 ⁸⁸

2028 1311 2213 1366 medici
2247 1312 2517 1367 dictitant.
2537 1311 2662 1368 Ossi
2694 1314 2913 1383 quidem
2954 1318 3099 1386 quod
3124 1320 3277 1374 calva
3306 1336 3595 1393 nuncupa-

334 1398 628 1469 λεγόμενος
672 1401 776 1468 μῦς
802 1417 816 1430 ο
850 1399 1073 1465 τούτους
1099 1401 1157 1455 δὲ
1184 1402 1317 1464 τοὺς
1340 1402 1501 1471 μῦας
1521 1403 1563 1433 ⁸⁷
1600 1404 1695 1455 καὶ
1709 1401 1915 1471 μήνιγο

2028 1409 2148 1466 tur,
2185 1403 2419 1457 musculi
2461 1419 2602 1473 quos
2656 1406 2924 1463 calvarios
2967 1408 3157 1477 dicunt
3214 1413 3595 1481 obducuntur,

336 1506 447 1558 τας
480 1489 647 1542 καλοῦ
656 1508 730 1544 σι.

2028 1494 2124 1551 bos
2147 1495 2365 1564 quidem
2393 1496 2672 1551 musculos
2697 1508 2751 1553 et
2782 1500 3132 1557 membranas
3163 1507 3467 1560 nominant.

410 1582 521 1634 Kal.
551 1583 653 1650 ὅρα
698 1574 800 1633 ὧδε
834 1581 1026 1649 σοφίαν
1063 1580 1430 1653 Δημιουργοῦ,
1471 1581 1612 1635 διατί
1638 1581 1682 1614 ¹⁸
1714 1582 1789 1653 μὴ
1834 1582 1923 1636 διὰ

342 1676 472 1743 μιᾶς
521 1676 788 1742 μήνιγγος
825 1676 919 1727 τὸν
964 1675 1270 1744 ἐγκέφαλον
1314 1675 1737 1744 περιεφύλαξεν,
1783 1675 1919 1729 ἀλλὰ

2028 1671 2312 1729 miratioue
2392 1674 2651 1744 prosequi
2731 1674 2923 1742 decet,
2992 1694 3228 1747 quanam
3295 1681 3362 1736 de
3433 1698 3599 1739 causa

339 1740 429 1815 ὀιὰ
466 1740 596 1815 δύοί
626 1740 719 1816 καί
766 1762 975 1817 τούτων
1006 1740 1431 1833 ἐνηλλαγμένων
1476 1740 1716 1834 ἐχουσῶν
1744 1766 1786 1796 ³⁸
1814 1764 1913 1834 τὴν

2028 1766 2302 1819 cerebrum
2359 1765 2537 1834 ipsum
2607 1766 2789 1820 tutelze
2847 1768 3013 1823 unius
3077 1771 3405 1826 membrana:
3463 1789 3599 1828 neu-

2093 1583 2261 1653 Atqui
2328 1584 2382 1639 in
2447 1585 2553 1640 hoc
2606 1586 2737 1640 item
2806 1587 3084 1644 Creatoris
3135 1592 3458 1661 sapientiam
3503 1594 3630 1649 ade.
3714 1568 3722 1576 ’

339 1854 551 1906 οἰκείαν
574 1853 834 1909 διάθεσιν.
869 1855 931 1906 Ἥ
961 1855 1058 1924 μὲν
1080 1855 1189 1926 γάρ
1208 1856 1323 1908 ἐστι
1345 1859 1567 1925 παχεῖα,
1592 1858 1623 1925 ὴ
1646 1857 1701 1909 δὲ
1725 1857 1918 1929 λεπτή.

339 1945 403 1997 Εἰ
442 1945 549 2014 γάρ
591 1946 665 2015 μὴ
706 1945 877 2008 οὕτως
920 1946 1083 1999 αὐτὸν
1124 1948 1184 1999 ὲν
1231 1947 1461 2010 ταύταις
1500 1948 1743 2018 ἐνείλησὲ
1766 1950 1812 1981 ²⁰
1860 1967 1920 2002 τε

339 2036 436 2090 καὶ
465 2036 844 2106 περιὲσφιγξε,
874 2038 970 2090 καὶ
995 2032 1105 2089 οἷον
1132 2037 1620 2107 διεσπαργάνωσεν
1640 2079 1656 2104 ,
1688 2039 1918 2109 ἔμελλεν

340 2127 593 2180 ἀνιᾶσθαι
632 2128 870 2198 ὑπὸτῆς
898 2128 994 2181 τοῦ
1037 2127 1196 2182 ὀστοῦ
1238 2129 1661 2198 προσψαύσεως,
1709 2148 1921 2202 τραχυο

339 2217 498 2287 τέρου
527 2220 565 2248 ³⁸
591 2217 741 2281 ὄντος
771 2220 866 2271 καὶ
893 2218 1275 2288 σκληροτέρου.
1303 2218 1403 2271 Διὰ
1431 2218 1585 2272 τοῦτο
1614 2219 1817 2289 μεταξὺ
1842 2223 1915 2252 ³³·

340 2309 434 2363 τοῦ
457 2309 615 2362 ὀστοῦ
651 2309 865 2362 καὶτοῦ
903 2310 1209 2378 ἐγκεφάλου
1242 2311 1340 2377 τὴν
1375 2310 1578 2381 λεπτὴν
1609 2310 1775 2380 ἔθηκε
1810 2315 1917 2381 μή-

341 2418 525 2469 νιγγα.
563 2401 725 2455 Ἀλλά
768 2402 907 2472 αὐτὴ
932 2403 951 2432 ³
997 2404 1030 2472 ἡ
1101 2402 1304 2472 μήνιγξ
1344 2406 1445 2472 τῆς
1488 2403 1584 2472 μὲν
1633 2401 1727 2455 τοῦ
1768 2404 1923 2470 ἐγκε-

347 2492 517 2560 φάλου
549 2491 736 2555 οὐσίας
762 2492 783 2523 ³
807 2492 988 2560 ὀλίγον
1017 2493 1132 2545 ἐστὶ
1168 2491 1525 2563 σκληροτέρα,
1554 2491 1647 2545 τοῦ
1681 2491 1738 2545 δὲ
1765 2490 1922 2545 ὀστοῦ

343 2584 578 2654 ὑπάρχει
651 2583 1052 2653 μαλακωτέρα*
1139 2582 1368 2653 ἔμελλεν
1445 2580 1539 2636 οὖν
1615 2583 1712 2636 καὶ
1781 2581 1920 2653 αὑτὴ

344 2675 630 2745 πάσχουσα
661 2692 712 2727 τι
747 2675 853 2728 ὑπὸ
881 2675 990 2727 τῶν
1023 2673 1242 2740 ἔξωθεν,
1290 2674 1448 2743 ἄγειν
1476 2674 1568 2728 τὸν
1615 2674 1921 2743 ἐγκέφαλον

345 2764 426 2826 εἰς
466 2764 814 2834 συμπάθειαν

2022 1855 2272 1924 liquam,
2322 1856 2416 1911 sed
2488 1858 2721 1911 duarum
2794 1859 3128 1925 crediderit,
3174 1877 3297 1930 quae
3357 1863 3595 1917 vicissim

2022 1948 2238 2017 prapria
2291 1949 2376 2002 sui
2435 1946 2794 2018 dispositione
2857 1960 3103 2007 utuntur.
3176 1951 3379 2007 Harum
3451 1958 3598 2009 enim

2023 2039 2192 2092 altera
2245 2054 2452 2104 crassa,
2493 2041 2663 2095 altera
2727 2042 2887 2097 exilis
2924 2052 3028 2098 est.
3081 2042 3196 2097 Nisi
3235 2046 3379 2098 enim
3436 2060 3467 2099 a
3515 2061 3601 2099 re-

2024 2142 2141 2179 rum
2172 2127 2366 2196 Opiﬁce
2415 2128 2520 2183 hoc
2564 2138 2723 2198 pacto
2765 2132 2868 2185 sub
2913 2131 3115 2201 duplici
3161 2133 3476 2187 membrana
3512 2135 3598 2186 iu-

2024 2217 2267 2271 volutum
2310 2220 2897 2291 comprehensumque,
2959 2235 3013 2277 et
3062 2239 3160 2278 ceu
3224 2222 3410 2277 fasciis
3468 2238 3601 2278 con-

2027 2311 2274 2365 strictum
2302 2313 2586 2367 cerebrum
2631 2325 2795 2379 esset,
2845 2317 2914 2370 ab
2967 2316 3175 2372 ossium
3224 2325 3480 2371 contactu
3531 2318 3604 2371 ob

2027 2414 2216 2454 eorum
2277 2401 2533 2455 duritiem
2588 2405 3054 2473 asperitatemque
3112 2406 3299 2461 laesum
3347 2406 3415 2459 iri
3469 2405 3599 2459 illud

2027 2492 2287 2547 credibile
2312 2492 2508 2548 fuerat.
2560 2493 2736 2565 Hujus
2799 2498 2971 2566 gratia
3028 2499 3168 2553 inter
3197 2515 3261 2555 os
3315 2500 3604 2570 ipsumque

2025 2584 2307 2638 cerebrum
2351 2586 2581 2639 mediam
2640 2588 2834 2642 exilem
2878 2590 3252 2645 membranam
3298 2592 3598 2647 constituit.

2026 2671 2511 2729 Verumenimvero
2542 2714 2558 2740 ,
2635 2676 2951 2733 membrana
3034 2680 3149 2734 hac
3218 2681 3335 2751 ipsa
3397 2680 3602 2735 cerebri

2023 2760 2330 2815 substantia
2374 2762 2538 2830 paulo
2582 2765 2848 2832 asperior,
2903 2780 3029 2820 osse
3060 2782 3188 2821 vero
3213 2769 3429 2822 mollior
3471 2776 3600 2833 est;

343 2873 507 2928 quam
547 2859 591 2913 si
623 2860 693 2914 ab
720 2859 806 2914 bis
834 2874 955 2930 quae
981 2866 1135 2914 extra
1179 2858 1436 2915 eveniunt
1477 2860 1800 2931 quandoque
1829 2858 2021 2917 oblaedi
2051 2857 2357 2926 contigerit,
2411 2856 2591 2926 ipsum
2649 2860 2843 2916 iisdem
2896 2863 3245 2929 passiouibus
3302 2863 3601 2918 obnoxium

342 2951 680 3005 redderetur.

415 3042 517 3095 Διά
557 3040 717 3096 τοῦτο
744 3043 999 3113 ἐποίησεν
1043 3046 1103 3098 ὲν
1148 3044 1225 3116 τῷ
1265 3045 1416 3116 μέσῳ
1458 3045 1626 3115 ἄλλην
1677 3046 1920 3114 μήνιγγα

2091 3037 2204 3092 llac
2239 3037 2423 3107 itaque
2455 3037 2522 3092 de
2554 3052 2741 3101 causa,
2779 3038 2942 3092 aliam
2968 3039 3294 3093 crassiorem
3330 3042 3602 3097 membra-

345 3135 662 3203 παχυτέραν
680 3151 695 3164 ο
721 3133 816 3187 τοῦ
841 3136 941 3205 μὲν
968 3137 1277 3206 ἐγκεφάλου
1312 3137 1455 3191 κατὰ
1480 3137 1617 3191 πολὺ
1644 3134 1923 3205 ὑπάρχου-

347 3240 448 3277 σαν
479 3225 871 3296 σκληροτέραν,
898 3227 995 3280 τοῦ
1024 3228 1080 3281 δὲ
1113 3228 1273 3282 ὀστοῦ
1305 3230 1469 3282 πάλιν
1500 3227 1916 3298 μαλακωτέραν.

349 3314 507 3377 Ὠςτε
536 3314 629 3368 τὸν
661 3317 965 3385 ἐγκέφαλον
1013 3318 1436 3388 μεσολαϐεῖσθαι
1463 3318 1569 3371 ὑπὸ
1595 3319 1692 3388 τῆς
1717 3317 1924 3387 λεπτῆς

347 3407 444 3459 καὶ
477 3408 710 3478 παχείας
738 3411 1023 3479 μήνιγγος·
1047 3411 1256 3481 ὁμιλεῖν
1279 3411 1337 3464 δὲ
1366 3411 1464 3480 τὴν
1495 3410 1597 3479 μὲν
1621 3410 1823 3479 λεπτὴν
1847 3408 1924 3478 τῷ

349 3500 656 3570 ἐγκεφάλῳ,
690 3500 791 3572 τὴν
822 3502 878 3554 δὲ
908 3505 1143 3572 παχεῖαν
1163 3502 1239 3573 τῷ
1269 3502 1431 3572 ὀστῷ·
1458 3501 1602 3555 ὥστε
1637 3499 1801 3575 ἦττον
1830 3501 1921 3554 ὑπ’

350 3590 512 3643 αὑτοῦ
544 3592 795 3662 πάσχειν.
844 3594 908 3646 Ἥ
956 3593 1013 3647 δὲ
1060 3594 1232 3666 λεπτὴ
1282 3595 1484 3666 μήνιγξ
1528 3594 1926 3664 περιλαμϐάνει

350 3682 440 3735 τὸν
467 3685 768 3753 ἐγκέφαλον
798 3687 859 3738 οὑ
893 3687 1052 3757 μόνον
1087 3689 1230 3752 ὅλον,
1263 3688 1403 3741 ἀλλὰ
1427 3687 1523 3740 καὶ
1552 3687 1621 3739 τὰ
1660 3687 1799 3757 μέσα
1828 3686 1928 3738 αύ-

351 3771 468 3827 τοῦ.
507 3776 616 3828 Καὶ
647 3777 704 3828 ὲν
730 3777 808 3847 τῷ
852 3778 1019 3831 παντὶ
1052 3777 1435 3849 μεσολαϐοῦσα
1465 3778 1792 3848 περικρατεῖ
1829 3775 1928 3845 τὴν

352 3865 544 3919 οὐσίαν
586 3867 787 3919 αὐτοῦ’
832 3867 974 3922 ὥστε
1003 3870 1078 3940 μὴ
1119 3869 1499 3923 διολισθαίνειν
1540 3870 1634 3921 καὶ
1688 3869 1927 3939 διαρρεῖν

349 3955 437 4009 διά
461 3954 562 4025 τὴν
590 3957 824 4026 φυσικὴν
850 3958 1144 4027 ὑγρότητα.
1172 3958 1439 4030 Καθάπερ
1469 3959 1576 4028 γὰρ
1601 3957 1818 4028 ὀρῶμεν
1848 3958 1929 4010 ὅτι

350 4048 445 4100 καὶ
478 4049 571 4101 ἐπὶ
611 4049 724 4102 τῶν
755 4051 918 4118 ῥοιῶν
949 4050 1149 4120 ὑμένες
1198 4050 1589 4120 διαφράττουσι
1637 4049 1763 4110 τοὺς
1798 4048 1928 4100 κόκ-

348 4155 513 4202 κους,
545 4142 641 4195 καὶ
685 4141 814 4211 ὃλην
849 4142 1020 4212 αὐτὴν
1065 4140 1538 4209 περιλαμϐάνουσι
1569 4138 1590 4169 ³
1622 4137 1720 4207 τὴν
1754 4137 1927 4207 ροιάν,

347 4229 519 4293 οὕτως
566 4233 661 4284 καὶ
706 4232 800 4284 ἐπὶ
841 4231 934 4284 τοῦ
977 4231 1285 4299 ἐγκεφάλου
1340 4230 1433 4283 καὶ
1485 4228 1589 4297 τῆς
1634 4227 1929 4298 είρημένης

2023 3143 2150 3183 nam
2175 3126 2242 3181 de
2268 3127 2445 3181 medio
2471 3127 2773 3192 constituit,
2795 3143 2916 3196 qua:
2939 3128 3164 3182 cerebro
3181 3127 3338 3196 longe
3367 3132 3604 3186 crassior

2023 3218 2397 3288 asperiorque,
2422 3233 2549 3273 osse
2577 3233 2708 3272 vero
2744 3219 2862 3287 ipso
2892 3219 3108 3273 mollior
3135 3227 3250 3290 est._
3270 3220 3477 3289 Itaque,
3512 3238 3603 3277 ce-

2023 3312 2244 3366 rebrum
2286 3311 2388 3364 sub
2415 3321 2673 3379 utraque,
2704 3310 2829 3364 exili
2860 3312 3111 3366 videlicet
3150 3320 3205 3367 et
3226 3329 3408 3368 crassa
3436 3330 3604 3368 mem-

2025 3405 2216 3467 brana,
2237 3404 2473 3459 medium
2495 3403 2763 3467 consistit,
2792 3418 3023 3472 quarum
3073 3420 3195 3472 qua:
3223 3405 3380 3459 exilis
3404 3415 3488 3459 est
3512 3421 3601 3461 ce-

2029 3495 2186 3548 rebro
2215 3494 2540 3561 applicatur,
2574 3492 2815 3546 crassior
2849 3508 2980 3546 vero
3023 3493 3133 3546 ossi
3171 3496 3432 3555 occurrit,
3465 3510 3603 3565 quo-

2026 3583 2208 3637 minus
2237 3584 2305 3636 ab
2334 3583 2451 3650 ipso
2502 3582 2791 3636 cerebrum
2846 3582 3044 3636 damna
3101 3584 3345 3637 sentiret.
3399 3583 3602 3640 Verum

2026 3673 2182 3728 exilis
2220 3675 2570 3737 membrana,
2606 3689 2712 3727 non
2754 3675 2917 3728 modo
2957 3675 3051 3728 toti
3087 3676 3314 3730 cerebro
3362 3677 3604 3731 obvolvi-

2031 3776 2141 3832 tur,
2196 3781 2381 3820 verum
2409 3766 2572 3819 etiam
2604 3780 2698 3834 per
2721 3766 2897 3819 media
2936 3765 3104 3834 ipsius
3133 3767 3325 3836 pergit.
3385 3767 3451 3821 Et
3476 3783 3601 3822 cum

2030 3858 2212 3912 media
2270 3857 2390 3926 ejus
2450 3857 2706 3911 universa
2758 3856 3174 3925 complectatur,
3238 3858 3602 3914 substantiam

2029 3949 2178 4004 illius
2231 3949 2468 4018 undique
2517 3947 2776 4010 continet,
2814 3963 2882 4001 ne
2910 3964 3021 4018 prae
3072 3964 3137 4003 eo
3183 3951 3275 4020 qui
3308 3951 3361 4004 in
3387 3954 3503 4020 ipso
3522 3962 3607 4007 est

2030 4042 2265 4096 naturali
2292 4042 2520 4095 humore
2537 4041 2808 4094 dilabatur
2826 4055 2889 4093 ac
2914 4041 3174 4110 proﬂuat;
3194 4044 3352 4113 cujus
3371 4046 3447 4099 rei
3464 4046 3604 4100 mala

2030 4151 2152 4206 qua:
2173 4134 2366 4204 punica
2383 4143 2768 4202 nuneupantur
2782 4148 2902 4187 esse
2914 4134 3161 4202 exemplo
3181 4145 3429 4203 possunt.
3445 4135 3603 4200 Nam,

2033 4236 2146 4280 tum
2184 4240 2351 4294 grana
2397 4239 2520 4293 quae
2549 4225 2603 4277 in
2634 4224 2753 4293 ipso
2780 4232 2905 4277 sunt
2934 4225 3322 4278 membranula:
3353 4227 3602 4294 quaedam

351 4322 608 4391 μένιγγος
651 4320 799 4374 ἐστιν
845 4323 994 4376 ἰδεῖν.
1043 4321 1212 4374 Τοῦτο
1243 4323 1337 4375 καὶ
1371 4322 1464 4374 ἐπὶ
1505 4319 1600 4373 τοῦ
1632 4320 1923 4389 λεγομένου

2033 4308 2282 4386 Smpitlnt,
2314 4325 2426 4370 tum
2460 4325 2632 4369 totum
2665 4316 2866 4369 malum
2908 4316 3314 4384 amplectuntur
3342 4331 3355 4367 :
3391 4315 3493 4386 53
3525 4318 3606 4372 sic

347 4415 599 4480 κρανίου
626 4412 779 4466 ἔστι¹⁵
811 4414 1088 4483 σκοπῆσαι
1108 4431 1123 4446 ο
1149 4412 1338 4466 ὀστοῦν
1379 4413 1436 4464 δέ
1466 4414 1582 4465 ἐστι
1608 4411 1768 4463 τοῦτο
1789 4450 1802 4473 ,
1831 4409 1923 4481 τὴν

2034 4417 2087 4461 et
2126 4409 2176 4460 in
2212 4407 2457 4471 cerebro,
2497 4421 2562 4460 ac
2606 4407 2659 4459 in
2702 4408 2818 4477 ipsa
2862 4407 2929 4461 de
2981 4423 3088 4478 qua
3142 4408 3382 4463 diximus
3432 4426 3603 4464 mem-

347 4503 443 4557 τοῦ
480 4504 782 4575 πολεμικοῦ
815 4507 1039 4576 κρανίου
1082 4504 1534 4575 ἀπομιμούμενον
1559 4503 1707 4556 θέσιν
1730 4520 1788 4554 τε
1833 4502 1928 4554 καὶ

347 4599 559 4666 χρείαν.
602 4599 815 4670 Ὠσπερ
842 4599 950 4669 γάρ
996 4600 1173 4651 ὲκεῖνο
1213 4596 1544 4667 κυκλοτερές
1572 4596 1629 4648 τέ
1657 4598 1805 4658 ἐστι,
1836 4595 1930 4648 καὶ

345 4688 445 4759 τὴν
466 4690 594 4759 ὃλην
618 4691 976 4759 ἀσφαλίξεται
1002 4688 1269 4758 κεφαλὴν,
1296 4688 1471 4749 οὕτως
1499 4686 1592 4739 καὶ
1616 4684 1676 4737 τὸ
1709 4684 1930 4753 κρανίον

348 4779 446 4831 καὶ
473 4780 606 4833 αὐτὸ
626 4781 956 4851 κυκλοτερὲς
979 4780 1061 4843 ὃν,
1092 4780 1184 4834 τὸν
1215 4778 1519 4846 ἐγκέφαλον
1544 4775 1923 4843 ἁσφαλίζεται.

348 4868 512 4924 Ὅθεν
549 4873 643 4925 καὶ
681 4873 854 4939 αὑτῆς
890 4874 991 4940 τῆς
1025 4869 1400 4943 προσηγορίας
1428 4870 1447 4900 ⁶
1480 4870 1689 4938 ἔτυχεν.

2034 4500 2203 4553 brana
2250 4512 2475 4552 cernere
2505 4505 2588 4552 est
2629 4516 2642 4551 :
2687 4498 2800 4552 haec
2863 4508 3043 4554 autem
3098 4500 3397 4555 similitudo
3452 4511 3505 4555 et
3546 4503 3601 4556 in

2029 4590 2179 4644 calva
2227 4589 2445 4652 visitur,
2494 4604 2616 4659 quae
2660 4589 2827 4659 galeae
2858 4605 2963 4660 qua
3003 4592 3056 4645 iu
3110 4592 3251 4646 bello
3285 4593 3492 4646 utimur
3525 4593 3600 4647 si—

2028 4681 2172 4734 milis
2211 4688 2325 4744 est,
2373 4689 2429 4734 et
2469 4680 2721 4734 eumdem
2769 4681 2934 4735 situm
3002 4697 3067 4736 ac
3125 4684 3361 4757 colorem
3418 4684 3597 4738 habet.

2026 4771 2497 4839 Quemadmodum
2537 4771 2681 4825 enim
2721 4772 2872 4840 galea
2913 4772 3028 4840 ipsa
3078 4773 3330 4827 circulari
3372 4772 3600 4828 formata

2026 4865 2233 4919 ambitu
2300 4864 2397 4918 toti
2447 4864 2589 4931 quod
2648 4861 2792 4917 intus
2838 4870 2921 4915 est
2965 4862 3130 4915 tutela
3178 4866 3600 4917 munimentum-

345 4974 454 5028 que
501 4962 735 5025 exsistit,
794 4963 866 5017 ita
918 4971 971 5017 et
1009 4963 1184 5026 calva,
1238 4973 1361 5016 cum
1400 4958 1645 5014 eamdem
1697 4956 1924 5011 formam
1965 4971 2073 5025 prae
2108 4971 2166 5009 se
2211 4954 2366 5019 ferat,
2399 4956 2681 5010 cerebrum
2713 4955 2817 5008 sub
2877 4969 2934 5009 se
2968 4955 3035 5009 ab
3062 4955 3211 5008 omni
3280 4955 3399 5009 labe
3425 4955 3600 5010 reddit

345 5062 681 5119 exemptum.
708 5051 863 5107 Unde
891 5054 1175 5107 cerebrum
1212 5052 1355 5122 quod
1388 5051 1440 5104 in
1471 5050 1645 5119 capite
1679 5053 1751 5103 sit
1772 5047 2070 5116 ἐγκέφαλος
2116 5047 2517 5105 denominatur.

419 5142 556 5194 Οὐδὲ
583 5142 739 5196 τοῦτο
768 5138 861 5197 οῦν
900 5142 961 5207 ἐξ
988 5144 1104 5206 ἑνὸς
1144 5142 1304 5196 ὀστοῦ
1338 5140 1772 5204 κατεσκεύασεν,
1805 5139 1920 5195 ἀλλ’

344 5234 411 5287 ἐκ
437 5233 710 5305 διαφόρων
747 5237 940 5301 ὀστῶν,
975 5237 1068 5289 καὶ
1100 5236 1160 5289 οὐ
1192 5234 1613 5305 κεχωρισμένων
1647 5231 1916 5302 ἀλλήλων,

2099 5139 2216 5193 Νοη
2285 5140 2428 5192 enim
2497 5138 2645 5192 calva
2725 5137 2841 5206 ipsa
2898 5136 3113 5206 singulo
3170 5151 3296 5191 osse
3339 5147 3593 5200 constat,

2026 5231 2119 5285 sed
2170 5228 2400 5283 diversis
2460 5228 2680 5282 ossibus
2742 5227 3132 5295 distinguitur,
3184 5243 3306 5296 quae
3360 5228 3596 5284 discreta

418 5391 462 5422 ¹³
608 5389 831 5466 Cod._C.
859 5393 1388 5466 orditursecundum
1418 5397 1594 5466 caput.
1647 5389 1775 5466 mp}
1800 5390 1923 5466 ὲγκε

2028 5400 2105 5466 tog
2146 5385 2262 5455 (sic
2296 5383 2372 5466 P)
2402 5383 2518 5466 καὶ.
2540 5381 2946 5466 μηνίγγωνααὶ
2974 5381 3121 5466 ituri
3149 5382 3497 5466 σφαιροειδῂς
3531 5387 3591 5466 hi]

343 5462 556 5531 κεφαλὴ
599 5462 893 5528 κεφαλαῖον
926 5463 977 5529 β.
1058 5464 1102 5492 ¹⁸
1135 5462 1299 5514 αὑτοῦ
1330 5461 1390 5514 Β.
1462 5454 1513 5537 ’³⁷⁸
1546 5454 1832 5537 δυκτιῶδες
2002 5461 2044 5489 ⁸⁸
2065 5454 2223 5537 ,ὅπερ
2240 5454 2554 5537 κράνιος

1159 5532 1413 5596 ἐχούσαις
1447 5530 1510 5589 Α,
1538 5527 1742 5591 ταύτας
1771 5523 2439 5596 ὲνηλλαγμέναςζὲχούσας

1182 5571 1184 5578 ι
1225 5550 1413 5593 ουσαις
1447 5550 1510 5589 A,
1538 5550 1742 5591 ταυτας
1771 5550 2180 5596 ενηΛιαγμενας
2208 5550 2438 5594 ιχυυῡας
2473 5550 2532 5577 υ.

1182 5550 1244 5655 ἒ.
1339 5601 1359 5632 ³
1387 5600 1481 5653 καὶ
1507 5597 1647 5663 αὐτὴ
1678 5597 1737 5649 Β.
1832 5598 1852 5629 ³
1883 5597 2071 5660 οὐσίας
2125 5595 2219 5649 τοῦ
2259 5597 2453 5663 ὲγκεφ.
2484 5593 2545 5647 Β.

345 5533 390 5564 ¹⁹
412 5530 636 5592 ταύταις
680 5531 1107 5600 ἐνηλλαγμέναις

343 5604 437 5684 :m
469 5601 565 5683 rat,
592 5601 755 5684 μιέσου
782 5602 901 5684 ἦτοι
950 5601 1150 5670 μεταξὺ

1339 5601 1359 5632 ³
1387 5600 1481 5653 καὶ
1507 5597 1647 5667 αὐτὴ
1678 5597 1737 5649 Β.

341 5670 364 5704 ⁸
386 5670 590 5738 ταύτης
617 5669 771 5741 ἔτυχε
805 5669 907 5742 τῆς
931 5669 1161 5741 προσηγ.
1206 5669 1247 5722 Β
1270 5669 1330 5724 Ρ.

2663 5454 2705 5484 ¹⁷
2743 5453 2947 5521 ὑμένας
2974 5451 3034 5504 Β.
3149 5453 3191 5483 ⁸⁸
3220 5452 3361 5503 διατί
3388 5454 3498 5522 ,γάρ
3529 5451 3590 5506 B.

2639 5523 2684 5552 ¹⁰
2705 5522 2934 5575 ἐνείλισε
2960 5521 3018 5573 Β.
3096 5522 3141 5591 ’ξ
3191 5521 3498 5591 παχυτέρου
3527 5525 3590 5591 Α.

2638 5592 2658 5624 ⁸
2691 5591 3089 5663 περιλαμϐάνει
3126 5590 3185 5647 Β.
3270 5590 3297 5624 θ’
3326 5590 3502 5645 ἔνεστι
3530 5590 3590 5646 Β.
