4040 6150
521 305 666 364 ’1155

1835 302 2117 358 MELETII
2159 301 2462 357 MONACIII

3640 303 3762 359 “56

521 419 591 473 ab
651 415 882 469 invicem
958 413 1314 483 neutiquam,
1369 414 1462 468 sed
1537 428 1788 472 conserta
1855 427 1982 472 sunt
2043 427 2096 472 et

2202 419 2339 471 ἀλλὰ
2372 419 2755 488 συνημμένων,
2782 418 2876 471 καὶ
2895 412 3008 471 οἷον
3031 418 3534 489 κεκρηπιδωμένων
3553 420 3594 474 ⁷.
3619 421 3677 473 El
3702 419 3762 492 ἦν

520 525 618 563 ceu
673 508 1022 561 fundamento
1084 505 1319 575 quodam
1395 507 1691 562 cohaerent.
1745 508 1802 563 Si
1875 509 2092 580 quidem

517 603 634 668 ipsa
685 613 791 652 uno
855 597 1175 651 continuato
1228 612 1354 652 osse
1407 608 1769 666 constarent;
1805 617 1929 654 cum
1983 601 2099 670 pri-

515 705 666 744 mum
724 690 899 758 ipsam
956 703 1062 740 una
1111 704 1176 742 ex
1226 698 1380 758 parte
1429 690 1698 759 jacturam
1753 693 1860 759 pati
1923 691 2099 744 conti-

513 779 722 843 gisset,
767 777 909 831 ossis
961 776 1374 832 continuatione
1419 789 1588 832 totam
1640 781 1827 834 laasum
1873 782 1938 834 iri
1982 798 2098 836 cre-

513 869 680 922 dibile
746 868 1001 922 habetur.
1064 868 1144 922 Ad
1223 869 1358 933 haec,
1432 886 1556 924 cum
1620 873 1789 926 totius
1852 875 2097 942 corporis

513 959 888 1014 exhalationes
914 959 980 1012 ad
1028 967 1212 1028 caput,
1269 959 1414 1030 quod
1441 962 1873 1017 eminentissima
1925 964 2097 1033 ipsius

513 1066 642 1121 pars
682 1051 932 1115 habetur,
987 1051 1289 1115 tendentes,
1321 1053 1535 1108 absumi
1597 1055 1911 1123 neutiquam
1966 1073 2097 1111 con-

517 1145 773 1214 tigisset:
837 1143 922 1198 his
977 1144 1354 1214 interpellatis,
1397 1156 1561 1216 caput
1616 1149 1793 1218 ipsum
1848 1150 2096 1218 pluribus

514 1231 880 1289 excrementis
919 1234 1122 1302 quibus
1173 1234 1419 1290 immune
1463 1246 1547 1290 est
1594 1249 1954 1306 premeretur,
1998 1254 2094 1292 va-

515 1328 743 1396 poribus
790 1325 1017 1380 cerebro
1070 1325 1117 1379 si
1146 1341 1273 1381 ossa
1330 1327 1787 1382 continuarentur
1819 1331 2094 1399 negotium

515 1415 929 1471 lacessentibus.
971 1414 1097 1471 Haec
1162 1427 1404 1486 propter,
1456 1428 1676 1473 suturas
1728 1422 1781 1473 in
1849 1422 1990 1488 ipso,
2038 1430 2098 1473 ut

515 1507 667 1575 prius
720 1507 926 1561 dictum
983 1516 1090 1571 est,
1139 1523 1322 1562 rerum
1371 1509 1564 1580 Opilex
1619 1511 1923 1574 constituit,
1981 1527 2093 1582 quo

2197 508 2306 577 γάρ
2327 509 2348 537 ⁸
2377 507 2437 571 ἐξ
2465 507 2584 570 ἐνὸς
2611 505 2794 571 ὀστοῦ,
2825 506 3042 576 πρῶτον
3078 507 3176 576 μέν
3207 508 3490 562 συνέϐαινε
3521 507 3614 561 τοῦ
3655 511 3760 572 ἐνὸς

2197 597 2365 651 αὑτοῦ
2398 598 2597 669 μέρους
2627 599 2948 667 πάσχοντος,
2984 598 3063 659 είς
3096 598 3227 667 ὃλην
3254 599 3355 669 τὴν
3385 598 3627 668 κεφαλὴν
3653 599 3758 651 δισ-

2196 689 2417 760 δοθῆναι
2457 691 2556 762 τὴν
2589 689 2794 759 βλάϐην
2814 729 2828 753 ,
2860 690 2952 742 διά
2982 689 3082 760 τὴν
3112 690 3399 760 συνέχειαν
3427 689 3522 742 τοῦ
3552 690 3701 743 ὀστοῦ
3721 693 3758 746 ⁹.

2201 781 2434 834 Ἔπειτα
2460 781 2553 832 καὶ
2581 779 2681 842 τὰς
2711 779 2804 834 τοῦ
2835 779 2958 832 ὃλου
2985 779 3238 849 σώματος
3263 779 3652 848 ἀναθυμιάσεις
3680 781 3762 832 ἐπὶ

2194 871 2296 942 τὴν
2325 869 2568 941 κεφαλὴν
2595 870 3029 940 ἀναφερομένας,
3053 870 3128 933 ὡς
3158 872 3216 922 ἐν
3236 870 3562 940 ὑψηλοτάτῳ
3589 871 3762 938 κειμέο

2197 980 2296 1032 νην
2323 963 2365 994 ¹⁰
2397 961 2548 1031 τόπῳ
2568 1001 2581 1025 ,
2610 962 2891 1014 συνέϐαινε
2925 961 3000 1032 μὴ
3033 961 3433 1031 διαφορεῖσθαιο
3464 963 3557 1014 καὶ
3595 963 3759 1030 εἰργο-

2198 1056 2375 1125 μένων
2420 1053 2630 1118 αὐτῶν,
2683 1055 2776 1106 καὶ
2834 1052 3239 1122 προτιθεμένων
3291 1056 3359 1122 τῇ
3410 1053 3617 1123 κεφαλῇ
3664 1052 3758 1104 τῶν

2195 1145 2632 1215 περιττομάτων,
2657 1143 2924 1197 πλείστων
2948 1145 3120 1196 νόσων
3147 1144 3327 1197 αἰτίαν
3359 1145 3402 1174 ¹¹
3429 1145 3670 1212 γίνεσθαι
3691 1143 3759 1214 τῷ

2195 1237 2487 1306 ἐγκεφάλῳ
2511 1235 2608 1296 τὰς
2639 1234 3055 1305 ἀναθυμιάσεις.
3085 1236 3185 1288 Διὰ
3212 1235 3387 1289 ταῦτα
3418 1237 3760 1306 συνημμένων

2194 1329 2302 1384 τῶν
2334 1329 2509 1381 ὀστῶν
2533 1330 2726 1390 ὄντων,
2755 1329 3004 1396 ἐγένοντο
3031 1330 3086 1381 αἱ
3122 1331 3325 1398 ῥαφαὶ,
3355 1328 3540 1392 καθὼς
3578 1328 3759 1397 πρότεο

2205 1439 2297 1493 ρον
2325 1421 2563 1492 εἴρηται,
2582 1421 2652 1474 τὰ
2678 1423 2908 1490 περιττά
2933 1420 3254 1488 ὲξωθοῦσαι,
3281 1424 3377 1476 καὶ
3408 1422 3512 1491 τὴν
3538 1421 3758 1492 κεφαλὴν

2202 1510 2299 1562 σὺν
2325 1508 2403 1578 τῷ
2429 1508 2714 1578 ἐγκεφάλῳ
2733 1508 3085 1578 διατηροῦσαι
3107 1510 3390 1580 ἀπήμονα.

513 1604 584 1658 ab
625 1619 692 1658 eo
729 1619 853 1673 qua
885 1619 1218 1674 supervacua
1250 1615 1378 1660 sunt
1443 1607 1810 1676 abigerentur,
1869 1617 2140 1678 caputque
2179 1606 2356 1674 ipsum
2417 1620 2522 1658 una
2568 1619 2692 1660 cum
2747 1605 2974 1658 cerebro
3017 1605 3086 1659 ab
3135 1606 3283 1660 omni
3365 1606 3487 1663 labe
3539 1607 3758 1660 immune

514 1701 684 1754 lit-ret.

585 1788 690 1855 Qui
719 1789 886 1860 igitur
938 1789 1139 1859 exiguo
1171 1789 1350 1858 capite
1378 1790 1588 1860 praediti
1645 1801 1794 1855 sunt,
1837 1790 2089 1862 ﬂagitiosi
2128 1802 2166 1855 Β

513 1879 722 1932 cerebri
780 1878 1044 1933 iudicium
1101 1880 1415 1934 ostendunt.
1469 1879 1680 1934 Etenim
1734 1881 1894 1934 breve
1933 1892 2094 1950 caput

514 1971 799 2033 habentes,
849 1985 960 2040 prae
1002 1969 1121 2039 ejus
1164 1970 1445 2035 brevitate,
1506 1972 1792 2040 privantur
1841 1970 2097 2026 facultate

512 2062 824 2131 perﬁciendi
864 2077 926 2115 ea
973 2077 1096 2131 quae
1131 2077 1386 2129 magnum
1425 2071 1587 2131 caput
1651 2063 1911 2117 habentes
1971 2079 2098 2132 per-

512 2154 722 2208 ﬁciunt.
781 2153 918 2206 (lum
956 2153 1142 2221 itaque
1198 2152 1467 2207 universae
1501 2154 1748 2222 corporis
1789 2155 1963 2210 nostri
2001 2171 2096 2210 ac—

512 2246 690 2300 tiones
737 2244 947 2300 cerebri
982 2243 1158 2298 oﬂicio
1189 2243 1540 2313 perﬁciantur
1571 2243 1771 2314 (ipsum
1803 2246 1949 2300 enim
1991 2253 2092 2310 est,

514 2344 573 2388 ut
619 2334 782 2388 modo
813 2334 1065 2404 exposui,
1116 2333 1260 2401 quod
1297 2348 1558 2388 sensuum
1587 2335 1833 2390 actiones
1865 2335 2092 2404 dirigit),

511 2426 584 2480 ab
618 2425 736 2494 ipso
778 2425 1035 2478 omnibus
1091 2424 1341 2494 corporis
1381 2427 1628 2494 partibus
1674 2437 1858 2484 motus
1890 2444 2094 2498 suppe-

513 2515 740 2570 ditatur.
777 2513 988 2584 Quippe
1033 2514 1148 2584 qui,
1181 2515 1228 2569 si
1263 2523 1569 2570 extremum
1606 2518 1659 2570 iu
1704 2520 1839 2587 pede
1867 2520 2094 2588 digitum

515 2607 723 2661 moveri
781 2607 1062 2668 acciderit,
1113 2607 1267 2660 illum
1321 2623 1452 2662 sane
1509 2625 1537 2662 a
1609 2610 1836 2662 cerebro
1884 2621 2092 2663 motum

514 2711 639 2751 esse
695 2707 904 2750 certum
961 2707 1064 2752 est.
1129 2697 1426 2754 Cerebrum
1497 2699 1642 2755 enim
1701 2700 1878 2768 ipsum
1950 2703 2094 2766 hoc,

516 2788 737 2841 animali
775 2788 957 2842 calore
997 2789 1196 2852 medio,
1225 2800 1503 2859 operatur.
1541 2789 1698 2854 Nam,
1734 2805 1859 2845 cum
1897 2791 1998 2845 sibi
2028 2793 2094 2846 ad

519 2881 632 2931 haec
676 2879 1001 2948 perﬁcienda
1049 2880 1166 2950 ipso
1213 2881 1448 2949 plurimo
1495 2896 1634 2950 Opus
1685 2881 1776 2945 sit,
1812 2897 1935 2936 cum
1975 2883 2095 2946 exi:

515 2981 680 3033 gnum
736 2977 902 3036 caput
959 2977 1062 3031 est,
1105 2983 1334 3037 parvum
1401 2969 1826 3023 instrumentum
1877 2971 2094 3041 plurimi

515 3055 745 3123 spiritus
776 3071 948 3124 capax
983 3071 1106 3111 esse
1143 3057 1458 3127 neutiquam
1512 3067 1711 3128 potest.
1748 3058 1855 3132 54
1890 3060 2094 3131 Itaque,

2280 1789 2345 1841 Ἦ
2385 1787 2484 1856 μὲν
2519 1783 2612 1841 οὖν
2645 1787 2818 1858 μικρὰ
2845 1788 3080 1857 κεφαλὴ,
3112 1790 3399 1861 μοχθηρᾶς
3426 1790 3699 1862 ἐγκεφάλῳ
3720 1790 3757 1822 ι’

2197 1880 2550 1958 κατασκευῆς
2575 1879 2704 1932 ἴδιον
2729 1883 2973 1949 σημεῖον.
2997 1882 3059 1934 Οἱ
3083 1881 3193 1951 γὰρ
3213 1882 3312 1944 τὰς
3339 1883 3544 1954 μικράς
3564 1883 3756 1953 ἔχοντες

2197 1973 2441 2042 κεφαλὰς
2479 1973 2538 2024 οὺ
2584 1971 2840 2024 δύνανται
2887 1971 2987 2034 τὰς
3028 1973 3271 2035 αὑτάςη
3318 1975 3591 2029 ἐπιτελεῖν
3625 1978 3758 2046 ἐνερ-

2197 2064 2375 2130 γείας,
2405 2063 2473 2126 ἃς
2506 2062 2844 2115 ἐπιτελοῦσιν
2884 2063 2933 2115 οἱ
2977 2063 3222 2133 μεγάλας
3261 2063 3501 2134 ἔχοντες.
3561 2065 3756 2136 Ἐπειδὴ

2196 2154 2306 2224 γὰρ
2330 2154 2358 2204 ὁ
2397 2153 2701 2221 ἐγκέφαλος
2735 2152 2916 2214 πάσας
2959 2155 3194 2206 ποιεῖται
3228 2155 3328 2221 τὰς
3374 2157 3648 2226 ἐνεργείας
3673 2157 3755 2209 τοῦ

2200 2242 2474 2314 σώματος,
2502 2243 2664 2306 αὐτὸς
2689 2243 2798 2313 γάρ
2823 2247 2970 2296 ἐστιν
2995 2246 3023 2297 ὁ
3041 2242 3130 2296 διὰ
3155 2244 3264 2297 τῶν
3295 2246 3600 2318 αἰσθήσεων
3625 2250 3756 2318 ἐνερ-

2197 2335 2330 2405 γῶν,
2365 2335 2557 2406 ῶσπερ
2581 2337 2810 2408 εἴπομεν
2833 2337 3113 2407 ἀνωτέρω.
3148 2338 3320 2401 Αὐτὸς
3345 2340 3376 2391 ὁ
3412 2339 3576 2392 κινῶν
3599 2343 3756 2394 πάντα

2197 2428 2265 2480 τά
2307 2425 2400 2479 τοῦ
2451 2425 2706 2494 σώματος
2750 2427 2951 2497 μόριαο
2999 2427 3096 2481 καὶ
3148 2427 3258 2498 γὰρ
3297 2429 3348 2480 εί
3390 2429 3485 2482 καὶ
3516 2429 3755 2484 δακτύλου

2197 2518 2366 2588 άλρον
2394 2518 2450 2569 ἐν
2481 2517 2608 2569 ποσὶ
2637 2521 2842 2569 κινοῖτο
2874 2517 2941 2580 “,
2976 2518 3004 2569 ὁ
3030 2517 3334 2586 ἐγκέφαλος
3355 2518 3518 2572 τοῦτο
3537 2519 3754 2588 ἐκίνησε.

2199 2611 2436 2661 ιιοιεῖται
2471 2609 2640 2680 γάρ¹⁵
2670 2608 2849 2662 ταῦτα
2892 2608 2983 2662 διὰ
3025 2610 3121 2663 τοῦ
3159 2610 3399 2680 ψυχικοῦ
3435 2611 3754 2681 πνεύματος,

2195 2700 2368 2753 δεῖται
2388 2700 2634 2768 δηλονότι
2660 2701 2703 2732 ¹⁶
2731 2699 2870 2753 πολὺ
2895 2700 3109 2754 τούτου·
3135 2702 3272 2753 πολὺ
3299 2701 3360 2755 δὲ
3383 2703 3483 2756 οὐκ
3510 2702 3572 2756 ἂν
3595 2701 3756 2772 χωρή-

2199 2809 2342 2844 σειεν
2373 2794 2451 2854 εἰς
2482 2792 2811 2862 μικρότατον
2833 2793 3086 2864 ὄργανον.
3127 2793 3268 2846 Ἀλλ’
3295 2795 3512 2865 ἀνάγκη
3541 2791 3757 2864 σμικρὰν

2197 2880 2364 2937 οὖσαν
2389 2883 2489 2952 τὴν
2523 2884 2624 2953 τῆς
2650 2885 2898 2953 κεφαλῆς
2937 2884 3315 2955 εὐρυχωρίαν,
3349 2882 3754 2952 καταπνίγεσθαι

2198 2971 2294 3024 καὶ
2341 2971 2812 3025 κατασϐέννυσθαι
2853 2973 2915 3025 τὸ
2965 2973 3196 3044 ψυχικὸν
3243 2975 3500 3047 πνεῦμα,
3543 2976 3631 3028 καὶ
3671 2975 3756 3027 σὺν

2198 3063 2372 3134 τούτῳ
2393 3065 2492 3128 τὰς
2517 3066 2558 3097 ¹⁷
2592 3065 2685 3118 ὑπ’
2711 3065 2878 3119 αὑτοῦ
2906 3069 3200 3137 γινομένας
3225 3069 3510 3140 ἐνεργείας
3528 3084 3542 3097 ·
3573 3068 3698 3138 πλὴν
3723 3068 3753 3136 ἡ

515 3158 640 3196 rum
672 3144 836 3197 breve
894 3153 1060 3212 caput
1089 3153 1322 3212 angusto
1353 3147 1530 3214 spatio
1588 3149 2007 3216 comprimatur,
2037 3149 2089 3202 in

2199 3156 2298 3226 μὲν
2341 3155 2512 3226 μικρά
2543 3156 2756 3227 κεφαλὴ
2796 3157 2885 3211 ἀεὶ
2938 3158 3213 3230 μοχθηρά,
3261 3159 3388 3230 ἠδὲ
3432 3160 3634 3230 μεγάλη
3671 3157 3758 3212 οὐκ

514 3235 636 3301 ejus
671 3234 940 3303 angustiis
991 3234 1284 3289 animalem
1329 3237 1582 3305 spiritum
1614 3239 1854 3308 demergi
1887 3241 2094 3295 exstin-

516 3323 738 3394 guique,
770 3332 824 3376 et
876 3338 1000 3376 cum
1022 3337 1088 3378 eo
1119 3324 1402 3381 universas
1431 3341 1551 3396 qua:
1578 3329 1646 3381 ab
1687 3327 1804 3396 ipso
1844 3330 1978 3384 ﬁunt
2010 3345 2096 3385 ac-

518 3414 694 3468 tiones
723 3413 956 3484 coutigit
986 3413 1077 3469 :in
1101 3429 1371 3470 summam
1404 3415 1588 3485 igitur,
1621 3417 1877 3483 exiguum
1908 3429 2094 3488 caput,

516 3520 744 3574 parvum
778 3514 1038 3576 perpetuo
1073 3505 1322 3560 habetur.
1363 3505 1616 3578 Magnum
1651 3525 1782 3563 vero
1811 3525 1920 3564 non
1951 3526 2097 3566 sem.

517 3611 615 3666 per
639 3597 894 3666 probum,
947 3597 1044 3652 sed
1084 3597 1382 3667 aliquando
1439 3599 1705 3668 probum,
1766 3602 2098 3672 quandoque

517 3703 648 3740 vero
675 3703 899 3756 pravum
925 3697 1026 3753 est,
1054 3697 1241 3759 utpote
1270 3705 1393 3742 rum
1423 3689 1556 3744 illud
1585 3703 1777 3745 natura
1809 3708 2093 3762 magnum.

515 3781 609 3832 sed
633 3797 736 3832 non
771 3796 893 3834 cum
925 3796 988 3834 ex
1028 3781 1202 3834 morbi
1251 3781 1489 3852 alicujus
1519 3798 1684 3836 causa
1743 3787 2005 3839 evenerit.
2038 3786 2093 3839 Si

515 3871 661 3923 cutim
691 3887 798 3937 prae
832 3872 1052 3940 optimae
1079 3873 1317 3926 materia:
1351 3875 1730 3936 exuberantia,
1766 3886 1861 3930 aut
1905 3880 2096 3933 robore

517 3958 791 4014 facultatis
823 3975 945 4028 qua:
975 3962 1094 4030 ejus
1146 3964 1246 4016 loci
1277 3963 1569 4031 peculiaris
1598 3973 1700 4028 est,
1738 3964 1790 4017 in
1823 3968 2096 4036 magnitu-

2196 3249 2283 3299 ἀεὶ
2311 3247 2513 3318 ἁγαθή’
2549 3248 2688 3300 ἀλλὰ
2722 3249 2855 3302 ποτὲ
2893 3249 2992 3320 μὲν
3030 3251 3240 3322 χρηστὴ
3261 3291 3276 3314 ,
3307 3253 3442 3306 ποτέ
3471 3253 3526 3306 δὲ
3549 3253 3607 3304 οὑ
3635 3267 3753 3322 χρηο

2197 3338 2319 3407 στή·
2363 3338 2524 3406 φύσει
2567 3339 2732 3408 λέγω,
2776 3341 2891 3394 ἀλλ’
2923 3343 3024 3395 οὐκ
3054 3344 3119 3396 ἐκ
3159 3343 3317 3396 νόσου
3349 3343 3680 3415 ἐπερχομένη
3698 3341 3753 3394 ⁸⁸.

2197 3426 2260 3477 Εἰ
2301 3427 2400 3494 μὲν
2427 3423 2520 3480 οὖν
2549 3428 2767 3496 ἐγένετο
2805 3429 2893 3484 διά
2921 3431 3126 3501 πλῆθος
3159 3433 3202 3466 ¹⁹
3238 3432 3374 3504 ὕλης
3413 3433 3648 3506 χρηστῆς
3675 3430 3755 3486 καὶ

2207 3517 2399 3586 ῥωμῆν
2415 3518 2462 3550 ’⁸
2504 3519 2606 3588 τῆς
2650 3520 2917 3591 ἐγχωρίου
2953 3522 3256 3593 δυνάμεως,
3302 3527 3528 3596 τοιαύτη
3564 3521 3620 3578 εὖ
3658 3522 3755 3593 ἔχει

2204 3607 2344 3660 κατὰ
2377 3608 2560 3677 φύσιν.
2592 3611 2655 3662 Ei
2689 3611 2746 3664 δὲ
2783 3612 2872 3665 διὰ
2906 3613 3108 3684 πλῆθος
3139 3614 3272 3686 ὕλης
3303 3618 3526 3689 ἐνίκησε
3553 3619 3644 3686 τὴν
3674 3633 3754 3686 μισ

2205 3700 2378 3768 κράν,
2408 3701 2714 3770 τηνικαῦτα
2748 3704 2901 3758 ἔσται
2951 3707 3204 3778 μοχθηρὰ
3247 3711 3344 3764 καὶ
3387 3711 3635 3782 νοσώδης,
3677 3709 3754 3762 καὶ

2203 3791 2377 3846 ταῦτα
2420 3793 2509 3847 διά
2557 3795 2648 3847 τὸν
2698 3796 3002 3865 ἐγκέφαλον
3046 3801 3341 3868 γεγονυῖα·
3393 3801 3529 3873 πρὸς
3574 3801 3671 3872 γάρ
3703 3797 3753 3849 τὸ

2205 3882 2598 3952 περιεχόμενον
2629 3886 2725 3939 καὶ
2760 3887 2793 3956 ἡ
2846 3884 2942 3940 τοῦ
2989 3889 3344 3960 περιέχοντος
3386 3893 3544 3963 φύσις
3567 3893 3606 3922 ’⁸
3641 3906 3751 3943 κατ-

2203 3975 2534 4046 εσκευάσθη.

515 4056 696 4108 diuem
719 4057 975 4126 erigetur.
1019 4058 1124 4113 tale
1154 4069 1363 4114 natura:
1415 4061 1605 4115 ordine
1641 4070 1788 4116 recte
1853 4065 2127 4119 consistit.
2172 4067 2228 4121 Si
2261 4085 2390 4124 vero
2435 4073 2677 4129 materiae
2732 4090 2912 4145 prava:
2979 4079 3336 4134 exuberantia
3366 4081 3513 4150 parvi
3557 4075 3749 4132 modum

513 4147 836 4210 excesserit,
900 4157 1028 4203 tunc
1079 4150 1385 4221 improbum
1442 4153 1755 4222 morbiSque
1802 4154 2099 4210 obnoxium
2142 4161 2251 4214 ﬁet.
2323 4161 2388 4216 Et
2453 4164 2587 4230 haec,
2627 4175 2687 4220 ut
2739 4170 3099 4234 asseruimus,
3155 4147 3381 4226 cerebri
3427 4173 3591 4242 gratia
3631 4169 3751 4223 facta

513 4249 849 4310 sunt;nam,
885 4242 953 4296 ad
995 4241 1128 4297 illud
1183 4243 1330 4314 quod
1373 4244 1876 4315 comprehenditur,
1942 4247 2092 4320 illius
2164 4255 2310 4323 quod
2368 4258 2782 4329 comprehendit
2832 4272 3083 4319 naturam
3139 4241 3448 4324 conditami
3481 4281 3597 4323 esse
3639 4278 3750 4319 co:-

512 4343 645 4389 SIM.

585 4423 643 4478 ln
700 4427 805 4481 hoc
849 4428 1036 4496 etiam,
1070 4431 1364 4485 maximam
1430 4449 1610 4488 rerum
1657 4433 1972 4495 Conditoris
2005 4457 2096 4496 cu-

2282 4446 2393 4498 Καὶ
2455 4447 2556 4518 ὅρα
2597 4450 2925 4520 κηδεμονίαν
2971 4455 3319 4528 Δημιουργοῦ
3345 4497 3360 4523 ,
3399 4465 3492 4512 καὶ
3545 4461 3746 4528 μάλιστα

512 4531 629 4569 ram
677 4517 1029 4580 consideres,
1081 4529 1284 4588 quanta
1329 4522 1554 4576 cerebro
1604 4524 1707 4592 ipsi
1760 4529 2096 4585 munimenta

511 4605 844 4670 adhibendo,
882 4622 1136 4662 securum
1172 4610 1478 4664 constituit.
1523 4609 1641 4666 Non
1695 4615 1840 4668 enim
1877 4619 1943 4670 ad
1972 4619 2092 4688 ejus

465 4717 476 4728 ι
511 4697 737 4751 tutelam
770 4698 1251 4768 securitatemque,
1300 4715 1436 4770 quas
1463 4705 1802 4761 asseruimus
1823 4712 2095 4765 membra-

509 4802 608 4842 nas
637 4788 840 4856 quibus
882 4787 1177 4843 involvitur
1202 4793 1824 4866 comprehenditurque,
1864 4807 1917 4853 et
1951 4802 2094 4858 ossis

509 4879 818 4933 custodiam
870 4889 1357 4952 tegumentumque
1386 4883 1633 4941 sullicere
1661 4899 1810 4944 ratus
1841 4901 1959 4956 est;
1996 4893 2092 4948 sed

510 4972 576 5024 ad
619 4972 733 5026 hac
761 4973 864 5041 ipsi
895 4975 1135 5030 exterius
1170 4975 1295 5044 pilis
1322 4977 1576 5034 reiertam
1615 4981 1863 5036 adhibuit
1887 4993 2091 5049 cutem.

511 5077 577 5116 ue
600 5063 668 5116 ab
691 5065 834 5118 aeris
867 5066 1265 5123 mutationibus
1309 5070 1506 5124 damna
1540 5072 1748 5128 subiret
1791 5075 2095 5133 doloribus-

510 5169 614 5222 que
636 5167 1000 5224 premeretur;
1033 5165 1086 5212 et
1113 5159 1190 5213 uti
1217 5169 1380 5230 caput
1403 5161 1528 5231 pilis
1549 5164 1823 5219 obtectum
1855 5167 1945 5232 sit,
1978 5169 2092 5224 base

574 5354 596 5385 "
658 5354 1098 5425 κρηπιδωμένων
1131 5358 1193 5414 Β.

509 5425 554 5455 ¹²
582 5423 886 5490 ἐγκεφάλου
918 5423 960 5478 Β
988 5428 1048 5479 (ἶ.

1297 5361 1558 5435 [εί-γάρ
1595 5359 1665 5435 ἦν
1717 5365 1757 5418 Β
1808 5367 1870 5420 Ρ.

1985 5370 2006 5400 9
2039 5386 2089 5412 τ-
2149 5370 2245 5412 ὁτι-τ
2331 5389 2414 5412 mn

1128 5370 1193 5459 ἐξ.
1247 5431 1260 5447 ν
1297 5370 1400 5442 ’-εἰ
1450 5370 1558 5435 γάρ
1595 5370 1665 5432 ὴν
1717 5370 1870 5448 Β“Ρ.
1985 5370 2006 5400 ³
2039 5386 2090 5422 τ.
2149 5370 2267 5425 ὀστ.
2331 5389 2457 5426 συνε
2505 5417 2516 5428 .
2553 5374 2614 5431 Β.
2727 5379 2770 5410 ¹⁰
2804 5381 3038 5450 κειμένη
3102 5382 3164 5438 Β.
3275 5385 3317 5415 ¹¹
3366 5371 3730 5444 αίτίαςΒϐΡ.

1188 5433 1484 5519 εξυᾷτρσνηΒ.
1554 5434 1614 5519 ,ίδ
1643 5437 1810 5519 ὲνῼτω
1831 5438 1954 5519 πο-δὶ
1984 5442 2221 5519 κινεῖ-ται
2243 5441 2322 5519 _B.
2384 5445 2440 5519 :5
2464 5392 2535 5499 is
2564 5447 2603 5498 Β
2624 5445 2674 5519 (ΖΔ
2694 5446 2751 5502 Ρ.
2833 5451 2876 5480 ⁸⁸
2914 5450 3075 5519 δῆλον
3104 5453 3186 5505 ὅτι
3229 5454 3294 5506 Δ.
3367 5453 3408 5484 ’⁷
3439 5450 3529 5503 καὶ
3565 5447 3652 5519 τὰς
3681 5443 3731 5494 B-

2206 4529 2307 4588 ὦδε
2343 4536 2482 4605 πρὸς
2517 4538 2607 4590 τὸν
2643 4540 2947 4608 ἐγκέφαλον
2979 4544 3022 4573 ”
3049 4561 3062 4574 ο
3107 4546 3204 4599 καὶ
3243 4547 3376 4617 ὅσην
3412 4548 3558 4618 αὐτῷ
3585 4545 3745 4616 ἐχαρίο

2207 4644 2337 4679 σατο
2368 4627 2465 4698 τὴν
2506 4629 2826 4698 ἀσφάλειαν.
2860 4634 2935 4686 Οὐ
2969 4636 3078 4706 γάρ
3109 4637 3350 4710 ἠρκέσθη
3389 4643 3453 4711 τῇ
3487 4639 3589 4693 τῶν
3619 4640 3747 4708 £5911-

2207 4719 2387 4786 μένων
2420 4721 2593 4789 ima”:
2622 4723 2792 4790 ἤγουν
2824 4725 2870 4756 ³³
2898 4727 3183 4794 μηνίγγων
3207 4734 3440 4801 περιοχῇ
3479 4731 3570 4783 καὶ
3597 4743 3746 4796 σπαρ-

2204 4809 2441 4874 γανὼσει
2467 4851 2480 4874 ,
2516 4812 2610 4865 καὶ
2654 4814 2721 4884 τῇ
2757 4818 2852 4867 τοῦ
2901 4815 3196 4888 λεγομένου
3249 4826 3477 4889 κρανίου
3527 4817 3670 4874 ὀστοῦ
3708 4814 3744 4845 ’⁵

2203 4901 2468 4972 περιϐολῇ
2500 4903 2591 4955 τὸν
2610 4905 2914 4974 ἐγκέφαλον
2932 4925 2998 4959 πε
3007 4926 3101 4978 ριφ
3111 4928 3204 4980 ρου
3211 4913 3473 4981 ρεῖσθαιη
3497 4953 3510 4976 ,
3528 4911 3650 4964 ἀλλὰ
3666 4907 3742 4959 καὶ

2200 4992 2435 5064 δέρματι
2479 4996 2525 5026 ²⁶
2568 4996 2770 5060 ἔξωθεν
2815 5000 2954 5070 μετά
2987 5001 3094 5054 τῶν
3133 5004 3338 5074 τριχῶν
3369 5005 3738 5059 διεσκέπασεν⁶

2208 5079 2295 5132 ἵνα
2333 5079 2409 5150 μὴ
2462 5082 2520 5135 ἐν
2553 5085 2675 5146 ταῖς
2733 5085 3062 5154 μεταϐολαῖς
3099 5089 3209 5141 τῶν
3242 5090 3420 5159 ἀέρων
3470 5089 3738 5159 βλάπτηται

2203 5171 2298 5222 καὶ
2327 5172 2564 5227 ἀνιᾶται.
2599 5175 2734 5239 Ταῖς
2754 5177 2897 5247 τριξὶ
2931 5179 3038 5251 γὰρ
3072 5180 3362 5253 ὠρόφωται
3386 5185 3429 5214 ’⁷
3458 5185 3488 5253 ἠ
3521 5177 3735 5249 κεφαλίΓ

2727 5379 2770 5410 ¹⁰
2804 5381 3038 5450 κειμένη
3102 5382 3164 5438 Β.
3275 5385 3317 5415 ¹¹
3366 5381 3540 5444 αίτίας
3565 5371 3730 5450 BC?-

507 5495 1604 5592 l'ﬁffil‘fifitﬂin‘i;-.i!?.’-“t°?:~’$e~
1683 5495 2046 5592 "intrii?-
2122 5510 2164 5540 ²¹
2197 5509 2350 5592 θέσις
2384 5495 3727 5592 B».iui-EC"865732563treviri??-

505 5564 620 5644 τοῖς
652 5564 1005 5644 εἰρημένοις..
1032 5637 1043 5644 .
1069 5565 1115 5598 ²⁸
1145 5569 1240 5644 καὶ
1266 5570 1328 5624 Β.
1358 5564 1370 5571 ⁷
1407 5573 1452 5602 ³⁵
1478 5564 1595 5628 ὀστ.
1637 5564 1796 5644 κραν.
1825 5564 1886 5630 Β.
1907 5564 2009 5608 ’⁷³⁸

509 5641 654 5703 testu
695 5634 871 5703 missis
897 5636 1076 5688 verbis
1113 5639 1406 5703 μυῶν......

511 5698 608 5747 καὶ
635 5713 683 5758 τ.
720 5699 892 5763 θριξὶν
927 5698 1219 5769 derasos-ca:
1251 5710 1290 5763 (Σ
1315 5709 1376 5760 Ρ.

2034 5582 2391 5662 φρορβεζσθτξι
2425 5583 2466 5634 Β
2633 5589 2678 5619 ³⁸
2706 5582 2975 5662 δέρμασίν
3008 5593 3081 5662 (τι
3104 5582 3174 5662 ’1³)
3211 5582 3385 5662 αὑτὸν,
3414 5582 3536 5652 ΒῬ,
3569 5582 3730 5662 q_ui‘iu

1466 5646 1903 5713 περισκέπεσθαι
1935 5646 2096 5704 habet
2131 5646 2271 5704 ἀλλὰ
2320 5653 2416 5704 τὸν
2447 5655 2660 5718 τούτοις
2688 5646 2782 5710 καί
2807 5646 2854 5714 δ.
2934 5662 2978 5692 ’⁷
3003 5646 3090 5716 διὰ
3121 5646 3281 5716 τοῦτο
3298 5646 3561 5732 ὀρόφωτάι
3585 5646 3639 5718 Β»
3662 5648 3731 5702 διδ
