4040 6150
492 230 642 289 1159

1757 268 1765 273 -
1802 228 2087 292 MELETII
2133 238 2436 295 MONACHI

3598 245 3716 302 ιιυο

500 355 677 427 ginem
704 368 733 408 a
759 353 912 425 spina
941 350 1198 406 trahunt:
1225 366 1388 422 quam
1414 352 1604 409 eadem
1629 356 1980 425 proportione
2007 357 2071 411 ad

2184 375 2315 411 σατο
2337 376 2349 388 ’
2380 360 2504 430 ἥτις
2556 360 2658 429 τὴν
2706 359 2878 427 αὐτὴν
2907 355 3200 426 ἀίδαλοτίαν
3228 356 3306 426 τῷ
3342 357 3587 428 ἡμετέρῳ
3624 361 3717 413 ⁸⁸³³⁸

501 458 677 504 totum
709 461 908 514 corpus
942 455 1192 501 nostrum
1228 449 1577 517 respondere,
1607 464 1713 518 qua
1747 454 1903 504 navis
1933 451 2074 505 cari—

502 553 628 592 nam
664 537 729 591 ad
754 525 1006 591 universa
1035 552 1156 605 quae
1182 536 1283 605 ipsi
1310 537 1475 591 aiﬁxa
1501 548 1632 593 sunt
1658 539 1821 608 ligna,
1841 554 2071 593 censen-

500 627 625 681 dum
669 633 773 681 est.
825 626 891 679 Et
955 627 1414 695 quemadmodum
1469 632 1791 684 neceSsitate
1841 630 2072 699 quadam

500 715 643 788 ligna
671 717 736 769 ad
764 715 1031 782 carinam,
1052 716 1167 770 sive
1203 731 1397 785 magna
1423 716 1535 780 illa,
1567 734 1661 772 seu
1696 735 1859 788 parva
1891 719 2070 782 fuerit,

493 808 642 876 justa
684 806 1039 876 proportione
1084 805 1415 872 referuntur,
1463 806 1569 878 56
1609 808 1680 862 ita
1713 817 1767 863 et
1803 809 1869 862 tle
1918 810 2071 877 spina

494 899 679 954 dicere
705 913 1033 969 possumus;
1059 913 1181 951 nam
1213 898 1426 966 qualem
1463 900 1551 953 illa
1581 900 1646 952 ad
1681 908 1884 963 costas,
1914 901 2071 954 talem

497 990 663 1044 etiam
695 997 752 1043 et
782 996 948 1044 costae
983 988 1049 1041 ad
1078 989 1422 1056 scapularum
1452 1003 1575 1043 ossa
1614 996 1857 1043 tenorem
1889 1004 2073 1044 serva-

491 1081 667 1146 ‘bunt;
697 1087 834 1142 tum,
883 1081 947 1133 ad
972 1078 1244 1148 scapulas,
1287 1078 1567 1132 brachium
1588 1120 1602 1143 ,
1638 1080 1797 1143 ulnas,
1846 1087 1899 1132 et
1930 1078 2074 1132 radi-

496 1172 613 1227 cale
634 1187 719 1233 os,
740 1186 973 1240 ossaque
992 1169 1045 1223 in
1069 1185 1189 1238 quae
1216 1184 1410 1223 manus
1433 1177 1672 1222 extrema
1697 1170 1921 1233 desinit;
1946 1183 2073 1237 prae-

499 1274 644 1317 terea
684 1264 902 1316 iliorum
939 1276 1096 1324 ossa,
1129 1262 1297 1330 spina:
1333 1260 1434 1330 ipsi
1467 1260 1679 1314 inferne
1708 1259 2069 1328 applicantur.

487 1354 610 1410 'lllis
643 1369 768 1409 vero
796 1353 1002 1408 femora
1044 1352 1493 1412 dearticulantur,
1537 1360 1592 1405 et
1618 1351 1793 1412 tibiae,
1826 1358 1879 1403 et
1919 1365 2068 1414 sura,

496 1454 553 1498 et
574 1444 728 1514 pedis
750 1443 924 1512 ipsius
957 1456 1103 1495 ossa.
1135 1440 1412 1510 Siquidem
1438 1437 1668 1507 pedibus
1708 1438 1841 1507 ipsis
1876 1452 2070 1491 nervo-

490 1550 619 1589 rum
674 1534 1158 1598 musculorumque
1208 1529 1535 1592 ministerio,
1565 1529 1658 1597 qui
1716 1528 1951 1581 maxima
1978 1525 2072 1579 Dei

497 1622 835 1693 providentia
890 1629 1053 1689 atque
1103 1619 1330 1672 consilio
1379 1634 1408 1671 a
1460 1619 1684 1671 cerebro
1721 1625 1926 1670 motum
1981 1630 2073 1669 ca-

496 1716 674 1785 piunt,
707 1712 960 1767 movendi
1012 1708 1242 1764 facultas
1288 1707 1756 1762 subministratur.

568 1900 702 1953 Nam
738 1896 995 1961 musculi,
1025 1908 1164 1963 quos
1204 1893 1375 1949 Graeci
1412 1892 1554 1962 μύας
1608 1906 1638 1945 a
1699 1894 1864 1945 verbo
1918 1891 2074 1962 μύειν

500 1991 708 2054 dicunt,
727 1990 869 2060 quod
898 1989 1141 2042 claudere
1164 1986 1623 2055 interpretareris,
1641 1986 1712 2041 ob
1731 1985 1780 2038 id
1807 1984 1877 2038 ita
1897 1985 2075 2053 appel-

500 2082 704 2146 lantur,
724 2079 854 2149 quia
877 2077 1095 2147 propria
1121 2075 1206 2130 sui
1232 2073 1416 2128 munia
1443 2073 1789 2141 exsequendo
1812 2070 2073 2124 claudun-

497 2181 586 2225 tur
625 2171 724 2224 rbi
771 2182 1008 2237 namque
1058 2181 1167 2236 prae
1217 2164 1300 2219 sui
1343 2164 1747 2228 contractione,
1784 2172 1838 2217 et
1866 2163 1933 2217 ad
1969 2162 2070 2217 sibi

501 2261 818 2330 praescripta
867 2256 1133 2328 principia
1182 2253 1518 2316 extensione,
1572 2252 1821 2322 partibus
1852 2266 1972 2320 qua:
2004 2251 2073 2305 ab

498 2351 631 2420 ipsis
659 2356 945 2403 moventur
979 2355 1182 2398 motum
1216 2342 1481 2397 tribuunt.
1509 2341 1647 2394 Sunt
1670 2340 1763 2410 qui
1795 2354 1890 2395 eos
1917 2340 1986 2393 ob
2019 2339 2071 2392 id

499 2439 782 2495 musculos
820 2437 1089 2501 dictitant,
1136 2434 1282 2503 quod
1317 2436 1369 2488 in
1402 2432 1544 2487 exile
1565 2431 1840 2493 desinunt,
1865 2439 1977 2484 tum
2003 2429 2072 2484 ad

476 2529 752 2605 animalis
781 2541 978 2582 nervos
1007 2523 1362 2581 similitudine
1395 2521 1721 2590 respondere
1752 2520 2068 2575 creduntur.

500 2620 606 2678 Sed
629 2634 826 2677 etcum
855 2617 1033 2672 nervis
1048 2616 1178 2686 ipsis
1199 2613 1547 2685 proportione
1562 2610 1911 2665 conveniunt.
1936 2607 2069 2663 Nam

472 2702 956 2784 quemadmodum
1003 2709 1192 2770 nervi,
1235 2705 1329 2774 qui
1368 2703 1436 2757 ab
1477 2701 1584 2757 illis
1618 2700 1786 2773 νεῦρα
1821 2700 1972 2771 παρὰ
2010 2700 2072 2752 τὸ

497 2813 671 2868 νεύειν
690 2812 825 2885 πρὸς
843 2809 1028 2869 ἑαυτὰ,
1054 2808 1199 2879 quod
1222 2807 1274 2859 in
1293 2820 1351 2859 se
1366 2806 1482 2874 ipsa
1499 2804 1731 2858 innuant
1750 2817 1944 2858 nomen
1964 2817 2072 2857 sor-

2179 470 2310 521 ματι
2346 452 2631 521 φυλάττει,
2662 451 2852 503 όποίαν
2884 453 2978 503 καὶ
3011 452 3044 520 ἠ
3083 449 3283 520 τρόπις
3312 451 3411 520 τῆς
3437 452 3556 518 νηὸς
3591 452 3711 521 πρὸς

2174 542 2243 595 τὰ
2270 544 2349 604 εἰς
2401 542 2571 613 αὐτὴν
2606 541 2985 612 ἐμόαλλόμενα
3011 540 3170 605 ξύλα.
3204 540 3417 604 Ὠσπερ
3464 541 3570 609 γὰρ
3603 540 3716 611 πρὸς

2175 633 2389 702 ἐκείνην
2426 632 2638 699 ἀνάγκη
2696 631 2873 684 πάντα
2903 632 2969 681 τέι
3006 628 3138 693 ξύλα
3188 623 3335 680 εἰναι
3361 667 3376 691 ,
3413 630 3507 679 xui
3548 628 3593 680 si
3634 630 3718 697 μὲν

2173 725 2208 793 ἠ
2238 722 2431 793 τρόπις
2468 721 2680 792 μεγάλη
2717 721 2822 788 εἴη,
2885 720 3097 788 μεγάλα
3145 718 3239 770 xui
3286 716 3356 768 τὰ
3390 714 3552 778 ξύλα·
3582 718 3627 767 εἰ
3670 716 3719 768 δὲ

2177 813 2350 883 μικρὰ
2374 853 2386 876 ,
2415 812 2617 882 ὁμοίως
2651 813 2746 863 καί
2786 809 2853 862 τὰ
2884 810 3018 874 ξύλα
3043 824 3057 839 ·
3103 807 3278 870 οὕτως
3328 809 3442 876 ἔχει
3476 809 3567 859 καί
3595 807 3721 858 κατᾶ

2173 903 2273 972 τὴν
2302 905 2460 973 ῥάχιν
2485 918 2502 934 ο
2537 902 2633 953 καὶ
2656 900 2705 932 ⁸⁵
2729 900 2804 962 ὡς
2835 899 2901 953 ἂν
2931 899 3031 969 ἔχῃ
3061 898 3221 967 αὑτὴ,
3263 897 3359 949 xui.
3391 898 3447 949 αἰ
3483 897 3613 967 πρὸς
3634 897 3722 949 αὺ-

2172 995 2275 1065 τὴν
2304 993 2716 1065 διηρθρωμέναι
2766 992 2996 1062 πλευραὶ
3035 988 3220 1054 ἕξουσι
3246 1027 3262 1053 ,
3298 987 3394 1041 καὶ
3432 989 3487 1039 αἰ
3521 988 3567 1019 “⁵
3589 987 3722 1052 ὠμο-

2174 1085 2397 1146 πλάται,
2448 1084 2587 1154 πρὸς
2616 1083 2674 1136 δὲ
2698 1082 2799 1146 τὰς
2829 1082 2874 1114 ⁸⁸
2902 1081 3233 1150 ὠμοπλάτας
3269 1078 3510 1147 βραχίων
3536 1094 3593 1129 τε
3642 1078 3724 1129 καί

2176 1173 2377 1244 πῆχυς,
2420 1174 2514 1226 xui.
2541 1172 2754 1243 κερκὶς,
2794 1172 2888 1224 καί
2916 1171 2985 1224 τὰ
3013 1170 3112 1239 τῆς
3136 1169 3311 1239 ἄκρας
3339 1167 3519 1237 χειρὸς
3541 1167 3720 1219 ὀστέα·

2175 1267 2266 1319 xui.
2297 1264 2462 1320 πάλιν
2494 1264 2630 1332 πρὸς
2658 1262 2758 1332 τὴν
2783 1264 2942 1332 ῥάχιν
2968 1263 3084 1315 ἐστί
3112 1261 3180 1313 τὰ
3208 1262 3309 1329 τῆς
3338 1259 3563 1326 λαγόνος
3588 1260 3725 1319 ὀστᾶ,

2174 1356 2313 1427 πρὸς
2351 1356 2386 1409 ἃ
2414 1355 2750 1427 διήρθρωται
2784 1354 2813 1405 ὁ
2865 1352 3038 1423 μηρός
3063 1369 3077 1382 ·
3129 1352 3224 1404 xui.
3264 1351 3404 1420 πρὸς
3453 1352 3653 1402 ἐκεῖνον
3694 1351 3725 1417 ἡ

2171 1449 2356 1517 κνήμη
2389 1463 2448 1498 τε
2484 1446 2578 1498 xui.
2614 1445 2647 1513 ἠ
2682 1444 2887 1514 περόνη
2909 1482 2923 1505 ,
2958 1441 3215 1511 καὶπρὸς
3245 1439 3453 1501 ταύτας
3480 1440 3523 1470 ⁵⁷
3559 1439 3624 1491 τὰ
3645 1437 3730 1490 τοῦ

2173 1530 2332 1601 ποδὸς
2361 1536 2544 1589 ὀστέα.
2591 1532 2872 1588 Ἐντεῦθεν
2903 1533 3089 1594 αὐτοῖς
3122 1531 3268 1600 xuii]
3300 1530 3520 1601 κίνησις
3547 1529 3729 1581 δίδοται

2173 1630 2263 1684 διὰ
2300 1630 2510 1699 νεύρων
2536 1628 2630 1680 xui
2661 1625 2813 1696 μυῶν
2839 1626 2899 1688 ἐξ
2929 1625 3230 1693 ἐγκεφάλου
3263 1638 3276 1651 '
3309 1625 3407 1675 xui.
3433 1622 3635 1674 τούτων
3655 1639 3733 1674 κι-

2104 1690 2145 1745 B
2175 1690 2453 1792 νουμένων
2482 1719 2624 1773 κατὰ
2644 1690 2743 1787 τὴν
2773 1690 3018 1786 μεγὰλήν
3048 1690 3242 1784 βουλὴν
3273 1711 3371 1764 τοῦ
3396 1711 3533 1766 Θεοῦ
3565 1712 3608 1744 ⁸⁸
3646 1713 3733 1766 καὶ

2173 1812 2453 1884 πρόνοιαν.

2246 1903 2406 1968 Μῦες
2432 1900 2489 1954 δὲ
2519 1900 2773 1968 λέγονται
2808 1902 2959 1969 παρὰ
2986 1899 3047 1950 τὺ
3072 1897 3229 1968 μύειν
3265 1901 3321 1952 ὲν
3350 1901 3477 1961 ταῖς
3508 1894 3734 1954 οἰκείαις

2174 1994 2480 2062 ἐνεργείαις
2508 2005 2522 2021 ⁶
2558 1993 2976 2060 συστελλόμενοι
3006 1989 3136 2059 γὰρ,
3172 1989 3267 2042 καὶ
3293 1990 3391 2042 ἐπὶ
3420 1988 3521 2058 τὴν
3542 1985 3737 2039 οἰκείαν

2175 2087 2352 2157 ἀρχὴν
2382 2084 2778 2155 ἀνατρέχοντες
2805 2121 2819 2144 .
2857 2081 2946 2135 διὰ
2991 2084 3093 2151 τῆς
3125 2080 3395 2150 συστολῆς
3439 2077 3648 2132 κινοῦσι
3674 2075 3737 2127 τὰ

2175 2178 2267 2230 ὑπ’
2298 2176 2478 2229 αὐτῶν
2507 2174 2805 2244 κινούμενα
2841 2172 3025 2242 μόρια.
3062 2171 3218 2234 Τινὲς
3253 2171 3311 2224 δὲ
3343 2172 3601 2239 λέγουσιν
3621 2208 3634 2230 ,
3665 2166 3739 2218 ὅτι

2177 2267 2447 2339 μυοειδεῖς
2479 2269 2584 2318 εἰσι
2605 2307 2619 2329 ,
2656 2264 2752 2318 καὶ
2785 2265 2864 2326 είς
2891 2262 3064 2316 λεπτὰ
3091 2261 3136 2292 ⁸⁸
3166 2258 3642 2313 ἀποτελευτῶσιν·
3671 2254 3740 2315 ὡς

2174 2356 2476 2427 ἐμφερείαν
2513 2354 2659 2425 ἔχειν
2704 2353 2841 2424 πρὸς
2869 2351 2967 2422 τὴν
2998 2350 3167 2421 οὐρὰν
3213 2350 3310 2403 τοῦ
3365 2349 3510 2413 ζώου
3545 2348 3592 2380 ⁸⁸
3624 2345 3741 2407 τοὺς

2176 2447 2321 2517 μῦας
2345 2447 2411 2499 ⁸⁸.
2432 2446 2540 2499 Καὶ
2563 2444 2673 2515 γὰρ
2695 2444 2765 2496 τὰ
2790 2442 2973 2509 νεῦρα
2988 2444 3086 2511 τὴν
3117 2440 3423 2511 ὀνομασίαν
3453 2439 3580 2508 ἔσχε
3603 2434 3744 2504 παρὰ

2171 2539 2266 2592 τοῦ
2298 2537 2479 2590 νεύειν
2524 2535 2664 2605 πρὸς
2712 2534 2917 2588 ἑαυτά·
2964 2532 3059 2585 τόν
3092 2531 3254 2584 αὑτὸν
3297 2530 3358 2585 δὲ
3404 2532 3612 2601 τρόπον
3654 2525 3743 2579 καί

2172 2627 2313 2682 αὐτὰ
2345 2629 2458 2689 τοῖς
2505 2627 2666 2696 μυσὶν
2719 2625 2972 2692 ὲνεργείο
3013 2621 3214 2690 μᾶλλον
3265 2621 3327 2674 δὲ
3379 2622 3432 2674 οἰ
3478 2620 3614 2690 μῢες
3643 2615 3745 2669 τῶν

2171 2720 2379 2789 νεύρων
2401 2734 2414 2747 ο
2470 2716 2621 2785 παρὰ
2667 2712 2761 2769 οὖν
2790 2715 2852 2767 τὸ
2900 2712 3077 2766 νεύειν
3108 2711 3325 2783 νεῦρον,
3368 2713 3466 2765 καὶ
3500 2711 3654 2779 παρὰ
3687 2705 3743 2758 τὸ

2176 2810 2332 2883 μύειν
2368 2808 2522 2881 μῦες.
2571 2808 2685 2860 Οὐκ
2731 2807 2845 2858 ἔστι
2892 2805 2951 2859 δὲ
2990 2804 3136 2874 ἁπλῆ
3169 2806 3202 2873 ἡ
3235 2803 3350 2856 τῶν
3389 2803 3547 2874 μυῶν
3575 2801 3743 2860 ούσία,

501 2905 585 2958 titi
616 2912 767 2963 sunt,
793 2902 873 2956 sic
897 2910 950 2954 et
976 2898 1077 2968 ipsi
1099 2896 1287 2951 eadem
1308 2910 1426 2964 quae
1446 2901 1501 2948 et
1525 2892 1756 2947 musculi
1783 2901 1969 2961 agunt,
1987 2892 2071 2945 vel

2171 2900 2309 2956 ἀλλὰ
2353 2899 2609 2961 σύνθετος
2649 2897 2713 2950 ἐκ
2761 2913 2822 2949 τε
2860 2896 2987 2950 ἰνῶν
3023 2896 3117 2948 καὶ
3164 2893 3491 2963 σαρκώδους
3542 2892 3743 2951 οὐσίας.

498 2989 735 3047 museuli
769 2989 953 3058 potius
983 2987 1124 3039 idem
1151 2984 1295 3052 quod
1317 2992 1371 3038 et
1399 2983 1571 3037 nervi.
1606 2980 1677 3035 Ut
1696 2983 1840 3035 enim
1872 2996 2070 3036 nervus

2171 2993 2291 3046 Τῶν
2322 2992 2379 3044 δὲ
2420 2991 2565 3056 ἰνῶν,
2615 2992 2671 3042 αἰ
2724 2988 2822 3059 μὲν
2850 2988 2958 3041 ἀπὸ
2990 2972 3098 3039 των
3140 2986 3356 3055 νεύρων
3395 2986 3541 3037 εἰσὶν
3563 3022 3578 3047 ,
3613 2984 3665 3034 αἰ
3696 2980 3749 3031 δὲ

495 3081 643 3151 quod
672 3080 884 3140 innuat,
910 3075 1244 3136 utdiximus,
1273 3080 1640 3140 nuncupatur,
1665 3072 1737 3124 ita
1756 3083 1807 3125 et
1830 3072 2066 3125 musculi

2171 3085 2276 3139 ἀπὸ
2301 3082 2410 3136 τῶν
2440 3081 2778 3147 συνδέσμων,
2808 3073 2889 3140 οἷς
2918 3079 3184 3144 ὲνύφανεν
3214 3078 3247 3146 ἡ
3275 3078 3453 3144 φύσις
3487 3075 3589 3143 τὴν
3622 3086 3746 3140 σαρ-

495 3170 643 3241 quod
671 3168 1023 3233 clauduntur,
1053 3164 1304 3235 appellati
1332 3169 1479 3218 sunt.
1521 3160 1638 3215 Non
1669 3162 1813 3216 cnim
1846 3178 2069 3217 muscu-

2171 3174 2315 3243 κώδη
2361 3172 2586 3226 οὐσίανο
2636 3171 2729 3224 xui.
2770 3169 2863 3223 διὰ
2905 3169 2967 3221 τὸ
2998 3168 3073 3238 μὴ
3105 3167 3456 3237 βλάπτεσθαι
3516 3165 3714 3236 ῥᾳδίως
3738 3198 3751 3222 .

472 3264 672 3316 -lorum
696 3258 1000 3314 substantia
1019 3257 1270 3324 simplex,
1290 3255 1382 3309 sed
1402 3253 1701 3321 composita
1720 3263 1831 3318 est;
1855 3269 1981 3306 nam
2004 3269 2070 3308 ex

2171 3265 2283 3318 ἀλλ’
2320 3265 2396 3325 ὡς
2431 3263 2525 3315 ἐπὶ
2564 3261 2782 3331 στοιὸἧς
2826 3258 3208 3313 ἀναπαύεσθαι
3234 3274 3248 3289 ·
3284 3259 3389 3311 καὶ
3421 3258 3513 3309 ἵνα
3541 3257 3600 3307 ἐν
3638 3253 3754 3312 ταῖς

495 3350 756 3405 ﬁbrarum
795 3361 1135 3415 carnosaque
1162 3343 1466 3398 substantia
1490 3345 1819 3412 compositos
1836 3353 2068 3399 constat.

2171 3356 2424 3426 ἀμέτροις
2474 3354 2755 3422 κινήσεσιν
2787 3350 3206 3421 αὐχμηρότεραι
3259 3349 3573 3418 γενόμεναι
3628 3342 3756 3398 καθ⁹

494 3444 566 3498 At
599 3442 768 3509 ﬁbrae,
791 3439 1038 3512 quadam
1062 3455 1094 3493 a
1123 3439 1323 3501 nervis,
1360 3436 1632 3491 nonnullae
1660 3451 1791 3491 vero
1824 3451 1854 3490 a
1890 3438 2069 3501 nodis,

2171 3445 2619 3516 υγραίνωνταιδί,
2647 3442 2742 3496 xui.
2765 3442 2862 3512 τὴν
2892 3444 2955 3495 ὲκ
2989 3441 3097 3494 τῶν
3146 3439 3460 3511 σαρκωδῶν
3493 3439 3754 3508 δέχωνται

498 3534 613 3588 sive
647 3549 677 3587 a
706 3532 1013 3603 ligamentis
1045 3532 1200 3594 ﬁunt,
1231 3530 1430 3599 quibus
1460 3538 1652 3582 natura
1689 3528 1803 3597 ipsa
1832 3546 1898 3584 ne
1922 3532 2070 3586 dam-

2174 3537 2549 3607 παραμυθίαν.

497 3630 584 3685 nis
615 3629 833 3684 ῖθείιίυε
867 3627 1116 3683 ObHOXiai
1144 3626 1458 3691 reddantur,
1523 3624 1617 3680 sed
1655 3641 1751 3680 ceu
1809 3628 1861 3679 in
1914 3629 2099 3685 stratis
2134 3633 2496 3702 quiescerent,
2571 3645 2854 3685 carnosam
2902 3629 3263 3697 substantiam
3308 3626 3629 3691 contexuit,
3655 3635 3758 3695 quo

497 3734 607 3787 prae
632 3720 900 3773 immenso
923 3726 1071 3772 motu
1090 3716 1154 3770 ad
1186 3716 1485 3771 siccitatem
1515 3716 1772 3783 redactre,
1798 3732 1864 3771 ex
1883 3720 2065 3775 carnis
2102 3722 2333 3778 humore
2360 3721 2638 3791 suppetias
2660 3720 2850 3775 adesse
2882 3721 3169 3775 sentirent.

570 3809 711 3865 Sunt
752 3810 846 3880 qui
870 3818 1114 3879 quaerant
1144 3822 1381 3876 quanam
1410 3807 1477 3861 de
1510 3822 1676 3863 causa
1707 3817 1869 3878 caput
1890 3811 2067 3865 homi-

2240 3814 2478 3884 Ζητοῦσι
2529 3814 2586 3866 δέ
2627 3829 2771 3876 τινες
2813 3811 2956 3865 διατί
3003 3810 3064 3865 τὸ
3118 3810 3221 3879 τῆς
3251 3811 3523 3880 κεφαλῆς
3572 3807 3759 3878 σχῆμα

497 3903 584 3958 nis
604 3901 747 3972 globi
770 3900 962 3971 ﬁgura,
982 3915 1089 3954 non
1116 3906 1294 3952 autem
1313 3898 1652 3969 triangulari,
1671 3899 1753 3952 vel
1776 3900 2062 3969 quadrata,

2171 3905 2508 3976 σφαιροειδές
2541 3905 2653 3957 ἐστι
2683 3946 2697 3968 ,
2754 3902 2849 3955 xui.
2899 3904 2978 3972 μὴ
3025 3900 3227 3974 μᾶλλον
3290 3903 3685 3970 τετράγωνον,
3730 3897 3761 3966 ἢ

496 4002 593 4048 aut
624 3990 955 4056 acuminata,
987 3988 1070 4043 vel
1106 3989 1158 4041 in
1191 3988 1310 4042 coni
1343 3987 1560 4043 modum
1587 3997 1836 4053 protensa
1863 3990 1953 4044 sit.
1983 3989 2062 4044 Ad

2171 3995 2460 4063 ὀξύγωνον,
2499 3994 2532 4064 ἢ
2570 3995 2834 4062 τρίγωνον
2861 4032 2875 4055 ,
2908 3994 2940 4058 ἢ
2999 3994 3310 4054 κωνοειδές.
3364 3993 3488 4046 Καὶ
3531 3991 3761 4058 λέγομεν

495 4098 618 4153 quae
658 4082 833 4135 tribus
879 4079 1184 4133 rationibus
1218 4078 1612 4150 respondemus
1649 4094 1661 4129 :
1695 4094 1926 4148 quarum
1958 4097 2063 4134 una

2171 4085 2359 4138 ratirati
2399 4087 2551 4155 τρεῖς
2594 4083 2775 4146 αἰτίας
2801 4083 2846 4115 ⁸³
2872 4098 2884 4111 ·
2923 4083 3052 4152 μίαν
3103 4081 3237 4151 μὲν,
3270 4082 3365 4135 ὅτι
3411 4081 3480 4136 τὸ
3520 4077 3765 4134 τοιοῦτον

493 4184 597 4240 est,
615 4174 759 4245 quod
779 4174 898 4228 talis
914 4173 1082 4243 figura
1099 4171 1269 4239 magis
1285 4185 1447 4238 quam
1469 4170 1587 4223 alia:
1601 4170 1945 4238 passionibus
1960 4172 2060 4224 im-

2171 4177 2354 4246 σχῆμα
2392 4173 2833 4244 δυσπαθέστερόν
2884 4175 3000 4225 ἐστι
3048 4171 3159 4224 τῶν
3200 4171 3392 4225 ἄλλων
3435 4170 3758 4242 σχημάτων.

493 4267 681 4336 pervia
698 4265 949 4319 habetur.
967 4261 1103 4317 Nam
1128 4276 1251 4330 qua:
1264 4260 1318 4314 in
1334 4261 1563 4331 angulos
1577 4259 1852 4326 desinunt,
1884 4278 1910 4312 a
1929 4262 2057 4330 qui-

2171 4266 2304 4318 Ὂσα
2326 4264 2435 4333 γὰρ
2460 4264 2575 4333 ἔχει
2596 4262 2821 4332 γωνίας,
2851 4261 3083 4324 ἑτοίμως
3103 4262 3217 4323 τοῖς
3247 4260 3473 4325 ἔξωθεν
3499 4257 3762 4317 ἐναντίοις

493 4358 729 4414 buslibet
756 4371 878 4427 quae
905 4354 1065 4409 obvia
1090 4352 1581 4408 ferunturacumen
1601 4352 1842 4420 ipsorum
1860 4352 2055 4406 obtun-

2171 4356 2460 4419 Ξιπαντῶσι,
2495 4356 2589 4408 καὶ
2617 4356 3037 4423 ἑντυγχάνονται
3080 4353 3212 4423 ῥᾷον
3237 4352 3287 4384 ⁸⁸
3321 4355 3433 4406 καὶ
3468 4353 3761 4422 θραύονται

493 4446 639 4503 ditur
702 4454 757 4500 et
782 4443 939 4498 facile
960 4441 1250 4510 frangitur.
1283 4439 1464 4493 Altera
1495 4448 1580 4493 est
1603 4478 1618 4502 ,
1654 4438 1798 4507 quod
1832 4437 1935 4507 5'7
1962 4440 2055 4507 qui

2171 4450 2249 4502 ὅτε
2281 4448 2483 4502 αὐτῶν.
2531 4445 2794 4516 Δεύτερον
2835 4446 2879 4477 ⁵⁵
2928 4445 2986 4497 δὲ
3016 4483 3030 4506 ,
3062 4444 3145 4496 ὅτι
3192 4444 3617 4498 ἀποδέδεικται
3657 4440 3764 4498 τοῖς

493 4532 876 4589 mensurandre
935 4538 1092 4585 terra:
1147 4528 1431 4584 scientiam
1487 4529 1830 4597 profitentur,
1882 4528 2058 4581 circu-

2171 4537 2582 4609 γεωμέτραιςτὰ
2612 4535 2847 4588 κυκλικὰ
2876 4535 3134 4603 σχήματα
3156 4532 3267 4584 τῶν
3296 4535 3763 4606 ἰσοπεριμέτρων

494 4630 664 4687 larem
712 4630 941 4700 ﬁguram
987 4626 1247 4682 omnibus
1294 4625 1438 4689 aliis,
1483 4625 1599 4680 sive
1643 4626 1697 4680 in
1757 4635 1888 4689 tres,
1943 4627 2059 4682 sive

2171 4629 2454 4699 τχημάτων
2487 4626 2786 4691 ἁπάντων,
2834 4624 3142 4694 τριγώνων,
3201 4624 3305 4675 xui.
3360 4622 3763 4696 τετραγώνων.

492 4725 753 4792 (ιιιειιιιότο
778 4728 880 4778 aut
898 4734 1014 4781 sex,
1045 4718 1299 4788 pluresve
1343 4717 1594 4772 eumdem
1627 4717 1890 4772 ambitum
1928 4734 2059 4772 con-

2171 4720 2251 4770 tui.
2285 4714 2615 4782 πολυγώνων
2644 4715 2713 4781 ⁸⁸,
2754 4713 3175 4784 πολυχωρότερα
3202 4712 3373 4768 ὄντα.
3429 4715 3508 4775 Ἡ
3545 4715 3766 4783 πρόνοια

490 4815 726 4868 tinentes
767 4814 995 4883 angulos
1043 4813 1384 4877 scindantur,
1422 4814 1762 4882 capaciorem
1813 4829 1936 4870 esse
1962 4815 2060 4868 de-

2171 4804 2249 4863 >ὗν
2296 4809 2471 4861 εἰδυῖα
2500 4808 2581 4860 ὅτι
2614 4809 2647 4877 ἠ
2678 4806 2891 4876 κεφαλὴ
2923 4805 3015 4859 τὸν
3058 4804 3385 4873 ἐγκέφαλον
3423 4807 3586 4877 ἔχειν
3623 4801 3766 4874 ὀφεί-

489 4912 885 4957 monstrarunt.
918 4901 1050 4957 Nam
1078 4918 1202 4957 cum
1227 4902 1322 4957 Dei
1346 4903 1681 4971 providentia
1714 4905 2053 4958 animadver-

2171 4906 2242 4954 ist
2273 4901 2340 4965 ⁸⁷,
2378 4900 2472 4954 xui.
2513 4900 2756 4968 μήνιγγα
2786 4898 2904 4967 μετ’
2940 4894 3106 4949 αὑτοῦ
3133 4896 3392 4965 παχεῖάν
3430 4915 3498 4951 τε
3548 4897 3646 4951 καὶ
3685 4896 3764 4947 λε·

489 4999 624 5045 teret
671 5001 833 5060 eaput
874 4990 1317 5047 constituendum
1373 4990 1513 5054 fore.
1571 4992 1652 5045 uti
1712 4993 1767 5046 in
1808 5008 1867 5047 se
1904 5008 2053 5047 cere-

2171 4992 2321 5062 πτὴν,
2350 4991 2442 5045 xui
2467 4991 2527 5043 τὸ
2555 4989 2848 5052 δικτυῶδες
2885 4989 2931 5021 ⁸⁸
2959 4989 3197 5059 πλέγμα,
3226 4990 3335 5042 xui.
3356 4995 3470 5055 τὰς
3506 4990 3625 5044 τῶν
3651 4984 3763 5041 νεύ-

488 5081 668 5143 brum,
708 5091 761 5135 et
793 5082 860 5135 ab
886 5083 1002 5151 ipso
1046 5083 1417 5137 membranam
1467 5096 1702 5136 crassam
1729 5082 2049 5152 exilemque,

2171 5099 2269 5149 οων
2296 5082 2437 5133 ἑπτὰ
2478 5081 2765 5148 συζυγίας,
2798 5080 2894 5134 καὶ
2923 5080 2994 5132 τὰ
3024 5079 3135 5132 τῶν
3166 5079 3516 5150 αἰσθήσεων
3547 5080 3768 5149 οἰκητή·

486 5187 697 5228 necnon
756 5174 1043 5228 reticulare
1091 5182 1295 5229 textum
1328 5214 1343 5240 ,
1405 5181 1719 5243 septemque
1762 5187 2048 5227 nervorum

2171 5192 2255 5241 ρια
2279 5192 2290 5205 ·
2339 5172 2687 5243 ὀφθαλμοὺς,
2714 5167 2849 5236 ὦτα,
2883 5172 3064 5242 ῥῖνας·
3102 5172 3197 5224 xui.
3223 5172 3305 5223 τὰ
3344 5173 3473 5227 ἔσω
3508 5172 3612 5227 τοῦ
3653 5170 3767 5225 στόο

552 5348 599 5381 ⁸³
629 5349 722 5401 xui.
761 5363 868 5402 om.
897 5347 954 5399 Β.
1030 5347 1074 5379 ⁸⁸
1106 5347 1156 5399 οἰ
1193 5347 1235 5400 Β
1259 5347 1299 5402 C
1321 5348 1383 5402 Ρ.
1461 5347 1507 5380 ⁸⁸
1532 5347 1659 5408 τοὺς
1695 5346 1735 5399 Β
1774 5346 1834 5399 C.
1900 5345 1944 5376 ⁸⁷
1977 5345 2071 5396 ταύ

481 5414 526 5446 σο
558 5417 695 5446 ...δη
730 5417 828 5446 ,ιιι
861 5416 1001 5446 ...ιηρ
1022 5417 1088 5446 ..ιι
1123 5416 1235 5446 7:...
1274 5418 1299 5446 Α
1364 5415 1452 5446 ..ης
1482 5418 1581 5446 ..ιιι
1637 5415 1745 5446 κη...
1775 5415 1829 5446 xz.
1862 5413 2052 5446 mm”...

2177 5362 2203 5445 ς
2236 5346 2274 5398 Β
2296 5345 2355 5398 Ρ.
2418 5346 2462 5429 δέ
2485 5363 2536 5400 τ.
2564 5346 2933 5446 Θῖλβορλὴνὲῐέ
2961 5348 3020 5402 Ρ.
3076 5350 3121 5383 δ’
3151 5349 3336 5402 λευτά
3372 5351 3445 5413 Β,
3475 5351 3680 5405 λεπτὸν
3709 5346 3763 5399 Ρ.

2226 5426 2338 5446 nnc!
2396 5432 2536 5446 ..ιιι-ρ
2568 5431 2612 5446 ιιι.
2754 5434 2834 5446 ...η
2893 5444 2897 5446 _
2961 5417 3153 5446 $3-"-..
3185 5415 3222 5446 Ω
3376 5422 3430 5446 ιι
3467 5417 3763 5446 ---ο..-.--ι«

505 5417 526 5447 ⁰
558 5416 1001 5495 πρὺςᾎτὰςημύας
1022 5417 1089 5469 τὰ
1122 5416 1330 5495 ςῶεΑ,
1363 5415 1603 5495 quiadd.
1636 5415 1750 5495 {an
1775 5415 1831 5467 δὲ
1861 5413 2071 5495 ᾷλογον.

2177 5416 2193 5445 ί
2226 5426 2346 5482 post
2395 5414 2536 5495 μύας
2567 5413 2838 5495 ἓύὰᾉβστὶ
2872 5417 2927 5495 ξε
2958 5417 3153 5495 ἄλογρν
3183 5415 3249 5495 BA.
3364 5422 3430 5495 _"
3467 5417 3770 5495 καθυγραί-

480 5483 660 5537 νονται
687 5487 749 5538 Β.
822 5483 870 5517 ⁸⁸
900 5486 1007 5537 αἰτ.
1037 5488 1187 5564 τρεῖς
1220 5487 1279 5538 Β.
1374 5488 1421 5518 ³⁵
1460 5483 1782 5567 απαντῶντα
1808 5483 1915 5566 καὶ,
1933 5483 2335 5605 ἐντυγχάνοντα
2354 5485 2535 5606 ,[ρᾷον
2568 5484 2608 5537 Β
2627 5524 2641 5549 ,
2683 5485 3008 5540 ἀπαντῶντα
3038 5483 3168 5558 ῥᾷον
3215 5484 3558 5555 Θραύονται
3587 5483 3671 5552 0,·
3693 5483 3768 5548 ἐξ·

483 5551 621 5601 ωοεν
647 5552 819 5606 αἰ-τίος
863 5553 1185 5605 ἀπαντῶντα
1208 5555 1304 5606 τὴν
1332 5555 1539 5606 ἐαυτων
1567 5553 1751 5606 ἀκμὴν
1782 5552 2076 5606 θραυονται
2130 5552 2352 5606 εὐτερον
2427 5593 2441 5606 .
2519 5554 2563 5586 ⁸⁸
2595 5552 2856 5606 δεύτεοαν
2880 5555 2942 5606 Β.
3018 5555 3064 5589 ⁸⁸
3094 5554 3439 5606 πολυγόνων
3473 5559 3537 5606 ΒΑ
3602 5559 3650 5592 ιτ
3684 5554 3768 5606 bc.

483 5551 621 5662 (εἶεν
640 5550 1304 5662 ῧίῖξοεὲυξιζξῗέἆιέἔξῖτήν
1332 5555 1539 5609 ἑαυτῶν
1567 5553 1751 5623 ἀκμὴν
1782 5550 2076 5623 θραύονται
2098 5550 2352 5623 δεύτερον
2379 5550 2461 5606 ΡΣ
2519 5554 2563 5586 ⁸⁸
2595 5552 2856 5626 δεύτεραν
2880 5555 2942 5609 Β,
3018 5550 3064 5589 r‘o
3085 5550 3439 5624 'ﬂoluiévwv
3470 5559 3539 5618 Β.
3602 5550 3650 5592 η
3684 5554 3769 5631 ὑφ’

515 5631 568 5682 χ.
640 5619 685 5651 ⁸⁸
710 5618 771 5675 Β.
801 5617 1135 5681 δυκτυοειδὲς
1162 5621 1224 5674 Β.
