4006 6158
387 293 520 348 1161

1630 280 1718 337 ΒΕ
1757 279 2050 338 NATURA
2087 277 2389 336 HOMlMS.

3487 269 3628 328 “62

389 427 559 484 ματος
578 447 599 474 ,
638 409 736 461 καὶ
767 405 864 470 τᾶς
894 405 1054 464 ἀλλας
1086 389 1423 470 κοιλότητας
1443 441 1458 465 ,
1508 398 1576 464 ἃς
1623 398 1831 461 κοιλίας
1878 398 1962 450 λέ-

2080 397 2311 466 :opulas,
2363 404 2418 448 et
2469 393 2839 448 sensoriorum
2885 390 3060 452 sedes,
3107 388 3298 442 oculos
3355 387 3634 454 videlicet,

389 518 550 573 γουσι
570 517 586 533 ⁸
617 499 713 553 καὶ
738 497 953 567 πνεῦμα
972 486 1208 566 ψυχικὸν
1235 489 1499 562 ψυχικαῖς
1529 491 1834 562 ἐνεργείαις
1862 489 1963 541 ὑπ-

389 591 791 663 ηρετούμενον,
832 589 1058 650 εἰκότως
1081 583 1150 654 τῇ
1177 583 1397 653 κεφαλῇ
1432 583 1618 652 σχῆμα
1643 580 1883 634 τοιοῦτον
1917 579 1962 612 ⁸³

391 683 675 748 ἐπλέξατο.
713 682 777 734 Ἦ
811 681 869 732 δὲ
909 678 1073 749 τρίτη
1103 675 1258 730 αἰτία
1300 673 1596 736 Πλάτωνός
1628 675 1747 726 ἐστι
1794 669 1966 740 φλυα-

395 777 487 848 ρία
513 777 572 828 ὲν
590 775 658 844 τῇ
685 772 822 843 πρὸς
853 769 1106 839 Τίμαιον.
1301 765 1440 834 Φησὶ
1487 764 1598 834 γάρ
1631 765 1696 796 ⁸ο·
1741 759 1963 830 Ἐπειδὴ

396 865 623 936 ἔμελλεν
666 865 701 933 ἡ
737 862 900 929 φύσις
956 858 1145 928 μόριον
1195 857 1372 909 ποιεῖν
1412 853 1592 923 ψυχῆς
1633 869 1695 905 τε
1734 851 1830 905 καί⁸
1869 848 1962 902 νοῦ

395 958 734 1029 οἰκητήριον,
775 953 864 1005 ἵνα
906 951 982 1022 μὴ
1016 949 1291 1018 ξενίζηται
1320 944 1586 998 κατιοῦσα
1619 941 1729 995 ἀπὸ
1765 940 1966 994 κυκλο-

395 1050 590 1121 τεροῦς
622 1047 718 1100 τοῦ
745 1041 1003 1114 οὐρανοῦ,
1029 1041 1110 1101 εἰς
1142 1038 1398 1107 ἀνόμοιον
1427 1035 1638 1103 οἴκημα
1687 1029 1961 1121 εἰσιοῦσα,

396 1119 582 1212 ὅμοιον
605 1137 700 1191 τοῦ
725 1132 960 1206 οὐρανοῦ
977 1133 1163 1201 σχῆμα
1177 1129 1313 1197 αὐτῇ
1343 1123 1763 1196 κατειργάσατο.
1793 1119 1966 1212 Τοῦτο

388 1209 453 1286 ’δέ
481 1231 703 1301 εἴρηκεν
741 1230 770 1280 ὁ
800 1224 1093 1294 φιλόσοφος
1121 1222 1220 1292 τὴν
1255 1215 1673 1288 μετεμψύχωσιν
1693 1209 1967 1281 δογματί-

399 1323 527 1386 ζων,
572 1322 668 1376 καὶ
710 1320 809 1389 τὴν
840 1317 1022 1386 ψυχὴν
1063 1316 1122 1368 ὲν
1160 1312 1243 1382 τῷ
1272 1307 1590 1382 ἡγεμονικῷ
1637 1308 1827 1370 οἰκεῖν,
1871 1301 1968 1356 καὶ

404 1415 480 1485 μὴ
507 1417 562 1466 ὲν
593 1413 701 1482 ὅλῳ
728 1410 808 1479 τῷ
837 1407 1052 1476 σώματι
1084 1403 1368 1474 φλυαρῶν.

2063 499 2245 546 aures,
2296 499 2476 547 nares,
2522 490 2576 535 et
2615 495 2737 550 quae
2763 479 2905 533 intra
2947 493 3008 532 os
3061 478 3387 543 consistunt,
3418 477 3486 532 ad
3516 479 3631 532 haec

2064 585 2118 630 et
2172 590 2305 630 cava
2352 588 2474 644 quae
2529 571 2812 627 ventriculi
2861 569 3148 632 dicuntur,
3207 577 3321 622 tum
3377 569 3632 638 spiritum

2066 662 2271 732 ipsum,
2326 661 2422 730 qui
2480 659 2811 713 animalibus
2860 656 3167 712 actionibus
3219 657 3461 723 inservit,
3494 672 3631 712 con-

2065 731 2302 816 tineret,
2363 751 2526 805 talem
2577 749 2804 818 ﬁguram
2875 747 3053 816 ipsum
3127 747 3372 802 obtinere
3436 731 3634 804 debere

2069 844 2273 913 optima
2306 841 2518 895 ratione
2545 839 2775 894 censuit.
2811 838 2882 892 At
2911 837 3065 891 tertia
3104 838 3320 907 quidem
3348 853 3455 907 qua
3479 835 3635 891 Plato

2070 934 2139 988 ad
2190 931 2446 984 Timwum
2493 929 2632 982 ludit
2662 927 2800 981 ratio
2843 933 2946 981 est.
2977 925 3265 992 Quoniam,
3315 927 3511 996 inquit,
3540 942 3636 980 na-

2072 1035 2207 1080 turae
2223 1024 2324 1094 ipsi
2348 1038 2482 1078 cura
2497 1019 2804 1076 adhibenda
2831 1018 3007 1073 fuerat
3034 1019 3424 1075 constituendae
3444 1021 3637 1089 partis,

2079 1118 2135 1172 in
2189 1132 2296 1186 qua
2346 1114 2534 1168 anima
2590 1127 2855 1182 mensque
2903 1112 3176 1182 propriam
3230 1111 3412 1167 sedem
3465 1113 3640 1167 couti-

2073 1217 2266 1268 ueret;
2305 1220 2373 1273 ne
2411 1205 2524 1273 ipsa
2573 1219 2604 1256 a
2648 1217 2846 1272 supero
2899 1202 3152 1256 circulari
3209 1202 3418 1257 caelesti
3465 1211 3638 1258 tractu

2076 1297 2143 1352 ad
2195 1293 2452 1348 inferiora
2510 1292 2755 1354 tendens,
2802 1291 3145 1360 peregrinum
3195 1291 3373 1345 locum
3427 1301 3479 1345 et
3533 1293 3640 1348 sibi

2075 1383 2394 1442 dissimilem
2445 1389 2755 1449 occuparet,
2811 1382 3036 1450 ﬁguram
3081 1381 3182 1450 ipsi
3236 1383 3375 1436 caalo
3421 1398 3643 1452 compa-

402 1472 516 1562 rein
559 1472 871 1558 destinavit.
908 1472 1024 1551 lloc
1076 1472 1257 1550 autem
1317 1489 1676 1561 philosophus
1743 1485 1971 1540 dicendo
2037 1479 2342 1534 animarum
2386 1490 2454 1528 ex
2497 1473 2820 1543 corporibus
2879 1472 2932 1526 in
2971 1487 3200 1542 corpora
3265 1475 3644 1544 migrationem

405 1602 506 1655 hac
549 1597 807 1667 opinione
850 1601 1080 1646 tuetur:
1116 1599 1231 1644 tum
1285 1587 1529 1642 animam
1583 1586 1638 1638 in
1678 1578 1966 1652 principali
2042 1582 2216 1645 parte,
2267 1579 2612 1667 nouantem
2692 1569 2746 1636 in
2787 1577 2901 1623 toto
2943 1583 3172 1637 corpore
3218 1571 3519 1626 consistere
3553 1588 3649 1627 nu-

403 1665 1001 1766 gatur,f‘argumentutn
1040 1698 1288 1744 sumens,
1334 1680 1479 1750 quod
1531 1679 1726 1734 animae
1756 1677 1964 1746 priores
1998 1667 2318 1766 corporibus
2360 1665 2491 1718 sint.

488 1731 776 1854 iiiis};
809 1780 1042 1850 λέγομεν
1073 1779 1154 1830 ὅτι
1187 1731 1514 1845 κνκλξτερὲς
1549 1773 1736 1843 σχῆμα
1757 1731 1845 1822 ’τδ
1885 1768 1976 1854 ﬁl"

2097 1731 2112 1738 -
2155 1759 2266 1815 Nos
2317 1766 2522 1818 autem,
2583 1763 2746 1826 caput
2789 1755 3081 1812 circularis
3134 1756 3320 1827 ﬁgurae
3355 1773 3464 1813 non
3491 1731 3652 1815 modo

407 1847 650 1943 κεφαλῆς
697 1847 978 1938 ὑπάρχει,
1014 1865 1076 1917 οὐ
1127 1863 1286 1933 μόνον
1335 1860 1428 1913 διὰ
1461 1859 1524 1912 τὺ
1569 1855 1876 1943 εὐπρεπέ-ςο
1910 1852 1976 1905 τὰ

2081 1851 2299 1907 deceris
2352 1850 2521 1918 gratia
2581 1847 2798 1917 (etenim
2840 1847 2894 1900 in
2941 1847 3165 1916 sphaera:
3223 1848 3450 1904 formam
3485 1851 3653 1906 forni-

404 1939 516 2032 γὰρ
548 1939 866 2028 σφαιροειδῆ
899 1952 1006 2006 τῶν
1038 1948 1326 2020 ἀντρώδων
1352 1944 1669 2032 οἰκημάτων
1695 1939 1981 2032 κρείττονα

409 2025 518 2105 τῶν
557 2025 704 2103 κατα
738 2045 915 2114 μῆκος
939 2043 1018 2104 εἰς
1051 2037 1288 2107 θεωρίαν
1312 2051 1328 2066 ⁶
1354 2033 1494 2088 ἀλλὰ
1517 2031 1612 2084 καὶ
1637 2029 1731 2084 διὰ
1761 2027 1823 2080 τὸ
1856 2025 1980 2079 κατ’

413 2141 542 2195 εὐθὺ
569 2139 670 2206 τῆς
701 2135 796 2188 τοῦ
826 2132 946 2194 γοδς
973 2127 1276 2199 ἐνεργείας.
1314 2124 1465 2178 Ἔδει
1490 2122 1601 2192 γὰρ
1628 2119 1692 2173 τὺ
1723 2115 1983 2206 ὑπερκεί-

417 2248 576 2300 μενον
603 2203 698 2281 τοῦ
733 2225 986 2294 σώματος
1017 2221 1139 2274 ὀλου
1175 2218 1340 2289 μέρος
1371 2211 1702 2281 κυκλοτερές
1725 2226 1786 2263 τε
1808 2203 1981 2300 εἶναι,

417 2297 509 2376 καὶ
539 2319 608 2373 τὰ
636 2318 735 2388 τῆς
767 2315 944 2386 ἀρχῆς
982 2310 1192 2366 ἐκεῖθεν
1224 2304 1627 2378 γνωρίζεσθαι*
1662 2301 1751 2354 ἵνα
1796 2297 1984 2367 ὥσπερ

417 2413 641 2484 ἄριστος
667 2406 1013 2478 κυϐερνήτης
1037 2404 1066 2454 ὁ
1089 2405 1218 2464 νοῦς
1244 2399 1340 2452 ἐπὶ
1370 2395 1482 2450 τῶν
1507 2393 1713 2484 οἰάκων
1739 2389 1988 2484 καθημεῖ

417 2475 506 2565 νος
528 2545 543 2566 ,
573 2475 909 2569 πηδαλιουχῇ
940 2494 1000 2547 τὸ
1031 2492 1193 2559 σῶμα
1224 2489 1373 2543 ἆπαν
1407 2485 1504 2540 καὶ⁴
1525 2481 1766 2552 διασώζη
1791 2495 1805 2510 ’
1829 2479 1905 2542 ὡς
1929 2475 1991 2569 ἐξ

419 2567 647 2661 ἑτοίμου
683 2588 825 2657 έχων
870 2585 966 2638 καὶ
1013 2581 1114 2645 τὰς
1153 2579 1469 2648 αἰσθήσεις·
1523 2571 1707 2635 καθώς
1756 2585 1922 2640 φησιν

423 2658 594 2754 μέγας
633 2677 914 2738 Βασίλειος
962 2673 1005 2704 ⁶¹
1033 2689 1048 2704 ·
1108 2689 1127 2723 ι
1181 2670 1331 2722 Ἐκεῖ
1366 2666 1510 2736 ὄψις,
1565 2663 1661 2718 καὶ
1688 2661 1874 2754 dmi},
1894 2658 1990 2754 καί

420 2749 711 2842 ῦσφρησις,
754 2767 853 2820 καὶ
908 2762 1120 2832 γεῦσις.
1158 2777 1178 2811 ι
1214 2759 1323 2812 Καὶ
1361 2755 1527 2808 πάλιν
1551 2770 1566 2785 ο
1613 2770 1632 2800 σ
1686 2749 1990 2842 Ὀφθαλμοὶ

428 2841 662 2934 μὲνγὰρ
683 2859 782 2927 τὴν
813 2853 1157 2926 ὑψηλοτάτην
1191 2848 1423 2902 σκοπιὰν
1459 2845 1859 2934 κατειλήφασιν
1877 2841 1991 2934 ο-ὠς

429 2931 597 3024 μηδὲν
637 2951 820 3010 αὐτοῖς
846 2945 945 3016 τὴν
969 2946 1014 2977 ⁸⁸
1055 2941 1164 2995 τῶν
1201 2939 1297 2994 τοῦ
1333 2938 1585 3007 σώματος
1611 2935 1816 3014 μρρίων
1841 2931 1990 2984 θέσιν

2083 1944 2216 1990 caue
2271 1934 2413 1987 aedes
2456 1931 2882 2000 conspicatiores
2934 1930 2986 1984 in
3048 1931 3270 2001 longum
3323 1935 3652 1990 constructis

2083 2025 2313 2088 aedibus,
2361 2038 2426 2077 ac
2470 2022 2649 2076 visum
2683 2020 2856 2089 magis
2893 2019 3223 2078 oblectantes
3263 2026 3433 2094 sunt),
3467 2026 3561 2081 sed
3593 2035 3654 2082 ut

2087 2115 2284 2171 mentis
2336 2113 2479 2169 actio
2533 2113 2736 2176 rectius
2793 2114 3130 2188 procederet,
3173 2125 3416 2170 creatum
3465 2132 3655 2174 cense-

2087 2231 2230 2271 mus.
2274 2213 2409 2268 Nam
2453 2223 2680 2282 partem,
2715 2230 2838 2283 quae
2881 2214 2933 2268 in
2969 2229 3185 2270 summo
3219 2216 3382 2270 totius
3411 2219 3656 2287 corporis

2087 2305 2384 2360 constituta
2417 2312 2501 2357 est
2554 2316 2608 2358 et
2675 2304 2928 2358 circulari
2980 2305 3150 2374 ﬁgura
3200 2306 3476 2374 praeditam
3533 2323 3658 2364 esse

2089 2393 2350 2464 oportuit,
2397 2401 2452 2446 et
2509 2400 2570 2445 ut
2607 2391 2739 2445 illud
2773 2391 2922 2461 quod
2969 2391 3258 2462 imperium
3297 2393 3509 2448 obtinet
3535 2395 3658 2450 inde

2089 2481 2475 2553 comprehendi
2506 2480 2698 2550 possit,
2730 2496 2838 2550 quo
2874 2496 3026 2534 mens
3055 2482 3172 2550 ipsa
3200 2482 3388 2552 optimi
3428 2485 3658 2541 rectoris

2091 2575 2264 2629 instar
2321 2573 2374 2627 in
2429 2572 2784 2643 gubernaculi
2835 2572 3120 2627 cacumine
3175 2575 3440 2641 residens,
3483 2585 3658 2632 totum

2091 2679 2288 2734 corpus
2351 2671 2562 2733 regeret
2622 2677 2688 2718 ac
2752 2670 3029 2724 tueretur,
3098 2677 3308 2718 necnon
3361 2673 3418 2720 et
3465 2680 3660 2730 sensus

2093 2754 2242 2822 ipsos
2307 2753 2363 2806 in
2425 2762 2673 2822 promptu
2734 2752 2976 2818 haberet,
3023 2755 3464 2825 quandoquidem
3520 2757 3657 2812 inibi

2093 2842 2344 2907 subinde,
2381 2850 2441 2895 ut
2489 2857 2720 2912 magnus
2750 2841 2982 2897 Basilius
3009 2853 3308 2910 asseverat,
3359 2853 3414 2899 et
3445 2861 3659 2914 sensus,

2092 2943 2154 2988 ut
2189 2933 2363 3000 visus,
2391 2932 2630 2999 auditus,
2659 2930 2892 2988 olfactus
2929 2946 3230 3004 gustusque
3276 2935 3545 2994 locantur.
3579 2939 3662 2995 Ad

428 3021 808 3114 έπίπροσθεῖνο
841 3035 980 3093 ἀλλὰ
1011 3033 1186 3104 μικρᾷ
1209 3047 1315 3085 τινι
1335 3027 1610 3099 προσϐολῇ
1639 3025 1746 3079 τῶν
1770 3021 1976 3094 ὀφρύωη

2096 3023 2232 3086 haec,
2289 3030 2345 3076 et
2389 3022 2533 3076 oculi
2584 3022 2637 3075 in
2669 3022 3107 3079 eminentissima
3145 3036 3319 3096 parte,
3368 3036 3425 3082 ut
3457 3027 3509 3081 in
3538 3045 3665 3100 spe-

427 3103 891 3204 ὑπερκαθήμενοι,
913 3128 980 3180 ὲκ
1007 3103 1106 3194 τῆς
1129 3121 1337 3178 ἄνωθεν
1357 3119 1548 3189 ὲξοχῆς
1579 3117 1715 3189 πρὸς
1743 3116 1807 3169 τὸ
1824 3114 1976 3176 εὐθὺς

2092 3115 2212 3168 cula
2260 3113 2441 3169 sedem
2492 3122 2848 3183 occuparunt,
2901 3129 2970 3168 ne
2999 3115 3108 3170 ulla
3154 3120 3398 3187 corporis
3431 3122 3665 3189 partium

428 3224 800 3280 ἁποτείνονται
818 3220 885 3273 ⁸³.
922 3236 942 3269 ι
969 3216 1079 3270 Καὶ
1107 3213 1280 3267 ταῦτα
1315 3211 1414 3282 μὲν
1443 3209 1573 3279 περί
1599 3211 1698 3280 τῆς
1724 3205 1986 3277 κεφαλῆς.

2098 3206 2231 3276 ipsis
2283 3221 2350 3260 ex
2395 3206 2623 3260 adverso
2671 3221 2790 3260 sese
2839 3205 3152 3281 objiceret,
3192 3209 3287 3264 sed
3339 3209 3449 3282 58
3499 3227 3667 3282 pravo

429 3319 663 3390 quodam
715 3325 975 3383 genarum
1039 3307 1257 3376 obiectu
1319 3304 1686 3368 imminentes,
1768 3315 1801 3356 a
1857 3297 2125 3369 superiori
2179 3297 2477 3355 eminentia
2525 3297 2592 3352 ad
2644 3304 2854 3352 rectum
2927 3297 3254 3370 dirigantur.
3312 3299 3380 3356 Et
3438 3301 3552 3360 haec
3597 3303 3668 3360 de

429 3407 610 3479 capite
641 3404 848 3460 dixisse
891 3399 1149 3457 sufﬁciat.

641 3516 784 3582 Κεφ.
837 3512 912 3566 B'.
949 3540 1017 3552 -—
1053 3507 1192 3577 ΠειῬὶ
1233 3506 1353 3562 τῶν
1422 3505 1766 3577 ὀφθαλμῶν.

514 3628 667 3682 Ἐπεὶ
691 3622 760 3679 ’δὲ
787 3625 994 3692 ἔξεστιν
1016 3624 1148 3694 ἡμῖν
1181 3621 1324 3676 κατὰ
1368 3621 1477 3675 πᾶν
1506 3620 1663 3691 ἡμῶν
1707 3619 1867 3690 μέλος
1893 3618 1993 3672 τοῦ

2551 3501 2682 3572 Cap.
2727 3502 2790 3557 ll.
2819 3533 2888 3545 —-
2921 3502 2999 3557 De
3031 3503 3220 3559 oculis.

2169 3614 2442 3680 Quoniam
2506 3613 2822 3682 singillatim
2882 3614 3160 3683 quodlibet
3197 3614 3443 3683 corporis
3494 3630 3668 3672 mem-

432 3717 764 3791 δημιουργοῦ
819 3714 956 3770 Θεοῦ
1009 3717 1110 3784 τὴν
1159 3713 1382 3767 σύνεσιν
1435 3711 1839 3782 ἐκπλήττεσθαι
1897 3712 1976 3764 κα¹

2098 3704 2255 3759 brum
2311 3701 2676 3767 recensendo,
2709 3703 3046 3772 prudentiam
3075 3704 3337 3760 creatoris
3375 3706 3547 3760 nostri
3573 3705 3668 3762 Dei

433 3807 758 3879 θαυμάζειν,
812 3805 1046 3874 είδωμεν
1073 3803 1118 3835 ⁸⁸
1151 3803 1290 3873 μετὰ
1333 3801 1432 3871 τὴν
1485 3801 1728 3872 κεφαλὴν
1753 3801 1848 3853 καὶ
1895 3799 1976 3859 τὰς

2099 3808 2320 3868 stupore
2383 3797 2851 3868 admirationeque
2913 3797 3168 3868 prosequi
3236 3798 3431 3854 merito
3478 3799 3668 3867 decet,

436 3899 543 3953 τῶν
567 3896 862 3966 ὀφθαλμῶν
887 3892 1187 3957 συνθέσεις,
1215 3892 1311 3944 καὶ
1333 3890 1639 3959 ὲνεργείας,
1666 3889 1760 3942 καὶ
1783 3888 1975 3959 χρείας

2099 3907 2224 3948 cum
2267 3891 2380 3960 jam
2407 3891 2475 3946 de
2511 3891 2686 3960 capite
2712 3890 3101 3956 deﬁuierimus,
3133 3899 3188 3947 et
3216 3892 3495 3946 oculorum
3522 3907 3672 3948 com-

436 3988 534 4042 καὶ
562 3987 880 4057 ὀνομασίας,
913 3984 1011 4039 καὶ
1050 3985 1143 4037 τὸν
1184 3981 1419 4054 ἀριθμὸν
1447 3982 1558 4034 τῶν
1590 3979 1856 4052 χιτώνων,
1906 3999 1976 4034 κα

2102 3981 2452 4053 positionem,
2485 3981 2856 4050 actionesque,
2891 3990 3054 4050 atque
3098 3997 3254 4047 usus,
3282 3992 3336 4036 et
3360 3983 3668 4052 appellatio-

439 4081 545 4134 τῶν
572 4078 755 4149 ὑγρῶν
782 4077 882 4147 τὴν
933 4076 1230 4146 ποσότητα,
1263 4075 1359 4128 καὶ
1402 4075 1470 4127 τὰ
1512 4071 1789 4135 οῦσιωδῶς
1823 4073 1976 4144 ὑπάρ·

2100 4090 2224 4138 nes,
2266 4088 2478 4128 necnon
2519 4073 2884 4129 tunicularum
2919 4087 3229 4139 numerum,
3261 4074 3328 4128 ad
3360 4075 3475 4130 haec
3489 4083 3545 4130 et
3569 4075 3674 4129 hu-

435 4182 600 4236 χοντα
629 4164 709 4235 τῷ
740 4163 1026 4233 ὀφθαλμῷ,
1059 4162 1154 4215 καί
1194 4163 1265 4215 τὰ
1303 4163 1444 4216 κατὰ
1477 4161 1822 4232 συμϐεϐηκὸς
1853 4163 1976 4233 αὐτᾲ

2108 4181 2319 4221 morum
2367 4166 2732 4236 quantitates;
2775 4176 3055 4236 praeterea,
3091 4181 3339 4235 quaenam
3387 4167 3500 4221 sint
3553 4183 3674 4236 qua:

438 4255 868 4325 προσγινόμενα.
896 4250 1185 4312 Οὐσιωδῶς
1214 4253 1260 4282 ⁸³
1293 4251 1392 4321 μὲν
1433 4245 1527 4302 οῦν
1576 4248 1742 4301 αὐτοῦ
1784 4250 1934 4302 ἐστιν
1964 4252 1976 4301 l

2108 4257 2269 4312 oculo
2289 4256 2664 4312 substantialia
2691 4257 2898 4322 insunt;
2925 4257 3165 4320 demum,
3197 4271 3318 4325 quae
3331 4256 3434 4325 ipsi
3457 4257 3676 4312 evenire

441 4348 638 4417 κρᾶσις
670 4346 854 4416 ψυχρὰ
881 4344 914 4415 ἢ
961 4344 1162 4414 θερμὴ,
1192 4343 1332 4414 ξηρὰ
1377 4343 1410 4413 ἢ
1443 4342 1606 4412 ῦγρᾶ.
1640 4343 1751 4397 Καὶ
1797 4344 1857 4396 ὲν
1889 4345 1974 4396 τοῖ

2080 4365 2204 4422 ,ροι-
2229 4350 2484 4404 accidens
2534 4349 2730 4413 solent,
2791 4349 3063 4419 explicare
3113 4348 3508 4418 aggrediemur.
3538 4347 3675 4403 Nam

442 4437 829 4508 ὀμοιομερέσιν
857 4435 1024 4489 αὑτοῦ
1059 4435 1359 4504 μαλακδνῆ
1387 4435 1644 4505 σκληρὸν,
1679 4435 1742 4488 τὸ
1785 4435 1976 4504 εὐκίνη

2111 4439 2230 4508 ejus
2274 4437 2692 4504 substantialis,
2750 4446 3235 4508 temperamentum
3287 4435 3538 4507 frigidum
3584 4449 3680 4493 aut

440 4547 532 4584 τον
565 4529 599 4600 ἦ
634 4528 972 4596 δυσκίνητον.
1021 4528 1110 4580 Ἐν
1135 4528 1244 4598 ὅλῳ
1287 4527 1345 4580 δὲ
1401 4527 1480 4596 τῷ
1531 4528 1750 4598 ὀργάνῳ
1793 4529 1826 4596 ἡ
1863 4543 1976 4580 κατι

2111 4530 2384 4592 calidum,
2417 4529 2623 4583 siccum
2669 4530 2753 4584 vel
2799 4530 3078 4584 humidum
3119 4529 3404 4584 habentur.
3459 4530 3529 4583 At
3559 4529 3680 4598 ejus

448 4621 678 4690 μέγεθος
705 4621 946 4692 ἀμετρία
969 4621 1002 4691 ἢ
1029 4620 1347 4690 συμμετρία
1373 4635 1386 4649 ·
1431 4620 1464 4688 ή
1497 4619 1542 4650 ⁸⁸
1569 4618 1714 4672 κατὰ
1753 4619 1856 4689 τὴν
1893 4617 1976 4672 διά

2113 4619 2414 4684 similaria,
2447 4619 2611 4674 molle
2637 4620 2723 4675 vel
2779 4621 3016 4687 durum,
3059 4629 3154 4675 aut
3219 4619 3366 4689 quod
3409 4617 3569 4674 facile
3599 4621 3682 4674 vel

443 4708 642 4764 πλασιν
665 4709 830 4764 αὐτοῦ
863 4710 1134 4780 εὐρυθμία
1179 4709 1275 4762 καὶ
1315 4708 1562 4778 ἀρυθμία
1595 4709 1638 4742 ⁸⁷
1669 4725 1683 4740 ·
1734 4709 1829 4762 καὶ
1873 4709 1976 4778 πρὸ

2115 4711 2400 4767 dillieulter
2437 4721 2707 4777 movetur,
2762 4709 3016 4765 dicimus.
3079 4711 3138 4764 ln
3194 4719 3312 4764 toto
3365 4723 3494 4764 vero
3539 4710 3683 4764 oculi

444 4800 657 4864 τούτοις
681 4801 792 4854 τῶν
831 4801 1122 4872 ἐνεργειῶν
1156 4801 1325 4870 ἀρετή
1361 4817 1419 4852 τε
1447 4799 1540 4853 καὶ
1570 4800 1760 4852 κακία.

2118 4803 2482 4858 instrumento
2511 4801 2615 4856 hoc
2659 4801 3114 4856 considerandum
3137 4809 3244 4864 est,
3290 4801 3334 4855 si
3370 4801 3686 4871 magnitudo

445 4895 741 4948 excesserit
785 4893 868 4946 vel
912 4893 1193 4946 moderata
1241 4890 1438 4956 fuerit;
1486 4891 1531 4947 si
1564 4907 1686 4944 cum
1723 4889 2014 4956 formatur,
2053 4891 2109 4946 in
2144 4893 2259 4962 ipsa
2306 4893 2448 4947 oculi
2513 4892 2905 4947 constitutione
2969 4891 3312 4949 concinnitas
3344 4892 3688 4948 inconcinni-

447 4995 599 5043 tasve
631 4989 920 5043 exstiterit.
969 4985 1100 5041 ltem
1123 5025 1139 5050 ,
1175 4987 1220 5041 si
1274 4987 1518 5040 actiones
1556 4985 1678 5054 ejus
1734 5000 2013 5054 perperam
2051 4987 2135 5042 vel
2167 4998 2310 5042 recte
2343 4987 2672 5056 diriguntur.

517 5078 977 5146 Διαγινώσκονται
1004 5077 1060 5130 δὲ
1077 5079 1125 5130 εἰ
1153 5077 1344 5148 θερμοί
1365 5078 1502 5128 εἰσιν
1521 5077 1556 5145 ἢ
1579 5076 1798 5146 ψυχροὶ,
1816 5076 1976 5140 οὕτως

2192 5076 2386 5132 Utrum
2411 5077 2598 5132 calidae
2617 5076 2898 5146 qualitatis
2927 5085 3021 5131 aut
3055 5075 3264 5146 frigidae
3297 5077 3439 5132 oculi
3466 5077 3685 5142 fuerint,

450 5168 514 5220 Εἰ
548 5167 646 5237 μὲν
673 5167 782 5236 γὰρ
813 5165 1087 5237 θερμότης
1180 5167 1225 5198 ⁸⁸
1255 5167 1313 5218 ὲν
1343 5166 1554 5229 αὐτοῖς,
1595 5165 1924 5234 εὐρύφλεὸοι
1962 5183 1976 5218 ι

2124 5168 2229 5222 hoc
2280 5176 2441 5237 pacto
2495 5167 2888 5236 deprehendes.
2948 5167 3053 5233 Qui
3115 5169 3259 5223 enim
3320 5168 3481 5224 calidi
3530 5176 3692 5230 sunt,

447 5255 678 5309 τοιοῦτοι
714 5257 780 5319 ⁸³,
820 5257 912 5308 καὶ
947 5257 1186 5326 φανερὰς
1215 5256 1384 5318 αὐτὰς
1413 5255 1630 5326 ἔχουσιν
1657 5273 1671 5286 ·
1725 5258 1773 5310 εἰ
1810 5254 1868 5307 δὲ
1905 5255 1976 5324 eu

2119 5257 2342 5313 latiores
2388 5265 2443 5312 et
2499 5257 2899 5339 perspectiores
2947 5272 3069 5327 quae
3114 5258 3168 5312 in
3205 5259 3336 5328 ipsis
3369 5269 3498 5315 sunt
3547 5273 3699 5312 vente

503 5453 551 5535 σς
576 5451 639 5534 τὸ
655 5450 896 5537 τοιοῦτον
923 5452 982 5506 Β.
1023 5451 1068 5484 ⁶⁶
1091 5451 1184 5504 καὶ
1204 5449 1312 5520 γὰρ
1341 5450 1398 5502 ἑν
1429 5449 1508 5537 τῶ
1546 5448 1702 5537 π.¹Τ.
1723 5449 1886 5537 ,φησὶ
1900 5448 2235 5537 Βὲὶφλραρία
2256 5449 2328 5537 ἐκ
2358 5448 2454 5537 τοῦ
2487 5447 2866 5537 προϋπαρχειν
2883 5449 2982 5537 τὲς
3018 5446 3608 5537 ψυχὰςλαμῦανομέεέη
3638 5447 3702 5514 Ρ,

451 5522 546 5589 qui
576 5521 630 5574 in
663 5531 808 5574 textu
833 5533 1026 5582 caetera
1059 5535 1168 5575 om.
1217 5516 1390 5586 usque
1417 5516 1490 5572 ad
1524 5520 1684 5572 verba
1723 5516 1914 5588 Ἡμεῖς
1942 5518 1976 5570 δὲ

452 5607 563 5660 om.
590 5589 656 5660 Β.
731 5589 1132 5660 _“_posterio_ra
1182 5587 1457 5660 usus
1496 5590 1800 5660 usqueﬂad
1849 5588 1976 5660 ego;

2080 5516 2160 5585 ἱγξ
2256 5519 2299 5549 ⁸⁸
2336 5535 2390 5571 κ.
2418 5521 2446 5570 ὁ
2481 5516 2541 5587 μζ
2577 5516 2881 5588 φησίίΒασ.
2915 5518 2976 5572 Β.
3033 5516 3042 5518 ἡ
3073 5516 3125 5550 ⁸³⁷
3143 5518 3243 5588 τὴν
3291 5516 3344 5570 et
3394 5532 3514 5571 mox
3551 5516 3703 5569 θέσιν

2080 5604 2224 5660 sum
2267 5601 2376 5660 om.
2418 5587 2472 5660 A_
2493 5587 2556 5660 (1.
2597 5654 2629 5660 _
2653 5587 2940 5658 ⁸δ.,ίιῖωμεν
2967 5588 3029 5644 C.
3134 5587 3179 5621 ⁸⁸
3207 5586 3474 5658 οὐσιὼδης
3508 5585 3550 5641 Β
3571 5585 3613 5642 C
3637 5585 3702 5642 P.

457 5607 563 5647 nm,
590 5604 656 5643 υ.
756 5604 804 5622 ’³
832 5604 1132 5660 posteriora
1182 5605 1250 5644 ex
1304 5604 1438 5640 αλλα
1496 5604 1663 5656 usque
1724 5604 1789 5640 an
1849 5604 2224 5641 αποτεινονται
2267 5604 2376 5640 om.
2418 5604 2462 5639 Α
2493 5604 2556 5640 ιι.
2653 5604 2940 5658 *χιοωμεν
2967 5604 3029 5644 υ.
3134 5604 3179 5621 ’τ’
3207 5604 3474 5658 ουσιωοης
3508 5604 3702 5642 βυτ.

457 5658 502 5693 ⁸⁸
531 5659 626 5716 καὶ
657 5661 690 5730 ἡ
727 5657 772 5713 Β
795 5656 860 5717 Ρ.
935 5660 976 5693 ⁸⁷
1032 5658 1150 5729 εὕρ.
1182 5657 1216 5729 ἢ
1266 5655 1598 5727 δυσρυθμὶα.
1672 5655 1718 5689 ⁸⁸
1749 5657 1832 5727 εἴη
1883 5656 1924 5707 Β
1950 5657 2011 5711 Ρ.
2087 5657 2130 5688 ⁶⁹
2159 5655 2389 5710 τοιοῦτοι
2427 5657 2564 5709 εἰσὶν
2594 5654 2658 5710 Β.
