4006 6158
502 277 659 337 “53
1009 271 1014 275 ’
1824 270 2107 329 HELETII
2145 271 2454 330 MONACHI
3596 285 3712 342 llel

491 399 859 456 cernuntur;
907 388 998 458 qui
1043 401 1170 442 vero
1217 384 1396 456 frigidi
1430 393 1591 451 sunt,
1650 401 1800 440 venae
1843 387 1896 440 in
1949 386 2045 455 ipsi

2148 386 2409 455 ιχρότης,
2451 386 2514 439 οὐ
2567 387 2830 458 φανερὰς,
2885 387 3022 444 ἀλλά
3060 392 3412 462 κερυμμένας
3436 394 3499 449 ⁷⁸.
3543 395 3641 466 Τὴν
3665 398 3713 450 δι

511 483 878 543 occultantur,
913 493 976 532 ac
1014 477 1201 532 latent.
1235 477 1304 530 At
1339 475 1602 531 siccitatis
1637 475 2045 546 humiditatisqu

2190 475 2464 546 ξηρότητα
2518 477 2628 531 τῶν
2659 477 2959 548 ὀφθαλμῶν
3011 481 3106 533 καὶ
3160 482 3436 554 ὑγρότητα
3454 484 3713 552 διαγνωσό-

511 591 702 632 corum
747 571 943 627 indicia
987 570 1060 624 ita
1109 567 1624 638 deprehenduntur,
1667 581 1791 621 cum
1855 569 2045 624 duritie

2190 565 2332 636 μεθα
2379 567 2489 620 ἀπό
2515 584 2576 621 τε
2611 567 2708 622 τοῦ
2740 569 2979 640 σκληρὸν
3027 571 3059 641 ἢ
3096 571 3404 648 αὐχμηρὸν,
3438 573 3468 643 ἢ
3503 575 3714 643 μαλακόν

512 669 567 723 in
623 667 704 720 cis
758 663 840 716 vel
903 659 1168 722 ariditas,
1232 672 1297 712 ac
1351 657 1610 712 mollities
1661 673 1726 711 ac
1787 658 2045 712 humidita

2185 671 2244 708 τε
2275 658 2370 709 καὶ
2403 657 2570 728 ὑγρὸν
2609 658 2753 712 εἶναι
2785 658 2878 712 τὸν
2906 659 3188 729 ὀφθαλμόν
3209 679 3221 692 ο
3251 663 3344 715 καὶ
3368 664 3395 716 6
3437 663 3528 731 μὲν
3571 663 3712 734 ὑγρὸς

493 753 808 827 perspicuae
837 751 1012 812 liunt;
1064 762 1254 803 verum
1299 747 1488 802 molles
1549 746 1908 816 humidosque
1951 761 2045 802 σου

2183 747 2279 799 καὶ
2304 747 2334 799 6
2358 749 2401 779 '”
2436 748 2681 817 μαλακὸς
2729 748 3124 816 εὐδιάγνωστός
3151 753 3298 803 ἐστιν
3327 767 3341 780 ο
3372 753 3400 804 ὁ
3430 752 3484 805 δὲ
3511 752 3712 822 σκληρὸς

500 847 591 900 ιιοε
652 843 812 897 facile
869 853 1206 909 cognosces,
1269 845 1320 892 at
1389 839 1557 894 duros
1621 848 1676 894 et
1729 841 1911 896 aridos
1969 856 2042 897 no

2183 839 2280 890 καὶ
2318 838 2607 910 αὐχμηρὸς
2635 840 2697 894 οὐ
2736 840 2942 912 σφόδρα
2963 857 2979 874 ο
3010 843 3112 896 οὐκ
3143 839 3235 896 οὖν
3261 846 3324 897 ἐκ
3345 845 3443 913 τῆς
3478 843 3656 909 ἔξωθεν
3675 846 3711 877 ⁷⁸

506 943 800 998 admodum
867 937 1060 1003 facile,
1120 937 1212 990 sed
1272 936 1340 989 ab
1405 936 1488 990 his
1555 951 1676 1006 quae
1738 939 2080 995 extrinsecus

506 1035 779 1098 eveniunt,
813 1029 1316 1086 animadvertimus.
1352 1025 1490 1081 Sunt
1515 1028 1606 1098 qui
1643 1028 1696 1082 in
1739 1028 1948 1083 fumum
1990 1030 2044 1084 in

2179 1017 2512 1090 δυναμένους
2551 1023 2611 1074 ἐν
2653 1021 2844 1092 καπνῷ
2875 1022 3072 1093 στῆναι
3119 1025 3184 1089 ⁷³,
3239 1024 3377 1081 ἀλλά
3413 1025 3710 1095 δακρύοντας

506 1128 769 1189 cidentes,
788 1131 1128 1186 avertuntur,
1145 1135 1208 1174 ac
1228 1119 1479 1190 plurimis
1496 1119 1752 1191 lacrymis
1765 1122 2045 1190 opplentur

2181 1109 2384 1164 πολλά’
2414 1110 2608 1175 ἄλλους
2633 1111 2690 1165 δὲ
2717 1113 2925 1184 σφόδρα
2977 1114 3116 1185 πρὸς
3145 1113 3238 1168 τὸν
3283 1116 3484 1168 καπνὸν
3512 1116 3710 1168 ἀντιτεί-

505 1221 595 1275 alii
635 1233 763 1273 vero
797 1217 852 1270 in
890 1213 1040 1267 fumo
1069 1212 1262 1267 obtutu
1294 1211 1466 1264 libero
1509 1218 1739 1264 utuntur
1774 1212 1908 1266 :sed
1930 1213 2045 1267 ocul

2176 1222 2402 1271 vovcac'
2445 1209 2542 1261 καὶ
2592 1209 2732 1262 είσὶν
2790 1210 2841 1262 οἱ
2888 1210 2988 1279 μὲν
3045 1209 3276 1278 πρῶτοι,
3332 1210 3484 1280 ὑγροί
3531 1227 3585 1262 τε
3632 1207 3708 1262 καὶ

503 1328 643 1383 quos
686 1308 872 1364 fumus
923 1305 1090 1367 laedit,
1122 1301 1330 1357 humidi
1366 1315 1430 1355 ac
1475 1300 1822 1370 passionibus
1852 1301 2045 1357 obnoxi

2175 1299 2468 1363 εὑπαθεῐς’
2503 1302 2553 1352 oi
2575 1299 2632 1354 δὲ
2656 1300 2927 1372 δεύτεροι,
2969 1301 3198 1373 σκληροί
3217 1320 3278 1356 τε
3295 1304 3387 1356 καὶ
3411 1301 3676 1362 δυσπαθεῖς
3692 1316 3705 1334 ο

498 1402 662 1456 facile
733 1407 900 1463 sunt,
973 1393 1127 1448 alteri
1194 1405 1324 1446 vero
1389 1390 1512 1445 duri
1592 1405 1620 1444 a
1699 1391 2045 1458 passionibus

2172 1388 2346 1443 ταῦτα
2377 1389 2611 1462 οὑσιὼδη
2636 1393 2682 1424 ⁷⁸
2717 1395 2924 1463 σημεῖα
2952 1393 3062 1448 τῶν
3086 1393 3405 1464 ὀφθαλμῶν.
3437 1395 3512 1447 Τὰ
3537 1393 3590 1445 δὲ
3616 1391 3707 1444 ἀπὸ

499 1506 609 1560 que
650 1487 967 1542 remotiores
1012 1482 1323 1536 habentur:
1361 1487 1415 1534 et
1443 1479 1560 1534 haec
1618 1480 1903 1534 oculorum
1937 1481 2042 1535 sub

2176 1479 2606 1551 συμϐεϐηκότων
2633 1475 2736 1537 ὧδε
2757 1500 2772 1514 ·
2805 1485 2833 1537 6
2867 1485 2911 1515 ’⁷⁸
2938 1485 3121 1538 τοίνυν
3154 1483 3450 1554 ὀφθαλμὸς.
3489 1483 3520 1553 ἢ
3561 1482 3706 1550 μέγας

493 1581 775 1638 stantialia
819 1576 1019 1631 indicia
1076 1580 1222 1628 sunt.
1257 1571 1388 1637 Quae
1419 1585 1548 1625 vero
1595 1585 1661 1624 ex
1694 1572 2045 1626 accidentibu.

2169 1569 2321 1623 ἐστὶν
2351 1571 2383 1641 ἢ
2419 1573 2615 1643 μικρός
2634 1590 2653 1609 ο
2682 1575 2777 1628 καὶ
2807 1575 2840 1643 ἢ
2871 1574 3144 1645 εὔρυθμος
3173 1576 3208 1644 ἢ
3245 1575 3486 1645 ἄρυθμος
3507 1589 3520 1603 '
3542 1573 3643 1627 ἀλλ’
3664 1574 3704 1624 εί

501 1671 702 1726 indicia
751 1666 1090 1737 proveniunt,
1135 1662 1236 1715 hoc
1286 1660 1449 1715 modo
1507 1675 1828 1730 cognosces,
1879 1660 1988 1731 59
2021 1677 2045 1717 ε

2172 1661 2272 1730 μὲν
2298 1663 2383 1734 είη
2417 1663 2592 1733 μέγας
2625 1665 2722 1718 σὺν
2752 1666 3050 1736 εὐρυθμίᾳ,
3083 1665 3234 1735 δηλοῖ
3261 1665 3356 1718 καὶ
3378 1665 3568 1734 πλῆθος
3589 1662 3704 1731 ὕλης

497 1762 643 1817 oculi
690 1757 1026 1829 magnitudo,
1080 1762 1176 1808 aut
1199 1751 1464 1822 exiguitas
1504 1766 1766 1821 congrua,
1803 1753 1889 1807 vel
1914 1767 2045 1808 econ

2173 1755 2268 1807 καὶ
2315 1755 2618 1826 εὐκρασίαν
2667 1757 2864 1824 αὐτῆς·
2909 1760 2958 1812 εί
3006 1757 3064 1810 δὲ
3115 1759 3295 1827 μέγας
3343 1758 3439 1826 μὲν
3475 1758 3552 1826 είη
3592 1754 3705 1807 ἀλλὰ

491 1864 579 1908 tra
604 1851 787 1906 fuerit.
820 1846 956 1901 Nam
992 1846 1036 1900 si
1073 1844 1255 1914 magni
1287 1852 1342 1897 et
1363 1857 1605 1911 congrue
1638 1843 1891 1912 dispositi
1920 1845 2044 1898 ocul

2163 1845 2429 1917 ἄρυθμος,
2461 1849 2719 1918 σημαίνει
2743 1849 2947 1918 πλῆθος
2982 1847 3085 1918 μὲν
3113 1848 3251 1919 ὕλης
3278 1849 3414 1902 ἀλλά
3439 1847 3701 1918 μοχθηρᾶς,

494 1944 720 2006 fuerint,
782 1937 1024 1993 materia
1054 1934 1246 2006 Optimi
1280 1935 1689 2002 temperamenti
1733 1936 1945 2006 copiam
1979 1939 2045 1992 in!

2165 1937 2258 1990 καὶ
2287 1937 2575 2007 δυνάμεως
2610 1939 2922 2002 ἀσθένειαν,
2973 1940 3118 1993 καθά
3149 1940 3248 1992 καὶ
3275 1939 3406 2009 περὶ
3434 1938 3527 2008 τῆς
3557 1953 3703 2004 κεφα-

495 2035 700 2091 dicant.
767 2029 826 2084 Si
891 2034 1072 2082 autem
1128 2023 1309 2094 magni
1360 2032 1414 2078 et
1468 2023 1766 2094 inccngrue
1814 2027 2045 2096 disposit

2163 2025 2260 2097 λῆς
2276 2027 2520 2098 εἴρηταιο
2545 2029 2595 2081 εί
2627 2028 2685 2082 δὲ
2703 2030 2900 2100 μικρὸς
2931 2031 3016 2098 είη
3045 2031 3140 2084 καὶ
3169 2029 3463 2100 εὔρυθμος,
3485 2026 3704 2098 σημαίνει

494 2131 688 2188 erunt,
740 2122 794 2176 id
844 2120 916 2174 ob
963 2116 1202 2172 materia:
1231 2114 1642 2170 exuberantiam
1687 2113 2045 2186 facultatisqu:

2163 2114 2371 2168 ἔνδειαν
2403 2117 2502 2186 μὲν
2532 2116 2685 2184 ὕλης,
2713 2119 3119 2189 εὐχρηστότητα
3148 2118 3208 2172 δέ
3239 2119 3318 2151 ⁷⁸⁸
3359 2119 3406 2172 εί
3448 2117 3502 2170 δὲ
3538 2113 3704 2186 μικρὸς

493 2215 951 2275 imbecillitatem,
1003 2205 1466 2277 quemadmodum
1506 2204 1574 2258 de
1605 2205 1781 2274 capite
1810 2208 2045 2275 superius

2167 2208 2252 2278 εἴη
2284 2207 2379 2260 καὶ
2409 2208 2676 2278 ἇρυθμος,
2707 2209 2962 2278 σημαίνει
2991 2210 3085 2262 καὶ
3107 2209 3317 2262 ἔνδειαν
3348 2208 3496 2278 ὕλης,
3525 2205 3611 2260 καὶ
3629 2204 3702 2258 δυ-

493 2310 700 2364 dictum
751 2312 854 2368 est,
893 2298 1178 2371 provenire
1209 2294 1508 2366 putandum
1557 2304 1661 2350 est.
1693 2297 1748 2350 Si
1785 2311 1912 2351 vero
1940 2314 2045 2368 par~

2167 2298 2386 2368 νάμεως
2403 2299 2646 2352 ἀτονίαν.
2676 2298 2864 2353 Ταῦτα
2885 2317 2951 2352 πε
2962 2301 3013 2368 ρὶ
3038 2300 3136 2368 τῆς
3164 2300 3263 2355 τοῦ
3286 2296 3554 2370 ὀφθαλμοῦ
3593 2293 3704 2365 κρά-

2183 927 2418 996 βασάνου
2466 931 2910 1000 διαγινώσκεται.
2972 933 3210 996 Πολλοὺς
3246 933 3356 1004 γὰρ
3409 934 3610 1004 ὁρῶμεν
3649 933 3711 1004 μὴ

491 2413 613 2463 vus,
645 2395 744 2453 sed
779 2395 882 2449 rite
924 2390 1231 2446 consistens
1273 2386 1469 2441 oculus
1525 2385 1711 2450 fuerit,
1764 2387 1922 2442 bonae
1948 2403 2062 2443 ma-

2169 2403 2328 2454 σεως,
2361 2389 2457 2441 καὶ
2491 2391 2788 2460 σχήματος,
2820 2390 2915 2444 καὶ
2943 2391 3236 2460 μεγέθους.

490 2488 771 2555 terim,sed
797 2484 978 2554 inopis
1011 2479 1208 2536 indicia
1232 2491 1344 2548 prae
1381 2493 1441 2534 se
1503 2476 1624 2533 fert.
1651 2478 1720 2532 At
1744 2478 1838 2549 qui
1872 2494 2090 2549 parvus,
2133 2479 2227 2536 sed
2265 2480 2630 2537 inconcinnus
2671 2481 2857 2548 fuerit,
2936 2491 3049 2537 tum
3091 2485 3339 2539 materiae
3366 2478 3699 2551 indigentiam,

489 2587 604 2636 tum
643 2575 920 2632 facultatis
961 2569 1390 2626 imbecillitatem
1451 2568 1650 2638 arguit.
1683 2569 1816 2635 Quae
1865 2571 2009 2624 enim
2052 2570 2120 2625 de
2175 2583 2461 2626 oculorum
2521 2580 2974 2642 temperamento,
3027 2588 3092 2628 ac
3148 2573 3344 2643 ﬁgura,
3407 2567 3699 2642 magnitudi-

487 2679 668 2736 neque
715 2663 944 2720 dlcenda
994 2659 1231 2724 fuerant,
1281 2659 1396 2712 haec
1449 2658 1740 2713 habentur.

497 2787 499 2791 ’
559 2778 664 2835 Sed
687 2783 742 2834 et
765 2781 829 2830 de
858 2772 1100 2828 colorum
1122 2771 1215 2842 qui
1244 2771 1299 2825 in
1321 2769 1453 2840 ipsis
1476 2770 1726 2825 visuntur
1747 2768 2063 2826 diversitate

485 2884 681 2928 causas
732 2865 1120 2923 scrutabimur.
1153 2863 1219 2918 Et
1259 2861 1478 2933 quidem
1532 2862 1823 2917 nonnullos
1878 2862 2062 2933 nigros

486 2963 746 3018 habentes
770 2958 981 3021 oculos,
1015 2955 1154 3009 alios
1181 2954 1395 3019 caesios,
1432 2953 1697 3022 quosdam
1726 2968 1856 3008 vero
1882 2952 2060 3010 fulvos

2234 2772 2568 2843 Ζητήσωμεν
2612 2773 2670 2826 δὲ
2711 2775 2807 2826 καὶ
2855 2774 2954 2837 τὰς
3005 2774 3113 2827 τῶν
3157 2775 3433 2847 διαφόρων
3469 2775 3526 2828 ὲν
3574 2767 3697 2836 αὐτῷ

2161 2864 2472 2935 χρωμάτων
2496 2865 2542 2898 ”
2568 2864 2769 2928 αἰτίας.
2813 2864 3066 2937 Ὅρῶμεν
3093 2867 3207 2936 γὰρ
3246 2869 3372 2931 τοὺς
3426 2866 3518 2936 μὲν
3559 2861 3697 2933 μέλα-

2162 2972 2260 3020 νας
2291 2955 2513 3025 ἔχοντας
2539 2955 2877 3026 ὀφθαλμοὺς,
2914 2956 3041 3021 τοὺς
3085 2957 3143 3011 δὲ
3172 2959 3478 3026 γλαυκοὺς,
3517 2954 3626 3014 τοὺς
3648 2949 3695 3003 δὲ

482 3051 826 3121 inspicimus.
842 3042 1028 3116 Neque
1041 3045 1184 3099 enim
1201 3043 1370 3098 latere
1390 3059 1489 3098 nos
1505 3043 1660 3100 decet
1676 3045 1863 3100 oculos
1882 3044 2045 3115 ipsos,

2161 3046 2437 3117 χαροπούς
2474 3048 2542 3101 ⁷⁸.
2574 3049 2667 3101 Δεῖ
2693 3047 2876 3101 τοίνυν
2903 3048 3105 3103 ειδέναι
3134 3051 3218 3104 ὅτι
3249 3054 3279 3105 ὁ
3327 3045 3589 3120 ὀφθαλμὸς
3616 3041 3693 3096 καὶ

481 3150 596 3196 tum
638 3138 870 3208 plurima
900 3133 1120 3188 nomina
1169 3132 1374 3195 sortiri,
1406 3140 1518 3187 tum
1550 3147 1672 3187 esse
1707 3134 1956 3202 pluribus
1985 3148 2052 3189 ex

485 3231 730 3306 partibus
775 3226 1132 3294 compositos,
1179 3224 1432 3292 quodque
1481 3223 1772 3287 tuniculas,
1809 3224 1900 3278 alii
1946 3226 2051 3278 hu-

481 3320 678 3400 midas,
715 3316 805 3370 alii
851 3325 980 3368 vero
1018 3312 1191 3367 siccas
1233 3310 1450 3400 habent.
1503 3309 1611 3365 Sed
1657 3312 1736 3365 uti
1785 3311 1944 3368 nobis
1985 3315 2052 3371 de

478 3425 669 3468 eorum
715 3404 1029 3462 nominibus
1083 3399 1431 3469 numerisque
1468 3409 1524 3454 et
1572 3411 1800 3467 exortu,
1834 3417 2047 3460 necnon

480 3502 674 3557 usibus
724 3506 779 3553 et
813 3495 1122 3552 actionibus
1157 3491 1317 3561 plane
1351 3500 1582 3557 constet,
1609 3492 1677 3546 ab
1705 3493 1807 3548 hoc
1856 3495 2048 3549 subin-

479 3591 546 3646 de
566 3587 835 3660 principio
863 3584 1161 3640 ordiemur.

547 3699 857 3758 Notandum
898 3695 1118 3768 quidem
1166 3703 1283 3762 est,
1313 3695 1457 3766 quod
1512 3695 1712 3765 gemini
1752 3711 1784 3751 a
1823 3697 2048 3754 cerebro

477 3794 630 3849 nervi
677 3791 1111 3862 protenduntur,
1151 3788 1245 3858 qui
1295 3803 1327 3843 a
1369 3787 1574 3844 Graecis
1623 3789 1869 3854 ὸπτικοί,
1899 3791 2044 3859 quod

475 3885 620 3942 visui
663 3882 912 3937 videlicet
959 3880 1293 3944 inserviant,
1336 3890 1741 3949 nuncupantur.
1804 3880 2044 3936 Primum

477 3973 697 4042 quidem
759 3970 890 4026 huic.
942 3970 1156 4036 sensui,
1205 3970 1490 4026 cerebrum
1541 3970 1722 4040 ipsum
1769 3969 1870 4026 hos
1919 3987 2045 4025 ner-

477 4079 596 4130 vos,
629 4063 974 4135 postmodum
1005 4061 1102 4116 toti
1136 4060 1353 4130 corpori
1393 4061 1702 4128 impertitur
1737 4079 1750 4116 :
1787 4063 1880 4117 sed
1905 4064 2044 4120 inter

474 4157 578 4211 hos
600 4151 953 4223 corporisque
985 4165 1181 4205 nervos
1214 4150 1316 4204 hoc
1357 4150 1602 4214 interest,
1628 4150 1772 4219 quod
1797 4153 2042 4221 corporis

471 4249 625 4304 nervi
685 4245 866 4310 solidi,
919 4259 1019 4299 nec
1076 4242 1195 4299 cavi
1247 4249 1409 4306 sunt;
1458 4242 1514 4296 hi
1550 4256 1679 4296 vero
1734 4242 2038 4311 fistulares,

2159 3135 2378 3199 πολλοῖς
2410 3136 2640 3206 ὀνόμασι
2673 3135 3027 3207 ὀνομάζεται,
3068 3138 3166 3192 καὶ
3192 3141 3258 3192 ἐκ
3309 3137 3555 3192 πλειόνων
3581 3130 3691 3198 σύγ’

2155 3243 2335 3281 κειται
2362 3228 2568 3300 μορίων
2591 3243 2606 3258 ⁸
2636 3227 2697 3282 τὸ
2731 3229 2831 3299 μὲν
2865 3229 2910 3262 ⁷⁸
2929 3231 3135 3301 ὑγρῶν,
3159 3232 3222 3284 τδ
3241 3231 3298 3284 δὲ
3320 3232 3366 3263 ⁸⁸
3392 3226 3616 3301 χιτώνων
3634 3223 3687 3273 ⁸⁸.

2154 3319 2268 3373 Καὶ
2300 3320 2387 3374 ἵνα
2436 3320 2644 3374 τούτων
2683 3321 2932 3391 εἴπωμεν
2973 3321 3044 3376 τά
3083 3339 3143 3374 τε
3189 3323 3450 3393 ὀνόματα,
3497 3311 3689 3372 καὶτὸν

2153 3409 2410 3480 ἀριθμὸν,
2451 3413 2548 3464 καὶ
2594 3411 2695 3474 τὰς
2725 3411 2990 3481 ἐκφύσεις
3011 3413 3081 3478 ⁸⁸,
3121 3415 3219 3466 καὶ
3251 3414 3354 3477 τὰς
3385 3408 3582 3482 χρείας.
3609 3400 3689 3458 καὶ

2152 3500 2252 3565 τὰς
2272 3503 2580 3573 ἐνεργείας,
2602 3501 2853 3555 ἐντεῦθεν
2878 3502 3196 3574 ἀρξώμεθα.

2219 3695 2313 3746 Δεῖ
2342 3693 2542 3747 είδὲναι
2589 3695 2670 3748 ὅτι
2715 3693 2823 3747 ἀπὸ
2859 3692 2956 3747 τοῦ
3006 3695 3318 3764 ἐγκεφάλου
3353 3692 3623 3764 ἐκφέρεται
3646 3686 3684 3718 ⁸⁸

2148 3785 2244 3840 δύο
2267 3787 2434 3856 νεῦρα
2461 3785 2532 3840 τὰ
2551 3785 2766 3840 ὀπτικὰ
2787 3788 3310 3858 προσαγορευόμενα
3331 3803 3345 3819 ·
3375 3785 3580 3858 πρῶτον
3603 3780 3685 3851 μὲν

2148 3877 2257 3948 γὰρ
2281 3878 2455 3948 ταύτῃ
2485 3879 2552 3948 τῇ
2581 3876 2833 3948 αἰσθήσει
2861 3878 3069 3948 πέμπει
3104 3881 3132 3932 6
3162 3878 3466 3948 ἐγκέφαλος
3500 3873 3649 3943 νεῦρα
3669 3883 3683 3898 '

2145 3969 2340 4022 ἔπειτα
2371 3967 2428 4021 δὲ
2458 3969 2553 4022 καὶ
2585 3968 2665 4038 τῷ
2695 3969 2860 4022 παντὶ
2893 3971 3128 4039 σώματι.
3169 3970 3429 4040 Διαφέρει
3462 3963 3683 4021 δὲταῦτα

2144 4058 2256 4113 τῶν
2285 4059 2461 4115 ἄλλων
2488 4059 2698 4130 νεύρων
2718 4077 2732 4091 ·
2758 4061 2842 4112 ὅτι
2864 4060 2929 4112 τὰ
2959 4061 3056 4130 μὲν
3077 4062 3134 4114 ὲν
3154 4061 3236 4131 τῷ
3256 4062 3417 4114 παντὶ
3435 4057 3628 4126 σώματι
3643 4049 3682 4081 ⁸⁵

2145 4153 2319 4205 ναστά
2375 4152 2437 4204 τέ
2488 4153 2603 4204 ἐστι
2657 4151 2749 4203 καὶ
2802 4149 3055 4204 ἀκοίλια·
3085 4150 3239 4204 τὰδὲ
3267 4151 3377 4204 τῶν
3418 4140 3681 4217 ὀφθαλμῶν

2143 4241 2392 4310 αὑλοειδῆ
2423 4242 2519 4295 καὶ
2567 4241 2882 4312 τετρημένα
2911 4241 2978 4308 ⁸⁸,
3030 4242 3117 4295 ἵνα
3173 4243 3430 4312 σωλήνων
3461 4239 3604 4305 δίκην
3630 4231 3681 4282 τὸ

469 4339 843 4408 terebratique
887 4345 1048 4399 sunt,
1080 4351 1192 4404 quo
1242 4335 1476 4390 visibilis
1522 4334 1746 4403 spiritus
1785 4349 1879 4404 per
1910 4336 2035 4400 bos,

2148 4331 2366 4385 δπτικδν
2409 4331 2627 4400 πνεῦμα
2667 4331 2821 4400 παρά
2850 4332 2944 4386 τὸν
2973 4332 3256 4402 ὀφθαλμὸν
3294 4333 3341 4364 ³⁸
3393 4326 3678 4400 ὀχετεύωσι.

467 4443 569 4484 ceu
620 4443 717 4498 per
772 4425 1126 4495 aquaaductus
1174 4423 1243 4478 ad
1295 4424 1484 4478 oculos
1544 4434 1872 4493 penetraret.
1927 4424 2035 4481 llos

2148 4421 2326 4477 Ταῦτα
2358 4423 2541 4476 τοίνυν
2571 4423 2938 4491 ἐμϐάλλονται
2968 4424 3051 4486 είς
3078 4421 3179 4485 τὰς
3209 4422 3502 4492 λεγομένας
3529 4411 3653 4469 θαλὰ

464 4520 629 4590 igitur
652 4531 848 4572 nervos
880 4517 936 4570 in
977 4515 1120 4569 oculi
1147 4515 1416 4570 thalamos
1440 4514 1646 4583 ingredi
1683 4515 2032 4571 manifestum

464 4611 715 4665 habetur.
760 4606 1058 4662 Thalamus
1111 4603 1260 4659 enim
1304 4605 1450 4659 oculi
1497 4607 1793 4673 penetrale,
1836 4607 1890 4660 in
1921 4622 2029 4677 quo

465 4699 663 4755 tunicae
708 4703 927 4759 coeunt,
986 4693 1280 4761 lumenque
1343 4692 1614 4756 consistit,
1666 4706 2030 4764 nuncupatur.

463 4791 759 4846 Thalamus
805 4784 1112 4856 siquidem,
1165 4784 1322 4854 quasi
1383 4783 1726 4853 thalpamus.
1779 4787 1917 4840 unde
1972 4794 2030 4842 et

455 4883 685 4950 juvenes
731 4879 786 4933 in
827 4873 1082 4931 thalamis
1107 4875 1342 4943 degunt;
1371 4873 1528 4929 decet
1569 4874 1715 4927 enim
1772 4873 2029 4931 florentes

459 4985 710 5042 corpore,
748 4983 855 5023 non
883 4967 976 5036 qui
1001 4965 1255 5021 exstincti
1285 4963 1484 5019 caloris
1516 4973 1646 5018 sunt
1677 4964 1730 5018 in
1774 4965 2029 5022 thalamis

459 5063 642 5126 coire,
682 5069 744 5116 ut
793 5057 1063 5115 Hesiodus
1099 5075 1114 5111 :
1156 5054 1261 5111 Sed
1305 5055 1618 5123 tempestivis
1667 5055 1915 5110 thalamis
1962 5059 2030 5111 ait

524 5258 573 5291 '°
614 5253 976 5328 ,κεκρωμενας
1001 5252 1062 5310 P.
1128 5254 1181 5328 _"
1226 5253 1256 5306 6
1308 5253 1488 5328 ραι-Β
1537 5252 1595 5306 Ρ.
1671 5254 1730 5328 ⁷-⁸-
1777 5255 1885 5320 ἔξω
1922 5253 1982 5328 _B.
2055 5254 2100 5328 1’
2131 5256 2215 5324 ὁρ.
2247 5256 2306 5328 ὲν
2347 5271 2423 5328 x._
2454 5255 2613 5328 στῆν.
2648 5255 2723 5325 μὴ
2766 5256 2883 5328 δυν.
2913 5254 2962 5328 βΔ
2988 5253 3076 5328 P._
3125 5253 3170 5328 Ῐξ
3191 5253 3259 5306 τὰ
3311 5251 3428 5328 οὑισ.
3458 5247 3518 5328 Βἶ

1579 5331 1628 5377 at
1661 5309 1837 5394 Abl-:16
1869 5325 1995 5377 add.
2032 5393 2039 5394 ί

2159 5309 2252 5394 Δἰιι.
2281 5324 2331 5394 in
2391 5323 2450 5377 P.
2481 5341 2494 5376 :
2525 5309 2860 5394 ε’ὒχρηστίαν
2889 5323 2964 5394 Δδέ
2985 5339 2998 5352 ·
3030 5323 3079 5374 εί
3123 5321 3180 5394 δὲ
3226 5319 3432 5394 μικρὸς
3478 5317 3557 5394 sit]
3593 5309 3672 5394 κεῖ

451 5395 797 5497 ἀνάριθμος,
811 5391 1066 5461 σημαίνει
1084 5394 1180 5446 καὶ
1204 5391 1412 5446 ἔνδειαν
1435 5391 1567 5461 ὕλης
1587 5391 1683 5445 καὶ
1705 5391 1988 5462 δονάμεως
2019 5391 2261 5445 ἀτονίαν.
2315 5393 2361 5423 ⁷⁷
2389 5391 2695 5497 χρημάτων
2715 5394 2783 5448 Α.

453 5463 492 5497 n
522 5465 560 5497 ο
682 5464 704 5496 ο
869 5461 925 5497 λι.
957 5462 996 5497 n
1026 5461 1064 5497 ι)
1163 5461 1208 5494 ει
1237 5463 1468 5497 una...“
1504 5461 1534 5497 Α
1636 5461 1685 5494 ει
1719 5461 1912 5497 me...”
1951 5462 1991 5497 η
2087 5461 2135 5493 ιιι
2169 5462 2422 5497 ιῆέηῆυιι-ηι
2551 5461 2591 5497 n
2621 5462 2659 5497 D
2775 5463 2783 5494 ι

730 5463 838 5516 τῶν
869 5461 927 5516 δὲ
956 5462 997 5516 Β
1024 5461 1085 5516 Ρ.
1163 5461 1208 5494 ⁸⁸
1237 5463 1468 5534 χιτόνων
1496 5461 1562 5517 Α.
1636 5461 1685 5494 ⁸³
1719 5461 1912 5530 φύσεις
1950 5462 2012 5514 Β.
2087 5461 2135 5493 ⁸³
2169 5461 2437 5530 φέρονται’
2485 5461 2526 5515 Β
2551 5461 2592 5516 C
2618 5462 2677 5516 P.
2775 5461 2823 5494 “
2858 5461 3036 5582 διαίρει

741 5546 864 5587 mox
915 5531 1055 5602 male
1084 5532 1281 5602 ῥᾷστα.
1359 5533 1406 5565 ⁸⁸
1441 5531 1797 5602 τετριμμένα
1825 5530 1888 5602 Β.
1965 5528 2013 5562 ⁸⁸
2040 5531 2168 5602 τοὺς
2209 5531 2526 5600 ὀφθαλμοὺς
2551 5531 2611 5595 Β,
2663 5534 2780 5594 τοῖς
2819 5531 2960 5602 ὀφθα
2998 5548 3036 5600 μ

1165 5602 1212 5635 ⁸⁸
1245 5602 1408 5657 αὐτὸν
1438 5601 1479 5654 Β
1509 5599 1669 5655 ΟΡᾟ
1705 5601 1752 5636 ⁸ο
1776 5601 1870 5654 καὶ
1905 5614 2017 5656 om.

2200 5602 2245 5634 "
2273 5599 2513 5671 γυναῖκα
2541 5602 2599 5667 8,
2626 5601 2906 5669 γυναικῶν
2931 5603 2998 5654 Α.

454 5341 566 5382 om.
597 5327 663 5381 A.
726 5322 782 5358 ’⁷⁸
806 5322 1250 5395 εὐχρηστοτάτης
1269 5393 1282 5395 _
1306 5322 1364 5376 δὲ
1411 5322 1479 5395 Ιξ,
1509 5338 1575 5390 po

453 5461 580 5522 BP'.
655 5461 704 5497 ⁸⁸
730 5463 838 5516 τῶν
869 5461 927 5516 δὲ
956 5462 997 5516 Β
1024 5461 1085 5516 Ρ.

451 5547 562 5588 om.
621 5533 688 5600 Α,
741 5546 864 5587 mox
915 5533 1055 5587 male

450 5600 498 5672 ’ξ
556 5600 827 5672 θάλπιμος
861 5602 905 5672 Β
928 5601 969 5654 C
1000 5600 1062 5653 P.

453 5669 712 5725 citatione
729 5668 740 5672 ⁷
756 5669 903 5724 enini
942 5677 1095 5724 caret
1125 5668 1190 5724 C.

1163 5461 1208 5494 "
1237 5463 1468 5534 χιτόνων
1496 5461 1562 5517 Α.

2141 4526 2275 4580 μους
2293 4510 2336 4542 ⁸⁷
2370 4509 2482 4562 τῶν
2516 4509 2834 4579 ὀφθαλμῶν.
2874 4510 3144 4579 Βάλαμος
3168 4510 3227 4564 δὲ
3260 4509 3476 4578 λέγεται
3500 4505 3558 4559 τὸ
3589 4501 3679 4554 ἔσω

2137 4599 2230 4654 τοῦ
2256 4599 2564 4672 ὀφθαλμοῦ,
2589 4601 2648 4653 ὲν
2665 4594 2710 4668 ᾧ
2735 4603 2785 4653 oi
2816 4599 3045 4671 χιτῶνες
3071 4600 3344 4664 ἑνοῦνται,
3373 4599 3466 4653 καὶ
3490 4593 3611 4649 αὐτὸ
3625 4588 3677 4642 τὸ

2139 4692 2254 4761 φῶς
2306 4693 2522 4746 ἐνοικεῖ.
2557 4693 2715 4762 Παρὰ
2741 4692 2851 4762 γὰρ
2881 4693 2944 4745 τὺ
2973 4691 3201 4746 θάλπειν
3248 4692 3456 4759 γίνεται
3495 4685 3676 4740 θάλπα·

2141 4800 2241 4852 μσς
2266 4783 2311 4815 ⁸⁸
2345 4783 2440 4836 καὶ
2461 4783 2705 4853 θάλαμος
2726 4799 2740 4814 ’
2768 4781 2830 4846 ἐξ
2853 4776 2915 4837 οὗ
2934 4782 3031 4836 καὶ
3056 4783 3108 4835 oi
3132 4781 3245 4835 νέοι
3275 4775 3671 4848 θαλαμεύονται·

2135 4875 2216 4928 δεῖ
2241 4875 2350 4944 γὰρ
2393 4873 2656 4928 θάλλοντα
2679 4873 2681 4875 ’
2703 4873 2773 4926 τὰ
2803 4871 3034 4943 σώματα
3059 4872 3286 4944 ἔχοντας
3326 4872 3406 4934 είς
3433 4865 3612 4921 ταύτὸν
3635 4858 3674 4891 ⁸⁵

2137 4966 2399 5031 συνιέναι,
2432 4965 2530 5018 καὶ
2565 4967 2610 4996 ⁹⁰
2651 4966 2725 5036 μὴ
2751 4965 3167 5036 ἀποϐεϐηκότας
3187 4982 3200 4996 ·
3243 4963 3338 5018 καὶ
3369 4962 3472 5032 γὰρ
3515 4953 3674 5011 Ἡσίο-

2135 5057 2225 5120 δός
2252 5073 2410 5128 φησι,
2471 5057 2698 5125 Ὠραῐος
2743 5056 2812 5110 δὲ
2838 5057 3097 5126 γυναῖκα
3123 5057 3194 5123 ⁸⁸,
3236 5054 3500 5123 θάλαμος
3535 5047 3576 5080 ⁹²
3602 5044 3676 5105 εὶς

3586 5240 3673 5290 ηδ

3095 5378 3344 5452 ποὺς’Β.’
3457 5378 3558 5452 τῶν
3586 5378 3670 5448 μὲν

3027 5477 3109 5531 ρει
3146 5451 3323 5531 usque
3360 5455 3440 5531 9d.
3470 5451 3668 5531 ,σώμαὲ

3039 5530 3122 5593 οἷς
3145 5528 3204 5582 P.
3230 5515 3244 5527 ’
3278 5527 3323 5559 ⁸⁷
3354 5515 3591 5592 θαλάμας

3107 5585 3158 5632 δ’
3180 5603 3449 5667 postrema
3475 5585 3577 5647 om.
3609 5585 3664 5644 Δ.

2859 5392 2904 5424 78
2936 5409 3005 5462 χα

2551 5461 2592 5516 C
2618 5462 2677 5516 Ρ.
2775 5461 2823 5494 ⁸⁸
2858 5461 2946 5514 δια
