4040 6150
455 339 596 396 H61

1768 335 2053 392 MELETII
2091 337 2406 393 MONACHI

3571 339 3704 393 "68

454 458 680 514 Iaternis
727 458 966 512 lucernae
1009 469 1272 518 accensae,
1319 454 1456 509 nihil
1507 470 1538 508 a
1586 467 1759 508 cornu
1797 469 2023 522 corpore

2142 453 2218 507 ἐν
2245 454 2434 523 φανῶν
2461 453 2853 525 περιεχόμενος
2887 454 2916 505 ὀ
2939 451 3134 521 λύχνος
3161 450 3223 504 τδ
3263 450 3380 518 φῶς
3410 449 3472 502 τδ
3502 451 3709 502 οἰκεῖον

455 549 828 619 impedimenti
892 547 1228 614 sentientes,
1291 548 1571 618 proprium
1625 547 1808 600 lumen
1868 555 2023 600 extra

452 641 728 704 emittunt,
762 642 832 694 ita
861 639 1005 694 oculi
1037 655 1322 704 corneum,
1350 654 1474 694 cum
1504 637 1898 692 translucidum
1928 639 2022 700 sit,

451 731 683 786 visibilis
736 731 963 800 spiritus
1012 731 1322 786 facultatem
1377 731 1692 800 neutiquam
1732 729 2022 798 intercipit.

453 822 630 894 Hujus
670 823 878 893 gratia,
931 824 1116 878 tunica
1161 838 1326 893 quam
1371 822 1706 893 superiorem
1745 820 2026 882 diximus,

453 920 626 966 t0tum
673 925 936 966 corneum
987 911 1413 980 haudquaquam
1463 909 1882 978 complectitur,
1931 907 2027 963 sed

454 1001 586 1056 dum
624 1001 801 1070 ipsum
865 1001 1208 1056 circulariter
1263 1000 1622 1071 constringit,
1667 999 2029 1069 comprehen-

455 1091 683 1161 ditque,
718 1107 882 1146 unam
927 1099 1138 1146 tantum
1193 1091 1314 1160 ejus
1350 1091 1654 1160 portionem
1704 1091 2028 1146 circularem

455 1182 735 1252 relinquit,
783 1197 894 1252 qua
924 1182 1194 1238 visibilem
1229 1182 1482 1251 spiritum
1509 1191 1664 1236 extra
1706 1181 2028 1251 ejaculetur.

455 1272 612 1340 Quod
667 1282 850 1328 autent
900 1288 1161 1328 corneum
1208 1283 1406 1327 natura
1435 1272 1614 1325 album
1659 1272 1751 1335 sit,
1802 1273 1904 1326 hoc
1932 1288 2031 1324 no-

457 1365 545 1420 bis
582 1373 904 1434 argumento
932 1374 1036 1428 est,
1066 1364 1192 1432 quia
1237 1377 1362 1416 cum
1407 1362 1666 1417 densatur
1703 1363 1884 1415 album
1925 1363 1984 1414 lit
2013 1376 2032 1410 :

459 1455 638 1523 ipsum
684 1455 866 1518 enim,
918 1455 973 1508 in
1022 1454 1109 1508 his
1157 1453 1250 1524 qui
1307 1453 1468 1507 albis-
1496 1461 1624 1506 sunt
1669 1452 1844 1507 oculis
1891 1467 2031 1521 prae-

458 1545 580 1609 diti,
614 1545 845 1599 densum
880 1542 1109 1599 edicitur
1145 1560 1160 1599 :
1194 1558 1383 1598 verum
1421 1559 1528 1596 non
1571 1541 1655 1597 sui
1689 1552 1904 1607 natura,
1937 1541 2032 1597 sed

460 1635 637 1690 uvalis
689 1636 858 1706 gratia
895 1633 1040 1704 quod
1071 1633 1174 1690 sibi
1205 1633 1511 1703 subjectum
1549 1642 1654 1696 est,
1700 1647 1731 1686 a
1773 1648 1883 1702 quo
1907 1648 2032 1688 cum

2127 543 2235 609 ἔξω
2265 548 2500 615 πέμπει,
2538 545 2708 615 μηδὲν
2737 544 3127 614 ἐμποδίζοντος
3149 541 3228 611 τῷ
3255 541 3434 610 λύχνῳ
3464 539 3562 592 τοῦ
3601 539 3707 594 σῶ-

2130 654 2302 706 ματος
2321 655 2334 669 ·
2364 637 2506 691 οὕτω
2547 635 2829 690 κάνταῦθα
2857 637 2886 688 ὁ
2913 633 3284 706 κερατοειδὴς,
3315 631 3590 702 διαφανὴς
3612 631 3709 695 ὢν,

2127 730 2229 782 οὐκ
2252 729 2536 800 ἐμποδίζει
2562 728 2623 781 τὸ
2643 727 2868 780 ὀπτικδν
2894 726 3114 797 πνεῦμα
3139 724 3416 790 διεξιέναι.
3442 724 3542 776 Διὰ
3576 722 3710 776 ταύ-

2127 839 2230 891 την
2264 822 2364 891 τὴν
2395 822 2578 875 αἰτίαν
2625 821 2721 875 καὶ
2752 821 2781 872 ὁ
2821 816 3178 885 ἐπιπεφυκὼς
3218 817 3280 869 οὐ
3311 816 3493 869 πάντα
3547 831 3714 884 περι-

2128 913 2401 982 λαμϐάνει
2427 912 2520 964 τὸν
2557 911 2901 983 κερατοειδῆ,
2933 909 3069 962 ἀλλὰ
3105 907 3294 977 κυκλῷ
3321 906 3713 976 περισφίγγων

2130 1005 2316 1070 αὐτὸν,
2345 1004 2442 1058 καὶ
2471 1002 2920 1074 περιλαμϐάνων,
2956 999 3152 1070 μοῖράν
3169 1015 3290 1051 τινα
3311 996 3480 1051 αὐτοῦ
3514 996 3717 1049 κυκλο⁴

2130 1096 2264 1167 τερῆ
2302 1096 2561 1165 ἀφίησιν·
2595 1095 2684 1148 ἵνα
2707 1093 2775 1147 δι’
2813 1092 2986 1161 αὐτῆς
3023 1089 3350 1161 ἐξακοντίζῃ
3383 1090 3448 1140 τὸ
3483 1087 3716 1140 ὀπτικὺν

2133 1189 2373 1258 πνεῦμα.
2426 1187 2632 1240 Ὀτιδέ
2659 1187 2755 1240 καὶ
2805 1187 2834 1238 ὀ
2886 1183 3239 1254 κερατοειδὴς
3297 1181 3461 1251 φύσει
3517 1179 3716 1242 λευκός

2131 1282 2271 1344 ἐστι,
2299 1281 2459 1351 δῆλον
2486 1282 2550 1332 ἐκ
2571 1278 2666 1332 τοῦ
2691 1276 3069 1346 παχυνόμενον
3097 1274 3264 1327 αὐτὸν
3292 1270 3712 1326 λευκαίνεσθαι·

2135 1370 2522 1441 παχύνεταιδέ
2549 1372 2608 1424 ἐν
2640 1371 2753 1432 τοῖς
2785 1366 3104 1434 λευκώμασι
3128 1380 3143 1393 ⁸
3181 1364 3435 1432 φαίνεται
3469 1363 3532 1415 δέ
3561 1362 3715 1430 ὅμως

2141 1463 2330 1534 μέλας,
2370 1463 2431 1515 οὑ
2453 1462 2544 1515 διὰ
2569 1460 2669 1532 τὴν
2701 1460 2909 1513 οἰκείαν
2939 1458 3124 1527 φύσιν,
3151 1455 3270 1510 ἀλλ’
3307 1456 3390 1507 ὅτι
3414 1452 3717 1521 ὑποκείμεα

2136 1571 2227 1616 νος
2270 1551 2421 1621 αὐτῷ
2483 1553 2512 1604 ὁ
2563 1549 2873 1621 ραγοειδὴς,
2928 1547 3138 1601 νοθεύει
3187 1544 3352 1598 αὑτοῦ
3386 1543 3449 1594 τὸ
3489 1541 3717 1612 χρῶμα.

2138 1645 2292 1699 Είσὶν
2323 1641 2418 1698 οὖν
2447 1645 2497 1697 οἱ
2520 1643 2615 1696 δύο
2643 1642 2742 1714 μὲν
2762 1640 2971 1704 λευκοὶ,
2994 1640 3166 1710 ἤγουν
3191 1640 3219 1692 ὀ
3245 1634 3605 1707 κερατοειδὴς
3625 1631 3722 1684 καὶ

461 1724 614 1779 color
642 1723 762 1793 ejus
809 1722 1170 1786 adulteretur,
1215 1723 1430 1792 nigrum
1466 1735 1586 1776 esse
1618 1721 1852 1775 videtur.
1888 1721 2035 1776 Duas

2142 1741 2166 1790 ὀ
2207 1737 2565 1807 ἐπιπεφυκὼς
2591 1754 2605 1767 ·
2649 1735 2881 1805 μέλανες
2912 1733 2971 1785 δὲ
3003 1732 3054 1785 oi
3083 1730 3178 1784 δύο
3201 1745 3214 1760 ·
3255 1730 3285 1782 ὅ
3320 1745 3382 1781 τε
3445 1723 3723 1795 ἁμφιὸλη-

461 1815 628 1885 igitur
676 1815 993 1878 tunit-ulas,
1051 1828 1308 1868 corneam
1361 1824 1417 1867 et
1465 1812 1827 1882 superiorem,
1881 1813 2035 1868 albas

2142 1799 2442 1902 στροειδὴς,
2476 1828 2571 1881 καὶ
2611 1799 2959 1896 ὀνραγοειδής
2979 1839 2995 1856 ο
3033 1823 3163 1892 περὶ
3191 1820 3291 1891 μὲν
3329 1819 3374 1850 ⁸⁸
3402 1816 3519 1870 τῶν
3550 1812 3719 1885 χιτώ-

461 1921 585 1961 csse
617 1914 834 1961 constat
873 1924 887 1958 :
917 1905 1086 1976 nigra:
1121 1919 1253 1960 vero
1290 1904 1538 1970 totidem,
1566 1903 1874 1959 reticularis
1905 1919 2038 1958 uva-

463 1999 643 2067 lisque
663 2005 829 2063 sunt;
861 1997 929 2052 de
963 1999 1162 2052 earum'
1185 1996 1370 2065 itaque
1404 1995 1614 2064 origine
1643 2033 1659 2058 ,
1698 2010 1763 2050 ac
1807 2009 2036 2049 numero

463 2089 778 2159 coloreque,
816 2104 1030 2146 necnon
1071 2105 1214 2162 quas
1256 2089 1649 2160 appellationes
1705 2090 2035 2154 sortiuntur,

463 2180 602 2234 satis
642 2180 973 2250 explicatum
1013 2191 1119 2237 est.

538 2272 731 2327 Restat
761 2275 840 2328 uti
893 2273 961 2328 de
1002 2275 1326 2330 humoribus
1359 2275 1648 2330 oculorum
1685 2273 1888 2344 quibus
1933 2270 2035 2341 ipsi

467 2372 595 2418 sunt
617 2363 825 2432 praediti
852 2364 1212 2432 disseramus;
1234 2367 1334 2420 bos
1355 2366 1500 2420 enim
1525 2374 1635 2420 tres
1662 2380 1784 2420 esse
1809 2377 2038 2417 numero

466 2454 719 2509 dicimus.
758 2453 974 2511 Primus
1007 2456 1227 2525 quidem
1258 2456 1462 2511 vitreus
1488 2457 1685 2510 humor
1718 2462 1824 2515 est,
1857 2453 1949 2522 qui
1981 2453 2036 2505 iu

467 2541 650 2594 medio
669 2541 899 2598 visibilis
923 2553 1132 2599 meatus
1158 2544 1432 2606 consistit.
1454 2543 1598 2597 unde
1627 2541 1778 2597 nervi
1802 2541 2036 2608 sparsim

467 2632 629 2702 positi
665 2632 1008 2689 reticularem
1049 2636 1288 2690 tunicam
1327 2635 1688 2690 constituunt.
1729 2631 1828 2686 Hic
1857 2640 2036 2685 autem

468 2723 666 2776 humor
683 2723 888 2778 vitreus
914 2734 1280 2795 nuncupatur,
1311 2725 1455 2794 quod
1491 2737 1600 2793 prae
1634 2723 1717 2777 sui
1744 2721 1888 2776 ﬂuxu
1923 2730 2036 2775 tum

468 2813 686 2879 colore,
718 2821 832 2868 tum
875 2815 1265 2871 constitutione
1305 2815 1505 2868 vitrum
1553 2812 1769 2882 eﬂigict.
1813 2812 1895 2865 Ab
1936 2811 2040 2865 hoc

467 2904 630 2965 alius.
653 2905 745 2974 qui
766 2905 1066 2976 crystallini
1092 2920 1289 2960 nomen
1313 2905 1545 2969 obtinet,
1567 2903 1768 2957 humor
1791 2909 1895 2962 est.
1916 2901 2040 2955 inde

464 2995 740 3060 videlicet,
763 2995 907 3064 quod
933 2996 1122 3066 glaciei
1143 3011 1264 3064 quae
1279 3009 1309 3049 a
1326 2993 1530 3050 Graecis
1549 2992 1881 3064 κρύσταλλος
1906 2991 2036 3046 dici-

466 3095 576 3150 tur,
617 3086 813 3140 similis
838 3087 928 3140 sit.
968 3087 1176 3153 Aquam
1213 3099 1449 3152 namque
1494 3082 1693 3150 frigore
1723 3092 2034 3136 concretam
2071 3119 2116 3177 ο

466 3175 693 3247 glaciem
723 3184 870 3229 recte
891 3175 1116 3229 dixeris.
1149 3172 1300 3228 Talis
1329 3174 1597 3243 siquidem
1629 3172 1826 3226 humor
1848 3171 2037 3242 glaciei

466 3267 608 3337 ipsi,
644 3265 846 3320 coloris
885 3255 1402 3332 constitutionisque
1432 3263 1788 3316 similitudine
1810 3277 2038 3331 respon-

465 3357 577 3413 det.
617 3355 717 3410 ﬂic
747 3366 928 3410 autem
979 3355 1175 3409 humor
1230 3353 1546 3421 dimidiatus
1576 3369 1698 3405 cum
1727 3352 1900 3406 vitreo
1935 3353 2038 3404 hu-

467 3463 656 3516 more,
709 3462 775 3503 ac
824 3447 1068 3501 vicissim
1125 3445 1419 3501 transﬁxus
1475 3443 1773 3498 confertur.
1821 3441 2040 3496 Tertius

467 3549 650 3593 autem
682 3539 878 3594 humor
902 3537 1045 3592 oculi
1074 3537 1246 3591 ovalis
1275 3536 1494 3596 dicitur,
1525 3536 1670 3603 quod
1703 3535 1887 3590 subtili
1918 3550 2041 3603 qum.

468 3631 525 3686 in
559 3645 665 3685 ovo
693 3639 776 3686 est
813 3638 868 3685 et
901 3630 1146 3686 candidae
1176 3629 1316 3699 parti
1344 3627 1541 3682 similis
1565 3637 1670 3682 est.
1702 3628 1770 3681 Et
1820 3627 2039 3697 quidem

470 3722 670 3777 humor
710 3723 915 3776 vitreus
974 3721 1176 3791 duplici
1228 3720 1351 3775 usui
1385 3721 1494 3791 62
1546 3719 2039 3775 accommodatur:

470 3829 596 3868 nam
641 3814 960 3884 erystallino
1004 3822 1116 3868 tum
1146 3827 1381 3882 superne
1425 3813 1752 3874 obducitur,
1799 3821 1912 3865 tum
1939 3810 2041 3880 ipsi

471 3905 794 3961 alimentum
823 3904 1086 3974 suggerit.
1149 3905 1222 3957 At
1258 3903 1432 3958 ovalis
1481 3912 1844 3972 praterquam
1896 3901 2042 3970 quod

470 3994 846 4066 crystallinum
872 3995 943 4049 ob
965 3995 1217 4050 assiduas
1245 3994 1491 4050 actiones
1520 3993 1903 4047 siccescentem
1929 4006 2045 4046 ma-

471 4082 693 4144 defacit,
719 4082 1185 4152 propugnaculum
1208 4082 1370 4136 etiam
1401 4081 1521 4150 ejus
1546 4090 1649 4147 est,
1675 4096 1743 4133 ne
1769 4079 1976 4134 scilicet
1991 4088 2047 4134 et

475 4175 531 4229 in
553 4172 882 4228 ambientem
914 4188 1038 4228 aera
1067 4182 1288 4243 repente
1321 4172 1589 4235 incidens,
1625 4171 1834 4238 abipso
1861 4170 2043 4238 aliqua

474 4279 542 4320 ex
564 4272 718 4334 parte
735 4263 1054 4330 laederetur;
1078 4263 1225 4327 talis,
1242 4265 1487 4332 inquam,
1510 4261 1684 4316 ovalis
1706 4261 1903 4315 humor
1917 4260 2046 4315 sub-

477 4357 587 4414 tilis
608 4366 661 4412 et
695 4371 889 4412 aereus
909 4357 1158 4417 habetur,
1177 4355 1257 4411 sic
1279 4365 1337 4408 ut
1363 4352 1565 4410 visibili
1589 4351 1804 4422 spiritui
1832 4366 1926 4422 per
1944 4366 2044 4419 pu-

2137 1940 2246 1975 νων
2289 1921 2390 1988 τῆς
2440 1936 2501 1972 τε
2533 1918 2840 1987 ἐκφύσεως,
2891 1912 3112 1968 καὶτοῦ
3165 1909 3427 1982 ἀριθμοῦ,
3483 1907 3587 1960 καὶ
3619 1903 3722 1972 τῆς

2136 2012 2329 2083 χρείας
2389 2009 2592 2073 αὐτῶν,
2644 2007 2744 2060 καὶ
2797 2006 2896 2075 τῆς
2949 2001 3252 2073 ὀνομασίας
3314 1999 3616 2069 αὐτάρκως
3648 1992 3720 2046 εζ-

2137 2117 2319 2176 ρηται.

2210 2258 2476 2326 Εῐπωμεν
2509 2254 2566 2308 δέ
2604 2254 2648 2287 ¹⁸
2679 2252 2812 2322 περὶ
2847 2248 2957 2302 τῶν
2992 2249 3050 2301 ἐν
3079 2246 3266 2307 αὐτοῖς
3301 2243 3474 2296 ὄντων
3517 2238 3719 2310 ὗγρῶνο

2138 2353 2245 2406 εἰσὶ
2291 2350 2349 2403 δὲ
2386 2349 2456 2401 τὰ
2513 2345 2605 2399 τοῦ
2643 2341 2927 2414 ὀφθαλμοῦ
2973 2337 3121 2408 ὑγρὰ
3166 2335 3259 2390 τὸν
3291 2334 3533 2406 ἀριθμὸν
3572 2331 3718 2402 τρία.

2139 2444 2252 2498 Καὶ
2282 2440 2505 2512 πρῶτον
2543 2437 2645 2508 μέν
2682 2438 2799 2490 ἐστι
2847 2431 2908 2486 τό
2939 2430 3169 2493 ύελῶδες
3188 2445 3203 2460 ο
3228 2428 3257 2482 ὀ
3286 2427 3384 2480 καὶ
3420 2425 3464 2455 ¹⁶
3486 2423 3636 2477 κατὰ
3662 2420 3721 2474 τὸ

2143 2537 2308 2607 μέσον
2332 2533 2578 2600 ἔγκειται
2599 2529 2694 2582 τοῦ
2717 2523 2948 2581 ὀπτικοῦ
2981 2524 3152 2594 πόρου
3176 2539 3191 2553 ο
3222 2519 3346 2574 ὅθεν
3367 2519 3425 2571 αἱ
3453 2517 3719 2607 διεσπαρῖ

2143 2603 2305 2699 μέναι
2336 2620 2451 2687 ῐνες
2477 2620 2695 2678 ποιοῦσι
2721 2618 2814 2672 τὸν
2840 2611 3369 2686 ἀμφισληστροειδῆο
3404 2606 3636 2699 καλοῦσι

2140 2694 2403 2779 ὖελῶδες
2435 2712 2594 2767 τοῦτο
2643 2710 2707 2763 τδ
2751 2708 2940 2778 ὑγρὸν,
2974 2707 3056 2759 ὅτι
3084 2722 3192 2775 περ
3243 2703 3287 2734 ¹⁷
3333 2694 3718 2770 παραπλήσιόν

2141 2814 2290 2865 ἐστιν
2325 2807 2488 2876 ὐέλῳ,
2521 2801 2667 2856 κατά
2687 2818 2748 2853 τε
2775 2799 2838 2852 τὸ
2865 2797 3066 2869 χρῶμα
3099 2795 3193 2848 καὶ
3220 2791 3362 2847 κατὰ
3382 2789 3485 2854 τήν
3518 2785 3716 2839 σύστα-

2144 2924 2250 2960 σιν,
2284 2903 2420 2959 Μετ’
2446 2899 2625 2952 ἐκεῖνο
2647 2894 2705 2948 δέ
2741 2895 2858 2945 ἐστι
2885 2891 2948 2944 τὸ
2967 2886 3264 2956 λεγόμενον
3292 2879 3719 2951 κρυσταλλοει-

2141 2997 2245 3062 δὲς
2277 2996 2321 3027 ⁸⁸
2355 2992 2554 3062 ὑγρόν·
2587 2988 2683 3042 καὶ
2715 2985 2830 3055 ἔχει
2873 2979 3042 3034 αὑτοῦ
3083 2977 3184 3046 τὴν
3222 2969 3528 3042 ὀνομασίαν
3575 2962 3721 3035 παρὰ

2143 3089 2207 3140 τὸ
2223 3061 2472 3139 ἐοικέναι
2502 3077 2830 3152 κρυστάλλῳ
2860 3076 2928 3106 ¹⁹⁶
2952 3067 3297 3143 κρύσταλλος
3327 3064 3375 3152 ξ’
3397 3061 3458 3114 δέ
3481 3062 3604 3152 ἐστι
3628 3072 3720 3152 πεῖ

2148 3176 2326 3247 πηγὸς
2351 3173 2496 3242 ὕδωρ
2519 3140 2717 3222 ’.ἔοικε
2745 3140 3007 3231 δὲντούτιρ
3038 3156 3182 3211 κατά
3215 3170 3276 3206 τε
3307 3151 3368 3205 τδ
3396 3148 3602 3248 χρῶμα
3630 3140 3721 3248 καῖ.

2145 3239 2291 3320 κατὰ
2317 3264 2418 3332 τὴν
2453 3239 2749 3314 σύστασιν
2791 3250 3094 3323 συμϐάλλει
3124 3248 3183 3302 δὲ
3220 3245 3282 3298 τὸ
3305 3244 3486 3314 ἥμισυ
3522 3239 3590 3303 ’⁸,
3630 3239 3721 3288 καὶ

2145 3351 2259 3409 οἷον
2290 3352 2644 3423 ἐμπέπαρται
2690 3347 2752 3401 τὸ
2793 3343 3026 3406 ὕελῶδες
3057 3340 3224 3409 ὑγρὸν
3263 3334 3405 3407 μετὰ
3444 3333 3544 3387 τοῦ
3590 3344 3720 3423 κρυζ

2149 3417 2532 3504 σταλλοειδοῦς
2581 3441 2651 3494 ¹².
2687 3438 2844 3490 Ἔστι
2874 3435 2932 3488 δὲ
2983 3432 3080 3487 καὶ
3108 3430 3294 3501 τρίτον
3322 3424 3494 3496 ὑγρὸν
3543 3426 3602 3476 ἐν
3646 3417 3721 3487 τῷ

2146 3533 2444 3606 ὀφθαλμῷ·
2479 3533 2574 3586 καὶ
2619 3530 2869 3584 καλεῖται
2903 3524 3163 3589 ὠοειδὲς,
3207 3519 3363 3589 παρὰ
3393 3515 3457 3610 τὸ
3488 3512 3721 3610 ἐοικέναξ

2147 3631 2226 3701 τῷ
2260 3626 2447 3698 λεπτῷ
2475 3626 2571 3679 καὶ
2598 3621 2778 3692 λευκῷ
2815 3623 2885 3653 ¹¹⁴
2912 3618 3008 3671 τοῦ
3030 3614 3163 3670 ὠοῦ.
3188 3611 3366 3683 Χρεία
3397 3609 3455 3662 δέ
3485 3608 3604 3701 ἐστι
3631 3608 3719 3655 τοῦ

2149 3697 2427 3782 ὕελώδους
2457 3717 2612 3785 διττή
2632 3730 2645 3744 ⁸
2700 3714 2795 3766 καὶ
2824 3711 2933 3781 γὰρ
2964 3708 3060 3762 καὶ
3097 3705 3450 3774 ὑπέστρωται
3474 3697 3556 3766 τῷ
3595 3709 3722 3785 κρυο

2151 3807 2482 3863 σταλλοειδεῖ
2513 3807 2582 3872 ’³,
2602 3784 2609 3785 7
2626 3803 2724 3858 καὶ
2750 3801 2944 3872 τρέφει
2979 3795 3134 3851 αὐτό.
3159 3793 3235 3845 Τὸ
3263 3791 3322 3843 δέ
3366 3787 3589 3846 ὠοειδὲς
3613 3784 3722 3872 ἐπι-

2147 3902 2334 3970 τέγγει
2365 3916 2426 3952 τε
2470 3897 2532 3950 τδ
2570 3871 3025 3962 κρυσταλλοειδές
3075 3889 3143 3949 ’⁸,
3184 3879 3426 3950 συνεχῶς
3473 3873 3581 3970 ὑπὸ

2148 3959 2442 4064 ἐνεργειῶν
2479 3959 2872 4058 ξηρα-ινόμενον
2891 3996 2906 4011 ⁶
2944 3978 3086 4034 ἀλλὰ
3115 3976 3222 4048 μὴν
3257 3974 3354 4028 καὶ
3383 3968 3648 4064 πρόβολος
3676 3959 3720 4064 ’ἶ

2150 4051 2316 4140 αὐτού
2352 4051 2606 4152 γίνεται,
2659 4051 2803 4132 ὥστε
2859 4073 2934 4145 μὴ
2981 4070 3207 4140 ἀμέσως
3255 4064 3391 4118 αὐτὸ
3437 4061 3518 4130 τῷ
3567 4051 3721 4152 πέριξ

2149 4147 2376 4248 ὁμιλῶν⁷
2402 4174 2526 4244 ἀέρι
2564 4167 2898 4242 βλάπτεσθαι
2935 4164 3028 4218 ὑπ’
3057 4159 3245 4215 αὑτοῦ.
3281 4157 3440 4248 Ἐστι
3483 4153 3544 4204 δὲ
3563 4147 3719 4248 τοῦτο

2149 4238 2213 4323 ab
2264 4238 2486 4328 ὠοειδὲς
2510 4238 2710 4317 λεπτὸν
2757 4259 2853 4313 καὶ
2883 4255 3146 4326 ἀερῶδες,
3196 4250 3273 4312 ὡς
3305 4247 3380 4319 μὴ
3410 4238 3719 4328 ἐμποδίζειν

2151 4358 2230 4426 τῷ
2261 4325 2473 4423 ὀπτικῷ
2504 4352 2778 4422 πνεύματι
2803 4325 3089 4417 φερομένῳ
3119 4340 3271 4414 παρὰ
3299 4337 3400 4408 τὴν
3431 4335 3622 4426 κόρην.

475 4448 663 4518 pillam
690 4448 1004 4517 procedenti
1036 4446 1186 4499 nullo
1222 4418 1730 4513 impedimento-sit.
1765 4418 2039 4512 crystalli-

2151 4418 2213 4503 δέ
2239 4418 2687 4518 κρυστιίλλοειδές
2718 4444 2764 4474 ¹⁶
2806 4442 2927 4493 ἐστι
2957 4436 3282 4509 μεσαίτατον
3313 4418 3718 4518 περιλαμϐανό-

477 4554 608 4594 ιιιηι
636 4553 768 4594 vero
798 4539 1081 4591 humorem
1107 4576 1122 4601 ,
1153 4535 1391 4588 medium
1421 4535 1530 4588 duo
1555 4533 1748 4602 reliqui
1789 4533 2049 4588 humores

477 4645 542 4684 ac
557 4643 681 4685 eum
704 4628 790 4684 his
815 4628 882 4682 de
904 4626 1103 4695 quibus
1119 4623 1356 4679 diximus
1376 4622 2051 4691 tuniculm‘suscipiunt,et

482 4724 602 4792 ipse
627 4730 712 4776 est
737 4721 829 4790 qui
856 4718 1085 4774 visibilis
1111 4715 1365 4787 potentiae
1384 4723 1587 4785 partes,
1621 4723 1676 4768 et
1699 4729 1823 4783 qua;
1856 4712 2050 4783 primi-

479 4824 569 4870 tus
599 4821 892 4883 operantur
911 4809 1103 4865 obvius
1126 4808 1374 4873 suscipit.

549 4904 843 4959 Enimvero
879 4902 1112 4957 visibilis
1150 4901 1246 4970 qui
1297 4899 1352 4952 in
1393 4896 1569 4952 oculis
1608 4906 1691 4952 est
1735 4896 1980 4966 spiritus,
2016 4911 2047 4949 a

481 4997 708 5053 cerebro
744 4996 811 5050 ad
850 4995 1225 5066 crystallinum
1269 4989 1466 5051 fertur,
1504 4997 1558 5043 et
1591 4987 1860 5057 duplicem
1889 4985 2049 5040 oﬂicii

482 5085 818 5140 iunctionem
873 5085 1090 5153 explet,
1135 5083 1359 5136 alteram
1397 5078 1652 5148 quidem,
1707 5077 1786 5130 uti
1833 5075 2051 5131 oculum

484 5178 702 5246 plenum
747 5175 971 5241 reddat,
1023 5175 1185 5244 eique
1226 5171 1428 5242 justam
1482 5168 1908 5238 magnitudinem
1952 5169 2056 5220 im-

484 5271 790 5339 pertiatur,
846 5276 903 5324 et
960 5266 1250 5338 plurimam
1308 5261 1622 5316 distantiam
1687 5258 1883 5314 elliciat
1945 5273 2056 5328 quo

558 5442 608 5513 ίξ
643 5442 741 5513 μὶν
783 5440 877 5494 οὖν
910 5437 951 5490 Β
1119 5440 1264 5513 "de
1292 5440 1488 5513 λοιπὸν
1516 5440 1679 5513 καὶ-Β
1709 5442 1773 5513 P_.
1848 5437 2030 5513 “‘_xa_‘t
2058 5451 2168 5513 o-ttt.
2199 5433 2334 5513 BLP.
2411 5434 2581 5513 fuam
2630 5447 2808 5513 κεχυμ

1449 5512 1495 5542 ³⁰
1539 5510 1837 5579 κρύσταλος
1874 5507 2054 5579 Codd.
2223 5504 2268 5579 '_'
2299 5521 2408 5579 Ξυμ

1560 5571 1626 5610 ’³⁸
1657 5579 1734 5642 τῷ
1769 5578 1918 5640 ἐντός
1967 5577 2058 5628 καὶ
2102 5572 2279 5642 λευκῷ
2299 5571 2361 5626 Ρ.

485 5509 530 5562 Β
572 5508 655 5564 (1.⁷
715 5508 1099 5580 ξ’Ῠκρυστάλῳ
1151 5511 1197 5563 Α
1234 5509 1279 5580 Β,

490 5579 830 5647 σταλοειδοῦς
850 5579 856 5580 ί
880 5579 948 5636 Δ,
979 5579 1385 5647 ⁸σκληροειδοῦς
1421 5579 1479 5632 Β.

2155 4513 2338 4612 μενον,
2365 4537 2473 4592 ὑπὸ
2497 4535 2606 4589 τῶν
2632 4533 2727 4587 δύο
2749 4531 2932 4600 ὑγρῶν
2949 4525 3175 4582 καὶτῶν
3193 4513 3719 4612 λοιπῶνείρημένων

2150 4599 2432 4702 γιτώνων·
2487 4627 2585 4682 καὶ
2612 4625 2744 4679 αὐτό
2791 4599 2906 4676 ἐστι
2935 4621 2997 4673 τὸ
3048 4609 3588 4702 ἀντιλαμϐανόμενον
3629 4599 3717 4654 καὶ

2150 4699 2263 4775 τῶν
2291 4717 2662 4792 πρωτουργῶν
2694 4714 2900 4786 μορίων
2929 4713 2975 4744 ’⁷
3001 4711 3100 4781 τῆς
3127 4704 3366 4774 ὀπτικῆς
3388 4699 3687 4767 δυνάμεως.

2225 4896 2302 4949 Τὸ
2324 4895 2384 4948 δὲ
2412 4891 2636 4947 ὀπτικδν
2665 4889 2884 4958 πνεῦμα
2913 4885 2976 4940 τὸ
3007 4886 3067 4938 ἐν
3109 4885 3222 4945 τοῖς
3248 4877 3575 4951 ὀφθαλμοῖς,
3617 4864 3718 4923 ἀπὺ

2159 4985 2465 5056 ἐγκεφάλου
2499 4984 2545 5017 ⁸⁸
2570 4983 2796 5053 φέρεται
2826 4980 2886 5031 ἐν
2915 4978 3124 5040 αὐτοῖς,
3161 4973 3260 5027 καὶ
3302 4970 3490 5039 διττὴν
3523 4967 3712 5056 ἀποτε-

2159 5048 2244 5130 λεῖ
2267 5048 2366 5146 τὴν
2401 5048 2593 5146 χρείαν
2613 5048 2798 5142 ’-μίαν
2833 5070 2953 5140 μὲν,
2985 5068 3074 5120 ἴνα
3106 5064 3307 5134 πληροῖ
3334 5060 3425 5114 τδν
3451 5048 3716 5146 ὀφθαλμόν

2160 5171 2256 5222 καὶ
2292 5139 2458 5236 ὄγκον
2515 5139 2933 5234 ἀπεργάζητίαιο
2985 5159 3083 5212 καὶ⁸
3140 5155 3406 5222 πλείστην
3457 5149 3583 5214 ποιῇ

2161 5228 2474 5312 διάστσὶσιν·
2512 5253 2588 5314 ὼς
2617 5228 2685 5307 sv
2715 5228 2884 5323 μὴ’διν
2922 5249 3105 5317 ὀλίγου
3131 5249 3176 5280 το
3204 5243 3284 5315 τῷ
3323 5241 3489 5312 πέριξ
3519 5238 3636 5307 ἀέρι
3659 5228 3721 5282 τδ

2411 5483 2729 5555 ϐἁλήεταιηόέ
2766 5483 2958 5552 τούτου
2997 5497 3058 5549 τὸ
3105 5496 3278 5565 ἥμισυ
3314 5483 3452 5543 ΒῬ.
3519 5487 3565 5565 ξ’

2468 5544 2956 5641 ἶῗξεξλὶκῖἕαλῖςὶὲέἷ
2980 5544 3194 5641 Codd:
3229 5544 3275 5591 ⁵⁵
3294 5544 3710 5641 renuntiat-2&3

488 5612 828 5719 Νξξό
1041 5612 1523 5719 μαυί).
1599 5649 1644 5680 ’⁸
1668 5612 2086 5719 ¹ξξέρυῦσῖιτϋέλοεῖόίές
2347 5612 2411 5672 .²⁷
2441 5641 2499 5694 τδ
3294 5629 3338 5661 ³⁸
3363 5612 3458 5680 ἃττ’
3492 5612 3710 5691 ἐγκεςά’

489 5711 582 5764 λου
610 5713 674 5767 B.
749 5715 793 5746 "
835 5711 954 5781 μήδ’
979 5712 1160 5779 ὀλίγου
1186 5718 1254 5769 Δ.
