4040 6150
452 296 592 350 1169

1690 280 1781 335 DE
1819 276 2104 334 NATURA
2146 272 2459 330 HOMINIS.

3545 254 3685 312 H70

449 405 671 467 ὼοειδὲς
704 405 872 474 ὑγρὸν
896 403 1059 474 ὁμιλῇ
1104 404 1147 436 ³⁸
1167 419 1182 435 ’
1214 400 1476 472 δευτέραν
1507 400 1587 466 δὲ,
1631 400 1719 455 ἵνα
1748 399 2024 463 ἐξακοντι-

2129 393 2298 448 ovalis
2359 391 2558 445 humor
2610 400 2720 439 non
2763 383 3022 453 paulatim
3077 376 3141 433 a'c
3189 392 3283 445 per
3328 384 3509 444 partes
3564 388 3686 429 cum

451 495 681 566 ζομένου
712 496 755 527 ³⁸
784 496 848 547 ὲκ
868 495 968 563 τῆς
1009 494 1177 563 κόρης
1219 508 1576 560 γινωσκωμεν
1622 477 1896 561 μακρόθεν
1926 488 2022 546 τὰς

449 586 558 638 τῶν
590 583 868 654 αἰσθητῶν
922 585 1193 654 σωμάτων
1245 584 1388 647 ἰδέας
1413 600 1472 637 τε
1523 587 1620 636 καὶ
1672 580 1891 650 χρείαςο
1927 578 2022 631 καὶ

446 676 535 727 ινα
567 676 595 727 ό
620 674 899 744 ὀφθαλμὸς
951 672 1136 744 ἀλλοιῇ
1186 672 1381 738 ταῦτα,
1411 672 1506 727 καὶ
1548 668 2021 740 διαπορθμεὺηται

448 762 601 832 παρὰ
628 763 691 815 τὸ
721 761 1170 832 κρυσταλλοειδδς
1204 763 1248 794 ³⁸
1279 763 1318 831 ἠ
1349 761 1553 816 τούτων
1601 761 1762 830 χροιά
1781 776 1794 790 ·
1843 759 1939 811 καὶ
1978 758 2022 789 ³³

448 853 726 921 ὲπικρίνει
752 852 811 905 δὲ
839 852 1015 906 ταῦτα
1045 852 1118 914 ὡς
1167 852 1419 919 βασιλεὺς
1444 854 1473 905 ό
1511 852 1833 918 ἐγκέφαλος.
1876 849 2021 918 Πλὴν

449 941 734 997 καὶτοῦτο
786 941 869 995 δεῖ
909 940 1132 1005 εἰδέναι,
1178 941 1260 994 ὅτι
1304 942 1355 994 οἰ
1406 942 1609 1011 μικρὰν
1661 941 1874 1009 ἔχοντες
1922 938 2022 1009 τὴν

450 1032 620 1100 κόρην
660 1033 759 1085 τοῦ
802 1029 1089 1099 ὀφθαλμοῦ
1144 1034 1210 1084 ὲκ
1257 1033 1503 1101 γενετῆς,
1553 1025 1697 1085 οὗτοι
1725 1029 1772 1061 ³⁸
1819 1029 2022 1098 μᾶλλον

451 1123 814 1190 τυγχάνουσιν
835 1121 1239 1190 ὀξυωπέστεροι
1258 1122 1363 1175 τῶν
1382 1122 1481 1184 τὰς
1505 1120 1748 1189 μεγάλας
1767 1120 2018 1189 ἐχόντων’

450 1209 640 1278 ἐπειδὴ
661 1211 723 1263 τὸ
749 1208 968 1278 πνεῦμα
989 1208 1052 1261 τὸ
1079 1209 1301 1262 ὀπτικδν
1321 1209 1380 1271 ἐξ
1403 1207 1571 1275 αὑτῆς
1606 1206 1744 1275 μετὰ
1772 1206 1949 1275 ῥύμης
1977 1207 2020 1238 ³⁵

450 1299 967 1368 ἐξακοντιζόμενον,
1037 1300 1134 1352 καί
1210 1298 1459 1368 μηδαμοῦ
1528 1297 1829 1367 χεόμενον,
1887 1296 2022 1359 ὅπερ

453 1390 745 1458 συμϐαίνει
774 1391 870 1443 ἐπὶ
905 1391 1005 1458 τῆς
1057 1390 1301 1459 μεγάλης
1356 1391 1548 1457 κόρης,
1598 1387 1846 1457 ἀκριϐῶς
1874 1387 2022 1439 ἀντιο

450 1478 791 1548 λαμϐάνεται
820 1478 931 1530 τῶν
949 1477 1243 1547 αἰσθητῶν,
1263 1478 1357 1530 καί
1382 1475 1487 1528 τῶν
1512 1478 1700 1545 πόρρω
1729 1475 2019 1544 κειμένων.

2121 483 2395 539 ambiente
2425 494 2550 535 aere
2602 476 2854 536 uniatur‘,
2893 481 3058 541 atque
3098 467 3426 529 conveniat,
3462 465 3689 519 alterum

2121 586 2285 637 vero,
2334 586 2445 640 quo
2492 582 2618 623 cum
2669 561 2899 619 visibilis
2947 561 3173 630 spiritus
3218 566 3370 611 extra
3415 570 3444 611 e
3490 554 3692 624 pupilla

2121 661 2456 731 ejacnlatur,
2496 655 2793 712 visibilium
2844 665 3026 705 rerum
3079 646 3414 702 substantias
3462 642 3696 699 colores-

2120 768 2231 821 que
2259 752 2473 807 eminus
2497 748 2660 802 etiam
2703 740 3160 812 deprehenderet;
3216 744 3476 806 praeterea
3506 733 3691 797 etiam,

2126 845 2203 896 uti
2254 841 2448 897 oculus
2500 841 2616 907 ipse
2678 850 2740 890 ea
2802 833 2870 887 ad
2924 828 3301 897 crystallinum
3356 824 3450 880 ubi
3505 823 3691 878 talium

2126 948 2257 987 usus
2290 940 2379 987 est
2415 930 2640 984 alterata
2671 924 2894 987 reddat,
2938 930 3101 990 atque
3145 917 3385 988 trajiciat
3446 935 3462 973 :
3500 930 3689 971 verum

2124 1038 2188 1077 ea
2241 1022 2527 1077 cerebrum
2575 1016 2718 1087 regis
2763 1013 2883 1068 vice
2919 1010 3199 1066 discernit.
3246 1007 3472 1071 Tamen,
3500 1014 3557 1060 et
3590 1006 3696 1059 hoc

2123 1114 2267 1168 scire
2290 1127 2430 1180 opus
2453 1118 2574 1172 est;
2606 1106 2700 1176 qui
2735 1103 2987 1173 exiguam
3017 1116 3047 1155 a
3075 1100 3253 1170 primo
3279 1108 3402 1180 ortu
3436 1096 3693 1167 pupillam

2125 1178 2448 1262 sortiuntur,
2481 1198 2536 1251 hi
2574 1195 2816 1249 acutiore
2846 1193 2988 1257 visu,
3025 1207 3190 1261 quam
3236 1178 3328 1259 qui
3378 1189 3696 1260 grandiores

2125 1293 2322 1347 habent
2392 1288 2602 1360 praediti
2670 1295 2836 1349 sunt;
2914 1282 3173 1364 quoniam
3207 1321 3223 1346 ,
3278 1296 3403 1335 cum
3464 1279 3696 1335 visibilis

2126 1381 2349 1449 spiritus
2374 1394 2471 1447 per
2488 1376 2726 1448 regulam
2766 1383 2924 1428 extra
2953 1371 3256 1440 ejaculetnr
3274 1410 3289 1436 ,
3331 1383 3432 1423 nec
3463 1367 3693 1436 sparsim

2124 1470 2288 1541 (quod
2312 1468 2504 1538 majori
2532 1467 2749 1537 pupillae
2771 1464 2990 1519 evenire
3012 1463 3170 1527 solet)
3196 1460 3325 1514 hinc
3351 1459 3476 1512 inde
3504 1456 3694 1519 fertur,

2124 1567 2338 1615 seusata
2370 1559 2488 1628 ipsa
2522 1556 2776 1626 longiore
2804 1556 2932 1608 item
2961 1551 3219 1607 distantia
3245 1549 3418 1619 posita
3479 1562 3698 1603 accura-

2125 1653 2234 1708 tius
2285 1651 2715 1719 comprehendit.

525 1739 756 1808 ἰδωμεν
786 1738 843 1792 δὲ
879 1737 999 1801 πῶς
1030 1737 1241 1805 γίνεται
1271 1737 1331 1791 τὺ
1362 1736 1531 1807 μέλαν
1580 1737 1798 1807 χρῶμα,
1834 1738 1927 1790 καί
1961 1737 2020 1790 τδ

2189 1741 2451 1796 Ρι-αιιενεα
2514 1755 2753 1810 quonam
2815 1747 2977 1808 pacto
3042 1737 3196 1806 niger
3272 1736 3569 1805 albusque,
3634 1749 3698 1789 ac

452 1828 688 1896 γλαυκὸν
719 1829 789 1892 ³⁸,
819 1828 913 1882 καὶ
938 1828 1007 1881 τὰ
1037 1828 1199 1881 λοιπὰ
1232 1829 1429 1881 πάντα.
1463 1829 1537 1881 Τὸ
1575 1828 1754 1881 τοίνυν
1786 1827 2023 1896 γλαυκὸν

452 1920 653 1991 χρῶμα
676 1918 889 1987 γίνεται
920 1918 1063 1972 κατὰ
1089 1919 1186 1989 μὲν
1212 1920 1366 1985 γένος
1395 1918 1486 1970 διὰ
1514 1918 1608 1972 δύο
1627 1918 1814 1971 αἰτίων
1836 1956 1852 1983 ,
1883 1917 2025 1971 κατὰ

451 2011 509 2064 δὲ
537 2005 679 2071 είδος
706 2008 795 2062 διὰ
837 2008 1126 2077 τέσσαρας.
1173 2009 1334 2061 Κατὰ
1378 2009 1534 2075 γένος
1567 2009 1665 2078 μὲν
1698 2008 1809 2069 οὖν,
1840 2008 1928 2061 διὰ
1963 2008 2024 2061 τὸ

456 2098 929 2170 κρυσταλλοειδὲς,
963 2099 1059 2150 καί.
1092 2098 1154 2151 τὸ
1187 2099 1404 2160 ὠοειδὲς
1462 2098 1627 2167 ὑγρόν
1655 2112 1668 2126 ⁶
1722 2099 1843 2151 κατ’
1886 2096 2026 2162 εἶδος

454 2191 533 2253 δὲ,
567 2192 711 2243 κατὰ
740 2189 838 2259 μὲν
870 2188 967 2259 τὴν
1000 2190 1158 2258 ὡώδη
1193 2190 1235 2221 ³⁷
1269 2190 1544 2259 ὑγρότητα
1575 2190 1824 2259 μοναχῶς
1844 2206 1855 2220 '
1888 2190 2027 2244 κατὰ

453 2281 511 2334 δὲ
548 2281 609 2333 τὸ
639 2280 1091 2350 κρυσταλλοειδὲς
1119 2281 1320 2351 τριχῶς
1339 2297 1351 2310 ·
1378 2281 1438 2333 τὸ
1472 2280 1582 2351 γὰρ
1609 2280 1793 2344 ὠῶδες
1827 2281 1860 2350 ἢ
1891 2281 2026 2334 πολὺ

456 2370 626 2434 ἐστιν,
668 2369 702 2438 ἢ
730 2370 940 2437 ὀλίγον·
987 2372 1081 2427 καὶ
1111 2371 1143 2440 ἢ
1177 2370 1440 2440 καθαρὸν,
1475 2371 1902 2440 ἢτεθολωμένον
1929 2388 1941 2402 °
1978 2373 2027 2425 εἰ

460 2458 561 2528 μὲν
587 2454 678 2511 οὖν
712 2458 847 2511 πολὺ
894 2462 1007 2511 ἐστι
1048 2458 1110 2511 τὸ
1141 2457 1319 2520 ὠῶδες
1351 2459 1537 2527 ὑγρὸν,
1572 2461 1714 2512 ποιεῖ
1735 2458 1827 2513 τὸν
1859 2461 2029 2526 γλαυ·-

457 2549 553 2602 κὺν
612 2548 909 2618 ὀφθαλμὸν,
956 2550 1052 2602 καί.
1097 2549 1256 2619 ὀλίγη
1316 2550 1523 2616 γίνεται
1579 2553 1614 2621 ἡ
1670 2552 1800 2620 παρ’
1861 2552 2027 2607 αὑτοῦ

460 2639 750 2710 ἔκλαμψις,
783 2640 919 2699 διότι
967 2640 1258 2710 βαθύνεται
1287 2642 1347 2692 τὸ
1378 2642 1824 2710 κρυσταλλοειδὲς
1865 2644 2028 2713 ὑγρὸν

461 2729 554 2783 καὶ
579 2732 612 2801 ἡ
644 2732 801 2801 κόρη.
836 2731 1008 2785 Τοῦτο
1035 2732 1091 2784 δὲ
1132 2734 1227 2786 καὶ
1262 2734 1355 2786 ὲπί
1385 2734 1581 2805 λίμνης
1612 2736 1819 2790 ὑδάτων
1848 2737 1961 2808 ίδῃς
1984 2739 2028 2769 as

460 2822 783 2892 γινόμενον’
834 2822 902 2875 τὰ
929 2823 1038 2892 γάρ
1069 2823 1127 2876 ὲν
1176 2823 1329 2891 βάθει
1379 2824 1550 2892 αὑτῆς
1570 2827 1701 2896 όρᾷν
1750 2828 1809 2879 οὑ
1872 2828 2031 2880 δυνά-

461 2910 602 2980 μεθα
628 2927 642 2942 ·
672 2913 733 2964 οὑ
775 2913 884 2983 μὴν
908 2914 1016 2966 οὐδ’
1079 2915 1128 2967 εἰ
1171 2913 1538 2984 τεθολωμένον
1586 2917 1697 2985 εἴη,
1728 2918 2029 2988 ἐπιτήδειόν

457 3000 575 3054 ἐστι
597 3000 855 3065 δέξασθαι
890 3002 1096 3074 χρῶμα
1128 3003 1188 3056 τὸ
1224 3005 1451 3057 οἰονωίν.
1493 3005 1664 3057 Τοῦτο
1691 3008 1802 3076 γὰρ
1827 3009 1922 3061 καί.
1961 3009 2029 3061 τὰ

458 3090 657 3160 θολερὰ
693 3092 803 3145 τῶν
836 3093 1044 3147 ὑδάτων
1077 3094 1290 3148 ποιοῦσι
1321 3096 1414 3148 καί
1457 3095 1654 3165 ἰλυώδη
1690 3099 1758 3159 ³9,
1794 3098 1868 3167 μὴ
1898 3115 2028 3166 συγ-

458 3182 743 3253 χωροῦντα
772 3184 870 3246 τὰς
904 3187 1131 3245 ἀκτῖνας
1161 3184 1255 3237 τοῦ
1296 3186 1471 3255 φωτὸς
1505 3187 1570 3238 δι’
1616 3188 1792 3240 αὑτῶν
1824 3188 2029 3259 διέρχε-

459 3272 581 3325 σθαι
629 3273 885 3344 καθαρῶς
923 3290 936 3303 ·
1010 3274 1148 3327 ὥστε
1199 3276 1321 3328 ὅσον
1381 3277 1474 3328 ἐπὶ
1530 3277 1590 3329 τὸ
1649 3277 1863 3340 ὠοειδὲς
2000 3283 2029 3333 ὀ

455 3362 758 3435 ὀφθαλμὸς,
786 3364 1046 3418 τοσοῦτον
1091 3366 1183 3417 καὶ
1226 3366 1464 3433 γλαυκός
1494 3367 1642 3418 ἐστι·
1677 3367 1760 3420 δεῖ
1806 3364 1897 3421 οὖν
1936 3372 2027 3422 καί

456 3452 765 3522 ὀλιγότητος
807 3454 983 3524 τούτῳ
1030 3455 1075 3489 ⁸⁸
1118 3455 1213 3508 καὶ
1265 3456 1659 3525 καθαρότητος.
1714 3458 1815 3511 Διὰ
1858 3459 1915 3511 δὲ
1969 3460 2028 3511 τὸ

458 3543 902 3611 κρυσταλλοειδὲς
936 3546 1146 3611 γίνεται
1175 3547 1413 3610 γλαυκὸς
1441 3548 1468 3598 ό
1490 3547 1786 3616 ὀφθαλμὸς,
1818 3550 1900 3602 ὃτι
1924 3550 2028 3617 φύ-

460 3649 542 3685 σει
576 3632 830 3702 λαμπρόν
861 3634 999 3697 ἐστι,
1035 3638 1129 3687 καὶ
1160 3636 1509 3704 καταλάμπει
1544 3637 1664 3690 ὅλον
1708 3639 1799 3691 τὸν
1828 3638 2029 3706 ὀφθαλ-

462 3722 561 3791 μόν
581 3737 593 3750 ·
616 3723 654 3792 ,ἣ
678 3723 931 3793 λαμπρὸν
961 3723 1062 3792 μὲν
1091 3724 1191 3777 οὐκ
1221 3724 1368 3777 ἔστιν
1387 3724 1558 3777 ἐνίοτε
1586 3726 1646 3777 τὸ
1670 3727 1854 3795 ὑγρὸν,
1886 3729 2029 3797 μέγα

459 3812 548 3865 δέ·
600 3814 696 3865 καὶ
737 3814 827 3866 διὰ
857 3813 918 3865 τὸ
963 3815 1194 3884 μέγεθος
1231 3814 1327 3885 τὴν
1372 3816 1541 3885 αὑτὴν
1592 3817 1749 3869 πάλιν
1798 3821 2028 3872 ποιεῖται

460 3902 753 3972 ἔκλαμψιν,
784 3903 877 3956 καί
911 3903 1147 3972 γλαυκὸς
1180 3904 1392 3971 γίνεται
1415 3908 1442 3958 ὁ
1470 3906 1769 3976 ὀφθαλμός.
1804 3909 1874 3959 Ἢ
1903 3908 2027 3960 οὔτε

463 3994 608 4061 μέγα
653 3993 769 4048 ἐστί
810 3996 872 4047 τὸ
929 3996 1117 4066 ὑγρὸν,
1170 3994 1293 4048 οὔτε
1348 3995 1582 4067 μικρόν·
1640 3996 1912 4066 ἐνδέχεται
1972 3999 2029 4052 δὲ

460 4085 711 4155 προπετῆ
741 4086 837 4156 τὴν
871 4086 1022 4140 θέσιν
1060 4082 1198 4140 εἶναι
1244 4085 1353 4139 τῶν
1391 4087 1686 4157 ὀφθαλμῶν
1722 4089 1789 4153 ’⁵¹,
1820 4089 1913 4142 καὶ
1943 4088 2029 4144 διὰ

457 4175 615 4227 τοῦτο
655 4176 968 4229 δείκνυσθαι
1005 4178 1095 4229 τὸν
1136 4177 1415 4246 ὀφθαλμὸν
1466 4177 1703 4245 γλαυκὸν
1755 4180 1849 4230 καὶ
1899 4196 2029 4247 προ-

460 4266 621 4335 πετῆ.
654 4265 716 4318 Εἰ
752 4268 851 4337 μὲν
893 4263 986 4320 οὖν
1016 4268 1233 4321 ἅπαντα
1280 4268 1456 4324 ταῦτα
1503 4270 1652 4339 παρῆ
1686 4269 1755 4329 ι’,
1797 4270 2028 4337 γλαυκὸς

2124 1845 2313 1886 omnes
2350 1831 2439 1884 alii
2475 1830 2684 1885 colores
2706 1829 2850 1884 oculi
2881 1828 3033 1890 tiant,
3080 1826 3431 1881 considerare
3460 1834 3693 1894 oportet.

2124 1923 2293 1976 Albus
2354 1922 2536 1990 itaque
2583 1918 2727 1975 oculi
2801 1918 2975 1980 color,
3032 1932 3229 1988 genere
3294 1916 3510 1985 quidem
3564 1915 3699 1969 dna-

2124 2014 2227 2068 hus
2277 2013 2345 2067 de
2394 2010 2595 2075 causis,
2638 2010 2819 2079 specie
2871 2023 3001 2064 vero
3039 2016 3275 2077 quatuor
3316 2007 3394 2060 tit.
3433 2004 3569 2059 Nam
3608 2020 3698 2074 ge—

2128 2116 2256 2156 nere
2303 2101 2651 2172 crystallinus
2692 2098 2973 2167 ovalisque
3022 2098 3172 2152 color
3212 2111 3378 2151 causa
3405 2104 3528 2160 est;
3576 2110 3697 2164 qua:

2127 2201 2309 2245 autem
2338 2190 2407 2244 ad
2423 2191 2661 2259 speciem
2674 2190 2928 2255 attinent,
2943 2202 3050 2241 una
3070 2188 3334 2242 duntaxat
3349 2200 3514 2241 causa
3524 2185 3697 2240 ovalis

2128 2283 2345 2348 humor,
2369 2280 2713 2350 crystallinus
2738 2294 2866 2333 vero
2891 2279 3080 2347 triplex
3107 2285 3209 2333 est.
3238 2275 3304 2331 Et
3325 2276 3564 2345 quidem,
3589 2290 3699 2345 qua

2129 2374 2196 2427 ad
2229 2374 2440 2427 ovalem
2462 2372 2745 2447 humorem
2760 2370 2970 2435 attinet,
2995 2370 3040 2425 si
3065 2370 3180 2439 ipse
3196 2368 3468 2438 plurimus
3478 2368 3562 2422 vel
3577 2368 3696 2422 exi-

2129 2481 2290 2535 guus,
2323 2466 2437 2519 sive
2471 2479 2642 2533 purus
2671 2463 2755 2517 vel
2789 2463 3042 2518 turbidus
3075 2462 3257 2516 fuerit.
3273 2459 3331 2515 Si
3350 2460 3698 2530 igiturovalis

2131 2555 2330 2607 humor
2372 2552 2641 2621 plurimus
2682 2551 2865 2615 fuerit,
2899 2550 3119 2606 mium
3150 2550 3369 2605 oculum
3404 2550 3571 2605 efficit
3603 2550 3696 2619 qui

2127 2643 2235 2713 63
2271 2643 2486 2698 modico
2523 2641 2811 2697 admodum
2843 2641 3130 2712 splendore
3154 2640 3435 2709 praefulget
3452 2655 3518 2695 eo
3553 2640 3697 2710 quod

2132 2736 2331 2787 humor
2355 2733 2722 2801 crystallinus,
2742 2733 3053 2803 pupillaque
3080 2734 3194 2801 ipsa
3216 2748 3314 2787 ceu
3344 2734 3398 2786 in
3431 2732 3700 2801 profundo

2131 2823 2303 2890 posita
2323 2832 2655 2888 cernuntur;
2683 2824 2840 2893 cujus
2866 2824 2943 2878 rei
2965 2824 3274 2892 exemplum
3306 2824 3360 2876 in
3378 2836 3699 2890 quocunque

2131 2922 2322 2983 stagno
2369 2913 2526 2969 facile
2575 2916 2808 2983 patebit;
2833 2929 2980 2978 nam,
3011 2929 3133 2983 quae
3178 2915 3233 2968 in
3261 2913 3380 2982 ejus
3409 2916 3519 2968 imo
3548 2922 3697 2977 sunt,

2132 3004 2446 3072 neutiquam
2490 3020 2522 3059 a
2557 3006 2713 3060 nobis
2760 3006 2908 3059 cerni
2965 3012 3194 3074 queunt.
3243 3003 3383 3058 Tum
3436 3004 3484 3057 si
3540 3004 3705 3057 illum

2135 3089 2413 3144 turbidum
2467 3106 2588 3146 esse
2616 3091 2929 3161 contigerit,
2961 3091 3162 3147 coloris
3199 3092 3433 3161 speciem
3462 3092 3703 3160 aliquam

2133 3181 2411 3249 suscipere
2468 3182 2618 3235 nullo
2673 3190 2832 3250 pacto
2893 3190 3089 3251 potest.
3150 3180 3306 3247 Quod
3362 3182 3415 3235 in
3473 3181 3705 3235 turbidis

2132 3269 2525 3339 lutulentisque
2585 3271 2743 3339 aquis
2782 3273 3003 3326 evenire
3058 3272 3332 3327 cernimus
3375 3288 3389 3325 :
3424 3272 3509 3325 hae
3554 3271 3707 3326 enim,

2134 3360 2256 3429 puri
2317 3362 2539 3416 luminis
2572 3362 2739 3417 radiis
2772 3363 3212 3431 impenetrabiles
3267 3365 3421 3416 fiunt.
3473 3361 3696 3430 Itaque,

2136 3452 2382 3507 caesietas
2417 3452 2583 3516 oculi,
2627 3469 2734 3522 qua
2779 3453 2847 3505 ad
2878 3455 3088 3508 ovalem
3146 3454 3431 3507 humorem
3465 3453 3713 3518 attinet,

2135 3553 2245 3596 tum
2272 3543 2599 3612 paucitatem
2631 3545 2911 3610 humoris,
2942 3555 3054 3600 tum
3082 3546 3448 3600 sinceritatem
3485 3545 3707 3601 deside--

2135 3642 2235 3687 rat.
2280 3632 2385 3688 Sed
2425 3642 2479 3687 et
2531 3649 2560 3687 a
2612 3635 2931 3704 crystallina
2968 3636 3206 3690 humore
3249 3633 3461 3688 caesius.
3506 3634 3713 3687 oculus.

2133 3724 2226 3786 tit,
2283 3725 2375 3792 qui
2415 3723 2597 3778 clarus
2635 3734 2832 3779 natura
2871 3725 3272 3794 splendensque
3300 3735 3401 3790 est,
3439 3738 3504 3778 ae
3525 3731 3709 3778 totum

2133 3818 2410 3875 illustrans
2434 3821 2676 3875 oculum.
2711 3820 2769 3873 Si
2804 3820 2981 3887 ipsum
3014 3816 3384 3886 crystallinum
3412 3817 3694 3871 humorem

2134 3926 2241 3964 non
2281 3911 2645 3981 splendidum,
2692 3919 2747 3964 et
2782 3911 3010 3963 multum
3066 3922 3188 3964 esse
3239 3908 3564 3978 quandoque
3602 3922 3698 3961 ac-

2133 4000 2344 4068 ciderit,
2392 4018 2460 4056 ex
2509 4002 2609 4056 hac
2661 4000 2908 4055 humoris
2963 3999 3140 4068 copia,
3198 3999 3458 4053 eumdem
3521 4004 3696 4052 totum

2135 4091 2387 4161 splendor
2426 4092 2617 4155 efficit,
2655 4101 2709 4146 et
2756 4090 2902 4145 caesii
2954 4090 3097 4144 oculi
3144 4090 3462 4144 constitutio
3510 4090 3586 4141 fit.
3634 4086 3698 4139 Et

2135 4182 2181 4236 si
2224 4182 2340 4250 ipse
2379 4182 2577 4235 humor
2615 4196 2713 4235 nec
2743 4177 3135 4248 magnitudine,
3165 4194 3264 4231 nec
3289 4178 3556 4245 paucitate
3583 4190 3686 4227 mo~

2136 4271 2264 4324 dum
2301 4271 2548 4337 excedit;
2589 4282 2641 4325 et
2691 4269 2835 4325 oculi
2887 4268 3053 4322 situm
3104 4267 3357 4320 decenter
3386 4264 3699 4334 prominen-

461 4357 670 4423 γίνεται
708 4359 736 4409 ὀ
779 4357 1088 4428 ὀφθαλμόςο
1122 4360 1171 4411 εἰ
1211 4360 1268 4412 δὲ
1309 4361 1527 4414 ἐναντία
1561 4361 1789 4426 τούτων,
1818 4362 2025 4428 γίνεται

2138 4372 2243 4416 tem
2287 4376 2406 4414 esse
2456 4358 2756 4431 contingit;
2807 4369 2969 4427 atque
3020 4358 3120 4409 hac
3160 4355 3225 4409 de
3276 4370 3442 4409 causa
3501 4354 3697 4408 caesius

465 4448 654 4517 μέλας.
684 4447 747 4500 Εἰ
773 4448 831 4501 δέ
857 4466 977 4502 τινα
1005 4449 1104 4519 μὲν
1142 4453 1290 4523 παρῆ
1320 4451 1387 4515 ⁸⁸,
1417 4453 1541 4504 τινὰ
1572 4452 1629 4505 δὲ
1662 4453 1755 4522 μὴ.
1784 4455 1838 4506 αἱ
1865 4454 2026 4523 μέσαι

461 4538 666 4591 τούτων
696 4540 871 4591 πᾶσαι
899 4540 1138 4607 γίνονται
1165 4541 1422 4613 διαφοραὶ
1450 4543 1558 4594 τῶν
1578 4543 1894 4612 ὀφθαλμῶν.
1924 4546 2027 4597 Πο-

462 4627 835 4695 λυφωτότατος
867 4628 925 4680 δέ
959 4630 1073 4682 ἐστι
1105 4630 1200 4682 τοῦ
1229 4631 1457 4700 μέλανος
1487 4631 1768 4702 ὀφθαλμοῦ
1797 4636 1824 4685 ὁ
1860 4634 2029 4700 γλαυ-

462 4715 557 4778 κὸς
577 4757 592 4781 ,
625 4717 708 4767 ὅτι
730 4717 787 4768 αἱ
822 4715 1146 4787 λεπτότεραι
1168 4720 1260 4771 καὶ
1282 4718 1601 4788 λευκότεραι
1632 4721 1725 4773 καί⁸
1743 4721 2026 4774 διειδέστε-

465 4823 556 4874 ραι
586 4805 695 4858 τῶν
721 4806 941 4869 οὑσιῶν,
984 4809 1202 4877 πρῶται
1232 4810 1327 4877 τῆς
1358 4810 1681 4878 εἰσρεοὺσης
1710 4811 1903 4881 αἴγλης
1932 4812 2025 4865 τοῦ

462 4892 612 4962 ἡλίου
648 4892 1138 4963 ἀποπληροὺμεναι
1179 4894 1241 4946 τὸ
1284 4896 1426 4947 κατὰ
1459 4898 1566 4949 πᾶν
1612 4899 1820 4952 ἑαυτῶν
1850 4901 2023 4970 ὑπερ-

463 4982 721 5052 εχόμενον
773 4982 910 5050 φῶς,
941 4985 1037 5036 καὶ
1087 4986 1167 5045 εἰς
1218 4987 1316 5047 τὰς
1349 4986 1464 5055 μετ’
1511 4988 1679 5050 αὑτὰς
1710 4989 1950 5057 ὴλιωδῶς
1982 4992 2027 5022 ’⁵⁸

463 5074 650 5137 οὐσίας
673 5074 1085 5141 ὲποχετεὺουσιν
1122 5073 1188 5127 ⁸⁵.

2135 4450 2580 4518 prominulusque
2610 4450 2851 4503 cernitur
2884 4467 2899 4502 :
2929 4449 2973 4502 si
3006 4456 3183 4501 autem
3212 4454 3406 4501 cuncta
3436 4444 3548 4497 haec
3577 4456 3698 4511 quae

2132 4540 2371 4595 diximus
2401 4542 2650 4602 aderunt,
2699 4540 2895 4593 caesius
2947 4539 3138 4593 oculus
3173 4545 3526 4606 procreatur;
3572 4549 3696 4588 cum

2134 4644 2262 4684 vero
2313 4630 2396 4684 his
2439 4629 2653 4684 diversa
2699 4629 2975 4693 eveniunt,
3020 4629 3171 4699 niger
3201 4626 3454 4682 efﬁcitur.
3491 4626 3546 4679 Si
3593 4639 3695 4677 aue

2134 4729 2240 4774 tem
2298 4736 2363 4774 ex
2417 4720 2500 4773 his
2547 4721 2793 4788 quaedam
2857 4720 3063 4780 adesse.
3108 4718 3353 4788 quaedam
3406 4729 3534 4769 vero
3587 4729 3696 4767 non

2135 4810 2325 4865 adesse
2352 4811 2655 4877 contigerit,
2694 4813 2884 4864 horum
2927 4824 3118 4863 omnes
3161 4807 3477 4862 diﬂ'erentia':
3506 4804 3695 4859 oculo-

2136 4917 2255 4954 rum
2295 4900 2624 4955 efficiuntur.
2663 4899 2817 4965 Quod
2862 4899 3053 4953 επλεὶιιε
3097 4899 3290 4952 oculus
3334 4897 3584 4951 uberiore
3614 4893 3696 4946 lu-

2136 4991 2279 5044 mine
2306 5005 2469 5059 quam
2501 4989 2650 5057 niger
2683 4974 2937 5058 praeditus
2964 4990 3053 5053 sit,
3100 4988 3201 5040 hoc
3243 5001 3421 5039 causa:
3444 4984 3693 5043 habetur,

2135 5081 2263 5149 quia
2305 5081 2493 5150 prima:
2543 5082 2860 5134 substantiae
2888 5095 3006 5147 quae
3055 5079 3225 5147 magis
3259 5077 3444 5145 exiles,
3481 5091 3544 5129 ac
3580 5073 3684 5126 ful-

464 5166 735 5235 gentiores
781 5167 1172 5233 nitidioresque
1213 5177 1341 5222 sunt
1371 5209 1384 5232 ,
1444 5171 1637 5225 solaris
1695 5173 1915 5226 luminis
1978 5173 2183 5227 inﬂuxu
2240 5174 2477 5241 repletae,
2521 5174 2701 5225 lumen
2772 5172 2948 5240 ipsum
2974 5185 3085 5239 quo
3114 5169 3507 5239 ipsae-undique
3527 5167 3696 5236 plent?

464 5261 589 5308 sunt
639 5256 848 5312 caneris
924 5257 1247 5313 substantiis
1308 5260 1373 5313 ad
1424 5262 1555 5314 solis
1616 5262 2028 5317 similitudinem
2068 5265 2476 5334 impertiuntur.

534 5428 785 5515 ’δτόμιλεζ
831 5430 914 5515 Β.Δ
974 5429 1524 5515 ἰιξξακοντιςόμενρν
1732 5502 1743 5515 ἱ
1785 5434 1828 5464 ³³
1863 5437 2272 5515 κρυσταλοειδὲς
2315 5436 2480 5515 ῼοιίέι.
2549 5436 2597 5515 ,³³
2629 5437 2729 5515 καὶ.
2781 5450 2889 5515 om.
2945 5433 3005 5515 ἰξ-
3036 5433 3271 5515 {Rumon
3329 5433 3692 5515 ἐπικρίνῃητξ.

467 5498 510 5529 ³⁸
543 5498 691 5549 οὑτοι
728 5499 836 5568 γὰρ
884 5500 950 5553 Α.
1025 5499 1573 5617 ³⁸,μεταὲρύθμοῦσιν
1603 5501 1748 5569 (sic)
1782 5498 1926 5554 ποιεῖ
1969 5504 2029 5558 Ρ.
2108 5506 2153 5537 ³⁸
2187 5506 2375 5558 λευκόν
2411 5504 2469 5569 Ρ,
2512 5512 2565 5558 ct
2611 5507 2690 5559 sic
2718 5504 2882 5559 infra.
2963 5503 3005 5533 ³⁷
3035 5501 3175 5571 ὠόδη
3200 5502 3257 5554 Β.
3336 5501 3380 5534 ³⁸
3408 5498 3534 5564 ἴδοις
3556 5498 3605 5554 ’Β
3637 5503 3695 5555 C.

467 5569 510 5598 ³⁹
545 5565 775 5617 ίυλυώδη
806 5569 873 5617 Δ.
948 5566 994 5598 ⁸ο
1022 5584 1212 5617 τουτου
1307 5567 1366 5617 Ρ.
1443 5570 1486 5601 ’δί
1518 5568 1661 5617 Evam
1686 5570 1773 5617 τὸν
1805 5570 2077 5617 όωθαλιιὸν
2099 5575 2140 5617 R
2170 5574 2221 5617 P,
2304 5578 2345 5607 η
2369 5591 2548 5617 «tamn
2582 5577 2636 5617 Δ.
2674 5572 2873 5617 naiasin
2907 5572 2947 5617 Ω
2969 5571 3026 5617 1)-
3106 5571 3150 5603 ⁸³
3173 5584 3351 5617 quam
3396 5573 3458 5617 Λ-
3498 5570 3695 5617 παρείη

466 5569 510 5647 ff
536 5565 777 5647 ἰυλυιίιδη
806 5565 897 5647 Ἀ..
948 5565 1212 5647 ξοιτοὺτου

464 5634 505 5686 C
536 5634 594 5689 P.
669 5634 715 5668 “
735 5634 813 5693 sic
857 5636 1025 5693 Codd.
1048 5636 1338 5706 ήλιοειδοῦς
1367 5637 1427 5692 Ρ.

1307 5567 1393 5638 Ρ.ς
1443 5570 1486 5601 ’δι
1518 5567 1661 5638 ἔχειν
1686 5567 1773 5622 τὸν
1805 5570 2077 5638 ὀφθαλμὸν
2099 5575 2140 5625 Β
2167 5574 2225 5627 Ρ.

1502 5639 1546 5670 ⁸⁸
1576 5640 2012 5709 μετοχετεύουσιν
2036 5641 2098 5697 Β.

2304 5578 2345 5607 θ’
2369 5591 2549 5645 παρεῃ
2577 5577 2639 5640 A,
2674 5572 2874 5645 παρείη
2907 5571 3026 5628 CP.
3106 5570 3354 5642 “nuper;
3394 5573 3460 5638 A,
3498 5570 3697 5641 παρείη
