4006 6158
449 267 501 344 ,1
517 264 619 322 I75
1783 255 2067 314 MELETII
2106 254 2441 333 NONACIII}
3604 258 3758 316 H76

473 375 874 444 sudoribusque
927 369 1307 441 ingruentibus
1365 380 1725 442 protegerent.
1762 371 1817 426 ln
1846 372 1931 426 his
1958 387 2050 424 au-

2159 372 2242 423 ὃτι
2272 372 2329 423 αί
2362 371 2460 440 μὲν
2485 371 2587 440 τῆς
2616 371 2860 440 κεφαλῆς
2890 371 3075 440 τρίχες
3103 369 3333 436 αὔξουσι
3355 386 3415 422 τε
3451 370 3547 423 καὶ
3598 372 3753 426 cirro-

478 478 585 523 tetn
647 466 887 521 defectus
930 463 1152 532 quidam
1212 463 1305 530 qui
1364 462 1421 517 in
1482 464 1694 533 capillis
1736 465 2050 533 neutiquam

2159 459 2459 529 κείρονται.
2495 458 2669 512 Αυται
2715 459 2774 511 δὲ
2802 461 2859 511 αἱ
2903 457 3221 527 βλεφαρῐδες
3268 458 3356 510 διὰ
3405 457 3464 510 τὸ
3519 458 3595 530 μὴ
3627 477 3753 512 κω-

479 565 566 612 est
597 554 881 623 inspicitur
915 571 929 605 :
964 568 1086 605 nam
1108 553 1288 622 capilli
1327 554 1379 607 in
1417 552 1534 608 dies
1565 556 1712 608 aucti
1763 554 2055 608 tondentur

477 651 905 711 resecanturque
937 659 953 707 ;
1008 643 1200 695 horuut
1254 657 1384 696 vero
1414 657 1479 697 ac
1510 643 1760 697 ciliorum
1807 659 1876 697 ne
1905 643 2055 698 visus

480 749 642 788 usum
685 734 985 803 oculosque
1034 734 1185 802 ipsos
1235 734 1553 802 impediant,
1605 734 1749 804 quod
1807 741 2053 788 extremo

479 826 744 881 confectis
773 827 926 881 senio
959 826 1211 881 accidere
1239 829 1399 891 solet,
1434 843 1625 882 verum
1656 826 1848 897 Upifex
1874 827 2054 880 incre-

476 925 720 971 mentum
766 914 1073 985 denegavit.

544 1006 641 1067 Est
693 1013 873 1059 autem
903 1013 959 1058 et
1006 1005 1058 1058 in
1119 1004 1256 1074 ipsis
1312 1005 1508 1073 oculis,
1574 1005 1735 1060 sicuti
1785 1007 2051 1073 colorum,

477 1094 551 1149 ita
592 1104 646 1150 et
702 1094 1135 1163 magnitudinum
1198 1094 1491 1163 plurimum
1540 1097 1892 1152 discriminis.
1945 1098 2054 1154 Sed

478 1202 602 1240 cum
657 1185 725 1240 de
758 1185 1034 1240 coloribus
1083 1186 1218 1241 satis
1244 1202 1274 1240 a
1302 1187 1458 1241 nobis
1511 1187 1715 1242 dictum
1750 1189 1851 1253 sit,
1884 1197 2054 1243 restat

481 1276 559 1330 uti
602 1276 670 1331 de
724 1276 1189 1346 magnitudinibus
1228 1277 1579 1333 disseramus.
1628 1278 1768 1332 Sunt
1809 1280 1900 1349 qui
1938 1295 2053 1333 ma-

480 1368 763 1438 gnitudine
817 1368 1241 1423 mediocritatem
1305 1368 1592 1433 excedunt,
1653 1368 1871 1439 quidam
1924 1384 2052 1424 vero

484 1466 646 1522 sunt,
700 1472 864 1527 quam
930 1457 1181 1527 expediat
1233 1457 1528 1513 breviores.
1587 1458 1693 1515 Eos
1751 1475 1901 1525 vero,
1956 1462 2048 1530 qui

481 1546 720 1600 medium
766 1544 1039 1613 quoddam
1084 1546 1224 1598 inter
1270 1553 1509 1599 extrema
1547 1555 1759 1611 tenent,
1816 1547 2051 1616 optimos

481 1647 870 1701 usquequaque
930 1642 1209 1701 putamus.
1251 1631 1483 1700 Rursus,
1513 1635 1805 1690 nonnullos
1828 1651 1893 1690 ex
1919 1636 2050 1706 ipsis

479 1732 670 1775 natura
705 1722 772 1775 ad
799 1721 1054 1775 interiora
1087 1720 1329 1790 impegit,
1350 1732 1405 1775 et
1428 1723 1484 1775 lti
1527 1724 1786 1791 majorem
1816 1723 2051 1778 circum-
2084 1755 2122 1809 Β

479 1811 764 1866 ferentiam
809 1827 971 1881 quam
992 1827 1181 1865 eorum
1212 1827 1346 1866 cava
1395 1823 1524 1867 sunt
1574 1813 1877 1882 designant.
1917 1812 2052 1879 Qui-

477 1901 600 1955 dam
639 1915 789 1967 vero,
823 1901 977 1970 quasi
1012 1916 1042 1954 e
1075 1916 1171 1954 sua
1204 1900 1329 1955 sede
1362 1901 1706 1970 prosilientt's
1756 1902 2049 1971 prominuli

462 1991 742 2053 _visuntur.
770 1993 841 2043 At
884 1992 1043 2054 alios,
1078 1989 1171 2058 qui
1217 1990 1283 2042 ad
1312 2002 1563 2044 neutrum
1633 1990 1824 2043 horum
1882 1991 2048 2044 decli—

478 2091 628 2146 nant,
675 2081 913 2135 medium
937 2081 1209 2151 quoddam
1233 2080 1432 2135 habere
1458 2082 1868 2152 cerneresz67
1916 2083 2049 2137 tales

473 2171 644 2237 enim,
673 2187 864 2225 eorum
897 2172 948 2224 in
994 2171 1195 2240 quibus
1224 2171 1495 2234 visuntur,
1536 2172 1826 2240 prmclaros
1866 2186 2046 2225 mores

473 2262 752 2317 denotant.
802 2260 936 2316 Nam
1002 2263 1251 2317 homines
1284 2262 1378 2331 qui
1434 2264 1622 2317 oculos
1676 2261 1743 2315 ad
1789 2261 2044 2316 interiora

473 2362 737 2408 retractos
785 2353 1112 2417 sortiuntur,
1156 2354 1453 2408 acutiorem
1485 2355 1679 2427 visum,
1704 2355 1902 2408 habere
1929 2369 2045 2409 om-

467 2441 625 2507 nium
672 2443 855 2511 opinio
905 2451 1008 2497 est.
1051 2446 1120 2497 At
1164 2444 1377 2513 magnis
1430 2443 1604 2498 oculis
1663 2443 1939 2511 praeditos,
1991 2450 2046 2498 et

472 2534 567 2600 qui
591 2531 799 2587 intento
825 2534 1015 2588 obtutu
1065 2535 1225 2589 detixi
1268 2535 1493 2601 haerent,
1541 2534 1824 2591 instabiles
1863 2550 1927 2589 ac
1980 2535 2047 2589 ad

473 2620 609 2674 iram
632 2636 929 2691 propensos
942 2622 1144 2678 dixere.
1158 2624 1225 2677 At
1247 2623 1615 2692 magnoculos,
1632 2621 2051 2693 λιροφθαλμοὺς,

2156 550 2371 619 λύεινῆ
2417 550 2851 620 παρεμποδίζειν
2874 550 2920 582 ⁸³
2967 551 3093 612 τοὺς
3126 549 3461 619 ὀφθαλμοὺς,
3519 551 3595 611 ὡς
3642 552 3750 603 ἐπὶ

2154 642 2264 694 τῶν
2285 641 2671 711 ὲσχατογήρων
2699 640 3054 711 ἐκωλύθησαν
3083 640 3418 703 αὐξάνεσθαι
3455 641 3607 712 παρὰ
3637 642 3745 693 τοῦ

2155 734 2484 804 τεχνουργοῦ
2507 735 2607 804 τῆς
2636 734 2856 786 πάντων
2881 732 3247 802 δημιουργίας
3269 734 3340 787 ⁸⁵.

2226 990 2402 1062 Πολλὴ
2445 991 2502 1044 δὲ
2527 992 2630 1045 κάν
2660 993 2772 1055 τοῖς
2804 990 3107 1060 ὀφθαλμοῖς
3132 991 3276 1044 κατά
3311 992 3372 1043 τὸ
3405 992 3608 1061 χρῶμα
3635 997 3743 1046 καὶ

2154 1083 2215 1136 τὸ
2252 1082 2481 1153 μέγεθος
2544 1082 2785 1152 πέφυκεν
2832 1083 3112 1152 ἑτερότης.
3174 1083 3284 1136 Καὶ
3333 1084 3459 1152 περὶ
3489 1083 3590 1151 μὲν
3631 1083 3741 1135 τοῦ

2153 1169 2445 1242 χρώματος
2465 1171 2647 1226 αὐτῶν
2680 1172 2899 1243 εἴρηται
2920 1187 2933 1200 ’
2968 1173 3099 1241 περὶ
3127 1170 3183 1223 δὲ
3217 1170 3315 1224 τοῦ
3341 1172 3608 1241 μεγέθους
3634 1173 3741 1224 νῦν

2153 1259 2299 1314 ἔστιν
2328 1263 2501 1315 εἰπεῖν
2520 1258 2587 1315 ⁸⁸.
2613 1262 2675 1314 Οἱ
2703 1261 2800 1330 μὲν
2831 1261 2939 1332 γὰρ
2965 1260 3186 1331 μείζους
3205 1262 3367 1325 εἰσὶν,
3396 1262 3446 1314 ol
3474 1261 3530 1313 δὲ
3567 1262 3741 1315 ἐλάτ-

2151 1369 2298 1417 τους,
2316 1352 2366 1405 οί
2393 1352 2450 1404 δὲ
2464 1351 2799 1421 σύμμετρον
2829 1352 2931 1421 τὴν
2951 1352 3230 1423 ἑκατέρων
3253 1351 3524 1423 ἀμετρίαν
3554 1355 3741 1405 ἐκπε-

2153 1442 2406 1510 φυγότες,
2431 1440 2524 1504 οὓς
2542 1442 2634 1494 καὶ
2656 1441 2975 1511 βελτίστους
3004 1435 3144 1494 εἶναι
3177 1441 3334 1510 φασί.
3364 1441 3531 1495 Πάλιν
3548 1446 3600 1495 οῖ
3627 1445 3740 1513 μὲν

2152 1531 2476 1601 πεπίληνται
2494 1532 2629 1602 πρὸς
2645 1532 2715 1584 τὰ
2739 1532 2887 1594 ἐντὸς
2901 1530 2969 1593 ⁸⁷,
3000 1532 3094 1584 καὶ
3121 1532 3345 1600 μείζονα
3368 1532 3465 1599 τὴν
3490 1534 3740 1600 περιφέ-

2157 1639 2307 1692 ρειαν
2328 1623 2428 1692 τῆς
2448 1622 2627 1674 αὐτῶν
2648 1621 2960 1692 κοιλότητος
2977 1620 3399 1691 διαγράφουσινο
3434 1624 3483 1674 oi
3508 1622 3566 1674 δὲ
3591 1625 3739 1692 πρὸς

2152 1713 2220 1765 τά
2251 1712 2405 1777 ἐκτὸς
2454 1711 2885 1779 έξὼγκωνται⁸⁸,
2915 1715 3010 1765 καὶ
3057 1712 3379 1778 ἐξάλλεσθαι
3439 1713 3735 1768 θέλουσιν·

2156 1803 2304 1855 ἄλλοι
2319 1804 2374 1855 δὲ
2390 1804 2524 1872 πρὸς
2545 1804 2827 1875 οὐδέτερον
2851 1804 3059 1857 τούτων
3083 1805 3446 1868 ἐκκλίνουσιν,
3466 1805 3606 1858 ἀλλά
3628 1806 3739 1879 τὴν

2158 1895 2332 1966 μέσην
2370 1896 2552 1965 ἔχουσι
2584 1895 2786 1966 χώραν.
2815 1897 2877 1949 Οἳ
2911 1898 3006 1950 καὶ
3041 1897 3323 1965 βέλτιστον
3366 1894 3500 1967 ἦθος
3528 1898 3737 1969 διαση-

2158 1987 2409 2055 μαίνουσι
2433 1987 2478 2018 ⁸⁸
2503 1987 2611 2039 τῶν
2642 1983 2838 2057 οἷσπερ
2870 1990 2917 2021 ⁹⁰
2951 1991 3081 2042 είσί.
3114 1991 3253 2050 Τοὺς
3305 1992 3491 2061 μέντοι
3519 1992 3740 2047 διακει-

2157 2078 2352 2146 μένους
2377 2077 2580 2146 μᾶλ).ον
2608 2078 2742 2149 πρὸς
2768 2079 2835 2132 τὰ
2858 2080 2901 2110 ⁹¹
2931 2079 3082 2143 ἐντὸς
3105 2079 3553 2146 ὀξυωπεστάτους
3585 2080 3737 2138 εἷναί

2152 2185 2339 2236 φασιν,
2372 2169 2562 2241 ὥσπερ
2608 2172 2734 2235 τοὺς
2795 2175 2933 2242 πρὸς
2985 2173 3054 2225 τὰ
3098 2172 3257 2235 ἐκτὸς
3283 2173 3577 2237 ἀϐεϐαίους
3632 2177 3738 2229 καὶ

2152 2257 2439 2326 θυμικούς.
2463 2259 2601 2323 Τοὺς
2633 2260 2689 2314 δὲ
2731 2262 3219 2333 μεγαλοφθάλμους
3242 2304 3258 2329 ,
3289 2265 3382 2317 κα¹ι
3415 2266 3608 2328 ἀτενὲς
3635 2267 3736 2319 ὲν-

2149 2347 2415 2418 ορῶντας,
2458 2348 2865 2420 λιροφθάλμους
2889 2352 2934 2383 ⁹²
2964 2354 3106 2415 τινὲς
3135 2352 3450 2423 ὠνόμασαν,
3483 2355 3637 2425 παρά
3668 2359 3737 2411 τὸ

2151 2437 2273 2492 λίαν
2301 2440 2408 2493 τινὶ
2446 2442 2806 2510 προσκεῖσθαι
2834 2458 2847 2472 ·
2872 2443 2905 2514 ἢ
2958 2442 3110 2512 παρά
3137 2444 3199 2496 τὸ
3237 2443 3358 2498 λίαν
3386 2448 3521 2516 ὁρᾷν
3549 2463 3563 2478 ·
3592 2450 3733 2500 επεὶ

2154 2529 2366 2593 ἀτενεῖς
2389 2532 2529 2584 εἰσιν
2562 2533 2617 2585 ai
2660 2533 2868 2587 τούτων
2895 2533 3066 2602 ὄψεις,
3098 2534 3175 2598 ὡς
3212 2536 3444 2600 ἀναιδῶς
3495 2539 3737 2609 ἐπαιρό-

2160 2636 2338 2690 μεναι.

475 2715 753 2770 nonnullis
801 2718 1071 2787 appellare
1111 2718 1333 2787 placuit,
1367 2716 1513 2786 quod
1558 2717 1611 2770 in
1650 2716 1924 2772 cernendo
1972 2716 2041 2771 ad
2078 2730 2169 2772 res
2202 2717 2349 2786 ipsas
2382 2716 2504 2786 plus
2539 2717 2708 2772 nimio
2756 2718 3102 2785 adhibentur,
3151 2722 3291 2785 sive,
3350 2724 3494 2793 quod
3526 2725 3733 2780 obtutu

475 2810 530 2865 iu
581 2826 691 2866 uno
724 2810 885 2865 deﬁxi
929 2813 1299 2882 impudentius
1339 2812 1542 2866 haerere
1584 2814 1815 2867 soleant.

544 2905 795 2973 Musculi,
830 2908 975 2963 unde
1019 2908 1194 2963 oculis
1220 2918 1401 2964 motus
1432 2908 1899 2973 subministratur,
1933 2922 2029 2963 sex

2206 2908 2271 2960 Οί
2308 2908 2365 2961 δὲ
2390 2909 2517 2970 τοὺς
2542 2908 2860 2979 ὀφθαλμοὺς
2888 2910 3173 2977 κινοῦντες
3216 2911 3357 2982 μῦες
3385 2914 3446 2978 ἐξ
3489 2917 3601 2969 είσι
3628 2918 3738 2975 τὸν

470 3013 701 3054 numero
748 2999 1040 3063 habentur,
1091 3015 1324 3068 quorum
1371 2999 1481 3053 duo
1533 3008 1680 3064 sunt,
1738 3014 1768 3054 a
1817 2998 2038 3067 quibus,

2156 2999 2374 3070 ὶριθμὸν
2392 3017 2405 3031 ·
2434 3000 2528 3054 δύο
2550 3000 2649 3071 μὲν
2675 3003 2726 3054 οἱ
2756 2981 3363 3073 περιστρέφοντεςόλον
3387 3008 3479 3060 τὸν
3506 3010 3735 3077 ὀφθαλ-

470 3102 598 3143 cum
636 3103 667 3142 a
691 3103 889 3157 magno
915 3089 1214 3157 ptoceduut
1263 3088 1484 3158 angulo,
1511 3089 1684 3143 donec
1715 3090 1782 3143 ad
1816 3104 2043 3158 parvum

470 3176 744 3239 desinant,
776 3177 942 3231 totius
969 3178 1116 3231 oculi
1148 3192 1348 3247 corpus
1374 3179 1777 3248 circumagitur.
1800 3179 2046 3245 Quatuor

475 3281 606 3321 vero
655 3267 852 3335 reliqui
889 3277 1040 3322 recto
1074 3269 1195 3337 ejus
1223 3270 1395 3323 motui
1443 3267 1796 3336 famulantur,
1828 3287 1893 3325 ex
1923 3272 2046 3340 qui-

460 3357 578 3410 bus
600 3355 710 3409 duo
739 3366 885 3419 sunt,
931 3370 1164 3425 quorum
1204 3359 1343 3413 alter
1368 3373 1586 3413 sursum
1619 3357 1877 3425 extendit,
1908 3360 2046 3414 alter

473 3461 607 3502 vero
658 3448 876 3502 oculum
914 3447 1055 3502 infra
1095 3450 1352 3517 retrahit;
1388 3450 1479 3504 alii
1523 3466 1651 3505 vero
1686 3451 1932 3515 totidem,
1977 3452 2045 3507 ad

472 3538 716 3594 dextram
753 3538 1051 3609 laevamque
1075 3540 1252 3610 ipsum
1277 3549 1515 3596 movent.
1542 3541 1623 3595 Ad
1660 3544 1780 3607 hos,
1803 3552 1857 3598 et
1887 3544 2046 3613 septi-

473 3643 600 3684 mus
632 3638 737 3693 est,
778 3644 940 3699 quem
982 3629 1270 3685 roboraudi
1301 3619 1444 3685 oculi
1479 3633 1650 3702 gratia
1692 3644 1884 3687 natura
1918 3647 2046 3703 pro—

474 3719 618 3785 tulit,
675 3734 787 3789 quo
839 3721 914 3774 illi
975 3720 1096 3776 usui
1158 3720 1444 3786 sufﬁceret,
1505 3737 1628 3777 cum
1681 3723 1836 3777 nobis
1883 3723 2046 3779 breve

473 3809 691 3878 aliquod
702 3825 903 3880 corpus
916 3811 1032 3867 visu
1053 3814 1364 3870 accuratius
1376 3814 1773 3883 deprehendere
1789 3830 1929 3884 opus
1939 3823 2041 3870 est.

546 3898 710 3955 Visus
735 3912 817 3956 est
860 3902 1002 3957 actio
1032 3919 1154 3973 qua;
1183 3905 1463 3959 oculorum
1504 3904 1686 3959 ofﬁcio
1720 3906 1811 3970 ﬁt,
1845 3906 2045 3974 quibus

474 3990 704 4060 spiritus
737 3993 954 4049 subtilis
1006 3996 1297 4051 admodum
1337 3996 1743 4061 commiscetur,
1775 4012 2045 4066 quorum-

2147 3088 2279 3159 μὸν,
2334 3091 2445 3144 ἀπὸ
2468 3091 2565 3145 τοῦ
2613 3093 2851 3162 μεγάλου
2894 3093 3094 3147 κανθοῦ
3133 3096 3449 3166 ἀρχόμενοι,
3493 3102 3593 3153 καὶ
3642 3105 3737 3167 εἰς

2142 3177 2234 3231 τὸν
2287 3180 2485 3250 μικρὸν
2526 3180 2910 3246 τελευτῶντες.
2953 3184 3017 3235 Oi
3054 3184 3110 3236 δὲ
3153 3185 3422 3254 τέσσαρες
3470 3188 3737 3245 κινοῦσιν

2143 3270 2306 3332 αὐτὸν
2340 3273 2460 3325 κατ’
2493 3272 2709 3326 εὐθεῖαν
2728 3289 2746 3304 ο
2773 3276 2801 3326 ὁ
2834 3274 2934 3343 μὲν
2968 3268 3050 3337 εἷς
3075 3276 3397 3341 ἀνατείνων,
3425 3278 3456 3330 ὁ
3476 3278 3533 3331 δὲ
3559 3281 3736 3344 ἄλλος

2144 3360 2482 3414 κατασπῶν·
2534 3363 2694 3426 ἄλλος
2737 3362 2983 3428 ἐπιδέξια
3026 3366 3222 3429 κινῶν,
3272 3367 3370 3420 καὶ
3420 3367 3581 3430 ἄλλος
3630 3371 3733 3424 ἐπ’

2144 3450 2432 3523 ἀριστερά.
2468 3453 2628 3506 Ἐστι
2676 3453 2733 3506 δέ
2761 3470 2847 3516 τις
2897 3456 2993 3508 καὶ
3038 3455 3228 3528 ἕτερος
3277 3455 3528 3527 ἕϐδομος,
3572 3459 3732 3523 ὅστις

2142 3538 2307 3592 αὐτὸν
2348 3539 2596 3611 στηρίξει
2644 3543 2739 3595 τὸν
2791 3542 3093 3613 ὀφθαλμὸν,
3138 3545 3312 3599 ὲπειδ⁹
3363 3545 3430 3600 ἂν
3472 3548 3735 3618 ἀκριϐῶς

2145 3626 2377 3697 βλέπειν.
2400 3646 2454 3682 τι
2504 3630 2664 3702 σῶμα
2712 3633 2911 3702 μικρὸν
2938 3634 2985 3665 ⁸³
3029 3633 3317 3704 δεηθῶμεν
3370 3637 3456 3705 είς
3497 3636 3727 3705 ὅρασιν.

2216 3718 2382 3789 Ὅρος
2403 3718 2458 3772 δὲ
2490 3720 2735 3792 ὁράσεως
2762 3715 2940 3784 οὗτος.
2972 3723 3206 3792 Ὄρασίς
3237 3704 3387 3778 ἐστιν
3418 3727 3452 3796 ἡ
3494 3704 3585 3780 διὰ
3608 3728 3731 3781 τῶν

2143 3806 2438 3875 ὀφθαλμῶν
2483 3809 2743 3878 γινομένη
2772 3810 3023 3880 ἐνέργεια
3042 3811 3109 3866 ³⁸.
3142 3810 3249 3863 Τοῦ
3276 3811 3385 3881 γάρ
3408 3828 3733 3884 συγκεκρα-

2147 3897 2310 3968 μένου
2338 3898 2395 3950 ὲν
2426 3899 2609 3961 αὐτοῖς
2643 3898 2954 3969 πνεύματος
2978 3901 3177 3954 λεπτοῦ
3204 3903 3444 3972 μάλιστα
3472 3903 3629 3966 ὄντος
3652 3908 3728 3971 ⁸⁸,

2144 3988 2239 4040 καὶ
2271 3990 2391 4050 ταῖς
2418 3989 2609 4057 κόραις
2634 3991 2842 4043 τούτων
2862 3992 3263 4066 ἐνυπάρχοντος
3286 3994 3356 4058 ³⁵,
3379 3993 3448 4046 δι’
3468 3994 3642 4048 αὑτοῦ
3678 3999 3730 4029 ’τ

471 4095 581 4150 que
618 4083 837 4151 pupillis
893 4083 1113 4150 insidet,
1152 4101 1249 4156 per
1294 4101 1454 4155 quem
1498 4076 1831 4141 reseminus
1879 4087 2042 4141 etiam

2156 4079 2201 4129 ιῖ
2247 4080 2503 4148 ὀρατικαὶ
2559 4081 2876 4151 ἀντιλήψεις
2941 4085 3037 4135 καὶ
3111 4083 3397 4155 πόρρωθεν
3451 4085 3727 4154 γίνονται,

470 4173 669 4242 positae
699 4173 1176 4244 deprehenduntur
1214 4176 1356 4229 :nisi
1390 4175 1534 4229 enim
1573 4177 1626 4230 in
1653 4176 1824 4230 oculis
1861 4177 2041 4229 lumen

2156 4169 2209 4220 El
2237 4169 2313 4240 μὴ
2342 4172 2451 4240 γάρ
2480 4172 2538 4225 ὲν
2567 4171 2865 4241 ὀφθαλμοῖς
2896 4172 3011 4239 φῶς
3039 4175 3208 4236 ἐστιν,
3240 4174 3343 4227 οὑκ
3383 4175 3448 4227 ἃν
3489 4174 3725 4249 ὁραθείη

469 4262 778 4333 exsisteret,
804 4265 985 4320 lumen
1010 4266 1157 4335 quod
1179 4276 1332 4321 extra
1360 4276 1443 4321 est
1460 4266 1609 4321 cerni
1633 4282 1663 4321 a
1685 4267 1843 4321 nobis
1871 4266 2043 4320 baud-

2156 4258 2205 4311 τὸ
2274 4259 2477 4325 ἔξωθεν
2523 4261 2671 4330 φῶς·
2741 4262 2863 4331 ὕψει
2914 4263 3021 4333 γὰρ
3074 4264 3304 4333 παρέχει
3355 4266 3489 4334 ὀρᾷν
3557 4266 3724 4321 τοῦτο

469 4367 741 4423 quaquam
799 4365 1001 4425 posset.
1036 4356 1221 4426 lpsum
1252 4358 1396 4412 enim
1428 4358 1570 4413 visui
1609 4358 1689 4411 uti
1724 4357 1901 4412 solare
1932 4358 2038 4412 hoc

2156 4350 2205 4402 τὸ
2236 4349 2463 4420 ἡλιακὸν
2522 4352 2657 4420 φῶς.
2718 4354 2829 4405 Καὶ
2886 4355 3103 4424 πρῶτον
3160 4355 3355 4425 ὁρᾶται
3414 4358 3569 4427 παρά
3618 4360 3723 4427 τῆς

470 4446 652 4502 lumen
711 4449 1137 4519 comprehendat
1174 4448 1485 4505 facultatem
1525 4449 1786 4519 largitur,
1819 4458 1873 4504 et
1924 4450 2038 4518 pri-

2156 4439 2322 4508 ὗψεως
2348 4455 2362 4469 ·
2390 4440 2482 4492 καὶ
2530 4443 2645 4503 τοῖς
2676 4442 2896 4512 ὁρατοῖς
2925 4444 3222 4514 περιρρέον
3259 4445 3321 4497 τὸ
3353 4446 3543 4516 ἀέριον
3579 4448 3720 4516 φῶς,

470 4551 622 4590 mum
655 4551 686 4590 a
736 4539 856 4593 visu
896 4537 1016 4607 ipso
1054 4538 1316 4603 cernitur,
1357 4539 1608 4606 aerisque
1645 4539 1826 4593 lumen
1876 4539 2039 4593 rebus

2156 4530 2461 4601 παρρησίαν
2491 4533 2603 4595 τοῖς
2635 4532 2853 4603 ὄμμασι
2902 4535 3191 4606 χαρίζεται
3247 4538 3327 4599 είς
3361 4538 3464 4606 τὴν
3490 4538 3602 4592 τῶν
3632 4543 3719 4594 al-

471 4626 782 4682 visibilibus
810 4625 1204 4682 circumfusum
1268 4630 1456 4685 oculos
1521 4630 1586 4683 ad
1645 4639 1861 4683 sensata
1923 4629 2037 4697 ipsa

2156 4620 2357 4691 τθητῶν
2404 4623 2767 4694 κατανόησιν⁹
2808 4643 2827 4676 ι
2864 4626 3152 4703 Λαμϐάνει
3200 4628 3309 4699 γὰρ
3357 4628 3387 4682 ὁ
3433 4630 3663 4693 δίδωσι.
3698 4652 3718 4685 ι

467 4713 918 4783 deprehendenda
957 4716 1205 4771 suscitat.
1255 4716 1388 4771 Illud
1440 4728 1618 4772 autem
1647 4718 1789 4786 quod
1821 4717 1934 4778 dat.
1980 4725 2040 4770 ut

2156 4713 2410 4785 ιιατάτὴν
2430 4713 2526 4767 τοῦ
2560 4714 2828 4784 Θεολόγου
2860 4718 3068 4788 φωνήν.

469 4802 778 4874 Theologus
804 4806 1058 4873 asseruit,
1091 4808 1309 4877 accipit.

537 4885 699 4943 Plura
755 4890 1021 4961 siquidem
1108 4894 1416 4964 philosophi
1485 4895 1553 4950 de
1615 4897 1767 4952 visus
1824 4897 2039 4952 actione

2217 4889 2393 4944 Πολλά
2415 4890 2470 4943 δὲ
2499 4893 2549 4944 οῖ
2575 4891 2856 4961 φιλόσοφοι
2879 4896 3011 4964 περὶ
3053 4894 3153 4964 τῆς
3193 4897 3479 4965 ἐνεργείας
3509 4899 3719 4971 ταύτης

468 4988 781 5037 scrutantes
827 4983 880 5036 in
935 4983 1171 5069 medium
1204 4985 1524 5043 attulerunt.
1556 4985 1659 5053 Qui
1696 4998 1878 5042 autem
1915 4988 2043 5058 Epi-

2156 4981 2496 5052 Βιενέχθησαν
2522 5000 2536 5014 ’
2568 4985 2619 5036 οἱ
2653 4986 2750 5053 μὲν
2799 4985 3189 5056 Ἐπικούρειοι,
3221 4987 3419 5040 εἴδωλα
3446 4989 3559 5041 τῶν
3590 5008 3717 5059 φαι-

467 5071 587 5124 curi
641 5075 964 5127 sententiam
1011 5086 1140 5130 sunt
1196 5078 1389 5141 secuti,
1425 5078 1568 5133 idola
1612 5078 1787 5135 oculis
1842 5081 2044 5135 nostris

2156 5073 2383 5142 νομένων
2421 5074 2791 5144 προσπίπτειν
2816 5077 2928 5135 τοῖς
2958 5074 3262 5144 ὀφθαλμοῖς
3313 5075 3565 5143 λέγουσι,
3619 5082 3715 5133 καὶ

467 5173 658 5215 earum
732 5176 852 5231 quas
907 5174 1170 5233 apparent
1229 5181 1411 5220 rerum
1470 5165 1583 5236 68
1641 5166 1825 5234 objici,
1880 5167 2040 5234 idque

2156 5166 2243 5236 τὴν
2288 5165 2476 5230 ὅρασιν
2533 5168 2728 5218 ποιεῖν.
2804 5165 3181 5238 Ἀριστοτέλης
3223 5166 3281 5220 δὲ
3328 5168 3433 5220 οὐκ
3487 5169 3716 5223 εἴδωλον

538 5270 588 5355 ’ξ
609 5290 683 5355 κ..
702 5277 1020 5355 τὴν-ὅρασιν
1108 5297 1242 5355 παρ.
1285 5281 1381 5355 Βη-
1421 5281 1467 5314 ⁸⁵
1496 5280 1674 5355 παρὰ-
1696 5281 1797 5355 τοῦ
1822 5282 2372 5355 ἀριστοτέχνου-βεοῦ
2399 5280 2461 5335 Ρ.
2535 5282 2582 5315 ³⁸
2611 5283 2913 5355 είπεῖνᾲέτι
2951 5300 3015 5352 γε
3077 5284 3182 5355 μὴν
3235 5287 3345 5338 τῶν
3393 5287 3711 5355 ὀφθαλμῶν.

469 5340 586 5428 to!
626 5343 726 5428 μὲν
757 5340 876 5428 τῶν
900 5340 1204 5428 ὀφθαλμῶν
1222 5340 1812 5428 πεπόληνταιξπρὸςᾼτά
1832 5340 1982 5428 sit};
2010 5353 2052 5403 Β
2074 5340 2169 5428 f’._
2211 5351 2615 5428 "egenum
2780 5353 2826 5385 ⁸³
2850 5354 2900 5428 οῖ
2921 5340 3017 5428 καὶ
3054 5340 3337 5428 κρείττους
3382 5340 3478 5409 καὶ

467 5412 577 5504 1‘5":
624 5412 1296 5504 ἐῖίθρώπελῖ⁷διειά·.τξὺς
1333 5412 1517 5504 μέέτοι
1557 5412 1638 5504 Ξί
1692 5412 1742 5504 ῗῗ
1773 5412 2203 5504 έν.οῖς’.περ¹³·.
2270 5412 2469 5504 "stis
2499 5423 2563 5476 Α·
2640 5423 2685 5453 ’³
2719 5412 3113 5504 λινιφθάλμουέ
3149 5427 3214 5504 A_-
3290 5412 3337 5457 "
3365 5412 3619 5504 suae};
3650 5412 3713 5504 ξιῖ

467 5479 577 5565 έδίξ)
623 5479 809 5565 γινὸμ.
835 5486 940 5565 ’ὀιά
992 5489 1098 5565 τῷν
1118 5479 1356 5565 ὀφθηένί
1388 5489 1462 5565 B._
1541 5492 1603 5565 _”
1628 5479 1949 5565 μάλιστά-τι
1984 5479 2151 5565 ὄντος
2176 5494 2242 5565 A,
2274 5491 2367 5565 x_al
2390 5479 2464 5565 τδγ
2481 5479 2925 5565 συγκεκραμένον
2958 5479 3017 5548 ὼ
3046 5479 3229 5558 αῦτοῖς
3257 5479 3478 5565 πνεῦμα
3498 5479 3714 5550 ίλεέπτδθ

475 5546 710 5617 μάλιάτα
743 5546 803 5609 ὃν
830 5555 872 5611 C
902 5555 962 5610 P.
1038 5557 1085 5588 “
1113 5546 1416 5629 ἐνυπάρχον
1435 5561 1500 5614 Δ.
1534 5546 1776 5632 ὑπάρχον
1806 5560 1847 5617 C
1876 5563 1941 5614 Ρ.
2016 5563 2060 5594 ⁸⁷
2086 5546 2154 5614 δὶν
2183 5546 2363 5615 αὗτῶν
2388 5560 2451 5627 Α,
2477 5546 2631 5613 δι”οῦ
2662 5546 2702 5617 (ξ
2731 5546 2795 5615 Ῑδ.
