4006 6158
309 333 446 387 H77

1546 294 1638 388 ne
1676 332 1968 389 unum
2004 327 2310 385 ltOMlNlS.

3435 332 3572 389 H78

307 444 640 517 σωματικὸν,
672 444 807 498 ἀλλὰ
828 444 1086 515 ποιότητα
1111 433 1178 493 δι’
1215 438 1567 508 ἀλλοιώσεως
1593 446 1690 498 τοῦ
1721 444 1878 515 πέριξ

1986 443 2137 495 visus
2181 437 2636 494 constitutionem
2698 453 2817 493 esse
2870 449 3198 494 statuerunt.
3250 443 3573 498 Aristoteles

303 537 485 608 ἀέρος,
539 535 648 589 ἀπὸ
673 535 783 588 τῶν
813 535 1024 606 ὁρατῶν
1062 533 1190 604 ἄχρι
1238 537 1340 605 τῆς
1365 535 1541 605 ὅψεως
1577 536 1882 606 παραγίνεο

305 627 453 681 σθαι.
510 628 736 682 Πλάτων
764 627 821 681 δέ
853 627 1160 698 συμφώνως
1185 624 1262 695 τῷ
1293 628 1520 697 Γαληνῷ
1573 627 1666 678 τὸν
1715 625 1881 696 πέριξ

300 717 441 787 ἀέρα
466 716 682 784 λέγει⁹⁸
740 717 972 787 ὄργανον
1006 716 1255 784 γίνεσθαι
1294 716 1373 787 τῷ
1403 715 1666 786 ὀφθαλμῷ
1696 732 1710 746 ·
1749 716 1878 768 καθ’

309 809 369 861 ὃν
393 809 609 880 ὁρῶμεν
662 811 854 880 χρόνον
896 809 1160 874 τοιοῦτον,
1205 803 1317 861 οἷόν
1348 825 1455 880 περ
1486 807 1776 877 ἐγκεφάλῳ
1821 807 1882 860 τὸ

304 899 498 971 νεῦρον
515 903 581 954 ’³.

375 1157 449 1209 Ἦ
466 1173 525 1209 τε
557 1155 666 1226 γάρ
697 1155 842 1224 αὐγὴ
866 1155 962 1208 τοῦ
994 1155 1146 1225 ἡλίου
1177 1155 1429 1224 ψαύουσα
1450 1155 1544 1210 τοῦ
1567 1157 1678 1210 ἀνω
1712 1157 1882 1226 πέρα·

300 1264 394 1311 τος
431 1246 528 1300 τοῦ
554 1247 738 1317 ἀέρος,
771 1247 1082 1300 διαδίδωσιν
1127 1249 1208 1310 εἰς
1241 1247 1360 1301 ὅλον
1390 1248 1490 1316 τὴν
1523 1247 1758 1316 δύναμιν
1779 1245 1877 1298 τοῦ

308 1338 488 1407 φωτός
511 1354 526 1367 ·
557 1338 655 1406 ἥτε
683 1336 774 1390 διὰ
811 1336 920 1388 τῶν
942 1337 1186 1390 ὀπτικῶν
1226 1337 1438 1408 νεύρων
1461 1338 1605 1405 αὐγὴ
1634 1338 1873 1406 φερομέο

302 1447 390 1500 νη,
421 1428 520 1499 τὴν
551 1428 652 1499 μὲν
683 1429 874 1481 οὐσίαν
921 1428 1036 1498 ἔχει
1076 1429 1474 1498 πνευματικὴν,
1525 1427 1876 1495 ἐμπίπτουσα

300 1521 357 1572 δέ
391 1519 470 1589 τῷ
500 1519 832 1590 περιέχοντι,
867 1521 964 1573 καὶ
1010 1522 1078 1589 τῇ
1112 1518 1302 1590 πρώτῃ
1349 1517 1625 1589 προσϐολῇ
1657 1517 1756 1586 τὴν
1783 1518 1878 1569 ἀλ·

301 1612 520 1664 λοίωσιν
578 1610 945 1682 ἐργαζομένη,
1023 1610 1326 1664 διαδίδωσιν
1404 1611 1534 1680 ἀχρι
1619 1611 1872 1663 πλείστου

304 1699 606 1768 συνέχουσα
637 1697 860 1767 ἑαυτὴν,
892 1698 1054 1769 άχρις
1105 1699 1173 1752 ἂν
1206 1701 1287 1764 είς
1331 1701 1626 1754 ἀντίτυπον
1653 1701 1872 1771 ἐμπέσῃ

1986 547 2114 585 vero
2167 547 2274 586 non
2333 531 2476 585 idola
2539 530 2654 599 ipsa
2714 543 2994 597 corporea,
3042 532 3133 585 sed
3176 533 3400 587 resoluti
3426 547 3570 589 aeris

1984 623 2078 690 qui
2134 637 2237 676 nos
2281 621 2453 675 ambit
2506 621 2846 690 qualitatem,
2906 635 3028 690 qum
3073 636 3102 674 a
3164 622 3329 676 rebus
3373 624 3567 679 visibi-

1986 714 2127 767 Iibus
2181 712 2248 765 ad
2312 711 2488 764 visum
2552 726 2724 780 usque
2775 711 3006 775 accedit,
3052 711 3227 764 visum
3285 727 3406 767 esse
3452 715 3569 781 opi-

1985 814 2146 855 natus
2192 810 2294 856 est.
2349 800 2542 865 Plato,
2600 801 2757 866 cujus
2816 801 3141 854 sententiam
3191 799 3429 856 Galenus
3481 818 3560 856 se-

1983 892 2411 954 cutusest,ltunc
2427 892 2518 960 qui
2551 906 2652 945 nos
2682 906 2860 945 aerem
2887 892 3077 956 ambit,
3099 905 3166 945 eo
3191 900 3432 960 tempore
3451 908 3563 961 quo

1983 982 2280 1043 cernimus,
2331 979 2752 1034 instrumentum
2785 979 3066 1032 oculorum
3099 979 3560 1048 quemadmodum

1981 1079 2036 1122 et
2070 1069 2276 1122 cerebri
2315 1084 2540 1122 nervum
2585 1081 2709 1121 esse
2745 1067 3097 1121 existimavit.

2051 1159 2194 1214 Solis
2229 1173 2463 1228 namque
2512 1158 2786 1227 splendor,
2842 1158 3039 1226 inquit,
3101 1157 3366 1224 superiori
3417 1157 3560 1210 aeris

1982 1250 2216 1303 termino
2291 1250 2585 1314 adhibitus,
2659 1249 2881 1303 luminis
2966 1249 3072 1301 vim
3139 1249 3190 1300 in
3243 1248 3558 1302 universum

1979 1343 2280 1404 distribuit,
2339 1343 2680 1410 partiturque
2725 1360 2739 1395 :
2792 1342 2884 1410 qui
2937 1339 3210 1409 spirituali
3253 1339 3558 1394 substantia

1978 1431 2264 1500 praeditus.
2301 1444 2396 1498 per
2441 1445 2636 1483 nervos
2693 1430 2786 1499 qui
2837 1428 2976 1482 visui
3039 1429 3342 1482 inserviunt
3397 1443 3563 1496 pene-

1981 1533 2106 1576 trat.
2159 1522 2296 1575 Cum
2351 1535 2486 1576 vero
2539 1520 2592 1574 in
2661 1521 2990 1574 ambientem
3048 1534 3172 1571 aera
3247 1517 3455 1580 incidit,
3506 1525 3562 1572 et

1979 1611 2157 1680 primo
2211 1612 2414 1677 impetu
2470 1610 2524 1663 in
2560 1610 2653 1663 illo
2701 1609 2786 1663 cui
2847 1606 3135 1662 adhibetur
3185 1606 3559 1661 alterationem

1975 1710 2160 1773 eflicit,
2189 1710 2522 1763 tantumdem
2565 1709 2824 1778 temporis
2852 1722 2972 1762 sese
3016 1707 3305 1760 continens
3359 1705 3561 1759 diﬂ‘nn-

303 1790 487 1859 σῶμα.
538 1790 672 1860 Ὁρᾷ
699 1790 756 1843 δὲ
783 1793 816 1860 ἠ
865 1791 990 1860 ὄψις
1033 1792 1154 1844 κατ’
1196 1793 1416 1856 εὐθείας
1455 1794 1744 1864 γραμμὰς,
1776 1797 1873 1848 καὶ

1979 1801 2148 1862 ditur,
2189 1800 2368 1867 quoad
2414 1799 2467 1851 in
2508 1814 2709 1866 corpus
2765 1814 2792 1851 a
2832 1812 2940 1864 quo
2983 1795 3379 1864 repercutiatur
3424 1794 3561 1848 inci-

298 1881 408 1934 τῶν
447 1882 724 1950 διαφανῶν
755 1882 916 1952 μέχρι
974 1882 1174 1951 βάθους
1225 1883 1550 1936 διικνεῖσθαι
1585 1886 1829 1952 πέφυκεν
1858 1905 1872 1918 ο

298 1972 462 2042 ἀέρος
494 1974 592 2042 μὲν
621 1974 854 2043 πρώτως
885 1976 981 2027 καὶ
1015 1975 1274 2043 μάλιστα,
1307 1976 1426 2028 ὃλον
1461 1978 1572 2044 γὰρ
1601 1977 1874 2047 διεξέρχε-

299 2083 390 2119 ται
414 2083 429 2097 ο
470 2065 725 2136 δεύτερον
756 2065 814 2118 δέ
855 2066 1045 2128 ὓδατος
1091 2067 1436 2135 ἠρεμοῦντος
1458 2070 1554 2120 καὶ
1581 2068 1826 2140 καθαροῦ
1853 2085 1867 2099 ·

300 2149 464 2226 ἦττον
495 2156 552 2208 δέ
575 2155 646 2208 δι’
689 2155 846 2208 ὑέλου
875 2157 970 2208 καὶ
1001 2155 1110 2208 τῶν
1140 2154 1318 2208 ἄλλων
1358 2156 1468 2209 τῶν
1521 2158 1875 2227 πεφωτισμέ-

299 2257 446 2297 νων⁶
481 2245 590 2299 [δια
633 2245 745 2314 γὰρ
803 2245 977 2298 ταῦτα
1015 2245 1116 2315 τῆς
1160 2245 1356 2316 ὅψεως.
1413 2246 1641 2316 Ὀμοίως
1693 2248 1878 2302 καὶτὸ

299 2335 498 2406 χρῶμα
531 2337 662 2390 ίδιον
694 2337 792 2406 τῆς
823 2337 1129 2407 αἰσθήσεως
1151 2352 1163 2365 ·
1203 2333 1318 2390 οἷον
1353 2337 1416 2389 τὺ
1451 2337 1613 2406 φαιὸν
1670 2338 1702 2408 ἢ
1745 2341 1876 2409 ἐρυ-

299 2427 458 2496 θρόνο
492 2427 808 2481 αίσθάνεται
840 2428 949 2497 γὰρ
999 2427 1144 2480 κατά
1181 2428 1283 2497 μὲν
1319 2428 1540 2498 πρῶτον
1573 2429 1734 2494 λόγον
1767 2431 1874 2483 τῶν

296 2519 628 2588 χρωμάτων,
669 2517 1122 2586 συνδιαγινώσκει
1149 2518 1205 2571 δὲ
1246 2520 1433 2582 αὑτοῖς
1467 2521 1644 2572 καὶτὸ
1668 2538 1877 2590 κεχρωο

299 2609 530 2679 σμένον¹
565 2609 748 2677 σῶμα,
783 2610 881 2661 καὶ
907 2611 971 2662 τὸ
1002 2609 1235 2680 μέγεθος
1264 2611 1360 2663 καὶ
1390 2611 1451 2663 τὸ
1475 2612 1661 2681 σχῆμα
1681 2612 1873 2675 αὐτοῦ,

298 2700 393 2752 καὶ
413 2698 512 2770 τὴν
546 2698 733 2771 χώραν
759 2699 888 2752 ἔνθα
917 2701 1054 2764 ἐστὶ,
1098 2702 1194 2754 καὶ
1230 2701 1292 2753 τὸ
1329 2702 1630 2773 διάστημα,
1663 2705 1874 2757 καὶτὸν

299 2791 552 2861 ἀριθμὸν,
585 2791 804 2861 κίνησιν
827 2794 871 2853 ⁸,
904 2791 1001 2844 καὶ
1033 2791 1226 2844 στάσιν
1254 2809 1266 2822 ο
1313 2794 1410 2845 καὶ
1438 2793 1501 2846 τὸ
1524 2797 1700 2864 τραχὺ
1735 2799 1756 2827 ³
1781 2797 1875 2849 καὶ

299 2882 461 2944 λεῖον,
491 2881 588 2933 καὶ
616 2882 674 2933 τὸ
702 2881 904 2951 ὁμαλὸν
944 2883 1038 2935 καὶ
1081 2883 1142 2934 τὸ
1180 2882 1472 2951 ἀνώμαλον
1490 2883 1534 2946 ⁵,
1578 2885 1673 2937 καὶ
1702 2885 1762 2938 τὸ
1781 2886 1875 2951 ὀξὺ

299 2973 393 3024 καὶ
426 2974 446 3004 ⁸
486 2972 666 3043 ἀμϐλύ
690 2989 704 3002 ·
744 2974 841 3026 καὶ¹
890 2972 988 3044 τὴν
1046 2974 1259 3034 στάσιν,
1306 2975 1417 3026 εἴτε
1463 2975 1736 3038 ὑδατῶδες
1762 2978 1805 3040 ⁸,
1840 2977 1873 3046 ἢ

1978 1893 2135 1946 derit.
2202 1891 2362 1945 Visus
2411 1899 2592 1943 autem
2643 1906 2734 1958 per
2783 1897 2960 1942 rectas
3017 1887 3191 1940 lineas
3237 1886 3431 1951 cernit,
3463 1885 3557 1939 sed

1981 1992 2036 2036 i-t
2085 1997 2149 2036 ra
2201 1996 2323 2050 qua:
2366 1981 2702 2034 translucent
2753 1993 2981 2048 corpora
3034 1976 3100 2030 ad
3159 1977 3328 2029 imum
3383 1990 3558 2044 usque

1981 2071 2296 2142 penetrandi
2329 2071 2586 2124 facultate
2619 2070 2878 2139 praaditus
2914 2078 3030 2134 est;
3062 2076 3116 2121 et
3139 2068 3374 2136 pri-mum
3413 2081 3556 2134 prte-

1979 2165 2248 2234 cipueque
2276 2179 2372 2232 per
2423 2172 2594 2217 totum
2652 2177 2776 2216 aera
2817 2162 2966 2215 nullo
2995 2160 3386 2229 impedimento
3425 2158 3556 2212 ferri

1979 2265 2171 2325 suapte
2201 2265 2393 2309 natura
2448 2255 2677 2309 idoneus
2727 2254 2972 2308 habetur.
3048 2251 3219 2304 Paulo
3272 2251 3452 2304 minus
3501 2249 3556 2302 in

1980 2362 2120 2416 aqua
2168 2362 2304 2415 pura
2344 2345 2743 2414 tranquillaque
2779 2344 2918 2397 idem
2949 2342 3133 2396 cl‘licit.
3164 2341 3269 2395 Sed
3303 2356 3408 2394 non
3435 2349 3556 2394 tau-

1983 2439 2225 2491 tumdem
2257 2438 2310 2490 in
2338 2438 2500 2501 vitro,
2523 2447 2574 2488 et
2603 2437 2726 2490 aliis
2749 2451 2870 2504 quae
2900 2433 3196 2488 sublusu-ia
3221 2441 3348 2487 sunt
3365 2445 3557 2500 corpo-

1981 2529 2129 2583 ribus
2159 2528 2316 2581 valet.
2355 2526 2479 2580 Haec
2534 2535 2683 2588 sunt,
2706 2540 2828 2594 quae
2848 2524 3106 2594 peculiari
3131 2524 3254 2592 jure
3273 2523 3424 2577 visus
3451 2523 3554 2577 sibi

1980 2631 2238 2688 perpetuo
2301 2619 2560 2672 vindicat.
2622 2616 2822 2670 Eodem
2887 2625 3065 2685 pacto,
3125 2624 3179 2668 et
3211 2614 3448 2678 colores,
3497 2624 3558 2667 ut

1983 2709 2160 2762 fulvus
2209 2709 2526 2778 rubensque
2583 2721 2779 2761 sensus
2841 2705 3058 2773 prOpria
3111 2711 3277 2769 sunt,
3342 2704 3558 2758 colores

1978 2801 2122 2854 enim
2151 2799 2406 2867 primaria
2425 2799 2507 2852 sui
2537 2798 2743 2852 ratione
2766 2798 2914 2850 visus
2935 2795 3310 2863 deprehendit,
3336 2793 3552 2858 deinde,

1978 2900 2032 2943 et
2083 2892 2267 2942 colore
2295 2889 2557 2943 infectum
2597 2903 2834 2957 corpus,
2867 2887 3096 2955 ejusque
3127 2885 3553 2954 magnitudinem

1980 2978 2337 3047 ﬁguramque,
2374 2992 2438 3030 ac
2469 2977 2648 3030 locum
2681 2991 2790 3044 quo
2820 2976 3318 3045 comprehenditur,
3363 2972 3557 3027 simul-

302 3062 507 3130 γεῶδές
531 3065 652 3116 ἐστι
672 3079 684 3093 ⁶
723 3063 812 3117 διὰ
852 3064 1023 3135 μόνης
1049 3064 1161 3134 γὰρ
1187 3064 1289 3133 τῆς
1317 3064 1493 3133 ὅψεως
1521 3063 1631 3116 τῶν
1653 3066 1874 3136 χρωμά-

1980 3083 2087 3136 que
2116 3076 2382 3135 quantum
2407 3067 2588 3121 distet.
2631 3065 2919 3130 Praeterea,
2949 3080 3237 3119 numerum
3267 3075 3320 3118 et
3348 3074 3553 3117 motum

297 3171 408 3207 των
434 3154 972 3224 ἀντιλαμϐανόμεθα.
1011 3154 1092 3207 Τά
1135 3155 1190 3206 δὲ
1214 3154 1377 3206 λοιπά
1405 3155 1562 3206 κοινά
1601 3154 1702 3224 τῆς
1731 3154 1876 3224 ἀφῆς

297 3245 394 3298 καὶ
422 3245 522 3314 τῆς
553 3243 750 3313 ὂψεως,
787 3243 977 3314 ῶσπερ
1015 3245 1109 3297 καὶ
1143 3246 1236 3297 ἐπὶ
1261 3241 1356 3296 τοῦ
1393 3245 1566 3315 πυρός
1589 3260 1604 3274 ο
1641 3245 1736 3297 καὶ
1767 3244 1877 3314 γὰρ

298 3335 359 3388 τὸ
385 3334 496 3405 πῦρ
541 3334 781 3405 ὁρῶντες
821 3335 982 3405 ίσμεν
1015 3335 1097 3388 ὅτι
1141 3334 1346 3406 θερμόν
1389 3336 1541 3388 ἐστιν
1569 3351 1584 3364 ⁶
1631 3335 1748 3388 ἀλλ’
1781 3335 1875 3389 ἐὰν

298 3425 394 3476 ἐπὶ
422 3423 520 3493 τὴν
547 3423 772 3494 πρώτην
793 3424 916 3492 tum
937 3425 1223 3495 ἀναγάγῃς
1244 3425 1264 3455 ⁷
1294 3424 1385 3476 τὸν
1407 3423 1587 3492 λόγον,
1620 3426 1876 3497 εὑρήσεις

298 3517 396 3582 ὡς,
433 3515 556 3570 τότε
599 3515 689 3568 ὅτε
728 3517 762 3585 ἡ
795 3515 918 3583 ὄψις
950 3513 1218 3569 ἐθεάσατο
1264 3515 1324 3568 τὸ
1348 3515 1481 3588 πῦρ.
1519 3516 1681 3586 μόνον
1705 3517 1727 3548 ⁸
1774 3517 1871 3570 τοῦ

297 3606 591 3677 χρώματος
647 3605 743 3660 καὶ
796 3607 1076 3676 σχήματος
1125 3606 1250 3676 ἔσχε
1281 3605 1381 3677 τὴν
1419 3605 1622 3675 γνῶσιν
1651 3624 1664 3638 ·
1702 3623 1874 3679 προσ-

298 3696 563 3767 ελθούσης
587 3697 646 3750 δέ
678 3700 778 3768 τῆς
805 3698 972 3768 ἁφῆς,
1007 3698 1393 3768 ἐγνωρίσαμεν
1429 3699 1511 3751 ὅτι
1547 3697 1751 3766 θερμὸν
1780 3699 1874 3751 καὶ

300 3788 601 3842 καυστικὸν
634 3789 878 3859 ὑπάρχει
907 3789 970 3842 τὸ
1006 3787 1141 3858 πῦρ.
1181 3788 1320 3841 Ποτέ
1388 3789 1490 3857 μέν
1525 3790 1558 3858 ἡ
1592 3789 1714 3857 ὄψις
1773 3789 1873 3858 τῆς

297 3878 704 3951 ἐπιμαρτυρίας
730 3879 924 3951 χρῄζει
951 3879 1062 3934 τῶν
1088 3879 1266 3933 ἄλλων
1304 3879 1612 3950 αἰσθήσεων
1643 3881 1781 3950 πρὸς
1815 3881 1873 3933 τὸ

297 3971 374 4044 μὴ
406 3970 738 4039 σφάλλεσθαι
763 3986 776 4000 ·
815 3972 949 4025 ποτὲ
981 3973 1037 4026 δέ
1067 3971 1187 4024 καθ’
1227 3970 1430 4042 ἑαυτὴν
1456 3971 1702 4042 ἐναργῶς
1730 3988 1873 4041 παρ-

296 4061 479 4130 ίστησι
535 4060 596 4114 τὸ
633 4061 958 4132 φαινόμενον
989 4077 1003 4090 ·
1039 4063 1169 4115 ὅταν
1216 4060 1312 4113 οὖν
1360 4061 1452 4113 τὸν
1499 4060 1709 4130 πύργον
1731 4061 1752 4092 ⁹
1782 4060 1873 4114 τὸν

292 4156 638 4225 τετράγωνον
678 4155 1013 4224 στρογγύλον
1058 4154 1346 4226 πόρρωθεν
1377 4154 1498 4224 ὁρᾷ,
1526 4155 1622 4205 καὶ
1649 4151 1719 4204 τά
1757 4153 1873 4222 μεί-

293 4246 425 4309 ζονα
454 4245 564 4298 τῶν
618 4245 836 4316 ζώωνῆ
894 4245 1238 4315 κτισμάτων,
1282 4244 1477 4316 μικρὰ,
1545 4243 1868 4312 σφάλλεται.

324 4337 540 4406 Ομοὶως
571 4336 666 4388 καὶ
691 4336 823 4390 ὅταν
851 4336 897 4368 ⁸⁸
925 4335 994 4388 δι’
1025 4334 1218 4398 ὕδατος
1238 4334 1564 4403 κινουμένου
1586 4334 1691 4403 ὁρᾷ
1717 4349 1732 4364 ο
1771 4334 1872 4402 τὴν

1981 3173 2046 3212 ac
2068 3158 2340 3227 quietem,
2397 3172 2632 3226 cumque
2679 3157 2765 3211 his
2789 3157 2936 3227 quod
2975 3172 3228 3226 asperum
3259 3172 3324 3210 ac
3365 3157 3481 3209 leve
3503 3163 3559 3209 et

1979 3249 2227 3318 planum,
2262 3249 2640 3319 inmqualeque
2659 3258 2778 3316 est;
2816 3259 2929 3302 tum
2981 3249 3144 3303 etiam
3177 3258 3356 3312 acuta,
3394 3247 3556 3301 obtu-

1979 3355 2168 3410 saque,
2202 3349 2257 3395 et
2285 3356 2408 3410 qua:
2459 3341 2682 3394 immota
2712 3341 3024 3394 consistunt
3060 3358 3074 3394 :
3131 3349 3184 3394 et
3209 3348 3391 3393 utrum
3423 3337 3554 3408 quid

1979 3431 2045 3484 ad
2077 3446 2310 3500 aqueutn
2367 3440 2421 3485 et
2459 3439 2696 3485 terreum
2731 3430 2988 3491 declinet,
3038 3431 3358 3498 dignoscere
3400 3427 3557 3480 facile

1977 3532 2177 3590 potest.
2207 3520 2277 3574 Ut
2336 3521 2482 3574 enim
2513 3539 2542 3574 ιι
2595 3520 2752 3574 nobis
2803 3521 3019 3573 colores
3055 3517 3553 3587 deprehendantur,

1978 3614 2125 3669 visus
2191 3619 2401 3666 tantum
2434 3627 2597 3666 causa
2629 3611 2845 3666 exsistit
2873 3627 2888 3675 ;
2923 3618 2984 3662 ut
3015 3623 3144 3662 vero
3187 3617 3404 3670 caetera,
3439 3615 3552 3660 tum

1976 3710 2174 3768 tactus,
2205 3710 2317 3756 tum
2343 3701 2493 3755 visus
2534 3709 2638 3764 est,
2668 3700 2815 3768 quod
2867 3698 3006 3767 ignis
3062 3696 3313 3765 exemplo
3338 3695 3554 3766 probari

1974 3801 2132 3857 facile
2143 3801 2481 3871 potest.Cum
2499 3801 2643 3856 enim
2663 3801 2841 3871 ignem
2859 3799 3095 3870 primum
3113 3798 3275 3854 nobis
3291 3798 3559 3867 inspicere

1972 3894 2260 3964 contingit,
2284 3896 2428 3964 quod
2445 3893 2652 3947 calidus
2675 3892 2746 3947 sit
2767 3892 3038 3947 novimus.
3054 3890 3556 3958 Verumenimvero,

1974 3986 2019 4040 si
2039 3983 2096 4039 id
2115 3985 2258 4054 quod
2289 3985 2522 4054 primum
2543 3984 2845 4052 inspexeris
2880 3983 3214 4046 consideres,
3256 3991 3383 4036 tunc
3409 3981 3554 4037 enim

1974 4074 2318 4130 manifestum
2339 4076 2443 4130 erit
2487 4075 2553 4128 de
2588 4075 2786 4130 coloris
2817 4073 3380 4142 tantummodoignis,
3415 4073 3550 4142 ligu-

1973 4178 2155 4232 rarque
2176 4164 2388 4218 ratione
2406 4163 2563 4216 nobis
2582 4162 2736 4230 plane
2766 4162 3109 4216 constitisse.
3133 4160 3189 4214 Si
3221 4176 3349 4215 vero
3383 4171 3438 4214 et
3469 4170 3555 4213 ta-

1972 4260 2121 4305 ctum
2154 4251 2586 4312 adhibuerimus,
2635 4250 2806 4314 illum,
2836 4258 2948 4303 tum
2995 4249 3230 4303 calidum
3268 4248 3381 4318 69
3412 4263 3554 4312 esse,

1976 4350 2089 4394 tum
2134 4340 2489 4396 comburendi
2533 4340 2640 4393 vim
2676 4340 2875 4393 habere
2911 4338 3403 4408 deprehendamus.
3450 4337 3556 4390 Sed

291 4426 404 4498 γάρ
434 4425 628 4495 κώπην
677 4426 754 4491 ὡς
799 4427 1183 4496 κεκλασμένην
1230 4425 1416 4495 βλέπει
1458 4427 1516 4477 ἐν
1555 4425 1621 4493 τῇ
1669 4421 1872 4475 θαλάσ-

1979 4446 2369 4501 nonnunquam
2399 4430 2596 4486 accidit
2621 4431 2759 4483 visui
2800 4429 2923 4499 ipsi,
2960 4443 3070 4498 quo
3099 4429 3281 4482 minus
3319 4429 3554 4492 aberret,

291 4533 365 4592 σῃ
395 4521 460 4574 “.
520 4519 754 4590 Ὁμοίως
781 4519 838 4572 δὲ
866 4520 912 4551 ¹¹
961 4519 1058 4573 καὶ
1090 4518 1222 4571 ὅταν
1263 4517 1354 4570 διά
1396 4533 1543 4579 τινος
1598 4515 1752 4586 ὕλης,
1792 4515 1869 4578 ὡς

290 4614 520 4665 ἐπὶτῶν
554 4612 860 4683 ἐσόπτρων,
898 4611 996 4664 καὶ
1025 4610 1233 4682 ἐτέρων
1267 4607 1572 4677 διαφανῶν.
1615 4609 1709 4660 καὶ
1737 4608 1869 4660 ὅταν

289 4701 458 4768 ὀξέως
490 4705 709 4773 κινῆται
735 4703 798 4756 τὸ
837 4701 1140 4773 ὁρώμενον.
1199 4699 1577 4769 Συνταράσσει
1623 4699 1735 4768 γὰρ
1769 4697 1869 4766 τὴν

288 4791 414 4861 δψιν
443 4794 691 4866 ἠταχεῖα
733 4794 972 4864 κίνησις,
1019 4792 1095 4855 ὼς
1127 4791 1222 4844 ἐπὶ
1267 4790 1362 4844 τοῦ
1397 4791 1501 4860 τῆς
1535 4789 1869 4860 περιστερᾶς

289 4884 590 4955 τραχήλου.
662 4884 960 4954 Τεσσάρων
1016 4882 1074 4935 δέ
1159 4882 1395 4950 μάλιστα
1464 4879 1601 4950 πρὸς
1662 4877 1868 4948 ἐναργῆ

290 4973 587 5043 διάγνωσιν
628 4976 664 5046 ἡ
703 4975 828 5045 ὕψις
878 4974 1074 5045 χρῄζει
1102 4990 1118 5004 ο
1163 4971 1442 5035 ἀϐλαὸοὗς
1469 4971 1863 5041 αἰσθητηρίου·

293 5067 616 5136 συμμέτρου
640 5067 911 5136 κινήσεως
934 5081 947 5094 ·
974 5067 1069 5120 καὶ
1097 5065 1467 5134 διαστήματος
1498 5063 1660 5132 ἀέρος
1690 5061 1866 5114 καθα-

295 5156 392 5226 ροῦ
420 5173 434 5186 ο
459 5159 556 5212 καὶ
615 5156 875 5229 λαμπροῦ
930 5157 1130 5227 φωτός.
1187 5157 1302 5211 Καὶ
1327 5155 1396 5209 τά
1432 5156 1532 5226 μὲν
1576 5155 1706 5224 περὶ
1756 5152 1866 5205 τῶν

292 5244 592 5316 ὀφθαλμῶν
620 5248 764 5310 ἃλις.

1977 4522 2100 4576 aliis
2139 4521 2400 4576 sensoriis
2445 4536 2542 4575 ceu
2600 4520 2831 4574 testibus
2887 4519 3011 4573 uti:
3049 4518 3378 4588 quandoque
3426 4531 3556 4572 vero

1977 4627 2075 4682 per
2108 4626 2165 4664 se
2195 4611 2373 4679 ipsum
2405 4610 2555 4664 nullo
2591 4619 2915 4664 ceterorum
2946 4607 3278 4662 adminiculo
3316 4622 3403 4661 res
3435 4621 3557 4675 qua:

1976 4709 2239 4771 apparent
2278 4701 2684 4756 animadvertit.
2736 4700 2931 4754 Turris
2974 4699 3138 4768 igitur
3174 4697 3454 4767 quadrata:
3495 4697 3556 4748 li-

1974 4807 2124 4863 gurte
2159 4791 2212 4844 in
2241 4791 2407 4859 paulo
2427 4791 2704 4845 remotiori
2735 4806 2766 4844 a
2793 4790 2912 4844 visu
2942 4803 3107 4857 quam
3137 4801 3234 4855 par
3259 4785 3330 4838 sit
3352 4785 3557 4839 distan-

1973 4884 2047 4937 tia
2105 4882 2282 4952 posita
2327 4883 2558 4937 rotunda
2611 4881 2865 4945 videtur,
2931 4879 3253 4948 majoraque
3297 4875 3554 4930 animalia

1968 4987 2034 5028 ac
2081 4972 2326 5042 cujusvis
2375 4971 2592 5042 generis
2648 4970 2901 5033 aedilicia,
2977 4969 3227 5022 breviora
3277 4967 3415 5022 :sed
3454 4965 3557 5019 fal-

1969 5063 2100 5118 litur
2149 5064 2391 5134 quidem.
2453 5062 2641 5132 Atqui,
2676 5070 2728 5116 ct
2765 5062 2858 5114 illo
2910 5069 3152 5128 tempore
3203 5059 3354 5112 visus
3387 5057 3552 5112 etiam

1969 5154 2146 5224 decipi
2188 5155 2347 5217 solet,
2390 5168 2515 5208 cum
2577 5168 2762 5207 remus
2809 5167 2876 5206 ex
2928 5159 3079 5204 motu
3132 5164 3288 5220 aqua:
3316 5149 3372 5203 in
3416 5146 3554 5202 mari

1968 5243 2175 5299 fractus
2233 5245 2466 5300 videtur.
2512 5242 2595 5297 Ad
2638 5243 2773 5309 haec,
2821 5240 3056 5310 alicujus
3086 5241 3330 5294 materia:
3365 5255 3552 5314 causa,

295 5348 355 5391 ut
373 5352 440 5392 ex
464 5339 674 5408 speculi
707 5339 1160 5410 inspectionibus,
1189 5353 1253 5393 ac
1286 5337 1409 5392 aliis
1467 5334 1756 5404 diaphanis
1811 5350 1934 5405 quae
1969 5336 2220 5392 videlicet
2277 5339 2612 5392 translucent
2665 5335 3011 5405 corporibus,
3052 5335 3203 5388 visus
3259 5331 3550 5400 decipitur.

292 5429 449 5486 Tunc
485 5433 672 5499 etiam,
734 5434 954 5502 quando
981 5433 1032 5488 id
1062 5433 1209 5503 quod
1231 5433 1503 5496 cernitur,
1558 5430 1763 5500 pernici
1792 5446 1856 5486 ac
1891 5431 2314 5487 ocissitnomotu
2333 5432 2534 5487 fertur:
2559 5432 2684 5486 talis
2730 5431 2876 5485 enim
2929 5427 3271 5497 motus,utin
3289 5426 3554 5482 columbae

360 5569 687 5645 ?3_léxouatv
709 5575 770 5628 Β.
846 5578 893 5609 ⁹⁹
925 5575 1056 5645 παρ’
1087 5577 1281 5645 ἐγκεφ.
1337 5584 1390 5630 et
1429 5587 1551 5645 mox
1573 5573 1637 5645 13>
1657 5574 1878 5645 νεύρω.
1940 5576 1956 5608 ³
1987 5575 2333 5645 κεχωσμένον
2360 5574 2426 5628 Α.
2503 5575 2523 5645 ξ
2553 5574 2766 5645 ζίνησίν

523 5642 614 5716 λον
645 5645 707 5698 Β.
784 5648 806 5679 ⁸
829 5647 924 5700 καὶ
973 5642 1034 5699 τὸ
1196 5645 1216 5676 ⁸
1237 5642 1356 5716 ’ὐδζ
1381 5643 1569 5716 τυχὸν-
1595 5644 1656 5697 Β.
1731 5642 1994 5716 ⁷’ἀγάγῃς
2022 5642 2061 5696 Β
2082 5647 2146 5700 Ρ.

298 5640 614 5765 ⁵’ἀνῗιιαλον
645 5645 707 5698 Β.
784 5647 924 5700 ⁵καὶ
973 5640 1034 5699 τὸ
1057 5640 1140 5701 Β.’
1196 5640 1326 5697 ⁶’ὐδ.
1381 5643 1544 5712 τυχὸν
1595 5644 1656 5697 Β.
1731 5640 1829 5709 "dt:

298 5709 394 5764 καὶ
455 5728 555 5768 ταν
582 5713 624 5767 Β
663 5716 726 5769 Ρ.
810 5718 850 5751 ⁸⁸
879 5717 976 5788 τῆς
1010 5715 1289 5786 θαλάσσης
1324 5713 1386 5768 Β.
1464 5715 1505 5744 ¹²
1528 5713 1584 5765 δὲ
1610 5729 1720 5768 om.
1771 5715 1829 5770 Β.

2822 5591 2881 5640 τε
2941 5571 3058 5628 BC
3118 5570 3179 5626 Ρ.
3257 5568 3444 5640 ⁸’ταχὺ

2245 5645 2267 5675 ⁸
2300 5645 2462 5714 μόνου
2495 5644 2536 5695 Β
2565 5642 2625 5698 P.
2663 5637 2675 5644 ⁷
2697 5645 2719 5677 ⁹
2743 5637 2985 5712 τὸν-γοῦν
3011 5661 3073 5697 π.
3101 5642 3141 5697 Β
3165 5643 3226 5695 Ρ.
3305 5641 3350 5672 ¹⁰
3377 5637 3469 5707 ξφ.
