4006 6158
275 307 433 364 μοι
1533 301 1627 357 DE
1659 300 1832 358 NATI

1942 347 1946 354 _
1987 299 2294 360 HOMINIS.
3367 359 3371 362 .
3400 311 3539 368 “8‘2

290 424 388 477 καὶ
410 423 466 474 αι
507 419 604 489 μὲν
636 399 965 489 στρογγύλαι
993 415 1064 480 ³⁸,
1092 409 1148 466 αἱ
1181 406 1243 465 δὲ
1277 415 1462 486 σιμαὶ,
1488 415 1545 468 al
1563 415 1621 469 δὲ
1653 415 1825 482 ὀξεῖαι

1965 415 2169 481 oleum,
2198 420 2293 468 aut
2320 407 2626 481 quemlibet
2659 415 2822 472 alium
2853 419 3132 476 humorem
3165 422 3413 480 adhiberi
3445 439 3541 482 ae-

289 513 348 564 αι
369 512 426 564 δὲ
460 507 718 579 μεγάλαι,
751 509 808 561 αἱ
835 506 892 560 δὲ
943 502 1158 576 μικραί.
1187 497 1366 558 Α’ὗται
1399 505 1456 559 δὲ
1514 505 1718 574 μᾶλλον
1749 505 1832 558 τῶη

1963 505 2116 571 cidit,
2156 505 2400 574 pruritus
2436 505 2720 560 sentitur.
2772 507 3084 576 Enimvero,
3139 515 3258 569 nasi
3315 515 3544 571 diversas

287 601 468 655 ἄλλων
494 600 703 670 μορίων
731 597 998 652 ε-ὑειδείαν
1049 598 1082 668 ἢ
1107 597 1415 652 δυσειδείαν
1448 597 1753 666 παρέχουσι
1781 597 1832 666 τὲ

1942 595 2154 652 .lorme
2170 596 2440 650 visuntur.
2476 593 2615 651 Sunt
2655 598 2746 666 qui
2771 613 3000 653 recurvo
3030 610 3160 656 sunt
3182 604 3414 672 praediti,
3445 606 3540 660 alii

288 689 589 761 προσώπῳ,
1966 687 2021 740 in
2043 685 2384 740 latitudinem
2403 686 2696 754 distracto;
2725 689 2814 742 alii
2833 691 3066 744 rotunda
3093 691 3264 762 ﬁgura
3283 712 3296 759 ;
3317 695 3538 763 quidam

286 782 486 836 simum
523 780 760 846 habent;
789 779 844 833 in
875 779 996 832 aliis
1029 778 1375 833 acuminatus
1412 777 1657 832 cernitur
1690 794 1705 832 :
1747 777 1802 830 in
1843 777 2173 846 quibusdam
2214 779 2442 850 ingens;
2483 777 2539 832 in
2583 779 2862 849 plerisque
2905 795 3109 850 parvus
3182 783 3470 856 inspicitur
3523 803 3536 838 :

261 894 264 902 ι
289 872 403 927 haec
430 873 700 941 siquidem
721 886 849 941 pars
873 885 985 941 pra:
1011 869 1224 926 caneris
1261 868 1504 924 hominis
1545 867 1739 924 faciem
1774 867 2068 924 formosam
2091 869 2508 941 deformemque
2537 871 2774 926 maxime
2803 873 2996 928 reddit.

635 1074 778 1141 Κεφ.
805 1073 879 1127 Ε’.
906 1099 977 1111 -
1000 1072 1142 1140 Περὶ
1161 1072 1508 1141 ματούλων.

2433 1073 2563 1142 Cap.
2602 1074 2667 1129 V.
2694 1103 2764 1117 —
2783 1074 2857 1128 De
2883 1076 3049 1145 genis.

355 1187 437 1239 Τὰ
487 1185 544 1238 δὲ
595 1185 872 1253 μάγουλα
917 1183 1213 1253 καῖμῆλα
1257 1187 1547 1255 λέγονταιο
1587 1181 1749 1234 ὀστέα
1795 1182 1832 1234 δε

2030 1185 2192 1241 Genae
2245 1194 2448 1250 autem,
2504 1201 2625 1256 qua:
2675 1194 2729 1240 et
2783 1186 2939 1240 malae
2997 1197 3282 1264 vocantur,
3315 1190 3417 1260 71
3466 1191 3535 1246 ab

281 1280 392 1333 εισι
419 1275 681 1344 κυφοειδῆ
715 1276 830 1337 τοῖς
861 1275 1157 1343 κροτάφοις
1183 1274 1602 1347 συμπεφυκότα.
1633 1269 1832 1324 Τούτωπ

1960 1273 2093 1344 ipsis
2140 1273 2308 1343 μῆλα,
2342 1289 2583 1329 convexa
2637 1289 2762 1330 ossa
2817 1287 2966 1340 sunt,
2995 1292 3115 1346 quae
3147 1293 3271 1332 eum
3319 1288 3531 1350 tempo-

279 1371 338 1425 δὲ
373 1369 538 1440 μόριά
566 1369 693 1431 εἰσι,
718 1371 812 1420 καὶ
845 1365 912 1419 τά
941 1365 1050 1419 τῶν
1074 1366 1304 1420 ὀδόντων
1349 1368 1572 1420 πάντων
1622 1364 1830 1431 φατνία

1965 1365 2120 1418 ribus
2173 1371 2644 1433 coagmentantur.
2696 1363 2755 1417 ln
2820 1365 3014 1418 borum
3079 1375 3259 1420 autem
3323 1369 3530 1422 ossium

283 1461 425 1532 πλὴν
447 1460 555 1524 τῶν
576 1458 808 1530 τομέων.
843 1458 1112 1526 Μάγουλα
1146 1459 1203 1511 δὲ
1256 1459 1352 1512 καὶ
1406 1459 1554 1529 μῆλα
1606 1457 1761 1530 παρὰ
1793 1476 1832 1510 τε

1963 1461 2136 1523 parte,
2160 1466 2352 1506 omnes
2374 1453 2564 1508 dentes
2585 1461 2779 1522 praeter
2803 1453 2926 1508 illos
2954 1455 3046 1524 qui
3101 1458 3320 1511 secandi
3351 1458 3532 1513 ofﬁcio

283 1553 430 1624 μάλα
451 1553 494 1586 ³⁸
525 1552 619 1607 καὶ
647 1553 707 1605 τὸ
737 1546 916 1607 οὖλον.
949 1553 1110 1615 Τινὲς
1137 1549 1194 1605 δὲ
1243 1553 1332 1608 διὰ
1374 1553 1436 1606 τὸ
1487 1553 1716 1626 ἐρυθρὸν
1755 1553 1832 1605 τοὲ

1967 1542 2200 1615 delegati
2230 1551 2377 1609 sunt,
2401 1557 2497 1597 ceu
2534 1543 2586 1597 in
2615 1543 2854 1613 laqueari
2881 1544 3066 1599 inserti
3090 1549 3358 1602 visuntur.
3380 1548 3532 1604 Malae

283 1643 458 1715 μήλου
491 1644 584 1697 καὶ
615 1643 790 1697 ταῦτα.
814 1642 987 1706 οὕτως
1017 1641 1266 1698 καλοῦσι,
1294 1645 1407 1713 Τῆς
1451 1644 1557 1717 γὰρ
1601 1644 1855 1716 εὐχροίας
1959 1636 2102 1690 enim
2149 1636 2219 1690 οἱ)
2266 1635 2318 1689 id
2377 1635 2525 1706 μῆλα
2563 1635 2718 1690 dicta:
2765 1645 2916 1702 sunt,
2957 1638 3101 1706 quod
3149 1638 3529 1708 lubricitatem,

277 1734 376 1787 τοῦ
413 1732 665 1804 σώματος
698 1736 795 1788 καὶ
827 1733 922 1788 τοῦ
969 1734 1213 1804 ἐμφύτου
1250 1734 1458 1806 θερμοῦ
1510 1736 1760 1789 δεικτικά
1782 1735 1826 1766 ³⁸

1952 1741 2016 1781 ac
2049 1725 2334 1780 laavitatem
2355 1725 2672 1795 quamdam,
2693 1727 3150 1795 quemadmodum
3184 1727 3392 1786 fructus
3419 1732 3532 1801 ple-

279 1818 454 1872 Τοῦτο
480 1820 541 1872 τὸ
568 1820 733 1893 μέρος
758 1822 851 1874 καὶ
887 1821 1139 1889 σιαγόνες
1167 1821 1440 1890 λέγονται,
1494 1825 1576 1876 ὅτι
1610 1823 1828 1877 σείοντα

1960 1829 2187 1884 rumque
2233 1814 2578 1869 ostendunt:
2615 1829 2646 1868 a
2697 1815 3046 1884 quibusdam,
3094 1819 3164 1872 ob
3211 1819 3526 1875 rubedinem

279 1910 703 1981 περιαγόμεναι,
731 1911 827 1963 καὶ
852 1909 1180 1978 συνάγονται
1229 1914 1286 1965 ὲν
1318 1911 1396 1982 τῷ
1450 1911 1656 1966 ἐσθίειν
1703 1912 1832 1981 ἡμᾶς

1959 1905 2088 1958 mali
2164 1904 2238 1959 ita
2310 1915 2364 1958 et
2414 1905 2498 1960 hae
2532 1915 2941 1975 nuncupantur.
2992 1905 3086 1962 lla:
3143 1910 3285 1964 enim
3325 1914 3526 1966 bonum

277 2000 312 2070 ἢ
344 2002 554 2071 ὁμιλεῖν
578 2018 592 2031 °
615 2003 649 2072 ἦ
668 2003 750 2055 ὅτι
773 2004 1018 2074 σιγῶμεν
1039 2005 1200 2074 ἡμεῖς
1226 2004 1408 2057 αὐτῶν
1440 1999 1832 2074 κεκλεισμένω

1958 1995 2208 2064 corporis
2247 1995 2505 2059 colorem,
2536 2007 2698 2066 atque
2740 1995 2886 2050 illius
2912 1997 3004 2066 qui
3041 1998 3094 2051 in
3141 2000 3300 2054 nobis
3334 2002 3528 2057 insitus

278 2089 472 2144 ὄντων.

1956 2092 2044 2141 est
2089 2085 2285 2141 caloris
2330 2085 2699 2140 salubritatem
2751 2096 3155 2157 repraesentant.
3186 2088 3310 2144 llam
3344 2104 3525 2146 auum

278 2199 412 2252 pars
467 2194 524 2240 et
591 2185 827 2240 maxillae
877 2185 1199 2255 appellatur,
1241 2201 1363 2256 quae
1399 2185 1469 2242 ab
1533 2188 1665 2258 ipsis
1711 2203 1832 2254 σιαγ

1942 2199 1955 2246 ;
1996 2178 2273 2245 dicuntur,
2340 2179 2422 2233 ὃτι
2494 2179 2727 2234 σείονται
2769 2182 3181 2252 περιαγόμεναι,
3228 2199 3295 2238 ex
3351 2201 3418 2240 eo
3448 2189 3527 2238 vi-

281 2273 495 2340 delicet,
541 2276 687 2344 quod
721 2291 832 2345 prae
861 2279 945 2332 sui
979 2277 1273 2347 agitatione
1305 2281 1728 2334 concutiuntur:
1766 2278 1846 2331 vel
1888 2274 2035 2344 quod
2067 2287 2130 2325 ea
2204 2287 2326 2340 quae
2386 2272 2748 2326 comeduntur
2779 2284 3129 2342 congregant,
3177 2277 3319 2346 quod
3365 2279 3526 2332 συνά-

280 2383 402 2434 γειν
450 2368 523 2422 illi
563 2369 773 2426 dicunt.
811 2370 937 2426 Sive
1001 2374 1144 2441 quod
1187 2387 1288 2428 nos
1354 2374 1571 2429 clausas
1617 2374 1764 2442 ipsas
1827 2368 2167 2426 continentes
2211 2365 2426 2420 silentia
2475 2366 2702 2435 agimus,
2752 2366 2895 2441 quod
2943 2365 3047 2437 ipsi
3123 2370 3282 2438 σιγᾷν
3312 2369 3521 2426 dicunt.

279 2477 424 2546 Κεφ.
465 2480 556 2545 (τι.
589 2509 660 2520 -—
689 2482 828 2548 Περὶ
869 2479 982 2550 τῆς
1009 2482 1131 2537 ἄνω
1159 2483 1376 2554 γένυος
1400 2485 1496 2538 καί
1531 2484 1640 2554 τῆς
1667 2484 1846 2540 κάτω.

345 2587 579 2655 Λέγεται
615 2589 708 2640 καὶ
731 2587 854 2642 ἅνω
882 2589 1084 2658 γένυς,
1123 2591 1265 2661 μετὰ
1308 2591 1404 2644 τοῦ
1434 2593 1547 2647 ἄνω
1591 2593 1803 2664 χείλους
1830 2609 1844 2624 ⁸

271 2677 372 2730 καὶ
405 2677 562 2731 κάτω
581 2679 626 2710 ⁸³
655 2679 734 2743 δὲ,
798 2684 939 2750 μετὰ
986 2683 1080 2735 τοῦ
1121 2683 1382 2752 πώγωνος
1428 2686 1523 2738 καὶ
1573 2685 1681 2738 τῶν
1733 2703 1841 2739 πα·

2083 2477 2217 2547 Cap.
2255 2476 2343 2531 Vl.
2371 2508 2439 2518 —
2460 2475 2540 2530 De
2566 2479 2834 2547 superiore
2868 2490 2918 2533 et
2957 2481 3208 2550 inferiore
3247 2498 3399 2552 genu.

2018 2582 2306 2651 Praeterea,
2361 2585 2477 2639 haec
2521 2584 2705 2639 itidem
2749 2602 2920 2655 pars,
2963 2603 3086 2643 cum
3147 2591 3522 2660 superioribus

1948 2676 2129 2743 labiis,
2167 2677 2416 2746 superior
2443 2692 2577 2746 gena
2598 2718 2613 2742 ,
2653 2677 2880 2733 inferior
2902 2694 3065 2746 vero,
3103 2695 3227 2735 cum
3267 2683 3436 2740 barba
3467 2695 3521 2740 et

275 2766 460 2839 ρειῶν.
500 2770 610 2822 Καὶ
635 2770 732 2840 τὴν
764 2772 861 2840 μὲν
893 2771 1046 2825 κάτω
1087 2774 1266 2828 πάντα
1302 2775 1371 2828 τά
1397 2774 1512 2839 ζῶα
1537 2779 1698 2841 κινεῖ,
1745 2778 1832 2846 τὴι

1950 2776 2156 2828 mento,
2185 2775 2552 2835 nuncupatur.
2569 2765 2635 2820 Et
2655 2781 2789 2836 gena
2811 2783 2932 2838 quae
2959 2769 3096 2826 infra
3136 2781 3218 2826 est
3237 2811 3251 2834 ,
3273 2774 3339 2827 ab
3369 2777 3519 2829 omni

271 2859 391 2912 ἀνω
421 2857 476 2910 δὲ
513 2860 721 2930 μηδένα
747 2876 762 2890 '
798 2863 847 2914 εί
875 2861 951 2933 μὴ
970 2862 1014 2894 ³⁸
1039 2864 1129 2916 τὸν
1157 2864 1496 2934 κροκόδειλον
1530 2865 1715 2939 μόνον,
1749 2867 1832 2919 καὶ

1954 2858 2173 2912 animali
2207 2867 2472 2921 movetur,
2494 2867 2719 2925 excepto
2759 2859 3032 2913 crocodilo
3056 2868 3109 2914 et
3125 2862 3374 2930 phmnice
3396 2880 3515 2931 ave,

271 2949 370 3001 τὸν
418 2950 636 3017 φοίνικα
669 2952 762 3005 τὸν
804 2953 992 3024 δρνεον
1018 2969 1032 2984 ·
1082 2954 1250 3023 ἄμφω
1282 2955 1392 3026 γὰρ
1444 2957 1505 3008 οὐ
1561 2958 1658 3026 τὴν
1691 2957 1832 3008 κάτω

1950 2947 2150 3017 quibus
2191 2957 2400 3000 tantum
2456 2947 2681 3002 immota
2721 2947 2968 3016 exsistit;
3007 2953 3259 3020 superior
3287 2954 3430 3008 enim
3462 2955 3516 3009 in

275 3039 460 3107 μόνον,
491 3041 627 3094 ἄλλα
674 3045 768 3096 καὶ
821 3045 923 3114 τὴν
961 3045 1075 3100 ἄνω
1113 3047 1279 3113 γένυν
1329 3049 1491 3102 κινεῖ.
1537 3049 1734 3112 Γένυς
1783 3048 1832 3100 δὲ

1947 3037 2029 3091 eis
2069 3037 2352 3102 duntaxat,
2377 3053 2484 3093 non
2529 3049 2710 3092 autem
2740 3039 2965 3095 inferior
3010 3052 3276 3099 movetur.
3313 3044 3517 3099 Genam

269 3132 494 3200 λέγεται
517 3135 564 3166 ³⁸
599 3136 663 3189 ὲκ
691 3135 788 3189 τοῦ
823 3138 890 3192 τά
919 3142 1051 3209 γένη
1073 3139 1426 3210 διαχωρίζειν
1453 3140 1563 3194 τῶν
1596 3142 1832 3212 ἀρῤένωι

1950 3125 2050 3180 hac
2072 3126 2139 3180 de
2161 3141 2325 3180 causa
2349 3127 2669 3196 appellatam
2691 3144 3000 3196 censemus,
3028 3133 3173 3202 quod
3196 3149 3292 3204 per
3343 3135 3515 3203 ipsam

267 3224 369 3276 καὶ
397 3224 504 3276 τῶν
552 3225 806 3296 θηλειῶν,
835 3231 931 3282 καὶ
975 3231 1202 3285 τελείων
1249 3233 1345 3285 καὶ
1387 3230 1632 3285 ἀτελῶν·
1665 3232 1698 3300 ἢ
1757 3232 1832 3283 ὅτι

1944 3231 2144 3287 genera
2215 3218 2446 3270 marium
2488 3216 2963 3289 feminarumque,
3018 3231 3072 3276 et
3116 3224 3208 3292 qui
3266 3225 3516 3294 perfectae

265 3316 438 3386 γεννᾷ
465 3315 684 3381 ὀδόντας
699 3320 795 3374 καὶ
832 3321 1047 3392 τρίχας.

690 3516 833 3584 Κεφ.
869 3517 946 3570 Z'.
976 3547 1045 3557 —
1063 3518 1203 3586 Περὶ
1228 3518 1416 3572 ὢτων.

335 3621 420 3675 Τὰ
449 3622 506 3676 δὲ
534 3616 650 3677 ὧτα
703 3625 978 3697 χονδρώδη
1023 3627 1132 3681 εἰσὶ
1169 3629 1265 3680 καὶ
1309 3629 1575 3700 νευρώδη,
1618 3629 1838 3700 ἀντιλη-

270 3713 445 3767 πτικὰ
480 3715 699 3783 φωνῶν,
725 3717 820 3770 καὶ
849 3717 963 3770 τῶν
995 3719 1053 3771 ὲν
1086 3720 1278 3781 αὐταῖς
1309 3720 1582 3790 διαφορῶν
1602 3736 1619 3754 ο
1641 3721 1835 3792 ἐπιτή-

264 3803 408 3865 δειος
437 3804 545 3876 γὰρ
572 3809 600 3858 ό
620 3806 841 3876 χόνδρος
868 3809 1008 3878 πρὸς
1025 3808 1243 3877 ψόφους
1267 3813 1359 3862 καὶ
1379 3811 1568 3880 ηχους.
1601 3811 1837 3879 Λέγεται

263 3894 322 3947 δὲ
353 3889 474 3948 ὦτα
504 3897 655 3965 παρὰ
714 3897 775 3949 τὸ
818 3899 1070 3970 δέχεσθαι
1121 3900 1219 3970 τὴν
1263 3901 1394 3966 ὅπα,
1437 3903 1686 3956 τουτέστι
1737 3903 1835 3973 τὴν

263 3987 557 4055 φωνήνδή
603 3987 714 4058 γάρ
759 3989 896 4059 ἀκοὴ
941 3991 1029 4044 διὰ
1077 3993 1172 4044 τοῦ
1208 3993 1664 4062 ἐγκεκρυμμένον
1720 3996 1834 4058 τοῖς

259 4077 397 4132 ὠσὶν
458 4078 766 4148 πνεύματος
798 4083 1100 4151 ἐπιγίνεται
1117 4084 1183 4149 ³⁸,
1259 4084 1554 4154 ξηροτέρου
1624 4085 1833 4158 μᾶλλον

258 4168 418 4230 ὖντος
446 4169 478 4238 ἢ
503 4169 854 4241 λεπτοτέρου.

1943 3306 2122 3361 aetatis
2180 3315 2342 3376 atque
2378 3309 2707 3379 imperfectae
2744 3321 2871 3366 sunt
2900 3313 3308 3384 distinguamur
3337 3354 3354 3380 ,
3397 3315 3515 3372 sive

1940 3396 2086 3466 quod
2127 3397 2183 3452 in
2233 3397 2350 3468 ipsa
2391 3397 2584 3454 dentes
2620 3401 2823 3470 pilique
2875 3403 3186 3472 gignantur.

2313 3511 2448 3579 Cap.
2480 3510 2592 3566 Vll.
2622 3541 2692 3552 -—
2721 3511 2797 3566 De
2830 3515 3071 3569 auribus.

2008 3621 2185 3676 Aures
2222 3630 2402 3676 autem
2464 3623 2847 3693 cartilagineas
2909 3639 3281 3695 nervosasque
3315 3635 3510 3684 natura

1937 3710 2273 3780 procreavit,
2335 3728 2569 3781 quarum
2617 3729 2779 3769 voces
2844 3730 3143 3785 earumque
3191 3716 3510 3773 discrimina

1936 3801 2395 3870 comprehendere
2458 3802 2694 3858 oliicium
2726 3813 2829 3860 est.
2879 3804 2936 3859 Si
2967 3807 3185 3876 quidem
3245 3809 3509 3880 cartilago

1938 3893 2008 3947 ad
2047 3894 2308 3963 strepitus
2365 3909 2640 3965 sonosque
2686 3897 3064 3967 percipiendas
3121 3910 3245 3968 apta
3285 3902 3508 3957 idonea-

1927 3998 2044 4054 .quc
2067 3985 2316 4040 habetur.
2343 3985 2516 4041 Aures
2539 4001 2773 4056 namque
2829 3988 2975 4058 ipsae,
3009 4005 3131 4060 quas
3155 3991 3341 4048 Graece
3369 3987 3504 4057 ὦτα,

1939 4089 2140 4129 nomen
2200 4077 2505 4145 sumpsisse
2561 4091 2591 4130 a
2633 4091 2768 4133 voce
2819 4078 3129 4148 accipienda
3190 4091 3509 4146 censentur,

1934 4180 2098 4235 quam
2144 4165 2220 4220 illi
2268 4166 2378 4219 ὅπα
2413 4176 2750 4237 nuncupant.
2801 4166 2937 4222 Nam
2972 4171 3211 4232 auditus.
3258 4171 3507 4228 siccioris

1936 4256 2111 4324 magis
2148 4272 2310 4326 quam
2354 4257 2656 4314 subtilioris
2691 4258 2914 4328 spiritus
2956 4275 3125 4315 causa
3167 4261 3262 4330 qui
3312 4261 3366 4315 in
3408 4276 3507 4316 au-

1935 4346 2089 4401 ribus
2136 4347 2446 4402 reconditus
2469 4355 2574 4415 est,
2599 4349 2968 4405 constituitur.

335 4418 499 4472 Ἐστι
531 4419 589 4474 δὲ
606 4421 668 4474 τὸ
688 4439 782 4485 ους
802 4426 943 4477 κατὰ
965 4425 1063 4494 μὲν
1093 4426 1155 4479 τὸ
1182 4409 1790 4500 εῐδοςςστρογγυλοειδὶς
1813 4452 1827 4467 ο

2008 4438 2299 4493 Enimvero
2337 4453 2498 4494 aures
2519 4440 2728 4496 interne
2746 4445 2995 4497 rotunda:
3011 4451 3160 4505 sunt,
3196 4457 3333 4511 quas
3355 4457 3507 4498 com-

257 4507 384 4579 έχον
405 4511 647 4580 ἐσχάτως
676 4513 867 4567 ὀστοῦν
919 4515 1293 4588 όμοιόσχημον
1326 4520 1508 4591 ἑαυτῷ
1529 4539 1540 4551 ·
1585 4523 1644 4575 ὲν
1674 4518 1831 4596 ᾧπερ

258 4601 425 4662 ώς³ὲν
453 4601 661 4673 ἀγγείῳ
675 4606 817 4676 κενῷ
845 4609 1029 4678 πάσης
1051 4611 1235 4680 φωνῆς
1251 4613 1279 4663 ό
1307 4611 1480 4678 ψόφος
1499 4614 1827 4683 εἰσέρχεται.

260 4691 373 4743 Καὶ
403 4690 590 4762 ἐπειδὴ
616 4693 776 4747 τοῦτο
804 4696 862 4748 τὸ
891 4697 1082 4751 ὀστοῦν
1109 4699 1246 4770 πρὸς
1270 4701 1364 4753 τὸν
1397 4703 1701 4771 ἐγκέφαλον
1728 4706 1830 4759 οὐκ

256 4780 374 4850 ἔχει
407 4782 596 4852 πόρον,
643 4785 971 4841 ἀποδίδωσιν
1001 4791 1080 4852 εἰς
1133 4790 1225 4842 τὸν
1259 4790 1355 4843 τοῦ
1417 4794 1686 4860 στόματος
1739 4796 1831 4848 οὐ·

257 4873 447 4942 ρανὸν,
473 4877 726 4928 κάκεῖθεν
761 4885 1052 4950 τεινομένη
1083 4881 1224 4950 φλὲψ
1254 4886 1334 4946 εἰς
1376 4885 1469 4936 τὸν
1505 4888 1829 4956 ἐγκέφαλον,

255 4965 400 5034 πρὸς
427 4965 470 4996 ³⁷
496 4967 660 5020 αὐτὸν
693 4969 998 5033 διαϐιϐάζει
1029 4973 1122 5024 τὸν
1166 4973 1361 5043 ψόφον.
1407 4978 1650 5031 Ἐκεῖθεν
1689 4980 1748 5033 δὲ
1800 4981 1829 5032 ὁ

255 5053 387 5114 νοῦς
427 5053 528 5116 τὰς
575 5058 910 5121 ἀκουπικὰς
944 5061 1262 5132 ἀντιλήψεις
1304 5066 1400 5120 καὶ
1457 5067 1694 5136 δέχεται,
1733 5071 1827 5122 καὶ

255 5142 539 5209 γνωρίζει,
572 5147 667 5198 καὶ
696 5147 967 5216 διακρίνει
996 5150 1320 5221 πρέποντως
1342 5155 1388 5187 ³⁸
1413 5157 1513 5226 τήν
1559 5175 1619 5210 τε
1651 5159 1832 5222 ὀξεῖαν

253 5232 356 5283 καὶ
380 5237 642 5302 τραχεῖαν
672 5238 875 5307 φωνὴν,
911 5241 1008 5292 καὶ
1037 5242 1135 5312 τὴν
1170 5245 1373 5314 ἡδεῖαν,
1403 5247 1498 5300 καὶ
1537 5248 1637 5317 τὴν
1664 5251 1825 5320 ἀηδῆ,

1937 4527 2088 4598 paris
2117 4529 2302 4600 ligone
2329 4544 2456 4585 osse
2479 4532 2533 4584 in
2563 4544 2750 4586 earum
2784 4544 3032 4589 extremo
3055 4534 3347 4589 exsisteute
3370 4549 3508 4604 prae-

1934 4616 2076 4672 ditas
2098 4626 2334 4682 constat,
2349 4619 2401 4673 in
2421 4621 2587 4689 quod,
2606 4621 2712 4691 72
2726 4638 2822 4678 ceu
2853 4623 2909 4676 in
2930 4638 3024 4678 vas
3046 4623 3226 4686 inane,
3246 4625 3504 4694 strepitus

1934 4708 2226 4776 cujuslibet
2266 4711 2416 4767 vocis
2452 4713 2774 4783 ingreditur.
2807 4715 2876 4770 Et
2905 4717 3162 4785 quoniam
3203 4717 3308 4772 tale
3342 4732 3404 4772 os
3433 4716 3501 4770 ad

1936 4800 2217 4854 cerebrum
2258 4812 2565 4873 vergentem
2620 4816 2854 4861 meatum
2890 4808 3203 4876 neutiquam
3239 4808 3500 4870 continet,

1937 4889 2114 4959 ipsum
2137 4893 2206 4946 ad
2220 4893 2333 4947 oris
2349 4894 2586 4962 palatum
2606 4906 2798 4950 natura
2827 4897 3090 4961 adhibuit,
3121 4914 3148 4950 a
3179 4913 3290 4967 quo
3310 4900 3506 4966 strepi-

1935 4989 2043 5043 tus,
2064 4994 2211 5036 vena:
2235 4983 2396 5038 unius
2415 4985 2715 5040 ministerio
2734 5003 2856 5056 quas
2883 4988 2948 5041 ad
2977 4988 3258 5042 cerebrum
3286 4996 3503 5056 proten-

1932 5072 2079 5126 ditur
2096 5074 2162 5128 ad
2183 5075 2359 5144 ipsum
2387 5075 2574 5132 fertur.
2607 5079 2690 5133 Ab
2715 5080 2808 5134 illo
2835 5080 3101 5149 siquidem
3151 5081 3295 5146 loco,
3346 5095 3500 5135 mens

1932 5173 2117 5220 nostra
2177 5168 2496 5224 audibilium
2547 5185 2728 5224 rerum
2790 5171 3050 5236 rationes,
3117 5179 3400 5240 acutaeque
3435 5187 3500 5224 ac

1928 5268 2131 5322 asperas
2185 5258 2374 5325 vocis;
2405 5258 2498 5312 sed
2531 5267 2585 5313 et
2624 5260 2827 5325 suavis,
2876 5275 2939 5314 ac
2979 5260 3243 5326 insuavis,
3286 5275 3495 5314 necnon

255 5322 552 5395 βραγχώδη
585 5344 645 5378 τε
669 5329 765 5380 καὶ⁵
789 5330 1094 5401 κακόμελον
1119 5333 1182 5387 ³³.
1211 5353 1230 5385 ι
1269 5337 1345 5390 Oti
1372 5339 1480 5410 γὰρ
1498 5340 1584 5391 ἐπ’
1611 5340 1826 5406 εὐθείας

1942 5343 2181 5414 'ragosa2;
2234 5322 2464 5419 quaeque
2521 5351 2650 5404 mali
2691 5350 3078 5406 modulaminis
3130 5361 3214 5406 est
3271 5349 3499 5420 percipit

252 5411 508 5482 ἧνοικται
527 5415 562 5485 ὴ
586 5416 747 5487 ἀκοὴ,
771 5419 978 5505 φησὶνό
1005 5423 1178 5492 μέγας
1217 5425 1523 5494 Βασίλειος,
1559 5429 1678 5484 ἀλλ’
1711 5433 1822 5484 έλι-

1920 5449 2085 5509 atque
2110 5441 2402 5510 dijudicat;
2427 5454 2480 5499 et
2503 5445 2575 5500 ita
2593 5461 2687 5515 per
2703 5446 2996 5501 audibilem
3022 5462 3264 5511 sensum,
3286 5457 3497 5503 natura:

253 5651 298 5684 ,,
324 5582 372 5696 ’ξ
400 5585 496 5639 καὶ
516 5586 753 5696 “RW:
774 5591 866 5696 vf"
892 5591 948 5644 δὲ
981 5598 1246 5666 mor-B-
1323 5600 1363 5632 ³⁸
1400 5603 1565 5669 μαλδς
1597 5605 1691 5660 BC
1723 5609 1789 5664 P.
1864 5612 1909 5643 ³·
1928 5611 2152 5667 δεκτικὰ
2176 5615 2241 5674 Α.
2269 5616 2539 5671 δεικτικαι
2571 5619 2632 5674 c.
2708 5622 2800 5692 πή
2823 5611 2973 5675 κάτω
2995 5621 3113 5677 BP.
3191 5624 3235 5656 ’δ
3264 5623 3297 5696 ἢ
3331 5623 3404 5695 μὴ
3424 5626 3490 5679 Λ.

312 5668 338 5696 ε
370 5671 531 5696 onem
759 5675 792 5696 ν
819 5677 964 5696 νισι-ιη
999 5664 1096 5696 DD
1196 5668 1238 5696 ³7
1271 5669 1349 5696 ..1-
1381 5672 1419 5696 1)
1519 5675 1562 5696 ιιι
1597 5693 1735 5696 ---μ
1758 5679 1770 5696 ρ
1825 5695 1838 5696 γ
1968 5684 1981 5696 .
2100 5685 2140 5696 ..ι
2218 5685 2230 5696 .
2319 5685 2336 5696 ι
2446 5689 2459 5696 -

312 5651 533 5725 εἴρηται
558 5651 620 5712 Β.
695 5658 739 5691 ³⁸
759 5651 966 5727 γίνεται
997 5651 1136 5719 ΒῬ.’
1196 5668 1238 5699 ³⁷
1269 5669 1349 5731 εις
1381 5651 1565 5724 ιξ.’”“ὶῖ
1593 5651 2152 5744 πρῦτξάῖιτωςνλῖννῖτ
