4040 6150
508 250 667 304 4185
1795 237 2074 293 MELETII
2113 237 2132 291 l

2232 234 2420 288 ‘lACHl
2492 237 2498 244 ’
3643 225 3793 281 1184

533 373 712 414 rerum
730 356 1125 428 dignoscantur
1150 363 1335 423 atque,
1353 362 1414 406 ut
1440 353 1701 416 diximus,
1717 350 2105 422 dijudieantur.

2232 347 2393 418 ιοειδῆ
2428 345 2508 415 τῷ
2542 345 2694 416 πόρῳ
2717 341 2826 394 τῶν
2849 341 2894 372 ⁸⁸
2926 342 2983 393 ὲν
3010 339 3090 410 τῷ
3119 338 3243 409 ἀέρι
3272 337 3465 407 ψόφων
3505 338 3791 408 ἀντιλαμ-

530 451 648 505 Non
688 427 843 514 enim.
882 445 1100 500 auditus
1145 443 1260 514 ipse
1310 453 1458 498 recto
1515 443 1756 506 tramite,
1787 455 1846 496 ut
1872 457 2104 512 magnus

2232 441 2435 494 Ξάνεται
2472 453 2486 467 ο
2518 435 2660 488 ὥστε
2689 435 2786 503 τὴν
2820 433 2922 502 μὲν
2965 430 3150 500 φωνὴν
3176 429 3473 491 ἀκωλύτως
3499 427 3790 493 διεξιέναι,

533 538 769 594 Basilius
809 535 1007 605 inquit,
1057 535 1299 588 directus
1328 533 1519 594 fertur,
1551 534 1648 589 sed
1687 533 1972 602 strepitum
2011 533 2104 603 qui

2232 532 2245 600 ᾗ
2273 530 2366 583 καὶ
2391 526 2593 597 μᾶλλον
2627 526 2846 596 ὲνηχείν
2870 520 3296 592 περικλωμένην
3320 522 3441 583 ταῖς
3469 518 3756 587 κοιλότησι
3771 536 3790 550 ⁸

532 631 588 682 in
621 642 746 682 aere
797 627 875 690 lit,
931 639 1031 680 ceu
1085 640 1180 694 per
1233 623 1516 679 anfractus
1553 624 1817 694 quosdam
1866 624 2109 679 llexuoso

2232 620 2384 689 ιηδὲν
2413 617 2470 670 δὲ
2501 615 2612 670 τῶν
2642 615 2686 646 ⁸⁸
2740 612 2941 677 ἔξωθεν
2991 611 3499 682 παρεμπιπτόντων
3552 607 3797 678 κώλυμα

535 728 712 773 meatu
735 717 1003 787 percipit:
1031 726 1364 786 quapropter
1408 731 1509 768 vox
1551 717 1700 770 nullo
1724 716 2109 785 impedimento

2232 707 2355 764 εἶναι
2382 705 2642 763 δύνασθαι
2663 707 2730 776 τῇ
2755 703 3027 774 αἰσθήσει.
3070 720 3090 752 ›

533 810 854 880 ingreditur.
894 808 1000 864 Sed
1040 811 1086 866 si
1114 825 1284 864 sonus
1315 810 1430 879 ipse
1456 810 1672 864 aurium
1710 825 1842 864 cava
1911 807 2147 862 maxime
2221 802 2638 875 perturbaverit,
2670 799 2806 855 nihil
2863 813 3053 853 eorum
3102 812 3224 868 quae
3272 798 3618 852 extrinsecus
3658 811 3793 866 pro-

533 900 758 954 veniunt
790 915 989 955 sensus
1039 901 1156 968 ipse
1195 901 1472 970 percipere
1524 901 1741 970 poterit.

597 992 912 1046 Concavum
943 1008 1072 1046 vero
1103 993 1251 1061 quod
1292 993 1344 1046 in
1389 1007 1523 1047 aure
1570 1003 1673 1055 est,
1704 993 1938 1056 alveare,
1969 990 2113 1058 quod

2286 987 2361 1040 Τὸ
2398 987 2496 1057 μὶν
2514 979 2611 1039 οὖν
2637 984 2817 1039 κοῖλον
2843 982 2936 1036 τοῦ
2967 981 3110 1044 ὠτὸς
3136 979 3382 1048 κυψελὴ
3402 979 3646 1047 λέγεται,
3705 979 3798 1032 διὰ

533 1082 607 1136 illi
633 1081 837 1152 κυψελὴ
858 1081 947 1134 διά
974 1083 1032 1134 τὸ
1055 1082 1246 1151 κῦφον,
1278 1085 1372 1137 καὶ
1396 1084 1708 1152 κογχοειδὲς
1730 1085 1938 1148 dicunt,
1967 1083 2115 1152 quod

533 1188 832 1227 concavum
855 1173 1104 1226 videlicet
1125 1174 1626 1244 conchiliatumque
1653 1176 1756 1240 sit,
1798 1175 1925 1244 quia
1969 1174 2114 1228 vasis

536 1264 848 1332 hujusmodi
869 1263 1280 1318 similitudinem
1314 1265 1494 1318 habet.
1529 1265 1692 1318 Auris
1723 1280 1959 1332 namque
1999 1265 2113 1333 ipsa

537 1353 602 1406 ad
640 1353 868 1424 cymbali
919 1354 1139 1406 modum
1169 1354 1468 1408 consistere
1500 1354 1716 1418 visitur;
1746 1355 1888 1421 quod
1921 1362 2112 1407 natura

537 1441 766 1494 ornandi
797 1442 992 1510 capitis
1031 1443 1213 1512 gravia
1239 1443 1518 1512 produxit,
1553 1458 1620 1497 ne
1657 1444 1867 1498 scilicet
1897 1443 2017 1514 ejus
2054 1443 2115 1497 li-

540 1547 670 1600 gura
716 1533 918 1600 passim
961 1533 1192 1586 rotunda
1238 1533 1531 1597 exsistens,
1588 1549 1695 1586 non
1757 1535 1918 1589 modo
1977 1535 2115 1589 visui

2213 1080 2278 1132 τὸ
2305 1078 2480 1146 κῦφόν
2503 1095 2562 1130 τε
2587 1078 2682 1132 καὶ
2705 1075 3031 1146 κογχοειδὲς,
3082 1073 3179 1126 καὶ
3229 1075 3344 1135 τοῖς
3402 1071 3652 1139 ἀγγείοις
3685 1073 3797 1122 ἑοι-

2214 1171 2405 1223 κέναι·
2460 1169 2594 1222 αὐτὸ
2622 1169 2678 1221 δὲ
2719 1167 3002 1237 κύμὸαλον
3049 1164 3239 1234 ῶσπερ
3298 1167 3365 1234 τῇ
3418 1163 3626 1234 θεωρίᾳ
3675 1165 3799 1216 ἐστὶ

2215 1261 2418 1328 κόσμος
2439 1260 2505 1328 τῇ
2535 1259 2744 1327 κεφαλῇ
2776 1257 3083 1325 γινόμενος,
3112 1255 3198 1306 ἵνα
3219 1253 3294 1323 μὴ
3323 1253 3504 1322 πάντη
3532 1254 3799 1324 ὁλόγυρος

2221 1347 2379 1412 οὖσα,
2417 1350 2491 1419 μὴ
2525 1349 2687 1420 μόνον
2717 1349 2987 1416 ἀτερπὴς,
3025 1345 3164 1398 ἀλλά
3192 1344 3392 1415 κολοίὴ
3407 1344 3451 1375 δ’
3489 1345 3793 1398 δείκνυται.

2235 1442 2293 1492 ὐ
2329 1441 2383 1492 δὲ
2409 1443 2464 1492 ἐν
2498 1437 2575 1509 τῷ
2591 1437 2736 1509 ὠτίῳ
2767 1439 2936 1510 ῥύπος
2968 1437 3323 1506 ὲγγινόμενος
3364 1435 3628 1502 κυψελὶς
3680 1436 3802 1487 dvo-

2231 1532 2573 1600 μάζεται,ὲκ
2597 1529 2696 1599 τῆς
2757 1529 3180 1597 ἀναθυμιάσεως
3223 1529 3322 1596 τῆς
3378 1524 3583 1595 ξανθῆς
3631 1525 3802 1595 χολῆς

541 1621 862 1689 injucunda,
910 1621 1002 1673 sed
1030 1620 1215 1674 mutila
1241 1621 1402 1673 etiam
1431 1621 1820 1692 decurtataque
1843 1623 2116 1677 videatur.

2232 1625 2614 1692 συνιστάμενος
2642 1636 2653 1648 ³
2689 1621 2800 1692 ἡδὲ
2824 1619 3252 1687 ἀποτελεύτησις
3291 1618 3386 1670 τοῦ
3429 1618 3566 1680 ὠτὸς
3598 1618 3801 1685 σάρκι-

542 1712 744 1767 Sordes
771 1727 900 1766 vero
930 1727 1050 1781 quae
1107 1712 1160 1765 in
1209 1714 1436 1767 auribus
1472 1713 1608 1767 ﬁunt
1633 1759 1646 1778 ,
1703 1729 1768 1767 ex
1799 1713 1948 1768 ﬂavae
1987 1713 2112 1768 bilis

2232 1714 2312 1764 νόν
2332 1713 2372 1742 ⁵³
2399 1713 2538 1776 ἐστι,
2567 1711 2659 1763 καὶ
2679 1712 2739 1762 οὐ
2766 1710 2986 1780 χόνδρος
3012 1725 3026 1740 ⁸
3046 1709 3267 1777 λέγεται
3289 1709 3344 1761 δὲ
3373 1709 3556 1774 λοϐὸς
3577 1708 3625 1739 ⁸⁸
3645 1708 3802 1776 παρὰ

542 1806 888 1859 exhalatione
913 1805 1346 1867 constituuntur,
1371 1820 1491 1874 quae
1527 1805 1596 1858 ab
1627 1804 1734 1859 illis
1763 1805 1986 1874 κυψελὶς
2021 1806 2113 1858 de-

2232 1804 2317 1874 ιὴν
2344 1803 2550 1872 λώϐην,
2576 1801 2750 1864 λωὸός
2779 1819 2794 1834 ο
2830 1801 3205 1870 ἀποτέμνεται
3240 1799 3349 1869 γὰρ
3377 1799 3554 1852 ταῦτα
3583 1798 3674 1851 διὰ
3701 1799 3803 1867 τὴν

543 1895 873 1949 nominatur.
918 1893 992 1946 Ea
1041 1892 1186 1946 enim
1240 1908 1388 1961 pars,
1424 1893 1477 1946 in
1507 1908 1671 1962 quam
1694 1903 1932 1948 extrema
1963 1895 2112 1949 auris

2232 1894 2440 1955 κακίανἸ
2471 1892 2544 1954 ὼς
2580 1893 2744 1961 φησιν
2782 1891 3054 1960 ’Όμηροςο

541 1984 768 2046 desinit,
800 1981 1120 2045 caruncula,
1159 1997 1266 2034 non
1295 1990 1474 2034 autem
1501 1983 1762 2052 cartilago
1787 1989 1874 2035 est
1900 1997 1913 2032 :
1944 1981 2101 2045 λοὸός

2232 1999 2321 2035 .cm
2363 1981 2550 2035 Griece
2608 1979 2930 2049 appellatur,
2986 1977 3140 2048 παρὰ
3192 1977 3252 2030 τὸ
3295 1977 3507 2036 λοὸεῦν,
3532 1981 3680 2046 quod
3709 1978 3801 2032 de-

548 2086 763 2142 turpare
802 2072 885 2128 vel
920 2070 1225 2125 abscindere
1261 2071 1496 2138 diceres,
1528 2087 1652 2126 nam
1679 2073 1795 2142 ipsa
1852 2071 1923 2126 ob
1954 2072 2157 2128 scelera
2198 2073 2438 2127 truncari
2485 2072 2656 2136 solet;
2685 2070 2832 2140 quod
2897 2079 2952 2124 et
2979 2069 3120 2138 apud
3161 2067 3453 2124 Homerum
3483 2079 3566 2124 est
3601 2071 3697 2138 qui
3733 2071 3805 2124 ita

547 2167 625 2220 ait
663 2184 678 2220 :

687 2275 786 2331 Cui
827 2290 978 2327 nares
1012 2272 1156 2343 turpi
1198 2287 1371 2342 paena,
1412 2281 1730 2325 truncantur
1757 2283 1806 2327 et
1840 2288 2017 2326 aures.

548 2389 727 2442 Aures
778 2399 1013 2454 namque
1061 2387 1114 2437 in
1173 2383 1426 2452 supinam
1479 2392 1534 2438 et
1575 2383 1925 2455 profundam,
1963 2389 2126 2451 atque

550 2481 694 2533 inter
746 2477 846 2530 has
892 2475 1120 2529 mediam
1146 2473 1494 2540 dividuntur;
1525 2482 1578 2528 et
1607 2489 1727 2542 quae
1755 2473 2128 2529 mediocritate

553 2568 788 2638 quadam
808 2575 934 2620 sunt
957 2563 1286 2635 praaditze,ad
1317 2565 1561 2618 auditum
1589 2565 1953 2619 accommoda:
1983 2578 2122 2633 pra:-

554 2659 715 2728 cipue
764 2656 1074 2710 laudantur.
1119 2654 1196 2708 Ex
1246 2655 1380 2724 ipsis
1425 2670 1659 2723 namque
1703 2655 1930 2709 auribus
1976 2653 2121 2707 nulla

555 2762 768 2802 morum
831 2744 1152 2816 signiﬁcatio
1219 2745 1686 2814 deprehenditur,
1765 2754 2122 2815 praeterquam

2301 2275 2408 2337 Ὄς
2441 2271 2494 2324 κ’
2515 2271 2634 2325 ἀπὸ
2667 2271 2811 2337 ῥῖνα
2843 2271 3071 2339 τάμῃσι
3093 2269 3191 2323 καὶ
3218 2271 3407 2324 οὔατα
3431 2271 3529 2343 (g).

2298 2381 2646 2454 Διαιροῦνται
2679 2383 2734 2434 δὲ
2769 2381 2836 2432 τὰ
2868 2375 2983 2433 ῶτα
3022 2381 3100 2443 εἰς
3131 2379 3288 2449 ψιλὰ,
3335 2382 3428 2435 καὶ
3463 2382 3660 2451 βαθέα,
3704 2385 3804 2438 καὶ

2232 2475 2374 2543 μέσα
2397 2492 2408 2503 ·
2441 2474 2510 2526 τά
2535 2474 2593 2527 δὲ
2630 2473 2728 2541 τῆς
2765 2471 3062 2542 μεσότητος
3111 2473 3349 2542 ἐχόμενα
3384 2473 3646 2544 βέλτιστά
3696 2479 3804 2529 εισι

2230 2565 2368 2638 πρὸς
2401 2565 2575 2634 ἀκοήν
2606 2581 2620 2596 ·
2651 2559 2783 2634 ἦθος
2809 2563 2866 2617 δὲ
2883 2564 3036 2617 οὐδὲν
3064 2563 3276 2628 τούτοις
3305 2566 3802 2638 χαρακτηρίζεται.

2221 2656 2269 2708 εἰ
2308 2637 2456 2725 μήτι
2479 2655 2588 2706 τῶν
2625 2654 2899 2724 μικρῶνῆ
2937 2654 3229 2724 μεγάλων⁶
3264 2656 3405 2727 μήτε
3453 2637 3575 2708 τῶν
3594 2657 3806 2727 σφόδρα

2228 2745 2706 2814 ὲπανεστηκότων,
2759 2744 2936 2814 ἢτῶν
2997 2745 3174 2815 πάντη
3225 2747 3716 2814 συμπεπτωκότων
3735 2747 3801 2799 ⁸⁸.

559 2837 702 2909 quod
740 2851 935 2908 parvas
959 2835 1274 2900 admodum,
1309 2850 1662 2905 magnasque,
1694 2851 1759 2888 ac
1790 2836 1911 2905 plus
1959 2836 2126 2892 nimio

2232 2835 2311 2888 Τὰ
2342 2835 2542 2904 «μέντοι
2593 2834 2804 2904 μεγάλα
2849 2835 2946 2887 καὶ
2996 2836 3408 2906 ὲπανεστηκότα
3459 2837 3808 2906 μωρολογίας

556 2927 884 2988 eminentes,
941 2923 1207 2979 l‘atuitatis
1242 2925 1697 2994 loquacitatisque
1761 2925 1962 2980 indicia
2005 2941 2127 2982 esse

555 3017 661 3086 73
696 3015 938 3085 plerique
958 3022 1284 3070 statuerunt.
1313 3013 1452 3068 Tum
1475 3030 1541 3069 ex
1584 3016 1754 3082 signis
1777 3016 2126 3084 quibusdam,

555 3121 681 3174 quas
717 3107 770 3158 in
825 3104 958 3172 ipsis
1005 3103 1276 3168 visuntur,
1316 3105 1440 3158 vita:
1493 3105 1904 3160 diuturnitatem
1960 3122 2130 3178 agno-

560 3206 744 3250 scunt.
776 3192 938 3246 Solus
981 3193 1234 3260 equidem
1285 3194 1450 3247 homo
1494 3209 1560 3247 ac
1590 3195 1750 3249 simia
1778 3212 1839 3249 cx
1879 3197 2124 3250 omnium

559 3284 873 3339 animalium
941 3297 1138 3353 genere
1184 3283 1489 3339 immobiles
1538 3300 1698 3341 aures
1748 3287 1926 3340 sortiti
1982 3297 2129 3354 sunt,

559 3391 682 3429 cum
733 3384 925 3428 caetera
971 3375 1222 3428 universa
1275 3375 1569 3430 mobilibus
1613 3386 1854 3431 utantur.

631 3465 767 3533 Quae
808 3481 937 3520 vero
963 3473 1144 3534 partes
1167 3466 1270 3520 sub
1291 3467 1516 3520 auribus
1540 3476 1669 3521 sunt
1692 3469 1944 3532 maxillas,
1983 3469 2132 3522 Grae-

559 3571 642 3616 ce,
676 3555 864 3624 γνάθοι
887 3597 901 3620 ,
932 3555 1026 3608 καὶ
1070 3555 1275 3624 χαλινοὶ
1295 3555 1568 3610 dicuntur.
1596 3554 1731 3610 Nam
1769 3555 1954 3624 γνάθοι
1983 3556 2133 3626 παρὰ

560 3647 657 3718 τὴν
686 3646 925 3715 γνάμψιν
945 3685 959 3708 ,
978 3647 1071 3698 καὶ
1097 3645 1306 3716 κάμψιν
1329 3647 1435 3699 τῶν
1469 3647 1660 3712 όστῶν,
1711 3647 1857 3717 quod
1885 3648 2136 3702 videlicet

563 3739 917 3792 incurvanlur
946 3738 1366 3807 lluclunturquc,
1415 3739 1647 3793 maxillae
1677 3740 1958 3808 appellata:
1983 3750 2131 3804 sunt,

565 3840 622 3882 ut
657 3829 971 3882 Homerus:
1021 3827 1124 3883 Sed
1173 3829 1391 3897 ﬂexerat
1443 3845 1620 3882 omnes
1674 3827 1817 3883 Juno
1873 3831 1982 3883 suis
2020 3845 2136 3898 pre-

565 3920 729 3972 cibus.
763 3919 1004 3984 Χαλινοί,
1051 3919 1105 3974 id
1172 3928 1256 3974 est
1317 3920 1530 3974 chalcni
1598 3921 1896 3985 dicuntur,
1942 3923 2031 3976 διὰ
2077 3923 2136 3976 τὸ

565 4004 792 4074 χαίνειν,
844 4007 997 4075 quod
1046 4007 1195 4060 hiare
1240 4017 1343 4072 est,
1385 4023 1508 4061 nam
1570 4025 1679 4078 prae
1735 4025 1919 4065 earum
1988 4013 2133 4067 hiatu

565 4096 685 4166 ejus
713 4097 855 4164 quod
882 4097 947 4151 ad
979 4097 1236 4152 interiora
1280 4097 1617 4154 demittimus
1661 4100 1720 4154 ﬁt
1755 4102 2131 4157 comminutio.

2234 2927 2452 2994 λέγουσι
2483 2927 2578 2979 καὶ
2601 2926 2980 2996 ἀδολεσχίας⁴⁶
3008 2927 3346 2998 σημαντικά.
3387 2927 3547 2991 Τινὲς
3581 2927 3640 2980 δὲ
3707 2930 3808 2981 καὶ

2231 3015 2618 3088 πολυζωὴτους
2675 3018 2804 3080 τοὺς
2857 3017 2914 3070 ὲν
2949 3012 3031 3080 οἷς
3085 3019 3227 3072 εἰσὶν
3267 3020 3803 3091 ὲχαρακτηρίσαντο,

2230 3109 2408 3168 Μόνος
2442 3107 2498 3159 δὲ
2525 3106 2811 3177 ἄνθρωπος
2841 3109 2935 3161 καὶ
2956 3109 3187 3179 πίθηκος
3218 3111 3280 3162 ού
3306 3111 3520 3164 κινοῦσι
3557 3113 3626 3165 τά
3665 3106 3801 3176 ὦτα,

2231 3198 2343 3249 τῶν
2375 3197 2552 3250 ἀλλων
2581 3197 2804 3251 πάντων
2832 3196 2988 3261 ζώων
3017 3199 3129 3252 τῶν
3164 3201 3399 3270 ἐχόντων
3445 3200 3560 3254 ὦτα
3589 3201 3807 3255 κινούν-

2232 3305 2341 3341 των
2372 3289 2532 3342 αὐτά.

2302 3465 2385 3518 Τά
2417 3465 2475 3518 δὲ
2503 3464 2764 3518 ὑποκάτω
2796 3463 2892 3517 τοῦ
2925 3464 3064 3528 ὠτὸς
3112 3464 3319 3534 γνάθοι
3339 3465 3383 3496 δ’
3415 3465 3668 3533 λέγονται
3711 3468 3808 3520 καὶ

2234 3559 2478 3628 χαλινοί
2508 3573 2524 3587 ·
2561 3556 2770 3626 γνάθοι
2795 3556 2842 3587 ⁸⁸
2877 3557 2998 3626 μὲν,
3038 3556 3194 3625 παρά
3220 3555 3318 3625 τὴν
3353 3555 3594 3625 γνάμψιν
3625 3557 3671 3589 δ’
3713 3557 3807 3610 καὶ

2235 3650 2443 3720 κάμψιν
2472 3650 2580 3702 τῶν
2617 3647 2792 3700 ὀστῶν
2824 3663 2838 3678 ·
2876 3649 2942 3700 ὲκ
2999 3646 3098 3699 τοῦ
3140 3647 3386 3716 κάμπτω
3439 3643 3533 3699 οὖν
3583 3647 3706 3699 ἐστὶ
3748 3647 3807 3699 τὸ

2235 3741 2481 3810 γνάμψαι
2502 3740 2548 3771 ⁸⁸
2578 3756 2592 3768 ·
2667 3739 2763 3793 καὶ
2797 3740 3048 3809 Ὅμηρος
3075 3754 3090 3769 ·
3150 3739 3569 3807 Ἐπέγναμψεν
3603 3741 3649 3772 ⁸⁸
3696 3742 3806 3808 γὰρ

2235 3831 2503 3896 ἅπαντας
2535 3847 2548 3862 ο
2593 3831 2746 3898 ’Ἡρη
2792 3829 3136 3897 λισσομένη
3179 3830 3278 3899 (Ιι).
3314 3831 3561 3882 Χαλινοὶ
3604 3830 3684 3894 δὲ,
3724 3831 3805 3883 ὅτι

2235 3923 2303 3976 δι’
2329 3921 2509 3975 αὐτῶν
2535 3921 2742 3990 χαίνειν
2759 3919 2970 3987 γίνεται
2989 3925 3005 3938 ⁸
3030 3921 3078 3971 ol
3109 3919 3168 3972 δέ
3193 3935 3348 3986 φασι,
3373 3918 3627 3987 χαλινούς
3655 3936 3804 3981 τινας

2236 4010 2468 4068 εἷναι⁸²·
2521 4012 2798 4082 χαίνοντες
2842 4011 2951 4080 γὰρ
2991 4011 3190 4072 αὐτοὺς
3221 4011 3320 4080 τὴν
3368 4010 3808 4081 αἴσθησινποιού-

2242 4106 2381 4176 μεθα
2408 4104 2514 4160 τῶν
2556 4103 2978 4173 εἰσφερομένων.

639 4184 772 4242 Pars
813 4197 992 4242 autem
1048 4203 1156 4258 qua
1221 4203 1285 4242 os
1318 4189 1535 4258 tegitur,
1561 4189 1736 4260 χείλη,
1773 4191 1825 4244 id
1859 4202 1943 4246 est
1995 4193 2132 4248 labia

2307 4196 2388 4249 Τά
2417 4198 2473 4249 δὲ
2503 4195 2948 4249 ἐπικαλύπτοντα
2986 4195 3047 4247 τὸ
3088 4195 3287 4262 στόμα,
3316 4194 3472 4263 χειλη
3516 4193 3807 4246 καλοῦνται

567 4278 969 4342 denominatur,
1023 4275 1132 4333 οἷον
1161 4279 1365 4350 ὲχείλη,
1427 4281 1586 4350 quasi
1633 4282 1776 4349 quod
1838 4283 2016 4352 ipsum
2075 4301 2137 4340 os

569 4377 810 4435 teneant,
841 4381 894 4424 et
920 4370 1042 4440 ejus
1073 4371 1428 4440 dentiumque
1450 4387 1550 4426 ceu
1599 4372 1780 4426 azditui
1813 4373 2134 4431 habeantur.

571 4458 698 4513 Sive
723 4460 849 4514 inde
879 4461 986 4515 dici
1026 4461 1140 4529 ipsa
1185 4461 1326 4515 labia
1363 4461 1576 4526 volunt,
1599 4463 1856 4532 quoniam
1883 4465 2137 4520 alimenta

569 4565 692 4618 quae
738 4565 834 4619 per
859 4551 972 4619 ipsa
1007 4549 1276 4604 sumimus
1304 4551 1356 4604 in
1389 4567 1612 4606 succum
1642 4561 1950 4620 vertuntur,
1977 4571 2136 4624 quem

572 4640 646 4693 illi
679 4641 827 4710 χιλόν
861 4640 1129 4694 dictitant.
1159 4639 1276 4710 Ipsa
1319 4657 1554 4712 namque
1603 4644 1741 4698 labia
1787 4646 1931 4700 molli
1977 4662 2140 4701 carne

569 4745 880 4801 venosaque
907 4741 1162 4787 constant
1191 4750 1205 4796 ;
1239 4741 1297 4787 et
1325 4743 1456 4788 sunt
1489 4736 1542 4788 in
1577 4737 1710 4805 ipsis
1748 4739 1978 4792 musculi
2009 4753 2143 4807 qua-

571 4830 720 4886 tuor,
779 4840 809 4877 a
846 4825 1046 4892 quibus
1096 4834 1274 4880 motus
1321 4826 1480 4881 labiis
1526 4843 1649 4881 cum
1702 4843 1873 4898 genus
1924 4828 2143 4896 aliquod

572 4913 847 4968 idiomalis
894 4917 1313 4984 pronuntiamus
1361 4917 1848 4974 subministratur.
1907 4917 2011 4973 Sed
2044 4919 2144 4972 tria

573 5014 722 5068 sunt,
759 5021 825 5059 ex
856 5006 1057 5074 quibus
1093 5006 1456 5061 substantiam
1490 5009 1759 5063 labiorum
1783 5011 2142 5079 compositam

643 5180 690 5212 ⁴⁰
719 5180 798 5250 τῷ
823 5181 887 5251 Α.
963 5181 1004 5212 ’⁸⁸
1035 5181 1106 5234 τὰ
1133 5183 1196 5234 Α.
1271 5181 1316 5213 ⁸¹
1347 5183 1443 5234 καὶ
1471 5182 1586 5235 κολ.
1621 5184 1663 5235 Β
1711 5183 1772 5238 P.
1847 5183 1894 5216 ⁸³
1936 5183 2159 5251 σαρκίον
2190 5185 2248 5238 Β.

575 5246 930 5321 εἶναιῄταῦτα
986 5252 1050 5306 P.
1125 5251 1168 5282 "
1211 5251 1385 5318 γνάθα
1435 5253 1494 5305 Β.
1571 5253 1616 5284 ’⁸⁸
1663 5252 1835 5321 γνάθοι
1859 5253 1920 5306 Β.
1998 5246 2042 5284 ε’

575 5320 630 5373 δὲ
648 5319 863 5392 χαλινοὶ
886 5321 1034 5392 παρά
1071 5321 1132 5374 τὸ
1164 5321 1368 5392 καίνειν
1396 5322 1458 5374 Ρ.
1541 5322 1587 5352 ⁵³
1610 5319 1774 5392 σιραγ

2242 4289 2351 4340 ἀπὸ
2399 4289 2494 4340 τοῦ
2552 4288 2751 4340 κλείωο
2810 4287 2980 4340 οἱονεὶ
3033 4286 3212 4356 χείλη,
3265 4287 3334 4340 τὰ
3391 4285 3668 4354 θυροῦντα
3718 4289 3807 4338 καὶ

2243 4377 2490 4430 κλείοντα
2521 4377 2580 4428 τὸ
2621 4377 2796 4446 στόμα
2827 4377 3066 4437 καὶτοὺς
3099 4375 3318 4437 ὀδόντας
3339 4392 3352 4405 ·
3394 4375 3426 4445 ἢ
3467 4375 3579 4428 ἀπὸ
3606 4375 3702 4428 τοῦ
3744 4375 3804 4427 δι’

2242 4465 2421 4518 αὐτῶν
2450 4464 2542 4516 τὸν
2573 4465 2724 4534 χιλὸν
2751 4463 3050 4533 λαμὸάνειν
3073 4480 3090 4496 ο
3112 4463 3260 4531 χιλὸς
3280 4462 3337 4515 δὲ
3367 4465 3622 4534 ἠτροφή.
3657 4463 3808 4516 Μαλι-

2243 4555 2563 4623 θακόσαρκα
2591 4554 2648 4606 δέ
2677 4555 2781 4606 εἱσι
2819 4555 2914 4606 καὶ
2951 4553 3223 4622 φλεδώδη,
3273 4552 3414 4622 μύας
3446 4552 3641 4622 έχοντα
3689 4554 3806 4606 τέσ-

2246 4661 2420 4712 σαρας
2451 4661 2465 4675 ο
2501 4644 2568 4697 δι’
2589 4638 2663 4695 ὧν
2694 4645 2728 4712 ἡ
2758 4643 2975 4710 κίνησις
2999 4643 3182 4704 αὐτοῖς
3200 4645 3299 4712 τῆς
3323 4642 3612 4694 διαλέκτου
3646 4660 3793 4712 προσ

2241 4735 2494 4802 γίνεται·
2562 4733 2855 4801 σύγκειται
2892 4732 2949 4784 δὲ
2992 4735 3056 4784 ὲκ
3100 4732 3264 4798 τριῶν
3314 4733 3348 4799 ἠ
3389 4731 3602 4784 τούτων
3637 4733 3804 4786 οὐσία.

2242 4824 2502 4879 Λαϐοῦσα
2530 4825 2638 4895 γὰρ
2675 4827 2708 4894 ἡ
2736 4823 3106 4893 δημιουργικὴ
3139 4822 3299 4890 φύσις
3341 4821 3670 4891 δερματὼδη
3699 4822 3809 4875 τινὰ

2243 4916 2424 4984 φύσιν,
2463 4917 2556 4968 καὶ
2585 4915 2916 4985 σηραγγώδη
2943 4915 2989 4945 ⁵³
3021 4914 3117 4966 καὶ
3148 4913 3356 4983 μυώδη,
3399 4913 3491 4964 καὶ
3530 4915 3809 4982 κεράσασα

2236 5008 2364 5070 ὅλας
2391 5008 2458 5060 δι’
2479 5007 2641 5072 ὅλων,
2673 5008 2770 5060 xui.
2799 5006 2930 5076 μίαν
2963 5004 3022 5071 ἐξ
3052 5004 3232 5056 αὐτῶν
3257 5005 3538 5074 ποιήσασα
3589 5008 3806 5076 κρᾶσιν,

2359 5183 2407 5216 ⁸⁸
2438 5185 2532 5237 καὶ
2579 5184 2754 5248 λωόὺς
2783 5185 2846 5240 B.
2921 5185 3270 5251 l"'posleriora
3312 5199 3422 5237 om.
3458 5183 3521 5236 Β.
3600 5184 3650 5215 ⁵⁸
3675 5181 3810 5237 ἀδολ.

2086 5255 2284 5322 γνάψιν
2315 5254 2356 5323 Β
2399 5255 2460 5306 Ρ.
2538 5255 2582 5286 ³⁰
2611 5257 2808 5323 γνάψις
2850 5256 2911 5307 Β.
2972 5255 3029 5323 ,δ’
3057 5253 3324 5322 ὲπίγναψε
3368 5253 3464 5323 B.__
3507 5253 3555 5284 “
3571 5253 3813 5320 λέγονται

1776 5323 1920 5390 γὼδη
1947 5323 2040 5394 ΛΑ,
2080 5320 2404 5394 συραγγώδη
2428 5325 2500 5394 Β,
2550 5320 2932 5393 συραγγώδους
2959 5321 3023 5394 Ο,
3059 5326 3126 5394 ὲκ
3183 5320 3575 5394 σηραγγώδους
3606 5323 3814 5394 φύσεως

576 5390 671 5465 καὶ
696 5389 1075 5465 δερματὼδους
1105 5389 1199 5445 καὶ
1227 5391 1471 5463 μυώδους
1493 5408 1506 5421 °
1536 5392 1593 5445 αἱ
1628 5389 1684 5444 δὲ
1724 5389 2116 5463 συγκραθεῖσαι
2147 5389 2279 5462 μίαν
2313 5389 2579 5463 ἐποίησαν
2612 5389 2808 5465 κρᾶσιν
2846 5395 2941 5447 καὶ
2968 5393 3029 5446 τὸ
3061 5392 3169 5447 τῶν
3212 5389 3409 5464 χειλῶν
3445 5389 3812 5458 ἀπετελέσθη·

575 5457 655 5510 διὸ
687 5457 779 5511 καὶ
811 5460 871 5511 Ρ.

649 5607 720 5674 (g)
753 5606 855 5662 Od.
883 5610 942 5662 Σ.
974 5609 1063 5664 85.

2324 5614 2401 5685 (It)
2434 5615 2490 5669 ιι.
2522 5616 2580 5670 B.
2607 5625 2694 5671 τι.
