4006 6158
317 302 460 358 “85

1553 303 1644 360 DE
1681 305 1963 361 NATURA
2007 307 2312 365 HOMINIS.

3425 319 3568 379 H86

319 435 381 474 το
428 420 536 474 τῶν
564 418 755 489 χειλῶν
774 420 819 451 ⁸³
858 417 1149 472 ἀπετέλεσε
1190 413 1374 486 σῶμα,
1412 421 1514 474 Αιά
1569 421 1678 490 γὰρ
1734 423 1882 476 mg“

1997 435 2246 491 constat;
2291 427 2583 497 siquidem,
2618 429 2998 484 universorum
3033 431 3315 500 Conditor,
3351 413 3567 490 cuticu-

309 509 414 563 ἐπὶ
441 513 508 579 τῇ
533 508 684 561 λύσει
706 508 802 576 τῆς
832 505 1112 577 συνεχείας
1139 500 1344 568 αὑτῶν,
1381 510 1502 560 ἐπεὶ
1532 510 1576 542 ⁸⁵
1605 511 1665 562 τὸ
1704 511 1889 562 λεῖπον

322 595 788 666 ἀναπληρῶσαιοὺ
811 595 1108 664 δυνάμεθα,
1131 598 1332 666 ῥ.-.φαῖς
1351 598 1396 626 ⁵⁸
1418 597 1737 667 κεχρήμεθα
1763 615 1891 650 συν-

324 692 546 756 άγοντες
607 685 747 738 αὑτὰ
813 687 935 747 ταῖς
993 686 1171 756 χερσὶ,
1212 685 1306 736 καὶ
1373 685 1547 750 οὑτως
1612 690 1890 756 συμφῦναι

324 775 612 844 ποιοῦμεν.
640 775 705 826 Ai
746 774 803 826 δὲ
841 775 1024 844 τρίχες
1072 777 1129 826 αί
1161 775 1344 828 ἐπάνω
1391 776 1488 828 τοῦ
1541 777 1753 844 χείλους
1786 779 1894 831 ἀπὸ

322 865 416 919 τοῦ
486 867 766 935 μυκτῆρος
831 865 1134 934 γινόμεναι,
1181 867 1426 934 μύσταξ
1471 868 1792 934 καλοῦνται,
1855 871 1887 938 ἢ

325 960 548 1029 μέσταξ,
583 957 804 1013 ἀπὸτοῦ
841 960 1168 1028 μεστοῦσθαι
1198 960 1400 1030 τριχῶν
1422 976 1435 990 ’
1487 963 1537 1014 oi
1567 962 1623 1014 δὲ
1671 962 1889 1020 ἰδιῶται

1997 516 2187 580 larem,
2243 519 2623 586 sanguineam,
2677 527 2731 572 et
2778 519 3141 574 muscularem
3185 531 3434 576 naturam
3473 524 3571 580 de-

1999 609 2252 676 sumpsit,
2275 618 2439 677 atque
2461 624 2526 663 ex
2555 609 2639 664 his
2669 611 2832 664 simul
2856 610 3182 676 commistis,
3202 626 3312 665 uno
3330 615 3568 681 quodam

1981 707 2429 766 temperamento
2451 699 2714 768 perfecto,
2744 700 3012 754 labiorum
3043 715 3242 769 corpus
3265 705 3566 759 constituit.

2003 785 2229 851 Idcirco,
2285 802 2410 840 cum
2461 787 2578 856 ipsa
2632 788 2810 843 scindi
2865 805 2996 843 casu
3045 789 3230 859 aliquo
3287 791 3565 856 acciderit,

1999 894 2176 947 neque
2225 879 2384 933 aliter
2429 881 2576 948 quod
2622 881 2774 934 deest
2825 879 3028 948 expleri
3079 881 3270 948 possit,
3315 897 3410 936 eas
3449 897 3570 935 ma-

2001 967 2163 1021 nibus
2193 969 2616 1038 comprimentes
2663 970 3001 1033 consuendo,
3034 971 3168 1024 coiri
3211 971 3390 1026 denuo
3417 971 3570 1026 subi-

318 1053 635 1119 μούστακα
663 1050 910 1116 λέγουσιν
938 1049 971 1118 ἢ
999 1051 1398 1116 μουστάκιον.

1999 1071 2126 1124 gere
2175 1057 2434 1112 solemus.
2481 1058 2583 1113 Pili
2619 1069 2797 1114 autem
2841 1059 2934 1128 qui
2985 1061 3086 1114 sub
3144 1060 3369 1115 naribus
3412 1076 3571 1130 supe-

324 1142 558 1196 rioribus
591 1141 748 1195 labiis
772 1141 1054 1204 inhaerent,
1079 1141 1263 1197 Gra-ce
1287 1142 1518 1212 μὺσταξ,
1548 1159 1640 1199 seu
1681 1144 1882 1214 μέσταξ

1991 1147 2142 1199 τὸτοῦ
2177 1148 2503 1217 μεστοῦσθαι
2563 1150 2785 1220 τριχῶν,
2825 1150 2970 1220 quod
2999 1151 3122 1220 pilis
3190 1150 3418 1206 refertos
3449 1169 3570 1208 esse

323 1236 804 1305 interpretareris:
855 1242 910 1286 et
955 1235 1069 1289 haec
1114 1237 1330 1303 quidem
1378 1238 1540 1308 vulgo
1582 1239 1889 1292 mustachia
1926 1240 2202 1295 dicuntur.

601 1350 740 1418 Κεφ.
777 1351 858 1402 ιιο.
887 1378 957 1390 -—
995 1351 1135 1418 Περὶ
1164 1349 1269 1403 τοῦ
1294 1349 1595 1419 πώγωνος.

2402 1357 2534 1427 Cap.
2569 1357 2707 1412 VIII.
2747 1391 2817 1400 —
2853 1359 2930 1413 De
2960 1359 3141 1414 barba.

401 1466 460 1517 Ὀ
490 1465 545 1517 δὲ
565 1464 780 1533 πώγων
813 1464 1030 1532 λέγεται
1074 1468 1168 1515 καὶ
1217 1463 1423 1532 ὑπήνη
1451 1481 1464 1494 ο
1502 1462 1717 1533 πώγων
1764 1464 1882 1534 μὲν1

2065 1469 2227 1539 Atqui
2283 1470 2449 1524 barba
2520 1471 2637 1540 ipsa
2704 1472 2888 1526 Graece
2941 1473 3174 1539 πώγων,
3240 1472 3336 1525 καὶ
3387 1471 3568 1542 ὑπήνη

321 1559 402 1614 ὅτι
432 1558 598 1627 πῆξιν
626 1556 844 1626 ἡλικίας
871 1559 982 1618 τοῖς
1027 1555 1354 1625 ἀρχομένοις
1388 1555 1540 1623 δηλοῖ
1569 1557 1627 1607 ὲν
1660 1558 1726 1626 τῇ
1777 1556 1882 1608 τῶν

1997 1562 2367 1626 nominatur;
2435 1560 2634 1630 πώγων
2689 1564 2954 1632 quidem,
3009 1563 3155 1632 quod
3225 1563 3278 1615 in
3352 1563 3566 1630 lanugi-

324 1649 512 1702 ίοὺλων
561 1648 816 1715 έκφύσει·
842 1645 1046 1712 ὑπὴνη
1087 1646 1166 1708 δὲ,
1206 1647 1298 1698 καὶ
1333 1647 1444 1715 γὰρ
1497 1647 1531 1716 ἡ
1587 1647 1732 1716 πήνη
1757 1647 1801 1677 ⁸⁷
1833 1648 1882 1699 αι

1997 1651 2082 1704 nis
2132 1667 2354 1720 egressu
2404 1653 2579 1705 aetatis
2645 1652 3097 1718 stabilimentum,
3156 1652 3300 1720 quod
3355 1651 3424 1704 ab
3459 1651 3570 1705 illis

323 1743 581 1794 ὑποκάτω
613 1739 709 1792 τοῦ
743 1742 954 1806 γενείου
972 1737 1156 1806 τρίχες
1187 1737 1346 1799 εἰσὶν,
1367 1735 1579 1788 ἀπὸτοῦ
1615 1737 1821 1804 ὑπῆναι
1845 1736 1882 1768 ⁸⁸

1996 1738 2156 1807 πῆξις
2206 1747 2571 1806 nuncupatur,
2601 1749 2854 1806 denotet;
2894 1741 3071 1811 ὑπήνη
3109 1755 3257 1804 vero,
3323 1739 3416 1810 pili
3463 1741 3560 1810 qui

322 1831 416 1883 καὶ
453 1797 778 1882 ὑποκεῖσθαι
797 1827 876 1894 τῷ
903 1797 1116 1895 rava-(qi.
1141 1797 1363 1878 Ἴουλοι
1385 1824 1443 1877 δέ
1471 1826 1633 1888 εἰσιν,
1667 1797 1729 1878 αι’
1748 1825 1882 1880 κατὰ

1998 1829 2098 1884 sub
2153 1830 2317 1884 barba
2365 1841 2491 1886 Stmt
2543 1832 2835 1894 dicuntur,
2885 1797 3002 1884 ἀπὸ.
3043 1797 3137 1883 τοῦ
3203 1797 3441 1899 ὑπῆναι,
3478 1797 3568 1884 καὶ

322 1923 432 1976 τῶν
460 1921 705 1992 παρειῶν
741 1921 826 1972 ἐπ’
872 1917 1088 1979 εὐθείας
1123 1919 1220 1970 σὺν
1261 1917 1561 1987 πυκνότητι
1615 1916 1830 1987 πρῶτον
1846 1918 1882 1950 ’π

1999 1919 2314 1973 ὑποκεῖσθαι
2347 1920 2424 1990 τῷ
2450 1922 2663 1992 γενείῳ,
2697 1923 2796 1974 hac
2833 1922 3080 1976 videlicet
3106 1922 3171 1975 de
3197 1936 3360 1975 causa
3392 1922 3568 1975 dictos

323 2011 828 2067 ἀναδλαστάνουσαι
856 2006 1042 2075 τρίχες
1064 2021 1077 2035 ’
1113 2004 1222 2059 ἀπὸ
1259 2006 1436 2058 ίοὺλου
1472 2006 1614 2069 ζώου
1649 2007 1890 2060 πολύπο-

321 2103 409 2166 δος
430 2102 600 2163 οὑτως
631 2100 912 2169 κληθεῖσαι
935 2115 947 2128 °
977 2099 1010 2166 ἢ
1038 2097 1120 2150 ὅτι
1141 2097 1239 2148 ἐπὶ
1257 2097 1378 2148 τὸδ’)
1406 2097 1585 2164 λέγειν
1620 2096 1743 2164 ἄγει
1767 2101 1892 2161 τοὺς

322 2194 414 2246 τὸν
454 2192 626 2245 ἴουλον
657 2187 1068 2249 ὲπανθοῦνταςό
1119 2186 1341 2256 χρόνος*
1373 2189 1551 2240 ἱκανοὶ¹
1595 2188 1704 2258 γάρ
1739 2191 1881 2241 εἰσιν

323 2285 372 2336 oi
397 2283 716 2352 γενειῶντες
745 2279 883 2351 πρὸς
908 2279 969 2332 τὸ
996 2281 1178 2347 λέγειν
1201 2279 1272 2330 τὰ
1299 2278 1484 2332 δέοντα
1507 2280 1574 2333 ⁶¹.

1997 2019 2234 2076 constat,
2288 2013 2431 2080 quod
2472 2011 2665 2066 "barbae
2714 2012 2814 2080 ipsi
2863 2012 3092 2079 subjecti
3142 2011 3411 2065 visuntur.
3468 2011 3570 2065 La-

1991 2115 2136 2168 nugo
2166 2110 2369 2167 autem,
2401 2117 2522 2171 qua:
2561 2102 2629 2155 ab
2663 2101 2771 2173 ’14
2796 2103 2903 2156 illis
2942 2101 3126 2167 ῐουλοι,
3169 2101 3259 2168 pili
3306 2110 3434 2155 sunt
3472 2101 3567 2170 qui

1992 2193 2229 2261 primum
2268 2194 2505 2248 ho‘miuis
2549 2193 2744 2248 faciem
2789 2194 3051 2259 vestiunt,
3088 2196 3157 2247 ab
3217 2193 3330 2246 lulo
3361 2207 3563 2255 verme,

1991 2284 2083 2352 qui
2114 2299 2406 2340 numeroso
2426 2285 2621 2354 pedum
2645 2283 2838 2339 ordine
2865 2283 3120 2348 tumescit,
3142 2298 3302 2352 quem
3327 2282 3566 2350 centipe-

324 2375 446 2428 dem
505 2374 773 2436 dictitant,
801 2384 1098 2439 cognomen
1155 2377 1468 2432 sumentes;
1525 2369 1607 2422 vel
1660 2369 1768 2423 ἀπὸ
1786 2368 1880 2422 τοῦ
1920 2370 2117 2440 λέγειν,
2189 2375 2332 2442 quod
2379 2376 2500 2428 illos
2533 2389 2655 2426 cum
2701 2374 2935 2442 primum
2984 2372 3118 2425 oriri
3169 2370 3457 2439 incipiunt,
3495 2369 3563 2425 ad

324 2463 614 2516 dicendum
674 2459 932 2512 audentes
967 2457 1233 2511 reddant:
1289 2457 1376 2510 illa
1407 2458 1550 2511 enim
1583 2467 1713 2513 tetas
1734 2458 1884 2513 effari
1924 2476 2044 2531 qua:
2096 2465 2320 2518 deceant
2372 2464 2564 2517 idonea
2611 2472 2844 2530 aptaque
2908 2475 3030 2514 esse
3061 2459 3268 2528 incipit.

651 2551 792 2617 Κεφ.
823 2549 900 2600 Θ’.
936 2575 1004 2589 —-
1037 2548 1176 2614 Περὶ
1206 2548 1552 2614 προσώπου.

394 2662 644 2732 Παρειὰς
682 2663 738 2714 δὲ
793 2661 951 2714 τοῦτο
980 2661 1043 2713 τὸ
1081 2663 1248 2731 μέρος
1280 2662 1399 2714 ὅλον
1442 2664 1539 2715 καὶ
1566 2665 1890 2730 πρόσωπον

323 2756 582 2810 καλοῦσι·
622 2755 810 2825 πρόσω
846 2753 956 2824 γὰρ
988 2753 1117 2814 τοὺς
1149 2747 1327 2817 ὦπας,
1357 2753 1472 2805 ἀλλ’
1503 2755 1602 2806 οὑκ
1642 2756 1706 2807 ὲκ
1748 2754 1888 2809 πλα-

325 2851 444 2917 γίου
489 2849 644 2918 φέρει
679 2863 690 2875 ·
725 2847 805 2899 διδ
837 2845 934 2899 καὶ
980 2848 1162 2914 μόνοις
1211 2846 1522 2916 ἀνθρώποις
1557 2848 1889 2916 ἐπικατηγοο

326 2940 499 3008 ρεῐται
525 2953 538 2966 ο
573 2937 666 2988 ἐπὶ
692 2936 801 3005 γὰρ
829 2935 940 2987 τῶν
975 2932 1151 2987 ἄλλων
1181 2931 1336 2996 ζώων
1375 2935 1673 3002 πρόσωπον
1709 2934 1890 3001 λέγειν

324 3030 382 3082 οὺ
413 3027 602 3099 θέμις’
643 3026 859 3096 nupera
885 3026 942 3081 δὲ
979 3025 1133 3099 παρὰ
1174 3024 1237 3081 τὸ
1268 3025 1750 3098 πεπερατοῦσθαιο
1795 3026 1889 3076 καὶ

323 3123 383 3174 οὑ
429 3123 593 3192 μέρος
621 3121 713 3172 τοῦ
765 3119 1059 3191 προσώπου
1103 3119 1266 3189 τυχὸν
1313 3121 1425 3173 ἄνω
1462 3120 1495 3188 ἢ
1529 3119 1778 3189 κάτω,ἢ
1827 3116 1889 3171 ὲκ

326 3212 603 3279 πλαγίων,
647 3211 784 3265 ἀλλὰ
845 3211 1244 3283 συνεκδοχικῶς
1289 3211 1410 3263 ὅλον
1457 3211 1518 3263 τὸ
1562 3211 1888 3281 πρόσωπον’

325 3303 460 3372 φησὶ
493 3304 599 3371 γὰρ
640 3304 912 3371 Ὅμηρος·

2457 2555 2590 2623 tlap.
2633 2552 2700 2604 ΙΧ
2731 2578 2804 2594 —-
2849 2550 2920 2604 De
2972 2550 3125 2619 facie.

2067 2662 2123 2716 In
2143 2678 2433 2727 summam,
2457 2672 2624 2715 totam
2644 2661 2785 2713 hanc
2805 2665 3010 2728 partem
3036 2654 3280 2709 nonnufli
3301 2653 3561 2724 παρειὰς,

1996 2755 2090 2806 καὶ
2144 2753 2434 2823 πρόσωπον
2458 2793 2474 2818 ,
2503 2755 2605 2806 hoc
2631 2759 2714 2806 est
2739 2764 2929 2820 genam
2963 2745 3267 2814 faciemque
3289 2745 3562 2811 dictitant,

1996 2843 2102 2896 ἀπὸ
2126 2841 2218 2894 τοῦ
2257 2843 2442 2912 πρόσω
2469 2842 2593 2903 τοὺς
2639 2841 2779 2900 ὅπας
2815 2837 3023 2907 φέρειν,
3081 2836 3226 2905 quod
3282 2844 3561 2904 aspectum

1996 2949 2106 3000 quo
2167 2933 2438 2984 anteriora
2500 2930 2836 2998 prospicient
2888 2944 2953 2980 ex
3000 2928 3228 2980 adverso
3286 2932 3495 2994 gestent
3541 2939 3556 2976 :

1997 3030 2326 3091 quapropter
2374 3021 2477 3074 hoc
2511 3021 2667 3075 faciei
2698 3034 2918 3085 nomen,
2943 3017 3179 3072 hominis
3208 3027 3414 3069 natura:
3435 3023 3561 3067 tan-

1996 3113 2278 3170 tummodo
2332 3113 2604 3185 congruit,
2662 3126 2784 3169 cum
2840 3110 2895 3165 in
2958 3108 3168 3164 caneris
3227 3105 3556 3161 animalibus

1993 3206 2182 3260 faciem
2204 3207 2382 3260 dicere
2398 3205 2670 3274 piaculum
2697 3203 2976 3256 habeatur.
2998 3186 3146 3254 Gutta
3164 3206 3341 3253 autem
3360 3195 3562 3265 παρειὰ

1996 3297 2147 3368 παρὰ
2196 3297 2255 3349 τὸ
2305 3296 2761 3367 πεπερατῶσθαι,
2805 3293 2948 3364 quod
3003 3290 3278 3347 terminari
3329 3289 3560 3360 diceres,

324 3396 451 3464 quia
527 3394 631 3448 sub
677 3408 741 3446 eo
794 3396 1011 3446 nomine
1057 3407 1163 3445 non
1214 3407 1319 3445 una
1382 3398 1588 3444 tantum
1645 3389 1817 3459 ipsius
1883 3389 2038 3444 faciei
2091 3391 2289 3460 portio,
2338 3404 2459 3458 quas
2514 3403 2678 3455 supra
2730 3386 3000 3446 videlicet,
3075 3383 3344 3450 infraque,
3408 3388 3561 3433 auta

327 3485 587 3541 lateribus
631 3493 734 3542 est.
770 3483 863 3536 sed
897 3492 1005 3536 tota
1051 3482 1213 3537 simul
1261 3480 1428 3536 facies
1460 3480 1936 3549 comprehenditur
1990 3496 2054 3535 ac
2103 3481 2444 3541 terminatur,
2481 3486 2540 3530 ut
2573 3477 2840 3530 Humerus
2881 3491 2895 3527 :

618 3571 840 3645 Ὠχρός
867 3579 932 3628 τέ
955 3593 1060 3644 μιν
1087 3569 1212 3627 εἷλε
1240 3572 1484 3640 παρειάς
1510 3570 1595 3642 (ἰ),

319 3691 381 3742 οὑ
417 3688 582 3758 μέρος
613 3688 809 3754 λέγων,
836 3687 950 3739 ἀλλ’
987 3687 1107 3740 ὅλον
1151 3682 1534 3756 παρηλλάχθαι
1563 3683 1658 3734 καὶ
1680 3682 1888 3752 ὠχριᾶ-

321 3779 445 3831 σθαι
469 3780 512 3809 θ’
533 3793 547 3808 ·
580 3777 731 3830 ἔνθεν
757 3777 852 3830 καὶ
880 3777 967 3828 τό·

626 3867 810 3935 Χροὸς
847 3867 1093 3936 ἔμμεναι
1125 3863 1473 3932 ἀνδρομέοιο
1513 3861 1598 3930 (j),

316 3958 474 4029 ἢτόο

615 4045 843 4112 Πάντες
881 4046 932 4099 δ’
967 4047 1034 4099 ἐν
1071 4045 1206 4115 χροΐ
1232 4042 1466 4112 πῆχθεν
1500 4040 1572 4110 (It)
1595 4058 1609 4072 ·

318 4138 590 4208 μεταϐολὴ
623 4137 738 4208 γάρ
764 4138 878 4190 ἔστι
907 4137 1004 4203 τῆς
1031 4153 1102 4189 ου
1140 4137 1219 4198 εἰς
1262 4150 1338 4198 ω,
1371 4131 1447 4194 ὡς
1481 4131 1574 4183 καὶ
1607 4129 1704 4198 τῆς
1740 4128 1881 4182 κατὰ

315 4230 478 4298 φύσιν
514 4228 683 4298 χρόας
729 4229 810 4289 είς
855 4227 954 4295 τὴν
1012 4224 1164 4294 παρὰ
1209 4222 1370 4292 φύσιν
1401 4221 1693 4292 ὠχρότητα
1752 4235 1876 4288 μετ-

2139 3571 2238 3624 Cui
2266 3570 2440 3640 pallor
2465 3578 2632 3622 totam
2657 3567 2843 3637 [aciem
2867 3559 3318 3632 comprehenderat
3337 3558 3566 3627 ingensi;

1994 3687 2193 3758 quibus
2227 3685 2404 3739 verbis
2429 3693 2584 3752 poeta
2610 3683 2725 3751 ipse
2754 3690 2919 3736 totam
2953 3677 3144 3730 faciem
3173 3680 3554 3743 permutatum,

1999 3794 2104 3832 non
2129 3782 2308 3829 autem
2338 3782 2544 3842 partem
2581 3772 2787 3837 innuit;
2818 3770 3084 3839 quasique
3108 3763 3369 3819 naturalis
3406 3762 3558 3814 color

1992 3869 2046 3924 in
2097 3883 2222 3922 eum
2268 3865 2360 3934 qui
2402 3873 2596 3934 praster
2632 3873 2881 3916 naturam
2919 3868 3001 3913 est
3041 3857 3296 3925 pallorem
3335 3852 3551 3907 abierit.

1993 3959 2271 4030 Siquidem
2303 3957 2424 4010 talis
2481 3955 2530 4008 in
2591 3951 2904 4007 hominibus
2945 3949 3117 4019 pallor
3181 3948 3422 4016 legitimo
3457 3959 3554 3996 na-

1990 4060 2126 4106 tura;
2156 4048 2331 4103 ofﬁcio
2378 4045 2718 4114 neutiquam,
2749 4043 2840 4096 sed
2891 4041 3101 4095 timoris
3134 4055 3226 4094 seu
3262 4034 3550 4091 imbecilli-

1986 4141 2114 4195 tatis
2173 4139 2343 4208 gratia
2384 4136 2668 4205 -provenit.
2720 4134 2988 4186 Praeterea
3047 4131 3214 4184 facies
3295 4130 3412 4197 ipsa
3467 4136 3553 4181 est

1987 4245 2108 4298 qua:
2135 4228 2330 4282 anima:
2356 4226 2578 4280 allectus
2596 4223 2752 4277 facile
2787 4228 3158 4290 repraesentat.
3191 4216 3326 4270 Cum
3367 4217 3551 4271 anima

313 4321 697 4390 αμειφθείσης.
725 4319 797 4370 Οὑ
817 4317 924 4386 γὰρ
947 4314 1089 4369 κατὰ
1118 4313 1280 4382 φύσιν
1309 4313 1521 4382 ἔχουσιν
1549 4312 1600 4364 οἱ
1625 4312 1683 4362 ὲν
1708 4308 1882 4378 ὠχρό-

1991 4321 2104 4389 ipsa
2136 4319 2322 4372 ltetitia
2368 4316 2617 4378 afﬁcitur,
2667 4328 2858 4368 serena
2901 4309 3088 4370 facies,
3127 4307 3426 4375 hilarisque
3455 4320 3551 4374 ap-

312 4427 436 4479 τητι
458 4409 634 4471 ὄντες,
667 4408 782 4459 ἀλλ’
815 4406 847 4476 ἢ
876 4406 964 4458 διὰ
997 4405 1158 4473 φόϐον
1181 4421 1297 4469 του,
1325 4403 1359 4472 ἢ
1390 4402 1692 4466 ἀσθένειαν,
1718 4400 1876 4452 τοῦτο

312 4504 613 4572 πάσχουσιν
635 4503 699 4554 ⁸³.
754 4501 908 4553 Ἐστι
945 4499 999 4550 δὲ
1048 4497 1108 4548 τὺ
1155 4481 1582 4565 πρόσωπονκαὶ
1623 4493 1731 4544 τῶν
1777 4491 1876 4560 τῆς

310 4595 486 4665 ψυχῆς
509 4594 805 4647 διαθέσεων
839 4589 1139 4642 δεικτικόν·
1163 4586 1459 4657 χαιροὺσης
1484 4585 1590 4655 γὰρ
1621 4585 1790 4653 αὐτῆς
1806 4583 1873 4649 δι’

310 4684 533 4753 φαιδρὸν
561 4686 677 4735 ἐστι
700 4683 795 4734 καὶ
815 4678 1238 4748 γεγαννυμένονο
1265 4674 1607 4744 λυπουμένης
1637 4673 1714 4736 δὲ,
1748 4688 1878 4725 κατ-

308 4777 445 4846 ηφές
475 4793 534 4828 τε
582 4776 673 4828 καὶ⁸
717 4772 1042 4841 σκυθρωπόν
1065 4787 1078 4800 ·
1112 4769 1479 4840 ὀργιζομένης
1507 4766 1596 4830 δὲ,
1629 4765 1876 4817 πελιδνόν

309 4884 368 4922 τε
409 4868 505 4920 καὶ
545 4866 818 4936 ὕφαιμον,
852 4865 885 4934 ἢ
935 4860 1305 4931 ἐκπληκτικὸν
1347 4876 1408 4911 τε
1457 4859 1553 4912 καὶ
1609 4857 1873 4926 μανικόνο

309 4958 386 5011 διὸ
410 4962 503 5011 καὶ
525 4960 558 5026 ἡ
584 4959 775 5028 Γραφὴ
799 4957 869 5008 τὰ
894 4956 1000 5024 ἢθη
1029 4954 1126 5022 τῆς
1153 4953 1330 5023 ψυχῆς
1367 4954 1430 5003 ἐκ
1455 4967 1550 5002 του
1583 4947 1876 5018 προσώπου

309 5049 726 5118 χαρακτηρίζει.
775 5049 1031 5115 Καρδίας
1071 5047 1213 5116 γὰρ,
1255 5044 1450 5112 φησὶν,
1490 5036 1874 5108 εὐφραινομέ-

307 5156 420 5206 νης
487 5141 699 5192 θάλλει
756 5141 1120 5207 πρόσωπον⁸
1174 5138 1245 5189 ἐν
1303 5134 1371 5187 δὲ
1419 5133 1643 5195 λύπαις
1682 5130 1872 5194 οὔσης

306 5230 744 5298 σκυθρωπάζει,
772 5231 870 5284 καὶ
901 5231 1056 5298 ἀνὴρ
1083 5229 1355 5297 θυμώδης
1386 5227 1495 5278 οὐκ
1524 5220 1867 5288 εὐσχήμων.

1982 4420 2170 4480 paret;
2221 4408 2276 4461 in
2336 4407 2415 4462 eis
2465 4420 2591 4460 vero
2657 4403 2876 4458 tristitia
2955 4413 3244 4454 mmrorem
3305 4413 3369 4450 ac
3428 4411 3550 4465 per-

1983 4500 2344 4554 turbationem
2389 4513 2498 4567 pra:
2555 4511 2612 4550 se
2664 4495 2785 4548 fert.
2847 4491 3071 4556 Verum,
3123 4505 3245 4543 cum
3290 4487 3406 4557 ipsa
3467 4487 3548 4540 ira

1982 4587 2364 4648 excandescit,
2420 4585 2584 4639 livida
2644 4594 2699 4638 et
2764 4581 3026 4652 sanguine
3091 4577 3298 4632 suﬂ‘usa
3362 4574 3544 4638 facies,

1984 4679 2306 4748 stupidaque
2372 4691 2582 4730 necnon
2666 4675 2873 4728 furiosa
2951 4670 3213 4725 redditur.
3274 4665 3550 4732 Quamob-

1986 4787 2121 4832 rem,
2174 4771 2344 4823 sacris
2395 4768 2447 4821 in
2478 4765 2698 4819 Litteris
2745 4766 2982 4834 positum
3040 4769 3124 4815 est
3176 4758 3320 4829 quod
3380 4755 3548 4810 animi

1987 4875 2164 4914 mores
2195 4874 2260 4913 ex
2309 4873 2537 4928 corpore
2570 4866 2728 4924 atque
2761 4871 2826 4909 ex
2875 4854 3013 4907 facie
3062 4853 3177 4920 ipsa
3213 4849 3546 4918 efﬁgiantur,

1983 4963 2105 5018 quae
2144 4948 2224 5002 sic
2274 4949 2349 5001 ait
2392 4964 2405 5000 :
2456 4945 2520 4999 In
2552 4946 2724 4998 cordis
2773 4944 2910 4996 enim
2958 4941 3151 5010 gaudio
3193 4938 3354 5007 facies
3400 4936 3550 4989 exhi-
3625 4937 3636 4956 ‘

1982 5038 2221 5103 (aratur;
2265 5054 2384 5090 cum
2419 5053 2536 5090 vero
2581 5037 2751 5104 ipsum
2781 5035 2929 5087 triste
2961 5033 3021 5100 ﬁt
3046 5073 3061 5097 ,
3098 5030 3326 5082 demissa
3375 5027 3546 5096 efﬁci-

1982 5138 2068 5184 tur
2093 5171 2108 5196 ,
2143 5140 2190 5184 et
2239 5130 2390 5182 homo
2421 5129 2505 5182 ira
2549 5136 2833 5196 occupatus
2869 5125 3036 5193 turpis
3080 5131 3178 5175 est.

373 5341 674 5442 1⁵δχειλέων
701 5345 761 5396 Β.
836 5343 882 5374 ⁸⁵
915 5345 1007 5395 ἐπὶ
1057 5343 1115 5394 Β.
1145 5343 1190 5372 ⁵⁸
1220 5338 1356 5410 ῥυδὲ
1396 5337 1454 5390 Β.
1533 5335 1575 5367 ⁸⁷
1598 5337 1631 5404 ἡ
1665 5334 1809 5400 πήνη
1863 5345 1973 5383 om.
2010 5330 2050 5380 B
2075 5329 2114 5383 C
2148 5330 2210 5381 P.
2287 5329 2332 5361 ⁸⁸
2364 5329 2581 5380 ὑπεῖναι
2612 5329 2654 5379 Β
2684 5328 2745 5378 Ρ.
2822 5324 2867 5355 ⁸⁹
2909 5319 3110 5392 μᾶλλον
3162 5318 3221 5371 Β.
3257 5316 3472 5386 πρῶται
3504 5313 3546 5368 C

523 5411 598 5442 -.τε
627 5413 668 5442 n
763 5413 804 5442 st
837 5413 943 5442 -.τω
984 5411 1158 5442 ἽΑυιΑυ
1193 5409 1292 5442 mm
1347 5408 1388 5442 ιι
1485 5406 1528 5437 62
1559 5403 1831 5442 ιῖινηνᾶπαι
1863 5400 1916 5442 Β,
1998 5401 2042 5432 ⁸³
2080 5401 2191 5442 Imm
2221 5397 2288 5442 ah
2316 5397 2618 5442 ὠνοιᾶσθαι
2651 5407 2822 5442 “sane
2851 5402 2982 5442 mihi
3005 5389 3067 5442 B.
3139 5385 3185 5419 “
3223 5388 3361 5441 male
3426 5393 3546 5442 βοει

304 5413 368 5465 P.
444 5385 804 5480 ίῖῖἑῖῗιὶΪἏι
837 5385 1158 5478 τῶῖἷώπΪὼ
1191 5385 1454 5463 ειῖιιιῗιιῗ
1485 5406 1528 5437 θ’
1559 5385 1831 5473 ὠχριέσάι
1863 5400 1882 5451 ι

1998 5401 2042 5432 ⁸³
2078 5401 2191 5452 hanc
2221 5397 2288 5452 ab
2316 5397 2618 5468 ώχριᾶσθαι
2651 5407 2822 5466 usque
2851 5385 2984 5460 01in;
3005 5389 3067 5444 B.
3139 5385 3185 5419 “
3223 5385 3361 5441 male
3425 5393 3547 5453 post

302 5452 476 5549 ἔιότῆς
509 5452 700 5550 τὶςἷεῖίῖ
732 5452 1235 5534 δεικὶῖέόᾷἓέςζίὶζ

290 5653 294 5657 _
375 5597 438 5716 ρ.)
466 5595 528 5650 ιι.
560 5595 623 5649 r.
659 5595 728 5648 55

404 5670 442 5716 ιι
478 5665 541 5716 ιι.
572 5665 634 5716 ο.
663 5663 728 5716 7o

401 5663 442 5727 ii)
478 5665 541 5720 ll.
571 5665 634 5730 Φ.
663 5663 751 5718 70.

2050 5579 2120 5652 (ις)
2148 5580 2209 5634 ιι.
2241 5579 2303 5635 e.
2328 5579 2454 5635 298.
