4040 6150
426 208 558 274 1191

1701 224 1979 282 Μειετριι
2024 224 2337 288 ΜΟΝΑΟΗῘ

3554 236 3699 291 1192

426 324 699 388 nuntiant.
725 332 1037 399 Enimvero,
1069 333 1228 390 divus
1272 334 1401 421 item
1426 334 1656 392 Basilius
1682 339 1881 407 lingua:
1910 342 1989 412 ip-

2096 344 2197 416 τὴν
2226 348 2389 417 φύσιν
2411 392 2427 418 ,
2458 351 2487 404 ὁ
2517 350 2661 415 θεῖος
2696 348 2977 414 Bestiam;
3012 362 3180 421 φησιν
3199 390 3215 417 ,
3241 351 3392 414 ὅπως
3417 322 3695 421 ἀπαλήιτε

424 424 543 479 sius
568 432 818 479 naturam
853 424 1253 479 animadvertit.
1294 416 1371 479 'Et
1397 433 1635 497 quonam
1673 439 1835 498 pacto
1881 432 1998 502 ipsa

425 517 652 572 mollitie
683 518 753 572 sit
784 517 1027 585 praedita,
1076 517 1141 570 ad
1177 508 1456 586 flexusque
1489 516 1664 575 facilis
1705 521 1994 589 habeatur,

423 622 643 677 quoque
676 607 839 661 modo
864 608 1030 662 variis
1060 607 1253 663 usibus
1276 610 1497 664 cuilibet
1548 612 1783 666 orationi
1844 598 1999 669 suill-

423 699 554 764 ciat,
593 697 683 752 ille
721 697 1134 754 accuratissime
1165 699 1539 769 deprehendit.
1575 700 1695 771 Ipsa
1724 704 1993 772 siquidem

421 789 630 859 lingua,
681 799 795 843 tum
844 790 1057 859 amplae,
1106 798 1222 845 tum
1280 800 1525 860 angustas
1582 795 1993 864 magnitudinis,

418 880 515 934 sed
545 888 599 934 et
620 879 809 935 media:
829 887 934 947 est;
972 897 1094 936 cum
1138 895 1266 936 vero
1299 874 1685 937 latiorem'lieri
1720 886 1998 954 acciderit,

418 970 549 1024 dum
587 971 701 1026 oris
760 980 998 1026 meatum
1069 973 1193 1041 plus
1261 973 1432 1027 nimio
1480 973 1745 1043 repletum
1801 977 1998 1043 reddit,

420 1063 576 1117 tardo
593 1062 939 1132 cessantique
962 1077 1235 1129 sermone,
1254 1075 1414 1132 atque
1435 1064 1781 1119 inarticulato
1806 1067 1997 1124 utitur.

2105 439 2200 492 καὶ
2225 438 2526 511 εὖστροφος
2553 443 2622 508 ³⁸,
2668 443 2764 496 καὶ
2794 442 2929 513 πρὸς
2963 444 3146 496 πᾶσαν
3179 444 3369 512 χρείαν
3403 443 3569 511 λόγου
3618 444 3699 514 τῷ

2104 532 2337 602 ποικίλῳ
2362 533 2464 603 τῆς
2494 536 2767 605 κινήσεως
2797 533 3137 605 ὲξαρκοῦσα.
3174 536 3332 588 Ἔστι
3352 535 3409 589 δὲ
3431 536 3528 589 καὶ
3560 537 3699 589 πλα-

2102 624 2223 674 τεῖα
2264 622 2360 675 καὶ
2404 624 2566 695 στενὴ
2604 625 2698 695 ·τῷ
2752 624 2975 694 μεγέθει
3027 626 3121 678 καὶ
3169 625 3308 697 μέση
3334 643 3348 655 ο
3382 627 3479 679 καὶ
3518 628 3553 696 ἡ
3594 628 3697 695 μὲν

2101 713 2334 766 πλατεῖα
2361 714 2425 767 τὸ
2445 715 2620 784 στόμα
2649 715 2972 783 γεμίζουσα,
3001 715 3177 786 ἀργὴν
3206 716 3307 786 τὴν
3340 717 3561 785 ὁμιλίαν
3598 719 3696 769 καὶ

2100 803 2372 874 ἄναρθρον
2406 808 2588 858 ποιεῖ·
2623 808 2656 876 η
2705 808 2763 859 δὲ
2815 806 2975 877 στενὴ
3016 808 3111 860 καὶ
3147 807 3355 877 μικρὰ,
3413 808 3695 877 ὲπερείδε-
3778 801 3784 805 ’

2102 893 2229 947 σθαι
2264 894 2402 964 πρὸς
2442 898 2570 959 τοὺς
2619 898 2838 961 ὀδόντας
2873 898 2950 970 μὴ
2997 896 3282 965 σώζουσα,
3325 898 3541 969 φαύλην
3590 899 3693 969 τὴν

2101 982 2296 1039 λαλιάν
2340 987 2668 1041 ἀποδίδωσιν
2693 1004 2706 1018 ⁸
2748 991 2783 1059 η
2826 990 2965 1059 μέση
2991 989 3049 1043 δὲ
3088 989 3233 1043 κατά
3276 989 3531 1058 μέγεθος,
3562 992 3691 1043 τούι-

2101 1092 2212 1129 των
2241 1079 2587 1148 ἀπήλλακται
2618 1081 2727 1133 τῶν
2754 1081 2944 1136 παθῶν
2963 1120 2980 1146 ,
3010 1082 3106 1136 καὶ
3129 1082 3245 1136 ἐστι
3277 1081 3557 1152 βελτίστη.

418 1154 607 1223 Αιίιηίν
668 1155 789 1223 eius
855 1154 1030 1207 forma
1089 1162 1318 1224 angusta
1362 1155 1652 1223 brevisque
1691 1157 1993 1226 exsistens,
2033 1166 2179 1232 quod
2211 1182 2320 1237 prta
2352 1170 2439 1225 sui
2472 1172 2721 1241 angustia
2765 1172 3136 1242 brevitateque
3200 1186 3309 1227 non
3374 1173 3509 1229 satis
3538 1188 3690 1228 com-

419 1248 580 1302 mode
595 1246 849 1301 dentibus
869 1246 1026 1300 inniti
1056 1254 1239 1315 queat,
1262 1245 1454 1299 vitiato
1469 1246 1689 1316 eloquio
1704 1250 1992 1306 verborum
2034 1270 2193 1313 usum
2226 1261 2424 1331 explet.
2488 1261 2664 1318 Media
2709 1274 2888 1320 autem
2913 1265 3031 1336 ejus
3054 1264 3253 1330 forma,
3281 1266 3526 1321 omnium
3549 1282 3687 1336 quas

420 1342 747 1396 adduximus
769 1340 1105 1410 passionum,
1149 1354 1342 1408 expers
1398 1348 1483 1395 est
1534 1340 1851 1411 dptimaque
1897 1344 2148 1403 habetur.

420 1444 423 1447 '
489 1433 705 1487 Partem
743 1440 924 1486 autem
964 1431 1084 1500 ejus
1126 1446 1247 1498 quae
1299 1446 1464 1501 supra
1491 1440 1598 1495 est,
1628 1432 1849 1501 ligulam
1913 1435 1999 1489 di-

422 1527 621 1589 cimus,
653 1524 738 1579 cui
764 1522 900 1577 illud
935 1521 1080 1591 quod
1105 1521 1229 1589 gula
1256 1529 1605 1592 nuncupatur
1639 1524 1897 1578 adhaeret.
1930 1524 1996 1579 Et

2181 1441 2246 1495 Ἥ
2273 1442 2330 1495 δὲ
2355 1443 2710 1512 ἐπιγλωττὶς
2731 1443 2938 1517 ταύτης
2969 1449 3135 1520 μέρος
3159 1452 3281 1504 ἐστὶ
3314 1452 3375 1504 τὺ
3403 1450 3650 1522 ὕπερθεν
3667 1452 3679 1465 ’

2099 1531 2214 1601 ἔχει
2257 1532 2316 1585 δὲ
2350 1533 2491 1605 αὕτη
2529 1539 2965 1606 προσπεφυκότα
2998 1540 3091 1593 τὸν
3133 1542 3471 1612 καλούμενον
3516 1546 3682 1599 olca-

423 1635 547 1674 cum
575 1617 829 1672 dentibus
842 1615 1087 1670 molitum
1109 1614 1422 1668 alimentum
1437 1612 1504 1667 ad
1534 1614 1789 1670 interiora
1809 1617 1989 1671 demit-

2097 1623 2294 1693 φάγον
2312 1627 2379 1680 ⁸⁸.
2414 1627 2527 1680 Καὶ
2547 1628 2680 1681 ὅταν
2702 1628 2787 1682 δια
2797 1631 3180 1701 μασησάμενοι
3201 1634 3248 1665 ⁸⁸
3274 1633 3370 1687 καὶ
3395 1634 3684 1706 καταλειήο

423 1711 611 1771 timus,
662 1706 896 1773 arteria,
948 1719 1117 1775 quoa
1170 1703 1336 1775 ligula
1385 1705 1617 1772 velatur,
1666 1721 1697 1760 a
1738 1721 1852 1762 suae
1906 1722 1997 1762 ac-

420 1800 587 1854 tionis
638 1797 813 1853 ollicio
864 1803 1083 1860 cessat;
1122 1810 1244 1864 quae
1290 1811 1415 1850 cum
1480 1796 1548 1849 ab
1592 1812 1658 1851 eo
1705 1799 1797 1868 qui
1848 1798 1995 1854 intus

419 1900 505 1946 est
548 1891 740 1960 spiritu
786 1889 866 1943 sic
906 1887 1177 1942 exsistens
1206 1886 1409 1940 moveri
1448 1896 1702 1957 nequeat,
1758 1897 1873 1942 tum
1909 1890 1992 1958 ip-

420 1997 561 2049 sam,
607 1992 721 2035 tum
769 1980 1083 2049 pulmonem
1128 1976 1380 2046 protinus
1414 1980 1718 2034 consistere
1766 1979 1988 2045 accidit,

417 2070 679 2143 quoniam
706 2082 830 2123 cum
861 2066 977 2136 ipsa
1015 2064 1267 2134 spiritum
1304 2062 1436 2127 edit,
1468 2064 1630 2119 etiam
1663 2065 1839 2134 ipsius
1867 2079 1995 2119 sue-

417 2159 596 2216 eessio
635 2157 703 2212 ad
738 2170 870 2211 cava
915 2153 1190 2223 pulmonis
1229 2152 1422 2207 fertur.
1457 2151 1778 2207 Pulmonem
1810 2162 1992 2208 autem

421 2253 603 2322 ipsum
639 2248 751 2319 78
779 2245 1100 2301 discrimina
1134 2242 1488 2314 cartilaginea
1547 2243 1749 2298 habere
1774 2252 1989 2298 certum

418 2350 523 2407 est,
574 2355 696 2410 qum
755 2335 1076 2393 contractim
1119 2335 1174 2389 in
1215 2343 1439 2389 acutum
1469 2334 1719 2400 tendunt;
1750 2350 1845 2404 per
1876 2334 1993 2388 haec

417 2433 561 2489 enim
589 2431 815 2501 spiritus
858 2429 912 2482 in
946 2430 1065 2497 ejus
1104 2425 1375 2481 foramina
1402 2434 1669 2496 penetrat,
1707 2425 1834 2481 inde
1859 2442 1990 2481 vero

419 2526 486 2579 ad
514 2522 697 2579 cordis
729 2520 921 2575 intima
951 2518 1240 2573 revertitur
1274 2518 1471 2571 denuo.
1504 2514 1662 2579 Nam,
1692 2532 1816 2570 cum
1842 2526 1987 2571 arte-

417 2613 811 2683 riam,pulsum
841 2611 1108 2673 videlicet,
1165 2619 1222 2663 ut
1251 2609 1454 2663 dictum
1490 2616 1592 2671 est,
1624 2608 1787 2677 ligula
1821 2609 1982 2673 velet,

419 2704 738 2760 alimentum
770 2700 838 2756 ab
869 2716 963 2755 ore
995 2700 1061 2754 ad
1120 2699 1466 2755 stmnachum
1521 2698 1844 2754 demittitur.
1886 2699 1992 2751 Ar-

420 2796 553 2851 teria
600 2809 835 2865 namque
894 2794 1030 2864 ipsa,
1059 2802 1113 2848 et
1155 2792 1351 2847 .alteria
1401 2791 1724 2861 appellatur,
1754 2791 1989 2864 ἀρτηρία

416 2885 635 2957 quidem
662 2881 775 2938 οἷον
823 2882 1139 2955 ἀεροτηρία,
1168 2897 1298 2951 quae
1335 2882 1493 2951 quasi
1550 2896 1729 2936 aerem
1786 2891 1986 2948 servet,

2095 1733 2287 1780 ναντες
2315 1719 2359 1750 ⁸⁷
2406 1720 2870 1793 παραπέμπωμεν
2909 1724 3009 1793 τὴν
3049 1725 3260 1796 τροφὴν
3308 1727 3391 1790 είς
3428 1727 3501 1780 τά
3529 1727 3680 1794 ἔσω,

2096 1808 2506 1877 έπιπωματίζει
2554 1813 2588 1881 ἡ
2619 1812 2945 1881 ἐπιγλωττὶς
2974 1814 3074 1884 τὴν
3102 1816 3375 1887 ἀρτηρίαν
3396 1856 3413 1881 ,
3446 1819 3544 1871 καὶ
3575 1836 3678 1871 κω-

2097 1896 2214 1950 λύει
2242 1898 2414 1968 αύτὴν
2454 1901 2696 1970 ἐνεργεῖν
2718 1916 2733 1931 ³
2766 1902 2853 1971 ἐφ’
2884 1899 2966 1966 οἷς
3015 1904 3337 1974 συμϐαίνει,
3388 1906 3466 1977 μὴ
3498 1924 3683 1961 κινου-

2100 1990 2267 2059 μένης
2325 1992 2423 2060 τῆς
2478 1992 2751 2063 ἀρτηρίας
2802 1995 2908 2047 ὑπὸ
2955 1995 3051 2048 τοῦ
3113 1996 3265 2059 ἐντὸς
3322 1999 3681 2068 πνεύματος⁹

2099 2082 2351 2136 ἵστασθαι
2382 2084 2477 2137 καὶ
2522 2084 2615 2138 τὸν
2660 2086 2941 2156 πνεύμονα
2971 2089 3253 2159 παρευθύς
3274 2107 3287 2118 ·
3335 2091 3421 2144 ὅτι
3456 2108 3679 2159 φυσσω-

2097 2174 2266 2245 μένης
2293 2175 2391 2244 τῆς
2424 2176 2693 2249 ἀρτηρίας
2714 2179 2760 2210 ⁸⁸
2789 2178 3025 2242 διάδοσις
3056 2181 3325 2249 γίνεται⁰⁹
3356 2182 3685 2251 πνεύματος

2094 2265 2174 2327 είς
2223 2263 2294 2318 τὰ
2318 2265 2473 2319 κοῖλα
2503 2266 2651 2336 μέρη
2675 2267 2771 2320 τοῦ
2815 2268 3143 2337 πνεύμονος.
3172 2271 3327 2341 Ἔχει
3374 2273 3485 2342 γάρ
3508 2274 3524 2305 ¹
3557 2275 3681 2329 δια-

2092 2352 2286 2422 φύσεις
2318 2354 2644 2424 χονδρώδεις
2675 2356 2703 2407 ὀ
2731 2356 2993 2426 πνεύμων
3015 2359 3098 2422 είς
3126 2358 3220 2425 ὀξὺ
3254 2361 3549 2432 διηκούσας
3584 2367 3681 2418 καὶ

2107 2446 2455 2517 συνηγμένας
2478 2463 2492 2479 ⁸
2537 2447 2604 2501 δι’
2641 2442 2717 2503 ὧν
2750 2449 2945 2502 εῖσεισι
2971 2449 3032 2503 τδ
3060 2450 3280 2523 πνεῦμα
3307 2454 3388 2516 είς
3409 2455 3509 2517 τάς
3537 2455 3681 2520 ὀπὰς

2096 2536 2305 2601 αὑτοῦ,
2364 2538 2622 2591 κάκεῖθεν
2668 2534 2827 2604 αὖθις
2875 2541 2957 2603 είς
3004 2541 3104 2612 τὴν
3146 2543 3377 2614 καρδίαν
3436 2546 3671 2616 ἐνίησιν.

2104 2625 2694 2697 Ἐπιπωματιξομένης
2725 2627 2782 2681 δὲ
2809 2628 2908 2698 τῆς
2935 2629 3203 2700 ἀρτηρίας
3234 2630 3388 2701 παρά
3416 2631 3521 2700 τῆς
3548 2635 3677 2686 ἑπι-

2093 2716 2403 2783 γλωττίδος,
2422 2717 2499 2780 ὡς
2527 2716 2768 2787 εἴρηται,
2796 2720 3283 2792 παραπέμπεταιὴ
3305 2722 3482 2793 τροφὴ
3505 2723 3566 2774 ὲν
3595 2723 3676 2792 τῷ

2092 2807 2371 2878 στομάχῳ.
2408 2807 2645 2875 Λέγεται
2671 2808 2729 2864 δὲ
2761 2811 3016 2878 rumpia
3049 2812 3146 2865 καὶ
3177 2812 3429 2881 ἀρτηρία
3450 2816 3470 2844 ³
3489 2829 3503 2843 ο
3535 2816 3630 2868 καὶ
3652 2817 3675 2847 ³

2090 2898 2339 2967 ἀρτηρία
2381 2900 2500 2969 μὲν,
2537 2893 2671 2965 οἷον,
2716 2901 3017 2973 ἀεροτηρία
3031 2902 3075 2969 ⁸,
3120 2903 3229 2956 ἀπὸ
3255 2903 3353 2957 τοῦ
3391 2905 3675 2976 περιέχειν

415 2977 976 3049 comprehendatque;
1024 2988 1150 3028 nam
1197 2973 1424 3041 spiritus
1455 2972 1524 3026 ab
1571 2971 1688 3041 ipsa
1739 2988 1984 3041 compre-

2093 2988 2189 3042 καὶ
2220 2990 2409 3059 τηρεῖν
2447 2989 2508 3043 τὸ
2541 2989 2796 3061 πνεῦμαο
2823 2971 3078 3059 άλτηρία
3102 2993 3185 3058 δὲ,
3223 2993 3375 3065 παρά
3406 2971 3481 3050 τὸ.
3513 2971 3675 3051 5.5.1:-

416 3070 673 3125 benditur
695 3068 1137 3135 contineturque.
1172 3066 1238 3117 At
1269 3065 1384 3134 ipsa
1414 3063 1541 3118 item
1571 3064 1757 3119 alteria
1786 3065 1989 3121 dicitur

414 3160 568 3232 παρά
594 3159 655 3213 τὸ
684 3155 1009 3223 auriﬂuus
1026 3152 1292 3219 saliendo,
1308 3152 1466 3226 quod
1480 3162 1742 3226 perpetuo
1766 3170 1984 3212 movea-

417 3265 507 3308 tur
532 3259 698 3322 atque
727 3250 908 3306 saliat.

483 3345 651 3416 Atqui
676 3343 858 3413 lingua
895 3340 1011 3412 ipsa
1057 3338 1127 3395 ab
1177 3338 1311 3409 ipsis
1343 3338 1562 3410 γλῶσσα
1589 3340 1809 3405 dicitur,
1834 3340 1987 3412 παρά

413 3441 475 3496 τὸ
531 3436 743 3503 κλώθω,
796 3450 826 3490 a
868 3432 1309 3503 circumagendo,
1354 3431 1498 3502 quod
1538 3433 1668 3487 dum
1720 3433 1842 3502 ipsa
1876 3432 1985 3485 cir-

413 3529 752 3598 cumagitur,
797 3524 1095 3580 articulatm
1158 3522 1309 3578 vocis
1348 3523 1675 3577 constitutio
1715 3524 1826 3576 fiat.
1888 3519 1986 3576 ’νει

414 3624 486 3678 ob
542 3622 596 3675 id
651 3620 874 3690 γλῶσσα
920 3617 1120 3672 dicitur
1144 3610 1298 3681 ,οἷον
1339 3615 1578 3684 γνώσσα,
1637 3616 1782 3684 quod
1828 3616 1985 3670 vide-

413 3713 539 3767 licet
584 3711 870 3782 dignoscat
926 3707 1490 3778 comprehendatqne‘;
1542 3706 1659 3775 ipsa
1702 3706 1882 3771 enim,
1920 3712 1984 3759 ut

415 3817 589 3872 nuper
632 3798 1043 3870 explicavimus,
1068 3797 1362 3867 cujuslibet
1396 3798 1606 3866 saporis
1645 3811 1816 3867 genus
1841 3796 1985 3866 quod

414 3894 534 3962 ejus
590 3891 865 3960 peculiare
892 3888 1121 3943 habetur
1174 3886 1455 3942 discernit.
1509 3885 1826 3948 Enimvero,
1876 3887 1987 3941 hoc

414 3981 722 4039 sensorium
754 3995 784 4034 a
809 3979 983 4034 tribus
1018 3978 1140 4032 aliis
1176 3978 1468 4044 discrepat,
1495 3976 1551 4030 in
1580 3991 1669 4040 eo,
1721 3976 1865 4046 quod
1902 3975 1985 4030 vi-

414 4077 531 4137 sus,
564 4071 799 4128 olfactus
843 4069 1171 4138 auditusque
1196 4068 1430 4133 eminus,
1461 4081 1527 4122 ac
1563 4066 1762 4136 ubique
1807 4065 1984 4122 sensi-

415 4165 562 4229 bilia,
587 4177 709 4233 quae
726 4160 930 4229 cuique
953 4161 1456 4223 accommodantur,
1499 4158 1937 4212 animadvertunt
1964 4175 1981 4213 :

411 4253 643 4324 exempli
699 4251 894 4321 gratia,
929 4251 1103 4312 visus,
1143 4264 1264 4319 quae
1305 4249 1596 4319 plurimum
1629 4247 1833 4302 distant
1860 4261 1985 4316 pro-

2091 3078 2219 3134 σθαι
2241 3078 2264 3113 ³
2288 3096 2303 3111 ·
2334 3082 2370 3153 η
2399 3081 2487 3135 ἀεὶ
2512 3081 2787 3153 ἁλλομένη
2814 3082 2911 3137 καὶ⁵
2937 3082 3185 3153 πηδῶσα.

2158 3336 2392 3405 Λέγεται
2416 3336 2474 3391 δὲ
2494 3336 2746 3408 γλῶσσα
2760 3338 2914 3411 παρὰ
2938 3339 3001 3392 τὺ
3019 3338 3235 3396 κλώθω·
3271 3342 3625 3415 κλωθομένης
3646 3347 3671 3378 ⁶

2084 3427 2194 3499 γάρ
2246 3427 2417 3498 αὐτῆς
2454 3429 2487 3500 η
2535 3427 2803 3500 ἔναρθρος
2845 3431 3000 3501 φωνὴ
3033 3432 3414 3489 ἀποτελεῖται’
3469 3433 3669 3505 ἢοῖον,

2084 3515 2336 3585 γνῶοιισα⁹
2377 3518 2747 3589 διαγνωστικὴ
2791 3521 2902 3591 γάρ
2935 3522 3052 3575 ἐστι
3088 3522 3198 3574 τῶν
3229 3526 3288 3577 έν
3323 3528 3437 3589 τοῖς
3471 3529 3670 3596 χυμοῖς

2090 3607 2422 3679 ἰδιωμάτων,
2461 3609 2643 3673 καθὼς
2689 3612 2792 3683 ἤδη
2826 3611 3064 3682 εἴρηται.
3098 3614 3247 3686 Πλὴν
3292 3618 3326 3688 ἡ
3367 3618 3469 3687 μὲν
3496 3620 3663 3688 δψις,

2086 3698 2181 3751 καὶ
2208 3698 2476 3769 ὄσφρησις
2501 3737 2516 3762 ,
2549 3700 2644 3753 καὶ
2686 3701 2826 3772 ἀκοὴ
2865 3702 3155 3773 πόρρωθεν
3198 3705 3294 3758 καὶ⁷
3323 3708 3668 3777 πανταχόθεν

2084 3789 2192 3842 τῶν
2229 3789 2375 3842 ίδίων
2405 3788 2682 3860 αἰσθητῶν
2715 3792 3208 3863 ἀντιλαμϐάνονται
3227 3809 3244 3825 ο
3272 3790 3408 3857 οἷον,
3435 3797 3539 3867 δρᾷ
3573 3799 3668 3850 καὶ

2088 3880 2363 3952 μάκροθεν
2401 3883 2435 3952 ἠ
2468 3882 2612 3952 δψις,
2644 3884 2739 3937 καὶ
2769 3885 2803 3956 ή
2834 3885 3105 3958 ὄσφρησις
3140 3887 3500 3959 ὀσφραίνεται
3521 3930 3538 3956 ,
3571 3892 3666 3943 καὶ

2083 3976 2117 4044 ἠ
2150 3974 2290 4044 ἀκοὴ
2322 3973 2661 4037 ὲνωτίζεται·
2694 3976 2810 4047 ἀφὴ
2853 3977 2910 4030 δὲ
2954 3977 3049 4032 καὶ
3099 3977 3292 4046 γεῦσις
3329 3980 3456 4033 τότε
3503 3981 3667 4050 μόνον

2082 4065 2454 4129 αἰσθάνονται,
2489 4067 2618 4120 ὅταν
2648 4068 2998 4139 πλησιάσωσι
3021 4074 3137 4135 τοῖς
3168 4071 3324 4134 ίδίοις
3353 4071 3663 4143 αἰσθητοῖς.

2082 4156 2151 4211 Δί
2183 4157 2283 4227 μὲν
2315 4153 2411 4211 οὖν
2440 4158 2689 4230 γλώττης
2714 4163 2901 4231 χρεῖαι
2937 4163 3031 4215 καὶ
3076 4162 3356 4233 ὲνέρχειαι
3391 4164 3663 4236 εἴρηνται,

2084 4248 2167 4300 ὅτι
2198 4248 2335 4318 πρός
2370 4266 2432 4302 τε
2462 4251 2563 4321 τὴν
2595 4252 2781 4317 φωνὴν
2808 4252 2903 4306 καὶ
2934 4252 3034 4323 τὴν
3072 4253 3381 4318 διάλεκτον,
3425 4256 3521 4308 καὶ
3568 4256 3665 4325 τὴν

413 4346 621 4416 spicere
676 4344 906 4399 idoneus
955 4342 1234 4406 habetur;
1275 4339 1527 4405 oifactus,
1566 4348 1804 4393 remotos
1861 4353 1893 4392 a
1924 4353 1982 4393 se

2093 4339 2297 4407 γεῦσιν,
2343 4342 2439 4393 καὶ
2481 4341 2582 4410 τὴν
2624 4342 2961 4413 διαμάσησιν
2986 4343 3007 4375 ⁷
3056 4344 3091 4415 η
3122 4345 3190 4398 τὰ
3221 4345 3406 4399 πάντα
3454 4347 3665 4399 οἰκονο-

412 4434 610 4491 odores
647 4433 1003 4506 deprehendit
1053 4441 1118 4487 et
1171 4433 1323 4486 auris
1374 4433 1500 4484 item
1535 4430 1752 4485 eminus
1808 4430 1980 4486 audit.

2081 4430 2259 4500 μοῦσα
2290 4431 2521 4501 δύναμις
2548 4433 2975 4505 ἐπιτηδειότητα
3017 4436 3157 4507 αὐτῇ
3190 4436 3508 4507 ἐχαρίσατοο
3551 4436 3663 4489 λοι-

414 4524 526 4582 Hoc
555 4541 685 4581 vero
733 4523 1062 4588 sessorium,
1085 4521 1230 4592 quod
1254 4528 1309 4576 et
1336 4520 1404 4576 de
1426 4527 1572 4576 tactu
1600 4520 1832 4585 diceres,
1873 4520 1980 4574 nisi

2093 4521 2182 4575 τὸν
2211 4522 2413 4593 ἴδωμεν
2442 4525 2537 4577 καὶ
2581 4524 2691 4578 τῶν
2719 4524 2949 4580 ὀδόντων
2977 4526 3076 4598 τὴν
3105 4526 3410 4600 σύμπηξιν,
3441 4529 3539 4583 καὶ
3565 4528 3664 4599 τὴν

412 4616 643 4672 admotis
703 4615 938 4672 sensat'rs
993 4615 1047 4667 in
1101 4610 1302 4682 quibus
1351 4610 1530 4676 ipsum
1576 4624 1736 4681 agere
1789 4611 1978 4674 valet,

2079 4612 2265 4680 φύσιν,
2302 4614 2400 4666 καὶ
2432 4614 2533 4684 τὴν
2560 4613 2867 4684 ἐνέργειαν.

412 4710 607 4781 agendi
657 4708 919 4765 facultate
946 4705 1265 4761 frustratur.
1310 4702 1437 4769 Sed,
1466 4703 1533 4759 de
1587 4702 1793 4773 lingua:
1820 4704 2018 4760 usibus
2054 4705 2497 4775 actionibusque,
2568 4722 2810 4776 quonam
2849 4716 3014 4778 pacto
3043 4715 3284 4778 potestas
3309 4724 3434 4780 quae
3467 4720 3663 4766 cuneta

410 4805 685 4875 produxit,
713 4812 829 4858 tum
860 4801 1113 4858 advoces
1137 4809 1300 4870 atque
1352 4799 1633 4865 idiomata,
1698 4808 1814 4855 tum
1881 4801 2046 4855 etiam
2087 4800 2156 4855 ad
2201 4808 2417 4869 gustum
2464 4809 2633 4870 atque
2668 4801 2862 4857 edendi
2889 4818 3063 4871 _usum
3115 4803 3350 4858 reddidit
3386 4804 3661 4869 idoneam,

408 4896 543 4954 satis
574 4911 605 4951 a
633 4896 791 4952 nobis
831 4895 947 4965 jam
977 4894 1183 4950 dictum
1210 4900 1295 4948 est
1319 4910 1342 4947 τ
1370 4900 1425 4947 et
1448 4892 1563 4947 hac
1599 4894 1665 4946 de
1695 4891 1876 4961 lingua
1903 4893 2110 4950 dixisse
2168 4891 2427 4949 sufﬁciat.
2455 4891 2673 4961 Restat,
2726 4894 2806 4949 uti
2856 4895 2925 4951 de
2951 4895 3197 4953 dentium
3235 4897 3659 4966 compositione,

417 4998 744 5059 naturaque,
767 5002 980 5044 necnon
1037 4985 1345 5041 actionibus
1387 4984 1715 5039 referamus.

481 5081 679 5137 Dentes
719 5081 866 5137 enim
919 5087 1070 5144 sunt,
1109 5079 1203 5148 qui
1259 5076 1479 5133 secandi
1509 5076 1752 5130 alimenti
1804 5076 1977 5132 eonﬁ-

410 5173 697 5243 ciendique
761 5185 964 5225 munus
1014 5168 1234 5237 explent
1288 5174 1342 5220 et
1400 5166 1562 5221 iidem
1624 5164 1979 5219 articu‘landae

411 5263 561 5319 vocis
615 5259 797 5316 ofﬁcio
847 5258 1348 5315 accommodantur.
1388 5255 1595 5311 Horum
1654 5256 1747 5309 alii
1797 5270 1826 5310 a
1888 5269 1978 5311 se-

2166 5074 2442 5141 Ὀδόντες
2488 5076 2628 5129 εἰσὶν
2670 5077 2725 5129 01
2772 5075 3112 5148 διαιροῦντες
3140 5077 3241 5147 τὴν
3290 5080 3524 5150 τροφὴν,
3570 5086 3660 5138 καὶ

2084 5166 2554 5235 κατεργαζόμενοι
2594 5165 2789 5236 αὐτὴν,
2841 5167 3233 5238 συνεργοῦντες
3274 5169 3370 5221 καὶ
3404 5172 3473 5240 τῇ
3515 5172 3659 5244 διαρ-

2086 5255 2287 5327 θρώσει
2325 5258 2425 5327 τῆς
2456 5259 2642 5329 φωνῆς
2670 5276 2684 5291 ·
2735 5261 2783 5311 οῖ
2813 5261 2913 5330 μὲν
2946 5261 3054 5330 γὰρ
3082 5261 3344 5330 τέμνουσι
3377 5262 3449 5315 τά
3489 5266 3653 5321 σιτία.

480 5414 525 5446 ⁸⁸
548 5414 669 5466 ἐστι
707 5411 805 5466 καὶ
842 5411 1026 5480 εὔστρ.
1068 5411 1130 5463 Β.
1192 5410 1252 5480 γ⁹⁵
1277 5406 1603 5480 ὑσσώεραγον
1622 5406 1683 5461 Β.
1733 5408 1790 5480 ⁸⁸⁸
1814 5407 2324 5480 διαμασσησάμενοι
2356 5412 2417 5464 Β.
2482 5412 2527 5443 ⁸⁷
2554 5412 2985 5474 καταλεάναντες
3007 5414 3072 5473 Δ.
3105 5415 3567 5476 καταλαιάναντες
3591 5412 3648 5473 Β,

409 5482 864 5550 καταλειάναντες
891 5482 955 5545 C,
981 5478 1396 5550 καταλέσαντες
1422 5478 1485 5550 P_.

410 5554 476 5606 Δ.
518 5552 568 5619 ν*
592 5551 649 5602 δὲ
682 5548 742 5604 Β.
818 5550 987 5619 ’,ἀρ-τ.
1028 5550 1123 5619 καὶ
1156 5549 1274 5619 ἀλτ.

410 5618 595 5671 λεσθαι
627 5621 684 5673 Β.
760 5619 781 5649 ⁶
808 5615 1175 5688 κλώθωμένης
1204 5616 1266 5673 C.
1341 5617 1361 5648 ⁷
1390 5615 1759 5686 διαμάσσησιν
1804 5615 1864 5670 Β.

1561 5477 1606 5550 ⁸-⁸
1638 5475 1812 5550 verba
1843 5492 1872 5530 a
1908 5475 1989 5550 ’ύπ

2093 5520 2101 5532 .
2136 5475 2184 5531 ὲ.
2221 5495 2392 5550 usque
2417 5484 2516 5548 τῆς
2544 5481 2745 5550 ἀρτηρ.
2772 5497 2882 5536 om.
2914 5484 2978 5534 A.
3057 5483 3103 5515 9’
3132 5483 3372 5536 διάδοσιν
3404 5475 3651 5550 γίνεσθαι

1453 5547 1473 5577 ³
1504 5546 1601 5624 καὶ
1630 5560 1741 5600 om.
1778 5546 1842 5624 Β..
1918 5548 1940 5579 ⁸
1970 5546 2382 5620 ἀρεωτηρίαίΒ.
2461 5546 2483 5584 ⁸
2502 5546 2730 5604 suasa.
2763 5551 2829 5617 Α,
2871 5552 3021 5624 παρᾶ
3050 5550 3113 5605 τὸ
3138 5551 3324 5606 ἀλσειν
3352 5546 3526 5607 ἦγουν
3552 5550 3650 5606 ἀλ·
