4040 6150
426 249 576 307 H93
1673 252 1765 312 DE
1803 252 2094 313 NATURA
2132 252 2437 313 HOMINIS.
3549 268 3686 324 1194

419 369 470 421 οἱ
495 363 554 420 δὲ
589 364 896 422 λεαίνουσι·
922 368 971 420 οἱ
1003 365 1095 420 καὶ
1119 367 1309 436 μύλαι
1337 367 1645 438 λεγόμενοι,
1680 369 1993 442 ἢμυλῖταιί

2106 374 2284 429 cando
2335 374 2460 429 cibo
2485 411 2499 432 .
2537 381 2787 429 secantes
2827 391 2842 441 ;
2889 372 2982 430 alii
3026 385 3056 428 a
3098 373 3354 431 molendo
3384 416 3398 443 ,
3449 379 3689 435 molares

417 462 484 516 ἐκ
515 459 613 514 τοῦ
643 460 750 513 ’ἔδω
769 459 832 512 τὸ
857 459 1043 514 ἐσθίω
1074 457 1251 523 οὕτως
1276 459 1696 532 ὀνομαζόμενοι.
1727 465 1993 533 Τριάκον-

2116 464 2392 518 dicuntur.
2449 460 2591 518 Sunt
2643 463 2788 519 enim
2842 478 3034 519 omnes
3085 479 3321 520 numero
3349 482 3513 537 supra
3589 469 3688 522 ιτὶ-

416 550 585 605 stt-560
608 549 665 603 δέ
698 551 808 602 εισι
834 549 928 602 τὸν
959 549 1216 620 ἀριθμόν·
1256 548 1318 615 ἐξ
1367 552 1462 605 καὶ
1493 552 1628 606 δέκα
1657 555 1782 608 καθ’
1808 552 1993 608 ἑκατέο

2115 552 2287 624 ginta,
2338 560 2570 622 utraque
2635 551 2854 606 maxilla
2915 551 3191 607 sexdecim
3251 567 3354 606 suo
3401 553 3454 606 in
3498 553 3690 608 ordine

415 657 522 712 ραν
547 641 712 708 γένυν
737 639 934 694 ὀντων.
962 640 1244 711 Τέσσαρες
1275 643 1377 713 μιν
1402 643 1425 675 ⁸
1458 643 1797 716 ἔμπροσθεν,
1825 647 1874 698 οἱ
1902 662 1993 699 το-

2111 643 2445 698 continente.
2497 642 2606 707 Qui
2687 656 2818 698 vero
2880 643 3130 712 quaterni
3222 642 3482 713 utrinque
3537 651 3676 698 ante-

409 728 549 798 μεῒς
581 727 894 800 λεγόμενοι,
927 731 1241 802 μονόῤῥιζοι
1260 736 1282 767 ⁸
1312 733 1535 798 πάντες·
1566 735 1914 806 ἑκατέρωθεν
1943 737 1993 789 δὲ

2112 735 2286 789 riores
2311 734 2628 800 exsistunt,
2683 746 2824 802 quos
2875 741 3126 788 secantes
3183 741 3521 803 nuncupant,
3571 735 3687 789 sin-

418 819 600 873 αὐτῶν
624 819 744 885 δύο,
779 821 832 874 oi
861 821 1247 889 κυνόδοντες·
1285 823 1602 897 μονόρῤιζοι
1633 826 1677 859 ¹⁶
1703 827 1796 880 καὶ
1824 816 1993 882 οὗτοι.

2112 826 2235 894 gula
2306 822 2688 880 tantummodo
2751 822 2937 878 radice
3014 824 3298 890 nituntur;
3359 833 3417 878 at
3466 826 3561 894 qui
3621 825 3690 879 ab

415 907 623 965 Εἷταοί
648 912 905 980 τόμςριοι·
927 913 1138 966 τούτων
1161 912 1290 984 ἑξῆς
1312 915 1417 968 ἀνὰ
1441 915 1630 968 πέντε·
1661 914 1935 988 τρίρῤιζοι
1961 915 1993 946 ¹¹

2105 916 2193 971 his
2254 914 2668 985 duo‘utrinque
2694 915 2860 984 positi
2915 915 3029 984 79
3059 915 3341 979 visuntur,
3380 915 3560 972 canini
3595 931 3689 986 apo

414 1000 524 1069 μὲν
544 999 596 1052 οι
622 1000 682 1052 ὲν
705 1001 773 1071 τῇ
801 1000 917 1055 ἄνω
943 1000 1102 1069 γένυῖ
1121 1001 1272 1055 δυοῖν
1303 1003 1361 1056 δὲ
1387 1001 1555 1073 ῥιζῶν
1575 1004 1631 1057 οἱ
1655 1005 1714 1058 ὲν
1739 1007 1805 1075 τῇ
1829 1005 1993 1060 κάτω.

2103 1007 2377 1077 pellantur
2399 1043 2414 1070 ,
2439 1007 2533 1076 qui
2571 1014 2627 1061 et
2661 1006 2763 1076 ipsi
2810 1020 3009 1071 unam,
3039 1006 3419 1080 singulamque
3449 1009 3686 1064 radicem

420 1089 694 1163 Εὕρηνται
721 1091 780 1146 δὲ
806 1092 903 1146 καὶ
921 1093 1273 1166 τετράρῤιζοι
1304 1097 1367 1128 ¹²⁶
1399 1095 1636 1167 γόμφιοι
1670 1097 1728 1151 δὲ
1756 1097 1993 1166 λέγονται

2106 1097 2331 1153 habent.
2357 1097 2588 1156 Molares
2601 1111 2732 1153 vero
2763 1096 2994 1152 subinde
3013 1097 3082 1152 ab
3097 1107 3327 1170 utraque
3340 1110 3494 1170 parte
3518 1102 3689 1171 quino

418 1177 509 1233 διὰ
549 1179 651 1251 τὴν
689 1180 924 1252 κάμψιν·
958 1182 1412 1254 ὲπικεκαμμέναι
1453 1186 1564 1256 γάρ
1617 1186 1759 1239 εἰσιν
1788 1185 1845 1238 αἳ
1879 1201 1993 1240 συνε

2110 1201 2343 1244 numero
2399 1188 2453 1242 in
2506 1189 2755 1243 ordinem
2797 1187 3110 1258 diriguntur
3161 1207 3176 1244 :
3227 1199 3282 1246 et
3330 1207 3426 1248 eos
3479 1195 3574 1264 qui
3618 1210 3685 1249 ex

419 1274 636 1344 ἔχουσιν
666 1274 709 1306 ⁸³
725 1275 931 1339 αὐτοὺς
955 1275 1230 1344 σιαγόνες.

2113 1277 2201 1333 his
2239 1277 2544 1348 superioris
2576 1277 2812 1333 maxillae
2845 1287 2995 1342 sunt,
3033 1287 3229 1335 natura
3264 1282 3462 1352 triplici
3505 1283 3688 1340 radice

420 1369 701 1440 insignivit
735 1370 876 1440 ;qui
907 1384 1040 1426 vero
1083 1370 1400 1437 inferioris,
1445 1373 1716 1444 geminam
1763 1373 2006 1431 radicem
2045 1372 2268 1430 habent.
2329 1371 2608 1439 Quosdam
2635 1381 2693 1428 et
2757 1372 3067 1443 quadriﬁda
3095 1373 3279 1430 radice
3308 1391 3533 1433 cernere
3565 1386 3682 1440 est;

420 1463 658 1518 molares
706 1477 942 1533 namque
973 1464 1197 1537 γόμφιοι
1243 1464 1330 1519 διὰ
1369 1467 1470 1538 τὴν
1514 1466 1724 1538 κάμψιν
1755 1467 1930 1540 dicti}.
1976 1481 1993 1521 ι

2097 1482 2188 1524 axu
2251 1466 2367 1522 sive
2403 1474 2695 1522 curvatura
2728 1479 2924 1521 nomen
2966 1473 3273 1531 sumentes,
3341 1469 3488 1539 quod
3519 1466 3683 1541 positi

421 1555 475 1609 in
514 1551 760 1608 recurvis
811 1554 1047 1610 maxillis
1099 1555 1374 1611 visuntur.

486 1643 819 1716 Διαφὲρουσι
849 1645 982 1715 γοῦν
1027 1647 1136 1704 τῶν
1180 1647 1359 1703 ἄλλων
1391 1647 1568 1704 ὀστῶν
1607 1649 1659 1704 οἱ
1688 1648 1902 1714 ὀδόντες
1937 1651 1993 1704 ἐν

2177 1650 2291 1707 Hoc
2309 1651 2528 1721 quidem
2574 1650 2718 1706 inter
2763 1649 2956 1705 dentes
2999 1648 3217 1720 aliaque
3252 1663 3380 1706 ossa
3433 1650 3678 1714 interest,

416 1734 496 1806 τῷ
532 1734 887 1790 αἰσθάνεσθαι
922 1735 966 1767 ⁸⁸
990 1753 1004 1768 ο
1037 1737 1222 1808 ἔχουσι
1271 1738 1381 1810 γάρ
1423 1739 1655 1812 ἀρτικὴν
1683 1741 1925 1796 διάθεσιν
1955 1741 1999 1773 ⁸³

417 1823 756 1896 αἰσθητικῶν
783 1824 993 1897 νεύρων
1031 1828 1351 1900 φερομένων
1378 1830 1438 1883 ἑν
1469 1833 1584 1894 τοῖς
1614 1830 1997 1902 φατνώμασιν,

418 1919 478 1969 ὲν
529 1911 612 1979 οἷς
654 1915 956 1987 ριζοῦνται·
998 1919 1351 1975 αἰσθάνονται
1389 1921 1448 1974 δὲ
1490 1921 1597 1975 ὑπὸ
1637 1923 1741 1993 τῆς
1779 1923 2000 1993 ὁμιλίας

415 2007 528 2060 τῶν
557 2007 816 2080 ἀμέτρων
847 2007 1074 2078 ψυχρῶν
1125 2011 1224 2065 καὶ
1259 2011 1502 2081 Θερμῶν.
1561 2013 1722 2068 Ἀλλὰ
1755 2017 1852 2070 καὶ
1889 2016 1999 2070 τῶν

417 2098 670 2164 γευστῶν
700 2099 804 2169 τῆς
854 2099 1144 2172 ποιότητος
1195 2103 1720 2174 μεταλαμϐάνουσι,
1767 2107 1861 2161 διά
1903 2108 1998 2161 τοῦ

417 2188 622 2260 ὑμένος
644 2189 690 2221 ¹⁶
736 2189 834 2243 τοῦ
887 2190 1285 2259 ὐπαλείφοντος
1331 2192 1426 2246 τὸν
1469 2195 1741 2265 στόμαχον
1777 2197 1875 2250 καὶ
1907 2197 2000 2250 τὸν

415 2279 713 2350 οἰσοφάγον
737 2282 799 2344 ⁸⁷,
834 2283 932 2336 καὶ
963 2281 1040 2352 μὴ
1072 2282 1234 2354 μόνον
1261 2284 1532 2353 γλῶτταν,
1567 2287 1706 2342 ἀλλὰ
1744 2289 1840 2342 καὶ
1871 2291 1999 2352 τοὺς

418 2370 640 2434 ὀδόντας
666 2369 1062 2440 ὑπαλείφοντος
1087 2387 1101 2401 ·
1138 2371 1204 2437 ὃς·
1246 2372 1342 2427 καὶ
1379 2373 1480 2445 τὴν
1515 2374 1613 2428 τοῦ
1651 2376 1923 2449 αῐμωδιᾷν
1954 2377 1998 2410 ιο

417 2462 630 2534 νάρκην
660 2462 704 2496 ⁸³
733 2463 919 2526 αὐτοῖς
956 2463 1260 2536 ἐπεγείρει.
1309 2467 1431 2520 Ἔτι
1462 2467 1514 2521 oi
1553 2467 1769 2532 ὀδόντες
1793 2469 1996 2540 γυμνοί

417 2556 547 2619 εἱσι,
569 2555 680 2607 τῶν
697 2554 879 2609 ἄλλων
894 2554 1068 2608 ὀστῶν
1104 2555 1180 2626 μὴ
1209 2556 1380 2610 ὄντων
1399 2557 1645 2630 γυμνῶν·
1679 2559 1861 2614 πάντα
1887 2561 1997 2631 γάρ

415 2642 488 2696 τά
513 2645 651 2698 ὀστᾶ
679 2643 864 2715 ἔχουσι
898 2645 1260 2716 περικείμενα
1287 2647 1335 2681 ’⁸
1383 2647 1528 2719 μύας
1570 2649 1667 2704 καὶ
1691 2649 1889 2721 δέρμα·
1917 2649 1998 2702 ἔτι

416 2735 735 2806 διαφέρουσι
757 2735 834 2807 τῷ
868 2737 1090 2793 πίπτειν
1109 2739 1205 2793 καὶ
1219 2734 1378 2803 αὖθις
1405 2739 1656 2809 φύεσθαι·
1675 2740 1738 2794 οὐ
1760 2741 1919 2811 μόνον
1941 2741 2000 2794 ἐν

419 2827 540 2891 ταῖς
559 2825 804 2896 πρώταις
815 2826 1076 2898 ἡλικίαις,
1099 2829 1237 2883 ἀλλὰ
1256 2830 1352 2884 καὶ
1372 2831 1432 2884 ἐν
1451 2832 1571 2893 ταῖς
1595 2829 1833 2896 λοιπαῖς·
1855 2831 2000 2884 ἱστό-

421 2934 582 2988 ρηται
596 2916 654 2970 δὲ
675 2918 770 2971 καὶ
788 2918 881 2970 ἐπὶ
895 2919 1190 2990 γερόντων.
1217 2920 1341 2972 Εἰσὶ
1359 2921 1417 2974 δὲ
1436 2920 1546 2974 τῶν
1568 2919 1799 2974 ὀδόντων
1821 2921 1871 2974 οἱ
1900 2919 2000 2990 μὲν

2101 1738 2249 1810 quod
2271 1739 2463 1794 dentes
2485 1754 2649 1794 sensu
2676 1738 2883 1808 praediti
2913 1746 3062 1802 sunt,
3089 1739 3236 1793 hunc
3286 1740 3554 1808 siquidem
3578 1756 3678 1794 ex-

2101 1838 2222 1884 acte
2246 1827 2581 1884 obtinentob
2603 1842 2801 1883 nervos
2833 1828 2925 1898 qui
2966 1829 3034 1883 ad
3083 1828 3345 1898 praesepia
3378 1828 3432 1883 in
3473 1830 3677 1899 quibus

2102 1915 2205 1984 ipsi
2229 1916 2548 1972 radicantur
2569 1917 2849 1972 declinant
2872 1917 3334 1982 ;sentiuntenim,
3353 1933 3477 1974 cum
3503 1919 3557 1972 in
3579 1917 3677 1973 fri-

2101 2008 2221 2076 gida
2244 2009 2371 2078 plus
2387 2009 2577 2072 nimio,
2593 2024 2658 2064 ac
2676 2010 2849 2064 calida
2877 2009 3188 2064 inciderint.
3222 2008 3329 2064 Sed
3346 2017 3400 2064 et
3423 2009 3673 2064 ciborum

2101 2097 2418 2153 discrimina
2446 2103 2763 2154 membrana
2801 2109 3064 2156 causante
3097 2101 3529 2170 deprehendunt,
3549 2116 3674 2170 quae

2101 2204 2209 2243 non
2250 2189 2415 2244 modo
2473 2191 2816 2244 stomachum
2858 2198 2914 2246 et
2963 2192 3179 2261 gulam,
3209 2191 3302 2246 sed
3345 2202 3400 2246 et
3429 2193 3670 2262 linguam

2101 2279 2382 2348 ipsam,ac
2409 2277 2576 2333 etiam
2619 2279 2810 2335 dentes
2833 2280 3104 2334 demulcet
3131 2290 3296 2349 atque
3331 2281 3600 2350 perungit,
3617 2291 3675 2336 et

2100 2371 2249 2440 ipsos
2266 2371 2394 2424 item
2408 2371 2475 2424 ad
2499 2371 2759 2426 humores
2777 2370 3148 2427 excernendos
3165 2372 3383 2426 excitat.
3402 2371 3670 2426 Praeterea

2099 2477 2224 2517 cum
2258 2462 2516 2518 omnibus
2561 2462 2781 2518 ossibus
2822 2472 3014 2517 natura
3064 2472 3242 2517 cutem
3284 2466 3672 2532 musculosque

2100 2553 2426 2616 obduxerit,
2468 2553 2602 2608 nudi
2639 2553 2740 2623 ipsi
2795 2553 3085 2621 omnisque
3130 2552 3383 2623 tegminis
3421 2562 3671 2622 expertes

2099 2651 2372 2706 visuntur.
2388 2651 2468 2705 Ad
2485 2651 2600 2706 haec
2617 2669 2632 2705 :
2650 2665 2915 2706 annorum
2934 2650 3158 2721 periodo
3171 2666 3276 2706 non
3301 2651 3464 2706 modo
3481 2651 3670 2721 primae

2099 2736 2276 2791 aetatis
2306 2736 2668 2806 temporibus,
2701 2753 2887 2794 verum
2921 2738 3088 2793 etiam
3114 2755 3238 2808 quae
3267 2740 3490 2808 reliquae
3518 2748 3668 2804 sunt,

2100 2835 2154 2879 et
2191 2824 2244 2878 in
2286 2825 2511 2880 senibus
2552 2825 2680 2881 item
2717 2825 3024 2890 concidere,
3059 2842 3124 2882 ac
3157 2827 3341 2882 denuo
3383 2828 3517 2882 oriri
3553 2845 3672 2882 me-

2101 2916 2290 2971 moria:
2343 2918 2616 2986 proditum
2645 2925 2750 2974 est.
2796 2917 3031 2984 Quidam
3071 2927 3251 2972 autem
3298 2932 3423 2972 raro
3457 2916 3668 2981 ordine,

419 3007 609 3077 ἀραιοὶ
629 3047 646 3071 ,
677 3008 727 3061 οἱ
757 3008 815 3061 δὲ
855 3009 1070 3062 πυκνοί·
1100 3009 1254 3064 ἄλλοι
1291 3011 1542 3081 μεγάλοι,
1570 3013 1668 3066 καὶ
1692 3013 1872 3084 ἕτεροι
1905 3030 1993 3083 μι-

2101 3006 2194 3061 alii
2222 3007 2414 3075 denso,
2454 3008 2706 3063 nonnulli
2735 3008 2948 3071 breves,
2976 3010 3265 3079 parvique,
3299 3007 3391 3061 alii
3425 3008 3670 3077 ingentes

419 3099 566 3168 κροί·
599 3098 754 3153 ἄλλοι
798 3105 1070 3170 κογχωτοὶ
1090 3141 1108 3167 ,
1155 3102 1250 3155 καὶ
1277 3102 1430 3156 άλλοι
1463 3103 1584 3156 κατ’
1615 3102 1835 3157 εὐθεῖαν
1876 3104 1996 3156 κεί-

421 3205 578 3257 μενοι
598 3205 614 3220 ·
645 3189 707 3241 οὗ
743 3189 907 3258 μόνον
937 3191 1034 3243 ἐπὶ
1078 3190 1388 3262 ἀνθρώπων
1415 3195 1484 3260 ⁸⁸,
1531 3193 1672 3248 ἀλλὰ
1700 3194 1796 3247 καὶ
1841 3193 1997 3259 ζώων

419 3279 644 3349 ἑτέρων.
674 3279 786 3332 Καὶ
814 3280 923 3352 γάρ
952 3282 981 3334 ὀ
1023 3282 1401 3355 Ἀριστοτέλης
1423 3323 1438 3347 ,
1469 3283 1540 3338 τὰ
1570 3285 1671 3354 μὲν
1697 3283 1808 3338 τῶν
1840 3284 1995 3348 ζώων

419 3371 732 3441 ἁμφόδοντα
770 3372 949 3426 καλεῖ·
981 3369 1095 3426 οἷον
1123 3373 1428 3445 ἄνθρωπον,
1471 3374 1657 3439 ἵππον,
1702 3375 1844 3441 ὀνον,
1878 3375 1996 3429 ἐλέ-

420 3477 616 3528 φαντα·
665 3462 738 3515 τὰ
779 3462 839 3514 δὲ
892 3464 1321 3534 καρχαρόδοντα·
1370 3461 1485 3518 οἷον
1531 3464 1765 3531 λέοντα,
1805 3465 1991 3530 λύκον,

418 3551 622 3621 ἄρκτον
652 3553 720 3617 ¹¹,
767 3553 1034 3624 πάρδαλιν
1054 3569 1068 3584 ·
1105 3555 1172 3608 τὰ
1204 3553 1261 3607 δὲ
1289 3554 1578 3608 συνόδοντα
1613 3555 1677 3587 ²³·
1706 3551 1818 3608 οἷον
1855 3555 1988 3625 πρό-

420 3641 606 3706 ϐατον,
643 3642 792 3712 βοῦν,
822 3640 975 3713 αῐγα,
1005 3645 1241 3716 δορκάδα
1260 3661 1275 3678 ·
1303 3645 1372 3700 τά
1397 3645 1454 3700 δὲ
1483 3646 1854 3716 χαυλιόδοντα·
1883 3641 1996 3700 οἷον

420 3735 625 3802 χοῖρον,
674 3735 1009 3804 άσφάλαγγα
1033 3735 1101 3799 ⁸⁸,
1134 3737 1229 3790 καὶ
1257 3737 1362 3791 ὅσα
1405 3737 1532 3800 τοὺς
1563 3736 1783 3800 ὀδόντας
1826 3737 1994 3808 ὑπερ-

421 3823 708 3889 φαίνουσιν
748 3825 872 3891 ἔξω.
912 3826 1054 3889 Τοὺς
1084 3827 1142 3879 δὲ
1180 3825 1408 3896 μυλίτας
1436 3827 1545 3880 τῶν
1586 3826 1816 3880 ὀδόντων
1851 3827 1996 3890 τινὲς

418 3915 912 3986 σωφρονιστῆρας
945 3917 1237 3983 ἐκάλεσαν,
1267 3917 1358 3971 διὰ
1385 3917 1447 3971 τὸ
1473 3917 1704 3986 φύεσθαι
1737 3919 1868 3988 περὶ
1893 3916 1993 3988 τὴν

416 4001 514 4056 τοῦ
538 4002 804 4074 ἄρχεσθαι
831 4008 1049 4076 φρονεῖν
1074 4007 1202 4071 τοὺς
1234 4007 1430 4071 παῖδας
1454 4007 1626 4079 ὥραν.

2101 3097 2525 3152 constituuntur.
2562 3097 2704 3152 Sunt
2751 3107 2808 3153 et
2853 3097 3182 3168 Conchyliati
3214 3097 3416 3166 aliqui,
3447 3097 3671 3166 quidam

2100 3201 2231 3242 vero
2264 3198 2414 3242 recto
2463 3188 2713 3256 dispositi
2743 3188 2954 3254 ordine,
2985 3197 3040 3243 et
3067 3186 3381 3256 hujusmodi
3427 3187 3665 3258 generis,

2102 3295 2210 3334 non
2251 3280 2410 3335 modo
2437 3279 2491 3334 in
2533 3278 2868 3345 hominibus,
2918 3279 3012 3334 sed
3066 3280 3228 3334 etiam
3287 3280 3337 3334 in
3393 3278 3514 3333 aliis
3547 3279 3669 3332 ani-

2101 3370 2335 3426 malibus
2357 3371 2566 3440 positos
2601 3385 2876 3426 cerneres.
2920 3370 3198 3440 Siquidem
3229 3371 3548 3425 Aristoteles
3580 3372 3669 3425 do-

2100 3469 2186 3517 cet
2213 3475 2335 3516 esse
2365 3461 2621 3519 animalia
2651 3462 2897 3531 quaedam
2924 3460 3180 3528 utrinque
3199 3460 3416 3514 dentata
3439 3477 3453 3525 ;
3486 3474 3666 3514 exem-

2101 3553 2174 3622 pli
2208 3552 2402 3621 gratia,
2433 3551 2730 3617 hominem,
2779 3565 3001 3621 equum,
3033 3550 3268 3614 asinum,
3302 3549 3662 3619 elephantem.

2101 3641 2360 3707 Quaedam
2408 3655 2538 3694 vero
2582 3641 2806 3694 serratis
2861 3640 3134 3704 dentibus,
3186 3649 3244 3693 ut
3296 3640 3536 3706 leonum,
3586 3641 3664 3696 le-

2100 3747 2329 3802 porum,
2403 3746 2658 3786 ursorum
2723 3746 2788 3787 ac
2846 3731 3228 3800 pantherarum
3295 3747 3502 3802 genus;
3559 3733 3666 3789 alia

2098 3826 2447 3880 continuatos
2509 3821 2764 3878 habentia
2815 3823 3040 3890 dentes,
3098 3839 3330 3891 quorum
3380 3825 3665 3895 pecudes,

2099 3916 2284 3979 boves,
2338 3929 2537 3985 caprae,
2586 3913 2956 3983 dorcadesque
2989 3922 3120 3968 sunt
3174 3931 3187 3968 :
3243 3916 3503 3970 nonnulla
3545 3933 3668 3988 qua}

2095 4016 2345 4062 exsertos
2396 4006 2716 4072 sortiuntur,
2765 4013 2827 4059 ut
2868 4019 3097 4075 porcus,
3141 4006 3318 4076 talpa,
3360 4017 3666 4078 caeteraqus

419 4093 732 4164 hujusmodi
763 4113 884 4167 quae
908 4097 1100 4154 dentes
1125 4107 1423 4154 exsertam.
1449 4099 1610 4162 Sunt,
1666 4099 1757 4170 qui
1795 4104 2031 4155 molares
2067 4097 2258 4155 dentes
2332 4098 2780 4171 σωφρονιστῆρας
2817 4090 3083 4165 dictitant,
3107 4099 3253 4169 quod
3284 4099 3338 4154 in
3377 4107 3499 4155 ortu
3538 4114 3660 4165 suo,

419 4189 724 4258 prudentia:
756 4191 1118 4262 percipiendze
1172 4201 1419 4264 tempora
1448 4195 1634 4263 pueris
1690 4194 1984 4250 adducant.

495 4281 560 4335 Ἤ
587 4283 645 4336 δὲ
672 4284 972 4354 συνέχουσα
1017 4285 1216 4350 αὐτοὺς
1258 4287 1397 4357 σὰρξ
1437 4284 1628 4341 οὖλον
1653 4285 1988 4357 ὠνόμασται,

2167 4286 2310 4342 Caro
2335 4295 2512 4341 autem
2541 4301 2664 4355 qua:
2692 4285 2839 4356 ipsas
2867 4285 3272 4354 complectitur,
3302 4284 3658 4354 gingiva-est,

410 4373 502 4425 διὰ
528 4371 591 4436 τὸ
635 4371 912 4441 τρυφερὸν
941 4373 1110 4443 αὐτῆς
1144 4375 1239 4427 καὶ
1263 4374 1492 4429 ἁπαλόν·
1523 4373 1557 4446 ἢ
1589 4375 1741 4446 παρὰ
1769 4375 1830 4428 τὸ
1852 4376 1990 4445 ὴλῶ·

409 4464 604 4532 τρόπῳ
630 4464 738 4534 γάρ
758 4480 866 4516 τινι
889 4462 1035 4534 ἡλῶν
1058 4463 1218 4529 τάξιν
1240 4466 1285 4497 ³⁵
1307 4465 1497 4536 ὲπὲχει
1527 4468 1606 4528 εἰς
1631 4465 1994 4536 διακράτησιν

412 4555 523 4606 τῶν
554 4554 805 4608 ὀδόντων·
852 4555 886 4625 ἢ
929 4556 1012 4608 ὅτι
1051 4556 1217 4627 οὐλὴν
1259 4555 1406 4628 ἔχει,
1456 4556 1556 4628 τὴν
1600 4557 1992 4627 ὲπιγινομένην

409 4647 476 4714 τῇ
508 4643 618 4696 τῶν
639 4645 926 4715 φυομένων
965 4645 1198 4701 ὀδόντων
1229 4646 1470 4718 διακοπῇ
1498 4687 1514 4712 ,
1552 4648 1648 4700 καὶ
1689 4647 1987 4717 ὑγιαζομέ-

409 4751 530 4803 νην.
559 4735 704 4806 υὺλὴ
731 4736 838 4806 γάρ
873 4737 933 4789 τὸ
978 4736 1241 4804 ὀγιασθὲν
1267 4737 1510 4808 τραῦμα·
1546 4736 1704 4790 ἐνθεν
1754 4735 1853 4790 καὶ
1901 4737 1980 4802 τὸ,

413 4821 579 4888 Οὗλε,
625 4827 870 4896 Ὑγίαινε
915 4829 980 4860 ¹⁶·
1019 4823 1179 4882 οὖλέ
1214 4845 1315 4893 τε,
1364 4829 1462 4881 καὶ
1502 4826 1656 4898 μέγα
1696 4828 1860 4896 χαῖρε
1894 4827 1982 4898 (ί).

409 4915 675 4983 Λέγονται
719 4917 780 4970 δὲ
826 4918 871 4949 ³⁷
941 4918 1129 4988 τρίχες
1188 4915 1377 4981 οὖλαι,
1435 4919 1492 4972 αἱ
1532 4919 1578 4950 ’⁸
1633 4919 1982 4989 εἱλούμεναι,

409 5009 564 5081 παρὰ
606 5008 667 5060 τὸ
715 5009 973 5063 είλείσθαι
1010 5011 1074 5041 ³⁸·
1110 5011 1205 5063 καὶ
1248 5011 1405 5063 οὐλαὶ
1445 5011 1501 5064 αἱ
1535 5010 1721 5082 κριθαί
1748 5011 1837 5042 ’³ο·
1889 5011 1986 5065 καλ⁵

519 5183 548 5257 ιι
576 5183 674 5257 μὲν
701 5199 810 5238 (πη.
845 5185 904 5237 Β.
979 5187 1314 5257 ο-μονόριξοι
1347 5186 1407 5239 Β.
1442 5255 1456 5257 _
1512 5187 1556 5218 ³ο
1585 5187 1858 5257 μονόριζοι
1896 5185 1956 5241 Β.

2064 5189 2104 5262 ίξ
2136 5192 2369 5262 τρίριζοι
2399 5196 2459 5248 Β.

2093 4393 2215 4447 quae
2238 4373 2393 4431 οὖλον
2428 4378 2496 4431 ab
2539 4377 2646 4431 illis
2672 4378 2742 4431 ob
2781 4378 2975 4432 molem
3003 4375 3142 4445 ejus,
3170 4384 3519 4444 tenerumque
3558 4389 3659 4428 na-

2093 4478 2267 4524 turam
2291 4467 2593 4538 appellatur
2631 4488 2644 4524 :
2691 4469 2777 4526 vel
2804 4469 2893 4522 illa
2920 4468 3027 4522 ἀπὸ
3053 4467 3147 4522 τοῦ
3173 4468 3354 4530 εἱλεῖν,
3374 4468 3485 4538 so
3513 4468 3659 4536 quod

2089 4557 2355 4613 involvere
2411 4561 2659 4626 diceres,
2717 4576 2845 4614 nam
2915 4559 3366 4614 continendorum
3413 4559 3656 4612 dentium

2087 4647 2283 4718 gratia,
2310 4647 2443 4718 ipsis
2477 4648 2811 4715 involvitur;
2837 4650 2920 4704 vel
2946 4649 3091 4719 quod
3121 4649 3430 4703 cicatricem
3462 4649 3658 4702 habeat

2089 4737 2354 4802 vulneris,
2382 4739 2527 4808 quod
2557 4755 2622 4794 ex
2653 4750 2777 4793 ortu
2804 4739 3048 4794 dentium
3082 4737 3305 4800 factum,
3325 4745 3380 4792 et
3403 4745 3653 4791 sanatum

2088 4836 2192 4891 est,
2225 4841 2347 4897 quae
2377 4827 2564 4885 Graece
2611 4829 2741 4901 οὐλὴ
2796 4830 3014 4884 dicitur.
3050 4827 3352 4898 Siquidem,
3403 4827 3654 4882 medicati

2091 4917 2332 4975 vulneris
2377 4921 2667 4991 vestigium
2709 4921 2930 4975 cicatrix
2989 4929 3355 4988 nuncupatur,
3381 4919 3523 4973 unde
3551 4919 3650 4972 illi

2091 5003 2215 5061 οὖλε
2249 5009 2431 5064 dicere
2459 5011 2656 5078 solent,
2713 5010 2881 5078 salve,
2915 5010 2998 5064 vel
3021 5009 3158 5063 vale.
3191 5007 3297 5062 Sed
3327 5015 3382 5063 et
3408 5008 3544 5078 pilos
3577 5008 3646 5061 ita

2565 5192 2950 5264 "_‘t€tpdpt{ot
2995 5192 3089 5264 B._
3160 5190 3553 5264 "euyéxousat

411 5251 459 5284 "
495 5252 845 5334 aiﬂévsw‘aﬁzt
867 5271 880 5284 ·
915 5251 1204 5334 adspectat}:
1229 5255 1542 5334 xdpyeﬁpct
1572 5251 1825 5334 φέρονται
1855 5260 1913 5310 ὲν
1938 5259 2049 5334 τοῖς
2085 5251 2188 5334 l’._'
2224 5251 2268 5293 ί·
2297 5251 2559 5334 ἀἴσθησιν
2609 5261 2697 5334 Bt
2741 5251 2793 5294 ’¹⁶
2972 5261 3183 5334 ἐκείνου
3220 5262 3256 5314 Β
3284 5251 3392 5334 P._"
3427 5259 3650 5334 "uege-

405 5338 583 5394 φαγον
612 5321 670 5374 Β.
783 5325 824 5354 ⁸⁸
851 5321 1146 5394 μωδιᾶνΒ.
1228 5326 1270 5356 ¹⁹
1305 5321 1569 5394 νάρκήΔ.

408 5409 507 5462 κον
666 5394 710 5423 ³³
729 5392 982 5462 βούδοντα
1013 5393 1073 5447 C.
1149 5396 1193 5427 “
1220 5392 1511 5461 άσφάλακα
1537 5396 1594 5448 Β.
1621 5392 1904 5449 άσπαλ.Ῥ.

407 5459 475 5514 Β.
548 5461 592 5493 ’³
620 5459 867 5533 εἱλῆσθαι
900 5463 961 5516 Β.
1035 5464 1082 5495 ³ο
1115 5467 1171 5516 αἱ
1209 5459 1440 5534 κρ.ὀιιι.
1475 5465 1533 5519 Β.

481 5614 544 5682 (ι)
583 5612 685 5670 0d.
711 5615 770 5668 ο.
801 5614 924 5668 tor.

1681 5327 1725 5356 "
1756 5328 2215 5402 περκείμενονϐ,
2234 5327 2653 5402 περικειμένους
2677 5333 2732 5386 P.

2011 5398 2055 5429 η
2086 5401 2236 5465 τάξιν
2271 5398 2352 5470 rp.
2389 5402 2445 5455 ιι.

2823 5329 2983 5384 ¹¹”ὲπ’
3010 5332 3308 5399 ἀνθρώπιον
3338 5330 3396 5386 Β.
3474 5331 3520 5359 ²⁹
3552 5329 3650 5396 ἄρ’

2522 5404 2568 5434 "
2595 5398 2766 5458 οὖλαι.
2799 5403 2857 5455 τὸ
2888 5404 2974 5471 ὑγ.
3005 5401 3061 5454 Β.
3116 5398 3182 5430 ⁷¹⁷
3213 5401 3304 5452 καὶ
3335 5403 3394 5453 Β.
3472 5399 3516 5429 ³³
3552 5399 3649 5450 καὶ
