4006 6158
391 256 531 310 H95

1670 245 1949 304 MELETII
1991 247 2302 304 IIONACH!

3518 260 3671 315 “96

385 370 532 434 οὺλὶς
564 367 715 440 παρὰ
745 367 806 421 τὺ
844 366 1101 422 ιιλεϊσθαι
1131 365 1201 419 ab
1230 364 1612 434 intorquendo,
1659 379 1756 420 seu
1784 365 1961 420 invol-

2078 365 2372 435 οὺ).οχύται
2414 368 2468 419 αι
2497 365 2782 437 ὁλόκληροι
2808 367 2850 398 ³¹
2891 368 3003 422 τῶν
3051 372 3279 440 κριθῶν.
3307 374 3420 426 Καὶ
3449 370 3607 440 οὖλος
3647 379 3680 430 ό

387 461 565 517 vendo
620 460 943 522 nominant,
991 467 1046 512 et
1092 457 1252 520 οὐλὰς
1281 457 1378 510 καὶ
1419 455 1712 526 οὐλοχύτας
1768 456 1966 510 molam

2068 457 2338 527 ὀλέθριος,
2389 458 2541 529 παρὰ
2571 462 2634 512 τὸ
2679 460 2858 514 ὀλλύω
2879 463 2944 516 ⁸².
3004 465 3286 518 Ὄλυιοιτο
3339 465 3542 534 κεῖνος
3590 469 3669 532 ἐξ

387 553 589 608 salsam
633 551 814 606 dicere
846 557 1292 616 ,consueverunt.
1342 546 1472 602 item
1511 546 1686 611 οὖλος,
1725 546 1965 618 ὀλέθριος

2070 547 2309 616 ἀνδρῶν
2341 549 2406 603 ⁸⁸.
2452 550 2533 604 Τὰ
2565 546 2726 605 οὖλα
2757 551 2856 606 οὖν
2897 555 2994 607 καὶ
3031 553 3393 624 φατνώματα
3439 543 3686 614 καλοῖ-*σιξ⁶

386 643 539 714 παρὰ
560 641 623 695 τὸ
673 638 866 705 ὁλλύω,
901 641 1047 710 quod
1095 639 1468 711 perniciosum
1503 637 1674 702 dices,
1708 645 1765 693 et
1795 651 1862 692 ex
1900 653 1966 692 eo

384 734 531 805 quod
552 734 800 788 destruat
825 731 1135 786 deducitur.
1165 731 1325 786 Tales
1357 730 1524 800 igitur
1543 727 1791 799 gingivas
1819 745 1962 798 φατ-

384 825 626 896 νώματα,
663 825 770 878 hoc
814 831 898 877 est
932 821 1192 892 praesepia
1244 819 1523 875 nonnullis
1568 819 1752 874 dicere
1781 818 1958 874 visum

382 929 487 983 est,
536 915 645 969 ἀπὸ
672 913 768 968 τοῦ
812 915 1027 982 φαγεῖν,
1059 911 1261 982 φάγνη,
1291 910 1386 965 καὶ
1419 910 1618 979 φάτνη,
1643 909 1713 963 ab
1751 908 1962 964 edendo

382 1009 655 1074 videlicet,
690 1007 950 1077 quoniam
975 1005 1090 1074 ipsa
1117 1003 1378 1074 pabulum
1408 1000 1740 1058 animalibus
1769 1015 1965 1070 sugge-

383 1111 526 1170 rant,
555 1101 641 1156 vcl
674 1098 826 1171 παρὰ
860 1097 922 1151 τὸ
955 1096 1165 1159 πάττω,
1192 1093 1254 1148 τὸ
1275 1093 1460 1158 ἐσθίω,
1492 1092 1642 1163 quod
1697 1092 1963 1146 comedere

380 1195 614 1257 diceres,
648 1202 707 1247 ut
743 1189 1110 1246 Callimachus
1135 1185 1313 1255 inquit
1343 1202 1357 1237 :
1381 1181 1625 1253 Papaver
1647 1182 1964 1247 comedunt;

382 1417 442 1524 iit
460 1417 625 1522 etiam
653 1414 875 1533 arci-nn.
894 1463 929 1533 ἡ
955 1407 1168 1530 pawn:
1199 1457 1456 1529 quodque
1487 1464 1782 1524 utrumque
1819 1468 1958 1522 prae-

2063 653 2244 702 τινες,
2283 641 2317 710 ἢ
2369 639 2611 709 φάτνιαο
2661 646 2816 714 παρὰ
2847 645 2911 698 τὸ
2941 647 3140 714 φαγεῖν
3157 646 3270 715 γὰρ
3303 649 3487 720 φάγνη
3508 689 3524 715 ,
3571 652 3678 705 καὶ

2065 729 2238 802 φάτνη
2269 730 2334 762 ³⁸ο
2366 732 2398 802 ἢ
2433 733 2587 803 παρὰ
2623 733 2686 786 τὸ
2718 735 2878 789 πατῶ
2931 736 2993 789 τὸ
3043 737 3242 790 ἐσθίω·
3275 739 3401 792 ὅθεν
3453 741 3551 794 καὶ
3601 744 3673 796 τδ

2065 813 2348 872 πάσασθαι
2377 820 2500 873 ἀντὶ
2529 821 2622 874 τοῦ
2654 824 2956 890 γεύσασθαι
2978 826 3074 878 καὶ⁵
3106 830 3324 896 φαγεῖν·
3348 830 3381 900 ἢ
3410 830 3486 893 ὠς
3516 833 3675 885 Καλ-

2064 907 2297 978 λίμαχος
2321 949 2336 973 ,
2374 908 2638 976 Μήκωνα
2689 913 2929 968 πατεῖτε
2973 915 3040 967 ³⁵.
3075 917 3187 970 Καὶ
3231 918 3443 985 γίνεται
3473 921 3533 974 δὲ
3571 925 3678 976 καὶ

2064 1000 2301 1054 ἀπὸτοῦ
2354 1002 2508 1072 κάπη
2562 1004 2773 1074 φάτνη,
2830 1007 2982 1077 παρὰ
3028 1006 3092 1060 τὸ
3122 1008 3378 1076 κάπτειν,
3431 1013 3459 1064 ὅ
3513 1015 3676 1067 ἐστιν

2066 1091 2296 1145 ἐσθιεινο
2327 1095 2465 1165 φησὶ
2518 1097 2629 1166 γάρ
2672 1099 3077 1171 Ἀριστοφάνης
3117 1101 3398 1157 Ἱππεῦσι
3443 1105 3511 1137 ³⁶ο
3551 1111 3678 1162 Κα-

2065 1181 2248 1235 παῐον
2267 1183 2398 1251 ἦτοι
2431 1186 2674 1240 «(mutor
2701 1181 2837 1243 Δία.
2871 1192 2939 1242 Ἢ
2985 1191 3141 1263 παρὰ
3168 1193 3234 1246 τὸ
3257 1193 3452 1259 κάπος,
3482 1197 3512 1250 ὅ
3544 1200 3671 1252 ἐστι

1935 1311 1952 1330 ,
2061 1272 2314 1343 πνεῦμα,
2344 1275 2421 1338 ὡς
2450 1278 2509 1329 ὲν
2544 1277 2642 1348 τῷ,
2681 1279 2826 1333 Ἀπὸ
2849 1279 2921 1334 δὲ
2941 1283 3156 1352 ψυχὴν
3198 1284 3510 1340 ἐκάπυσεν
3543 1289 3673 1360 (m).

2064 1363 2134 1414 Ἢ
2169 1363 2260 1418 διὰ
2308 1366 2404 1420 τοῦ
2466 1369 2878 1423 κατα-πνέεσθαι
2926 1373 3039 1425 ἀπὸ
3081 1372 3178 1426 τοῦ
3231 1375 3512 1446 ἄσθματος
3569 1380 3673 1432 τὸν

2064 1453 2252 1510 ἵππον*
2277 1457 2311 1526 ἢ
2347 1459 2503 1530 παρὰ
2532 1461 2595 1513 τὺ
2623 1460 2900 1532 ὲσκάφθαι
2925 1465 3021 1518 καὶ
3047 1467 3422 1523 κεκοιλάνθαι.

384 1573 514 1629 sepe
552 1556 847 1626 signiﬁcat,
915 1551 1024 1606 ἀπὸ
1073 1549 1170 1604 τοῦ
1213 1547 1462 1612 κάπτειν,
1510 1545 1659 1618 quod
1708 1553 1795 1601 est
1856 1545 2129 1639 comedere
2156 1587 2172 1612 ,
2237 1548 2382 1618 quod
2439 1551 2836 1622 Aristophanes
2899 1556 2956 1609 in
3026 1554 3191 1625 ll-ipp.
3245 1572 3669 1633 commemorat,

384 1654 468 1710 vel
517 1668 550 1707 a
605 1649 801 1715 κάπος,
836 1646 982 1717 quod
1019 1645 1269 1715 Spiritum
1309 1643 1561 1709 denotat,
1614 1639 1763 1711 quod
1815 1640 1959 1712 apud

2071 1648 2213 1698 etam
2243 1651 2329 1697 est
2369 1661 2383 1696 :
2427 1641 2637 1712 Eﬂiam‘t
2712 1647 2986 1712 animum;
3013 1649 3099 1703 vel
3129 1649 3218 1704 διὰ
3287 1652 3351 1704 τὸ
3394 1652 3672 1707 καταπνέ-

384 1744 560 1808 ισθαι,
585 1758 617 1797 a
647 1739 1007 1810 respiratione
1043 1737 1161 1806 ipsa
1191 1736 1264 1790 ita
1285 1733 1604 1804 appellatur.

461 1831 724 1904 Gurgulio
771 1843 900 1884 vero
963 1827 1150 1882 Graece
1193 1823 1518 1898 γαργαρεὼν
1549 1863 1566 1890 ,
1623 1837 1655 1878 a
1711 1821 1941 1877 medicis
1991 1830 2033 1884 Β

384 1924 575 1989 κιονὶς,
598 1922 690 1977 καὶ
721 1919 986 1988 σταφυλή,
1025 1916 1335 1980 columella,
1365 1923 1420 1970 et
1474 1914 1705 1985 uvigena
1745 1927 1961 1966 nuncu-

385 2023 586 2083 patur:
638 2020 693 2066 et
719 2005 1048 2080 γαργαρεὼν
1095 2007 1296 2062 dicitur
1338 2004 1589 2075 gurgulio
1630 2017 1660 2058 a
1695 2016 1831 2058 sono
1866 2001 1962 2072 qui

389 2105 443 2158 in
495 2099 835 2172 gargarismo
881 2095 1190 2168 peragendo
1251 2093 1367 2148 ﬁeri
1446 2092 1607 2156 solet,
1657 2091 1815 2160 quasi
1858 2105 1963 2145 vox

385 2195 452 2250 de
491 2207 628 2250 sono
657 2189 862 2245 factitia
908 2187 1020 2253 sit;
1053 2185 1296 2256 σταφυλὴ
1323 2184 1564 2255 quidem,
1613 2182 1763 2252 quod
1806 2198 1964 2236 uvam

386 2286 618 2352 diceres,
641 2283 710 2338 ab
733 2281 957 2339 assidua
972 2278 1332 2335 distillatione
1355 2291 1550 2332 nomen
1573 2275 1799 2346 capiens
1817 2317 1832 2341 ,
1852 2275 1966 2329 sive

387 2376 533 2447 quod
587 2375 708 2444 ejus
779 2381 1087 2428 extremum
1149 2383 1267 2425 uvae
1315 2382 1542 2439 granum
1578 2373 1960 2435 repraesentet;

387 2466 580 2530 κιονῐς,
603 2463 752 2534 quod
781 2460 1070 2518 columella
1087 2469 1191 2526 est,
1209 2459 1312 2515 hac
1329 2458 1397 2514 de
1415 2472 1583 2514 causa
1611 2457 1778 2522 dicta,
1804 2456 1964 2526 quasi

387 2558 558 2631 χιονίς
584 2596 600 2622 ,
631 2556 685 2611 id
714 2563 800 2610 est
823 2553 1110 2618 nivositas,
1165 2552 1236 2607 ob
1296 2550 1642 2606 humidorum
1682 2548 1962 2611 eﬂluxum,

389 2653 536 2725 quod
566 2651 748 2723 ὑγρῶν
795 2649 948 2720 χύσιν
999 2648 1227 2712 elliciat,
1262 2643 1378 2702 sive
1405 2645 1552 2716 quod
1591 2644 1660 2700 ad
1697 2644 1967 2700 columna:

390 2746 613 2801 modum
637 2758 732 2814 per
761 2757 819 2798 se
848 2741 1020 2819 ipsam
1054 2739 1110 2794 in
1138 2739 1363 2808 longum
1386 2745 1635 2807 porrecta
1673 2736 1960 2792 consistat.

390 2834 491 2891 Est
514 2843 695 2890 autem
723 2832 778 2886 in
810 2839 1027 2903 gutture
1078 2828 1372 2884 caruncula
1397 2842 1428 2881 a
1451 2826 1740 2882 columella
1763 2825 1966 2896 depen-

388 2925 544 2990 dens,
579 2939 701 2992 quze
730 2923 797 2976 ad
827 2923 1057 2991 spiritus
1104 2917 1491 2990 perfectionem
1539 2918 1963 2973 instrumentum

387 3027 492 3084 est,
521 3015 669 3085 quod
721 3014 874 3069 vocis
912 3013 1149 3083 speciem
1172 3011 1368 3067 reddit.
1418 3008 1632 3064 Etenim
1670 3010 1909 3079 palatum
1944 3049 1960 3075 ,

2148 1819 2206 1874 Ὀ
2249 1819 2308 1874 δὲ
2335 1822 2683 1890 γαργαρεὼν
2731 1824 2924 1890 mor-lc
2970 1826 3066 1880 καὶ
3113 1830 3401 1899 σταφυλὴ
3442 1832 3671 1901 λέγεται

2062 1911 2219 1981 παρὰ
2245 1911 2354 1966 τῶν
2385 1912 2588 1983 ἰατρῶν
2609 1913 2675 1963 ⁸⁷έ
2719 1916 3064 1985 γαργαρεὼν
3105 1919 3227 1989 μὲν,
3260 1921 3350 1976 διὰ
3377 1923 3472 1976 τὸν
3512 1927 3669 1992 γινό-

2067 2019 2232 2072 μενον
2271 2006 2406 2075 περὶ
2432 2005 2598 2058 αὑτὸν
2641 2001 2779 2076 ἦχον
2804 2010 2866 2062 ὲν
2887 2008 2968 2080 τῷ
2996 2013 3459 2082 γαργαρίζεσθαι’
3511 2033 3672 2072 στα-

2063 2095 2232 2165 φυλὴ
2259 2096 2338 2160 δὲ,
2367 2098 2476 2151 ἀπὸ
2514 2098 2613 2152 τοῦ
2649 2100 2894 2172 συνεχῶς
2921 2105 3362 2171 καταστάξεσθαι
3390 2110 3456 2143 ³⁸·
3495 2111 3529 2182 ἢ
3557 2113 3673 2165 ἀπὸ

2063 2187 2158 2242 τοῦ
2187 2189 2251 2243 τὸ
2285 2188 2458 2260 ἄκρον
2490 2191 2663 2260 αὐτῆς
2700 2194 2994 2260 φαίνεσθαι
3034 2198 3227 2267 ὅμοιον
3271 2202 3422 2270 ραγί·
3464 2205 3672 2273 χιονὶς

2067 2277 2122 2351 [ἢ
2153 2279 2347 2351 κιδνὶς]
2375 2281 2456 2346 δὲ,
2492 2282 2524 2352 ἢ
2563 2283 2710 2354 παρὰ
2736 2284 2837 2356 τὴν
2870 2285 3029 2355 χύσιν
3065 2288 3177 2343 τῶν
3209 2291 3416 2360 ὑγρῶν,
3447 2293 3481 2365 ἢ
3511 2298 3673 2368 παρὰ

2065 2369 2127 2424 τὸ
2157 2371 2339 2436 κίονος
2375 2371 2528 2443 ἔχειν
2555 2374 2746 2441 τύπον,
2786 2377 2913 2430 καθ’
2941 2380 3142 2452 ἑαυτὴν
3169 2377 3340 2436 οὖσαν
3384 2386 3669 2458 ἐπιμήκη.

2070 2463 2228 2518 Ἐστι
2273 2465 2335 2519 δὲ
2383 2468 2616 2538 σαρκίον
2669 2469 2770 2540 τῆς
2818 2471 3106 2542 φάρυγγος
3157 2476 3560 2548 ἀπηρτημένον
3594 2482 3669 2545 ³ὀ

2066 2556 2356 2622 κωνοειδὲς
2379 2559 2564 2630 φωνῆς
2607 2559 2839 2630 ὄργανον
2869 2562 3102 2635 ὲξηχοῦν
3130 2568 3277 2623 κατὰ
3302 2569 3670 2643 ἀποτέλεσμα

2067 2646 2398 2718 πνεύματος.
2439 2653 2820 2720 Οὐρανίσκος
2861 2654 2919 2708 δὲ
2955 2657 3016 2709 τὸ
3045 2657 3321 2732 ἀνώτερον
3363 2663 3532 2733 μέρος
3565 2665 3671 2718 τοῦ

2068 2735 2338 2808 στόματός
2361 2739 2531 2804 ἐστιν,
2568 2741 2634 2793 ἐκ
2673 2743 2774 2811 τῆς
2814 2745 2958 2818 πρὸς
2979 2747 3215 2818 οὐρανὸν
3253 2753 3575 2823 ὁμοιότητος
3603 2756 3671 2809 τὸ

2066 2827 2242 2899 ὄνομα
2273 2828 2475 2883 λαϐὼν·
2509 2830 2578 2885 τὰ
2603 2832 2660 2886 δὲ
2691 2834 2826 2907 παρ’
2863 2836 3016 2906 αὐτῷ
3045 2839 3210 2910 μόρια
3238 2842 3476 2910 ὑπερςὶη
3502 2844 3674 2914 λέγε-

2065 2936 2175 2973 ται·
2209 2922 2604 2994 μετενήνεκται
2627 2924 2684 2977 δὲ
2715 2927 2750 2996 ἡ
2776 2925 2926 2991 λέξις
2952 2929 3048 2982 τοῦ
3082 2931 3323 3002 ὑπερῴα
3343 2935 3389 2966 ⁸⁸
3415 2936 3526 2990 ἀπὸ
3551 2937 3672 2992 τῶν

2069 3011 2340 3083 ὑπερῴων
2360 3015 2838 3087 οἰκοδομημάτων,
2866 3021 2961 3074 καὶ
2992 3022 3101 3077 τῶν
3124 3023 3168 3056 ⁸⁸
3201 3030 3670 3099 μετεωρισμὲνων

387 3109 501 3164 oris
530 3105 782 3177 superior
813 3105 1013 3174 portio,
1046 3103 1194 3172 quod
1223 3103 1291 3158 ab
1312 3103 1446 3173 ipsis
1465 3102 1810 3176 οὺρανίσκος,
1835 3102 1963 3158 inde

2070 3104 2211 3193 υπὲρ
2236 3106 2335 3176 τὴν
2355 3107 2509 3179 ἐραν,
2539 3110 2576 3176 ἦ
2602 3111 2752 3164 ἐστιν
2774 3113 2808 3182 ἡ
2834 3113 2928 3183 γῆ⁸
2955 3116 3091 3186 φησὶ
3116 3115 3175 3170 δὲ
3201 3118 3298 3172 καὶ
3313 3119 3574 3193 Ὅμηρος
3592 3126 3643 3156 ⁸³

389 3214 588 3256 nomen
637 3194 940 3264 sumpsisse
983 3192 1244 3247 credibile
1279 3192 1531 3257 habetur,
1579 3193 1838 3260 quoniam
1889 3191 1958 3245 ad
1994 3192 2119 3247 cceli
2169 3195 2315 3263 quod
2385 3197 2614 3268 οὐρανὸς
2695 3199 2918 3269 dicitur,
2973 3183 3403 3263 si’militudinem'
3447 3183 3666 3269 iactura

388 3294 480 3349 sit.
530 3289 722 3344 Partes
769 3300 923 3349 vero,
982 3283 1242 3379 qu_ae_illi
1307 3284 1555 3379 proxime
1631 3283 1961 3379 consistunt,
2039 3287 2327 3344 interiores
2371 3291 2439 3346 ad
2497 3292 2624 3347 colli
2659 3305 2888 3365 angusta
2934 3311 3218 3369 vergentes
3270 3303 3377 3374 ει
3426 3306 3662 3379 ὕπερῶα

390 3383 784 3445 nominantur;
847 3377 948 3432 has
993 3374 1547 3431 tahulatumdiceres
1615 3375 1684 3430 ab
1723 3377 1920 3471 aedium
1987 3379 2231 3434 tabulatu
2278 3382 2426 3451 quod
2513 3398 2545 3439 a
2595 3394 2740 3439 terra
2791 3386 2848 3442 in
2907 3390 3140 3448 sublime
3185 3395 3428 3466 erigitur,
3490 3374 3663 3471 quam

389 3478 492 3550 ipsi
545 3476 677 3548 ἐραν
718 3473 970 3530 dictitant
1029 3470 1388 3527 similitudine
1432 3479 1649 3540 sumpta
1684 3488 1698 3525 :
1731 3479 1793 3527 ut
1843 3470 2154 3529 Homerus:

460 3585 568 3642 Sed
601 3587 771 3655 potuit
809 3585 977 3650 labia,
1020 3583 1162 3636 haud
1209 3583 1378 3652 potuit
1406 3585 1662 3638 transisse
1696 3584 1956 3654 palatum.

2070 3590 2276 3646 Χείλεα
2298 3592 2414 3664 μέν
2450 3594 2500 3648 τ’
2525 3595 2788 3666 ἐδίηνεν,
2816 3599 3100 3668 ὑπερῴην
3122 3600 3176 3653 δ’
3206 3605 3319 3657 οὐκ
3359 3604 3570 3674 ἐδίηνε
3596 3610 3664 3663 ⁸³.

393 3697 518 3754 Haec
552 3707 734 3754 autem
790 3712 939 3767 pars,
991 3707 1042 3751 et
1086 3703 1293 3766 guttur,
1329 3695 1474 3766 quod
1509 3696 1578 3750 ab
1612 3695 1720 3751 illis
1747 3696 1963 3769 φάρυγξ

390 3789 610 3854 dicitur,
658 3805 688 3842 a
734 3789 904 3858 φέρω,
926 3801 994 3842 ex
1038 3802 1103 3841 eo
1133 3786 1280 3857 quod
1308 3785 1434 3842 inde
1474 3787 1702 3857 spiritus
1732 3787 1962 3851 feratur,

389 3894 588 3934 nomen
607 3879 849 3948 capiens,
872 3887 932 3933 ut
951 3877 1165 3950 Lyc0ph
1175 3893 1274 3933 ron
1295 3887 1349 3934 et
1375 3875 1744 3935 Callimachus
1794 3887 1967 3949 poetae

396 3977 684 4024 testantur.

466 4148 704 4204 Mantum
756 4157 808 4204 et
855 4157 1038 4219 guttur
1087 4163 1210 4215 nos,
1279 4148 1451 4204 Graeci
1496 4147 1828 4218 ἀνθερεῶνα,
1873 4147 1967 4203 καὶ

391 4242 662 4314 λάρυγγα,
686 4240 720 4310 ἢ
751 4239 1008 4311 φάρυγγα
1032 4247 1368 4309 nuncupant.
1401 4238 1459 4292 ln
1497 4239 1599 4293 hac
1625 4247 1780 4309 parte
1803 4238 1966 4310 ligula

279 4403 287 4412 ἧ
389 4339 496 4393 est,
525 4344 646 4399 quae
672 4328 742 4383 ab
771 4329 876 4384 illis
913 4327 1260 4397 ὲπιγλωττίς,
1287 4329 1354 4384 de
1383 4343 1492 4399 qua
1522 4329 1676 4399 prius
1693 4328 1967 4394 diximus,

392 4431 760 4490 nuncupatur.
808 4418 945 4474 Inibi
994 4419 1158 4474 etiam
1209 4419 1501 4475 caruncula
1552 4429 1656 4485 est,
1712 4435 1834 4490 quae
1871 4420 1965 4475 he-

389 4530 534 4582 dem
564 4511 695 4582 folio
741 4524 1099 4581 similitudine
1129 4527 1446 4597 respondet,
1477 4541 1601 4599 quae
1629 4542 1756 4583 cum
1785 4527 1964 4583 media

389 4635 599 4692 asperae
628 4619 844 4674 arteria:
889 4617 1174 4682 consistat,
1227 4633 1352 4672 cum
1414 4617 1566 4674 cibos
1611 4619 1962 4690 deglutimus,

389 4711 666 4769 esculenta
696 4709 1094 4782 poculentaque
1118 4709 1174 4763 in
1216 4723 1338 4764 eam
1374 4709 1580 4780 ingredi
1605 4724 1714 4764 non
1737 4711 1964 4780 patitur,

389 4803 484 4858 sed
516 4817 640 4858 cum
674 4816 794 4856 sese
819 4808 1048 4863 reserat,
1068 4799 1292 4870 spiritus
1310 4798 1762 4868 reciprocationis
1795 4814 1961 4855 causa

2066 3702 2238 3755 Τοῦτο
2275 3702 2411 3758 δὲτὸ
2443 3704 2609 3788 μέρος
2651 3705 2746 3760 καὶ
2768 3708 3009 3777 φάρυγξ
3045 3710 3141 3779 (m)
3191 3713 3467 3778 καλεῖται,
3503 3720 3668 3788 παρὰ

2062 3791 2125 3844 τὸ
2156 3794 2327 3862 φέρω,
2357 3793 2426 3846 δι’
2455 3787 2516 3846 οὗ
2547 3793 2775 3865 φέρεται
2800 3796 2862 3848 τὸ
2884 3795 3128 3868 ,πνεῦμα
3155 3816 3168 3830 ·
3211 3802 3307 3853 καὶ
3349 3801 3467 3854 ἐστι
3510 3787 3666 3876 παρ-

2064 3879 2304 3952 ώνυμον·
2338 3883 2436 3936 καὶ
2469 3882 2579 3952 γὰρ
2604 3885 2633 3936 ὁ
2660 3885 2962 3956 Λυκόφρων
2980 3888 3137 3959 φησὶ,
3155 3889 3514 3961 Ἔτὺμὸευσε
3545 3897 3670 3965 φά-

2057 3992 2146 4043 ρῳ
2181 3975 2248 4029 “.
2310 3977 2369 4029 Ὀ
2415 3975 2473 4028 δὲ
2515 3976 2873 4048 Καλλίμαχος
2897 3979 2966 4045 ⁸³,
2993 3983 3266 4050 Ἀφαρον
3308 3988 3652 4054 ςραρόωονω-⁹

2066 4067 2222 4137 φησὶ,
2251 4067 2352 4138 τὴν
2379 4067 2550 4138 μηδὲν
2576 4068 2855 4139 φέρουσαν
2878 4072 3161 4141 φάρυγγα.

2139 4160 2244 4212 Τὸν
2287 4159 2346 4212 δὲ
2376 4159 2748 4229 ἀνθερεῶνα,
2794 4162 2853 4216 ὃν
2901 4165 2996 4216 καὶ
3035 4164 3310 4236 λάρυγγα
3356 4167 3667 4238 καλοῦμεν,

2064 4247 2162 4320 τὴν
2189 4250 2583 4318 ἐπιγλωττίδα
2625 4253 2789 4320 φασὶν
2838 4248 2977 4306 εἶναι
3011 4253 3078 4306 ⁸⁸.
3125 4256 3240 4309 Καὶ
3288 4256 3511 4328 εἴρηται
3557 4260 3667 4332 ἤδη

2066 4341 2196 4411 περὶ
2221 4341 2413 4411 αὐτῆς.
2450 4341 2598 4411 Πλὴν
2643 4342 2872 4414 σαρκίον
2914 4344 3033 4397 ἐστὶ
3078 4347 3350 4418 νευρῶδες
3377 4351 3476 4405 καὶ
3514 4352 3672 4420 μυῶ-

2068 4432 2180 4495 δες,
2219 4432 2396 4495 ἐοικὸς
2422 4432 2776 4504 κισσοφύλλῳ
2801 4473 2816 4498 ,
2849 4435 2908 4498 ὃς
2939 4435 3264 4506 ὲπιμύσσων
3286 4439 3331 4471 ⁸⁷
3364 4441 3424 4494 ἐν
3453 4441 3537 4511 τῷ
3566 4458 3672 4496 κα-

2069 4521 2318 4575 ταπίνειν
2346 4521 2446 4592 τὴν
2468 4525 2732 4594 τραχεῖαν
2762 4525 3058 4596 ἀρτηρίαν,
3089 4528 3189 4580 οὐκ
3215 4529 3284 4598 ἑᾷ
3309 4530 3670 4602 εἰσέρχεσθαι

2069 4615 2127 4666 ὲν
2168 4613 2305 4683 αὐτῇ
2335 4613 2445 4666 τῶν
2482 4613 2790 4685 βρωμάτων
2817 4633 2868 4668 τι
2908 4617 2942 4688 ἦ
2979 4617 3088 4671 τῶν
3130 4621 3416 4690 πομάτωνο
3446 4625 3673 4693 ἀνοιγό-

2072 4721 2233 4775 μενος
2251 4705 2309 4759 δὲ
2326 4706 2426 4778 τὴν
2449 4707 2710 4780 εἰσπνοὴν
2727 4710 3204 4781 παραπέμπεσθαι
3222 4716 3389 4770 ποιεῖ.
3425 4716 3669 4788 Ἐκλήθη

2068 4793 2162 4852 οὖν
2197 4796 2473 4871 άνθερεὼν
2510 4798 2602 4852 διὰ
2641 4799 2704 4852 τὸ
2739 4799 2918 4870 θορεῖν
2939 4802 2985 4834 ⁸⁸
3015 4803 3074 4856 τὸ
3104 4803 3324 4875 πνεῦμα
3361 4808 3601 4862 ἐκεῖθενο
3629 4810 3670 4880 ἢ

388 4893 624 4952 exsistit.
652 4890 864 4962 Itaque,
885 4889 1201 4945 Anthercon
1236 4888 1360 4946 inde
1380 4889 1582 4945 dicitur
1599 4887 1688 4944 διὰ
1711 4889 1772 4941 τὸ
1789 4887 1965 4959 θορείν

2070 4882 2182 4942 οἷον
2211 4887 2509 4960 ὰνθερεὼν,
2530 4891 2574 4923 ⁸⁸
2596 4892 2680 4946 ὅτι
2717 4891 2990 4946 ὲντίθεται
3005 4893 3084 4965 τῷ
3101 4896 3329 4968 τοιούτῳ
3349 4898 3384 4967 ἡ
3399 4900 3582 4972 τροφὴ
3609 4903 3672 4954 ιν

461 5103 505 5136 ³⁸
540 5102 640 5156 καὶ
683 5099 989 5170 ὁλόκληρος,
1024 5098 1122 5170 Βη
1163 5097 1212 5170 ⁸ξ
1250 5096 1459 5170 ουλλύω
1634 5095 1853 5170 f"om._
1890 5096 1956 5149 Δ.

2060 5095 2104 5127 ³⁵
2149 5112 2270 5168 qua:
2317 5109 2622 5168 sequuntur
2671 5115 2846 5168 usque
2886 5104 2954 5154 ad
3003 5101 3033 5153 ὁ
3077 5099 3136 5153 δὲ

3177 5118 3362 5173 γαργα
3371 5120 3510 5173 ρεων
3550 5121 3666 5160 om.

390 5173 449 5236 Β,
484 5173 676 5228 ἀντὶ...
705 5163 1041 5242 φαγεῖ’ν]-ὼς
1080 5169 1156 5242 τῖενΔ
1192 5165 1535 5242 ὑπείκιιξλτο
1560 5165 1790 5242 ,πᾶσθαι
1902 5235 1915 5242 _
1957 5167 1965 5197 ³

2073 5175 2143 5221 at.
2168 5163 2591 5242 'Verstﬁxwva
2620 5163 2937 5227 πάττονται.
2962 5163 3461 5227 Callitn.'Fr.'437.
3539 5176 3588 5208 ³⁸
3611 5177 3669 5229 in

391 5245 527 5296 Edd.
559 5257 666 5298 non
713 5235 926 5296 ὲχὲιοιῖ
944 5239 1062 5292 Lat.
1113 5237 1268 5308 Vere.
1303 5236 1480 5308 p.330,
1515 5235 1582 5290 14
1607 5253 1626 5286 ι
1651 5237 1794 5308 quod
1823 5235 2502 5308 Δι’ἰειοριιοιιοεῄιιυἷι)ρἱ
2532 5252 2941 5305 c0mmetnoral,
2964 5260 2984 5293 ι
3022 5242 3116 5295 sed
3153 5242 3316 5295 verba
3350 5255 3524 5308 poeta:
3556 5261 3670 5299 non

828 5329 876 5365 τ.
919 5311 1027 5363 [ατ.
1065 5308 1183 5374 λεγ.
1217 5307 1280 5361 Β.
1304 5303 1321 5306 “
1365 5303 1411 5336 ³⁸
1442 5307 1555 5360 haec
1600 5303 1709 5361 oni.
1761 5305 1824 5358 Β.

395 5311 572 5368 affert.
652 5311 694 5342 ³⁷
727 5329 789 5366 π.

389 5383 433 5413 ⁸¹
485 5384 580 5437 cit.
643 5396 757 5438 om.
812 5381 874 5434 B.

388 5453 619 5517 γλωττίς
644 5452 761 5503 ἐστι
791 5451 854 5514 Β,
878 5451 912 5520 ὴ
938 5444 1265 5516 ἐπιγλωττίς
1287 5448 1402 5499 ἐστι
1423 5462 1437 5478 ·
1463 5447 1557 5500 καὶ
1581 5444 1697 5499 ἔστι
1724 5446 1950 5516 σαρκίον
1979 5445 2244 5515 νευρῶδες
2269 5444 2331 5500 Ρ.

389 5520 432 5556 δ’
458 5525 516 5573 ἓν
544 5521 642 5590 τῷ.
679 5521 832 5573 θεται
873 5521 937 5573 Α.

462 5672 556 5740 (ιιι)
582 5671 645 5725 ιι.
682 5673 750 5725 Χ.
789 5672 914 5724 467.

1937 5306 1990 5376 ’ξ
2035 5306 2428 5376 άπηρτιμένον
2457 5309 2520 5361 Β.

950 5379 995 5410 ⁸³
1043 5373 1234 5448 φάρυξ
1273 5375 1332 5429 Β.
1421 5375 1470 5407 ⁸⁸
1500 5375 1671 5448 φίάρον
1703 5377 1770 5429 Α.
1807 5373 1924 5448 Viti.
1961 5375 1965 5429 ἶ

2076 5373 2370 5448 lnjipn._ad
2417 5377 2686 5448 Lyc0phr.
2723 5395 2776 5434 v.
2812 5373 2934 5437 {54.
3013 5380 3057 5412 "
3090 5379 3184 5434 Fr.
3213 5381 3340 5436 185.
3409 5383 3458 5415 ⁸⁸

3189 5309 3235 5341 ⁸⁸
3283 5312 3393 5365 τῶν
3438 5329 3553 5368 υιιι.
3601 5314 3667 5366 Β.

3484 5384 3520 5453 ἡ
3547 5387 3672 5436 ἐπι-

2413 5448 2755 5518 δτεπιμύσων
2787 5449 2849 5506 Β.
2894 5450 2970 5523 ,⁸⁸
3003 5451 3229 5522 θεωρεῖν
3256 5452 3322 5516 Δ,
3343 5448 3574 5525 θαρρέτν
3599 5453 3670 5506 C.

2630 5308 2673 5341 ⁴⁰
2717 5311 2818 5363 ὑπε
2829 5310 2970 5382 ρώου
3016 5309 3083 5382 _B.

2147 5667 2226 5738 (η)
2260 5668 2324 5722 ll.
2351 5668 2417 5723 Χ.
2456 5669 2582 5724 495.
