4040 6150
1829 140 1852 177 ο

422 325 562 383 H91
1683 329 1770 383 DE
1807 329 2097 386 NATUBA
2141 328 2444 386 IIOMINIS.
3567 335 3725 391 i198:

415 448 495 519 τῷ
524 446 872 502 καταπίνειν.
910 445 1135 514 Λαιμὸς
1161 445 1220 498 δὲ
1243 444 1339 498 καί
1371 444 1604 516 λάρυγξ
1642 450 1758 511 τοῖς
1780 447 1989 517 ὀνόμασ

2114 447 2176 502 τδ
2232 447 2448 518 πνεῦμα
2506 445 2738 508 ἐκεῖθεν,
2803 444 2950 514 quod
3003 445 3128 501 inde
3177 446 3429 503 videlicet
3480 450 3724 518 spiritus.

415 541 739 612 διαφέρουσι
773 539 959 608 μόνον’
1009 538 1164 609 παρὰ
1191 540 1300 610 γὰρ
1325 539 1385 591 τὸ
1410 537 1606 603 λαίειν,
1637 539 1671 610 ἢ
1712 532 1958 606 λαύσειν,
1987 570 1989 582 ε

2116 539 2383 610 prosiliat,
2422 537 2504 592 vel
2534 537 2689 608 quasi
2715 537 2986 608 ἀνθερὼν,
3018 537 3122 592 hoc
3149 540 3491 595 tantumdem
3525 541 3667 596 valet
3689 581 3705 606 ,

416 635 534 686 ἐστι
566 633 628 686 τὸ
667 630 970 685 άπολάὸειν
991 630 1058 695 ⁸⁸,
1092 630 1385 701 ἀμφότερα
1421 631 1756 703 παράγεται³
1789 632 1879 685 διὰ
1905 632 1989 703 γὰι

2119 647 2184 686 ac
2235 631 2280 685 si
2342 631 2552 686 obicem
2589 627 2762 695 dicas,
2805 629 2951 700 quod
2989 630 3135 696 cibo,
3163 631 3292 686 dum
3345 645 3473 686 eum
3514 633 3704 703 deglu-

415 723 613 796 λαιμοῦ
657 725 757 779 καὶ
799 724 1080 795 λάρυγγος
1112 723 1211 794 τὴν
1257 723 1565 778 ἀπόλαυσιν
1615 724 1852 794 ἔσχομεν
1903 724 1989 776 τῶι

2118 724 2307 788 timus,
2332 739 2401 778 ne
2427 722 2483 776 in
2513 721 2772 776 arteriam
2802 720 3027 784 incidat,
3057 722 3342 778 obstaculo
3374 731 3480 778 est.
3505 723 3706 780 Guttur

413 817 655 886 τροφῶνο
685 815 914 885 ,λαιμᾷν
935 815 1046 886 γὰρ
1079 815 1142 868 τὸ
1175 815 1601 879 ἀπολαυστικῶς
1625 815 1771 886 ἔχειν
1795 816 1989 888 εῐρητα

2119 823 2301 870 autem
2328 813 2544 885 λαιμὸς,
2579 815 2674 868 καὶ
2709 813 2916 884 λάρυγξ
2942 813 3140 868 dicitur
3175 814 3429 885 (ut-raque
3462 815 3578 871 haec
3608 831 3706 872 no-

415 909 569 980 παρά
593 925 762 964 τισιν.
2122 907 2268 961 mine
2299 913 2535 968 tantum,
2577 905 2716 959 nihil
2760 920 2890 959 vero
2943 919 3003 958 re
3047 905 3384 975 discrepant,
3433 907 3701 976 siquidem

415 999 646 1070 aequalia
700 1001 888 1054 munia
931 1000 1246 1069 peragunt),
1289 1000 1440 1071 παρὰ
1465 1001 1528 1053 τὸ
1565 1000 1860 1055 ἀπολαύειν
1905 998 2157 1062 deducta,
2194 996 2340 1066 quod
2411 997 2520 1066 frui
2585 995 2820 1060 diceres,
2887 995 3157 1066 siquidem
3223 997 3404 1066 hujus
3451 1000 3700 1055 ministe-

417 1094 500 1147 rio
521 1091 905 1146 alimentorum
930 1092 1121 1147 usibus
1147 1091 1404 1146 fruimur.

495 1236 559 1290 'H
594 1235 651 1288 δὲ
683 1235 1022 1305 ὑποκειμένη
1064 1235 1140 1306 τῷ
1180 1236 1421 1307 λάρυγγι
1466 1236 1719 1306 ἀρτηρία
1762 1234 1989 1303 τραχεῖά

2180 1228 2342 1296 Atqui
2395 1226 2595 1282 arteria
2645 1227 2762 1296 ipsa
2793 1241 2914 1297 quae
2943 1229 3148 1298 gutturi
3202 1228 3448 1298 subjecta
3495 1241 3611 1297 est,
3669 1251 3698 1288 λ

414 1327 755 1399 ὠνόμασται,
780 1327 844 1380 ὲκ
866 1325 959 1380 τοῦ
985 1327 1292 1398 πνεύμονος
1333 1327 1698 1399 ἀνερχομένη,
1736 1327 1810 1389 ὡς
1841 1328 1989 1397 πόρος

2109 1319 2368 1388 pulmone
2431 1326 2609 1370 ortum
2673 1331 2898 1370 sumens
2927 1357 2941 1381 ,
2994 1317 3150 1385 cujus
3197 1327 3251 1371 et
3317 1330 3530 1377 meatus
3571 1333 3654 1378 est
3683 1363 3698 1385 ,

413 1413 548 1472 οὖσα
595 1417 788 1471 αὑτοῦ·
828 1417 1100 1488 τετύχηκε
1147 1418 1204 1471 δὲ
1239 1417 1434 1472 τούτου
1477 1416 1571 1471 τοῦ
1603 1418 1869 1487 ὀνόματος
1909 1417 1989 1468 τοί

2109 1426 2301 1481 aspera
2355 1417 2703 1477 nuncupatur
2738 1427 2750 1462 :
2783 1423 2944 1478 quam
2982 1406 3108 1462 inde
3156 1423 3404 1478 asperam
3438 1412 3543 1466 dici
3580 1429 3702 1468 cer--

410 1508 642 1577 τραχεῖα
688 1506 982 1575 λέγεσθαι.
1038 1507 1231 1578 ἐπειδὴ
1283 1508 1569 1575 σύγκειται
1619 1509 1683 1561 ὲκ
1730 1507 1989 1577 διαφόρωγ

2106 1510 2222 1554 ιυηι
2276 1507 2380 1564 est,
2459 1497 2654 1566 quod,
2714 1510 2742 1550 a
2814 1496 3046 1552 diversis
3109 1497 3477 1566 substantiis,
3529 1517 3699 1556 mem-

412 1597 632 1664 οὐσιῶν,
672 1599 986 1670 χονδρωδῶν
1012 1599 1160 1667 λέγω
1199 1602 1294 1653 καὶ
1323 1599 1638 1670 ὑμενωδῶν.
1687 1598 1858 1663 Εἰδὼς
1890 1599 1989 1670 γὰρ

2109 1592 2348 1654 branea,
2413 1589 2636 1658 inquam
2669 1628 2686 1650 ,
2735 1588 3198 1659 cartilagineaque
3251 1591 3695 1647 constitutionem

412 1691 440 1741 ό
463 1687 730 1760 Τεχνίτης
756 1691 860 1761 τῆς
897 1690 1114 1759 φύσεως
1148 1693 1232 1745 ὅτι
1268 1691 1557 1762 διαφόρους
1585 1689 1776 1762 ἔμελλε
1807 1690 1989 1760 χρείας

2108 1682 2298 1737 sortita
2361 1681 2451 1735 sit.
2515 1679 2650 1735 Cum
2713 1688 2922 1732 naturae
2970 1678 3206 1749 Opifex,
3269 1683 3481 1738 arteria:
3540 1683 3641 1753 ipsi
3679 1724 3694 1747 ,

410 1779 697 1833 ἀποτελεῖν
729 1783 798 1851 τῇ
842 1798 900 1833 τε
930 1782 1176 1851 άναπνοῇ
1213 1780 1310 1833 καὶ
1341 1783 1407 1851 τῇ
1439 1783 1590 1851 φωνῇ
1611 1821 1624 1842 ,
1654 1781 1719 1833 ὲκ
1759 1781 1989 1851 χονδρώ-

2109 1783 2320 1837 diversa
2362 1781 2581 1851 explere
2628 1781 2852 1844 munia,
2900 1780 3128 1849 spiritus
3165 1781 3414 1838 videlicet
3454 1785 3695 1854 recipro-

409 1870 531 1935 δους
573 1871 764 1934 οὐσίας
812 1870 983 1941 αὐτὴν
1025 1873 1357 1941 ὲτεχνάσατο
1401 1872 1494 1923 καὶ
1533 1869 1873 1941 ὑμενώδους,
1914 1871 1989 1923 se

2119 1875 2352 1930 cationis
2401 1883 2454 1928 et
2505 1870 2805 1926 formandae
2858 1873 3008 1928 vocis
3064 1887 3203 1942 opus
3252 1890 3374 1928 esse
3449 1875 3688 1930 animad-

408 1957 506 2032 τῆν
542 1961 642 2031 τῆς
681 1961 901 2031 φωνῆς,
942 1961 1018 2025 ὡς
1057 1963 1152 2014 ἐπὶ
1197 1961 1258 2014 τὸ
1298 1962 1555 2015 πλεῖστον
1599 1963 1811 2032 χρείαν.
1856 1960 2004 2013 Ἔδει

409 2052 517 2122 γὰρ
543 2053 645 2120 τὴν
673 2051 857 2124 φωνὴν
890 2053 1102 2123 στερεῷ
1133 2071 1238 2106 τινι
1272 2051 1486 2122 σώματι
1516 2052 1880 2123 προσκρούειν
1909 2054 2002 2107 καὶ

409 2142 485 2213 μὴ
515 2142 767 2212 μαλακῷ⁸
811 2145 1074 2214 ἁλαμπὴς
1101 2144 1208 2214 γὰρ
1237 2143 1303 2196 ἂν
1343 2141 1517 2207 οὕτως
1556 2141 1788 2210 ἐγίνετο.
1829 2143 2001 2196 Πάλιν

405 2234 456 2284 εἰ
493 2234 558 2284 ὲκ
596 2233 833 2303 χόνδρων
877 2234 1053 2303 μόνων
1081 2235 1125 2266 ⁸¹
1171 2232 1484 2298 συνέκειτο,
1531 2233 1630 2285 οὐκ
1673 2232 1738 2286 ἂν
1773 2232 2000 2286 ἐδύνατο

404 2325 496 2376 ἐπὶ
531 2323 692 2378 πλέον
718 2327 763 2358 δ’
801 2325 1158 2395 διασταλῆναι
1197 2328 1255 2378 ὲν
1291 2330 1415 2390 ταῖς
1449 2325 1714 2396 μεγάλαις
1757 2327 1993 2393 φωναῖς,

2107 1973 2388 2028 verteret,
2439 1963 2640 2032 duplici
2706 1961 2853 2015 illam
2915 1973 3110 2017 natura
3161 1965 3516 2034 compositam
3574 1982 3692 2036 pro-

2108 2053 2293 2115 duxit,
2326 2053 2417 2107 sed
2456 2053 2520 2106 ad
2560 2053 2662 2106 hoc
2703 2052 3001 2121 praesertim
3045 2062 3105 2105 ut
3136 2053 3283 2106 vocis
3316 2055 3437 2106 usui
3473 2053 3690 2110 sufﬁce-

2113 2156 2211 2200 ret.
2237 2144 2554 2208 Enimvero,
2594 2157 2779 2198 vocem
2815 2143 3014 2211 ipsam,
3059 2143 3233 2197 solido
3261 2143 3422 2198 alicui
3447 2147 3684 2214 corpori,

2108 2254 2224 2292 non
2269 2247 2450 2291 autem
2484 2235 2636 2290 molli
2672 2235 2899 2306 impingi
2936 2236 3200 2306 oportuit,
3237 2239 3363 2306 quia
3398 2237 3501 2292 hoc
3527 2246 3686 2306 pacto

2107 2330 2225 2384 sine
2298 2343 2435 2384 sono
2508 2338 2673 2384 esset.
2738 2325 2797 2380 Si
2877 2328 3223 2397 cartilaginea
3311 2329 3685 2384 tantummodo

404 2415 497 2468 καὶ
522 2415 814 2486 διαρκέσαι
855 2419 911 2470 ἐν
947 2419 1012 2487 τῇ
1041 2418 1311 2488 ἀναπνοῇ.
1349 2417 1460 2470 Καὶ
1488 2415 1576 2469 διὰ
1599 2415 1757 2468 τοῦτο
1789 2415 1989 2488 μεταξὺ

2105 2430 2302 2474 natura
2359 2415 2557 2473 arteria
2617 2426 2918 2483 constaret,
2951 2418 3061 2488 82
3093 2418 3144 2473 in
3173 2419 3507 2475 vehementis
3533 2421 3682 2475 vocis

402 2503 510 2557 τῶν
541 2506 782 2577 χόνδρων
812 2509 939 2570 τοὺς
978 2507 1183 2578 ὑμένας
1214 2506 1558 2561 συντέθεικεν
1583 2506 1648 2540 ⁸⁸·
1675 2507 1816 2560 ὣστε
1863 2508 1989 2571 τοὺς

2101 2509 2430 2570 emissione,
2475 2507 2725 2577 plurima:
2756 2507 2919 2562 simul
2971 2509 3299 2573 extensioni,
3339 2524 3403 2565 ac
3459 2511 3684 2579 spiritus

402 2595 658 2666 χόνδρους
687 2596 786 2666 μὲν
811 2597 899 2649 διὰ
925 2597 1024 2668 τὴν
1048 2598 1252 2668 φωνὴν,
1289 2599 1416 2661 τοὺς
1444 2597 1651 2668 ὑμένας
1689 2598 1743 2650 δὲ
1769 2597 1856 2651 διὰ
1886 2598 1986 2666 τὴν

2101 2598 2530 2668 reciprocationi,
2563 2597 2808 2652 sullicere
2839 2598 3151 2666 neutiquam
3193 2609 3399 2669 posset.
3432 2599 3542 2655 Hac
3580 2603 3682 2655 ita-

399 2687 674 2758 ἁναπνοὴν
694 2687 739 2721 ⁸⁵
763 2689 1042 2758 γενέσθαι.

2101 2704 2195 2758 rue
2230 2690 2294 2741 de
2326 2701 2512 2750 causa,
2547 2688 2919 2758 cartilaginem
2947 2704 3071 2743 cum
3105 2691 3416 2746 membrana
3455 2707 3682 2763 compo-

400 2783 529 2848 suit,
560 2799 704 2854 quo,
733 2791 900 2841 altera
937 2787 1156 2858 quidem
1194 2787 1261 2842 ad
1286 2787 1433 2842 vocis
1471 2804 1628 2842 usum
1683 2787 1774 2850 sit,
1806 2783 2120 2839 membrana
2156 2798 2286 2839 vero
2323 2783 2667 2854 respirationi
2720 2783 3243 2840 accommodaretur.

2151 2914 2278 2971 Haec
2298 2925 2480 2971 autem
2511 2914 2737 2978 arteria,
2760 2915 3108 2970 extrinsecus
3143 2929 3368 2983 aspera;
3404 2915 3524 2984 ejus
3551 2931 3682 2970 vero

401 3009 691 3079 ὑπαλείφει
718 3010 826 3081 γὰρ
859 3011 1031 3079 αὐτῆς
1047 3011 1169 3064 ὅλον
1190 3011 1282 3063 τὸν
1310 3011 1477 3077 πόρον
1519 3010 1664 3079 ὑμήν
1699 3025 1783 3070 τις
1812 3009 1976 3070 λεῖος,

2101 3009 2230 3076 quod
2257 3008 2403 3061 intus
2431 3015 2535 3072 est,
2556 3006 2876 3076 neutiquam
2897 3007 3021 3070 tale,
3037 3007 3130 3062 sed
3147 3006 3234 3060 illa
3253 3021 3316 3061 ex
3333 3017 3486 3076 parte
3502 3007 3678 3077 ipsam

401 3101 490 3155 ῐνα
514 3101 589 3173 μὴ
611 3102 1035 3173 προσπίπτουσα
1059 3103 1093 3170 ὴ
1114 3101 1413 3170 τῆςφωνῆς
1433 3099 1535 3169 ὕλη
1554 3098 1888 3170 τραχύνηται
1911 3098 1978 3130 ω.

2105 3107 2256 3153 ctam
2291 3097 2434 3153 levis
2455 3096 2748 3152 admodum
2778 3097 3026 3166 quaedam
3063 3097 3378 3152 membrana
3411 3098 3580 3162 velat,
3610 3112 3680 3152 ne
3740 3159 3754 3170 _

401 3192 502 3262 ὕλη
525 3193 582 3246 δὲ
599 3194 783 3261 φωνῆς
805 3192 1026 3261 πνεῦμά
1046 3193 1187 3245 ἐστι.
1215 3191 1450 3261 Πλησίον
1468 3189 1526 3243 δὲ
1544 3191 1752 3258 ταύτης
1775 3189 1871 3242 καὶ
1888 3189 1918 3242 ὁ
1934 3189 1982 3220 ⁸⁸

2101 3189 2292 3244 ιοίἰίοει
2317 3187 2563 3258 spiritus,
2590 3189 2686 3258 qui
2716 3190 2869 3243 vocis
2891 3189 3118 3243 materia
3149 3199 3264 3254 est,
3297 3189 3352 3242 in
3380 3203 3548 3259 rugas
3595 3187 3679 3243 in-

400 3282 700 3350 οισοφάγος
726 3281 907 3351 ἐπάγη
937 3297 952 3312 ·
977 3282 1146 3352 πόρος
1175 3281 1232 3333 δέ
1263 3284 1380 3334 ὲστι
1409 3280 1505 3334 καὶ
1535 3281 1700 3343 αὐτὸς
1729 3281 1831 3351 τῆς
1882 3298 1982 3349 γα·

2101 3278 2277 3333 :idens
2332 3293 2496 3349 asper
2542 3276 2882 3333 redderetur.
2938 3277 3045 3348 Ipsi
3094 3288 3274 3333 autem
3331 3278 3457 3347 gula
3511 3293 3678 3346 quam

405 3373 564 3443 στρος
593 3414 607 3439 ,
640 3375 698 3426 ὲν
727 3373 866 3442 αὐτῇ
898 3371 998 3441 τὴν
1041 3372 1252 3444 τροφὴν
1303 3372 1696 3443 προσκομίζων
1723 3387 1736 3400 ·
1770 3373 1836 3425 ἐκ
1889 3370 1984 3425 τοῦ

2101 3367 2384 3436 δίσοφάγον
2429 3366 2602 3422 Graeci
2635 3367 2940 3437 appellant,
2975 3376 3257 3436 compacta
3285 3366 3546 3432 adhaeret,
3567 3368 3664 3436 qui

400 3466 500 3517 οἵω
520 3464 580 3517 τὸ
601 3462 819 3533 κομίζω
842 3463 1018 3524 οὓτως
1045 3463 1368 3534 ὀνομασθείς
1393 3478 1407 3493 ⁶
1444 3464 1566 3516 ἔστι
1594 3463 1652 3516 δὲ
1695 3463 1794 3516 καὶ
1825 3463 1988 3524 αὐτὸς

2101 3468 2301 3514 meatus
2334 3459 2403 3512 ad
2433 3459 2615 3512 alvum
2644 3458 2838 3520 tendit,
2876 3473 2973 3526 per
3011 3473 3170 3525 quem
3203 3456 3306 3525 ipsi
3349 3457 3670 3512 alimentum

471 2918 712 2988 Τραχεϊα
743 2919 840 2988 μὲν
869 2914 962 2972 οὖν
991 2921 1140 2972 ἐστιν
1161 2919 1383 2984 ἔξωθεν·
1417 2918 1618 2972 ἔσωθεν
1645 2917 1701 2971 δὲ
1725 2918 1826 2971 οὐκ
1849 2917 1932 2969 ετι
1953 2933 1969 2947 ·

402 3553 703 3624 νευρώδης,
730 3553 825 3607 καὶ
845 3549 964 3607 οἷον
987 3555 1351 3625 ὲντεροειδής.
1383 3553 1466 3607 Τὰ
1497 3555 1556 3608 δὲ
1586 3557 1922 3622 παρίσθμιιι
1939 3553 1984 3586 ⁸⁷

407 3646 609 3714 σαρκία
649 3647 758 3698 εἰσί
778 3646 824 3679 ⁵⁸
870 3645 964 3698 τοῦ
1001 3645 1296 3718 φάρυγγος
1331 3646 1519 3716 μυώδη
1578 3646 1676 3700 καὶ
1699 3645 1944 3714 νευρώδη
1971 3657 1984 3672 ·

402 3735 648 3802 λέγονται
672 3735 735 3789 δὲ
757 3736 932 3799 οὕτως
953 3735 1043 3789 διὰ
1065 3737 1126 3789 τὸ
1161 3737 1348 3790 στενὸν
1379 3736 1475 3789 τοῦ
1502 3739 1558 3789 ὲν
1587 3730 1632 3804 ᾧ
1653 3738 1758 3789 εἰσι
1781 3736 1946 3796 τόπου
1969 3750 1982 3765 ·

403 3828 502 3880 καὶ
528 3826 619 3880 διὰ
643 3829 708 3880 τὸ
744 3828 1119 3897 παρακεῖσθαι
1147 3829 1225 3898 τῷ
1251 3829 1430 3898 ἰσθμῷ
1454 3846 1468 3859 ·
1506 3829 1719 3897 ἰσθμὸς
1748 3827 1807 3881 δέ
1838 3829 1988 3879 ἐστιν

403 3917 432 3966 ὁ
465 3915 650 3977 στενὸς
677 3916 865 3978 τόπος,
898 3915 964 3968 δι’
994 3911 1054 3970 οὗ
1086 3916 1232 3969 ἔστιν
1258 3915 1394 3969 ἰέναι
1426 3917 1525 3987 τὴν
1560 3917 1733 3986 πνοήν
1759 3932 1772 3946 ·
1812 3917 1847 3986 ἡ
1877 3915 1988 3985 γὰρ

408 4005 613 4075 μεταξὺ
639 4006 795 4077 χώρα
827 4007 924 4060 τοῦ
951 4008 1250 4077 οἰσοφάγον
1275 4011 1368 4061 καὶ
1409 4011 1507 4078 τῆς
1537 4009 1802 4080 τραχείας
1822 4010 1988 4076 ἀρτη-

403 4099 548 4168 ρίας,
587 4098 781 4167 ἰσθμὸς
807 4099 1083 4162 καλεῖται,
1111 4100 1264 4169 παρὰ
1299 4099 1358 4152 τὺ
1381 4101 1425 4132 ⁵³
1453 4099 1519 4152 δι’
1548 4099 1716 4152 αὐτοῦ
1748 4101 1978 4152 εἰσιέναι

398 4191 468 4242 τὰ
507 4187 777 4258 βρώματα
812 4189 906 4242 καὶ
946 4189 1013 4242 τὰ
1047 4188 1269 4260 πόματα
1297 4189 1364 4243 ⁸ο.
1399 4189 1563 4242 ’Ὀθεν
1589 4189 1686 4249 καὶ
1729 4189 1987 4256 παρισθ-

2101 3548 2564 3603 sulnninislratur.
2632 3547 2761 3602 Inde
2789 3547 3080 3616 οἰσοφάγον
3111 3547 3254 3600 dicta
3315 3548 3381 3600 ἐκ
3437 3547 3534 3600 τοῦ
3579 3549 3678 3603 οῐω

2098 3641 2162 3692 ’.ὸ
2207 3638 2441 3707 κομίζω,
2485 3638 2631 3707 quod
2655 3638 2905 3692 videlicet
2929 3637 3052 3690 alvo
3080 3637 3397 3690 alimentum
3458 3637 3669 3694 afferat.

2099 3729 2167 3784 Et
2213 3730 2328 3798 ipsa
2364 3728 2584 3796 quidem
2638 3727 2820 3781 nervis
2847 3724 3068 3787 referta.
3115 3735 3169 3781 et
3215 3727 3372 3796 quasi
3421 3729 3678 3784 intestino

2089 3819 2284 3874 similis
2321 3827 2424 3874 est.
2459 3817 2564 3872 Sed
2593 3826 2649 3870 et
2680 3817 2932 3879 tonsillae,
2971 3832 3094 3886 qum
3124 3818 3193 3872 ab
3219 3817 3305 3872 his
3337 3818 3674 3890 παρίσθμια,

2091 3909 2329 3964 faucium
2382 3909 2618 3978 gutturis
2671 3908 2979 3962 carunculae
3029 3917 3194 3976 sunt,
3251 3909 3514 3964 musculis
3555 3925 3678 3964 ner-

2089 4002 2284 4070 visque
2313 3999 2553 4066 reiertae,
2580 3998 2892 4069 παρίσθμια
2925 3999 2995 4054 ob
3011 3999 3114 4064 lqci
3145 4000 3452 4069 angustiam
3481 4002 3536 4054 in
3567 4016 3678 4070 quo

2091 4090 2403 4147 consistunt
2434 4090 2593 4144 dictae
2625 4088 2770 4157 quod
2804 4087 2991 4142 isthmi
3030 4088 3445 4143 similitudinem
3478 4103 3679 4156 reprae-

2091 4191 2344 4247 sentent;
2380 4195 2506 4235 nam
2537 4181 2769 4236 isthmos
2790 4188 3056 4248 angustus
3082 4180 3236 4235 locus
3258 4189 3362 4243 est,
3386 4194 3484 4248 per
3513 4195 3675 4248 quem

2090 4275 2337 4345 spiritus,
2370 4273 2520 4328 intus
2579 4289 2645 4328 ac
2675 4279 2850 4337 extra,
2891 4272 3252 4341 reciprocatio
3286 4278 3453 4326 meat.
3490 4271 3676 4340 Siqui-

2089 4377 2236 4442 dem,
2281 4375 2488 4444 capedo
2519 4373 2696 4428 media
2747 4373 2886 4426 inter
2913 4373 3094 4440 gulam
3137 4382 3192 4426 et
3233 4386 3482 4441 asperam
3532 4379 3679 4424 arte-

392 4296 502 4347 μια
529 4280 625 4332 καὶ
663 4278 1005 4344 ἁντιάδεςή
1053 4279 1330 4346 λέγονται,
1377 4279 1468 4334 διὰ
1519 4280 1581 4333 τὸ
1637 4278 1983 4333 ἀντικεῖσθαι

397 4368 672 4438 ἀλλήλοις.
726 4369 885 4431 Τινὲς
949 4369 1008 4421 δὲ
1063 4371 1158 4422 καὶ
1203 4370 1444 4439 βράγχη
1500 4371 1757 4423 καλοῦσιν
1817 4371 1981 4423 αὑτά’

419 4460 632 4514 ἐκεῖθεν
660 4459 770 4530 γάρ
800 4461 900 4514 καὶ
924 4460 985 4514 τὸ
1034 4461 1302 4531 βραγχιᾷν
1356 4463 1528 4525 πάθος
1576 4463 1812 4530 γίνεται.
1869 4464 1986 4516 Πᾶν

2101 4469 2226 4522 riam
2272 4466 2506 4520 isthmos
2551 4464 2770 4529 dicitur,
2822 4463 2930 4516 ἀπὸ
2970 4462 3065 4516 τοῦ
3093 4463 3338 4526 εἰσιέναι,
3383 4462 3530 4532 quod
3582 4475 3680 4530 per

415 4551 524 4620 γὰρ
555 4551 722 4621 ὑγρὸν
741 4554 805 4603 ὲκ
827 4551 1133 4621 φάρυγγος,
1163 4554 1258 4604 καὶ
1291 4552 1589 4622 λάρυγγος,
1615 4554 1707 4606 καὶ
1730 4554 1862 4622 βραγ
1875 4553 1984 4623 χῶν

2101 4558 2270 4624 ipsum
2304 4552 2554 4608 videlicet
2582 4567 2704 4621 quae
2759 4567 2856 4606 esu
2898 4560 3138 4622 potuque
3164 4559 3478 4614 sumuntur,
3530 4551 3679 4604 intus

397 4641 658 4709 φέρεταιο
687 4642 796 4694 εἰσὶ
841 4641 898 4693 δὲ
953 4642 1021 4693 τὰ
1071 4641 1287 4714 βράγχη
1319 4643 1364 4674 ⁸³
1418 4643 1618 4711 σαρκία
1654 4642 1864 4710 μυώδη.
1915 4642 1976 4693 Ἦ

2107 4643 2457 4713 ngrediantur
2488 4658 2552 4697 ac
2593 4650 2898 4712 penetrem.
2957 4644 3156 4698 Adhaec
3203 4651 3381 4697 autem
3425 4639 3675 4721 tonsillae,

399 4732 550 4785 πᾶσα
596 4733 777 4785 τοίνυν
805 4732 900 4785 τοῦ
943 4735 1210 4802 στόματος
1262 4732 1418 4804 χώρα
1463 4733 1699 4802 φάρυγξ
1751 4734 1969 4801 λέγεται

2101 4750 2198 4804 [ne
2244 4743 2298 4788 et
2357 4733 2698 4803 παρίσθμια,
2742 4734 2836 4786 καὶ
2905 4734 3185 4799 ἀνθιάδες,
3232 4733 3388 4802 quasi
3447 4733 3676 4787 invicem

401 4823 494 4874 καὶ
520 4823 753 4891 λάρυγξ
778 4841 792 4854 ·
830 4825 892 4876 τὸ
923 4826 1021 4894 μὲν
1050 4823 1320 4893 ἐσώτερον
1353 4823 1586 4892 λάρυγξ
1607 4864 1622 4889 ,
1656 4825 1714 4877 τὸ
1747 4824 1805 4876 δὲ
1845 4823 1978 4889 ἐξώε

2101 4827 2438 4883 adversantes
2501 4827 2611 4881 sint
2657 4825 2959 4881 dicuntur:
3017 4827 3326 4880 caruncula!
3373 4824 3517 4879 enim
3575 4825 3682 4879 illa

395 4929 550 4983 τερον
590 4914 849 4982 φάρυγξ.

2101 4933 2144 4970 :x
2189 4917 2416 4972 adverso
2449 4916 2678 4971 invicem
2719 4917 3048 4972 consistunt.
3092 4915 3230 4971 Sunt
3255 4917 3347 4986 qui
3387 4932 3481 4972 eas
3514 4917 3678 4971 bran-

398 5007 549 5063 chias
613 5008 1050 5074 dictitant;inde
1115 5010 1258 5064 enim
1287 5012 1470 5081 passio
1537 5025 1659 5080 qua:
1732 5011 1967 5065 raucedo
2046 5013 2347 5081 appellatur
2399 5013 2664 5082 originem
2709 5013 2894 5067 trahit.
2966 5012 3175 5068 Etenim
3230 5013 3411 5068 onmis
3483 5014 3678 5067 humor

397 5111 463 5150 ex
505 5095 756 5153 faucibus
809 5100 1044 5168 gutturis
1098 5109 1152 5154 et
1197 5116 1263 5154 ex
1342 5110 1560 5170 guunre
1597 5101 1760 5170 ipso,
1817 5118 2026 5156 necnon
2068 5119 2135 5158 ex
2182 5103 2456 5159 branchiis
2515 5104 2707 5159 fertur.
2762 5103 3047 5158 Branchiae
3115 5111 3331 5166 autem,
3407 5119 3678 5159 caruncu-

397 5190 462 5245 lae
492 5193 817 5248 musculosa:
841 5204 969 5248 sunt
1037 5195 1228 5248 Omnis
1261 5196 1443 5264 itaque
1495 5197 1607 5250 oris
1682 5197 1924 5265 capedo,
1971 5198 2207 5266 gutturis
2251 5197 2435 5252 fauces
2486 5209 2538 5252 et
2611 5207 2795 5267 guttur
2851 5208 3216 5266 nuncupatur.
3261 5197 3415 5262 Quod
3457 5197 3676 5268 quidem

398 5285 573 5356 magis
607 5285 755 5340 intus
822 5288 1026 5356 vergit,
1093 5298 1300 5357 guttur,
1333 5291 1476 5358 quod
1519 5306 1647 5344 vero
1679 5291 1915 5346 exterius
1947 5303 2046 5356 est,
2091 5292 2275 5349 fauces
2304 5293 2540 5363 gutturis
2558 5301 2702 5347 recte
2720 5293 2943 5362 quilibet
2974 5293 3153 5347 dicere
3182 5301 3364 5362 queat.

470 5597 516 5627 ’θ
532 5597 611 5670 εδ
642 5598 949 5670 άπολαύειν.
988 5600 1047 5651 Β.
1126 5601 1165 5631 ⁵⁸
1214 5599 1375 5666 μόνον
1407 5601 1465 5653 Β.
1544 5602 1587 5632 ⁵¹
1631 5602 1812 5654 πλεῖον
1848 5603 1934 5670 Βη
1987 5605 2031 5632 ⁸³
2065 5603 2362 5670 συνέθηκεν
2397 5605 2456 5667 Β,
2490 5604 2631 5657 ὲνέθ.
2665 5604 2720 5655 Ρ.
2814 5604 2857 5634 ³⁸
2885 5601 3158 5670 ἀναπνοὴν
3189 5604 3253 5653 Α.
3349 5602 3393 5634 ⁵³
3427 5598 3669 5670 παχύνη-

394 5683 504 5742 ται.
532 5666 591 5720 Β.
667 5668 713 5742 ξ⁵⁶
816 5684 924 5742 ιρι).
966 5671 1054 5742 Α..
1119 5670 1162 5698 ⁵⁷
1197 5647 1525 5740 παρίσθιμια
1566 5672 1626 5722 Λ.
1707 5671 1750 5701 ⁵⁸
1783 5673 1896 5721 ἐστι
1925 5669 1981 5721 Β.
2060 5675 2102 5703 '9
2136 5647 2324 5727 τοῦΙΛ.
2404 5647 2540 5724 Μ’τᾶι
2581 5673 2716 5724 ποτὰ
2744 5689 2795 5724 κ.
2827 5690 2872 5725 τ.
2915 5647 3195 5742 βρώμηιΒ.
3277 5673 3319 5704 ⁸⁸
3365 5672 3421 5726 al
3455 5647 3574 5725 ἀντι.

398 5736 444 5766 ⁸³
478 5735 713 5806 βραγχία
746 5737 789 5790 Α
825 5739 888 5790 Ρ.
923 5749 976 5793 (ξι
1014 5740 1092 5796 sic
1115 5735 1296 5808 supra.
