4040 6150
430 279 566 337 “09

936 399 1067 469 Cap.
1101 398 1192 454 XI.
1228 399 1302 456 De
1335 417 1478 457 voce.

496 512 861 567 instrumenta
928 522 1109 568 autem
1162 530 1285 584 qua:
1330 519 1450 570 voci
1484 516 1825 580 inserviunt,
1886 521 2001 574 haec

431 605 715 658 habentur.
764 605 1052 672 Gurgulio,
1093 614 1302 675 guttur,
1353 622 1545 676 aspera
1595 611 1831 672 arteria;
1884 612 2002 680 pul-

426 710 536 759 mo,
599 703 806 763 pectus,
845 705 899 749 et
932 696 1080 750 nervi
1119 696 1211 760 qui
1290 697 1571 766 reciproco
1618 709 1767 752 motu
1814 699 2000 753 ferun-

425 793 533 837 tur.
604 781 736 849 Quae
814 793 995 837 autem
1051 784 1116 838 ad
1198 786 1487 841 verborum
1555 803 1621 843 ac
1680 788 1999 842 idiomatum

427 889 586 928 usum
681 876 1214 930 accommodantur:
1257 878 1477 945 lingua,
1556 878 1769 944 dentes,
1836 879 1999 943 labia,

428 983 615 1029 nasus,
691 968 956 1036 palatum,
1011 982 1075 1023 ae
1099 969 1351 1038 gurgulio
1412 979 1575 1036 sunt;
1625 971 1734 1040 83
1802 987 2004 1042 gurgu-

427 1058 502 1112 lio
554 1060 699 1113 enim
733 1058 822 1115 hic
863 1060 1029 1113 etiam
1084 1061 1528 1117 accommodatus
1561 1071 1664 1117 est.
1709 1061 1826 1117 lloc
1854 1063 2001 1116 enim

424 1159 604 1215 pacto,
656 1162 759 1201 vox
803 1147 917 1219 ipsa
949 1147 1172 1203 formari
1216 1158 1407 1218 suapte
1453 1160 1645 1205 natura
1689 1152 1881 1207 idonea
1921 1152 1999 1207 tit.

426 1236 787 1306 Posteaquam
844 1239 1070 1307 spiritus
1126 1254 1157 1293 a
1212 1240 1356 1295 vasis
1408 1255 1439 1293 a
1503 1240 1703 1310 quibus
1756 1242 1873 1311 ipse
1913 1257 2001 1297 re-

428 1328 627 1398 cipitur
661 1329 929 1398 expulsus
957 1328 1141 1394 fuerit,
1181 1338 1311 1385 tunc
1340 1344 1467 1385 cum
1493 1346 1690 1385 sonum
1716 1330 1866 1385 vocis
1887 1329 2004 1385 edi-

431 1421 539 1474 turi
588 1420 708 1485 vis,
756 1421 823 1476 ad
883 1422 1262 1490 eartilagineas
1314 1421 1543 1477 interius
1606 1423 1710 1477 sibi
1758 1423 2002 1492 objectas

430 1518 636 1578 partes,
664 1524 787 1579 qua:
820 1508 1160 1564 circulariter
1203 1508 1446 1565 tibialem
1469 1521 1708 1566 meatum
1734 1513 2000 1580 ambiunt,

431 1600 738 1655 membrum
764 1614 1147 1668 repercussum
1171 1601 1322 1656 vocis
1347 1601 1657 1656 emittenda!
1680 1601 1855 1673 gratia
1877 1618 2003 1658 con-

430 1689 687 1757 tenderit,
734 1690 865 1744 dum
929 1690 1106 1759 ipsum
1137 1691 1211 1745 ita
1243 1705 1339 1760 per
1396 1693 1744 1762 cartilaginea
1778 1692 1866 1748 illa
1906 1710 1999 1748 ca-

429 1781 648 1834 cumina
691 1779 1033 1835 circumferri
1072 1781 1371 1851 contingit,
1416 1782 1608 1838 similis
1644 1784 1891 1852 quaedam
1936 1784 2003 1838 ti-

430 1871 534 1925 biae
570 1871 819 1927 sonantis
844 1886 947 1927 vox
991 1872 1360 1928 constituitur.
1403 1871 1651 1929 Palatum
1683 1884 1886 1939 autem,
1915 1890 2004 1928 so-

432 1976 563 2015 num
588 1960 806 2017 interne
835 1963 1267 2032 provenientem,
1297 1964 1525 2034 geminis
1572 1965 1715 2022 tibiis
1745 1966 1798 2020 in
1834 1982 2005 2022 vacuo

432 2052 553 2122 ipso
573 2052 641 2107 ad
677 2068 840 2108 nares
861 2054 1232 2119 tendentibus,
1254 2054 1473 2125 accipit,
1504 2072 1804 2127 vocemque
1829 2058 2001 2128 ipsam

433 2141 852 2211 cartilaginibus
926 2143 982 2198 in
1038 2144 1222 2214 anguli
1286 2146 1555 2216 angustiis
1596 2147 2003 2213 exsistentibus,

435 2248 557 2301 quae
600 2248 1013 2304 squammarum
1052 2233 1287 2306 efﬁgiem
1310 2235 1576 2304 referunt,
1617 2238 2006 2306 praescindens,

436 2327 556 2383 soni
596 2324 1017 2380 vehementioris
1081 2338 1247 2379 causa
1290 2326 1523 2381 exsistit.
1570 2326 1639 2381 At
1674 2342 1842 2398 gena,
1900 2326 2008 2381 lin-

438 2431 653 2487 guaque
693 2423 747 2470 et
789 2425 972 2486 partes
1012 2429 1074 2469 ex
1121 2414 1335 2483 quibus
1378 2415 1563 2474 fauces
1600 2420 1837 2488 gutturis
1885 2433 2011 2474 cono

441 2510 790 2573 stitmmtur,
846 2509 949 2563 sub
1000 2508 1199 2578 quibus
1254 2516 1495 2564 mentum
1542 2517 1663 2577 est,
1706 2525 1830 2565 cum
1879 2527 2010 2567 cava

444 2598 599 2663 tiunt,
651 2613 753 2651 vox
795 2597 1077 2653 remissior
1119 2597 1537 2669 incfinatiorquc
1585 2600 1680 2654 fit:
1735 2603 2013 2672 prteipsa-

442 2703 564 2741 rum
610 2701 737 2743 vero
768 2688 1142 2761 extensione,
1189 2688 1419 2745 acutiori
1465 2700 1612 2745 motu
1639 2729 1655 2754 ,
1697 2700 1755 2746 ut
1802 2693 1854 2747 in
1896 2694 2014 2748 lidi-

443 2779 547 2834 bus
579 2778 761 2834 cordte
792 2779 897 2835 sub
931 2779 1134 2850 plectro
1181 2779 1385 2846 solent,
1434 2781 1763 2849 intenditur;
1808 2793 1863 2839 et
1914 2785 2016 2841 hoc

443 2884 625 2925 causae
677 2877 799 2937 est,
856 2880 916 2925 ut
956 2885 1063 2925 vox
1104 2870 1252 2925 varia
1299 2870 1734 2943 multimodaque
1785 2873 2012 2942 feratur,

447 2968 614 3029 utque
657 2974 899 3030 congrue
927 2961 1124 3017 musici
1155 2962 1269 3017 toni
1303 2962 1371 3017 ad
1400 2978 1536 3018 usus
1566 2965 1906 3022 necessarios
1934 2968 2019 3021 di-

1707 283 1991 341 MELETII
2031 286 2266 344 ΜΟΝΑο
2276 282 2345 340 ω

3540 258 3690 318 ιεοο

2402 405 2545 469 Κεφ.
2581 396 2683 452 lA’.
2712 426 2781 435 —
2813 394 2951 462 Περὶ
2994 389 3104 461 τῆς
3135 385 3365 460 φωνῆς.

2172 516 2460 588 Φωνητικὰ
2507 513 2567 568 δὲ
2598 512 2828 582 κόργανα
2865 503 3044 560 ταῦτα
3072 520 3088 536 ο
3122 505 3151 556 ό
3208 495 3554 588 ταργπρεὼγ
3575 532 3593 555 ,
3634 490 3689 588 ῌό

2102 582 2355 680 λάρυγξ,
2378 610 2413 677 ἡ
2440 604 2681 674 τραχεῖα
2708 599 2980 668 ἀρτηρία,
3007 599 3035 649 ὁ
3082 594 3389 660 πνεύμων,
3410 582 3684 680 dutiful-5,

2104 671 2200 753 καί
2238 671 2516 751 τῖπᾶλὶν
2540 671 2869 763 Δδρομι>ὖν¹¹εα
2917 684 3109 755 νεῦρα.
3139 676 3470 733 Διαλεκτικά
3491 673 3537 705 ⁸³
3597 671 3685 763 δὲ,

2104 791 2357 861 γλῶττα,
2392 762 2657 849 ὀδόντες,
2694 780 2894 850 χείλη,
2925 776 3048 869 ῥίς,
3068 772 3503 869 pupum-arcae;
3527 762 3689 869 xii-6

2103 856 2473 952 γαργαρεὼν·
2501 875 2598 929 καὶ
2635 870 2875 925 ἐνταῦθα
2922 868 3030 937 γὰρ
3064 862 3441 952 ξυμϐάλλεται
3462 857 3535 952 ⁸ξῖ
3569 856 3686 952 ρῦῗ

2101 944 2301 1034 ’τω-ς’δὲ-
2321 970 2355 1038 ὴ
2385 965 2538 1035 φωνὴ
2562 960 2810 1032 γίνεσθαι
2851 958 3087 1027 πέφυκε.
3124 954 3199 1006 Τὸ
3257 947 3537 1018 πνεῦμα⁸⁵
3571 944 3688 1038 ἀπο

2101 1063 2211 1116 τῶν
2232 1037 2686 1127 πνευματοδόχων
2732 1049 2972 1120 ἀγγείων
3007 1044 3223 1103 ἀνωθού
3233 1058 3421 1114 μενον,
3451 1041 3587 1092 ὅταν
3644 1037 3684 1105 ὴ

2103 1153 2249 1224 ὁρμὴ
2265 1150 2361 1203 τοῦ
2384 1144 2759 1218 φθεγγομένου
2784 1142 2922 1212 πρὸς
2940 1137 3126 1208 φωνὴν
3146 1134 3357 1202 τονώσῃ
3380 1132 3441 1184 τὸ
3473 1128 3666 1224 μέλος,

2103 1219 2468 1307 ταῖςτενδοθεν
2495 1234 2976 1309 προσκρουόμενον
2996 1226 3354 1301 προσϐολαῖς,
3388 1224 3445 1276 αῖ
3481 1219 3687 1275 κυκλο-

2102 1336 2278 1407 τερῶς
2304 1335 2399 1388 τὸν
2430 1331 2687 1401 αὐλοειδῆ
2720 1326 3032 1397 διειλήφασι
3055 1321 3247 1391 πόρον,
3278 1313 3687 1407 μιμεῖται-πως

2102 1404 2204 1497 τήν
2232 1426 2301 1479 δι’
2326 1423 2494 1478 αὐλοῦ
2520 1420 2818 1491 γινομένην
2853 1415 3043 1485 φωνήν
3065 1427 3080 1443 ⁸
3124 1411 3250 1473 ταῖς
3264 1410 3310 1441 ⁸⁵
3346 1404 3688 1497 ύμενωδεσᾳιν

2103 1492 2316 1583 ἐξοχαῖς
2366 1511 2557 1580 κύκλῳ
2613 1504 3088 1578 περιδονούμενον.
3157 1496 3426 1567 ’Υπρῴα
3476 1494 3535 1547 δὲ
3588 1492 3688 1583 τόν

2103 1581 2351 1657 κάτωθεν
2380 1600 2618 1669 φθόγγον
2653 1597 2939 1665 ἐκδέχεται
2960 1610 2977 1625 ·
3003 1590 3080 1662 τῷ
3105 1588 3229 1644 κατ’
3282 1587 3456 1655 αὐτὴν
3511 1581 3688 1636 κενώ-

2108 1711 2240 1765 ματι
2276 1692 2526 1761 διδύμοις
2575 1688 2758 1750 αὐλοῖς
2801 1688 2915 1748 τοῖς
2966 1684 3059 1736 ἐπὶ
3101 1682 3232 1742 τοὺς
3275 1676 3562 1747 μυκτῆρας
3603 1672 3689 1765 6t:-

2104 1762 2302 1855 'ljxouot
2332 1798 2347 1813 '
2381 1782 2476 1836 καὶ
2499 1775 2611 1834 οἷον
2642 1778 2881 1832 λεπίδων
2910 1776 3054 1829 τισίν
3079 1770 3381 1841 ἐξοχαῖςοτ,
3410 1768 3528 1827 τοῖς
3558 1762 3689 1815 te“
3762 1802 3773 1817 .

2106 1876 2240 1946 περὶ
2272 1874 2365 1928 τὸν
2400 1873 2592 1943 ίσθμδν
2638 1870 2882 1942 χόνδροις
2915 1867 3015 1937 τὴν
3043 1863 3229 1933 φωνὴν
3262 1857 3688 1931 περισχίζουσα,

2103 1965 2485 2037 γεγωνοτέραν
2519 1962 2691 2033 αὐτὴν
2745 1957 3147 2029 ἀπεργάζεται.
3214 1950 3430 2023 Παρειά
3480 1949 3539 2002 δὲ

2105 2034 2352 2127 γλῶσσα,
2388 2034 2483 2110 καὶ
2527 2054 2563 2125 ἡ
2603 2051 2736 2123 περὶ
2776 2050 2871 2104 τὸν
2905 2047 3165 2117 φάρυγγα
3222 2038 3508 2110 διασκευὴ,
3561 2034 3691 2090 καθ’

2106 2149 2174 2221 ἢν
2210 2148 2240 2202 ό
2275 2145 2551 2217 ἀνθερεὼν
2593 2141 2843 2213 ὑποχαλᾷ
2892 2136 3325 2205 κοιλαινόμενος,
3374 2132 3469 2184 καὶ
3492 2127 3695 2221 Ϋὸξυτοο

2108 2220 2217 2297 νῶν
2242 2241 2285 2272 ⁸⁸
2315 2237 2675 2300 ἐπιτείνεται,
2731 2234 2834 2304 τὴν
2879 2231 2939 2283 ὲν
2983 2230 3106 2291 ταῖς
3145 2226 3369 2296 νευραῖς
3415 2220 3512 2275 τοῦ
3551 2220 3694 2289 πλή-

2110 2349 2278 2404 κτρου
2314 2330 2531 2399 κίνησιν
2554 2324 2916 2398 ὑποκρίνεται
2939 2337 2954 2353 ·
2984 2318 3253 2380 ποικίλως
3294 2315 3390 2369 καὶ
3414 2308 3691 2404 πολυτρό-

2109 2400 2230 2488 πως
2292 2422 2391 2475 σὺν
2436 2417 2620 2488 πολλῷ
2672 2417 2832 2487 τάχει
2879 2408 3249 2485 μεθαρμόζων
3294 2406 3364 2459 τὰ
3399 2403 3540 2473 πρὸς
3590 2400 3695 2472 τὴν

2111 2515 2324 2587 χρείαν,
2356 2513 2495 2585 πρὸς
2515 2511 2642 2573 τοὺς
2671 2508 2867 2570 πόνους
2895 2503 3004 2558 τῶν
3033 2497 3331 2574 μουσικῶν.
3356 2493 3602 2587 Χειλιίων
3620 2491 3694 2587 -δὲ

2111 2583 2365 2675 διαστολὴ
2405 2583 2499 2658 καὶ
2532 2600 2794 2671 ὲπίμυσις
2826 2597 3028 2651 ταυτὸν
3058 2593 3204 2646 ποιεῖ
3253 2590 3368 2652 τοῖς
3428 2584 3521 2639 διὰ
3571 2583 3696 2675 τῶν

2113 2674 2391 2750 δακτύλων
2426 2690 2866 2762 ἐπιλαμϐάνουσι
2886 2685 2982 2740 τοῦ
3011 2682 3181 2739 αὐλοῦ
3202 2680 3263 2734 τὺ
3297 2678 3520 2747 πνεῦμα
3547 2674 3698 2729 κατὰ

2114 2788 2282 2858 τὴνπ
2337 2783 2607 2856 ἁρμονίαν
2663 2780 2760 2834 τοῦ
2832 2779 3068 2850 μέλουςο
3126 2773 3435 2843 σύμμικτος
3484 2767 3595 2838 γὰρ
3655 2768 3695 2836 ἡ

2121 2877 2356 2951 μουσικὴ
2412 2876 2545 2946 περὶ
2591 2874 2655 2927 τὸ
2709 2870 3057 2941 ἀνθρώπινον
3088 2866 3322 2938 ὄργανον
3373 2862 3542 2917 αὐλοῦ
3599 2858 3706 2913 καὶ

2118 2970 2307 3042 λύρας,
2339 2968 2532 3036 ὥσπερ
2563 2967 2621 3018 ὲν
2662 2962 2959 3034 συνῳδίᾳτί
2990 2958 3102 3013 τινὶ
3130 2957 3276 3012 κατά
3296 2954 3503 3009 ταυτὸν
3525 2951 3697 3021 ἀλλή-

360 3121 371 3131 '
450 3050 718 3119 rigantur.
756 3051 840 3105 Ad
889 3052 1004 3105 haec
1054 3059 1242 3107 autem
1287 3053 1555 3109 labiorum
1595 3056 1936 3124 dilatatione,
1966 3068 2015 3113 et

2123 3063 2239 3125 λοις
2270 3056 2799 3129 συμφθεγγομένων.
2843 3051 2953 3105 Καὶ
2974 3049 3148 3111 οὓτως
3191 3048 3290 3118 μὲν
3310 3049 3345 3115 ἡ
3374 3043 3530 3135 φωνὴ
3549 3043 3706 3111 γίνεο

447 3142 859 3211 compressione
906 3140 1085 3197 simile
1135 3144 1429 3212 quoddam,
1468 3153 1526 3200 ut
1569 3146 1752 3216 digitis
1791 3149 1845 3201 in
1891 3150 2019 3204 tibia

450 3232 831 3304 pertractanda
866 3234 1170 3303 peragitur.
1192 3233 1351 3299 Nam,
1382 3250 1486 3305 pro
1517 3238 1903 3294 modulaminis
1929 3255 2020 3293 ra-

451 3325 636 3389 tione,
683 3322 936 3392 spiritum
974 3324 1344 3393 comprith
1388 3340 1453 3380 uc
1482 3327 1765 3381 remittunt
1815 3329 2021 3399 (siqui-

451 3415 574 3469 dem
627 3414 775 3469 tibiae
806 3413 1045 3484 lyraeque
1099 3415 1335 3480 musica,
1372 3431 1496 3471 cum
1540 3417 1779 3474 hominis
1813 3420 2021 3474 instru-

454 3511 636 3558 mento
663 3518 955 3558 commune
985 3504 1169 3559 nescio
1197 3504 1327 3574 quid
1360 3506 1669 3575 possidens,
1705 3508 1862 3579 quasi
1893 3523 2023 3564 con-

453 3604 615 3649 centu
650 3594 890 3664 quodam
938 3594 1174 3650 invicem
1216 3596 1566 3667 consonant),
1591 3606 1645 3651 et
1675 3598 1747 3652 ita
1780 3598 2024 3667 quidem,

452 3684 914 3752 quemadmodum
966 3686 1330 3750 ostendimus,
1382 3688 1538 3743 vocis
1581 3689 1900 3744 constitutio
1942 3690 2021 3744 lit.

454 3774 592 3829 Cum
632 3778 778 3832 enim
827 3791 858 3830 a
896 3776 1152 3846 pulmone
1195 3778 1427 3846 spiritus
1458 3780 1684 3835 materia
1734 3796 1829 3849 per
1866 3796 2027 3850 aspe-

458 3882 575 3920 ram
624 3867 880 3922 arteriam
928 3867 1124 3933 fertur,
1168 3884 1290 3939 quae
1333 3869 1424 3924 tali
1465 3870 1769 3926 ministerio
1799 3872 2024 3936 sufficit,

2125 3169 2218 3207 ται
2246 3151 2372 3205 καθ’
2422 3150 2481 3203 ὃν
2527 3149 2748 3217 εἴρηται
2789 3142 3027 3213 τρόπον·
3091 3138 3185 3192 τοῦ
3242 3137 3341 3205 μὲν
3392 3134 3706 3203 πνεύμονος

2127 3239 2512 3312 ἔκφυσσῶντός
2541 3255 2624 3303 τε,
2655 3236 2751 3289 καὶ
2785 3235 2885 3304 τὴν
2931 3231 3066 3300 ὓλην
3095 3228 3431 3300 παρέχοντος
3453 3241 3468 3256 ο
3500 3226 3598 3293 τῆς
3641 3222 3707 3275 δὲ

2125 3334 2389 3405 τραχείας
2443 3328 2713 3399 ἀρτηρίας
2764 3323 2955 3392 ὥσπερ
3016 3318 3162 3412 τινος
3230 3313 3409 3412 αὐλοῦ.
3464 3315 3705 3412 διαπορ-

2128 3404 2440 3493 θμευούσης
2466 3418 2558 3471 τὸν
2608 3415 2770 3485 ἀέρα,
2827 3412 2925 3466 καὶ
2974 3405 3357 3477 πληττομένης
3386 3405 3479 3458 ὑπ’
3508 3404 3706 3468 αὑτοῦ,

2128 3514 2225 3568 καὶ
2244 3511 2449 3566 τοῖόνδε
2476 3506 2611 3580 ἦχον
2627 3503 3024 3571 ἀποτελούσης.
3047 3500 3216 3555 οὐδὲν
3247 3499 3360 3569 γάρ
3389 3498 3512 3549 ἔστι
3540 3496 3701 3564 φωνὴ

2121 3604 2157 3673 ἢ
2180 3602 2375 3673 πλῆξις
2402 3600 2588 3671 ἀέρος,
2617 3599 2650 3670 ἢ
2700 3596 2810 3667 ἀὴρ
2845 3590 3238 3663 πεπληγμένος
3280 3587 3598 3671 φωτίζουσα
3624 3584 3709 3655 τῷ

2120 3692 2265 3764 λόγῳ
2294 3692 2396 3755 τὰς
2423 3690 2518 3745 τοῦ
2552 3690 2671 3751 νοὸς
2696 3684 2961 3747 διανοίας.
2992 3682 3057 3736 Τί
3079 3682 3136 3735 δὲ
3166 3683 3264 3736 καὶ
3292 3680 3364 3735 τὰ
3378 3679 3560 3750 χείλη,
3597 3678 3701 3730 καὶ

2119 3786 2153 3854 ή
2178 3786 2285 3855 ῥὶς,
2316 3783 2416 3837 καὶ
2445 3784 2474 3836 ό
2509 3777 2843 3851 ἀνθερεὼνη
2868 3774 3007 3845 πρὸς
3051 3773 3260 3844 ταύτην
3292 3770 3657 3844 συνεργοῦσιν
3681 3806 3704 3835 ,

2124 3873 2342 3946 εἴρηται
2375 3872 2559 3945 μικρῷ
2582 3870 2846 3942 πρόσθεν.

455 3959 589 4013 dum
654 3974 753 4029 per
830 3960 979 4014 illam
1040 3978 1165 4028 aer,
1217 3964 1379 4032 quasi
1431 3979 1527 4033 per
1573 3965 1855 4035 siphonem
1916 3967 2207 4038 trajicitur,
2269 3970 2410 4025 idem
2456 3968 2511 4023 in
2547 3968 2662 4037 ipsa
2708 3976 2969 4025 extensus
3024 3964 3258 4023 similem
3336 3972 3534 4015 sonum
3586 3970 3711 4026 per-

457 4051 588 4122 agit.
622 4050 767 4108 Nihil
811 4054 955 4108 enim
1005 4054 1148 4110 aliud
1198 4070 1303 4109 vox
1335 4070 1501 4125 quam
1551 4056 1696 4112 aeris
1759 4060 2060 4129 percussio,
2098 4061 2215 4116 sive
2273 4074 2568 4131 percussus
2620 4074 2715 4113 aer
2767 4059 3017 4123 habetur,
3095 4069 3219 4126 qua;
3258 4049 3457 4107 mentis
3501 4048 3713 4118 cogita-

456 4150 633 4205 tiones
659 4150 906 4205 oratione
936 4149 1191 4206 illustrat.
1224 4149 1493 4217 Quidnam
1544 4152 1705 4218 labia,
1738 4168 2026 4224 naresque,
2066 4171 2135 4212 ac
2159 4164 2344 4227 guttur
2374 4156 2504 4225 sint,
2546 4154 2870 4226 jamdudum
2913 4154 3048 4210 satis
3109 4148 3497 4206 disseruimus.

520 4244 787 4318 Gurgulio
803 4261 952 4312 vero,
966 4261 1127 4317 quem
1145 4247 1449 4317 staphylen,
1468 4247 1574 4303 bcc
1595 4255 1677 4302 est
1688 4262 1844 4303 uvam
1863 4250 2028 4319 pleri-

2215 4251 2276 4308 Ὁ
2299 4251 2358 4305 δὲ
2372 4249 2731 4321 γαργαρεὼν,
2759 4248 2819 4302 ὃν
2842 4248 2937 4301 καὶ
2961 4242 3291 4316 σταφυλὴν
3317 4236 3713 4303 καλέουσιν,οὕ

456 4352 564 4407 que
589 4351 928 4409 nuncupant,
950 4353 1059 4393 non
1087 4338 1251 4394 modo
1274 4348 1426 4393 extra
1454 4339 1717 4395 emissum
1752 4342 2005 4411 spiritum

2142 4345 2302 4416 μόνον
2321 4344 2477 4415 δίκην
2498 4342 2779 4414 πλήκτρου
2808 4343 2872 4395 τὸ
2895 4341 3095 4396 ὲκπνεό
3103 4354 3264 4409 μενον
3288 4333 3512 4403 πνεῦμα
3543 4346 3715 4401 προσσ-

456 4430 586 4484 dum
625 4445 749 4485 eum
801 4445 901 4485 ceu
932 4429 1137 4499 plectro
1189 4436 1523 4494 contrectat,
1569 4431 1625 4485 in
1670 4431 1813 4487 hanc
1851 4432 2028 4487 illam-

455 4531 524 4573 ve
567 4518 713 4573 modi
742 4517 976 4574 formam
999 4517 1277 4589 efﬁgiandi
1303 4516 1617 4575 facultatem
1660 4521 1888 4588 obtinet,
1920 4521 2035 4594 84

460 4624 648 4665 verum
687 4609 854 4664 etiam
891 4610 947 4664 in
996 4625 1189 4680 aspera
1217 4610 1438 4673 arteria,
1469 4624 1537 4665 ac
1586 4618 1759 4666 totum
1796 4614 2033 4682 gutturis

460 4699 699 4769 spatium
734 4701 1065 4767 continetur,
1090 4701 1159 4756 ad
1180 4701 1324 4757 aeris
1348 4700 1671 4756 immodicas
1701 4705 2034 4760 mutationes

462 4790 569 4845 alia
594 4806 702 4846 non
732 4790 943 4862 vulgari
968 4792 1143 4847 utitur
1165 4791 1327 4847 cilicii
1372 4791 1672 4847 functione.
1716 4792 1853 4848 Cum
1886 4794 2033 4850 enim

459 4897 572 4947 aer,
608 4883 904 4939 immodico
944 4883 1127 4939 calore
1156 4885 1240 4940 vel
1283 4884 1484 4959 frigore
1522 4888 1809 4956 premitur,
1837 4902 2037 4959 gurgu-

462 4974 539 5031 lio
579 4988 701 5031 sese
750 4975 828 5030 illi
874 4990 1041 5045 quam
1094 4977 1330 5046 primum
1372 4978 1583 5048 objicit,
1622 4988 1785 5048 atque
1819 4978 2034 5034 obviam

464 5068 654 5133 fertur,
693 5083 1090 5140 excessumque
1134 5070 1287 5124 illum
1320 5070 1375 5124 in
1408 5070 1721 5141 temperiem
1770 5069 1903 5139 agit,
1973 5083 2039 5124 ac

463 5157 538 5211 ita
595 5157 849 5228 spiritum
893 5157 949 5212 in
979 5159 1234 5213 arteriam
1282 5159 1471 5227 adigit,
1541 5174 1705 5235 quem,
1731 5158 1939 5228 pulmo,
1973 5173 2040 5213 ac

466 5263 560 5301 cor
597 5248 768 5318 ipsius
804 5248 1109 5304 ministerio
1148 5248 1216 5303 ad
1261 5263 1393 5303 usus
1438 5249 1688 5317 proprios
1737 5248 2037 5305 vindicant.

469 5337 586 5394 Non
630 5339 777 5394 enim
817 5340 992 5395 solum
1045 5338 1295 5410 gurgulio
1326 5377 1340 5402 ,
1372 5338 1552 5407 frigidi
1601 5337 1869 5407 calidique
1895 5337 2041 5391 aeris

557 5499 603 5531 ⁸³
646 5495 956 5549 διελεκτικά
1008 5495 1071 5547 A.
1183 5491 1580 5562 ⁶δξνμ6ἀλεται
1619 5491 1677 5548 Β,

2135 4432 2350 4503 κρούων
2365 4432 2413 4465 ⁷³
2431 4432 2565 4485 αὐτὸ
2585 4430 2945 4485 διατυποῖπαι
2960 4427 3207 4487 τοιῶσδε,
3223 4424 3362 4478 ἀλλά
3393 4423 3492 4475 καὶ
3516 4421 3715 4489 ἑτέραν

2132 4523 2328 4595 χρείαν
2362 4524 2422 4576 οὐ
2454 4524 2662 4593 μικρὰν
2700 4525 2767 4593 τῇ
2807 4539 2869 4575 τε
2899 4520 3132 4594 τραχείᾳ
3183 4514 3427 4588 ἀρτηρίᾳ
3476 4512 3576 4573 καὶ
3609 4510 3715 4575 δλφ

2137 4613 2763 4684 ποιεῖταιτῷλάρυγγι.
2797 4611 2939 4683 Πρὸς
2982 4611 3093 4681 γὰρ
3139 4608 3240 4672 τάς
3284 4604 3567 4676 ἀμέτρους
3618 4600 3715 4655 τοῦ

2133 4706 2296 4776 ἀέρος
2355 4704 2684 4775 μεταϐολὰς,
2740 4702 3088 4773 θερμότητας
3106 4700 3154 4732 ⁷⁵
3184 4697 3351 4767 τυχὸν
3400 4695 3438 4765 ἢ
3495 4692 3715 4762 ψύξεις.

2131 4797 2529 4867 ἀνθιστάμενος
2558 4795 2778 4864 πρῶτος
2800 4794 2847 4827 ⁷⁵
2898 4793 2996 4847 καὶ
3033 4788 3315 4851 ἀπαντῶν,
3363 4786 3447 4849 είς
3495 4799 3719 4853 συμμει-

2127 4890 2286 4959 τρίαν
2323 4889 2447 4956 ἄγει
2485 4888 2548 4940 τὸ
2580 4888 2846 4956 ἄμετρον,
2883 4883 2982 4937 καὶ
3027 4881 3201 4944 οὓτως
3242 4878 3619 4947 παραπέμπει
3647 4876 3716 4943 τῇ

2128 4978 2366 5049 ἀρτηρίᾳ
2392 4978 2493 5047 τὴν
2522 4977 2817 5045 εἱστωοήνο
2860 4974 2956 5028 καὶ
2982 4973 3051 5026 δι’
3083 4973 3257 5041 αὐτῆς
3304 4968 3386 5039 τῷ
3437 4965 3711 5036 πνεύμονι

2142 5071 2237 5123 καὶ
2260 5071 2326 5138 τῇ
2364 5068 2586 5139 καρδίᾳ.
2626 5066 2701 5119 Οὐ
2740 5066 2901 5137 μόνον
2932 5064 2990 5117 δὲ
3046 5063 3146 5126 τὰς
3191 5060 3293 5131 τῆς
3351 5057 3572 5129 ψύξεως
3623 5054 3722 5109 καὶ

2149 5158 2490 5229 θερμότητος
2529 5157 2792 5228 εὐκρατεῖ
2812 5157 2859 5188 ⁷⁸
2905 5157 2934 5209 ό
2973 5151 3303 5225 γαργαρεὼν
3350 5146 3717 5218 δυσκρασίας,

2145 5249 2283 5304 ἀλλά
2334 5249 2429 5302 καὶ
2465 5247 2779 5318 παχύτητος
2801 5245 2897 5299 τοῦ
2926 5245 3111 5315 ἀέρος,
3138 5246 3201 5297 ὲκ
3228 5239 3439 5297 καπνοῦ
3481 5238 3517 5308 ἢ
3576 5254 3723 5290 κονι-

2146 5336 2306 5408 ορτοῦ
2353 5335 2687 5400 ὲπελθούσας
2708 5338 2752 5369 ⁷⁷
2782 5336 2955 5408 αὐτῷ,
3003 5334 3261 5387 λεπτύνει
3310 5331 3407 5385 καὶ
3461 5329 3718 5399 καθαίρει

1779 5489 1824 5521 ⁸⁸
1872 5487 2093 5543 ἐπειδὰν
2153 5490 2259 5559 γὰρ
2321 5491 2381 5542 τὸ
2434 5510 2522 5545 rw.
2559 5491 2620 5553 Β,
2669 5487 3026 5557 γαργαρεὼν·
3078 5485 3304 5559 Δγίνεται
3346 5482 3414 5559 δὲ
3471 5480 3716 5559 ήῃφωνὴ

472 5566 661 5629 οὕτως·
691 5566 996 5636 ὲπειδάντὸ
1019 5564 1235 5636 πνεῦμα
1406 5563 1451 5593 ⁸⁸
1481 5561 1698 5636 ταῖς-»δὲ
1871 5562 1929 5636 ,⁸⁷
1957 5576 2015 5636 qu

2118 5549 2239 5636 aeq:
2258 5576 2428 5628 usque
2456 5549 2895 5636 zu‘leioyﬁtiévtNI-l-
3073 5549 3121 5586 ⁸⁸
3147 5572 3206 5636 τξ
3234 5569 3354 5636 ⁰¹¹ξ;
3379 5553 3437 5605 θ’
3493 5549 3559 5581 *⁸³
3590 5549 3715 5636 όςιὲῗ

473 5622 639 5686 τόνον.
664 5639 727 5686 Δ.
805 5635 849 5664 ⁷⁰
881 5635 979 5701 τὴν
1013 5650 1120 5685 oui.
1152 5622 1213 5684 Ᾱ.
1294 5634 1336 5663 ⁷⁸
1368 5632 1584 5698 συνοδίᾳ
1612 5631 1667 5680 l5.
1719 5632 1764 5661 ⁷³
1797 5631 1920 5683 ἀνθε
1934 5622 2069 5697 ρεὼν
2113 5622 2287 5680 ὃνκαὶ
2317 5622 2601 5697 σταφυλὴν
2623 5622 2898 5701 καλοῦσιν,
2932 5625 3229 5701 egoquid".
3253 5692 3263 5701 .
3305 5622 3719 5701 ⁷³προσκροῦον

477 5702 518 5749 Β
544 5704 604 5753 Ρ.
681 5704 725 5733 7"
762 5698 1091 5769 θερμότητος
1120 5704 1158 5753 Β
1189 5704 1251 5753 Ρ.
1296 5710 1348 5755 οι
1376 5716 1494 5754 mox
1524 5698 1732 5769 ψύξεως
1760 5702 1821 5753 Ρ.
1903 5701 1946 5731 ⁷⁵
1988 5698 2214 5770 πρώτως
2246 5700 2304 5751 B.

2382 5692 2709 5769 ἰθεύκρατοῖ
2743 5698 2787 5749 Λ
2816 5699 2873 5750 Ρ.
2956 5698 2993 5729 ⁷⁷
3031 5692 3374 5755 ἀπελθούσας
3402 5693 3467 5745 Δ.
