4006 6158
364 220 504 276 1205

1668 216 1946 289 neLETu
1965 287 1968 290 δ
1989 212 2298 269 MONACHI

3465 197 3616 252 120}

365 346 479 386 rem
518 329 758 386 viviﬁcat
802 340 966 402 atque
1029 332 1315 386 instaurat.
1359 330 1426 386 Et
1475 347 1602 390 cum
1645 333 1762 402 ipsa
1803 347 1936 387 sana

2061 331 2119 390 :i;
2148 328 2209 380 τὺ
2233 327 2330 396 ζῇν
2355 321 2534 386 καλῶς
2560 325 2672 387 τοῖς
2696 318 2854 386 ζώοις
2875 321 2921 354 ⁸⁸
2949 317 3320 390 συμϐάλλεται
3338 327 3352 342 ·
3385 310 3635 383 βεϐλαμ-

363 421 662 489 valensque
710 419 892 484 fuerit,
916 419 1218 490 plurimum
1249 418 1484 484 confert,
1537 421 1617 474 uti
1646 419 1935 474 incolumis

366 511 684 564 animalium
725 509 835 563 vita
877 521 1159 576 servetur;
1196 525 1320 564 cum
1368 525 1498 564 vero
1555 508 1936 564 detrimentum

363 601 590 670 patitur,
645 600 761 669 ipsa
805 599 1066 654 animalia
1123 601 1322 654 mirum
1361 601 1415 654 in
1455 601 1676 655 modum
1729 601 1937 654 laedun-

367 700 456 744 tur
494 698 1024 760 praevertunturque.
1069 691 1278 746 Causas
1324 691 1486 761 igitur
1526 691 1940 760 respirationem

365 790 704 850 generantcs,
725 780 1047 835 efficientem
1064 781 1330 848 videlicet,
1356 782 1710 848 materialem,
1736 783 1940 834 instru-

367 872 678 936 mentalcm,
698 872 1043 942 finalemque,
1067 887 1310 942 quaerere
1330 887 1467 940 opus
1490 881 1592 926 est.
1613 871 1678 924 Et
1693 872 1934 941 quidem,

366 962 609 1023 efficiens
632 964 751 1033 ejus
767 977 951 1028 causa,
977 962 1174 1016 anima:
1194 960 1421 1015 facultas
1437 971 1539 1025 est,
1559 961 1700 1014 unde
1719 975 1940 1014 muscu-

370 1051 437 1107 lis
464 1053 709 1122 corporis
731 1063 910 1108 motus
928 1055 1403 1119 subministratur;
1421 1051 1717 1106 materialis
1734 1060 1938 1118 autem,

368 1139 727 1212 ingredientis
770 1145 1126 1213 exeuntisque
1173 1143 1396 1214 spiritus
1457 1141 1816 1212 reciprocatio
1849 1141 1944 1192 ba-

369 1231 565 1297 betur;
616 1233 1048 1288 instrumentalis
1101 1249 1260 1299 vero,
1306 1243 1518 1304 septum
1571 1243 1942 1286 transversum

2041 415 2278 488 μένως⁸⁷
2313 413 2374 466 δὲ
2406 411 2782 484 διακειμένης,
2830 410 3058 480 σφάλλει
3095 407 3161 461 τὰ
3190 406 3329 471 ζῶα,
3360 405 3457 456 καὶ
3500 403 3633 456 δια·-

2041 505 2256 574 φθείρει
2286 502 2445 556 αὐτά.
2479 499 2846 572 Γενεσιουργά
2882 501 2939 553 δὲ
2988 499 3140 554 αῐτια
3188 496 3292 568 τῆς
3341 493 3630 560 ἀναπνοῆς

2039 595 2283 664 τέσσαρα
2313 593 2393 646 δεῖ
2438 592 2653 663 ζητεῖν·
2684 591 3002 663 πονητικὸν,
3047 589 3257 652 ὑλικὸν,
3307 583 3632 657 ὀργανικὸν,

2040 687 2277 739 τελικόν.
2307 686 2416 739 Καὶ
2446 684 2729 753 ποιητικὸν
2752 683 2924 738 αἴτιον
2947 683 3047 752 τῆς
3077 681 3373 749 ἀναπνοῆς,
3400 681 3435 748 ή
3457 675 3634 729 δύνα-

2049 793 2138 844 μις
2167 772 2267 844 τῆς
2304 771 2505 842 ψυχῆς,
2527 775 2562 843 ή
2599 769 2829 824 κινοῦσα
2868 771 2996 832 τοὺς
3040 766 3181 837 μῦας
3209 764 3301 818 τοῦ
3332 763 3586 833 σώματος
3611 775 3630 788 ·

2047 867 2230 922 ὑλικὸν
2259 866 2337 932 δὲ,
2370 865 2502 921 αὑτὸ
2541 865 2601 917 τὸ
2639 863 3026 932 εἰσπνεόμενον
3052 859 3147 913 καὶ
3185 856 3552 924 ὲκπνεόμενον
3577 847 3635 882 ⁸⁸

2045 959 2293 1028 πνεῦμα·
2320 957 2532 1010 τελικὸν
2578 957 2634 1008 δὲ
2684 957 2718 1026 ή
2750 954 2909 1024 χρεία
2935 969 2948 982 ·
2981 951 3132 1020 διττὴ
3172 949 3231 1003 δὲ
3263 948 3400 1015 αὐτή
3418 947 3461 977 ⁹⁹
3488 960 3504 974 ·
3537 942 3639 995 διὰ

2050 1051 2149 1122 μὲν
2199 1049 2299 1117 τῆς
2342 1048 2620 1118 εισῃοῆς,
2670 1045 2884 1113 εἰσάγει
2936 1041 3178 1112 καθαρὸν
3221 1038 3312 1092 τὸν
3337 1038 3497 1108 ἀέρα,
3529 1033 3639 1087 καὶ

2049 1140 2284 1211 ἐμψύχει
2331 1137 2392 1191 τὸ
2440 1137 2681 1208 ἔμφυτον
2729 1134 2968 1205 θερμόν·
3013 1131 3102 1185 διὰ
3129 1130 3187 1184 δὲ
3221 1129 3320 1198 τῆς
3353 1124 3636 1192 ἐκπνοῆς,

2051 1229 2238 1296 ἐξάγει
2268 1227 2336 1281 τὰ
2363 1225 2633 1296 λιγνυώδη
2673 1221 3083 1294 περιττώματα.

370 1333 426 1377 et
469 1325 640 1378 costis
688 1324 996 1379 iutermedii
1044 1326 1304 1392 musculi,
1348 1303 1402 1380 et
1452 1324 1548 1394 qui
1598 1324 1797 1379 excelsi
1851 1322 2128 1385 dicuntur;
2195 1316 2376 1370 iinalis
2441 1330 2570 1368 vero
2596 1324 2704 1380 est,
2771 1327 2906 1367 usus
2951 1309 3045 1380 qui
3117 1306 3316 1376 duplex
3361 1303 3632 1364 habetur;

373 1425 428 1470 et
471 1416 609 1470 alter
663 1418 904 1488 quidem,
960 1433 1088 1472 eum
1145 1409 1354 1488 purum
1393 1433 1519 1472 aera
1584 1417 1652 1471 ad
1713 1415 1970 1469 interiora
2045 1411 2280 1468 admittit
2325 1416 2376 1462 et
2425 1407 2650 1461 insitum
2695 1405 2934 1458 calorem
2975 1399 3250 1463 viviticat,
3298 1397 3433 1450 alter
3473 1407 3635 1457 vero,

375 1524 497 1562 cum
532 1517 682 1562 extra
710 1508 1004 1578 egreditur,
1032 1517 1085 1563 et
1106 1517 1446 1568 excrementa
1478 1507 1692 1562 fumosa
1724 1506 1944 1562 emittit.

451 1599 556 1655 Sed
587 1611 640 1654 et
667 1574 1014 1656 ad'auimalis
1044 1602 1268 1671 spiritus
1302 1601 1640 1664 alimentum,
1660 1599 1802 1670 quod
1835 1600 1948 1656 sola

2123 1592 2298 1663 Χρεία
2335 1591 2392 1644 δὲ
2421 1588 2514 1642 καὶ
2552 1587 2633 1648 εἰς
2669 1583 2863 1656 θρέψιν
2891 1580 2986 1636 τοῦ
3016 1575 3248 1649 ψυχικοῦ
3279 1574 3595 1642 πνεύματος
3614 1589 3638 1608 ο

379 1698 590 1744 tantum
643 1690 1003 1760 respiratione
1056 1691 1139 1760 fit,
1189 1693 1303 1762 ipsa
1357 1691 1582 1762 spiritus
1641 1691 1949 1760 reciproca-

380 1782 528 1836 tione
563 1796 701 1850 opus
733 1790 818 1837 est
853 1801 868 1837 :
900 1783 1168 1852 siquidem
1195 1798 1314 1847 cor,
1336 1797 1448 1852 pra:
1491 1782 1576 1835 sui
1609 1781 1950 1845 extensione,

382 1872 526 1926 aeris
565 1875 860 1942 quamdam
906 1876 1210 1943 portionem
1247 1875 1396 1929 intus
1449 1874 1696 1938 attrahit,
1742 1881 1796 1928 et
1838 1875 1951 1942 spi-

382 1961 513 2015 ritui
554 1962 801 2028 animali,
835 1964 994 2032 cujus
1027 1965 1080 2018 in
1117 1980 1175 2020 se
1212 1964 1328 2033 ipso
1380 1964 1535 2018 sedes
1588 1972 1691 2028 est,
1726 1963 1952 2018 alimen-

386 2059 498 2107 tum
553 2055 814 2125 suggerit,
862 2063 915 2110 et
944 2055 1119 2126 ipsum
1160 2055 1225 2110 ad
1266 2071 1424 2110 usum
1463 2056 1728 2110 naturalis
1757 2053 1954 2109 caloris

385 2160 483 2199 ceu
542 2146 596 2200 in
647 2149 1022 2217 promptuario
1068 2141 1351 2201 conditum
1389 2157 1588 2204 servat.
1630 2145 1958 2201 Instrumen-

387 2234 510 2289 talis
549 2244 728 2291 autem
761 2237 1137 2306 respirationis
1172 2237 1490 2307 “causa,
1528 2246 1739 2306 septum
1778 2246 1957 2289 trans-

393 2343 638 2390 versum,
669 2329 1013 2398 musculique
1077 2331 1245 2384 costis
1277 2329 1602 2393 intermedii,
1627 2343 1693 2382 ac
1725 2327 1960 2383 musculi

391 2418 486 2488 qui
502 2419 700 2474 excelsi
719 2419 979 2474 dicuntur
997 2419 1268 2476 exsistunt
1290 2436 1305 2486 ;
1325 2421 1379 2474 in
1398 2420 1599 2490 quibus
1615 2435 1739 2475 cum
1775 2421 1958 2488 aliqua

390 2524 460 2563 ex
496 2515 650 2578 parte
693 2510 972 2580 perversio
990 2511 1048 2563 tit
1071 2550 1086 2575 ,
1121 2511 1499 2581 respirationis
1524 2510 1816 2566 difﬁcultas
1832 2511 1958 2564 sub-

392 2600 662 2670 sequitur.
722 2599 996 2664 Quidnam
1047 2609 1228 2656 antem
1262 2601 1641 2671 respirationis
1668 2598 1961 2656 difﬁcultas

393 2689 487 2752 sit,
516 2704 584 2744 ac
601 2702 710 2757 quo
742 2695 900 2758 pacto
942 2688 1056 2753 flat,
1075 2697 1316 2757 quotque
1364 2686 1484 2756 ejus
1515 2684 1834 2740 discrimina
1867 2685 1964 2739 ba-

2047 1687 2172 1756 ἥτις
2201 1684 2414 1753 γίνεται
2448 1679 2536 1732 διὰ
2585 1676 2756 1747 μόνης
2796 1675 2894 1740 τῆς
2920 1670 3202 1739 ἀναπνοῆς
3222 1687 3235 1699 ·
3275 1667 3494 1722 ἕλκεται
3523 1667 3643 1735 γάρ

2047 1794 2131 1838 τις
2161 1776 2323 1846 ἀέρος
2354 1775 2520 1840 μοῖρα
2549 1767 2694 1822 κατὰ
2721 1766 2821 1827 τὰς
2853 1764 3140 1824 διαστολὰς
3172 1760 3272 1830 τῆς
3296 1758 3527 1828 καρδίας
3551 1757 3642 1817 εἰς

2051 1865 2243 1936 αὐτὴν,
2279 1863 2376 1918 καὶ
2404 1861 2594 1932 τρέφει
2624 1859 2684 1910 τὸ
2711 1857 2942 1930 ψυχικὸν
2967 1853 3190 1922 πνεῦμα
3217 1851 3278 1905 τὸ
3308 1851 3366 1901 ὲν
3397 1850 3463 1918 τῇ
3490 1864 3643 1936 stop:

2051 1931 2296 2025 6iq.°‘xa\
2316 1931 2668 2018 διαφυλάττει
2699 1944 2831 1998 αὐτὸ
2861 1944 2941 2005 εἱς
2966 1941 3066 2011 τὴν
3101 1938 3244 1992 κατά
3271 1936 3434 2004 φύσιν
3463 1931 3640 1986 αὑτοῦ

2052 2022 2386 2113 θερμότητα.
2423 2035 2750 2110 Ὀργανικδν
2778 2035 2834 2088 δέ
2859 2036 3007 2087 ἐστιν
3034 2031 3208 2084 αῐτιον
3241 2029 3339 2097 τῆς
3357 2022 3644 2092 ἀναπνοῆς

2053 2137 2114 2191 τὸ
2139 2136 2485 2204 διάφραγμα,
2514 2131 2613 2184 καὶ
2645 2115 2694 2181 oi
2731 2122 3118 2197 μεσοπλεύριοι
3157 2117 3310 2190 μῦες,
3344 2117 3438 2169 καὶ
3468 2116 3519 2167 οἱ
3549 2114 3639 2165 λε-

2057 2229 2278 2297 γόμενοι
2307 2221 2502 2292 ὑψηλοί
2525 2237 2537 2250 ·
2579 2212 2653 2271 ὧν
2687 2216 2832 2270 κατά
2855 2232 2910 2267 τι
2936 2211 3286 2284 τρεπομένων
3319 2206 3644 2259 συνίσταται

2055 2319 2344 2372 δύσπνοια.
2375 2311 2442 2366 Τί
2466 2311 2523 2364 δέ
2553 2312 2670 2362 ἐστι
2698 2307 2960 2360 δύσπνοια
2979 2320 2992 2331 ·
3023 2302 3116 2355 καὶ
3147 2298 3264 2361 πῶς
3296 2297 3640 2350 συνίσταται·

2059 2410 2154 2464 καὶ
2179 2407 2342 2462 πόσαι
2387 2403 2594 2471 ταύτης
2626 2396 2920 2469 διαφοραὶ,
2955 2395 3018 2448 οὐ
3061 2394 3160 2462 τῆς
3184 2389 3466 2462 παρούσης
3512 2385 3647 2438 σκέ-

2059 2501 2205 2570 ψεως
2234 2499 2432 2552 εἰπεῖν.
2459 2492 2678 2548 Μᾶλλον
2706 2490 2763 2544 δὲ
2801 2488 2932 2559 περὶ
2960 2484 3057 2538 τοῦ
3093 2481 3330 2552 στήθους
3354 2475 3648 2570 διερευνή-

2061 2567 2269 2661 σωμεν,
2319 2587 2416 2641 καὶ
2457 2584 2588 2657 περὶ⁵
2639 2583 2739 2653 τῆς
2783 2577 3035 2632 ἐντεῦθεν
3083 2576 3219 2646 ήμϊν
3277 2567 3652 2641 πηγαζούσης

2065 2681 2408 2754 εὐεργεσίας.

393 2753 645 2848 Ιιθειηιιιιί,
675 2753 1054 2854 ἱιι-ρναξεειιιὶα
1083 2753 1355 2852 explicare
1387 2753 1496 2834 non
1537 2779 1749 2834 attinet.
1776 2778 1846 2832 At
1889 2777 1955 2833 de
2026 2753 2244 2847 pectore
2297 2772 2503 2844 potius,
2547 2769 2722 2838 deque
2779 2762 3080 2821 commodis
3126 2753 3649 2821 emolumentisque,

393 2879 654 2951 queinde
674 2879 832 2935 nobis
859 2878 1204 2948 proveniunt,
1229 2877 1649 2947 disputationem
1683 2874 2079 2946 aggrediamur.

844 2989 976 3056 Cap.
1010 2987 1150 3042 Xlll.
1195 2987 1268 3041 De
1286 2998 1513 3058 pectore.

461 3122 663 3176 Pectus
692 3135 723 3174 a
751 3119 958 3174 Graecis
1007 3118 1223 3189 στῆθος,
1269 3119 1363 3172 καὶ
1392 3119 1634 3188 στέρνον,
1663 3118 1760 3171 καὶ
1785 3115 1966 3187 θώραξ

393 3218 763 3280 nuncupatur,
807 3209 912 3263 etsi
969 3224 1000 3263 a
1070 3207 1347 3262 nonnullis
1400 3208 1517 3262 haec
1567 3207 1878 3263 dividantur
1915 3215 1970 3262 et

399 3301 623 3372 στέρνον
651 3300 870 3371 quidem
904 3301 973 3356 ob
1001 3300 1054 3356 id
1087 3299 1298 3363 dicunt,
1327 3299 1416 3354 διὰ
1445 3299 1507 3352 τὸ
1552 3299 1792 3370 στερεόν,
1821 3301 1966 3369 quod

397 3393 632 3449 solidum
669 3406 790 3448 esse
812 3392 1150 3460 explicares;
1215 3391 1408 3462 στῆθος
1460 3405 1593 3446 vero
1612 3390 1744 3447 διότι
1772 3391 1970 3460 ἕστηκε

395 3482 710 3549 ἀσάλευτον,
747 3499 812 3539 ex
849 3497 917 3538 eo
932 3483 1075 3554 quod
1100 3481 1378 3536 immobile
1400 3481 1664 3537 consistat
1695 3481 1965 3538 dixerunt.

396 3578 469 3629 At
489 3576 578 3630 alii
605 3575 674 3630 ab
708 3591 795 3640 eo,
823 3575 952 3632 illud
987 3574 1133 3644 quod
1171 3573 1224 3630 in
1255 3573 1414 3628 nobis
1451 3573 1734 3642 imperium
1762 3574 1972 3628 obtinet

397 3666 599 3721 ibidem
615 3665 854 3736 positum
877 3665 982 3733 sit,
1014 3664 1138 3719 inde
1163 3663 1242 3730 ﬁt,
1262 3672 1323 3720 ut
1341 3678 1466 3719 cum
1487 3663 1686 3719 damno
1699 3663 1968 3733 quispiam

398 3757 635 3828 aliquem
664 3756 882 3812 afficere
909 3755 1113 3820 studet,
1139 3755 1193 3810 in
1225 3765 1446 3824 pectore
1471 3762 1670 3817 verset,
1710 3753 1856 3823 quod
1894 3753 1970 3807 illi

398 3849 475 3903 ita
491 3849 681 3903 dicunt
709 3865 723 3901 :
749 3846 973 3899 Στεῦται
999 3864 1083 3914 τις
1108 3843 1351 3916 λωῦῆσαι
1382 3845 1605 3911 ce;sive
1626 3843 1873 3906 σιτίωθος
1889 3843 1974 3896 di-

398 3940 564 4005 citur,
601 3939 744 4008 quod
772 3937 1024 3993 videlicet
1056 3937 1212 3992 cibus
1251 3951 1346 4006 per
1378 3937 1556 4006 ipsum
1602 3937 1970 4004 propinquum

399 4033 457 4087 in
495 4037 736 4084 ventrem
774 4027 1090 4096 impellitur.
1129 4025 1324 4097 Θώραξ
1377 4040 1506 4080 vero
1552 4019 1663 4078 οἷον
1687 4024 1830 4093 ὅρος,
1880 4022 1974 4075 καὶ

349 4174 362 4183 ,
399 4119 578 4190 φύλαξ
601 4117 694 4171 τοῦ
721 4115 921 4188 θερμοῦ
952 4124 1319 4184 nuncupatur,
1337 4113 1494 4183 quasi
1518 4111 1663 4181 quod
1686 4109 1972 4171 terminus,

398 4221 697 4278 custosque
738 4207 939 4262 caloris
985 4220 1050 4260 ex
1086 4213 1358 4266 movente,
1414 4203 1697 4258 exsiliente
1721 4197 1974 4254 videlicet

2331 2980 2476 3046 Κεφ.
2517 2974 2619 3029 il".
2650 3003 2721 3013 ——
2753 2971 2894 3039 Περὶ
2923 2968 3030 3023 τοῦ
3077 2965 3359 3034 θώρακος.

2138 3115 2213 3169 Τὸ
2240 3111 2467 3181 στῆθος
2494 3109 2714 3177 λέγεται
2754 3103 2853 3158 καὶ
2891 3100 3172 3170 στέρνον,
3205 3095 3302 3152 καὶ
3329 3091 3522 3160 θώραξ
3544 3104 3566 3181 ’γ
3594 3091 3651 3181 ει

2067 3207 2160 3261 καί
2194 3178 2680 3271 τινεςδιαιροῦσιν
2707 3195 2878 3250 αύτά·
2921 3191 3064 3263 πλὴν
3100 3187 3360 3255 στέρνον
3399 3183 3518 3253 μὲν,
3551 3178 3650 3232 διὰ

2067 3299 2130 3352 τὸ
2161 3295 2408 3366 στερεόν·
2441 3293 2536 3346 καὶ⁵
2563 3287 2811 3356 στῆθος.
2844 3283 3000 3353 παρά
3030 3280 3092 3334 τὸ
3115 3278 3249 3336 αὑτό
3268 3292 3284 3306 ·
3317 3275 3454 3330 διότι
3476 3273 3645 3366 ἕστη-

2070 3405 2164 3442 κεν
2191 3363 2490 3441 ἀσνάλευτον
2511 3397 2527 3414 ο
2558 3379 2712 3434 ἄλλοι
2738 3378 2817 3440 δὲ,
2841 3376 2925 3430 ὅτι
2948 3375 3009 3427 ὲν
3037 3369 3186 3440 αὐτῷ
3220 3368 3285 3422 τὸ
3312 3363 3648 3436 ἡγεμονικὸν

2069 3479 2304 3548 ἕστηκεν
2321 3495 2336 3508 ·
2365 3475 2425 3541 ἑξ
2453 3466 2516 3527 οὗ
2538 3472 2656 3532 καὶ,
2683 3467 2932 3523 Στεῦταί
2961 3483 3053 3531 τις
3081 3459 3357 3530 ,ζωόἦσαί
3382 3471 3486 3548 σε·
3509 3449 3646 3548 οἷον,

2070 3573 2128 3624 ὲν
2176 3543 2289 3631 τοῖς
2339 3565 2564 3636 στήθεσι
2598 3558 2889 3615 διανοεῖται
2940 3573 3028 3620 τις
3073 3553 3332 3621 ἀδικῆσαι
3363 3549 3397 3616 ἥ
3443 3543 3651 3615 βλάψαι

2074 3681 2154 3729 σε,
2192 3662 2268 3724 ὡς
2310 3659 2405 3714 καὶ
2439 3656 2563 3728 παρ’
2595 3654 2852 3724 Ὁμήρῳ,
2877 3646 3105 3715 Στῆθος
3132 3643 3202 3698 δὲ
3226 3639 3470 3706 πλήξας

2070 3727 2241 3822 διὴνί
2272 3727 2538 3819 ἠνίπαπε
2560 3745 2728 3816 μύθῳ
2749 3747 2851 3811 (0)·
2879 3741 2914 3811 ἢ
2949 3740 3031 3792 ὃτι
3052 3737 3118 3790 δι’
3142 3731 3330 3797 αὑτοῦ,
3419 3727 3653 3822 nino-iw

2073 3817 2260 3905 αὐτοῦ,
2283 3817 2354 3895 τὰ
2375 3839 2520 3894 σιτία
2543 3836 2837 3890 διωθεῖται·
2863 3824 2974 3885 οἷον
3010 3826 3279 3888 σιτίωθος.
3318 3819 3520 3888 Θώραξ
3543 3817 3601 3870 δὲ
3630 3856 3649 3881 ,

2073 3929 2184 3990 οἷον
2215 3932 2358 4002 ὠρδς
2380 3935 2402 3964 ⁸
2435 3929 2530 3984 καὶ
2559 3924 2735 3997 φύλαξ
2760 3922 2856 3977 τοῦ
2893 3917 3122 3990 θερμοῦ,
3153 3918 3188 3988 ἢ
3239 3914 3343 3984 τῆς
3385 3910 3648 4002 ὀρούσηςῖ

2073 4029 2195 4096 ἦτοι
2225 3999 2488 4096 πῆδώσης
2525 4017 2781 4090 καρδίας·
2807 4015 2843 4086 ἢ
2874 4013 2972 4066 τοῦ
3007 4011 3157 4066 θείου
3180 4009 3274 4060 καὶ
3313 3999 3651 4096 ἡγεμονικού

2074 4090 2174 4190 τῆς
2213 4090 2416 4186 ψυγῆς,
2441 4090 2546 4168 ’τοῦ
2595 4106 2852 4179 θυμικοῦ·
2890 4100 3003 4159 οἷον
3042 4099 3262 4170 θειὸραξ
3297 4097 3318 4127 ³
3353 4112 3368 4126 ·
3413 4094 3449 4163 ἢ
3474 4093 3498 4124 ⁸

2075 4184 2170 4264 τοῦ
2222 4184 2616 4274 παν-πρᾶγμα
2649 4197 2917 4255 κινεῖσθαι
2962 4193 3053 4249 διὰ
3097 4190 3194 4246 τοῦ
3253 4184 3652 4274 περιεχομένου

399 4272 973 4370 conieprovenientis,
1031 4293 1418 4352 babeatur.Vel
1474 4291 1691 4364 θυώραξ
1747 4291 1957 4346 dicitur,

2077 4303 2244 4356 τόπου
2269 4297 2376 4351 ὑπὸ
2400 4272 2500 4364 τῆς
2521 4272 2770 4365 καρδίας,
2793 4285 3124 4360 ἡγεμονικοῦ
3153 4284 3306 4344 ὄντος
3324 4295 3338 4308 ·
3364 4272 3498 4340 οἷον,
3521 4272 3656 4344 θεώ-

401 4393 452 4447 id
501 4400 584 4447 est
629 4392 720 4461 qui
767 4393 1028 4459 impetum
1078 4397 1318 4449 movent,
1367 4386 1645 4455 quoniam,
1699 4398 1824 4437 cum
1875 4382 1977 4435 ira-

400 4484 608 4540 scibilis
647 4485 844 4545 animae
893 4481 974 4535 vis
1022 4480 1075 4532 in
1104 4478 1269 4534 corde
1313 4479 1600 4540 consistat,
1632 4477 1701 4530 ab
1741 4476 1860 4543 ipso
1891 4487 1979 4542 pe-

2080 4393 2203 4465 ραξ.
2233 4387 2429 4460 Θώραξ
2461 4381 2555 4440 οὖν
2593 4387 2623 4438 ὁ
2662 4381 2913 4443 δεκτικὸς
2943 4379 3046 4448 τῆς
3069 4375 3279 4446 τροφῆς
3323 4371 3525 4465 τύπος·
3561 4368 3657 4420 τὸν

2075 4463 2185 4554 γὰρ
2207 4483 2365 4535 οἴνων
2420 4475 2834 4548 ἐμπιπλάμενον
2866 4472 2888 4503 ⁵
2933 4466 3272 4541 θωρῐξασθαι
3303 4465 3326 4497 ⁸
3364 4463 3598 4554 λέγομεν
3640 4474 3657 4488 ·

400 4587 573 4643 ctore,
604 4575 749 4646 quod
780 4573 963 4627 cordis
990 4570 1185 4625 ibidem
1222 4570 1357 4624 lines
1390 4568 1519 4632 sint,
1550 4565 1735 4622 omnia
1774 4563 1957 4619 furori:

2080 4549 2188 4629 και
2210 4569 2598 4640 Ἱπποκράτης·
2617 4563 2838 4635 Λοιμὸν
2861 4560 3096 4630 θὼριξις
3112 4560 3132 4591 ⁷
3158 4557 3293 4612 λύει
3310 4571 3327 4587 ⁶
3355 4554 3457 4620 τὴν
3489 4549 3662 4646 πολυ-

403 4669 609 4738 impetu
632 4673 942 4722 moventur.
977 4661 1195 4716 Thorax
1229 4660 1394 4731 igitur
1433 4660 1585 4715 locus
1625 4657 1720 4728 qui
1751 4657 1978 4712 alimen-

405 4773 519 4817 tum
553 4759 750 4830 accipit
804 4765 911 4813 est.
935 4754 1170 4822 Quidam
1229 4759 1411 4808 autem
1476 4750 1604 4804 vino
1667 4748 1976 4802 madentem

405 4851 750 4925 θωρήξασθαι
788 4850 1064 4914 dixerunt,
1086 4855 1146 4902 ut
1171 4844 1563 4915 Hippocrates:
1601 4840 1872 4904 Ebrietas,
1897 4838 1982 4892 in-

403 4947 542 5016 quit,
578 4945 770 5014 famem
793 4941 991 5002 solvit;
1022 4948 1077 4996 et
1113 4936 1378 4994 Pindarus
1404 4935 1456 4989 in
1491 4930 1856 5001 Dii/tyrambis
1894 4947 1906 4982 :

411 5054 665 5120 Uxorem,
678 5054 794 5108 uino
816 5051 1126 5122 quandoque
1145 5047 1412 5110 madidus,
1440 5044 1596 5114 falsis
1620 5040 1971 5096 insimulavit.

510 5253 557 5284 "
588 5254 655 5321 τῇ
687 5249 894 5321 ζεοῇ,Ατ

411 5394 432 5424 ⁸
461 5378 784 5461 θορὲξασθαι
817 5398 881 5461 ᾼ,
913 5378 1262 5461 θῳρήξαῄαι
1375 5381 1440 5461 P._
1505 5378 1564 5461 ζ’
1591 5378 1794 5461 θὸριξις
1818 5378 1882 5432 Α.

580 5443 880 5529 θώραχθεὶς
916 5443 1253 5525 (adﬁxos;
1287 5453 1372 5522 P),
1423 5449 1619 5519 ὲπέχεε
1655 5443 1921 5519 ’ἀλλότρια
1954 5445 2059 5514 (—-
2093 5460 2242 5516 τριον
2280 5443 2358 5513 Ρ)

487 5600 560 5667 (ο)
599 5596 701 5650 Od.
733 5599 798 5648 Υ.
831 5596 911 5648 17.

1003 5248 1048 5279 ⁸⁷
1084 5243 1427 5314 βεϐλαμένως
1579 5237 1958 5314 ξίπνεὸμειίον
2079 5304 2092 5314 ι
2123 5237 2166 5268 ⁸⁸
2188 5232 2338 5314 ἀὕτη
2372 5233 2434 5287 Β.

408 5325 429 5356 ³
465 5299 1014 5390 θυόρέξδθυώραξ
1046 5299 1164 5370 ιὀι.
1203 5299 1356 5367 vers.
1401 5299 1604 5380 θοάραξ
1642 5309 1678 5361 Ρ
1717 5299 1812 5378 qui
1852 5301 1957 5359 οἷον

411 5394 432 5424 ⁸
461 5391 778 5443 θοοεεασθαι
817 5398 881 5443 Α.
913 5384 1262 5443 θωρήξασθαι
1291 5382 1332 5436 C
1375 5381 1434 5434 P.
1544 5380 1564 5412 ⁷
1591 5378 1794 5443 θὸριξις
1818 5378 1882 5432 Α.

2062 5304 2210 5373 ὠραξ
2245 5299 2357 5357 om.
2467 5299 2489 5332 ⁸
2529 5299 2561 5370 ἢ

2061 5373 2281 5443 ὶώρηξις
2320 5373 2362 5426 C

2079 4662 2273 4717 ποσιαν
2325 4661 2501 4728 λέγων
2529 4677 2544 4694 ο
2593 4657 2670 4722 ὡς
2727 4656 2824 4710 καὶΙ
2879 4649 3120 4720 ἀλλαχοῦ
3186 4646 3451 4716 Πίνδαρος
3499 4640 3657 4695 διθυ-

2082 4753 2310 4827 ράμσῳ·

2149 5037 2414 5105 ’ᾼλόγχῳ
2434 5029 2581 5084 ποτὲ
2601 5027 2898 5098 θοριχθεις
2916 5026 2938 5059 ⁸
2962 5024 3207 5093 ἐπεῖχεν
3232 5021 3524 5086 ἀλλότρια
3541 5018 3563 5050 ⁸

2549 5230 2566 5261 ⁸
2589 5226 2816 5298 καρδζαν
2843 5233 2895 5278 et
2914 5237 3046 5298 mox
3074 5216 3233 5298 θυμῷ
3259 5216 3345 5298 Β..
3376 5215 3417 5298 ,⁸
3443 5214 3566 5284 ὁρὺς

2596 5281 2706 5351 oui.
2740 5297 2801 5347 Β.
2911 5294 2931 5324 ⁸
2959 5287 3102 5344 οἶνον
3147 5281 3660 5358 ἐμπιπλάμενονμϐ.

2569 5370 2590 5401 ⁸
2629 5364 2786 5420 Piud.
2822 5362 3132 5416 citationem
3175 5352 3282 5409 om.
3319 5355 3359 5407 Β
3387 5352 3449 5416 C,
3483 5352 3666 5421 ἀλόχῳ

2401 5422 2518 5495 Lat.
2567 5436 2722 5492 νει-ε.
2759 5433 2820 5499 Ρ,
2865 5429 2946 5486 Cf.
2985 5430 3165 5499 Etym.
3206 5423 3279 5480 Μ.
3327 5439 3381 5491 p.
3408 5422 3540 5487 ιθο,
3569 5422 3665 5475 39.
