4006 6158
307 312 447 369 1205
1551 317 1638 372 DE
1677 315 1967 374 NATURA
2006 320 2318 381 HOMINIS.
3445 335 3587 392 11206

304 429 502 500 Θώραξ
519 429 578 484 δὲ
601 429 663 483 τὸ
685 430 848 484 ὅπλον
874 431 980 486 ἀπὸ
996 427 1090 483 τού
1115 433 1517 503 περιεχομένου
1545 435 1606 488 τὺ
1629 435 1871 506 περιέχοι

1993 439 2213 498 Thorax
2247 445 2374 500 item
2403 452 2458 500 et
2491 454 2781 502 armaturae
2805 462 2976 517 genus
3007 457 3110 513 est,
3159 451 3228 505 ab
3279 448 3372 506 illo
3433 459 3582 522 quod

297 523 640 598 παρίστησιν
667 523 888 590 ἔξωθεν,
938 522 1305 595 μετωνυμικῷ
1345 525 1533 596 τρόπῳ
1558 527 1602 558 ιθ
1631 543 1645 557 ο
1673 527 1755 596 ,ὡς
1795 529 1871 580 κα⁴

1993 536 2497 605 comprehenditur,
2526 546 2584 591 et
2641 539 2773 592 illud
2830 539 2978 609 quod
3032 542 3448 610 comprehcndit
3492 557 3585 614 ap-

307 611 560 704 ὀμηρος
578 651 595 676 ι
612 703 622 704 ί

1991 624 2284 691 pellatum;
2334 626 2800 694 quemadmodum
2851 645 2906 683 et
2957 630 3230 686 cassidem
3282 611 3583 704 περικεφα-

373 703 500 772 Πῦρ
527 703 837 758 δαῖενάπὸ
861 705 1079 772 κρατός
1107 721 1172 758 τε
1192 705 1296 760 καὶ
1313 705 1489 775 ὤμων
1519 707 1595 777 (ρ)
1613 724 1628 738 ο

305 792 412 848 ἀπὸ
437 793 553 848 τῶν
591 796 1001 866 περιεχομένων
1026 796 1096 849 τὰ
1117 797 1440 866 περιέχοντα
1458 815 1472 828 ’
1505 799 1631 853 ἀντὶ
1657 797 1754 854 τοῦ
1779 800 1890 855 ἀπὸ

302 888 403 949 τῆς
422 885 649 949 ἀσπίδος
678 889 772 940 καὶ
799 889 900 957 τῆς
927 888 1393 958 περικεφαλαίας.

376 977 566 1030 Ἔστιν
605 972 702 1030 οὖν
732 980 761 1028 ὁ
793 976 980 1048 θώραξ
1016 979 1334 1050 νευρώδης,
1369 980 1464 1034 καὶ
1503 982 1748 1052 μυὼδης,
1793 983 1890 1035 καὶ

302 1065 605 1137 φλεϐώδης,
653 1069 747 1121 καὶ
778 1069 1166 1143 ἀρτηριώδης,
1207 1072 1501 1141 ὀργανικὸν
1545 1073 1736 1142 μόριον
1781 1073 1888 1126 ὑπὸ

299 1155 394 1208 τοῦ
418 1157 766 1227 Δημιουργοῦ
791 1160 1262 1224 κατασκευασθεὶς
1300 1163 1436 1232 πρὸς
1469 1161 1568 1232 τὴν
1596 1163 1887 1233 ἐνέργειαν

301 1249 402 1318 τῆς
431 1249 709 1320 ἀναπνοῆς
728 1267 743 1280 ·
776 1251 1086 1305 συνδέδεται
1116 1253 1172 1312 δὲ
1202 1257 1325 1317 ταῖς
1363 1255 1741 1324 ὠμοπλάταις,
1790 1259 1886 1310 καὶ

302 1342 424 1402 ταῖς
475 1340 822 1405 κατακλεῖσι,
860 1344 956 1396 καὶ
1001 1346 1124 1408 ταῖς
1175 1345 1462 1416 πλευραῖς.
1516 1345 1674 1408 Κατὰ
1723 1347 1781 1400 δὲ
1823 1349 1886 1401 τὸ

302 1434 479 1504 πέρας
516 1435 683 1488 αὐτοῦ
724 1437 970 1489 κάτωθεν
1011 1438 1124 1490 τῶν
1174 1440 1422 1508 μαιστῶν
1447 1441 1522 1504 ⁸⁸,
1553 1441 1610 1494 ὲν
1637 1444 1706 1510 τῇ
1738 1440 1882 1512 μέσῃ

302 1526 660 1596 συμπέφυκεν
693 1527 844 1598 αύτῷ
868 1530 896 1581 ὁ
921 1528 1234 1598 ξιφοειδὴς
1264 1531 1563 1600 λεγόμενος
1603 1532 1881 1601 χόνδρος.

313 1618 403 1671 Ἐν
433 1611 478 1685 ᾧ
507 1618 600 1672 καὶ
641 1619 701 1671 τὸ
745 1618 1072 1690 διάφραγμα
1125 1622 1492 1692 περιζωννύει
1529 1623 1592 1677 τὸ
1633 1622 1878 1692 citima",

299 1709 620 1778 διαχωρίζον
642 1711 684 1741 ³³
731 1711 802 1765 τά
829 1729 888 1766 τε
945 1711 1051 1765 ὑπὸ
1081 1711 1173 1766 τὸν
1217 1713 1466 1783 Θώρακα,
1499 1716 1595 1766 καὶ
1619 1714 1764 1784 ὑπὲρ
1789 1715 1883 1766 τὸν

1992 714 2140 778 λαία,
2167 716 2313 785 quod
2339 717 2592 772 videlicet
2626 730 2792 788 caput
2823 722 3048 790 ambiat,
3074 723 3256 778 dicere
3287 726 3485 780 solent.

2060 982 2342 1052 Siquidem
2380 984 2573 1038 thorax
2617 998 2742 1052 pars
2789 991 2907 1047 est,
2954 985 3136 1038 nervis
3167 985 3574 1056 musculisque,

1989 1089 2056 1130 ac
2105 1075 2325 1132 arteriis
2387 1075 2499 1144 87
2544 1074 2766 1139 referta,
2832 1091 3000 1144 quam
3038 1090 3222 1130 rerum
3267 1076 3461 1145 Opil'ex
3507 1080 3575 1133 ad

1987 1163 2217 1234 spiritus
2244 1163 2734 1231 reciprocationem
2761 1178 2859 1231 pro
2879 1163 3242 1220 instrumento
3268 1167 3571 1222 constituit.

1987 1252 2106 1320 Ipse
2122 1263 2302 1308 autem
2330 1267 2454 1309 cum
2486 1254 2747 1322 scapulis,
2770 1253 3163 1326 claviculisque
3191 1272 3259 1311 ac
3294 1258 3463 1312 costis
3489 1275 3578 1312 co-

1988 1347 2226 1415 pulatur.
2263 1345 2322 1399 ln
2344 1355 2496 1414 parle
2532 1361 2681 1408 vero,
2713 1362 2841 1415 quae
2866 1346 2918 1400 in
2952 1346 3059 1401 [ine
3088 1348 3207 1416 ejus
3228 1347 3333 1402 sub
3359 1351 3574 1418 papillis

1989 1439 2166 1492 media
2188 1445 2271 1493 est
2295 1477 2312 1501 ,
2340 1437 2608 1506 cartilago
2642 1452 2764 1506 qua:
2785 1436 3038 1506 gladialis
3063 1449 3429 1507 nuncupatur,
3469 1440 3573 1508 ipsi

1985 1530 2256 1596 cohaeret;
2288 1543 2398 1597 quo
2428 1529 2481 1584 in
2507 1528 2629 1584 loco
2654 1537 2866 1597 septum
2905 1535 3296 1592 transversum,
3337 1531 3570 1595 viscera,

1985 1637 2109 1690 quae
2142 1622 2251 1676 sub
2294 1629 2516 1688 pectore
2555 1619 2624 1674 ab
2666 1620 2753 1673 his
2792 1635 2914 1688 qua:
2953 1635 3117 1688 supra
3168 1630 3358 1690 pectus
3417 1633 3567 1686 sunt,

1985 1712 2279 1782 spiritales,
2317 1711 2559 1780 inquam,
2585 1712 2960 1782 vegetalesquc
2982 1721 3164 1781 partes
3183 1713 3570 1770 disterminans

301 1798 524 1867 θώρακα
584 1801 903 1870 σπλάγχνα·
967 1802 1135 1872 ἤγουν
1188 1803 1256 1856 τὰ
1311 1804 1726 1858 ἀναπνευστικὰ
1785 1804 1871 1857 καὶ

1985 1819 2050 1858 ac
2071 1803 2343 1870 dividens,
2365 1817 2564 1872 corpus
2585 1803 2640 1856 in
2669 1818 2820 1857 zona:
2851 1804 3075 1858 modum
3108 1805 3407 1876 praecingit.

300 1889 573 1959 θρεπτικὰ
605 1892 794 1960 μόρια.

370 1980 563 2034 Ἔστιν
590 1977 686 2034 οὖν
734 1983 762 2033 ὁ
792 1979 978 2050 θώραξ
1009 1982 1331 2052 οἰκητήριον
1357 1984 1454 2049 μὲν
1485 1985 1585 2054 τῆς
1619 1986 1880 2057 καρδίας·

297 2069 584 2138 σύγκειται
607 2073 666 2126 δὲ
697 2071 846 2142 αὐτῷ
883 2071 1114 2130 ὄπισθεν
1143 2075 1242 2142 μὲν
1267 2076 1300 2143 ἡ
1324 2073 1536 2143 ῥάχις,
1565 2076 1881 2148 ἔμπροσθεν

295 2161 354 2216 δὲ
381 2163 440 2215 τὸ
468 2162 726 2230 στέρνον
745 2181 760 2195 ο
794 2164 1136 2232 ἑκατέρωθεν
1168 2163 1226 2217 δὲ
1249 2166 1305 2218 αἱ
1335 2168 1614 2234 πλευραί.
1644 2169 1802 2238 Ἔχει
1822 2169 1882 2221 δὲ

297 2253 455 2306 atat“
509 2253 604 2306 δύο
653 2253 890 2318 κοιλίας,
968 2255 1152 2318 καθὼς
1195 2257 1414 2325 εἴρηται
1463 2258 1757 2329 άνωτέρῷ·
1813 2260 1880 2325 ἃς

296 2343 556 2415 εποίησεν
599 2347 634 2416 ἠ
668 2345 854 2415 φύσις,
893 2347 1084 2416 ῶσπερ
1115 2347 1267 2410 τινάς
1305 2348 1610 2420 δεξαμενὰς
1637 2352 1716 2414 είς
1744 2353 1880 2406 ὕπο-

294 2433 457 2503 δοχὴν
497 2435 595 2487 καὶ
638 2436 888 2506 φυλακὴν
925 2437 1271 2508 πνεύματος·
1313 2437 1400 2491 ἵνα
1427 2442 1486 2492 έν
1509 2441 1687 2513 καιρῷ
1721 2459 1880 2510 περι-

295 2524 557 2589 στάσεως,
593 2525 823 2597 εὑρίσκῃ
853 2527 1140 2599 ἁναψυχὴν
1163 2529 1197 2598 ἡ
1223 2529 1442 2599 καρδία.
1476 2531 1744 2596 Πολλάκις
1771 2533 1879 2604 γὰρ

291 2613 344 2665 oi.
362 2612 736 2680 άναφωνισταὶ
761 2615 871 2668 τῶν
892 2615 1047 2685 ᾠδῶν
1071 2616 1246 2681 λέξεις
1265 2619 1360 2672 ἐπὶ
1384 2619 1562 2685 λέξεσι
1585 2623 1879 2677 συνάπτειν

294 2699 592 2766 ἐθέλοντες,
619 2703 652 2772 ἢ
687 2702 826 2773 μέλη
857 2705 920 2757 έκ
949 2705 1131 2776 μελῶν
1145 2689 1486 2770 συντιθέναι,
1521 2708 1582 2760 οὐ
1624 2709 1878 2776 δύνανται

293 2791 583 2845 ἀναπνεῖν⁸
617 2795 650 2864 ἢ
689 2795 893 2863 μᾶλλον
937 2796 1000 2850 οὐ
1041 2796 1344 2866 βούλονται,
1379 2799 1468 2852 διὰ
1511 2799 1574 2852 τὺ
1599 2802 1674 2871 μὴ
1701 2801 1878 2856 θέλειν

293 2884 549 2936 ἐκπεσεῖν
578 2886 676 2953 τῆς
695 2889 791 2939 τοῦ
837 2888 1049 2959 ῥυθμοῦ
1088 2891 1380 2961 ἁρμονίας.
1417 2891 1640 2956 Τούτοις
1667 2896 1711 2926 ¹³
1745 2895 1877 2962 γοῦν

294 2975 328 3042 ἡ
357 2973 557 3044 καρδία
581 2975 689 3029 ἀπὸ
707 2976 817 3032 τῶν
839 2980 899 3033 ὲν
925 2978 1003 3049 τῷ
1049 2979 1263 3050 θώρακι
1297 2978 1630 3052 κοιλοτήτων
1660 2984 1875 3054 δέχεται

2058 1979 2280 2036 Thorax
2303 1977 2468 2046 igitur
2501 1977 2842 2031 domicilium
2884 1977 3065 2032 cordis
3093 1985 3197 2044 est,
3224 1976 3312 2033 cui
3341 1993 3373 2033 a
3413 1986 3568 2049 tergo

1984 2071 2162 2139 spina,
2193 2085 2261 2124 ex
2297 2069 2530 2124 adverso
2562 2083 2690 2122 vero
2713 2077 2925 2137 pectus,
2954 2076 3010 2122 at
3039 2083 3106 2124 ex
3145 2078 3378 2137 utroque
3399 2069 3568 2125 latere

1983 2171 2260 2218 costarum
2307 2160 2626 2216 constitutio
2687 2171 2972 2230 compacta
3012 2169 3114 2215 est.
3154 2159 3464 2224 Enimvero,
3510 2163 3567 2216 in

1983 2255 2125 2325 ipso,
2143 2253 2388 2324 geminos
2404 2251 2740 2307 ventriculos
2755 2268 2875 2308 esse
2889 2253 3042 2321 prius
3058 2252 3565 2321 ostendimus,quos

1983 2353 2180 2400 natura
2203 2344 2319 2413 ipsa
2342 2343 2501 2412 quasi
2541 2345 2883 2413 receptacula
2919 2342 3190 2412 quaedam,
3227 2343 3344 2398 sive
3372 2343 3566 2398 cister-

1982 2437 2144 2494 nulas
2203 2437 2526 2494 admittendi
2584 2438 3054 2506 conservandique
3106 2437 3333 2505 spiritus
3385 2438 3564 2508 gratia

1981 2528 2287 2592 constituit,
2310 2543 2422 2598 quo
2455 2527 2604 2582 cordi
2642 2529 2696 2582 in
2724 2543 2950 2582 casuum
2975 2536 3172 2584 eventu
3218 2527 3561 2597 refrigerium

1980 2622 2337 2689 levamenque
2379 2631 2630 2688 paratum
2659 2620 2749 2676 sit.
2784 2618 3113 2687 Plerumque
3142 2619 3288 2674 enim
3316 2618 3564 2675 accidere

1980 2714 2119 2770 solet
2149 2713 2234 2767 his
2263 2711 2358 2780 qui
2391 2727 2450 2766 se
2481 2712 2741 2766 cantandi
2774 2719 2889 2764 arte
2905 2719 3183 2774 exercent,
3217 2726 3348 2765 cum.
3374 2711 3560 2769 verba.

1981 2805 2064 2859 vel
2100 2801 2473 2858 modulamina
2509 2801 2850 2871 ingeminare
2877 2801 3150 2863 nituntur,
3185 2800 3562 2868 respirationis

1979 2897 2292 2953 facultatem
2361 2892 2635 2962 intercipi,
2675 2892 2760 2946 vel
2803 2892 2856 2946 id
2909 2898 3106 2964 sponte
3150 2890 3332 2960 potius
3369 2899 3558 2958 agunt,

1981 3005 2050 3044 ne
2093 3005 2124 3042 a
2175 2996 2341 3042 rectae
2391 2983 2692 3038 harmonia:
2725 2981 2912 3036 debito
2953 2989 3143 3034 tenore
3181 2979 3452 3034 deficiant.
3499 2976 3558 3032 ln

295 3064 536 3135 πνεῦμα,
559 3068 654 3120 καίΙ
680 3069 890 3142 άνακτᾷ
918 3072 1136 3142 ἑαυτὴν,
1160 3072 1267 3136 ἕως
1292 3074 1358 3127 ἂν
1379 3075 1578 3128 ἐκεῖνοι
1600 3076 1871 3140 παύσωσι,

1981 3081 2068 3134 his
2113 3078 2277 3148 igitur
2326 3074 2577 3135 casibus,
2625 3087 2721 3126 cor
2764 3087 2794 3128 a
2846 3071 2998 3127 cavis
3041 3085 3164 3140 qua:
3220 3069 3274 3124 in
3336 3069 3560 3123 thorace

293 3159 388 3209 καὶ
411 3159 512 3227 τὴν
548 3161 804 3233 εἰσπνοὴν
843 3163 1291 3219 ἐπισπάσωνται·
1339 3167 1566 3238 τοιαύτη
1599 3169 1685 3232 τίς
1719 3172 1870 3224 ἐστιν

1979 3179 2110 3230 sunt
2150 3167 2405 3237 spiritum
2459 3162 2712 3232 suscipit,
2763 3178 2794 3216 a
2848 3162 3052 3232 quibus
3102 3173 3156 3218 et
3200 3159 3556 3228 refocillatur,

288 3249 321 3318 ἡ
348 3247 444 3301 τοῦ
467 3249 717 3321 θώρακος
743 3254 902 3308 οὐσία
931 3257 994 3322 ³⁸,
1013 3257 1266 3326 ἐνέργειά
1293 3275 1355 3312 τε
1379 3259 1472 3312 καὶ
1495 3261 1676 3331 χρεία.

1977 3265 2154 3319 donec
2181 3258 2280 3328 ipsi
2317 3257 2372 3310 in
2401 3253 2721 3323 respirando
2751 3252 2873 3322 (illi,
2907 3253 3150 3322 inquam,
3187 3253 3280 3322 qui
3304 3251 3559 3308 cantibus

288 3338 586 3412 indulgent)
626 3343 869 3412 ejusdem
935 3348 1420 3418 reciprocationem
1478 3351 1789 3410 admittant.
1853 3355 2003 3410 Talis
2057 3351 2309 3423 quaedam
2403 3349 2646 3404 thoracis
2703 3346 3040 3411 substantia,
3103 3345 3456 3413 actionesque
3501 3352 3558 3397 et

289 3447 446 3496 usus,
506 3442 564 3487 nt
602 3433 864 3501 diximus,
917 3436 1206 3496 habentur.
1235 3438 1517 3510 Sequitur,
1549 3451 1610 3498 ut
1637 3443 1706 3498 de
1731 3446 1857 3500 colli
1897 3444 2200 3502 substantia
2254 3442 2578 3508 actioneque
2617 3437 2866 3507 proxime
2901 3436 3173 3491 dicamus.

285 3523 428 3598 Κεφ.
454 3524 570 3598 Α1Δ’.
601 3554 672 3598 —_—
698 3527 836 3598 Περὶ
871 3529 977 3582 τοῦ
1011 3530 1349 3598 τραχήλου,
1380 3533 1481 3586 καί
1513 3533 1633 3588 τῶν
1669 3552 1862 3591 auaro

354 3590 556 3647 δύλων
570 3593 681 3662 τῆς
700 3590 956 3665 ῥάχεως,
982 3590 1081 3652 aedi
1106 3590 1213 3654 τοῦ
1238 3590 1517 3656 νωτιαίου
1538 3590 1788 3672 μυέλου.

369 3705 712 3776 ’Δνέλθωμεν
739 3709 797 3762 δὲ
849 3711 988 3781 πρὸς
1036 3711 1128 3766 τὸν
1177 3713 1472 3784 τράχηλον,
1525 3717 1620 3768 καὶ
1664 3717 1864 3788 ἴδωμεν

283 3795 384 3865 τὴν
408 3799 600 3852 οὐσίαν
627 3800 790 3854 αὐτοῦ
821 3803 1008 3869 ὁποία,
1046 3806 1141 3858 καὶ
1173 3805 1273 3875 τὴν
1303 3805 1588 3876 ἐνέργειαν
1607 3825 1622 3840 ο
1648 3803 1771 3862 εἶτα
1797 3812 1864 3865 τὰ

283 3888 602 3958 μετάφρενα
648 3892 742 3944 καὶ
762 3891 862 3962 τὴν
899 3893 1059 3964 ῥάχιν
1079 3911 1093 3925 ·
1127 3893 1320 3948 ἔπειτα
1344 3895 1444 3959 τὰς
1475 3897 1738 3968 πλευράς,
1768 3902 1864 3956 καὶ

280 3977 370 4030 τὸν
395 3977 716 4041 ὑπεζωκότα
734 3997 747 4013 °
776 3983 870 4036 καὶ
895 3983 1016 4036 τότε
1042 3985 1286 4056 περὶτοῦ
1312 3985 1616 4057 πνεύμονος
1645 3989 1746 4042 καὶ
1766 3993 1864 4062 τῆς

279 4069 506 4140 καρδίας
527 4069 956 4143 διασκεψόμεθα.
996 4074 1056 4128 '0
1092 4076 1399 4144 τράχηλος
1426 4077 1612 4132 τοίνυν
1637 4079 1864 4148 λέγεται

279 4160 372 4213 καὶ
397 4159 586 4215 τένων
606 4165 703 4216 καὶ
731 4165 952 4233 αὐχήν.
977 4165 1095 4232 ιΤοῦ
1131 4166 1189 4218 δὲ
1213 4168 1486 4239 τραχήλου
1512 4168 1571 4221 τὸ
1609 4170 1708 4239 μὲν
1754 4170 1856 4240 ξμ-

276 4250 519 4323 προσθεν
559 4255 747 4319 αὑτοῦ,
797 4259 1188 4326 κατακλεῖδες
1231 4261 1515 4328 λέγονται*
1550 4263 1610 4314 τὸ
1635 4262 1692 4315 δὲ
1731 4262 1854 4316 ὄπι-

2074 3553 2205 3621 Cap.
2226 3548 2367 3604 XIV.
2394 3548 2468 3601 De
2495 3546 2652 3610 collo,
2685 3548 2840 3615 spina
2873 3556 2922 3600 et
2956 3545 3160 3598 donati
3192 3541 3449 3597 medulla.

2035 3727 2119 3780 Ab
2165 3724 2251 3778 his
2305 3737 2436 3776 vero
2485 3722 2554 3776 de
2598 3721 2766 3776 dorso
2799 3719 3100 3789 spinaque,
3143 3729 3258 3772 tum
3287 3719 3355 3774 de
3385 3721 3553 3776 costis

1964 3826 2021 3872 et
2065 3816 2383 3870 membrana
2414 3829 2522 3883 qua
2561 3813 2696 3883 ipsae
2727 3822 3008 3882 teguntur,
3045 3822 3234 3882 postea
3271 3819 3452 3867 autem
3483 3813 3552 3867 de

1967 3908 2226 3977 pulmone
2261 3906 2533 3975 cordeque
2586 3913 2844 3959 accurate
2873 3903 3299 3972 disputabimus.
3335 3904 3550 3959 Collum

1967 4001 2133 4070 igitur
2173 3998 2346 4053 Graeci
2393 3998 2587 4059 τένων,
2621 3998 2717 4050 καὶ
2759 3997 2960 4066 αὐχένα
3000 4004 3338 4067 nuncupant,
3395 4007 3552 4051 ante-

1965 4091 2168 4144 riorem
2217 4090 2439 4158 quidem
2485 4092 2605 4159 ejus
2651 4097 2858 4158 partem
2918 4089 3297 4152 κατακλεῖδας.
3336 4090 3440 4144 hoc
3465 4099 3550 4143 est

1961 4181 2279 4234 rlaviculam
2320 4181 2530 4236 dicunt.
2569 4179 2704 4247 Qum
2736 4197 2865 4235 vero
2907 4189 3056 4234 retro
3101 4195 3228 4249 pars
3269 4179 3546 4241 consistit,

1961 4287 2160 4328 nervus
2178 4281 2280 4332 est,
2304 4272 2391 4326 cui
2427 4272 2590 4325 tendo
2619 4286 2841 4331 nomen,
2867 4271 2936 4324 ab
2959 4270 3066 4325 illis
3092 4269 3262 4322 τένων
3288 4269 3490 4332 dictus,
3513 4285 3543 4321 a

278 4342 425 4408 σθεν,
466 4345 673 4399 τένωνο
710 4347 768 4412 ἐξ
815 4341 876 4401 οὗ
921 4351 1017 4402 καὶ
1050 4351 1346 4405 τενάντιον.
1399 4353 1508 4405 Καὶ
1547 4353 1854 4422 τράχηλος

1979 4379 2070 4434 [uo
2100 4373 2155 4417 et
2179 4363 2505 4426 tcuantium,
2535 4362 2708 4416 morbi
2751 4361 3003 4416 videlicet
3038 4377 3210 4432 genus
3240 4361 3384 4431 quod
3420 4361 3545 4416 collt

277 4433 376 4502 μὲν
399 4433 641 4505 λέγεται,
678 4439 789 4492 ἀπὸ
811 4443 912 4510 τῆς
941 4440 1280 4512 τραχύτητος
1303 4441 1412 4494 τῶν
1441 4445 1623 4495 ἐκεῖσε
1651 4445 1850 4497 ὀστῶψ

272 4525 505 4590 ὀστῶδες
545 4529 654 4600 γὰρ
694 4531 756 4583 τὸ
802 4532 967 4602 μέρος
1012 4531 1200 4585 τοῦτο⁹
1241 4533 1452 4605 ἧπαρά
1476 4534 1539 4586 τὸ
1585 4536 1652 4588 δι’
1684 4535 1850 4590 αὑτοῦ

275 4619 412 4687 ῥεῖν,
438 4619 559 4690 ἦτοι
582 4623 801 4692 τρέχειν
827 4623 926 4694 τὴν
947 4625 1157 4696 τροφήν
1179 4639 1191 4654 ’
1224 4620 1336 4678 οἷον
1368 4627 1630 4698 τρόχαλος
1651 4646 1663 4658 ·
1698 4631 1753 4682 αἱ
1793 4631 1848 4683 δὲ

271 4709 667 4779 κατακλεῖδες,
710 4715 794 4766 ὅτι
845 4715 1220 4784 περικλείουσι
1267 4716 1338 4769 τὰ
1395 4721 1532 4787 πρὸς
1580 4720 1641 4771 τὸ
1690 4721 1850 4791 στέρ-

269 4816 360 4855 νον
382 4801 654 4868 ”·¹⁸,ταῖς
679 4805 722 4838 ¹⁹
739 4805 1091 4876 ὠμοπλάταις
1107 4806 1532 4879 διαρθρούμεναι
1561 4810 1628 4863 ³ο.
1659 4811 1723 4863 Ἦ
1741 4813 1847 4881 γὰρ

269 4891 420 4954 κλεὶς
446 4893 534 4948 διὰ
559 4897 732 4964 μόνην
759 4897 860 4967 τὴν
882 4898 978 4951 τοῦ
1003 4897 1253 4968 θώρακος
1290 4899 1506 4967 ἐγένετο
1531 4901 1837 4956 διάστασιν·

265 4981 347 5036 διδ
367 4986 462 5038 καὶ
493 4987 651 5055 μόνος
674 4991 702 5042 ὁ
721 4990 1008 5061 ἄνθρωπος
1032 4992 1096 5044 ὲκ
1117 4991 1336 5046 πάντων
1360 4993 1468 5046 τῶν
1490 4993 1668 5049 ἄλλων
1691 4995 1848 5060 ζώων

1956 4471 2154 4510 nervos
2187 4453 2445 4509 infestare
2471 4455 2628 4519 solet,
2653 4455 2977 4524 appellatur.
2994 4453 3542 4524 ϐοιιυιῐι,τράχηλος,

1958 4545 2067 4599 ἀπὸ
2099 4546 2201 4616 τῆς
2230 4545 2572 4617 τραχύτητος
2592 4545 2702 4598 τῶν
2732 4547 2910 4599 ἐκεῖσε
2938 4546 3133 4611 ὀστῶν,
3165 4546 3234 4600 ab
3252 4545 3545 4614 asperitate

1954 4635 2207 4690 videlicet
2267 4637 2476 4690 ossium
2535 4654 2658 4707 quae
2702 4638 2835 4692 inibi
2893 4647 3044 4702 sunt,
3095 4638 3211 4708 88
3255 4637 3340 4692 vel
3397 4637 3543 4706 quod

1952 4741 2048 4796 per
2095 4727 2274 4796 ipsum
2323 4728 2641 4783 alimentum
2691 4730 2900 4796 deﬂuit,
2947 4730 3094 4799 quod
3153 4729 3231 4784 illi
3267 4729 3400 4799 ρεῖν,
3449 4737 3545 4782 aut

1953 4817 2166 4889 τρέχειν
2199 4817 2409 4882 dicunt,
2439 4831 2793 4890 nuncupant;
2825 4821 3184 4884 κατακλεῖδας
3211 4835 3360 4885 vero,
3392 4819 3541 4889 quod

1950 4925 2052 4965 nos
2100 4909 2457 4977 claviculam,
2508 4913 2633 4968 inde
2688 4914 2796 4968 dici
2854 4914 3151 4984 opinantur
3204 4912 3350 4983 quod
3412 4928 3536 4966 cum

1946 5002 2183 5071 scapulis
2214 5004 2320 5059 tale
2366 5020 2428 5059 os
2477 5005 2892 5071 dearticulatur,
2931 5021 2996 5060 ac
3031 5019 3210 5075 partes
3232 5020 3354 5075 quae
3391 5005 3536 5059 circa

1945 5105 2133 5162 pectus
2160 5107 2287 5151 sunt
2336 5099 2600 5154 claudat:
2637 5099 2907 5167 siquidem
2953 5096 3216 5152 clavicula
3253 5097 3371 5166 ipsa
3416 5095 3539 5148 tho-

268 5167 412 5222 racis
437 5175 815 5228 tantummodo
855 5176 1273 5234 disterminandi
1304 5181 1478 5251 gratia
1544 5184 1840 5239 constituta
1878 5197 1982 5244 est.
2021 5191 2166 5258 quod
2197 5205 2283 5256 os,
2318 5201 2513 5262 praeter
2581 5155 2767 5247 omnia
2809 5192 3067 5246 animalia
3104 5191 3314 5245 homini
3337 5191 3535 5245 dunta-

266 5267 361 5314 xat
396 5272 589 5316 natura
634 5263 843 5319 tribuit.

339 5351 498 5407 Ἐστι
537 5354 596 5407 δὲ
642 5356 760 5421 ὅλος
796 5359 824 5412 ὁ
870 5361 1143 5433 τράχηλος
1173 5363 1446 5436 ὀστώδηςι
1495 5366 1824 5432 σπονδύλους

336 5462 382 5496 ¹⁰
516 5482 728 5544 μετωνΣ
747 5472 932 5544 τρόπῳ
959 5490 1069 5528 orn.
1101 5476 1163 5528 P.

331 5687 426 5758 (p).
461 5689 523 5743 ll.
551 5691 612 5749 Ε.
639 5691 688 5746 7.

1273 5477 1312 5508 ¹¹
1338 5476 1512 5556 ὀστῶν
1531 5478 1855 5556 [anguet-63v
2016 5487 2058 5517 ”
2078 5487 2138 5539 τὸ
2163 5487 2320 5556 σῶμα
2347 5505 2455 5542 om.
2487 5491 2550 5545 Α.

259 5547 370 5589 om.
408 5532 470 5588 Β.
518 5532 592 5569 ’¹⁸
628 5532 802 5596 ταῦτα
830 5532 916 5596 Α.’
972 5545 1016 5577 ¹⁶
1052 5545 1207 5599 οὐσία
1246 5559 1354 5602 om.
1383 5551 1450 5604 A.
1530 5532 1650 5590 "-"5
1683 5532 1768 5603 τῶ
1803 5532 1871 5606 es

1979 5574 2009 5609 υ
2050 5557 2110 5609 Α.
2194 5532 2374 5622 "chi;
2423 5561 2478 5611 Β.
2558 5564 2600 5592 ¹⁰

2003 5372 2219 5428 Collum
2275 5382 2450 5430 totum
2508 5376 2728 5431 ossibus
2763 5375 3006 5430 obsitum
3063 5385 3166 5438 eat,
3199 5375 3267 5428 ab
3301 5373 3531 5442 occipito

2670 5491 2712 5520 ¹³
2741 5488 3080 5560 διαχωρίζων
3112 5491 3152 5542 Λ
3186 5489 3244 5542 Β.
3357 5487 3399 5520 ⁸⁵
3430 5488 3528 5542 καὶ

2642 5559 3045 5628 διαρθρούμενα
3087 5560 3146 5614 Β.
