4040 6150
499 293 638 348 1207

1784 285 2065 344 Μειετιι
2105 283 2422 343 IIONACHI

3635 281 3786 340 9208

497 427 628 466 vero
656 411 828 480 spina:
851 408 1112 466 vertebrte
1142 421 1290 475 sunt,
1319 424 1442 479 quae
1470 407 1736 464 musculis
1787 409 2081 477 nervisque

2194 402 2421 460 1πότοῦ
2469 404 2606 457 ίνιου
2653 419 2816 474 εχωιν,
2859 402 2969 456 ἀπὸ
2990 403 3033 435 ﬂ
3076 401 3237 472 μυῶν
3281 401 3378 455 καὶ
3421 400 3638 471 νεύρων
3685 403 3786 456 καὶ

495 504 731 560 invicem
759 503 1052 563 cohaerent.
1081 501 1155 556 Ex
1189 503 1274 555 his
1313 516 1435 570 quae
1464 502 1606 555 collo
1635 501 1898 556 vertebrae
1934 501 2086 554 adhi-

497 598 626 651 bita:
674 602 821 657 sunt,
874 604 1104 664 septem,
1163 609 1287 664 quae
1316 608 1447 647 vero
1475 593 1646 648 dorso
1670 591 1983 654 duodecim,
2017 591 2085 646 ad

494 688 712 742 lumbos
743 694 925 741 autem
964 687 1180 756 positae,
1212 683 1456 756 quinque
1489 673 1875 747 numerantur,
1911 682 1994 738 sic
2029 691 2089 736 ut

496 795 759 834 numerus
815 778 1191 832 vertebrarum
1243 778 1489 831 omnium
1529 785 1768 842 quatuor
1804 791 1970 845 spura
2005 775 2087 828 vi-

495 871 630 941 ginti
687 870 976 926 habeatur.
1013 870 1153 923 Sunt
1185 870 1405 939 quidem
1435 883 1626 924 omnes
1655 867 1889 922 invicem
1935 882 2088 920 com-

497 971 667 1032 pacta
733 961 1194 1032 compositaque,
1248 976 1314 1015 ac
1370 962 1425 1014 in
1475 959 1561 1015 his
1613 959 2035 1028 conjunctiones
2068 998 2084 1022 ,

495 1069 899 1124 processusque
945 1054 999 1106 in
1042 1055 1260 1107 modum
1295 1054 1579 1123 spinarum
1609 1052 1978 1122 prominentes
2010 1051 2088 1105 vi-

498 1153 713 1199 suntur.
777 1143 967 1198 Medici
1043 1152 1223 1198 autem
1279 1145 1476 1198 harum
1533 1142 1922 1198 cohaerentiam
1947 1158 2087 1210 γυγε-

497 1233 746 1303 γλυσμόν
807 1233 1085 1302 appellare
1151 1241 1580 1287 consueverunt.
1618 1230 1748 1296 Sed,
1788 1245 2085 1299 quamnam

498 1324 764 1378 vertebrae
823 1324 952 1392 ipsa:
1007 1325 1115 1377 vim
1172 1323 1429 1387 habeant,
1480 1322 1640 1376 cuive
1694 1321 1816 1376 usui
1853 1321 2087 1375 actioni-

499 1432 606 1482 que
665 1415 1174 1480 accommodentur,
1217 1416 1270 1469 in
1328 1415 1415 1470 his
1460 1431 1584 1485 qua:
1625 1415 1778 1484 prius
1825 1413 2086 1482 exposui-

501 1526 624 1564 mus
655 1510 794 1564 satis
847 1509 1052 1564 dictum
1108 1518 1209 1563 est.
1263 1508 1566 1570 Praeterea,
1606 1508 1807 1562 collum
1864 1507 1934 1560 ab
1981 1506 2088 1560 illis

501 1601 653 1673 δειρὴ
694 1611 1046 1671 nuncupatur
1077 1641 1093 1666 ,
1145 1601 1240 1656 sed
1295 1602 1400 1656 hoc
1463 1615 1662 1654 nomen
1714 1599 1932 1669 propria
1983 1612 2088 1651 vo-

2188 497 2504 567 συνδέσμων
2551 494 2978 567 περιεχομένους
3005 508 3018 523 ·
3055 495 3200 549 κατὰ
3246 494 3350 563 μὲν
3379 494 3474 547 τὸν
3503 494 3786 564 τράχηλον

2187 589 2350 654 ἑπτὰ,
2385 587 2528 640 κατὰ
2553 587 2612 640 δὲ
2641 588 2733 640 τὸν
2766 585 2937 640 νῶτον
2967 585 3063 640 δύο
3091 586 3187 640 καὶ
3234 586 3389 640 δέκα·
3427 584 3574 638 κατά
3596 584 3656 638 δὲ
3682 584 3785 655 τὴν

2187 679 2360 748 ὀσφὺν
2404 680 2592 733 πέντε·
2623 679 2700 743 ὡς
2731 677 2877 733 εἶναι
2922 679 3135 741 πάντας
3162 678 3262 732 κδ’.
3313 677 3678 747 Ἐσφιγμένοι
3721 677 3785 734 δέ

2187 773 2296 824 εισι
2328 770 2465 839 πρὸς
2501 769 2771 841 ἀλλήλους
2810 772 2906 824 καὶ
2946 769 3273 840 τεθειμένοι,
3310 767 3595 838 συμϐολὰς
3623 767 3784 838 ἕχον-

2187 879 2281 926 τες
2315 863 2415 916 καὶ
2445 862 2755 931 ἀποφύσεις
2781 861 3143 925 ἀκανθώδεις.
3183 862 3251 915 Ἥ
3279 862 3337 915 δὲ
3371 861 3620 930 συμὸολὴ
3651 860 3785 912 τού-

2188 970 2321 1019 των,
2361 953 2698 1024 γυγλισμός
2725 953 2946 1023 λέγεται
2978 954 3131 1024 παρά
3169 952 3282 1006 τῶν
3321 953 3550 1023 ἰατρῶν·
3584 951 3689 1022 τὴν
3725 952 3786 1004 δὲ

2187 1047 2399 1102 τούτων
2443 1047 2753 1102 σπονδύλων
2796 1047 3066 1118 δύναμιν,
3104 1050 3200 1102 καὶ
3233 1048 3446 1118 χρείαν,
3482 1047 3580 1101 καὶ
3618 1047 3785 1116 ἐνέρ-

2189 1159 2371 1210 γειαν,
2413 1142 2474 1195 ὲν
2511 1143 2626 1205 τοῖς
2671 1141 2898 1197 ὄπισθεν
2936 1142 3314 1213 διεξήλθομεν.
3370 1141 3609 1208 Λέγεται
3647 1140 3708 1194 δὲ
3755 1145 3787 1195 ὀ

2189 1235 2490 1304 τράχηλος
2523 1235 2620 1290 καὶ
2654 1234 2857 1304 δειρή·
2892 1235 3102 1305 κυρίως
3138 1234 3240 1304 μὲν
3285 1233 3380 1287 ἐπὶ
3427 1233 3540 1286 τῶν
3579 1249 3788 1299 τετρα-

2193 1327 2390 1392 πόδων,
2432 1324 2524 1378 διὰ
2570 1324 2633 1378 τδ
2669 1325 2882 1379 ἐκεῖθεν
2925 1325 3284 1395 ὲκδέρεσθαι·
3316 1324 3790 1394 καταχρηστικῶς

2190 1417 2248 1470 δὲ
2279 1418 2374 1469 καὶ
2407 1417 2500 1470 ἐπὶ
2528 1416 2639 1470 τῶν
2675 1415 3002 1488 ἀνθρώπων,
3049 1417 3188 1470 διότι
3225 1419 3335 1470 πᾶν
3367 1416 3396 1469 ὀ
3429 1416 3507 1487 μὴ
3538 1415 3610 1468 δι’
3651 1416 3784 1469 ὅλου

2192 1509 2340 1562 ἔστιν
2365 1503 2410 1576 ᾧ
2436 1511 2482 1541 ’⁸
2504 1509 2746 1578 λέγεται,
2770 1510 2835 1562 ὲκ
2864 1511 3264 1581 καταχρήσεως
3292 1508 3408 1579 ἔχει
3433 1510 3532 1578 τὴν
3562 1507 3786 1577 κλῆσιν.

2192 1600 2273 1653 Τὰ
2307 1602 2366 1655 δὲ
2408 1599 2766 1654 ὑποκάτωθεν
2805 1599 2918 1653 τῶν
2949 1599 3298 1670 ὠμοπλατῶν
3333 1600 3660 1671 μετάφρενα
3691 1598 3788 1650 λέ-

502 1693 680 1748 cabuli
718 1693 1118 1762 significatione
1148 1692 1216 1746 ad
1271 1691 1624 1762 quadrupeda
1659 1689 1931 1750 refertur,
1989 1688 2089 1740 hac

2194 1709 2403 1760 γονται,
2431 1693 2519 1746 ὅτι
2549 1691 2836 1756 ἐξόπισθεν
2872 1693 2982 1746 τῶν
3015 1691 3231 1762 φρενῶν
3264 1695 3448 1745 κεῖται
3471 1708 3484 1720 ·
3529 1690 3663 1744 ὅθεν
3693 1691 3791 1742 καὶ

499 1783 720 1851 quidem
754 1753 822 1838 de
848 1797 1039 1845 causa,
1079 1783 1223 1851 quod
1249 1753 1318 1835 al)
1365 1753 1507 1850 ipso-
1532 1780 1788 1834 animalia
1842 1779 2092 1850 ὲκδέρον-

2194 1753 2225 1833 ὀ
2261 1753 2513 1852 Ὀμήρός
2552 1753 2720 1851 φήσιν
2739 1819 2755 1846 ,
2787 1776 2952 1851 ἧπαρ
2985 1753 3103 1835 ὑπὸ
3133 1779 3450 1848 πραπίδων
3474 1779 3574 1850 (q),
3605 1780 3633 1831 ὅ
3669 1781 3791 1832 ἐστι

499 1891 612 1939 ται,
645 1874 752 1930 hoc
781 1884 864 1929 est
886 1873 1281 1937 excoriautur;
1320 1873 1413 1926 sed
1441 1881 1495 1926 et
1526 1872 1752 1936 abusus,
1786 1869 1852 1924 ad
1904 1871 2083 1925 homi-

2195 1871 2307 1925 τῶν
2338 1871 2552 1945 φρενῶν
2576 1872 2644 1926 ⁸³.

502 1977 634 2020 num
693 1965 891 2021 collum
934 1965 1038 2020 hoc
1095 1979 1297 2018 nomen
1328 1962 1520 2017 referri
1558 1963 1715 2018 solet.
1759 1961 1894 2015 illud
1941 1962 2087 2016 enim
2129 1962 2304 2016 abusu
2343 1961 2566 2026 dicitur,
2631 1962 2782 2033 quod
2830 1977 2938 2016 non
2977 1977 3046 2018 ex
3094 1970 3210 2018 toto
3243 1975 3309 2017 ac
3385 1969 3534 2016 recta
3571 1959 3793 2015 ratione

502 2055 666 2110 alicui
701 2057 776 2110 rei
808 2056 1219 2112 accmnmodari
1259 2055 1451 2126 possit.
1497 2054 1632 2111 Pars
1693 2063 1875 2110 autem
1915 2071 2038 2126 quae
2077 2055 2320 2126 scapulis
2379 2055 2656 2122 subditur,
2716 2057 2942 2112 dorsum
2996 2055 3220 2122 dicitur,
3283 2055 3430 2124 quod
3489 2054 3568 2108 illi
3614 2053 3788 2125 μετάο

409 2199 412 2202 ,
503 2163 700 2218 φρενον
736 2146 945 2211 dicunt,
971 2146 1140 2215 quod,
1177 2153 1302 2213 post
1366 2144 1484 2198 loca
1534 2144 1589 2198 in
1637 2144 1840 2214 quibus
1883 2144 2082 2199 mentis
2120 2153 2186 2200 a‘c
2238 2143 2660 2214 praecordiorum
2703 2144 2860 2200 sedes
2925 2153 3029 2210 est,
3060 2143 3335 2210 consistit,
3370 2151 3429 2197 ut
3463 2141 3738 2200 Homerus
3768 2149 3787 2180 τ

503 2239 568 2292 At
593 2237 745 2307 jecur
777 2246 855 2292 est
885 2241 1067 2290 subter
1094 2235 1416 2306 prwcordia.

576 2331 745 2400 Spina
795 2345 948 2395 vero,
978 2345 1100 2400 qua
1130 2330 1308 2401 ρἀις,
1335 2325 1448 2384 οἷον
1479 2327 1636 2401 ρῆξίς
1675 2329 1759 2394 τίς
1804 2330 1971 2394 ἐστιν,
2005 2327 2089 2383 vi-

2283 2329 2349 2383 'H
2380 2329 2439 2382 δὶ
2463 2329 2644 2398 ῥάχις
2674 2328 2834 2399 ῥῆξίς
2871 2329 2959 2394 τίς
2984 2330 3125 2393 ἐστι,
3158 2328 3229 2382 τά
3255 2326 3410 2393 δεξιὰ
3441 2325 3555 2378 τῶν
3585 2323 3795 2376 εὐωνύο

503 2419 700 2474 delicet
735 2419 835 2473 rivi
881 2419 1171 2490 cujusdam
1219 2420 1455 2477 elﬂuxus
1508 2428 1614 2488 est,
1659 2422 1756 2492 qui
1810 2421 2090 2476 dexteram

2203 2437 2322 2490 μων
2347 2420 2772 2492 διαχωρίζουσα·
2815 2419 2848 2490 ἦ
2881 2420 2970 2474 διὰ
3011 2419 3331 2490 τραχύτητα
3371 2416 3484 2470 τῶν
3521 2431 3794 2482 συνεστηο

507 2523 541 2563 a
588 2508 721 2564 laeva
771 2520 922 2580 parte
984 2511 1198 2566 dividit.
1260 2511 1388 2566 Sive
1445 2511 1588 2576 inde,
1633 2527 1666 2565 a
1717 2511 2090 2566 vertebrarum

2200 2511 2376 2566 κότων
2406 2513 2547 2582 αὐτῇ
2580 2510 2872 2566 κονδύλων·
2905 2507 3042 2576 οἷον,
3074 2511 3286 2581 τράχις
3316 2509 3417 2564 καὶ
3437 2507 3642 2576 ῥάχις.
3682 2507 3792 2559 Δέ-

508 2598 728 2666 quidem
771 2599 1097 2668 asperitate,
1144 2615 1173 2653 a
1208 2601 1411 2670 quibus
1443 2600 1561 2669 ipsa
1593 2608 1813 2653 constat
1853 2599 2093 2653 nominis

2197 2621 2353 2673 γεται
2399 2603 2457 2656 δὲ
2509 2604 2604 2657 καὶ
2641 2601 2910 2668 ἄκανθα,
2972 2602 3052 2673 τῷ
3095 2603 3196 2666 τάς
3242 2604 3307 2654 ἐκ
3356 2599 3469 2652 τῶν
3517 2597 3796 2653 κονδύλων

510 2700 735 2739 causam
773 2685 1035 2751 desumit,
1069 2688 1216 2758 quod
1263 2689 1332 2742 ab
1377 2687 1511 2756 ipsis
1558 2687 1772 2756 τραχὶς,
1801 2687 1896 2740 καὶ
1938 2687 2093 2756 ῥάχις

2202 2695 2509 2764 ἀποφύσεις
2536 2694 2876 2758 ἀκανθώδεις
2901 2690 3064 2748 εἶναι·
3096 2697 3125 2749 ὀ
3150 2695 3208 2748 δὲ
3238 2694 3490 2763 Ὅμηρος
3517 2691 3660 2755 ἰξὺν
3691 2691 3794 2744 αύ-

509 2777 737 2833 dicitur.
787 2777 892 2832 Sed
935 2786 990 2834 et
1031 2780 1202 2850 spinae
1240 2794 1438 2834 nomen
1483 2778 1712 2841 obtinet,
1747 2793 1812 2832 ex
1847 2793 1913 2832 eo
1949 2779 2093 2848 quod

2201 2787 2303 2855 τὴν
2337 2785 2509 2839 καλεῖ·
2537 2787 2603 2856 ἢν
2629 2787 2728 2856 οὐχ
2754 2781 2872 2840 οἷόν
2900 2802 2961 2838 τε
2988 2786 3176 2838 κνίσαι
3204 2784 3238 2855 ἢ
3271 2783 3435 2850 ξύσαι
3471 2783 3517 2813 ’⁸
3548 2780 3796 2844 εύκόλως

513 2869 918 2938 prominentiis,
940 2872 1056 2926 sive
1098 2871 1450 2941 processibus
1481 2868 1810 2940 quibusdam
1838 2871 1892 2926 in
1929 2870 2093 2940 spinae

2204 2876 2270 2944 τῇ
2308 2871 2416 2945 ἰδίᾳ
2449 2873 2618 2944 χειρὶ,
2648 2874 2764 2926 ἀλλ’
2795 2875 3003 2945 ἑτέρων
3027 2875 3072 2906 ’⁵
3095 2873 3309 2927 δεῖσθαι
3332 2873 3413 2935 είς
3433 2871 3620 2925 τοῦτο·
3656 2871 3800 2940 φησὶ

510 2959 730 3014 modum
767 2960 1009 3025 fulcitur,
1035 2977 1159 3031 quae
1202 2962 1273 3016 ab
1319 2961 1452 3031 ipsis
1487 2960 1701 3014 ἄκανθα
1726 2970 2093 3031 nuncupatur.

2203 2966 2334 3035 γάρ·
2371 2965 2795 3034 Κατάκνηστιν
2819 2966 2984 3035 μέσα
3012 2966 3174 3020 νῶτα
3201 2962 3404 3034 πλῆξε
3425 2964 3521 3031 (r).
3561 2963 3668 3017 Τὸν
3702 2963 3798 3016 τὸο

509 3049 780 3106 llomerus
837 3060 1017 3106 autem
1076 3052 1218 3106 hanc
1271 3051 1385 3117 ἰξὺν
1437 3051 1692 3120 appellat,
1738 3061 1925 3122 utpote
1971 3065 2093 3122 qua:

2197 3075 2298 3111 πον
2350 3057 2677 3130 ἑρμηνεύων
2717 3059 2879 3112 τοῦτο
2915 3059 3158 3130 εἴρηκεν.
3201 3060 3267 3112 Ol.
3320 3053 3467 3126 ὦμοι
3521 3055 3682 3127 παρά
3735 3053 3799 3107 τὸ

510 3141 682 3210 scalpi
743 3141 966 3210 propria
1009 3141 1123 3210 89
1179 3157 1343 3195 manu
1393 3143 1538 3196 haud
1586 3143 1746 3196 facile
1781 3153 1966 3212 queat,
1997 3143 2093 3197 sed

2203 3149 2498 3218 ὑπομένειν
2553 3151 2624 3203 τά
2674 3149 2818 3220 βάρη
2859 3151 2969 3203 τῶν
3002 3150 3238 3220 φορτίων
3280 3149 3525 3219 εἴρηται.
3558 3147 3800 3214 Λέγεται

509 3233 688 3286 aliena
742 3231 984 3285 oflicium
1035 3231 1237 3300 explet,
1289 3247 1319 3285 a
1371 3234 1539 3286 verbo
1583 3233 1824 3302 ξύσαι,ἢ
1873 3236 2092 3303 κνῆσαι.

2201 3238 2259 3290 δὲ
2286 3239 2350 3290 τὸ
2377 3240 2547 3309 μέρος
2583 3240 2643 3292 ὲν
2671 3234 2717 3306 ᾧ
2747 3241 2797 3292 οἱ
2828 3241 3157 3309 ὡμοπλάται
3201 3237 3414 3304 νῶτος,
3461 3236 3652 3307 ἐπειδὴ
3683 3235 3801 3288 τῶν

511 3324 647 3376 Nam
704 3320 1018 3385 Homerus,
1092 3321 1259 3390 hujus
1313 3323 1416 3377 loci
1469 3323 1859 3392 interpretandi
1923 3325 2093 3392 gratia

2203 3328 2379 3383 ἄλλων
2434 3329 2708 3394 νοτίζεται
2767 3330 2970 3400 μᾶλλον
2996 3373 3010 3395 ,
3060 3330 3156 3385 καὶ
3188 3331 3271 3392 είς
3317 3327 3510 3381 τοῦτον
3553 3328 3584 3379 ὀ
3633 3325 3800 3395 ἱδρὼς

511 3409 594 3466 sic
651 3411 831 3481 inquit
884 3429 899 3466 :
944 3411 1052 3476 Qui
1108 3414 1339 3464 medium
1391 3413 1538 3466 dorsi
1589 3413 1861 3482 scafpeudi
1918 3415 2093 3484 gratia

2206 3423 2494 3494 καταρρεῖ·
2541 3423 2618 3486 ὼς
2663 3424 2760 3477 καὶ
2785 3424 2833 3456 ³⁸
2879 3425 3160 3493 Ὅμηρος·
3203 3422 3363 3477 Κατὰ
3405 3419 3476 3473 δὲ
3515 3416 3800 3484 νώτιος”

513 3502 704 3572 tangit.
757 3500 1031 3558 Humeros
1081 3516 1320 3573 namque
1383 3502 1566 3573 ὤμους
1629 3504 1781 3574 παρά
1843 3503 1906 3556 τὸ
1964 3505 2093 3558 ὑπο-

2194 3513 2338 3578 ρέεν
2368 3515 2543 3583 ιδρὼς
2587 3517 2686 3586 (³)·
2717 3517 2834 3580 καὶ,
2867 3516 2980 3570 Τὸν
3008 3513 3202 3569 νῶτόν
3237 3530 3357 3584 μου
3399 3511 3596 3566 ἔδωκα
3617 3509 3664 3541 ’⁸
3713 3512 3803 3573 εις

513 3591 696 3677 μένειν
737 3592 799 3644 τὺ
857 3593 995 3663 βαρὺ
1048 3592 1158 3646 τῶν
1213 3593 1450 3666 φορτίων
1483 3634 1498 3659 ,
1553 3595 1700 3664 quod
1757 3596 2095 3650 sarcinarum
2195 3604 2518 3674 μάστιγας·
2552 3607 2648 3660 καὶ
2682 3607 2972 3677 νωτοφόρα
3000 3605 3119 3670 ζῶά
3151 3620 3335 3674 φαμεν
3356 3603 3423 3657 ¹⁹.
3462 3601 3710 3668 Λέγεται
3739 3597 3803 3649 τὸ

511 3675 762 3740 videlicet
806 3685 1046 3754 pondera
1103 3685 1414 3740 sustineant
1463 3687 1570 3742 dici
1623 3688 1942 3757 opinantur.
1991 3687 2096 3744 Ve-

511 3788 659 3840 rum,
707 3776 861 3830 locus
918 3778 971 3828 in
1018 3791 1129 3844 quo
1180 3777 1418 3846 scapulae
1469 3787 1600 3833 sunt
1644 3787 1854 3846 tergum
1909 3781 2096 3848 appel-

2198 3696 2444 3750 τοιοῦτον
2472 3697 2638 3769 μέρος
2664 3699 2759 3750 καὶ
2788 3699 2942 3766 ψύη,
2972 3695 3124 3766 παρά
3151 3695 3213 3748 τὸ
3237 3693 3417 3764 ψαύω·
3441 3690 3800 3762 ήὲπιψαύου-

2200 3803 2268 3838 σα
2293 3787 2337 3818 ³⁸
2368 3786 2526 3858 σὰρξ,
2558 3789 2654 3842 καὶ
2683 3788 2779 3841 ἐπὶ
2812 3787 3030 3850 πολλοῖς
3059 3783 3198 3840 οὖσα
3226 3787 3342 3848 τοῖς
3373 3784 3610 3844 ὀστέοις.

513 3865 677 3932 latur,
726 3867 871 3936 quod
933 3867 1030 3932 illi,
1077 3867 1246 3922 νῶτον
1311 3867 1421 3922 ἀπὸ
1470 3867 1565 3920 τοῦ
1621 3867 1892 3932 νωτίζειν,
1951 3874 2093 3940 qttod

2194 3848 2627 3945 rgiversarivest,
2696 3879 2780 3933 vel
2818 3880 2966 3949 quod
3012 3848 3194 3950 magis
3258 3891 3425 3947 quam
3462 3875 3585 3929 aliae
3615 3881 3800 3942 partes

514 3958 754 4028 pondera
783 3959 1114 4014 sustinentes
1135 3960 1334 4014 sudore
1351 3961 1685 4023 madescant,
1713 3969 1773 4040 ut
1819 3962 2126 4021 Homerus:
2168 3968 2367 4038 Deﬂuit
2422 3986 2488 4025 ex
2526 3971 2756 4028 humeris
2811 3971 2995 4027 sudor.
3033 3971 3100 4026 Et
3141 3970 3275 4025 illud
3313 3959 3617 4040 prophetae,
3661 3965 3800 4018 Dor-

512 4067 634 4107 sum
659 4067 830 4104 meum
871 4051 993 4106 dedi
1031 4052 1442 4120 percutientibus
1494 4052 1608 4122 (a),
1637 4053 1782 4109 unde
1831 4055 2088 4112 animalia
2128 4060 2295 4119 dorso
2363 4064 2693 4122 sustinentia
2755 4065 2969 4134 pondus
3010 4063 3292 4132 νωτοφόρα
3325 4060 3441 4125 ζῶα
3503 4059 3790 4114 dicuntur.

934 4165 1070 4237 Cap.
1100 4165 1216 4220 XV.
1251 4193 1324 4206 -—
1352 4164 1430 4219 De
1461 4167 1646 4220 costis.

587 4277 693 4334 Sed
728 4290 780 4333 et
811 4280 1124 4335 lumborum
1155 4281 1311 4336 locus
1345 4292 1451 4348 est,
1513 4280 1609 4352 qui
1647 4280 1723 4335 illi
1771 4281 1913 4351 ψύας
1947 4283 2099 4354 παρά
2128 4358 2132 4362 ἡ

2485 4180 2628 4248 Κεφ.
2662 4176 2764 4232 ιε’.
2793 4210 2865 4220 --
2886 4177 3027 4247 Περί
3050 4177 3171 4232 τῶν
3205 4172 3514 4243 πλευρῶν.

2287 4291 2443 4344 Ἐπεὶ
2489 4291 2546 4344 δὲ
2590 4293 2624 4362 ἠ
2671 4290 2816 4362 ψύη,
2858 4291 2955 4344 καὶ
2995 4291 3024 4342 ὀ
3066 4287 3273 4358 θώραξ,
3314 4287 3412 4340 καὶ
3447 4286 3506 4338 αἱ
3554 4283 3800 4352 πλευραὶ

513 4371 575 4424 τὸ
621 4369 782 4441 ψαύω
826 4372 1100 4436 dictitant,
1150 4388 1180 4427 a
1218 4374 1492 4444 tangendo
1549 4372 1817 4439 videlicet,
1871 4373 2093 4442 quodin

2209 4383 2630 4455 συνήρθρωνται
2667 4384 2765 4438 καὶ
2795 4382 3161 4444 συνδέδενται,
3204 4380 3302 4433 καὶ
3329 4375 3443 4432 οἷον
3491 4394 3799 4447 συγκοινω-

513 4465 596 4520 eis
653 4480 782 4520 caro
831 4479 956 4521 ossa
1016 4464 1135 4534 ipsa
1186 4467 1568 4520 tantummodo
1619 4464 1810 4535 tangit,
1878 4480 1942 4519 ac
2005 4480 2097 4534 per

515 4556 861 4627 superficiem
913 4555 1262 4610 distenditur.
1308 4555 1577 4623 Quoniam
1621 4571 1751 4610 vero
1808 4555 1998 4620 lumbi,
2044 4566 2101 4611 et

518 4648 735 4715 thorax,
769 4659 1158 4718 custarumque
1186 4649 1320 4702 ordo
1345 4648 1577 4704 invicem
1613 4649 1889 4702 conterent
1933 4663 2102 4716 copu-

516 4739 807 4809 lanturque
827 4779 842 4804 ,
878 4749 932 4795 et
960 4755 1061 4795 ceu
1087 4739 1401 4794 communia
1429 4739 1677 4809 quaedam
1703 4755 1901 4794 usuum
1927 4739 2100 4793 actio-

518 4847 758 4902 numque
818 4833 992 4888 oliicia
1055 4833 1326 4904 explent,
1383 4848 1489 4888 non
1537 4832 1604 4886 ab
1664 4848 1722 4886 re
1771 4831 1984 4886 videtur
2035 4829 2103 4885 de

518 4923 686 4978 costis
712 4924 874 4976 etiam
910 4923 1115 4990 aliquid
1154 4921 1396 4993 proferre
1434 4924 1490 4978 in
1532 4922 1794 4977 medium.
1841 4920 2101 4986 Quaedam

521 5031 754 5084 namque
781 5024 945 5070 cusuc
979 5015 1172 5084 longae,
1228 5015 1478 5084 quaedam
1533 5028 1661 5068 vero
1715 5012 1908 5069 breves
1947 5021 2097 5076 sunt,

2201 4475 2386 4530 νοῦσιν
2412 4475 2667 4546 ἀλλήλοις
2692 4476 2814 4537 ταῖς
2837 4473 3056 4543 χρείαις
3086 4471 3180 4525 καὶ
3209 4468 3548 4539 ἐνεργείαις·
3577 4465 3737 4520 οὐδὲν
3756 4465 3799 4495 ³¹

2201 4560 2404 4615 ἄτοπον
2433 4559 2842 4631 ἐπισκέψασθαι
2879 4562 3011 4632 περὶ
3043 4559 3226 4614 αὐτῶν
3257 4559 3366 4612 τῶν
3412 4555 3693 4626 πλευρῶν.
3735 4555 3800 4607 Δί

2205 4651 2303 4720 μὲν
2331 4652 2441 4704 είσὶ
2469 4653 2706 4725 μακραὶ,
2729 4655 2785 4706 αί
2808 4653 2866 4706 δὲ
2894 4651 3103 4705 κονταί·
3132 4649 3196 4714 ἃς
3231 4651 3325 4703 καὶ
3352 4647 3803 4713 κογτοπλεύρια

2202 4744 2477 4814 λέγουσιν,
2499 4744 2534 4815 ἢ
2554 4747 2773 4812 νόθους
2799 4745 3089 4814 πλευράς.
3122 4744 3248 4797 Elei
3267 4743 3327 4796 δὲ
3352 4742 3518 4795 πέντε
3548 4740 3608 4792 αἱ
3634 4739 3798 4792 νόθοι·

2205 4836 2550 4906 συμφύονται
2567 4837 2626 4890 δὲ
2659 4838 2738 4907 τῷ
2771 4854 2829 4890 τε
2859 4836 3241 4906 διαφράγματι
3267 4834 3364 4887 καὶ
3395 4831 3689 4902 ἀλλήλαις·
3722 4829 3801 4890 είς

2204 4927 2426 4998 χόνδρον
2457 4927 2518 4980 τδ
2545 4927 2720 4998 πέρας
2747 4927 2932 4981 αὐτῶν
2965 4925 3217 4998 ἔχουσαι.
3259 4926 3326 4977 Al.
3356 4923 3416 4976 δὲ
3449 4922 3645 4975 λοιπαὶ
3691 4918 3803 4972 τῶν

2206 5017 2460 5088 πλευρῶν
2519 5019 2616 5071 καὶ
2663 5019 2714 5071 oi
2775 5019 2878 5087 τῆς
2937 5017 3152 5088 ῥάχεως
3213 5014 3505 5069 σπόνδυλοι
3561 5010 3695 5081 περὶ
3745 5007 3804 5060 τὸ

517 5121 656 5174 quas
711 5106 953 5162 costulas
1001 5107 1117 5162 sive
1159 5105 1477 5176 degeneres,
1527 5104 1610 5161 vel
1669 5103 1867 5160 mthas
1919 5112 2093 5158 costas

2210 5106 2430 5178 στέρνον
2463 5108 2531 5176 ³¹,
2563 5107 2659 5162 τοῦ
2690 5107 2946 5180 θὼρακός
2983 5109 3125 5161 εἰσιν
3170 5106 3308 5163 ὀστᾶ
3330 5104 3398 5136 ³³·
3439 5101 3657 5156 δώδεκα
3707 5099 3803 5169 μὲν

589 5237 668 5307 (τι)
696 5236 800 5292 lsa.
830 5254 880 5303 1.,
912 5239 965 5291 6.

590 5349 639 5430 ³⁸³
658 5350 849 5430 ὑπὸ-Β.
927 5352 1022 5430 ’ξό
1051 5353 1110 5406 Β.
1138 5353 1234 5430 __"
1263 5351 1370 5430 ύπό
1399 5350 1732 5430 τᾷςηφρένας
1753 5350 1834 5430 ξιξ)⁵
1859 5344 2280 5430 ἦπαριέτὶρωσεν
2307 5348 2367 5400 Β.
2423 5347 2491 5430 _“
2529 5365 2615 5401 κν.
2637 5347 2949 5430 ilignei},
2988 5348 3210 5430 κινῇσαι
3238 5347 3312 5430 Α..
3379 5343 3716 5430 ³⁸’έτέρξνθξγ
3738 5343 3798 5430 Er

521 5421 566 5490 ξφ
592 5419 669 5480 ὡς
697 5420 790 5473 καὶ
819 5436 928 5475 om.
961 5423 1025 5476 Α.
1138 5423 1182 5453 ’⁷
1219 5413 1583 5490 νωτερος’Βξ’
1665 5421 1709 5452 ⁸⁸
1747 5413 1960 5490 δέδωκα
1985 5413 2147 5490 ’Β-Ρί.Δ
2209 5420 2255 5490 _’°
2297 5417 2479 5490 φαμὲν
2512 5432 2622 5490 om.
2865 5420 2910 5452 ⁸⁰
2938 5413 3239 5490 νγαὶᾲέπιψ.
3283 5417 3348 5490 Α.
3427 5414 3470 5490 ³]
3503 5413 3708 5490 ούδ.ηδὲ
3736 5413 3796 5465 B'

522 5488 565 5521 ⁸⁸
596 5490 774 5544 καὶτὸ
803 5490 1024 5562 στέρνον
1053 5491 1146 5545 τοῦ
1179 5481 1449 5562 θώρακος,
1485 5492 1591 5544 εἰσὶ
1637 5492 1684 5546 δ.
1723 5491 1782 5545 Β.
1900 5489 1944 5522 ³³
1972 5488 2064 5542 τοῦ
2105 5487 2162 5542 δὲ
2199 5481 2335 5557 θωρ.
2379 5481 2521 5540 εἰσὶν
2561 5489 2702 5541 ἑπτὰ
2733 5489 2851 5543 oar.
2895 5490 2957 5557 A,
2993 5487 3086 5544 τοῦ
3125 5481 3261 5559 θιιὶρ.
3298 5486 3403 5540 sic.
3437 5483 3574 5540 ὀστᾶ
3622 5481 3684 5538 C.

593 5622 669 5755 ἕο)
704 5623 762 5675 ll.
797 5626 864 5687 N,
901 5626 1027 5677 “2.

625 5691 668 5755 r)
692 5690 795 5746 Od.
822 5695 891 5754 Κ,
925 5695 1014 5746 ltil

2281 5623 2346 5695 (δ)
2374 5623 2435 5679 ιι.
2475 5625 2541 5692 Α,
2573 5623 2695 5679 διο.

625 5690 891 5755 r)0d.K,
925 5695 1042 5746 ltil.
