4040 6150
313 311 334 364 ί
344 303 453 361 209

1553 307 1641 363 DE
1676 307 1961 366 NATURA
2005 309 2311 366 HOMINIS.

3437 317 3573 376 πετο

311 416 660 490 ἑκατέρωθε-ν
690 414 749 470 αἱ
781 415 1040 487 πλευραὶ,
1072 417 1328 487 καθάπερ
1354 419 1450 474 καὶ
1485 422 1537 475 οί
1560 424 1851 478 σπόνδυ).οι
1871 441 1887 458 ο
1923 482 1924 487 η

2035 428 2267 482 ictitant.
2324 424 2418 479 Hae
2467 425 2686 495 quidem
2743 439 2974 480 numero
3011 425 3257 495 quinque
3297 425 3591 490 habentur,

310 510 680 581 διήρθρωνται
709 505 756 539 ³⁸
803 507 913 578 γὰρ
961 508 1171 578 ἑκάστη
1225 510 1365 578 πρὸς
1413 511 1532 574 ἕνα.
1585 515 1656 567 τὰ
1705 515 1764 567 δὲ
1800 515 1896 570 τοῦ

313 599 541 669 στέρναυ
601 596 1019 668 συνήρθρωνται
1047 597 1091 628 ³⁵
1138 597 1414 668 ἀλλήλοις.
1475 601 1650 656 Ἐπτά
1699 604 1756 656 δὲ
1808 606 1900 659 τδν

312 688 551 760 ἀριθμόν
577 691 738 741 εἰσιν·
777 688 902 741 ὅσαι
936 689 1030 741 καὶ
1060 689 1116 741 αἱ
1151 690 1288 757 πρὸς
1314 691 1449 743 αὐτὸ
1472 693 1901 766 διαρθροὺμεναι

314 779 577 850 πλευραί·
627 779 705 841 ὡς
753 773 898 831 εἶναι
942 778 1043 841 τὰς
1085 780 1264 842 πάσας
1293 780 1338 811 ³⁸
1371 781 1547 836 εἴκοσι
1596 785 1901 856 τέσσαρας·

312 870 524 923 δώδεκα
554 869 680 922 καθ’
711 870 972 938 ἑκάτερον
999 871 1167 940 μέρος
1194 871 1683 944 συναρθρουμένας
1712 875 1780 908 ³⁷·
1801 878 1903 939 τὰς

320 959 420 1029 μὲν
448 957 680 1024 δώδεκα,
711 960 828 1021 τοῖς
855 956 1067 1011 δώδεκα
1101 959 1420 1024 σπονδύλοις
1447 962 1544 1016 τοῦ
1575 963 1769 1031 νώτου,
1800 967 1902 1030 τὰς

316 1049 374 1102 δέ
403 1067 466 1117 γε
489 1051 671 1116 πέντε,
699 1052 767 1121 τῇ
787 1049 971 1118 ὀσφύϊ·
991 1051 1045 1102 αἱ
1071 1049 1128 1104 δὲ
1156 1051 1320 1119 ἑπτὰ,
1347 1053 1426 1122 τῷ
1457 1054 1687 1126 στέρνῳ,
1714 1057 1901 1123 καθὼς

320 1140 560 1209 εἴρηται.

2005 526 2062 572 et
2095 526 2249 586 septo
2310 527 2624 572 transverso
2675 517 2986 580 coluerent,
3045 533 3110 572 ac
3159 517 3390 573 invicem
3447 529 3596 574 recto

2007 606 2201 660 ordine
2266 606 2632 661 consistentes
2668 644 2682 668 ,
2749 605 2802 658 in
2870 606 3249 676 cartilaginem
3311 605 3592 660 desinunt.

2010 693 2254 764 Reliqua:
2291 710 2422 750 vero
2449 705 2617 749 costa:
2651 694 2952 764 spinteque,
2983 695 3247 750 vertebra:
3274 703 3329 749 et
3367 704 3554 764 pectus
3576 732 3594 757 ,

2015 787 2257 842 thoracis
2291 802 2418 843 ossa
2468 798 2620 842 sunt.
2651 786 2920 852 Quaelibet
2962 803 3108 856 pars,
3158 787 3417 856 utrinque
3460 787 3598 840 duo-

2009 877 2178 933 denas
2210 891 2416 944 coetas,
2473 878 2621 948 quod
2671 888 2726 932 et
2795 879 2952 948 spina
3001 878 3280 933 vertebrae
3329 877 3594 942 continet,

2009 984 2242 1040 quarum
2283 971 2540 1041 quaelibet
2585 971 2818 1041 singulis
2872 969 3138 1024 vertebris
3185 970 3593 1024 coarticulatur.

2011 1063 2084 1116 At
2153 1050 2389 1131 pectoris
2447 1078 2571 1117 ossa
2605 1101 2620 1126 ,
2677 1077 2801 1129 qua:
2872 1062 3243 1131 septenarinm
3305 1076 3597 1115 numerum

2007 1151 2249 1221 explent,
2287 1151 2744 1207 dearticulatione
2790 1152 3021 1206 invicem
3050 1152 3375 1223 junguntur,
3407 1165 3600 1221 quem—

321 1235 616 1291 admodum
655 1242 709 1288 et
757 1241 942 1298 costae,
987 1249 1129 1303 quae,
1156 1234 1258 1302 ipsi
1289 1246 1418 1290 sunt
1447 1237 1902 1294 dearticulatioue
1962 1242 2286 1310 conjunctae.
2358 1241 2568 1313 Itaque,
2599 1252 2781 1298 costas
2846 1259 3037 1297 omnes
3076 1258 3308 1298 numero
3354 1255 3589 1312 quatuor

322 1345 486 1401 supra
532 1329 721 1399 viginti
759 1345 880 1384 esse
911 1341 1142 1385 constat.
1173 1331 1256 1386 Ab
1295 1340 1528 1401 utraque
1554 1332 1702 1388 enim
1764 1345 1914 1404 parte
1986 1339 2273 1402 duodenm,
2325 1339 2474 1394 dorsi
2525 1339 2837 1406 vertebris,
2890 1353 3014 1408 qua:
3066 1338 3292 1393 totidem
3372 1353 3600 1391 numero

323 1432 473 1488 sunt,
505 1421 952 1486 coarticulantur,
987 1437 1220 1491 quarum
1289 1422 1535 1493 quinque
1573 1423 1775 1480 lumbis
1841 1427 1974 1495 ipsis
2011 1430 2390 1500 applicantur,
2445 1439 2652 1500 septem
2711 1444 2842 1485 vero
2897 1445 3022 1484 cum
3089 1440 3338 1499 pectore,
3403 1444 3601 1498 quem-

325 1517 620 1572 admodum
650 1516 889 1570 diximus
913 1556 928 1582 ,
963 1514 1230 1584 copulata:
1263 1524 1416 1570 sunt.

393 1630 616 1691 Ταύτα;
642 1629 699 1682 δὲ
723 1630 820 1693 τὰς
853 1629 898 1661 ⁸⁸
939 1630 1082 1682 ἑπτὰ
1111 1628 1448 1693 ὑποζωννὺει
1478 1631 1573 1684 καὶ
1617 1631 1909 1699 ὑπαλείφει

2089 1632 2201 1688 Has
2233 1645 2413 1688 autem
2473 1641 2682 1704 septem
2735 1642 2940 1698 costas,
2987 1634 3296 1689 communis
3352 1636 3601 1704 quaedam

326 1737 412 1783 τις
470 1719 616 1789 ὑμὴν
676 1720 893 1784 κοινὸς,
951 1719 1010 1782 ὃς
1058 1720 1171 1773 ἀπὸ
1221 1723 1321 1791 τῆς
1369 1723 1560 1792 χρείας
1612 1722 1914 1787 ὑπεζωκὼς

2028 1726 2334 1780 membrana
2408 1741 2517 1795 qua
2577 1735 2742 1782 costa:
2779 1734 3065 1796 teguntur,
3113 1743 3236 1795 qua:
3294 1727 3603 1792 ὑπεζωκὼς

329 1810 667 1880 ὠνόμασται.
721 1810 978 1878 Ἐγένετο
1013 1810 1071 1863 δὲ
1127 1801 1282 1874 οὗτος
1333 1811 1361 1862 ὁ
1407 1811 1558 1882 ὑμὴν
1612 1814 1768 1883 παρᾶ
1813 1815 1914 1883 τῆς

332 1903 622 1973 προνοίας,
669 1902 760 1956 ἵνα
795 1903 872 1972 μὴ
906 1901 988 1972 τῷ
1038 1901 1304 1972 πνεύμονι
1341 1904 1568 1974 ἁμέσως
1616 1905 1917 1975 ὁμιλοῦσα,

332 1995 442 2049 τῶν
460 1994 636 2049 ὀστῶν
663 1997 698 2066 ὴ
727 1995 888 2048 οὑσία
921 1994 1135 2065 σκληρὰ
1162 1995 1256 2048 καὶ
1278 1994 1574 2058 ἀντίτυπος
1601 1992 1759 2061 οὖσα,
1790 1998 1920 2068 ἀνιᾷ

336 2089 500 2143 αὑτὸν
543 2090 638 2141 καὶ
676 2086 990 2157 ὲπιπλήσσῃ
1032 2088 1100 2157 τῇ
1149 2085 1517 2157 προσψαὺσει.
1568 2088 1691 2141 Εἰσὶ
1722 2089 1780 2141 δὲ
1826 2089 1921 2142 καὶ

339 2181 484 2236 κατὰ
514 2181 615 2245 τὰς
654 2180 853 2244 λοιπὰς
898 2179 1143 2249 πλευρὰς
1193 2178 1583 2250 μεσοπλεὺριοι
1622 2180 1795 2251 μῦες,
1825 2181 1921 2246 οὓς

339 2274 439 2325 καὶ
470 2272 697 2341 φρένας
729 2271 986 2326 καλοῦσι·
1027 2270 1122 2323 διὰ
1157 2269 1220 2322 τὸ
1253 2273 1554 2342 φρενητιᾷν
1584 2273 1629 2304 ⁸⁸
1655 2275 1784 2337 τοὺς
1827 2275 1923 2327 ἁν-

343 2363 633 2440 ρρώπους,
673 2363 902 2416 ἐκείνων
947 2361 1414 2432 φλεγμαινόντων.
1447 2363 1618 2418 Οὐδὲν
1655 2367 1764 2434 γάρ
1809 2367 1926 2419 ἐστι

345 2453 626 2522 πλευρῖτις
654 2494 669 2519 ,
707 2455 754 2506 εί
782 2452 861 2522 μὴ
882 2449 1166 2522 φλεγμονὴ
1195 2448 1292 2503 τοῦ
1321 2450 1420 2516 τὰς
1448 2451 1689 2523 πλευρὰς
1717 2453 1930 2517 ὑπεζω-

345 2544 504 2607 κότος
533 2545 754 2614 ὑμένος.

2015 1815 2127 1886 90
2161 1817 2381 1884 dicitur,
2413 1818 2689 1886 subcingit
2734 1817 2988 1887 velatque
3050 1817 3119 1871 ah
3147 1816 3312 1872 oflicii
3343 1818 3604 1873 videlicet

2018 1908 2299 1964 iunctione
2337 1910 2484 1978 quod
2515 1910 2717 1978 explet,
2755 1909 2829 1963 ita
2857 1907 3147 1978 appellata.
3175 1907 3358 1962 Talem
3381 1909 3601 1978 quidem

2021 2000 2396 2054 membranam
2448 1999 2724 2056 Creatoris
2767 1999 3106 2070 providentia
3143 1998 3274 2053 inibi
3298 1999 3602 2062 constituit,

2023 2105 2092 2146 ne
2116 2091 2326 2147 scilicet
2353 2091 2560 2146 ossium
2600 2090 2929 2156 substantia,
2970 2105 3093 2159 quae
3129 2104 3321 2160 aspera
3351 2103 3416 2143 ac
3455 2089 3603 2143 reln-

2025 2190 2182 2237 ctans
2205 2189 2310 2246 est,
2366 2191 2589 2251 repente
2645 2181 2853 2251 absque
2901 2180 3084 2236 medio
3123 2180 3307 2250 aliquo
3359 2179 3606 2249 pulmoni

2027 2287 2346 2339 occurrens,
2398 2273 2615 2328 dolores
2645 2272 2750 2342 ipsi
2794 2272 3023 2342 inlligat,
3077 2272 3340 2341 illumque
3377 2285 3488 2340 pra:
3519 2270 3607 2324 sui

2029 2372 2175 2419 tactu
2203 2364 2393 2418 reddat
2421 2364 2736 2418 attonitum.
2779 2362 2919 2417 Sunt
2955 2363 3174 2432 quidem
3208 2371 3260 2416 et
3287 2362 3434 2416 circa
3466 2360 3606 2415 alias

2030 2465 2212 2511 costas
2241 2455 2495 2521 musculi,
2527 2455 2617 2525 qui
2648 2453 3015 2509 intercostiles
3056 2453 3334 2516 dicuntur,
3374 2467 3514 2522 quos
3554 2459 3610 2504 et

2033 2546 2270 2616 phrenas
2317 2552 2671 2616 nuncupant,
2713 2543 2972 2614 quoniam
3009 2542 3064 2596 in
3109 2542 3422 2612 phrenesim
3482 2541 3609 2608 ipsi,

347 2639 454 2692 hoc
475 2647 560 2692 est
589 2639 640 2692 in
670 2640 1104 2704 insaniam,cum
1135 2656 1230 2697 eos
1295 2650 1603 2697 tumescere
1667 2640 1890 2707 accidit,
1916 2640 2198 2697 hominem
2227 2642 2473 2714 adigunt.
2535 2639 2682 2696 Nihil
2728 2639 2874 2696 enim
2920 2637 3069 2694 aliud
3103 2637 3408 2709 'plenresis,
3445 2651 3610 2707 quam

347 2730 679 2785 membrana:
698 2744 877 2787 tumor
894 2749 1016 2802 qua:
1036 2741 1218 2791 costas
1240 2734 1518 2803 subcingit
1534 2733 1807 2804 velatque,
1831 2741 1935 2788 est.

421 2863 580 2925 Τινὲς
613 2863 669 2917 δὲ
699 2865 762 2917 τὸ
804 2863 1146 2935 διάφραγμα
1185 2866 1282 2920 καὶ
1325 2865 1418 2939 τὸν
1447 2862 1792 2925 ὐπεζωκότα
1835 2863 1931 2918 ἕνα

349 2951 623 3005 ὑπέλαϐον
657 2949 798 3005 εῖναι
849 2953 1059 3023 ὑμένα·
1095 2955 1196 3007 οὑκ
1241 2954 1388 3006 ἔστιν
1429 2953 1506 3008 δέ.
1555 2954 1717 3007 Ἀλλο
1737 2954 1784 2986 ⁸⁸
1825 2953 1935 3023 γὰρ

2110 2866 2251 2922 Sunt
2287 2867 2381 2936 qui
2429 2876 2642 2937 septum
2701 2873 3100 2929 transversum,
3155 2869 3212 2917 et
3258 2867 3444 2916 costas
3484 2858 3615 2914 sub-

2035 2962 2341 3030 cingentem
2386 2959 2783 3024 membranam,
2831 2970 2996 3010 unam
3051 2953 3409 3021 eamdemque
3438 2964 3614 3004 mem-

349 3046 581 3109 ἐκεῖνος,
614 3045 709 3097 καὶ
732 3044 861 3098 ἄλλο
883 3043 926 3075 δι
954 3038 1131 3108 οὗτος.
1179 3045 1419 3108 Ἐκεῖνος
1454 3044 1554 3114 μὲν
1589 3044 1700 3114 γὰρ
1730 3044 1924 3113 διαχω-

2037 3056 2266 3110 branam
2299 3067 2442 3117 esse,
2467 3051 2560 3106 sed
2593 3066 2702 3104 non
2742 3058 2889 3104 recte
2911 3045 3119 3116 opinati
3168 3054 3316 3100 sunt.
3347 3041 3481 3097 Nam
3507 3042 3614 3097 alia

352 3135 490 3208 ρίζει
528 3136 600 3189 τά
631 3153 690 3189 τε
719 3137 777 3188 ὲν
805 3135 884 3207 τῷ
914 3135 1149 3206 θώρακι,
1179 3137 1274 3190 καὶ
1315 3135 1386 3189 τὰ
1430 3135 1536 3189 ὑπὸ
1581 3136 1672 3188 τὸν
1706 3134 1934 3207 θώρακα

353 3229 659 3298 σπλάγχνα,
692 3227 789 3281 καὶ
817 3227 916 3297 τὴν
950 3227 1227 3298 ἀναπνοὴν
1261 3229 1506 3298 ἐνεργεῖ,
1544 3227 1729 3290 καθὼς
1762 3227 1935 3298 ἔφθην

351 3320 552 3374 εἰπών’
586 3313 742 3383 οὗτος
775 3318 833 3372 δὲ
872 3318 970 3383 τὰς
1016 3319 1258 3390 πλευρὰς
1303 3318 1676 3384 ὑποζωννύει,
1710 3321 1804 3373 καὶ
1843 3319 1938 3374 τὸν

353 3415 633 3484 πνεύμονα
673 3411 1023 3480 διαφυλάττει
1071 3412 1170 3482 τῆς
1211 3411 1418 3464 τούτων
1474 3411 1698 3481 βλάϐης.
1737 3411 1843 3465 Τὺν
1880 3410 1938 3464 δὲ

351 3506 448 3558 τοῦ
487 3505 903 3574 διαφράγματος
941 3503 1115 3572 ὑμένα
1155 3502 1530 3571 περίπεπλον
1562 3502 1812 3571 λέγουσι’
1848 3501 1940 3555 διὰ

352 3595 418 3647 τὸ
456 3595 853 3666 περιειλεῖσθαι
879 3594 924 3626 ⁸⁸
963 3594 1129 3647 αὐτὸν
1167 3596 1281 3657 τοῖς
1327 3595 1680 3664 σπλάγχνοις.
1713 3595 1782 3646 ’Ἡ
1833 3593 1938 3647 πέο

355 3691 536 3750 πλον,
564 3689 653 3742 διὰ
683 3689 744 3740 τὺ
773 3685 1158 3754 ὑφαπλοῦσθαι
1188 3687 1254 3717 ⁸³·
1285 3685 1319 3754 ἢ
1349 3685 1540 3748 πάτος
1575 3685 1684 3737 ἀπὸ
1712 3683 1805 3737 τοῦ
1841 3702 1941 3737 πε-

359 3778 588 3848 πῆχθαι,
625 3781 718 3832 καὶ
746 3775 858 3833 οἷον
889 3778 1242 3848 συνεσφῖχθαι
1265 3795 1278 3809 ⁸
1314 3777 1394 3830 διδ
1419 3778 1512 3831 καὶ
1536 3777 1565 3829 ὁ
1594 3776 1940 3846 Καλλίμαχος

357 3869 535 3933 οὕτως
555 3871 680 3941 ἔφη·
713 3872 893 3941 Ἥρης
938 3875 1129 3944 ἁγνὸν
1151 3873 1522 3942 ὑφηνέμεναι
1546 3871 1688 3941 τῇσι
1711 3873 1944 3942 μέμηλε

359 3960 552 4027 πάτος
572 3960 638 4014 ⁸⁸⁵.
669 3961 788 4015 Εἰσὶ
803 3963 860 4015 δὲ
883 3966 1025 4016 κατὰ
1055 3965 1244 4034 σχῆμα
1269 3963 1324 4016 αἱ
1347 3962 1586 4033 πλευραὶ
1614 3964 1713 4032 οὐχ
1735 3964 1940 4032 ὅμοιαι·

2035 3148 2256 3218 quidem
2291 3145 2403 3208 illa,
2435 3144 2540 3198 alia
2560 3157 2687 3197 vero
2711 3142 2826 3196 hac
2843 3140 3094 3195 habetur.
3119 3136 3343 3208 Septum
3381 3150 3619 3204 namque

2040 3251 2436 3302 transversum,
2466 3250 2528 3290 ea
2588 3249 2712 3304 qua;
2741 3233 2793 3287 in
2825 3233 3048 3287 thorace
3078 3240 3225 3294 sunt,
3255 3237 3311 3285 et
3343 3243 3467 3299 qua;
3515 3227 3618 3283 sub

2040 3332 2159 3402 ipso
2178 3329 2485 3384 consistunt
2509 3325 2742 3390 viscera,
2776 3323 3140 3387 disterminat,
3165 3327 3221 3375 et
3243 3317 3620 3389 respirationis

2040 3420 2283 3476 cilicium
2315 3417 2556 3480 exhibet,
2589 3415 2670 3470 uti
2707 3415 2859 3484 prius
2885 3429 3008 3468 cum
3048 3413 3116 3467 de
3139 3411 3225 3465 his
3276 3424 3489 3481 agerem
3524 3423 3620 3462 ex-

2040 3507 2236 3578 plicavi
2273 3523 2289 3571 ;
2327 3505 2494 3558 altera
2523 3517 2652 3557 vero
2681 3510 2862 3556 costas
2894 3498 3191 3567 subcingit,
3219 3503 3275 3550 et
3311 3495 3622 3564 pulmonem

2042 3596 2338 3666 quominus
2364 3592 2434 3646 ab
2491 3590 2627 3659 ipsis
2671 3588 2792 3644 laedi
2852 3595 3038 3657 queat,
3065 3584 3242 3640 reddit
3283 3590 3617 3650 exemptum.

2044 3687 2203 3742 Enim
2237 3699 2385 3750 vero,
2409 3679 2863 3750 diaphragmatis,
2899 3678 3005 3732 hoc
3027 3686 3108 3732 est
3149 3674 3286 3744 septi
3327 3672 3624 3728 transversi

2045 3778 2442 3837 membranam,
2471 3771 2785 3844 περίπλοον,
2833 3769 2982 3840 quod
3036 3765 3339 3821 visceribus
3386 3762 3626 3818 involva-

2047 3882 2134 3926 tur
2190 3874 2528 3935 nuncupant.
2577 3862 2706 3918 Sive
2763 3860 2960 3932 peplon
3008 3857 3175 3911 διὰτὸ
3224 3853 3625 3925 ὑφαπλοῦσθαι,

2047 3961 2193 4033 quod
2211 3959 2458 4015 videlicet
2481 3955 2586 4026 ipsi
2613 3955 2664 4008 iu
2697 3953 2836 4024 pepli
2859 3951 3080 4006 modum
3111 3948 3513 4012 substernatur,
3543 3944 3628 3999 vel

357 4050 478 4106 ἀλλ’
508 4053 563 4104 αί
603 4051 702 4122 μὲν
734 4053 1074 4122 ἐπικαμπεῖς
1096 4092 1112 4117 ,
1143 4055 1200 4106 αί
1228 4054 1284 4106 δὲ
1316 4050 1678 4106 ἀνανεύουσαι
1721 4051 1860 4120 πρὸς
1885 4051 1947 4103 τὸ
2050 4053 2243 4114 πάτος,
2290 4048 2398 4102 ἀπὸ
2441 4046 2538 4100 τοῦ
2591 4044 2890 4115 πεπῆχθαι.
2921 4042 3016 4095 καὶ
3077 4036 3188 4094 οἷον
3249 4037 3626 4107 συνεσφίχθαι,

360 4144 584 4214 στέρνον
605 4161 617 4174 ·
645 4143 706 4196 ea
737 4143 890 4205 τέλος
919 4144 1141 4214 ἔχουσαι
1175 4143 1422 4214 χόνδρον,
1453 4142 1570 4196 ἀλλ’
1605 4143 1707 4196 οὐκ
1734 4141 1944 4194 ὀστοῦν.

360 4234 703 4305 Στρογγύλαι
736 4235 838 4306 μὲν
871 4235 1023 4290 ἔνθεν
1043 4277 1058 4302 ,
1089 4235 1297 4288 ὲκεϊοεν
1332 4235 1388 4288 δὲ
1437 4235 1718 4288 πλατεῖαν
1750 4235 1951 4287 ἐναπο-

2050 4141 2195 4211 quod
2209 4149 2549 4209 compactam
2566 4151 2689 4192 esse
2700 4135 3160 4202 constrictamque
3171 4129 3626 4199 interpretareris.

2055 4232 2125 4288 Ut
2153 4233 2526 4288 Callimachus
2572 4229 2748 4297 inquit
2793 4245 2808 4281 :
2859 4227 3041 4296 ’Ἤρης
3075 4223 3241 4291 ἁγνὸν
3300 4221 3630 4289 ὑφηνέμεναι

359 4325 583 4378 δέουσαι
617 4326 912 4396 ἀλλήλαις,
945 4327 1040 4381 καὶ
1081 4327 1541 4396 ὲναπομένουσαι.
1589 4324 1854 4396 Εἴρηνται
1892 4323 1924 4376 δη

2051 4328 2177 4396 τῇσι
2210 4323 2420 4393 μέμηλε
2450 4322 2636 4383 πάτος,
2675 4318 2818 4387 quod
2863 4315 3095 4372 studiosi
3134 4327 3232 4382 pro
3278 4311 3362 4366 sui
3409 4309 3633 4363 arbitrio

362 4415 644 4485 πλευραὶ,
676 4418 760 4470 ὅτι
804 4417 1032 4488 πλήρεις
1079 4418 1186 4470 είσὶ
1236 4417 1451 4486 μυελῶν
1499 4414 1924 4487 ἁναμυχωτοί·ἱ

2056 4419 2495 4486 interpretentur.
2529 4411 2644 4467 Non
2676 4413 2820 4465 enim
2848 4417 3014 4464 costa:
3049 4406 3218 4478 ﬁgura
3243 4403 3474 4458 invicem
3502 4416 3634 4453 con-

361 4507 478 4562 οἷον
507 4510 830 4581 πολυευραὶ,
857 4509 932 4573 ὡς
970 4509 1219 4562 πλατεῖαι
1253 4509 1349 4562 καὶ
1375 4509 1562 4580 χώραν
1600 4508 1807 4577 πολλὴν
1837 4507 1924 4559 δια

2054 4508 2302 4571 veniunt,
2324 4504 2417 4560 sed
2437 4503 2684 4573 quaedam
2706 4515 2966 4566 recurva},
2991 4500 3110 4554 aliae
3127 4511 3256 4551 vero
3267 4495 3332 4548 ad
3351 4501 3538 4562 pectus
3554 4492 3636 4544 in-

361 4601 719 4670 κατέχουσαι·
749 4601 784 4671 ἢ
815 4601 1096 4672 πολυωραὶ
1127 4599 1306 4665 οὖσαι,
1341 4599 1418 4662 ὡς
1453 4601 1831 4668 φυλάσσουσαι
1857 4616 1924 4651 κα

2057 4606 2308 4660 nitentes,
2336 4596 2391 4650 in
2419 4593 2818 4663 cartilaginem,
2850 4598 3150 4645 nouantem
3187 4588 3241 4641 in
3267 4601 3330 4640 os
3354 4583 3635 4638 desinunt.

361 4693 724 4763 περιέχουσαι
775 4693 868 4746 τὸν
915 4692 1219 4762 πνεύμονα,
1270 4693 1368 4761 τὴν
1420 4691 1683 4762 καρδίαν,
1721 4691 1815 4742 καὶ
1851 4691 1918 4756 τὴ

2059 4689 2497 4743 Etextrinseens
2548 4685 2767 4754 quidem
2822 4683 3092 4745 rotundae,
3142 4679 3476 4734 intrinsecus
3508 4685 3640 4746 vero

359 4786 636 4855 γαστέραο
665 4785 773 4838 ἀπὸ
802 4785 900 4839 τοῦ
937 4785 1306 4856 ὡρεῖν,ῆγουν
1341 4783 1660 4852 φυλάττειν’
1692 4781 1787 4834 καὶ
1806 4797 1922 4856 atqu:

2055 4781 2178 4834 lata:
2207 4780 2393 4847 ligurae
2439 4785 2591 4838 sunt,
2641 4787 2695 4830 et
2722 4774 3056 4837 deﬁcientes,
3097 4786 3163 4825 ac
3195 4768 3360 4824 veluti
3389 4780 3512 4822 sese
3540 4779 3639 4818 ex-

377 4877 548 4945 ωρδς,
589 4879 684 4930 καὶ
713 4877 960 4949 Ουρωρὺς
992 4877 1052 4942 ἐξ
1085 4877 1275 4932 αὐτοῦ’
1307 4877 1382 4940 ὡς
1416 4877 1509 4929 καὶ
1549 4874 1816 4936 Ἡσίοδοςο

2056 4870 2731 4939 spectantes,cousistunt.
2758 4867 2816 4920 in
2844 4879 3032 4920 earum
3059 4877 3186 4916 vero
3209 4871 3460 4930 suprema
3492 4861 3643 4924 parte

363 4971 630 5035 medulla,
684 4985 791 5023 non
858 4978 1040 5025 autem
1078 4970 1130 5024 itt
1187 4970 1375 5023 intima
1445 4969 1658 5024 visitur.
1689 4965 1799 5020 llas
1863 4964 1924 5017 π)

2028 4963 2108 5026 »ἃς
2169 4962 2240 5018 ob
2286 4962 2340 5017 id
2373 4962 2647 5026 dictitant,
2681 4955 2792 5012 οἷον
2847 4955 3168 5026 πολυευρὰς,
3220 4953 3313 5006 καὶ
3357 4947 3636 5011 πλατείας,

360 5067 519 5139 quod
587 5067 640 5120 in
681 5067 973 5137 plurimam
1013 5065 1354 5120 latitudinem
1398 5071 1700 5132 porrectas,
1731 5076 1796 5115 ac
1822 5060 2051 5114 multum
2090 5058 2195 5112 loci
2229 5066 2559 5126 occupantes
2589 5063 2735 5109 recte
2766 5053 2986 5107 dixeris.
3014 5051 3139 5104 Sive
3175 5045 3454 5114 πυλεωραὶ
3487 5037 3642 5096 οὖσαι

360 5164 482 5219 ἀπὸ
506 5162 599 5216 τοῦ
617 5163 799 5234 ὠρεῐν,
826 5164 918 5216 καὶ
957 5162 1264 5232 φυλάττειν,
1283 5145 1287 5151 ’
1305 5159 1450 5228 quod
1505 5157 1797 5212 terminare
1824 5171 1890 5209 ac

2028 5154 2203 5208 todire
2229 5154 2464 5218 diceres,
2518 5151 2774 5221 quoniam
2815 5149 2944 5203 dum
2975 5148 3284 5216 pulmonem
3334 5149 3389 5196 et
3433 5153 3550 5200 cor,
3579 5152 3646 5191 ac

363 5251 480 5308 alvi
522 5227 937 5317 lines-servant,
969 5227 981 5232 ’
1011 5251 1115 5320 91
1151 5227 1603 5316 custodiamque,
1649 5259 1836 5302 eorum
1891 5242 2239 5298 excubitores
2311 5257 2375 5297 ac
2428 5240 2608 5296 tedilui
2648 5241 2946 5303 habentur;
2980 5246 3038 5289 ut
3077 5231 3346 5289 Hesiodus
3399 5227 3467 5284 de
3500 5236 3644 5282 terra

366 5342 594 5414 inqu“:

452 5542 498 5573 ³⁸⁵
520 5543 855 5613 διήρθρωται
885 5546 926 5595 Β
965 5543 1026 5597 C-
1108 5545 1152 5575 ³⁸
1187 5543 1569 5613 συνὴρθρωται
1602 5545 1640 5595 Β
1671 5544 1731 5598 C.
1809 5542 1854 5575 ³⁸
1879 5532 2302 5613 πασᾈπλευ-ρὰς
2347 5532 2387 5586 Β
2423 5531 2482 5613 ᾗ
2531 5527 2606 5613 ⁸³⁷
2654 5517 3317 5613 συναριιομουμέναςηξξῖω
3338 5511 3645 5613 invexit-13:3

371 5616 438 5667 δὲ
464 5583 696 5674 ταῖς⁸ι¹ἒ.¹
747 5615 790 5644 ³ο
820 5615 1100 5683 epam-ev
1140 5614 1182 5664 A
1225 5614 1283 5666 ιν.
1309 5583 1589 5674 murem;
1616 5616 1674 5665 Β.
1762 5613 1802 5643 δι
1839 5612 1924 5663 ἄλ]

2033 5583 2618 5683 ιέῖ··“ίέχςιέξρέ,ι›.ῆσοαε
2645 5596 2764 5683 μβ
2793 5583 2837 5624 ει
2865 5583 3122 5663 φης-δρψ
3149 5601 3318 5657 usque
3342 5585 3407 5640 ad
3433 5583 3644 5655 μέμηλε

375 5683 558 5743 πάτος
582 5699 689 5735 oin.
723 5684 762 5733 Β
793 5663 875 5736 (31.ι
935 5684 975 5714 ""
1007 5685 1129 5751 ἧρις
1161 5682 1223 5735 ἂν
1255 5682 1557 5752 ὑψηέμεναι
1591 5687 1712 5749 vis:
1755 5681 1924 5748 μέμη)

2028 5680 2172 5738 :J'ttc;
2221 5663 2334 5728 [.ul'.
2369 5663 2520 5728 ‘q’ct‘s.
2557 5667 2676 5722 add.
2728 5663 2816 5718 Fr.
