4006 6158
456 320 599 383 ιειι

526 504 712 559 Cretas
738 502 826 557 {ut
847 504 982 555 hanc
999 503 1224 555 mediam
1252 502 1639 573 comprenderet
1675 503 1858 563 ordine
1871 512 2032 559 certo.

457 678 523 734 Et
565 678 783 748 quidem
825 675 1307 748 comprehendere,
1343 692 1439 747 pro
1481 692 1547 731 eo
1586 676 1731 747 quod
1763 677 2038 734 custodire

1738 314 2027 371 ΜΕιΕτιι
2067 309 2379 369 ΠΟΝΑΟΗΙ

528 435 716 508 [frium
751 435 958 508 quidem
1002 433 1181 508 tellus,
1237 442 1355 502 post
1383 434 1556 508 ipsum
1603 433 1830 508 stellifer
1896 435 2041 489 orbis

2149 431 2298 508 ζἰιῖα
2316 428 2385 508 δέ
2407 445 2496 508 τρι
2526 426 2766 508 “eam
2785 423 2904 508 μένε

3592 298 3747 358 ηις

2925 422 3196 491 ἐγείνατο
3228 419 3371 476 ἴσον
3396 417 3591 491 ἑαυτῇ

2148 499 2422 570 Οὐρανὸν
2446 490 2816 564 ἀστερόεντα
2833 510 2846 525 ·
2882 490 2986 547 ινα
3006 508 3116 564 μιν
3140 490 3587 632 ηὗὲςτέῗόντα
3624 505 3748 545 κσ-

2138 684 2248 738 Καὶ
2281 682 2343 736 τὸ
2377 680 2658 751 περιέχειν
2693 679 2751 734 δὲ
2794 676 2929 732 αὐτὸ
2944 677 2991 711 ⁸⁸
3034 676 3100 730 ὲκ
3136 675 3233 729 τοῦ
3264 673 3601 743 φυλάττειν·
3632 676 3746 741 Ὅς

453 769 685 831 diceres,
709 768 945 839 positum
1005 775 1132 831 est,
1179 776 1240 821 ut
1288 768 1421 822 illud
1459 786 1472 822 :
1512 768 1796 822 Arboribus
1853 769 2035 823 multis

2149 789 2235 837 μοι
2268 770 2471 840 κῆπον
2500 770 2627 838 ἔχει
2655 765 3107 835 πολυδένδρεον
3144 764 3251 833 (ιι).
3284 765 3360 818 Τὸ
3397 764 3511 834 γὰρ
3543 764 3667 835 ἔχει
3697 766 3743 798 ⁸⁷

454 860 640 912 hortus
666 858 795 911 mihi
830 858 1062 912 consitus
1082 859 1358 913 exstatJit
1375 857 1505 912 illud
1528 875 1541 911 :
1570 857 1637 911 Et
1657 859 1827 927 ipsum
1851 859 2036 929 longas

455 950 729 1005 columnas
775 952 1046 1015 continet;
1093 959 1146 1006 et
1189 949 1242 1004 in
1292 951 1380 1005 his
1422 949 1588 1021 ἔχειν,
1622 966 1722 1020 pro
1771 950 2038 1025 continere

456 1041 697 1109 positum
732 1049 836 1096 est.
877 1039 991 1095 Hoc
1039 1041 1225 1111 itaque
1280 1056 1389 1112 quo
1425 1042 1820 1111 explicavimus
1852 1041 2035 1105 modo,

457 1131 634 1202 spina,
663 1141 851 1201 pectus
874 1172 890 1199 ,
918 1142 973 1187 et
1013 1143 1178 1188 costae
1223 1133 1387 1187 simul
1419 1133 1681 1202 colligata:
1711 1131 2040 1188 coarticula-

458 1233 633 1293 neque
663 1233 814 1289 sunt,
845 1239 953 1294 quo
985 1224 1113 1277 dum
1149 1223 1251 1277 illa:
1281 1224 1583 1279 harmoniis
1641 1224 1871 1278 invicem
1902 1237 2038 1277 con-

458 1310 704 1377 veniunt,
758 1326 878 1374 nos,
935 1312 1003 1365 ad
1042 1320 1241 1375 motus,
1302 1310 1516 1378 ﬂexus,
1571 1325 1937 1382 progressus,
1988 1322 2042 1366 et

457 1414 767 1470 regressus,
809 1409 923 1454 tum
970 1401 1037 1455 ad
1082 1403 1423 1455 moderatum
1458 1401 1762 1465 incessum,
1816 1417 2042 1457 cursus-

459 1505 567 1557 que
609 1490 931 1554 concitatos,
990 1504 1200 1551 necnon
1241 1490 1308 1544 ad
1354 1490 1677 1554 sessionem,
1731 1499 1782 1543 et
1818 1489 1885 1544 ad
1920 1504 2044 1543 mo-

459 1590 600 1645 tum,
633 1583 729 1651 qui
767 1597 890 1636 cum
937 1580 1165 1650 impetu,
1214 1580 1297 1635 vel
1352 1589 1471 1635 arte
1498 1581 1578 1643 iit,
1615 1580 1831 1649 aliaque
1861 1579 2044 1648 hujus-

460 1672 607 1727 modi
651 1672 896 1727 sullicere
939 1672 1240 1726 valeamus.
1284 1669 1397 1724 Soli
1433 1679 1613 1725 autem
1648 1670 1852 1724 homini
1880 1685 2041 1724 crura

461 1761 530 1818 ad
577 1761 717 1817 duos
751 1770 928 1816 rectos
986 1761 1218 1830 angulos
1257 1759 1476 1815 ﬂectere
1528 1773 1710 1829 posse,
1761 1760 1826 1813 ad
1879 1754 2081 1812 coxas'

2138 862 2259 916 ἀντὶ
2273 861 2368 914 τοῦ
2393 861 2687 930 φυλάττειν
2713 860 2909 913 κεῖται·
2935 857 3031 911 καὶ
3054 855 3137 921 τὸ,
3160 856 3329 922 Ἔχει
3351 853 3419 908 δέ
3439 871 3505 908 τε
3523 855 3748 921 κίονας

2138 950 2325 1016 αὐτὸς
2355 950 2431 1017 (υ)
2475 946 2745 1018 μακράς·
2787 946 2884 999 καὶ
2933 943 3097 998 τοῦτο
3138 944 3266 998 ἀντὶ
3313 941 3411 995 τοῦ
3460 943 3743 1013 περιέχει.

2140 1039 2330 1104 Οὕτως
2364 1039 2464 1111 μὲν
2501 1034 2595 1093 οὖν
2625 1040 2659 1110 ή
2693 1038 2851 1109 ῥάχις
2883 1035 2964 1105 τῷ
2998 1034 3210 1105 στέρνῳ
3230 1073 3248 1099 ,
3280 1033 3376 1087 καὶ
3404 1033 3462 1086 αἱ
3492 1032 3747 1102 πλευραὶ

2142 1130 2486 1183 συνδέδενται
2525 1130 2623 1182 καὶ⁵
2652 1126 3090 1198 συνήρθρωνται,
3124 1123 3213 1177 ἵνα
3253 1123 3392 1196 πρός
3421 1140 3481 1177 τε
3512 1124 3744 1194 κίνησιν

2142 1221 2237 1275 καὶ
2264 1220 2501 1291 κάμψιν,
2532 1218 2628 1274 καὶ
2650 1215 3131 1286 ἀντανακλασμδν,
3161 1215 3259 1269 καὶ
3291 1214 3551 1269 σύντονον
3580 1214 3744 1284 βαδιε-

2145 1328 2251 1375 σιν,
2283 1312 2379 1366 καὶ
2416 1311 2639 1384 δρόμον,
2669 1309 2764 1365 καὶ
2787 1307 3035 1376 κάθισμα
3083 1305 3315 1375 ἄλληλαι
3357 1305 3627 1376 ἀλλήλαις
3680 1306 3745 1358 αι

2143 1400 2404 1472 ἁρμονίαι
2454 1402 2828 1472 συνέρχωνται
2855 1399 2922 1431 ⁸⁸·
2959 1399 3055 1452 καὶ
3083 1396 3181 1467 τὴν
3215 1397 3340 1451 καθ’
3368 1396 3549 1469 ὁρμὴν
3576 1397 3746 1467 κίνη-

2146 1509 2254 1555 σιν,
2280 1494 2378 1545 καὶ
2405 1490 2965 1561 ἐπιτετεχνασμένην,
2997 1488 3236 1542 ἐκτελεῖν
3264 1487 3570 1556 δυνάμεθα.
3620 1488 3745 1541 Μό-

2144 1599 2236 1645 νος
2269 1582 2377 1653 γάρ
2410 1580 2768 1652 ἄνθρωπος,“
2788 1578 2927 1649 πρὸς
2962 1578 3057 1630 δύο
3072 1575 3275 1645 γωνίας
3292 1577 3460 1648 ὀρθὰς
3487 1577 3747 1644 κάμπτει

2144 1672 2212 1726 τὰ
2238 1673 2401 1743 σκέλη
2430 1711 2445 1737 ,
2488 1672 2630 1726 κατά
2675 1688 2731 1724 τε
2757 1670 2819 1724 τὸ
2849 1670 3020 1740 ίσχίον
3057 1668 3151 1722 καὶ
3180 1667 3280 1740 τὴν
3309 1668 3478 1737 ἰγνύν·
3507 1669 3610 1738 τὴν
3645 1665 3748 1738 μὲν

2148 1764 2240 1817 ἐπὶ
2261 1765 2330 1817 τά
2354 1764 2522 1827 ἔνδον,
2552 1765 2649 1836 τὴν
2673 1763 2730 1817 δὲ
2757 1762 2851 1815 ἐπὶ
2880 1764 2951 1814 τὰ
2978 1760 3103 1826 ἔξω.

458 1850 727 1914 videlicet,
779 1864 846 1905 ac
913 1849 1093 1904 locum
1158 1848 1253 1918 qui
1309 1846 1540 1918 genibus
1606 1848 1892 1917 oppositus
1944 1856 2030 1902 est
2073 1863 2265 1908 natura
2305 1854 2529 1922 tribuit;
2563 1864 2618 1909 et
2680 1870 2807 1924 p‘ll‘S
2850 1869 2973 1924 quae
3001 1854 3067 1908 ad
3096 1871 3270 1926 genua
3314 1862 3438 1921 est,
3473 1854 3540 1907 ad
3568 1854 3752 1908 inter-

459 1942 599 2008 iora;
615 1956 737 2011 qua:
756 1952 886 1994 vero
902 1940 968 1994 ad
982 1954 1154 1995 coxas
1176 1940 1371 2010 vergit,
1388 1939 1454 1993 ad
1472 1939 1744 1993 exteriora
1765 1938 2022 1994 ﬂectitur.

611 2048 746 2124 Cap.
790 2050 1101 2109 XVI-XVII.
1136 2085 1206 2096 —
1234 2053 1312 2109 De
1341 2028 1664 2125 pulmone-et
1693 2055 1866 2109 corde.

526 2166 795 2236 Quoniam
850 2168 1014 2238 igitur
1046 2183 1076 2223 a
1118 2169 1340 2224 thorace
1389 2177 1503 2223 tum
1540 2184 1666 2233 cor,
1706 2179 1819 2224 tum
1858 2169 2044 2239 pulmo

457 2259 1043 2330 comprehenduntur,
1101 2259 1307 2313 idcirco
1340 2302 1354 2327 ,
1410 2276 1650 2330 quonam
1716 2273 1873 2330 pacto
1928 2262 2044 2317 haec

458 2352 514 2405 in
558 2353 677 2422 ipso
723 2352 869 2406 intus
913 2349 1240 2417 consistant,
1269 2351 1704 2408 consideremus.
1741 2353 1852 2411 Cor
1886 2369 2042 2409 nam-

456 2460 565 2516 que
605 2459 634 2497 a
674 2443 935 2513 pulmone
981 2430 1495 2511 comprehenditur,
1539 2452 1594 2497 et
1635 2444 1816 2514 ipsum
1855 2446 2041 2514 pulmo

457 2536 872 2606 quodammodo
939 2533 1116 2600 velat,
1162 2533 1433 2603 siquidem
1498 2534 1810 2605 pulmonem
1864 2538 2044 2607 ipsum

464 2625 685 2680 arteriis
737 2623 1099 2693 plurimisque
1128 2624 1398 2677 meatibus
1425 2624 1686 2679 refertum
1728 2641 1840 2695 quo
1873 2627 2046 2700 respi-

464 2711 623 2767 randi
672 2710 858 2765 ollicio
906 2709 1200 2774 sufﬁceret,
1249 2719 1445 2765 natura
1483 2704 1787 2769 consuluit.
1826 2714 1930 2769 Sed
1991 2723 2046 2770 et

463 2804 642 2857 tenuis
697 2801 942 2871 levisque
976 2841 993 2867 ,
1041 2815 1106 2854 ac
1147 2801 1308 2855 laxus
1361 2801 1525 2871 hujus
1584 2803 1756 2873 gratia
1814 2804 2046 2861 habetur

459 2895 669 2965 pulmo,
712 2895 796 2949 uti
835 2908 1034 2962 purum
1092 2907 1275 2947 aerem
1323 2893 1615 2948 admittere
1643 2902 1832 2964 queat,
1884 2906 2047 2966 atque

461 2968 690 3040 insitum
710 2984 816 3054 qui
842 2987 896 3037 in
923 2983 1093 3037 corde
1119 2991 1206 3037 est
1225 2983 1464 3038 calorem
1491 2985 1716 3046 excitet.
1742 2998 2046 3056 rursusque

456 3075 579 3147 duo
608 3075 823 3132 fumosa
845 3085 1197 3130 excrementa
1226 3085 1380 3131 extra
1410 3076 1645 3131 emittat.
1666 3075 1802 3132 Nam
1835 3079 2044 3149 pulmo,

460 3181 588 3222 eum
638 3181 708 3220 ex
748 3174 989 3234 quatuor
1042 3165 1370 3233 quibusdam
1428 3168 1767 3222 constitutus
1817 3171 1910 3235 sit,
1945 3185 2043 3225 ceu

460 3266 667 3313 textum
713 3256 990 3326 quoddam
1040 3266 1162 3321 est;
1207 3257 1323 3326 ipse
1367 3272 1606 3327 namque
1635 3275 1701 3313 ex
1732 3274 1927 3328 aspera
1958 3276 2048 3315 ar-

463 3349 598 3406 teria
648 3348 897 3418 laavique,
950 3361 1165 3402 necnon
1204 3361 1341 3401 vena
1392 3362 1583 3403 crassa
1615 3391 1630 3415 ,
1672 3357 1730 3402 et
1787 3365 2045 3418 spumosa

463 3455 631 3497 carne
668 3455 792 3511 quae
823 3438 946 3509 ejus
991 3437 1286 3508 peculiaris
1333 3438 1587 3506 habetur,
1635 3449 1872 3497 constat.
1923 3440 2049 3498 Haec

462 3533 607 3587 enim
642 3547 792 3596 caro,
820 3530 997 3602 spatia
1024 3530 1145 3601 ipsa
1184 3538 1414 3586 texturae
1441 3532 1718 3600 pulmonis
1766 3535 1834 3589 ad
1860 3538 2051 3591 steebae

463 3624 648 3681 herbe
674 3624 1093 3680 similitudinem
1132 3622 1310 3679 media
1341 3624 1551 3693 implet.
1580 3624 1715 3681 Cum
1744 3628 1887 3682 inter
1910 3628 2050 3685 duas

465 3717 717 3781 arterias,
783 3730 1093 3786 venamque
1150 3716 1325 3784 ipsam
1367 3730 1463 3771 cor
1511 3717 1676 3772 situm
1732 3720 1916 3775 medio
1965 3723 2048 3774 sui

465 3816 911 3888 comprehendat,
954 3816 1182 3886 spiritus
1209 3815 1547 3872 admissione
1584 3816 1700 3887 92
1744 3820 1921 3889 ipsum
1957 3835 2053 3874 cor

467 3907 653 3976 pulmo
698 3905 1010 3972 refocillat,
1079 3908 1240 3977 eique
1296 3906 1768 3964 solamen-aﬂert.
1826 3905 1892 3962 Et
1950 3908 2053 3964 hac

465 3994 687 4065 quidem
746 3997 813 4049 de
862 4012 1026 4052 causa
1080 4000 1268 4069 pulmo
1310 3999 1428 4068 ipse
1511 3999 1770 4068 πνεύμων
1807 3998 2050 4064 dicitur,

467 4087 551 4141 ὅτι
576 4087 778 4158 δοχεῖον
812 4089 1047 4160 ὑπάρχει
1097 4090 1192 4145 τοῦ
1222 4091 1556 4160 πνεύματος,
1605 4089 1752 4159 quod
1802 4090 2056 4149 videlicet

467 4178 692 4251 spiritus
725 4183 1174 4252 conceptaculum
1216 4184 1319 4248 sit,
1355 4182 1607 4252 quodque
1641 4196 1753 4251 pm
1783 4183 1870 4238 sui
1910 4187 2053 4240 reci-

466 4270 801 4340 procatione,
857 4280 1038 4340 partes
1090 4287 1213 4342 quae
1263 4272 1412 4327 intus
1472 4278 1603 4326 sunt
1640 4269 1934 4336 demulcet,
1986 4288 2052 4329 ac

464 4363 712 4420 fumosas
772 4363 1150 4420 exbalationes
1212 4370 1364 4420 extra
1412 4365 1763 4434 ejaculatur,
1818 4376 1874 4421 et
1939 4367 2056 4436 ipse

464 4456 684 4526 quidem
739 4457 862 4526 puri
911 4455 1196 4525 sanguinis
1236 4456 1553 4509 alimentum
1606 4458 1876 4512 dcsumet.
1917 4456 2058 4512 San-

466 4548 594 4619 guis
634 4558 817 4602 autem
853 4561 964 4616 quo
1019 4547 1136 4616 ipse
1181 4545 1366 4611 alitur,
1400 4548 1453 4600 in
1494 4545 1682 4601 dextra
1720 4548 1861 4603 uteri
1901 4556 2056 4618 parte

2068 2052 2109 2109 Β
2139 2058 2278 2126 Κεφ.
2295 2058 2729 2126 κζ’-ΙΖκ-Περί
2746 2058 2854 2113 τοῦ
2874 2058 3212 2127 πνεύμονος
3228 2055 3453 2126 καὶτῆς
3465 2058 3749 2126 καρδίας.

2231 2170 2386 2223 Ἐπεὶ
2415 2165 2510 2224 οὖν
2535 2172 2565 2224 ὁ
2591 2168 2781 2240 θώραξ
2806 2169 3172 2240 συμπιριέχει
3198 2170 3294 2223 τὸν
3323 2168 3615 2239 πνεύμονα
3650 2175 3752 2225 καὶ

2146 2263 2246 2333 τὴν
2278 2262 2511 2333 καρδίαν
2532 2301 2549 2326 ,
2594 2261 2930 2335 σκεψώμεθα
2973 2265 3072 2317 καὶ
3104 2263 3180 2327 ὡς
3214 2262 3388 2317 ταῦτα
3435 2262 3748 2319 διάκειται.

2146 2354 2253 2408 Τοῦ
2278 2355 2533 2425 θώρακος
2564 2355 2773 2414 ἔσωθεν
2808 2358 2837 2409 ὁ
2878 2356 3137 2427 πνεύμων
3167 2357 3355 2421 εστὶν,
3386 2359 3751 2429 ὲμπεριέχων

2144 2446 2246 2516 τὴν
2272 2447 2524 2517 καρδίαν,
2553 2449 2647 2501 καὶ
2677 2443 2791 2501 οἷον
2822 2448 3220 2511 ἑπικαλύποων
3256 2449 3453 2518 αὐτήν.
3484 2447 3653 2503 Ἐστι
3682 2449 3752 2503 δὲ

2144 2535 2492 2607 ἁρτηριώδης
2530 2536 2627 2590 καὶ
2666 2535 3013 2607 πολύπορος·
3050 2537 3160 2591 ὑπὸ
3196 2538 3299 2608 τῆς
3326 2538 3575 2607 φύσεως
3610 2555 3754 2593 κατ-

2145 2627 2556 2697 εσκευασμένος
2601 2626 2740 2697 πρὸς
2770 2626 2893 2697 ,τὴν
2942 2627 3226 2698 ἐνέργειαν
3280 2628 3383 2698 τῆς
3432 2629 3746 2699 ἀναπνοῆς.

2144 2716 2361 2778 Λεπτὸς
2391 2716 2494 2769 καὶ
2541 2716 2783 2786 κοῦφος,
2825 2716 2922 2770 καὶ
2962 2715 3155 2786 μανὸς,
3206 2715 3348 2786 πρὸς
3377 2718 3442 2770 τὸ
3488 2717 3752 2787 εἰσάγειν

2145 2804 2386 2874 καθαρὸν
2415 2806 2573 2876 ἀέρα,
2604 2807 2699 2859 καὶ
2726 2805 2969 2876 ῥιπίζειν
2992 2805 3056 2859 τὸ
3074 2805 3319 2876 ἔμφυτον
3350 2805 3556 2878 θερμὸν
3588 2811 3653 2861 ἐν
3676 2813 3753 2880 τῇ

2147 2895 2346 2966 καρδίᾳ
2365 2896 2433 2927 ⁸⁸·
2474 2895 2693 2964 ἐξάγειν
2736 2896 2796 2949 δὲ
2849 2897 3086 2951 πάλιντί
3120 2898 3190 2951 τὰ
3243 2897 3513 2969 λιγνυώδη
3565 2900 3755 2971 αὐτῆς

2147 2984 2562 3056 περιττώματα.
2585 2987 2699 3042 Καὶ
2718 2987 2828 3058 γὰρ
2845 2982 2960 3042 οἷον
2985 2988 3210 3059 πλέγμα
3231 2990 3429 3043 ὲστὶνδ
3451 2990 3751 3061 πνεύμων·

2148 3074 2508 3146 συγκείμενον
2539 3077 2603 3129 ἐκ
2665 3078 2973 3148 τεσσάρων·
3006 3079 3072 3131 ὲκ
3120 3078 3223 3148 τῆς
3262 3078 3527 3150 τραχείας
3566 3082 3755 3153 ἀρτη-

2151 3168 2294 3238 ρίας,
2321 3169 2418 3222 καὶ
2446 3170 2512 3222 ὲκ
2540 3169 2640 3239 τῆς
2671 3168 2845 3236 λείας,
2877 3171 2970 3224 καὶ
2995 3168 3194 3240 φλεϐὸς
3220 3172 3485 3243 παχείας,
3519 3174 3617 3226 καὶ
3643 3172 3753 3242 τῆς

2149 3259 2353 3330 σαρκὸς
2398 3259 2571 3330 αὐτῆς
2603 3260 2892 3331 ἀφρώδους
2920 3262 2988 3316 ⁸¹.
3038 3261 3207 3326 Ἥτις
3250 3261 3391 3333 σὰρξ
3428 3264 3757 3334 ἀναπληροῖ

2149 3352 2309 3423 δίκην
2347 3350 2571 3422 στοισῆς
2617 3354 2714 3416 τὰς
2764 3353 2970 3423 μεταξὺ
3014 3352 3200 3425 χώρας
3250 3354 3346 3408 τοῦ
3402 3354 3753 3425 πλέγματος,

2149 3443 2260 3498 τῶν
2287 3460 2348 3498 τε
2392 3444 2488 3498 δύο
2519 3444 2801 3516 ἀρτηριῶν
2832 3448 2927 3499 καὶ
2956 3444 3069 3498 τῶν
3119 3445 3335 3515 φλεϐῶν
3364 3446 3433 3480 ⁸³·
3472 3446 3645 3517 μέσον
3685 3449 3752 3502 δὶ

2152 3536 2322 3591 αὐτοῦ
2348 3537 2449 3608 τὴν
2480 3538 2711 3607 καρδίαν
2733 3537 3183 3609 περιλαμϐάνων,
3212 3537 3508 3609 περιψύχει
3529 3539 3627 3593 διὰ
3644 3539 3755 3610 τῆς

2153 3628 2444 3697 είσπνοῆς,
2476 3629 2574 3683 καὶ
2616 3630 3034 3700 παραμυθεῖται
3073 3630 3266 3699 αὐτήν.
3300 3629 3405 3682 Διά
3436 3630 3548 3699 γὰρ
3581 3630 3759 3684 τοῦτο

2153 3719 2248 3773 καὶ
2273 3721 2537 3791 πνεύμων
2589 3720 2820 3791 ἐκλήθη,
2862 3722 2946 3774 ὅτι
2990 3720 3086 3773 καὶ
3116 3719 3326 3792 δοχεῖον
3365 3720 3607 3790 ὑπάρχει
3646 3722 3754 3777 τοῦ

2154 3810 2491 3881 πνεύματος·
2522 3812 2616 3864 καὶ
2656 3811 2740 3865 ὅτι
2774 3812 2839 3881 τῇ
2887 3809 3256 3864 καταπνεύσει
3288 3809 3455 3863 αὐτοῦ
3486 3808 3658 3881 ψύχει
3679 3812 3759 3866 τὰ

2154 3902 2388 3956 ἐνδοθεν·
2416 3902 2512 3957 καὶ
2536 3901 2606 3955 τὰ
2633 3901 2908 3972 λιγνυώδη
2943 3902 3343 3971 περιττώματα
3364 3901 3571 3968 ἔξωθεν
3606 3903 3757 3957 ἀπο-

2155 3995 2352 4065 κρίνει.
2379 3995 2657 4065 Τρέφεται
2673 3994 2739 4048 δὲ
2763 3994 2860 4048 καὶ
2885 3993 3050 4057 αὐτὸς
3076 3994 3181 4049 ὑπὸ
3207 3994 3441 4064 αἵματος
3466 3995 3755 4065 καθαροῦ·

2154 4083 2314 4139 τοῦτο
2340 4085 2399 4140 δὲ
2418 4086 2481 4140 τδ
2504 4086 2703 4156 τρέφον
2732 4085 2897 4140 αὐτὸν
2927 4080 3068 4156 αἷμα
3091 4088 3173 4150 είς
3200 4086 3299 4156 τὴν
3320 4084 3504 4164 δεξιὰν
3529 4087 3758 4140 κοιλίαν

2152 4181 2254 4248 τῆς
2300 4176 2530 4249 καρδίας
2576 4176 2946 4247 προπέττεται
2973 4177 3020 4209 ³⁸
3062 4177 3158 4230 καὶ
3205 4175 3550 4229 λεπτύνεται.
3601 4178 3757 4245 Σομ-

2156 4262 2367 4340 φώδους
2392 4268 2502 4339 γὰρ
2532 4271 2628 4323 καὶ
2663 4268 2870 4338 λεπτῆς
2901 4266 2976 4321 ῶν
3010 4267 3222 4330 οὐσίας,
3254 4267 3361 4320 ύπδ
3397 4265 3604 4320 λεπτοῦ
3649 4268 3755 4320 καὶ

2156 4363 2546 4434 καθαρωτέρου
2574 4363 2809 4431 αἵματος
2836 4361 3119 4431 τρέφεται.
3147 4360 3264 4413 Οὐκ
3293 4358 3520 4412 ἐδύνατο
3546 4357 3612 4411 δὲ
3650 4352 3756 4413 οὗ·

2154 4472 2250 4519 τος
2296 4455 2357 4508 τὸ
2390 4454 2537 4524 παχὺ
2584 4447 2725 4524 αἷμα
2769 4450 2960 4521 πέψαι,
3017 4450 3113 4503 καὶ
3167 4451 3249 4513 εἰς
3290 4450 3500 4503 οἰκείαν
3535 4451 3756 4522 τροφήν

2156 4545 2457 4599 ἀναλῶσαι·
2490 4543 2580 4597 διὰ
2608 4546 2668 4596 τὸ
2696 4543 2957 4614 ἀκίνητον
2984 4540 3175 4605 αὑτοῦ,
3208 4541 3304 4594 καὶ
3334 4540 3432 4603 τὰς
3458 4539 3605 4610 πρὸς
3626 4541 3760 4596 ἀνα-

464 4636 825 4706 concoquitur
883 4644 1265 4704 tenuaturque.
1302 4633 1461 4699 Nam,
1522 4651 1645 4690 cum
1707 4635 1951 4705 fungosae
1993 4652 2045 4692 at

2158 4635 2327 4707 πνοὴν
2376 4634 2662 4706 ἀσχολίας·
2696 4633 2785 4687 διά
2829 4633 2988 4687 τοῦτο
3031 4634 3152 4686 ἐκεῖ
3186 4632 3600 4702 λεπτυνόμενον
3654 4633 3757 4686 καὶ

464 4728 765 4799 praetenuis
791 4727 1114 4784 substantiae
1138 4728 1325 4798 pulmo
1346 4728 1635 4794 habeatur,
1671 4737 1731 4784 ut
1768 4730 2045 4800 purissimi

2156 4727 2581 4798 καθαιρόμενον,
2611 4725 2831 4792 πρῶτον
2857 4725 3048 4795 τρέφει
3078 4723 3244 4778 αὐτὸν
3268 4724 3410 4795 μετά
3438 4726 3541 4794 τῆς
3566 4724 3756 4795 ἀερώ-

465 4818 926 4889 subtilissimique
948 4818 1232 4891 sanguinis
1256 4818 1576 4874 alimentum
1605 4820 1785 4889 capiat
1815 4831 2045 4892 oportet.

2158 4819 2288 4883 δους.
2308 4818 2516 4881 οὐσίας,
2547 4817 2644 4870 καὶ
2674 4811 2785 4869 οἷον
2820 4815 3235 4886 καθαρωτέρας.
3629 4895 3634 4899 η

467 4910 586 4969 Non
617 4914 762 4970 enim
792 4915 952 4969 aliter
992 4914 1109 4984 ipse
1134 4928 1386 4970 crassum
1428 4928 1774 4986 concoquere
1825 4917 2169 4988 sanguinem.
2193 4930 2258 4969 ac
2281 4914 2337 4968 in
2398 4913 2485 4969 sui
2546 4911 2866 4966 alimentum
2921 4911 3231 4974 absumere,
3255 4923 3381 4962 cum
3446 4906 3756 4962 immobilis

465 5005 562 5072 sit,
592 5021 658 5062 ac
685 5005 1027 5076 respiratioui
1062 5012 1238 5068 vacet,
1257 5003 1570 5060 facultatem
1597 5007 1896 5075 obtineret;
1926 5008 2029 5063 hac
2061 5006 2129 5062 de
2155 5020 2337 5065 causa,
2407 5002 2545 5058 inibi
2582 5011 2643 5057 ut
2689 5001 2930 5056 diximus
2989 5008 3265 5065 tenuatus,
3312 5009 3478 5068 atquc
3524 4999 3582 5052 in
3645 5014 3752 5067 pu-

467 5084 673 5152 riorem'
706 5104 954 5151 naturam
1003 5095 1256 5151 redactus
1286 5095 1532 5166 sanguis,
1563 5111 1672 5150 non
1701 5098 1820 5152 sine
1871 5098 2164 5167 purissima
2192 5110 2353 5150 aerea
2382 5094 2689 5150 substantia
2712 5093 2887 5148 eidem
2916 5091 3236 5147 alimentum
3285 5090 3626 5159 impertitur.

532 5187 813 5259 Siquidem
838 5189 1115 5259 pulmonis
1134 5197 1328 5243 natura
1355 5190 1492 5244 adeo
1514 5191 2045 5259 passionibusobno‘

2228 5190 2395 5243 Πᾶσα
2432 5189 2489 5242 δὲ
2514 5187 2707 5272 ψύξις,
2749 5186 2846 5239 καὶ
2886 5185 3220 5258 δυσκρασία,
3257 5186 3355 5237 καὶ
3382 5184 3592 5254 παχεῖα
3618 5187 3752 5239 ἀνα-

468 5281 557 5335 xia
587 5290 691 5346 est,
723 5289 835 5334 utsa
871 5278 1103 5333 minimo
1133 5278 1330 5348 quovis
1373 5276 1578 5349 frigore
1622 5281 1878 5352 maloque
1914 5290 2045 5339 tem-

2158 5283 2422 5354 θυμίασις
2456 5283 2607 5337 ἑλκοῖ
2630 5283 2723 5336 τὸν
2755 5280 3068 5351 πνεύμονα·
3092 5278 3182 5359 διὰ
3207 5276 3268 5330 τὸ
3307 5276 3408 5344 τῆς
3430 5276 3622 5339 οὐσίας
3650 5277 3751 5328 αὐ-

572 5441 621 5521 δξ
659 5441 810 5521 θεὴ-Β
834 5444 933 5521 P.__
1006 5444 1052 5521 ’ξ
1091 5445 1185 5521 καὶ
1219 5441 1353 5521 αὐτὸ
1384 5442 1443 5496 Β.
1525 5443 1570 5476 ⁸⁷
1602 5445 1748 5521 ἔχειν
1765 5447 1822 5521 _B
1841 5449 1914 5521 Ρ.
1945 5519 1983 5521 __
2028 5451 2458 5521 ⁸⁶νσυνέρχονται
2622 5448 2695 5521 7“
2787 5445 3035 5521 dep._B.
3144 5443 3191 5521 ’ξ
3228 5442 3289 5495 τὸ
3320 5442 3379 5494 ὲν
3410 5444 3479 5521 τῇ
3507 5458 3562 5493 κ.
3608 5439 3651 5493 8

466 5510 511 5541 ⁸¹
549 5510 810 5567 πάνταῬ.
886 5514 933 5546 ⁸⁸
968 5514 1064 5566 καὶ
1088 5513 1186 5581 τῆς
1208 5513 1340 5584 ἀφρ.
1370 5529 1531 5585 σαρκ.
1566 5510 1731 5571 αὐτοῦ
1760 5518 1803 5571 Β
1836 5519 1899 5572 Ρ.
1942 5519 1988 5551 ⁸³
2014 5520 2107 5574 καὶ
2142 5510 2462 5592 τῆξὶῥλώδς
2483 5519 2525 5573 Β
2550 5519 2590 5573 C
2618 5520 2681 5572 P.
2727 5517 2773 5551 "
2797 5510 3128 5588 πρόπέτεται
3155 5515 3220 5579 Δ,
3254 5510 3659 5584 προσπέττεται
3684 5510 3752 5577 Β,

542 5648 628 5730 (.0.
649 5646 853 5730 τέκεος·
882 5649 1002 5730 ιιι·
1907 5679 1911 5685 ·

2236 5661 2305 5730 (ιι)
2345 5657 2446 5715 0d.
2479 5658 2543 5723 Δ,
2575 5659 2661 5713 55.

552 5715 632 5777 (ul
662 5714 763 5767 Οὐ.
796 5718 853 5781 Δ,
883 5718 1009 5769 7'57.
