4040 6150
330 256 474 311 teis
1587 248 1673 303 ne
1702 248 1994 306 mrum
2035 250 2339 307 nouimus.
3458 272 3601 334 ,εη

323 367 418 422 τοῦ
449 362 686 426 εὐπαθίς
713 377 726 391 ⁸
758 361 896 416 ἀλλά
931 362 1027 415 καὶ
1062 362 1092 413 ό
1120 362 1393 432 περιέχων
1430 361 1601 416 αὐτὸν
1624 363 1670 396 ⁵⁸
1704 361 1905 434 θώραξ1

2019 370 2362 451 peramento,
2387 378 2452 421 ac
2480 378 2669 421 crassa
2688 367 3050 426 exhalatione
3074 370 3192 429 laedi
3224 375 3387 434 facile
3410 396 3603 451 queat.

324 459 403 522 ὡς
432 454 733 526 νευρώδης,
759 452 996 523 ἑτοίμως
1018 453 1315 524 πλήττεται
1338 453 1445 507 ὑπὸ
1465 452 1651 524 πάσης
1669 451 1905 522 ψύξεως.

2021 450 2091 506 Ει
2135 467 2245 508 non
2303 452 2470 509 modo
2520 455 2709 524 pulmo
2759 456 2919 526 ipse.
2975 462 3070 515 sed
3128 471 3185 517 et
3230 468 3373 535 quod
3423 450 3609 540 ipsum

337 548 495 604 Ἐπεὶ
523 543 617 603 οὖν
643 545 836 618 μόριόν
864 548 1015 600 ἐστιν
1047 548 1107 599 ἑν
1135 545 1318 616 ἑαυτῷ
1346 545 1605 616 περιέχον
1632 545 1710 609 ὡς
1736 546 1905 599 τίπεῐι

2021 542 2443 613 comprehendit
2494 553 2704 614 pectus,
2740 562 2809 602 ex
2858 551 3099 618 eoquod‘
3145 557 3327 611 nervis
3364 559 3609 617 obsitum

323 637 424 708 τὴν
446 637 597 709 ζωὴν
617 634 713 690 τοῦ
739 633 1057 705 ἀνθρώπου,
1082 634 1227 703 λέγω
1246 634 1311 706 δὴ
1332 634 1395 687 τὸ
1413 634 1660 705 ἔμφυτον
1683 633 1905 706 θερμὸν,

2016 636 2103 683 est
2127 645 2160 683 a
2192 632 2549 699 quantulovis
2573 632 2781 705 frigore
2807 636 3013 694 clauum
3054 640 3312 699 afﬁcitur.
3333 646 3609 713 Quoniam

324 722 388 784 οῦ
424 744 572 790 τινος
605 726 975 797 ἐργαστήριον
1020 727 1269 793 πέφυκεν
1309 728 1344 796 η
1373 725 1604 796 καρδία·
1647 724 1809 779 τοῦτο
1854 727 1905 781 δι

2017 719 2184 789 igitur
2208 737 2337 792 pars
2363 723 2417 779 in
2450 725 2573 795 ipso
2624 736 2728 793 est,
2767 743 2892 798 qua
2927 730 3170 788 hominis
3196 733 3373 793 ferme
3413 741 3606 807 vitam,

324 819 414 873 ἀεὶ
451 818 613 890 χρεία
644 819 762 872 ἐστὶ
811 817 1127 890 ριπίζεσθαι
1173 818 1238 885 ⁸⁸,
1276 817 1731 891 ἀναῤῥώννυσθαί
1782 835 1843 871 τε
1866 818 1905 850 ⁸⁷

2017 811 2245 867 insitum
2278 814 2534 872 videlicet
2562 817 2798 875 calorem
2828 822 3263 890 comprehendit,
3298 829 3459 899 cujus
3484 833 3610 902 qui-

326 912 470 971 κατά
515 911 716 983 φύσιν·
763 912 905 982 ὅπερ
956 912 1166 980 γίνεται
1213 910 1307 967 διὰ
1361 912 1463 981 τῆς
1514 911 1777 982 είσπνοῆς
1815 911 1905 964 καὶ

2015 901 2139 957 dem
2180 918 2279 958 cor
2306 904 2534 965 officina
2571 908 2827 975 habetur,
2856 910 3005 966 hunc
3042 928 3432 989 usquequaque
3458 901 3609 977 eici-

324 1004 583 1075 ἐκπνοῆς,
2013 994 2121 1055 tari
2173 1005 2385 1052 naturae
2446 1000 2644 1056 ordine
2701 1002 3007 1073 agitarique
3037 1018 3179 1074 opus
3227 1016 3335 1076 est,
3366 1013 3603 1080 quodex

2012 1086 2130 1156 ipsa
2160 1089 2391 1157 spiritus
2425 1091 2858 1161 reciprocatione
2880 1094 2998 1149 fieri
3023 1097 3285 1155 cernitur.

2077 1175 2144 1231 Hi
2171 1188 2353 1259 autem
2392 1191 2595 1247 motus,
2627 1198 2739 1252 pra:
2768 1187 3145 1242 contractione
3170 1190 3607 1262 remissionequc

2012 1267 2270 1334 thoracis,
2306 1272 2768 1341 quemadmodum
2795 1275 2951 1344 prius
2974 1277 3239 1346 diximus,
3280 1281 3351 1336 ab
3375 1283 3599 1338 animali

394 1172 567 1233 Αὖται
595 1178 652 1231 δὲ
672 1177 730 1232 αί
753 1177 999 1246 κινήσεις
1030 1175 1137 1230 ὑπὸ
1172 1176 1409 1247 ψυχικῆς
1436 1176 1721 1246 δυνάμεως
1754 1178 1911 1245 ὲνερ·

323 1268 547 1336 γοῦνται
577 1273 645 1340 τῇ
685 1269 940 1341 διαστολῇ
970 1268 1065 1323 τοῦ
1111 1267 1361 1340 θώρακος
1387 1268 1484 1322 καὶ
1522 1271 1593 1338 τῇ
1636 1268 1866 1339 συστολῇ
1890 1307 1906 1333 ,

324 1360 507 1425 καθὼς
535 1359 849 1433 ἔμπροσθεν
878 1360 1098 1432 εἴρηται
1118 1378 1132 1390 ·
1155 1360 1349 1414 τούτου
1375 1360 1537 1430 χάριν
1555 1363 1584 1414 ό
1605 1359 1810 1432 θώραξ,
1832 1361 1905 1427 ὡς

2009 1357 2187 1411 calore
2208 1358 2556 1416 efﬁciuntur:
2582 1363 2686 1418 hac
2705 1364 2775 1418 de
2798 1379 2963 1427 causa
2988 1367 3266 1424 thoracem
3289 1371 3490 1440 ipsum,
3518 1383 3607 1427 ut-
3724 1416 3727 1419 .

323 1454 671 1526 περιεκτικδς
691 1453 790 1526 τῆς
813 1457 872 1508 ὲν
895 1456 1027 1526 ἡμῖν
1055 1454 1223 1526 ζωῆς,
1246 1453 1464 1517 πολλοῖς
1487 1454 1660 1523 μυσὶν
1670 1454 1904 1527 ἐτιμήθη

2009 1458 2136 1519 pote
2161 1450 2257 1519 qui
2269 1451 2434 1507 vitam
2446 1470 2574 1523 qua
2592 1454 2648 1508 in
2672 1454 2832 1511 nobis
2843 1466 2928 1511 est
2952 1472 3072 1515 com
3081 1459 3387 1527 prehendit,
3404 1471 3602 1518 natura

322 1545 419 1596 καὶ
457 1543 786 1614 συνεστάθη.
818 1544 930 1599 Καὶ
973 1543 1134 1616 δῆλον
1182 1546 1269 1600 ὅτι
1319 1544 1534 1599 πολλῶν
1578 1543 1748 1600 ὄντων
1795 1545 1905 1598 τῶν

2009 1542 2273 1598 musculis
2336 1544 2619 1615 insignivit
2657 1546 3004 1617 refersitque.
3071 1549 3139 1605 Et
3190 1567 3315 1607 cum
3374 1555 3599 1624 plurimi

326 1634 501 1704 μυῶν,
531 1636 703 1690 πολλὰ
745 1636 839 1690 καὶ
872 1636 940 1691 τά
972 1636 1144 1707 νεῦρα
1183 1638 1326 1705 ἐστι,
1353 1635 1423 1690 τά
1443 1635 1785 1707 χορηγοῦντα
1805 1635 1902 1690 αὑ-

2010 1630 2323 1701 hujusmodi
2371 1636 2604 1692 musculi
2644 1638 2934 1704 exsistant,
2974 1648 3028 1693 et
3079 1656 3275 1697 nervos
3332 1643 3602 1713 plurimos

320 1728 435 1792 τοῖς
472 1727 572 1798 τὴν
612 1726 905 1800 κινητικὴν
927 1727 1183 1797 δύναμιν.
1236 1726 1319 1780 Τά
1361 1722 1455 1782 οὖν
1503 1728 1549 1761 ⁸⁸
1588 1726 1757 1798 νεῦρα
1805 1728 1905 1781 ὑπὸ

2010 1735 2134 1776 esse
2166 1724 2262 1792 qui
2296 1723 2407 1780 illis
2436 1726 2692 1781 movendi
2718 1727 3033 1783 facultatem
3070 1730 3452 1801 impertiuntur
3470 1751 3597 1792 cer—

322 1818 387 1889 φ)
397 1818 701 1889 εγματικοῦ
722 1821 792 1885 ⁸³,
817 1821 914 1874 καὶ
935 1820 1162 1890 παχέος,
1186 1820 1282 1873 καὶ
1302 1819 1569 1890 γλίσχρου
1591 1819 1902 1891 τρεφόμενα

322 1906 522 1978 χυμοῦ,
568 1907 803 1978 ἑτοίμως
836 1908 941 1961 ὑπὸ
975 1908 1078 1977 τῆς
1107 1907 1478 1980 ψυχρότητος,
1514 1907 1611 1961 καὶ
1655 1905 1903 1977 ὲμφράτο

319 2016 495 2063 τεται,
530 2001 629 2054 καὶ
654 1999 978 2070 πλήττεται.

390 2092 490 2145 Διά
526 2089 725 2156 ταῦτα,
759 2092 859 2144 καὶ
880 2091 1102 2160 φλέϐες,
1139 2092 1236 2145 καὶ
1268 2090 1556 2162 ἀρτηρίαι,
1584 2089 1681 2145 καὶ
1711 2089 1903 2159 νεῦρα,

322 2183 419 2236 καὶ
450 2181 765 2251 σύνδεσμοι,
796 2183 892 2235 καὶ
940 2183 1182 2254 χόνδροι,
1218 2182 1315 2237 καὶ
1356 2181 1566 2253 πιμελὴ
1588 2183 1645 2234 ὲν
1676 2180 1756 2251 τῷ
1800 2180 1905 2234 θώ-

323 2291 476 2344 ρακι,
515 2275 602 2327 ἵνα
657 2274 755 2328 καὶ
803 2275 1122 2346 θερμότητα
1181 2275 1282 2346 τὴν
1314 2275 1542 2330 δέουσαν
1596 2274 1902 2347 χορηγῶσι,

322 2367 418 2420 καὶ
442 2365 544 2431 τὰς
572 2367 676 2437 τῆς
697 2367 913 2437 ψύξεως
935 2368 1249 2439 ἀπείργωσι
1281 2367 1510 2439 βλάϐας,
1534 2367 1744 2431 καὶτὰς
1767 2368 1901 2436 παρ’

321 2459 568 2531 ἀλλήλων
620 2458 892 2531 ὠφελείας
941 2459 1291 2529 καρπῶνται.
1332 2459 1498 2530 Ἡμῖν
1541 2459 1652 2529 γάρ
1682 2459 1729 2491 ⁸⁸
1760 2458 1903 2528 φλὲψ

322 2551 531 2623 τροφὴν
575 2553 806 2623 χορηγεῖ
859 2550 939 2621 τῷ
972 2550 1183 2622 νεύρῳ,
1237 2552 1336 2605 καὶ
1385 2554 1452 2623 τῇ
1496 2550 1758 2622 ἀρτηρίᾳ,
1806 2550 1904 2605 καὶ

322 2644 436 2705 τοῖς
476 2640 684 2705 λοιποῖς
742 2641 957 2714 μορίοις
1002 2641 1099 2696 τοῦ
1150 2641 1438 2714 θώρακοςο
1475 2642 1679 2714 μᾶλλον
1722 2644 1780 2698 δὲ
1806 2643 1903 2697 τοῦ

322 2732 523 2797 παντὸς
579 2731 854 2804 σώματος.
925 2733 988 2786 Ἠ
1037 2732 1095 2787 δὲ
1151 2735 1391 2806 ἀρτηρία
1448 2734 1775 2806 μεταδίδωσι
1832 2738 1901 2806 τῇ

322 2819 486 2890 φλεϐὶ
517 2822 611 2877 καὶ
639 2825 755 2887 τοῖς
782 2823 970 2889 ἄλλοις
1006 2824 1317 2897 θερμασίας
1361 2827 1620 2898 φυσικῆς,
1664 2827 1760 2881 καὶ
1793 2828 1903 2892 ζ’ω-

319 2911 477 2967 τικοῦ
509 2912 846 2991 πνεύματος.
907 2915 982 2969 Τὸ
1011 2915 1070 2969 δὲ
1119 2915 1314 2987 νεῦρον
1362 2917 1620 2988 αἴσθησιν
1668 2919 1903 2991 παρέχει

321 3005 516 3071 αὐταῖς
571 3023 657 3071 τε,
700 3007 794 3063 καὶ
844 3007 924 3079 τῷ
977 3009 1145 3063 παντὶ
1187 3009 1421 3081 σώματι.
1467 3008 1678 3081 Πολλὴν
1706 3009 1763 3063 δὲ
1808 3010 1903 3063 καὶ

2006 1824 2121 1871 tum
2182 1826 2285 1874 est.
2314 1817 2477 1874 .Cum
2531 1820 2683 1877 nervi
2744 1821 2933 1891 itaque
2984 1823 3257 1891 pituitam”
3297 1841 3601 1898 crassoque

2006 1923 2072 1965 ac
2131 1908 2281 1965 lento
2326 1925 2529 1981 vapore
2593 1911 2829 1978 alantur,
2914 1912 3090 1983 frigus
3133 1916 3397 1972 nimirum
3472 1934 3599 1975 sem

2005 2000 2222 2067 tientes,
2262 2001 2412 2070 quati
2463 2001 2613 2071 ipsos
2665 2001 3043 2075 confringique
3089 2007 3307 2077 accidit.

2074 2089 2190 2145 Hac
2234 2091 2301 2146 de
2321 2106 2488 2146 causa
2507 2132 2524 2156 ,
2550 2108 2701 2148 vene
2727 2132 2749 2158 ,
2774 2094 2924 2148 nervi
2950 2131 2967 2158 ,
3006 2098 3240 2164 arteriae,
3271 2099 3558 2170 ligamenta
3577 2140 3594 2165 .

2004 2181 2351 2252 cartilagines
2364 2223 2379 2248 ,
2393 2191 2558 2253 atque
2576 2185 2808 2255 exungia
2824 2184 2877 2241 in
2896 2187 3119 2243 thorace
3138 2189 3464 2256 consistunt,
3482 2207 3594 2261 quo

2006 2282 2122 2327 tum
2170 2273 2453 2333 decentem
2498 2275 2736 2331 calorem
2781 2277 2904 2333 loco
2952 2278 3056 2347 ipsi
3106 2279 3216 2350 93
3264 2280 3590 2351 impertian-

2004 2371 2117 2429 tur,
2174 2372 2289 2419 tum
2327 2365 2528 2422 damna
2576 2382 2610 2421 a
2661 2365 2864 2438 frigore
2918 2370 3296 2438 provenientia
3348 2372 3595 2449 abigunt,

2005 2454 2481 2525 amolianturque,
2571 2470 2786 2512 necnon
2884 2458 3262 2523 vicissitudine
3358 2471 3595 2539 quadam

2004 2545 2147 2601 inter
2186 2561 2248 2601 se
2286 2546 2676 2603 communibus
2710 2556 3022 2611 commodis
3066 2555 3394 2613 fruerentur.
3444 2558 3595 2616 Vena

2004 2651 2244 2706 namque
2290 2637 2431 2707 ipsa,
2472 2654 2663 2710 nerve,
2707 2660 2771 2701 ac
2820 2648 3054 2711 arterim,
3105 2649 3438 2721 reliquisque
3472 2652 3603 2706 tho-r

2005 2727 2171 2792 racis.
2231 2728 2315 2784 vel
2363 2731 2551 2799 potius
2589 2739 2760 2793 totius
2793 2741 3040 2809 corporis
3077 2741 3325 2809 partibus
3362 2742 3594 2799 alimen-

2007 2830 2121 2876 tum
2153 2821 2557 2885 subministrat.
2606 2828 2820 2885 Arteria
2848 2846 3001 2896 vero,
3051 2833 3321 2888 naturalis
3368 2835 3591 2902 caloris,

2005 2928 2071 2969 ac
2115 2913 2301 2969 vitalis
2349 2914 2578 2989 spiritus
2630 2923 2773 2990 vim,
2822 2937 2931 2977 non
2993 2938 3143 2979 venae
3201 2932 3449 2991 tantum,
3495 2927 3594 2984 sed

2006 3003 2234 3073 reliquis
2257 3005 2425 3064 etiam
2466 3012 2715 3080 partibus
2754 3013 3083 3083 impartitur.
3124 3012 3170 3067 A
3202 3025 3591 3070 nervo‘autem

322 3097 474 3167 παρά
502 3097 605 3169 τῆς
649 3097 876 3169 καρδίας
904 3099 1004 3167 τὴν
1036 3101 1275 3173 φυσικὴν
1306 3101 1622 3174 θερμότητα
1662 3103 1692 3156 ό
1719 3101 1905 3175 θώραξ

2009 3095 2123 3160 illa,
2156 3105 2212 3155 et
2247 3114 2371 3156 cum
2422 3101 2539 3171 ipsa
2577 3111 2751 3158 totum
2785 3118 2986 3174 corpus
3027 3120 3253 3160 sensum
3291 3106 3589 3162 vindicant.

320 3190 608 3260 λαμϐάνει,
644 3192 720 3255 ώς
745 3186 892 3255 οἶκος
921 3192 1184 3263 ὑπάρχων
1213 3192 1405 3264 αὐτῆς.

396 3369 552 3423 Ἔστι
587 3370 647 3423 δὲ
691 3370 726 3440 ἡ
769 3369 968 3440 καρδία
1001 3370 1301 3442 νευρώδης,
1360 3369 1457 3424 καὶ
1510 3370 1756 3447 μυώδης,
1814 3379 1911 3433 καὶ

322 3461 634 3534 φλεϐώδης·
669 3461 871 3533 ἔχουσα
909 3463 1006 3518 καὶ
1049 3463 1342 3534 ἀρτηρίας,
1397 3463 1492 3517 καὶ
1546 3464 1642 3523 δύο
1696 3470 1910 3535 κοιλίας

322 3552 445 3607 κατ’
472 3554 760 3624 ἀμφότερα
801 3553 948 3625 μέρη
980 3553 1023 3584 ⁸⁸
1059 3552 1234 3623 αὐτῆς
1256 3569 1271 3583 ·
1306 3554 1366 3607 ὲν
1416 3553 1506 3622 αἶς
1555 3560 1818 3627 γεννᾶται
1849 3558 1910 3612 τὸ

323 3643 565 3714 ἐμφυτον
587 3643 815 3715 θερμὸν,
842 3645 939 3698 καὶ
961 3643 1022 3698 τὸ
1042 3643 1279 3707 ζωτικὸν
1305 3649 1547 3718 πνεῦμα.
1588 3649 1910 3718 Ἐμπέφυκε

321 3736 384 3789 δὲ
422 3737 560 3808 αὐτῇ
602 3739 637 3808 η
672 3739 885 3807 μεγάλη
921 3738 1163 3812 ἀρτηρία
1208 3742 1301 3794 καὶ
1334 3739 1553 3812 πρώτη,
1582 3741 1649 3812 ἣν
1681 3741 1908 3810 ἀορτὴν

324 3826 583 3881 καλέουσι
608 3829 686 3863 ⁶¹ο
725 3828 793 3881 δι’
827 3823 894 3899 ἦς
925 3835 1249 3903 χορηγεῖται
1294 3834 1417 3895 ταῖς
1457 3832 1501 3864 ⁸³
1541 3832 1784 3894 ἁπάσαις
1812 3832 1906 3885 τοῦ

326 3919 584 3991 σώματος
615 3920 661 3952 ⁸⁵
707 3920 1022 3993 ἀρτηρίαις,
1056 3925 1084 3977 ὂ
1122 3940 1183 3977 τε
1224 3922 1456 3988 ζωτικδς
1495 3925 1671 3989 τόνος,
1728 3925 1826 3977 καὶ
1872 3924 1905 3993 ὴ

321 4014 565 4086 ἔμφυτος
603 4013 906 4088 θερμασία.
964 4017 1209 4081 Ζωτικὸν
1258 4017 1315 4070 δὲ
1355 4016 1511 4071 τόνον
1540 4017 1630 4070 τὸν
1660 4015 1906 4086 σφυγμὸν

321 4104 576 4175 λέγομεν.
612 4105 720 4162 Τὴν
768 4107 880 4179 γὰρ
920 4107 1177 4179 σφυγμὸν
1221 4110 1289 4178 τῇ
1321 4107 1523 4179 καρδία
1570 4109 1603 4178 ὴ
1654 4105 1726 4160 τὰ
1769 4106 1906 4176 σύμ·

323 4213 504 4250 παντα
534 4196 901 4271 οἶκονομοῦσα
929 4201 973 4231 ⁸⁸
1007 4198 1306 4270 ἐχαρίσατο
1329 4199 1576 4269 Δύναμις
1609 4199 1676 4259 ⁸⁸.
1711 4198 1797 4252 ἵνα
1817 4198 1908 4252 διὰ

326 4289 430 4359 μὲ»)
482 4291 746 4362 συστολῆς
817 4290 1047 4362 ἑκθλίϐῃ
1092 4291 1189 4345 καὶ
1231 4291 1581 4362 ὲκπυρηνίζη
1629 4292 1673 4322 ⁸⁷
1712 4290 1782 4344 τά
1821 4289 1905 4344 λι-

324 4383 538 4456 γνυώδη
573 4384 743 4454 αὐτῆς
773 4382 1191 4454 περιττώματα,
1220 4383 1365 4453 ἅπερ
1388 4385 1446 4436 ὲν
1477 4384 1615 4454 αὐτῇ
1648 4384 1903 4451 γεννᾶται

323 4477 414 4530 διὰ
458 4474 557 4548 τὴν
616 4476 856 4547 ἄμετρον
904 4476 1076 4546 αὐτῆς
1130 4474 1472 4547 θερμασίανο
1531 4475 1620 4528 διά
1688 4474 1746 4527 δὲ
1799 4473 1899 4543 τῆς

323 4565 635 4635 διαστολῆς,
678 4564 993 4636 εἰσδέχηται
1034 4563 1281 4635 καθαρὸν
1333 4562 1534 4628 ἔξωθεν
1567 4563 1738 4634 ἀέραο
1775 4562 1902 4634 θερ-

329 4660 662 4731 μαινομένης
710 4658 822 4731 γὰρ
862 4658 1029 4729 αὐτῆς
1066 4658 1217 4728 παρὰ
1257 4656 1440 4726 φύσιν,
1477 4656 1683 4718 εὐθέως
1721 4657 1815 4708 καὶ
1845 4655 1904 4708 τὸ

325 4752 466 4815 ζῶον
487 4751 606 4804 ὅλον
639 4751 792 4824 παρά
826 4750 991 4821 φύσιν
1026 4750 1409 4821 θερμαίνεται,
1445 4748 1541 4802 καὶ
1587 4746 1905 4818 ψυχομένης

324 4840 583 4911 ψύχεται.

396 4931 442 4983 Τ
446 4929 671 4983 ἐτακται
698 4929 754 4984 δὲ
789 4932 847 4984 ἐν
874 4932 1012 5004 αὐτῇ
1039 4932 1135 4986 καὶ
1165 4934 1198 5003 ὴ
1231 4930 1327 4985 τοῦ
1351 4929 1524 5002 θυμοῦ
1557 4930 1811 5003 δύναμις,
1845 4931 1907 4983 τὸ

325 5014 498 5079 ττάθος
521 5015 620 5087 τῆς
652 5017 830 5088 ψυχῆς
858 5020 925 5075 ⁸⁸.
961 5019 1114 5090 Πάθη
1155 5020 1212 5073 δὲ
1239 5023 1338 5092 τῆς
1365 5018 1546 5091 ψυχῆς
1568 5019 1822 5092 λέγομεν,
1851 5022 1908 5074 ὲν

325 5102 409 5171 οἷς
438 5109 608 5180 αὐτῆς
642 5111 745 5180 μέν
775 5113 892 5166 ἐστι
924 5112 1143 5184 πρῶτον
1180 5113 1226 5144 ⁸⁸
1254 5114 1288 5182 ἡ
1314 5112 1550 5183 κίνησις,
1592 5114 1909 5184 συμπάσχει

323 5200 384 5254 δὲ
423 5201 566 5273 αὐτῇ
616 5204 650 5273 ὴ
680 5203 899 5276 καρδία,
931 5205 1008 5269 ὡς
1036 5206 1270 5277 δργανον
1312 5207 1508 5277 αὐτῆς.
1558 5205 1618 5260 Ἥ
1651 5206 1753 5278 μὲν
1795 5205 1906 5277 γὰρ

324 5292 475 5366 ψυχὴ
506 5294 776 5360 ἀθάνατος
808 5297 966 5363 οὖσα,
998 5297 1156 5368 δῆλον
1181 5299 1263 5353 ὄτι
1291 5299 1386 5353 καὶ
1415 5299 1637 5370 ἀπαθής
1664 5300 1781 5353 ἐστι
1813 5300 1900 5330 το-

2010 3184 2213 3245 Verum
2256 3206 2288 3246 a
2344 3190 2509 3247 corde
2557 3191 2677 3262 ipso
2721 3193 2939 3261 thorax,
2992 3203 3158 3262 upote
3195 3194 3355 3264 cujus
3401 3197 3595 3252 domi-

2009 3282 2195 3337 cilium
2236 3282 2329 3347 sit,
2362 3282 2561 3345 caloris
2610 3283 2881 3345 naturalis
2929 3284 3229 3353 plurimum
3271 3285 3505 3356 accipit.
3598 3314 3601 3319 ι

2079 3372 2186 3428 Cor
2236 3383 2418 3428 autem
2463 3373 2669 3438 nervis,
2705 3375 2994 3439 musculis,
3040 3376 3322 3445 venisque.
3351 3393 3415 3433 ac
3446 3390 3592 3432 arte-

2010 3465 2107 3521 riis
2155 3466 2442 3535 praeditum
2466 3477 2592 3530 est,
2642 3465 2807 3533 cujus
2838 3465 2909 3519 ab
2944 3473 3178 3534 utraque
3209 3477 3360 3534 parte
3388 3469 3591 3535 gemini

2010 3556 2291 3613 ventriculi
2331 3565 2657 3619 cernuntur,
2709 3557 2763 3610 in
2815 3556 3018 3626 quibus
3070 3557 3271 3613 insitus
3320 3558 3470 3612 calor
3506 3561 3591 3615 vi-

2010 3645 2245 3714 talisque
2261 3644 2487 3713 spiritus
2508 3655 2922 3714 progeneratur.
2942 3645 3000 3700 lu
3026 3646 3129 3701 hoc
3146 3662 3382 3716 namque
3401 3650 3587 3715 corde,

2009 3750 2204 3807 magna
2226 3735 2511 3805 primaque
2529 3735 2753 3802 arteria,
2766 3752 2890 3805 qua:
2905 3735 3094 3791 adorta
3122 3750 3490 3807 nuncupatur,
3506 3741 3599 3797 in-

2009 3830 2113 3883 sita
2144 3836 2247 3889 est,
2272 3826 2419 3880 unde
2469 3835 2684 3880 cunctae
2715 3827 2886 3883 totius
2917 3829 3167 3897 corporis
3186 3831 3403 3887 arteriae
3428 3833 3591 3890 vitale

2009 3920 2201 3989 robur,
2234 3936 2300 3976 ac
2344 3918 2570 3974 insitum
2619 3920 2857 3974 calorem
2905 3919 3233 3989 suscipiunt.
3267 3921 3443 3979 Vitale
3488 3941 3590 3981 au-

2011 4021 2117 4065 tem
2152 4011 2343 4075 robur,
2394 4010 2615 4079 pulsum
2657 4026 3062 4080 uuncupamus.
3095 4013 3387 4070 Enimvero
3417 4015 3589 4072 Crea-

2011 4103 2146 4158 toris
2190 4110 2447 4173 potestas,
2521 4117 2645 4171 quae
2704 4105 2961 4158 universa
3018 4104 3330 4172 gubernat,
3398 4110 3587 4176 pulsus

2007 4194 2350 4249 dominatum
2397 4194 2546 4249 cordi
2597 4194 2795 4262 largita
2855 4202 2961 4259 est,
3017 4211 3127 4263 quo
3184 4212 3295 4265 prre
3339 4199 3424 4252 sui
3461 4214 3588 4253 eon«

2009 4288 2300 4354 tractione,
2353 4285 2569 4342 fumosa
2611 4295 2959 4343 excrementa
2990 4303 3112 4357 qua:
3142 4288 3197 4343 in
3228 4290 3350 4358 ipso
3379 4291 3452 4345 ob
3478 4291 3586 4346 im-

2008 4378 2282 4434 modicum
2328 4379 2447 4449 ejus
2486 4379 2727 4435 calorem
2777 4379 3078 4450 gignuntur
3123 4380 3396 4450 expellere
3435 4382 3586 4438 efﬂa-

1933 4455 1980 4512 Ῑ)
2008 4486 2173 4542 reque
2214 4472 2423 4542 possit,
2475 4486 2599 4525 cum
2657 4486 2788 4526 vero
2827 4471 3084 4526 dilatatur
3127 4472 3583 4544 distenditurque,

2008 4577 2203 4632 purum
2239 4562 2479 4616 exterius
2514 4562 2923 4632 provenientem
2952 4577 3134 4619 aerem
3170 4562 3456 4620 admittere
3484 4580 3583 4620 va-

2007 4653 2130 4708 leat.
2187 4650 2322 4708 Cum
2352 4653 2557 4723 ipsum,
2613 4664 2810 4724 praeter
2874 4664 3163 4722 naturam,
3233 4655 3353 4724 plus
3412 4656 3582 4711 nimio

2006 4745 2184 4800 calore
2236 4747 2481 4818 rigoreve
2530 4746 2792 4816 occupari
2858 4747 3157 4816 contingit,
3220 4748 3407 4803 eadem
3462 4763 3585 4819 pro-

2008 4836 2155 4890 tinus
2189 4834 2405 4891 aﬂ‘ectio
2439 4845 2613 4893 latum
2659 4850 2862 4905 corpus
2919 4846 3169 4891 nostrum
3207 4836 3580 4907 subsequitur.

2080 4924 2138 4979 In
2160 4926 2324 4980 corde
2343 4941 2583 4997 namque
2604 4926 2724 4997 ipso
2740 4926 3033 4982 irascihilis
3050 4926 3132 4982 vis
3151 4927 3327 4997 posita
3345 4937 3449 4993 est,
3462 4944 3585 4999 quae

2011 5019 2206 5074 anima:
2236 5021 2423 5090 passio
2449 5019 2698 5075 habetur.
2717 5018 3039 5074 Passionem
3068 5027 3249 5073 autem
3274 5021 3469 5075 animae
3497 5020 3584 5075 di-

2009 5112 2206 5178 cimus,
2242 5112 2295 5166 in
2345 5112 2453 5176 his,
2509 5111 2562 5164 in
2618 5109 2822 5181 quibus
2878 5109 3133 5179 primitus
3180 5110 3353 5180 ipsius
3404 5121 3586 5167 motus

2009 5214 2110 5259 est.
2150 5205 2314 5274 Atqui
2356 5220 2449 5259 cor
2482 5203 2685 5273 ipsum,
2736 5210 2926 5273 utpote
2955 5202 3388 5257 instrumentum
3439 5204 3583 5272 ejus.

2011 5297 2116 5365 ipsi
2159 5296 2514 5366 compatitur.
2544 5293 2703 5360 Nam,
2738 5308 2866 5348 cum
2898 5293 3084 5349 anima
3128 5292 3454 5349 immortalis
3486 5293 3585 5349 ha-

398 5518 445 5598 '_"
461 5519 651 5598 αύτὴν.
674 5522 765 5598 A._
815 5523 1013 5598 "‘ptﬂ.
1055 5523 1201 5598 εστὶν
1229 5523 1329 5598 B._
1367 5521 1411 5554 ⁸⁷
1429 5519 1841 5598 Evsptbguqﬂgih
1852 5538 1911 5573 τε
1942 5520 2615 5598 ’,μ-ῥιναρρωνύεσθαι-Β..
2663 5520 2709 5552 ⁸⁸
2747 5520 2878 5598 γῇν
3056 5520 3106 5598 ξ’
3133 5514 3469 5598 φλεγματίρυ

325 5592 422 5661 θοή
447 5590 555 5661 μὲν
592 5587 699 5661 γὰρ
728 5592 790 5661 Β.
849 5587 905 5623 ⁶¹’
923 5592 1266 5661 ἑκατέρωθεν
1292 5593 1356 5648 Ρ.
1427 5591 1471 5622 ⁶¹
1487 5587 1723 5661 καλοῦσι’
1803 5589 1887 5661 CL
1939 5590 1982 5621 ”
2014 5587 2071 5661 εὖ
2096 5587 2215 5661 ταῖς
2239 5591 2296 5643 Β.
2375 5591 2420 5661 ’ξ
2455 5589 2532 5659 τῷ
2557 5588 2768 5661 σώματι
2794 5591 2853 5644 Β.
2931 5592 2974 5622 ⁸⁸
3001 5587 3174 5661 πάντα
3202 5587 3499 5661 ἐνεργοῦσα
3519 5587 3582 5639 Ρ.

325 5661 369 5690 ⁸⁸
405 5658 517 5714 δύν.
549 5658 704 5730 ὲχαρ.
736 5660 795 5715 Β.
862 5663 917 5743 1⁸⁷
948 5658 1202 5732 πυρινίζη
1224 5663 1284 5714 Β.
1359 5662 1402 5692 δ’
1423 5661 1483 5714 τὸ
1502 5658 1555 5714 τ.
1578 5661 1635 5729 ψ.
1672 5660 1839 5722 πάθος
1860 5659 1922 5714 Β.

1998 5660 2040 5690 δ’
2066 5644 2297 5728 πρώτως
2318 5661 2358 5711 Β
2378 5660 2438 5717 C.
2504 5644 2559 5693 ’⁷⁸
2588 5644 2792 5723 πάθονς
2814 5659 3126 5732 σωματικοῦ
3149 5657 3277 5713 add.
3297 5644 3352 5708 ’Β
3380 5653 3443 5711 C.
