4006 6158
449 254 517 310 12
529 257 593 311 l5
1728 245 1776 301 Μ
1787 243 2014 301 ειετιι

2156 241 2372 301 NAG“!
2659 273 2668 283 ι
3590 238 3741 294 1216

452 375 668 437 beatur,
710 367 904 440 procul
947 366 1139 430 dubio,
1182 361 1296 436 96
1339 377 1393 419 et
1411 364 1665 435 corporis
1718 365 2034 434 passionum

2156 364 2201 417 rb
2229 364 2288 417 δὲ
2325 361 2658 432 συμπάσχον
2703 361 2978 415 κινεῖται·
3021 359 3119 413 καὶ
3148 357 3180 428 ἧ
3213 359 3272 427 ἐξ
3299 355 3516 412 ἔνδοθεν
3554 359 3600 392 ’³
3649 360 3753 431 9e-

451 479 650 534 expers
695 471 815 526 est;
868 459 998 515 illud
1023 459 1178 511 enim
1223 459 1368 526 quod
1403 458 1773 527 compatitur,
1830 465 2034 519 movet,

2156 469 2324 524 ρεται,
2355 453 2388 523 ἢ
2423 453 2584 515 ἐκτὸς
2617 453 2680 506 rb
2709 451 2961 506 ἐνοικοῦν
2993 455 3064 525 τῇ
3093 449 3296 524 καρδίᾳ
3329 450 3551 520 πνεῦμα
3577 453 3754 516 ζωτι-

453 559 570 612 sive
598 555 811 609 vitalem
846 551 1124 621 spiritum,
1160 549 1320 618 cujus
1350 550 1402 602 in
1432 551 1597 603 corde
1627 548 1785 603 sedes
1813 557 1918 610 est,
1951 548 2037 600 in-

2156 545 2263 598 κόν.
2301 546 2413 598 Καὶ
2457 545 2617 608 ἐκτὸς
2668 546 2768 615 μὲν
2810 545 2950 615 μετὰ
2998 543 3301 609 συντονίας,
3360 543 3442 606 ὡς
3477 543 3575 596 ἐπὶ
3632 542 3751 598 τῶν

455 661 694 703 trorsum
715 643 865 707 ferri,
883 642 999 696 sive
1009 649 1169 694 extra
1186 639 1487 708 contingat;
1501 647 1555 692 et
1571 654 1695 693 cum
1712 646 1868 692 extra
1887 651 2043 707 egre-

2156 633 2552 703 Βυμουμένωνο
2585 633 2618 703 ἢ
2652 633 2794 703 μετὰ
2830 633 3186 702 χαυνότητος,
3225 633 3304 696 ὡς
3342 634 3436 686 ἐπὶ
3476 632 3589 686 τῶν
3618 634 3752 703 ἠδο-

453 741 598 793 ditur
625 735 944 789 concitatior
962 733 1156 796 fertur,
1182 740 1239 784 ut
1271 730 1322 784 in
1352 730 1438 785 his
1453 730 1545 800 qni
1569 731 1901 793 irascuntur,
1922 743 2042 784 cer-

2156 725 2336 794 μένων
2359 739 2373 754 ⁸
2410 723 2566 786 ὲντδς
2598 723 2679 789 δὲ,
2717 724 2752 794 ἢ
2793 725 3030 794 ἁθρόως,
3080 725 3156 788 ὡς
3204 725 3300 776 ἐπὶ
3327 726 3438 778 τῶν
3471 725 3754 795 φοϐουμέ-

455 844 582 883 nere
602 836 715 893 est;
741 828 792 879 in
811 825 898 880 his
915 837 1067 885 vero,
1092 822 1184 891 qui
1205 821 1387 875 laetitia
1408 821 1741 884 aﬂiciuntur,
1763 819 2045 874 remissior

2156 833 2292 871 νωνο
2331 814 2365 887 ἢ
2418 817 2564 870 κατὰ
2609 815 2788 887 βραχὺ
2833 817 2900 882 τ’,
2950 817 3028 880 ὡς
3057 819 3152 870 ἐπὶ
3189 818 3300 870 τῶν
3355 817 3751 888 λυπουμένων.

455 919 532 972 iit.
564 917 667 982 Qui
696 925 876 970 autem
913 910 1208 967 formidine
1237 921 1580 979 premuntur,
1617 912 1670 964 in
1695 911 1832 979 ipsis
1893 910 2042 964 intus

2156 906 2366 961 Οὐκοῦν
2410 906 2514 976 τῆς
2559 908 2789 979 καρδίας
2815 909 3148 975 καὶταῦτα,
3193 910 3373 962 καὶτὸ
3421 910 3755 979 θερμαίνειν

454 1007 744 1064 confertim
774 1014 1071 1060 movetur:
1124 1003 1473 1057 tristantibus
1525 1017 1654 1058 vero
1707 1000 1902 1071 agitari
1943 1013 2042 1070 per

2156 1001 2300 1053 ᾶπαν
2328 999 2393 1052 rb
2427 999 2589 1069 σῶμα
2611 1016 2627 1032 ·
2660 999 2778 1052 ἔστι
2813 998 2870 1051 δὲ
2901 999 2963 1053 rb
3001 1001 3188 1071 σχῆμα
3221 1001 3392 1072 αὐτῆς
3431 1001 3750 1066 κωνοειδές.

455 1101 735 1158 intervalla
762 1102 918 1156 solet.
939 1100 1134 1154 Cordis
1164 1099 1348 1164 itaque
1372 1115 1594 1164 munus,
1624 1107 1739 1153 tum
1773 1098 1887 1153 haec
1915 1112 2038 1167 qua:
2077 1095 2405 1150 adduximus
2467 1094 2764 1162 efﬁciendi,
2797 1103 2912 1150 tum
2941 1105 3112 1151 totum
3170 1111 3372 1168 corpus
3390 1095 3751 1153 calefaciendi

457 1195 708 1250 habetur.
733 1190 842 1245 Cor
861 1205 1098 1260 namque
1124 1190 1303 1259 ipsum
1332 1191 1501 1260 ilgura
1526 1204 1625 1244 sua
1650 1189 1774 1244 coni
1801 1187 2034 1242 formam
2074 1187 2350 1258 exprimit.

523 1286 589 1338 Et
642 1298 768 1337 cum
829 1283 1004 1352 magis
1044 1283 1274 1353 ignitum
1334 1297 1446 1352 pra:
1495 1282 1754 1336 omnibus
1802 1281 2050 1350 corporis

457 1375 633 1432 nostri
671 1375 917 1444 partibus
967 1373 1230 1428 habeatur
1253 1413 1268 1435 ,
1318 1371 1482 1440 hujus
1517 1371 1691 1443 gratia
1733 1370 1875 1443 ignis
1907 1370 2047 1439 [igu-

460 1481 578 1520 ram
636 1465 889 1520 sortitum
939 1473 1044 1518 est.
1107 1465 1174 1518 Et
1233 1461 1692 1534 quemadmodum
1735 1462 1876 1533 ignis
1911 1463 2047 1532 ipse,

461 1574 490 1611 a
519 1556 709 1611 latiore
763 1556 1046 1625 magisque
1073 1555 1310 1624 spatiosa
1347 1554 1462 1609 basi
1509 1554 1776 1623 originem
1801 1554 2046 1624 capiens,

462 1663 685 1702 sursum
716 1661 774 1701 se
824 1646 1000 1715 ipsum
1033 1645 1430 1704 contrahendo.
1483 1660 1882 1715 usquequaque
1915 1660 2048 1698 acu-

2229 1278 2634 1349 Πυρωδεστέρα
2662 1277 2719 1332 δὲ
2764 1277 2901 1334 οὖσα
2931 1279 3152 1334 πάντων
3189 1279 3299 1333 τῶν
3331 1281 3388 1334 ὲν
3419 1277 3497 1353 τῷ
3528 1283 3756 1354 σώματι

2161 1370 2392 1444 μορίων,
2427 1368 2634 1424 καὶτοῦ
2653 1371 2827 1442 πυρὸς
2847 1371 3043 1442 ἔλαχεν
3058 1372 3204 1443 ἔχειν
3222 1372 3284 1425 rb
3301 1373 3509 1444 σχῆμα.
3535 1375 3757 1446 Ὠσπερ

2157 1465 2267 1535 γὰρ
2302 1465 2486 1517 ἐκεῖνο
2525 1464 2636 1518 ἀπὸ
2669 1463 3021 1534 πλατυτέρας
3056 1463 3270 1534 βάσεως
3309 1464 3620 1536 ἀρχόμενον
3648 1467 3756 1535 τὴν

2155 1556 2269 1610 ἄνω
2300 1555 2490 1627 χώραν
2515 1554 2725 1624 διώκει,
2749 1557 2840 1612 ἀεὶ
2868 1555 3231 1626 στενούμενόν
3255 1556 3300 1587 ⁷³
3323 1572 3385 1608 τε
3409 1557 3507 1609 καὶ
3532 1557 3619 1620 είς
3653 1557 3755 1621 δε.)

2155 1646 2702 1718 ἀποκορυφούμενον,
2723 1647 2866 1700 οὕτω
2890 1648 2983 1700 καὶ
3007 1648 3042 1718 ἡ
3059 1646 3256 1717 καρδία
3277 1643 3570 1717 κωνοειδής
3604 1648 3752 1702 ἐστι.

465 1744 674 1793 tntnato
706 1738 994 1793 cacumine
1025 1736 1230 1802 fertur;
1257 1736 1330 1789 ita
1353 1745 1409 1791 et
1437 1751 1531 1790 eor
1567 1736 1622 1789 in
1651 1738 1775 1791 coni
1823 1737 2048 1791 modum

2156 1737 2350 1799 Κῶνος
2374 1736 2433 1790 δέ
2465 1737 2583 1789 ἔστι
2613 1737 2806 1807 σχῆμα
2845 1736 3117 1806 περιαγὲς
3149 1736 3230 1799 είς
3276 1735 3371 1801 ὀξὺ
3415 1735 3586 1804 λῆγον
3607 1752 3624 1766 ⁶
3661 1737 3757 1790 δύο

463 1829 739 1884 consistit.
787 1827 974 1882 Conus
1018 1835 1200 1880 autem
1256 1826 1427 1896 figura
1458 1833 1544 1881 est
1577 1841 1700 1896 quae
1752 1825 2051 1896 circumagi

464 1919 624 1974 facile
651 1927 850 1989 potest,
875 1930 927 1972 et
963 1933 1086 1988 qua:
1109 1918 1165 1971 in
1194 1932 1423 1972 acumen
1452 1917 1678 1981 desinit,
1698 1932 1866 1987 quam
1901 1933 2052 1974 com-

465 2011 798 2081 prehendere
817 2010 1050 2080 quisque
1077 2009 1180 2062 hoc
1201 2016 1362 2078 pacto
1383 2016 1566 2077 queat.
1599 2007 1655 2062 Si
1686 2010 1832 2079 quis,
1865 2024 2050 2065 exem-

467 2102 538 2172 pli
573 2102 770 2171 gratia,
808 2101 995 2170 plures
1027 2098 1286 2161 circulos,
1321 2097 1550 2152 alterum
1579 2097 1734 2152 alteri
1768 2098 2052 2167 impositos

466 2193 800 2254 consideret,
833 2205 898 2245 ex
931 2189 1134 2260 quibus
1154 2188 1250 2258 qui
1293 2186 1434 2242 infra
1469 2197 1553 2243 est
1578 2189 1824 2242 omnium
1873 2189 2054 2258 major

467 2283 754 2345 habeatur,
781 2281 877 2350 qui
913 2293 1043 2333 vero
1065 2278 1133 2332 ab
1159 2278 1278 2347 ipso
1325 2277 1488 2347 paulo
1513 2277 1750 2346 brevior,
1806 2287 1915 2331 tum
1945 2286 2056 2332 ter-

467 2375 599 2435 tius,
659 2381 1036 2441 quartusque,
1077 2378 1132 2424 et
1169 2369 1264 2438 qui
1299 2377 1609 2438 sequuntur
1659 2368 2054 2423 contractiores

471 2465 861 2532 brevioresque
915 2461 1048 2526 sint,
1075 2462 1154 2516 sic
1218 2469 1275 2514 ut
1330 2474 1520 2514 eorum
1554 2458 1691 2514 ordo
1721 2459 1787 2513 ad
1817 2459 2056 2514 diminu-

472 2558 674 2612 tionem
714 2555 902 2609 tendat
927 2553 1104 2623 quoad
1143 2553 1195 2606 in
1223 2552 1608 2607 brevissimum
1659 2551 1928 2606 circulum
1961 2551 2054 2606 de-

469 2646 654 2701 sinere
710 2643 960 2697 rideatur
1019 2659 1033 2696 :
1075 2644 1265 2697 eadem
1313 2650 1366 2695 et
1403 2642 1470 2696 de
1515 2655 1657 2696 cono
1701 2640 1885 2695 haberi
1914 2641 2056 2695 ratio

468 2746 680 2810 potest;
708 2736 870 2790 talem
923 2750 1159 2805 namque
1198 2734 1426 2805 ﬁguram
1454 2732 1730 2803 exprimit.
1778 2731 1836 2786 In
1880 2747 1946 2788 eo
1979 2731 2058 2787 la-

470 2831 687 2892 tiorem,
723 2836 780 2881 et
807 2827 1131 2882 circularem
1163 2835 1396 2896 partem,
1439 2825 1638 2890 basim,
1677 2824 2054 2895 angustiorem

472 2932 626 2982 vero,
661 2925 716 2971 et
745 2916 920 2986 ipsam
949 2915 1292 2971 circulariter
1318 2914 1681 2979 desinentem,
1733 2919 1942 2985 apicem
1974 2914 2057 2970 di-

469 3007 637 3062 xeris.
682 3005 819 3060 Cum
869 3006 1032 3076 igitur
1068 3020 1166 3061 cor
1209 3006 1277 3061 ad
1328 3005 1452 3061 coni
1493 3004 1724 3061 formam
1784 3007 2057 3063 constitu-

472 3121 586 3166 tum
638 3111 730 3174 sit,
762 3109 937 3165 basim
982 3118 1162 3165 tamen
1193 3108 1334 3163 infra
1361 3109 1672 3167 tendentem
1705 3121 1815 3167 non
1864 3113 2052 3180 habet;

470 3201 516 3256 si
538 3201 683 3255 enim
737 3199 858 3268 ejus
883 3212 1113 3253 acumen
1147 3213 1368 3254 sursum
1393 3199 1742 3271 dirigeretnr,
1784 3202 2053 3271 plurimos

472 3290 540 3345 ad
570 3289 858 3345 cerebrum
895 3303 1128 3359 vapores
1175 3289 1468 3354 emitteret,
1501 3301 1557 3345 et
1602 3293 1892 3360 temperies
1933 3294 2054 3364 ejus

471 3396 638 3452 quam
667 3389 862 3436 natura
902 3381 1166 3452 largiente
1216 3398 1247 3437 a
1299 3382 1479 3453 prima
1528 3384 1919 3440 constitutione
1952 3386 2054 3440 fri-

475 3475 658 3546 gidam
686 3475 943 3544 adeptum
989 3483 1094 3539 est,
1151 3482 1569 3546 praevertentur
1604 3475 1871 3542 :idcirco,
1904 3477 2052 3534 basis

474 3567 618 3637 ejus,
648 3575 821 3632 retro,
873 3575 928 3621 et
956 3579 1174 3621 sursum
1205 3580 1437 3638 vergens
1479 3568 1767 3636 consistit;
1821 3582 2051 3625 acumen

475 3674 606 3712 vero
629 3667 756 3714 ante
779 3667 834 3714 et
859 3656 1000 3712 infra
1029 3659 1395 3729 protenditur.
1433 3657 1548 3715 Hac
1591 3659 1758 3731 igitur
1783 3659 1853 3716 de
1887 3676 2055 3717 causa

474 3765 600 3803 cum
651 3757 832 3818 partes
869 3764 992 3818 qua:
1029 3749 1272 3819 pectoris
1307 3756 1438 3804 sunt
1465 3747 1773 3815 calefaciat,
1828 3751 1908 3805 uti
1930 3751 2056 3821 pilis

473 3841 792 3904 densentur,
841 3855 1006 3895 causa
1042 3840 1276 3896 exsistit.
1307 3840 1465 3906 Nam,
1487 3841 1749 3910 Spissum,
1796 3841 2059 3898 densum-

473 3948 602 4003 que,
652 3932 798 4002 quod
877 3932 956 3986 illi
1018 3931 1222 3998 λάσιον,
1293 3933 1388 3987 καὶ
1466 3932 1604 3988 δασὺ
1689 3933 1902 4000 dicunt,
1971 3937 2055 3990 in-

2154 1845 2310 1881 ναται
2350 1827 2410 1880 δὲ
2461 1827 2524 1880 rb
2578 1827 2766 1901 σχῆμα
2824 1826 2985 1880 τοῦτο
3029 1827 3276 1880 νοεῖσθαι
3320 1824 3535 1889 οὕτως’
3564 1828 3638 1881 Εἴ
3668 1845 3759 1892 τις

2153 1919 2308 1973 λάϐοι
2349 1920 2472 1972 κατ’
2515 1901 2765 1972 ἐπίνοιαν
2811 1917 3068 1981 πλείονας
3123 1917 3361 1981 κύκλους
3409 1918 3758 1990 ἐπαλλήλους

2153 2013 2466 2082 κειμένους,
2497 2006 2574 2066 ὧν
2606 2012 2632 2064 ὁ
2668 2011 2772 2081 μὲν
2802 2011 3066 2065 ὑποκάτω
3091 2011 3299 2081 μείζων
3321 2013 3495 2078 ἐστὶν,
3524 2011 3552 2063 ὁ
3580 2012 3643 2065 δὲ
3663 2011 3757 2065 ἐπ’

2154 2102 2350 2173 ἐκείνῳ
2387 2103 2753 2173 σμικρότερος
2779 2119 2794 2135 ο
2838 2099 2960 2156 εἶτα
2984 2105 3014 2157 ὁ
3040 2104 3223 2174 τρίτος
3256 2103 3353 2157 καὶ
3383 2106 3412 2157 ὁ
3458 2105 3752 2174 τέταρτος,

2155 2195 2247 2247 καὶ
2277 2193 2453 2258 οὕτως
2494 2193 2694 2266 ἑφεξῆς
2723 2195 2757 2264 ἡ
2802 2195 3030 2265 μείωσις
3062 2195 3296 2264 γίνεται,
3344 2197 3506 2269 ἄχρις
3549 2199 3619 2251 ἂν
3670 2201 3756 2259 είς

2154 2285 2356 2340 κύκλον
2381 2286 2748 2357 σμικρότερον
2777 2287 2824 2318 ’⁸
2849 2286 3194 2360 τελευτήσῃο
3229 2287 3374 2342 οὕτω
3401 2289 3498 2341 καὶ
3527 2289 3626 2341 ἐπὶ
3653 2289 3756 2342 τοῦ

2155 2377 2363 2432 κώνουο
2399 2376 2627 2446 λέγεται
2671 2374 2768 2432 οὖν
2793 2378 2890 2432 τοῦ
2917 2379 3166 2434 τοιούτου
3214 2383 3496 2453 σχήματος
3541 2382 3604 2436 rb
3653 2385 3758 2452 μὲν

2154 2471 2290 2540 εὐρὺ
2324 2469 2507 2541 βάσις,
2540 2469 2603 2524 rb
2636 2471 2694 2524 δὲ
2732 2471 2918 2524 στενὸν
2952 2474 3194 2546 κορυφή.
3234 2472 3303 2526 Ἦ
3334 2472 3518 2527 τοίνυν
3543 2474 3756 2545 καρδία

2153 2561 2216 2614 rb
2250 2562 2538 2626 κωνοειδές
2577 2564 2728 2616 ἐστιν
2755 2562 2962 2633 ἔχουσα
3007 2565 3216 2636 σχῆμα,
3247 2565 3351 2635 τὴν
3377 2565 3434 2619 δὲ
3458 2563 3621 2636 βάσιν
3647 2569 3757 2620 οὐκ

2155 2652 2270 2724 ἔχει
2293 2653 2473 2708 κάτω⁹
2502 2652 2700 2724 ἔμελλε
2723 2655 2834 2726 γὰρ
2860 2657 2895 2725 ἠ
2927 2655 3285 2726 κορυφὴεανω
3307 2655 3583 2727 βλέπουσα
3619 2659 3760 2712 πολ-

2154 2744 2283 2808 λοὺς
2309 2745 2521 2816 ἀτμοὺς
2545 2745 2920 2817 θερμοτέρους
2951 2748 3065 2820 ἄνω
3090 2750 3232 2820 πρὸς
3250 2749 3298 2782 ⁷⁵
3320 2750 3412 2803 τὸν
3436 2750 3759 2820 ἐγκέφαλον

2156 2815 2424 2906 πέμπειν,
2456 2836 2552 2891 καὶ
2592 2815 2848 2908 ἀμείϐειν
2872 2815 3242 2911 τὴν⁶ψυχικὴν
3267 2841 3313 2873 ’⁸
3345 2815 3546 2912 κρᾶσιν
3577 2815 3759 2897 αὐτοῦ

2155 2927 2505 3000 ψυχροτέραν
2527 2927 2588 2992 ἐξ
2613 2929 2795 3000 ἀρχῆς
2825 2933 3137 3000 γεγονυῖαν.
3183 2932 3300 2987 Νῦν
3327 2932 3383 2986 δὲ
3416 2937 3600 2988 κεῖται
3652 2937 3760 3006 μὲν

2157 3023 2193 3094 ἡ
2215 3021 2374 3093 βάσις
2397 3023 2442 3054 ""
2473 3022 2650 3092 αὐτῆς
2679 3023 2858 3078 ὀπίσω
2880 3029 2978 3078 καὶ
3000 3024 3115 3079 ἄνω
3133 3042 3148 3057 ·
3177 3026 3213 3097 ή
3238 3027 3296 3081 δὲ
3319 3028 3535 3099 κορυφὴ
3556 3031 3758 3100 πρόσω

2160 3116 2257 3169 καὶ
2292 3115 2467 3171 κάτω.
2503 3115 2605 3170 Διὰ
2645 3111 2741 3171 οὖν
2780 3117 2990 3190 ταύτην
3014 3119 3116 3191 τὴν
3152 3118 3336 3174 αἰτίαν
3370 3121 3758 3193 θερμαίνουσα

2158 3208 2221 3260 rb
2271 3209 2680 3280 περιστέρνιον,
2731 3208 2920 3264 λάσιον
2993 3210 3128 3264 αὐτὸ
3178 3213 3558 3284 ἀπεργάζεται
3628 3220 3763 3281 ταῖς

2159 3297 2326 3368 Θριξί.
2375 3298 2638 3370 Διαφέρει
2664 3300 2719 3354 δὲ
2744 3301 2807 3354 τὸ
2839 3301 3026 3356 λάσιον
3059 3303 3154 3358 τοῦ
3183 3303 3373 3369 δασέος
3391 3321 3404 3334 ⁸
3431 3308 3515 3361 ὅτι
3544 3308 3609 3360 τὸ
3650 3310 3761 3380 μὲν

2159 3389 2294 3443 δασὺ
2324 3387 2618 3461 θεωρεῖται
2653 3389 2852 3462 πλήθει
2878 3391 2974 3445 καὶ
3006 3393 3312 3466 πυκνότητι
3342 3396 3569 3464 τριχῶν,
3608 3396 3674 3449 rb
3696 3398 3759 3450 δὲ

2157 3481 2349 3535 λάσιον
2375 3482 2437 3535 οὐ
2474 3481 2636 3553 μόνον
2664 3483 2903 3551 τούτοις,
2929 3486 3068 3540 ἀλλὰ
3097 3486 3193 3540 καὶ
3225 3487 3484 3557 μεγέθει·
3520 3487 3669 3542 ὥστε
3704 3490 3765 3543 εί

2159 3590 2213 3626 τι
2252 3571 2355 3643 μὲν
2383 3571 2591 3640 λάσιον,
2621 3573 2782 3629 τοῦτο
2810 3577 2909 3632 καὶ
2935 3577 3102 3632 δασύο
3128 3578 3234 3632 είτι
3263 3579 3321 3633 δὲ
3343 3579 3499 3646 δασὺ,
3525 3581 3588 3633 οὐ
3615 3582 3760 3633 πάν-

2159 3683 2271 3730 τως
2303 3667 2400 3720 καὶ
2427 3666 2636 3722 λάσιον.
2665 3667 2739 3721 Tb
2773 3668 2830 3722 δὲ
2877 3670 3050 3742 δνομα
3078 3671 3490 3742 ἑτυμολογεῖται
3514 3671 3558 3702 ⁷⁸
3597 3672 3760 3741 παρὰ

2161 3757 2224 3811 rb
2255 3757 2536 3830 κραδαίνω
2563 3759 2626 3812 rb
2673 3761 2842 3814 σείω⁶
2878 3762 3191 3834 ἀεικίνητος
3217 3763 3328 3835 γὰρ
3361 3765 3395 3834 ἠ
3436 3762 3641 3832 καρδία
3668 3763 3755 3794 "-

2161 3848 2286 3902 ὅθεν
2341 3849 2436 3904 καὶ
2486 3848 2775 3920 μέλλοντος
2808 3851 2976 3921 φόϐου
3009 3855 3104 3907 καὶ
3143 3855 3384 3923 ἀγωνίας
3430 3857 3756 3925 σημαντικὴ

2163 3940 2282 3993 ἐστι
2316 3940 2577 4010 πηδῶσασ
2606 3941 2683 4006 ὡς
2709 3943 2804 3996 καὶ
2837 3942 3151 4010 Ὀδυσσεὺς,

475 4024 650 4077 vicem
733 4021 1077 4092 discrepant,
1133 4037 1200 4078 eo
1251 4023 1398 4093 quod
1465 4025 1704 4095 spissum
1758 4024 1812 4079 in
1857 4027 2226 4096 multitudine,
2281 4030 2391 4102 95
2483 4032 2899 4107 frequentiaque
2979 4037 3242 4108 pilorum,
3308 4037 3541 4094 densum
3591 4052 3757 4102 vero,

476 4132 584 4171 non
627 4115 789 4170 modo
820 4116 874 4170 in
905 4117 1012 4180 his,
1059 4117 1155 4172 sed
1201 4117 1258 4171 in
1299 4116 1680 4186 magnitudine
1730 4120 2051 4175 eorumdem
2089 4137 2322 4180 cernere
2375 4133 2478 4180 est.
2526 4125 2680 4182 Talis
2733 4129 3004 4198 siquidem
3057 4130 3237 4200 locus,
3314 4132 3367 4186 in
3437 4132 3750 4198 nonnullis,

475 4225 584 4264 non
633 4207 796 4262 modo
844 4208 1214 4273 multitudine,
1281 4207 1659 4278 densitateque
1742 4209 2002 4279 pilorum,
2057 4228 2250 4269 verum
2317 4216 2479 4272 etiam
2542 4219 2856 4288 prolixitate
2917 4223 3156 4281 refertus
3238 4226 3551 4296 inspicitur.
3610 4226 3757 4282 Illud

474 4302 622 4356 enim
674 4315 705 4353 a
761 4299 966 4354 Graecis
1032 4299 1289 4353 KAPAIA
1320 4315 1351 4354 a
1411 4300 1582 4354 verbo
1631 4299 1914 4370 κραδαίνω
1989 4316 2359 4378 nuncupatur,
2406 4311 2553 4380 quod
2600 4327 2796 4377 moveo,
2845 4316 2979 4372 sive.
3015 4320 3199 4388 qualia
3276 4319 3508 4385 diceres,
3573 4335 3646 4375 ex
3681 4337 3756 4375 eo

472 4393 618 4462 quod
656 4391 1026 4457 formidinem,
1103 4391 1383 4462 animique
1426 4390 1850 4448 sollicitudinem
1921 4399 2395 4465 supervenientem
2441 4416 2562 4459 sese
2615 4407 2934 4463 concutiens
3020 4407 3265 4465 indicare
3346 4411 3508 4475 solet,
3573 4422 3638 4468 ut
3681 4413 3758 4470 de

478 4483 671 4556 Ulysse
712 4486 853 4554 apud
889 4484 1184 4540 Homerum
1217 4502 1231 4538 :

544 4595 650 4652 Cor
677 4598 779 4652 sibi
813 4599 966 4669 signa
1005 4598 1150 4652 dedit
1197 4597 1368 4667 futuri
1401 4598 1472 4650 ad
1507 4597 1712 4653 lutnina
1747 4599 1872 4670 fati.

469 4708 538 4789 Et
568 4727 760 4766 rursus
785 4728 799 4764 :

576 4822 689 4878 Nec
715 4841 858 4878 mens
889 4823 1046 4878 laude
1079 4835 1222 4879 caret
1250 4840 1344 4880 nec
1372 4826 1446 4880 mi
1476 4827 1572 4880 sub
1601 4830 1826 4896 pectoris
1847 4827 1977 4895 imo,

549 4957 776 5012 Ferreus
832 4967 909 5013 est
971 4961 1221 5028 animus,
1278 4977 1458 5015 verum
1506 4961 1755 5029 mitisque
1810 4965 2052 5035 piusque,

349 5088 351 5090 ·
467 5071 572 5126 Sed
620 5080 675 5127 et
704 5083 1028 5142 przesentem
1073 5075 1383 5146 angustiam
1444 5074 1587 5130 ferre
1622 5089 1723 5130 nos
1752 5078 1967 5144 suadet,
1991 5089 2052 5135 ut

465 5163 593 5217 illud
621 5183 637 5218 :

2083 4628 2128 4684 Β
2157 4603 2368 4658 Πολλὰ
2394 4603 2463 4658 δέ
2491 4607 2547 4660 οι
2577 4604 2794 4674 κραδίη
2818 4607 2955 4660 ποτὶ
2979 4605 3230 4663 ὄσσεται
3257 4609 3510 4680 ὄλεθρον
3526 4613 3575 4645 ³⁸
3605 4615 3713 4686 (ε).

2158 4719 2269 4771 Καὶ
2302 4717 2488 4786 πάλιν,

2155 4832 2266 4888 Καὶ
2293 4833 2405 4903 γὰρ
2443 4832 2574 4902 ἐμοὶ
2601 4832 2746 4901 νόος
2776 4834 2949 4891 ἐστίν
2975 4837 3017 4870 ⁸⁸
3050 4836 3388 4908 ἐναίσιμος,
3427 4841 3753 4924 οτύρέθμοι

2155 4976 2351 5044 Θυμύς
2377 4976 2469 5032 ἐνὶ
2499 4981 2800 5050 στήθεσσι
2827 4978 3138 5048 σιδηρεος,
3170 4980 3311 5035 ἀλλ’
3341 4909 3749 5054 (9).

2163 5089 2328 5144 Ἀλλὰ
2358 5091 2450 5145 καὶ
2482 5093 2787 5148 ἐνεστῶσαν
2817 5093 3060 5164 ἀγωνίαν
3101 5095 3282 5149 πείθει
3311 5095 3502 5166 φέρειν
3532 5096 3613 5160 ὡς
3641 5098 3749 5160 τὸ,

532 5302 576 5334 ⁶¹¹
599 5301 658 5369 ιε
681 5317 792 5359 om.
824 5301 944 5374 Β,ἢ
974 5303 1124 5358 ἔνδον
1142 5304 1205 5361 C.
1279 5307 1324 5339 ⁷¹
1356 5309 1680 5392 καταϐραχῦ
1706 5310 1770 5365 C.
1846 5311 1892 5343 ⁷³
1924 5312 2010 5365 ἀεὶ
2036 5311 2222 5366 διώκει
2249 5313 2338 5367 ἀεὶ
2361 5329 2506 5368 στεν.
2533 5316 2600 5369 Α.
2666 5315 2713 5348 ⁷⁵
2746 5333 2778 5369 σ
2825 5335 2880 5370 ικ
2951 5336 3110 5373 τατον
3133 5318 3193 5381 P,
3231 5320 3364 5392 εὖρῦ
3412 5319 3510 5374 καὶ
3543 5321 3750 5376 κυκλο-

532 5372 618 5442 ρὶς
654 5372 841 5442 βάσις;
876 5374 938 5427 rb
963 5374 1019 5428 δὲ
1043 5377 1230 5430 στενὸν
1255 5378 1603 5442 κυκλοτερως
1635 5383 1730 5434 καὶ
1756 5382 1891 5435 αὐτὸ
1922 5382 2072 5437 ἀνιὸν
2101 5401 2223 5442 κορ.
2264 5385 2402 5442 πλὴν
2431 5387 2464 5442 ἡ
2489 5385 2686 5442 καρδία
2730 5335 2834 5442 κέν
2858 5318 3078 5442 τςόκων.
3113 5390 3233 5442 ἔνη.
3273 5391 3412 5442 ἀλλὰ
3443 5391 3546 5442 τὴν
3585 5393 3748 5442 eam.

457 5372 635 5456 τξρὶὶ
654 5372 841 5456 pagg;
876 5372 1230 5456 rb_bb_crevby
1255 5372 1730 5456 κυκλοτερῶξκαὶ
1753 5382 1891 5456 αὐτὸ
1922 5382 2072 5456 ἀνιὸν
2101 5401 2229 5456 κορ.
2264 5385 2402 5455 πλὴν
2431 5387 2464 5456 ἡ
2489 5385 2686 5456 καρδία
2730 5405 2764 5442 κ

461 5510 507 5544 ³⁸
539 5528 652 5570 om.
687 5513 729 5565 Β
753 5513 816 5570 C.
891 5510 942 5547 “
967 5510 1084 5568 ἐστὶ
1105 5519 1169 5571 Δ.

2805 5407 2834 5463 ν
2858 5390 2920 5441 rb
2948 5390 3233 5463 303.5111,
3259 5390 3412 5463 ἀλλὰ
3443 5391 3546 5461 τὴν
3585 5393 3748 5463 βάσιν

687 5443 793 5536 n7:
814 5443 1078 5536 rancidi,
1103 5449 1230 5536 περὶ
1262 5449 1325 5503 Ρ.
1401 5450 1446 5482 ⁷⁸
1477 5443 1714 5522 ᾠυσικὴν
1751 5452 1789 5503 Β
1815 5452 1876 5507 C.
1953 5454 1999 5487 τ’
2019 5457 2052 5524 ἡ
2077 5443 2184 5524 μὲν
2209 5454 2261 5526 β.
2291 5443 2372 5510 Β.’
2427 5443 2474 5488 ’δ
2494 5443 2745 5512 καλεῖται
2779 5458 2836 5512 δὲ
2860 5443 3272 5529 καρδίανΡῘδἭ
3290 5443 3441 5516 ἐστὶν
3466 5443 3560 5536 fit:
3585 5443 3746 5516 ἙῬ.

533 5689 615 5754 (x)
648 5688 748 5742 Od.
777 5692 836 5755 E,
871 5692 996 5744 589.

2222 5703 2294 5773 (ῃ)
2324 5700 2425 5756 Od.
2460 5703 2518 5771 Ε,
2557 5702 2676 5757 190.
