4006 6158
272 237 396 294 HI?

1499 223 1589 280 DE
1628 220 1917 279 NATURA
1958 217 2268 274 HOMINIS.

3390 220 3530 275 19.18

275 349 528 414 Τέτλαθι,
549 345 778 416 κραδιη·
797 343 891 400 καὶ
911 341 1205 400 κύντερον
1222 338 1384 396 ἄλλο
1407 341 1539 395 ποτ’
1555 341 1742 407 ἔτλης
1755 339 1847 412 (ιτ).

2035 333 2251 388 Sustine
2276 348 2388 399 cor,
2428 341 2478 387 et
2507 340 2561 386 tu
2593 331 2862 402 quondam
2893 331 3135 402 graviora
3171 329 3408 387 tulisses.

273 439 377 493 Καὶ
405 437 596 501 πάλιν,

276 549 427 616 Τῷδε
451 548 596 618 μάλ’
628 547 899 617 ἐμπείσει
931 543 1144 614 κραδίη
1171 544 1362 614 μένεα
1397 544 1688 613 τετληυῖα
1726 544 1804 616 (ιι)
1829 559 1844 574 ⁶

273 662 392 716 ἀντῖ⁵
417 661 512 714 τοῦ
551 659 784 729 ἐπείσθη
815 661 875 713 ἐν
904 658 1108 729 ἠσυχίᾳ
1136 658 1228 712 καὶ
1258 659 1508 729 ὑπομονῇ
1533 654 1672 712 εἶναι
1703 658 1776 713 ⁸³.

353 750 447 815 Ἐξ
467 751 640 818 αὐτῆς
666 745 782 816 οὖν,
798 750 874 813 ὼς
895 751 1130 820 εἴρηται,
1153 748 1216 801 τὸ
1233 749 1467 812 ζωτικὸν
1485 747 1730 820 πνεῦμα,
1754 749 1852 803 καὶ

273 843 332 897 τὸ
363 842 752 912 καθαρώτερον
783 841 830 873 ⁸⁸
859 843 957 894 καὶ
1001 840 1296 910 εἰλικρινὲς
1330 835 1470 912 αἷμα
1494 857 1508 870 ·
1541 841 1637 894 καὶ
1658 843 1693 911 ἡ
1723 839 1851 911 θερ-

278 934 446 1005 μότης
484 934 578 987 ἐπὶ
605 933 664 986 τὸ
695 933 805 986 πᾶν
839 932 1000 1002 σῶμα
1022 931 1112 985 διὰ
1151 932 1262 985 τῶν
1292 931 1575 1003 ἀρτηριῶν
1612 933 1853 999 ἐγκατα-

277 1025 585 1094 σπείρεται.
632 1023 700 1076 Ἦ
738 1023 847 1093 γὰρ
877 1022 1216 1093 δημιουργὸς
1243 1022 1411 1092 φύσις
1445 1021 1650 1093 πολλὴν
1677 1021 1773 1074 τοῦ
1795 1021 1854 1074 ἐν

280 1117 411 1185 ημῖν
429 1112 638 1186 θερμοῦ
665 1114 1012 1183 ποιησαμένη
1037 1113 1316 1184 πρόνοιαν.
1337 1113 1460 1167 δυσὶ
1490 1113 1704 1184 μορίοις
1722 1113 1855 1167 αὐτὸ

281 1204 570 1276 ἐχαρίσατο
595 1205 712 1267 τοῖς
739 1203 1042 1274 ἐξαιρέτοις
1071 1205 1142 1267 ⁸⁵,
1179 1204 1378 1276 καρδίᾳ
1411 1206 1508 1258 καὶ
1542 1204 1734 1274 ἥπατι,
1760 1203 1856 1256 καὶ

282 1298 520 1367 μάλιστα
550 1295 773 1367 καρδίᾳ.
838 1295 933 1348 Ἐκ
965 1294 1174 1348 τούτων
1201 1293 1296 1349 οὖν
1324 1297 1420 1349 καὶ
1448 1296 1518 1349 τὰ
1549 1293 1716 1347 λοιπὰ
1758 1294 1858 1363 μό-

283 1403 372 1456 ρια
399 1385 810 1456 μεταλαμϐάνει
839 1386 935 1438 καὶ
961 1383 1305 1438 ᾶπαπολαύει
1337 1388 1438 1455 τῆς
1481 1383 1726 1454 ἐμφύτου
1755 1383 1857 1436 αὒ-

279 1477 388 1531 τῶν
417 1476 721 1547 θερμασίας
741 1475 789 1508 "
808 1492 823 1506 ο
858 1475 1118 1539 ἑκάστου,
1149 1477 1288 1547 πρὸς
1313 1476 1378 1528 τὸ
1398 1475 1445 1508 ⁸⁸
1493 1475 1726 1545 μέγεθος
1757 1474 1858 1528 καὶ

280 1567 340 1620 τὺ
382 1567 598 1638 ἀξίωμα
629 1570 728 1638 τῆς
772 1566 1078 1636 ἐνεργείας,
1107 1569 1206 1637 τῆς
1230 1565 1493 1637 χορηγίας
1529 1566 1738 1636 ταύτης
1772 1566 1860 1619 ἀεὶ

2027 753 2110 808 Αἰ)
2154 753 2275 822 ipso
2302 792 2318 818 ,

1954 845 2140 900 vitalis
2187 843 2415 914 spiritus
2441 881 2456 904 ,
2528 855 2737 896 necnon
2781 839 3132 910 purissimus,
3171 852 3237 892 ac
3283 836 3544 891 sinceris-

1953 938 2130 992 simus
2155 935 2382 1006 sanguis
2405 942 2459 989 et
2477 935 2630 988 calor
2658 949 2755 1003 per
2783 943 2955 987 totum
2980 945 3183 1002 corpus
3209 930 3538 985 arteriarum

1955 1026 2264 1083 ministerio
2301 1026 2646 1081 dill‘nnditur.
2679 1027 2991 1090 Enimvero,
3021 1039 3146 1079 cum
3179 1038 3432 1078 summus
3455 1037 3544 1075 re-

1955 1134 2077 1173 rum
2117 1116 2331 1188 Opifex,
2373 1117 2442 1172 de
2489 1132 2557 1172 eo
2607 1117 2701 1186 qui
2740 1117 2795 1170 in
2849 1116 3011 1171 nobis
3042 1115 3224 1171 calore
3264 1123 3368 1176 est,
3425 1128 3543 1167 ma-

1957 1210 2166 1262 ximam
2228 1223 2419 1262 curam
2481 1217 2685 1276 ageret,
2731 1207 2880 1262 illius
2921 1205 3282 1261 conservandi
3327 1204 3544 1259 duabus

1956 1298 2204 1369 corporis
2254 1298 2427 1352 nostri
2479 1297 2749 1367 partibus,
2782 1296 2937 1350 cordi
2997 1295 3250 1349 videlicet
3326 1293 3544 1360 jecino—

1958 1392 2135 1461 rique,
2177 1390 2272 1444 sed
2318 1389 2470 1444 cordi
2516 1390 2841 1458 praesertim,
2872 1388 3114 1442 ofﬁcium
3169 1385 3542 1440 demandavit.

1958 1475 2042 1529 Ab
2085 1475 2172 1530 his
2204 1489 2442 1544 namque
2493 1484 2547 1530 et
2577 1475 2801 1545 reliqua:
2839 1474 3085 1544 corporis
3112 1473 3284 1530 nostri
3337 1481 3542 1542 partes,

1961 1575 2022 1622 ut
2060 1580 2291 1636 quaeque
2319 1573 2423 1629 est,
2461 1580 2562 1634 pro
2594 1566 2680 1620 sui
2710 1575 2902 1636 captus
2929 1565 3159 1627 ratione,
3189 1563 3412 1618 insitum
3448 1565 3546 1633 qui

284 1657 820 1728 μεταλαμϐάνοντος.
869 1657 1275 1726 ’Λναμέμικται
1316 1656 1463 1711 δὲέν
1518 1657 1641 1719 ταῖς
1687 1657 1860 1728 ἀρτη-

1971 1656 2018 1709 in
2059 1655 2196 1725 ipsis
2242 1663 2328 1710 est
2373 1655 2636 1721 calorem,
2671 1671 2782 1724 quo
2821 1655 3115 1710 conmissa
3164 1654 3266 1708 sibi
3317 1654 3546 1725 exsequi

285 1747 428 1820 ρίαις
481 1749 725 1810 ἀπάσαις
774 1747 864 1800 διὰ
895 1746 1110 1800 πολλῶν
1153 1747 1304 1798 ὀπῶν
1353 1747 1741 1800 ἀναπνεουσῶν
1780 1745 1860 1816 τῷ

171 1825 188 1838 “
282 1835 476 1906 αἵματι
498 1837 532 1907 ἡ
552 1835 799 1908 ἁερὼδης
819 1834 998 1898 οὐσία,
1021 1833 1116 1888 καὶ
1139 1837 1261 1888 κατ’
1285 1835 1455 1904 αὐτὴν
1475 1835 1576 1907 τὴν
1596 1835 1826 1907 καρδίαν
1843 1851 1856 1864 ·

281 1926 347 1979 δι’
376 1920 446 1998 ἦς
474 1925 774 1980 οἰκειοῦται
810 1927 910 1996 μὲν
938 1927 1000 1979 τὸ
1043 1926 1361 1996 εἱλικρινὲς,
1405 1925 1690 1992 ἐξωθεῖται
1722 1927 1780 1980 δὲ
1799 1928 1863 1982 τὸ

283 2017 619 2080 αἱθαλῶδεςο
651 2018 712 2070 ού
747 2017 910 2086 μόνον
954 2017 1046 2071 διὰ
1077 2019 1350 2086 στόματος
1377 2019 1470 2070 καὶ
1505 2018 1674 2090 ῥινὸς,
1725 2019 1863 2073 ἀλλὰ

286 2107 380 2162 καὶ
409 2106 498 2159 διὰ
533 2105 642 2159 τῶν
673 2105 888 2178 ἀδήλων
911 2106 1118 2176 πόρων.
1163 2094 1418 2174 Ἀδήλους
1441 2107 1500 2160 δὲ
1530 2107 1734 2176 πόρους
1765 2109 1864 2180 τὴν

285 2195 544 2268 διαπνοὴν
579 2197 625 2228 ⁸⁷
669 2197 872 2261 παντὸς
915 2197 1010 2250 τοῦ
1047 2197 1303 2268 σώματος
1331 2197 1604 2268 λέγομεν·
1636 2199 1761 2252 καθ’
1797 2200 1864 2270 ῆν

288 2292 352 2343 ἑκ
402 2289 498 2341 τοῦ
545 2287 766 2358 βάθους,
815 2288 912 2343 καὶ
948 2289 1048 2358 τῆς
1099 2289 1367 2358 συστολῆς
1411 2288 1520 2344 τῶν
1559 2289 1863 2360 ἀρτηριῶν,

289 2380 455 2452 ἀτμοὶ
499 2379 746 2434 πλεῖστοι
794 2380 1023 2452 stt-ca;
1085 2379 1389 2452 μανότητος
1435 2377 1528 2434 τοῦ
1595 2381 1866 2454 δέρματος

286 2470 680 2544 διεξέρχονται.

357 2736 518 2793 Μετὰ
550 2735 686 2805 γοῦν
714 2735 809 2788 τὸν
838 2733 1090 2805 θώρακα,
1118 2735 1184 2788 ἐκ
1235 2734 1332 2788 τοῦ
1371 2733 1672 2804 ξιφοειδοῦς
1714 2705 1869 2806 λεγοέ

296 2831 458 2899 μένου
487 2829 734 2899 χόνδρου,
769 2826 831 2889 ὃς
857 2826 920 2879 τὸ
944 2821 1123 2894 πέρας
1149 2827 1267 2880 ἐστὶ
1293 2825 1388 2880 τοῦ
1417 2828 1512 2881 ἐπὶ⁹
1543 2828 1611 2882 τὰ,
1635 2829 1869 2899 ὑποχόν-

291 2920 416 2989 δρια
443 2918 661 2990 μέρους,
710 2917 818 2971 ἀπὸ
850 2913 945 2970 τοῦ
981 2915 1210 2984 στέρνου
1245 2917 1414 2987 μέχρι
1461 2913 1564 2986 τῆς
1589 2917 1732 2988 ἥϐης
1772 2916 1870 2970 καὶ

1965 1748 2152 1802 munia
2202 1755 2426 1816 queant,
2463 1761 2855 1816 usquequaque
2883 1745 3204 1809 desumunt,
3239 1754 3405 1814 atque
3427 1744 3547 1813 ipso

1965 1837 2240 1892 fruuntur.
2299 1835 2355 1889 In
2415 1837 2632 1890 cunctis
2687 1845 2869 1890 autem
2921 1836 3162 1900 arteriis,
3215 1851 3308 1890 seu
3369 1836 3546 1900 venis,

1965 1942 2123 1981 aerea
2179 1925 2506 1990 substantia,
2557 1923 2681 1995 quae
2727 1940 2828 1994 per
2876 1925 3112 1995 plurima
3144 1925 3415 1979 foramina
3453 1939 3550 1978 ex-

1968 2020 2136 2083 halat,
2178 2018 2432 2088 sanguini
2467 2017 2700 2084 admista
2751 2027 2857 2080 est,
2912 2016 3071 2086 cujus
3119 2017 3404 2086 sanguinis
3445 2031 3550 2086 pu-

1967 2112 2187 2166 rissima
2213 2111 2392 2180 portio
2423 2110 2477 2164 in
2516 2109 2678 2166 corde
2701 2118 2978 2174 moratur;
3005 2107 3197 2163 adusta
3235 2123 3364 2163 vero
3385 2117 3554 2178 atque

1965 2201 2329 2261 comburens,
2385 2214 2495 2252 non
2545 2198 2710 2252 modo
2783 2213 2879 2251 ore
2929 2196 3298 2264 naribusque,
3357 2211 3548 2249 verum

1967 2291 2129 2346 etiam
2161 2289 2214 2344 in
2250 2289 2416 2344 certis
2439 2287 2712 2342 meatibus
2739 2288 3048 2354 expellitur.
3078 2285 3136 2340 In
3159 2294 3340 2341 certos
3367 2293 3548 2340 autem

1969 2390 2204 2445 meatus,
2255 2379 2422 2434 totius
2453 2379 2702 2448 corporis
2736 2377 3155 2448 respirationem
3187 2376 3547 2444 appellamus,

1967 2486 2073 2542 qua
2117 2486 2227 2540 prae
2257 2468 2584 2524 arteriarum
2620 2467 3013 2530 contractione,
3061 2465 3130 2520 ab
3165 2480 3353 2521 earum
3389 2479 3555 2534 pene-

1969 2565 2261 2620 trabilibus
2303 2563 2558 2632 plurimae
2594 2559 2974 2617 exhalationes
3031 2574 3127 2629 per
3161 2559 3342 2614 laxam
3375 2559 3547 2614 cutim

1967 2656 2344 2728 egrediuntur.

2041 2745 2164 2800 Post
2205 2745 2481 2798 thoracem
2525 2739 2693 2811 igitur
2735 2778 2752 2804 ,
2787 2747 2842 2794 et
2880 2739 3252 2811 cartilaginem
3289 2753 3413 2808 quae
3439 2738 3554 2808 gla-

1968 2837 2130 2894 dialis
2148 2836 2369 2900 dicitur,
2409 2843 2598 2904 utpote
2627 2847 2747 2902 quae.
2779 2833 2950 2902 partis
2969 2833 3036 2887 ad
3079 2831 3551 2901 hypochondrium

1970 2927 2239 2982 terminus
2283 2935 2407 2990 est;
2469 2924 2616 2994 quod
2673 2923 2922 2978 videlicet
2969 2939 2998 2976 a
3051 2932 3269 2993 pectore
3323 2923 3436 2994 96
3484 2923 3555 2977 ad

292 3008 401 3062 τῶν
427 3005 635 3076 ταύτης
661 3004 870 3076 μερῶν,
900 3004 1038 3074 ὅπερ
1068 3003 1163 3056 καὶ
1186 3001 1379 3056 κύστιν
1417 3001 1717 3074 καλοῦμεν,
1747 3002 1862 3055 ἐπι-

1974 3018 2170 3090 pubem
2220 3031 2398 3086 usque
2441 3015 2670 3086 ejusque
2702 3024 2886 3086 partes
2924 3015 3116 3081 tendit,
3159 3030 3299 3084 quas
3330 3025 3386 3070 et
3424 3031 3555 3069 ven-

294 3098 584 3170 τάστριον
616 3096 868 3150 καλεῖται
902 3094 962 3147 τὸ
1006 3095 1118 3147 πᾶν
1142 3109 1156 3123 ·
1190 3093 1329 3165 ὅπερ
1364 3095 1446 3158 είς
1473 3093 1600 3166 τρία
1641 3093 1867 3168 διαιρεῖ-

294 3205 420 3244 ται·
457 3187 540 3250 ετς
583 3205 642 3240 τε
673 3185 1092 3254 ἐπιγάστριον,
1141 3183 1238 3236 καὶ
1294 3183 1726 3254 ὑπογάστριον,
1773 3185 1869 3239 καὶ⁵

290 3277 478 3354 ἦτρον
502 3277 572 3330 ⁸⁸.
609 3277 686 3330 Τὸ
745 3277 843 3348 μὲν
892 3271 986 3330 οὖν
1034 3275 1405 3346 ὑπογάστριον
1451 3275 1544 3329 τὸν
1593 3275 1871 3346 ὀμφαλὸν

291 3368 602 3440 καλοῦμεν·
649 3367 712 3421 τὸ
742 3367 802 3420 δὲ
846 3366 1057 3421 ἄνωθεν
1110 3367 1276 3421 αὐτοῦ
1316 3367 1379 3420 τὸ
1432 3366 1530 3439 μὲν
1571 3368 1870 3438 μετέωρον

289 3462 684 3531 ἐπιγάστριον
713 3457 980 3522 καλεῖται,
1009 3458 1197 3530 ἐπειδὴ
1238 3458 1511 3512 ἐπίκειται
1537 3461 1604 3529 τῇ
1627 3459 1863 3532 γαστρί·

291 3554 352 3608 τὸ
376 3554 433 3607 δὲ
453 3553 644 3623 ἕτερον
669 3548 1100 3619 ὑπογάστριον,
1117 3549 1313 3621 ἐπειδὴ
1343 3550 1686 3620 ὑποϐέϐηκεν
1707 3553 1867 3622 αὐτῇ.

291 3645 367 3698 To
408 3644 466 3697 δὲ
498 3642 594 3696 τοῦ
620 3639 872 3712 ὀμφαλοῦ
915 3640 1214 3710 κατωτέρω
1267 3641 1454 3709 ἦτρον
1501 3640 1547 3672 ⁸⁸
1594 3657 1872 3711 προσαγο-

294 3735 571 3808 ρεύομτνο
614 3733 677 3786 τὸ
712 3733 769 3786 δὲ
814 3731 1077 3786 ὑποκάτω
1112 3731 1223 3785 τῶν
1269 3731 1510 3801 διδύμων
1577 3733 1869 3800 περίνιον.

292 3829 438 3882 Ὅσα
464 3827 566 3896 μὲν
595 3820 688 3879 οῦν
715 3825 796 3889 εἰς
818 3823 1179 3896 ἐπιγάστριον
1206 3823 1454 3898 διῃρέθη,
1477 3823 1568 3877 τὸν
1594 3824 1868 3895 στόμαχον

290 3922 614 3994 περιέχουσι
667 3918 764 3972 καὶ
807 3917 1055 3989 γαστέρα
1111 3916 1214 3988 τὴν
1256 3917 1408 3973 mo
1450 3915 1746 3989 δεξιώτερα
1807 3918 1870 3971 τδ

287 4009 446 4086 ἧπαρ
505 4010 603 4065 καὶ
636 4010 740 4077 sev
801 4009 1013 4081 σπλῆνα
1068 4009 1129 4062 ἐν
1187 4009 1305 4074 τοῖς
1337 4009 1671 4079 ἀριστεροῖς,
1724 4008 1870 4082 ᾇπερ

289 4104 582 4178 ἀμφότερα
617 4100 948 4171 σπλάγχνα
979 4099 1253 4164 καλεῖται,
1284 4097 1373 4153 διὰ
1409 4099 1473 4153 τὸ
1503 4099 1740 4170 διασπᾷν
1769 4098 1870 4170 τὴν

287 4198 500 4268 τροφήν
519 4211 535 4228 ο
569 4195 638 4248 τὰ
662 4193 804 4248 αὐτὰ
824 4191 882 4246 δέ
909 4193 1006 4245 καὶ
1031 4190 1323 4262 ὀργανικὰ.
1439 4203 1442 4207 ‘

1972 3121 2110 3167 trem
2166 3123 2594 3178 nuncupamus;
2631 3122 2817 3173 omne,
2847 3106 3097 3176 inquam,
3144 3107 3276 3162 illud
3314 3107 3551 3176 spatium

1971 3200 2324 3258 subventrilis
2378 3214 2506 3268 pars
2551 3198 2794 3260 dicitur,
2831 3199 2979 3268 quod
3033 3208 3089 3252 et
3110 3196 3376 3252 trifariam
3417 3197 3554 3252 divi-

1969 3293 2138 3360 ditur,
2176 3292 2230 3346 in
2274 3291 2612 3361 superiorem
2653 3288 2905 3344 videlicet
2974 3299 3030 3345 et
3069 3287 3379 3344 inferiorem
3413 3303 3552 3344 ven-

1969 3392 2147 3450 trem,
2217 3391 2382 3452 atque
2440 3381 2732 3436 abdomen.
2805 3378 2873 3433 Et
2934 3379 3248 3438 inferiorem
3317 3379 3540 3448 quidem

1973 3482 2256 3536 ventrem.
2304 3471 2624 3526 umbilicum
2682 3469 3039 3540 appellamus.
3097 3469 3182 3522 Ab
3241 3467 3369 3523 inde
3421 3481 3555 3523 vero

1972 3577 2216 3634 superna
2247 3576 2396 3632 pars.
2428 3576 2552 3631 quae
2601 3561 2890 3615 sublimior
2913 3568 3018 3624 est,
3048 3558 3194 3628 quod
3222 3558 3347 3613 alvo
3377 3557 3556 3614 immi-

1971 3662 2121 3718 neat,
2158 3652 2609 3722 superiorventer
2633 3659 2985 3719 nuncupatur
3016 3663 3319 3718 :parsvero
3359 3650 3554 3715 altera,

1972 3745 2125 3799 alvus
2181 3743 2422 3808 scilicet,
2481 3743 2629 3811 quod
2679 3742 2780 3811 ipsi
2813 3741 2988 3798 ventri
3043 3741 3255 3804 subsit,
3322 3741 3554 3797 inferim-

1973 3843 2165 3890 venter
2215 3835 2536 3905 appellatur.
2593 3832 2698 3886 Sed
2745 3840 2930 3902 partes
2974 3832 3113 3888 imas
3167 3831 3237 3888 ab
3292 3833 3558 3888 umbilico

1972 3919 2140 3997 ἦτρον
2167 3925 2366 3988 dictas,
2419 3922 2728 3980 abdominis
2773 3931 2829 3978 et
2881 3923 3044 3993 pubis
3104 3924 3225 3980 loca
3269 3939 3556 3981 vocamus.

1977 4015 2223 4071 Infimam
2262 4025 2443 4072 autem
2477 4025 2688 4086 partem
2721 4031 2844 4086 quae.
2875 4016 2979 4071 sub
3004 4015 3234 4071 testibus
3259 4025 3364 4080 est,
3398 4018 3560 4086 περίσ

1975 4123 2115 4170 νεον,
2167 4109 2272 4162 hoc
2313 4119 2397 4163 est
2425 4109 2598 4163 colem
2633 4118 2974 4178 mmcupant.
3008 4107 3361 4178 Quaecunque
3387 4108 3556 4176 igitur

1976 4197 2032 4254 in
2085 4197 2422 4269 superiorem
2465 4209 2710 4255 ventrem
2760 4198 2936 4254 divisa
2991 4208 3144 4264 sunt,
3188 4198 3556 4263 stomachum,

287 4300 347 4346 ct
383 4288 718 4360 superiorem
770 4285 1056 4342 ventriculi
1105 4292 1314 4355 partem
1357 4281 1637 4339 continent
1675 4305 1688 4339 :
1723 4292 1779 4339 et
1826 4299 1857 4340 a
1913 4287 2123 4346 dextris
2149 4291 2327 4360 jecur,
2393 4305 2426 4345 a
2499 4291 2740 4348 sinistris
2781 4304 2912 4346 vero
2963 4290 3073 4345 lien
3099 4291 3373 4353 cernitur,
3417 4305 3559 4360 quo-

288 4395 414 4435 rum
473 4384 772 4447 utrumque
827 4375 1055 4431 visceris
1115 4373 1534 4445 appellationem
1606 4373 1862 4432 desumit.

1971 4395 2043 4434 Im
2089 4381 2181 4434 illi'
2225 4381 2510 4452 σπλάγχνα
2565 4381 2776 4436 viscera
2824 4379 3016 4435 dicunt
3082 4378 3170 4432 διὰ
3215 4378 3283 4433 τὸ
3325 4379 3559 4450 διασπᾷν

287 4471 391 4544 τὴν
417 4470 647 4543 τροφήν,
702 4467 850 4540 quod
880 4466 1124 4523 alimenti
1163 4466 1232 4521 ab
1281 4466 1362 4522 eis
1411 4466 1700 4524 visceratio
1751 4471 1868 4539 fiat;
1909 4471 2024 4529 haec
2039 4473 2182 4548 enim
2205 4483 2257 4531 et
2292 4474 2728 4530 instrumenlalia
2760 4481 2906 4530 sunt.

605 4581 751 4650 Κεφ.
792 4577 902 4636 lH'.
940 4605 1010 4619 -
1040 4579 1180 4649 Περὶ
1210 4578 1545 4650 στομάχου.

366 4695 522 4749 ,Επι
549 4693 608 4747 δὲ
635 4694 664 4747 ὁ
695 4694 970 4764 στόμαχος
999 4693 1296 4765 νευρὼδης,
1323 4692 1608 4764 ἐργαλεῖον
1634 4693 1869 4766 ὀρέξεως

289 4787 391 4841 καὶ
411 4785 792 4849 καταπόσεως.
829 4786 1086 4856 καὶπρὸς
1116 4785 1294 4858 ὑγρὰς
1315 4787 1411 4842 καὶ
1451 4786 1626 4859 ξηρὰς
1661 4789 1874 4859 τροφὰς

292 4877 624 4950 ἐπιτήδειος.
671 4877 914 4946 Λέγεται
955 4876 1014 4930 δὲ
1054 4877 1385 4949 στόμαχος,
1413 4879 1499 4934 ὅτι
1533 4878 1603 4932 τὰ
1637 4880 1746 4934 ἀπὸ
1775 4880 1888 4950 τοῦ,

293 4969 569 5040 στόματος
598 4971 680 5033 είς
716 4969 884 5024 αὑτὸν
908 4972 1120 5041 χεῖταιο
1151 4971 1221 5025 ἄν
1246 4988 1308 5024 τε
1339 4970 1505 5043 ὑγρὰ.
1535 4973 1604 5027 ἄν
1621 4989 1683 5026 τε
1709 4972 1870 5044 ξηρά.

295 5060 372 5112 Ἢ
397 5054 510 5113 οἷον
543 5061 860 5131 σιτόμαχος,
887 5063 916 5115 ὀ
949 5065 1064 5126 τοῖς
1085 5061 1277 5126 σιτίοις
1305 5063 1622 5134 μαχόμενος
1649 5065 1696 5096 ⁹⁹
1721 5081 1736 5094 ·
1761 5064 1876 5118 θλί-

294 5151 454 5205 ϐουσι
473 5150 585 5223 γὰρ
629 5152 829 5206 αὐτόν·
857 5153 892 5224 ἢ
943 5154 974 5206 ὀ
1019 5152 1220 5209 θλίϐων
1267 5153 1510 5226 ἔμπαλιν
1541 5154 1741 5222 ταῦτα,
1787 5155 1876 5210 ἵνα

381 5284 429 5320 ’ί
469 5285 596 5355 haec
635 5285 704 5339 ab
766 5299 938 5353 usque
1000 5286 1140 5342 ἀλλὰ
1199 5288 1295 5342 καὶ
1355 5289 1536 5343 ἐνεστ.
1592 5304 1706 5344 om.
1779 5288 1842 5355 ll,

2000 5302 2142 5344 vers.
2203 5288 2299 5342 lat.

462 5353 511 5386 “
552 5355 677 5430 κατ’
709 5355 1066 5430 ἐξαίρετονᾙ
1092 5359 1134 5430 ,Q
1177 5357 1250 5430 PL
1338 5358 1384 5390 "
1421 5360 1589 5430 θερμ.
1626 5359 1750 5413 αὐτ.
1787 5353 1846 5415 Β.

290 5427 338 5458 ιτ
369 5424 631 5495 διαπνοὴν
657 5397 1055 5497 καὶῖἀκῖαπνοὴν
1092 5409 1168 5494 Ῥ,
1221 5424 1378 5551 Ἦσιν
1427 5397 1682 5500 Eram»)
1703 5431 1770 5485 A.

299 5511 464 5551 στου..
499 5496 585 5548 ὅτι
615 5498 727 5551 τοῖς
768 5496 960 5551 σιτίοις
989 5498 1223 5551 μάχεται
1297 5537 1309 5551 .

299 5511 464 5566 στομ.
499 5496 585 5548 ὅτι
615 5498 727 5558 τοῖς
768 5496 960 5562 σιτίοις
989 5496 1223 5569 μάχεται
1245 5496 1309 5554 Β.

367 5611 442 5685 (ι)
470 5611 573 5670 0d.
609 5613 675 5681 γ,
712 5614 799 5670 l8.

1897 5429 1942 5462 ⁸⁸
1975 5425 2142 5502 ἦτρον
2178 5429 2238 5481 Β.

2317 4586 2447 4658 Cap.
2490 4585 2677 4645 XVIII.
2701 4617 2773 4628 —-
2804 4586 2883 4641 De
2915 4586 3206 4642 stomacho.

2050 4699 2379 4757 Stomachus
2406 4707 2593 4756 autem
2625 4700 3071 4756 nervis‘refertus
3093 4708 3198 4767 est,
3215 4707 3270 4754 et
3289 4698 3428 4754 idem
3447 4697 3564 4753 ofﬁ-

1979 4794 2102 4848 cina
2123 4799 2241 4847 tum
2270 4793 2582 4864 appetendi,
2611 4801 2726 4849 tum
2758 4793 3083 4848 c0nficiendi
3103 4801 3212 4847 tam
3231 4791 3360 4847 sicci
3394 4805 3559 4863 quam

1981 4881 2188 4938 humidi
2213 4881 2452 4936 alimenti
2470 4883 2762 4953 peridonea
2789 4882 3044 4938 habetur.
3065 4882 3142 4937 Illi
3179 4881 3451 4953 στόμαχον
3477 4881 3564 4937 di-

1981 4982 2112 5030 cunt
2133 4973 2214 5028 ὅτι
2246 4973 2357 5028 ἀπὸ
2383 4973 2479 5028 τοῦ
2502 4974 2770 5044 στόματος
2794 4974 2877 5036 είς
2911 4973 3082 5026 αὐτὸν
3099 4974 3294 5044 χεῖται,
3315 4973 3440 5043 quia
3465 4987 3563 5043 per

1981 5079 2045 5118 os
2060 5062 2176 5119 sive
2195 5062 2481 5118 humidum
2509 5063 2624 5119 sive
2644 5062 2776 5116 illud
2797 5063 3002 5118 siccum
3027 5062 3342 5116 alimentum
3375 5061 3559 5127 fuerit,

1983 5155 2161 5225 ipsum
2180 5153 2506 5210 infunditur.
2528 5153 2791 5224 Velquasi
2809 5153 3100 5225 σιτόμαχος
3115 5153 3264 5223 quod
3284 5165 3410 5209 cum
3437 5153 3563 5209 cibo

2415 5285 2462 5319 ³³
2507 5286 2884 5356 καθαρότατον
2943 5285 3009 5356 ΒΔ
3043 5285 3137 5356 P,
3175 5283 3564 5356 καθαρώτατον

1955 5360 2002 5429 δέ
2031 5359 2167 5429 πρὸς
2211 5357 2273 5411 τὸ
2301 5356 2401 5429 τῆς
2421 5358 2575 5429 ἐνερ.
2609 5353 2836 5429 μέτρον*
2855 5353 3048 5429 μεταλ.
3081 5353 3452 5429 αὐτῇς-αναμ.

2341 5419 2386 5459 s‘v
2418 5419 2586 5498 ἦτρδν
2609 5419 2683 5479 ’Β
2715 5419 2776 5493 Β,
2817 5419 2964 5498 ἰτρον
3013 5427 3078 5480 Δ.
3181 5419 3229 5457 ’δ
3258 5419 3474 5493 λέγεται
3503 5425 3563 5478 δὲ

2061 5610 2140 5682 (ιι)
2161 5608 2264 5665 ΟιΙ.
2303 5609 2368 5675 Υ,
2401 5607 2492 5662 25.

2402 749 2670 820 inquam,
2740 746 2955 812 corde,
3000 754 3060 800 ut
3133 743 3338 800 dictum
3405 753 3532 806 est,
3643 729 3647 732 ’
