4040 6150
488 283 508 338 Ι
521 281 627 337 225

1750 273 2037 332 MI'ILETII
2079 275 2391 334 MONACHI

3608 278 3628 330 l
3639 276 3753 332 221

485 384 580 468 per
611 396 955 452 stomachum
1015 398 1068 450 in
1099 403 1338 450 ventrem
1366 394 1748 461 demittuntur,
1807 394 2052 448 concocti

2163 411 2254 463 κου
2287 394 2587 464 φερόμενα,
2618 391 2877 448 πέττεται
2902 393 2998 445 καὶ
3013 390 3354 460 ἀλλοιοῦται,
3386 382 3550 463 χυλὸς
3584 395 3633 426 ⁸³
3659 410 3756 463 γι-

483 491 643 556 inibi,
659 489 995 558 alteratique,
1014 488 1188 543 mista:
1208 487 1491 558 qualitatis
1505 486 1561 540 in
1579 501 1806 541 succum
1830 486 2050 541 abeunt.

483 581 620 638 Cum
681 595 810 636 vero
863 580 1019 650 jecur
1067 579 1222 633 illum
1276 579 1492 634 arteriis
1544 593 1668 648 quae
1714 576 2057 631 mediatrices

484 670 740 725 dicuntur
766 670 1152 739 desumpserit,
1171 669 1347 739 magis
1365 668 1592 740 ignitum
1609 666 1804 732 reddit,
1824 676 1877 721 et
1904 666 2058 720 illum

483 760 836 815 concoctione
881 759 1061 815 media
1096 760 1150 813 in
1173 759 1457 829 sanguinis
1499 766 1751 813 naturam
1778 770 2054 812 transmu-

484 857 586 915 tat,
646 863 712 905 ac
757 851 855 904 toti
882 850 1122 921 corpori,
1169 851 1326 906 venis
1356 850 1460 905 hoc
1504 865 1705 904 munus
1749 862 2056 917 exsequen-

483 943 652 1008 tibus,
715 941 1006 998 suﬂicienti
1079 942 1492 1012 dispensatione
1547 941 1848 997 distribuit.
1907 937 2058 1004 Qua-

485 1041 710 1104 propter
778 1032 1204 1088 melancholicus
1239 1033 1437 1086 humor
1495 1047 1524 1086 a
1575 1030 1861 1102 sanguinis
1939 1027 2056 1082 leae

482 1125 857 1180 constituitur.
890 1125 1046 1190 Quod
1091 1139 1220 1179 vero
1258 1123 1378 1192 ejus
1409 1137 1668 1178 serosum
1713 1129 1817 1185 est,
1861 1119 2058 1174 ﬂavam

484 1217 681 1282 bilem,
726 1226 782 1271 at
823 1232 1143 1288 spumosum
1193 1215 1646 1285 ampnlosnmque
1681 1214 1929 1284 pituitam
1967 1226 2064 1281 ge-

483 1318 660 1364 nerat.
692 1309 759 1363 Et
791 1309 1222 1364 melancholicus
1247 1307 1471 1376 quidem
1488 1306 1717 1371 humor,
1751 1320 1816 1358 ac
1843 1303 2083 1373 pituitay

483 1410 672 1471 utpote
718 1416 841 1470 qua!
899 1401 1145 1471 graviora
1195 1414 1260 1453 ac
1305 1399 1481 1470 magis
1518 1397 1843 1468 ponderosa
1893 1409 2057 1471 quam

484 1469 592 1548 alia
639 1469 789 1556 sunt,
837 1469 980 1546 inira
1030 1491 1246 1557 sidunt;
1279 1469 1417 1544 ﬂava
1443 1497 1643 1543 autem
1665 1489 1822 1552 bilis,
1850 1469 2060 1541 deﬂorl

483 1583 746 1653 qualitate
794 1581 1018 1650 praedita
1035 1620 1059 1646 .,
1119 1581 1263 1635 circa
1324 1581 1609 1649 superiora
1655 1587 1906 1633 versatur
1949 1593 1964 1642 ;
2004 1583 2062 1630 at

485 1674 710 1745 sanguis
757 1682 946 1728 exacta
994 1673 1204 1728 ratione
1235 1673 1290 1726 in
1335 1672 1514 1726 medio
1558 1670 1740 1725 sedem
1791 1669 2055 1740 possidet.

2157 486 2362 553 νόμενα
2393 485 2757 555 μεμιγμένος,
2815 486 2890 538 Τὸ
2918 485 2975 538 δὲ
3006 479 3163 557 ἧπαρ
3191 486 3260 551 ⁸⁸,
3293 487 3359 538 ἐκ
3401 485 3514 540 τῶν
3557 502 3757 555 μεσα-
3800 526 3806 531 -

2148 576 2340 644 ραίων
2364 577 2410 608 ⁸⁸
2454 576 2670 644 φλεϐῶν
2709 576 3030 646 δεξάμενον,
3081 576 3537 648 πυροειδέστερον
3578 581 3755 642 ποιεῖ,

2157 669 2252 720 καὶ
2282 671 2363 731 εἰς
2396 669 2630 738 αἵματος
2654 669 2816 738 φύσιν
2842 671 2913 724 δι’
2945 671 3143 741 ἕψησιν
3174 672 3221 702 ²⁶
3258 671 3615 740 μεταϐάλλει,
3653 673 3760 724 καὶ

2154 759 2235 828 τῷ
2261 760 2426 812 παντὶ
2465 759 2676 830 σώματι
2719 761 2808 816 διὰ
2839 761 2950 815 τῶν
2993 762 3208 831 φλεϐῶν
3258 764 3570 832 έπιπέμπει
3607 765 3761 834 πρὸς

2156 850 2440 921 ἀρκοῦσαν
2469 851 2758 923 διοίκησιν.
2805 854 2970 907 Ὅθεν
3006 855 3096 908 διὰ
3130 855 3230 924 μὲν
3272 853 3369 907 τοῦ
3424 853 3759 926 τρυγὼδους

2156 942 2411 1011 αἵματος,
2437 945 2467 996 ὁ
2503 944 2898 1014 μελαγχολικὸς
2918 947 3182 1014 γεννᾶται
3210 948 3406 1017 χυμός.
3440 947 3537 1000 Ἐκ
3567 947 3626 999 δὲ
3652 949 3758 1001 τοῦ

2154 1034 2430 1105 ὀρρώδους
2451 1036 2642 1100 αὑτοῦ,
2679 1038 2711 1106 ἡ
2749 1036 2918 1107 ξανθὴ
2959 1037 3089 1108 χολή
3113 1054 3128 1070 ο
3149 1040 3217 1092 ὲκ
3251 1039 3310 1092 δὲ
3343 1038 3438 1093 τοῦ
3456 1040 3760 1110 ἁφρώόους

2156 1130 2252 1177 καὶ
2284 1127 2770 1196 πομφολυγώδους,
2793 1128 2853 1180 τὸ
2879 1128 3100 1198 φλέγμα
3121 1145 3139 1160 σ
3168 1131 3272 1183 -καὶ
3291 1130 3325 1182 ὁ
3352 1130 3451 1200 μὲν
3480 1131 3761 1200 μελαγχο-
3875 1189 3878 1191 λ

2157 1215 2310 1280 λικὸς
2364 1218 2540 1287 χυμὸς
2593 1219 2692 1271 καὶ
2727 1219 2773 1249 ⁸⁷
2803 1219 2866 1274 τὸ
2909 1220 3154 1290 φλέγμα,
3203 1221 3282 1284 ὼς
3323 1222 3606 1293 βαρύτερα
3638 1224 3759 1275 τῶν

2159 1307 2358 1372 ἄλλων,
2389 1307 2716 1376 ὑφιζάνουσι
2742 1309 2916 1366 κάτω.
2961 1309 3029 1362 Ἣ
3062 1311 3121 1363 δὲ
3159 1303 3326 1378 ξανθὴ
3352 1311 3504 1382 χολὴ,
3545 1313 3628 1376 ὡς
3658 1313 3758 1364 λε-

2161 1399 2536 1469 “toi-159%”,
2583 1401 2688 1469 τὴν
2747 1401 3009 1472 ἀνωτέρω
3056 1401 3244 1472 χώραν
3299 1403 3633 1473 μεταδιώκει
3655 1406 3703 1437 ³⁸
3736 1421 3754 1437 ·

2157 1487 2258 1554 τὴν
2291 1486 2464 1555 μέσην
2490 1486 2547 1540 δὲ
2589 1488 2838 1558 ἀκριϐῶς
2870 1489 2934 1541 τὸ
2964 1483 3113 1559 αἷμα
3143 1490 3300 1555 τάξιν
3341 1493 3646 1563 κατείληφε
3676 1494 3757 1550 ³⁸.

2159 1579 2272 1631 Καὶ
2303 1579 2362 1630 ὲν
2397 1579 2498 1648 μὲν
2551 1582 2666 1642 τοῖς
2702 1583 2884 1650 σιμοῖς
2920 1582 3086 1635 αὑτοῦ
3126 1583 3189 1636 τὸ
3243 1579 3399 1656 ἧπαρ
3448 1585 3590 1656 μύας
3634 1585 3758 1657 ἔχει

2161 1675 2560 1745 ὑποκειμένους
2593 1677 2766 1746 αὐτῷ,
2793 1679 3092 1748 συνεργοὺς
3131 1679 3214 1741 εἰς
3247 1678 3347 1748 τὴν
3377 1677 3474 1731 τοῦ
3512 1680 3758 1748 ατματος

484 1763 782 1828 Praeterea,
811 1762 968 1832 jecur
993 1762 1196 1816 inﬁmis
1227 1761 1312 1816 sui
1363 1761 1610 1830 partibus
1655 1758 2057 1830 subjectos-sibi

2163 1765 2377 1834 ἕψησιν,
2423 1767 2520 1818 καὶ
2567 1765 2678 1819 τῶν
2704 1745 2882 1821 ἄλλων
2912 1745 2957 1799 ii
2987 1767 3178 1838 χυμῶν
3198 1745 3619 1840 τὴν-διάκρισιν.
3660 1771 3757 1823 Ἐν

483 1855 769 1910 musculos
814 1854 1082 1917 continet,
1132 1853 1228 1922 qui
1264 1849 1315 1906 ei
1344 1851 1411 1905 ad
1443 1850 1727 1920 sanguinis
1751 1849 2060 1904 concoctio-

485 1961 612 2001 nem
645 1946 992 2015 aliorumque
1046 1945 1341 1999 humorum
1381 1942 1786 1998 distinctionem
1835 1955 2058 2012 operam

485 2051 595 2091 non
639 2051 856 2106 segnem
899 2045 1120 2091 navant.
1167 2034 1287 2101 Qua
1343 2049 1472 2090 vero
1524 2035 1754 2105 gibbosa
1800 2027 2060 2104 jecinoris

485 2137 637 2193 sunt,
694 2143 830 2184 vena
889 2143 1055 2198 quam
1103 2140 1296 2181 cavam
1343 2125 1534 2181 dicunt
1578 2124 1829 2190 bifariam
1886 2124 2060 2180 divisa

483 2220 762 2276 consistit.
823 2218 994 2288 Cujus
1041 2217 1212 2274 altera
1258 2216 1438 2288 portio
1513 2214 1655 2272 infra
1723 2217 1792 2272 ad
1835 2214 2060 2285 inguina

485 2326 551 2367 ac
582 2326 747 2367 crura
801 2311 1074 2380 dirigitur,
1119 2309 1288 2364 altera
1335 2323 1486 2373 vero,
1525 2308 1593 2363 ad
1623 2321 1742 2371 cor,
1776 2316 1965 2376 pectus
1996 2319 2062 2360 ac

486 2413 690 2474 caput;
722 2413 777 2459 et
821 2418 927 2473 qua
970 2402 1154 2474 iugale
1202 2418 1272 2458 os
1335 2401 1587 2456 consistit
1629 2407 1908 2469 protensa,
1965 2413 2064 2454 cor

487 2495 666 2566 ipsum
696 2483 924 2548 interius
942 2507 1017 2547 ac
1049 2491 1296 2546 exterius
1339 2491 1497 2559 100
1535 2489 1782 2543 ambiens
1823 2487 2066 2558 comple-

487 2602 677 2665 ctitur,
691 2599 893 2656 dehinc
929 2613 1120 2654 rursus
1148 2605 1414 2660 reserata,
1452 2595 1607 2650 venis
1633 2609 1756 2664 qua:
1790 2593 1857 2648 ad
1900 2606 2070 2648 aures

488 2694 720 2749 tendunt
781 2692 1111 2746 annectitur.
1165 2689 1432 2744 Prazterea
1459 2688 1514 2741 in
1571 2686 1851 2756 jngulares
1895 2699 2064 2740 venas

488 2787 733 2853 ﬁnditur,
758 2802 789 2841 a
809 2784 1007 2857 quibus
1045 2783 1295 2853 plurimae
1323 2789 1438 2836 tum
1463 2777 1914 2833 instrumentales
1944 2788 2066 2830 cor-

486 2878 637 2950 poris
666 2889 868 2947 partes,
891 2885 1006 2930 tum
1031 2874 1308 2944 simplices
1331 2871 1648 2942 irrigantur.
1684 2866 1849 2923 Jecur
1880 2874 2062 2920 autem

485 2969 630 3038 quod
658 2963 811 3041 ἧπαρ
849 2967 1066 3031 dicitur,
1107 2964 1259 3035 παρὰ
1303 2963 1364 3016 τὸ
1386 2960 1645 3033 ὲπῆρθαι,
1695 2960 1792 3013 καὶ
1822 2955 2060 3028 κυρτοῦ·-

486 3061 631 3124 σθαι,
685 3061 888 3115 dictum
941 3057 1153 3121 volunt,
1193 3057 1338 3126 quod
1376 3055 1430 3108 in
1489 3054 1770 3124 gibbosam
1819 3049 2064 3105 videlicet

2160 1857 2217 1910 δὲ
2247 1861 2358 1921 τοῖς
2388 1861 2612 1926 κυρτοῖς
2641 1861 2832 1926 αὐτοῦ,
2864 1863 2898 1932 ἡ
2930 1864 3111 1930 κοίλη
3161 1862 3334 1931 φλὲψ
3367 1863 3496 1933 δίχα
3525 1863 3757 1934 μεριζο-

2163 1952 2299 2021 μένη
2323 1965 2338 1980 '
2373 1950 2436 2003 τὺ
2465 1951 2565 2020 μὲν
2593 1952 2653 2004 ἒν
2700 1954 2874 2022 αὐτῆς
2905 1954 3076 2025 μέρος
3107 1955 3318 2025 πέμπει
3349 1957 3444 2009 ἐπὶ
3476 1956 3548 2010 τὰ
3595 1958 3758 2010 κάτω

2163 2042 2328 2112 μέρη,
2357 2043 2450 2095 ἐπὶ
2473 2042 2775 2113 βουϐῶνας,
2795 2045 2892 2098 καὶ
2921 2045 3112 2116 σκέλη.
3138 2046 3212 2098 Τὸ
3232 2046 3289 2098 δὲ
3307 2046 3497 2116 ἕτερον
3530 2045 3686 2115 παρὰ
3703 2047 3754 2078 ³⁸

2159 2132 2412 2203 καρδίαν,
2463 2133 2557 2186 καὶ
2597 2133 2848 2206 θώρακα,
2893 2137 2990 2188 καὶ¹
3033 2135 3310 2208 κεφαλήν·
3351 2139 3448 2191 καὶ
3491 2137 3584 2190 διὰ
3644 2138 3756 2207 τῆς

2161 2223 2371 2288 κλειδὸς
2403 2226 2800 2296 περιεχόμενον
2827 2227 2897 2292 ³³,
2931 2227 3340 2298 περιλαμϐάνει
3374 2228 3549 2298 αὐτὴν
3599 2229 3751 2282 ἐσω-

2161 2315 2253 2368 θέν
2292 2333 2350 2368 τε
2386 2317 2482 2370 καὶ
2517 2316 2622 2382 ἔξω
2644 2333 2660 2349 ·
2698 2315 2819 2372 εἷτα
2847 2319 3074 2373 ἀνιοῦσα
3094 2317 3276 2386 αὖθις,
3301 2321 3614 2391 συμφύεται
3655 2323 3755 2375 ἐπὶ

2160 2406 2258 2470 τὰς
2311 2409 2627 2478 καρωτὶδας
2665 2409 2732 2476 ³⁸,
2787 2410 2884 2464 καὶ
2936 2411 3319 2484 ἀποσχίζεται,
3373 2412 3611 2467 ποιοῦσα
3648 2414 3752 2477 τὰς

2162 2499 2485 2567 σφαγιτίδας
2521 2501 2566 2532 ⁸⁵
2595 2500 2897 2573 λεγομένας
2923 2503 3154 2572 φλέϐας,
3201 2505 3269 2558 δι’
3297 2499 3372 2559 ὧν
3403 2505 3474 2559 τὰ
3517 2508 3752 2560 πλεῖστα

2165 2591 2329 2660 μάρια
2357 2590 2450 2643 τοῦ
2474 2590 2728 2662 σώματος
2751 2595 3020 2665 ὀργανικά
3045 2612 3105 2648 τε
3131 2596 3230 2650 καὶ
3268 2596 3416 2650 ἁπλᾶ
3448 2597 3751 2668 ὲπαρδεύε-

2161 2697 2274 2735 ται.
2313 2681 2549 2748 Λέγεται
2577 2682 2634 2736 δὲ
2660 2678 2857 2753 ἧπαρ,
2890 2686 3045 2755 παρὰ
3071 2686 3135 2739 τὸ
3157 2686 3398 2758 ὲπῆρθαι
3425 2687 3522 2740 καὶ
3547 2705 3752 2760 κεκυρ-

2161 2773 2370 2827 τῶσθαι
2402 2774 2448 2805 ³⁸
2473 2791 2488 2806 ·
2538 2775 2575 2846 ἢ
2622 2777 2777 2846 παρὰ
2813 2778 2876 2831 τὸ
2912 2779 3239 2850 ὲπαρδεύειν
3279 2779 3402 2832 ὅλον
3426 2778 3471 2810 ⁸⁷
3504 2779 3585 2849 τῷ
3637 2779 3751 2832 σῶ-

2167 2882 2295 2936 ματι
2324 2859 2501 2936 αἷμαο
2550 2867 2585 2938 ἢ
2639 2866 2794 2936 παρὰ
2839 2867 2901 2920 τὸ
2929 2869 3044 2939 ἥδω
3084 2870 3147 2922 τὸ
3181 2869 3461 2940 εὐφραίνω
3489 2870 3556 2937 ³⁸,
3603 2865 3752 2941 ἦδαρ

2162 2959 2259 3012 καὶ
2293 2952 2478 3029 ἧπαρο
2525 2960 2584 3012 έν
2608 2958 2718 3030 γὰρ
2743 2959 2920 3031 τούτῳ
2962 2961 3056 3015 καὶ
3080 2962 3148 3015 τὰ
3170 2963 3270 3033 τῆς
3299 2948 3517 3032 ἧδονῆς,
3551 2964 3648 3016 καὶ
3677 2966 3750 3017 τὰ

2162 3051 2262 3118 τῆς
2291 3048 2624 3118 ἐπιθυμίας’
2665 3049 2748 3103 ὅτι
2783 3049 2879 3103 καὶ
2907 3049 3100 3115 Τιτυὸς
3137 3051 3226 3106 διὰ
3265 3051 3358 3105 τοῦ
3407 3053 3621 3122 ἥπατος
3649 3069 3748 3106 κο-

485 3152 713 3220 figuram
739 3149 1002 3217 erigatur.
1045 3145 1144 3200 Vel
1181 3145 1250 3199 ab
1304 3143 1609 3213 ὲπαρδεύω,
1643 3141 1790 3212 quod
1831 3141 2062 3210 irrigare

2165 3139 2412 3203 λάζεται.
2865 3137 2868 3140 ’
3030 3186 3038 3194 .

483 3253 586 3305 est,
640 3241 769 3310 quia
817 3246 992 3293 totum
1061 3251 1262 3306 corpus
1337 3236 1407 3290 ab
1460 3235 1580 3304 ipso
1621 3248 1715 3302 per
1772 3233 2062 3302 sanguinem

2163 3233 2410 3300 rrigatur.
2459 3231 2585 3288 Sive
2654 3233 2805 3305 παρὰ
2830 3234 2890 3288 τὸ
2916 3234 3048 3306 ἦδω,
3079 3234 3142 3288 τδ
3171 3234 3556 3307 εὐφραίνομαι,
3588 3234 3656 3288 ab
3681 3249 3748 3288 eo

485 3333 738 3388 videlicet
763 3330 908 3402 quod
939 3329 1138 3384 laetitiae
1176 3342 1343 3382 causa
1405 3326 1642 3388 exsistit,
1705 3339 1832 3379 nam
1883 3325 1936 3378 in
1972 3323 2094 3394 ipso
2131 3325 2424 3394 voluptatis
2455 3334 2510 3380 et
2535 3326 2990 3395 concupiscentia
3058 3326 3216 3382 sedes
3245 3336 3361 3394 est;
3389 3327 3530 3382 unde
3559 3337 3615 3382 et
3647 3324 3745 3380 Ti-

485 3438 634 3500 tyum
661 3427 804 3498 apud
835 3423 1037 3480 inferos
1066 3425 1171 3479 hac
1205 3437 1392 3494 poenas
1412 3420 1643 3492 pendere
1674 3430 1922 3474 auctores
1943 3430 2262 3476 memorant.

946 3540 1082 3610 Cap.
1121 3536 1238 3593 XX.
1271 3567 1316 3577 τ
1368 3536 1615 3593 Deliene.

543 3655 689 3710 Lien
744 3664 925 3710 autem
950 3652 1182 3723 jecinori
1212 3651 1499 3722 oppositus
1515 3648 1794 3712 consistit,
1828 3648 1920 3718 qui
1951 3647 2067 3718 qui-

473 3746 612 3801 dem
641 3747 795 3802 venis
847 3754 902 3800 et
929 3735 1410 3800 arteriis'rel'ertus
1433 3751 1546 3807 est,
1586 3742 1641 3795 in
1681 3755 1741 3797 se
1779 3740 2066 3809 irmqualia

485 3842 730 3908 vascula,
759 3841 1036 3910 exiliaque
1060 3840 1376 3904 admodum,
1404 3853 1469 3893 ac
1491 3838 1726 3908 plurima
1753 3835 2062 3913 continens,

481 3938 652 3994 inter.
697 3950 818 4008 qua:
870 3933 1112 4010 concreti
1181 3932 1461 4002 sanguinis
1511 3930 1734 4000 guttula:
1787 3928 2061 3993 visuntur,

489 4041 655 4097 quam
680 4027 753 4095 ob
785 4040 1030 4090 causam,
1070 4025 1206 4080 laxa:
1243 4023 1596 4094 fungosaeque
1645 4019 1887 4074 materia:
1907 4018 2070 4073 habe-

485 4132 602 4177 tur.
625 4120 766 4190 Ejus
820 4118 1090 4190 siquidem
1134 4125 1332 4172 natura
1364 4116 1557 4186 frigida
1586 4123 1913 4182 acetosaque
1960 4123 2065 4175 est,

489 4228 599 4287 qua
639 4211 959 4268 acetositate
1014 4211 1194 4280 ipsum
1221 4216 1414 4274 natura
1467 4207 1551 4261 uti
1608 4204 1950 4268 stomachum
1997 4204 2065 4258 ad

490 4305 810 4359 alimentum
835 4301 1194 4373 appetendum
1215 4299 1496 4362 excitaret,
1519 4297 1801 4368 praeditum
1830 4308 1952 4350 esse
1972 4308 2068 4349 vo-

493 4396 612 4455 luit.
638 4394 746 4450 Sed
769 4409 892 4449 cum
914 4402 969 4448 et
988 4401 1120 4448 atrae
1141 4391 1264 4445 bilis
1289 4389 1669 4460 exsuperantis
1697 4387 1944 4442 humoris
1970 4401 2066 4440 ex»

493 4485 794 4541 cretionem
830 4485 886 4538 in
911 4483 1104 4538 alvum
1131 4478 1592 4549 fundat,.stringit
1639 4477 1809 4546 ipsam
1838 4490 1902 4530 ac
1930 4490 2065 4530 con-

497 4585 696 4650 tentam
755 4574 949 4638 reddit,
1009 4586 1221 4626 necnon
1265 4570 1334 4625 ad
1373 4568 1818 4638 concoquendum
1851 4582 1915 4621 ea
1947 4580 2070 4636 qua:

495 4669 552 4722 in
602 4682 777 4738 ipsam
823 4664 1190 4720 immittuntur
1216 4661 1459 4732 ,assidue
1517 4660 1739 4716 excitat.
1776 4659 1979 4714 Adbzec
2016 4665 2072 4712 et

499 4759 763 4831 purgandi
785 4758 1046 4828 jecinoris
1078 4754 1384 4810 ministerio
1436 4752 1657 4818 sullicit,
1691 4753 1820 4808 dum
1874 4751 1943 4806 ad
1984 4747 2070 4806 sui

499 4849 744 4904 alimenti
761 4862 944 4913 usum,
969 4846 1128 4901 faeces
1149 4844 1542 4912 turbidumque
1561 4843 1847 4896 humorem
1865 4853 1987 4909 qua:
2004 4839 2073 4893 ab

2463 3535 2606 3604 Κεφ.
2636 3535 2723 3588 Κ’.
2761 3564 2820 3582 —-
2849 3533 2989 3602 Περὶ
3019 3534 3128 3590 τοῦ
3159 3535 3462 3603 σπληνός.

2241 3649 2537 3717 Ἀντικρυς
2560 3647 2616 3700 δὲ
2637 3647 2733 3700 τοῦ
2757 3648 2969 3719 ἥπατος
2988 3649 3018 3701 ὀ
3040 3648 3214 3719 σπλὴν
3232 3651 3435 3712 κεῖται,
3459 3646 3741 3718 φλεϐὡδης

2166 3735 2366 3790 ὣν-καὶ
2391 3736 2758 3807 ἀρτηριὼδης,
2791 3737 2885 3790 καὶ
2907 3736 3272 3799 ἀνισόπλατυς
3294 3752 3308 3766 ·
3341 3737 3517 3790 λεπτὰ
3545 3739 3741 3806 ἀγγεῖα

2165 3829 2327 3899 έχων,
2351 3832 2444 3882 καὶ
2467 3827 2641 3881 πολλὰ
2660 3828 2868 3899 μεταξὺ
2891 3828 2999 3882 τῶν
3015 3829 3256 3896 ἀγγείων
3276 3829 3656 3900 Θρομϐὡματα
3675 3830 3740 3861 ³³-

2171 3922 2259 3975 διὰ
2294 3920 2453 3974 τοῦτο
2488 3920 2684 3990 ἀραιάς
2722 3921 2845 3973 ἐστι
2885 3920 2983 3974 καὶ
3017 3919 3227 3990 σομφὸς
3269 3920 3336 3973 ⁸⁵⁸.
3369 3923 3529 3974 Ἔστι
3566 3921 3626 3974 δὲ
3654 3921 3744 3974 καὶ

2171 4010 2381 4081 ψυχρὸς
2406 4011 2501 4065 καὶ
2531 4010 2737 4081 ὀξώδης
2762 4027 2775 4040 ·
2804 4011 2945 4080 ἔχων
2971 4010 3071 4080 τὴν
3097 4009 3336 4080 ὀξύτητα
3359 4009 3568 4079 ταύτην
3597 4012 3745 4078 παρὰ

2170 4102 2274 4171 τῆς
2307 4103 2561 4172 φύσεως’
2603 4102 2743 4170 πρὸς
2794 4101 2856 4154 τὸ
2889 4100 3181 4171 διεγείρειν
3221 4099 3313 4152 τὸν
3356 4101 3632 4168 στόμαχον
3665 4103 3742 4162 εἰς

2171 4193 2352 4265 ὄρεξιν
2383 4193 2613 4262 τροφῆς.
2659 4191 2825 4244 Ἀλλὰ
2855 4191 2952 4244 καὶ
2989 4192 3088 4261 τὴν
3131 4190 3384 4265 ἔκκρισιν
3412 4189 3508 4242 τοῦ
3555 4206 3742 4260 περιτ-

2171 4286 2424 4348 τεύοντος
2478 4283 2688 4355 χυμοῦ,
2739 4282 2834 4336 τοῦ
2866 4281 3098 4352 μέλανος
3140 4282 3207 4347 ⁸³,
3242 4282 3324 4344 εἰς
3361 4279 3460 4351 τὴν
3489 4281 3745 4350 γαστέρα

2171 4379 2337 4448 χέων,
2369 4375 2560 4445 στύφει
2587 4393 2647 4429 τε
2679 4375 2850 4447 αὐτὴν
2885 4375 2981 4428 καὶ
3010 4375 3177 4441 τονοῖ,
3222 4376 3316 4427 καὶ
3345 4373 3486 4443 πρὸς
3509 4373 3614 4436 τὰς
3652 4373 3747 4425 πέ-

2171 4471 2296 4540 ψεις
2323 4471 2609 4540 διεγείρει.
2636 4469 2750 4523 Καὶ
2777 4468 2915 4539 πρὸς
2951 4467 3163 4530 τούτοις
3193 4465 3252 4518 δὲ
3271 4465 3367 4518 καὶ
3397 4464 3656 4535 καθαίρει
3689 4463 3748 4517 τὸ

2170 4555 2361 4631 ἧπαρ,
2401 4559 2578 4614 ἕλκων
2615 4559 2689 4612 τὰ
2725 4557 2984 4630 τρυγὼδη
3013 4559 3107 4610 καὶ
3149 4555 3351 4627 θολερὰ
3397 4556 3508 4608 τῶν
3543 4557 3610 4621 ὲκ
3656 4553 3747 4609 τοῦ

2170 4653 2384 4722 ἥπατος
2414 4651 2943 4723 ἀποῤῥιπτουμένων
2970 4650 3014 4681 ⁸³
3045 4649 3250 4719 ὑγρῶν,
3280 4650 3361 4711 εἰς
3394 4647 3605 4700 οἰκείαν
3625 4662 3747 4718 τρο-

2176 4746 2306 4815 φήν.
2337 4745 2430 4797 Διὸ
2468 4745 2566 4799 καὶ
2591 4741 2805 4810 σπλὴν
2845 4741 3069 4812 εἴρηται
3091 4780 3106 4805 ,
3138 4740 3290 4810 παρὰ
3319 4739 3379 4792 τὸ
3407 4739 3749 4794 ἐπισπᾶσθαι

2173 4835 2256 4898 εἰς
2288 4833 2480 4886 ἑαυτὸν
2516 4833 2587 4886 τὰ
2621 4830 2994 4901 φαυλισθέντα
3024 4829 3134 4882 τῶν
3163 4829 3370 4899 ὑγρῶν.

497 4941 618 5030 ipso
637 4940 999 5011 projiciuntur
1020 4936 1405 4992 attrahit.Nam
1436 4937 1632 4991 lienem
1656 4934 1836 5005 ipsum
1859 4932 2062 5004 σπλῆνα

2163 4930 2266 5002 ιρὰ
2288 4928 2349 4982 τὸ
2377 4925 2713 4981 ἐπισπᾶσθαι
2763 4925 3056 5007 appellant,
3116 4925 3262 4995 quod
3302 4923 3553 4980 videlicet
3580 4925 3752 4980 malos

494 5027 1044 5089 lecinoris'humores
1072 5028 1140 5083 ad
1161 5044 1219 5084 se
1247 5027 1506 5083 attrahat.

931 5142 1065 5212 Cap.
1095 5139 1238 5197 XXI.
1260 5169 1333 5182 -
1364 5140 1438 5196 De
1461 5151 1657 5199 uentre.

571 5251 1041 5310 Ventrem‘autem
1079 5268 1376 5311 nervosum
1419 5252 1916 5335 axungiosnmque,
1963 5265 2076 5322 quo

569 5435 617 5520 ξ’
631 5434 814 5520 labe“
809 5434 909 5520 (1..Δ
925 5435 970 5520 ’ξ
999 5430 1153 5520 ἧπαρ
1167 5433 1334 5520 τοῦτο
1429 5433 1490 5490 C.
1528 5433 1575 5520 ’ξ

2370 5137 2514 5206 Κεφ.
2551 5134 2685 5190 KA'.
2717 5163 2786 5174 —
2818 5132 2960 5202 Περὶ
2989 5131 3100 5198 τῆς
3131 5130 3257 5185 ἄνω
3290 5130 3578 5199 γαστρός.

2175 5270 2186 5282 ο
2258 5249 2335 5302 Ἢ
2362 5247 2422 5301 δὲ
2449 5246 2628 5301 κοιλία
2655 5245 2929 5317 νευρώδης
2960 5245 3078 5297 ἐστὶ
3106 5243 3202 5296 καὶ
3238 5240 3558 5312 πιμελώδης
3579 5256 3593 5269 ο
3626 5241 3756 5294 ὑπο-

1616 5431 1904 5502 μεσαρέων
1930 5429 1998 5502 ς.
2031 5431 2076 5502 '_'
2107 5428 2428 5502 ἑψησήεειεις
2460 5428 2501 5502 Β
2581 5426 2721 5502 Ιξςτ
2860 5424 2958 5478 καὶ
2987 5423 3120 5502 Β.)⁸
3149 5422 3501 5502 λεπτομερὴς
3532 5422 3576 5480 Β
3613 5421 3748 5502 (ῘΙΡ.

499 5505 546 5539 ’⁸
561 5490 747 5558 διϐκει
766 5490 837 5559 Ἡ.
864 5505 910 5538 ³⁸
928 5490 1056 5575 ὰκρ.
1091 5490 1211 5570 τᾶξ.
1231 5505 1291 5558 τὸ
1319 5501 1460 5575 αἷμα
1487 5521 1541 5558 κ.
1558 5490 1628 5556 Β.’
1652 5501 1694 5534 ³⁸
1712 5490 1888 5575 τήν-τ.
1919 5499 2007 5553 ἀλ.
2124 5490 2181 5575 ’δ’
2199 5490 2329 5575 περὶ
2456 5497 2548 5575 ἐπὶ
2580 5498 2632 5575 t_‘.‘
2653 5494 2712 5552 P.
2803 5490 3760 5575 ngptspxdnevov‘asgtepxop‘évy

500 5577 540 5646 (Ι
564 5575 624 5628 Ι).
664 5644 677 5646 _
703 5576 749 5608 ”
776 5563 1095 5646 παρωτίϐας
1131 5563 1190 5630 Β.
1271 5575 1317 5607 ³⁸
1349 5563 1638 5646 φὶιγιτίδας
1668 5575 1735 5646 _A.
1758 5563 1853 5646 1“
1891 5569 2211 5646 κυρτῷσθαι
2234 5563 2299 5646 Χ.
2377 5569 2430 5646 ⁵³]
2463 5567 2570 5646 ϐλῳ
2595 5567 2653 5618 Β.
2733 5564 2778 5595 ³⁸
2811 5563 3179 5646 εύφροξνομαι

3440 5561 3484 5594 ³⁸
3514 5559 3592 5615 Sic
3619 5559 3660 5611 Β
3689 5559 3749 5622 C;

503 5623 714 5712 δρομϐο
732 5623 887 5713 (1:235
1228 5647 1289 5700 Α.
1755 5642 1799 5674 ’⁵⁸
1835 5623 1930 5694 τού
1963 5623 2062 5712 λ’με]

2163 5657 2245 5695 ιιιι.
2273 5641 2338 5692 Α.
2377 5639 2422 5672 ⁸⁸
2467 5623 2967 5707 ἁπόριπτουμέννιύν
2989 5636 3054 5695 Α,
3081 5623 3586 5705 ’ἀπορριπτομένων
3616 5631 3656 5685 (ὲ
3685 5623 3747 5682 Ρ.
