4040 6150
409 279 552 336 ιεεε
1635 285 1726 341 m2
1765 284 2048 342 unum
2089 286 2389 344 HOMINIS.
2465 245 2468 249 λ
3522 290 3660 346 me

402 398 610 469 δοκεῖον
633 399 844 470 τροφῆς
871 398 1047 471 ὑγρᾶς
1073 393 1364 472 attingi;
1389 416 1403 433 ·
1435 401 1572 473 πρὸς
1600 406 1664 457 rb
1685 405 1984 460 πέττεσθαι

2085 410 2138 462 in
2177 409 2298 480 ipso
2331 408 2538 464 siccum
2590 405 2984 477 humidumque
3007 404 3330 462 alimentum
3361 403 3657 461 demissum

401 489 502 562 τὴν
531 490 741 561 τροφὴν
765 493 823 544 ὲν
843 491 982 563 αὐτῇ
1015 493 1529 548 κατασκευασθεῖσα
1548 509 1562 522 ·
1606 495 1716 549 ἀπὸ
1737 496 1839 567 τῆς
1870 514 1987 550 xor.-

2088 508 2486 570 concoquatur,
2512 507 2710 554 natura
2742 498 3070 569 procreavit.
3101 497 3257 552 Illum
3294 495 3524 561 κοιλίαν,
3555 496 3661 550 ἀπὸ

401 581 627 649 λότητος
660 580 722 634 τὸ
755 581 930 653 ὄνομα
972 582 1216 638 λαϐοῦσα
1238 600 1252 614 ·
1295 584 1331 655 ἢ
1361 584 1470 638 ἀπὸ
1494 584 1589 637 τοῦ
1619 585 1854 641 λεαίνειν
1891 587 1986 642 καὶ

2088 589 2189 659 τῆς
2221 588 2553 659 κοιλότητος,
2581 586 2727 656 quod
2753 587 3006 642 videlicet
3035 600 3310 641 concavus
3339 585 3409 640 sit
3450 600 3664 640 nuncu-

400 669 600 740 χυλοῦν
625 671 725 742 τὴν
752 674 984 743 τροφήν.
1010 673 1244 741 Λέγεται
1277 673 1336 728 δὲ
1362 675 1578 745 γαστὴρ
1606 677 1688 729 ὅτι
1715 678 1988 748 περιαγής
2087 687 2239 748 pant.
2286 675 2381 733 Vel
2428 676 2537 730 ἀπὸ
2559 675 2653 730 τοῦ
2698 676 2913 747 χυλοῦν,
2959 676 3056 730 καὶ
3079 676 3332 740 λεαίνειν,
3367 677 3510 747 quod
3565 678 3664 730 ali-

403 761 544 824 ἐστι,
581 759 678 815 καὶ
712 763 998 834 γαστρίζει
1029 765 1164 835 ἡμῖν
1197 763 1299 835 τὴν
1331 766 1544 837 τροφήν
1580 765 1627 799 ⁸³
1651 782 1664 796 ·
1700 767 1735 836 ἢ
1769 768 1853 822 ὅτι
1888 785 1987 836 γει-

2087 777 2334 824 mentum
2371 769 2426 823 in
2476 783 2697 824 succum
2747 775 2927 824 vertat
2971 767 3126 837 101
3190 775 3352 837 atque
3399 767 3658 822 emolliat.

399 849 712 922 γάστρηται
759 853 857 906 καὶ
880 853 1244 925 πεπλήρωται
1283 855 1614 926 κορεσθεῖσα
1638 873 1651 886 ·
1681 858 1714 928 ἢ
1746 858 1902 929 παρὰ
1921 859 1984 912 rb

2086 861 2234 916 Idem
2283 860 2496 932 γαστὴρ
2524 859 2675 932 παρὰ
2709 860 2770 913 τὸ
2801 859 3080 929 γαστρίζω
3109 858 3328 924 dicitur,
3362 859 3508 928 quod
3544 860 3660 912 cibo

400 943 483 1010 γῶ
516 943 578 998 τὸ
607 942 900 1014 λαμϐάνω·
930 946 964 1017 ἠ
1005 946 1187 1000 πάντα
1215 946 1308 1000 τὸν
1339 945 1454 1016 βίον
1490 948 1571 1017 μὴ
1621 946 1983 1022 πληρουμένη

2085 951 2277 1020 repleri
2330 951 2790 1021 interpretareris,
2826 949 2974 1020 quod
3031 949 3168 1019 ipse,
3209 950 3512 1020 expetendo
3563 949 3661 1004 ali-

400 1034 762 1104 λαμϐἀνουσα
779 1051 794 1066 ·
828 1035 946 1089 ἐστι
975 1036 1032 1090 δὲ
1057 1031 1172 1089 οἷον
1197 1035 1519 1100 διϐόιλαντος
1542 1036 1608 1092 ⁵⁸.
1638 1037 1712 1091 Τὸ
1747 1038 1846 1108 μὲν
1870 1039 1985 1094 ἄνω

2084 1051 2351 1110 mentum,
2413 1057 2514 1098 nos
2559 1042 2684 1104 cibo
2729 1042 2937 1112 repleat
2983 1058 2998 1096 :
3034 1041 3150 1096 sive
3196 1041 3278 1094 ὅτι
3337 1041 3660 1112 κορεσθεῖσα

402 1126 575 1198 μέρος
605 1125 806 1196 ἔχουσα
835 1127 1023 1181 στενὸν
1059 1128 1157 1182 καὶ
1181 1127 1364 1199 ὀρθὸν,
1393 1128 1491 1182 καὶ
1524 1127 1729 1182 κόλπον
1750 1129 1974 1200 μικρόν·

2083 1133 2486 1205 γεγάστρηται,
2535 1133 2686 1203 quia,
2715 1148 2828 1204 prae
2865 1133 2951 1188 sui
2983 1132 3291 1197 saturitate,
3333 1134 3490 1204 quasi
3524 1149 3662 1203 pra:-

398 1220 482 1275 διὸ
514 1222 610 1276 καὶ
644 1222 846 1292 ῥᾳδίως
883 1224 966 1286 είς
1011 1223 1211 1293 ἔμετον
1255 1225 1436 1296 ὁρμᾷ·
1469 1223 1690 1292 λέγεται
1721 1222 1780 1277 δὲ
1829 1223 1984 1294 παρὰ

2085 1225 2303 1293 gnantis
2355 1222 2575 1278 feminae
2608 1223 2663 1277 in
2717 1231 2987 1279 tumorem
3035 1223 3152 1294 ipse
3193 1225 3480 1290 excrescit,
3523 1225 3658 1293 sive,

403 1311 606 1383 ἰατρῶν
638 1315 683 1345 ⁵⁸
725 1315 759 1384 ἡ
789 1313 912 1368 ἄνω
948 1315 1152 1369 κοιλία
1191 1314 1397 1384 μικρά.
1441 1315 1506 1368 Ἦ
1537 1314 1595 1368 δὲ
1626 1314 1776 1368 κάτω
1801 1354 1816 1380 ,
1841 1313 1984 1368 πλα-

2083 1312 2230 1383 quod
2262 1311 2592 1367 insatiabilis
2633 1312 2906 1367 exsistens
2933 1311 3008 1384 (id
3045 1312 3219 1367 ventri
3267 1313 3486 1378 deditis,
3520 1328 3660 1382 quos

401 1401 523 1455 τε.ῖά
550 1401 610 1454 τέ
659 1401 780 1454 ὲστι
815 1402 913 1456 καὶ
949 1401 1340 1472 μεγαλόκοιλος
1382 1402 1458 1436 ⁸⁸·
1506 1401 1582 1467 ὡς
1611 1401 1984 1472 συναγομένης

2083 1401 2533 1475 γαστριμάργους
2591 1402 2799 1470 dicunt,
2829 1402 2948 1457 dari
2995 1402 3196 1473 probro
3226 1402 3410 1473 solet),
3443 1419 3657 1460 onmem

402 1493 522 1545 ἐκεῖ
549 1495 647 1564 τῆς
675 1495 902 1564 τροφῆς.
937 1493 1159 1548 Πολλῶν
1195 1493 1254 1547 δὲ
1300 1493 1512 1566 νεύρων
1561 1493 1902 1564 αἰσθητικῶν
1943 1495 1978 1563 ή

2083 1493 2447 1550 substantiam
2497 1494 2794 1549 absumere
2821 1493 3128 1549 consuevit.
3164 1493 3298 1550 Pars
3333 1503 3512 1551 autem
3540 1494 3660 1564 ejus

399 1583 620 1654 γαστὴρ
645 1585 887 1655 μετέχει,
905 1585 997 1638 καὶ
1029 1585 1267 1654 μάλιστα
1289 1585 1433 1640 κατὰ
1453 1584 1514 1637 rb
1541 1585 1764 1656 στόμιον
1783 1585 1976 1656 αὐτῆς·

2082 1599 2205 1655 quae
2241 1598 2478 1654 superne
2511 1575 2786 1647 consistit,
2823 1599 3054 1656 quaeque
3088 1601 3120 1640 a
3157 1587 3382 1643 medicis
3410 1589 3660 1660 superior

396 1674 540 1729 ὥστε
587 1677 916 1748 ἐτοιμότατα
943 1677 1043 1748 τῆς
1067 1677 1277 1740 ἐνδείας
1321 1676 1417 1731 τοῦ
1464 1677 1667 1740 παντὸς
1719 1676 1979 1730 αἰσθάνε-

2081 1673 2417 1729 ventriculus
2475 1681 2846 1743 nuncupatur,
2917 1672 2974 1726 in
3032 1670 3325 1744 angustum
3380 1677 3655 1742 desinens,

399 1767 554 1834 σθαι,
579 1767 762 1832 καθὼς
787 1770 1020 1822 κατόπιν
1049 1768 1286 1840 ἐδείχθη·
1312 1769 1388 1833 ὡς
1421 1768 1496 1839 μὴ
1525 1767 1673 1838 λιμῷ
1697 1767 1974 1839 διαφθαρῇ

2083 1772 2230 1819 recta
2275 1778 2341 1819 ac
2391 1761 2602 1816 modice
2649 1762 2872 1816 sinuosa
2910 1770 3015 1828 est,
3062 1762 3208 1831 quod
3257 1762 3311 1816 in
3369 1779 3532 1819 causa
3575 1765 3656 1830 ﬁt,

397 1859 702 1929 λεληθότως
733 1861 778 1892 ⁴⁷
808 1861 871 1915 rb
921 1861 1085 1927 ζῶον.
1133 1862 1249 1916 Καὶ
1284 1861 1395 1932 γὰρ
1445 1863 1479 1933 η
1527 1861 1704 1932 τροφὴ
1747 1860 1835 1914 διὰ
1883 1861 1978 1914 δύο

2079 1854 2161 1910 uti
2192 1855 2259 1909 ad
2289 1853 2553 1909 vomitum
2581 1851 2874 1906 admodum
2907 1850 3085 1908 facilis
3111 1853 3394 1909 habeatur.
3427 1853 3659 1912 Inferior

397 1951 578 2014 αίτίας
603 1952 662 2003 έν
691 1950 953 2022 ἡμετέρῳ
996 1952 1489 2024 παραλαμϐάνεται
1521 1953 1770 2022 σώματι·
1803 1951 1895 2005 διά
1917 1968 1978 2005 τε

2082 1961 2212 2002 vero
2248 1960 2396 2016 pars,
2438 1943 2582 2014 quod
2629 1944 2684 1998 in
2715 1944 2889 2013 ipsam
2922 1943 3240 2000 alimentum
3293 1948 3654 2011 contrahitur,

398 2041 787 2116 ἀναπλήρωσιν
823 2041 919 2096 τοῦ
956 2043 1422 2115 διαφορουμένου,
1453 2044 1550 2096 καὶ
1585 2043 1722 2113 πρὸς
1746 2041 1976 2111 αὔξησιν

2078 2037 2187 2092 lata
2231 2045 2334 2102 est,
2369 2043 2425 2091 et
2463 2049 2696 2105 magnus
2737 2045 2929 2090 venter
2958 2035 3280 2105 appellatur.
3329 2036 3526 2094 Venter
3562 2055 3657 2094 au-

397 2131 494 2185 τοῦ
526 2132 774 2202 ἐμφύτου
805 2133 1036 2205 θερμοῦ.
1087 2133 1162 2188 Tb
1196 2134 1306 2206 γὰρ
1335 2134 1629 2206 ὀρέγεσθαι
1660 2133 1824 2205 ἔργον
1853 2131 1975 2186 ἐστὶ

2079 2136 2185 2184 tem
2228 2128 2344 2197 ipse
2401 2126 2754 2181 sensibilibus
2802 2126 2984 2182 nervis
3043 2127 3318 2197 plurimis,
3353 2132 3652 2198 praesertim

397 2226 628 2290 φυσικὸν
653 2224 748 2278 τοῦ
782 2226 1057 2296 στομάχου
1085 2227 1177 2280 καὶ
1205 2228 1305 2295 τῆς
1337 2227 1576 2299 γαστρὸς
1600 2265 1616 2293 ,
1645 2225 1785 2298 μετὰ
1812 2224 1972 2295 ψυχι-

2078 2219 2132 2273 in
2163 2218 2249 2272 sui
2279 2216 2508 2281 oriﬁcio,
2533 2216 2746 2271 obsitus
2771 2224 2888 2281 est;
2919 2228 3274 2288 quapropter,
3299 2223 3504 2277 sentire
3534 2223 3653 2278 ine-

398 2315 501 2382 κῆς
530 2315 841 2386 αἰσθήσεως
868 2317 1178 2386 γινόμενον.

2075 2310 2246 2376 diam,
2285 2317 2344 2363 ut
2373 2309 2526 2379 prius
2568 2309 2880 2374 docuimus.
2915 2312 3161 2366 omnium
3211 2314 3655 2384 promptissimus

397 2413 501 2470 «νει,
521 2422 588 2461 ne
626 2409 836 2463 scilicet
855 2409 1057 2464 animal
1081 2411 1134 2464 in
1159 2409 1245 2466 sui
1275 2410 1573 2478 oblivione,
1614 2410 1757 2465 fame
1813 2404 2104 2476 deperiret.
2126 2401 2459 2456 Alimentum
2517 2399 2664 2455 enim
2689 2401 2893 2471 duplici
2953 2401 3018 2458 de
3040 2418 3204 2459 causa
3226 2406 3441 2475 corpori
3467 2415 3656 2462 nostro

398 2497 751 2555 adhibemus:
777 2500 943 2555 altera
977 2501 1218 2572 quidem,
1257 2517 1362 2572 qua
1404 2503 1536 2558 illud
1589 2501 1734 2572 quod
1788 2501 2136 2568 absumptum
2195 2501 2281 2550 est
2341 2493 2726 2565 expleremus;
2763 2494 2933 2549 altera
2998 2510 3160 2564 vero,
3203 2499 3434 2569 augendi
3469 2501 3563 2570 qui
3599 2502 3656 2557 in

397 2591 555 2647 nobis
595 2592 794 2648 insitus
836 2600 918 2648 est
974 2593 1174 2650 caloris
1205 2595 1401 2666 gratia.
1441 2591 2026 2666 Siquidem'stomachi
2082 2587 2421 2658 ventrisqne,
2453 2588 2743 2659 appetendi
2800 2587 3045 2644 alimenti
3104 2590 3352 2646 naturale
3414 2591 3652 2649 cilicium

395 2691 502 2745 est,
533 2681 676 2752 quod
706 2696 831 2737 cum
863 2682 1086 2737 animali
1109 2698 1272 2739 sensu
1303 2687 1576 2754 provenit.

467 2775 582 2845 Τὴν
621 2769 715 2828 οὖν
747 2774 1214 2845 ὲπεισερχομένην
1254 2774 1458 2840 ἔξωθεν
1502 2777 1710 2850 τροφὴν
1741 2776 1970 2849 ἄμφωή

2150 2769 2286 2825 Nam
2324 2776 2514 2826 venter
2545 2769 2815 2841 jecurque
2859 2769 2913 2826 in
2955 2771 3236 2840 alimento,
3266 2775 3412 2844 quod
3441 2777 3655 2832 extrin-

397 2866 611 2937 γαστὴρ
633 2865 726 2919 καὶ
748 2865 808 2918 τὸ
828 2860 982 2936 ἧπαρ
1009 2867 1420 2937 κοινοεργοῦσιν
1439 2885 1454 2900 ·
1484 2869 1518 2939 ἡ
1553 2870 1651 2938 μὲν
1674 2871 1784 2944 γὰρ
1817 2871 1974 2942 χυλο-

2079 2877 2237 2919 secus
2260 2861 2496 2928 advenit,
2519 2861 2795 2915 communi
2819 2862 2906 2915 olli
2918 2861 3005 2916 cio
3028 2861 3348 2934 funguntur,
3372 2865 3500 2920 dum
3523 2867 3652 2923 illud

398 2961 582 3012 ποιεῖ·
627 2958 689 3011 rb
725 2957 784 3012 δὲ
826 2957 997 3029 αὐτὴν
1053 2959 1363 3028 ὲξαιματοῖ.
1393 2961 1460 3014 Ol
1501 2962 1560 3016 δὲ
1604 2964 1973 3033 στοιχειώδεις

2080 2954 2216 3008 alter
2246 2953 2300 3007 in
2332 2956 2575 3018 succum,
2616 2952 2846 3007 alterum
2889 2953 2943 3008 in
2985 2955 3305 3026 sanguinem
3329 2969 3651 3015 commutat.

397 3051 564 3120 χυμοὶ
599 3051 658 3103 ὲν
684 3049 770 3119 ’τῷ
794 3049 966 3120 ἥπατι
996 3051 1293 3118 γεννῶνται
1339 3052 1484 3106 κατὰ
1531 3054 1632 3124 τὴν
1663 3056 1970 3127 εἰρημένην

2077 3043 2427 3100 Alimentales
2474 3053 2654 3099 autem
2685 3059 2928 3114 sapores,
2977 3054 3037 3100 ut
3071 3047 3223 3117 prius
3264 3063 3296 3103 a
3346 3050 3506 3105 nobis
3555 3051 3652 3106 de-

399 3140 614 3210 σκέψιν.
656 3141 766 3193 Καὶ
803 3139 880 3204 ὡς
912 3141 1055 3194 κατὰ
1085 3141 1247 3209 φύσιν
1277 3143 1459 3197 αὐτῶν
1493 3143 1684 3211 όντων,
1736 3145 1971 3215 ἠξίωσεν

2077 3143 2439 3190 monstratum
2486 3142 2592 3199 εει,
2631 3133 2946 3203 injeciuore
2991 3137 3272 3205 constitui,
3303 3138 3649 3196 manifestum

395 3233 538 3288 αὐτὰ
565 3234 600 3304 ἡ
623 3233 863 3303 Πρόνοια
905 3231 1055 3304 ἔχειν
1095 3232 1299 3304 δοκεῖαο
1339 3235 1451 3289 Καὶ
1489 3235 1588 3305 τῆς
1623 3237 1724 3306 μὲν
1763 3237 1971 3308 ξανθῆς

2078 3223 2326 3314 habetur.
2381 3222 2448 3276 Et
2505 3238 2628 3278 cum
2676 3225 2778 3293 ipsi
2856 3234 3065 3281 natura:
3108 3228 3300 3283 ordine
3337 3229 3649 3301 gignantur,

397 3323 594 3392 χολῆς,
645 3324 678 3392 ἡ
719 3321 1010 3393 χοληδόχος
1057 3321 1106 3355 ⁸⁸
1144 3323 1332 3386 κύστις
1367 3324 1550 3377 ἔστιν·
1589 3326 1713 3396 ἥτις
1751 3329 1810 3381 ὲν
1859 3329 1971 3391 τοῖς

2077 3313 2305 3368 summae
2326 3313 2691 3370 Providentiae
2712 3331 2936 3371 munere
2962 3318 3244 3388 quodlibet
3259 3320 3360 3376 sibi
3383 3322 3651 3391 peculiare

399 3416 578 3484 σιμοῖς
595 3412 689 3466 τού
709 3414 918 3483 ἥπατος
935 3415 1134 3467 κεῖται·
1157 3414 1251 3467 τοῦ
1273 3415 1329 3467 δὲ
1354 3414 1750 3487 μελαγχολικοῦ
1767 3418 1967 3488 χυμοῦ,

2077 3399 2521 3468 conceptaculum
2555 3401 2780 3456 sortitus
2811 3413 2915 3457 est.
2944 3403 3079 3459 Nam
3129 3405 3282 3462 flava:
3322 3409 3474 3476 bilis,
3503 3411 3649 3467 fellis

397 3505 426 3557 ὁ
453 3504 629 3574 σπλήν
647 3519 664 3534 ·
691 3504 785 3556 τοῦ
808 3504 864 3557 δὲ
891 3503 1166 3575 ὀρρώδους
1189 3505 1443 3575 αἵματος,
1470 3511 1661 3578 νεφροί¹
1684 3512 1777 3564 καὶ
1806 3512 1864 3563 ού
1875 3527 1968 3581 ρη-

2075 3493 2252 3546 vesica
2276 3493 2722 3584 conceptaculum
2745 3504 2846 3558 est,
2874 3510 2996 3562 qua:
3025 3497 3183 3554 simis
3198 3497 3459 3569 jecinoris
3484 3501 3653 3558 inhae—

395 3595 581 3666 τῆρες,
612 3596 709 3648 καὶ
751 3597 786 3666 ἡ
824 3596 1116 3668 ούρηδόχος
1155 3598 1201 3630 ’δ’
1223 3598 1452 3664 κύστις·
1485 3601 1579 3654 τοῦ
1610 3602 1668 3655 δὲ
1709 3603 1964 3672 αἵματος.

2075 3588 2177 3634 ret.
2209 3581 2665 3637 Humorem'vero
2719 3583 3172 3644 melancholicum
3225 3589 3332 3645 lien
3384 3593 3647 3650 continet.

395 3685 593 3752 φλέϐες
648 3686 745 3738 καὶ
783 3686 1088 3756 ἀρτηρίαι·
1142 3687 1244 3755 τῆς
1297 3688 1356 3742 δὲ
1404 3689 1673 3760 μελαίνης
1717 3668 1884 3762 χολῆς
1919 3695 1965 3727 ⁸⁸

2075 3668 2335 3724 Set-osum
2357 3679 2536 3725 autem
2556 3673 2860 3742 sanguinis,
2879 3676 2931 3730 in
2952 3690 3108 3732 renes
3144 3687 3198 3734 et
3218 3679 3391 3736 urinae
3412 3693 3647 3752 meatus,

394 3776 549 3829 οὐδέν
590 3776 708 3828 ἐστι
733 3776 938 3848 δοχεῖον
965 3777 1034 3830 ⁸³.
1065 3778 1202 3832 Οὐδὲ
1228 3779 1337 3849 γὰρ
1361 3781 1532 3852 αὐτὴν
1556 3779 1696 3835 οἶδεν
1732 3785 1778 3816 ⁸⁸
1801 3761 1965 3856 ἡφύ-

2073 3762 2141 3816 ad
2189 3761 2425 3816 vesicam
2463 3762 2710 3818 conﬂuit.
2740 3764 2976 3836 Sanguis
3003 3775 3186 3825 autem
3225 3772 3382 3844 102
3414 3790 3446 3830 a
3495 3777 3650 3832 venis

398 3883 506 3931 σις,
555 3867 630 3930 ὡς
656 3868 807 3939 παρὰ
843 3869 1006 3938 φύσιν
1031 3865 1198 3924 οὖσαν
1218 3887 1230 3899 ·
1257 3871 1398 3925 ἀλλὰ
1418 3874 1514 3926 καὶ
1547 3875 1677 3929 ὅταν
1705 3852 1965 3948 γεννηθῇ,

2072 3860 2126 3905 ει
2187 3852 2404 3908 arteriis
2450 3854 2731 3924 recipitur.
2798 3857 2946 3912 Atra;
2988 3874 3119 3915 vero
3159 3862 3278 3928 bili,
3313 3873 3501 3936 utpote
3529 3883 3650 3937 qua:

394 3960 581 4010 πᾶσαν
622 3961 934 4028 μηχανᾶται
985 3961 1245 4031 κίνησιν,
1280 3961 1424 4016 ὥστε
1472 3942 1730 4032 ἐκδιῶξαι
1773 3942 1965 4040 αὐτὴν,

2074 3942 2224 3998 nullo
2277 3952 2486 3999 naturae
2544 3946 2735 4001 ordine
2793 3949 3165 4018 constituitur,
3199 3955 3383 4012 nullus
3430 3958 3500 4013 ab
3532 3958 3645 4029 ipsa

392 4050 490 4104 καὶ
533 4052 951 4122 ἀποτρέψασθαι
987 4054 1128 4125 πρὸς
1181 4055 1284 4127 τὴν
1319 4056 1471 4110 κάτω
1525 4057 1726 4122 ἔξοδον,
1769 4060 1857 4115 διὰ
1898 4032 1968 4114 ’τό

2072 4032 2227 4127 locus
2249 4036 2602 4127 praescriptus
2650 4048 2755 4103 εει,
2805 4041 2899 4095 sed
2947 4056 3071 4097 cum
3129 4043 3440 4116 hujusmodi
3484 4049 3645 4105 bilem

390 4140 558 4211 δριμὺ
573 4141 670 4195 καὶ
692 4143 916 4211 ἀνιαρὸν
943 4143 1044 4214 τῆς
1061 4125 1346 4214 ποιότητος
1367 4145 1559 4216 αὐτῆς.
1584 4145 1658 4200 Tb
1673 4147 1731 4200 δὲ
1749 4148 1966 4218 φλέγμα

2072 4125 2218 4194 gigni
2248 4126 2468 4191 accidit,
2493 4128 2565 4183 ob
2610 4138 2827 4185 acutum
2854 4131 2972 4202 ejus
3003 4135 3314 4207 malumque
3336 4139 3645 4202 humorem.

391 4233 486 4285 ἐπὶ
517 4233 734 4286 πάντων
757 4231 866 4286 τῶν
905 4233 1118 4287 ἔνδοθεν
1153 4236 1368 4305 χωρίων
1391 4238 1801 4310 κατέσπαρται·
1828 4240 1966 4294 ἀλλὰ

2072 4222 2267 4270 natura
2291 4230 2412 4271 eam
2447 4218 2664 4288 abigere
2693 4236 2758 4274 ac
2786 4237 2883 4291 per
2909 4238 3183 4280 secessum
3234 4231 3504 4296 expellere
3555 4248 3647 4288 us-

393 4322 491 4375 καὶ
519 4325 578 4376 ὲν
608 4325 675 4394 τῇ
712 4323 928 4395 κεφαλῇ
965 4324 1235 4394 διαχεῖται
1287 4327 1334 4358 ⁵³
1357 4344 1372 4359 ·
1419 4328 1563 4399 ὑγρὰ
1595 4329 1655 4382 δὲ
1687 4329 1794 4384 ῐδια
1824 4332 1968 4386 κατὰ

2073 4320 2396 4378 quequaque
2431 4310 2672 4364 molitur.
2727 4311 2930 4369 Pituita
2976 4327 3156 4372 autem
3203 4319 3319 4388 ipsa
3350 4337 3441 4390 per
3484 4338 3647 4378 omne

391 4412 488 4468 τὸν
519 4415 794 4485 στόμαχον
821 4415 920 4469 καὶ
952 4413 1042 4468 τὸν
1067 4415 1294 4486 θώρακά
1325 4418 1483 4474 εἰσιν.
1977 4437 1980 4440 ·

2071 4400 2307 4468 spatium
2341 4401 2572 4458 interius
2601 4406 2834 4474 sparsim
2879 4407 3245 4477 diﬂunditur;
3299 4414 3394 4470 sed
3452 4425 3506 4471 et
3551 4431 3648 4487 per

430 4510 434 4514 .
2070 4500 2232 4561 caput
2258 4493 2445 4548 eadem
2470 4493 2677 4553 deﬂuit.
2703 4498 2759 4552 In
2792 4502 3075 4558 stomacho
3104 4512 3286 4560 autem
3311 4506 3648 4581 thoraceqtte

2069 4583 2374 4652 peculiares
2406 4584 2513 4640 illis
2543 4587 2678 4644 locis
2722 4589 2978 4648 humores
3003 4603 3150 4650 sunt.
3561 4580 3584 4587 Ἰ

473 4650 819 4720 Ἐκκρίνεται
841 4650 902 4705 δὲ
924 4652 993 4707 τὰ
1018 4651 1118 4723 μὲν
1145 4653 1327 4724 παχέα
1349 4655 1443 4709 καὶ
1469 4656 1969 4741 φλεγματικώτερα

2140 4671 2274 4728 Nam
2289 4690 2411 4744 quae
2425 4676 2716 4735 crassioris
2729 4695 2793 4736 ac
2805 4683 2978 4753 magis
2993 4685 3044 4754 pi
3054 4686 3266 4742 tuitosat
3278 4699 3486 4747 natura:
3497 4705 3645 4760 sunt,

391 4741 565 4806 κάτω,
592 4743 660 4795 τὰ
692 4742 749 4795 δὲ
773 4742 969 4808 λεπτὰ,
1004 4745 1099 4796 καὶ
1123 4745 1442 4818 ἀποιότερα,
1469 4750 1562 4802 καὶ
1589 4752 1840 4825 χυμώδη,
1878 4756 1968 4812 διὰ

2070 4760 2212 4817 infra
2237 4772 2794 4837 excernuntur,exilia
2811 4789 2939 4830 vero
2962 4786 3124 4845 atque
3144 4779 3441 4848 injucunda
3463 4785 3645 4842 humi-

391 4833 485 4886 τοῦ
516 4833 785 4902 στόματος
825 4834 1122 4889 ὲκπτύεται
1145 4852 1158 4865 ·
1199 4837 1290 4891 διά
1327 4856 1390 4891 τε
1434 4840 1836 4914 ἀναχρέμψεως
1869 4847 1966 4902 καὶ

2071 4853 2247 4924 daque
2261 4857 2330 4910 ab
2354 4872 2448 4912 ore
2465 4873 2808 4929 expuuntur;
2831 4873 2944 4919 tum
2968 4867 3129 4922 etiam
3157 4833 3254 4939 per
3272 4875 3532 4928 vomitum
3555 4891 3648 4931 ex-

391 4923 794 5001 ὰποχρέμψεως
835 4925 902 4978 ⁵⁸.
940 4926 1107 4980 Ἀλλο
1150 4928 1207 4979 δέ
1245 4930 1393 4982 ἐστιν
1435 4931 1822 5004 ἀνάχρεμψις,
1868 4938 1964 4990 καὶ

2069 4953 2455 5037 creatumque;
2482 4923 2604 5020 qua:
2634 4952 2723 5006 illa
2755 4923 3114 5026 ἀνάχρεμψιν,

389 5014 521 5069 ἄλλο
567 5017 951 5088 ἀπόχρεμψις·
1002 5018 1355 5090 ἀνάχρεμψις
1403 5021 1505 5092 μὲν
1559 5025 1627 5090 ⁵⁵,
1677 5027 1843 5096 ἡνίκα
1887 5029 1960 5081 δι’

2068 5033 2283 5101 dicunt;
2305 5014 2426 5107 qua:
2443 5014 2661 5110 quidem
2681 5014 3198 5105 diversa-liabeitt'ur.
3214 5014 3354 5106 Nam

457 5151 507 5182 ’⁸³
534 5153 568 5222 ἢ
604 5153 685 5208 ὅτι
720 5171 919 5226 γαστρ.
953 5157 1105 5227 ἡμᾶς
1143 5158 1484 5229 ἐπιζητοῦσα
1509 5180 1561 5216 τ.
1590 5181 1678 5234 τρ.
1713 5166 1773 5219 Β.
1807 5167 1852 5200 ⁸⁵³
1890 5163 2110 5239 λέγεται
2137 5173 2194 5228 δὲ
2228 5174 2324 5229 καὶ
2352 5179 2566 5252 γαστὴρ
2601 5181 2684 5235 ὅτι
2712 5186 2989 5257 περιαγής
3018 5188 3133 5241 ἐστι
3155 5206 3169 5220 ·
3200 5190 3315 5261 ἔχει
3349 5193 3406 5247 δὲ
3443 5195 3505 5248 rb
3545 5197 3647 5267 μὲν

664 5312 687 5344 ε
719 5296 907 5344 στενὸν
931 5296 991 5344 Ρ.
1031 5296 1077 5329 ’⁸⁵
1101 5299 1212 5344 τῶν
1249 5301 1392 5344 ξατο-
1432 5303 1474 5344 1-1
1503 5300 1557 5344 βν
1605 5303 1651 5335 ⁸ο
1687 5305 1894 5344 nemini-cn
1929 5307 1966 5344 Ι)
2019 5311 2227 5344 ζεύξι-τ-..
2264 5314 2389 5344 -I-n
2437 5319 2528 5344 ..-ι
2563 5318 2745 5344 r__-s-_
2778 5341 2865 5344 λη
2929 5327 2944 5344 ρ
3003 5329 3045 5344 π
3131 5328 3174 5344 ι..
3238 5331 3251 5344 .

389 5290 503 5344 ἄνω
522 5291 687 5361 μέρος
719 5296 907 5348 στενὸν
931 5295 991 5350 Ρ.
1031 5296 1077 5329 ⁸⁵
1101 5299 1212 5351 τῶν
1249 5301 1392 5370 ίατρ.
1432 5303 1474 5353 Β
1500 5300 1561 5354 Ρ.
1605 5303 1651 5335 ⁸⁸
1685 5305 1981 5376 meme

386 5367 1639 5474 3.332%;“mihi--.?..1<31:§?x2§.9...
1672 5374 1981 5474 fricta

2047 5311 2227 5376 νδείας
2262 5314 2412 5396 αίσθ.
2437 5319 2533 5372 καὶ
2559 5318 2746 5389 ζητεῖν
2774 5327 2986 5396 τροφήν
3003 5329 3064 5380 Ρ.
3130 5328 3174 5361 ⁸⁷
3205 5331 3284 5384 sic
3311 5333 3371 5395 Β,
3393 5333 3640 5404 λεληθοτ.

2049 5382 2108 5474 ’3:
2144 5385 2442 5474 ιῖῗὲξρλὴν
2480 5391 2809 5474 ἐνταιὲθαςεδ
2835 5397 3118 5474 τρνγεῦδες
3150 5400 3506 5474 τρῦτεοιούτου
3545 5423 3642 5474 χυ-

390 5435 496 5498 μοῦ
524 5435 678 5500 οἶμαι
735 5435 914 5501 λέγειν
949 5438 1044 5489 καὶ
1071 5435 1508 5509 παχύτερον.”¹’0
1539 5443 1639 5512 μὲν
1674 5435 1846 5514 χωρέῖ
1885 5435 1973 5499 sv"

387 5499 483 5550 ἀπ’
525 5501 716 5567 αὑτοῦ,
748 5507 842 5556 καὶ
873 5505 1024 5558 κάτω
1057 5506 1145 5559 διὰ
1183 5508 1278 5560 τοῦ
1307 5510 1623 5567 ἁφεδοῶνος
1657 5515 1982 5567 ἐκκρίνεται,

2053 5435 2103 5466 ’κ
2265 5435 2433 5467 εῖν-μιν
2481 5435 2717 5470 ἒνννυνν-
2757 5435 2809 5447 vv
2846 5435 3114 5466 'rvlwvs‘
3161 5435 3246 5452 ιυυ
3276 5435 3506 5456 υυιυυυυυ
3546 5435 3643 5474 λυ-

2057 5468 2103 5537 ις
2137 5453 2386 5520 ἁγγειοις
2426 5475 2520 5511 του
2546 5461 2807 5532 σπληνὸς.
2832 5467 2926 5518 καὶ
2963 5468 3038 5532 ὡς
3069 5469 3216 5540 παχὺ
3252 5472 3643 5544 ἀποπέμπεται

2049 5525 2103 5567 )υ
2138 5526 2454 5567 πεηιττίπτει
2497 5525 2592 5567 ηπυ
2625 5532 2805 5567 ειν-..ωτι
2838 5537 2865 5567 λ
2898 5542 3253 5567 -..ψη-.--ξω
3283 5540 3390 5567 ι....
3427 5544 3525 5567 --ιη
3555 5546 3643 5567 -ιη

389 5525 467 5550 απ
525 5525 716 5568 αυτου,
748 5525 842 5590 και
873 5525 1024 5590 κατω
1057 5525 1278 5586 οια-του
1307 5525 1623 5594 αφεορωνος
1657 5525 1991 5596 εκκροινεται.
2029 5525 2103 5572 Οὐ
2138 5526 2459 5593 περιπίπτει
2497 5525 2592 5583 οὖν
2624 5525 2806 5603 ἑαυτῷ
2837 5537 2866 5587 ὁ
2897 5525 3253 5609 συγγραφεὺς
3279 5525 3393 5596 ἄνω

389 5568 604 5656 σπλῆνα
636 5573 843 5656 dolet-ev
877 5577 1049 5656 είπων
1079 5578 1600 5656 του-μελαγχολικρςδ
1633 5601 1831 5656 χυμου.
1873 5587 2138 5642 Ἐνταῦθα
2161 5593 2216 5645 δὲ
2242 5594 2410 5656 μηδὲν
2441 5593 2582 5652 εἶναι
2613 5601 2820 5656 δογεῖον
2853 5604 3028 5656 λέγων
3049 5610 3146 5656 τῆς
3175 5611 3433 5656 usitatum-
3459 5615 3637 5656 smne,

390 5606 534 5638 νηηιι
548 5606 604 5650 τ’*
636 5606 842 5642 υυχιιυν
877 5606 1049 5627 ςιιιωγ
1079 5606 1172 5628 Ἰιυυ
1204 5606 1600 5649 μιλαγχω,ικον
1633 5606 1831 5653 χυμου.
1889 5606 1985 5639 ιδντ

390 5636 644 5693 Sclrohon
686 5643 738 5694 iu
773 5644 837 5694 P.
910 5644 953 5675 "
992 5650 1257 5714 στοιχεῖον
1286 5647 1347 5702 C.
1425 5653 1470 5683 ⁵⁸
1505 5649 1647 5706 οἶδεν
1681 5655 1852 5727 αὐτὴν
1885 5657 1944 5712 Β.

391 5705 518 5740 ἔλακε
543 5709 584 5740 D
682 5710 727 5740 II
767 5711 862 5740 ..ἓ-η
885 5714 989 5740 ...'.-
1015 5715 1160 5740 ι---..
1193 5711 1230 5740 D
1264 5716 1305 5740 η

2045 5606 2216 5689 auios
2242 5606 2410 5715 μηὶδεν
2441 5606 2582 5652 εἰναι
2613 5606 2820 5672 δοχεῖον
2853 5606 3028 5674 λέγων
3047 5606 3146 5678 τῆς
3171 5606 3436 5698 μελαίνης
3459 5615 3640 5685 χολῆς.

2079 5678 2256 5717 κειται
2338 5705 2352 5718 .
2455 5669 2501 5700 ⁸³
2530 5669 2650 5740 ἣτις
2678 5674 2888 5740 γίνεται
2917 5677 3083 5740 ἡνίκα
3115 5679 3166 5732 δι
3215 5682 3522 5740 ὑπερϐολὴν
3554 5687 3640 5740 ἀν-

682 5677 738 5742 ἥ.
885 5677 1347 5783 γάρυὲιὲἐπιῦνέ.
1426 5677 1470 5683 --
1505 5677 1647 5706 οιοεν
1681 5677 1852 5727 αυτην
1885 5677 1944 5712 υ.
2006 5677 2050 5691 υ·
2079 5677 2256 5717 κειται
2291 5677 2352 5718 ti.
2455 5677 2501 5700 ”
2530 5677 2650 5740 ητις
2678 5677 2888 5740 γίνεται
2917 5677 3083 5746 ἡνίκα
3115 5677 3183 5732 δι’
3215 5677 3522 5756 ὑπερϐολῆν
3554 5677 3645 5740 ἇν-
