4006 6158
520 325 650 382 lilii!

1788 321 2068 410 ttELs'rn
2111 323 2422 386 normam

3585 320 3693 378 ηδε

518 440 743 512 quidam
789 438 1081 510 aeerhique
1134 454 1360 510 sapores
1411 440 1479 495 ab
1518 442 1930 498 excrementitia
1973 459 2082 498 ma-

2196 465 2308 502 οιον
2333 446 2648 501 ἐπέπλασεν
2680 443 2844 512 αὐτὰ,
2874 442 2960 497 ἵνα
3006 439 3274 514 πρόϐολόν
3310 454 3424 491 τινα
3462 436 3602 507 ἔχωσι
3627 440 3698 490 καὶ

516 532 656 588 teria
696 531 980 588 constituti
1022 532 1295 597 feruntur,
1354 539 1547 586 natura
1602 532 1854 604 pinguem
1892 549 2088 604 quam-

511 624 642 680 dam
680 623 1107 695 pituitosamque
1150 626 1434 681 materiam
1469 625 1657 679 molita
1709 635 1823 692 est,
1853 642 1960 698 qua
2006 627 2088 682 eis

514 715 975 772 oblectamentum
991 717 1244 778 obduxit.
1265 717 1654 788 applicuitque,
1681 727 1740 772 ut
1781 718 1886 772 sibi
1913 717 2090 774 obicis-

513 814 570 861 et
614 807 1008 879 propugnaculi
1061 808 1180 864 vice
1223 808 1384 876 foret,
1435 810 1729 880 quominus
1780 811 1896 865 acri
1943 809 2088 865 illius

513 897 728 967 saporis
754 897 987 956 emuxus
1033 913 1253 955 morsus
1306 899 1641 964 iucutiendo,
1692 899 1907 956 dolores
1955 899 2088 969 ipsis

513 1003 581 1045 se
625 988 850 1044 animali
892 990 1059 1046 simul
1099 990 1365 1062 inﬂigant.
1402 990 1591 1047 Simile
1638 991 1913 1062 quoddam
1943 998 1998 1045 et
2029 990 2086 1044 in

511 1088 700 1134 ventre
730 1095 974 1148 cernere,
1009 1089 1070 1135 ut
1108 1097 1281 1150 nuper
1309 1081 1686 1151 exposuimus,
1715 1079 1870 1136 facile
1891 1095 2083 1151 queas,

507 1171 658 1240 quod
719 1171 982 1227 custodia:
1029 1172 1204 1242 gratia
1245 1173 1346 1241 ipsi
1402 1173 1680 1239 ἐπίπλοον,
1749 1187 1814 1228 ac
1857 1171 2082 1242 περιτό-

512 1278 682 1325 ναιον,
700 1261 753 1317 id
770 1271 853 1317 est
875 1271 1178 1329 omentum,
1195 1274 1246 1318 et
1268 1261 1545 1319 rbdomen
1586 1263 1828 1334 undique
1855 1262 2085 1319 obduci-

2201 539 2526 609 ἀπάντημα,
2587 537 2726 606 πρὸς
2777 534 2838 588 τὸ
2871 533 2952 604 μὴ
3014 531 3212 603 ῥαδίως
3257 529 3361 582 ὑπὸ
3399 528 3488 596 τῆς
3528 528 3697 597 διερχο-

2202 631 2372 701 μένης
2419 626 2757 700 δριμύτητος
2815 622 3116 679 δάκνεσθαι
3173 621 3268 675 καὶ
3302 616 3584 679 ὀδυνᾶσθαι,
3629 615 3700 668 καὶ

2195 719 2490 789 συνοδυνᾷν
2519 717 2612 771 τὸν
2665 714 2980 786 ἄνθρωπον.
3018 711 3191 765 Τοῦτο
3216 708 3344 778 γοῦν
3389 707 3476 760 καὶ
3524 705 3721 772 ὲπὶτῆςι

2186 809 2424 881 γαστρὸς
2473 808 2620 874 ἔστιν
2649 807 2796 872 ἰδεῖν,
2838 804 3024 867 καθὼς
3056 801 3230 872 ἔφθην
3269 798 3452 865 εἰπὼν,
3494 797 3568 856 ὅτι
3593 810 3700 846 παν-

2186 899 2414 970 ταχόθεν
2477 897 2788 968 περίκειται
2849 894 2987 964 αὐτῇ
3039 891 3102 944 τὸ
3154 888 3383 943 ἑπιπλον
3444 887 3531 938 καὶ
3580 883 3631 936 τὸ
3663 881 3698 913 ⁸³

2198 987 2543 1059 περιτόναιον
2587 986 2726 1057 πρὸς
2771 982 3046 1054 φυλακήν.
3084 982 3194 1034 Καὶ
3233 980 3393 1034 πάλιν
3420 975 3615 1056 ἔσωθεν,
3655 975 3698 1026 ἰν

2197 1068 2330 1144 ᾧτὰ
2359 1071 2755 1145 περιττώματα
2784 1074 2980 1136 κεῖται,
3010 1069 3332 1138 έπεπλάσθη
3357 1067 3444 1122 καὶ
3474 1063 3610 1134 αὑτὴ,
3628 1063 3700 1115 καὶ

2192 1164 2572 1237 περιεγανώθη
2600 1163 2802 1235 ὁμοίως
2829 1165 2942 1226 τοῖς
2967 1159 3230 1234 ἐντέροις,
3271 1159 3356 1214 διὰ
3395 1158 3486 1228 τὴν
3515 1152 3699 1225 εἰρημέ·

2191 1273 2290 1327 νην
2322 1256 2525 1310 αἰτίαν.
3664 1297 3667 1301 .

511 1366 624 1411 tur.
657 1357 739 1412 Ad
771 1358 908 1423 haec,
967 1369 1022 1414 et
1069 1368 1280 1424 venter,
1344 1374 1374 1413 a
1426 1373 1535 1429 quo
1581 1367 1929 1414 excrementa
2011 1354 2386 1420 continentur,
2454 1349 2688 1405 interius
2722 1347 3037 1418 huiusmodi
3092 1346 3504 1407 oblectamenta,
3537 1350 3686 1409 quae

511 1448 796 1512 intestina,
827 1463 859 1502 a
892 1447 1060 1503 simili
1097 1448 1328 1503 materia
1358 1449 1428 1503 ob
1460 1463 1582 1504 eam
1631 1463 1797 1518 quam
1843 1446 2083 1502 diximus
2155 1458 2378 1500 causam
2455 1440 2640 1498 sentit.
2681 1437 2971 1504 Praeterea,
3021 1438 3336 1494 intestinum
3378 1434 3518 1500 illud,
3554 1431 3598 1485 in
3621 1441 3703 1498 quo

509 1539 916 1595 excrementitia
963 1539 1188 1595 materia
1242 1541 1417 1610 posita
1502 1547 1586 1596 est
1616 1581 1632 1607 ,
1685 1541 1973 1612 obseptum
2067 1538 2398 1595 intrinsecus
2477 1535 2917 1604 obductumque,
2999 1529 3454 1603 quemadmodum
3511 1523 3571 1581 de
3610 1520 3704 1575 .in-

510 1629 728 1686 testinis
775 1631 1034 1696 diximus,
1082 1631 1394 1701 hujusmodi
1445 1631 1776 1702 pinguedine
1817 1633 2081 1690 cernitur.

581 1723 764 1793 Itaque
788 1737 1002 1780 summa
1019 1722 1297 1779 Creatoris
1313 1725 1674 1794 providentia,
1688 1740 1811 1779 cum
1838 1724 2082 1779 animad-

2261 1720 2668 1790 Γινώσκουσαή
2719 1717 3116 1791 δημιουργικὴ,
3175 1714 3376 1786 μᾶλλον
3409 1713 3463 1766 δὲ
3509 1708 3701 1778 κηδεμο-

510 1821 782 1878 verteret,
829 1821 1013 1884 partes
1065 1814 1246 1869 nervis
1294 1815 1525 1877 obsitas,
1558 1831 1627 1870 ex
1657 1815 1868 1871 acerbis
1894 1815 2090 1870 humo-

507 1904 664 1959 ribus
697 1917 984 1960 remorsus
1009 1904 1299 1974 patientes,
1331 1903 1550 1960 dolores
1592 1903 1763 1960 fuisse
1804 1919 2084 1969 sensuras,

509 2010 576 2051 ae
625 1995 827 2051 animal
876 1996 1002 2052 inde
1046 1997 1227 2066 ipsum
1255 1997 1448 2052 iisdem
1477 1998 1759 2053 doloribus
1789 1997 2084 2052 obnoxium

507 2084 779 2152 futurum,
831 2085 940 2143 illis
966 2101 1091 2158 quae
1120 2086 1451 2143 adduximus
1499 2088 1899 2144 oblectamenta
1931 2087 2087 2144 adbi-

507 2179 646 2236 buit.
671 2178 963 2246 Praeterea,
1000 2193 1124 2234 cum
1150 2178 1403 2234 animalis
1436 2193 1622 2234 curam
1663 2173 2086 2249 gereret,'mea-

509 2279 622 2337 tus,
672 2269 740 2326 ad
790 2271 1143 2340 aquaeductus
1175 2267 1610 2330 similitudinem,
1644 2268 1922 2338 impertita
1965 2276 2082 2335 est;

508 2359 714 2430 quibus
760 2358 1012 2430 corporis
1053 2357 1466 2414 excrementitia
1527 2357 1759 2412 materia
1817 2355 2084 2427 fascesque

507 2447 948 2506 exhaurirentur.
971 2447 1054 2502 Ad
1075 2448 1212 2511 haec,
1244 2461 1370 2501 cum
1394 2455 1604 2502 naturae
1620 2445 1728 2516 ipsi
1742 2454 2083 2517 perspectum

509 2539 697 2603 fuerit,
740 2540 1056 2595 alimentum
1129 2553 1239 2610 quo
1289 2525 1546 2605 fruimur,
1609 2547 1666 2593 et
1713 2554 1825 2609 quo
1885 2554 2086 2610 corpus

509 2638 759 2686 nostrum
822 2630 1044 2701 proprio
1097 2645 1162 2685 ac
1209 2629 1468 2700 peculiari
1522 2629 1718 2694 utitur,
1771 2646 2086 2687 excremen-

514 2720 650 2776 titias
703 2720 946 2776 materia:
995 2719 1242 2776 nonnihil
1292 2718 1629 2784 habiturum,
1673 2719 1840 2790 hujus
1888 2720 2084 2788 gratia,

513 2817 726 2867 meatus
778 2810 927 2882 ipsos
971 2811 1160 2866 molita
1193 2819 1309 2877 est;
1354 2808 1814 2880 quemadmodum
1840 2809 2087 2880 plerique

2195 1812 2320 1882 νικὴ
2332 1811 2378 1844 ⁸⁸
2415 1811 2599 1880 φύσις,
2628 1811 2711 1864 ὅτι
2733 1811 2802 1864 τὰ
2824 1808 3070 1880 νευρώδη
3100 1809 3268 1879 μόρια
3299 1804 3402 1859 ὑπὸ
3423 1795 3704 1872 δριμύτητός

2193 1919 2336 1968 τινος
2356 1901 2679 1974 δακνὼμενα
2698 1901 2746 1935 ⁸⁵
2785 1901 3064 1966 ὀδυνᾶται,
3100 1899 3198 1953 καὶ
3273 1893 3524 1963 συνοδυνᾷ
3555 1893 3610 1960 τῇ
3639 1888 3704 1940 αἰς

2195 1998 2407 2069 σθήσει,
2447 1997 2549 2070 τὴν
2569 1997 2870 2068 εἰρημένην
2920 1995 3249 2066 ἐτεχνάσατο
3300 1992 3546 2062 γάνωσιν.
3572 1982 3704 2070 Πάλιν

2191 2087 2249 2141 δὲ
2273 2069 2682 2157 ἐπιμελουμένη
2699 2087 2747 2118 ⁸⁸
2799 2085 2892 2139 τοῦ
2945 2085 3109 2150 ζώου,
3165 2083 3371 2154 πόρους
3402 2069 3703 2150 ὀχετηγοϋςδτ

2193 2177 2593 2243 κατεσκεύασε,
2617 2178 2683 2231 δι’
2717 2170 2794 2232 ὧν
2821 2176 3151 2248 καθαίρεται
3189 2176 3261 2230 τὰ
3319 2167 3593 2243 περιττὰ⁹⁸
3633 2162 3705 2218 καὶ

2189 2267 2440 2339 τρυγώδη
2469 2267 2566 2322 τοῦ
2591 2267 2848 2338 σώματος
2869 2284 2885 2300 ’
2911 2267 3100 2337 ἐπειδὴ
3129 2266 3238 2336 γὰρ
3262 2263 3405 2320 οἶδεν
3442 2262 3566 2330 ὁτιή
3596 2257 3705 2324 λαμ·

2190 2359 2463 2431 σανομένη
2485 2357 2685 2430 τροφὴ,
2713 2359 2762 2411 εἰ
2797 2358 2894 2412 καὶ
2945 2361 3100 2413 πᾶσα
3128 2357 3207 2428 τῷ
3251 2354 3501 2428 ἡμετέρῳ
3536 2349 3705 2417 σώματι

2187 2450 2363 2503 οἰκεία
2378 2449 2550 2516 ἐστὶν,
2569 2448 2709 2502 ἀλλά
2722 2465 2779 2502 τι
2792 2449 2887 2502 καὶ
2907 2465 2972 2500 πε
2983 2464 3146 2518 ριττω
3153 2463 3262 2518 ματ
3271 2447 3385 2501 ικὸν
3410 2443 3532 2513 ἔχει,
3554 2437 3704 2491 τούτου

2187 2540 2347 2612 Χάριν
2361 2539 2896 2612 τούτουςζὲπενοήθη.
2917 2538 3187 2609 Καθάπερ
3200 2540 3301 2592 καὶ
3320 2539 3368 2591 οἱ
3383 2532 3571 2589 πόλεών
3581 2542 3705 2581 τινων

2189 2629 2610 2700 ἐπιμελούμενοι
2629 2631 2698 2696 ⁸⁸,
2729 2630 2952 2700 ὀχετοὺς
2978 2631 3074 2684 καὶ
3108 2629 3374 2702 ἀμάῥρας
3410 2625 3502 2681 καὶ
3532 2621 3705 2694 ῥύακας

2190 2724 2731 2794 παρασκευάζουσιν,
2751 2724 2830 2786 εἰς
2858 2722 3051 2792 λίμνας
3073 2723 3144 2784 ⁹⁰,
3171 2723 3211 2794 ἢ
3238 2721 3509 2782 θαλάσσας
3527 2714 3587 2768 τὰ
3611 2724 3705 2764 συν·

2190 2811 2434 2882 αγόμενα
2463 2813 2770 2882 πέμποντες
2789 2814 2834 2846 “
2877 2812 3196 2883 περιττάθι.

509 2913 694 2974 agunt,
740 2903 941 2975 quibus
970 2903 1313 2974 publicorum
1337 2903 1581 2958 locorum
1606 2903 1660 2956 in
1699 2902 1926 2958 urbibus
1955 2917 2086 2958 cura
2156 2903 2440 2960 incumbit.
2470 2902 2535 2958 Hi
2566 2919 2803 2975 namque
2839 2909 2987 2960 rivos
3021 2905 3372 2977 cloacasque,
3428 2900 3490 2958 ad
3517 2888 3706 2952 Ευνῖθίί²

507 2999 648 3062 loca,
678 2999 765 3056 vel
784 2999 1102 3069 stagna,vel
1129 2999 1197 3054 ad
1232 2999 1456 3069 pelagus
1524 2998 1731 3056 directa
1787 3007 2134 3065 construunt,
2172 3001 2372 3072 quibus
2423 3009 2637 3071 putrem
2693 3014 2760 3056 ac
2819 3012 3216 3070 supervacuam
3308 3010 3428 3068 quae
3477 2992 3706 3047 contracta

508 3093 674 3147 fuerit
705 3091 986 3145 materiam
1011 3099 1360 3160 perpurgent.

577 3182 648 3237 At
686 3197 813 3237 cum
842 3181 1038 3249 triplex
1065 3181 1375 3248 concoctio,
1396 3181 1450 3236 in
1483 3189 1670 3237 ventre
1697 3181 1968 3248 videlicet,
1993 3181 2079 3252 je-

2250 3179 2432 3251 Τριῶν
2461 3179 2520 3234 δὲ
2543 3180 2717 3236 ούσῶν
2761 3180 3000 3251 πέψεων,
3045 3181 3146 3252 τῆς
3195 3181 3255 3234 ὲν
3315 3176 3528 3249 γαστρὶ,
3563 3171 3646 3240 τῆς
3663 3168 3707 3219 ἒν

507 3273 698 3330 cinore
745 3285 821 3328 ac
866 3271 1091 3341 reliquis
1137 3271 1309 3326 totius
1368 3271 1616 3342 corporis
1668 3271 1916 3342 partibus
1964 3272 2080 3340 ﬂat,

506 3365 738 3421 totidem
783 3363 913 3418 item
947 3371 1421 3418 excrementorum
1457 3376 1656 3432 genera
1693 3361 1954 3418 constitui
1985 3377 2082 3418 ne-

507 3455 804 3512 cessarium
853 3452 1086 3510 exstitit.
1129 3451 1197 3507 Et
1235 3454 1424 3523 primae
1459 3453 1677 3524 quidem
1709 3453 2082 3510 concoctionis

504 3554 937 3613 excrementum,
991 3545 1120 3602 sicci
1173 3544 1456 3610 alimenti,
1498 3545 1642 3616 quod
1690 3557 1892 3601 stercus
1936 3562 2082 3601 nun-

507 3645 761 3709 eupatur,
796 3645 900 3704 est,
937 3635 1083 3707 quod
1141 3649 1240 3707 per
1303 3635 1561 3692 intestina
1624 3635 1784 3707 106
1839 3651 1963 3706 qua:
2011 3636 2080 3692 ad

507 3729 757 3798 podicem
810 3727 1020 3783 ducunt
1061 3726 1395 3782 excernitur.
1434 3726 1675 3782 Alterius
1714 3741 1845 3782 vero
1886 3740 2083 3783 conco-

508 3819 710 3875 ctionis
734 3825 1144 3873 excrementum
1175 3817 1464 3873 humidum
1494 3817 1750 3882 habetur,
1784 3818 1890 3874 hoc
1931 3817 2084 3873 enim

507 3908 730 3964 renibus
755 3922 819 3962 ac
842 3907 1087 3977 partibus
1104 3922 1227 3978 quas
1247 3907 1523 3978 mingendi
1549 3905 1726 3962 oﬂicio
1755 3905 2079 3973 inserviunt,

503 4007 884 4070 perpurgatur,
914 3996 1060 4066 quod
1104 3997 1324 4067 quidem
1353 3998 1564 4051 urinam
1603 3996 1922 4067 appellares.
1946 3993 2083 4051 Ter-

505 4091 594 4146 tia:
643 4103 774 4144 vero
814 4088 1185 4145 concoctionis
1244 4099 1601 4159 purgamenta
1639 4088 1807 4144 totius
1832 4089 2080 4158 corporis

503 4179 725 4236 sudores
758 4188 910 4244 sunt,
945 4182 1042 4250 qui
1073 4181 1128 4234 in
1151 4180 1316 4236 certis
1369 4179 1642 4236 meatibus
1698 4179 1766 4234 ad
1805 4179 2080 4234 exteriora

501 4279 808 4343 penetrant.
849 4271 978 4328 Haec
1003 4272 1222 4343 quidem
1265 4271 1370 4326 hac
1404 4270 1473 4326 de
1489 4285 1657 4327 causa
1678 4284 1710 4324 a
1737 4276 1934 4325 natura
1963 4271 2081 4341 ipsa

500 4365 796 4420 constituta
819 4377 942 4419 esse
993 4361 1344 4418 manifestum
1397 4361 1648 4428 habetur,
1695 4377 1769 4418 ne
1785 4361 1991 4419 scilicet
2022 4363 2077 4418 in

500 4456 778 4512 intestinis
806 4469 1017 4511 moram
1054 4453 1266 4524 agendo
1333 4453 1393 4507 in
1475 4453 1826 4525 putredinem
1896 4464 2078 4510 verte-

2181 3271 2371 3342 ἥπατι,
2411 3272 2633 3342 καὶτῆς
2655 3273 2718 3325 ἐν
2763 3273 2929 3326 παντὶ
2969 3271 3208 3342 σώματι,
3261 3270 3484 3344 τριττὸν
3527 3261 3704 3327 ἀνάγκη

2183 3361 2373 3415 καὶτὸ
2429 3363 2587 3431 γένος
2618 3358 2758 3418 εἶναι
2805 3363 2921 3417 τῶν
2963 3365 3428 3436 περιττωμάτων.
3485 3354 3708 3414 Καλεῖται

2181 3451 2313 3521 γοῦν
2341 3453 2403 3507 τὸ
2434 3455 2535 3525 μὲν
2566 3452 2784 3525 πρῶτον
2813 3453 3141 3525 περίττωμα
3168 3453 3276 3524 τῆς
3304 3448 3529 3524 τροφῆς,
3570 3438 3708 3506 στῆθ’

2173 3543 2291 3614 ρδν
2313 3562 2326 3574 '
2357 3546 2451 3600 καὶ
2477 3544 2626 3599 ἔστιν
2671 3545 2877 3617 κόπρος
2905 3561 2920 3577 ⁸
2952 3545 3354 3616 ἐκκαθαίρεται
3390 3543 3446 3596 δὲ
3476 3537 3620 3593 τοῦτο
3642 3527 3710 3584 διὰ

2179 3634 2289 3690 τῶν
2307 3634 2567 3705 ἐντέρων,
2609 3635 2760 3705 παρὰ
2799 3632 2898 3689 τὸν
2925 3633 3195 3705 ὀχετηγδν
3223 3637 3328 3707 τῆς
3364 3633 3536 3704 ἕδρας.
3565 3625 3627 3678 Τὸ
3666 3618 3708 3672 δὲ

2177 3730 2278 3800 τῆς
2298 3728 2559 3800 δευτέρας
2581 3726 2798 3798 πέψεως
2826 3726 3181 3799 περίττωμα,
3211 3727 3382 3800 ὑγρόν
3401 3727 3534 3787 ἐστι,
3550 3714 3709 3774 καθαι-

2183 3819 2410 3890 ρόμενον
2429 3818 2517 3872 διὰ
2545 3817 2760 3889 νεφρῶν
2779 3819 2826 3851 ⁹⁸
2865 3819 2960 3872 καὶ
3006 3817 3337 3891 οὐρητήρων
3357 3835 3370 3849 ·
3425 3810 3708 3884 ὀνομάζεται

2179 3908 2238 3962 δὲ
2269 3903 2479 3977 οὖρον.
2540 3907 2616 3960 Τδ
2641 3907 2698 3960 δὲ
2752 3906 2856 3977 τῆς
2901 3907 3096 3980 τρίτης
3141 3909 3367 3979 πέψεως
3407 3905 3707 3975 περίττωμα,

2180 3999 2298 4054 ἐστι
2347 3999 2444 4054 τοῦ
2516 4000 2720 4064 παντὸς
2764 4000 3045 4072 σώματος,
3094 4001 3191 4055 καὶ
3227 4001 3481 4057 καλεῖται
3542 3989 3706 4061 ἱδρώς’

2181 4089 2504 4162 καθαίρεται
2541 4091 2601 4145 δὲ
2632 4090 2723 4145 διὰ
2770 4091 2881 4145 τῶν
2936 4091 3152 4162 ἀδήλων
3201 4093 3413 4164 πόρων.
3452 4086 3623 4143 Ταῦτα
3662 4077 3706 4131 δὲ

2182 4183 2360 4237 πάντα
2385 4183 2630 4252 γέγονεν,
2661 4183 2748 4238 ἵνα
2781 4183 2858 4255 μὴ
2893 4182 3220 4254 χρονίζοντα
3261 4185 3504 4254 σὴπηται
3534 4180 3585 4230 ἐν
3622 4171 3710 4226 τοῖς

2180 4271 2419 4343 ἐντέροις
2435 4272 2483 4304 ⁸⁸
2507 4273 2602 4326 καὶ
2649 4272 2854 4342 βλάὸην
2883 4273 2946 4325 ού
2972 4272 3074 4343 τὴν
3119 4273 3395 4343 τυχοῦσαν
3437 4265 3662 4336 ἐπιφέρει
3675 4256 3710 4290 ’⁵

2178 4359 2258 4431 τῷ
2283 4359 2432 4431 ζὼῳ·
2463 4363 2598 4416 πᾶσι
2627 4361 2687 4414 δὲ
2715 4362 2828 4425 τοῖς
2859 4361 3273 4434 έκκρινομένοις
3304 4363 3417 4416 ἀπὸ
3444 4359 3535 4414 τοῦ
3561 4354 3713 4422 σώμα-

2181 4468 2273 4516 τος
2301 4455 2577 4523 περιττοῖς
2606 4452 3026 4524 συνεκκρίνεται
3073 4454 3172 4508 καὶ
3217 4453 3456 4518 ζωτικὸν
3508 4446 3708 4515 πνεῦμα.

501 4553 710 4608 rentur,
750 4543 895 4597 unde
916 4541 1138 4596 animali
1161 4541 1447 4595 innumera
1474 4541 1674 4596 damna
1708 4541 2070 4611 ingruerent;

2184 4545 2238 4596 ὲν
2259 4544 2468 4614 κόπρῳ,
2500 4545 2558 4597 ὲν
2588 4542 2755 4615 οΰρῳ,
2802 4545 2862 4597 ἐν
2907 4544 3264 4615 πτύσμασι⁹⁶
3308 4545 3406 4598 καὶ
3451 4544 3508 4596 έν
3537 4536 3711 4608 ἱδρῶτι-

500 4650 626 4690 nam
677 4634 791 4692 sive
817 4633 1023 4690 siccum
1059 4647 1092 4687 e
1137 4645 1387 4702 corpore,
1419 4631 1536 4688 sive
1559 4632 1844 4688 humidum
1884 4649 2074 4689 excrea

499 4733 741 4782 mentum
779 4723 1097 4789 sudoresve,
1136 4728 1230 4776 aut
1260 4729 1420 4790 sputa
1463 4721 1684 4777 cxcerni
1737 4721 2068 4792 contigerit,

498 4831 623 4872 cum
652 4815 802 4870 vitali
827 4814 1023 4884 spiritu
1056 4821 1208 4868 extra
1243 4811 1512 4867 feruntur.
1553 4811 1816 4867 Intestina
1837 4827 2072 4883 namque

498 4906 711 4978 ἔντερα,
736 4900 848 4959 οἷον
891 4903 1078 4958 έντελα
1109 4902 1217 4957 ἀπὸ
1246 4902 1342 4956 τοῦ
1395 4901 1652 4957 εἰλείσθαι
1704 4903 1848 4959 dicta
1917 4913 2067 4968 sunt,

2186 4634 2434 4701 Ἕντερα
2487 4633 2544 4688 δὲ
2595 4633 2814 4701 λέγεται
2853 4634 2961 4688 ἀπὸ
2992 4635 3039 4667 ³⁷
3096 4634 3192 4688 τοῦ
3241 4635 3398 4699 ἐντὸς
3450 4627 3710 4686 εἰλεῖσθαι·

2176 4718 2290 4777 οἷον
2315 4723 2525 4790 ἕντελα,
2549 4725 2618 4779 τὰ
2641 4726 2793 4791 ὲντὸς
2819 4725 3109 4798 εἱλούμενα
3127 4744 3142 4759 ο
3164 4727 3197 4799 ἢ
3218 4727 3328 4781 ἀπὸ
3356 4726 3453 4780 τοῦ
3479 4725 3545 4779 δι’
3569 4716 3714 4776 αὐτῶν

2177 4816 2292 4886 ῥεῖν
2314 4816 2362 4848 ’⁸
2392 4817 2488 4885 τὴν
2518 4816 2629 4870 ἀπὸ
2667 4815 2771 4886 τῆς
2803 4816 3015 4888 τροφῆς
3065 4818 3355 4888 περίσειαν
3382 4832 3398 4847 ·
3438 4816 3664 4883 λέγονται
3677 4800 3711 4834 ’⁸

2175 4906 2232 4959 δὲ
2291 4905 2557 4972 ἕνδιναί,
2591 4907 2667 4971 ὡς
2715 4909 3035 4978 Ὅμηρος¹⁶
3086 4909 3324 4977 ψαῦσαι
3379 4906 3622 4961 ἐνδίνων
3639 4893 3713 4965 (ά).

497 4999 642 5068 quod
659 4997 907 5054 videlicet
942 4999 1088 5051 intus
1137 4994 1379 5050 involuta
1436 4995 1762 5050 consistant.
1821 4995 1918 5051 Vel
1961 4996 2071 5050 ἀπὸ

2184 4995 2360 5049 ἑνδινά
2392 5014 2512 5051 τινα
2534 4997 2686 5066 ὄντα,
2719 4998 2789 5051 τὰ
2815 4997 2968 5061 ἐντὸς
3001 4998 3112 5052 τῶν
3155 5000 3279 5053 ἰνῶν
3310 4999 3345 5070 ἢ
3364 5000 3385 5031 ³
3411 4998 3515 5051 τῶν
3549 4987 3711 5065 μελῶν.

495 5090 590 5145 τοῦ
615 5092 747 5161 ῥεῖν,
776 5089 921 5161 quod
945 5104 1041 5160 per
1066 5088 1183 5159 ipsa
1235 5087 1481 5142 alimenti
1503 5087 1808 5143 exuberans
1841 5087 2067 5143 materia

2184 5088 2291 5143 Kal
2329 5088 2436 5159 μὴν
2466 5090 2560 5142 καὶ
2582 5088 2844 5158 χολάδες
2871 5091 3120 5160 λέγονται
3137 5093 3158 5124 ’⁸
3177 5109 3191 5124 ·
3211 5093 3285 5154 ὡς
3316 5091 3403 5158 τὸ,
3430 5088 3613 5144 Χῦντο
3633 5092 3714 5151 16'

566 5248 615 5328 ξδ
643 5247 704 5328 τὸ
736 5263 847 5328 om:
884 5245 1036 5328 Bg".
1060 5262 1293 5328 vivemus:
1316 5243 1438 5328 χὰρ
1476 5245 1510 5315 ἡ
1559 5243 1822 5328 δημ.ηκαξ
1854 5243 1988 5328 κηδἒ
2033 5244 2088 5328 ’Β
2121 5246 2166 5278 ⁸⁸
2203 5247 2511 5328 δακνόμενα
2558 5246 2711 5328 ΙξΔΡη
2800 5250 2847 5328 εξ
2896 5250 3267 5328 ὲτὲμελομένη
3331 5251 3412 5328 Α..
3470 5247 3515 5280 ⁸⁷
3552 5245 3713 5328 ὀγετξις

566 5261 615 5281 ’³
643 5261 704 5301 το
736 5263 847 5304 om.
885 5261 945 5301 ts.
978 5261 1025 5278 "
1060 5262 1293 5313 γινωσκ.
1328 5261 1438 5368 γαρ
1476 5261 1510 5315 η
1559 5261 1690 5314 οημ.
1727 5263 1822 5298 και
1854 5261 1980 5317 κηο.
2046 5261 2088 5298 υ
2121 5261 2166 5278 θ’
2203 5261 2511 5317 οακνομενα
2558 5261 2596 5299 ϋ
2634 5261 2697 5302 ι’.
2800 5261 2847 5281 θ’
2896 5261 3267 5321 επιμελομενη
3331 5261 3398 5301 A.
3470 5261 3511 5280 °'
3552 5261 3712 5311 ογετη·

495 5320 626 5385 γοὺς
651 5319 717 5372 Α.
780 5317 839 5388 ,⁸⁸
869 5315 1234 5388 καθαίρεσθαι
1257 5315 1394 5388 δεῖ-τ
1469 5331 1596 5388 περ.
1629 5313 1741 5388 _BC
1774 5316 1852 5388 P._
1942 5315 2509 5388 °°_é1rtpskditsv0tA.
2577 5318 2624 5349 ⁹⁹
2695 5321 2761 5372 ὲκ
2824 5319 2874 5374 λ.
2944 5319 3004 5374 Β.
3096 5324 3141 5354 9⁸
3185 5319 3642 5388 παραπέμποντες
3667 5307 3712 5359 Β·

495 5384 1004 5462 ιίξχιιςεργ.ττὸι.οῖ›τιε)
1043 5384 1162 5462 καὶ
1213 5384 1778 5462 ή-φύσιςλὲποίησεν
1833 5385 1894 5462 ἐν
1952 5384 2371 5462 ἰειξόςίλμεςκτέρῳ⁵
2398 5386 2613 5462 σςῴμσίιίι
2668 5389 2735 5462 ΡἸ
2812 5391 2858 5423 οε
2908 5389 3118 5462 νερρων
3161 5391 3206 5443 Α
3366 5384 3434 5462 (ἒξ
3480 5457 3492 5462 _
3541 5386 3584 5462 ξι
3609 5394 3711 5462 190l-

496 5442 710 5527 νίζητὶιι
772 5455 844 5528 τᾲ
875 5454 1027 5528 ,σιτία
1067 5442 1504 5528 ἔντε’έντριαὶ
1535 5442 1772 5528 σήπεται
1833 5452 1896 5506 Β.
1971 5442 2016 5487 ’ί
2043 5442 2375 5528 ὲτὲἰφέρηᾝ
2408 5442 2494 5509 (Σ.’
2548 5457 2594 5488 ⁸⁸
2632 5457 2914 5528 πτύσματι
2966 5442 3186 5526 8:15.»;
3247 5458 3288 5513 C
3365 5459 3412 5492 "

497 5521 616 5596 9m;
643 5529 713 5596 Ρ,
785 5527 831 5558 ³⁸
861 5525 971 5596 ἀπὸ
999 5524 1093 5596 τού
1117 5523 1455 5596 διαρρεῖν
1516 5521 1874 5596 ,ν”λέγονταιτ
1895 5555 1963 5566 -—
1997 5541 2077 5594 χω

2212 5521 2441 5596 ’χολάδες
2471 5543 2580 5583 om.
2607 5528 2670 5581 P.
2774 5521 2794 5561 ί
2827 5530 2882 5582 δὲ
2916 5521 3140 5586 καῖ’ἔνδ.
3183 5529 3240 5582 Β.
3318 5532 3340 5562 ⁸
3370 5530 3448 5592 ὠς
3482 5525 3572 5581 καὶ
3606 5521 3709 5584 ὀμ·

500 5593 560 5647 Β.
638 5595 657 5626 ³
691 5595 859 5662 ἠγουν
891 5593 954 5648 Β.
1028 5595 1051 5625 ⁸
1081 5592 1327 5662 λέγονται
1359 5595 1536 5648 δὲκαὶ
1564 5593 1678 5663 χολ.
1705 5592 1768 5648 Β.

572 5720 649 5784 (Δ)
680 5719 741 5770 ll.
773 5723 846 5784 Ψ,
883 5723 1003 5774 806.
