4006 6158
384 334 406 387 1
419 333 524 388 ὶδό

1618 326 1717 382 DE’
1739 326 2032 384 NATURA
2071 321 2380 381 HOMINIS.

3475 364 3480 369 .
3504 323 3642 380 1254

375 449 480 517 μαι
509 443 767 517 χολάδες
784 443 876 515 (ε).
900 435 1138 503 Χολὰδες
1177 439 1303 509 δὲ’,
1360 443 1452 496 διὰ,
1501 443 1562 496 τὸ
1615 446 1758 496 κατὰ
1792 441 1946 510 φύσιν

2059 449 2211 494 extra
2253 438 2400 492 ﬂuat.
2453 435 2576 492 Ilaec
2649 435 2776 490 item
2827 435 3104 503 intestina,
3147 446 3201 492 et
3250 435 3458 502 ἔνδινα,
3491 437 3639 507 quod

376 536 631 609 δέχεσθαι
649 535 712 588 τδ
747 535 982 606 χολῶδες
1010 531 1362 604 περίττωμασ
1400 535 1540 604 μετὰ
1564 534 1706 587 δὲτὰ
1739 533 1952 600 σπλάγ-

378 646 504 698 χνα,
527 628 626 682 καὶ
648 625 919 698 γαστέρα,
951 626 1048 679 καὶ
1076 623 1297 695 ἔντερα,
1327 626 1356 678 ό
1403 625 1590 689 τόπος,
1643 625 1703 676 ἐν
1738 617 1786 692 ᾧ
1813 625 1951 675 ἀπο-

377 719 704 774 τελευτῶσιν
733 719 792 770 αἱ
845 716 992 770 νόθοι
1027 715 1280 787 πλευραὶ,
1307 715 1515 785 λαγὼν
1564 715 1805 783 λέγεται,
1859 713 1953 767 καὶ

377 809 621 874 κενεὼν,
678 810 777 862 καὶ
824 806 1088 876 λαπάρα.
1141 806 1224 860 Τὰ
1287 807 1385 876 μὲν
1424 805 1534 875 γὰρ
1582 802 1814 876 πλησίον
1842 802 1954 856 τῶν

378 899 634 972 πλευρῶν
687 900 872 963 ὀστέα,
915 899 1160 968 λαγόνων
1207 898 1345 952 ὀστᾶ
1396 896 1677 965 λέγονταιο
1739 894 1849 948 εἰσὶ
1893 893 1953 947 δὲ

379 989 612 1044 πλατέα.
651 988 732 1042 Τὰ
770 989 830 1043 δὲ
885 989 978 1043 ἐπὶ
1024 989 1124 1058 τὴν
1179 987 1457 1052 ἐπίϐασιν,
1507 986 1731 1040 ὄπισθέν
1763 1002 1824 1038 τε
1858 982 1954 1037 καὶ

378 1081 642 1146 κάτωθεν,
671 1083 806 1134 sua
831 1081 1046 1150 ίσχίωψ
1079 1080 1148 1134 τὰ
1165 1079 1225 1132 δέ
1251 1081 1331 1143 είς
1359 1078 1424 1131 τὸ
1449 1078 1639 1148 πρόσω
1675 1076 1842 1147 μέρος
1869 1077 1956 1129 ἐν·

376 1172 568 1227 τεῦθεν
606 1175 1022 1243 ἀνατεινόμενα,
1048 1171 1224 1225 λεπτὰ
1247 1171 1380 1225 ὄντα
1405 1173 1502 1224 καὶ
1522 1167 1952 1240 διατετρημένα,

377 1264 471 1318 καὶ
519 1263 891 1334 συμφυόμενα
928 1265 1073 1318 κατὰ
1121 1263 1184 1317 τὸ
1248 1262 1427 1334 πέρας
1475 1261 1754 1333 ἀλλήλοις,
1808 1259 1952 1330 ἥϐης

375 1357 666 1412 καλέουσιν
695 1357 853 1411 ὀστᾶ.

2059 527 2202 597 apud
2233 526 2524 581 Homerum
2551 533 2654 592 est,
2701 525 3075 595 appellantur,
3137 526 3231 596 qui
3290 527 3385 593 ait,
3431 525 3642 596 ψαῦσαι

2061 619 2296 684 ἐνδίνων,
2329 618 2472 688 quod
2521 628 2623 680 est,
2681 617 2931 670 intestina
2992 625 3224 688 tangere.
3263 617 3346 673 Ab
3395 619 3540 682 aliis,
3589 627 3644 673 et

2061 711 2282 781 χολάδες
2305 709 2560 765 intestina
2590 709 2870 774 dicuntur,
2909 709 3016 762 ἀπὸ
3055 709 3175 779 τῆς.
3203 709 3388 780 χολῆς,
3422 711 3490 765 ab
3522 711 3640 778 ipsa

2060 801 2309 856 videlicet
2360 801 2487 864 bile,
2542 800 2686 870 quod
2746 807 2954 855 naturae
2993 801 3254 856 instinctu
3277 787 3450 857 bilosa
3482 802 3536 855 in
3580 817 3640 857 se

2060 902 2405 949 excrementa
2439 892 2724 962 recipiant.
2754 891 2888 947 Post
2939 892 3208 948 visrerum
3241 893 3483 963 quidem,
3510 908 3640 946 ven-

2065 983 2274 1054 trisque
2299 998 2364 1038 ac
2385 981 2772 1038 intestinorum
2818 983 3006 1046 situm,
3039 983 3093 1037 in
3125 999 3234 1054 quo
3288 983 3409 1038 loco
3462 983 3640 1036 notha:

2065 1074 2544 1144 desinuntcostaa,
2573 1073 2802 1127 iliornm
2821 1087 2886 1128 ac
2914 1073 3143 1128 laterum
3179 1075 3329 1129 locus
3357 1086 3642 1140 nuncupa-

2065 1175 2172 1222 tur.
2198 1165 2337 1223 Ossa
2360 1182 2486 1221 vero
2509 1181 2632 1236 quae
2653 1166 2818 1221 costis
2847 1165 3106 1236 proxima'
3122 1166 3393 1230 locantur,
3419 1164 3638 1218 ilio'rum

2062 1275 2208 1323 ossa.
2230 1268 2426 1329 quaeet
2449 1259 2556 1313 lata
2581 1269 2711 1313 sunt
2744 1258 3108 1328 appellantur.
3143 1257 3212 1313 At
3249 1272 3373 1312 ossa
3403 1271 3524 1326 quae
3552 1269 3640 1308 re-

2061 1357 2148 1403 tro
2171 1365 2237 1405 ac
2265 1348 2407 1404 infra
2444 1349 2510 1404 ad
2539 1349 2714 1404 basim
2745 1355 2998 1418 vergunt,
3062 1349 3420 1404 coxendicum
3485 1352 3632 1399 sunt.

375 1446 508 1514 Quae
531 1464 660 1504 vero
693 1446 821 1504 inde
873 1447 942 1501 ad
981 1447 1311 1503 anteriorem
1365 1455 1576 1517 partem
1622 1443 1951 1513 diriguntur,
1986 1456 2109 1511 quae
2135 1441 2300 1497 exilia
2355 1457 2420 1496 ac
2449 1441 2717 1496 terebrata
2777 1449 2927 1506 sunt,
2981 1457 3170 1511 quaeve
3218 1443 3475 1497 extremis
3510 1453 3638 1509 pae-

374 1543 521 1599 tibus
546 1541 778 1597 invicem
826 1542 1125 1607 cohaerent,
1162 1539 1324 1610 pubis
1346 1553 1472 1594 ossa
1502 1538 1864 1608 appellantur.

376 1652 518 1721 Κεφ.
551 1650 680 1706 KI".
709 1650 946 1720 -Περι
979 1649 1096 1787 τοᾷ⁵
1130 1649 1320 1703 τόπου
1351 1646 1464 1716 τῆς
1506 1647 1662 1716 ἥϐης
1703 1645 1804 1701 καὶ
1840 1643 1949 1700 τοῦ

1103 1734 1263 1787 τρου.

1103 1734 1263 1787 τρου.

2405 1638 2540 1709 Cap.
2576 1636 2770 1693 XXIII.
2809 1668 2880 1678 —
2904 1637 2982 1693 De
3032 1638 3283 1708 impubio.

443 1832 605 1888 Κατὰ
641 1832 755 1905 γὰρ
782 1832 889 1886 ’τὸν
929 1831 1033 1902 τῆς
1074 1831 1217 1902 ήόης
1251 1831 1445 1901 χρόνον
1500 1830 1682 1884 ἐκεῖσε
1717 1829 1946 1901 φύονται

2127 1815 2207 1872 0b
2262 1815 2315 1871 id
2363 1814 2507 1870 dicta
2543 1812 2756 1886 [sunt],
2787 1815 2932 1885 quod
2989 1813 3106 1869 loca
3163 1814 3253 1868 illa
3293 1831 3416 1870 cum
3471 1816 3635 1873 homo

375 1928 432 1981 αἱ
460 1927 648 1997 τρίχες
667 1925 708 1956 ⁸ο
727 1926 912 1978 ὅντινα
939 1923 1106 1977 τόπον
1129 1921 1422 1992 ἐφήσαιον
1451 1922 1547 1976 καὶ
1571 1921 1756 1991 ἦτρον
1772 1924 1791 1953 ⁷
1815 1921 1946 1976 ἐκά-

375 2015 570 2068 λεσανο
623 2009 812 2084 ἦτρον
841 2011 941 2082 μὲν
988 2011 1078 2064 διὰ
1115 2009 1177 2062 τὸ
1207 2009 1446 2080 ἔντερον,
1495 2010 1560 2062 ἐκ
1611 2008 1705 2062 τοῦ
1739 2009 1863 2079 ἴημι
1890 2007 1950 2060 τὸ

378 2106 606 2174 πέμπω,
638 2102 846 2173 ἴητρον,
875 2101 974 2155 καὶ
1018 2103 1078 2153 ἐν
1112 2101 1361 2169 συγκοπῇ
1386 2094 1591 2170 ἦτρον⁸
1623 2099 1684 2152 τὸ
1733 2099 1950 2166 πέμπον

378 2196 440 2249 τὺ
467 2194 792 2266 περίττωμα
839 2193 1018 2247 κάτωο
1050 2190 1342 2261 ἐφήϐαιον
1365 2192 1444 2256 δέ,
1487 2189 1578 2244 διὰ
1626 2190 1690 2243 τὸ
1744 2189 1950 2260 βαίνειν

377 2289 476 2351 τὰς
503 2287 697 2358 τρίχας
728 2287 863 2350 ἐκεῖ,
895 2284 1086 2354 ὀλίγας
1110 2301 1171 2336 τε
1199 2284 1293 2338 καὶ
1320 2284 1525 2354 μικράς
1551 2299 1564 2313 ·
1614 2282 1754 2336 ὥστε
1787 2282 1950 2354 μόνον

379 2375 574 2448 ϐῆναι⁹
609 2376 761 2448 βαιὸς
789 2375 900 2448 γὰρ
935 2377 964 2429 ὁ
990 2375 1222 2446 μικρός
1257 2377 1287 2428 ό
1331 2375 1390 2427 δέ
1427 2375 1528 2444 τῆς
1573 2374 1715 2444 ἥϐης
1757 2373 1950 2444 χρόνος

341 2475 344 2478 ’
379 2467 630 2538 ἀόριστος
645 2468 690 2532 ⁸,
719 2465 809 2519 διὰ
836 2466 936 2535 τὴν
959 2464 1256 2534 ἀνισότητα
1277 2464 1376 2517 τοῦ
1418 2465 1476 2516 ἐν
1514 2465 1626 2529 τοῖς
1671 2463 1950 2535 ήδάσκου-

379 2574 466 2612 σιν
495 2556 741 2628 ἐμφύτου
771 2555 979 2628 θερμοῦ
999 2571 1013 2586 ο
1045 2556 1139 2609 καὶ
1180 2554 1424 2620 Ἡσίοδος
1445 2555 1488 2587 ⁸⁸
1511 2569 1525 2583 ·

394 2831 560 2886 Ἀλλ’
573 2832 720 2887 ὅταν
730 2831 1040 2902 ήδήσειεν,
1058 2832 1158 2886 καί
1173 2833 1327 2902 ἥϐης
1338 2832 1563 2904 μέτρον
1580 2833 1768 2888 ἵκοιτο
1796 2834 1812 2866 ¹
1824 2833 1840 2864 ί
1860 2832 1950 2904 (Ι).

382 2943 615 2999 Κενεὼν
632 2944 690 2999 δέ
718 2946 812 2999 καὶ
837 2944 1083 3014 λαπάρα
1101 2943 1163 2998 τὸ
1186 2946 1320 2999 αὐτό
1338 2960 1352 2975 '
1375 2945 1452 3012 ὡς
1475 2947 1558 3012 τὸ,
1581 2946 1741 3001 Μίαν
1770 2945 1953 2999 πόλιν

377 3033 777 3102 ἐξαλαπάξαι,
811 3035 1079 3099 τουτέστι,
1126 3035 1237 3090 τῶν
1285 3035 1643 3107 ὑπαρχόντων
1682 3036 1822 3108 αὐτῇ
1857 3052 1954 3089 κε-

2057 1905 2124 1960 ad
2195 1905 2455 1976 puberem
2515 1915 2730 1961 aetatem
2805 1907 3138 1972 accesserit,
3181 1905 3274 1976 pili
3344 1918 3630 1977 occupant.

2056 1992 2215 2049 Hunc
2273 2001 2456 2050 autem
2521 1995 2702 2051 locum
2752 1993 2926 2050 (Ξτωοὶ
2980 1995 3229 2067 ἐφήὸας,
3288 1996 3638 2066 impubium,

2055 2091 2112 2139 et
2151 2084 2536 2149 ventriculum,
2578 2084 2676 2138 καὶ
2710 2079 2877 2156 ἦτρον
2907 2085 3198 2153 dixerunt;
3235 2097 3289 2142 et
3313 2082 3480 2158 ἦτρον
3506 2091 3634 2159 qui~

2057 2173 2177 2231 dem
2199 2177 2264 2230 ἐκ
2283 2175 2378 2229 τοῦ
2403 2176 2524 2247 τημι
2541 2177 2601 2229 τὸ
2621 2177 2846 2247 πέμπω,
2866 2177 3012 2247 quod
3039 2178 3290 2232 videlicet
3314 2194 3632 2234 excremen-

2059 2275 2174 2321 tum
2218 2265 2362 2322 infra
2397 2281 2492 2336 per
2519 2266 2836 2323 intestinum
2869 2267 3443 2340 demittat;.é(pﬁ6atov
3477 2287 3629 2338 vero,

2059 2357 2112 2412 id
2140 2365 2245 2422 est,
2275 2357 2602 2427 impubium,
2640 2357 2819 2418 διὰτὸ
2856 2358 3059 2429 βαίνειν
3090 2358 3188 2422 τὰς
3242 2361 3433 2432 τρίχας
3495 2365 3628 2431 ἐκεῖ,

2055 2449 2204 2518 quod
2245 2447 2453 2504 scilicet
2487 2448 2579 2518 pili
2614 2448 2810 2504 ibidem
2843 2450 3162 2517 proveniant
3205 2467 3220 2504 ε
3277 2466 3400 2506 nam
3427 2449 3631 2522 puber-

2059 2538 2183 2593 tatis
2225 2545 2488 2606 tempora,
2543 2536 2695 2590 nullo
2749 2535 2883 2591 satis
2939 2545 3087 2591 certo
3137 2539 3397 2608 temporis
3455 2543 3632 2611 spatio

2057 2625 2506 2697 praescribuntur,
2557 2640 2680 2680 cum
2729 2623 3173 2694 pubescentibus,
3230 2644 3336 2684 non
3371 2645 3524 2700 aeque
3575 2631 3631 2686 iu

2058 2717 2337 2783 omnibus,
2358 2716 2557 2772 insitus
2582 2715 2731 2772 calor
2752 2715 3040 2782 redundet,
3071 2726 3132 2772 ut
3169 2715 3437 2777 Hesiodus
3472 2739 3487 2775 :

2133 2828 2290 2898 107
2332 2826 2400 2880 At
2427 2842 2547 2881 cum
2572 2825 2844 2896 pubescet,
2876 2825 2956 2879 vel
2983 2825 3135 2896 pubis
3163 2835 3398 2897 tempora
3429 2836 3626 2899 tanget.

2057 2943 2222 3013 Atqui
2268 2943 2338 2997 ile
2380 2951 2433 2998 et
2485 2942 2650 3010 latus,
2701 2941 2844 3013 quod
2891 2941 2970 2996 illi
3046 2943 3248 2997 κενεῶν
3283 2945 3376 2997 καὶ
3410 2944 3667 3016 λαπάρα,

2059 3033 2339 3098 dictitant,
2390 3047 2456 3088 ex
2506 3047 2572 3088 eo
2619 3033 2945 3103 appellatum
2986 3043 3220 3096 constat.
3276 3036 3422 3106 quod
3474 3037 3636 3094 locus

377 3126 547 3180 νῶσαι
579 3127 816 3182 πολιτῶν
847 3128 944 3182 καὶ
985 3127 1335 3198 πραγμάτων
1370 3129 1413 3159 ι’
1435 3143 1450 3158 ο
1491 3127 1526 3198 ἢ
1578 3127 1668 3182 διὰ
1707 3126 1767 3180 τδ
1796 3126 1946 3179 κενὸν

2055 3123 2145 3179 ille
2196 3123 2415 3179 ossibus
2462 3133 2638 3191 vacet,
2691 3125 2836 3195 quod
2881 3124 2958 3180 illi
3009 3126 3181 3180 κενῶν
3208 3126 3316 3180 τῶν
3347 3127 3520 3182 ὀστῶν
3541 3129 3631 3184 di-

375 3212 516 3270 εῖναι
554 3218 759 3272 ὀστέων
807 3218 900 3272 τὸν
926 3217 1232 3288 τόπον¹³οῆ
1283 3216 1371 3271 διὰ
1422 3218 1521 3287 τὴν
1573 3215 1822 3272 λάπαθον
1849 3216 1948 3287 τὴν

377 3304 606 3377 βοτάνην
617 3306 922 3378 κενωτικὴν
947 3307 1188 3378 γαστρὸς
1205 3301 1375 3360 οὖσαν
1397 3305 1463 3360 ¹⁸.
1489 3305 1702 3372 Δαγὼν
1716 3307 1774 3362 δὲ
1795 3307 1948 3380 παρᾶ

229 3449 234 3454 _
269 3465 273 3470 _
373 3397 436 3448 τδ
467 3395 656 3466 λήγω·
692 3398 874 3450 ἐκεῖσε
911 3397 1022 3469 γὰρ
1049 3397 1310 3469 λήγουσιν
1336 3398 1394 3450 al
1415 3397 1674 3470 πλευραί.

442 3487 648 3541 τοῦτον
675 3488 768 3542 τὸν
793 3488 959 3543 τόπον
997 3491 1298 3561 κατωτέρω
1338 3490 1594 3558 λαγόνος,
1627 3489 1948 3557 ,ϐουϐῶνας

371 3579 622 3646 καλοῦσι,
649 3582 718 3636 τὰ
747 3580 901 3634 ἔνθεν
949 3581 1206 3636 κάκεῖθεν
1246 3583 1348 3654 τῆς
1396 3583 1629 3653 βαλάνου
1691 3583 1788 3637 καὶ
1837 3584 1946 3637 τῶν

368 3670 627 3741 διδύμων.
671 3671 745 3726 Τὸ
786 3672 844 3726 δὲ
892 3673 994 3743 τῆς
1025 3671 1262 3742 βαλάνου
1313 3673 1496 3745 ἐξίσης
1518 3675 1562 3706 ⁸⁵
1593 3673 1692 3744 τὴν
1727 3675 1946 3728 κύστιν

371 3758 617 3828 λέγουσι,
653 3761 741 3816 διὰ
768 3761 832 3814 τὸ
861 3757 1005 3817 εἶναι
1035 3763 1218 3815 ἐκεῖσε
1257 3763 1355 3832 τὴν
1386 3763 1681 3836 ούρηδόχόν
1731 3763 1942 3818 κύστιν.

371 3851 644 3907 Κοινωνία
689 3853 800 3926 γὰρ
846 3853 1071 3926 ἔρχεται
1104 3855 1198 3908 δύο
1240 3857 1426 3925 πόρων
1460 3855 1570 3909 ἀπὸ
1606 3855 1704 3924 τῆς
1743 3854 1944 3924 ὀσφύος

372 3941 656 4013 φυσικῷ¹⁶
683 3943 856 4016 νόμῳ,
889 3944 986 3998 τοῦ
1036 3945 1456 4016 ἀπευθυσμένου
1488 3944 1584 3998 καὶ
1631 3945 1732 4014 τῆς
1772 3945 1943 4016 οὐρη-

367 4033 530 4105 δόχου
549 4032 821 4100 κύστεως·
864 4037 985 4108 ήτις
1015 4037 1232 4108 δέχεται
1257 4037 1357 4108 μὲν
1378 4037 1440 4090 τὸ
1486 4036 1647 4108 οὖρον
1689 4036 1799 4091 ἀπὸ
1847 4035 1942 4090 τοῦ

367 4123 538 4178 νώτου
564 4126 757 4198 αὐτῆς,
798 4127 998 4193 ἔξωθεν
1023 4128 1132 4182 ἀπὸ
1155 4129 1265 4182 τῶν
1301 4129 1518 4198 νεφρῶν
1538 4167 1553 4190 ,
1613 4127 1702 4181 διὰ
1731 4126 1943 4198 νεύρων

368 4216 466 4270 καὶ
486 4216 701 4287 φλεϐῶν
735 4219 847 4271 τῶν
878 4217 1115 4284 λεπτῶν,
1152 4210 1230 4272 ὧν
1253 4219 1369 4288 ἔχει
1395 4233 1410 4248 ο
1437 4217 1586 4284 ὀξεῖα
1626 4218 1736 4288 γάρ
1791 4219 1943 4272 ἐστιν

367 4311 448 4372 εἰς
473 4309 534 4364 τὸ
553 4309 757 4364 ἕλκειν.
791 4309 1081 4364 Ἐκσάλλει
1113 4311 1170 4364 δὲ
1193 4312 1306 4364 ἀπδ
1323 4307 1420 4363 τοῦ
1443 4309 1719 4380 τραχήλου
1748 4309 1940 4380 αὐτῆς,

368 4400 464 4453 καὶ
492 4402 785 4473 ἀποκρίνει
825 4401 888 4455 τὸ
917 4398 1082 4473 οὖρον
1134 4401 1354 4468 ἔξωθεν,
1394 4401 1483 4455 διὰ
1531 4401 1634 4471 τῆς
1674 4400 1934 4470 βαλάνου.

1968 4459 2018 4516 D

2051 3225 2204 3274 cunt.
2247 3216 2319 3271 At
2360 3215 2437 3270 illi
2479 3216 2607 3270 item
2650 3215 2902 3286 λαγόνας,
2952 3232 3073 3289 quae
3121 3233 3223 3275 nos
3279 3219 3370 3274 ilia
3415 3237 3630 3276 nuncu-

2050 3320 2267 3376 pamus,
2328 3305 2481 3378 παρὰ
2505 3306 2566 3359 τὸ
2588 3307 2776 3378 λήγειν
2806 3307 2983 3361 ἐκεῖσε
3015 3307 3114 3372 τὰς
3145 3309 3404 3380 πλευράς,
3461 3328 3528 3367 ex
3562 3327 3628 3368 eo

2049 3396 2195 3466 quod
2240 3397 2374 3451 inibi
2429 3406 2595 3453 costae
2621 3397 2894 3464 desinant,
2923 3399 3067 3455 dicta
3095 3401 3304 3455 volunt.

2119 3486 2184 3542 Et
2203 3487 2382 3542 locum
2401 3489 2492 3558 qui
2520 3489 2621 3544 sub
2641 3489 2746 3545 illis
2765 3503 2870 3558 est,
2889 3500 3105 3560 partem
3127 3491 3378 3546 videlicet
3393 3508 3516 3562 quae
3531 3509 3627 3565 pe-
3692 3532 3714 3545 .

2047 3592 2172 3633 nem
2194 3585 2248 3632 et
2278 3586 2444 3633 testes
2472 3579 2729 3648 utrinque
2749 3581 3151 3649 complectitur,
3180 3580 3481 3650 βουϐῶνας,
3517 3584 3623 3641 hoc

2046 3675 2130 3723 est
2157 3668 2374 3737 inguem
2422 3669 2722 3723 nominant.
2767 3668 2901 3724 Pars
2919 3683 3222 3741 vero,qu:e
3271 3673 3392 3742 pari
3432 3674 3628 3732 ordine

2045 3757 2226 3826 glandi
2255 3757 3222 3832 respondet,vesica«nuncupatur,iu
3253 3779 3418 3836 quam
3440 3765 3622 3824 humi-

2045 3846 2174 3901 dum
2194 3856 2605 3902 excrementum
2634 3848 2880 3905 conﬂuit.
2900 3849 3059 3916 Nam,
3075 3868 3105 3908 a
3135 3854 3385 3912 ductibus
3403 3869 3636 3916 natura-.

2044 3939 2187 3994 libus
2202 3940 2296 4010 qui
2319 3939 2387 3995 ad
2408 3939 2622 3996 lumbos
2644 3941 3151 4012 visuntur,fduobus
3173 3949 3448 4006 meatibus
3474 3960 3625 4007 reelo
3659 3991 3664 3995 ρ

2045 4031 2256 4088 scilicet
2307 4033 2569 4088 intestino
2619 4048 2683 4088 ac
2723 4033 2939 4100 vesicae,-
2976 4035 3030 4090 in
3079 4053 3243 4108 quam
3288 4041 3446 4095 urina
3490 4057 3619 4098 con-

2043 4122 2184 4188 ﬂuit,
2229 4123 2662 4178 communicatio
2701 4124 2948 4194 quaedam
2979 4126 3284 4184 intercedit.
3323 4131 3442 4200 ipsa
3473 4132 3619 4186 enim

2043 4216 2248 4280 vesica,
2306 4230 2432 4270 cum
2471 4215 2614 4269 miro
2636 4214 2876 4285 quodam
2911 4218 3164 4274 acumine
3204 4221 3258 4274 in
3297 4223 3622 4278 attrahendo

2041 4307 2266 4378 prtedita
2313 4308 2402 4374 sit,
2453 4307 2741 4362 humorem
2788 4324 2883 4377 qui
2933 4324 2990 4362 In
3029 4315 3146 4380 ipsa
3178 4321 3281 4378 est,
3324 4327 3356 4366 a
3393 4313 3619 4370 renibus

2043 4399 2321 4454 subtilium
2356 4412 2650 4454 nervorum
2691 4413 3068 4470 venarumque
3111 4401 3290 4459 oﬂicio
3321 4419 3440 4474 qua:
3469 4415 3619 4462 exte-

377 4491 532 4545 Ἐπεὶ
573 4491 630 4545 δὲ
681 4491 742 4545 τὸ
784 4491 1079 4563 λεγόμενον
1124 4492 1315 4562 ἀρχὸν
1356 4492 1603 4561 ἔντερον
1647 4492 1936 4546 ὑπόκειται

2055 4489 2160 4544 rius
2181 4489 2300 4559 ejus
2322 4489 2488 4544 dorso
2519 4489 2821 4556 adharent,
2858 4490 3110 4562 suscipit.
3135 4491 3271 4548 Cum
3304 4509 3433 4550 vero
3461 4496 3615 4550 illum

364 4581 527 4652 αὐτῇ,
557 4581 1003 4654 φλεγμαινούσης
1044 4582 1309 4646 πολλάκις
1353 4582 1612 4653 αύτῆςίτ,
1652 4581 1936 4652 ἐπίσχεσις

362 4670 574 4738 γίνεται
611 4673 714 4744 τῆς
739 4673 968 4743 κόπρου,
997 4674 1097 4744 οὐχ
1125 4673 1326 4743 ἥκιστα
1357 4672 1417 4727 δὲ
1442 4671 1540 4725 τοῦ
1568 4670 1735 4741 οὔρου
1759 4673 1826 4728 ¹⁸;

2041 4589 2194 4636 extra
2215 4579 2462 4635 emittere
2483 4580 2848 4650 compellitur,
2875 4580 3016 4636 collo
3040 4581 3160 4652 ejus
3191 4599 3303 4653 quo
3328 4585 3450 4654 ipsa
3479 4601 3615 4655 prae-

2041 4671 2156 4726 dita
2195 4679 2298 4736 est,
2351 4685 2448 4740 per
2479 4671 2634 4741 penis
2664 4672 2937 4742 glandem,
2967 4674 3216 4744 emingit.
3252 4675 3319 4731 Et
3354 4680 3639 4747 quoniam...

361 4763 466 4819 sub
500 4764 620 4834 ipsa
675 4765 996 4821 intestinum
1028 4765 1175 4836 quod
1219 4765 1418 4819 αι’ιήοη
1464 4765 1786 4836 appellatur,
1819 4763 2090 4829 consistit,
2116 4764 2163 4820 si
2189 4763 2389 4818 eam-in
2429 4771 2700 4818 tumorem
2749 4763 2885 4833 erigi
2938 4765 3269 4835 quandoque
3327 4769 3632 4839 contingit,

361 4869 474 4914 tum
513 4859 644 4915 sicci
704 4860 760 4914 in
810 4860 915 4916 hoc
961 4875 1113 4926 casu,
1150 4869 1265 4915 tum
1322 4859 1534 4915 humidi
1596 4860 1929 4915 excrementi
1963 4873 2218 4931 egressus
2275 4857 2640 4928 intercipitur.

427 4953 748 5020 Βουϐῶνας
775 4955 832 5008 δὲ
856 4955 1149 5026 ὠνόμασαν
1176 4955 1302 5018 τοὺς
1336 4955 1663 5026 εἰρημένους
1702 4954 1928 5020 τόπους,

2104 4951 2249 5008 Loca
2281 4960 2463 5007 autem
2522 4965 2644 5021 quae
2696 4951 2939 5008 diximus
2966 4951 3264 5022 βουϐῶνας,
3290 4954 3368 5009 illi
3409 4955 3481 5011 ab
3533 4959 3610 5012 rei

357 5047 466 5101 ἀπὸ
502 5046 597 5099 τοῦ
624 5045 1016 5116 συμϐαίνοντος
1052 5047 1346 5119 οἰδήματος
1375 5046 1436 5099 ἐν
1467 5046 1653 5110 αύτοῖς
1673 5063 1694 5077 λ’
1728 5047 1794 5098 ἐκ
1824 5043 1923 5098 τοῦ

2055 5055 2232 5102 aventu
2281 5051 2618 5113 nuncupant,
2665 5043 2818 5113 παρὰ
2843 5044 2906 5097 τὸ
2939 5044 3016 5114 βῶ
3042 5045 3112 5098 τὸ·
3153 5044 3343 5115 βαίνω,
3364 5062 3430 5102 eo
3466 5049 3612 5118 quod

361 5139 439 5209 βῶ
464 5139 525 5192 τὸ
555 5138 727 5209 βαίνω
746 5155 762 5169 ο
799 5139 954 5209 παρὰ
979 5138 1042 5192 τὸ
1079 5138 1223 5207 ἄγαν
1266 5138 1475 5209 βαίνειν
1495 5140 1576 5202 είς
1607 5137 1743 5208 ὕψος
1767 5153 1784 5170 ’
1827 5137 1928 5207 βῶ,

359 5230 550 5301 βὼν¹⁹,
575 5225 670 5284 καὶ
701 5229 842 5302 μετὰ
868 5228 965 5284 τοῦ
998 5228 1094 5301 βοῦ
1126 5231 1508 5286 ἐπιτατικοῦ⁹⁰
1549 5231 1762 5303 μορίου,
1806 5229 1931 5300 βου-

2035 5152 2149 5206 pra:
2209 5136 2291 5190 sui
2335 5146 2572 5190 tumore
2605 5149 2826 5190 sursum
2879 5151 2989 5190 non
3047 5138 3258 5193 modice
3307 5140 3610 5210 erigantur.

2039 5228 2307 5295 Quoniam
2360 5241 2492 5283 vero
2553 5226 2676 5282 talis
2735 5227 2889 5283 locus
2939 5229 3211 5297 tonsillis,
3254 5247 3391 5301 quas
3438 5231 3612 5289 ϐπερὶ

423 5390 461 5461 ⁸-
485 5386 936 5461 χοληδξ-ρωᾏΒ.
1011 5389 1033 5461 f
1066 5389 1124 5461 αἱ
1154 5407 1328 5461 τριχκ
1352 5407 1448 5460 φυ.
1490 5388 1550 5446 Β.
1625 5390 1646 5421 ⁷
1673 5384 1842 5461 ἦτρον
1889 5387 1931 5441 Β
1969 5387 2030 5461 _C.
2055 5388 2247 5461 _l1:pov_
2292 5389 2388 5461 Α.Δ
2433 5387 2455 5418 ⁸
2487 5381 2657 5461 ἦτρον
2677 5386 2774 5461 _B.
2818 5386 2994 5461 Δίτρον
3041 5373 3122 5441 Αί
3180 5389 3354 5461 ξάορ.
3392 5389 3509 5461 ἐστὶ
3545 5391 3607 5446 Β.

359 5459 402 5489 ¹⁰
432 5457 517 5522 ὡς
542 5457 638 5510 καὶ
676 5458 802 5511 Ἦσ.
833 5457 896 5511 Β.

1009 5460 1052 5490 ¹¹
1081 5453 1278 5540 ήκοὶτό
1439 5461 1484 5491 ¹¹
1516 5461 1632 5540 him
1662 5453 1772 5540 oin.
1942 5461 1946 5489 Ἰ

2055 5453 2168 5540 ἶναὶ
2200 5456 2292 5540 τξν
2328 5453 2642 5540 τόπονζόστ.
2815 5453 3008 5540 “diuae
3037 5473 3147 5540 om.
3177 5457 3273 5540 Β..
3302 5453 3362 5540 ’ξς
3389 5459 3517 5540 ἑξῆς

357 5530 400 5601 ff
431 5526 881 5601 ἀπητὴν-όσφὺν
911 5525 1160 5601 φυσικῶν
1218 5528 1506 5601 ὑπονόμων
1535 5528 1596 5583 Β.
1676 5531 1718 5561 ⁸⁷
1768 5529 1888 5584 αύτ.
1931 5527 2162 5582 πολλάκ.
2215 5525 2276 5578 Β.
2357 5525 2400 5557 ⁸⁸
2429 5525 2523 5578 καὶ
2553 5526 2651 5595 οὐχ
2678 5526 2772 5596 ἦκ.
2804 5525 2898 5580 τοῦ
2931 5525 3052 5598 ούρ.
3087 5526 3148 5581 Β.
3229 5528 3273 5560 ¹⁹
3329 5525 3605 5601 βοόῶν-Β.

353 5599 398 5628 ¹⁰
425 5598 566 5667 μετὰ
608 5597 704 5648 τοῦ
752 5599 897 5666 ἐπιτ.
933 5597 1048 5668 βου.
1085 5597 1142 5652 Β.

425 5725 493 5796 (ε)
530 5707 590 5782 η.
623 5730 680 5798 Α,
713 5707 835 5785 526.

1906 5754 1913 5762 ·
2015 5749 2021 5754 ·
2107 5728 2399 5800 (DOppJ,
2438 5729 2555 5784 151.
