4006 6158
439 339 458 389 ’1
472 335 580 393 ‘235

1714 322 1994 378 MELETII
2037 316 2350 377 MONACHI
2419 316 2424 320 ⁷

3554 301 3712 359 1256

437 455 630 514 diaeta;
679 455 1036 518 nuncupant,
1068 443 1301 500 refertus
1359 450 1478 507 est,
1532 456 1765 513 quarum
1816 448 2010 495 natura

2131 437 2248 492 Ξών.
2289 437 2445 490 Ἐπεὶ
2473 437 2516 466 ¹¹
2551 434 2657 504 γὰρ
2695 425 2854 496 οὗτος
2905 430 2935 483 ό
2983 427 3148 492 τόπος
3206 422 3479 494 ἀδενώδης
3522 423 3710 483 ἐστὶν,

441 542 729 600 imbecillis
780 556 845 596 ac
901 539 1022 600 laxa
1066 535 1330 602 habetur,
1365 549 1548 590 rerum
1610 533 1802 603 Opifex
1865 534 2012 598 ipsas

440 633 687 688 tonsillae
715 645 837 702 qua
853 629 918 684 ad
952 629 1236 682 humorem
1260 625 1582 697 capiendum
1613 634 1756 695 apta:
1783 624 2017 680 idoneae-

600 733 776 788 sunt,
818 721 886 775 ad
931 731 1408 775 exerementorum
1471 733 1676 781 usum,
1726 725 2014 788 concepta-

439 815 668 884 culaque
719 823 929 867 tantum
992 809 1157 866 modo
1219 810 1332 865 illic
1398 808 1673 873 obtexuit,
1714 822 1836 877 quae
1891 821 2014 861 cum

442 921 552 976 prae
601 905 686 960 sui
734 902 1108 958 imbecillitate
1155 915 1264 972 qua
1318 908 1513 954 natura
1563 907 1692 954 sunt
1746 896 2012 966 praeditas,

442 998 602 1054 talem
652 996 921 1066 expellere
950 995 1234 1050 humorem
1285 1001 1584 1062 nequeunt,
1633 991 1688 1044 in
1749 1000 2016 1042 Iumorem

441 1086 747 1155 eriguntur.
795 1082 860 1137 Et
917 1083 1178 1153 quoniam
1239 1080 1372 1137 illud
1422 1081 1639 1135 evenire
1698 1077 2017 1148 plerumque

443 1178 600 1240 solet,
637 1176 848 1230 ratione
875 1175 1082 1244 optitna
1113 1173 1426 1244 hujusmodi
1457 1186 1655 1227 nomen
1692 1171 2012 1225 sortiuntur.

441 1269 691 1331 Vesicam
735 1276 938 1329 autem,
1005 1280 1168 1334 quam
1221 1263 1446 1327 κύστιν,
1499 1261 1606 1316 ἀπὸ
1657 1260 1752 1314 τοῦ
1802 1260 2016 1314 κεύθειν

439 1359 532 1412 τὸν
559 1355 718 1430 οὖρον
757 1357 947 1412 dicunt
987 1372 1054 1409 ex
1095 1371 1161 1409 eo
1204 1355 1349 1424 quod
1390 1354 1445 1408 ln
1481 1355 1599 1423 ipsa
1630 1352 1791 1407 urina
1822 1365 2017 1406 recon-

443 1451 612 1514 ditur,
669 1449 870 1503 dictam
893 1447 1099 1501 volunt.

517 1541 656 1597 Sunt
683 1542 844 1597 etiam
878 1541 1238 1596 instrumenta
1264 1537 1534 1609 quadam,
1575 1551 1698 1606 quae
1745 1535 2016 1605 mingendi

449 1633 630 1689 ofﬁcio
673 1634 994 1696 inserviunt,
1039 1640 1100 1686 ut
1141 1647 1322 1693 renes,
1369 1630 1421 1683 in
1476 1629 1677 1698 quibus
1729 1627 2015 1682 humidum

443 1731 855 1780 excrementum
907 1722 1200 1786 dividitur;
1249 1719 1509 1774 nonnulla
1561 1733 1691 1772 vero
1730 1718 1834 1786 ipsi
1870 1727 2017 1771 tran-

2115 533 2164 583 οί
2196 530 2252 582 δέ
2273 529 2462 592 ἀδένες
2491 528 2654 598 φύσει
2683 525 3024 596 ὑπάρχουσιν
3052 519 3300 582 ἀσθενεῖς
3341 515 3439 572 καὶ
3469 515 3668 586 ἀραιοί
3693 531 3708 544 ⁸

2116 621 2446 691 ὑπέστρωσε
2473 619 2583 692 γὰρ
2616 617 2818 680 αὐτοὺς
2858 617 2975 678 τοῖς
3027 612 3300 683 μορίοιςὴ
3342 609 3566 677 φύσις²’
3622 609 3713 669 εἰς

2117 715 2310 784 χρείαν
2342 713 2510 783 μόνην
2534 711 2640 766 καὶ
2681 707 2956 778 ὑποδοχὴν
3004 707 3115 759 τῶν
3167 701 3618 772 περιττωμάτων
3636 700 3712 761 ⁸³,

2115 803 2190 865 ὡς
2204 801 2564 872 ἐπιτηδείους,
2581 797 2893 869 τηνικαῦτα
2905 793 3084 866 χυμοῦ
3102 793 3474 864 ἐμπίπτοντος
3489 789 3711 852 αὐτοῖς,

2121 894 2196 964 μὴ
2246 893 2538 962 δυνάμενοι
2579 889 2772 943 τοῦτον
2819 885 3122 952 ἀποδιῶξαι
3168 884 3260 942 διὰ
3310 881 3411 950 τὴν
3462 879 3714 948 φυσικὴν

2117 983 2422 1046 ἀσθένειαν,
2457 982 2782 1053 ἐπαίρονται
2832 981 2915 1041 είς
2967 978 3157 1045 δγκον.
3206 973 3364 1029 Ἐπεὶ
3407 968 3505 1026 οὖν
3541 970 3719 1026 τοῦτο

2120 1073 2458 1144 συχνοτέρως
2479 1072 2525 1104 ³⁸
2547 1070 2840 1141 συμϐαίνει
2885 1069 2952 1122 ἐν.
2986 1068 3101 1130 τοῖς
3151 1065 3339 1126 τόποις
3385 1061 3612 1124 τούτοις
3632 1062 3714 1124 ⁸⁸.

2117 1165 2344 1226 είκότως
2371 1163 2471 1232 τῆς
2523 1160 2834 1232 ὀνομασίας
2855 1157 3060 1228 ταύτης
3106 1155 3496 1225 τετυχήκασιν.
3539 1153 3612 1206 Ἠ
3651 1153 3718 1206 δὲ

2117 1255 2353 1320 κύστις,
2381 1254 2492 1308 ἀπὸ
2518 1252 2615 1306 τοῦ
2645 1251 2864 1307 κεύθειν
2893 1250 2954 1304 τὸ
2979 1249 3163 1320 οὖρον.

2191 1515 2312 1569 Τῶν
2333 1513 2640 1585 οὐρητικῶν
2668 1509 2762 1567 οὖν
2815 1512 3090 1582 ὀργάνων,
3147 1511 3210 1564 ’ἁ
3239 1511 3342 1581 μὲν
3379 1511 3718 1581 διακριτικὰ

2117 1606 2227 1660 εἰσι
2259 1605 2369 1658 τῶν
2396 1604 2594 1676 οῠρων,
2627 1604 2662 1674 ἢ
2711 1604 2992 1673 ιίιγγεῑονί⁸
3032 1602 3220 1676 ὥσπερ
3266 1602 3456 1670 νεφροί
3488 1619 3502 1633 °
3534 1604 3606 1654 τὰ
3652 1601 3717 1654 δὲ

2119 1696 2509 1768 παροδευτικὰ,
2539 1695 2729 1764 ὥσπερ
2756 1694 2825 1756 τὰ
2865 1693 2924 1761 ἐξ
2974 1693 3189 1764 ἥπατος
3239 1692 3513 1762 ἐρχόμενα
3569 1687 3718 1762 πρὸς

443 1817 606 1872 silum
649 1815 811 1884 108
849 1813 1140 1878 exhibent;
1189 1784 1244 1865 et
1281 1812 1396 1866 haec
1439 1810 1661 1880 quidem
1705 1784 1836 1863 vasa
1890 1815 2019 1863 sunt

2131 1789 2355 1859 νεφροὺς
2373 1788 2416 1818 ³⁷
2451 1788 2670 1854 ἀγγεῖα.
2703 1786 2884 1857 Μέχρι
2918 1786 3026 1855 γὰρ
3049 1785 3149 1854 τῆς
3176 1784 3379 1853 ὀσφύος
3408 1784 3466 1836 αί
3527 1800 3717 1852 μεσα-

444 1923 566 1977 quae
593 1923 623 1960 a
660 1907 926 1977 jecinore,
961 1905 1029 1960 ad
1087 1919 1245 1958 renes
1297 1902 1618 1971 procedunt.
1679 1898 1812 1954 Nam
1847 1913 2019 1962 venae,

444 2013 568 2069 quae
589 1997 932 2059 mediatrices
959 2003 1362 2063 nuneupantur,
1389 2008 1564 2062 usque
1606 1994 1672 2045 ad
1704 1991 1916 2045 lumbos
1945 1988 2023 2042 fe-

444 2099 660 2143 runtur.
723 2086 826 2142 Sed
888 2088 1311 2142 instrumentum
1351 2084 1671 2153 recipiendae
1713 2083 1883 2136 urinae
1929 2095 2023 2135 ve-

445 2178 560 2234 sica
586 2186 708 2243 est;
738 2177 1091 2232 excernenda;
1131 2191 1259 2230 vero
1283 2175 1524 2244 ejusdem
1581 2175 1778 2229 vesicae
1820 2172 2022 2228 collum

445 2269 696 2324 habetur.
723 2267 801 2321 Ex
848 2267 936 2321 his
966 2275 1147 2320 autem
1183 2279 1308 2319 vasa
1339 2264 1430 2318 illa
1451 2277 1575 2334 quae
1620 2263 1908 2318 transitum
1932 2276 2025 2315 ex.

447 2358 656 2421 bibent,
677 2372 812 2413 usus
835 2356 1210 2411 tantummodo
1235 2357 1430 2425 gratia,
1465 2370 1572 2409 non
1596 2355 1802 2424 aliquid
1830 2351 2023 2423 agendi

448 2448 744 2513 constituta
777 2453 923 2499 sunt.
955 2444 1212 2511 Quaedam
1243 2457 1394 2502 vero,
1445 2451 1503 2496 ut
1523 2451 1651 2496 sunt
1693 2456 1852 2495 renes
1878 2438 2023 2494 vesi-

451 2552 645 2606 eaque,
698 2535 1027 2590 demandata
1087 2534 1192 2589 sibi
1246 2531 1420 2587 oliicia
1470 2538 1774 2600 peragunt;
1812 2529 1867 2582 in
1915 2527 2024 2583 illis

450 2627 596 2680 enim
655 2625 772 2694 ipsa
825 2624 981 2679 urina
1017 2624 1086 2679 ad
1129 2623 1369 2678 debitum
1417 2622 1500 2676 sui
1546 2622 1707 2675 linem
1741 2618 2026 2690 perfectio-

453 2722 688 2785 nemque
715 2714 982 2771 evehitur.

522 2805 666 2862 Loca
712 2813 932 2870 autem,
983 2821 1104 2876 quae
1164 2806 1398 2869 vesicae,
1462 2803 1670 2874 inguini
1721 2817 1786 2859 ac
1837 2801 1949 2856 iliis
1994 2814 2024 2854 a

455 2909 608 2970 tergo
658 2897 982 2971 consistunt,
1013 2897 1179 2952 lumbi
1214 2896 1573 2966 appellantur,
1600 2895 1652 2946 in
1694 2893 1827 2963 ipsis
1879 2891 2025 2946 enim

453 3003 612 3043 renes
671 2987 830 3059 positi
888 2996 1036 3045 sunt.
1095 2987 1373 3058 Siquidem
1438 3001 1627 3041 eorum
1688 2983 2024 3047 substantia,

452 3081 573 3134 laxa
621 3080 1029 3150 tonsillarisque
1079 3087 1288 3132 natura:
1316 3077 1553 3148 exilique
1585 3077 1810 3131 materia
1838 3090 2026 3144 quem-

2124 1879 2316 1953 ραῖκαὶ
2340 1878 2537 1948 φλέΰες
2569 1879 2852 1951 φέρονται.
2893 1877 2974 1930 Τὰ
3015 1877 3073 1930 δέ
3104 1876 3460 1942 ὑποδεκτικὰ,
3513 1875 3718 1946 ὥσπερ

2125 1971 2315 2034 κύστις
2335 1971 2412 2004 ’⁸ο
2450 1971 2521 2022 τὰ
2549 1971 2604 2022 δὲ
2630 1969 2990 2042 ἁποκριτικὰ,
3017 1969 3208 2038 ὥσπερ
3226 1969 3253 2021 ὁ
3276 1967 3557 2040 τράχηλος
3610 1971 3719 2038 τῆς

2126 2062 2403 2126 κύστεωςο
2439 2063 2534 2116 καὶ
2565 2062 2632 2116 τὰ
2660 2062 2758 2132 μὲν
2795 2062 2978 2138 αὐτῶν
3017 2060 3211 2131 χρείαν
3255 2061 3427 2132 μόνην
3469 2059 3721 2130 παρέχεο

2123 2169 2235 2216 ται,
2268 2151 2343 2213 ὡς
2390 2152 2462 2204 τὰ
2510 2153 2714 2221 ἀγγεῖα
2744 2150 2812 2204 τὰ
2863 2149 3267 2222 παροδευτικά·
3323 2148 3616 2219 ἐνέργειαν
3658 2147 3722 2200 δέ

2123 2243 2382 2312 οὐδεμίαν
2416 2242 2530 2313 ἔχει
2557 2260 2570 2276 ο
2610 2243 2681 2295 τὰ
2720 2241 2777 2295 δὲ
2825 2243 3063 2312 ἐνεργεῖ,
3117 2243 3193 2303 ὡς
3223 2242 3272 2293 οί
3299 2239 3494 2310 νεφροὶ
3547 2239 3648 2293 καὶ
3684 2240 3722 2309 ἠ

2126 2335 2316 2398 κύστις
2335 2351 2347 2364 ·
2371 2337 2488 2388 ἐκεῖ
2515 2335 2625 2402 γὰρ
2649 2333 2742 2387 τὸν
2778 2333 3058 2404 πρέποντα
3085 2333 3293 2403 κόσμον
3325 2329 3722 2400 ἀπολαμϐάνει

2125 2427 2186 2482 τὸ
2207 2421 2386 2498 οὖρον,
2412 2425 2639 2480 δπισθεν
2665 2427 2764 2498 τῆς
2815 2425 3089 2490 κύστεως,
3134 2425 3229 2480 καὶ
3279 2422 3582 2494 βουϐῶνος,
3617 2425 3724 2476 καὶ

2125 2520 2374 2589 λαγόνος.

2209 2808 2438 2878 Ὀσφὺς
2493 2807 2608 2860 δέ²⁹
2657 2806 2877 2875 λέγεται
2917 2805 2946 2859 ό
2992 2805 3182 2867 τόπος,
3217 2804 3277 2856 ἐν
3316 2795 3361 2871 ᾧ
3389 2804 3611 2856 κεῖνται
3661 2804 3720 2857 οἱ

2127 2899 2351 2973 νεφροί·
2411 2898 2560 2951 ἐστιν
2610 2893 2702 2951 οὖν
2754 2899 2788 2967 ή
2840 2897 2999 2949 οὐσία
3039 2895 3220 2948 αὐτῶν
3278 2892 3553 2963 ἁδενώδης
3601 2894 3710 2946 καὶ

2125 2993 2377 3065 ψαφαρὰ,
2403 2992 2564 3063 ὅμοια
2585 2992 2696 3054 τοῖς
2721 2990 2959 3062 ὄρχεσιν.
2984 2987 3228 3042 Αἶτιοιδέ
3265 2988 3402 3040 εἰσιν
3454 2980 3608 3040 οὗτοι
3660 2988 3716 3038 οἱ

2131 3085 2344 3156 νεφροὶ,
2395 3086 2488 3138 καὶ
2534 3085 2635 3148 τῆς
2682 3084 2826 3137 κατὰ
2869 3083 2968 3153 τὴν
3008 3082 3298 3153 συνουσίαν
3328 3078 3584 3153 ὀρέξεως,
3621 3078 3730 3130 καὶ

452 3170 750 3228 admodum
807 3179 862 3224 et
900 3149 1121 3231 testium
1160 3177 1394 3224 constat.
1446 3169 1527 3222 Ad
1579 3169 1714 3230 haec,
1742 3166 2021 3236 renesipsi

2131 3149 2250 3244 τῆς-
2281 3174 2378 3230 τοῦ
2416 3175 2657 3244 αἵματος
2705 3149 3068 3243 καθάρσεως-ι
3123 3173 3186 3226 τὸ
3244 3149 3484 3244 spathae;
3543 3167 3727 3222 αὐτοῦ

410 3271 570 3332 ,ιυω
624 3260 910 3329 appetendi
985 3261 1208 3328 coitus,
1266 3271 1379 3316 tum
1449 3260 1750 3329 depurandi
1807 3259 2029 3329 sangui-

454 3352 562 3417 nis,
611 3365 678 3405 eo
734 3351 880 3421 quod
913 3364 1157 3406 serosam
1219 3351 1338 3420 ejus
1389 3354 1674 3405 materiam
1725 3350 2026 3413 attrahunt,

453 3461 618 3505 causa
648 3454 796 3510 sunt,
829 3459 1017 3515 quam,
1045 3453 1106 3500 ut
1125 3445 1278 3516 prius
1322 3443 1579 3508 diximus,
1620 3443 1673 3498 in
1701 3443 1873 3498 urinae
1897 3456 2030 3498 con-

455 3538 795 3593 stitutionem
841 3535 1101 3593 formant.
1173 3535 1351 3592 Renes
1376 3542 1557 3590 autem
1585 3535 1652 3590 ab
1682 3535 1790 3589 illis
1820 3533 2029 3605 νεφροὶ,

455 3627 638 3682 διὰτὸ
669 3627 945 3698 νείφεσθαι
1005 3628 1096 3682 τὸν
1125 3625 1304 3701 οὖρον,
1336 3642 1400 3681 ex
1437 3641 1502 3682 eo
1529 3625 1672 3696 quod
1700 3625 1916 3680 urinam
1943 3625 2029 3680 di-

458 3717 680 3782 stilleut,
747 3718 1046 3788 nuncupati
1112 3727 1262 3774 sunt.
1309 3718 1380 3772 At
1422 3718 1636 3772 lumbos
1696 3715 1886 3785 όσφὺν,
1921 3710 2031 3770 οἷον

464 3806 652 3874 ίσοφὺν
706 3804 887 3861 dicere
924 3816 1346 3872 consueverunt,
1394 3805 1538 3875 quod
1589 3805 2032 3874 peraccommode

460 3911 696 3966 superne
727 3896 1044 3968 inferneque
1081 3899 1301 3954 ossibus
1345 3906 1674 3968 coaptantur
1718 3896 2030 3966 :siquidem

461 3987 632 4057 spinae
681 3986 1007 4052 internodia,
1070 4005 1192 4060 qua:
1251 3990 1521 4044 crassiora
1573 3987 1696 4043 aliis
1721 3987 2035 4057 majoraque

461 4079 753 4146 habentur,
813 4080 1056 4151 quinque
1080 4096 1308 4139 numero
1338 4091 1486 4137 sunt.
1518 4079 1653 4135 Nam
1685 4081 1898 4135 interne
1931 4094 2032 4132 an-

460 4179 623 4244 gusto
677 4172 949 4228 terebrata
994 4171 1263 4228 foramine
1293 4173 1568 4237 visuntur,
1600 4187 1761 4244 quam
1795 4171 1865 4226 ob
1904 4185 2036 4224 cau-

460 4278 579 4317 sam
614 4262 762 4319 dorsi
786 4263 1047 4326 medulla,
1075 4279 1184 4333 quo
1208 4262 1383 4334 magis
1412 4261 1479 4317 ad
1512 4263 1602 4317 ilia
1630 4260 1934 4334 praetendit,
1969 4275 2035 4316 co

459 4353 637 4423 magis
663 4353 885 4424 gracilis
918 4362 1022 4419 est,
1045 4368 1108 4408 ac
1139 4368 1246 4422 quo
1285 4353 1458 4424 magis
1486 4350 1782 4419 descendit,
1824 4367 1890 4406 eo
1917 4367 2036 4408 ma-

459 4445 543 4514 gis
577 4445 632 4499 in
664 4453 956 4514 angustum
999 4443 1364 4500 contrahitur.
1405 4443 1693 4498 Enimvero
1721 4442 1837 4508 haec
1865 4443 2036 4513 spinae

2092 3269 2409 3342 νέλκοντες,
2456 3267 2554 3322 καὶ
2611 3266 3011 3328 εἰδοποιοῦντες
3069 3266 3152 3328 είς
3196 3263 3375 3335 οὔρων
3427 3261 3728 3324 σύστασιν,

2129 3359 2311 3423 καθὼς
2343 3359 2574 3414 κατόπιν
2605 3359 2856 3430 ἐγράφη·
2887 3356 3109 3428 Νεφροί
3149 3357 3205 3410 δὲ
3236 3354 3390 3426 παρὰ
3430 3354 3490 3407 τὸ
3530 3352 3729 3422 νείφε-

2131 3449 2255 3503 σθαι
2273 3449 2317 3480 ³⁰
2336 3448 2416 3519 τῷ
2447 3446 2613 3520 οΰρῳ,
2637 3447 2665 3502 ὅ
2690 3449 2806 3500 ἐστι
2839 3445 3167 3518 βρέχεσθαι·
3206 3449 3242 3516 ὴ
3285 3445 3343 3497 δέ
3374 3444 3572 3513 ὀσφὺς,
3603 3437 3731 3496 οἷον

2133 3538 2346 3606 ίσοφὺς,
2377 3539 2412 3608 ἡ
2459 3537 2549 3607 ἴση
2583 3536 2718 3608 πρὸς
2774 3536 2843 3589 τὰ
2876 3537 2988 3591 ἄνω
3026 3535 3123 3589 καὶ
3160 3525 3293 3590 τὰ³¹
3331 3535 3482 3588 κάτω
3535 3552 3730 3604 πεφυ-

2131 3630 2321 3685 κότα³³
2353 3632 2466 3693 τοῖς
2504 3628 2707 3692 όστοῖς.
2759 3627 3060 3682 Σπόνδυλοι
3108 3628 3222 3699 γάρ
3250 3629 3360 3681 είσι
3400 3627 3575 3680 πέντε
3622 3629 3730 3684 τὸν

2131 3719 2389 3792 ἀριθμὸν,
2430 3717 2736 3789 παχύτατοι
2765 3717 2876 3770 τῶν
2899 3717 3076 3771 ἄλλων
3106 3718 3204 3772 καὶ
3243 3716 3513 3786 μέγιστοι.
3549 3717 3631 3771 Τὸ
3667 3716 3732 3772 δὲ

2131 3813 2321 3884 τρῆμα
2339 3811 2386 3843 ⁸³
2429 3811 2562 3864 cdt“
2618 3807 2834 3864 ἔνδοθεν
2884 3808 3072 3862 στενὸν
3111 3807 3326 3880 ἔχουσι·
3373 3808 3512 3862 διότι
3546 3809 3652 3862 καὶ
3698 3811 3731 3862 ὁ

2135 3905 2388 3966 νωτιαῖος
2414 3902 2609 3972 μυελὸς
2643 3899 2788 3954 κατὰ
2820 3901 2923 3971 τὴν
2952 3900 3127 3970 ὀσφὺν
3159 3901 3340 3972 ίσχνός
3369 3902 3522 3955 ἐστιν
3547 3917 3564 3932 ο
3593 3901 3731 3954 ὅσον

2133 3992 2243 4064 γὰρ
2293 3995 2642 4063 κατέρχεται,
2673 3990 2954 4046 στενοῢται
2993 3992 3022 4044 ό
3066 3990 3302 4062 μυελός·
3344 3989 3446 4055 τὰς
3484 3991 3733 4059 ἀποφύ-

2136 4103 2248 4150 σεις
2291 4086 2346 4140 δέ
2371 4080 2518 4139 οὗτοι
2575 4085 2626 4138 οἱ
2678 4083 3120 4138 σπόνδυλοιᾶνω
3173 4083 3441 4148 νευούσας
3488 4083 3728 4154 ἔχουσι·

2139 4177 2380 4246 Λέγεται
2409 4177 2504 4230 καὶ
2541 4175 2814 4245 ὀστοφυὴς
2840 4177 2876 4246 ἡ
2910 4176 3082 4245 ὀσφύς
3105 4191 3118 4204 ·
3146 4174 3389 4246 ὀστώδης
3427 4176 3542 4246 γάρ
3571 4179 3733 4230 ἐστιν

2136 4266 2255 4330 ὅλος
2279 4269 2307 4320 ὁ
2327 4269 2493 4329 τόπος
2513 4266 2705 4335 αὐτῆς.
2731 4265 2969 4334 Λέγεται
2999 4265 3094 4319 καὶ
3113 4266 3316 4334 laxior
3333 4283 3350 4299 ο
3379 4268 3732 4337 ἰσχναίνεται

2100 4431 2104 4434 ⁵
2139 4357 2248 4429 γὰρ
2295 4353 2406 4410 οἷον
2452 4358 2547 4411 καὶ
2566 4357 2613 4389 ³⁸
2664 4355 3022 4422 λεπτύνεται,
3054 4355 3130 4420 ὡς
3161 4356 3303 4427 πρὸς
3327 4357 3389 4410 τὸ
3405 4358 3730 4430 ἀνεστηκδς

2140 4447 2236 4502 τοῦ
2268 4447 2391 4501 ὅλου
2414 4445 2686 4516 σώματος,
2713 4444 2875 4500 τοῦτο
2903 4444 2964 4499 τὸ
2999 4444 3189 4518 μέρος.

461 4540 771 4596 internodia
804 4553 1093 4610 processus
1125 4553 1345 4595 sursum
1398 4547 1681 4608 vergentes
1731 4538 2031 4606 continent,
2065 4549 2120 4597 et
2178 4542 2348 4612 ὀσφύς
2405 4541 2632 4603 dicitur.
2667 4539 2813 4608 quod
2875 4541 3028 4598 locus
3093 4537 3183 4593 ille
3213 4546 3359 4594 totus
3384 4537 3612 4594 ossibus
3643 4553 3734 4594 re-

460 4632 636 4687 l‘ertus
665 4631 738 4686 sit
775 4648 788 4684 :
819 4630 1020 4684 dicitur
1044 4639 1099 4684 et
1149 4629 1338 4700 ἰσχίον,
1399 4630 1508 4684 ἀπὸ
1540 4629 1635 4684 τοῦ
1691 4630 2025 4702 ίσχναίνεσθα

2131 4635 2212 4687 καὶ
2239 4628 2352 4688 οἷον
2404 4632 2791 4700 λεπτύνεσθαι,
2826 4634 2974 4706 quod
3010 4631 3262 4688 videlicet
3308 4629 3642 4700 gracillatur
3667 4646 3734 4687 ac

461 4723 677 4780 subtilis
707 4722 806 4789 lit;
862 4721 979 4777 haec
1037 4720 1183 4777 enim
1230 4736 1357 4793 pars
1385 4721 1554 4777 erecti
1594 4724 1844 4792 corporis
1865 4724 2222 4782 subtilissima
2256 4725 2472 4780 visitur.
3463 4713 3466 4715 λ

567 4833 699 4906 Cap.
727 4832 923 4888 XXIV.
952 4863 1020 4876 -
1047 4832 1122 4888 De
1153 4850 1269 4889 osse
1297 4851 1450 4893 sacro
1477 4846 1528 4891 et
1559 4835 1625 4891 de
1643 4835 1928 4905 pudendis.

530 5014 601 5068 At
649 5013 802 5079 illud,
852 5016 998 5084 quod
1047 5022 1236 5070 exacte
1293 5013 1603 5070 lumborum
1641 5015 1879 5071 medium
1929 5027 2034 5083 est,

461 5103 606 5175 quod
641 5103 943 5160 sedimento
982 5103 1364 5174 supereminet,
1403 5118 1622 5160 sacrum
1661 5119 1724 5159 os
1758 5121 2043 5176 nuncupa—

2058 4833 2110 4893 D
2136 4839 2280 4907 Κεφ.
2325 4839 2451 4892 KA'.
2483 4866 2551 4878 —
2601 4837 2744 4906 Περὶ

2801 4836 2961 4903 ἱεροῦ
3008 4836 3224 4917 (ἰστέον
3279 4837 3380 4892 καί
3433 4837 3574 4906 περὶ
3617 4837 3730 4892 τοῦ

2778 4922 3074 4976 πρωκτου.

2214 5021 2290 5074 Τὸ
2312 5020 2371 5074 δὲ
2414 5020 2590 5092 ἄκρον
2628 5020 2728 5092 τῆς
2775 5019 2980 5088 ὀσφύος
3007 5019 3203 5075 όστοῢν
3241 5019 3382 5091 πρὸς
3415 5019 3518 5092 τὴν
3561 5019 3730 5092 ἐδραν

2141 5111 2420 5183 ἀνώτερον
2434 5112 2481 5144 ³⁸
2528 5113 2688 5180 ἱερὸν
2738 5110 2959 5165 ὀστέον
2985 5111 3028 5144 ³⁷
3065 5111 3315 5165 καλεῖται
3338 5126 3353 5142 ο
3397 5109 3433 5183 ἢ
3464 5112 3553 5165 ὅτι
3585 5112 3730 5181 μέγα

465 5206 576 5260 tur,
608 5195 680 5250 ob
704 5194 758 5250 id
781 5195 1051 5263 videlicet,
1067 5194 1216 5266 quod
1239 5210 1494 5266 magnum
1513 5196 1585 5253 sit
1603 5180 1880 5268 (magnum
1896 5199 2025 5254 enin

2149 5180 2502 5272 tactmepew
2525 5200 2582 5255 δὲ
2611 5200 2674 5255 τδ
2702 5200 2848 5271 μέγα
2869 5200 2944 5233 ιε-
2969 5201 3003 5271 si
3035 5200 3118 5254 ὅτι
3147 5200 3342 5273 κύριον
3368 5180 3596 5255 mea.
3620 5201 3729 5271 γὰρ

463 5303 683 5344 sacrum
716 5288 850 5344 dicit
886 5289 1070 5358 solet),
1100 5289 1216 5345 sive
1244 5290 1388 5361 quod
1429 5289 1554 5345 vitae
1588 5288 1758 5345 latum
1810 5291 2042 5358 obtinet,

569 5468 613 5499 ²¹
657 5466 848 5544 ἐπειδὴ
892 5467 950 5522 Β.
1009 5471 1074 5544 μ’·
1126 5470 1160 5539 ἡ
1211 5485 1340 5544 (pug.
1400 5472 1512 5544 τοῖς
1550 5469 1789 5544 ’μορηΒΑ
1821 5469 1880 5524 1³.
1953 5471 2003 5544 _”
2040 5487 2348 5544 περιττωμ.
2377 5472 2462 5544 ’μὴ
2499 5471 2798 5544 δυνάμενοι
2851 5469 2946 5524 τὸν
2977 5427 3328 5544 ἐμτέπξοντᾼα
3352 5487 3421 5540 χυ

466 5606 564 5671 tax
621 5603 680 5657 Β·
761 5605 807 5637 ’⁸

2149 5293 2368 5363 ἀναιρεῖ
2389 5311 2403 5325 ο
2435 5292 2469 5362 ἢ
2496 5293 2577 5348 ὄτι
2615 5293 2938 5365 ίερούργουν
2957 5292 3090 5348 αὐτὸ
3116 5295 3231 5357 τοῖς
3255 5292 3482 5363 δαίμοσι
3507 5293 3553 5326 ³⁹
3585 5293 3728 5347 κατὰ

3429 5469 3536 5538 μδν
3565 5468 3725 5525 ἀποδ.

834 5608 866 5681 ῄ
894 5608 1184 5681 κυστιΒ.“
1211 5611 1261 5681 ’ξ
1295 5608 1350 5660 δὲ
1377 5610 1596 5681 οιηκΒ.
1663 5610 1708 5642 ³ο
1739 5609 1992 5681 νίφεσθαι
2030 5608 2090 5663 Β.
2143 5611 2212 5681 _“
2243 5611 2313 5663 τὰ
2347 5625 2460 5666 om.
2501 5610 2564 5664 Β.
2628 5608 2687 5644 ’³³
2711 5608 3014 5681 ’πεφυκυῖα
3041 5608 3101 5681 ᾃΒ
3124 5609 3170 5681 t:
3213 5608 3303 5681 1).Δ
3349 5608 3628 5681 ξίτρύμα

467 5533 525 5587 Ρ.
561 5545 696 5592 text.
774 5533 1180 5608 ’δ’συχνότερον
1223 5533 1399 5592 ’τοῦτο
1444 5533 1505 5593 Β.
1546 5533 1606 5593 li.
1650 5533 1730 5573 ’³⁸
1774 5541 1833 5593 ἐν
1873 5539 2024 5595 τούτ.

467 5606 564 5663 ὲρχ
621 5603 680 5657 Β.
761 5605 807 5637 ’³
834 5608 866 5663 ἠ
894 5625 1050 5661 κυστ.
1080 5608 1140 5662 Β.
1211 5611 1261 5640 ³³
1295 5608 1350 5660 δὲ
1377 5625 1488 5663 om.
1527 5610 1586 5662 Β.
1663 5610 1708 5642 ³ο
1739 5609 1992 5663 νίφεσθαι

2131 5543 2178 5603 ῖς
2214 5533 2343 5595 τόπ.
2374 5533 2462 5595 Β.’
2515 5543 2561 5574 ⁸⁸
2605 5533 2896 5613 ἢ’ἀργεϊον
2923 5533 3033 5595 σπη’.
3074 5539 3115 5593 Β
3140 5538 3201 5595 C.
3281 5540 3325 5572 "
3354 5533 3521 5610 ’πρὸς
3568 5557 3725 5663 vacas.

2169 5611 2212 5643 ³⁸
2243 5611 2313 5663 τὰ
2347 5625 2460 5663 om.
2501 5610 2564 5663 Β.
2642 5611 2687 5644 ³²
2734 5611 3014 5663 πεφυκυῖα
3060 5608 3170 5663 BC
3213 5608 3276 5663 P.
3353 5609 3404 5642 ⁸⁸
3434 5611 3628 5663 τούιια
3710 5651 3723 5662 .

471 5670 513 5698 ³³
536 5670 601 5721 τὸ
629 5671 692 5723 Β.
795 5670 980 5727 ³⁵’καὶ¹
1012 5673 1123 5728 οἷον
1154 5675 1191 5728 Β
1225 5677 1286 5729 Ρ.

474 5735 516 5766 ³⁸
539 5737 660 5789 αὐτ.
681 5740 731 5789 οί
758 5741 910 5793 Ἒλλ.
942 5759 994 5798 τ.
1021 5745 1173 5812 δαιμ.
1195 5745 1233 5798 Β
1263 5746 1324 5800 C.

1383 5679 1428 5710 ³⁶
1453 5679 1553 5751 τῆς
1580 5680 1705 5751 ὁσφ.
1749 5677 1912 5751 μέσον
1941 5680 2017 5745 ὡς
2062 5679 2198 5754 πρὸς
2227 5698 2276 5736 τ.
2311 5681 2426 5752 ἔδρ.
2462 5683 2549 5736 ἀν.
2586 5681 2686 5756 Β.,
2726 5677 2994 5756 ³⁷δόστοῦν
3037 5679 3078 5736 Β
3122 5679 3183 5735 Ρ.
3261 5677 3307 5711 ³⁸
3349 5677 3610 5738 haec—oni.
3663 5677 3722 5734 Β.
