4006 6158
473 247 610 303 1239
1763 249 2044 308 Μειετιι
2082 254 2400 313 λιθΝΑοιιι
3601 263 3763 318 1250

474 359 782 432 ἑμπρόσθια
840 359 978 431 μέρη
1007 354 1306 446 εἶναιηιοο
1347 368 1450 424 est,
1500 362 1648 430 quod
1700 364 1752 417 in
1791 367 2048 422 anteriori

2163 371 2213 423 τὸ
2240 372 2486 440 ἅπτομαι
2517 374 2611 426 καὶ
2642 374 2849 442 κνήθω.
2871 374 3132 445 Κνησμὸς
3164 375 3271 446 γάρ
3293 375 3379 438 τίς
3401 377 3520 428 ἔστι
3553 377 3622 429 τὸ
3647 377 3762 444 τῆς

475 458 626 520 parte
660 449 826 504 situm
851 447 1077 510 habeat;
1113 445 1342 516 βάλανον
1367 456 1570 512 autem,
1599 449 1849 519 glandem
1877 453 2049 521 ipsam

2163 461 2352 529 ἡδονῆς
2369 463 2432 530 φ.
2463 463 2850 532 Σηραγγῶδες
2880 465 3100 531 νεῦρον
3132 467 3198 527 (⁸,
3229 445 3314 518 ὅτι
3349 464 3482 517 ποτὲ
3518 464 3626 532 μὶν
3653 464 3765 516 a6-

477 541 549 595 ob
577 540 636 594 id'
654 538 922 604 dictitant,
948 541 1094 608 quod
1117 538 1330 609 glandis
1359 539 1769 594 similitudinem
1805 543 1893 597 illa
1923 559 2052 614 pars

475 645 586 699 prae
602 645 658 684 se
691 629 824 684 ferat
852 647 866 684 :
908 629 1062 700 ψωλή
1095 645 1224 684 vero
1253 630 1428 698 penis,
1455 631 1525 684 ob
1554 631 1605 684 id
1627 631 1847 697 dicitur,
1901 635 2053 706 παρὰ

475 722 537 773 τὸ
568 720 782 790 ψωλέω,
817 720 886 774 ab
919 721 1146 776 humore
1177 721 1444 785 videlicet,
1478 723 1592 778 sive
1623 724 1852 792 spiritus
1883 725 2052 780 emis-

477 814 652 876 sione,
682 813 833 882 quia,
869 827 991 866 cum
1021 811 1110 866 tali
1140 822 1332 866 natura
1363 813 1622 882 praeditus
1655 815 1744 879 sit,
1783 828 1914 870 tunc
1942 832 2053 870 ma-

2160 551 2262 616 ξει,
2283 554 2414 606 ποτὲ
2441 555 2498 607 δὲ
2525 556 2680 625 λήγει
2706 556 3048 628 σηρούμενον
3063 558 3129 621 ⁸⁷,
3153 557 3412 627 καθάπερ
3439 560 3499 611 αἱ
3527 560 3600 628 σή
3613 575 3762 626 ραγ-

2159 644 2336 710 γεςθθ.
2369 647 2607 712 Ravide
2632 647 2711 708 δὲ,
2732 648 2806 711 ὼς
2836 649 3111 718 ἐπίμηκες
3141 665 3156 679 ·
3191 650 3303 702 πᾶν
3327 649 3764 720 γὰρτὲπίμηκες

2160 731 2325 793 αύλός
2351 748 2364 760 ’
2425 734 2724 804 προσθέσει
2771 733 2866 790 οὖν
2900 737 2994 790 τού
3029 739 3151 802 ac",
3183 739 3418 802 καυλός’
3454 739 3547 792 διὰ
3581 739 3765 792 τοῦτο

2160 820 2216 872 δὲ
2239 827 2656 895 κατεσκευάσθη
2683 828 2981 898 ἐπίμηκες,
3008 831 3097 882 ἵνα
3122 830 3315 901 ὥσπερ
3342 831 3408 883 ὲκ
3445 831 3763 900 σφενδόνης

416 901 422 908 ’
475 905 622 957 xime
668 903 722 956 in
759 912 1025 956 tumorem
1061 902 1304 972 erigitur,
1352 918 1476 957 cum
1523 919 1878 960 venereornm
1909 907 2058 976 cupi-

2163 915 2516 986 παραπὲμπῃ
2539 917 2584 946 ⁷⁰
2616 917 2716 987 τὴν
2747 919 2914 988 γονὴν
2953 922 3012 971 ἐν
3061 923 3128 991 τῇ
3180 922 3367 991 μήτρᾳ.
3404 923 3502 974 ἐπὶ
3541 922 3760 990 μῆκος.

419 1012 428 1022 ·
476 994 602 1048 dine
629 995 951 1064 exagitator.
991 994 1115 1048 Sive
1148 994 1271 1048 inde
1309 995 1510 1048 dictum
1555 997 1744 1050 volunt
1771 996 1878 1066 ψῶ,
1908 998 2055 1068 quod

2163 1004 2255 1054 καὶ
2289 1006 2373 1073 μὴ
2388 1006 2743 1074 ἀπομένουσα
2775 1007 2900 1072 ἔξω,
2925 1011 3184 1072 ἀτεκνίας
3205 1012 3247 1041 ⁷¹
3286 1013 3461 1064 αῐτιον
3496 1012 3759 1080 γίνηται.

475 1093 558 1140 est
588 1097 764 1155 tango,
819 1097 874 1141 et
921 1087 1124 1155 prurio,
1159 1102 1283 1140 nam
1327 1103 1435 1157 pra:
1461 1089 1580 1157 ejus
1604 1098 1770 1154 tactu,
1837 1091 2084 1160 pruritus
2121 1095 2340 1162 quidam
2415 1099 2709 1166 voluptatis
2782 1100 2837 1153 in
2922 1116 2988 1155 eo
3043 1104 3314 1168 sentitur,
3373 1102 3757 1173 σηραγγῶδες

475 1177 687 1248 νεῦρον,
716 1180 838 1240 hoc.
873 1195 1096 1233 nervum
1131 1179 1372 1235 fistulare
1402 1181 1471 1234 ob
1501 1182 1552 1235 id
1601 1182 1804 1237 dictum
1839 1191 2049 1253 putant,
2083 1189 2230 1256 quod
2291 1190 2344 1243 in
2379 1199 2526 1245 tactu
2603 1194 3064 1262 quemadmodum
3116 1196 3297 1250 fistula
3330 1211 3756 1264 nonnunquam

477 1269 696 1332 crescit,
753 1270 1077 1338 quandoque
1123 1286 1252 1325 vero
1306 1271 1590 1325 mit'ntitur.
1625 1272 1732 1328 Sed
1799 1285 1852 1328 et
1894 1276 2088 1339 καυλός
2132 1281 2285 1347 penis
2329 1293 2696 1352 nuncupatur,
2727 1286 2798 1338 ob
2825 1285 2908 1340 sui
2979 1287 3375 1357 longitudinem
3407 1287 3589 1341 caulis
3650 1302 3760 1339 no-

479 1377 602 1416 men
629 1363 939 1430 desumens.
976 1361 1084 1416 Ilac
1119 1363 1264 1416 enim
1293 1364 1358 1416 de
1392 1380 1582 1427 causa,
1612 1375 1806 1420 natura
1841 1382 1965 1422 eum
1995 1369 2050 1422 in
2089 1369 2310 1441 longum
2366 1383 2683 1442 protensum
2719 1379 3026 1442 constituit,
3096 1379 3174 1432 uti
3197 1379 3354 1447 quasi
3379 1395 3409 1432 e
3440 1379 3640 1431 funda.
3683 1380 3760 1429 ah

479 1455 621 1524 ipso,
645 1455 876 1524 genitale
911 1471 1095 1510 semen
1153 1457 1206 1509 in
1255 1456 1471 1510 vulvam
1496 1458 1816 1528 ejaculctur,
1847 1476 1914 1514 ne
1965 1460 2193 1528 scilicet,
2247 1464 2290 1519 si
2334 1465 2499 1520 aliam
2556 1465 2782 1522 haberet
2841 1467 3094 1534 formam,
3155 1470 3400 1525 exterius
3443 1469 3759 1537 manendo,

481 1547 787 1602 sterilitatis
817 1562 984 1602 causa
1016 1546 1341 1602 efﬁceretur.

553 1639 665 1694 Hoc
686 1649 864 1693 autem
889 1639 1486 1710 membrum,.undiqne
1516 1657 1806 1696 nervorum
1841 1655 2058 1697 muscu-

2234 1641 2388 1696 Ἐστι
2416 1644 2476 1697 δὲ
2523 1645 2790 1715 νευρῶδες
2812 1647 2856 1676 τ’
2898 1645 3144 1710 δι’-ὅλου,
3197 1645 3336 1715 μετὰ
3370 1647 3525 1715 μυῶν
3555 1651 3628 1719 τῇ
3658 1651 3759 1702 ού-

481 1731 769 1800 lorumque
817 1741 978 1802 atque
1025 1733 1352 1787 arteriarum
1399 1734 1553 1802 copia
1616 1733 1898 1803 praeditum
1921 1742 2006 1789 est
2036 1751 2054 1788 :

481 1825 773 1894 siquidem,
801 1823 1000 1895 duplici
1033 1825 1190 1878 ollicii
1213 1825 1494 1879 fnnctione
1521 1825 1712 1892 utitur,
1737 1825 1930 1889 altera,
1960 1840 2058 1893 ge-

484 1917 665 1970 nitalis
689 1916 913 1972 seminis
939 1915 1271 1984 cjaeulamli,
1296 1917 1467 1971 altera
1492 1916 1702 1970 humidi
1721 1915 2057 1971 excrementi

480 2008 801 2063 excernendi
821 2008 1003 2062 munia
1031 2005 1539 2082 peragendaallrina
1563 2019 1742 2062 autem
1776 2007 2058 2078 sanguinis

481 2097 762 2153 tlefzecatio
793 2100 906 2153 sive
955 2101 1118 2152 totius
1152 2098 1390 2152 alimenti
1428 2113 1617 2154 serosa
1665 2098 1918 2153 materies
1952 2107 2057 2152 est.

480 2191 551 2243 At
609 2198 775 2244 testes
841 2188 918 2242 illi
985 2189 1166 2258 ὄρχεις
1219 2175 1311 2240 καὶ
1361 2189 1533 2258 μήδεα
1592 2198 1930 2258 nuncupant.
1995 2188 2062 2241 Et

484 2281 659 2351 μήδεα
683 2280 926 2350 quidem.
983 2281 1051 2333 ob
1085 2281 1136 2333 id
1167 2274 1378 2346 dicunt,
1415 2282 1566 2352 παρὰ
1612 2280 1672 2334 τὺ
1728 2281 1940 2350 μήδειν,
1969 2280 2062 2332 καὶ

481 2373 670 2442 ἄρχειν
718 2372 818 2442 τῆς
860 2374 1074 2440 γενεᾶς,
1116 2371 1260 2440 quod
1296 2373 1547 2426 videlicet
1574 2373 1907 2442 generationi
1934 2387 2063 2440 pra:-

483 2465 594 2517 sint
619 2480 681 2518 ac
704 2464 1069 2518 dominentur.
1104 2462 1168 2518 Et
1191 2463 1354 2532 hujus
1374 2464 1753 2534 appellationis
1775 2478 1970 2517 nomen
1994 2463 2062 2517 ad

484 2552 779 2608 Homerum
817 2565 1092 2608 auctorem
1121 2553 1374 2619 refertur,
1401 2554 1493 2622 qui
1515 2554 1592 2607 ait
1615 2572 1626 2606 :
1650 2552 1889 2606 Desectos
1911 2562 2062 2604 testes

484 2645 704 2698 canibus
733 2644 890 2698 dabo.
923 2643 1079 2699 Cutis
1103 2653 1282 2698 autem
1317 2659 1520 2713 crispa,
1547 2659 1668 2712 quae
1701 2644 1848 2712 ipsos
1871 2643 2062 2706 ambit,

484 2734 692 2804 όσχεὸς,
722 2734 774 2788 id
798 2744 882 2790 est
910 2745 1152 2790 scrotum
1177 2735 1398 2797 dicitur,
1448 2733 1556 2788 ἀπὸ
1583 2732 1678 2786 τοῦ
1709 2733 2064 2804 περισκέπειν

485 2827 642 2890 αὑτά,
675 2828 773 2896 ιι
787 2829 830 2897 ι
862 2827 912 2882 id
931 2837 1038 2895 est,
1062 2829 1205 2897 quod
1229 2829 1379 2898 ipsos
1403 2835 1566 2896 tegat,
1586 2826 1851 2894 veletque.
1884 2823 2062 2894 Ipsum

485 2921 630 2973 enim
678 2930 945 2986 scrotum,
993 2929 1182 2982 testes,
1228 2930 1547 2988 meatusque
1592 2918 1812 2986 genitali
1869 2917 2064 2972 semini

2160 1735 2251 1803 at;
2273 1735 2318 1764 ⁷³
2348 1734 2471 1804 ἕχον
2495 1736 2542 1766 ⁷⁸
2591 1737 2686 1789 καὶ
2717 1737 2946 1805 φλέϐας,
2987 1737 3087 1789 καὶ
3123 1739 3318 1808 χρείας
3345 1739 3522 1803 mla"
3577 1743 3758 1811 ἀρτη-

2160 1826 2303 1896 ρίας.
2343 1827 2406 1878 Ἡ
2445 1827 2500 1880 δὲ
2535 1829 2695 1897 χρεία
2747 1829 2912 1882 αὑτοῦ
2969 1830 3157 1900 διττήο
3210 1831 3349 1900 πρός
3378 1849 3438 1883 τε
3464 1831 3758 1895 ἐξακοντιο

2145 1918 2300 1986 ,σμὸν
2331 1921 2651 1988 σπέρματος
2671 1937 2684 1950 ’
2724 1921 2819 1973 καὶ
2854 1921 2992 1992 πρὸς
3023 1923 3372 1975 ὰποκένωσιν
3405 1923 3503 1976 τοῦ
3531 1925 3710 1995 οὔρου
3739 1941 3756 1955 ⁸

2161 2004 2321 2077 οὖρον
2365 2007 2425 2074 δέ
2479 2011 2627 2061 ἐστιν
2673 2008 2735 2062 τὸ
2799 2010 3124 2081 περιήθημα
3144 2012 3187 2042 ⁷⁸
3237 2012 3335 2066 τοῦ
3389 2013 3664 2083 αἱματος’
3723 2018 3759 2084 ἢ

2159 2099 2320 2172 όῤῥὺς
2348 2101 2446 2168 τῆς
2478 2101 2774 2170 συμπάσης
2804 2103 3034 2172 τροφῆς.
3059 2104 3124 2156 Oi
3154 2103 3392 2172 δίδυμοι
3417 2107 3516 2158 καὶ
3547 2106 3763 2174 ὄρχεις

2162 2191 2450 2244 καλοῦνται
2489 2193 2584 2245 καὶ⁵
2626 2192 2823 2261 μήδεα
2847 2209 2862 2224 ·
2888 2194 3043 2266 παρὰ
3089 2194 3152 2248 τὸ
3196 2195 3391 2266 μήδειν
3420 2198 3521 2252 καὶ
3559 2198 3765 2268 ἄρχειν

2161 2283 2261 2354 τῆς
2282 2286 2478 2352 γενεᾶς
2496 2301 2508 2313 ·
2548 2286 2642 2338 καὶ
2670 2285 2948 2357 Ὅμηρος,

2238 2548 2444 2615 IlI-1381a
2477 2548 2528 2600 δ’
2559 2549 2858 2618 ἐξερύσας
2876 2551 2924 2583 ⁷⁷
2945 2550 3120 2604 δώσω
3156 2553 3305 2606 κυσί
3319 2552 3408 2623 (ἰ).

2166 2638 2240 2690 Τὸ
2275 2638 2332 2690 δὲ
2365 2639 2622 2709 πριέχον
2666 2643 2865 2705 αὐτοὺς
2915 2643 3095 2713 δέρμα
3134 2644 3356 2712 ὀσχεός
3411 2645 3765 2715 ὠνομάσθη·

2165 2729 2274 2781 ἀπὸ
2330 2729 2426 2782 τοῦ
2480 2731 2760 2802 περιέχειν
2816 2733 2886 2787 τὰ
2938 2735 3033 2787 ὑπ’
3068 2735 3235 2789 αὑτοῦ
3279 2737 3668 2806 περισχόμενα
3693 2741 3766 2792 ⁷⁸.

2172 2820 2403 2888 Ὄρχεις
2434 2839 2510 2891 φη
2519 2825 2579 2890 μὶ
2611 2825 2706 2876 καὶ
2728 2825 3138 2892 παραστάτας,
3161 2828 3258 2879 καὶ
3274 2829 3342 2881 τὰ
3371 2830 3771 2897 σπερματικά

2168 2911 2406 2980 ἀγγεῖα·
2447 2915 2543 2966 καὶ
2591 2915 2684 2968 τὸν
2729 2917 3144 2984 ιῑῖλυτροειδῆτ⁹
3182 2919 3424 2986 χιτῶνα,
3479 2922 3579 2973 καὶ
3631 2923 3769 2988 τοὺς

486 3011 1017 3077 accommodatos,et
1037 3012 1276 3079 ejusdem
1296 3015 1520 3066 seminis
1539 3027 1688 3076 vasa,
1716 3011 2062 3065 auxiliarem-

2163 3003 2434 3072 δαρτούς.
2464 3006 2652 3060 Ταῦτα
2674 3008 2783 3076 γὰρ
2801 3009 2980 3062 πάντα
3001 3009 3048 3040 ⁸⁸
3070 2984 3190 3063 ὑπο
3204 2984 3300 3062 τοῦ
3331 3011 3528 3081 όσχεοῦ
3587 2984 3765 3083 περι-ζ

484 3119 592 3172 que
633 3103 893 3166 tunicam,
931 3112 985 3156 et
1023 3104 1242 3158 testium
1302 3104 1755 3166 membranulam,
1809 3103 2061 3156 universa

2163 3093 2374 3164 ,ἐχεταιη
2411 3098 2647 3166 Ὀρχεις
2681 3099 2802 3168 μὲν,
2842 3100 2996 3170 παρὰ
3049 3100 3112 3154 τὸ
3150 3103 3233 3164 είς
3255 3102 3302 3133 ⁸⁸
3356 3103 3428 3156 τὰ
3460 3103 3774 3172 ἀφροδίσια

490 3195 606 3246 haec
637 3193 1066 3260 comprehendit.
1120 3191 1256 3246 Nam
1307 3193 1480 3248 Graeci
1529 3202 1694 3248 testes
1721 3193 1868 3260 ipsos
1901 3192 2062 3262 hujus

2169 3187 2438 3256 παρέχειν
2469 3188 2568 3258 τὴν
2597 3188 2808 3259 ὄρεξινο
2841 3191 2874 3262 ἢ
2900 3187 3013 3245 οἷον
3043 3191 3249 3263 ἐρχεις,
3285 3195 3367 3256 είς
3397 3193 3493 3256 οὓς
3529 3194 3772 3264 ἔρχεται
3871 3249 3878 3252 ,

489 3286 664 3356 gratia
698 3284 880 3353 ὄρχεις
911 3285 1092 3340 dicere
1129 3293 1551 3349 consueverunt,
1587 3285 1734 3354 quod
1769 3285 2062 3353 appetitum

2172 3277 2206 3346 ἡ
2250 3278 2419 3348 γονήο
2479 3279 2597 3333 ἐστι
2636 3280 2696 3333 δὲ
2749 3280 2998 3352 αύτῶνὴ
3057 3283 3216 3336 οὐσία
3241 3285 3286 3317 ⁸⁸
3339 3284 3619 3356 ἀδενώδης
3669 3289 3774 3342 καὶ

490 3380 557 3434 ad
593 3394 842 3442 venerea,
871 3379 1015 3448 quod
1051 3377 1129 3432 illi
1170 3377 1348 3448 ὄρεξιν
1379 3378 1590 3442 dicunt,
1627 3386 1936 3446 suggerant.
1969 3375 2062 3430 Vel

2171 3367 2426 3440 ψαφαρὰ,
2461 3372 2812 3443 πεποιημένη
2865 3375 2950 3437 εἰς
2989 3375 3090 3446 τὴν
3115 3375 3212 3428 τοῦ
3258 3376 3583 3447 σπέρματος
3613 3379 3774 3446 γόνι-

490 3469 645 3538 quasi
678 3467 878 3540 ἔρχεις,
928 3469 1032 3525 hoc
1081 3477 1166 3524 est
1197 3483 1474 3533 accessus,
1527 3469 1607 3532 εἰς
1643 3467 1736 3531 οὓς
1763 3467 1982 3538 ἔρχεται
2029 3469 2062 3537 ἡ

2176 3478 2276 3531 μον
2291 3460 2544 3533 δύναμιν.
2572 3467 2633 3518 Ol
2655 3465 2713 3517 δὲ
2739 3467 3114 3533 παραστάται
3134 3469 3204 3532 ⁸³,
3230 3470 3279 3522 oi
3299 3470 3396 3522 καὶ
3418 3471 3775 3541 κρεμαστῆο

492 3562 648 3632 γονή,
685 3561 831 3630 quod
896 3562 1142 3617 videlicet
1170 3561 1402 3632 genitale
1451 3576 1637 3616 semen
1684 3560 1738 3614 in
1761 3575 1852 3616 eos
1881 3575 2072 3630 perve-

493 3654 629 3709 niat.
663 3653 981 3713 Substantia
1005 3664 1184 3709 autem
1218 3653 1437 3708 testium
1471 3651 1848 3708 tonsillaribus
1873 3650 2068 3706 referta

494 3746 774 3808 carnibus,
796 3754 850 3799 et
881 3760 1003 3800 rara
1027 3752 1132 3808 est,
1179 3759 1286 3814 qua
1339 3744 1406 3798 ad
1445 3743 1693 3812 genitalis
1722 3742 1946 3798 seminis
1975 3757 2069 3812 ge-

497 3834 720 3888 nitivam
755 3835 882 3898 vim,
939 3843 1131 3889 natura
1177 3835 1479 3890 constituit.
1509 3831 1671 3887 Nervi
1722 3843 1904 3887 autem
1945 3833 2072 3902 ipsi,

497 3939 636 3993 quos
669 3933 860 3978 natura
884 3925 951 3978 ad
991 3925 1224 3994 genitale
1278 3941 1464 3980 semen
1521 3925 1789 3996 delegavit
1817 3925 1894 3979 illi
1923 3932 2072 3990 sunt,

497 4029 528 4067 a
555 4013 754 4082 quibus
789 4022 952 4068 testes
973 4013 1314 4084 dependent;
1351 4014 1445 4083 qui
1475 4013 1826 4068 cremasterei
1877 4014 2074 4069 dicun-

499 4112 608 4168 tur,
637 4105 840 4173 quique
885 4105 1210 4159 membranre
1253 4120 1373 4173 quae
1397 4103 1549 4158 dorsi
1604 4102 1896 4157 medullam
1923 4118 2076 4158 com-

2165 3569 2273 3620 ρες
2303 3552 2615 3624 λεγόμενοι,
2651 3555 2884 3624 ἔκφυσίς
2915 3558 3032 3610 ἐστι
3063 3558 3109 3590 ⁸⁸
3131 3557 3229 3612 τοῦ
3263 3559 3522 3613 νωτιαίου
3551 3561 3772 3630 μυελοῦ

2171 3645 2275 3715 τῆς
2307 3648 2577 3716 μήνιγγος
2597 3664 2612 3678 ο
2648 3650 2746 3702 σὺν
2772 3649 2968 3718 φλεψὶν
3010 3649 3409 3722 ἁρτηριώδεσιν
3440 3653 3500 3704 ὲν
3527 3655 3650 3715 τοῖς
3683 3654 3774 3706 δι-

2173 3734 2364 3806 δύμοις
2399 3737 2742 3810 καθήκουσαι
2772 3756 2786 3771 ο
2837 3739 2904 3793 δι’
2945 3733 3021 3794 ὧν
3054 3743 3087 3811 ἠ
3113 3741 3211 3793 τοῦ
3243 3742 3570 3812 σπέρματος
3599 3745 3684 3806 εἰς
3709 3743 3775 3796 τδ

2171 3829 2372 3883 αἰδοῖον
2415 3831 2627 3898 γίνεται
2657 3832 2903 3902 πρόεσις.
2930 3833 3173 3902 Σπέρμα
3197 3833 3293 3887 οὖν
3316 3833 3561 3901 λέγεται,
3587 3834 3682 3886 διὰ
3712 3835 3775 3888 τὺ

2173 3923 2631 3994 συνεσπαρμένην
2671 3924 2819 3994 ἔχειν
2865 3926 2925 3977 ὲν
2973 3925 3156 3997 ἐαυτῷ
3188 3925 3289 3996 τὴν
3331 3928 3432 3996 τῆς
3475 3925 3775 3994 δυνάμεως

2168 4020 2508 4094 τελειότητα,
2547 4023 2643 4078 τοῦ
2692 4022 2951 4091 γενέσθαι
2973 4019 3188 4075 ,τοιόνδε
3221 4019 3284 4071 τὸ
3314 4017 3455 4082 ζῶον
3479 4015 3540 4080 ἐξ
3573 4009 3650 4070 ὧν
3672 4017 3775 4070 καὶ

2176 4113 2482 4185 ἀπεκρίθη.

499 4195 749 4264 plectitur
768 4210 1059 4265 processus
1086 4204 1234 4262 sunt,
1261 4196 1354 4264 qui
1378 4195 1596 4264 quidem
1626 4209 1917 4265 processus
1943 4209 2069 4250 cum
2107 4204 2262 4260 venis
2323 4206 2676 4262 arterialibus
2709 4206 2941 4260 testibus
2991 4203 3336 4259 acclinantur
3370 4219 3385 4255 :
3415 4216 3544 4255 nam
3577 4214 3774 4255 semen

498 4289 733 4360 genitale
791 4288 864 4342 illi
935 4288 1155 4358 σπέρμα
1207 4287 1415 4353 dicunt,
1455 4287 1601 4356 quod
1643 4287 1764 4342 talis
1819 4285 2076 4344 animalis
2113 4293 2390 4366 gignendi,
2425 4300 2590 4371 quale
2617 4309 2703 4355 est
2736 4299 2869 4353 illud
2927 4313 2961 4352 a
3005 4311 3120 4367 quo
3161 4295 3486 4360 secernitur,
3513 4307 3774 4364 sparsam

500 4383 556 4436 in
587 4395 645 4436 se
673 4379 944 4435 facultatis
982 4378 1367 4449 perfectionem
1403 4379 1702 4436 contineat.

571 4473 715 4529 Vasa
740 4476 920 4543 itaque
937 4473 1287 4542 spermatica,
1311 4488 1462 4529 venae
1505 4483 1652 4540 sunt,
1691 4490 1724 4529 a
1763 4490 1897 4532 cava
1943 4491 2062 4532 ven:

2259 4479 2342 4533 Τὰ
2368 4479 2725 4552 σπερματικὰ
2750 4481 2934 4535 τοίνυν
2973 4481 3196 4548 ἀγγεῖα,
3231 4478 3434 4548 φλέϐες
3466 4477 3636 4546 εἰσιν,
3663 4478 3778 4532 ἀπὸ

500 4568 878 4637 procedentes,
916 4581 1037 4636 quae
1077 4565 1246 4634 spina:
1271 4579 1303 4618 a
1350 4581 1568 4621 summo
1606 4568 1672 4622 ad
1703 4567 1874 4622 imum
1903 4583 2062 4638 usque

2183 4571 2284 4640 τῆς
2305 4571 2493 4641 κοίλης
2525 4573 2570 4605 ⁸⁵
2597 4571 2793 4642 φλεϐὸς
2822 4572 3120 4643 ἐρχόμεναι
3146 4570 3219 4636 ⁸⁸,
3247 4571 3372 4640 ἥτις
3399 4569 3683 4624 ἐπίκειται
3707 4573 3776 4638 τῇ

502 4675 736 4730 superne
754 4658 1076 4730 applicatur.
1099 4657 1174 4711 Ex
1192 4657 1325 4727 ipsis
1354 4665 1536 4714 autem
1554 4660 1710 4716 venis
1733 4661 1964 4717 testibus
1983 4661 2062 4716 alii

2189 4659 2317 4731 ράχι
2341 4660 2407 4725 ⁸⁷,
2431 4659 2642 4714 ἀνωθεν
2669 4660 2775 4723 ἕως
2809 4661 2984 4716 κάτω.
3021 4659 3101 4714 Δι’
3122 4653 3198 4716 ὧν
3222 4659 3442 4729 φλεϐῶν
3473 4660 3526 4712 οἱ
3554 4659 3778 4728 δίδυμοι

503 4762 747 4809 mentum
767 4752 1233 4824 suppeditatur,et
1255 4751 1360 4806 illae
1388 4753 1590 4807 suntin
1613 4754 1813 4823 quibus
1838 4755 2062 4824 primun

2186 4750 2482 4819 τρέφονται
2510 4769 2525 4782 ο
2555 4752 2616 4802 ὲν
2645 4750 2876 4814 ταύταις
2910 4750 3020 4819 γὰρ
3057 4750 3118 4803 τὸ
3147 4749 3387 4821 ὀρρῶδες
3421 4749 3601 4820 ὑγρὸν
3619 4748 3778 4818 πρῶ-

503 4861 722 4902 serosus
736 4845 1053 4901 commutati
1085 4844 1369 4913 sanguinis
1390 4845 1599 4908 humor,
1619 4845 2062 4914 quemadmodun

2186 4857 2282 4892 τον
2328 4841 2594 4906 τίκτεται,
2645 4840 3080 4911 μεταϐληθέντος
3112 4838 3210 4893 τοῦ
3240 4839 3477 4908 αἵματος
3517 4838 3777 4907 καθάπερ

506 4941 559 4994 in
586 4938 800 5010 papillis
817 4935 1108 4991 mulierum
1132 4937 1216 4991 lac
1233 4945 1641 5006 progeneratur.
1662 4935 1847 5006 Itaque
1871 4936 2062 4990 arteria

2191 4933 2250 4984 ὲν
2281 4933 2400 4995 ταῖς
2428 4931 2632 4995 τιτθοϊς
2656 4932 2719 4984 τὸ
2741 4931 2906 5000 γάλα.
2945 4930 3241 4984 Πέττουσιν
3273 4930 3374 4999 μὲν
3395 4924 3494 4982 οὖν
3515 4931 3577 4981 αξ
3602 4929 3777 4997 ἀρτη-

508 5043 922 5100 \cn-.eque,quae
938 5027 993 5084 in
1025 5027 1257 5082 testibus
1279 5027 1395 5081 sitae
1412 5035 1558 5090 sunt,
1582 5027 1824 5080 alimenti
1849 5025 1929 5082 eis
1953 5043 2062 5096 sug‘

2195 5024 2309 5095 ρίαι
2347 5025 2444 5077 καὶ
2478 5024 2698 5094 φλέϐες,
2726 5025 2782 5076 αἱ
2815 5019 2974 5076 οὖσαι
3000 5025 3058 5074 ὲν
3089 5025 3203 5085 τοῖς
3234 5021 3503 5091 διδύμοις,
3533 5020 3602 5073 τὸ
3640 5016 3778 5090 αἷμα

508 5122 728 5192 gerendi
767 5120 937 5190 gratia
973 5117 1296 5190 sanguinem
1333 5117 1752 5187 concoquendo,
1825 5117 1880 5172 in
1933 5132 2062 5173 sero

2194 5117 2276 5178 εἰς
2307 5114 2368 5168 τὸ
2395 5113 2632 5186 ὀρρῶδες
2657 5113 2848 5185 ὑγρὸν,
2876 5114 2966 5167 ἵνα
3007 5111 3318 5184 τρέφωνται
3345 5127 3360 5142 ο
3387 5112 3474 5164 ὅτι
3509 5113 3580 5164 ὲκ
3612 5114 3779 5182 σπέρ-

576 5287 624 5321 ⁶¹⁹
646 5303 806 5356 κνησ.
830 5302 887 5354 γ.
915 5287 1028 5342 ἐστ.
1054 5289 1153 5357 τῆς
1175 5288 1260 5357 ἠδ.
1294 5287 1366 5357 Β,
1389 5285 1433 5316 ⁶⁶
1457 5299 1582 5357 σηρ.
1611 5283 1668 5336 δὲ
1699 5281 1947 5357 νευρ.-Βἒ
1975 5283 2020 5314 ⁸⁷
2051 5299 2179 5357 σςηρτ
2199 5297 2311 5357 om.
2433 5281 2730 5357 συρόμενον
2747 5279 2808 5334 C.
2835 5277 3408 5357 GZOEPLTIE(_B._“.¢6
3426 5293 3485 5329 κ.
3518 5277 3586 5328 Α.
3615 5278 3666 5357 ξς
3690 5292 3782 5357 παι

513 5346 794 5426 ριπέμπει
974 5359 1016 5388 ⁷⁸
1056 5346 1311 5428 ἀτεχνίας
1339 5355 1398 5410 Β.
1475 5346 1821 5428 τέ’νευρώδης
1844 5355 1884 5406 Β
1909 5352 1972 5407 C.
2051 5346 2226 5428 "fil?
2257 5352 2444 5428 οὐσίαν
2573 5346 2818 5428 ’τι-ἔχων
2915 5346 2981 5402 Ρζ
3010 5346 3381 5428 ιιυῇτῇρύσίᾳ
3415 5361 3531 5428 om.
3567 5347 3780 5428 -.τ’-καὶ

638 5417 832 5498 όιηηΒ
862 5427 920 5481 P.
997 5429 1044 5459 "
1078 5417 1404 5498 περίττώμα
1446 5426 1609 5498 et_sic
1639 5417 2062 5498 fere_'setitper._

2163 5417 2224 5498 ⁵δ’
2275 5420 2577 5498 ἐρύσας-Β.
2619 5417 3012 5498 Δξλτ⁸λπεριέχειν
3055 5417 3129 5498 τὲ
3179 5417 3489 5498 ἀγγεῖα-Βᾷ
3567 5417 3634 5498 '1
3659 5421 3782 5498 ἐρυ-

514 5484 727 5565 ἓροειδῆ
763 5497 822 5550 Β.
899 5499 944 5529 ⁸⁸
970 5484 1241 5551 ταῦτα’δὲ
1273 5484 1340 5548 πῖ
1374 5496 1430 5548 Β.
1507 5495 1551 5526 ⁸⁸
1579 5495 1717 5562 πρὸς
1743 5487 1875 5565 ΒΡ.
1913 5484 1924 5492 ’
1957 5494 2003 5525 ⁸³
2042 5493 2074 5564 ἡ
2115 5493 2235 5546 ούσ.
2271 5484 2455 5545 αὖτῶν
2483 5492 2542 5544 Β.
2617 5491 2666 5524 ⁸³
2694 5484 3058 5560 παραστάτας
3091 5487 3151 5542 Β.
3229 5488 3280 5519 ⁸⁸
3309 5489 3416 5540 εἰσὶ
3448 5487 3511 5542 Β.
3592 5487 3638 5520 ⁸³
3672 5484 3783 5540 atol-

515 5567 615 5634 λης
649 5585 758 5620 out.
797 5569 858 5619 A.
933 5569 980 5599 ⁸⁸
1010 5568 1284 5637 ἐρχόμενα
1315 5565 1354 5619 Β
1383 5566 1440 5620 Ρ.

594 5683 653 5748 ti)
689 5683 791 5736 οδ.
827 5684 888 5748 Σ,
918 5686 1004 5740 86.

1524 5565 1568 5614 '7
1605 5562 1834 5634 ῥάχηίι.
