4006 6158
337 296 471 400 te}:

1576 342 1666 399 DE
1702 343 1991 401 NATURA
2031 344 2342 402 HOMINIS.

3460 347 3600 402 1242

341 473 510 530 ματος
534 456 634 528 τὴν
649 455 825 528 ἀρχην
855 458 889 529 ἡ
918 458 1128 527 γένεσις
1161 457 1352 517 αὐτῶν
1390 463 1551 534 ἔσχεν
1574 466 1648 498 ⁸⁸·
1680 467 1782 520 ὅσα
1813 467 1904 538 γὰι

2025 479 2148 524 sum
2178 469 2459 523 humorem
2477 479 2815 524 commutant
2841 487 2854 523 ε
2880 467 3022 537 quod
3039 483 3228 523 eorum
3243 469 3596 541 principium,

338 550 406 602 ἐκ
438 546 752 618 σπέρματος
798 551 1082 613 γεννᾶται,
1133 549 1200 604 ἐκ
1230 553 1428 607 τούτου
1461 553 1557 608 καὶ
1609 557 1875 625 τρέφεται
1905 575 1918 588 ·

245 650 248 654 ·
341 636 435 691 καὶ
485 636 586 689 ὅσα
629 634 690 700 ἐξ
741 636 996 706 αἵματος,
1049 639 1111 703 ἐξ
1144 639 1382 710 αἵματος
1411 657 1426 671 ·
1458 638 1624 698 αὗται
1650 645 1745 698 οὖν
1773 647 1821 678 ⁸⁸
1851 648 1918 700 ἐκ

343 727 661 800 σπέρματος
708 730 806 782 καὶ⁸
819 729 866 760 ’θ
907 729 1205 799 γεννῶνται
1246 736 1345 786 καὶ
1387 735 1702 806 τρέφονται·
1737 738 1924 791 καὶτὸ

343 819 663 892 περιπεῦον
689 821 883 885 αὐταῖς
909 823 1121 891 γίνεται
1154 827 1309 894 γονή.
1337 827 1405 880 Δί
1434 828 1630 896 φλέόες
1660 829 1718 882 δὲ
1759 823 1921 883 αὗται

343 912 441 966 καὶ
461 913 518 964 αἰ
540 912 798 984 ἀρτηρίαι
818 915 901 976 εἰς
918 915 1046 978 τοὺς
1065 915 1324 985 διδύμους
1339 918 1740 988 ἐμπίπτουσαι,
1761 916 1922 973 αἴτιοι

342 1003 447 1074 τῆς
476 1005 768 1069 συνουσίας
808 1005 1050 1073 γίνονται
1092 1006 1286 1078 τρόπῳ
1317 1008 1550 1080 τοιούτῳ
1575 1010 1619 1042 ’⁸
1645 1027 1661 1042 ·
1693 1010 1919 1080 Διερχὸ-

346 1109 507 1164 μεναι
539 1092 626 1147 διά
653 1093 762 1148 τῶν
790 1093 1028 1164 νεφρῶν,
1051 1097 1314 1166 ἀρύονται
1337 1098 1650 1171 δριμύτητά
1676 1116 1801 1153 τινα
1822 1100 1920 1167 τὴν

343 1183 698 1254 ἐρεθίζουσαν
734 1184 833 1256 τὴν
866 1185 1050 1256 ὄρεξιν
1075 1203 1091 1219 ⁸
1125 1187 1314 1259 ὥσπερ
1348 1191 1460 1261 γὰρ
1488 1191 1580 1244 τὸν
1607 1191 1854 1262 κνησμὸν
1884 1194 1918 1263 ή

339 1274 610 1347 δριμύτης
637 1280 801 1344 ποιεῖ,
829 1277 1005 1342 οὕτως
1024 1279 1122 1332 καὶ
1150 1279 1252 1350 τὴν
1284 1280 1466 1354 ὄρεξιν
1489 1283 1720 1354 ταύτην.
1765 1284 1919 1337 Ἐπεὶ

339 1366 399 1421 δέ
427 1366 538 1421 τῶν
587 1368 828 1439 διδύμων
877 1373 912 1442 ὴ
946 1372 1085 1442 σάρξ
1122 1373 1306 1445 ἀπαλή
1347 1375 1486 1441 ἐστι,
1533 1375 1760 1429 πλείονα
1819 1377 1918 1447 τὴν

339 1457 650 1529 δριμύτητα
687 1459 954 1531 δεχομένη
991 1463 1130 1534 ὑπὲρ
1178 1464 1240 1516 τὺ
1268 1465 1466 1534 δέρμα,
1515 1467 1738 1536 ἐμμανῆ
1774 1469 1919 1520 ποιεῖ

339 1547 439 1618 τῆς
477 1548 643 1618 γονῆς
671 1551 770 1620 τὴν
809 1551 1108 1621 ἐπιθυμίαν
1143 1553 1282 1622 πρὸς
1311 1553 1583 1623 ἔκκρισιν.
1617 1555 1729 1608 Καὶ
1767 1555 1919 1626 πρῶ-

339 1654 408 1692 τα
421 1640 468 1671 ⁹¹
509 1639 609 1710 μὲν
637 1641 970 1710 ἀναφέρεται
998 1646 1031 1714 ὴ
1077 1645 1305 1715 τοιαύτη
1345 1645 1476 1717 γονὴ
1517 1646 1597 1708 εἰς
1623 1647 1722 1718 τὴν
1748 1665 1918 1716 κεφα-

338 1728 441 1800 λήν
466 1746 483 1762 ο
520 1731 686 1786 πάλιν
714 1733 771 1786 δὲ
814 1733 924 1788 ἀπὺ
975 1736 1076 1806 τῆς
1119 1738 1365 1808 κεφαλῆς
1420 1741 1792 1809 καταφέρεται
1821 1739 1911 1794 διὰ

2025 560 2092 614 ad
2121 574 2306 615 semen
2339 561 2572 631 genitale
2593 561 2845 616 refertur.
2877 558 3036 626 Nam,
3055 573 3390 630 quaecunque
3410 578 3478 617 ex
3512 553 3613 618 se-i

2025 651 2172 707 mine
2194 651 2511 724 gignuntur,
2547 669 2613 708 ex
2652 653 2842 708 eodem
2870 652 2976 708 sibi
3001 661 3056 707 et
3077 652 3396 708 alimentum
3421 655 3600 709 vindi-

2023 752 2168 799 cant.
2219 743 2422 798 Eodem
2485 755 2668 815 pacto,
2699 753 2756 800 et
2781 745 2848 800 de
2905 745 2993 800 his
3037 759 3160 820 quat
3209 757 3277 799 ex
3335 745 3600 814 sanguine

2023 833 2320 904 gignuntur
2353 836 2725 906 accipiendum
2771 847 2873 893 est.
2910 835 3004 891 Hae
3054 852 3206 891 venae
3233 837 3398 907 igitur
3435 847 3600 907 atque

2021 927 2232 980 arteriae
2263 941 2329 980 ex
2371 928 2578 982 semine
2624 929 2940 998 gignuntur,
2961 928 3312 997 alunturque,
3339 937 3392 982 et
3419 929 3598 997 portio

2020 1030 2143 1084 qua:
2169 1017 2294 1071 inde
2309 1027 2602 1088 exsuperat
2632 1020 2686 1073 in
2706 1020 3010 1089 genituram
3039 1021 3288 1075 vertitur.
3306 1019 3597 1076 Enimvero

2020 1119 2173 1160 venae
2216 1107 2558 1176 arteriaeque,
2595 1124 2718 1177 quae
2760 1109 2994 1164 testibus
3027 1110 3385 1175 acclinantur,
3417 1111 3596 1166 coitus

2020 1208 2186 1248 causa
2210 1195 2312 1249 hoc
2335 1205 2494 1263 pacto
2515 1193 2846 1250 eﬂiciuntur.
2865 1195 2999 1250 Nam
3017 1196 3146 1250 dum
3177 1212 3274 1266 per
3296 1211 3451 1251 renes
3469 1213 3597 1266 pro-

2019 1284 2239 1350 cedunt,
2269 1285 2628 1341 acrimoniam
2659 1287 2977 1355 quamdam,
3005 1288 3234 1340 coeundi
3263 1287 3591 1342 desiderium

2017 1377 2618 1440 moventem,excitant.
2637 1377 3106 1444 Quemadmodum
3124 1378 3268 1432 enim
3289 1378 3591 1432 acrimonia

2017 1465 2129 1530 illa,
2153 1467 2396 1535 pruritus
2419 1466 2607 1522 eodem
2639 1476 2818 1537 pacto,
2852 1475 2905 1521 et
2932 1467 3110 1521 coitus
3138 1458 3391 1521 desiderii
3422 1482 3589 1522 causa

2015 1557 2252 1612 exsistit.
2282 1557 2349 1611 Et
2391 1559 2648 1627 quoniam
2677 1558 2895 1613 testium
2927 1572 3056 1612 caro
3080 1557 3262 1610 mollis
3295 1558 3588 1612 admodum

2015 1647 2268 1713 habetur,
2288 1663 2412 1703 cum
2434 1647 2502 1702 ad
2528 1657 2705 1703 cutem
2743 1649 2898 1717 112
2918 1662 3105 1702 eorum
3134 1647 3419 1717 plurimam
3446 1648 3588 1702 acri—

2016 1738 2257 1793 moniam
2289 1738 2430 1809 adigi
2487 1738 2796 1808 contigerit,
2827 1737 3032 1791 furiosa
3068 1736 3136 1791 ad
3179 1738 3582 1792 excernendum

337 1819 432 1873 δύο
453 1821 665 1890 φλεϐῶν
714 1823 810 1876 καὶ
841 1823 934 1878 δύο
980 1825 1260 1897 ἀρτηριῶν
1287 1829 1368 1890 εἰς
1411 1827 1504 1882 τὸν
1553 1829 1764 1898 ὀσχεὸν,
1815 1831 1904 1884 καὶ

2017 1843 2202 1884 semen
2232 1828 2427 1897 cupido
2450 1827 2768 1882 innascitur.
2798 1824 2864 1879 Et
2887 1826 3123 1895 primum
3145 1827 3362 1894 quidem
3394 1825 3587 1894 hujus-

337 1913 603 1983 ἐμπίπτει
652 1916 735 1977 είς
775 1917 1040 1988 ἑκάτερον
1083 1918 1192 1971 τῶν
1233 1918 1476 1988 διδύμων
1523 1920 1620 1990 μία
1671 1921 1912 1993 ἀρτηρία

337 2003 446 2058 τῶν
473 2005 803 2076 εἰρημένων,
832 2007 926 2060 καὶ
965 2007 1064 2077 μία
1106 2007 1249 2076 φλὲψ
1299 2008 1516 2078 πλήρης
1551 2009 1868 2080 σπέρματος
1890 2027 1907 2042 ·

337 2096 432 2148 καὶ
460 2097 520 2150 ἐν
567 2096 779 2160 τούτοις
816 2097 1043 2162 τελείως
1086 2098 1637 2170 ἀποσπερματοῦται,
1673 2099 1768 2154 καὶ
1816 2100 1905 2155 διὰ

335 2184 429 2240 τοῦ
462 2187 800 2251 κισσοειδοῦς
834 2188 1212 2260 παραστάτου,
1261 2190 1370 2244 ἀπὸ
1397 2189 1504 2242 τῶν
1534 2189 1772 2260 διδύμων
1805 2206 1905 2260 με-

333 2276 686 2347 ταπέμπεται
725 2279 806 2342 εἰς
825 2278 926 2350 τὴν
965 2280 1199 2350 βάλανον
1233 2297 1248 2312 ο
1297 2281 1558 2334 κακεῐθεν
1585 2280 1906 2352 ἐκκρίνεται

337 2367 480 2436 μετὰ
502 2368 812 2440 πνεύματος
837 2371 902 2434 ⁸³,
954 2371 1145 2442 ὥσπερ
1176 2373 1242 2426 ἐκ
1288 2371 1710 2443 σφενδονίστρας
1738 2372 1906 2436 τινός.

335 2457 508 2513 Τοῦτο
533 2459 590 2514 δὲ
619 2461 830 2529 γίνεται
869 2461 960 2516 διὰ
982 2461 1080 2534 τὴν
1110 2463 1414 2534 εἰρημένην
1469 2464 1648 2518 αἰτίαν
1699 2463 1908 2533 ἐμπρο-

335 2550 461 2603 σθεν
486 2551 555 2613 ⁸⁸,
597 2554 693 2605 καὶ
719 2552 804 2606 ὅτι
847 2553 1092 2623 ἀρτηρία
1143 2553 1293 2606 ἐστὶν
1342 2554 1375 2624 ἡ
1429 2553 1906 2623 παραπέμπουσα.

335 2641 458 2694 ’Ότι
485 2640 543 2694 δέ
569 2643 602 2711 ἡ
631 2642 764 2711 γονὴ
795 2641 992 2711 πρῶτα
1011 2643 1058 2676 ⁸⁵
1091 2643 1172 2706 εἰς
1203 2642 1304 2713 τὴν
1326 2641 1571 2713 κεφαλὴν
1594 2643 1906 2712 ἀνέρχεται,

333 2728 488 2799 δῆλον
518 2729 770 2783 ἐντεῦθεν
795 2746 809 2761 ·
834 2731 884 2784 εἰ
910 2731 1020 2802 γάρ
1044 2747 1128 2795 τις
1161 2730 1420 2802 ἐκτέμνει
1446 2732 1547 2796 τάς
1574 2732 1780 2802 φλέϐας
1805 2732 1903 2798 τὰς

335 2821 487 2890 παρά
519 2824 590 2877 τὰ
616 2817 732 2880 ὦτα
770 2825 870 2879 καὶ
913 2825 1251 2895 παρωτίδας,
1287 2825 1484 2895 ἀγονον
1535 2826 1806 2897 ἀπομένει
1841 2825 1903 2880 τὸ

333 2911 494 2976 ζῶον.

2008 1919 2158 1974 modi
2189 1933 2375 1974 semen
2434 1918 2502 1973 ad
2543 1924 2706 1986 caput
2750 1914 3022 1983 defertur,
3053 1931 3085 1970 a
3114 1915 3290 1985 capite
3330 1930 3460 1970 vero
3490 1931 3586 1986 ge-

2008 2010 2174 2065 minis
2196 2010 2371 2074 venis,
2400 2023 2465 2063 ac
2494 2007 2716 2063 totidem
2746 2006 2963 2062 arteriis
2985 2006 3322 2063 denuoinfra
3343 2007 3582 2062 delatum

2011 2100 2330 2166 descendit;
2364 2107 2419 2156 et
2443 2100 2611 2154 altera
2627 2114 2695 2154 ex
2725 2099 2809 2153 his
2840 2113 2978 2169 quas
3006 2097 3247 2153 diximus
3269 2097 3448 2163 venis,
3473 2097 3596 2162 hu-,

2007 2191 2252 2263 jusmodi
2280 2191 2488 2248 semine
2517 2191 2741 2262 repleta,
2798 2189 3052 2253 testibus,
3100 2205 3224 2244 cum
3264 2189 3466 2243 arteria
3498 2203 3584 2243 ac-

2013 2284 2274 2349 clinatur,
2317 2285 2373 2338 in
2423 2283 2624 2352 quibus
2664 2282 2844 2352 ipsum
2883 2281 2950 2335 ad
2993 2279 3288 2350 perfectam
3320 2279 3582 2349 genitum

2009 2385 2262 2431 naturam
2305 2373 2592 2445 redigitur,
2626 2381 2680 2428 et
2731 2371 2877 2442 quod
2937 2386 3034 2441 per
3079 2370 3300 2424 vascula
3348 2368 3414 2422 ad
3439 2369 3580 2424 utris

2010 2463 2447 2528 similitudinem,
2501 2477 2623 2533 quas
2667 2462 2786 2533 ejus
2814 2452 3157 2517 continenda:
3182 2460 3353 2530 gratia
3382 2467 3578 2514 natura

2006 2555 2310 2620 constituit,
2361 2555 2432 2609 ab
2453 2554 2680 2609 testibus
2729 2553 2784 2607 in
2818 2568 3011 2622 penem
3047 2552 3407 2606 immittitur:
3455 2552 3581 2606 inde

2005 2659 2136 2701 vero
2156 2645 2325 2699 veluti
2351 2659 2382 2699 e
2405 2643 2575 2699 funda
2615 2644 2756 2713 lapis
2785 2659 2908 2698 cum
2941 2642 3168 2712 spiritus
3195 2643 3396 2712 impetu
3424 2651 3578 2698 extra

2007 2737 2243 2808 prosilit.
2273 2735 2387 2792 Hoc
2411 2747 2615 2802 autem,
2639 2737 2710 2790 ob
2737 2751 2855 2790 eam
2880 2750 3042 2805 quam
3071 2735 3224 2804 prius
3251 2735 3578 2789 adduximus

2008 2844 2254 2892 causam,
2293 2827 2544 2890 eilicitur,
2593 2834 2712 2881 tum
2746 2827 2894 2896 quod
2943 2835 2997 2880 et
3052 2825 3251 2880 arteria
3304 2825 3418 2894 ipsa
3447 2825 3578 2880 illud

2008 2919 2405 2974 circummittit.
2462 2917 2617 2983 Quod
2666 2931 2798 2972 vero
2852 2931 3039 2972 semen
3087 2917 3239 2986 prius
3292 2916 3358 2969 ad
3416 2926 3580 2982 caput

337 3002 558 3076 feratur,
584 3022 650 3064 ex
683 3008 788 3066 hoc
830 3009 1179 3082 perspicuum
1232 3011 1309 3076 ﬁt,
1349 3011 1501 3080 quia,
1537 3011 1583 3065 si
1615 3010 1740 3080 quis
1779 3025 1900 3081 quae
1929 3025 2088 3067 secus
2111 3027 2273 3067 aures
2295 3011 2604 3066 consistunt
2660 3025 2829 3065 venas
2885 3025 3008 3079 quae
3024 3008 3292 3065 carotides
3310 3007 3582 3078 appellan-
3661 3008 3678 3018 '

334 3103 444 3161 tur,
472 3099 671 3168 quibus
697 3101 935 3168 oblaasis,
965 3100 1288 3172 vertiginosi
1325 3115 1391 3158 ac
1413 3100 1619 3172 stupidi
1645 3101 1898 3158 homines
1932 3101 2259 3170 elIiciuntur,
2281 3111 2286 3122 '
2305 3101 2632 3175 praescindat
2669 3109 3008 3171 resecetque,
3052 3099 3256 3156 animal
3286 3099 3575 3171 improlum

331 3193 792 3266 infecundumque
817 3195 1086 3252 redditur.

397 3288 583 3342 Χιτὼν
615 3289 672 3342 δέ
697 3290 814 3342 ἐστι
844 3290 1121 3361 νευρώδης
1163 3290 1305 3357 ὄλος,
1357 3291 1438 3356 εἰς
1482 3291 1543 3347 δν
1590 3292 1893 3364 διέρχονται

2064 3291 2279 3371 Etenim
2299 3290 2509 3358 tunica,
2526 3305 2648 3362 qua:
2665 3290 2954 3360 auxiliaris
2967 3296 3334 3360 nuncupatur,
3349 3305 3579 3360 quaeque

325 3384 396 3438 τὰ
434 3383 537 3452 τῆς
581 3380 749 3450 γονῆς
799 3381 998 3451 ἀγγεῖα
1019 3398 1033 3414 ο
1073 3382 1366 3453 λεγόμενος
1419 3383 1668 3453 ἐρυτρός
1688 3401 1703 3416 ο
1761 3384 1904 3439 κατά

325 3474 456 3537 τοὺς
485 3471 767 3543 βουσῶνας
792 3471 888 3525 καὶ
923 3472 1086 3537 αὐτὸς
1119 3473 1400 3544 κείμενος,
1439 3474 1534 3528 καί⁵
1563 3475 1692 3538 τοὺς
1718 3475 1904 3546 ὄρχεις

328 3563 681 3620 ἀναϐαστῶνο
711 3565 807 3618 καὶ
822 3563 939 3618 ἐστι
958 3566 1101 3620 κατά
1129 3566 1230 3638 μέν
1252 3566 1323 3620 τὰ
1347 3567 1525 3637 κυρτὰ
1544 3566 1654 3620 τῶν
1668 3567 1903 3637 διδύμων

329 3656 426 3710 καὶ
453 3656 782 3727 ἔμπροσθεν,
804 3657 1078 3721 ἀπόλυτος
1093 3673 1109 3689 ⁸
1140 3657 1285 3712 κατά
1302 3657 1360 3710 δὲ
1387 3658 1458 3711 τά
1474 3657 1631 3711 κοῖλα
1652 3659 1898 3726 ὄπισθεν,

331 3747 738 3819 προσπεφυκὼς
761 3751 875 3812 τοῖς
898 3748 1162 3819 διδύμοις.
1217 3749 1518 3820 Ἀπύφυσις
1547 3750 1607 3803 δέ
1633 3752 1784 3802 ἐστιν
1810 3742 1901 3803 οὗ·

329 3855 422 3902 τος
438 3841 467 3892 ὁ
489 3839 713 3910 ἐρυτρὺς
741 3839 835 3893 τοῦ
853 3841 1202 3912 περιτοναίου
1229 3854 1243 3870 ·
1265 3841 1482 3912 εἴρηται
1507 3840 1563 3894 δὲ
1579 3840 1709 3912 περὶ
1732 3839 1898 3895 αὑτοῦ

329 3926 662 3997 ἔμπροσθεν,
694 3928 776 3981 ὅτι
804 3930 871 4000 τῇ
904 3929 1106 4000 γαστρὶ
1134 3930 1230 3982 καὶ
1257 3931 1373 3993 τοῖς
1407 3930 1650 4002 ἐντέροις
1670 3930 1900 4000 περιτέ-

324 4035 488 4074 ταται
507 4019 572 4073 ⁸⁸.
621 4018 710 4072 Ἐν
739 4019 795 4072 δέ
834 4021 948 4083 τοῖς
977 4003 1132 4074 κάτω
1163 4020 1386 4090 μέρεσιν
1406 4020 1572 4074 αὑτοῦ
1604 4037 1751 4084 τινες
1767 4021 1902 4074 ἀπο-

327 4110 518 4181 φύσεις
545 4111 703 4179 εἰσὶν,
734 4105 845 4165 οἷον
883 4111 1076 4165 κόλποι
1111 4111 1508 4180 βαλαντοειδεϊς
1535 4128 1550 4144 ο
1577 4113 1606 4164 ὁ
1641 4112 1739 4183 μὲν
1767 4112 1900 4184 περὶ

325 4205 395 4258 τὰ
422 4202 574 4268 δεξιά
594 4204 664 4269 ⁸⁷,
709 4205 738 4257 ὁ
768 4203 832 4270 ,δὲ
866 4203 995 4274 περὶ
1035 4203 1106 4257 τά
1132 4203 1420 4276 ἀριστερὰ,
1452 4204 1512 4256 ἐν
1562 4197 1642 4269 οἷς
1670 4204 1720 4258 oi
1755 4203 1899 4257 δίδυ-

330 4311 420 4364 μοι
440 4295 522 4328 "-
573 4293 777 4349 ῑσωθεν
829 4289 922 4348 οὖν
950 4294 996 4328 ”
1047 4295 1128 4359 εἰς
1195 4293 1422 4359 τούτους
1476 4294 1605 4358 τοὺς
1661 4293 1898 4358 κόλπους

325 4381 658 4452 ἐμϐάλλουσι
696 4381 766 4435 τά
820 4380 1087 4454 εἰρημένα
1143 4384 1496 4454 σπερματικά
1540 4384 1760 4452 ἀγγεῖα,
1797 4385 1896 4438 καί⁹

326 4472 617 4544 κομίζουσι
666 4473 782 4536 τοῖς
831 4472 1018 4543 ὄρχεσι
1061 4471 1168 4544 τὴν
1216 4474 1403 4543 γονήν.
1437 4473 1641 4526 Τούτου
1687 4473 1746 4526 δέ
1798 4472 1894 4527 τοῦ

323 4563 574 4636 ἐρυτροῦ,
624 4563 794 4634 ἤγουν
824 4561 920 4617 τοῦ
956 4561 1366 4632 βαλαντοειδοῦς
1403 4563 1651 4632 χιτῶνος,
1682 4565 1746 4616 ἐκ
1773 4563 1894 4632 βίας

2006 3381 2075 3438 ad
2116 3383 2333 3453 inguem
2370 3381 2624 3438 consistit
2649 3396 2713 3436 ac
2743 3390 2909 3436 testes
2941 3383 3088 3451 ipsos
3118 3390 3313 3451 gestat,
3333 3382 3387 3435 in
3413 3398 3576 3450 quam

2005 3473 2256 3544 genitalis
2312 3473 2538 3528 seminis
2578 3473 2802 3529 vascula
2832 3472 3174 3534 deferuntur,
3231 3481 3342 3525 tota
3394 3473 3576 3529 nervis

2003 3564 2180 3619 obsita
2210 3571 2312 3626 est,
2329 3573 2383 3618 et
2404 3564 2520 3632 ipsa
2543 3578 2652 3616 non
2684 3564 2848 3618 modo
2869 3577 3125 3618 convexa
3146 3561 3363 3616 testium
3389 3577 3578 3632 super-

2003 3655 2163 3722 ﬁciei,
2182 3654 2276 3711 sed
2297 3663 2353 3709 et
2381 3654 2644 3709 anteriori
2664 3653 2980 3708 earumdem
3011 3652 3147 3722 parti
3169 3652 3425 3706 adhaeret.
3449 3651 3575 3708 llaac

2001 3746 2147 3802 enim
2170 3743 2455 3800 auxiliaris
2483 3743 2690 3806 tunica,
2711 3740 3196 3813 περιτοναίου,1ιοε
3217 3748 3301 3796 est
3321 3740 3574 3795 abdomi-

2003 3835 2089 3890 nis
2107 3848 2393 3905 processus
2413 3841 2497 3888 est
2517 3849 2532 3898 ;
2566 3831 2666 3886 hoc
2683 3832 2829 3886 enim
2847 3841 2949 3895 est,
2968 3830 3121 3900 quod
3151 3831 3330 3885 alvum
3359 3830 3575 3885 intesti-

2002 3938 2182 3993 naque
2235 3922 2636 3991 complectitur,
2659 3919 2871 3989 eisque,
2903 3919 2983 3973 uti
3016 3920 3169 3989 prius
3214 3921 3572 3984 asseruimus,

2002 4013 2312 4068 obducitur.
2358 4011 2415 4066 In
2460 4011 2581 4082 ejus
2610 4019 2790 4066 autem
2816 4025 2938 4080 qua:
2965 4009 3105 4065 infra
3147 4017 3273 4066 sunt
3301 4011 3571 4080 partibus,

2001 4105 2222 4175 quidam
2252 4119 2561 4175 processus,
2598 4102 2756 4173 quasi
2787 4102 2963 4167 sinus,
3009 4103 3076 4156 ad
3113 4118 3387 4158 crumena:
3416 4103 3574 4157 simi-

2001 4197 2288 4252 litudinem
2325 4196 2618 4262 visuntur,
2677 4207 2940 4263 quorum,
2996 4193 3228 4247 alterum
3279 4193 3497 4262 quidem
3542 4208 3574 4248 a

1999 4283 2190 4346 dextra
2217 4297 2390 4359 parte,
2425 4287 2656 4342 alterum
2685 4299 2816 4340 vero
2845 4299 2876 4338 a
2915 4285 3046 4338 laeva
3079 4283 3132 4337 in
3171 4284 3369 4353 quibus
3408 4292 3572 4339 testes

1998 4381 2349 4437 continentur
2374 4375 2643 4432 consistit.
2682 4374 2741 4428 In
2776 4375 2945 4444 ipsos,
2980 4375 3224 4444 inquam,
3268 4374 3444 4438 sinus,
3480 4389 3573 4442 ge-

1999 4471 2182 4527 nitalis
2209 4467 2435 4524 seminis
2455 4467 2523 4522 de
2538 4467 2741 4534 quibus
2771 4469 2883 4535 jam
2913 4465 3156 4520 diximus
3185 4480 3313 4520 vasa
3356 4465 3570 4519 extrin-

1997 4577 2156 4617 secus
2201 4558 2517 4627 concidunt,
2549 4566 2604 4614 et
2652 4558 2957 4629 genituram
2988 4555 3057 4611 ad
3094 4566 3260 4612 testes
3298 4555 3569 4611 deferunt.

321 4658 487 4722 τινὸς,
535 4658 568 4728 ἢ
597 4655 820 4728 βάρους.
850 4656 884 4728 ἢ
928 4657 1270 4727 πηδήματοςς
1302 4655 1334 4724 ἢ
1367 4656 1592 4725 δρόμου,
1622 4655 1654 4724 ἢ
1683 4655 1890 4725 φωνῆς,

2007 4651 2132 4707 Cum
2163 4659 2343 4705 autem
2368 4649 2510 4705 hanc
2539 4650 2886 4715 auxiliarem,
2917 4649 3288 4704 crumenalem
3323 4647 3589 4702 videlicet-

321 4748 720 4820 ἧ¹συκώματος,
743 4748 1095 4819 ἀνοιγόμενον
1118 4750 1133 4780 ¹
1162 4747 1223 4801 τὸ
1245 4748 1462 4818 ἔντερον
1478 4750 1557 4811 εἰς
1580 4747 1674 4801 τὸν
1704 4747 1892 4818 ὀσχεὺν

321 4842 716 4912 καταφέρεται,
751 4840 841 4894 διά
891 4839 952 4892 τὸ
1008 4838 1319 4892 ἐπικεῖσθαι
1359 4837 1436 4909 τῷ
1485 4838 1699 4909 ἐρυτρῷ
1727 4855 1741 4869 ·
1792 4838 1889 4892 καὶ

318 4931 531 4999 γίνεται
585 4933 621 5002 η
668 4930 936 5001 λεγομένη
996 4929 1384 4998 ἐντεροκοίλη
1408 4931 1450 4983 ².
1525 4929 1805 4999 Ἐρυτρὸς
1833 4929 1891 4983 δὲ

317 5023 653 5093 ὠνόμασται,
709 5020 863 5092 παρά
908 5020 969 5074 τὸ
1013 5020 1200 5092 ἐρύκω
1230 5020 1292 5073 τὺ
1323 5019 1538 5091 βοηθῶ·
1599 5021 1665 5073 ἐκ
1698 5021 1890 5074 τούτου

318 5113 516 5186 ἐρυκος
552 5113 724 5183 ὄνομα
744 5129 759 5145 ο
789 5111 887 5167 καὶ
917 5112 1274 5182 παράγωγον,
1308 5112 1540 5183 ἐρυκτὸς
1587 5113 1616 5165 ὁ
1651 5110 1884 5182 βοηθός·

319 5206 415 5260 καὶ
438 5204 683 5276 ἀποϐολῇ
713 5203 808 5259 τοῦ
835 5221 894 5271 κ,
929 5206 1025 5260 καὶ
1051 5204 1342 5278 προσθήκῃ
1361 5205 1382 5238 ³
1411 5203 1506 5258 τοῦ
1520 5220 1584 5272 p,
1621 5203 1853 5276 ἐρυτρός
1872 5217 1889 5234 ο

321 5296 516 5367 βοηθὸς
537 5296 648 5365 γὰρ
675 5298 772 5351 καὶ
806 5291 963 5360 οὗτος
987 5297 1102 5359 τοῖς
1128 5295 1370 5367 ὄρχεσιν,
1416 5293 1579 5364 εῐπερ
1607 5294 1630 5326 ⁸
1660 5295 1719 5347 ἐν
1742 5291 1890 5364 αύτῷ

318 5385 623 5457 κρέμανται
643 5402 658 5416 ο
691 5385 726 5456 ἢ
767 5383 972 5448 οὕτως·
998 5384 1185 5457 εὐρὺς,
1221 5382 1470 5454 εὐρυτὸς,
1498 5383 1594 5436 καὶ
1632 5381 1691 5450 ἐξ
1722 5379 1890 5436 αὐτοῦ

1998 4743 2264 4809 tunicam,
2321 4741 2482 4796 nobis
2511 4740 2716 4810 aliquid
2777 4754 2976 4810 magno
3003 4738 3216 4794 ellieere
3266 4737 3569 4804 molimine,

1996 4844 2092 4890 aut
2117 4833 2328 4904 pondus
2355 4833 2602 4888 attollere
2627 4833 2977 4896 immensum,
3005 4830 3118 4884 sive
3144 4829 3304 4892 saltu,
3328 4838 3422 4883 aut
3446 4843 3574 4883 cur-

1999 4939 2086 4987 su,
2114 4923 2200 4977 vel
2251 4936 2384 4977 voce
2413 4921 2646 4976 alterum
2682 4934 2942 4988 superare
2967 4918 3316 4983 conantibus,
3353 4917 3437 4972 vel
3465 4915 3572 4972 alio

1998 5015 2258 5086 quopiam
2284 5029 2440 5080 casu,
2471 5028 2502 5068 a
2534 5026 2636 5068 suo
2669 5011 2881 5066 moveri
2920 5009 3113 5064 ordine
3143 5008 3454 5078 contigerit,
3490 5007 3574 5060 in-

1994 5105 2335 5171 testinum,in
2348 5106 2524 5182 rivqm
2536 5119 2600 5159 eo
2612 5103 2756 5174 quod
2771 5101 3018 5158 auxiliari
3040 5101 3236 5155 tunicae
3251 5099 3571 5163 acclinatur,

1997 5197 2141 5253 infra
2197 5207 2385 5263 meat,
2449 5196 2592 5251 unde
2643 5195 2854 5251 scilicet
2898 5193 3177 5248 hominem
3238 5189 3571 5246 intestinalis

2000 5290 2157 5360 113
2185 5290 2375 5344 bernia
2409 5287 2635 5343 invadit.
2665 5284 2976 5356 Siquidem,
3017 5283 3204 5338 tunica
3241 5283 3359 5337 haec
3384 5281 3572 5337 Graece

1995 5379 2222 5453 ἐρυτρός
2259 5378 2588 5450 appellatur,
2619 5392 2652 5432 a
2680 5377 2850 5432 verbo
2884 5372 3085 5446 ἐρύκω,
3113 5373 3173 5426 τὸ
3199 5372 3399 5443 βοηθῶ,
3432 5387 3463 5426 a
3492 5371 3572 5428 fe-

410 5523 458 5554 "
495 5521 672 5594 {crst
725 5537 834 5594 om.
863 5510 968 5578 Ἀ.
1022 5525 1054 5593 ὴ
1098 5539 1217 5591 γεν.
1246 5523 1345 5594 τὴν
1361 5524 1488 5594 ἀρχ.
1515 5523 1638 5594 αύτ.
1670 5521 1788 5594 ἔσχ.
1866 5517 1918 5594 ’ξ
1933 5517 2070 5594 γούν
2126 5519 2187 5571 Β.
2265 5517 2432 5594 ὀικαὶ
2466 5530 2576 5570 om.
2747 5513 2792 5545 "
2820 5511 3098 5594 τοιῷδεΒ.
3145 5510 3221 5594 ,ς’
3249 5506 3480 5594 πρῶτρνθ

316 5594 362 5626 ’⁸
400 5577 833 5664 σπέρμ’ᾆτοςῗΒξ
907 5577 963 5626 θδί
1006 5577 1177 5664 ἕμτίρ.
1203 5577 1334 5646 ἀίτῖέ
1373 5577 1470 5664 AB:
1503 5593 1572 5664 f‘
1614 5577 1844 5664 πρῶτον-
1885 5577 1995 5664 BL
2023 5588 2089 5664 ¹⁹⁴ξΔ
2142 5588 2533 5664 περιτέτταται
2557 5655 2567 5664 _
2591 5587 2660 5650 A,
2695 5577 3205 5664 περιτεταμένουρ.
3286 5580 3330 5610 ⁹⁷
3362 5577 3432 5664 ad
3454 5577 3561 5664 δες.

317 5666 462 5734 μέρη
501 5646 621 5734 ἰδ’ίο
773 5646 846 5697 797°
879 5646 1308 5734 trapté'xov'tarol
1367 5661 1544 5734 διδ.,Β
1612 5646 1672 5718 C:
1750 5663 1794 5693 ’θ
1828 5661 1912 5717 ἐσ.
1949 5659 2009 5714 δὲ
2051 5656 2110 5713 Β.
2196 5646 2275 5728 Γῆ
2308 5655 2493 5726 φωνῆς
2544 5646 2902 5725 ἀνοιγομένης
2930 5646 2994 5708 (Σ.
3069 5654 3090 5684 ³
3126 5646 3455 5721 ἐντεροκήλη
3493 5647 3560 5700 A.

316 5731 336 5764 ³
369 5731 654 5802 προσθέσει
687 5733 748 5791 Β.
828 5735 848 5766 ⁵
881 5731 1186 5802 ἐπειδήπερ
1219 5731 1280 5786 Β.
