3944 6152
538 306 680 360 1943

1820 299 2104 357 MELETll
2143 301 2459 357 MONACIII

3629 255 3732 352 iis

540 424 710 480 tendo
741 421 992 478 videlicet
1017 420 1291 484 subsidio,
1323 437 1450 475 nam
1482 421 1715 476 testibus
1749 437 1872 474 cum
1903 421 1973 476 ab
1999 421 2114 489 ipsa

2232 419 2467 490 ὲρυτρδς.
2497 421 2525 472 6
2557 417 2762 480 πλατύς
2788 418 2830 471 ⁸.
2869 416 2996 471 Εἰσὶ
3044 415 3105 469 δέ
3137 431 3282 478 τινες
3309 414 3501 484 ὑμένες
3524 416 3734 485 προσκιλ·

541 513 813 584 prndeant
851 512 1129 581 suppetias
1179 512 1333 566 adest
1393 529 1408 566 :
1463 511 1579 565 sive
1641 527 1671 566 a
1723 512 2013 566 latitudine
2045 511 2115 566 ita

538 603 865 672 appellatam
905 602 1130 665 dixeris,
1181 605 1325 669 quod
1373 602 1448 656 illi
1517 603 1680 671 εὐρὺς
1727 603 1972 673 εὐρυτὺς,
2024 602 2120 658 καὶ

538 695 595 758 ἐξ
612 691 774 746 αὑτοῦ
791 694 1020 764 ὲρυτρος
1043 695 1071 745 ὁ
1091 691 1320 757 πλατύς,
1340 693 1484 763 quod
1507 702 1590 748 est
1609 694 1750 747 latus
1779 702 2114 762 nuncupant.

537 779 676 835 llinc
714 781 984 856 siquidem
1023 783 1276 836 auxiliari
1334 783 1552 848 tunicze,
1592 783 1925 837 membranae
1966 799 2118 852 quaa-

535 871 660 925 dam
691 873 1076 942 conglutinata
1130 875 1427 938 adhaerent,
1487 883 1542 928 et
1581 874 1681 928 hac
1717 875 1785 929 de
1829 890 1998 931 causa
2033 876 2116 930 ha:

2220 509 2459 579 λώμενοι
2482 508 2560 580 τῷ
2589 508 2803 580 ὲρυτρῷ
2826 523 2841 539 °
2867 510 2963 561 xui.
2982 507 3052 561 δι’
3078 507 3246 561 αὑτοῦ
3267 505 3344 575 τῷ
3371 505 3558 570 ἔξωθεν
3573 505 3734 575 δίρμαο

2221 619 2296 668 τι,
2321 600 2510 673 δαρτοὶ
2560 600 3104 672 προσαγορευόμενοι
3128 617 3142 630 ·
3175 599 3238 652 οὐ
3281 597 3387 666 γὰρ
3413 597 3614 666 ἀμέσως
3645 597 3734 648 lal-

2221 708 2430 746 κεινται
2460 693 2510 745 οἱ
2537 693 2723 763 δρχεις
2771 689 2849 760 τῷ
2881 688 3058 760 ὸσχεῷ
3081 705 3096 719 ·
3127 689 3212 742 ἵνα
3247 689 3322 757 μὴ
3359 687 3546 758 ῥᾳδίως
3567 683 3736 754 ψύκων·

2219 803 2309 840 ται
2341 786 2448 839 ὑπὸ
2501 784 2598 838 τοῦ
2660 782 2863 853 κρύους
2899 799 2915 816 ο
2970 781 3108 854 μηδὲ
3157 781 3265 834 ὑπὸ
3316 783 3414 850 τῆς
3459 778 3738 848 θερμότητος

2221 875 2477 947 ὑποχαλῶ
2485 893 2560 930 σι.

535 962 726 1036 δαρτοὶ
777 965 908 1018 διότι
931 965 1197 1037 δέρματος
1260 965 1457 1032 ἔξωθεν
1518 969 1646 1030 είσι,
1697 965 1848 1037 quod
1901 967 2127 1022 videlice

2232 979 2366 1025 :xtra
2419 968 2731 1039 pelliculam
2792 968 2923 1031 sint,
2975 976 3394 1035 nuncupantur;
3437 979 3598 1034 neque
3627 961 3738 1017 eulm

538 1057 744 1124 absque
771 1057 950 1110 medio
992 1057 1172 1126 aliquo
1208 1069 1370 1112 testes
1395 1068 1578 1114 scroto
1617 1059 1980 1128 applicantur,
2034 1059 2117 1116 sic
2153 1061 2301 1116 enim
2332 1062 2507 1133 rigori
2539 1063 2714 1134 pervii
2763 1061 3140 1124 redderentur,
3171 1077 3235 1115 ac
3285 1060 3354 1112 ab
3400 1069 3526 1113 aestu
3553 1055 3740 1109 laxiol‘t‘s

538 1148 713 1216 magis
761 1148 1215 1218 remissioresque
1262 1151 1470 1205 tierent.

610 1237 852 1294 Feminis
871 1251 1052 1296 autem
1079 1254 1273 1298 natura
1298 1244 1414 1313 ipsa
1437 1256 1633 1299 cuncta
1654 1245 1802 1301 intus
1819 1261 1941 1316 quae
1965 1245 2127 1300 mari-

543 1334 646 1386 bus
663 1342 812 1385 extra
832 1332 1024 1402 largita
1045 1342 1149 1396 est,
1165 1344 1219 1386 et
1239 1350 1402 1388 unam
1423 1337 1658 1404 amplius
1681 1347 1887 1405 partem
1905 1353 2127 1391 servan-

544 1423 596 1477 di
617 1422 886 1491 puerperii
901 1423 1094 1490 gratia,
1109 1439 1229 1492 quae
1246 1425 1404 1478 vulva
1427 1436 1794 1495 nuncupatur,
1811 1427 2052 1481 tradidit.
2070 1427 2122 1480 In

547 1514 663 1581 ipsa
689 1528 929 1581 namque
964 1513 1145 1580 vulva,
1170 1515 1416 1583 geminos
1447 1518 1802 1582 ventriculos,
1836 1533 1865 1571 a
1903 1517 2124 1571 dextera

547 1605 800 1667 alterum,
821 1605 1049 1658 alterum
1077 1622 1106 1658 a
1133 1607 1262 1660 laeva
1285 1616 1456 1676 parte,
1483 1609 1534 1661 in
1559 1609 1760 1677 quibus
1785 1619 1972 1676 partus
2009 1611 2124 1664 suis

549 1695 794 1748 numeris
824 1697 1109 1751 absolutus
1137 1698 1401 1763 redditur,
1433 1698 1650 1753 femina:
1678 1701 1949 1763 obtinent,
1981 1711 2035 1755 et
2064 1702 2117 1754 in

2302 1244 2412 1298 Kal.
2437 1245 2495 1298 αί
2517 1246 2779 1312 γυναῖκες
2810 1243 2906 1296 καὶ
2944 1242 3127 1295 πάντα
3155 1241 3226 1292 τὰ
3260 1239 3402 1292 αὐτὰ
3432 1243 3539 1302 τοῖς
3588 1239 3743 1308 ἀνδρά-

2231 1351 2317 1388 σιν
2365 1335 2550 1406 ἔχουσι
2585 1335 2751 1406 μόρια
2783 1333 2941 1387 ’ἀλλ’
2969 1333 3137 1396 ἔνδον,
3173 1332 3268 1384 καὶ
3297 1331 3398 1384 οὐκ
3428 1330 3526 1395 ἔξω
3552 1347 3565 1360 °
3596 1347 3745 1402 περιτο

2232 1428 2350 1481 σότε
2361 1445 2452 1499 ρον
2476 1428 2533 1480 δὲ
2557 1429 2750 1491 αὑταῖς
2779 1426 2968 1498 μόριον
2992 1425 3102 1479 τῶν
3132 1424 3364 1493 ἀνδρῶν,
3386 1427 3443 1476 ἐν
3467 1417 3507 1489 ᾧ
3531 1423 3745 1492 βρεφουρ-

2230 1522 2409 1588 γεῐται
2441 1520 2512 1573 τὰ
2541 1520 2658 1584 ζῶα
2683 1535 2699 1552 ο
2735 1521 2907 1590 ἤγουν
2938 1520 2972 1587 ἠ
3006 1517 3226 1586 μήτρα.
3265 1516 3421 1585 Ἔχει
3447 1515 3500 1568 δὲ
3540 1513 3623 1566 δύο
3669 1529 3748 1566 κοι-

2230 1611 2370 1674 λίας,
2399 1611 2688 1675 δεξιάνκαὶ
2709 1609 3028 1683 ἀριστερὰν,
3061 1610 3118 1661 ὲν
3160 1603 3248 1668 αἷς
3299 1606 3529 1670 ζωοῦται
3571 1604 3632 1658 τά
3673 1605 3746 1671 ίμ-

2159 1731 2197 1788 B
2228 1701 2369 1771 δρυα
2394 1717 2406 1731 ·
2435 1702 2570 1773 φησι
2605 1702 2714 1771 γὰρ
2760 1699 3131 1770 Ἱπποκράτης
3230 1717 3252 1749 (γ
3288 1697 3543 1788 ξΕ-μδρυα
3568 1695 3629 1749 τά
3663 1693 3746 1788 μὲν

543 1785 767 1840 dextera
793 1793 946 1854 parte
969 1787 1252 1850 mares,-in
1276 1787 1406 1841 laeva
1439 1804 1569 1842 vero
1593 1789 1805 1844 feminae
1824 1787 1904 1861 (ut
1929 1789 2128 1860 Hippo-

2232 1791 2455 1862 ἄρρενα,
2485 1792 2543 1843 ὲν
2586 1793 2720 1844 τοῖσι
2741 1788 2986 1855 δεξιοῑσι,
3038 1789 3109 1841 τά
3161 1787 3217 1840 δὲ
3280 1786 3471 1855 θήλεα,
3507 1786 3561 1836 ὲν
3611 1785 3747 1836 τοῖσιν

546 1878 684 1930 crati
725 1876 923 1944 placet)
955 1877 1270 1947 gignuntur.
1307 1879 1447 1933 Sunt
1484 1889 1687 1943 autem,
1725 1881 1818 1950 qui
1869 1881 2125 1937 feminam

2232 1882 2585 1954 ἀριστεροῖσι.
2622 1901 2639 1933 ι
2676 1881 2908 1949 Λέγουσι
2927 1880 2986 1933 δέ
3015 1896 3164 1940 τινες
3196 1879 3292 1932 καὶ
3312 1875 3532 1931 πλείονα
3568 1874 3662 1928 τῶν
3679 1874 3748 1927 δύο

548 1966 738 2034 plures
783 1967 998 2022 duobus
1041 1983 1150 2021 uno
1193 1979 1350 2037 partu
1400 1970 1559 2024 edere
1604 1985 1766 2040 posse
1819 1980 2125 2026 autumant.

2232 1972 2434 2024 τίκτειν
2463 1973 2654 2041 αὐτήν.
2711 1973 2835 2024 Εἰσὶ
2861 1971 2921 2024 δὲ
2948 1970 3202 2040 περισσοὶ
3255 1970 3358 2021 καὶ
3405 1971 3455 2022 ol
3488 1967 3666 2038 μαστοὶ
3707 1965 3750 2015 ἐν

545 2059 626 2114 Ad
674 2061 810 2123 haec,
861 2058 1078 2114 femina:
1144 2060 1274 2129 ipsae
1320 2076 1500 2115 mares
1543 2062 1868 2131 papillarum
1923 2064 2130 2131 magni-

547 2150 733 2205 tudine
771 2159 1131 2220 exsuperant,
1183 2151 1238 2205 in
1272 2153 1478 2221 quibus
1505 2153 1618 2215 lac,
1669 2169 1780 2223 quo
1815 2154 1917 2224 ipsi
1941 2166 2130 2212 carent

548 2239 932 2306 constituitur;
959 2240 1012 2293 in
1047 2239 1276 2308 reliquis
1300 2256 1431 2295 vero
1459 2241 1736 2303 omnibus,
1766 2240 1983 2297 feminae
2012 2259 2129 2297 ma-

547 2333 703 2388 ribus
739 2349 894 2402 aaque
947 2334 1318 2402 respondent;
1376 2343 1734 2406 praeterquam
1769 2339 1912 2406 quod
1941 2338 1998 2391 in
2040 2353 2130 2408 ge-

552 2423 813 2476 nitalibus
871 2424 1156 2488 membris,
1195 2423 1518 2480 discrimina
1559 2428 1808 2496 quaedam
1841 2429 2128 2484 manifesta

550 2513 824 2566 visuntur.
856 2511 972 2568 Mas
999 2523 1206 2578 autem,
1229 2530 1339 2569 non
1378 2515 1541 2570 modo
1570 2518 1754 2571 nescio
1792 2518 1920 2587 quid
1978 2519 2131 2573 virile

552 2603 606 2654 in
655 2604 787 2670 ipsis
825 2604 1152 2674 genitalibus
1201 2608 1462 2663 membris
1509 2624 1621 2678 pra:
1660 2624 1719 2663 se
1758 2608 1883 2674 fert,
1937 2625 2128 2664 verum

553 2692 722 2746 etiam
791 2695 846 2747 in
922 2697 1170 2762 viribus,
1231 2706 1494 2765 aspectu,
1571 2699 1854 2762 moribus,
1920 2714 2128 2756 necnon

556 2783 754 2837 robore
808 2785 1016 2854 majore
1067 2803 1231 2856 quam
1285 2787 1490 2843 femina
1536 2789 1796 2856 praeditus
1849 2797 1973 2856 est;
2011 2805 2131 2858 qua

554 2875 774 2942 quidem
827 2877 1082 2931 universa
1145 2878 1361 2933 feminis
1419 2894 1448 2932 a
1512 2880 1685 2947 prima
1743 2880 2133 2935 constitutione

555 2972 748 3017 natu-ra
802 2966 1098 3021 abstulisse
1133 2969 1325 3032 voluit,
1357 2984 1482 3022 cum
1527 2969 1934 3031 imbecilliares.
1978 2971 2130 3025 omni

2233 2061 2454 2130 μεγέθει
2481 2077 2494 2092 ·
2529 2062 2625 2114 καὶ
2653 2060 2715 2113 τὸ
2743 2061 2801 2115 ἐν
2831 2061 3023 2122 αὐταῖς
3057 2059 3486 2128 λευκαινόμενον
3512 2055 3640 2125 γάλα
3658 2070 3673 2085 ·
3699 2053 3750 2104 τὰ

2227 2150 2274 2204 δ’
2311 2151 2447 2205 ἄλλα
2481 2151 2661 2204 πάντα
2710 2151 3073 2222 παραπλήσια
3097 2151 3138 2210 ⁸,
3195 2149 3341 2221 πλὴν
3392 2150 3490 2218 τῆς
3525 2147 3750 2216 διαφορᾶς

2227 2238 2324 2292 τοῦ
2359 2241 2587 2310 ἆρῤενος
2621 2239 2759 2308 πρὸς
2806 2239 2868 2292 τὸ
2897 2238 3054 2310 θῆλυ.
3087 2237 3163 2290 Τὸ
3193 2238 3292 2308 μὲν
3333 2237 3444 2308 γὰρ
3491 2236 3597 2306 ἔχει
3631 2235 3754 2304 ὰρῤε·

2228 2331 2427 2401 νότητὰ
2455 2348 2600 2395 τινα,
2631 2331 2692 2383 οὐ
2729 2330 2892 2400 μόνον
2912 2331 2972 2383 ὲν
3004 2332 3118 2393 τοῖς
3168 2330 3489 2400 εἰρημένοις
3543 2326 3754 2390 παιδουρο

2228 2426 2344 2491 γοῖς
2373 2426 2604 2494 μορίοις,
2635 2424 2775 2477 ἀλλά
2797 2423 2896 2477 καὶ
2925 2425 2985 2476 ὲν
3025 2423 3254 2492 δυνάμει
3300 2424 3399 2475 καὶ
3429 2421 3637 2492 θεωρίᾳ,
3682 2418 3753 2468 καὶ

2229 2515 2350 2585 ἧθει
2392 2514 2490 2568 καὶ
2529 2516 2952 2583 καταστήματι·
2991 2513 3054 2566 τὺ
3097 2514 3154 2566 δὲ
3177 2514 3459 2584 θηλύτητα
3485 2513 3590 2583 ἔχει
3623 2513 3671 2563 ὲν
3705 2509 3752 2575 τῇ

2191 2651 2194 2654 .
2229 2603 2325 2656 τοῦ
2365 2601 2620 2672 σώματος
2649 2604 3006 2666 καταστάσει,
3039 2603 3135 2656 καὶ
3164 2606 3232 2674 τῇ
3269 2605 3478 2672 φυσικῇ
3512 2595 3752 2664 ἀσθενείᾳ.

2229 2689 2434 2758 καὶτῷ
2458 2690 2565 2759 ὅλῳ
2595 2689 2952 2760 συγκρίματι.
2987 2692 3114 2743 Ὅτι
3157 2690 3218 2742 δέ
3257 2691 3382 2742 ἐστι
3430 2684 3648 2756 διαφορά
3692 2697 3757 2742 τις

2230 2782 2327 2836 τοῦ
2387 2783 2618 2853 ἄρρενος
2650 2782 2787 2850 πρὸς
2816 2782 2878 2834 τὸ
2909 2780 3069 2850 θῆλυ,
3112 2780 3210 2834 καὶ
3247 2780 3484 2850 φυσικὴ,
3535 2774 3758 2848 μαρτὺςδ

2233 2872 2412 2942 φοῖνιξ
2432 2875 2474 2925 ⁷.
2502 2875 2738 2940 Λέγουσι
2765 2873 2823 2925 δέ
2865 2889 3012 2936 τινες
3037 2872 3136 2942 τὴν
3170 2873 3512 2942 ἀρρενότητα
3540 2871 3644 2930 τοῖς
3685 2866 3760 2918 ἀν-

2231 2965 2424 3035 δράσιν
2458 2965 2516 3017 ὲν
2545 2968 2658 3026 τοῖς
2704 2964 2970 3035 δρχεσιν⁸
3020 2963 3166 3033 ἔχειν
3192 2980 3206 2993 ·
3245 2965 3332 3016 ὅτι
3377 2959 3759 3030 ἁποτμηθὲντων

554 3069 783 3121 prorsus
832 3063 1021 3110 amoto
1082 3057 1434 3121 discrimine,
1482 3059 1728 3114 maribus
1781 3059 2130 3116 habeantur:

2240 3059 2422 3113 αὐτῶν
2481 3058 2825 3127 θηλύνονται.
2878 3065 2976 3114 καλ⁹
3043 3059 3266 3127 γυναιξὶ
3313 3056 3675 3130 παραπλήσιοι
3701 3049 3764 3118 γί-

553 3145 698 3210 quod
748 3153 927 3196 autem
990 3147 1236 3200 naturale
1307 3147 1574 3215 quoddam
1647 3149 1785 3202 inter
1829 3165 2033 3203 marem
2080 3157 2134 3203 et

556 3234 814 3287 feminam
874 3233 1171 3290 discrimen
1229 3236 1321 3299 sit,
1369 3237 1591 3305 phrenix
1636 3252 1756 3292 esse
1811 3252 2133 3308 argumento
2175 3269 2180 3272 -

555 3331 752 3392 potest.
785 3324 925 3378 Sunt
975 3325 1068 3392 qui
1096 3314 1310 3380 virilem
1347 3327 1456 3379 vim
1493 3326 1546 3379 in
1593 3327 1821 3382 tesribus
1866 3343 1987 3383 esse
2022 3331 2136 3398 Opi-

560 3423 784 3476 nantur,
818 3415 946 3469 inde
972 3415 1226 3471 videlicet
1250 3428 1627 3486 argumentum
1664 3427 1960 3484 sumentes,
1987 3421 2132 3489 quod

555 3505 612 3558 in
656 3521 844 3560 eorum
878 3507 1250 3562 abstractione
1293 3523 1474 3562 mares
1511 3508 1812 3566 effeminari
1843 3511 2130 3580 contingit,

2237 3167 2418 3204 νονται
2449 3167 2461 3180 ’
2500 3152 2637 3220 μήτε
2666 3151 2875 3219 γένειον
2915 3151 3196 3220 φέροντες,
3249 3153 3395 3221 μήτε
3429 3153 3524 3220 τὴν
3570 3143 3766 3216 φυσικὴν

2237 3242 2470 3312 δύναμιν
2505 3242 2723 3311 ἔχοντες
2754 3241 2854 3310 τῆς
2893 3242 3243 3304 παιδοποιίας
3263 3257 3278 3272 ⁶
3309 3241 3397 3297 διὸ
3430 3241 3524 3297 καὶ
3573 3231 3764 3306 ἀμφιδά-

2238 3331 2364 3394 λους
2392 3332 2470 3402 τῷ
2497 3334 2646 3399 γένει
2679 3333 2878 3396 αὐτοὺς
2906 3335 2934 3387 ὁ
2971 3332 3235 3400 Θεολόγος
3287 3333 3469 3386 καλεῖ.
3502 3327 3767 3399 ’Δμείδεται

2238 3423 2294 3476 δὲ
2322 3424 2506 3486 αὐτοῖς
2537 3425 2631 3477 καὶ
2658 3424 2720 3478 ea
2757 3425 2854 3493 τῆς
2908 3425 3094 3495 φωνῆς
3141 3425 3420 3495 ἀνδρεῖον,
3467 3423 3560 3477 καὶ
3603 3419 3766 3484 61mp-

2241 3513 2400 3581 γοῦσι
2426 3517 2494 3566 τά
2521 3514 2692 3566 πολλὰ
2722 3514 3126 3586 παραπλησίως
3157 3515 3421 3578 ἐκείναις.

556 3610 622 3650 ac
669 3611 767 3651 ceu
797 3597 849 3650 in
892 3594 1222 3650 feminarum
1259 3606 1512 3651 naturam
1550 3599 1815 3662 converti,
1847 3615 1971 3654 cum
2002 3602 2136 3655 tales
2169 3611 2224 3657 et
2261 3603 2428 3660 barba
2492 3614 2734 3670 careant,
2777 3615 2832 3660 et
2896 3613 3104 3660 naturas
3137 3605 3213 3670 vi,
3272 3602 3621 3674 procreanda!
3643 3595 3767 3654 sobo-

558 3686 626 3740 lis
691 3684 950 3741 facultate
1014 3687 1326 3756 priveutur;
1413 3687 1771 3757 quamobrem
1837 3686 2133 3759 Gregorius

2206 3689 2365 3762 ιιῆ.
2418 3690 2727 3762 Tbeologus
2777 3693 2928 3762 ipsos
2984 3693 3224 3762 ambigui
3309 3694 3530 3762 generis
3569 3685 3768 3744 homines

559 3787 858 3846 nuncupat.
896 3776 1183 3840 Praeterea,
1215 3787 1271 3833 et
1324 3777 1500 3834 virilis
1547 3780 1699 3835 vocis
1739 3795 1875 3836 usus
1928 3779 2065 3850 ipsis
2118 3779 2390 3848 aufertur,
2453 3799 2516 3839 ac
2573 3783 2822 3854 pluribus
2879 3783 2936 3838 in
3005 3783 3239 3854 negotiis
3287 3781 3626 3853 peragendis,
3668 3769 3767 3830 nihil

559 3881 787 3935 prorsus
845 3882 878 3922 a
932 3866 1169 3924 femineo
1208 3885 1343 3925 sexu
1398 3869 1730 3941 discrepant.

916 3981 1049 4051 Cap.
1085 3982 1177 4036 XX
1192 3983 1276 4038 Vl.
1311 3983 1478 4038 ——De
1520 3985 1786 4039 manibus.

632 4094 737 4149 Sed
766 4094 878 4164 jam
913 4096 979 4149 de
1008 4095 1272 4150 femorum
1307 4097 1616 4167 pedumque
1653 4098 1900 4167 partibus
1934 4099 2138 4152 oratio-

563 4201 686 4240 nem
733 4185 958 4240 missam
997 4186 1276 4251 facientes,
1311 4188 1379 4241 ad
1426 4202 1685 4243 nianuum
1721 4189 2136 4258 explicationem

560 4277 880 4346 dirigamur.
926 4275 1136 4331 Etenim
1176 4278 1228 4330 in
1267 4277 1418 4331 omni
1453 4277 1684 4332 aliorum
1707 4278 2022 4332 animalium
2046 4293 2136 4346 ge-

2618 3981 2762 4049 Κεφ.
2788 3980 2938 4046 Κατ.
2957 4009 3030 4020 -
3045 3979 3188 4048 Περὶ
3206 3979 3446 4048 χειρῶν.

2315 4087 2398 4142 Τά
2449 4077 2590 4160 μέν⁹
2653 4085 2748 4142 οὖν
2825 4089 2934 4142 τῶν
2990 4090 3185 4161 μηρῶν
3204 4089 3248 4120 ¹⁰
3297 4092 3396 4144 καὶ
3449 4089 3618 4142 ποδῶν
3664 4102 3712 4138 τε
3738 4083 3767 4114 ¹¹

2243 4181 2474 4249 ἀφέντες
2518 4181 2703 4250 μόρια,
2735 4181 2828 4233 ἐπὶ
2853 4180 2923 4233 τὰ
2951 4179 3061 4233 τῶν
3108 4180 3308 4251 χειρῶν
3342 4171 3773 4252 τρεψὼμεθα,ἁπδ

2243 4272 2452 4326 τούτων
2477 4289 2536 4325 τε
2567 4273 2728 4325 πάλιν
2758 4274 2989 4326 κάκεῖνα
3015 4272 3373 4343 σκεψώμεθα.
3411 4275 3538 4335 Τοῖς
3569 4272 3655 4340 μὲν
3692 4266 3772 4334 γὰρ

563 4383 714 4430 nere,
733 4369 1008 4423 anteriora
1033 4369 1278 4437 corporis
1304 4370 1545 4422 membra
1567 4369 1727 4438 pedes
1747 4378 1894 4433 sunt,
1912 4384 1977 4424 eo
1999 4371 2131 4437 quod

2247 4367 2429 4432 ἄλλοις
2451 4368 2586 4421 πᾶσι
2613 4367 2776 4433 ζώοις
2804 4367 2869 4421 τὰ
2892 4367 3208 4438 ἔμπροσθεν
3240 4367 3395 4420 κῶλα
3443 4367 3537 4420 τοῦ
3572 4364 3772 4433 σώματος

562 4458 848 4514 incurvum
882 4462 1027 4530 quod
1081 4461 1136 4514 in
1180 4460 1312 4530 ipsis
1350 4469 1452 4524 est,
1493 4461 1862 4515 sustentaculo
1885 4461 2136 4530 indignit.

563 4549 621 4604 In
653 4548 878 4604 humani
903 4565 1030 4604 vero
1053 4549 1298 4618 corporis
1327 4559 1622 4612 structura,
1646 4565 1746 4619 pro
1773 4551 2138 4605 anterioribus

562 4643 878 4697 animalium
915 4643 1190 4704 cruribus,
1222 4658 1418 4696 manus
1458 4643 1745 4697 habentur.
1781 4643 1914 4698 Cum
1953 4653 2134 4699 autem

565 4735 731 4788 homo
787 4743 972 4789 erecto
1027 4732 1236 4787 feratur
1293 4748 1556 4803 corpore,
1618 4735 1749 4790 satis
1795 4736 2015 4805 quidem
2068 4736 2135 4790 ad

565 4842 786 4897 gressus
816 4826 1061 4889 tutelam,
1088 4825 1428 4896 geminorum
1482 4825 1677 4894 pedum
1717 4841 1852 4880 usus
1910 4827 2137 4883 faciunt.

565 4917 1020 4980 Adhaac,rationis
1049 4916 1238 4970 usibus
1260 4929 1521 4969 manuum
1545 4913 1714 4968 olllcia
1743 4915 2136 4981 obsecundant;

567 5022 690 5061 nam
729 5023 925 5062 manus
952 5007 1099 5076 ipsas
1124 5006 1406 5060 rationalis
1438 5015 1644 5059 natura:
1698 5007 2141 5062 instrumentales

569 5105 748 5165 partes
773 5106 918 5150 recta
936 5097 1144 5150 ratione
1164 5096 1484 5165 appellares,
1505 5109 1612 5148 non
1634 5096 1795 5148 modo
1819 5099 1963 5164 quod
1986 5111 2141 5151 com-

571 5187 826 5242 munibus
875 5204 994 5257 qua:
1041 5197 1299 5256 apparent
1353 5189 1515 5243 rebus
1567 5187 1752 5242 inunia
1789 5188 2142 5243 solertissime

569 5279 752 5332 omnia
805 5287 1086 5349 peragant,
1121 5294 1309 5333 verum
1358 5278 1522 5332 etiam
1557 5288 1682 5348 apto
1713 5279 1952 5346 ipsarum
1985 5279 2151 5332 mini-

569 5369 755 5435 sterio,
785 5369 1134 5441 cogitationis
1166 5377 1383 5438 nostrae,
1408 5371 1846 5439 quandocunque
1863 5370 2143 5436 acciderit,

2248 4459 2410 4522 πόδες
2429 4459 2537 4511 είσί
2565 4477 2578 4489 ·
2600 4459 2739 4511 διότι
2761 4459 2821 4511 τὸ
2847 4459 3085 4526 κεκυφδς
3115 4458 3287 4511 ἐδεῖτο
3309 4460 3404 4511 τοῦ
3425 4455 3770 4527 ὑπερείδοντος·

2258 4552 2384 4604 Ἐπὶ
2413 4553 2468 4605 δὲ
2503 4552 2604 4622 τῆς
2652 4551 2748 4604 τοῦ
2782 4551 3071 4622 ἀνθρώπου
3117 4554 3472 4621 κατασκευῆς
3523 4551 3688 4620 χεῖρες
3722 4539 3772 4592 τά

2245 4643 2400 4698 κῶλα
2433 4643 2720 4710 ἐγένοντο·
2767 4641 2845 4712 τῷ
2875 4643 2984 4711 γὰρ
3023 4642 3194 4713 ὀρθίῳ
3238 4641 3335 4694 τοῦ
3370 4643 3647 4712 σχήματος
3683 4631 3773 4687 αὖτ.

2247 4736 2481 4806 αρκες¹¹
2534 4730 2602 4803 ἦν
2641 4734 2778 4805 πρὸς
2834 4734 2933 4803 τὴν
2983 4733 3195 4804 χρείαν,
3248 4735 3349 4803 μία
3409 4733 3565 4804 βάσις
3611 4722 3770 4782 διπλοῖς

2249 4827 2409 4879 ποσὶν
2431 4825 2490 4876 ὲν
2514 4825 2788 4896 ἀσφαλείᾳ
2809 4824 2908 4895 τὴν
2958 4823 3116 4894 βάσιν
3157 4824 3471 4894 ὲρείδουσα.
3531 4820 3674 4876 Ἀλλὰ
3705 4813 3772 4867 καὶ

2246 4919 2315 4986 τῇ
2359 4915 2644 4983 τοῦλόγου
2682 4916 2842 4988 χρείᾳ
2891 4916 3153 4985 συνεργός
3200 4918 3352 4968 ἐστιν
3384 4919 3417 4986 ἡ
3469 4915 3574 4967 τῶν
3620 4903 3770 4981 χειρῶν

2250 5006 2524 5076 ὑπουργία
2555 5022 2568 5035 ·
2599 5007 2694 5058 καί
2737 5023 2823 5069 τις
2878 5005 3010 5058 ἴδιον
3043 5004 3142 5072 τῆς
3203 5005 3436 5076 λογικῆς
3487 5004 3681 5074 φύσεως
3702 4993 3770 5060 τὴν

2249 5097 2358 5150 τῶν
2412 5096 2613 5168 χειρῶν
2657 5097 2966 5166 ὑπηρεσίαν
3000 5097 3195 5162 εἰπὼν,
3255 5098 3315 5149 οὐ
3366 5096 3468 5150 τοῦ
3523 5093 3769 5164 πρέποντος

2248 5187 2561 5259 ἁμαρτήσει
2589 5187 2654 5238 ⁸⁸.
2699 5206 2716 5238 ι
2757 5188 2831 5240 Οὐ
2863 5188 3026 5256 μόνον
3050 5187 3188 5257 πρὸς
3215 5187 3277 5240 τὸ
3302 5188 3486 5240 κοινὸν
3528 5181 3673 5237 τοῦτο
3705 5170 3771 5225 καὶ

2249 5281 2540 5352 πρόχειρον
2589 5281 2911 5352 ἀποτρέχων
2961 5284 3028 5352 τῇ
3075 5281 3289 5354 διανοίᾳ
3319 5299 3334 5314 ο
3387 5283 3473 5335 ὅτι
3534 5277 3769 5350 γράμμαστ

2250 5371 2342 5425 τὸν
2375 5371 2553 5440 λόγονν
2568 5371 2655 5426 διά
2697 5373 2797 5443 τῆς
2839 5373 2949 5427 τῶν
2983 5373 3182 5444 χειρῶν
3214 5374 3451 5442 εὐφυΐας
3502 5356 3772 5440 ἐνσημαινό·

635 5569 657 5601 ⁸
692 5573 822 5625 Ιιτυρ.
859 5589 966 5647 om.
995 5571 1054 5625 Β.
1123 5575 1418 5647 θᾳπαραττλ,
1453 5577 1629 5647 πάντα
1658 5576 1719 5628 Β.
1789 5575 1912 5647 ista
1939 5576 2033 5647 καὶ
2072 5573 2131 5642 δίΙ

2232 5575 2448 5647 motata!
2479 5575 2652 5628 ταῦτα
2681 5577 2780 5647 μὲν
2812 5576 2985 5641 οὕτως
3014 5575 3070 5631 Ρ.
3101 5586 3283 5642 textu;
3317 5586 3438 5631 cret.
3473 5576 3524 5629 in
3546 5583 3693 5647 ιῃειτς·
3714 5563 3769 5647 ἐξ

574 5651 790 5734 ﬁniatur.
867 5642 888 5672 ³
916 5641 1133 5710 ἐρχεσιν
1162 5644 1219 5696 Β.
1255 5627 1271 5646 ’ν
1290 5627 1317 5677 δν
1343 5627 1425 5697 Τά
1456 5627 1554 5714 μεν
1577 5627 2131 5712 Ῠ-ξ-Ῠσκεψῶμεθαῗοιιι

644 5709 772 5740 τέων
808 5709 843 5740 τι
942 5711 982 5740 η
1007 5710 1282 5740 -.-.-.--..--
1305 5715 1342 5740 υ
1376 5715 1414 5740 τι
1519 5715 1560 5740 u
1583 5715 1796 5740 ι....ι--.
1831 5715 1866 5740 n

2232 5687 2234 5700 .
2260 5627 2352 5714 qui
2377 5627 2647 5716 γάρ
2681 5627 3070 5711 εἱλούξέιῖεἱιί
3099 5627 3247 5703 ν
3269 5627 3629 5720 'Néé'pi';-.a~i
3724 5627 3766 5682 3-

603 5708 615 5733 ⁸
644 5709 776 5766 τέως
807 5709 865 5760 Β.
942 5708 1282 5781 "principum;
1305 5715 1343 5764 Β
1376 5715 1436 5767 (Ζ.
1457 5708 1468 5714 ⁷
1519 5715 1560 5745 ¹³
1582 5708 1809 5766 ἐκπέσοι
1830 5708 1887 5766 B.
