3944 6152
501 213 642 277 19-41

1777 209 2058 268 MELETll
2100 211 2411 270 MONACHI

3610 227 3721 281 l268

502 339 648 391 nitent
683 335 780 405 (b).
805 333 921 389 Non
953 335 1097 389 enim
1141 337 1419 404 propheta:
1455 334 1522 388 de
1555 335 1659 401 his,
1686 335 1779 404 qui
1813 335 2088 405 quaerendi

2193 335 2488 406 ἐνεργειῶν
2520 335 2576 388 αἱ
2605 335 2786 406 χεῖρες
2823 335 3246 391 ἀποτελεστικαί
3267 355 3280 372 ·
3305 338 3380 403 ὡς
3407 339 3471 395 ἂν
3501 338 3588 396 οὖν
3623 350 3722 418 κινῇ

501 428 745 481 alimenti
790 426 985 495 gratia,
1017 425 1100 478 vel
1133 425 1502 494 consequendi
1545 424 1598 477 in
1655 424 1902 494 pluribus
1929 439 2087 478 emo-

2192 426 2253 482 τὸ
2287 427 2584 499 κατάρχον,
2615 426 2759 481 οὕτω
2781 429 3017 482 κινεῖται
3038 430 3135 483 καὶ
3162 430 3226 483 τὸ
3254 432 3526 503 ἐνεργοῦν.
3560 454 3577 488 ι

501 523 751 586 lumcnti,
785 536 980 574 manus
1018 529 1298 585 exercent,
1328 520 1422 575 sed
1455 520 1522 574 de
1558 519 1743 589 inique
1776 520 2087 588 agentibus,
2123 534 2188 575 ea
2233 537 2356 591 qua:
2405 522 2695 578 retulimus
2745 523 3018 591 innuunt;
3064 534 3396 594 quapropter
3450 528 3633 582 mentis
3657 543 3724 583 ac-

503 615 681 668 tiones
725 627 821 680 per
881 626 1076 666 manus
1115 610 1262 680 ipsas
1306 609 1703 680 exprimuntur.
1755 611 1963 680 Itaque,
2016 610 2081 664 ad
2117 613 2366 684 principii
2425 625 2632 668 motum
2680 622 2735 669 et
2789 615 3147 671 instrumenta
3202 617 3461 690 subsequi
3517 635 3728 676 necessa-

500 705 646 758 rium
685 709 789 755 est.
1001 777 1006 782 ι

570 799 762 853 Manus
815 804 999 851 autem
1063 795 1133 850 ab
1199 794 1334 864 ipsis
1395 796 1573 865 χεῖρες
1631 791 1739 846 ἀπὸ
1788 792 1886 864 τῆς
1947 791 2084 862 χρή-

501 910 661 955 σεως,
717 891 786 944 ab
844 889 967 944 utili
1025 888 1278 942 videlicet
1316 902 1419 941 usu
1476 885 1922 947 denominantnr,
1973 885 2084 935 ὼσ-

500 983 621 1037 ανεὶ
673 984 854 1052 χρεῖαι
909 975 1086 1044 οὖσαι,
1139 979 1300 1048 quasi
1343 977 1534 1033 usibus
1577 976 1900 1031 necessaria:
1953 975 2084 1040 sint,

502 1072 652 1126 nulla
682 1073 828 1124 enim
877 1086 970 1124 ars
1008 1070 1193 1140 perﬁci
1240 1070 1451 1138 absque
1488 1068 1746 1123 manibus
1785 1073 1985 1137 potest,
2029 1075 2086 1120 ut

506 1170 593 1216 est
620 1161 761 1230 apud
794 1158 1089 1214 Homerum
1118 1160 1160 1227 1
1174 1159 1308 1228 16:

574 1269 812 1324 Deiectis
864 1268 1108 1321 inanibus
1135 1275 1353 1336 pereunt
1390 1281 1594 1336 quoque
1623 1264 1869 1318 Palladis
1901 1272 2042 1317 artes
2070 1279 2090 1328 ,°

504 1387 620 1440 sive
636 1388 824 1456 χεῖρας
848 1382 973 1436 inde
1003 1382 1176 1435 dictas
1198 1381 1409 1446 volunt,
1439 1379 1590 1449 παρὰ
1610 1378 1672 1431 τὸ
1696 1379 1824 1448 ῥᾷον
1848 1376 2087 1446 χεῖσθαι,

503 1476 652 1544 quod
680 1490 761 1526 res
784 1470 943 1542 facile
966 1479 1148 1540 agant,
1171 1469 1252 1523 vel
1274 1469 1342 1522 ab
1367 1469 1500 1536 ἴσχω
1515 1467 1576 1519 τὸ
1591 1465 1972 1536 κρατῶμιιιοά
1993 1481 2088 1517 ca-

503 1569 594 1638 pio
617 1565 878 1619 aeratineo
896 1560 1180 1630 facit,quia
1199 1560 1266 1614 ad
1283 1574 1370 1614 res
1386 1557 1746 1613 continendas
1763 1571 1949 1609 earum
1975 1554 2091 1609 olli-

2263 788 2468 855 Χεῖρες
2515 783 2611 843 οὖν
2646 789 2764 854 ,ἀπὸ
2801 790 2902 862 τῆς
2956 793 3212 864 χρήσεως
3255 794 3521 864 λέγονται,
3560 800 3728 858 ὡσανεὶ

2193 883 2375 951 χρεῖαι
2401 877 2560 934 οὖσαι
2590 900 2605 913 ·
2637 883 2865 954 οὐδεμία
2903 886 3014 957 γὰρ
3033 887 3076 920 ⁸⁸
3105 888 3270 960 τέχνη
3303 895 3590 961 προκόπτει
3631 898 3728 969 δίχα

2191 973 2392 1042 χειρῶν
2414 987 2430 1002 °
2463 972 2648 1038 καθὼς
2677 975 2772 1028 καὶ
2787 975 2832 1008 ⁸³
2851 977 2879 1029 6
2904 978 3137 1048 ποιητής
3167 996 3333 1049 φησιν
3353 981 3399 1013 ³⁸
3422 997 3439 1014 ο

2260 1251 2481 1321 Χειρῶν
2501 1253 2858 1323 ὀλλυμένων
2885 1255 3042 1326 ἔῤῥει
3069 1260 3412 1332 πολύεργος
3442 1264 3642 1334 Ἀθήνη
3660 1285 3674 1300 ο
3706 1258 3711 1263 ’

2189 1365 2223 1434 ἢ
2249 1367 2368 1435 χεὶρ
2414 1366 2568 1438 παρὰ
2608 1369 2671 1420 τδ
2719 1371 2854 1441 ῥᾷον
2887 1372 3102 1441 χεῖσθαι
3130 1389 3143 1403 ·
3180 1375 3214 1444 ἢ
3256 1376 3411 1448 παρὰ
3426 1363 3495 1430 ’τὸ
3531 1379 3648 1450 ίσχω
3683 1384 3731 1435 τὸ

2193 1457 2386 1527 κρατῶ
2416 1457 2460 1489 ³⁸
2488 1474 2502 1488 ·
2543 1461 2573 1529 ἠ
2625 1460 2931 1531 ἐπιτήδειος
2972 1464 3109 1533 πρὸς
3156 1464 3219 1518 τὺ
3277 1471 3502 1538 κρατεῖν
3527 1484 3540 1498 °
3586 1470 3730 1540 ἢὰπδ

2194 1546 2288 1599 τοῦ
2340 1547 2552 1618 διιστᾷν
2606 1551 2732 1612 τοὺς
2761 1550 3060 1616 δακτύλους
3111 1557 3206 1607 καὶ
3246 1555 3454 1626 διαχεῖν
3479 1577 3490 1591 ·
3523 1560 3730 1627 λέγονται

505 1658 652 1712 cium
688 1655 946 1709 idoneum
997 1652 1227 1706 habetur
1269 1669 1284 1705 :
1313 1650 1429 1705 sive
1455 1650 1563 1702 ἀπὸ
1591 1648 1686 1703 τοῦ
1719 1651 1926 1720 διαχεῖν
1959 1648 2086 1712 τοὺς

2193 1640 2283 1692 καὶ
2312 1639 2553 1711 (Inter-at,
2618 1641 2842 1694 ἀπὸτοῦ
2875 1643 2942 1695 δι’
2992 1644 3170 1698 αὐτῶν
3213 1647 3493 1702 είλοῦσθαι
3541 1652 3629 1712 τὰς
3651 1653 3729 1704 τά·

506 1746 825 1812 δακτύλους,
856 1744 1004 1814 quod
1039 1742 1292 1798 videlicet
1339 1740 1631 1811 digitorum
1690 1745 1819 1794 ordo
1856 1740 2084 1808 diffusus

505 1841 726 1894 invicem
749 1837 926 1892 distet.
963 1835 1131 1890 Ulnas
1176 1843 1356 1888 autem
1383 1848 1520 1902 quas
1543 1832 1621 1887 illi
1647 1832 1850 1894 ὠλένας
1873 1830 2084 1897 dicunt,

501 1931 630 1986 inde
683 1929 936 1984 videlicet
980 1927 1158 1981 dictas
1207 1925 1420 1984 volunt,
1474 1922 1583 1976 ἀπὸ
1629 1921 1724 1976 τοῦ
1789 1922 1856 1974 δι’
1902 1920 2084 1975 αὐτῶν

501 2021 775 2076 είλοῦσθαι
826 2018 927 2082 τὰς
976 2017 1190 2081 τάξεις,
1245 2015 1278 2086 ἢ
1344 2013 1716 2086 πληροῦσθαι,
1781 2013 1929 2084 quod
1987 2013 2084 2067 vi-

501 2115 699 2169 delicet
791 2112 919 2181 ipsis
988 2125 1147 2178 opera
1223 2118 1547 2176 peraguntur
1623 2105 2084 2174 perﬁciunturque.

501 2205 762 2274 Quaedam
801 2212 980 2257 autem
1041 2213 1235 2254 manus
1287 2212 1413 2267 pars
1461 2196 1787 2259 brachium,
1837 2197 2086 2264 quaedam

501 2296 738 2358 cubitus,
790 2291 895 2345 alia
947 2303 1077 2342 vero
1115 2287 1258 2354 vola,
1300 2286 1402 2340 alia
1442 2285 1668 2340 dorsum
1719 2299 1940 2350 manus,
1979 2283 2086 2336 alia

503 2384 683 2454 palma
712 2388 1084 2451 nuncupatur,
1115 2394 1146 2432 a
1171 2393 1279 2446 qua
1309 2376 1611 2447 digitorum
1652 2389 1948 2445 processus
1980 2382 2084 2428 est.

505 2475 573 2528 Et
644 2471 932 2527 brachium
1003 2467 1224 2538 quidem
1285 2466 1430 2535 quod
1483 2465 1558 2519 illi
1609 2463 1870 2534 βραχίων,
1926 2462 2086 2532 quasi

507 2561 842 2634 βραχυκίων,
867 2558 1014 2629 quod
1047 2558 1247 2612 brevem
1277 2555 1735 2626 interpretareris,
1755 2555 1959 2608 dictum
1993 2568 2093 2608 vo-

506 2657 661 2722 lunt;
694 2668 819 2707 nam
855 2650 1065 2706 brachii
1087 2665 1151 2705 os
1184 2648 1410 2704 femoris
1445 2662 1570 2703 osse
1597 2646 1818 2700 brevius
1840 2645 2087 2699 habetur.

2196 1731 2373 1795 ξεις³⁶
2405 1746 2419 1760 ·
2455 1730 2714 1785 Τουτέστι
2762 1733 3122 1807 πληροῦσθαι.
3175 1738 3287 1808 Τῆς
3330 1737 3425 1794 οῦν
3472 1742 3638 1812 χειρὸς
3681 1743 3730 1794 τὸ

2196 1822 2294 1890 μέν
2310 1823 2586 1893 βραχίων
2609 1823 2882 1893 καλεῖται,
2913 1827 2974 1880 τὸ
2999 1827 3058 1880 δὲ
3083 1828 3290 1900 πῆχυς
3315 1849 3332 1863 ο
3363 1833 3425 1886 τὸ
3442 1834 3496 1910 δέ
3520 1834 3727 1901 καρπὸς,

2191 1913 2250 1964 τὸ
2283 1912 2382 1984 [δὲ]
2431 1915 2864 1985 μπακάρπιον,
2897 1919 2959 1971 τὸ
3011 1920 3068 1973 δέ
3107 1925 3366 1994 παλάμῃ
3392 1941 3406 1956 ·
3456 1926 3546 1994 ἀφ’
3589 1921 3648 1997 ἧς
3688 1927 3726 1977 οί

2189 2002 2502 2060 δάκτυλοι.
2550 2009 2659 2061 Καὶ
2706 2009 2981 2079 βραχίων
3031 2013 3152 2084 μὲν,
3214 2010 3330 2069 οἷον
3381 2019 3726 2087 ,ϐραχυκίωνο

2196 2095 2536 2168 βραχύτερον
2569 2100 2678 2172 γάρ
2730 2103 2848 2155 ἐστι
2887 2103 2982 2156 τοῦ
3039 2105 3241 2176 μηροῦ,
3307 2108 3374 2161 τὸ
3427 2111 3607 2164 ὀστοῦν
3659 2110 3728 2163 τοῦ

2195 2185 2480 2257 βραχίονος
2517 2205 2530 2218 ’
2560 2190 2915 2262 διαρθροῦται
2939 2194 3049 2265 γὰρ
3079 2195 3200 2250 κατ’
3227 2195 3401 2267 ἄμφω
3429 2199 3496 2252 τά
3524 2200 3727 2272 πέρατα’

2195 2280 2290 2332 καὶ
2319 2280 2463 2334 κατὰ
2495 2282 2592 2352 μὲν
2618 2283 2709 2337 τὸν
2729 2277 2901 2354 ὦμον,
2935 2287 3193 2354 ἐπίφυσιν
3220 2287 3339 2359 ἔχει
3386 2291 3484 2361 τῆς
3527 2291 3730 2360 κεφαλῆς

2192 2373 2550 2443 εὐμεγέθους.
2580 2378 2652 2429 Τὸ
2678 2377 2734 2430 δὲ
2765 2378 2915 2432 κάτω
2939 2380 3113 2452 πέρας
3149 2381 3350 2450 αὑτοῦ,
3376 2388 3453 2448 εἰς
3484 2385 3730 2448 κονδύλους

2188 2465 2409 2530 ἀνίσους
2433 2468 2666 2540 τελευτᾷ
2687 2486 2701 2501 ·
2728 2472 2825 2524 καὶ
2858 2473 2996 2543 πρὸς
3030 2473 3132 2543 μὲν
3155 2473 3250 2527 τὸν
3292 2475 3403 2542 ἔξω
3432 2477 3676 2540 κόνδυλον,
3703 2477 3729 2545 ἡ

2190 2559 2290 2625 τῆς
2341 2560 2594 2629 κερκίδος
2653 2563 2870 2634 κεφαλὴ
2922 2563 3337 2636 ἀρθροῦται³⁷ο
3389 2568 3522 2639 πρὸς
3567 2567 3616 2622 δὲ
3661 2566 3732 2619 τὸν

2193 2647 2362 2712 ἔνδον,
2396 2651 2570 2706 οὐδέν.
2671 2675 2678 2685 ι

505 2751 685 2821 Ipsum
720 2761 958 2815 namque
985 2744 1193 2800 brachii
1229 2759 1291 2799 os
1346 2743 1603 2812 utrinque
1630 2740 2082 2794 dearticulatione
2145 2741 2520 2814 conjungitur,
2587 2747 2680 2802 sed
2754 2764 2864 2819 qua
2937 2751 3006 2807 ad
3079 2753 3342 2811 humeros
3427 2754 3635 2819 accedit,
3689 2750 3730 2804 in

503 2849 667 2911 caput
728 2840 927 2894 adnata
966 2837 1286 2908 appendice,
1366 2835 1659 2890 moderatae
1715 2832 2111 2902 magnitudinis
2183 2839 2470 2894 excrescit.
2549 2839 2700 2896 Finis
2749 2853 2930 2898 autem
3030 2846 3150 2915 ejus
3231 2846 3463 2903 inferior
3531 2847 3579 2901 in
3650 2845 3734 2897 im-

504 2951 663 3007 pares
727 2934 900 2990 ﬂexus
959 2933 1178 3000 desinit,
1215 2941 1272 2987 et
1329 2946 1435 3001 qua
1491 2930 1731 2985 exterior
1780 2929 1954 2984 ﬂexus
2007 2937 2092 2984 est
2132 2933 2276 2988 ossis
2340 2934 2563 2991 radialis
2614 2946 2777 3010 caput
2849 2940 3178 3008 conseritur,
3221 2956 3338 3012 qua
3376 2955 3505 2996 vero
3548 2937 3735 2993 interior

504 3028 730 3083 omnino
764 3026 920 3080 nihil.

577 3115 675 3169 Est
708 3127 890 3170 autem
945 3115 1000 3168 in
1047 3113 1294 3167 interiori
1339 3111 1546 3166 brachii
1599 3112 1706 3166 ﬁne
1753 3112 2084 3177 concavitas,

2263 3111 2528 3184 Κοιλότης
2549 3112 2606 3166 δέ
2637 3113 2787 3168 ἐστιν
2825 3115 2882 3168 ἐν
2907 3114 2986 3186 τῷ
3011 3116 3164 3171 κάτω
3187 3117 3233 3150 ³⁸
3266 3117 3470 3189 πέρατι
3511 3117 3596 3172 τοῦ
3627 3118 3736 3190 βρα-

505 3221 630 3277 qua:
677 3205 895 3259 trocleae
961 3203 1320 3258 similitudine
1376 3201 1700 3271 respondet,
1737 3202 1882 3256 circa
1923 3217 2086 3270 quam

506 3298 727 3354 cubitus
769 3303 1038 3360 movetur,
1082 3301 1138 3348 et
1190 3293 1338 3346 intus
1389 3293 1444 3346 in
1500 3293 1654 3361 ipsa,
1708 3292 1839 3345 illud
1893 3308 2089 3346 cavum

505 3389 723 3445 visitur.
781 3385 906 3441 Haec
959 3384 1226 3454 siquidem
1289 3398 1420 3438 cava
1479 3382 1648 3438 cubiti
1710 3395 1902 3438 acutos
1963 3397 2091 3452 pro-

508 3497 724 3545 cessus,
779 3493 919 3550 quos
979 3491 1210 3532 corones
1267 3488 1604 3546 nuncupant,
1657 3476 1983 3545 suscipiunt.
2026 3475 2093 3529 Et

507 3589 632 3628 cum
657 3572 875 3627 cubitus
903 3569 972 3624 ad
1002 3568 1264 3622 interiora
1297 3558 1556 3634 ﬂectitur,
1594 3569 1840 3624 anterius
1871 3585 2088 3637 cavum,

509 3665 836 3718 anteriorem
863 3675 1164 3725 coronem;
1208 3673 1318 3728 prze
1368 3660 1536 3714 cubiti
1578 3675 1708 3723 vero
1747 3660 2088 3726 extensione,

509 3754 644 3808 iHud
698 3752 845 3821 quod
904 3751 1145 3807 exterius
1183 3760 1288 3812 est,
1347 3751 1675 3806 exteriorem
1725 3750 1992 3806 desumit.
2023 3751 2094 3806 At

509 3845 718 3899 brachii
752 3852 916 3912 caput
951 3858 1076 3898 cum
1119 3842 1413 3898 humeralis
1455 3842 1599 3898 ossis
1643 3857 1779 3898 cavo
1829 3843 2093 3898 dearticu-

511 3933 670 3988 latur.
705 3933 1012 3988 Humeralis
1047 3933 1192 3988 ossis
1220 3947 1531 4002 processus,
1565 3931 1660 4001 qui
1685 3932 1937 3988 anchorae
1979 3933 2092 3988 for-

511 4036 661 4076 mam
707 4021 937 4085 obtinet,
992 4021 1220 4075 humero
1266 4020 1370 4089 ipsi
1434 4020 1697 4090 assurgit,
1761 4021 1891 4075 huic
1961 4035 2092 4074 vero

393 4104 404 4118 ⁴
512 4113 816 4177 musculus,
846 4113 939 4182 qui
982 4112 1168 4182 biceps
1192 4123 1542 4183 nuncupatur
1589 4112 1880 4176 accumbit,
1915 4127 1945 4166 a
1983 4127 2092 4180 quo

512 4205 666 4261 nervi
705 4205 770 4260 ad
801 4203 1016 4258 humeri
1056 4204 1360 4270 cacumina,
1392 4212 1445 4258 et
1476 4219 1583 4274 qua
1609 4203 1871 4258 clavicula
1894 4203 2094 4258 dearli-

513 4298 754 4361 eulatur,
841 4295 1210 4366 praetendunt.
1285 4295 1366 4351 Ex
1439 4295 1713 4349 anteriore
1803 4295 2092 4363 utriusque

513 4387 728 4442 humeri
781 4386 1072 4442 cacumine
1125 4385 1279 4440 nervi
1331 4393 1479 4449 sunt,
1529 4384 1623 4454 qui
1679 4384 1945 4438 tendones
1997 4400 2092 4453 ap-

2191 3202 2368 3272 χίονος
2399 3203 2656 3275 τροχιλίῳ
2670 3206 2712 3237 ³⁸
2737 3205 2951 3260 ἐοικυῖα
2969 3222 2983 3236 ο
3009 3208 3136 3278 περὶ
3164 3207 3232 3278 ἢν
3258 3210 3286 3262 ὁ
3317 3209 3498 3280 πῆχυς
3520 3211 3734 3274 κινεῖται,

2191 3292 2285 3344 καὶ
2310 3292 2459 3347 ἔνδον
2488 3293 2652 3347 αὑτοῦ
2704 3295 2836 3364 άλλη
2857 3295 2923 3350 ⁸⁸.
2983 3296 3381 3367 ’Υποδέχονται
3432 3301 3489 3354 δέ
3524 3294 3667 3354 αὗται
3692 3300 3736 3351 σί

2191 3384 2503 3456 κοιλότητες
2535 3388 2634 3449 τὰς
2679 3388 2928 3457 κορώνας
2968 3387 3066 3441 τοῦ
3111 3390 3362 3460 πήχεως,
3406 3393 3464 3445 ἐν
3510 3392 3604 3463 μὲν
3640 3393 3737 3454 ταῖς

2193 3474 2300 3528 ἔσω
2328 3477 2627 3546 κάμψεσιν,
2668 3480 2700 3547 ἠ
2759 3479 2950 3548 πρόσω
2989 3480 3242 3550 κοιλότης
3287 3484 3394 3553 τὴν
3449 3485 3628 3554 πρόσω
3665 3499 3736 3535 κο-

2195 3566 2374 3637 ρώνην
2395 3584 2408 3597 -
2437 3567 2580 3621 κατὰ
2611 3567 2668 3621 δὲ
2698 3567 2798 3632 τὰς
2838 3557 3112 3634 ἐκτάσεις,
3143 3573 3177 3642 ὴ
3199 3573 3380 3626 ὀπίσω
3406 3574 3505 3645 τὴν
3527 3570 3736 3626 ὄπισθεν.

2205 3659 2268 3712 Ἡ
2304 3660 2520 3730 κεφαλή
2549 3676 2610 3712 τε
2632 3659 2727 3713 τοῦ
2766 3660 3054 3732 βραχίονος
3075 3664 3214 3735 πρὸς
3246 3663 3352 3735 τὴν
3379 3669 3480 3736 τῆς
3515 3662 3739 3735 ὠμοπλά-

2191 3765 2288 3802 του
2317 3748 2985 3825 διαρθροῦταικοιλότητα
3019 3771 3034 3785 ·
3070 3756 3490 3830 ὑπερανέστηκε
3517 3758 3573 3812 δὲ
3614 3753 3739 3825 αὐτῷ

2192 3838 2271 3909 τῷ
2301 3839 2439 3911 ὤμῳ
2475 3841 2508 3910 ἠ
2542 3841 2906 3915 ἀγκυροειδὴς
2933 3844 3036 3914 τῆς
3071 3846 3414 3917 ὠμοπλάτου
3467 3849 3737 3918 άπόφυσις⁴

2193 3923 2533 4002 ᾖὲπίκειται
2585 3931 2691 4002 μῦς
2741 3935 2770 3986 ὀ
2831 3933 3129 4006 λεγόμενος
3175 3936 3553 4008 δικέφαλος·
3609 3934 3734 3993 xui"

2194 4019 2338 4073 κατά
2359 4037 2415 4072 τε
2436 4021 2498 4073 τὸ
2519 4021 2807 4093 ἀκρὼμιον
2841 4024 2938 4077 καὶ
2966 4025 3067 4096 τὴν
3123 4026 3467 4099 διάρθρωσιν
3491 4028 3580 4083 τοῦ
3618 4027 3740 4081 κλει-

2192 4111 2300 4177 δὸς,
2320 4111 2487 4182 νεῦρα
2503 4115 2805 4168 ἀποτείνων
2844 4119 2967 4170 κατ’
3000 4119 3312 4189 ἔμπροσθεν
3335 4121 3446 4175 τῶν
3477 4121 3565 4175 δύο
3594 4120 3742 4190 ἀκρω-

2198 4204 2359 4274 μίων,
2413 4205 2702 4273 τένοντας
2758 4209 3230 4280 ὀνομαζομένους,
3299 4213 3741 4275 ἀναϐαστάζοντας

2196 4296 2292 4348 καὶ
2321 4297 2484 4350 αὑτὸν
2512 4299 2604 4351 τὸν
2637 4299 2919 4370 βραχίονα,
2955 4303 3081 4355 Εἰσὶ
3106 4302 3162 4356 δὲ
3193 4305 3290 4357 καὶ
3339 4305 3496 4358 ἄλλοι
3532 4304 3740 4360 τένοντες

2197 4385 2261 4437 ἐκ
2297 4385 2448 4455 μυῶν
2469 4387 2731 4442 ὑποκάτω
2759 4389 2854 4443 τοῦ
2888 4389 3040 4462 ὤμου
3064 4408 3078 4422 ’
3129 4395 3187 4446 ἐν
3211 4387 3256 4462 ᾧ
3280 4397 3436 4465 τόπῳ
3463 4397 3496 4464 ἠ
3524 4391 3738 4465 μασχάλη

512 4479 812 4547 pellantur,
844 4493 875 4532 a
902 4477 1105 4546 quibus
1137 4483 1246 4529 tota
1278 4475 1488 4529 humeri
1527 4475 1698 4529 moles
1729 4471 2086 4530 sustentatur.

2195 4478 2341 4531 ἐστίν
2362 4495 2374 4507 ’
2409 4482 2437 4532 6
2468 4480 2568 4550 μὲν
2599 4477 2680 4544 εἷς
2710 4484 2774 4534 ἐκ
2801 4482 2898 4536 τοῦ
2932 4484 3182 4554 στέρνου,
3205 4486 3234 4537 6
3257 4486 3313 4539 δὲ
3343 4487 3532 4558 ἔτερος
3576 4487 3634 4538 ἐκ
3653 4479 3739 4534 τῶν

514 4567 656 4623 Sunt
683 4575 738 4622 et
774 4568 864 4620 alii
901 4567 1010 4621 duo
1041 4565 1184 4620 tendi
1212 4565 1315 4620 sub
1356 4566 1513 4634 117
1553 4557 1781 4619 humero
1837 4565 1946 4619 illic
1991 4580 2093 4634 po-

513 4659 626 4725 siti,
657 4660 750 4714 ubi
781 4659 867 4713 ala
897 4657 1064 4713 situm
1096 4656 1324 4722 obtinet,
1353 4671 1418 4710 ex
1454 4656 1720 4711 musculis
1753 4657 2096 4711 constitutio-

514 4745 639 4802 nein
669 4748 963 4813 habentes;
990 4760 1225 4816 quorum
1261 4745 1490 4799 alterum
1527 4759 1557 4797 a
1588 4755 1828 4815 pectore,
1863 4747 2094 4801 alterum

516 4854 649 4895 vero
699 4855 730 4894 a
761 4848 914 4909 parte
959 4839 1273 4909 posteriori,
1317 4852 1349 4892 a
1379 4838 1617 4894 brachiis
1649 4838 1804 4909 ipsis,
1841 4841 1908 4893 ad
1941 4842 2096 4896 ulnas

516 4947 694 4999 usque
757 4941 952 4985 natura
1001 4929 1296 5000 explicuit,
1341 4930 1434 4999 qui
1493 4930 1783 4997 manibus,
1838 4943 1897 4984 ut
1927 4948 2100 5001 quor-

485 5020 776 5082 .sumlibet
819 5019 1062 5074 converti
1115 5027 1347 5088 queant,
1391 5018 1475 5072 sui
1529 5019 1766 5072 cilicium
1817 5021 2096 5074 exhibent.

2193 4568 2418 4622 ὄπισθεν
2474 4572 2610 4643 πρὸς
2659 4571 2751 4625 τὸν
2802 4573 3085 4644 βραχίονα,
3141 4578 3548 4649 ἐφαπλούμενοι
3607 4575 3738 4645 μέχρι

2194 4661 2443 4728 ἀγκῶνος
2461 4678 2476 4692 ⁸
2518 4665 2702 4727 πᾶσας
2725 4663 2824 4728 τὰς
2867 4665 2968 4734 τῆς
2996 4667 3180 4739 χειρὸς
3214 4669 3546 4740 εὐστροφίας
3594 4669 3736 4733 ἀπερ-

2191 4752 2510 4822 γαζόμενοι.
2563 4755 2630 4808 Ἦ
2687 4755 2781 4810 οῦν
2819 4759 3114 4828 μασχάλῃ
3169 4761 3580 4831 ἐτυμολογεῖται
3617 4753 3736 4826 παρά

2191 4843 2253 4895 τὸ
2285 4843 2406 4896 λίαν
2435 4845 2686 4915 κατέχειν
2703 4847 2748 4878 δ’
2776 4849 2932 4900 ἅτινα
2968 4849 3036 4902 ἂν
3063 4852 3164 4920 σχῇ
3193 4866 3206 4880 ⁸
3245 4851 3278 4920 ἢ
3318 4852 3433 4904 ἀπὸ
3465 4849 3556 4904 τοῦ
3604 4860 3735 4915 κεχα-

2193 4935 2487 5000 λᾶσθαιείς
2519 4938 2724 5006 μαστόν
2751 4955 2769 4973 ο
2796 4939 2828 5009 ἢ
2857 4941 2936 5002 είς
2969 4941 3036 5010 ἣν
3055 4941 3287 5010 χαλᾶται
3312 4944 3344 4995 6
3381 4942 3487 5012 μῦς
3512 4958 3527 4973 υ
3559 4940 3588 5008 ἢ
3617 4933 3736 5004 παρὰ

2195 5029 2255 5080 τδ
2286 5029 2580 5100 μαστεύειν
2598 5031 2642 5062 ⁸³
2688 5048 2742 5084 τι
2803 5033 2896 5085 ὑπ’
2943 5034 3114 5102 αὐτήν
3141 5034 3223 5071 ⁵⁸·
3270 5035 3465 5104 ἐπειδὴ
3513 5023 3734 5099 ἀφαιροῦ·

540 5119 672 5169 .lam
719 5129 869 5178 vero,
915 5129 1079 5184 quam
1121 5114 1196 5167 illi
1257 5113 1542 5184 μασχάλην
1590 5122 1923 5184 nuncupant,
1980 5115 2089 5170 inde

2203 5119 2354 5188 μενοί
2385 5137 2439 5173 τι
2494 5119 2554 5184 ἐξ
2585 5120 2829 5174 ἄλλωνδ⁸
2883 5122 3226 5192 κρύπτομεν.
3263 5120 3338 5176 Τὸ
3373 5125 3474 5194 μὲν
3511 5121 3597 5174 οὖν
3628 5117 3732 5187 βραο

588 5253 663 5326 (b)
692 5253 804 5309 Jer.
835 5269 964 5319 xxv,
993 5254 1081 5308 14.

591 5411 637 5494 ξ’
663 5409 808 5494 ὀὐδὲ
839 5408 948 5494 χὰρ
967 5411 1083 5494 ,μία
1253 5407 1572 5494 ’ξνκαὶλιιῐι
1603 5411 1682 5494 Β..
1742 5412 1789 5444 ³⁸
1819 5413 2089 5494 φησὶν.οη

2193 5442 2226 5470 ι·
2280 5419 2545 5494 suanm?
2609 5389 2780 5494 recte
2845 5417 3061 5494 “sinesi
3091 5411 3730 5494 ιιεεςεξιςίιειίοςὲιξειιξ³

517 5479 637 5534 Lat.
663 5480 818 5535 Vers.
851 5472 1249 5602 ᾆτξολλυὲιένων
1285 5478 1387 5549 leg.
1433 5480 1476 5512 ³⁵
1501 5480 1692 5549 κρατῶ
1708 5472 1911 5536 οιιι.Ἀ’.
1955 5484 1999 5515 ³⁶
2032 5485 2321 5555 πράξειςΒ
2348 5487 2408 5540 P.
2439 5472 2870 5558 ’³⁷,διαρθροῦται
2906 5487 2966 5541 Β.
3005 5487 3051 5520 ³⁸
3074 5472 3218 5542 κατά
3243 5472 3302 5542 Β.
3341 5487 3391 5520 ⁸⁸
3411 5472 3730 5558 τροχὴλίῳνθθ

517 5548 796 5602 ⁸⁸-καὶαύτ.
831 5549 966 5602 ἇΑλη
1005 5549 1060 5602 Ev
1098 5588 1112 5601 .
1139 5548 1197 5600 Β.
1233 5549 1273 5580 ⁵¹
1305 5550 1400 5602 καὶ
1423 5565 1532 5602 om.
1561 5551 1602 5602 Β
1633 5551 1692 5602 Ρ.
1733 5552 1778 5583 δ’
1813 5570 1939 5602 κατ.
1972 5555 2066 5602 καὶ
2107 5555 2371 5602 κρύπτειν
2405 5557 2466 5602 Β-
2537 5557 2582 5588 ⁸³
2614 5574 2779 5602 uane.
2815 5559 2912 5602 aeni.
2956 5557 3190 5602 κοὺπειν
3225 5558 3281 5602 Ρ-
3335 5557 3386 5589 ιδ
3415 5557 3527 5602 haec
3559 5564 3653 5602 om.
3683 5542 3730 5594 Β·

517 5548 796 5618 ξῨ-καὶαῦτ.
831 5549 966 5618 άλλη
1005 5549 1060 5603 ἐν

1139 5548 1273 5629 [ξίν
1305 5542 1400 5602 ’ὦ
1423 5542 1698 5629 (imm-Pi
1733 5552 1790 5629 ”’-
1813 5570 1939 5629 ’ξατο
1972 5542 2371 5629 ἐοὲὶ’κρύτέτειν
2405 5557 2466 5609 Β·
2505 5543 2582 5629 ’,⁸³
2609 5542 2779 5629 iacias.
2815 5559 2925 5629 καὶ
2956 5557 3190 5629 κρύπτειν
3224 5558 3281 5614 Ρ.
3335 5557 3386 5589 ιι
3413 5542 3543 5612 Haec"
3559 5542 3653 5607 bm'.
3683 5542 3730 5594 Β.

515 5614 562 5646 ⁸⁵⁸
594 5617 722 5685 παρ’
751 5618 926 5672 ἄλλων
955 5614 1023 5682 Β,
1055 5619 1116 5681 ἐξ
1150 5618 1326 5670 ἄλλων
1360 5619 1565 5689 κρύπτ.
1607 5620 1698 5672 ὑπ’
1731 5622 1903 5692 αὐτὴν
1933 5614 2196 5695 τιθὲαμὲν
2219 5627 2285 5680 τὰ
2316 5614 2668 5695 κλεπτόμενα
2689 5627 2752 5680 τὸ
2777 5626 2875 5696 μὲν
2898 5626 2959 5680 Ρ.
