3944 6152
319 285 462 343 m9
1478 247 1482 252 ’
1562 288 1652 344 ne
1692 287 1980 376 unum}
2015 289 2327 348 uounus.

3454 299 3595 354 1250

226 413 251 429 ’³
318 407 497 478 κίονος
536 406 734 460 ὀστοῦν
768 405 916 462 εστιν
945 410 1050 472 ἕως
1104 407 1374 479 ἀγκῶνοςο
1429 403 1617 463 ἐκεῖσε
1646 410 1721 464 ’δὲ
1770 427 1909 481 συμ-

2018 410 2214 466 dictam
2241 411 2453 474 volunt,
2488 411 2634 483 quod
2664 428 2727 468 ea
2759 427 2882 484 quae
2938 413 3199 480 continet,
3232 417 3365 474 satis
3400 419 3592 474 admo-

321 501 522 572 φύεται
553 501 652 555 καὶ
690 503 1098 574 συναρμόζεται
1139 505 1216 576 τῷ
1276 505 1482 576 πήχει·
1523 505 1603 578 τῷ
1644 505 1700 560 δὲ
1742 507 1909 578 πήχει

2018 499 2141 555 dum
2166 502 2444 557 recondita
2475 503 2544 557 ab
2573 519 2635 558 ea
2672 504 2943 560 l'ovcntur.
2972 505 3069 561 Vel
3095 506 3243 576 quod
3283 507 3336 562 in
3369 509 3596 579 papillas

319 593 606 661 σύγκειται
648 594 682 664 ὴ
724 595 920 667 κερκὶς
956 596 1167 651 ἄνωθεν
1221 597 1330 661 ἕως
1388 596 1543 651 κάτω
1592 597 1736 670 πρὸς
1780 598 1909 662 τοὺς

2018 591 2248 658 laxatur,
2297 593 2443 664 quod
2481 593 2559 648 illi
2638 595 2718 658 είς
2743 595 2984 665 μασθοὺς
3017 597 3350 667 κεχαλᾶσθαι
3384 600 3594 663 dicunt.

318 680 597 754 καρπούς.

2018 684 2110 738 ubi
2157 684 2444 740 musculus
2495 684 2586 742 ille
2631 685 2966 754 demittitur;
3017 687 3134 744 sive
3191 689 3299 744 ἀπὸ
3354 690 3450 744 τοῦ
3495 709 3599 762 μα-

321 770 534 826 στεύειν
563 789 618 825 τι
647 771 740 825 ὑπ’
771 772 964 844 αὐτῆς,
982 775 1126 843 quod
1151 791 1386 844 quwrere
1418 774 1623 844 aliquid
1664 773 1761 830 sub
1795 774 1909 843 ipsa

2019 775 2178 831 icere:
2216 792 2236 831 :
2265 777 2562 848 siquidem,
2596 793 2723 833 eum
2797 779 3188 836 abstulerimus
3213 781 3496 853 quidpiam
3529 784 3600 838 ab

321 865 529 935 aliquo,
555 863 808 921 occulere
843 867 946 921 sub
995 867 1111 938 ipsa
1156 868 1418 924 solemus.
1451 867 1746 923 Enimvero
1809 866 2020 922 brachii
2075 883 2138 924 os
2185 869 2253 924 ad
2318 870 2506 925 ulnam
2577 885 2755 941 usque
2837 887 3008 926 unum
3056 873 3325 939 habetur,
3397 875 3598 931 dehinc

321 970 448 1010 cum
504 955 690 1010 cubito
748 957 1060 1026 copulatur,
1110 975 1175 1014 ac
1229 959 1396 1015 simul
1445 959 1576 1016 coit.
1630 957 1706 1014 Os
1747 973 1900 1024 vero,
1962 959 2110 1028 quod
2175 959 2318 1015 radii
2360 962 2590 1019 textoris
2638 961 3054 1019 similitudinem
3106 964 3386 1034 exprimit,
3429 980 3460 1020 a
3494 982 3591 1021 sn-

331 1044 533 1114 ρει-ἰοεινί
566 1053 743 1114 parte,
776 1047 842 1101 ad
874 1047 1048 1102 imum
1078 1064 1256 1116 usque
1297 1065 1404 1119 qua
1436 1049 1919 1120 palmzejnngitur,
1959 1048 2146 1104 cubito
2177 1051 2437 1106 cohaeret.

394 1135 609 1203 Πῆχυς
658 1133 714 1187 δὲ
750 1136 965 1207 εἴρηται
1006 1138 1116 1191 ἀπὸ
1149 1137 1242 1190 τοῦ
1290 1140 1604 1211 πεπηγέναι
1655 1139 1816 1209 ἄκρῳ
1837 1137 1909 1209 τῷ

2087 1139 2319 1196 Cubitus
2378 1155 2528 1208 vero,
2569 1141 2664 1212 qui
2721 1142 2791 1197 ab
2832 1141 2913 1197 eis
2971 1144 3154 1215 πῆχυς
3216 1145 3438 1214 dicitur,
3490 1147 3600 1202 ἀπὸ

324 1226 602 1298 βραχίονι·
634 1228 729 1279 καὶ
765 1228 971 1298 μείζων
1009 1230 1110 1298 μέν
1133 1231 1334 1284 ὲστινὸ
1365 1233 1548 1303 πῆχυς
1571 1231 1672 1302 τῆς
1717 1230 1916 1301 κερκί-
2015 1230 2112 1283 τοῦ
2174 1232 2479 1303 πεπηγέναι
2538 1232 2693 1303 ἄκρῳ
2743 1231 2822 1302 τῷ
2888 1232 3171 1304 βραχίονι,
3234 1235 3361 1292 inde
3417 1239 3601 1308 appel-

320 1318 430 1380 δθς.
492 1316 812 1373 ’Υπόκειται
859 1319 918 1372 δὲ
973 1323 1001 1374 ὁ
1033 1324 1216 1392 πῆχυς
1260 1321 1420 1395 αὐτῇ,
1476 1324 1571 1377 καὶ
1607 1322 1728 1393 ὀχεῖ
1779 1321 1909 1391 πρὸς

2020 1321 2192 1376 latum
2245 1323 2483 1388 diceres,
2532 1324 2681 1393 quod
2733 1333 2978 1379 extremo
3027 1325 3236 1380 brachii
3285 1337 3601 1398 compaclus

323 1408 608 1481 ἐνέργειαν
630 1427 644 1440 ⁸
678 1410 754 1475 ὡς
790 1409 930 1466 εἶναι
960 1413 1060 1484 τὴν
1094 1415 1193 1484 μὲν
1218 1413 1262 1446 ⁸⁸
1301 1413 1530 1484 κερκίδα
1561 1415 1700 1486 πρὸς
1731 1415 1790 1468 τὸ
1819 1415 1909 1469 τοῦ

2023 1413 2115 1466 sit.
2165 1411 2232 1467 Et
2283 1413 2503 1468 cubitus
2544 1413 2799 1483 quidem,
2844 1413 3036 1468 radiali
3093 1428 3217 1470 osse
3274 1416 3451 1486 major
3505 1419 3596 1472 ha-

323 1501 635 1574 ἀντίχειρος
669 1504 857 1575 μέρος,
894 1505 986 1558 τὸν
1031 1506 1091 1558 δὲ
1117 1507 1295 1576 πῆχυν
1318 1506 1457 1577 πρὸς
1488 1505 1551 1559 τὸ
1582 1506 1677 1560 τοῦ
1709 1507 1909 1578 μικροῦ

2018 1502 2198 1570 betur,
2255 1503 2358 1558 sub
2406 1503 2528 1572 ipso
2599 1503 2742 1558 enim
2787 1502 2984 1558 radiali
3022 1518 3169 1569 osse,
3227 1505 3444 1560 cubitus
3497 1516 3600 1571 est,

320 1593 615 1648 δακτύλου.
647 1596 802 1664 [Ιαρά
825 1597 883 1650 δὲ
914 1596 976 1648 τὸ
999 1598 1220 1668 κρέκειν
1242 1599 1308 1664 ⁸⁷,
1339 1599 1366 1652 ὅ
1391 1600 1540 1653 ἐστιν
1569 1600 1744 1668 ἠχεῖν,
1775 1615 1909 1668 κερ-

2018 1593 2101 1648 sic
2151 1604 2210 1648 ut
2244 1593 2352 1649 tale
2378 1607 2462 1658 os,
2527 1592 2758 1663 policem
2807 1607 3002 1648 versus
3043 1594 3332 1663 dirigatur,
3383 1595 3602 1652 cubitus

323 1684 422 1750 κίς
447 1684 675 1756 ἐκλήθη.
707 1687 984 1741 Συνδεῖται
1007 1687 1063 1740 δὲ
1092 1689 1213 1742 καθ’
1241 1689 1504 1760 ἑκάτερον
1525 1689 1634 1743 τῶν
1654 1690 1909 1761 περάτων

2018 1697 2148 1739 vero
2197 1682 2267 1738 ad
2325 1683 2690 1738 auricularem
2729 1682 2959 1753 digitum
2993 1684 3194 1738 tendat.
3222 1683 3338 1740 Hoc
3365 1701 3602 1755 namque

333 1778 362 1829 ὁ
393 1777 575 1848 πῆχυς
606 1781 670 1848 τῇ
704 1779 915 1850 κερκίδι
965 1781 1284 1850 συνδέσμοις
1325 1781 1599 1852 ἰσχυροῖς·
1645 1782 1705 1834 τὸ
1753 1782 1909 1852 μέσοι

2021 1777 2226 1832 radiale
2243 1792 2328 1841 os,
2348 1778 2562 1848 κερκίς,
2593 1779 2662 1832 ab
2686 1777 2900 1834 edendo
2921 1776 3175 1833 videlicet
3198 1779 3428 1848 crepitu,
3456 1796 3598 1834 nuu-

321 1867 379 1921 δὲ
408 1869 558 1924 ἆπαν
597 1871 846 1940 ἀλλήλων
893 1871 1241 1941 διεστήκασι.
1273 1872 1478 1944 Κύκλῳ
1503 1874 1559 1927 δὲ
1586 1873 1796 1927 τούτων
1820 1874 1909 1928 τέ-

2021 1877 2252 1938 cupatur
2283 1883 2299 1918 :
2333 1867 2604 1938 siquidem
2661 1868 2834 1923 cubiti
2881 1882 2968 1933 os,
3035 1883 3161 1923 cum
3204 1869 3396 1923 radiali
3451 1885 3597 1933 osse,

323 1975 509 2022 νοντες
559 1961 827 2031 εὐμήκεις
887 1963 1027 2032 μετὰ
1089 1963 1243 2032 μυῶν
1269 1964 1315 1996 ⁸⁸
1373 1964 1757 2036 ἑνειλημμένοι
1812 1964 1909 2037 τὴν

2021 1961 2271 2030 utrisque
2317 1960 2518 2015 ﬁnibus
2548 1960 2927 2031 terminisque,
2961 1960 3270 2030 ligamentis
3306 1961 3600 2016 admodum

324 2053 512 2122 χεῖρα,
544 2052 644 2121 τὴν
681 2054 974 2125 κινητικὴν
1019 2053 1252 2126 δύναμιν
1283 2057 1379 2110 καὶ
1419 2057 1703 2128 ἐνέργειαν
1757 2058 1909 2112 ἐκτε-

2019 2052 2235 2120 validis,
2261 2051 2576 2122 colligatur,
2612 2051 3022 2120 intercapedine
3059 2065 3210 2118 vero,
3243 2067 3365 2121 quae
3390 2052 3457 2107 de
3487 2067 3604 2108 me-

322 2140 530 2208 λοῦσιν,
569 2143 634 2196 ἐκ
659 2143 841 2216 ψυχῆς
862 2144 1144 2216 δεχόμενοι
1171 2146 1272 2218 τὴν
1300 2150 1502 2220 ὁρμήν.
1535 2150 1769 2221 Εἴρηται
1801 2150 1909 2221 γὰρ

2018 2143 2111 2197 dio
2154 2150 2258 2209 est,
2307 2143 2378 2197 ab
2429 2141 2660 2197 invicem
2692 2143 2912 2212 penitus
2951 2141 3175 2196 distant.
3210 2138 3378 2196 Tendi
3418 2149 3600 2196 autem

323 2235 421 2286 καὶ
444 2233 488 2266 ⁸³
524 2234 778 2298 κατόπιν,
806 2237 891 2290 ὅτι
923 2236 1024 2288 ὅσα
1057 2236 1146 2290 διὰ
1178 2238 1388 2308 νεύρων
1421 2239 1520 2292 καὶ
1550 2239 1702 2309 μυῶν
1743 2243 1909 2294 κινεῖ-

2018 2234 2301 2304 praelongi,
2339 2248 2464 2288 cum
2520 2233 2786 2288 musculis
2825 2233 2975 2288 circa
3005 2247 3130 2287 ossa
3178 2233 3292 2302 ipsa
3331 2231 3605 2287 orbicula-

322 2339 443 2388 ται,
498 2326 680 2379 πάντα
715 2326 928 2398 ψυχικά
959 2327 1020 2381 τέ
1055 2328 1196 2394 ἐστι,
1257 2329 1355 2382 καὶ
1389 2329 1530 2384 κατὰ
1583 2332 1911 2401 προαίρεσιν

323 2415 697 2470 ἀποτελεῖται.

2016 2326 2112 2380 tim
2147 2325 2433 2395 implicati,
2473 2324 2543 2380 ab
2585 2325 2809 2380 animali
2846 2335 2996 2380 motu
3032 2328 3233 2396 impetu
3263 2335 3446 2396 capto,
3481 2342 3603 2382 mo-

2018 2418 2186 2472 tivam
2240 2419 2350 2471 vim
2392 2417 2776 2487 actionemque
2804 2418 3060 2474 manibus
3107 2428 3298 2474 exacte
3327 2419 3597 2490 praebent.

322 2503 460 2559 Nam
501 2521 620 2574 qua:
670 2521 701 2560 a
748 2505 931 2561 nervis
969 2505 1364 2577 musculisque,
1424 2514 1485 2562 ut
1529 2509 1789 2574 diximus,
1849 2517 2162 2575 moventur,
2231 2518 2426 2564 cuncta
2469 2509 2788 2564 animalium
2853 2510 3180 2567 facultatum
3222 2520 3372 2579 sunt,
3438 2521 3603 2583 atque

323 2597 393 2652 ad
423 2596 719 2652 voluntatis
748 2605 950 2652 nostra:
973 2598 1263 2652 arbitrium
1298 2600 1672 2668 perliciuntur.

395 2689 542 2760 Πρὸς
606 2688 664 2742 δὲ
706 2687 808 2758 τὴν
861 2686 957 2741 τοῦ
1009 2689 1296 2759 βραχίονος
1354 2691 1449 2744 καὶ
1494 2690 1590 2744 τοῦ
1643 2692 1910 2764 πήχεος⁵⁰

321 2777 530 2845 ζεῦξιν,
583 2779 718 2832 κατέ
730 2778 1010 2848 μπροσθεν
1039 2779 1140 2848 τῆς
1166 2781 1374 2850 χειρὸς,
1401 2783 1554 2851 τρεῖς
1595 2781 1911 2854 διέρχονται

320 2870 526 2940 φλέϐες
559 2869 656 2923 καὶ
696 2869 977 2940 ἀρτηρίαι,
1011 2869 1149 2939 πρὸς
1175 2871 1306 2933 τοὺς
1355 2870 1774 2942 ῥιζοδακτύλους
1813 2875 1913 2944 τῆς

321 2962 510 3033 χειρὸς
559 2960 900 3031 πολυσχιδῶς
945 2961 1451 3032 περαιούμεναιυ-
1502 2965 1536 3034 ἠ
1583 2964 1817 3034 ὠμιαία,
1845 2967 1913 3036 ἢν

317 3055 416 3106 καὶ
449 3053 788 3121 apeiriath
836 3052 1070 3123 λέγομεν
1094 3055 1168 3085 ⁵⁸·
1199 3055 1232 3124 ή
1267 3054 1406 3124 μέση
1437 3073 1496 3108 τε
1517 3097 1532 3121 ,
1582 3059 1676 3110 καὶ
1718 3059 1746 3128 ἡ
1777 3057 1906 3113 ἔσω.

2092 2686 2171 2742 Ex
2198 2687 2459 2743 anteriori
2483 2704 2614 2744 vero
2637 2705 2831 2747 manus
2855 2698 3029 2760 parte,
3062 2693 3126 2747 ad
3152 2707 3276 2747 eam
3295 2709 3416 2763 quae
3433 2695 3600 2751 cubiti

2014 2788 2068 2833 et
2109 2779 2318 2834 brachii
2345 2781 2792 2836 constitutionem
2817 2792 2920 2847 est,
2953 2793 3062 2838 tres
3085 2800 3256 2850 venae,
3277 2801 3340 2842 ac
3365 2790 3599 2851 arteriae.

2013 2885 2120 2939 qua
2173 2871 2455 2925 brachium
2541 2881 2596 2928 et
2638 2873 2860 2929 cubitus
2918 2875 3266 2944 copulantur,
3331 2877 3604 2935 multiﬁdo

2014 2967 2189 3013 tractu
2240 2960 2542 3026 tendentes,
2591 2963 2657 3017 ad
2701 2964 2998 3033 digitorum
3056 2965 3269 3021 radices
3320 2967 3599 3034 desinunt,

2015 3063 2247 3116 quarum
2292 3049 2453 3119 118
2482 3051 2652 3106 altera
2703 3053 3004 3108 humeralis
3038 3063 3142 3118 est,
3186 3070 3349 3123 quam
3405 3065 3460 3112 ει
3482 3060 3600 3113 cal-

320 3147 438 3216 Τὴν
462 3146 561 3215 μὲν
615 3139 711 3198 οὖν
745 3143 948 3213 μέσην
981 3145 1213 3198 καθόλου
1248 3144 1544 3216 καλοῦμεν,
1585 3145 1775 3218 ὥσπερ
1810 3147 1909 3219 τὴν

2018 3137 2187 3190 valem
2246 3139 2503 3204 dicimus,
2549 3141 2728 3195 media
2784 3141 2974 3205 altera,
3017 3143 3178 3198 tertia
3231 3145 3459 3201 interior
3494 3157 3598 3204 est.

316 3237 434 3291 ἔσω
464 3236 822 3305 σπληνικήν
842 3236 888 3268 ⁵³
911 3253 926 3269 ο
957 3235 1093 3307 πρὸς
1126 3237 1317 3310 ἦνκαὶ
1344 3238 1376 3308 ή
1407 3237 1645 3309 ἀρτηρία
1678 3239 1906 3308 ἐγγίζει.

317 3331 402 3400 Ἱῖῇ
431 3325 525 3383 οῦν
581 3329 814 3382 καθόλου
859 3327 1018 3395 φλεϐὶ
1061 3328 1252 3398 νεῦρον
1291 3329 1581 3383 ὑπόκειται
1629 3330 1817 3402 ὥσπερ
1839 3335 1906 3403 τῇ

324 3421 599 3492 σπληνικῇ
644 3419 916 3491 ἀρτηρίᾳ⁴
952 3420 1047 3472 καὶ
1093 3419 1200 3490 χρὴ
1235 3421 1677 3491 παρατηρεῖσθαι
1704 3423 1911 3487 ταύτας

321 3514 381 3564 έν
425 3512 503 3580 τῷ
545 3510 942 3579 φλεϐοτομεῖν·
985 3510 1094 3581 χρὴ
1125 3509 1180 3562 δὲ
1225 3510 1522 3577 γινώσκειν
1549 3512 1630 3565 ὅτι
1672 3513 1772 3582 τῆς
1809 3513 1910 3584 μὲν

319 3602 622 3671 ἀριστερᾶς
667 3601 849 3672 χειρὸς
901 3601 934 3670 ἡ
989 3599 1099 3652 ἔσω
1151 3600 1292 3668 φλὲψ
1347 3601 1456 3654 ἀπὸ
1501 3600 1597 3654 τοῦ
1672 3603 1910 3673 σπληνὸς

321 3695 636 3762 ἐφορμᾶται
657 3692 738 3725 ⁸⁸·
769 3696 869 3763 τῆς
906 3692 1087 3755 δεξιᾶς
1132 3691 1188 3744 δὲ
1222 3691 1334 3744 ἀπὸ
1373 3693 1467 3745 τοῦ
1499 3694 1739 3763 ἥπατος·
1772 3697 1805 3766 ἡ
1853 3695 1911 3748 δὲ

325 3783 470 3851 μέση
521 3783 617 3836 καὶ
653 3784 890 3852 μεγίστη
931 3783 991 3848 ἐξ
1037 3782 1354 3852 ἀμφοτέρου
1378 3784 1423 3816 ⁵⁵
1475 3783 1572 3837 τοῦ
1631 3783 1904 3855 σώματος.

320 3872 610 3944 Σχίζονται
641 3873 699 3926 δὲ
729 3867 889 3926 αὗται
920 3874 977 3926 αἱ
1001 3874 1152 3942 τρεῖς
1180 3871 1370 3942 ὥσπερ
1405 3872 1554 3926 ἔνδον
1578 3873 1672 3926 τοῦ
1704 3875 1910 3946 πήχεος

321 3966 422 4019 καὶ
461 3967 520 4018 ἐν
548 3966 660 4027 τοῖς
694 3963 1139 4034 καρποχειρίοις,
1168 3965 1248 4026 εἰς
1283 3964 1481 4027 πολλὰς
1501 3966 1545 3997 ³⁸
1585 3965 1680 4018 καὶ
1703 3966 1908 4036 μικρὰς

321 4054 828 4127 ἐπιμιγνυμένας⁸⁷
890 4053 1182 4121 ἀλλήλαις.
1237 4051 1378 4105 οῦτω
1431 4053 1524 4106 καὶ
1571 4053 1767 4114 ἐκτός·
1828 4055 1910 4117 είς

318 4148 524 4202 ταυτὸν
549 4150 658 4217 γὰρ
691 4145 944 4216 ἔρχονται
974 4143 1270 4212 ένούμεναι
1296 4143 1431 4212 πρὸς
1460 4142 1696 4213 ἀλλήλας
1720 4159 1780 4197 τε
1815 4145 1908 4198 καὶ

319 4237 423 4300 τὰς
446 4237 617 4291 ένδον.
658 4235 1023 4289 Ἐκτείνονται
1047 4232 1103 4285 δὲ
1124 4233 1229 4284 ὑπὸ
1258 4233 1368 4284 πᾶν
1393 4232 1452 4284 τὸ
1481 4232 1658 4302 δέρμα
1681 4232 1741 4286 τὸ
1763 4233 1908 4288 κατά

317 4331 415 4384 τὸν
443 4329 656 4398 καρπὸν
691 4327 786 4381 καὶ
831 4325 1230 4395 μετακάρπιον,
1278 4324 1528 4387 καὶτοὺς
1568 4324 1904 4389 δακτύλους·

2010 3223 2146 3280 Nam
2181 3243 2303 3297 qua:
2351 3231 2527 3285 media
2546 3241 2662 3293 est,
2689 3232 3013 3288 universalis
3064 3234 3593 3306 appellatur,quem-

2013 3317 2307 3372 admodum
2353 3329 2407 3375 et
2433 3322 2521 3377 illa
2553 3338 2677 3393 qua:
2739 3323 2969 3378 interior
2996 3334 3098 3391 est,
3135 3325 3347 3382 lienalis
3373 3327 3598 3394 dicitur,

2013 3407 2102 3461 cui
2137 3409 2338 3463 arteria
2357 3411 2518 3464 etiam
2549 3413 2796 3480 proxima
2822 3422 2927 3467 est.
2963 3410 3264 3467 Universali
3285 3413 3427 3467 enim
3447 3427 3600 3468 vene

2012 3511 2244 3561 nervus,
2311 3501 2770 3568 quemadmodum
2834 3501 3052 3566 lienali,
3100 3501 3301 3555 arteria
3365 3501 3596 3570 subest;

2011 3600 2362 3659 quapropter,
2427 3592 2482 3644 in
2539 3607 2687 3645 vena:
2745 3579 2988 3647 sectione
3044 3592 3589 3648 animadvertendum

2011 3686 2124 3742 est,
2179 3696 2247 3734 ne
2307 3696 2506 3735 nervus
2567 3680 2684 3750 ipse
2750 3681 3044 3736 incidatur.
3123 3680 3419 3737 Sciendum
3474 3685 3598 3752 qui-

2009 3784 2130 3836 dem
2187 3791 2301 3845 est,
2367 3781 2684 3836 interiorem
2754 3782 2936 3848 laevae,
3015 3797 3046 3836 a
3103 3783 3330 3838 cerebro
3390 3799 3595 3853 prooe-

2010 3870 2228 3925 dentem
2281 3871 2406 3925 lieni
2455 3870 2740 3940 applicari,
2797 3872 3034 3926 dexterae
3083 3887 3212 3928 vero
3261 3887 3292 3927 a
3347 3873 3595 3943 jecinore

2011 3963 2315 4032 praetendi;
2377 3970 2435 4016 at
2480 3963 2679 4027 media,
2746 3977 2870 4031 qua:
2927 3963 3164 4018 maxima
3229 3964 3460 4020 babetur
3517 3965 3590 4020 ab

2010 4065 2245 4125 utroque
2299 4072 2527 4127 corpore
2579 4057 2854 4127 dirigitur.
2915 4055 3010 4112 Hae
3052 4067 3235 4113 autem
3281 4069 3392 4116 tres
3416 4076 3592 4125 venat,

2010 4147 2080 4200 ab
2134 4146 2392 4202 interiore
2439 4146 2648 4201 brachii
2708 4155 2883 4216 parte,
2925 4147 2996 4200 ad
3045 4147 3341 4202 brachialis
3378 4149 3494 4204 loca
3540 4151 3593 4202 in

2009 4238 2275 4308 plurimas
2313 4238 2643 4307 qum-simul
2690 4237 2994 4291 commistae
3050 4248 3178 4292 sunt
3228 4238 3454 4292 venulas
3492 4237 3596 4292 ﬁn-

2011 4331 2234 4395 duntur,
2272 4329 2345 4382 ita
2390 4336 2444 4382 et
2481 4329 2744 4393 exterius,
2800 4336 2912 4381 tum
2942 4327 3127 4394 simul,
3179 4336 3291 4381 tum
3358 4343 3482 4384 cum
3513 4329 3599 4384 his

319 4421 386 4475 τὸ
407 4420 544 4474 αὐτὸ
589 4421 646 4473 δὲ
686 4421 874 4490 σχῆμα
916 4419 1010 4472 καὶ
1049 4416 1142 4470 ἐπὶ
1197 4415 1308 4468 τῶν
1337 4415 1516 4469 ποδῶν
1551 4415 1770 4486 εὕροις,
1806 4435 1907 4470 πο-

2018 4435 2134 4489 qua:
2167 4422 2233 4474 ab
2261 4419 2502 4473 interiori
2538 4427 2690 4489 parte
2719 4429 2848 4474 sunt
2879 4419 2931 4473 in
2971 4435 3140 4473 unum
3173 4429 3393 4487 coeunt,
3432 4429 3487 4474 et
3514 4420 3600 4474 di-

319 4512 560 4576 λυειδῶς
621 4513 718 4566 καὶ
774 4509 1115 4580 πολυσχιδῶς
1179 4507 1290 4560 τῶν
1355 4506 1465 4559 ἀπὸ
1521 4507 1631 4560 τῶν
1692 4508 1908 4579 νεφρῶν

321 4607 508 4658 ἐκεῖσε
535 4603 856 4674 φερομένων
879 4601 1092 4670 φλεϐῶν
1119 4602 1164 4633 ⁸³
1196 4599 1634 4672 περαιουμένων.

2016 4513 2292 4566 viduntur.
2326 4511 2539 4566 Eaedem
2572 4510 2718 4565 enim
2753 4511 2858 4565 sub
2897 4519 3008 4565 tota
3040 4521 3186 4576 cute,
3225 4527 3346 4581 quae
3368 4512 3435 4566 ad
3470 4511 3597 4566 bra-

2016 4601 2212 4664 chiale,
2240 4609 2294 4654 et
2320 4600 2722 4668 postbraehiale
2776 4615 2842 4654 ac
2873 4601 3072 4672 digitos
3099 4611 3202 4667 est,
3248 4601 3596 4671 praetendun-

325 4702 437 4748 tur.
493 4691 753 4746 Eamdem
816 4701 869 4745 et
902 4691 954 4744 in
1004 4689 1230 4760 pedibus
1281 4691 1506 4758 ﬁguram
1542 4703 1767 4743 cernere
1811 4697 1915 4755 est,
1949 4705 2077 4744 nam
2108 4699 2162 4745 et
2190 4691 2245 4745 in
2293 4690 2400 4746 .his
2446 4705 2599 4745 venae
2626 4705 2746 4760 quae
2794 4707 2825 4745 a
2855 4691 3085 4746 renibus
3150 4690 3595 4760 proﬁciscuntur,

325 4784 601 4839 multiﬁdo
645 4784 908 4852 varioque
943 4782 1136 4836 ordine
1172 4781 1449 4836 desinunt.

412 4876 504 4928 Ἐν
539 4868 584 4942 ᾧ
623 4874 718 4928 οῦν
766 4873 998 4945 τελευτᾷ
1031 4873 1188 4944 μέρει
1222 4874 1256 4943 ἡ
1289 4872 1484 4943 κερκὶς
1515 4871 1609 4925 καὶ
1654 4873 1682 4925 ὁ
1708 4870 1909 4941 πῆχυς,

321 4966 387 5020 τὸ
424 4965 670 5019 τοιοῦτον
711 4965 941 5033 καρπὸς
977 4965 1229 5019 καλεῖται
1252 4979 1266 4992 '
1304 4962 1617 5033 συντίθησιν
1649 4963 1693 4995 ⁸⁸
1720 4962 1778 5015 δὲ
1818 4961 1910 5015 τὸν

2092 4864 2149 4919 1η
2178 4865 2298 4920 loco
2334 4865 2500 4936 igitur
2533 4866 2588 4920 in
2617 4881 2729 4936 quo
2765 4880 2829 4922 os
2864 4865 3070 4920 radiale
3095 4873 3149 4920 et
3172 4865 3457 4923 brachium
3489 4877 3599 4926 ter-

2018 4955 2320 5022 minantur,
2348 4956 2625 5012 brachiale
2652 4963 2761 5022 est,
2781 4955 2927 5025 quod
2949 4954 3121 5010 Graeci
3151 4956 3364 5027 καρπόν
3386 4957 3593 5014 dicunt.

323 5058 544 5129 καρπὸν
584 5058 720 5110 ὀστᾶ
766 5057 858 5110 τὸν
915 5057 1150 5128 ἀριθμὸν
1211 5053 1392 5118 ὀκτὼ,
1423 5055 1518 5108 ἐπὶ
1549 5053 1644 5108 δύο
1694 5055 1909 5124 στίχους

2018 5047 2194 5118 Ipsam
2235 5055 2420 5103 autem
2459 5058 2668 5118 partem
2705 5055 2831 5102 octo
2867 5049 3114 5116 quaedam
3151 5047 3373 5118 gemino
3405 5049 3598 5103 ordine

325 5149 711 5219 συγκείμενα,
757 5149 972 5219 σκληρὰ
1030 5147 1128 5202 καὶ
1183 5146 1376 5217 μικρὰ,
1430 5147 1524 5200 καὶ
1569 5145 1783 5215 ἀμύελα
1819 5147 1914 5198 καὶ

324 5242 587 5311 πολυειδῆ
608 5281 622 5303 ,
660 5241 804 5295 κατά
833 5241 895 5294 τὺ
922 5241 1110 5312 σχῆμα
1135 5257 1148 5269 ·
1188 5241 1264 5309 πῆ
1302 5238 1402 5310 μὲν
1439 5239 1551 5308 γάρ
1581 5239 1688 5290 είσι
1713 5236 1913 5308 κυρτὰ,

323 5333 404 5404 πῆ
447 5334 504 5387 δὲ
538 5335 715 5404 σιμάο
769 5333 865 5387 καὶ
912 5333 990 5403 πῆ
1020 5333 1119 5404 μὲν
1171 5330 1355 5395 εὐθέα,
1402 5331 1478 5400 πῆ
1522 5328 1578 5382 δὲ
1619 5329 1912 5399 περιφερῆ.

400 5463 449 5494 ⁸⁸
480 5462 578 5530 μὲν
639 5477 748 5515 om.
807 5461 868 5514 Β.
948 5463 992 5493 ⁸⁷
1035 5461 1256 5530 κέρκειν
1287 5461 1344 5514 Β.
1405 5460 1473 5512 ,⁸⁸
1505 5457 1645 5529 μετὰ
1675 5457 1787 5530 τῷν
1839 5476 1900 5526 μ.

323 5527 696 5613 περεούμεναι
747 5533 808 5583 Β.
889 5532 937 5613 ’ξ
977 5527 1233 5613 λέγουσιν
1394 5531 1443 5562 ⁵³
1502 5527 1775 5613 Ξληνξὲιὴν

322 5598 418 5656 λαὶ
491 5601 552 5652 Β.
633 5602 675 5632 ⁵⁷
747 5603 948 5673 μικραὶ
1022 5600 1453 5672 ἐπιμιγνύμεναι
1509 5598 1569 5652 Β.

328 5676 374 5705 ⁵³
411 5671 634 5739 συντίΟη
661 5669 721 5722 Β.

1646 5598 1691 5630 ⁵⁸
1733 5597 2094 5668 πολυσχεδῶς
2149 5598 2248 5661 τὰς
2299 5597 2408 5651 ἀπὸ
2453 5614 2503 5651 τ.
2556 5614 2604 5650 ν.
2663 5614 2710 5651 ε.

2015 5149 2327 5197 constructa
2363 5155 2490 5196 ossa
2524 5139 2889 5204 constituunt,
2932 5146 2987 5191 et
3019 5137 3135 5190 haec
3166 5137 3388 5205 quidem
3432 5139 3594 5200 dura,

2017 5247 2290 5303 parvaque
2309 5241 2364 5288 et
2381 5232 2629 5287 medullae
2648 5229 2911 5300 expertia,
2926 5240 2979 5284 et
2997 5227 3375 5296 multiformia,
3395 5231 3598 5285 haben-

2019 5336 2109 5381 tur
2141 5343 2155 5380 :
2187 5341 2308 5380 nam
2331 5327 2530 5396 partim
2559 5324 2748 5395 gibba,
2780 5324 2977 5392 partim
3007 5323 3171 5389 sima,
3199 5324 3397 5394 partim
3429 5336 3598 5389 recta,

2011 5497 2023 5510 .
2102 5457 2144 5488 ‘°
2192 5457 2289 5510 καὶ
2338 5472 2447 5511 om.
2475 5456 2535 5511 Β.
2616 5455 2663 5488 ⁵⁸
2720 5455 2942 5525 πήχεως
3103 5454 3188 5525 _‘_‘
3246 5453 3600 5525 πολυσχεδῶς

1965 5494 2023 5560 ἵ(
2072 5494 2535 5597 semianimi)?
2562 5527 2608 5559 ⁸⁸
2639 5494 2980 5597 ἀμφδέέρκοῖν-
3086 5523 3125 5579 C
3156 5494 3601 5597 P._:';::i:;‘:ty¢;i:

2773 5593 3084 5667 φερομένας
3134 5593 3342 5665 φλέϐας
3397 5595 3436 5648 Β
3469 5596 3509 5650 C
3538 5596 3598 5649 Ρ.
