3944 6152
473 269 641 338 ’ἢΒὸ

1771 268 2053 326 HELETll
2093 266 2402 326 MONACHI

3597 255 3715 313 H55

495 398 628 466 gitis
697 399 860 458 sunt,
929 401 1141 460 ungues
1220 388 1527 453 habentur,
1587 379 1947 456 quit-duplici
2018 385 2084 440 de

2190 401 2300 455 ρων
2337 384 2388 436 oi
2430 383 2624 452 ὄνυχες
2661 380 2822 445 εἰσιν,
2854 374 3187 450 εὐπρεπείας
3234 379 3395 445 χάριν
3442 371 3714 466 γεγονότες

501 492 694 540 causa‘
717 481 999 539 constituti
1037 489 1184 546 sunt,
1221 480 1392 536 altera
1431 477 1642 536 decoris
1665 477 1882 548 gratia,
1912 477 2080 530 altera

499 587 650 637 vero,
701 570 846 642 quod
902 568 1251 641 digitisipsis
1289 568 1345 622 in
1393 569 1556 623 rebus
1591 563 1870 634 capiendis
1913 575 2079 630 expe-

498 665 660 724 ditior
718 660 946 716 facultas
1005 660 1238 715 adesset.
1295 658 1504 730 Unguis
1561 655 1750 712 Grtece
1806 651 1932 720 ὄνυξ
1969 647 2082 706 οἷον

495 751 649 818 ἄνυε,
687 749 716 802 ὁ
747 750 978 818 ἀνοίγων
1012 749 1112 820 τὴν
1139 749 1320 818 σάρκα
1341 749 1398 801 ἐν
1425 745 1502 817 τῷ
1526 744 1778 814 φύεσθαι,
1811 743 2081 815 quasique

497 845 702 912 aperiat
745 857 956 896 carnem
998 882 1012 908 ,
1067 857 1187 895 cum
1248 842 1302 894 in
1348 840 1432 893 sui
1476 848 1596 892 ortu
1647 839 1818 906 ipsam
1879 835 2082 905 aperire

497 944 764 988 cernatur.
792 931 942 989 Usus
987 931 1133 987 enim
1162 930 1426 1002 unguium
1470 925 1650 992 nobis,
1679 937 1796 982 tum
1825 926 1880 980 in
1919 926 2081 980 rebus

496 1024 801 1095 capiendis,
843 1033 956 1078 tum
1002 1023 1056 1077 in
1117 1021 1583 1092 scalpendo,'cum
1643 1019 1786 1074 cutis
1842 1017 2078 1073 acrimo-

409 1104 411 1107 ’
496 1117 642 1169 niam
677 1114 913 1170 distrahi
949 1127 1176 1169 necesse
1208 1121 1314 1178 est,
1351 1107 1927 1167 accommodatum-Et
1953 1123 2078 1164 cum

497 1205 600 1276 ipsi
652 1205 872 1275 quidem
924 1218 1137 1274 ungues
1186 1203 1243 1256 in
1298 1211 1545 1257 extremo
1590 1201 1884 1270 digitorum
1937 1207 2082 1254 retro

507 1296 835 1360 consistant,
868 1295 1033 1350 robur
1061 1294 1335 1364 quoddam
1367 1292 1436 1347 ad
1463 1307 1551 1347 res
1577 1291 1871 1361 capiendas
1886 1281 2081 1361 digitis

500 1385 907 1456 impertiuntur.
928 1384 1240 1450 Enimvero,
1264 1383 1514 1454 pluribus
1530 1381 1850 1437 animalium
1870 1395 2082 1452 ungues

503 1475 629 1544 ipsi,
651 1483 711 1530 ut
737 1475 790 1530 in
821 1474 1072 1542 aduncis,
1094 1483 1149 1530 et
1167 1469 1440 1544 plerisque
1463 1488 1529 1528 ex
1563 1471 1976 1543 quadrupedum
1999 1487 2082 1541 ge-

501 1581 636 1622 nere
653 1566 1137 1636 visitur,quasique
1158 1564 1447 1621 irascibilis
1473 1565 1642 1634 partis
1660 1566 2079 1618 instrumentum

502 1658 634 1724 sint,
666 1658 962 1714 ulciscendi
987 1659 1160 1728 gratia
1185 1658 1396 1714 insunt.
1427 1659 1486 1712 In
1515 1655 1638 1712 aliis
1663 1671 1812 1722 vero,
1843 1664 1903 1711 ut
1927 1657 2082 1726 equis

2183 475 2278 529 καὶ
2307 473 2449 528 ὥστε
2481 469 2863 544 λαμϐάνεσθαι
2905 487 2957 523 τι
2988 471 3102 532 τοῖς
3129 465 3420 527 δακτύλοις
3467 460 3720 516 εὐκολώτε-

2186 582 2301 637 ρον.
2359 565 2523 636 Παρὰ
2568 565 2626 619 δὲ
2667 564 2730 618 τὸ
2761 562 2983 618 νύσσειν
3038 560 3190 624 ὄνυξ
3233 551 3721 626 λέγεται”·ἢοῐον

2181 657 2340 724 ἀνυξ,
2381 659 2411 711 ὁ
2467 657 2704 726 ἀνοίγων
2752 657 2853 728 τὴν
2888 655 3071 726 σάρκα
3119 655 3179 706 ἐν
3235 650 3314 722 τῷ
3368 648 3616 718 φύεσθαι,
3648 647 3723 700 καὶ

2183 748 2523 820 προκόπτων
2552 748 2621 802 δι’
2651 747 2824 817 αὐτῆς
2840 747 2906 813 ’⁸,
2941 745 3248 817 παρέχουσι
3283 743 3341 796 δέ
3370 743 3487 803 τοῖς
3517 739 3722 810 Excitat”

2180 841 2280 910 τὴν
2295 840 2341 872 ⁸⁸
2373 838 2469 892 τοῦ
2513 837 2812 908 κνήθεσθαι
2843 837 3058 908 χρείαν,
3095 834 3236 906 πρὸς
3263 833 3326 885 τὸ
3357 832 3623 900 διαφορεῖν
3647 828 3726 898 τὴν

2180 930 2279 985 τοῦ
2327 932 2602 1003 δέρματος
2650 931 2996 1003 δριμύτητα·
3052 929 3148 983 καὶ
3189 930 3306 990 τοῖς
3338 925 3527 996 ἄκροις
3553 923 3605 977 δὲ
3639 922 3726 974 τῶν

2180 1021 2461 1076 δακτύλων
2527 1022 2757 1076 δπισθεν
2805 1019 3242 1083 ἀντιδαίνοντες,
3297 1016 3604 1086 στηρίζουσι
3649 1012 3727 1083 τὴν

2180 1113 2352 1184 λαὸὴν
2385 1113 2591 1170 αὐτῶν.
2623 1113 2845 1176 Πολλοῖς
2879 1112 2937 1165 δὲ
2965 1111 3075 1165 τῶν
3107 1109 3264 1173 ζώων
3304 1109 3399 1161 καὶ
3430 1105 3728 1177 ἀμυντήριον

2181 1205 2468 1277 ἐδόθησαν,
2528 1205 2608 1268 ὡς
2651 1207 2768 1268 τοῖς
2818 1201 3142 1274 γαμψώνξιν
3161 1200 3230 1265 ’⁸,
3289 1198 3482 1270 ὥσπερ
3533 1195 3729 1269 ὄργανον

2180 1298 2311 1351 ὄντα
2337 1296 2436 1350 τοῦ
2462 1295 2700 1368 Θυμικοῦ
2721 1311 2737 1326 ο
2769 1297 2867 1350 καὶ
2900 1295 3086 1358 ἀλλοις
3113 1294 3229 1348 τισὶ
3258 1291 3368 1346 τῶν
3395 1287 3727 1361 τετραπόδων.

2184 1387 2406 1452 ’Δλλοις
2438 1387 2497 1442 δὲ
2525 1389 2568 1452 ⁸,
2617 1386 2962 1458 ἀμυντήριον
3011 1383 3130 1455 ἃμα
3190 1383 3286 1436 καὶ⁹
3338 1382 3612 1452 στήριγμα
3651 1377 3730 1446 τῆς

2184 1479 2418 1550 βάσεως,
2457 1478 2534 1543 ὡς
2557 1480 2674 1542 τοῖς
2697 1478 2906 1542 ἵπποις,
2941 1476 3036 1529 καὶ
3061 1475 3229 1528 παντὶ
3276 1473 3544 1544 μονὼνυχι
3567 1472 3585 1502 ⁸
3611 1468 3737 1536 ζώῳ..

2182 1569 2345 1634 Αὔξει
2367 1569 2426 1624 δὲ
2453 1571 2482 1624 ὁ
2525 1568 2654 1636 ὄνυξ
2684 1569 2793 1635 ἀεὶ,
2841 1568 2938 1622 καὶ
2972 1566 3194 1620 πίπτων
3223 1563 3491 1633 ὲκφύεται
3511 1581 3524 1595 ·
3556 1561 3630 1614 διὸ
3654 1558 3731 1613 καί

2181 1677 2327 1724 τινες
2357 1658 2670 1730 ἱστοροῦσιν
2694 1659 2735 1725 ⁸,
2767 1659 2851 1712 ὅτι
2891 1658 2986 1711 καὶ
3024 1655 3168 1728 μετά
3206 1654 3443 1709 θάνατον
3472 1647 3732 1717 αὖξουσινδ

499 1749 820 1819 caeterisque
850 1723 1126 1816 omnibus,
1157 1749 1376 1820 'quibus
1414 1756 1608 1804 natura
1643 1749 1871 1804 selidam
1903 1723 2082 1819 ungu-

2188 1751 2245 1804 ἐν
2292 1723 2409 1814 τοῖς
2458 1723 2879 1819 συνισταμένοις
2915 1723 3134 1818 σώμασι
3176 1745 3288 1800 τῶν
3321 1743 3646 1816 ἀνθρώπων·
3684 1738 3732 1792 τὸ

501 1840 608 1894 lam
663 1840 856 1911 largita
900 1848 1006 1907 est,
1067 1839 1447 1911 propulsandae
1489 1839 1701 1910 injuria;
1762 1850 1816 1895 et
1857 1846 2081 1910 gressus

2186 1842 2320 1896 αὐτὸ
2350 1840 2409 1895 δὲ
2439 1843 2536 1896 καὶ
2565 1842 2660 1894 ἐπὶ
2687 1840 2798 1894 τῶν
2820 1839 3024 1911 τριχῶν
3052 1837 3303 1907 γίνεσθαι
3329 1835 3570 1904 λέγεται.

503 1930 813 2003 stabiliendi
857 1943 1022 1985 causa
1070 1930 1286 2017 ungula:
1321 1929 1612 1985 exsistunt.
1635 1928 1878 2001 "Ungues
1917 1938 2122 1989 autem
2147 1932 2274 2004 ’ξιιμ
2315 1932 2658 2003 assiduoque
2706 1932 3047 1987 incremento
3121 1936 3415 1999 augentur,
3443 1933 3496 1982 et
3521 1938 3632 1980 cum
3659 1921 3732 1975 de-

500 2027 752 2093 ciderint,
791 2024 973 2081 denuo
1030 2034 1394 2080 renascuntur
1428 2042 1443 2078 :
1485 2026 1632 2081 unde
1701 2027 1950 2081 nonnulli
1993 2027 2326 2098 opinantur,
2377 2027 2433 2082 in
2491 2035 2640 2082 recte
2659 2024 2977 2097 compositis
3017 2022 3385 2093 corporibus,
3452 2018 3560 2074 fato
3595 2019 3732 2071 etiam

503 2117 705 2174 functis
750 2114 920 2187 (quod
968 2122 1024 2170 et
1057 2113 1302 2185 ‘de.pilis
1356 2114 1623 2186 creditur)
1665 2131 1877 2186 ungues
1929 2117 2506 2188 ipsos-Incrementum
2529 2116 2784 2188 adipisci.

571 2211 642 2264 At
671 2223 779 2265 non
803 2207 1410 2280 parem’longittidinem
1431 2209 1585 2281 digiti
1633 2211 1862 2268 invicem
1905 2212 2084 2269 sortiti

503 2308 661 2366 sunt,
713 2299 859 2370 quod
906 2299 981 2353 ita
1028 2298 1211 2354 decori
1272 2301 1446 2372 magis
1505 2302 1872 2372 respondeant
1917 2314 1972 2359 et
2015 2305 2083 2361 ad

505 2398 714 2444 motum
767 2387 1006 2458 apticres
1055 2386 1476 2443 redduntur.'Si
1519 2389 1760 2445 enim’in
1816 2393 2083 2462 aequalem

504 2479 666 2535 tinem
698 2479 1026 2542 desinerent,
1065 2491 1188 2532 non
1226 2479 1414 2534 "modo
1460 2480 1756 2551 incongrua
1799 2483 2086 2540 indecens-

505 2599 614 2654 que
673 2596 866 2638 eorum
938 2581 1259 2637 constitutio
1324 2592 1504 2650 esset,
1558 2598 1746 2638 verum
1800 2585 1962 2640 etiam
2011 2585 2081 2641 ad

505 2689 598 2729 res
669 2672 1004 2744 peragendas
1067 2673 1396 2729 inconcinna
1454 2674 1786 2742 admodum,
1837 2677 2085 2732 imbecil-

505 2765 684 2836 lisque
746 2762 1040 2830 videretur,
1118 2774 1242 2818 cum
1304 2763 1360 2818 in
1428 2765 1694 2835 capiendo
1781 2782 1888 2822 una
1966 2783 2086 2823 om-

506 2855 669 2911 nibus
698 2868 763 2910 ex
799 2854 916 2925 pari
974 2852 1452 2925 rebusapplicati,
1485 2871 1582 2912 eos
1610 2859 1946 2929 aproposito
1979 2857 2085 2916 (ine

505 2947 826 3018 plerumque
849 2944 1101 2999 frustrari
1129 2945 1428 3012 accideret;
1471 2946 1566 3002 sed
1601 2947 1654 3000 in
1682 2962 1748 3002 eo
1778 2948 1924 3018 quod
1960 2958 2087 3004 sunt

2261 2212 2376 2268 Οὐκ
2421 2215 2698 2285 ἰσόμετροι
2721 2212 2782 2266 δὲ
2823 2211 3028 2276 πάντες
3051 2209 3211 2280 ἡμῶν
3237 2211 3378 2263 είσιν
3408 2209 3460 2262 οί
3496 2204 3735 2265 δάκτυλοι.

2188 2305 2278 2362 διά
2303 2323 2364 2361 τε
2399 2307 2498 2380 τὴν
2530 2305 2894 2378 εὐπρέπειαν,
2938 2288 3034 2359 καῖ
3061 2305 3160 2375 τὴν
3199 2307 3298 2374 τῆς
3330 2301 3519 2373 χειρὸς
3543 2300 3737 2371 εὐστρο-

2187 2399 2340 2468 φίαν.
2378 2398 2441 2453 Ei
2474 2397 2584 2470 γάρ
2624 2393 2694 2470 ἦν
2727 2396 2909 2462 ἐξίσου
2929 2396 2951 2427 ⁸
2983 2395 3171 2458 αὐτοῖς
3206 2393 3239 2464 ἡ
3273 2388 3736 2460 ἀποτελεύτησις⁶,

2187 2494 2249 2548 οὐ
2293 2493 2458 2564 μόνον
2488 2493 2755 2564 ἀτερπεῖς
2795 2491 2862 2547 ἀν
2894 2487 3060 2560 ἦσαν,
3094 2487 3234 2543 ἀλλά
3265 2488 3362 2540 καὶ
3404 2483 3736 2554 ἀνεπιτήδειοι

2193 2585 2328 2657 πρὸς
2349 2585 2449 2648 τάς
2485 2583 2716 2656 πράξεις
2736 2585 2833 2638 καὶ
2869 2584 3124 2653 ἁνίσχυες
3142 2581 3182 2646 ⁷,
3217 2579 3408 2650 ὲξίσης
3423 2581 3445 2614 ⁸
3467 2577 3738 2647 ἐμπίπτον·

2186 2693 2280 2740 τες
2322 2677 2382 2730 ἐν
2430 2678 2500 2748 τῇ
2530 2674 2817 2746 ἐνεργείᾳ,
2861 2674 2956 2729 καὶ
3005 2669 3335 2741 ἀτυχοῦντες
3361 2670 3406 2722 ⁸.
3451 2669 3538 2722 Ἐν
3582 2665 3635 2718 δὲ
3673 2662 3737 2732 τῷ

2187 2765 2441 2822 ἀποδέειν
2469 2765 2614 2820 κατά
2651 2767 2847 2837 μῆκος,
2879 2765 2930 2817 οἱ
2973 2761 3224 2817 κόνδυλοι
3256 2759 3515 2830 ἀλλήλοις
3541 2758 3738 2822 ἐπιστη-

2191 2857 2496 2929 ριζόμενοι,
2539 2857 2632 2911 καὶ
2673 2855 3025 2927 ὲνισχύοντες
3073 2852 3338 2915 έαυτούς,
3400 2845 3738 2914 εὐτονωτέραν

2185 2949 2287 3020 τὴν
2329 2947 2476 3018 ἁφὴν
2514 2950 2610 3002 καὶ
2660 2931 3118 3016 εὐστροφωτέραν
3158 2941 3409 2998 ποιοῦσιο
3443 2940 3536 2994 καὶ
3556 2936 3646 3008 τὴν
3671 2935 3742 2987 tv-

505 3036 739 3106 disparis
773 3033 1149 3104 longitudinis,
1168 3033 1423 3089 ossiculis
1444 3043 1637 3089 natura
1654 3035 1967 3107 in'longum
1999 3037 2084 3092 in-

2188 3039 2408 3111 έργειαν
2431 3041 2618 3094 πᾶσαν
2648 3041 2769 3109 ίσχυ
2780 3039 3028 3111 ροτέραν.

504 3135 679 3188 vicem
722 3130 1120 3186 cohaerentibus
1172 3127 1333 3200 122
1379 3131 1722 3200 composuit,
1755 3146 1864 3202 quo
1891 3148 2084 3190 omnes
2136 3135 2274 3190 alter
2309 3136 2464 3192 alteri
2517 3135 2829 3190 ministrate
2869 3133 3102 3190 subinde
3143 3131 3358 3197 robore,
3420 3127 3590 3199 magis
3633 3137 3742 3178 cono

505 3231 660 3279 tento
680 3229 827 3276 tactu
850 3223 1451 3291 accommodatioreque
1496 3230 1800 3287 uterentur,
1826 3238 1892 3278 ac
1915 3224 1968 3278 in
1996 3226 2242 3295 quolibet
2275 3236 2400 3282 actu
2431 3226 2674 3282 universi
2707 3226 2963 3281 fortiores
2990 3225 3305 3282 evaderent.

577 3315 757 3369 Altera
806 3327 1002 3390 manus
1042 3312 1212 3380 δεξιὰ,
1227 3313 1450 3368 dextera
1497 3313 1726 3380 scilicet,
1760 3315 1931 3370 altera
1955 3331 2088 3372 vero

504 3405 789 3480 ἀριστερὰ,
803 3406 898 3459 καὶ
918 3404 1065 3468 λαιὰ,
1081 3405 1299 3459 sinistra
1316 3403 1780 3460 videlicetet‘laeva
1804 3421 2088 3477 nuncupa-

505 3506 613 3551 tur.
631 3495 696 3551 Et
715 3497 846 3551 laeva
879 3494 1097 3565 quidem
1148 3493 1375 3549 ἀπὸτοῦ
1394 3493 1748 3560 λελεᾶσθαι,ὅ
1779 3496 1896 3548 ἐστὶ
1918 3513 2086 3566 κεχω-

507 3585 690 3658 ρίσθαι
717 3586 824 3639 τῶν
862 3585 1135 3656 πράξεων,
1149 3584 1296 3655 quod
1327 3584 1575 3640 videlicet
1593 3586 1930 3656 operibus,si
1953 3587 2090 3641 dex-

508 3685 636 3732 terae
654 3676 992 3744 conferatur,
1015 3678 1086 3733 ob
1108 3677 1295 3732 rudem
1317 3677 1402 3731 sui
1425 3686 1674 3732 naturam
1694 3677 1958 3748 privetur;
1973 3679 2089 3750 ἀρι-

509 3765 706 3835 στερὰν
728 3781 876 3829 vero,
905 3761 1015 3819 οἷον
1040 3767 1140 3819 οὐκ
1174 3762 1338 3820 οὖσαν
1379 3766 1800 3838 ἀρίστην,ι]υειεί
1824 3769 2081 3838 quodnon

505 3853 716 3923 egregia
735 3855 1030 3924 optimaque
1049 3856 1141 3919 sit,
1171 3855 1265 3910 sed
1293 3869 1415 3924 quae
1454 3856 1504 3908 in
1539 3855 1774 3910 dexterae
1813 3856 2083 3926 obsequio

513 3958 582 4000 ac
613 3943 918 3998 ministerio
945 3946 1232 4012 consistat,
1260 3955 1315 4000 et
1345 3960 1467 4015 quae
1495 3945 1716 4000 dextera
1759 3945 2043 4000 deﬁciente
2069 3983 2084 4010 ,

510 4033 686 4090 eidem
705 4036 1008 4105 comparari
1027 4044 1277 4106 nequeat.
1311 4037 1433 4092 Hzec
1459 4047 1638 4092 autem
1672 4045 1725 4091 et
1758 4036 1924 4090 σκαιὰ
1954 4035 2089 4091 dici-

513 4143 604 4189 tur
624 4133 775 4204 παρά
802 4133 864 4186 τὸ
891 4134 1131 4200 σκάζειν,
1164 4136 1308 4205 quod
1355 4133 1659 4190 claudicare
1703 4137 2087 4206 interpretare-

510 4226 612 4292 ris,
637 4225 764 4295 quia
789 4225 844 4279 in
874 4226 1040 4282 rebus
1077 4227 1400 4298 peragendis
1436 4227 1551 4296 ipsa
1582 4242 1680 4297 per
1707 4241 1766 4282 se
1796 4227 2082 4282 claudicet.

510 4313 640 4369 Sive
683 4312 772 4366 διὰ
813 4314 874 4367 τὸ
924 4312 1195 4381 σκεάζειν,
1233 4315 1376 4383 quod
1426 4315 1673 4368 aberrare
1707 4323 1821 4381 est,
1857 4315 2000 4370 unde
2031 4325 2086 4369 et

510 4403 676 4458 homo
705 4403 914 4468 σκαιὸς,
949 4404 1043 4474 qui
1074 4413 1244 4458 mente
1272 4421 1374 4458 non
1399 4406 1530 4458 satis
1566 4405 1803 4474 integra,
1849 4405 1944 4460 sed
1982 4419 2086 4459 er—

511 4502 655 4557 ranti
677 4518 741 4558 ac
755 4503 888 4576 laeva
906 4504 1162 4572 praeditus
1175 4513 1277 4567 est,
1292 4505 1753 4562 dicitur.Alteram
1765 4520 1894 4560 vero
1907 4505 2087 4571 δεξιὰν

511 4595 620 4648 ἀπὸ
640 4593 736 4647 τοῦ
769 4587 1046 4665 δέχεσθαι,
1079 4594 1155 4648 illi
1173 4595 1445 4660 dictitant,
1475 4598 1621 4666 quod
1650 4598 1843 4667 majori
1856 4613 1921 4652 ea:
1937 4606 2088 4667 parte

509 4704 628 4759 qua:
654 4689 803 4742 nobis
833 4686 1033 4742 dantur
1057 4703 1175 4740 cum
1203 4687 1320 4756 ipsa
1353 4689 1670 4756 accipimus;
1701 4689 1781 4744 vel
1812 4689 1934 4743 inde
1955 4689 2088 4742 dex-

513 4791 684 4834 teram
716 4787 1056 4849 nuncupant,
1069 4778 1281 4832 ἀπὸτοῦ
1295 4778 1526 4844 δεξιέναι
1540 4779 1606 4832 δι’
1624 4780 1795 4850 αὐτῆς
1826 4779 1926 4843 τὰς
1943 4779 2087 4850 πρά-

513 4869 644 4933 ξεις,
674 4885 733 4923 eo
763 4861 903 4939 quod
926 4870 1042 4935 ipsa
1080 4869 1342 4938 plurimas
1374 4886 1456 4923 res
1504 4885 1724 4940 agamus
1761 4885 1824 4922 ac
1861 4867 2088 4936 comple-

513 4959 727 5012 ctimur.
752 4956 1006 5024 Plerique
1033 4958 1178 5014 enim
1209 4957 1668 5029 ἀμφοτεροδέξιοι,
1697 4958 1751 5012 id
1791 4966 1877 5013 est
1924 4957 2092 5012 ambi-

513 5047 690 5103 ἄσκει-ί
715 5049 970 5119 appellati
1003 5056 1154 5104 sunt.
1179 5048 1449 5116 Quoniam
1472 5050 1526 5104 in
1552 5049 1717 5104 rebus
1743 5050 2089 5119 peragendis,

513 5153 624 5194 ηοη
673 5153 832 5195 38008
873 5140 1006 5194 laeva
1049 5155 1114 5194 ac
1182 5140 1401 5194 dextera
1444 5138 1796 5195 accommode
1844 5149 2090 5195 utantur.

514 5231 582 5286 At
619 5229 869 5302 quidam,
898 5229 1161 5300 impedito
1189 5229 1427 5285 dexterae
1456 5229 1633 5286 ollicio
1651 5270 1668 5295 ,
1697 5229 1831 5284 la:va
1862 5230 1916 5284 in
1959 5230 2093 5284 arti-

581 5386 873 5458 ⁹⁶.εῐρηται
930 5386 971 5458 Β
1023 5385 1083 5440 Ρ.
1106 5394 1242 5458 t_um_
1263 5385 1387 5440 add.
1498 5382 1706 5458 nalis-at
1748 5383 1804 5436 δὲ
1834 5356 1960 5458 δνυξ
1984 5382 2087 5458 Δἀεὶ.
2116 5383 2212 5436 καὶ
2248 5381 2466 5458 πίπτων
2509 5382 2800 5458 ἐκφύεται,
2815 5392 2870 5437 et
2970 5399 2986 5436 :
3020 5381 3492 5458 vdagatjapnrrbv
3535 5379 3693 5458 om
3712 5370 3753 5423 δ·

2257 3318 2492 3388 Λέγεται
2528 3318 2586 3371 δὲ
2610 3318 2643 3386 ἡ
2675 3317 2776 3388 μὲν
2818 3316 2991 3382 δεξιὰ
3030 3315 3186 3387 χεὶρ,
3234 3316 3269 3384 ἡ
3305 3311 3366 3366 δὲ
3396 3305 3683 3380 ἀριστερὰ.
3714 3301 3741 3372 ἢ

2185 3409 2512 3480 εὐώνυμος.
2536 3409 2571 3478 ἢ
2590 3409 2758 3463 λαιά.
2780 3407 2933 3464 Λαιὰ
2965 3409 3086 3478 μὲν,
3119 3405 3229 3460 ἀπὸ
3247 3403 3341 3458 τοῦ
3369 3399 3671 3457 λελειᾶσθαι
3689 3397 3741 3428 ⁸⁸·

2188 3501 2216 3554 δ
2244 3501 2360 3553 ἐστι
2393 3499 2730 3572 κεχωρίσθαι
2759 3500 2871 3553 τῶν
2919 3497 3194 3569 πράξεων,
3233 3495 3322 3549 διὰ
3351 3494 3422 3547 τὸ
3451 3491 3740 3548 ἀδίδακτον·

2190 3590 2474 3660 ἀριστερὰ
2500 3591 2556 3644 δὲ
2585 3592 2680 3644 καὶ
2716 3589 3027 3660 εὐώνυμος
3053 3589 3176 3642 κατ’
3216 3584 3578 3657 εὐφημισμὸν
3597 3583 3634 3614 ¹¹
3653 3597 3665 3612 ο
3693 3578 3744 3630 ἐκ

2189 3681 2280 3736 τοῦ
2310 3681 2556 3751 ἀριστος
2597 3681 2707 3752 γάρ
2746 3682 2958 3750 γίνεται
2985 3677 3290 3748 ἀριστερὰ,
3326 3677 3426 3730 καὶ
3451 3677 3517 3730 ἐκ
3544 3671 3632 3728 τοῦ
3658 3683 3743 3723 κα-

2187 3771 2485 3841 λώνυμος,
2523 3771 2866 3841 εὐώνυμος·
2912 3769 2945 3841 ἢ
2998 3771 3297 3840 ἀριστερὰν
3352 3766 3625 3836 καλοῦμεν
3666 3758 3746 3828 τὴν

2190 3865 2292 3918 οὐκ
2311 3861 2479 3917 οὖσαν
2513 3861 2747 3933 ἀρίστην
2773 3862 2838 3927 η,
2874 3860 3012 3916 ἀλλά
3058 3863 3127 3932 τῇ
3171 3859 3336 3930 ἑτέρᾳ
3369 3853 3742 3930 ὑπηρετοῦσαν.

2191 3954 2429 4024 Λέγεται
2474 3955 2571 4008 καὶ
2621 3953 2806 4009 σκαιὰ
2825 3953 2890 4018 ⁸⁸,
2934 3951 3088 4023 παρὰ
3133 3951 3197 4004 τὸ
3228 3949 3463 4014 σκάζειν
3505 3948 3630 4018 περὶ
3666 3943 3745 4003 τὰς

2193 4046 2424 4117 πράξεις
2443 4061 2458 4078 ⁶
2485 4045 2520 4117 ἢ
2555 4046 2638 4098 ὅτι
2684 4042 3052 4114 ἀσθενεστέρα
3079 4041 3182 4113 τῆς
3225 4041 3415 4107 δεξιᾶς
3444 4043 3592 4094 ἐστιν
3611 4052 3624 4071 ο
3656 4030 3746 4087 ὀδὲ

2191 4135 2427 4206 ἀσθενὴς
2447 4135 2492 4167 ίδ
2545 4135 2766 4200 σκάζειο
2822 4133 2946 4188 ὅθεν
2999 4134 3094 4188 καὶ
3136 4131 3321 4195 σκαιὸς
3374 4131 3679 4201 ἄνθρωπος.
3725 4123 3748 4174 ό

2191 4227 2442 4298 σκαμόὸς
2474 4226 2616 4281 κατά
2649 4226 2878 4297 γνώμην
2918 4226 3015 4280 καὶ
3056 4224 3157 4278 οὐκ
3182 4224 3368 4295 ὀρθός.
3403 4223 3580 4288 Δεξιά
3603 4219 3655 4273 δὲ
3677 4216 3747 4268 λέ-

2187 4335 2346 4388 γεται
2365 4319 2400 4390 ή
2421 4317 2586 4391 ἑτέρα
2609 4317 2718 4371 ἀπὸ
2743 4317 2837 4371 τοῦ
2865 4315 3120 4387 δέχεσθαι
3141 4315 3210 4369 δι’
3235 4316 3413 4386 αὐτῆς
3429 4316 3500 4368 τά
3525 4313 3746 4380 διδόμενα

2190 4409 2267 4474 ὡς
2295 4408 2387 4463 ἐπὶ
2415 4407 2478 4463 τδ
2507 4408 2796 4462 πλεῖστον’
2827 4408 2860 4479 ἢ
2890 4403 3003 4461 οἷον
3029 4407 3202 4474 δεξιὰ,
3233 4406 3345 4460 ἀπὸ
3369 4401 3468 4460 τοῦ
3501 4404 3569 4460 δι’
3600 4398 3744 4466 αὐτῆς

2191 4497 2290 4566 τάς
2323 4500 2578 4564 πλείονας
2615 4499 2871 4566 διεξιέναι
2899 4498 3153 4572 πράξεις.
3186 4499 3468 4570 Εὕρηνται
3501 4497 3556 4550 δὲ
3588 4489 3745 4548 πολλοὶ

2193 4591 2640 4663 ἀμφοτεροδέξξιοι
2660 4594 2719 4646 ὲν
2741 4594 2864 4654 ταῖς
2883 4593 3214 4665 ἐνεργείαις,
3241 4592 3302 4645 τὸ
3330 4590 3451 4645 ἴσον
3471 4592 3536 4662 τῇ
3564 4582 3742 4654 δεξιᾷιι

2191 4683 2288 4736 καὶ
2320 4683 2458 4753 μετά
2497 4682 2597 4752 τῆς
2632 4682 2933 4753 ἀριστερᾶς
2975 4681 3364 4754 ἐνεργοῦντεςο
3417 4680 3564 4742 τινὲς
3604 4677 3653 4730 δὲ
3689 4674 3738 4741 τῇ

2191 4772 2346 4845 δεξιᾷ
2391 4771 2806 4844 ἀπρακτοῦντες
2853 4770 2996 4842 μετά
3037 4772 3137 4840 τῆς
3165 4770 3325 4834 λαιᾶς
3345 4771 3420 4824 τά
3450 4770 3552 4839 τῆς
3578 4766 3740 4835 τέχνης

2191 4864 2572 4936 μετέρχονται.
2609 4863 2776 4917 Ὀθεν
2802 4863 3095 4928 δέδεικται,
3129 4863 3213 4918 ὅτι
3249 4863 3350 4916 οὐκ
3383 4863 3535 4917 ἔστιν
3562 4861 3593 4929 ἡ
3619 4852 3738 4918 δεειά

2188 4953 2459 5025 κρείττων
2517 4954 2619 5024 τῆς
2680 4953 2970 5024 εὐωνύμου
3020 4953 3165 5008 κατά
3211 4969 3287 5017 τι,
3327 4950 3408 5016 ὥς
3467 4967 3607 5012 τινες
3652 4941 3738 4997 τῶν

2191 5045 2469 5116 ἀγροίκων
2510 5046 2788 5115 λέγουσιν,
2826 5045 2965 5100 ἀλλά
3009 5048 3077 5116 τῇ
3108 5045 3397 5099 παιδεύσει
3452 5045 3548 5098 καὶ
3601 5043 3737 5094 ἀπαι-

2187 5137 2378 5210 δευσίᾳ
2405 5139 2514 5194 τῶν
2542 5139 2777 5210 ἐχόντων
2805 5137 3000 5202 αὐτὰς,
3033 5136 3093 5204 ἐξ
3127 5137 3380 5207 ὑπαρχῆς
3415 5133 3735 5202 ἐδιδάχθησαν

2189 5230 2385 5294 οὕτως.

726 5443 870 5527 εἶέν
898 5457 996 5527 τῷ,
1015 5455 1340 5527 -κνήθεσβαιη
1367 5525 1377 5527 _
1415 5455 1462 5486 ⁹⁶
1494 5443 1962 5527 ιιίιὶιιὶςι-οιιιηΒηί
1982 5453 2026 5483 ⁸⁷
2051 5468 2250 5527 παρεχ.
2290 5453 2348 5505 δὲ
2373 5455 2487 5527 τοῖς
2506 5443 2606 5527 ex;
2628 5468 2739 5527 qui.
2763 5443 2804 5503 Β
2881 5451 2944 5527 ’ξ’
2967 5452 3188 5527 καὶ-τὴν
3216 5443 3274 5506 Βξ
3305 5443 3732 5527 ξ⁹⁹μγαμψόξυξεξν

515 5473 749 5579 ἱηίΐαίνῗ
759 5473 1340 5588 ίάῗῖοῗὲδένςῖἰίεσὲ⁰ί⁴⁸
1363 5525 1382 5554 ι

1416 5525 1667 5592 μονόνυχι
1687 5523 1746 5592 Β.
1825 5523 1846 5554 ³
1872 5522 2011 5592 πλὴν
2052 5510 2156 5574 ίστ’.
2191 5510 2337 5584 τίνες
2372 5522 2432 5575 Β.
2468 5510 2482 5516 ’
2504 5520 2524 5551 ⁸
2552 5510 2601 5575 3i
2636 5521 2828 5592 ὄνυχες
2877 5520 2956 5592 Β.Δ
3019 5510 3258 5592 ’,ἐπίσης
3284 5510 3593 5592 autem;
3618 5515 3653 5570 C

515 5587 1029 5664 [asperarum-qm;
1062 5593 1125 5647 Β.
1200 5587 1528 5664 ζ’ἁνίσχῦροι
1697 5591 1916 5664 “taceo
1943 5587 2022 5664 B._
2074 5592 2102 5664 _’
2131 5591 2228 5664 καὶ
2241 5594 2319 5664 -τῇ
2342 5595 2532 5664 ἐνεργ.
2561 5593 2718 5664 ἀῌτυχ.

2889 5592 2929 5623 ¹⁰
2946 5579 3255 5647 λαι).ιᾶσθάι
3277 5591 3337 5646 Β.
3372 5579 3650 5646 λαλιᾶᾶθαι
3681 5579 3715 5637 C

519 5661 565 5696 ’ί
591 5647 953 5733 εύὶρημησμδν
973 5647 1039 5719 A'.
1117 5664 1160 5695 ¹³
1199 5647 1501 5730 ἄριστῶᾹ.
1579 5662 1620 5693 ³³
1658 5647 1823 5732 σκαῖὴ
1849 5662 1908 5717 Β.
1943 5661 2030 5736 ﬂ“
2062 5647 2319 5716 ἀσθενῶιῗ
2341 5659 2403 5717 Β.
2444 5647 2456 5663 ’
2483 5647 2526 5693 ί⁵
2551 5661 2648 5733 τῆς
2667 5647 2851 5730 δεξιᾶς
2880 5659 2940 5716 Β.
2973 5659 3035 5715 Ρ,
