4006 6158
1547 270 1639 331 DE
1669 267 1961 331 NATURA
1994 261 2297 328 HOMINIS.

312 398 418 454 bus
445 394 793 468 perﬁciendis
820 404 1038 453 strenue
1094 396 1379 459 utuntur;
1437 393 1584 450 unde
1632 393 2103 451 evidentissimum
2154 393 2538 459 argumentum
2588 381 2841 447 habetur,
2883 379 3164 434 dexteram
3205 378 3341 433 laeva
3391 381 3573 449 potio-

311 506 431 548 rem
462 492 783 562 neutiquam
814 505 959 556 esse,
989 497 1047 544 ut
1064 487 1406 543 rusticorum
1430 489 1655 559 quidam
1688 489 1899 559 Opinati
1934 494 2084 550 sunt,
2118 484 2215 539 sed
2247 483 2323 537 ita
2356 481 2429 535 ob
2486 477 2851 533 eruditionem
2880 482 2935 529 et
2983 471 3275 528 ruditatem
3307 472 3455 541 ipsas
3481 472 3577 525 ha-

312 586 581 648 bentium,
608 600 638 639 a
663 585 842 653 primo
863 598 1056 637 earum
1088 580 1385 653 principio,
1408 582 1512 638 sub
1540 582 1642 636 hac
1670 579 2035 652 appellatione
2064 577 2453 633 demonstratae
2481 579 2632 626 sunt.

384 675 508 728 Τῶν
560 674 618 727 δὲ
660 652 862 745 χειρῶν
901 672 971 725 τὰ
1013 671 1242 738 ἔσωθεν,
1280 652 1380 725 καὶ
1419 672 1621 742 μᾶλλον
1664 675 1734 725 τὰ.
1782 672 1923 730 τῶν

2066 665 2327 721 Interiora
2382 672 2563 717 autem
2596 672 2879 721 manuum,
2905 654 3205 727 digitorum
3236 652 3540 724 praesertim
3563 695 3578 714 ,

311 766 596 820 δακτύλων
645 765 783 818 τὰίθ
829 764 997 833 ἄκρα,
1050 760 1241 832 ὥσπερ
1282 760 1569 832 γνώμονας
1618 777 1775 824 τινας
1813 762 1895 824 εἰς

313 856 414 926 τὴν
448 855 592 925 ἁφὴν
632 853 864 924 ἔχομεν’
915 852 982 905 δι’
1032 851 1214 905 αὐτῶν
1266 850 1623 923 ἀκριϐοῦντες
1662 851 1722 904 τὸ
1752 850 1895 903 λεῖον

315 948 411 1001 καὶ
440 947 638 1018 τραχὺ,
681 946 775 999 καὶ
821 944 1024 1015 ὁμαλὸν
1061 944 1156 998 καὶ
1186 944 1508 1014 ἀνώμαλονο
1562 942 1896 1014 ὰκριϐεστὰ·

1996 774 2095 813 ceu
2161 769 2461 829 gnomonas
2520 752 2787 822 quosdam
2845 748 2912 803 ad
2977 756 3178 803 tactum
3241 746 3417 801 sortiti
3489 763 3583 799 su-

1999 864 2122 902 mus
2170 866 2184 901 :
2233 846 2433 915 quibus
2469 884 2484 909 ,
2521 841 2667 913 quod
2719 841 2889 902 laeve,
2938 853 3231 907 asperum,
3268 836 3474 906 aequale
3528 843 3580 887 et

1999 935 2266 1006 inaequale
2311 944 2396 989 est
2442 942 2695 987 accurate
2732 928 3209 998 deprehendimus.
3257 925 3430 980 Homo
3479 940 3582 978 au-

317 1056 415 1110 την
466 1039 573 1108 γὰρ
618 1037 731 1107 ἔχει
782 1035 990 1106 ταύτην
1053 1035 1154 1103 τὴν
1234 1033 1491 1103 αἴσθησιν
1551 1035 1661 1087 τῶν
1718 1033 1896 1089 ἄλλων

2024 1052 2107 1091 em
2168 1044 2367 1106 prater
2416 1033 2521 1088 alia
2571 1031 2827 1086 animalia
2891 1030 2985 1083 tali
3040 1028 3289 1083 sensorio
3344 1027 3584 1081 exactis-

320 1130 477 1194 ζώων
527 1131 556 1182 ὁ
586 1128 875 1198 ἄνθρωπος
918 1127 983 1179 ιτ.
1029 1127 1107 1180 Οὐ
1145 1126 1306 1196 μόνον
1347 1126 1457 1195 γὰρ
1511 1125 1899 1195 ἁντιληπτικὸν

319 1221 558 1290 ὄργανον
601 1220 631 1272 ὁ
686 1218 1031 1288 Δημιουργδς
1082 1218 1181 1281 τὰς
1226 1220 1422 1287 χεῖρας
1470 1216 1899 1282 κατεσκεύασεν,

319 1308 459 1360 ἀλλὰ
510 1307 606 1361 καὶ
658 1306 930 1361 ἁπτικύνο
992 1306 1082 1359 διὰ
1126 1307 1292 1360 ’τοῦτο
1326 1306 1425 1361 καὶ
1478 1306 1656 1378 δέρμα
1702 1306 1899 1359 λεπτό-

319 1417 480 1470 τερον
522 1397 729 1470 ἔχουσι,
773 1398 868 1452 καὶ
911 1397 1017 1468 μῦς
1045 1399 1240 1462 αὑταῖς
1274 1398 1623 1466 ὑπέστρωται
1657 1398 1858 1452 ἔσωθεν
1880 1414 1896 1429 °

323 1494 417 1543 καὶ
445 1490 644 1559 τριχῶν
675 1487 987 1559 ἀμοιροῦσι,
1022 1488 1111 1541 ἵνα
1160 1488 1361 1559 μᾶλλον
1385 1489 1496 1542 τῶν
1522 1489 1710 1542 ἁπτῶν
1753 1491 1903 1543 ἀντι-

324 1580 722 1651 λαμϐάνωνται
750 1580 1005 1650 τάχιστα.
1052 1579 1172 1633 Τῶν
1202 1580 1259 1633 δὲ
1288 1581 1488 1651 χειρῶν
1516 1583 1573 1634 αἱ
1605 1582 1705 1652 μὲν
1738 1581 1904 1652 σκληο

323 1672 573 1743 ρότεραι,
620 1671 757 1741 πρὸς
801 1669 1086 1741 ἀντίληψιν
1115 1672 1257 1723 εἰσὶν
1304 1671 1674 1741 ἰσχυρότεραι,
1714 1668 1904 1743 ὥσπερ

326 1763 434 1817 τῶν
459 1762 724 1834 γεωργῶν
760 1763 853 1817 καὶ
896 1760 1270 1832 κωπηλατῶν·
1321 1764 1377 1817 αἱ
1407 1762 1464 1815 δὲ
1515 1761 1904 1832 μαλακώτεραι

330 1856 467 1926 πρὸς
500 1854 600 1925 τὴν
635 1854 777 1925 ἁφὴν
818 1854 1246 1925 ἁκριὸἐστεραι,
1299 1853 1488 1926 ὥσπερ
1526 1855 1581 1906 ai
1612 1854 1720 1907 τῶν
1766 1870 1906 1925 γρα-

1999 1128 2139 1182 sime
2171 1126 2429 1197 praeditus
2456 1132 2570 1191 est.
2617 1120 2735 1176 Non
2777 1120 2941 1175 modo
3000 1128 3181 1174 autem
3228 1134 3409 1174 rerum
3449 1117 3581 1186 Opi-

2000 1220 2088 1274 lex
2117 1258 2132 1281 ,
2172 1232 2369 1273 manus
2415 1216 2583 1285 ipsas,
2616 1214 3039 1270 instrumentum
3100 1213 3166 1266 ad
3232 1226 3323 1267 res
3363 1210 3583 1279 capien-

2002 1310 2122 1375 das,
2153 1322 2345 1361 verum
2385 1306 2549 1359 etiam
2581 1304 2647 1358 ad
2680 1311 2860 1357 tactus
2889 1315 3048 1355 usum
3068 1341 3082 1365 ,
3112 1299 3437 1360 constituit,
3482 1298 3583 1351 hac

2003 1400 2070 1455 de
2096 1412 2284 1461 causa,
2308 1397 2440 1467 ipsis
2460 1396 2657 1450 exilem
2682 1405 2885 1459 cutem,
2909 1392 3320 1461 musculosque,
3349 1390 3577 1445 interius

2004 1487 2427 1559 superinduxit;
2465 1500 2625 1556 quam
2678 1493 2889 1554 partem
2921 1482 3047 1554 pilis
3091 1483 3254 1536 etiam
3296 1490 3577 1535 vacantem

2003 1596 2126 1637 esse
2160 1580 2351 1642 voluit,
2382 1592 2494 1647 quo
2524 1575 2931 1646 quamprimum
2958 1573 3136 1629 omnis
3166 1571 3322 1643 123
3366 1571 3581 1641 generis

2005 1688 2096 1728 res
2139 1668 2625 1742 deprehenderent.
2680 1666 2961 1737 Siquidem
3022 1680 3221 1720 manus
3265 1680 3385 1735 quae
3428 1680 3591 1735 aspe-

2008 1765 2183 1819 riores
2223 1770 2377 1826 sunt,
2415 1769 2473 1814 ut
2506 1758 2874 1829 agricolarum
2903 1772 2967 1812 ac
2997 1757 3297 1826 remigum,
3334 1755 3590 1812 fortiores

2007 1863 2415 1932 validioresque
2456 1859 2751 1926 habentur,
2783 1858 2836 1912 in
2868 1866 3017 1912 tactu
3048 1871 3178 1913 vero
3204 1855 3472 1912 tardiores
3496 1857 3593 1912 lie-

330 1947 478 2014 φὲων
518 1946 552 2016 ἢ
598 1945 707 1997 τῶν
739 1945 992 2016 ῥαπτῶν·
1024 1946 1120 1997 καὶ
1150 1946 1259 2015 γὰρ
1291 1943 1401 1997 τῶν
1432 1942 1662 2015 νεύρων,
1704 1944 1773 1997 τὰ
1807 1945 1907 2014 μὲν

2024 1957 2378 2025 oetioresque.
2411 1952 2544 2020 Quae
2572 1967 2702 2006 vero
2723 1950 3022 2017 molliores,
3050 1950 3239 2020 quales
3260 1947 3593 2019 scriptorum

333 2037 546 2107 σκληρὰ
578 2035 717 2106 πρὸς
765 2035 1004 2104 κίνησιν,
1031 2033 1101 2087 τὰ
1127 2034 1183 2087 δὲ
1235 2033 1459 2105 μαλακὰ
1488 2034 1626 2105 πρὸς
1660 2035 1910 2105 αἴσθησίν
1943 2019 1984 2073 Β

330 2133 469 2182 εἰσιν
494 2129 538 2162 ³⁸
571 2128 1006 2198 ἐπιτηδειότερα.
1039 2125 1225 2180 Ταῦτα
1254 2126 1312 2179 δὲ
1346 2127 1440 2180 καὶ
1462 2127 1559 2196 τῆς
1587 2127 1734 2197 ἁφῆς
1763 2130 1911 2180 ἐστιν

331 2221 560 2291 ὄργαναο
584 2218 673 2271 διὰ
694 2217 804 2288 γὰρ
826 2217 1031 2270 τούτων
1056 2216 1090 2285 ἡ
1114 2215 1215 2286 τῆς
1237 2216 1382 2286 ἁφῆς
1404 2216 1658 2287 αἴσθησις
1680 2217 1909 2285 γίνεται*

334 2308 543 2383 θερμοῦ
588 2310 684 2364 καὶ
709 2308 944 2381 ψυχροῦ,
972 2308 1144 2379 ὑγροῦ
1175 2310 1272 2361 καὶ
1302 2308 1494 2378 ξηροῦ,
1532 2311 1627 2362 καὶ
1656 2308 1766 2362 τῶν
1790 2308 1914 2362 τού-

334 2418 449 2463 τοις
494 2400 800 2471 ἑπομένων.
854 2401 963 2454 Kal
1004 2398 1179 2453 ταῦτα
1222 2399 1320 2469 μὲν
1344 2399 1414 2452 τὰ
1448 2401 1513 2453 ἐκ
1541 2401 1912 2471 κατασκευῆς,

334 2494 431 2546 καὶ
479 2492 746 2562 φυσικῶς,
780 2492 875 2545 καὶ
903 2492 991 2546 διὰ
1023 2492 1317 2562 μαθήσεως
1343 2493 1619 2561 προσόντα
1645 2496 1713 2564 τῇ
1735 2494 1912 2566 χειρι-

334 2584 478 2653 ἆπερ
511 2584 568 2637 δὲ
615 2584 1019 2653 ἐκσχετικοῖς¹⁹
1072 2579 1183 2636 οἷον
1209 2584 1437 2654 ἀγάπης
1481 2585 1743 2656 κέκτηται
1781 2587 1917 2656 πρὸς

335 2677 456 2730 ὅλον
499 2676 562 2730 τὸ
616 2674 799 2746 σῶμα,
841 2675 966 2728 οὐδὲ
994 2674 1243 2744 τυφλοῖς,
1279 2677 1307 2729 ὅ
1340 2692 1528 2744 φασιν,
1556 2676 1827 2747 ἠγνόηται
1848 2676 1913 2709 ’θ’

339 2768 716 2839 Προσέπταισε
764 2765 875 2837 γὰρ
907 2766 988 2829 εἰς
1028 2764 1177 2819 λίθον
1209 2766 1238 2819 ὀ
1277 2765 1541 2831 δάκτυλος
1585 2766 1682 2820 τοῦ
1723 2767 1916 2834 ποδός;

339 2860 436 2914 καὶ
459 2860 595 2930 αὐτὴ
622 2858 785 2923 εὐθὺς
809 2858 1067 2927 ἑρεθεῖσα
1095 2858 1140 2890 ³⁸
1164 2857 1284 2912 ἐκεῖ
1311 2858 1728 2928 περιπλέκεται,
1761 2876 1919 2930 περι-

342 2950 605 3020 σφίγγει,
654 2949 1014 3020 περισύρεται
1070 2950 1151 3021 τῷ
1194 2951 1520 3022 ὀδυνωμένῳ
1539 2952 1607 3017 ³⁸,
1662 2951 1760 3004 καὶ
1810 2946 1920 3005 οἷον

344 3042 705 3113 ἀσπαζομένη
753 3041 1160 3114 παραμυθεῖται
1207 3041 1307 3112 τὴν
1335 3039 1672 3094 ἐπελθοῦσαν
1705 3041 1919 3112 ὀδύνην.

348 3133 592 3188 Ἀκανθα
638 3134 886 3204 ὲνεπάγη
912 3132 990 3204 τῷ
1032 3132 1188 3197 ποδί;
1224 3133 1318 3187 καὶ
1340 3133 1537 3187 σκόπει
1571 3133 1742 3206 αὐτὴν
1768 3150 1924 3205 περι-

343 3226 651 3297 τρέχουσαν
695 3225 848 3280 ἐνθεν
893 3225 1150 3279 κάκεῖθεν
1170 3225 1241 3292 ³³,
1294 3224 1693 3290 ἐξελκύσασθαι
1717 3225 1925 3297 ταύτην

2015 2070 2417 2129 sutorumque,
2447 2056 2741 2112 debiliores
2791 2064 2959 2121 sunt,
3006 2069 3073 2110 ac
3133 2062 3277 2109 tactu
3320 2056 3596 2112 exactiore

2014 2160 2264 2206 utuntur.
2301 2146 2409 2203 Sed
2437 2154 2493 2201 et
2519 2145 2671 2201 nervi
2710 2143 2956 2215 quidam,
2991 2142 3045 2197 in
3081 2151 3231 2197 motu
3264 2141 3590 2211 asperiores,

2016 2244 2071 2298 in
2107 2256 2276 2298 sensu
2310 2253 2439 2294 vero
2473 2237 2755 2292 molliores
2794 2242 2952 2301 sunt;
2988 2245 3043 2289 et
3082 2234 3176 2303 qui
3217 2234 3409 2288 molles
3438 2243 3591 2300 sunt,

2020 2334 2089 2389 ad
2125 2341 2328 2388 tactum
2370 2327 2543 2399 magis
2576 2324 3090 2390 accommodantur,
3141 2324 3370 2392 illosque
3415 2333 3593 2378 tactus

2016 2440 2139 2480 esse
2171 2423 2532 2478 instrumenta
2568 2418 2822 2473 dicimus.
2856 2414 3062 2471 Horum
3107 2429 3344 2485 namque
3391 2414 3597 2471 instru-

2020 2527 2324 2571 mentorum
2353 2510 2550 2577 oﬂicio,
2573 2510 2806 2565 calidum
2837 2521 2901 2563 ac
2922 2504 3202 2576 frigidum,
3232 2505 3521 2561 humidum
3543 2513 3601 2560 et

2018 2607 2251 2671 siccum,
2281 2613 2336 2660 et
2360 2618 2482 2674 quze
2509 2603 2613 2657 ista
2647 2608 2977 2670 sequuntur,
3026 2612 3124 2667 per
3153 2612 3375 2652 sensum
3422 2606 3600 2653 tactus

2018 2696 2425 2768 cognoscimus.
2466 2692 2535 2747 Et
2579 2692 2696 2746 haec
2748 2689 2970 2760 quidem
3028 2698 3158 2743 sunt
3201 2703 3323 2758 quae
3352 2703 3383 2743 a
3426 2688 3603 2758 prima

2021 2785 2437 2848 constitutione,
2467 2790 2666 2837 natura
2692 2787 2748 2834 et
2772 2776 3060 2846 disciplina
3082 2777 3336 2831 manibus
3364 2777 3497 2846 ipsis
3524 2776 3606 2831 in-

2023 2886 2169 2932 sunt.
2201 2876 2333 2940 Quaa
2361 2886 2491 2926 vero
2521 2871 2590 2924 ad
2629 2878 2804 2925 totum
2833 2881 3059 2936 corpus,
3084 2875 3333 2935 respectu
3362 2864 3603 2935 quodam

2024 2964 2280 3020 manibus
2312 2962 2541 3028 insunt,
2572 2975 2732 3029 quem
2764 2973 3007 3014 amorem
3040 2966 3189 3013 recte
3217 2956 3478 3028 appellari
3504 2957 3604 3019 de-

2025 3064 2134 3122 cet,
2175 3069 2245 3108 ne
2281 3068 2463 3108 rerum
2493 3051 2714 3121 quidem
2748 3058 2958 3105 natura:
2982 3049 3206 3120 ignaros
3243 3049 3391 3104 latet.
3443 3047 3604 3114 Nam,

2026 3158 2152 3200 cum
2185 3142 2339 3213 pedis
2368 3140 2601 3210 digitum
2645 3138 2699 3193 in
2746 3138 2983 3205 lapidem
3032 3138 3256 3208 impingi
3301 3138 3604 3209 contingit,

2026 3243 2159 3287 tunc
2210 3232 2450 3302 primum
2507 3245 2704 3285 manus
2754 3229 2953 3284 ibidem
2998 3244 3316 3295 occurrens,
3365 3230 3607 3301 comple-

346 3317 779 3383 σπουδάζουσαν.
825 3317 1017 3371 manu
1033 3318 1077 3350 "
1103 3318 1203 3387 τὴν
1232 3317 1476 3388 κεφαλὴν
1519 3317 1726 3388 ἔδηξεν,
1756 3317 1787 3387 ἢ
1825 3317 1923 3389 τὴν

2033 3324 2251 3391 ctendo,
2278 3322 2621 3393 fovendaque
2640 3323 2848 3377 doloris
2880 3322 3063 3376 locum
3095 3322 3263 3378 solari
3303 3323 3515 3378 nititur.
3549 3322 3613 3379 Si

348 3409 670 3481 ρἀινςκαὶ
718 3408 857 3478 μετὰ
911 3408 1192 3472 συντονίας
1234 3408 1372 3480 πρὸς
1426 3409 1641 3480 ἄμυναν
1698 3409 1922 3480 ἔδραμε.

346 3500 460 3554 Καὶ
487 3499 826 3565 ἁπαξαπλῶς
864 3500 1046 3552 πᾶσαν
1070 3499 1263 3570 ὀδύνην
1304 3500 1441 3553 ὅλων
1477 3500 1585 3552 τῶν
1612 3498 1707 3554 τοῦ
1739 3500 1927 3570 σῶμα·

349 3607 439 3654 τος
459 3591 503 3623 ’⁸
532 3589 737 3661 μορίων
787 3589 876 3644 διὰ
907 3591 1007 3659 τῆς
1059 3591 1203 3661 ἁφῆς
1250 3590 1423 3661 αὐτῆς
1452 3591 1550 3645 καὶ
1587 3591 1928 3663 περιπλοκῆς

350 3682 768 3751 καταπραΰνει’
825 3681 1066 3736 τοσαῦτα
1135 3682 1273 3754 αὐτῇ
1340 3684 1772 3755 προτερήματα,
1831 3686 1926 3740 καὶ

350 3774 657 3844 ἐνεργείας,
688 3774 784 3827 καὶ
810 3774 1167 3845 εὐστροφίας,
1203 3774 1336 3844 πρὸς
1379 3774 1736 3845 παραμυθίαν
1767 3776 1926 3849 ἡμῶν

351 3867 449 3918 καὶ
489 3865 714 3936 ἑτέρων,
757 3868 791 3937 ἡ
830 3868 899 3920 τὰ
944 3866 1242 3935 σύμπαντα
1290 3865 1652 3936 οἱκονομοῦσα
1697 3868 1929 3940 πρόνοια

353 3956 670 4026 ἐχαρίσατο,
714 3956 790 4020 ὡς
836 3956 972 4027 μηδὲ
1003 3955 1184 4027 ῥᾴδιον
1212 3956 1484 4027 ὲφευρεῖν,
1530 3956 1563 4029 ἢ
1590 3957 1729 4011 κατὰ
1763 3958 1928 4030 μέρος

350 4046 684 4111 ἐπεξελθεῖν.

2030 3430 2163 3471 vero
2195 3429 2293 3485 pes
2341 3413 2496 3485 spina
2544 3413 2966 3485 compungitur,
3015 3428 3213 3466 manus
3259 3412 3377 3481 ipsa
3423 3414 3610 3469 solerti

2034 3518 2200 3578 atque
2225 3514 2455 3560 actuoso
2497 3513 2652 3558 motu
2696 3519 2820 3558 sese
2860 3504 3068 3558 circum
3109 3503 3348 3572 undique
3378 3505 3609 3573 agendo,

2031 3597 2267 3652 educere
2298 3595 2445 3649 illam
2475 3592 2694 3662 satagit;
2722 3593 2770 3647 si
2793 3590 3014 3663 quando
3037 3590 3201 3660 capiti
3226 3599 3416 3645 nostro
3461 3594 3615 3663 pedi-

2033 3688 2223 3753 culus,
2280 3686 2395 3741 sive
2428 3685 2594 3739 dorso
2629 3684 2791 3754 pulex
2826 3682 3077 3738 aculeum
3148 3677 3387 3739 inﬁxerit
3411 3724 3427 3749 ,
3475 3686 3615 3742 ulci-

2030 3775 2218 3833 scendi
2244 3775 2363 3846 ejus
2378 3773 2549 3845 gratia
2574 3788 2769 3827 manus
2788 3772 3043 3828 ocissime
3060 3770 3317 3827 ferturJn
3339 3789 3614 3830 summam

2035 3876 2220 3924 autem
2267 3865 2571 3922 dicendum.
2608 3875 2714 3930 est,
2755 3865 2902 3934 quod
2944 3878 3330 3935 quamcunque
3367 3867 3616 3936 corporis

2034 3959 2212 4016 nostri
2256 3966 2508 4030 partem,
2559 3955 2644 4010 vel
2697 3955 3017 4025 perspicuo,
3070 3955 3153 4011 vel
3196 3957 3383 4013 abdito
3426 3958 3617 4016 dolore

2036 4053 2212 4125 premi
2268 4048 2587 4118 contigerit,
2627 4061 2824 4103 manus
2870 4046 3022 4117 ipsa,
3056 4047 3221 4113 hinc,
3267 4048 3396 4104 inde
3438 4050 3616 4104 locum

352 4142 762 4213 pertractando,
824 4142 1077 4199 nonnihil
1122 4145 1245 4215 opis
1295 4145 1490 4201 afferre
1534 4146 1735 4213 studet,
1790 4147 2060 4218 siquidem
2101 4147 2309 4205 summi
2373 4144 2657 4201 Creatoris
2716 4143 3082 4214 providentia,
3134 4146 3383 4201 omnium
3444 4147 3617 4201 actio-

354 4253 509 4299 num.
534 4253 598 4293 ac
630 4238 928 4307 cujuslibet
958 4240 1356 4295 accommodati
1390 4251 1592 4308 motus,
1609 4243 1675 4297 ad
1694 4241 1940 4298 solamen
1981 4243 2452 4319 tumgnostri,tum
2483 4240 2720 4295 aliorum
2742 4237 3017 4303 facientis,
3063 4237 3337 4308 primitias
3362 4240 3615 4296 manibus

354 4330 548 4401 largita
563 4341 679 4395 est,
700 4330 773 4384 ita
794 4338 855 4384 ut
872 4346 979 4385 non
997 4330 1157 4386 facile
1183 4333 1253 4386 sit
1269 4333 1581 4403 singillatim
1604 4337 1785 4390 omnia
1818 4351 2157 4409 percurrere.

605 4445 749 4511 Κεφ.
789 4442 1073 4498 ΚΗ’-ΚΘ⁷.
1109 4475 1178 4486 -
1210 4446 1351 4513 Περὶ
1389 4446 1597 4516 μηρῶν
1627 4448 1693 4503 ’⁸.

428 4559 629 4612 Σκόπει
671 4558 727 4612 δὲ
765 4557 1033 4631 μετὰίτὰς
1072 4561 1289 4628 χεῖρας,
1340 4560 1435 4613 καὶ
1468 4560 1579 4612 τῶν
1612 4559 1792 4614 ποδῶν
1832 4560 1934 4632 τὴν

356 4651 729 4722 κατασκευὴν,
755 4650 851 4704 καὶ
872 4649 972 4715 τὰς
1004 4650 1271 4721 ἁρμονίας
1288 4651 1497 4704 τούτων
1514 4650 1609 4704 καὶ
1629 4650 1932 4719 ἐνεργείας·

358 4742 477 4806 πῶς
525 4741 892 4812 μεταϐατικὸν
921 4740 1154 4811 ὗργανον
1194 4740 1289 4794 τοῦ
1332 4741 1533 4803 παντὸς
1579 4741 1830 4811 σώματος
1850 4780 1864 4803 ν
1901 4742 1934 4811 ἡ

359 4832 525 4903 φύσις
556 4835 590 4903 ἡ
624 4833 956 4904 δημιουργὸς
979 4833 1025 4864 ³⁷
1056 4833 1255 4895 αὐτοὺς
1290 4833 1640 4901 ὲτεχνάσατο.
1671 4832 1784 4886 Kal
1816 4831 1935 4894 πῶς

358 4926 461 4995 τὴν
502 4924 645 4978 κατὰ
678 4922 788 4977 τῶν
834 4923 1014 4976 τόπων
1035 4923 1081 4955 ⁸⁸
1115 4922 1332 4992 κίνησιν
1373 4922 1461 4976 διὰ
1501 4920 1709 4975 τούτων
1749 4923 1937 4976 ποιοῦ-

364 5015 536 5087 μεθα;
568 5016 666 5069 Διὰ
693 5014 795 5085 τῆς
826 5014 950 5069 καθ’
980 5015 1159 5087 ὁρμὴν
1180 5016 1225 5047 ¹⁹
1270 5016 1561 5083 κινήσεως,
1609 5015 1728 5084 ῆτοι
1766 5030 1936 5084 μεταο

360 5106 613 5177 σατικῆς.
680 5103 836 5159 Ἐστι
891 5105 948 5158 δὲ
998 5105 1340 5176 μεταϐατικὴ
1393 5104 1609 5173 κίνησις
1641 5104 1750 5156 τῶν
1801 5104 1938 5157 ὅλων

360 5196 455 5251 τοῦ
479 5198 524 5230 ³⁸
548 5196 804 5267 σώματος
831 5196 1013 5267 μερῶν
1037 5196 1158 5249 καθ’
1182 5195 1357 5267 ὁρμὴν
1383 5196 1708 5266 γινομένωνο
1733 5195 1939 5267 κατάρ-

362 5306 548 5357 χοντος
583 5288 683 5359 μὲν
705 5287 800 5341 τοῦ
840 5285 1195 5359 ἡγεμονικοῦ,
1227 5284 1631 5359 ὑπηρετοῦντος
1657 5285 1714 5339 δὲ
1751 5285 1843 5339 τοῦ
1878 5288 1936 5340 ιν

438 5443 486 5514 ξο
504 5432 712 5514 fragm.
746 5441 808 5497 Β.
885 5445 927 5476 "
951 5445 979 5497 ὁ
1008 5444 1166 5514 ἀνθρ.
1198 5461 1250 5499 τ.
1283 5445 1402 5498 ἀλλ.
1431 5442 1481 5508 ζ.
1510 5445 1573 5498 Β.
1653 5445 1697 5478 ⁸⁸
1732 5446 1871 5497 εἰσὶν
1897 5459 2006 5498 om.
2033 5443 2095 5499 Β.

2299 4448 2434 4518 Cap.
2470 4444 2912 4501 XXVIII-XXIX.
2938 4473 3011 4487 —-
3036 4445 3113 4501 De
3142 4446 3381 4517 pedibus.

2100 4563 2206 4619 Sed
2249 4579 2279 4617 a
2325 4571 2435 4617 tam
2471 4561 2620 4617 vario
2651 4578 2912 4618 manuum
2947 4577 3130 4633 opere,
3163 4563 3228 4618 ad
3263 4561 3458 4633 pedum
3490 4578 3621 4619 con-

2044 4652 2403 4716 stitutiunem,
2430 4660 2483 4705 et
2532 4650 2833 4707 concinnas
2883 4650 3175 4706 admodum
3236 4651 3621 4723 oiliciosasque

2043 4745 2285 4799 actiones
2330 4741 2756 4798 considerandas
2782 4752 3152 4808 transeamus;
3188 4758 3424 4813 quonam
3460 4755 3621 4815 pacto

2047 4849 2228 4889 rerum
2261 4833 2441 4904 opifex
2468 4833 2631 4902 pedes
2658 4834 2805 4904 ipsos
2827 4833 3250 4888 instrumentum
3283 4836 3349 4890 ad
3374 4839 3621 4907 corporis

2048 4924 2338 4979 transitum
2398 4924 2705 4994 delegatum
2753 4924 3119 4979 constituerit.
3154 4924 3292 4980 Tum
3344 4929 3619 4997 quomodo

2048 5017 2242 5069 borum
2287 5011 2462 5069 cilicio
2487 5014 2591 5067 loci
2623 5013 2979 5067 mutationem
3006 5024 3155 5069 motu
3192 5017 3458 5073 transitus
3505 5034 3601 5088 per

2047 5103 2277 5174 agimus.
2298 5102 2433 5157 Nam
2459 5102 2723 5157 transitus
2744 5102 3057 5172 motus,qui
3088 5102 3140 5156 in
3169 5104 3425 5160 omnibus
3451 5106 3621 5161 totius

2048 5196 2295 5265 corporis
2324 5194 2572 5264 partibus
2595 5202 2701 5257 est,
2730 5208 2857 5249 cum
2898 5193 3103 5262 impetu
3140 5194 3232 5257 lit,
3265 5195 3321 5249 in
3350 5211 3461 5265 quo
3496 5197 3619 5251 Ofil-

2046 5285 2154 5351 cio,
2185 5283 2505 5355 principalis
2533 5283 2729 5338 anima
2760 5285 2932 5353 partis
2963 5284 3049 5340 vis
3090 5285 3433 5340 dominatum
3480 5288 3623 5342 obti~

2197 5442 2604 5515 fO_tanertxﬁ;
2772 5444 2837 5515 ὲκ
2875 5441 3112 5515 σχέσεως
3157 5443 3276 5514 ἦτοι
3320 5444 3380 5510 ἐξ
3413 5446 3506 5515 ἀγ.
3556 5445 3620 5501 Ρ.

364 5516 413 5587 'f
438 5512 681 5587 siti
710 5509 1144 5587 καταμηνύσεως
1173 5514 1267 5587 τοῦ
1301 5515 1440 5578 νοός.
1484 5516 1607 5587 add.
1639 5514 1699 5569 Β.
1775 5514 1818 5547 ’⁸
1860 5514 2146 5587 εὑρεθεῖσα
2238 5512 2303 5566 Ρ.
2373 5509 2419 5587 δέ
2449 5509 2765 5587 ὀδυνομένῳ,
2784 5509 2865 5587 B._
2996 5511 3111 5587 ενθ.
3145 5509 3529 5587 mammae.
3560 5515 3623 5587 ρ.

366 5581 708 5667 2.093.113.
800 5581 1010 5667 εἶπας.
1048 5584 1149 5667 ρδ.
1189 5585 1292 5667 τὴν
1321 5601 1524 5667 τισωμ.
1560 5584 1641 5667 ολ.
1675 5600 1801 5667 μορ.
1837 5581 2091 5667 φανερᾶζν
2120 5583 2154 5653 ἢ

2191 5580 2453 5652 ᾴσφανῶν
2487 5581 2542 5635 Β.
2610 5578 2686 5652 ’7³⁸
2723 5578 2802 5652 sic
2996 5584 3064 5652 ᾼ.
3107 5584 3236 5652 περὶ
3272 5578 3529 5642 ΠοδὶὒνὈ
3563 5580 3627 5641 Ρ.

367 5648 611 5725 "ﬁdius.
644 5669 756 5723 φυσ
806 5652 868 5709 Β.
944 5654 991 5688 ⁸⁸
1007 5655 1116 5717 τῶν
1143 5648 1327 5709 τόπων
1350 5653 1415 5709 Α.
1445 5648 1587 5711 κατὰ
1632 5648 1794 5708 τόπον
1837 5648 1878 5707 Β
1913 5648 1998 5710 ιη’
2047 5654 2091 5685 ”
2123 5648 2247 5709 καθ’
2281 5648 2424 5723 δμὴν
2453 5652 2520 5710 Δ.
2596 5651 2641 5683 ³⁸
2681 5649 2776 5705 τοῦ
2821 5650 2946 5705 ὅλον
2998 5648 3060 5706 C.
