3944 6152
475 199 617 258 ηεξ)

1758 186 2038 244 MELETII
2078 182 2382 244 MUNACHI

3565 185 3683 248 ιεδο

472 329 585 388 net,
614 316 836 388 spiritus
860 328 1008 382 vero,
1034 313 1129 383 qui
1159 313 1215 367 in
1248 311 1432 366 nervis
1483 310 1642 383 124
1668 311 2040 380 musculisque

2155 311 2256 372 τοῖς
2284 308 2499 378 νεύροις
2539 306 2634 359 καὶ
2682 305 2814 375 μυσὶ
2858 304 3190 374 πνεύματος·
3227 321 3684 378 συνεκτεινομένου

475 410 672 465 insitus
703 415 808 471 est,
841 403 1131 460 ministerii
1154 401 1390 458 cilicium
1422 399 1621 473 explet,
1654 404 1747 472 qui
1782 419 1886 457 una
1912 419 2038 458 cum

475 500 581 555 illis
619 496 977 562 contenditur,
1014 495 1366 564 membraque
1393 494 1508 563 ipsa
1538 495 1909 564 circumagere
1929 511 2039 547 non

473 590 691 644 desinit.
733 586 1024 640 Enimvero
1049 625 1063 645 ,
1116 586 1318 639 motiva
1369 585 1458 637 illa
1495 583 1725 639 facultas
1749 594 1864 646 est,
1896 600 2038 653 quae,

474 679 690 749 corpori
723 692 822 732 ceu
850 675 1100 731 vehiculo
1126 675 1406 739 insidens,
1449 677 1502 728 in
1565 675 1747 731 nervis
1821 691 2044 730 muscu.

472 771 650 841 lisque
695 769 938 842 actiones
978 783 1107 823 suas
1160 767 1414 822 ostendit.
1452 767 1572 836 Ipsa
1614 775 1794 821 autem
1841 768 2040 821 metiva

474 858 724 924 facultas,
760 865 948 926 utpote
971 856 1168 910 animae
1191 859 1304 920 vis,
1338 864 1510 911 totum
1550 871 1752 927 corpus
1795 867 2041 912 nostrum

471 949 623 1004 vehit
650 966 664 1001 :
696 947 791 1003 sed
821 956 874 1001 et
907 946 1000 1000 illa
1034 946 1275 1001 vicissim
1299 984 1313 1009 ,
1348 945 1574 1015 pedibus
1610 947 1875 1001 transitus
1923 961 2044 1000 mu-

474 1040 566 1096 nia
594 1037 976 1109 peragentibus
999 1078 1014 1103 ,
1053 1052 1084 1091 a
1123 1051 1350 1107 corpore
1374 1037 1608 1091 vehitur.
1643 1035 1778 1093 Nam
1815 1038 1967 1106 prius
2012 1054 2043 1093 a

465 1115 633 1183 nobis
657 1118 1090 1182 demonstratum
1123 1134 1226 1191 est,
1260 1126 1404 1197 quod
1429 1143 1767 1198 quaecunque
1796 1143 1893 1198 per
1917 1143 2044 1182 ner-

475 1235 576 1275 vos
625 1218 1010 1287 musculosque
1057 1226 1366 1284 moventur,
1412 1233 1480 1272 ex
1530 1221 1726 1275 anima:
1776 1218 2046 1274 facultati-

478 1309 581 1365 bus
633 1317 763 1364 sunt
814 1317 977 1378 atque
1030 1309 1096 1363 ad
1145 1308 1318 1365 nostri
1352 1310 1636 1365 arbitrium
1689 1322 2046 1380 peraguntur.

477 1393 606 1452 Pari
663 1397 824 1451 modo
869 1397 1030 1450 etiam
1078 1397 1507 1452 animadvertere
1530 1406 1760 1468 oportet,
1787 1400 2048 1469 quemad-

481 1486 706 1540 modum
756 1485 1189 1540 instrumentalia
1235 1501 1358 1539 cum
1396 1487 1799 1556 magnitudine,
1848 1485 2044 1549 forma,

2141 399 2351 462 τούτοις
2381 399 2476 451 καὶ
2522 397 2913 469 περιφέροντος
2942 395 3015 450 τά
3047 397 3217 466 μέλη·
3249 399 3284 468 ἡ
3313 398 3420 469 γὰρ
3454 404 3684 470 κινητική

2139 489 2367 558 δύναμις
2395 488 2534 558 αὕτη
2559 486 2707 539 ἐστὶν
2730 488 2762 556 ή
2790 488 2848 538 έν
2868 488 2982 549 τοῖς
3004 485 3218 557 νεύροις
3245 490 3340 540 καὶ
3371 489 3532 556 μυσὶν
3557 491 3686 558 ὲνερ-

2141 578 2334 646 γοῡσα,
2366 579 2463 631 καὶ
2490 577 2551 630 τὸ
2583 576 2742 644 σῶμα
2768 575 2997 646 όχοῦσα·
3022 579 3105 630 ὅτι
3136 577 3268 630 αὐτὸ
3294 577 3337 610 ⁸³
3369 578 3470 647 μὲν
3495 579 3602 648 ὀχεῖ
3625 581 3686 643 ὡς

2141 668 2345 739 ψυχικὴ
2387 667 2648 737 δύναμις·
2681 669 2890 736 ὀχεῖται
2921 668 2981 721 δὲ
3020 669 3141 721 ὅλον
3179 668 3242 721 τὸ
3285 668 3448 739 σῶμα
3484 670 3567 722 διά
3601 672 3688 737 τῆς

2141 760 2250 814 τῶν
2282 759 2456 812 ποδῶν
2488 758 2866 829 μεταϐάσεως.
2926 759 3172 828 Ἐδείχθη
3212 759 3321 830 γὰρ
3357 761 3442 813 ὅτι
3485 760 3579 812 ὅσα
3613 761 3688 812 διὰ

2143 849 2350 920 νεύρων
2376 849 2471 904 καὶ
2501 848 2651 918 μυῶν
2677 851 2932 913 κινεῖται,
2961 849 3174 918 ψυχικά
3198 849 3258 901 τέ
3283 852 3423 911 ἐστι,
3451 853 3543 902 καὶ
3568 851 3689 902 κατὰ

2145 943 2466 1013 προαίρεσιν
2502 942 2868 996 ἀποτελεῖται.
2933 941 3167 1010 Ὁμοίως
3214 941 3307 994 καὶ
3349 942 3418 994 τά
3450 941 3693 1010 ὀργανικὰ

2145 1035 2323 1089 πάντα
2342 1051 2357 1065 ·
2388 1033 2460 1087 τὰ
2477 1033 2533 1086 δὲ
2558 1035 2826 1104 ὀργανικὰ
2859 1035 3142 1086 σκοπεῖται
3167 1034 3308 1086 κατὰ
3337 1033 3544 1102 σχῆμα,
3572 1033 3693 1085 κατὰ

2149 1123 2400 1196 μέγεθος,
2435 1121 2576 1176 κατὰ
2603 1120 2857 1192 ἀριθμὸν,
2882 1122 3023 1174 κατὰ
3053 1121 3228 1176 θέσιν.
3264 1122 3328 1174 Εἰ
3359 1121 3470 1190 γὰρ
3498 1122 3588 1173 καὶ
3614 1123 3696 1174 ἀνα

2145 1211 2471 1284 τιληπτικὴν
2502 1211 2686 1283 ήιχεὶρ
2714 1212 2999 1280 ἐνέργειαν
3029 1210 3143 1279 ἔχει
3171 1210 3248 1275 ³²,
3284 1209 3469 1272 καθὼς
3499 1212 3525 1262 ό
3559 1211 3696 1276 λόγος

2148 1301 2379 1356 κατόπιν
2396 1301 2701 1368 ἀπέδειξεν,
2724 1301 2839 1353 ἀλλ’
2860 1302 2960 1354 οὐκ
2981 1300 3047 1352 ἂν
3068 1300 3276 1367 γένοιτο
3296 1299 3436 1369 αὐτῇ
3453 1301 3496 1331 ³³
3516 1299 3693 1360 καλῶς,

2152 1389 2226 1462 μὴ
2256 1389 2352 1442 τοῦ
2395 1390 2503 1445 τῶν
2533 1391 2814 1444 δακτύλων
2863 1390 3098 1461 ἀριθμοῦ
3147 1391 3354 1444 τελείου
3403 1392 3585 1455 ὄντος,
3617 1389 3697 1443 καὶ

2152 1483 2290 1552 μήτε
2334 1481 2584 1544 ὲλλιποῦς
2608 1482 2675 1542 ³⁸,
2730 1483 2866 1552 μήτε
2919 1482 3328 1546 πλεονάζοντος.
3397 1483 3554 1536 Ἀλλὰ
3605 1483 3698 1551 μὴν

487 1591 718 1632 numero
739 1577 955 1646 situque
984 1577 1334 1631 conveniunt.
1377 1576 1492 1632 Nisi
1534 1578 1677 1633 enim
1732 1592 1928 1633 manus
1978 1577 2045 1633 ad

2155 1574 2244 1626 καὶ
2276 1573 2372 1628 τοῦ
2409 1575 2704 1644 σχήματος,
2741 1574 2816 1637 ὡς
2847 1569 2987 1629 εἶναι
3021 1576 3432 1646 διηπλωμένην·
3466 1577 3558 1628 καὶ
3591 1576 3698 1635 τοὺς

480 1666 803 1735 capiendum
834 1665 1026 1718 idonea
1058 1664 1241 1732 fuerit,
1264 1666 1718 1734 quemadmodum
1756 1682 1928 1736 nuper
1951 1681 2048 1720 ex-

2155 1665 2451 1730 δακτύλους
2483 1666 2557 1736 μὴ
2587 1667 2958 1732 έξισάζοντας·
2989 1669 3083 1723 καὶ
3111 1670 3168 1721 ὲν
3200 1668 3276 1738 τῷ
3313 1668 3555 1738 μεγέθει,
3581 1669 3701 1737 μήτε

470 1755 822 1825 'plicavimus,
847 1754 991 1808 haud
1022 1762 1166 1808 recte
1197 1753 1280 1824 agi
1309 1769 1431 1807 cum
1462 1755 1578 1823 ipsa
1600 1755 1824 1810 dixeris.
1855 1755 1921 1809 Et
1943 1755 2048 1810 nisi

469 1845 634 1915 "digiti
659 1845 761 1914 ipsi
787 1846 933 1898 omni
961 1858 1028 1898 ex
1057 1853 1210 1914 parte
1227 1845 1464 1914 perfecto
1487 1844 1572 1899 sui
1604 1860 1855 1908 numero,
1876 1860 2050 1915 neque

481 1936 754 1993 deficienti
782 1977 797 2001 ,
851 1951 1028 2006 neque
1069 1936 1350 1991 excedenti
1393 1937 1776 2002 constiterint,
1831 1937 2049 1992 vitiatos

2155 1759 2359 1828 μικράν
2381 1758 2521 1826 ἄγαν
2555 1754 2712 1822 εἶναι,
2749 1761 2890 1830 μήτε
2921 1761 3185 1831 μεγάλην·
3215 1762 3312 1814 καὶ
3337 1759 3484 1813 κατὰ
3508 1760 3599 1828 τὴν
3622 1759 3700 1811 θέο

2156 1866 2239 1902 σιν
2273 1848 2353 1911 δὲ,
2391 1849 2468 1920 μὴ
2501 1848 2608 1916 ἔξω
2645 1849 2744 1919 τῆς
2774 1850 2917 1904 κατὰ
2961 1851 3122 1921 φύσιν
3155 1852 3328 1922 αὐτῆς
3373 1850 3700 1922 εὑρίσκεσθαι

2156 1937 2560 2010 διαρθρώσεως.
2893 1955 2900 1960 “

473 2029 748 2085 censebis.
803 2027 909 2083 Sed
942 2039 996 2083 et
1041 2029 1120 2083 uti
1154 2028 1324 2099 figura
1359 2045 1554 2084 manus
1586 2030 1892 2098 conveniat,
1917 2047 2054 2102 opus
2087 2041 2190 2097 est,
2221 2045 2275 2089 et
2301 2035 2597 2105 digitorum
2624 2035 2802 2105 impar
2854 2035 2990 2091 ordo
3017 2037 3069 2091 ei
3129 2039 3382 2093 decorem
3406 2038 3608 2101 afferat;
3623 2036 3702 2091 sed

481 2139 662 2195 neque
701 2125 1003 2194 longiorem
1045 2123 1219 2192 ipsam
1272 2138 1435 2193 quam
1465 2139 1572 2194 .par
1635 2125 1726 2189 sit,
1787 2139 1964 2194 neque
2009 2125 2310 2180 breviorem
2345 2141 2465 2181 esse
2517 2137 2748 2196 Oportet.
2809 2127 3108 2195 Praeterea,
3146 2139 3200 2183 et
3247 2129 3398 2198 quod
3446 2129 3512 2183 ad
3559 2130 3703 2184 situm

481 2217 700 2280 attinet,
731 2214 809 2268 uti
841 2213 958 2283 ipsa
990 2213 1097 2268 sibi
1121 2228 1150 2266 a
1181 2221 1378 2267 natura
1411 2213 1741 2282 praescriptis
1784 2213 2326 2270 dearticulationibus
2357 2224 2590 2270 constet.

479 2329 485 2336 ·
549 2305 810 2361 Eamdem
858 2306 1075 2374 quidem
1128 2306 1397 2360 rationem
1440 2303 1826 2376 sapientissimi
1879 2319 2061 2360 rerum

479 2394 702 2462 opificis
761 2391 1096 2461 providentia
1147 2392 1311 2447 etiam
1382 2393 1435 2446 in
1503 2393 1730 2463 pedibus
1785 2393 2058 2456 ostendit,

2233 2306 2404 2360 Τοῦτο
2428 2305 2558 2375 γοῦν
2589 2306 2682 2360 καὶ
2706 2306 2799 2360 ἐπὶ
2828 2306 2936 2360 τῶν
2966 2305 3142 2361 ποδῶν
3165 2308 3197 2376 ή
3225 2306 3410 2360 πάντα
3437 2305 3606 2376 σοφῶς
3625 2307 3706 2359 καὶ

2157 2397 2418 2467 ἐντέχνως
2480 2396 2841 2467 οἰκονομοῦσα
2896 2397 3121 2466 πρόνοια
3173 2396 3568 2467 ἐξειργάσατο·
3627 2397 3705 2448 καὶ

481 2493 606 2551 qua:
685 2463 816 2535 nulli
885 2480 1025 2550 parti
1096 2496 1207 2534 non
1274 2481 1598 2550 peculiarem
1666 2482 1829 2536 situm
1889 2481 2051 2536 voluit

2156 2463 2370 2558 ἑκάστῳ
2408 2487 2516 2541 τῶν
2549 2463 2754 2557 μορίων
2784 2489 2882 2559 τὴν
2917 2463 3130 2543 οἰκείαν
3164 2463 3410 2544 ἔδωκε-³⁵
3439 2489 3600 2551 θέσιν,
3630 2490 3708 2542 EE-

481 2573 900 2644 praescripsisse.
934 2571 1001 2625 Et
1049 2572 1308 2642 quoniam
1348 2574 1474 2628 huic
1520 2573 1764 2639 animali,
1816 2572 2050 2637 homini,

485 2665 731 2732 inquam,
769 2659 1031 2715 transitus
1085 2671 1233 2716 motu
1268 2661 1336 2715 ad
1391 2661 1511 2716 loca
1556 2662 1915 2731 permutanda
1976 2663 2056 2716 uti

484 2767 624 2824 opus
682 2750 890 2815 fuerat;
919 2751 1166 2819 quaedam
1226 2765 1350 2806 ossa
1413 2765 1545 2806 cava
1574 2793 1588 2816 ,
1626 2752 1882 2806 nonnulla
1932 2767 2056 2822 pro-

484 2842 757 2898 minentiis
811 2841 1054 2910 praedita.
1081 2857 1204 2912 quae
1254 2843 1308 2896 in
1368 2857 1498 2897 cava
1547 2843 1664 2912 ipsa
1714 2843 2060 2912 ingrederen-

484 2945 572 2991 tur
603 2933 698 2989 Dei
719 2933 1056 3004 providentia
1086 2934 1386 2998 constituit,
1418 2948 1527 3004 quo
1557 2934 1836 3004 quodlibet
1866 2949 1928 2990 os
1961 2937 2062 2988 hu-

2155 2577 2276 2632 δυία
2308 2579 2417 2648 γὰρ
2443 2578 2523 2631 ὅτι
2552 2579 2616 2631 τὸ
2648 2577 2786 2642 ζῶον
2811 2577 2973 2632 τοῦτο
3002 2581 3031 2632 ὁ
3056 2579 3342 2650 ἄνθρωπος
3377 2584 3446 2652 τῇ
3495 2579 3708 2651 μεταϐα-

2153 2669 2282 2737 τικῇ
2325 2669 2534 2738 κινήσει
2577 2667 2772 2738 ἔμελλε
2813 2669 3086 2740 χρᾶσθαι,
3113 2673 3178 2740 τῇ
3225 2671 3334 2724 ἀπὸ
3373 2674 3539 2725 τόπου
3561 2673 3602 2705 ³⁸
3629 2672 3707 2725 ἐπὶ

2154 2758 2339 2825 τόπον,
2369 2759 2435 2812 τὰ
2467 2760 2565 2830 μὲν
2591 2760 2700 2814 τῶν
2723 2761 2896 2814 ὀστῶν
2925 2763 3081 2814 κοῖλα
3105 2763 3352 2832 ἐποίησε·
3389 2768 3502 2827 τοῖς
3529 2765 3580 2817 δὲ
3609 2765 3713 2827 ἑξο-

2159 2848 2259 2916 χὰς
2289 2850 2601 2922 εἰργάσατο·
2637 2848 2986 2920 ἐμϐάλλουσα
3008 2851 3051 2882 ³⁷
3079 2851 3252 2913 αὑτὰς
3274 2855 3355 2916 εἰς
3379 2853 3481 2916 τὰς
3508 2854 3608 2906 τῶν
3627 2853 3710 2908 ἄλ-

2159 2941 2267 2995 λων
2290 2941 2629 3010 κοιλότητας·
2659 2942 2746 2996 ἵνα
2771 2946 2900 3014 περὶ
2921 2943 3092 3007 αὐτάς
3110 2945 3154 2978 ³⁸
3186 2945 3414 3015 ποιῆται
3433 2944 3712 3016 τηνικαῦτα
3825 3004 3831 3010 ,

478 3003 735 3095 jusmodi
757 3021 1003 3075 ordinem
1041 3023 1318 3086 sortitum,
1351 3003 1629 3078 decentem
1683 3033 1890 3078 motum
1935 3040 2051 3093 per-

2161 3031 2259 3102 τὴν
2313 3003 2560 3102 κίνησιν·
2591 3003 2887 3104 ἡπεριέδησέ
2924 3051 2984 3088 τε
3027 3003 3201 3089 ταῦτα
3241 3003 3594 3108 σύνδεσμοῖς,
3630 3037 3711 3089 καὶ

483 3124 706 3185 ageret;
738 3121 798 3166 ut
831 3125 962 3166 vero
989 3122 1171 3168 motus
1205 3128 1434 3168 securus
1485 3113 1668 3177 fleret,
1722 3115 1836 3169 haec
1868 3115 2054 3170 omnia

484 3205 799 3278 ligamentis
828 3213 883 3260 et
933 3203 1146 3273 laqueis
1183 3203 1508 3274 quibusdam
1551 3219 1673 3273 qua:
1717 3205 1932 3275 ᾶμωνες
1985 3207 2055 3260 ab

483 3296 596 3353 illis
619 3297 858 3352 exterius
890 3293 1154 3361 devinxit,
1186 3293 1401 3364 ᾶμωνες
1451 3303 1631 3348 autem
1676 3297 1916 3350 exterius
1954 3310 2054 3365 po-

487 3388 608 3442 sitas
647 3385 1028 3456 prominentia
1056 3392 1208 3447 sunt,
1239 3398 1361 3452 qua:
1386 3397 1485 3454 pro
1512 3399 1763 3448 numero,
1799 3385 1865 3439 ad
1897 3400 2056 3439 exar-

487 3480 832 3535 ticulationes
875 3474 1205 3532 coercendas
1253 3473 1582 3528 consistunt.
1635 3471 1854 3529 Similes
1887 3489 2055 3542 quas-

485 3571 608 3624 dam
663 3568 875 3624 ferrarii
944 3565 1166 3637 opiﬁces
1235 3565 1302 3618 ad
1372 3565 1560 3634 jugem
1624 3574 2056 3634 perpetuumque

483 3671 764 3724 valvarum
805 3675 1014 3722 motum
1063 3664 1195 3720 ferri
1238 3677 1533 3734 compages
1579 3663 1840 3734 levigatas
1874 3663 2055 3718 moliri

487 3760 685 3814 solent.
712 3757 1004 3813 Femorum
1047 3756 1212 3822 igitur
1243 3753 1626 3818 rotunditates,
1665 3769 1787 3824 quae
1813 3755 1879 3809 ad
1901 3763 2056 3810 nates

486 3848 784 3905 eireulares
819 3857 967 3912 sunt,
990 3863 1128 3916 quas
1146 3846 1404 3916 γλουτοὺς
1437 3845 1645 3908 dicunt,
1674 3846 1914 3915 ipsorum
1939 3860 2058 3901 mo-

491 3953 606 3997 tttm
645 3948 835 3995 natura
883 3937 1040 4008 125
1087 3937 1390 3993 constituit.
1451 3933 1772 4006 Sphericum
1823 3951 2058 4006 namque

489 4033 622 4090 illud
655 4030 932 4086 femoralis
970 4029 1130 4092 ossis,
1166 4026 1410 4096 γλουτὸν,
1442 4026 1493 4080 id
1514 4035 1597 4081 est
1627 4037 1796 4091 nates,
1826 4042 1921 4081 seu
1947 4027 2059 4080 clu-

491 4137 605 4176 nem
648 4117 962 4189 appellant;
1014 4113 1069 4170 in"
1122 4115 1267 4185 quod
1321 4100 1502 4168 autem
1549 4112 1680 4166 illud
1735 4113 2056 4184 ingreditur,

492 4211 744 4282 κοτύλην,
790 4210 894 4264 hoc
931 4215 1017 4263 est
1062 4197 1395 4260 acetabulum
1447 4203 2058 4274 ῐιιιηουρειιιιεκοτύλην

490 4302 634 4356 enim
695 4298 783 4352 διὰ
835 4296 1151 4365 κοιλότητα,
1179 4295 1241 4348 ob
1283 4309 1397 4362 ejus
1427 4308 1707 4346 concavum
1757 4293 2054 4360 dixerunt;

489 4393 711 4462 γλουτὸν
736 4407 866 4446 vero
891 4431 907 4456 ,
941 4391 1011 4446 ob
1039 4389 1156 4444 leve
1203 4402 1268 4442 ac
1299 4387 1525 4442 ﬂuidum
1557 4387 1703 4457 quod
1734 4387 1788 4441 in
1828 4387 1946 4456 ipso
1977 4386 2060 4439 vi-

2160 3123 2272 3184 τοῖς
2316 3121 2422 3185 ἔξω
2451 3123 2766 3192 γενομένοις
2807 3123 3024 3194 ἄμωσιν
3049 3127 3115 3158 ³³·
3160 3126 3388 3196 ᾶμωνες
3409 3129 3457 3162 ⁸⁸
3499 3128 3556 3182 δέ
3590 3131 3714 3180 εἰσιν

2161 3209 2343 3282 έξοχαί
2369 3211 2412 3244 ¹⁵¹
2441 3229 2605 3278 τινες,
2634 3208 2746 3266 οἷον
2768 3215 2926 3284 τείχη
2957 3215 3238 3270 κωλύοντα
3255 3217 3302 3248 ⁸³
3325 3217 3432 3280 τὰς
3459 3217 3713 3289 ἐξαρθρὼ-

2162 3319 2276 3366 σεις
2319 3303 2584 3370 γίνεσθαι.
2629 3304 2802 3358 Τοῦτο
2843 3305 2900 3359 δὲ
2929 3308 2979 3360 οι
3016 3310 3254 3378 τεχνῖται
3274 3309 3320 3342 ⁸³
3354 3310 3601 3363 ποιοῦσιν
3636 3307 3716 3360 ἐπὶ

2159 3393 2269 3447 τῶν
2305 3395 2392 3448 ἀεὶ
2422 3395 2685 3450 κινεῖσθαι
2718 3397 3021 3467 μελλόντων
3049 3398 3250 3470 θυρῶν,
3281 3401 3557 3470 στροφέας
3584 3399 3716 3460 τινάς

2166 3483 2304 3553 μετὰ
2322 3484 2598 3554 λειότητος
2624 3489 3148 3552 κατασκευάζοντες·
3177 3489 3273 3560 τὴν
3295 3492 3609 3560 ἀεικίνητον
3622 3489 3716 3541 τῶν

2163 3572 2344 3644 θυρῶν
2393 3575 2633 3639 εὐκόλως
2682 3576 2970 3648 ἐνέργειαν
3021 3581 3440 3651 προνοούμενοι.
3484 3583 3566 3634 Τά
3603 3579 3718 3649 γοῦν

2162 3665 2268 3720 τῶν
2308 3666 2547 3720 κοτυλῶν
2600 3668 2991 3740 σφαιρώματα,
3039 3672 3207 3742 ἧγουν
3244 3674 3376 3736 τοὺς
3410 3673 3716 3742 λεγομένους

2163 3759 2475 3826 γλουτοὺς,
2493 3763 2612 3822 ταῖς
2646 3760 2897 3825 κοτύλαις
2932 3762 3269 3835 ὲνήρθρωσε·
3300 3764 3405 3836 τὴν
3435 3765 3530 3820 τοῦ
3563 3759 3716 3834 μηροῦ

2163 3849 2378 3920 κίνησιν
2411 3852 2805 3922 μηχανωμένη.
2837 3853 3100 3908 Γλουτοι
3124 3850 3216 3909 οὖν
3245 3855 3510 3925 λέγονται
3537 3855 3602 3909 τά
3624 3851 3716 3905 τῶν

2163 3937 2406 3990 κοτυλῶν
2446 3944 2813 4010 σφαιρώματα
2833 3958 2847 3974 ·
2879 3943 3105 3998 κοτύλαι
3135 3945 3191 3998 δὲ
3215 3947 3349 3999 ὅπου
3379 3947 3647 4016 ἔγκεινται
3668 3941 3716 3994 αἱ

2165 4029 2398 4101 κεφαλαὶ
2442 4030 2550 4084 τῶν
2597 4031 2804 4102 μηρῶν·
2858 4032 2945 4087 διὰ
2983 4034 3044 4086 δὲ
3086 4034 3186 4106 τὴν
3230 4039 3413 4091 ἐκεῖσε
3453 4039 3718 4106 κοιλότητα

2166 4123 2392 4188 κοτύλη
2433 4121 2660 4192 ἐκλήθη.
2706 4124 2770 4177 Οἱ
2809 4125 2868 4178 δὲ
2903 4125 3148 4193 γλουτοὶν,
3193 4129 3286 4183 διά
3313 4133 3611 4202 τρυφερίαν
3637 4131 3718 4184 καὶ

2166 4210 2442 4280 ὑγρότητα
2466 4252 2480 4274 ,
2511 4207 2625 4265 οἷον
2653 4214 2808 4282 γλυοί
2834 4216 2879 4249 ⁸³·
2911 4233 3058 4280 τινες
3099 4218 3252 4282 ὄντες
3271 4234 3286 4248 ·
3327 4222 3422 4274 καὶ
3451 4223 3558 4292 γὰρ
3591 4212 3716 4274 οὗτοι

2173 4301 2310 4368 μετά
2341 4301 2618 4372 λειότητος
2657 4305 2876 4376 ἔνυγροί
2903 4310 3043 4374 εἱσι,
3073 4309 3160 4363 διὰ
3188 4310 3287 4381 τὴν
3329 4311 3608 4382 εὐθύτητα
3636 4309 3714 4363 τοῦ

2169 4390 2498 4460 στρέφεσθαι
2528 4394 2620 4445 καὶ
2655 4395 2955 4460 κινεῖσθαι,
3000 4399 3252 4473 καθάπερ
3287 4403 3337 4455 οἱ
3384 4403 3713 4473 στρόφιγγες.

492 4487 651 4557 situr.
684 4483 964 4559 Circulare
993 4479 1264 4550 siquidem
1319 4478 1494 4547 ipsius
1528 4478 1670 4534 ossis
1696 4477 1920 4547 γλουτὸν
1950 4473 2051 4530 οἷοι

2168 4480 2342 4534 Τοῦτο
2362 4481 2472 4552 γάρ
2497 4483 2660 4553 ἔργον
2682 4485 2781 4555 τῆς
2804 4485 3210 4559 διαρθρώσεως.

492 4556 714 4647 γλουτόν
742 4590 861 4627 τινα
893 4572 1022 4624 ὄντα
1046 4570 1132 4623 διὰ
1154 4568 1442 4640 τριφέριαν
1472 4568 1566 4621 καὶ
1595 4569 1846 4640 λειότητα
1864 4607 1880 4633 ,
1912 4583 2051 4623 nunc

2155 4579 2250 4635 mt,
2304 4573 2458 4642 quasi
2511 4573 2573 4628 ob
2633 4577 2716 4629 sui
2743 4556 3002 4632 levitatem
3060 4581 3400 4652 politiemque
3457 4583 3714 4654 levigatam

492 4668 758 4742 quoddam
785 4667 875 4720 sit.
902 4663 1114 4718 Etenim
1147 4660 1458 4732 huiusmodi
1483 4674 1630 4725 ossa,
1663 4670 1859 4729 praeter
1886 4676 2050 4730 quam
2087 4662 2234 4730 quod
2286 4663 2424 4718 levia
2451 4673 2622 4732 sunt,
2659 4667 2824 4722 etiam
2852 4668 3074 4726 humida
3129 4672 3438 4741 habentur,
3463 4689 3590 4746 quo,
3619 4672 3712 4726 vcl-

495 4763 569 4816 uti
611 4769 888 4829 portarum
940 4754 1228 4820 cardines,
1275 4753 1410 4808 verti
1453 4753 1773 4823 moverique
1813 4752 2152 4808 commodius
2182 4766 2404 4823 queant.
2437 4755 2568 4812 Tale
2597 4759 2816 4829 quidem
2847 4762 3313 4820 dearticulationis
3327 4782 3467 4835 opus
3484 4778 3593 4823 est:

508 4843 516 4926 ’ν
560 4853 696 4922 Ejus
738 4849 936 4906 etenim
982 4846 1190 4918 species
1232 4855 1342 4902 tres
1367 4855 1524 4909 sunt,
1551 4845 1740 4908 altera,
1759 4859 1880 4914 quae
1903 4859 2051 4899 enar-

2235 4847 2367 4917 Εἴδη
2403 4848 2460 4901 δὲ
2487 4849 2655 4920 αὐτῆς
2679 4852 2826 4922 τρία.
2860 4853 2932 4905 Τὸ
2959 4853 3080 4923 μὲν,
3111 4855 3500 4924 ἐνὰρθρωσις,
3539 4860 3656 4910 ὅταν
3683 4854 3710 4921 ἡ

497 4943 716 5015 tlirosis,
736 4941 786 4996 id
809 4948 893 4996 est
910 4938 1293 5003 inarticulatio,
1318 4937 1537 5003 dicitur,
1559 4951 1683 4991 cum
1701 4951 1893 4991 cavum
1914 4937 2051 5005 quod

2167 4937 2416 5007 κοιλότης
2461 4941 2494 5010 ἡ
2538 4942 2912 5015 ὑποδεχομένη
2960 4945 3123 5014 βάθος
3173 4949 3354 5001 ἱκανὸν
3399 4949 3520 5020 ἔχῃ,
3563 4947 3712 5016 καὶὴ

495 5033 704 5102 subest,
732 5030 999 5102 profunda
1029 5039 1112 5084 est
1133 5028 1468 5084 concavitate
1496 5027 1804 5096 praeditum,
1832 5035 1885 5081 et
1902 5035 2051 5094 caput

2167 5030 2640 5096 ὲγκαταϐαίνουσα
2679 5035 2894 5106 κεφαλὴ
2933 5038 3226 5107 προμήκης
3268 5039 3513 5110 ὑπάρχῃ,
3548 5038 3710 5106 ὥσπερ

496 5121 643 5192 quod
673 5121 727 5174 in
757 5121 932 5190 ipsum
966 5117 1246 5174 descendit
1274 5116 1676 5187 longiusculum
1696 5116 1788 5179 sit,
1808 5117 2051 5185 quemad-

2169 5121 2202 5188 ἡ
2231 5121 2439 5192 κεφαλὴ
2465 5122 2558 5175 τοῦ
2590 5126 2764 5194 μηροῦ
2796 5127 2891 5180 καὶ
2923 5128 2956 5197 ἡ
2996 5129 3215 5199 κοτύλη.
3255 5129 3628 5198 Ἀρθρωσις⁸³
3647 5127 3707 5187 δὲ.

496 5212 719 5269 modum
751 5211 808 5265 in
829 5209 1005 5279 capite
1029 5207 1297 5264 femorum
1317 5247 1332 5270 ,
1371 5216 1426 5262 et
1452 5207 1507 5260 in
1548 5205 1831 5261 acetabulo
1860 5221 2051 5262 coxen-

2168 5212 2296 5266 ὅταν
2335 5216 2370 5283 ή
2393 5214 2639 5284 κοιλότης
2663 5217 2978 5282 ἐπιπόλαιος
3001 5215 3057 5291 ᾖ,
3087 5220 3122 5290 ἦ
3146 5237 3201 5272 τε
3228 5221 3438 5291 κεφαλὴ
3471 5209 3729 5293 ταπεινὴ

559 5417 610 5496 ξ¹
647 5415 786 5486 αὕτη
844 5416 906 5469 Β.
983 5417 1026 5447 δ’
1054 5417 1244 5514 ’ἒίὶχεὶρ
1296 5417 1376 5484 ἐχ.
1411 5416 1588 5486 ὲνεργ.
1624 5416 1684 5470 Β.
1759 5417 1803 5448 ³³
1843 5415 1981 5485 αὕτη
2014 5417 2074 5472 Β.
2153 5417 2197 5448 ³³
2224 5419 2503 5482 έλλειποῦς
2531 5419 2590 5472 Β.
2669 5421 2713 5452 ³⁸
2737 5421 2936 5474 δέδωκε
2959 5421 3020 5475 Β.
3096 5423 3141 5454 ³⁸
3164 5423 3326 5475 τόπον
3347 5422 3408 5476 Β.
3487 5423 3531 5454 ³⁷
3559 5413 3706 5487 ἐμϐα-

559 5503 656 5514 ιι--
691 5485 727 5514 ιι
825 5486 869 5514 88
898 5485 1033 5514 ..Λ-ἒ-
1229 5487 1248 5514 ν
1278 5485 1532 5514 ﬂuunt...“
1581 5485 1615 5514 Ιὶ
1717 5486 1962 5514 ιηίῗιιρη.
1995 5487 2033 5514 l‘
2133 5487 2176 5514 ιο
2205 5488 2340 5514 ιη...
2361 5507 2464 5514 ...--
2493 5492 2530 5514 1)
2591 5491 2715 5514 lue-
2735 5507 2837 5514 μ.--
2858 5494 2896 5514 1‘
2994 5495 3050 5514 LI.
3075 5491 3267 5514 1:---_._\
3296 5491 3335 5514 ι’)
3434 5491 3481 5514 ιι
3504 5486 3706 5514 ---ιὶέωιη

499 5461 670 5562 λοῦσεὶ
690 5461 1035 5562 337330155
1060 5461 1248 5562 VI"
1277 5461 1559 5562 δῖιῖἐιιῖέέιῗῖ
1576 5461 1684 5562 ἒῗ
1714 5461 2074 5562 ἀμβιὲἓέῗᾷ
2133 5487 2178 5562 ‘3
2202 5461 2938 5561 ᾰιὲἑὶὶόὗέξύἷ’ἀμδωῖἶεῖς“ὶῖῖ
2959 5461 3408 5562 νεικὲξωῖσὶῖὁῗ⁹
3434 5491 3482 5538 ··
3504 5461 3707 5550 alio}

498 5557 586 5616 τις
616 5555 685 5608 Δ.
760 5554 807 5585 ⁸³
834 5555 929 5607 καὶ
987 5556 1035 5606 οἱ
1082 5571 1132 5608 τ.
1172 5553 1232 5606 Β.
1313 5559 1356 5585 ⁸·
1387 5554 1559 5622 γλοιοί
1590 5554 1653 5610 Ρ.
1756 5553 1802 5587 λδ
1831 5554 2104 5627 ἀρθρωδία
2142 5555 2202 5611 Β,
2243 5553 2252 5558 ’
2286 5553 2297 5558 “
2449 5553 2455 5556 ⁷
2540 5553 2548 5556 ’
2625 5553 2637 5561 '
2798 5553 2827 5554 "
3116 5553 3154 5578 κ
3182 5553 3212 5562 ’·
3309 5562 3312 5565 -
3463 5579 3470 5584 .
