3944 6152
278 340 412 397 ιεοι

1506 341 1603 400 DE
1628 341 1923 399 NATURA
1967 341 2272 399 HOMINIS.

3402 340 3556 396 1962

277 449 466 525 ὥσπερ
494 440 537 524 ή
572 452 667 537 τοῦ
696 452 987 526 βραχίονος
1020 456 1155 524 πρὸς
1193 451 1294 522 τὴν
1327 444 1665 526 ὠμοπλάτην
1682 457 1751 511 ⁸⁸.
1791 458 1866 511 Τὸ

1993 454 2152 511 lieum
2193 454 2411 510 visitur.
2445 452 2629 510 Altera
2654 468 2782 510 vero
2811 440 3287 529 dearticulationis.
3312 454 3558 523 species,

279 540 336 594 δὲ
368 541 556 610 τρίτον
580 536 723 604 εἶδος
758 543 858 611 τῆς
886 542 1272 614 διαρθρώσεως
1303 546 1658 613 γιγγλισμὸς
1701 546 1864 617 λέγε-

1970 548 2270 609 arthmdia,
2292 545 2344 600 id
2363 555 2445 601 est
2473 545 2781 601 articulatio
2801 545 3067 608 dicitur,a
3103 545 3276 614 prima
3308 544 3546 608 diversa,

279 646 391 683 ται·
427 630 641 698 γίνεται
677 632 735 685 δὲ
767 631 876 686 τῶν
921 633 1375 702 συνταττομένων
1408 634 1662 707 ἀλλήλοις
1692 636 1866 690 ὀστῶν

1993 654 2091 710 [υἱὲ
2135 638 2220 705 fit,
2258 653 2382 692 eum
2418 639 2734 692 concavitas
2763 637 2817 691 in
2857 637 2999 692 ossis
3038 634 3417 690 tantummodo
3452 649 3548 689 su-

280 722 790 790 ἀντεμῆαινόντων,
850 723 1106 797 καθάπερ
1162 723 1255 778 ἐπε
1294 741 1354 778 τε
1395 725 1505 780 τῶν
1554 727 1867 781 σπονδύλων

281 812 420 882 ἔχει,
452 813 548 866 καὶ
587 815 688 884 τῆς
713 814 810 868 τοῦ
847 817 1068 893 πήχεως
1099 818 1236 888 πρὸς
1267 816 1361 871 τὸν
1408 817 1672 890 βραχίονα
1714 818 1867 889 διαρ-

282 903 561 974 θρώσεως.
592 905 675 960 Τά
716 907 775 961 δὲ
805 907 1174 978 σφαιρὼματα
1205 908 1381 963 ταῦτα
1402 949 1418 974 ,
1461 909 1593 963 ποτὲ
1640 910 1739 980 μὲν
1770 928 1871 964 κα-

285 993 458 1047 λεῖται
493 995 769 1064 κεφαλὴ,
805 997 938 1051 ποτὲ
975 998 1033 1051 δὲ
1074 1000 1307 1072 αὐχὴν,
1346 1002 1478 1054 ποτὲ
1516 1000 1573 1055 δὲ
1610 1000 1865 1070 κορώνη,

286 1084 418 1136 ποτὲ
448 1085 505 1139 δὲ
533 1088 812 1155 γλουτός.
859 1088 925 1142 Αἱ
967 1089 1024 1143 δὲ
1072 1090 1385 1162 κοιλότητες
1437 1092 1569 1145 ποτὶ
1627 1092 1727 1162 μὲν
1773 1109 1871 1146 κο-

288 1173 441 1241 τύλη
463 1211 478 1236 ,
508 1175 641 1228 ποτὲ
673 1175 731 1228 δὲ
762 1176 981 1247 γλήνην
1015 1180 1111 1232 καὶ
1142 1178 1289 1234 ἔστιν
1320 1182 1354 1252 ή
1394 1179 1495 1251 μὲν
1531 1181 1735 1253 κοτύλη
1771 1182 1869 1252 βα-

285 1259 431 1323 θεῖα,
464 1263 498 1333 ή
526 1261 584 1315 δὲ
615 1264 787 1335 γλήνη
820 1266 1088 1338 δπιπολῆς
1107 1267 1174 1319 ⁸⁷.

1969 729 2190 802 perficis
2223 737 2340 797 est,
2379 722 2543 798 caput
2576 743 2705 783 vero
2748 716 3068 797 depressum
3113 725 3440 789 admodum,
3487 732 3549 778 ut

1970 822 2029 877 in
2094 820 2305 876 brachii
2354 818 2668 890 iuncturis,
2714 834 2839 875 cum
2890 817 3129 887 scapulis
3174 831 3398 873 cernere
3437 824 3546 872 est.

1975 912 2162 969 Tertia
2189 929 2321 968 vero
2357 912 2477 983 ejus
2523 910 2732 982 species
2775 918 2892 978 est,
2947 925 3114 981 quam
3163 908 3549 981 ginglismum.

1976 1005 2028 1060 id
2054 1014 2136 1060 est
2163 1002 2549 1060 cohaerentiam
2596 1003 2819 1067 dicunt;
2854 1002 2970 1058 lucc
3009 1015 3246 1070 namque
3274 990 3394 1065 'est,
3425 1015 3563 1059 cum

1975 1095 2205 1152 alterum
2236 1111 2298 1151 os
2331 1111 2397 1150 ex
2424 1093 2652 1149 adverso
2683 1093 2737 1147 in
2766 1091 2994 1147 alterum
3024 1090 3554 1162 ingreditur,quem—

1977 1187 2269 1243 admodum
2303 1185 2357 1240 in
2404 1185 2574 1255 spina:
2632 1184 2901 1240 vertebris
2938 1197 2992 1239 et
3043 1184 3213 1240 cubiti
3261 1198 3387 1238 cum
3431 1181 3556 1237 bra-

1977 1277 2085 1333 chii
2110 1276 2562 1332 dearticulatione
2594 1275 2860 1330 cernitur.
2888 1274 2984 1330 Hae
3011 1289 3144 1330 vero
3171 1273 3561 1334 rotunditales.

290 1365 692 1424 nonnunquam
730 1358 927 1427 capitis
967 1359 1224 1425 nomine,
1270 1361 1568 1432 aliquando
1601 1367 1869 1429 cervicis,
1926 1369 2255 1438 quandoque
2283 1382 2540 1431 corones,
2590 1366 2917 1437 plerumque
2952 1381 3087 1420 vero
3111 1364 3400 1435 spherulze
3416 1379 3556 1442 nun;-

291 1450 581 1510 cupantur.
617 1445 687 1500 At
710 1447 917 1502 ossium
961 1450 1328 1507 concavitates
1375 1453 1706 1522 quandoque
1762 1457 2065 1526 acetabula,
2132 1458 2461 1527 quandoque
2486 1457 2678 1527 glenae,
2710 1456 2813 1512 hoc
2849 1464 2935 1512 est
2964 1457 3111 1511 leves
3151 1455 3563 1521 concavitates,

292 1533 553 1602 appellari
573 1535 769 1591 solent.
788 1536 920 1604 Qua:
941 1539 1043 1594 sub
1073 1541 1339 1596 acetabuli
1386 1558 1585 1599 nomen
1614 1546 1834 1606 cadunt,
1855 1553 1910 1601 et
1935 1548 2059 1616 qua:
2085 1547 2285 1618 κοτύλη
2336 1546 2616 1612 dicuntur,
2652 1544 3040 1617 profundiores
3068 1553 3231 1609 sunt,
3268 1558 3393 1614 qua:
3429 1557 3563 1599 vero

293 1628 640 1696 superﬁciem
672 1631 806 1688 levis
840 1635 1199 1691 concavitatis
1253 1636 1471 1705 habent,
1498 1640 1688 1710 glenas
1710 1639 1986 1696 dictitant.

296 1846 300 1850 Δ
367 1765 439 1817 Τὸ
466 1762 559 1818 οὖν
586 1765 681 1820 τοῦ
716 1770 892 1840 μηροῦ
923 1772 1136 1839 ὀστοῦν,
1162 1774 1374 1830 ἔνεστιν
1399 1775 1591 1850 ῶσπερ
1617 1778 1715 1833 καὶ
1744 1777 1808 1832 τὺ
1827 1777 1867 1811 ⁸⁸

2044 1776 2120 1834 Os
2176 1775 2444 1847 siquidem
2508 1773 3101 1841 femoris,maximum
3159 1769 3404 1825 omnium
3437 1783 3560 1843 quae

294 1857 390 1910 τοῦ
418 1858 724 1928 βραχίονος·
756 1861 1018 1931 μέγιστον
1043 1864 1100 1918 δέ
1130 1866 1280 1919 ἐστιν
1308 1868 1570 1922 ἀπάντων
1592 1868 1703 1921 τῶν
1735 1869 1867 1923 κατᾶ

1993 1871 2036 1923 in
2071 1868 2292 1924 homine
2325 1874 2456 1922 sunt
2484 1866 2691 1921 ossium
2737 1864 2989 1927 habetur,
3021 1860 3169 1931 quod
3199 1860 3419 1930 quidem
3463 1873 3557 1915 su-

296 1947 358 1997 τὺ
384 1946 524 2009 ζῶον
570 1948 744 2003 ὀστῶν
767 1953 834 1984 υ·
892 1952 1247 2026 διαρθροῦται
1299 1957 1358 2011 δὲ
1407 1958 1520 2013 ἄνω
1572 1959 1693 2030 μὲν,
1742 1960 1867 2031 πρὸς

1993 1976 2150 2030 perne
2199 1973 2324 2013 cum
2373 1959 2629 2028 pectine,
2675 1964 2731 2011 et
2760 1953 3189 2016 coxendicibus,
3234 1949 3375 2004 infra
3407 1963 3557 2012 vero,

301 2038 469 2108 ἰσχίον
499 2040 596 2093 καὶ
627 2040 897 2111 βουϐῶνα,
924 2045 1076 2098 κάτω
1102 2044 1348 2119 δὲ,’πρὸς
1371 2049 1470 2120 τὴν
1502 2052 1738 2120 κνήμην.
1770 2051 1867 2103 Kal

1993 2064 2107 2107 cum
2164 2049 2297 2105 tibia
2337 2047 2755 2104 dearticnlatnr.
2794 2045 2910 2101 Hoc
2949 2043 3218 2115 siquidem
3253 2055 3337 2106 os,
3370 2039 3426 2094 in
3467 2054 3562 2095 sta--

296 2129 411 2199 εχει
431 2130 542 2184 ἀνω
567 2133 685 2203 μὲν,
709 2135 971 2204 ἐπίφυσιν
989 2138 1236 2208 κεφαλῆς
1257 2139 1503 2211 ἀκριϐῶς
1524 2142 1867 2213 περιφεροῦς.

1993 2132 2187 2212 periori
2215 2146 2400 2209 parte,
2444 2138 2499 2193 in
2530 2147 2693 2208 caput
2723 2144 2914 2191 exacte
2940 2132 3306 2190 orbiculatum
3338 2130 3560 2196 desinit,

298 2220 457 2307 κάτω
491 2222 549 2276 δὲ
592 2225 675 2289 εἰς
717 2224 812 2280 δύο
859 2228 1155 2294 κονδύλους
1194 2231 1450 2304 τελευτᾷ*
1483 2237 1578 2287 καὶ
1612 2235 1867 2289 συνδεῖται

1993 2233 2126 2289 infra
2154 2246 2303 2297 vero,
2337 2232 2393 2286 in
2425 2230 2702 2299 geminum
2737 2227 3079 2283 tuberculum
3106 2225 3318 2281 linitur.
3350 2221 3561 2277 Etcum

300 2313 438 2383 πρὸς
484 2314 586 2385 τὴν
631 2318 884 2389 κνήμην,
935 2322 995 2374 ού
1051 2323 1142 2376 διά
1203 2324 1313 2377 τῶν
1363 2324 1654 2395 ύμενωδῶν
1720 2329 1867 2398 μόνω

1993 2327 2139 2392 tibia,
2176 2323 2487 2379 ηοιωιιοάο
2513 2319 2883 2377 membraneis
2908 2318 3071 2388 120
3089 2312 3416 2387 ligamentis,
3440 2325 3562 2381 qua:

296 2407 619 2490 συνδέσμων
668 2410 778 2465 τῶν
819 2414 878 2465 ὲν
929 2412 1118 2484 κύκλῳ
1169 2416 1348 2468 πᾶσαν
1408 2416 1741 2490 διάρθρωσιν
1787 2436 1867 2474 πει

1993 2403 2173 2474 ιοιοιιι
2205 2414 2709 2473 dearticulationem
2754 2409 3011 2468 circulari
3078 2406 3272 2462 ordine
3320 2402 3564 2472 comple»

306 2498 695 2568 ριειληφότων,
736 2501 873 2560 ἀλλά
935 2506 1030 2557 καὶ
1069 2504 1136 2560 δι’
1183 2505 1357 2561 ἄλλων
1378 2508 1423 2540 ³ο
1471 2510 1637 2579 τριῶν
1690 2528 1867 2583 στρογ-

1993 2518 2230 2573 ctuntur,
2260 2508 2355 2563 sed
2386 2507 2454 2562 ad
2486 2522 2573 2569 ea,
2611 2505 2788 2560 tribus
2816 2502 2941 2558 aliis
2965 2499 3218 2556 rotundis
3242 2508 3297 2554 et
3324 2496 3563 2552 fortibus

306 2588 488 2656 γύλων
531 2589 627 2643 καὶ
671 2590 934 2649 δυνατῶν.
983 2596 1185 2664 Μηρὸς
1235 2597 1292 2651 δὲ
1353 2599 1603 2653 καλεῖται
1652 2601 1736 2655 ὃτι
1791 2619 1860 2673 με

1993 2598 2192 2668 alioqui
2224 2596 2553 2653 adneetitur.
2583 2593 2786 2650 Femur
2809 2607 2959 2657 vero,
2976 2591 3044 2645 ab
3067 2590 3203 2660 ipsis
3229 2587 3438 2660 μηροὺς
3457 2584 3566 2640 ἀπὸ

300 2679 523 2749 ’ρὲζεται
565 2681 686 2732 κατ’
741 2682 917 2735 έκεῖνο
969 2683 1030 2736 τὸ
1081 2685 1248 2756 μέρος
1297 2686 1360 2740 τδ
1411 2687 1611 2758 σῶμα’
1663 2691 1723 2743 τὸ
1777 2692 1867 2763 Val

1993 2688 2081 2743 τοῦ
2143 2686 2500 2761 μερίζεσθαι,
2561 2682 2700 2756 quod
2745 2682 2972 2736 dividere
3035 2680 3267 2749 faceret,
3320 2690 3447 2731 nam
3501 2689 3567 2730 ea

307 2767 418 2819 ἀπὸ
482 2766 578 2820 τοῦ
627 2769 901 2840 τραχήλου
964 2772 1140 2842 μῆκος
1159 2776 1203 2808 ⁸¹
1267 2776 1430 2847 μέχρι
1478 2777 1586 2830 τῶν
1639 2779 1856 2835 αἰδοίων

1993 2792 2140 2854 parte
2190 2794 2391 2851 corpus
2423 2786 2672 2834 nostrum
2723 2773 2977 2832 bifariam
3019 2769 3258 2827 divisum
3297 2764 3568 2851 conspici-

308 2856 496 2925 ὅλμος
527 2858 790 2950 ⁸καλεῖται
844 2862 932 2917 διὰ
976 2864 1077 2934 τὴν
1116 2866 1461 2938 εὐρυχωρίαν
1519 2868 1612 2923 τοῦ
1683 2872 1848 2925 τόπου

1993 2890 2098 2936 tur.
2142 2878 2388 2950 Spatium
2413 2892 2547 2933 vero
2569 2875 2713 2946 quod
2745 2890 2774 2928 a
2808 2872 2932 2930 colli
2970 2870 3171 2926 ﬁnibus
3211 2866 3279 2923 ad
3313 2854 3591 2936 pudenda'

309 2947 764 3039 ἀποκεκλιμένων
831 2953 941 3022 γάρ
1005 2951 1116 3005 τῶν
1196 2952 1396 3025 χειρῶν
1448 2954 1598 3027 ὅλμῳ
1668 2957 1845 3011 έοικεν

1993 2947 2195 3039 usque
2222 2966 2469 3022 defertur
2491 3004 2507 3031 ,
2556 2965 2646 3039 ob‘
2678 2963 2782 3017 loci
2821 2959 3164 3016 latitudinem
3201 2952 3566 3010 mortuarium

306 3037 427 3091 ἔστι
462 3038 519 3091 δὲ
557 3040 676 3102 ὅλος
720 3042 749 3093 ὀ
803 3043 976 3113 μηρὸς
1032 3042 1110 3112 τῷ
1149 3045 1390 3115 σχήματι
1416 3047 1485 3110 ",
1535 3047 1733 3119 κυρτὸς
1791 3047 1867 3119 μὲ·

1993 3066 2361 3130 nuncupatur.
2396 3056 2531 3112 Nam
2563 3056 2611 3111 si
2636 3034 2835 3110 manus
2863 3053 3175 3115 flectantur,
3210 3041 3455 3116 corporis
3477 3041 3568 3097 illa

311 3132 534 3222 ἐντοῖς
585 3133 777 3203 πρόσω
835 3135 930 3188 καὶ
989 3135 1094 3200 ἔξω
1122 3154 1134 3168 ·
1183 3137 1342 3207 σιμὸς
1373 3137 1431 3191 δὲ
1475 3140 1533 3193 ὲν
1570 3117 1683 3206 τοῖς
1710 3117 1867 3195 enica

1994 3166 2119 3222 pars
2154 3117 2247 3205 tali
2289 3150 2652 3205 instrumento
2680 3146 2877 3203 similis
2910 3147 2999 3202 sit.
3033 3141 3231 3199 Totum
3274 3148 3453 3215 autem
3491 3132 3569 3191 fe-

312 3221 407 3272 mi.
458 3221 626 3275 ἔνδον.
684 3224 1010 3295 ’Δποφύσεις
1047 3226 1101 3280 δὲ
1132 3227 1246 3298 ἔχει
1291 3228 1385 3282 δύο
1420 3232 1498 3293 εἰς
1538 3231 1705 3302 ἄκρον
1759 3249 1867 3303 μικι

1995 3221 2139 3305 mur,
2165 3241 2550 3306 exterioribus,
2584 3247 2637 3294 et
2664 3228 3116 3308 qute‘anteriorcs
3146 3240 3277 3288 sunt
3302 3226 3567 3299 partibus,

316 3311 408 3380 ρὸν
478 3313 735 3368 ὑποκάτω
796 3316 891 3369 τοῦ
954 3318 1219 3389 αὐχένος⁹
1286 3319 1354 3385 ἃς
1414 3322 1866 3392 τροχαντῆρας⁸

1995 3331 2256 3386 devexam
2281 3330 2539 3400 exprimit
2565 3326 2801 3383 formam
2831 3346 2845 3383 :
2880 3327 2934 3380 in
2974 3325 3082 3379 illis
3112 3336 3265 3383 vero,
3293 3332 3416 3387 quae
3444 3329 3570 3383 pos-

315 3403 572 3458 καλοῦσι’
603 3407 785 3478 πολλῷ
817 3408 873 3462 δὲ
915 3409 1118 3481 μείζων
1155 3413 1188 3484 ή
1225 3412 1334 3468 ἔσω
1379 3416 1478 3486 τῆς
1511 3415 1713 3483 ἔξωθέν
1750 3420 1866 3470 ἐστι

1996 3424 2246 3486 tet-iores,
2277 3434 2329 3477 et
2359 3421 2646 3476 interiores
2677 3428 2826 3485 sunt,
2860 3419 3056 3474 simam
3087 3413 3352 3467 obtinent.
3382 3404 3569 3461 Genti.

315 3496 413 3548 καὶ
440 3500 474 3569 ἡ
515 3498 615 3568 μὲν
663 3500 803 3568 ἔσω,
834 3502 1165 3576 διήρθρωται
1212 3508 1291 3570 εἱς
1330 3506 1422 3563 τὸν
1467 3508 1738 3579 βουϐῶναο
1772 3509 1863 3579 ἠδ

1996 3530 2099 3568 nos
2128 3524 2306 3568 autem
2339 3527 2630 3583 processus
2656 3525 2875 3580 parvos,
2911 3523 2941 3562 a
2972 3506 3183 3562 cervice
3213 3500 3569 3558 declinantes,

316 3587 444 3651 ἔξω,
468 3591 548 3653 εἰς
573 3591 673 3662 τὴν
694 3593 950 3664 κοτύλην.

1999 3605 2198 3659 habere
2242 3603 2418 3658 femur
2471 3603 2733 3666 cernitur,
2771 3615 2911 3670 quos
2960 3597 3338 3652 trocbauteras
3388 3585 3574 3658 appel-

314 3678 452 3742 lant,
478 3695 543 3734 cx
570 3682 771 3749 quibus
800 3682 888 3737 ille
918 3683 1010 3753 qui
1043 3684 1268 3739 interior
1300 3694 1407 3749 est,
1434 3687 1571 3742 satis
1615 3688 1905 3743 admodum
1976 3692 2348 3761 magnitudine
2384 3692 2533 3746 illum
2600 3691 2696 3761 qui
2739 3697 2892 3745 extra
2933 3694 3018 3741 est
3055 3681 3296 3747 excedit,
3336 3687 3394 3735 et
3434 3676 3573 3732 inte-

315 3770 467 3835 rior,
517 3784 642 3824 eum
684 3773 897 3841 pectine
944 3774 1367 3842 dearticulatur,
1418 3776 1512 3846 qui
1560 3792 1692 3831 vero
1739 3787 1892 3833 extra
1925 3790 2027 3848 est,
2062 3784 2238 3857 cotyle
2293 3782 2577 3848 videlicet,
2649 3777 2994 3835 acetabulum
3061 3770 3163 3831 est.
3213 3770 3338 3827 Haec
3370 3768 3575 3838 itaque

317 3873 448 3920 sunt
476 3881 596 3936 quae
625 3866 762 3922 inter
788 3867 1012 3926 femoris
1043 3886 1167 3926 ossa
1201 3872 1647 3928 adnumerantur.

389 4009 470 4062 Τά
495 4008 550 4062 δὲ
578 4008 674 4062 τοῦ
712 4009 939 4074 σκέλους
976 4010 1113 4064 ὀστᾶ
1137 4010 1201 4075 ⁵⁸,
1236 4012 1295 4064 τὸ
1341 4012 1441 4082 μὲν
1478 4011 1536 4065 ἓν
1569 4013 1765 4082 κνήμη
1805 4013 1863 4066 λέ

2064 4010 2135 4064 At
2152 4024 2276 4079 quae
2307 4007 2485 4063 cruris
2523 4019 2649 4060 ossa
2675 4012 2823 4067 sunt,
2856 4000 3004 4055 intus
3038 4008 3091 4053 et
3122 4008 3307 4062 extra,
3343 3996 3573 4051 alterum

316 4113 498 4164 γεται,
519 4098 579 4151 τὸ
607 4098 663 4151 δὲ
693 4098 825 4152 ἄλλο
843 4100 888 4133 ⁸⁸
914 4101 1163 4168 περόνη.
1195 4102 1304 4153 Καὶ
1333 4101 1481 4154 ἔστιν
1515 4103 1547 4171 ή
1578 4103 1677 4172 μὲν
1708 4103 1867 4172 κνήμτ

1993 4101 2147 4166 tibia,
2202 4101 2433 4154 alterum
2476 4111 2604 4151 vero
2642 4109 2771 4151 sura
2819 4087 3133 4146 dicitur.'Et
3163 4087 3292 4142 tibia
3316 4086 3578 4156 quidem,L

319 4189 628 4258 ἔμπροσθεν
657 4192 754 4243 καὶ
788 4191 1001 4262 μεγάλη
1030 4194 1076 4224 ⁸⁵
1102 4210 1113 4222 ·
1144 4192 1322 4244 ὀπίσω
1371 4194 1427 4245 δὲ
1459 4195 1491 4264 ή
1526 4193 1733 4264 περόνη
1765 4194 1867 4247 ἀπο

1995 4193 2235 4249 anterior
2274 4205 2419 4261 pars,
2440 4198 2495 4244 et
2527 4203 2648 4258 quae
2708 4182 3082 4255 magnitudine
3137 4179 3323 4248 aliqua
3353 4176 3581 4247 praedita

315 4281 512 4333 δέουσα
537 4280 633 4350 τῆς
656 4283 873 4352 κνήμης
902 4284 994 4336 καὶ
1018 4283 1097 4353 τῷ
1128 4284 1293 4353 πάχει
1322 4284 1415 4336 καὶ
1439 4285 1515 4354 τῷ
1541 4286 1704 4356 μήκει
1729 4303 1741 4315 °
1776 4302 1867 4339 συν

1996 4291 2080 4338 est
2098 4290 2464 4350 nuncupatur.
2486 4280 2529 4332 A
2560 4276 2850 4348 posteriori
2872 4288 3002 4329 vero
3021 4278 3173 4341 parte
3193 4284 3323 4326 sura
3347 4275 3432 4324 est
3455 4281 3580 4337 quae

318 4370 621 4439 αρθροῦται
655 4372 713 4425 δὲ
752 4375 820 4443 τῇ
851 4373 1036 4444 κνήμῃ
1070 4374 1209 4445 πρὸς
1244 4376 1413 4444 ἄμφω
1458 4376 1527 4428 τὰ
1559 4374 1799 4448 πέρατα·’
1828 4395 1867 4430 τι

2004 4382 2115 4428 tum
2133 4370 2514 4433 crassitudine,
2529 4377 2640 4423 tum
2657 4370 2990 4434 longitudine
3005 4373 3149 4417 unum
3170 4359 3434 4416 concedit.
3452 4357 3579 4413 Haec

318 4464 375 4515 δὲ
407 4465 467 4514 ὲν
495 4462 572 4532 τῷ
603 4464 754 4533 μέσῳ
784 4466 1164 4534 ἀφεστήκασιν
1200 4466 1449 4537 ἀλλήλοις
1472 4468 1541 4521 ⁵⁷.
1588 4470 1698 4522 Καὶ
1727 4471 1759 4537 ή
1798 4471 1864 4539 μὲ

1996 4464 2265 4531 siquidem
2300 4476 2464 4523 ossa,
2509 4458 2724 4532 tametsi
2765 4465 3001 4523 utroque
3046 4458 3293 4507 extremo
3344 4450 3575 4505 invicem

321 4555 510 4625 κνήμη
561 4557 921 4610 συντέτακται
968 4557 1049 4629 τῷ
1102 4557 1297 4629 μηρῷ,
1344 4558 1592 4630 μεγάλην
1641 4560 1867 4627 ὲπίφυσι

1996 4561 2227 4617 coeant,
2264 4560 2502 4605 attamen
2538 4548 2718 4603 medio
2741 4545 2918 4615 spatio
2941 4544 3083 4598 inter
3117 4557 3176 4597 se
3204 4540 3575 4595 dirimuntur:

321 4644 525 4712 ἔχουσα
566 4645 709 4699 κατὰ
736 4647 798 4698 τὸ
832 4648 944 4701 ἄνω
993 4648 1165 4719 πέρας
1212 4648 1405 4718 αὐτῆς
1449 4650 1542 4703 καὶ
1583 4650 1867 4720 ὑποδέχετο

1999 4657 2124 4697 nam
2168 4641 2323 4705 tibia,
2365 4641 2422 4694 in
2459 4639 2811 4694 immodicam
2854 4633 3207 4705 appendicem
3234 4644 3577 4695 excrescens,

320 4736 414 4788 τὸν
450 4735 626 4806 μηρὸν
649 4736 741 4790 δύο
770 4738 1079 4809 κοιλότησιν
1116 4740 1290 4811 αὐτῆς
1319 4739 1690 4795 ἐπιϐαίνοντα.

2001 4732 2195 4788 femori
2230 4746 2261 4786 a
2294 4739 2449 4800 parte
2479 4730 2761 4799 superiore
2790 4727 3096 4796 copulatur,
3134 4729 3189 4776 et
3222 4720 3456 4792 geminis
3483 4735 3580 4776 ca-

550 4846 553 4847 '
977 4807 984 4809 ﬁ
1245 4807 1255 4811 ﬁ
2005 4823 2086 4876 vis
2119 4822 2297 4891 ipsum
2344 4818 2734 4888 superveniens
2781 4814 2964 4868 femur
3013 4807 3259 4878 suspicit.

409 4939 533 4993 Ἐπὶ
556 4940 611 4994 δὲ
641 4943 754 5004 τοῖς
786 4941 938 4994 κάτω
966 4939 1160 5010 μέρεσι
1185 4940 1405 5010 κνήμης
1429 4955 1489 4991 τε
1514 4938 1607 4990 καὶ
1631 4937 1863 5006 περόνης
1885 4974 1900 4999 ,
2074 4937 2157 4987 Ab
2205 4937 2461 4986 inferiore
2488 4943 2617 4985 vero
2648 4937 2791 4981 tibia!
2817 4937 2873 4981 et
2898 4938 3041 4980 surae
3075 4937 3403 4992 parte,tatus
3433 4937 3579 4972 com-

323 5035 354 5085 ὁ
390 5032 739 5102 ἀστράγαλος
788 5030 1282 5103 περιλαμϐάνεται.
1320 5030 1555 5098 Λέγεται
1600 5028 1656 5080 δὲ
1694 5027 1755 5080 τὸ
1784 5026 1867 5079 ὀλο

2006 5022 2361 5094 prehenditur
2396 5038 2411 5087 ;
2444 5026 2499 5074 et
2547 5019 2700 5089 pedis
2740 5015 2957 5087 quidem
2999 5020 3208 5068 tractus
3252 5015 3455 5072 omnis,
3489 5015 3582 5075 qui

331 5097 510 5193 μέρος*
532 5097 691 5176 τοῦτο
732 5123 842 5176 ἀπὸ
865 5097 1006 5176 ποῦ’
1030 5123 1256 5192 γόνατος
1285 5122 1389 5184 ἕως
1415 5097 1523 5173 τοῦ
1554 5118 1867 5188 ἀστραγάλο

2009 5131 2039 5169 a
2071 5131 2210 5185 genu
2261 5114 2326 5168 ad
2359 5113 2527 5167 talum
2560 5124 2737 5178 usque
2766 5106 3065 5167 descendit,
3094 5119 3122 5159 a
3158 5109 3311 5173 parte
3335 5097 3586 5153 videlicet

328 5189 530 5282 κνιῖμη
548 5254 562 5279 ,
596 5216 704 5269 ἀπὸ
747 5215 843 5268 τοῦ
870 5189 1231 5284 ὑπερέχοντος
1253 5213 1300 5244 ⁵⁸
1331 5211 1665 5283 ὀνομασθέν·
1698 5211 1822 5263 ὅσον
1849 5209 1867 5262 ἐ

2011 5206 2147 5259 alias
2163 5209 2544 5272 exsuperante,
2560 5201 2686 5253 tibia
2705 5202 3051 5265 nuncupatur
3074 5214 3088 5247 :
3109 5194 3267 5262 cujus
3287 5189 3503 5262 quidem
3522 5201 3584 5241 ea

328 5279 574 5377 ἀσαρκον
606 5306 772 5360 αὐτοῦ
801 5305 895 5359 καὶ
932 5279 1129 5357 λέ
1153 5346 1166 5370 ,
1200 5304 1258 5355 ἐν
1291 5307 1403 5367 τοῖς
1430 5279 1616 5373 πρόσω
1644 5301 1745 5370 τῆς
1776 5300 1867 5367 xvi

2014 5295 2192 5364 portio
2226 5294 2482 5355 anterior,
2514 5304 2636 5359 quae
2664 5287 2842 5342 carnis
2868 5299 3058 5352 expers
3096 5298 3159 5336 ae
3179 5282 3336 5336 exilis
3370 5279 3584 5337 visitur,

333 5374 479 5469 μης,
511 5397 905 5467 ἀντικνήμιον
936 5396 1262 5467 ὀνομάζεται
1284 5412 1297 5425 ·
1328 5396 1391 5448 τὸ
1420 5396 1464 5448 δ’
1501 5393 1726 5447 ὄπισθεν
1768 5408 1867 5461 μετ

2017 5383 2329 5440 antetibiale
2354 5382 2554 5437 dicitur
2581 5398 2594 5435 :
2627 5394 2749 5449 quae
2781 5391 2911 5432 vero
2928 5374 3197 5447 posterior
3225 5380 3330 5436 est,
3358 5382 3586 5440 magnos

2070 5556 2113 5588 ‘9
2141 5557 2284 5607 ἐστιν
2311 5556 2418 5606 τῶν
2461 5556 2599 5607 κατὰ
2641 5553 2702 5611 τὸ
2734 5551 2874 5615 ζῶον
2917 5554 3015 5604 ἀπ.
3046 5550 3161 5601 ὀττ.
3211 5548 3272 5602 Β.
3406 5545 3451 5577 ⁵ο
3497 5543 3584 5615 διὰ

2204 5624 2248 5655 ιτ
2278 5624 2405 5676 ιστά
2441 5626 2496 5678 ιι,
2603 5624 2644 5660 δυ
2674 5612 2832 5675 ἄλλον
2864 5622 2927 5677 Α.
3005 5621 3049 5652 ³⁸
3098 5619 3268 5688 ἐμπρσ
3305 5633 3430 5687 μεγ-
3482 5612 3587 5666 ἔσω

1569 5562 1615 5593 ’⁵⁸
1642 5561 1702 5613 τὸ
1735 5575 1843 5613 om.
1873 5557 1934 5609 Β.

1641 5632 1685 5661 ⁵³
1717 5629 1782 5691 ἂς
1817 5630 1912 5679 καὶ
1944 5644 2029 5696 τρ.
2066 5628 2126 5679 Β.

1406 5697 1449 5735 ⁵⁸
1480 5701 1820 5771 περιέχοντος
1854 5697 1911 5747 Β.

402 5571 448 5641 δ’
479 5569 813 5641 ὠμοπλάτινὲ
833 5565 891 5618 Β.
941 5636 973 5641 ,Α
1009 5565 1053 5641 :7
1080 5566 1372 5641 Agat-oni;
1400 5563 1458 5618 Β⁸

329 5640 507 5694 ἄλλων
530 5634 601 5694 Ἀ.
678 5641 719 5670 ⁸⁸
750 5635 911 5699 κῦτος
941 5636 980 5687 Β
1001 5636 1061 5688 C.
1138 5638 1181 5666 ⁸⁸
1208 5638 1264 5685 έν
1290 5652 1338 5686 τ.
1380 5651 1465 5699 σχ.
1507 5634 1563 5684 li.

332 5711 429 5764 καὶ
464 5709 568 5774 ἔξω
594 5709 632 5761 Β
662 5709 720 5762 Ρ.
800 5708 842 5737 ⁸⁷
898 5706 1142 5774 ἀλλήλων
1199 5704 1236 5755 Β
1268 5703 1326 5756 Ρ.

2074 4932 2157 4987 Ab
2205 4931 2461 4986 inferiore
2488 4943 2617 4985 vero
2648 4927 2791 4981 tibiae
2817 4934 2873 4981 et
2898 4920 3041 4980 surae
3075 4928 3247 4992 parte,
3261 4918 3403 4973 talus
3433 4930 3585 4972 com-
3680 4960 3691 4965 _
