3944 6152
333 297 474 358 1205

1573 289 1662 343 DE
1699 283 1986 343 NATURA
2021 282 2326 342 llOMlNlS.

3471 275 3606 334 1266

334 409 824 482 ἐξασφαλιζόμενοι
856 409 952 462 καὶ
982 406 1509 478 περιφυλάττοντες.
1559 405 1635 459 ού
1667 404 1778 475 γὰρ
1825 403 1921 474 μό-

2043 399 2196 454 :ulari
2245 398 2440 454 ordine
2480 396 2773 462 ambiunt,
2827 409 2950 474 quae
2995 393 3249 450 universa
3305 393 3604 450 roborandi

335 523 426 561 νον
474 502 606 575 περὶ
649 501 724 562 τά
778 499 960 572 ἄρθρα
1013 498 1185 568 αὐτῆς
1217 499 1252 568 ἡ
1306 495 1614 564 ἀσφάλεια,
1659 495 1797 549 ἀλλά
1828 494 1923 546 καὶ

335 595 676 666 πανταχόθεν
700 611 713 624 ·
753 593 824 647 τά
861 593 969 665 γὰρ
1000 591 1108 646 τῶν
1145 590 1312 661 ὤμων
1339 588 1436 642 καὶ
1466 586 1762 658 μασχαλῶν
1781 629 1794 649 ,
1828 586 1924 640 καὶ

337 687 446 742 τῶν
474 685 674 754 ιγνύων
703 683 799 737 καὶ
836 682 1087 753 σφυρῶν,
1115 681 1212 734 καὶ
1236 679 1419 734 πάντα
1445 679 1514 732 τὰ
1540 680 1605 732 ὲκ
1647 677 1800 748 μυῶν
1831 676 1926 729 καὶ

342 775 479 845 μετά
537 773 690 845 μυῶν
757 771 1059 840 κινούμενα
1114 769 1324 840 νεῦρα,
1389 766 1666 833 τένοντες
1728 766 1927 835 ὀνομά-

341 867 557 930 ζονται·
596 864 754 934 παρά
795 863 855 916 τὸ
892 864 1094 916 τείνειν
1131 863 1202 915 τὰ
1237 865 1405 932 μόρια
1439 859 1576 930 πρὸς
1606 858 1923 929 ἐνέργειαν·

341 959 424 1010 ὅτι
453 957 545 1008 καὶ
571 957 723 1026 τρεῖς
755 956 865 1008 εισι
897 953 1008 1006 τῶν
1030 951 1243 1023 νεύρων
1266 950 1556 1021 διαφοραί·
1592 949 1662 1002 τὰ
1692 948 1796 1018 μὲν
1819 946 1929 1018 γάρ

345 1049 402 1116 ἐξ
428 1049 737 1118 ἐγκεφάλου
766 1047 864 1101 καὶ
893 1048 1124 1099 νωτιαῖα
1151 1043 1438 1112 πεφυκότα
1462 1082 1478 1108 ,
1510 1042 1696 1109 νεῦρα
1725 1041 1930 1112 κυρίως

346 1139 850 1211 προσαγορεύοντες
885 1138 929 1171 ⁷⁷
950 1154 964 1169 ’
1001 1137 1070 1190 τά
1104 1136 1161 1189 δὲ
1193 1139 1256 1190 ὲκ
1299 1134 1452 1206 μυῶν
1502 1133 1780 1199 τένοντες
1801 1149 1814 1162 ·
1861 1133 1932 1186 τὰ

346 1231 404 1286 δὲ
434 1231 492 1299 ἑξ
541 1232 748 1294 ὀστῶν,
782 1229 1137 1298 σύνδεσμοι.
1203 1227 1263 1281 '0
1314 1227 1372 1279 δὲ
1433 1224 1532 1279 τοῦ
1583 1224 1928 1295 ἀστραγάλου

348 1323 510 1387 τόπος
542 1322 638 1375 καὶ
674 1319 876 1390 σφετρά
908 1319 1152 1386 λέγεται,
1189 1317 1342 1389 παρά
1369 1317 1430 1370 τὸ
1474 1315 1832 1386 συνεσφὶχθαι
1863 1315 1934 1368 τά

351 1413 529 1484 ἀρθρα
581 1417 648 1484 τῇ
701 1411 1006 1465 συνθέσει·
1039 1411 1138 1463 καὶ
1191 1403 1303 1462 οἷον
1362 1410 1569 1478 σφαῖρα
1596 1409 1708 1470 τοῖς
1754 1407 1934 1469 ὀστοῖς

354 1506 594 1568 καὶτοῖς
639 1503 856 1574 νεύροις
905 1501 1185 1572 πεπῆχθαι
1226 1500 1647 1569 ἀστράγαλος-⁸
1692 1497 1846 1570 παρὰ
1874 1499 1936 1552 τὸ

351 1595 604 1666 ἀστραϐῆ
635 1596 730 1648 καὶ⁵
771 1593 942 1664 ὀρθὴν
981 1592 1273 1663 φυλάττειν
1304 1591 1402 1661 τὴν
1434 1591 1593 1662 βάσιν
1622 1589 1717 1643 τοῦ
1750 1590 1931 1653 ποδός.

353 1685 560 1739 Κυκλοί
590 1686 646 1738 δὲ
676 1687 767 1739 τὸν
802 1685 1149 1756 ἀστράγαλον
1172 1683 1235 1736 τὸ
1266 1683 1618 1748 κυκλοειδὲς
1642 1681 1934 1752 λεγόμενον

351 1778 544 1831 ὀστοῦν
569 1795 583 1809 ·
625 1780 684 1831 έν
732 1770 778 1846 ᾧ
822 1776 884 1830 τὺ
922 1776 1218 1846 λεγόμενον
1253 1774 1483 1834 κότζῖον
1516 1773 1560 1806 ⁷⁸
1609 1774 1699 1828 διά
1743 1773 1930 1828 συνδέ-

355 1884 509 1938 σμων
542 1870 608 1939 τῇ
659 1868 868 1941 περόνῃ
905 1865 1330 1937 προσαρμοσθὲν
1360 1865 1507 1930 ἀνω,
1542 1864 1607 1919 τὺ
1651 1863 1933 1932 κυφοειδὲς

355 1958 600 2014 κάτωθεν
652 1959 1017 2026 ὑποκείμενον
1039 1959 1082 1990 ⁷³
1117 1957 1265 2028 ἔχει,
1319 1957 1417 2011 καὶ
1464 1956 1772 2014 συνδέδεται
1814 1957 1932 2025 μετ’

354 2049 521 2104 αὑτοῦ
555 2051 689 2117 πρὸς
716 2049 745 2103 ὃ
773 2052 806 2119 ἡ
841 2049 998 2119 βάσις
1022 2048 1130 2103 τῶν
1155 2047 1378 2118 σφυρῶν
1410 2048 1502 2101 καὶ
1531 2047 1633 2115 τῆς
1670 2047 1931 2118 πτέρνης.

352 2141 500 2213 Αὕτη
560 2141 671 2213 γὰρ
729 2141 1021 2195 ὑπόκειται
1073 2141 1172 2203 τὰς
1225 2139 1526 2210 ὀφρυὼδεις
1585 2138 1780 2209 ὲξοχάς
1834 2139 1934 2210 τῆς

355 2233 575 2303 κνήμης
599 2249 660 2285 τε
679 2232 775 2285 καὶ
798 2233 1055 2302 περόνης,
1089 2232 1184 2285 καὶ
1210 2232 1279 2285 τὰ
1308 2234 1580 2302 περιφερῆ
1610 2231 1702 2284 τοῦ
1726 2233 1932 2304 ἀστρα-

354 2324 524 2392 γάλου
572 2323 1086 2393 περιλαμϐάνουσα,
1129 2323 1222 2376 δύο
1265 2323 1419 2385 τινας
1469 2321 1662 2391 ἐξοχάς
1692 2324 1774 2386 εἰς
1816 2324 1937 2376 ἑπι-

353 2414 600 2486 τηδεῑους
643 2415 961 2487 κοιλότητας
994 2415 1287 2486 ἐναρμόζει
1307 2414 1374 2467 ⁸⁰.
1401 2415 1476 2468 Τὸ
1527 2414 1585 2467 δὲ
1619 2415 1936 2488 κατέμπρο-

366 2507 494 2559 σθεν
527 2506 688 2576 μέρος
707 2506 874 2577 αὐτῆς
896 2509 930 2577 ἡ
958 2508 1101 2578 ἀρχή
1126 2509 1246 2560 ἐστι
1268 2505 1365 2560 τοῦ
1389 2507 1682 2578 λεγομένου
1707 2511 1935 2581 ταρσοῦ.

358 2596 495 2650 Μετ’
523 2596 686 2651 αὐτὸν
718 2595 777 2649 δὲ
805 2596 1035 2667 ἄρχεται
1062 2597 1123 2650 τὸ
1155 2598 1370 2662 πεδίον,
1420 2600 1486 2655 ὲκ
1522 2598 1685 2652 πέντε
1716 2603 1938 2669 συγκει-

363 2702 527 2754 μενον
557 2686 733 2741 ὀστῶν
754 2705 770 2720 ο
803 2687 895 2756 ἀφ’
943 2683 1006 2742 οῦ
1035 2690 1082 2741 oi
1111 2690 1358 2743 κόνδυλος.
1386 2690 1494 2744 τῶν
1525 2691 1804 2748 δακτύλων
1839 2693 1940 2764 τὴν

363 2778 632 2848 ἁρμονίαν
685 2779 1080 2850 λαμϐάνοντες,
1113 2781 1206 2833 ἐπὶ
1234 2783 1306 2835 τὰ
1345 2783 1474 2846 τοὺς
1508 2784 1708 2854 ὄνυχας
1748 2784 1941 2854 ἔχοντα

363 2866 759 2934 μετακονδύλια
801 2867 1118 2923 τελευτῶσι.
1177 2869 1438 2923 Συνδοῦσι
1491 2871 1550 2924 δὲ
1591 2872 1692 2937 τάς
1734 2873 1940 2927 τούτων

360 2954 758 3027 διαρθρώσεις,
808 2957 1112 3029 ὐμενώδεις
1167 2960 1312 3022 τινὲς
1366 2960 1695 3032 σύνδεσμοιο
1740 2963 1839 3027 τὰς
1884 2963 1942 3016 δὲ

2030 490 2326 560 tuendique
2372 498 2553 544 motus
2603 487 2847 558 ipsorum
2900 485 3107 557 gratia,
3149 493 3439 556 procreata
3483 499 3606 540 esse

2029 573 2262 636 constat.
2294 578 2410 636 Non
2440 581 2588 634 enim
2619 578 2766 634 tendi
2801 577 2904 648 ipsi
2951 576 3195 633 articulis
3227 575 3608 632 tantummodo

2031 672 2343 727 securitatis
2393 686 2593 735 causa,
2640 669 2733 725 sed
2778 671 3032 726 omnibus
3080 669 3326 739 corporis
3357 667 3608 738 partibus

2032 762 2262 818 adhibiti
2295 772 2423 817 sunt
2456 783 2468 815 :
2501 763 2770 832 siquidem
2805 776 3038 827 nervos,
3088 760 3181 830 qui
3230 761 3285 814 in
3323 759 3566 815 humeris
3588 799 3604 822 .

2031 853 2157 917 alis,
2182 854 2500 924 poplitibus,
2532 852 2801 907 malleolis
2826 861 2880 906 et
2904 852 3116 907 cunctis
3141 850 3407 920 partibus,
3432 863 3553 920 quae
3575 864 3607 902 a

2032 947 2321 1010 musculis,
2354 960 2418 999 ac
2448 959 2553 998 una
2584 958 2706 998 cum
2739 941 3005 997 musculis
3045 952 3350 1006 moventur,
3389 941 3605 1003 tendos,

2033 1038 2177 1110 quod
2207 1038 2272 1093 ad
2298 1036 2542 1092 actiones
2570 1034 2899 1105 negotiaqne
2929 1033 3235 1104 peragenda
3253 1039 3436 1102 partes
3463 1031 3607 1100 ipsas

2033 1130 2376 1192 distendant,
2411 1125 2671 1196 appellari
2715 1133 2862 1180 recte
2900 1125 3073 1179 decet.
3114 1122 3417 1178 Nervorutn
3461 1121 3605 1175 enim

2034 1220 2231 1290 triplex
2257 1216 2563 1273 differentia
2593 1222 2679 1270 est
2707 1232 2720 1267 :
2756 1229 2879 1267 nam
2913 1213 3006 1284 qui
3037 1228 3068 1267 a
3100 1213 3324 1268 cerebro
3354 1225 3418 1265 ac
3459 1209 3606 1268 dorsi

2035 1309 2273 1364 medulla
2302 1307 2555 1360 oriuntur
2582 1301 2840 1372 peculiari
2870 1300 3089 1353 nomine
3132 1295 3282 1352 nervi
3329 1295 3611 1366 appellans

2036 1411 2128 1456 tur
2161 1419 2175 1455 :
2205 1408 2262 1453 at
2302 1397 2393 1468 qui
2427 1412 2459 1452 a
2495 1394 2762 1451 musculis
2807 1393 2994 1458 tendi;
3029 1392 3122 1448 sed
3153 1391 3246 1461 qui
3281 1390 3350 1446 ab
3395 1388 3634 1444 ossibus-

2036 1494 2360 1565 procedunt,
2393 1489 2702 1559 ligamenta.
2722 1487 2790 1548 At
2817 1485 2942 1541 talis
2959 1483 3113 1540 locus
3138 1491 3193 1537 et
3216 1481 3498 1547 malleolus
3525 1477 3612 1533 di-

2037 1585 2200 1647 citur,
2233 1581 2376 1652 quod
2402 1580 2479 1634 illi
2514 1576 2749 1650 σφυράν,
2778 1577 2872 1630 καὶ
2897 1572 3008 1629 οἷον
3041 1577 3276 1645 σφαῖραν
3315 1571 3612 1642 appellant,

2037 1675 2306 1745 quasique
2335 1671 2585 1736 membra
2610 1668 3009 1737 compositione
3041 1667 3381 1734 constringat
3400 1679 3463 1719 ac
3489 1679 3615 1726 ner;

2037 1768 2121 1824 vis
2157 1771 2441 1834 compacta
2478 1761 2693 1825 reddat.
2721 1759 2826 1814 Sed
2865 1759 3034 1813 talum
3077 1765 3132 1812 et
3158 1755 3500 1833 ἀστρῇαλον
3535 1751 3612 1813 illi

2039 1859 2312 1921 dictitant,
2337 1855 2424 1909 διὰ
2449 1852 2509 1906 τὸ
2535 1850 2803 1924 ἀστραϐῆ,
2838 1851 2933 1912 καὶ
2957 1848 3123 1922 ὀρθὴν
3148 1848 3435 1919 φυλάττειν
3461 1843 3615 1907 ποδὸς

2042 1946 2220 2018 βάσιν,
2251 1942 2389 2016 quod
2421 1942 2670 1998 videlicet
2695 1943 2841 2010 pedis
2867 1941 3037 1994 nostri
3064 1947 3264 2003 motum
3281 1977 3296 2000 ,
3328 1953 3390 1990 ne
3415 1936 3613 1994 distare

2041 2033 2211 2103 queri,
2236 2031 2324 2085 sed
2355 2037 2492 2084 recte
2533 2026 2808 2097 procedere
2843 2027 3006 2098 possit
3046 2033 3276 2093 tuentur.
3299 2023 3388 2088 ,Os
3432 2031 3615 2078 autem

2042 2123 2190 2196 quod
2219 2121 2526 2177 orbiculare
2549 2127 2919 2199 nuncupatur,
2951 2119 3118 2173 talum
3143 2117 3488 2178 circulariter
3509 2130 3639 2170 am-.

2042 2227 2154 2292 bit;
2186 2226 2241 2280 in
2264 2239 2374 2294 quo
2396 2221 2622 2291 κόκκυξ,
2650 2221 2949 2286 ossiculum
2976 2219 3247 2283 videlicet,
3273 2217 3420 2289 quod
3447 2231 3616 2272 cucu-

2044 2320 2131 2376 lus
2161 2317 2385 2379 dicitur,
2433 2329 2669 2385 superne
2705 2311 3017 2382 ligamentis
3047 2326 3172 2366 cum
3203 2320 3445 2365 extrema
3475 2322 3619 2363 sura:

2043 2419 2197 2483 parte
2233 2409 2608 2473 connectitur;
2643 2397 2698 2460 et
2725 2403 2870 2475 quod
2902 2403 3190 2474 gibbosum
3222 2404 3279 2456 in
3306 2415 3366 2457 se
3393 2409 3496 2464 est,
3534 2398 3620 2464 in,-

2045 2504 2127 2558 fra
2175 2500 2516 2571 suppositum
2568 2497 2760 2562 habet,
2792 2505 2848 2551 et
2876 2495 3163 2566 colligatur
3197 2508 3320 2548 cum
3355 2492 3495 2562 ipso,
3528 2491 3620 2555 ubi

2047 2593 2421 2650 malleolorum
2453 2599 2507 2646 et
2536 2588 2775 2647 calcanei
2809 2586 2954 2644 basis
3003 2595 3106 2642 est.
3144 2585 3447 2648 Calcaneus
3469 2597 3639 2647 vero,

2047 2681 2491 2756 superciliaribus
2519 2678 2924 2752 prominentiis,
2961 2675 3107 2732 tibiae
3138 2690 3391 2750 suraeque
3420 2688 3615 2746 suppoo.

2049 2786 2230 2849 uitur,
2299 2783 2459 2853 cujus
2513 2780 2850 2837 orbiculares
2905 2786 3089 2850 partes
3157 2775 3632 2848 comprehendunt

2047 2875 2186 2930 duas
2217 2874 2483 2943 quasdam
2511 2871 2608 2926 tali
2635 2865 3054 2941 prominentias,
3087 2883 3228 2940 quas
3279 2867 3338 2922 in
3369 2866 3624 2921 decentes

2048 2965 2417 3022 concavitates
2447 2962 2841 3018 accommodat.
2861 2959 3076 3016 Etenim
3107 2959 3351 3016 anterior
3382 2957 3624 3013 calcanei

362 3047 508 3101 κατά
536 3049 628 3102 τὸν
665 3050 1015 3120 ἀστράγαλον
1049 3051 1146 3104 καὶ
1184 3050 1286 3122 τὴν
1327 3053 1572 3123 πτέρναν
1593 3094 1608 3119 ,
1643 3053 1852 3123 ἰσχυροί
1880 3071 1933 3107 τε

2051 3071 2177 3128 pars
2209 3072 2240 3111 a
2281 3055 2434 3126 pedis
2463 3054 2674 3109 devexo
2714 3052 3042 3123 principium
3079 3051 3279 3117 habet;
3313 3058 3438 3121 post
3483 3049 3627 3102 hanc

362 3139 528 3202 πάνυ,
560 3142 654 3194 καὶ
674 3141 718 3174 ⁸⁸
749 3142 1094 3213 στρογγύλοι,
1128 3143 1223 3196 καὶ
1252 3145 1758 3217 νευροχονδρὼδεις.

2047 3157 2227 3205 autem
2259 3149 2481 3220 planum
2515 3147 2687 3218 pedis,
2715 3145 2863 3215 quod
2893 3144 2968 3199 illi
2993 3144 3174 3198 πεδίον
3208 3144 3418 3206 dicunt,
3441 3139 3626 3211 quinis

361 3229 616 3287 ossiculis
656 3233 1048 3299 constitutum,
1081 3233 1292 3304 incipit,
1325 3250 1355 3289 a
1403 3236 1606 3306 quibus
1670 3239 1964 3310 digitorum
2030 3241 2259 3308 surculi,
2315 3240 2371 3296 in
2422 3253 2633 3308 ungues
2680 3236 3139 3308 129.concordi
3200 3235 3435 3308 quadam
3485 3231 3626 3288 serie

364 3319 680 3378 desinentes
735 3324 1000 3394 originem
1062 3334 1290 3380 sumunt
1326 3345 1339 3381 :
1375 3336 1431 3382 at
1481 3329 1686 3385 surculi
1727 3332 1833 3402 ipsi
1887 3332 2120 3389 invicem
2169 3332 2537 3412 cartilagineis
2614 3330 2946 3401 quibusdam
3007 3329 3314 3401 ligamentis
3359 3327 3624 3394 copulan-

367 3425 474 3468 tur.
510 3414 828 3485 Ligamenta
888 3433 1056 3483 vero,
1089 3419 1289 3488 quibus
1329 3421 1476 3477 talus
1522 3423 1946 3497 calcaneumque
1977 3428 2314 3494 vinciuntur,
2368 3424 2535 3482 fortia
2591 3424 2886 3480 admodum
2953 3423 3394 3492 orbiculariaque
3464 3427 3624 3488 sunt,

365 3512 421 3557 et
459 3519 522 3558 ex
564 3506 811 3561 nervosis
855 3509 1264 3578 cartilaginibus
1307 3512 1747 3569 constitutionem
1803 3517 1998 3573 sortita
2029 3526 2181 3575 sunt.

443 3595 606 3649 Ἐστι
648 3597 756 3668 γάρ
799 3598 1032 3651 καθόλου
1087 3598 1182 3652 τοῦ
1220 3601 1380 3663 ποδὸς
1431 3603 1492 3656 ού
1531 3603 1691 3673 μόνον
1734 3606 1939 3677 συνάρο

367 3687 574 3757 θρωσις
620 3689 718 3743 καὶ
750 3689 1114 3762 διάρθρωσις,
1145 3691 1282 3745 ἀλλὰ
1316 3694 1411 3746 καὶ
1448 3694 1819 3766 συννεύρωσις
1845 3699 1941 3752 καὶ

368 3776 770 3847 συγχόνδρωσις
793 3796 809 3811 ο
845 3779 981 3834 πολὺ
1011 3780 1121 3850 γάρ
1151 3780 1300 3851 αύτῷ
1328 3783 1572 3853 ἀσφαλὲς
1600 3784 1756 3856 έδόθη
1774 3786 1818 3818 ⁸³
1852 3787 1942 3841 διά

365 3868 468 3938 τὴν
502 3868 634 3939 ὀχὴν
659 3870 782 3924 ὅλου
807 3872 902 3924 τοῦ
934 3871 1210 3941 σώματος,
1244 3873 1337 3926 καὶ
1363 3874 1454 3927 τὸν
1490 3875 1937 3947 ἀναϐασταγμδν,

366 3958 464 4014 καὶ
499 3959 598 4030 τὴν
626 3955 737 4015 οἷον
769 3963 1125 4033 ἐπικειμένην
1158 3963 1460 4035 βαρύτητα,
1501 3966 1596 4021 καὶ
1626 3965 1726 4030 τὰς
1749 3968 1942 4032 λοιπὰς

365 4051 650 4121 ἐνεργείας
680 4054 880 4116 πάσας.
905 4055 1138 4122 Λέγεται
1164 4057 1220 4109 δὲ
1251 4055 1426 4122 ποὺς,
1457 4057 1610 4128 παρά
1630 4058 1694 4112 τὸ
1728 4059 1942 4113 πεπαῦ-

368 4142 493 4196 σθαι
530 4143 640 4196 ἀπὸ
667 4145 762 4198 τοῦ
795 4145 920 4200 ὅλου
952 4147 1204 4218 σώματος
1233 4146 1278 4181 ⁸³
1302 4147 1334 4218 ἢ
1367 4149 1427 4202 τὸ
1450 4153 1624 4205 παῦον
1652 4151 1748 4204 καὶ
1776 4151 1941 4223 λῆγον

364 4231 460 4286 τοῦ
501 4233 776 4304 σώματος.
834 4239 1068 4306 Λέγεται
1110 4237 1167 4294 δὲ
1213 4241 1310 4294 καὶ
1365 4240 1560 4310 ῑχνος,
1611 4243 1762 4314 παρὰ
1799 4243 1860 4297 τὸ
1897 4244 1944 4276 ⁸⁵

2113 3607 2178 3662 Ει
2231 3621 2342 3676 quo
2404 3607 2656 3662 universa
2700 3606 2768 3662 de
2806 3605 2942 3676 pede
2989 3605 3264 3670 dicantur,
3297 3616 3407 3658 non
3463 3602 3626 3657 ode

2042 3699 2096 3752 in
2127 3699 2244 3767 ipso
2274 3697 2405 3766 pede
2443 3695 2654 3752 ossium
2697 3694 3020 3765 compositio
3066 3701 3184 3760 est,
3238 3707 3401 3763 quam
3430 3690 3623 3758 Graeci,

2044 3787 2414 3860 συνάρθρωσιν
2439 3827 2454 3849 .
2478 3787 2572 3841 καὶ
2632 3787 2980 3857 διάρθρωσιν,
3009 3786 3115 3842 hoc
3168 3791 3272 3847 est,
3303 3782 3627 3838 coartieula-

2043 3881 2235 3934 tionem
2267 3886 2316 3932 et
2346 3876 2842 3931 dearticulationem
2900 3875 3136 3942 dicunt;
3194 3887 3384 3930 verum
3437 3873 3627 3929 etiam.

2045 3992 2274 4032 nervosa
2317 3976 2776 4047 cartilagineaque
2818 3976 3126 4041 consertio,
3197 3975 3633 4044 cohaerentiath

2047 4069 2258 4134 visitur,
2277 4082 2439 4140 quam
2474 4069 2550 4124 illi
2568 4068 2952 4140 συννεύρωσιν,
2988 4068 3080 4123 καὶ
3111 4067 3508 4140 συγχόνδρωσιν
3533 4081 3630 4134 αντ

2049 4161 2268 4232 pellant.
2323 4161 2530 4231 Atqui,
2579 4161 2743 4232 pedes
2804 4161 2952 4230 ipsos
2994 4177 3103 4216 non
3162 4161 3378 4215 modico
3437 4158 3632 4214 robore

2051 4251 2399 4308 stabiliendos
2455 4267 2578 4308 esse
2647 4252 2924 4321 oportuit,
2977 4267 3087 4322 quo
3150 4252 3318 4307 totius
3387 4247 3632 4318 corporis

369 4326 543 4396 ἴσχειν
588 4331 681 4385 καὶ
710 4331 956 4403 συνέχειν
990 4334 1111 4388 ὅλον
1139 4336 1230 4389 τὸν
1273 4337 1413 4389 πόδα
1436 4353 1451 4368 ο
1483 4337 1516 4407 ἢ
1548 4337 1658 4391 ἀπὸ
1688 4339 1784 4392 τοῦ
1824 4337 1933 4392 ἀνέ-

2048 4340 2282 4397 ferendae
2323 4341 2450 4396 moli
2476 4383 2490 4408 ,
2517 4349 2572 4395 et
2618 4342 2780 4396 veluti
2831 4342 3114 4397 acclinatis
3159 4341 3261 4395 sibi
3303 4336 3634 4409 ponderibus

365 4420 560 4490 χεσθαι
596 4423 696 4492 τῆς
736 4425 859 4494 γῆς.
903 4426 960 4478 Ὀ
989 4426 1045 4480 δὲ
1078 4428 1298 4494 ταρσὸς
1328 4427 1417 4482 διά
1448 4429 1508 4481 τὸ
1538 4429 1704 4500 ξηρὸν
1730 4429 1826 4483 τοῦ
1859 4430 1947 4483 τό·

367 4531 470 4567 που
502 4515 594 4569 καὶ
623 4517 865 4586 ἄσαρκον
886 4516 1060 4581 οὕτως
1088 4519 1292 4588 ἐκλήθη
1319 4538 1332 4551 ·
1369 4520 1463 4573 καὶ
1500 4521 1748 4593 Ὄμηρος
1770 4523 1816 4554 ⁸⁸
1856 4540 1869 4553 ·

2053 4432 2398 4501 caeterisque,
2430 4445 2552 4501 quae
2584 4433 2884 4487 necessitas
2916 4431 3106 4501 exigit,
3138 4428 3460 4504 peragendis
3485 4468 3500 4493 ,
3534 4443 3630 4495 va;

2053 4520 2160 4575 lide
2189 4534 2254 4575 ac
2282 4518 2497 4576 fortiter
2521 4519 2860 4576 sulIicerent:
2885 4535 2980 4591 pes
3006 4521 3222 4590 quidem
3251 4519 3322 4575 ab
3343 4518 3479 4583 illis,
3497 4516 3632 4576 ποὺς

366 4602 518 4674 παρά
539 4604 600 4657 τὸ
627 4607 938 4660 πεπαῦσθαι
972 4608 1080 4661 ἀπὸ
1103 4609 1196 4662 τοῦ
1228 4610 1349 4663 ὅλου
1380 4610 1653 4681 σώματος.
1685 4612 1933 4682 quasiqul

2043 4628 2060 4664 ι
2094 4612 2212 4678 ipso
2251 4625 2279 4662 a
2333 4617 2449 4664 toto
2476 4625 2709 4680 corpore
2759 4621 3029 4668 cessatura
3047 4612 3136 4672 sit.
3155 4608 3253 4664 Vel
3272 4609 3416 4679 quod
3437 4605 3628 4672 παῦον,

365 4695 464 4750 καὶ
495 4695 659 4765 λῆγον
692 4697 786 4751 τοῦ
817 4697 1088 4768 σώματος,
1117 4702 1259 4770 quod
1297 4718 1424 4772 pars
1457 4703 1709 4759 videlicet
1768 4704 1874 4769 sit,
1910 4704 1925 4757 i

2043 4717 2183 4773 luam
2255 4716 2456 4770 corpus
2509 4703 2725 4758 desinat
2795 4702 3177 4770 lerminetque.
3217 4699 3320 4754 Sed
3369 4709 3419 4758 et
3484 4699 3627 4778 ἴχνος

367 4797 738 4858 nuncupatur,
773 4789 925 4860 παρά
950 4791 1009 4844 τὸ
1039 4793 1228 4860 ῐσχειν,
1261 4796 1354 4846 καὶ
1392 4795 1638 4865 συνέχειν
1676 4797 1769 4850 τὸν
1810 4794 1933 4848 πόδα

2043 4811 2114 4858 ον,
2168 4793 2316 4862 quod
2345 4801 2519 4848 totum
2570 4794 2764 4864 pedem
2819 4795 3131 4859 contineat,
3181 4791 3632 4861 comprehendat-

364 4898 475 4952 que
501 4924 516 4947 ,
565 4885 681 4940 sive
725 4885 870 4956 quod
914 4903 944 4942 a
987 4897 1130 4942 terra
1184 4905 1373 4958 gressu
1408 4890 1460 4943 in
1497 4891 1618 4961 ipso
1649 4892 1933 4946 attollitur.

2049 4889 2116 4943 od
2148 4889 2224 4942 illi
2255 4889 2542 4958 ἀνέχεσθαι
2573 4888 2683 4942 ἀπὸ
2724 4889 2824 4958 τῆς
2863 4891 2967 4959 γῆς
3017 4887 3226 4942 dicunt.
3300 4886 3631 4947 Prlmawcm

365 4975 523 5045 pedis
556 4992 718 5046 pars,
764 4979 1002 5048 ταρσὸς,
1035 4995 1066 5034 a
1106 4980 1249 5035 sicca
1285 4981 1404 5049 ejus
1437 4981 1545 5036 loci
1585 4981 1846 5050 qualitate
1885 4989 1939 5036 et
1963 4979 2144 5034 carnis
2175 4989 2420 5047 experte,
2452 4979 2718 5048 appellata
2750 4987 2851 5044 est,
2883 4986 2940 5031 ut
2972 4978 3242 5031 Homerus
3285 4994 3298 5031 :

393 5107 522 5161 Νῦν
576 5109 642 5164 δέ
692 5110 754 5181 μ’
804 5112 1142 5181 ἐπιγράψας
1210 5115 1436 5183 ταρσὸν
1500 5115 1684 5183 ποδὸς
1739 5118 1950 5186 εὔχεαι,

1500 5137 1684 5183 ποοος
1739 5137 1809 5171 ευ
1833 5172 1848 5186 ο

1492 5187 1683 5252 αὕτως
1717 5137 1850 5257 (ο).ἴ

362 5309 587 5363 Πεδίον
618 5311 675 5364 δὲ
713 5311 775 5363 τὸ
825 5310 1168 5382 ἔμπροσθεν,
1209 5311 1297 5366 διὰ
1345 5312 1407 5365 τὸ
1448 5313 1650 5383 ὁμαλόν
1669 5314 1716 5345 ⁸⁸
1742 5332 1753 5343 ο
1789 5313 1849 5366 τὸ
1891 5315 1946 5368 δὲ

444 5471 488 5504 π
512 5474 1008 5543 προσαγορεύονται
1043 5476 1082 5529 Β
1130 5476 1190 5531 Ρ.
1269 5478 1315 5508 ⁷³
1343 5479 1524 5543 κότζιν
1556 5478 1596 5529 Β
1625 5478 1664 5532 C
1695 5478 1754 5532 P.

1854 5481 1897 5511 τ’
1928 5481 2088 5535 ὑποκ.
2118 5498 2240 5535 κατ.
2275 5481 2331 5534 Β.

2163 5112 2264 5168 Sed
2293 5114 2420 5168 mihi
2453 5113 2807 5183 perstringens
2843 5120 3046 5166 tarsum
3071 5111 3136 5183 _in
3172 5109 3300 5178 pede
3332 5108 3502 5183 gloria

3071 5179 3293 5251 [quanta
3323 5182 3453 5234 lure.

2054 5317 2393 5372 Anteriorem
2455 5324 2634 5370 autem
2684 5322 2891 5385 partem
2947 5314 3020 5369 ob
3056 5312 3175 5383 ejus
3209 5313 3508 5379 levitatem,
3555 5311 3630 5366 illi

2432 5482 2475 5511 ⁹⁰
2507 5481 2837 5551 συναρμόζει
2871 5478 2931 5533 Β.
3009 5476 3054 5511 ⁸³
3079 5479 3173 5551 καὶ
3192 5477 3338 5551 Ῑεάνυ
3362 5475 3420 5530 Β.
3496 5477 3540 5508 ⁸·
3572 5476 3631 5527 τό

356 5545 504 5608 acip.
531 5541 777 5620 ἐδωρήθη
812 5543 868 5597 Β.
902 5546 947 5576 ⁸³
972 5546 1053 5601 ὄλ.
1081 5547 1172 5600 τοῦ
1206 5563 1344 5612 σωμ.
1386 5541 1463 5604 Β(
1529 5547 1573 5579 ⁸⁵
1603 5549 1660 5600 τὸ
1693 5565 1798 5603 om.
1835 5550 1895 5603 Α.

2052 5553 2144 5606 cit.
2175 5568 2283 5607 om.
2317 5551 2356 5605 Ι]
2389 5551 2445 5606 C.
2528 5551 2572 5583 "
2604 5541 2717 5606 hic}:
2746 5541 2907 5605 etiam
2937 5563 3045 5605 om.
3083 5547 3122 5601 Β
3183 5545 3244 5602 C.

448 5693 522 5764 (ο)
553 5690 617 5751 ll.
657 5695 722 5761 Α,
749 5696 872 5750 588.
