3944 6152
399 307 403 310 λ
461 243 603 299 iw?
1745 257 2031 320 MELETII

2136 259 2384 318 DNACHI
2479 281 2482 284 η
3580 258 3694 330 ιλιι

461 355 666 418 πεδίον,
703 370 803 412 nos
834 357 1058 427 planum
1099 359 1252 428 pedis
1283 363 1645 432 appellamus.
1674 365 1861 424 Cutim
1895 386 2031 428 vero.

2149 373 2506 426 ὑποκάτωθεν
2541 372 2636 426 τοῦ
2680 370 2838 437 ποδὸς
2874 371 3054 442 δέρμα
3081 369 3281 438 πέλμιι
3315 368 3582 431 καλεῖται,
3622 369 3695 422 διὰ

460 460 587 515 qua:
639 446 744 517 ipsi
801 447 923 516 pedi
971 448 1260 517 subditur,
1318 453 1394 508 illi
1427 455 1611 526 πέλμα
1657 457 1746 512 διὰ
1789 460 1850 512 τὸ
1882 479 2031 532 περι·

2148 465 2211 518 τὸ
2242 464 2613 533 πεπιλῆσθαι,
2653 465 2826 534 ἧγουν
2855 461 3115 533 ὲσφίχθαι
3155 460 3252 514 τοῦ
3296 459 3418 513 ὅλου
3459 459 3696 528 δέρματος

457 537 752 603 πιλεῖσθαι,
775 540 942 610 ἤγουν
971 541 1248 612 ὲσφίχθαι,
1283 544 1380 598 τοῦ
1411 546 1532 600 ὅλου
1560 548 1827 620 δέρματος
1855 552 2038 617 πλέον,
2148 553 2338 608 πλέον.
2374 553 2438 608 Ἦ
2467 554 2524 608 δὲ
2555 553 2802 622 πτέρνα,
2840 554 2993 626 παρὰ
3019 553 3082 606 τὸ
3110 549 3551 605 ἐπιπεπτωκέναι
3579 551 3691 618 αὐτῇ

455 629 597 698 quod
636 629 890 685 videlicet
933 647 1235 702 compressa
1280 638 1674 707 constrictaque
1717 651 1829 695 tota
1870 645 2031 713 magi:

2147 644 2270 698 ὅλον
2301 645 2361 698 τὸ
2393 645 2551 716 σῶμα
2575 664 2589 677 ·
2619 649 2653 715 ἡ
2686 646 2744 699 δὲ
2773 645 2884 698 τῶν
2924 644 3157 714 ἄρθρων
3195 643 3463 713 ὀνομασία
3498 641 3692 714 εὓρηται

455 732 612 784 quant
659 717 862 788 reliqua
897 721 1033 773 cutis
1070 721 1160 786 sit,
1197 732 1412 777 vocant.
1460 724 1763 783 Calcaneus
1798 745 1928 784 vero
1971 732 2031 787 ab

2145 737 2210 788 ὲκ
2226 735 2320 789 τοῦ
2347 736 2470 804 ἀρῶ
2495 739 2760 808 ῥήματος,
2793 736 2890 790 τοῦ
2914 753 2980 806 ση
2993 735 3344 805 μαίνοντος⁸⁷
3369 733 3429 785 τὸ
3455 728 3655 799 cippde
3681 747 3691 759 ·

457 805 564 898 illis
591 808 796 879 πτέρνα
823 811 1232 876 denominatur,
1251 811 1414 866 διὰτὸ
1440 816 1881 872 ἐπιπεπτωκέναι
1901 821 2040 893 αὑτὴ
2150 825 2183 896 ἢ
2214 826 2302 879 διὰ
2335 827 2396 880 τὸ
2428 805 2698 898 ἀρηρὴέναι
2733 805 3012 896 ἀλλήλοις,
3047 827 3077 880 ὅ
3106 827 3225 879 ἐστι
3267 822 3693 895 συναρμόζεσθαι,

453 895 574 949 ὅλον
606 898 666 951 τὸ
696 899 878 970 σῶμα,
905 901 1046 970 quod
1079 901 1130 953 in
1165 902 1334 971 ipsam
1369 913 1536 956 totum
1565 920 1752 976 corpus
1779 908 2031 964 inuitata:

2151 895 2246 968 καὶ
2280 895 2640 988 συνεσςρίχὸαι
2661 959 2676 982 ,
2708 919 2806 972 καὶ
2835 895 3054 988 βοηθεῖν
3071 916 3140 970 ⁸⁸.

455 999 609 1059 atque
645 989 874 1042 incidat.
913 989 1192 1045 Articulos
1221 1002 1404 1046 autem
1448 995 1518 1048 ab
1555 995 1691 1065 ipsis
1745 995 1926 1069 ἄρθρα
1977 1016 2031 1070 αι

2139 1004 2240 1060 lari
2289 1007 2552 1075 diximus,
2585 1012 2651 1064 ὲκ
2706 1009 2800 1064 τοῦ
2847 1009 2986 1080 ἄρα),
3037 1007 3098 1060 τὸ
3123 1007 3371 1079 ἁρμόζω,
3394 1005 3527 1076 quod
3569 1003 3695 1063 ride-

455 1081 583 1138 licet
613 1100 706 1152 per
737 1087 876 1153 ipsos
907 1094 1084 1153 partes
1118 1086 1188 1139 ad
1221 1086 1440 1140 invicem
1472 1091 1721 1144 concinne
1772 1097 2238 1154 accommodentur
2280 1114 2438 1174 atque
2461 1115 2666 1159 coeant.
2707 1103 2801 1158 Vel
2841 1105 2989 1173 ipsos
3027 1104 3154 1157 inde
3193 1102 3371 1156 dictos
3411 1100 3608 1164 volunt,
3624 1093 3695 1150 διὰ

451 1174 512 1228 τὸ
543 1176 810 1246 ἁρηρέναι
835 1176 1104 1247 ἀλλήλοις,
1144 1181 1283 1248 quod
1315 1178 1476 1249 130
1513 1183 1763 1237 concordi
1793 1187 2026 1254 quadam

2136 1192 2244 1246 mla
2299 1196 2520 1250 invicem
2571 1196 2871 1264 ﬁrmentur,
2919 1195 3229 1250 conveniant
3281 1204 3438 1263 atque
3468 1191 3695 1246 constrin-

451 1278 668 1336 guntur,
708 1269 1001 1340 alteraque
1028 1270 1254 1326 alterius
1292 1274 1569 1344 suppetias
1598 1277 1802 1332 adsint.

735 1381 870 1452 Cap.
897 1384 1049 1438 XXX
1075 1415 1148 1428 —
1179 1385 1256 1440 De
1284 1396 1402 1440 cute
1433 1396 1484 1440 et
1513 1387 1576 1441 de
1604 1387 1752 1455 pilis.

534 1493 602 1549 Et
645 1496 864 1565 quidem
923 1506 1096 1552 totum
1157 1511 1357 1568 corpus
1417 1501 1557 1556 cutis
1591 1500 1927 1570 operimento
1958 1513 2036 1558 te-

455 1588 639 1656 gitur,
683 1587 843 1658 cujus
897 1590 1146 1659 quaedam
1197 1606 1326 1660 pars
1378 1592 1504 1661 pilis
1543 1592 1753 1657 obsita,
1787 1595 2034 1664 quaedam

2193 1396 2336 1464 Κεφ.
2370 1395 2682 1464 Λ⁰.-Περὶ
2718 1393 3009 1463 δέρματος
3043 1393 3144 1448 καὶ
3180 1393 3319 1463 περὶ
3357 1395 3566 1465 τριχῶν
3587 1397 3646 1451 ⁸⁹.

2213 1507 2574 1563 Καλύπτεται
2619 1503 2715 1561 οὖν
2751 1508 2800 1540 ⁸⁸
2835 1507 2980 1561 ἆπαν
3009 1506 3072 1560 τὸ
3112 1506 3276 1578 σῶμα
3317 1509 3424 1562 ὑπὸ
3467 1509 3555 1563 τοῦ
3595 1510 3697 1580 δέρ-

2147 1621 2317 1674 ματος
2345 1619 2359 1633 ⁶
2394 1603 2490 1658 καὶ
2535 1603 2649 1656 ἐστι
2684 1602 2754 1656 τὰ
2788 1603 2887 1671 μὲν
2917 1600 3105 1663 αὑτοῦ,
3139 1601 3532 1671 τετριχωμένα,
3560 1601 3620 1654 τὰ
3648 1600 3695 1654 δὲ

455 1692 584 1732 vero
637 1678 880 1748 ipsorum
947 1695 1143 1750 expers
1201 1684 1555 1753 conspicitur.
1611 1685 1814 1742 Verum
1861 1685 2031 1740 enim-

2142 1693 2377 1765 ἄτριχα’
2424 1693 2808 1764 τετριχωμένα
2853 1692 3017 1762 μὲνὴ
3056 1692 3312 1762 κεφαλὴ,
3349 1695 3442 1746 καὶ
3481 1693 3545 1744 τὰ
3575 1693 3694 1763 μέρη

451 1781 617 1834 vero,
649 1784 742 1822 ex"
767 1768 853 1825 hls
890 1785 1013 1839 quae
1043 1771 1234 1839 pilosas
1265 1784 1448 1842 partes
1483 1785 1636 1842 sunt,
1668 1784 1851 1846 caput,
1889 1791 2042 1830 men-

453 1868 568 1911 tum
646 1858 899 1930 labiaque
963 1860 1444 1934 habentur,quae
1507 1874 1624 1921 tum
1699 1868 2038 1937 tegumenti,

453 1959 570 2005 tum
607 1950 825 2008 decoris
880 1953 1056 2024 gratia
1080 1993 1096 2020 ,
1130 1963 1325 2009 natura
1373 1955 1498 2026 pilis
1543 1959 1810 2014 obtexuit.
1841 1958 1911 2013 At
1942 1960 2038 2028 pili

458 2053 552 2123 qui
589 2055 642 2108 in
675 2056 988 2125 superciliis
1033 2065 1087 2112 et
1133 2056 1276 2114 ciliis
1337 2059 1621 2128 visuntur,
1654 2063 1834 2117 tutelae
1867 2077 2036 2117 causa

456 2149 725 2218 procreati
795 2158 924 2205 sunt
983 2151 1136 2221 :qui
1209 2167 1340 2207 vero
1407 2155 1508 2208 sub
1576 2153 1678 2210 alis
1737 2163 1902 2226 atque
1967 2154 2033 2209 ad

455 2236 706 2308 pudenda
755 2238 1046 2305 oriuntur,
1099 2255 1262 2296 casus
1305 2241 1592 2312 cujusdam
1637 2254 1874 2311 eventu,
1926 2260 2032 2300 non

453 2317 638 2383 tutelae
666 2330 864 2400 gratia,
900 2343 1026 2385 cum
1055 2331 1247 2388 irritus
1278 2332 1414 2389 inibi
1454 2335 1691 2404 pilorum
1727 2335 1881 2390 locus
1925 2337 2032 2402 sit,

453 2421 557 2475 orti
609 2409 758 2476 sunt.
793 2422 988 2492 Atqui.
1022 2438 1123 2479 nec
1170 2427 1468 2494 tegumenti
1513 2441 1676 2482 causa
1703 2469 1718 2495 ,
1759 2428 1892 2484 inibi
1938 2429 2032 2498 pili

449 2513 756 2580 exsistunt,
787 2515 1045 2584 quoniam
1095 2516 1195 2571 alae
1237 2531 1268 2571 a
1298 2518 1552 2574 manibus
1591 2519 1867 2588 costisque
1898 2523 2034 2575 satis

447 2610 708 2672 protectae
743 2603 1016 2659 visuntur.
1063 2605 1168 2660 Sed
1203 2620 1380 2676 neque
1436 2608 1508 2662 ob
1549 2607 1801 2662 decorem
1857 2609 2027 2662 ullum

449 2695 602 2764 ipsos
631 2696 963 2753 constitutos
1007 2699 1329 2754 crediderim
1355 2737 1373 2765 ,
1402 2701 1658 2769 quoniam
1700 2709 1894 2756 natura
1938 2701 2032 2756 ad-

444 2789 546 2842 diti
581 2788 794 2844 decoris
825 2790 1024 2846 habere
1053 2807 1241 2846 curam
1277 2807 1388 2846 non
1429 2793 1598 2846 novit.
1629 2789 1842 2846 Nullius
1880 2792 2027 2846 enim

2141 1787 2242 1857 τῆς
2267 1788 2379 1842 ἄνω
2429 1787 2524 1839 καὶ
2549 1787 2592 1819 ³³
2640 1787 2741 1855 τῆς
2779 1785 2931 1839 κάτω
2978 1783 3173 1852 γένυος
3198 1825 3214 1849 ,
3247 1786 3349 1838 καὶ
3377 1788 3443 1838 τὰ
3482 1783 3568 1837 τοῦ
3595 1784 3692 1854 χεί-

2141 1878 2268 1941 λους
2292 1895 2306 1911 ·
2339 1872 2499 1932 αὗται
2540 1877 2649 1948 γὰρ
2698 1877 2910 1947 σκέπης
2943 1876 3037 1930 καὶ
3070 1877 3280 1946 κόσμου
3329 1877 3570 1945 ἐγένοντο
3607 1873 3693 1943 χά·

2145 1987 2230 2042 ριν
2256 1973 2342 2002 θ’·
2395 1971 2452 2022 αἱ
2500 1970 2557 2023 δὲ
2587 1969 2698 2023 τῶν
2747 1968 2971 2040 ὀφρύων
3020 1969 3117 2022 καὶ
3169 1968 3280 2021 τῶν
3347 1967 3689 2040 βλεφαρίδων,

2137 2063 2478 2132 ἀσφαλείας·
2532 2063 2588 2114 αἱ
2638 2061 2697 2115 δὲ
2747 2060 2856 2114 τῶν
2921 2060 3220 2131 μασχαλῶν
3273 2061 3498 2130 καὶτῆς
3539 2057 3692 2129 ἥϐης.

2137 2156 2278 2209 κατὰ
2310 2153 2682 2223 συμϐεϐηκός.
2715 2151 2855 2205 Οὖτε
2904 2153 3018 2223 γὰρ
3045 2152 3116 2205 δι’
3160 2151 3465 2221 ἀσφάλειαν
3485 2189 3499 2213 ,
3529 2146 3693 2216 ἐπειδὴ

2137 2243 2364 2313 ἄκαιρός
2410 2243 2559 2294 ἐστιν
2609 2243 2639 2294 ὁ
2671 2241 2857 2304 τόπος.
2916 2240 3056 2295 Οὔτε
3110 2241 3199 2295 διὰ
3252 2242 3495 2310 σκέπην,
3530 2236 3692 2307 ἐπειδὴ

2138 2335 2429 2389 σκέπονται
2471 2333 2578 2386 ὑπὸ
2613 2332 2723 2386 τῶν
2755 2332 2957 2404 χειρῶν
2995 2333 3092 2387 καὶ
3119 2332 3228 2386 τῶν
3252 2333 3504 2404 πλευρῶν
3529 2333 3581 2384 ai
3606 2346 3691 2401 μα-

2136 2425 2352 2496 σχάλαι.
2399 2423 2540 2477 Ἀλλ’
2570 2424 2693 2478 οὕτε
2726 2424 2816 2478 διὰ
2856 2425 3063 2495 κόσμον
3091 2425 3160 2492 ⁸³,
3194 2427 3569 2496 κρυπτόμενον
3597 2421 3692 2492 γὰρ

2132 2516 2342 2584 κόσμον
2388 2516 2421 2586 ἡ
2470 2513 2634 2584 φύσις
2681 2515 2780 2568 οὐκ
2826 2511 2936 2567 εἶδε
2963 2514 3047 2547 ⁸⁵·
3091 2507 3166 2567 ὧν
3208 2513 3323 2584 γὰρ
3355 2515 3416 2567 τὸ
3454 2511 3691 2575 κάλλος”

2133 2603 2441 2674 κρύπτεται
2459 2646 2475 2669 ,
2521 2605 2582 2656 ού
2612 2603 2669 2656 δὲ
2698 2602 2866 2656 πόθου
2908 2603 3158 2674 δέχονται
3181 2604 3228 2635 ⁸⁸
3255 2606 3494 2671 γένεσιν.
3538 2601 3690 2668 Λέγο-

2135 2716 2234 2769 μεν
2267 2699 2324 2752 δὲ
2350 2699 2450 2761 τὰς
2478 2700 2670 2769 τρίχας
2694 2697 2835 2752 κατὰ
2867 2697 3220 2767 ωμὸεόηκὸς
3240 2696 3490 2766 γίνεσθαι
3516 2695 3685 2756 οὕτως.

2133 2791 2346 2861 Ὠσπερ
2388 2790 2499 2861 γὰρ
2550 2793 2578 2844 ὁ
2630 2789 2877 2861 γεωργὸς
2932 2788 3072 2842 κατὰ
3123 2790 3346 2862 πρῶτον
3406 2789 3501 2859 μὲν
3550 2786 3688 2855 λόγον

449 2881 560 2946 rei,
595 2880 754 2951 cujus
800 2891 883 2938 est
928 2883 1244 2938 abscondita
1286 2884 1658 2954 pulchritudo,
1691 2883 2027 2940 desiderium

2136 2881 2347 2954 ἀρδεύει
2402 2881 2470 2934 τὰ
2504 2882 2752 2951 χρήσιμα
2785 2881 2896 2932 τῶν
2928 2881 3198 2950 λαχάνων,
3238 2879 3272 2950 ἢ
3330 2879 3440 2932 τῶν
3488 2876 3686 2946 φυτῶνο

445 2972 610 3028 nobis
631 2973 955 3030 innascitur.
991 2975 1056 3030 Et
1093 2977 1230 3044 pilos
1260 2977 1478 3045 quidem
1510 2986 1704 3032 eventu
1736 2977 1888 3033 nasci
1925 2976 2030 3032 hoc

2136 2975 2275 3028 κατὰ
2301 2972 2554 3044 δεύτερον
2578 2975 2623 3006 ⁹⁷
2654 2974 2732 3039 δὲ,
2759 2973 2855 3026 καὶ
2885 2977 2982 3037 τὰς
3008 2973 3272 3036 ἀκάνθας,
3300 2975 3397 3026 καὶ
3425 2974 3518 3035 τὰς
3546 2971 3691 3031 ἄλλοις

446 3075 607 3132 pacto
655 3079 966 3120 censemus.
1025 3064 1497 3132 Quemadmodum
1545 3069 1689 3121 enim
1731 3068 2026 3138 agricolae,

2136 3066 2240 3119 τῶν
2290 3065 2560 3136 βοτανῶν,
2621 3066 2702 3127 εἰς
2757 3065 3013 3134 φραγμὸν
3061 3065 3266 3127 ταύτας
3318 3065 3413 3117 καὶ
3462 3064 3617 3132 ἄλλην
3649 3058 3690 3091 ’⁸

445 3155 504 3208 in
554 3155 699 3210 horti
755 3157 838 3210 sui
872 3157 1083 3210 cultura
1112 3195 1126 3219 ,
1157 3157 1491 3226 prazcipuum
1544 3161 1880 3228 propositum
1923 3168 2026 3225 est,

447 3247 612 3301 utiles
658 3248 857 3302 herbas
897 3248 1206 3317 stirpesque
1241 3248 1530 3318 frugiferas
1572 3250 1794 3304 assidua
1833 3251 2029 3322 irriga-

434 3333 596 3394 tione
621 3339 972 3410 perfundere,
1012 3340 1210 3394 accidit
1244 3342 1432 3404 etiam,
1471 3349 1524 3395 et
1549 3341 1768 3410 spinas,
1802 3342 2030 3398 herbas-

443 3447 553 3500 que
587 3432 724 3487 alias
767 3433 950 3487 minus
993 3433 1177 3499 utiles,
1203 3443 1256 3488 et
1279 3434 1344 3488 ad
1381 3449 1537 3503 sepes
1566 3449 1832 3505 usumque
1861 3434 2027 3489 alium

445 3522 808 3590 deputandas,
844 3523 1090 3593 irrigari;
1119 3525 1309 3578 eodem
1343 3525 1528 3589 modo,
1565 3533 1619 3579 et
1653 3525 1912 3596 vegetalis
1944 3524 2027 3579 fa—

445 3615 642 3679 cultas,
675 3615 741 3669 ad
776 3629 872 3670 eos
903 3631 1044 3687 quos
1079 3616 1509 3672 memoravimus
1537 3632 1705 3682 usus,
1748 3617 1890 3688 pilos
1926 3633 2030 3672 un-

443 3721 688 3775 guesque
717 3706 906 3761 molita
954 3716 1056 3775 est,
1087 3708 1287 3778 quibus
1315 3718 1370 3763 et
1406 3709 1750 3774 alimentum,
1775 3717 1829 3764 et
1853 3709 2030 3765 incre-

445 3808 714 3864 mentum,
750 3814 852 3853 nec
884 3814 992 3853 non
1017 3801 1488 3864 constitutionem,
1516 3801 1784 3870 impertiri
1808 3801 2028 3856 assidue

444 3887 680 3955 Satagit;
719 3889 813 3942 sed
847 3888 1082 3945 fumosae
1143 3891 1389 3960 corporis
1438 3894 1608 3946 nostri
1657 3893 2028 3949 exbalationis

442 3980 724 4033 concretio
750 3978 950 4031 borum
973 3979 1386 4034 constitutionis
1406 3995 1569 4035 causa
1585 3981 1822 4035 exsistit.
1847 3981 1914 4035 Et
1931 3982 2023 4050 pili

440 4068 661 4138 quidem
703 4070 771 4125 ab
818 4071 953 4141 ipsis
984 4071 1170 4142 τρίχες
1222 4072 1605 4142 appellantur,
1658 4067 1769 4126 οἷον
1813 4073 2026 4144 δέρικες

439 4161 521 4215 ὅτι
553 4160 884 4233 θερίζονται,
924 4164 1065 4232 quod
1095 4164 1346 4220 videlicet
1379 4163 1628 4217 demeteri
1676 4163 1912 4226 soleant,
1961 4178 2026 4218 ac

439 4253 671 4309 sectioni
700 4254 923 4311 assidue
950 4254 1172 4310 obnoxii
1202 4255 1332 4310 sint.
1361 4252 1508 4308 Nihil
1537 4255 1684 4309 enim
1705 4294 1719 4318 ,
1752 4255 2019 4320 omnium,

2130 3159 2320 3229 χρείαν
2351 3157 2737 3227 ὲπινοούμενος
2755 3173 2769 3188 ο
2799 3156 2974 3220 οὕτως
2997 3158 3091 3209 καὶ
3119 3159 3152 3227 ἡ
3180 3156 3452 3227 Ορεπτικὴ
3477 3157 3686 3224 δύναμις

2130 3251 2210 3313 είς
2248 3249 2349 3312 τὰς
2379 3249 2678 3320 εἰρημένας
2715 3249 2896 3311 αἰτίας
2927 3246 3026 3310 τὰς
3064 3248 3259 3318 τρίχας
3296 3250 3395 3302 καὶ
3427 3249 3548 3311 τοὺς
3578 3247 3689 3299 ὅνυ-

2129 3357 2227 3408 χας
2269 3338 2653 3408 ὲπινοουμένη,
2695 3339 2792 3391 καὶ
2821 3338 3034 3408 τρέφει,
3083 3339 3178 3390 καὶ
3210 3334 3392 3402 αὔξει,
3438 3339 3529 3391 καὶ
3583 3353 3691 3389 συνο

2133 3433 2259 3502 ιστᾷ
2279 3449 2293 3461 ·
2325 3432 2433 3484 τῶν
2476 3431 2587 3503 γὰρ
2623 3431 2850 3484 καπνῶν
2883 3431 2990 3484 τῶν
3024 3431 3467 3501 ἀτμωδεστάτων
3490 3431 3563 3493 θ’,
3596 3424 3689 3480 τῶν

2129 3523 2194 3575 ὲκ
2231 3523 2324 3576 τοῦ
2376 3523 2627 3593 σώματος
2668 3523 3150 3592 ἀναπεμπομένων
3199 3523 3368 3593 πῆξιν
3404 3517 3691 3590 λαμόανόν-

2127 3631 2236 3666 των
2259 3655 2274 3678 ,
2332 3609 2490 3667 αὗται
2542 3616 2909 3669 συνίστανται.
2955 3616 3050 3682 Τρί
3052 3633 3156 3683 χες
3195 3614 3249 3668 δὲ
3287 3617 3566 3686 λέγονται,
3595 3606 3691 3664 οἷον

2129 3705 2348 3774 θέρικες
2369 3723 2383 3737 ο
2431 3705 2582 3776 Θέριξ
2611 3704 2720 3774 γὰρ
2747 3707 2841 3760 καί¹
2871 3707 2994 3777 Θρὶξ
3025 3707 3166 3760 κατὰ
3198 3709 3488 3776 συγκοπήν
3530 3707 3547 3738 ¹
3575 3719 3586 3732 ·
3615 3703 3688 3754 ὅτι

2128 3797 2406 3870 θερίζεται
2435 3799 2530 3850 καὶ
2565 3797 2826 3868 τέμνεται
2883 3798 3144 3868 συνεχῶς.
3192 3797 3367 3852 Οὐδὲν
3418 3800 3522 3869 γὰρ
3566 3796 3691 3849 οὕτω

2126 3890 2235 3942 τῶν
2290 3891 2348 3942 ὲν
2383 3891 2516 3960 ἡμῖν
2555 3890 2700 3960 πηδᾷ
2746 3891 2883 3960 πρὸς
2913 3891 2981 3942 τὰ
3026 3891 3183 3953 ἐκτὸς
3214 3889 3408 3961 ὥσπερ
3438 3895 3470 3961 ὴ
3517 3887 3629 3960 θρίξ
3652 3887 3688 3938 ¹.

2139 3983 2230 4036 Ἐν
2264 3976 2346 4046 οἷς
2381 3981 2482 4053 μὲν
2524 3979 2618 4034 οὖν
2645 3982 2836 4044 τόποις
2866 3982 3086 4051 ἄτριχον
3120 3982 3365 4052 ὑπάρχει
3393 3981 3454 4034 τὸ
3491 3975 3686 4048 σῶμα³ν

2129 4074 2264 4144 μῦες
2295 4074 2538 4144 δηλονότι
2571 4075 2692 4126 κατ’
2737 4073 2982 4135 ἐκείνους
3021 4073 3146 4136 τοὺς
3187 4073 3392 4136 τύπους
3432 4063 3686 4139 ὑπάρχουὲ

2128 4183 2213 4218 σιν
2236 4165 2277 4219 ’⁵.
2319 4166 2532 4236 Ὠσπερ
2569 4166 2661 4218 ἐπὶ
2690 4165 2790 4234 τῆς
2825 4164 3082 4236 παλάμῃς
3123 4163 3218 4218 καὶ
3242 4164 3354 4218 τῶν
3390 4161 3686 4222 δακτύλων,

2125 4257 2219 4309 καὶ
2247 4255 2340 4309 τοῦ
2371 4255 2649 4326 πέλματος
2678 4257 2788 4309 τῶν
2817 4256 2996 4309 ποδῶν
3022 4271 3036 4285 ’
3072 4257 3130 4308 ἐν
3164 4249 3245 4320 οἷς
3278 4256 3335 4308 δὲ
3369 4255 3502 4325 μῦες
3540 4253 3687 4306 αίτιοι

435 4359 560 4414 quae
592 4345 647 4399 in
676 4361 909 4416 corpore
941 4354 1132 4401 nostro
1159 4355 1306 4413 sunt,
1337 4361 1491 4416 atque
1509 4355 1663 4400 extra
1693 4346 1935 4410 tendere,
1959 4361 2022 4401 ac

2136 4346 2227 4399 sint
2256 4347 2396 4410 είσὶ,
2448 4347 2639 4417 τρίχες
2673 4345 2934 4415 φύονται’
2969 4347 3048 4419 πὴ
3106 4348 3205 4416 μὲν
3245 4347 3501 4410 πλείους,
3532 4341 3603 4413 ﬁl]
3638 4337 3686 4390 δὲ

433 4437 529 4507 pili
561 4405 960 4493 nimum-Cutis
999 4453 1128 4492 vero
1153 4452 1298 4508 pars,
1328 4454 1451 4508 quae
1489 4438 1612 4508 pilis
1645 4453 1838 4493 vacare
1883 4453 2018 4493 con-

2136 4439 2324 4508 5λίγαι.
2373 4405 2697 4510 ὲκέὲτοὶὲιᾷσί
2719 4439 2820 4509 μὲν
2843 4442 2863 4472 ⁸
2898 4439 3007 4511 γὰρ
3035 4405 3118 4492 ’τὸι
3136 4441 3258 4494 ὅλον
3303 4405 3686 4511 δέρμανγέχονε

436 4528 687 4597 spicitur,
720 4530 1185 4599 quemadmodum
1219 4544 1413 4585 manus
1440 4531 1640 4600 palma,
1674 4545 1739 4585 ac
1763 4529 1940 4601 digiti,
1965 4541 2021 4585 et

2136 4529 2221 4580 καὶ
2254 4527 2574 4598 περίϐλημα
2608 4528 2707 4597 τῆς
2747 4527 2963 4596 ἁπαλῆς
2994 4529 3197 4599 σαρκὸς
3217 4572 3232 4596 ,
3264 4528 3363 4582 καὶ
3391 4527 3498 4582 τῶν
3523 4521 3684 4580 ἄλλων

431 4621 586 4687 pedis
645 4623 832 4692 planta
893 4622 1180 4685 musculis,
1235 4621 1470 4686 pilorum
1519 4622 1660 4686 vice,
1726 4622 2014 4676 redundat.

2136 4619 2345 4673 πάντων
2377 4619 2486 4672 τῶν
2516 4619 2831 4674 ἐντοσθίων.

439 4714 543 4769 Ubi
598 4725 779 4770 autem
806 4756 820 4780 ,
866 4716 1013 4770 nulla
1060 4715 1378 4786 hujusmodi
1430 4715 1808 4770 musculorum
1853 4730 2018 4770 causa
2060 4713 2294 4778 exsistit,
2326 4713 2512 4783 piliaiu
2567 4712 2894 4782 quibusdam
2922 4713 3115 4783 magis,
3141 4713 3192 4766 in
3217 4711 3542 4782 quibusdam
3567 4712 3682 4758 vero

431 4806 634 4871 minus,
668 4807 945 4862 oriuntur.
985 4807 1277 4862 Enimvero
1305 4848 1318 4872 ,
1345 4822 1452 4861 non
1479 4807 1640 4862 modo
1662 4805 1843 4861 mollis
1867 4821 2018 4869 caro,
2046 4820 2236 4861 verum
2267 4805 2430 4859 etiam
2470 4805 2730 4858 universa
2789 4820 2912 4875 qua;
2958 4803 3192 4859 interius
3235 4813 3384 4866 sunt,
3419 4809 3540 4856 cute
3578 4795 3680 4864 ipsa

428 4913 529 4967 pro
569 4909 883 4970 legumento
927 4910 981 4955 et
1032 4901 1359 4956 obductione
1402 4908 1648 4955 utuntur.

499 4992 656 5048 Cutis
677 4993 821 5048 enim
858 4993 1013 5070 131
1054 4995 1270 5051 callosa:
1298 5003 1509 5050 naturae
1551 4994 1804 5058 habetur,
1833 4993 2017 5064 quasi-

2197 4989 2352 5041 Ἔστι
2382 4987 2438 5041 δὲ
2472 4987 2530 5039 τί)
2559 4987 2736 5057 δέρμα
2763 4989 2828 5057 τῇ
2853 4986 3017 5056 φύσει
3046 4985 3283 5051 τυλῶδες
3300 4989 3341 5055 ⁸,
3381 4985 3485 5040 ὑπό
3514 5001 3570 5038 τε
3593 4980 3676 5036 τοῦ

431 5097 538 5150 que
560 5082 678 5152 ipsa
724 5082 794 5137 ab
833 5083 1109 5138 ambiente
1138 5098 1298 5147 aere,
1337 5092 1393 5138 et
1423 5083 1588 5138 rebus
1629 5083 1685 5136 in
1719 5097 1855 5151 quas
1892 5097 2013 5136 eam

2136 5081 2472 5150 περιέχοντος
2510 5080 2605 5132 καὶ
2647 5078 2756 5131 τῶν
2791 5078 3269 5150 προσομιλούντων
3305 5079 3568 5146 σωμάτων
3593 5090 3677 5128 τυ·

429 5171 649 5226 assidue
682 5171 921 5227 incidere
968 5173 1254 5242 contingit,
1301 5173 1578 5227 callescat.
1619 5168 1797 5224 Mollis
1842 5168 2015 5239 siqui-

2136 5171 2292 5224 leév
2310 5172 2432 5226 ⁷.Ἢ
2461 5170 2519 5223 δὲ
2549 5170 2736 5242 ἁπαλὴ
2769 5169 2927 5241 σὰρξ,
2955 5171 3034 5242 πὴ
3065 5171 3166 5240 μέν
3196 5173 3345 5225 ἐστιν
3375 5170 3519 5240 ἀπλῆ
3537 5169 3579 5232 ⁸,
3607 5162 3675 5234 πὴ

428 5262 550 5316 dem
607 5276 769 5326 caro,
839 5262 1039 5318 alicubi
1104 5262 1372 5332 simplex,
1435 5260 1636 5317 alicubi
1708 5261 2012 5330 composita

2136 5264 2175 5318 se
2208 5263 2460 5328 σύνθετος
2489 5280 2501 5292 ·
2535 5264 2630 5316 καὶ
2663 5263 2738 5333 πὴ
2774 5264 2874 5334 μὲν
2915 5262 3055 5333 μετὰ
3102 5264 3256 5334 μυῶν
3301 5264 3392 5318 καὶ⁵
3425 5262 3579 5326 ίνῶν,
3605 5254 3671 5324 πή

1063 5397 1109 5428 sa
1159 5397 1378 5470 βοηθεῖν
1421 5399 1454 5468 ἦ
1510 5399 1600 5453 διὰ
1632 5399 1693 5451 τὸ
1728 5404 2031 5470 συναρτᾶσθ

2136 5404 2194 5460 P.
2271 5407 2315 5439 ¹¹⁹
2347 5407 2426 5460 sic
2464 5405 2598 5461 Cod.
2650 5404 2712 5460 C.
2768 5407 2948 5458 minus
2982 5408 3269 5462 c0mmode
3316 5407 3365 5458 in
3409 5405 3516 5458 tab.
3569 5396 3664 5470 dir.

1617 5470 1702 5537 ὲγ-
1739 5466 1800 5518 Β·
1866 5466 1923 5505 ’⁵³
1944 5474 2146 5542 κόσμον
2175 5479 2326 5539 ποῖος
2357 5476 2465 5545 γὰρ
2496 5475 2873 5545 κρυπτόμενος
2903 5474 2959 5527 P.
3039 5474 3087 5506 ³⁸
3115 5472 3256 5528 οἶδεν
3297 5475 3336 5528 Β
3365 5474 3423 5527 Ρ,
3500 5470 3545 5502 ’³
3580 5467 3666 5519 χά-

1617 5539 1782 5613 δηκρς
1812 5539 1892 5613 Br
1952 5544 1999 5574 ”
2030 5544 2060 5612 ἦ
2089 5545 2169 5606 εἰς
2191 5545 2310 5599 ἀλλ.
2337 5545 2396 5600 Β.
2477 5546 2521 5576 ⁸⁸
2545 5543 2735 5613 ἀτμῶν
2767 5561 2819 5598 τ.
2850 5544 3322 5596 καπνωδεστάτων
3355 5543 3413 5605 Β.
3487 5534 3664 5613 ⁸,)εῆτά

2191 5583 2310 5599 ...νη
2337 5583 2396 5600 .,,
2545 5583 2607 5596 ....
2658 5583 2731 5596 ω,
2779 5583 2819 5598 .,
2851 5583 3320 5596 ..-ηηυνηηηω
3355 5583 3413 5605 ν.
3538 5583 3659 5592 μνη-

2143 5583 2186 5665 ;v
2211 5616 2373 5669 τόπον
2413 5614 2502 5666 ὑπ’
2532 5583 2736 5666 ἐκεῖνον
2760 5613 2818 5666 Β.
2894 5614 2915 5644 ⁸
2943 5614 3042 5680 μὲν
3089 5630 3197 5668 om.
3257 5614 3317 5670 Β.
3395 5614 3415 5645 ⁶
3443 5605 3660 5680 τηλῶδες

498 5395 545 5429 ⁸⁷
578 5398 845 5466 σημαίνον
880 5397 945 5451 Λ.

428 5467 476 5497 ’⁸
497 5465 700 5538 γορνΒ
820 5536 829 5538 Α
862 5468 905 5498 ⁹¹
938 5471 1004 5521 ὲκ
1162 5465 1221 5500 ⁷⁸⁸
1247 5465 1423 5537 Ἴκοσμ.
1443 5465 1578 5538 χαρ.

431 5541 518 5595 λος
558 5534 618 5590 Β.
693 5537 739 5568 οο
768 5536 991 5612 ῥέχεται
1048 5537 1104 5589 Β.
1182 5539 1224 5568 ⁸⁷
1251 5534 1782 5612 κατὰ-συμϐεϐηκρς
1812 5539 1872 5592 Β.
1952 5534 2060 5612 οσῆ

433 5617 591 5683 aurae:
626 5620 711 5683 om
908 5609 1076 5683 :lm‘c
1097 5607 1361 5683 _om‘._B._
1393 5605 1608 5683 ’_6épp.a
1641 5605 1680 5663 Β
1713 5609 1769 5661 Ρ.
1884 5612 1903 5642 δ
1932 5629 2024 5664 κατ

2136 5605 2186 5665 ὃν
2211 5616 2373 5669 τόπον
2413 5614 2502 5666 ὑπ’
2532 5605 2736 5666 ἐκεῖνον
2760 5613 2818 5666 Β.
2894 5614 2915 5644 ⁸
2943 5614 3042 5683 μὲν
3089 5630 3197 5668 om.
3257 5614 3317 5670 Β.

439 5668 497 5726 Β.
572 5673 591 5700 ⁷
620 5672 860 5745 τηλωθὲν
905 5673 964 5728 Β.
1043 5675 1275 5748 θὰπαλὴ
1325 5677 1365 5728 Β
1399 5673 1458 5730 Ρ.
