3944 6152
347 287 485 347 1969

1586 283 1673 338 DE
1714 285 2000 350 NATUltA
2039 285 2347 342 HOMINIS.

3476 283 3620 342 1970

345 405 402 459 δὲ
431 406 554 459 καθ’
583 404 808 474 ἑαυτήν.
843 405 954 458 Καὶ
988 403 1129 473 αὕτη
1157 401 1266 471 γὰρ
1299 380 1503 465 ὥσπερ
1533 403 1630 456 καὶ
1657 403 1718 456 τὸ
1749 403 1927 476 δέρμα

2040 413 2131 461 est.
2191 404 2309 474 Ipsa
2372 403 2517 460 enim
2589 406 2902 463 musculosa
2959 421 3087 463 cum
3145 405 3322 470 ﬁbris,
3388 404 3621 475 quibus-

347 496 580 552 καθόλου
610 495 704 549 τοῦ
741 493 996 565 σώματος
1029 495 1278 564 ἥπλωται
1301 505 1314 518 ·
1355 478 1457 537 ἵνα.
1476 493 1577 546 καὶ
1601 495 1696 548 τοῦ
1736 494 1930 566 θέρους

345 586 598 656 ἁναψύχῃ
630 585 690 638 τὸ
725 585 864 649 ζῶον
887 625 901 649 ,
942 585 1119 638 νοτίδα
1147 581 1515 651 ἐκπέμπουσα
1542 583 1745 638 ἔσωθεν
1773 599 1787 613 ·
1836 586 1930 639 ml.

344 677 620 749 χειμῶνος
664 676 722 728 δὲ
751 675 851 745 τὴν
880 675 990 728 τῶν
1021 674 1260 746 πιλητῶν
1287 669 1480 742 είρίων
1509 674 1696 738 αὐτοῖς
1739 675 1930 744 χρείαν

348 768 623 839 παρέχῃθ.
652 767 814 835 Σὰρξ
861 766 918 820 δὲ
960 767 1177 836 εἴρηται
1209 766 1359 836 παρὰ
1386 763 1446 817 τὸ
1497 765 1760 836 σύρεσθαι
1787 766 1831 798 ³⁸
1870 765 1930 818 τὸ

348 859 525 930 δέρμα
559 859 654 910 ἀπ’
702 857 895 928 αὐτῆς.
948 857 1106 911 mea
1147 857 1333 928 δέρμα
1371 856 1564 930 ὥσπερ
1603 859 1783 928 τέρμα
1833 857 1928 912 τοῦ

351 949 642 1018 σώματος,
694 947 898 1014 ἔξωθεν
935 945 1295 1018 ἐπιϐέϐληται
1336 948 1500 1002 παντὶ
1546 947 1624 1017 τῷ
1671 947 1928 1016 σώματι·

347 1035 519 1110 ἣοῖον
568 1039 822 1109 δέρμα¹¹,
874 1039 933 1091 τὸ
992 1039 1322 1110 συνισχηκδς
1357 1039 1418 1092 τὸ
1463 1038 1625 1110 σῶμα
1657 1043 1755 1092 καὶ
1804 1056 1931 1091 συν·

348 1124 614 1196 δεσμοῢν’
645 1126 677 1195 ἢ
713 1120 826 1180 οἷον
851 1127 1046 1196 δέρμα,
1065 1128 1214 1198 παρὰ
1246 1128 1306 1179 τὸ
1338 1128 1701 1197 ἀποδέρεσθαι
1731 1129 1808 1192 ὼς
1838 1129 1932 1182 ἐπὶ

348 1216 457 1268 τῶν
493 1216 648 1281 ζώων
675 1234 688 1247 ·
721 1217 753 1286 ἢ
779 1212 890 1281 οἷον
923 1217 1114 1287 δέμας,
1155 1217 1243 1272 διὰ
1269 1217 1330 1272 τὸ
1358 1218 1452 1271 ml.
1481 1218 1542 1271 τὸ
1575 1217 1735 1288 σῶμα
1760 1217 1932 1282 οὕτως

351 1303 658 1366 καλεῖσθαι,
685 1305 768 1358 ὃτι
791 1305 989 1375 δεσμός
1012 1307 1129 1358 ἐστι
1151 1306 1249 1376 τῆς
1271 1306 1473 1376 ψυχῆς,
1515 1306 1548 1376 ἢ
1583 1306 1933 1377 περιδόμημα

351 1396 524 1465 αὐτῆς
569 1396 664 1452 καὶ
692 1397 1036 1468 οἰκητήριον.
1083 1398 1287 1468 Χρείας
1323 1398 1379 1451 δὲ
1421 1399 1590 1469 μόνης
1620 1399 1783 1452 ἓνεκα
1806 1401 1848 1430 ¹³
1873 1396 1934 1451 τὸ

351 1485 531 1556 δέρμα
570 1486 862 1558 γεγένηται
887 1489 944 1540 έν
969 1487 1047 1558 τῷ
1082 1488 1331 1558 σώματι,
1363 1488 1460 1542 ml.
1489 1490 1588 1543 οὐκ
1626 1490 1931 1561 ἐνεργείας.

353 1575 493 1632 Οὔτε
537 1579 644 1648 γὰρ
691 1580 828 1648 πρὸς
868 1580 1054 1649 πέψιν,
1085 1579 1210 1633 οὔτε
1239 1582 1302 1612 ¹²⁶
1351 1581 1489 1652 πρὸς
1528 1582 1931 1652 ἐξαιμάτωσιν,

351 1662 476 1717 οὔτε
505 1665 641 1737 πρὸς
663 1667 915 1720 ἀνάδοσιν
937 1669 1164 1740 τροφῆς,
1193 1667 1317 1723 οὔτε
1345 1670 1562 1741 κίνησιν
1587 1671 1708 1724 καθ’
1731 1672 1930 1743 ὁρμὴν,

2033 496 2158 551 dam
2193 495 2249 550 in
2302 495 2437 550 locis
2477 537 2494 563 ,
2550 495 2603 550 in
2657 497 2986 568 quibusdam
3040 512 3171 552 vero
3216 513 3314 566 per
3379 499 3618 568 seipsam

2031 587 2266 644 exsistit.
2319 586 2440 657 Ipsa
2497 588 2684 650 etiam,
2742 588 3203 659 quemadmodum
3265 597 3320 642 et
3377 587 3447 642 de
3497 595 3621 641 cute

2032 675 2241 731 dictum
2325 686 2444 744 est,
2513 687 2627 733 toto
2704 679 2922 748 corpori
3000 679 3447 743 subextenditur,
3509 693 3622 748 quo

2032 768 2240 824 aestatis
2281 777 2551 837 tempore,
2585 770 2847 826 sudorum
2898 771 3234 834 excretione,
3275 769 3498 824 animali
3528 785 3617 824 re—

2034 858 2313 928 frigerium
2361 869 2653 930 suggerat,
2712 861 2948 929 pilorum
2987 875 3117 915 vero
3172 860 3484 930 lanuginem
3547 859 3618 913 ad

2036 949 2237 1005 hiemis
2295 963 2457 1004 usum
2516 949 2764 1018 largitur.
2827 949 3061 1004 Carnem
3123 965 3362 1018 namque
3420 951 3615 1019 ipsam,

2037 1039 2214 1110 σάρκα
2246 1038 2418 1094 ϐηεεί
2448 1039 2602 1110 παρὰ
2652 1040 2714 1092 τὸ
2757 1040 3129 1110 ἀποσύρεσθαι
3174 1040 3243 1093 τὰ
3291 1041 3467 1111 δέρμα
3523 1041 3618 1093 ἀπ’

2035 1128 2224 1196 αὐτῆς,
2292 1129 2430 1198 quod
2487 1128 2741 1184 videlicet
2785 1128 2848 1182 ab
2911 1129 3030 1198 ipsa
3090 1129 3228 1184 cutis
3283 1128 3617 1189 detrahatur,

2035 1218 2326 1287 appellant.
2356 1217 2538 1272 Cutim
2591 1234 2720 1273 vero
2773 1218 2970 1289 δέρμα,
3023 1219 3183 1289 quasi
3218 1218 3418 1290 τέρμα,
3445 1220 3620 1289 prima

2035 1317 2243 1363 mutata
2265 1309 2469 1375 littera,
2497 1310 2547 1364 id
2571 1318 2655 1364 est
2681 1311 2936 1364 terminus
2969 1310 3192 1380 quidam
3231 1312 3511 1380 corporis,
3534 1311 3622 1366 vel

2035 1399 2156 1467 ﬁnis
2190 1400 2282 1464 sit,
2311 1415 2436 1454 cum
2472 1401 2520 1454 ei
2562 1401 2802 1470 undique
2833 1401 3168 1466 obducatur;
3198 1400 3315 1456 sive
3332 1400 3493 1472 δέμα,
3518 1400 3624 1456 hoc

2035 1502 2138 1557 est,
2173 1497 2318 1562 quod
2356 1492 2658 1558 vinculum,
2689 1509 2784 1547 seu
2823 1493 3172 1563 ligamentum
3219 1493 3474 1562 corporis
3514 1492 3620 1555 sit,

2036 1596 2164 1636 cum
2233 1580 2412 1650 ipsum
2484 1580 2811 1649 comprimat
2873 1582 3113 1650 undique
3131 1582 3622 1651 constringatque;

2036 1672 2151 1727 sive
2194 1670 2370 1742 δέρμα
2401 1671 2553 1742 παρὰ
2584 1672 2646 1724 τὸ
2671 1671 3064 1742 ἁποδέρεσθαι,
3106 1689 3140 1725 a
3171 1673 3498 1726 detrahendo
3531 1671 3621 1724 di-

351 1753 476 1809 οὔτε
509 1757 644 1820 ὅλως
684 1757 966 1828 ἐνέργειαν
1008 1760 1130 1813 τινὰ
1159 1761 1237 1830 τῷ
1276 1759 1400 1832 ζώῳ
1439 1762 1766 1832 παρέχεται,
1797 1761 1934 1816 ἀλλὰ

2040 1759 2394 1827 ripiendoque,
2411 1757 2555 1828 quod
2585 1757 2638 1811 in
2655 1758 2986 1814 animalibus
3007 1758 3457 1827 assidue,quibus
3477 1758 3623 1812 cutis

355 1845 576 1898 πάντων
601 1845 800 1912 ἔξωθεν
844 1847 1096 1917 κείμενον
1124 1849 1194 1902 τὰ
1224 1850 1321 1902 τοῦ
1359 1851 1612 1920 σώματος
1644 1853 1740 1906 ὅλα
1766 1853 1808 1884 ¹⁸
1838 1870 1936 1906 πε-

355 1935 514 2006 ριττὰ
544 1936 783 2002 εὐλόγως
809 1939 852 1968 ¹⁸
887 1939 1170 2010 ἐκδέχεται
1192 1941 1255 2006 η,
1295 1939 1418 1993 ὅθεν
1442 1942 1535 1994 ml.
1565 1943 1731 1996 οἱονεὶ
1764 1961 1935 1997 κατα-

353 2027 615 2097 τέτρηται
647 2029 689 2060 ¹⁶
722 2028 895 2081 διόλου
934 2030 1070 2100 πρὸς
1105 2030 1349 2102 ἀναποὴν
1381 2032 1474 2084 καὶ
1511 2032 1755 2103 ἱδρώτων
1795 2035 1935 2088 ἀπό-

354 2135 539 2186 κρισιν
562 2136 574 2148 ’
613 2121 706 2172 ml.
741 2119 887 2172 ἔστιν
931 2120 1325 2192 ἀσθενέστερον
1358 2121 1468 2174 τῶν
1499 2123 1674 2177 ἄλλων
1706 2124 1933 2196 μορίων.

354 2211 470 2263 Οὐκ
499 2210 622 2280 ἴσην
665 2211 774 2281 γὰρ
800 2210 900 2282 τὴν
942 2211 1134 2283 ῥώμην
1160 2211 1374 2266 ᾶπαντα
1407 2212 1477 2266 τὰ
1513 2214 1677 2286 μόρια
1706 2216 1938 2289 κέκτην-

353 2319 446 2356 ται
475 2301 516 2333 ¹⁷
537 2318 550 2333 ·
585 2302 721 2356 ἀλλὰ
746 2303 814 2355 τὰ
863 2302 1209 2372 κυριώτερα,
1258 2305 1354 2357 ml.
1387 2298 1500 2358 οἷον
1541 2308 1596 2358 αἱ
1629 2307 1796 2378 ἁρχαὶ
1843 2309 1936 2362 τοῦ

358 2391 630 2466 σώματος,
657 2393 1064 2465 ῥωμαλεώτερα
1084 2396 1124 2426 ¹³
1152 2394 1210 2460 ἐξ
1240 2395 1492 2467 ὑπαρχῆς
1512 2395 1553 2428 ¹⁹
1579 2398 1822 2466 ἐγεγόνει
1845 2405 1940 2453 ml.

361 2485 715 2556 ἰσχυρότεραι
775 2488 862 2540 ἴνα
911 2486 1004 2539 καὶ
1059 2486 1160 2556 τὴν
1210 2486 1274 2538 ὲκ
1323 2485 1682 2557 πλημμελοῢς
1726 2489 1939 2560 διαίτης

357 2574 647 2646 ἀπωθῆται
697 2577 900 2630 κακίαν
923 2618 936 2644 ,
969 2575 1064 2630 ml
1093 2574 1193 2646 τὴν
1245 2576 1483 2648 φυσικὴν
1523 2577 1753 2649 δύναμιν
1782 2597 1939 2652 περι-

361 2666 529 2740 σώζῃ.

2037 1849 2363 1914 detrahitur,
2395 1865 2620 1905 cernere
2639 1863 2742 1905 est.
2765 1851 2911 1914 Aut,
2937 1852 3098 1921 quasi
3127 1850 3319 1921 δέμας,
3354 1849 3622 1920 quemad-

2037 1940 2259 1994 modum
2287 1948 2340 1996 et
2360 1956 2560 2011 corpus
2581 1940 2803 2006 dicitur,
2827 1941 2955 1996 inde
2979 1941 3232 1996 videlicet
3251 1941 3396 2010 quod
3420 1940 3619 1994 animae

2037 2044 2304 2098 vinculum
2341 2046 2434 2100 sit.
2486 2045 2558 2099 At
2603 2046 2770 2100 cutim
2793 2045 2964 2114 ipsam
3010 2045 3065 2098 in
3109 2059 3341 2113 corpore
3364 2044 3430 2097 ad
3457 2059 3618 2097 usum

2038 2135 2438 2199 tantummodo,
2476 2151 2586 2189 non
2645 2145 2826 2189 autem
2871 2135 3104 2189 actionis
3159 2135 3390 2202 alicujus
3447 2132 3621 2202 gratia

2041 2226 2394 2279 constitutam
2463 2240 2586 2280 esse
2655 2233 2866 2280 certum
2939 2235 3045 2280 est.
3101 2224 3221 2279 Non
3304 2225 3450 2279 enim
3504 2224 3622 2292 ipsa

2039 2314 2107 2369 ad
2142 2315 2593 2384 concoquendum
2643 2316 2848 2380 cibum,
2884 2317 2972 2371 vel
3018 2316 3461 2371 constituendum
3492 2330 3622 2368 san-

2041 2407 2291 2476 guinem,
2352 2416 2446 2462 aut
2524 2407 2960 2462 distribuendum
3033 2408 3383 2470 alimentum,
3447 2419 3624 2475 neque

2042 2497 2108 2551 ad
2136 2506 2365 2559 motum,
2398 2499 2491 2567 qui
2534 2512 2660 2552 cum
2698 2497 2903 2566 impetu
2953 2497 3013 2551 ﬁt
3063 2498 3474 2568 perficiendum,
3530 2503 3627 2550 aut

2042 2588 2120 2642 rei
2178 2589 2408 2658 alicujus
2461 2605 2623 2644 usum
2675 2589 2898 2644 animali
2946 2589 3324 2658 impertiendo,
3388 2588 3624 2643 ofﬁcium

2042 2680 2250 2747 explet;
2290 2681 2383 2736 sed
2428 2696 2555 2736 cum
2605 2683 2848 2735 omnium
2877 2680 3118 2735 exterior
3163 2681 3451 2745 consistat,
3501 2677 3628 2733 uni.

263 2829 272 2838 _
360 2779 521 2818 versa
573 2766 821 2835 corporis
872 2766 1046 2821 nostri
1081 2779 1443 2835 supervacua,
1492 2767 1696 2838 optima
1741 2769 1951 2826 ratione
2008 2774 2218 2843 recipit.
2279 2773 2672 2842 Quamobrem,
2735 2776 2801 2828 ad
2860 2775 3281 2843 respirationem
3336 2775 3627 2828 sudorum-

360 2875 467 2926 qne
526 2861 914 2925 excretioneni,
984 2860 1141 2930 quasi
1223 2863 1495 2916 terebrata
1573 2871 1692 2928 est,
1759 2872 1812 2917 et
1865 2863 1980 2932 ipsa
2013 2867 2258 2921 omnium
2327 2868 2562 2936 partium
2640 2867 2967 2923 imbecillior
3019 2867 3270 2920 habetur.
3322 2861 3432 2918 Nec
3493 2875 3624 2916 vero

359 2949 478 3014 pari
507 2950 702 3004 robore
735 2953 918 3006 omnia
951 2955 1198 3009 membra
1239 2952 1479 3007 hominis
1537 2953 1764 3022 praedita
1800 2963 1946 3021 sunt,
1987 2957 2079 3011 sed
2152 2958 2327 3028 magis
2377 2958 2720 3028 principalia,
2775 2976 2899 3028 qua-
2940 2959 3099 3028 quasi
3142 2956 3407 3027 principia
3461 2968 3614 3024 quaa-

359 3045 484 3097 dam
553 3044 802 3112 corporis
866 3045 1170 3110 habentur,
1221 3047 1536 3100 robustiora
1600 3044 1938 3117 fortioraque
1987 3064 2016 3102 a
2050 3052 2226 3119 primo
2272 3062 2395 3107 ortu
2460 3053 2762 3107 constituta
2813 3061 2975 3117 sunt,
3005 3062 3162 3108 utex
3218 3050 3627 3122 pinguescentis

371 3136 551 3190 victus
589 3151 690 3189 usu
747 3137 1122 3203 provenientia
1157 3137 1501 3192 incommoda
1544 3137 1856 3206 abigerent,
1904 3147 1957 3192 et
1983 3144 2287 3198 naturalem
2319 3145 2426 3197 vim
2453 3145 2711 3199 tutiorem
2736 3153 3083 3199 conservent.

437 3229 591 3298 Ἔχει
613 3227 668 3280 δὲ
684 3229 712 3280 ὁ
737 3228 1024 3296 ἄνθρωπος
1045 3229 1166 3282 καθ’
1191 3230 1326 3282 ὅλων
1354 3229 1464 3281 τῶν
1493 3229 1720 3300 μορίων,
1762 3230 1857 3282 καὶ
1884 3231 1937 3281 ὲν

2117 3235 2290 3291 Homo
2337 3247 2518 3290 autem
2562 3237 2615 3289 in
2647 3237 2904 3290 omnibus
2927 3236 3174 3305 corporis
3209 3233 3478 3303 partibus,
3508 3241 3626 3286 tum

361 3324 428 3393 τῇ
484 3320 684 3390 γαστρὶ
731 3321 825 3373 καὶ
860 3321 918 3373 ἐν
967 3325 1081 3384 τοῖς
1127 3323 1367 3394 ἐντέροις
1408 3321 1667 3393 πιμελὴν,
1710 3322 1825 3375 ἀλλ’
1878 3323 1938 3375 οὐ

364 3415 560 3484 στέαρ·
592 3415 674 3467 ὅτι
716 3415 967 3484 διαφέρει
1013 3415 1221 3486 πιμελὴ
1262 3415 1505 3479 στέατος,
1532 3414 1614 3484 τῷ
1642 3414 1742 3482 τὴν
1773 3430 1942 3482 πιμε-

361 3508 462 3577 λὴν
490 3507 827 3576 ψυχομένην,
853 3507 1100 3574 ἄπηκτον
1127 3506 1426 3574 διαμένειν,
1461 3506 1520 3559 τὸ
1545 3505 1600 3558 δὲ
1624 3509 1792 3575 στέαρ
1827 3507 1943 3575 ἅμα

366 3597 678 3668 πήσσεσθαι
712 3599 780 3661 ²⁰,
814 3596 953 3650 ὥστε
982 3598 1076 3651 ml.
1107 3595 1444 3668 Θρύπτεσθαι
1466 3613 1479 3626 ·
1508 3597 1589 3650 διὸ
1619 3597 1713 3649 καὶ
1750 3598 1800 3649 ot
1835 3595 1942 3658 ζω-

365 3690 461 3761 μοὶ
492 3690 601 3742 τῶν
635 3691 732 3758 μὲν
767 3688 1116 3759 πιμελωδῶν,
1166 3680 1228 3741 οὗ
1267 3691 1573 3760 πήσσονται
1611 3689 1679 3752 ’¹,
1729 3688 1835 3740 τῶν
1883 3686 1943 3739 δὲ

367 3781 686 3836 στεατωδῶν
734 3783 1054 3851 πήσσονται,
1094 3781 1169 3843 ὡς
1202 3780 1343 3849 βοὸς,
1385 3780 1559 3848 αἰγὸς,
1603 3780 1697 3832 καὶ
1735 3778 1944 3848 προϐά-

362 3883 499 3928 του.⁸
515 3874 838 3926 Συνίσταται
885 3873 942 3925 δὲ
979 3875 1011 3943 ὴ
1053 3871 1259 3942 πιμελὴ
1312 3873 1376 3924 ὲκ
1416 3871 1524 3923 τῶν
1549 3871 1606 3921 έν
1647 3869 1725 3940 τῷ
1751 3871 1945 3939 αἵματι

365 3967 684 4037 φερομένων
722 3966 1018 4025 έλαιωδῶν,
1046 3967 1108 4017 ὲκ
1154 3964 1261 4017 τῶν
1304 3967 1348 3995 ’³
1387 3962 1781 4033 λιπαρωτέρων
1821 3979 1945 4032 τρο-

365 4055 505 4124 φῶν,
541 4055 577 4109 ει
621 4057 679 4108 ἐν
716 4059 832 4118 τοῖς
887 4054 1249 4125 ψυχροτέροις
1297 4054 1408 4107 τῶν
1463 4055 1668 4124 μορίων
1715 4051 1946 4116 καθιζά-

365 4163 526 4201 νοντα
562 4148 864 4217 πήγνυνται
902 4148 965 4200 ³³.
1023 4146 1248 4216 Πιμέλη
1281 4146 1336 4199 δὲ
1377 4145 1596 4215 λέγεται
1653 4144 1803 4213 παρὰ
1847 4145 1947 4214 τὴν

367 4236 534 4306 πῆξιν
582 4237 681 4307 τῆς
717 4235 966 4308 τροφῆς⁶
1015 4237 1047 4306 ἢ
1111 4236 1316 4305 πιμέλη
1369 4237 1453 4299 τίς
1509 4237 1647 4300 ἐστι,
1694 4234 1846 4304 παρὰ
1882 4235 1946 4286 τὸ

371 4328 638 4381 πιαίνεινο
677 4330 1008 4399 ὑγραίνουσα
1043 4328 1090 4359 ’⁸
1129 4329 1198 4381 τὰ
1255 4328 1393 4399 μέλη
1428 4331 1493 4382 ³³.
1565 4328 1622 4381 Ὀ
1670 4327 1728 4381 δὲ
1770 4326 1951 4380 σύνδε-

369 4434 508 4486 σμος
539 4418 853 4489 περίὸλημά
881 4419 997 4470 ἐστι
1025 4416 1313 4486 νευρῶδες,
1341 4418 1396 4482 ἐξ
1417 4415 1582 4470 αὐτοῦ
1607 4415 1705 4485 τὴν
1735 4416 1950 4483 γένεσιν

369 4508 509 4579 ἔχων
541 4512 605 4573 ’⁸,
634 4511 769 4580 ὅπερ
800 4509 1106 4563 συνδέδεται
1131 4511 1252 4572 ταῖς
1281 4508 1625 4579 ἀρθρώσεσιν
1658 4508 1726 4561 ’⁷.

2045 3327 2100 3381 in
2145 3328 2285 3392 alvo,
2337 3336 2450 3381 tum
2511 3327 2566 3380 in
2619 3326 2925 3389 intestinis,
2981 3326 3247 3395 exungia,
3283 3339 3394 3380 non
3445 3335 3626 3379 autem

2045 3433 2175 3478 sevo
2231 3419 2495 3486 praeditus
2556 3427 2659 3471 est.
2722 3416 2858 3471 Nam
2923 3418 3155 3488 exungia
3229 3430 3259 3469 a
3307 3431 3458 3477 sevo,
3523 3416 3629 3470 hoc

2044 3510 2337 3577 discrepat,
2379 3509 2523 3576 quod
2577 3507 2814 3577 exungia
2869 3508 3026 3576 132
3086 3506 3339 3575 quidem,
3387 3505 3626 3574 rigorem

2045 3601 2305 3665 sentiens,
2351 3615 2458 3654 non
2519 3601 2844 3663 concrescit,
2901 3613 3090 3652 sevum
3154 3611 3282 3650 vero
3329 3605 3528 3665 praeter
3575 3595 3628 3652 id

2045 3688 2191 3758 quod
2239 3689 2561 3751 concrescit,
2600 3687 2773 3757 frangi
2824 3687 2988 3740 etiam
3038 3693 3232 3756 potest.
3263 3685 3627 3755 Quapropter,

2046 3779 2407 3848 exungiosum
2454 3780 2544 3849 jus
2613 3793 2967 3833 concrescere
3030 3777 3348 3846 neutiquam
3411 3786 3627 3846 potest,

2048 3884 2302 3924 sevosum
2324 3884 2469 3930 vero,
2511 3877 2571 3922 ut
2599 3867 2773 3930 bovis,
2808 3866 2956 3936 capri
2985 3874 3039 3921 et
3066 3867 3252 3920 arietis
3304 3868 3625 3936 concrescit.

2049 3960 2327 4030 Siquidem
2376 3960 2631 4029 exungia,
2676 3959 2859 4027 pingui
2907 3973 2974 4010 ex
3025 3958 3328 4012 substantia
3372 3959 3629 4027 quadam,

2049 4066 2170 4119 quae
2187 4051 2241 4104 in
2259 4050 2528 4120 sanguine
2539 4047 2751 4109 est,olei
2770 4046 3185 4101 similitudinem
3202 4061 3312 4115 pra:
3327 4061 3384 4100 se
3402 4044 3629 4111 ferente,

2049 4141 2428 4204 constituitur,
2451 4154 2594 4209 quas,
2620 4153 2740 4192 cum
2762 4137 2815 4190 in
2844 4135 3216 4206 frigidioribus
3239 4135 3483 4204 corporis
3503 4149 3633 4202 par-

2053 4233 2197 4287 tibus
2217 4230 2503 4292 consistat,
2523 4243 2631 4282 non
2653 4227 2977 4282 concrescit.
3001 4224 3245 4293 Exungia
3262 4225 3406 4277 enim
3427 4221 3629 4293 πιμελὴ

2051 4338 2081 4377 a
2104 4321 2309 4377 Graecis
2332 4329 2697 4389 nuncupatur,
2725 4318 2880 4389 παρὰ
2906 4317 2968 4370 τὸ
2989 4316 3088 4387 τὴν
3110 4315 3274 4385 πῆξιν
3302 4315 3404 4384 τῆς
3425 4313 3634 4386 τροφῆς

2052 4411 2212 4477 εἶναι,
2243 4412 2387 4481 quod
2416 4412 2532 4480 ipsa
2580 4411 2834 4464 videlicet
2873 4424 2939 4463 ex
2985 4408 3248 4462 alimento
3287 4411 3630 4459 concrescat.

2055 4503 2180 4558 Sive
2210 4503 2320 4555 ἀπὸ
2360 4502 2455 4554 τοῦ
2489 4501 2692 4555 πιαίειν
2723 4539 2738 4562 ,
2777 4500 2923 4569 quod
2969 4496 3340 4552 humectando
3384 4493 3634 4563 corporis

369 4610 576 4672 partes,
607 4617 700 4656 eas
735 4600 1059 4672 impinguat,
1111 4601 1254 4672 quod
1285 4601 1358 4654 illi
1401 4600 1524 4653 πίον
1557 4598 1618 4652 τὸ
1671 4596 1901 4668 λιπαρὸν
1958 4595 2159 4664 pingue
2193 4592 2401 4646 dicunt.
2433 4591 2894 4661 At‘ligamentum
2934 4590 2987 4643 in
3021 4602 3253 4659 corpore
3286 4594 3477 4640 nostro
3498 4627 3513 4652 ,
3545 4596 3635 4637 os—

371 4697 516 4751 sium
548 4693 805 4749 obductio
835 4697 1108 4764 quaedam,
1138 4692 1375 4749 nervalis
1408 4701 1520 4755 est,
1555 4706 1676 4760 quae
1713 4706 1778 4744 ex
1833 4689 1968 4757 ipsis
2031 4686 2256 4740 ossibus
2319 4694 2735 4753 progeneratur,
2775 4683 2920 4752 quod
2959 4679 3510 4735 dearticulationibus
3549 4678 3636 4732 iu-

371 4789 544 4842 vicem
578 4788 889 4855 copulatur.
917 4785 1231 4840 Membrana
1256 4798 1405 4846 vero,
1435 4781 1656 4836 nervale
1675 4778 1950 4848 quoddam
1998 4789 2198 4844 corpus
2226 4773 2297 4827 in'
2337 4773 2680 4827 latitudinem
2735 4780 3053 4841 protensum
3087 4776 3191 4824 est.

453 4884 511 4936 Ὀ
549 4883 604 4935 δὲ
627 4883 768 4952 ὑμὴν
797 4881 961 4951 σῶμά
987 4883 1103 4934 ἐστι
1123 4879 1388 4948 νευρῶδες
1419 4876 1591 4928 πλατύ
1615 4893 1627 4907 ο
1671 4876 1704 4943 ἡ
1729 4873 1785 4925 δὲ
1815 4871 1937 4941 σὰρξ

2124 4869 2193 4922 At
2242 4883 2393 4931 caro,
2444 4867 2672 4936 simplex
2723 4873 3015 4920 concretus
3056 4861 3281 4931 sanguis
3327 4868 3430 4927 est,
3479 4859 3639 4928 cujus

371 4975 404 5041 ὴ
434 4973 581 5043 ἁπλῆ
615 4973 659 5004 ³⁸
692 4968 833 5042 αἷμά
855 4975 971 5025 ἐστι
1000 4971 1271 5040 πεπηγός.
1307 4967 1379 5020 Τὸ
1399 4967 1457 5020 δὲ
1494 4962 1637 5036 αἷμὰ
1676 4967 1792 5017 ἐστι
1824 4964 1937 5034 θερ-

2054 4960 2273 5030 quidem
2347 4958 2665 5013 constitutio
2724 4957 2935 5022 calida,
3008 4953 3374 5022 ltumidaque,
3447 4960 3637 5020 gustus

374 5067 479 5135 μὸν
541 5041 637 5118 καὶ
683 5041 846 5136 ὑγρὸν
886 5065 1027 5118 κατὰ
1072 5062 1370 5115 σύστασιν·
1435 5059 1580 5113 κατὰ
1630 5059 1687 5110 δὲ
1760 5057 1937 5124 γεῦσικ.

2055 5069 2185 5107 vero
2231 5053 2406 5105 dulcis
2459 5060 2561 5104 est.
2595 5050 2660 5101 Et
2688 5047 2912 5116 sanguis
2970 5045 3186 5115 quidem
3233 5044 3303 5098 ab
3356 5042 3462 5095 illis
3498 5041 3638 5111 αἷμα

370 5132 546 5222 γλυκύ
571 5171 584 5184 ·
611 5132 768 5226 παρᾶ
787 5154 843 5208 δὲ
870 5153 930 5207 τὸ
957 5154 1102 5208 ατθω
1135 5152 1196 5206 τὸ
1228 5151 1372 5206 καὶω
1403 5144 1546 5218 αἷμα
1584 5147 1807 5217 ἐκλήθη.
1843 5147 1937 5198 Οὐ·

2058 5143 2210 5214 παρὰ
2257 5142 2315 5194 τὸ
2365 5140 2534 5205 αἴθω,
2587 5140 2647 5192 τὸ
2694 5139 2864 5204 mlo),
2919 5153 2949 5192 a
3009 5135 3380 5192 comburendo
3434 5132 3634 5193 dictus,

445 5337 467 5369 ⁹
496 5336 726 5406 παρέχει
755 5337 815 5389 Β.
897 5336 940 5367 ¹⁰
972 5334 1346 5404 ἀποσύρεσθαι
1371 5333 1411 5383 Β
1443 5331 1504 5386 C.
1586 5332 1627 5362 "
1660 5331 1803 5406 ὼσπ.
1842 5345 1894 5406 τ.
1921 5326 2257 5406 συνεσχηκρς
2302 5325 2564 5406 τὸ“σιξέμα
2588 5323 2708 5406 καὶ.
2731 5318 3114 5406 συςθδεσμοῦνῂ
3218 5315 3331 5406 οἷον
3370 5315 3540 5406 δέμιξξ

371 5382 862 5475 ὥππέὄττὲἳέαἳη
928 5382 1502 5475 ι’ὶλὶέὲέιπῖιῖιένῠῗΓξ
1542 5401 1623 5475 ”__'
1655 5382 2018 5475 esuries
2090 5382 2507 5475 Ξ³’Ξλ6υ.-¹ξ-¹ἶῖ
2588 5393 2896 5475 “suae:
2927 5382 2996 5475 12-.
3071 5382 3634 5475 ¹,ἐῖσέ⁵έκξξαι“.β-1³·

375 5453 910 5546 ῖᾷέᾶἓᾳξέᾷᾆὲαῖίυ.
996 5453 1360 5546 ’ἦ
1386 5453 1444 5524 Β.
1491 5471 1504 5536 |
1578 5470 1619 5500 ¹⁸
1655 5453 2137 5546 ῥω-μαὶλα-ίὸτεραιξ
2165 5467 2223 5519 Ρ.
2303 5466 2432 5546 “nsi;
2469 5461 2792 5546 d‘tttapzi‘gnﬂ
2951 5460 2996 5544 ’,θ
3026 5453 3402 5546 πήσεσεὶὶαιΒὰ
3429 5453 3638 5546 sliat}:

375 5524 879 5604 2:58:—
898 5524 1541 5609 στεατωδῶνᾶέἡσσονται
1567 5524 1676 5592 οιιι’.
1713 5524 1751 5590 Ᾱ
1776 5537 1828 5609 ,Β
1858 5538 1917 5591 C.
1951 5606 1960 5609 _
1996 5524 2041 5609 ξ’
2071 5537 2179 5589 τῶν
2204 5549 2312 5609 om.
2344 5524 2544 5609 Βλγὰρ
2567 5524 2688 5609 τῶν
2707 5532 2765 5609 P_.
2843 5532 2888 5562 ³³
2913 5524 3188 5609 ῖτήγγυ’“ξαι
3222 5526 3278 5579 Β.
3309 5524 3402 5609 η’*
3510 5524 3636 5609 ὑγε.

587 5589 1208 5684 έίδᾌὲἶξιέἱαὶ
1871 5589 2186 5675 κέκληται,
2244 5607 2306 5657 ἐκ
2349 5589 2460 5657 ’ποῦ’
2493 5589 2612 5656 iam
2641 5603 2698 5655 τὸ
2747 5589 3046 5670 inrepsit-3i}
3107 5599 3229 5668 ὑγρ.
3266 5594 3352 5649 τὰ⁶
3381 5589 3515 5666 μέλη
3575 5589 3639 5653 Ρ,

375 5687 421 5718 ³⁵
453 5685 573 5752 ἕχον
604 5683 662 5738 Β.
741 5675 783 5716 "7
815 5675 1210 5754 διαρθρώσεσιν
1252 5682 1290 5735 Β
1315 5681 1372 5734 Ρ.
1450 5681 1492 5711 ³⁸
1522 5675 1768 5754 ἁπαλὴυ
1810 5675 1867 5729 Ρ.
2513 5700 2515 5703 ·
