3944 6152
333 347 363 404 1
382 348 477 402 275

1574 334 1662 388 DE
1702 333 1882 390 NATC
1897 334 1986 388 ΒΑ
2031 331 2330 388 ιιοΜιΝιε.

3451 321 3586 376 ιξτι

337 457 570 526 νητήρια
594 455 638 487 ³⁹
671 453 900 524 ὖργανα,
942 453 1106 522 ἡγουν
1143 453 1178 521 ἡ
1200 438 1426 518 γλῶσΰα
1460 448 1554 500 καὶ
1603 449 1664 502 τὸ
1689 447 1788 517 τῆς
1816 463 1908 516 τοο
1939 467 1951 506 λ

2055 448 2181 512 isus,
2233 442 2488 507 olfactus,
2555 440 2797 500 auditus,
2869 444 3060 508 gustus
3120 443 3173 488 et
3219 440 3417 486 tactus.
3474 429 3586 482 Vo-

337 545 437 615 νῆς
462 546 507 577 ⁸⁸
534 543 912 612 ἀποκριτικόν.
945 541 1114 595 Πάλιν
1145 539 1398 610 σώματος
1447 539 1694 609 κινήσεις
1739 539 1910 591 ἑπτᾶο

338 635 608 707 ὀργανικά
631 636 731 705 μὲν
744 634 806 699 εξ
832 651 846 666 °
882 635 916 705 ἡ
955 634 1090 696 ἄνω,
1124 634 1158 703 ἠ
1191 629 1366 692 κάτω,
1405 630 1440 699 ἡ
1472 629 1602 694 ἔσω,
1626 632 1659 698 ἡ
1685 627 1912 698 achad]

339 727 628 799 ἀριστερὰ,
672 727 768 779 καὶ
823 726 858 795 ὴ
915 723 1148 794 κυκλική
1178 741 1189 752 ·
1231 722 1266 793 ἢ
1320 719 1496 783 οὕτως
1522 737 1536 752 ο
1589 719 1914 789 γέννησις,

342 823 623 890 αὔξησις,
653 822 918 892 μείωσις,
960 821 1169 890 φθορὰ,
1193 819 1546 884 ἀλλοίωσις,
1585 815 1915 887 μεταϐολὴ,

344 913 436 964 καὶ
465 911 706 976 στάσις.
739 911 810 962 Αἵ
860 927 923 963 τε
971 907 1295 978 ἀποκρίσεις
1326 905 1420 960 τοῦ
1449 904 1705 974 σώματος
1736 902 1882 955 ἑπτά
1906 916 1919 928 ο

345 1001 598 1071 δάκρυα.
625 1001 810 1071 μύξαι
826 1000 894 1065 ⁸¹,
926 1001 1154 1064 σίελος,
1185 996 1442 1066 σπέρμα,
1460 995 1630 1048 διττοὶ
1662 1009 1924 1061 περιττω-

353 1097 538 1167 μάτων
564 1096 763 1166 ὀχετοὶ,
815 1096 909 1150 καί⁸
943 1098 973 1149 ὀ
1019 1094 1084 1148 δι’
1125 1093 1250 1148 ὅλου
1305 1091 1404 1145 τοῦ
1443 1090 1696 1161 σώματος
1725 1085 1920 1155 ἱδρώς.

354 1187 566 1257 Ὠσπερ
594 1187 650 1240 δὲ
678 1187 895 1240 πάντων
932 1187 977 1218 ⁸⁸
1000 1185 1109 1238 τῶν
1145 1186 1203 1238 ὲν
1250 1183 1329 1254 τῷ
1354 1183 1549 1262 κόσμῳ
1590 1178 1922 1249 γενομένων,

354 1281 422 1332 τὰ
449 1279 548 1349 μὲν
576 1279 644 1332 δι’
697 1279 865 1332 ἑαυτὰ
900 1277 1092 1344 γέγονε
1123 1293 1139 1307 ο
1179 1276 1276 1328 καὶ
1305 1273 1372 1327 δι’
1426 1272 1599 1326 ἑαυτὰ
1627 1270 1692 1335 ⁸³,
1725 1269 1826 1323 καὶ
1857 1267 1922 1321 δι’

354 1371 550 1438 ιτεριι⁸
583 1367 765 1432 καθὼς
809 1369 867 1421 ιν
898 1370 1014 1430 τοῖς
1059 1365 1427 1437 προλαϐοῦσιν
1474 1360 1721 1430 ἐδείχθη·
1753 1358 1928 1421 οὕτως

357 1464 454 1516 καὶ
491 1461 583 1513 ἐπὶ
630 1460 740 1514 τῶν
791 1459 998 1530 μορίων
1031 1458 1127 1511 τοῦ
1173 1455 1314 1520 ζώου
1369 1454 1648 1525 εὑρήσεις,
1708 1453 1767 1504 ὲν
1817 1453 1930 1512 τοῖς

357 1552 705 1622 ἄρχουσικαὶ
733 1551 788 1603 έν
804 1552 915 1612 τοῖς
941 1548 1288 1618 ἀρχομένοις.
1308 1544 1496 1599 Ταῦτα
1524 1543 1634 1614 γὰρ
1665 1557 1935 1613 προηγουο

361 1643 539 1712 μένως
567 1642 663 1694 καὶ⁸
688 1641 830 1694 κατὰ
860 1640 1076 1710 πρῶτον
1105 1639 1263 1707 λόγον
1279 1635 1718 1691 κατεσκεύασται
1740 1651 1754 1665 ⁶
1779 1633 1815 1688 ἃ
1840 1632 1934 1686 καὶ

359 1733 500 1787 κατὰ
533 1732 692 1802 φύσιν
716 1733 920 1803 κυρίως
956 1731 1195 1799 λέγεται.

2011 538 2132 593 cale
2183 537 2630 598 instrumentum,
2681 532 2867 602 lingua
2906 537 3023 592 est,
3090 535 3144 580 et
3195 524 3341 594 quod
3414 521 3589 591 ipsam
3633 538 3636 540 ν

2017 643 2204 684 vocem
2237 627 2453 682 emittit.
2484 623 2590 678 Sed
2620 631 2674 678 et
2698 620 2945 691 corporis
2993 626 3176 672 motus
3229 621 3435 681 septem
3470 625 3593 665 esse

2018 718 2272 782 dicimus,
2313 716 2452 770 inter
2489 727 2632 784 quos
2669 705 3115 764 instrumentales
3151 717 3248 756 sex
3289 711 3593 754 connume-

2020 819 2213 863 rantur
2245 826 2258 860 :
2286 821 2531 868 sursum,
2560 805 2840 864 deorsum,
2859 807 3004 863 ante,
3029 805 3195 861 retro,
3220 793 3590 851 dextrorsum,

2020 901 2397 974 sinistrorsum
2444 905 2499 953 et
2543 893 2844 949 circularis.
2888 888 2981 943 Vel
3008 889 3080 942 ita
3118 903 3133 940 :
3165 883 3464 955 generatio,
3509 879 3595 933 in-

2022 969 2362 1045 crementum
2383 1031 2398 1054 ,
2446 987 2856 1040 decrementum
2882 1019 2896 1044 ,
2947 976 3228 1045 corruptio
3248 1015 3263 1038 ,
3303 968 3554 1026 alteratio
3575 1009 3591 1028 .

2024 1080 2257 1136 mutatio
2285 1088 2340 1134 et
2371 1087 2566 1134 status.
2598 1074 2705 1130 Sed
2737 1082 2790 1128 et
2823 1069 3071 1140 corporis
3101 1064 3262 1136 134
3288 1061 3458 1117 nostri
3495 1071 3595 1113 ex-

2025 1171 2298 1227 cretiones
2325 1177 2532 1238 septem
2567 1173 2697 1221 sunt
2733 1183 2747 1219 :
2783 1165 3037 1233 lacryma:
3061 1200 3076 1225 ,
3120 1171 3351 1217 mucus,
3393 1152 3595 1214 saliva,

2028 1276 2214 1318 semen
2235 1259 2488 1331 genitale,
2507 1263 2913 1312 excrementum
2932 1251 3165 1308 siccum,
3193 1250 3596 1300 excrementum

2029 1352 2348 1415 humidum,
2388 1349 2557 1404 totius
2601 1345 2850 1418 corporis
2895 1341 3084 1398 sudor.
3129 1332 3598 1404 Quemadmodum

2029 1446 2219 1510 enim,
2267 1458 2332 1497 ex
2383 1439 2641 1496 omnibus
2691 1436 2858 1492 rebus
2904 1448 3028 1504 qua:
3071 1431 3125 1484 iu
3177 1440 3360 1484 rerum
3406 1428 3600 1476 natura

2032 1541 2231 1590 creatae
2261 1531 2532 1592 visuntur,
2557 1527 2804 1598 qmedam
2845 1524 2929 1579 sui
2959 1533 3124 1576 causa
3147 1559 3162 1584 ,
3202 1512 3479 1571 nonnullae
3513 1508 3603 1563 sui

2033 1633 2089 1682 et
2114 1624 2367 1687 aliorum,
2392 1630 2453 1675 ut
2479 1620 2630 1690 prius
2649 1615 3000 1676 adduximus,
3028 1614 3332 1682 procreatae
3357 1609 3505 1667 sunt,
3526 1601 3602 1654 ita

2038 1727 2093 1770 et
2121 1715 2188 1770 de
2219 1713 2471 1768 animalis
2494 1709 2742 1782 partibus
2767 1721 2889 1762 esse
2909 1703 3164 1766 dicimus,
3198 1711 3428 1769 quarum
3458 1707 3608 1764 quae-

360 1828 484 1882 dam
510 1796 657 1890 sunt,
692 1796 814 1895 quae
845 1796 1171 1894 principales
1204 1822 1497 1886 habentur,
1549 1820 1795 1890 quaedam
1848 1830 1978 1871 vero
2035 1825 2158 1882 quae
2206 1807 2602 1890 principalibus
2650 1801 2974 1859 inserviunt.
3028 1796 3220 1850 Partes
3267 1805 3436 1862 vero,
3485 1800 3608 1858 qua

359 1919 722 1990 principatum
741 1916 1029 1987 quemdam
1047 1931 1078 1970 a
1097 1924 1290 1969 natura
1315 1915 1583 1977 obtinent,
1619 1912 1770 1982 prius
1798 1906 2104 1964 constitutae
2127 1910 2277 1956 sunt.

441 2009 506 2062 'H
535 1969 590 2060 δὲ
619 1969 990 2077 ξανήθῖιιηχολὴ.
1023 1969 1118 2057 καὶ
1162 2003 1231 2056 δι’
1269 2003 1469 2072 ἑαυτὴν
1502 1969 1713 2070 γέγονε,
1739 1999 1836 2051 καὶ⁹
1857 1995 1926 2048 δι’

2101 1992 2170 2045 At
2189 1991 2358 2065 ﬂavae
2403 1988 2530 2044 bilis
2598 1980 2957 2043 constitutio,
2995 1985 3113 2031 tum
3162 1972 3272 2038 sui,
3313 1980 3424 2026 tum
3471 1969 3608 2024 alte-

361 2100 490 2154 ἄλλο
513 2114 530 2131 ·
560 2099 655 2151 καὶ
690 2097 800 2167 γὰρ
827 2096 964 2167 πρὸς
994 2095 1156 2164 πέψιν
1193 2093 1438 2147 συντελεῖ
1469 2093 1539 2156 ⁸⁸,
1572 2091 1667 2145 καὶ
1700 2086 1936 2160 ἐρεθίζει

361 2191 462 2262 τὴν
489 2189 760 2259 ἔκκρισιν,
790 2187 885 2239 καὶ
911 2184 1122 2253 γίνεται
1155 2183 1359 2252 τρόπον
1396 2183 1522 2235 τινὰ
1553 2179 1663 2233 τῶν
1710 2181 1937 2249 θρεπτι-

363 2280 478 2336 κῶν
506 2280 567 2334 ιν
592 2296 647 2332 τι
683 2278 872 2349 μόριον
903 2276 970 2330 ⁸⁸.
1038 2274 1199 2328 Ἀλλὰ
1229 2277 1324 2327 καὶ
1373 2270 1679 2342 θερμασίαν
1710 2266 1938 2337 παρέχει

363 2373 444 2445 τῷ
469 2371 706 2442 σώματι,
755 2367 1008 2436 καθάπερ
1053 2363 1329 2445 ήζωτικὴ
1375 2362 1638 2433 δύναμιςο
1685 2358 1940 2428 καθαίρει

365 2444 426 2520 δέ
457 2465 548 2519 καὶ
581 2463 641 2516 τὸ
668 2457 829 2532 αἷμα,
857 2463 995 2533 ὅπερ
1011 2460 1077 2514 δι’
1101 2444 1229 2514 ἄλλὸ
1247 2457 1396 2510 δοκεί
1421 2471 1538 2518 πως
1562 2453 1608 2484 ⁸⁸
1637 2449 1940 2520 γεγονέναι.

370 2557 483 2610 Καὶ
510 2558 539 2610 ὀ
564 2555 737 2626 σπλὴν
757 2555 836 2618 δὲ,
872 2555 966 2607 καὶ
991 2552 1058 2606 δι’
1077 2549 1267 2604 ἑαυτὸν
1298 2547 1514 2616 γέγονε,
1555 2545 1650 2598 καὶ
1682 2543 1748 2596 δι’
1780 2541 1908 2596 ἄλλο
1925 2554 1941 2570 ⁸

370 2645 437 2700 δι’
469 2642 659 2697 ἑαυτὸν
690 2643 808 2713 μὲν,
831 2643 915 2694 ὅτι
957 2641 1148 2712 μόριον
1198 2634 1435 2705 ὑπάρχει
1464 2632 1574 2686 τῶν
1609 2627 1946 2702 θρεπτικιῖΝ,

373 2737 469 2791 καὶ
510 2735 717 2805 δοχεῖω
740 2733 834 2788 τοῦ
870 2732 1099 2803 μέλανος
1137 2725 1343 2800 χυμοῦο
1372 2724 1462 2778 διὰ
1501 2723 1558 2777 δὲ
1618 2722 1680 2774 τὸ
1719 2719 1952 2774 ἐπισπᾶ-

377 2829 502 2883 σθαι
529 2829 599 2881 τὰ
625 2825 858 2897 περιττὰ
885 2823 980 2877 τοῦ
1010 2822 1245 2892 ἥπατος,
1285 2817 1379 2870 καὶ
1419 2812 1530 2869 οἷον
1571 2811 1952 2882 διακαθαίρειν

375 2919 530 2982 αὐτὸ,
572 2918 638 2972 δι’
673 2916 802 2971 ἄλλο
861 2929 980 2976 πως
1028 2911 1127 2966 καὶ
1165 2908 1328 2969 αὐτὸς
1383 2904 1678 2973 ὑφιστάναι
1707 2903 1753 2935 ⁸⁷
1779 2903 1948 2955 δοκεῖ.

377 3011 490 3065 Καὶ
522 3011 570 3063 οἱ
600 3008 789 3078 νεφροὶ
821 3006 903 3069 δὲ,
937 3001 1032 3057 τοῦ
1063 3019 1122 3056 τε
1157 3001 1390 3068 αἵματος
1428 2995 1728 3066 καθάρσιον
1758 2992 1826 3058 ⁸⁸,
1861 2992 1956 3046 καὶ

377 3104 482 3172 τῆς
534 3101 676 3155 κατὰ
711 3096 997 3152 συνουσίαν
1031 3091 1265 3163 ὀρέξεως
1315 3087 1501 3141 αίτιοι.
1544 3087 1656 3139 Καὶ
1693 3085 1744 3140 oi
1771 3083 1957 3146 ἀδένες

379 3193 569 3266 ὀχημὰ
611 3195 720 3247 είσι
767 3191 874 3245 τῶν
899 3189 1138 3258 ἀγγείων
1163 3203 1178 3217 ⁸
1231 3185 1328 3239 καὶ
1379 3186 1414 3254 ἡ
1454 3181 1592 3252 σὰρξ
1631 3178 1955 3248 σκέπασμαο

383 3288 481 3342 καὶ
499 3286 562 3340 τὸ
594 3285 774 3356 δέρμα
810 3283 1013 3352 ὁμοίως
1046 3277 1366 3350 περίόλημα
1391 3291 1406 3306 ο
1436 3273 1530 3326 καὶ
1558 3271 1628 3326 τὰ
1660 3270 1794 3324 ὀστᾶ
1825 3269 1961 3337 στή-

2038 2090 2150 2144 rius
2189 2059 2380 2156 'gratia
2443 2081 2710 2142 habetur;
2764 2075 2878 2144 ipsa
2952 2070 3099 2126 enim
3160 2074 3215 2120 et
3270 2059 3607 2120 concoctioni

2037 2175 2316 2238 conducit,
2345 2181 2401 2227 et
2427 2163 2834 2225 excrementitia
2887 2157 3113 2215 materia
3142 2155 3212 2209 ab
3261 2151 3448 2206 eadem
3487 2147 3612 2203 irri-

2038 2275 2205 2331 tatur,
2263 2236 2328 2320 ae
2368 2275 2478 2317 una
2531 2272 2598 2312 ex
2657 2251 2994 2324 vegetalihus
3048 2239 3455 2316 quodammodo
3495 2236 3610 2291 cill-

2041 2328 2204 2416 citur;
2230 2357 2310 2411 Ad
2345 2355 2479 2414 hzec,
2511 2359 2565 2405 et
2585 2347 2822 2404 calorem
2856 2339 3111 2411 corpori,
3144 2328 3612 2407 quemadmodum

2044 2462 2098 2506 et
2121 2448 2300 2504 vitalis
2330 2445 2564 2500 facultas
2592 2437 2852 2511 suggerit.
2889 2433 2983 2489 sed
3013 2440 3068 2486 et
3097 2425 3358 2499 purgandi
3389 2420 3615 2491 sangui-

2049 2541 2139 2597 nis
2191 2537 2428 2598 oﬂicium
2491 2533 2711 2602 explet,
2764 2535 2826 2583 ut
2871 2525 2943 2581 ob
2989 2523 3042 2578 id
3087 2531 3140 2575 et
3173 2515 3399 2573 alterius
3427 2524 3616 2572 causa,

2048 2631 2494 2690 constitutionem
2566 2623 2762 2680 sortita
2832 2633 2956 2674 esse
3019 2613 3296 2670 credatur.
3354 2603 3517 2674 Atqui
3565 2609 3621 2658 et

2050 2726 2190 2787 lien,
2221 2732 2335 2777 tum
2365 2719 2450 2775 sui
2491 2715 2686 2789 gratia,
2727 2722 2843 2767 tum
2878 2709 3110 2764 aliorum
3144 2705 3466 2772 procreatus
3497 2701 3616 2750 est:

2053 2815 2137 2872 sui
2169 2812 2410 2884 quidem,
2443 2807 2592 2879 quod
2631 2819 2738 2859 una
2765 2797 3092 2870 vegetalium
3113 2793 3374 2864 partium,
3409 2795 3465 2841 et
3491 2793 3624 2840 atra-

2054 2881 2622 2971 bilis—receptaculum
2654 2901 2770 2958 est;
2807 2888 2951 2961 quod
2983 2896 3165 2940 autem
3205 2881 3622 2946 exsuperantem

2057 2961 2655 3067 sanguinis-materiam
2687 2985 2755 3040 ad
2789 2998 2849 3039 se
2870 2977 3118 3039 attrahit,
3143 2983 3201 3029 et
3221 2973 3400 3040 ipsum
3423 2961 3628 3033 alioqui

2058 3061 2335 3166 puriorem
2360 3087 2557 3149 reddit,
2577 3083 2645 3139 ad
2667 3083 2774 3137 hoc
2796 3078 2956 3150 quasi
2983 3084 3037 3130 et
3069 3073 3302 3127 aliorum
3327 3077 3490 3166 causa
3516 3061 3631 3129 ipse

2061 3153 2391 3242 constitutus
2445 3177 2679 3233 videtur.
2730 3172 2798 3226 Et
2834 3183 2993 3225 renes
3025 3163 3129 3235 ipsi
3165 3153 3464 3228 depurandi
3499 3166 3630 3206 san-

2066 3275 2251 3347 guinis
2280 3270 2472 3326 munia
2504 3267 2758 3338 explent,
2785 3269 2841 3317 et
2881 3253 3140 3314 desiderii
3181 3245 3415 3305 coeundi
3466 3255 3634 3297 causa

387 3393 594 3451 ριγμα’
633 3332 730 3430 κέιὶ
768 3332 1044 3443 οίνιόνυχες
1079 3332 1240 3442 χαριν
1269 3332 1366 3421 τοῦ
1397 3362 1718 3436 κνήθεσθαι,
1754 3362 1852 3416 καὶ
1881 3332 1951 3424 είς

2067 3332 2357 3423 Exsistunt.
2387 3362 2519 3417 ltem
2553 3332 2734 3414 carnis
2763 3349 3131 3409 revolutiones
3151 3382 3166 3408 ,
3194 3342 3246 3395 id
3273 3349 3358 3394 est
3383 3332 3632 3395 tonsillae,

387 3469 700 3540 ἀντίληψιν·
739 3469 834 3522 καὶ
865 3468 920 3519 αἱ
952 3465 1137 3536 τρίχες
1157 3462 1360 3532 ὁμοίως
1392 3461 1472 3522 είς
1506 3457 1718 3524 σκέπην
1739 3453 1836 3508 καὶ
1873 3452 1965 3505 κό-

391 3579 562 3633 σμον’
611 3561 661 3614 οἱ
698 3558 968 3629 ὀφθαλμοὶ
1007 3555 1096 3610 διὰ
1146 3554 1244 3624 τὴν
1280 3553 1474 3624 ὅρασιν
1498 3565 1512 3580 ·
1560 3548 1632 3601 τὰ
1669 3541 1785 3600 ὦτα
1808 3546 1967 3615 χάριν

391 3655 492 3724 τῆς
526 3654 697 3722 ἀκοῆς
720 3670 735 3685 ·
767 3654 800 3722 ἠ
833 3653 917 3723 ῥὶς
949 3649 1036 3703 διὰ
1063 3648 1161 3718 τὴν
1189 3643 1464 3713 ἀναπνοὴν
1498 3641 1594 3695 καὶ
1630 3640 1730 3709 τὴν
1755 3637 1965 3707 ὀσφρη-

397 3765 482 3800 σιν
507 3762 521 3776 ⁶
554 3749 582 3799 ὁ
620 3745 803 3816 θώραξ
832 3743 922 3796 διὰ
976 3740 1078 3812 τὴν
1128 3739 1231 3808 τῆς
1264 3735 1492 3805 καρδίας
1535 3729 1844 3802 ὑπηρεσίαν
1868 3745 1882 3761 ο
1915 3727 1969 3780 αἱ

397 3841 580 3911 χεῖρες
608 3838 694 3891 διὰ
729 3838 826 3900 τὰς
873 3832 1167 3906 εἰρημένας
1198 3828 1384 3901 χρείας
1404 3843 1419 3858 ·
1475 3827 1572 3879 καὶ
1598 3825 1647 3876 ol
1693 3821 1853 3882 πόδες
1883 3819 1972 3872 διὰ

398 3910 499 4002 τὴν
542 3929 879 3999 μετάϐασινο
918 3929 951 3997 ἡ
993 3925 1216 3993 γλῶσσα
1267 3920 1355 3973 διὰ
1384 3918 1484 3989 τὴν
1533 3915 1724 3969 λαλιάν
1749 3913 1818 3964 ⁸⁸.
1862 3910 1973 3980 Τὴν

400 4023 655 4093 γλῶσσαν
676 4021 733 4074 δὲ
754 4020 842 4073 διὰ
877 4018 939 4071 τὸ
971 4014 1242 4087 προπετὲς
1282 4012 1452 4081 αὐτῆς
1501 4008 1596 4062 καὶ
1643 4004 1971 4074 ἀφύλακτον,

403 4116 497 4169 καὶ
530 4113 670 4167 ὥστε
703 4110 777 4182 μὴ
811 4109 1134 4180 προτρέχειν
1160 4106 1262 4174 τῆς
1285 4102 1545 4166 διανοίας,
1576 4096 1776 4158 δισσῶς
1808 4094 1978 4161 αὐτὴν

403 4205 769 4277 ⁴ἠσφαλίσατο·
803 4203 901 4270 τὴν
931 4200 1037 4252 τῶν
1059 4197 1288 4250 ὀδόντων
1310 4191 1623 4259 πυκνότητα
1659 4188 1846 4266 ὥσπερ
1874 4201 1978 4254 φυ-

404 4274 579 4366 λακὴν
614 4295 647 4366 ἢ
682 4294 886 4364 τειχίον
917 4291 1056 4359 αὑτῇ
1101 4285 1424 4355 ἐπιστήσας,
1452 4282 1550 4334 καὶ
1587 4279 1655 4332 τὰ
1698 4277 1853 4347 χείλη
1889 4274 1981 4327 θυ-

411 4365 754 4460 ροῢντα,καὶ
799 4387 856 4438 ὲν
887 4382 1114 4451 περιοχῇ
1163 4376 1364 4443 ταύτην
1397 4372 1754 4442 φυλάττοντα,
1795 4368 1880 4420 ἵνα
1909 4365 1983 4437 μὴ

411 4459 618 4541 ἅπλῶς,
668 4478 762 4530 καὶ
815 4475 890 4536 ὡς
928 4473 1116 4541 ἔτυχεν
1145 4471 1189 4502 ⁸⁸³
1242 4467 1571 4536 φθέγγηται.
1624 4461 1733 4516 Καὶ
1767 4459 1982 4524 ἀπαξαο

411 4568 562 4630 πὶῶς
603 4568 670 4633 ⁸⁸,
701 4565 853 4619 οὐδὲν
900 4562 1052 4630 παρὰ
1111 4557 1312 4613 σκοπὸν
1356 4555 1390 4626 ἦ
1438 4551 1668 4622 ἁνεργὲς
1700 4548 1853 4621 παρὰ
1887 4548 1980 4602 τοῦ

411 4659 671 4714 δεσπότου
695 4652 1176 4725 δεδημιούργηται.

415 4754 676 4825 quidem,
726 4720 967 4805 dentium
1019 4720 1402 4816 spissitudine,
1450 4737 1649 4808 quibus
1709 4750 1830 4790 eam
1887 4733 2031 4787 muri
2087 4732 2205 4787 vice
2238 4728 2394 4799 135
2430 4720 2842 4791 circumsepsit,

419 4848 611 4907 stodire
644 4846 784 4916 ejus,
816 4859 914 4899 ceu
952 4839 1132 4896 aeditui
1162 4836 1446 4898 assistunt,
1474 4832 1769 4902 quominus
1792 4839 2017 4893 temere,
2039 4836 2204 4896 atque
2234 4834 2299 4878 ut
2339 4837 2461 4878 sors
2521 4819 2737 4880 tulerit,
2780 4813 2834 4867 in

2072 3457 2297 3513 vascula
2339 3455 2458 3524 ipsa
2489 3465 2613 3520 quae
2645 3448 2699 3501 in
2734 3457 2965 3512 corpore
2989 3445 3176 3493 nostro
3213 3439 3341 3487 sunt
3381 3436 3637 3494 superve-

2070 3551 2247 3613 niunt,
2277 3558 2407 3600 caro
2440 3517 2570 3595 vero
2599 3551 2700 3608 pro
2734 3532 3002 3589 velamine
3028 3534 3131 3586 est,
3163 3532 3217 3576 at
3255 3517 3393 3574 cutis
3439 3526 3642 3584 propu-

2074 3637 2316 3710 gnaculi,
2346 3648 2470 3688 ossa
2497 3644 2628 3684 vero
2662 3619 2990 3680 ﬁrmamenti
3032 3618 3204 3670 vicem
3241 3608 3499 3677 explent,
3541 3617 3641 3656 un-

3161 3704 3174 3710 -
3345 3699 3356 3710 .
3400 3707 3409 3710 -
3499 3703 3511 3710 .
3571 3691 3638 3710 ,λ

2072 3691 2204 3802 gues
2234 3691 2510 3795 scalpendi
2534 3716 2893 3789 capiendique
2928 3725 3016 3765 res
3037 3704 3212 3778 gratia
3243 3699 3538 3755 exsistunt.
3560 3691 3641 3746 Ad

2074 3795 2210 3886 haec,
2239 3819 2333 3888 pili
2377 3813 2482 3884 ipsi
2511 3827 2620 3865 non
2654 3807 2818 3863 modo
2883 3795 3180 3871 tegumenti
3208 3805 3374 3848 causa
3396 3829 3412 3855 ,
3450 3798 3640 3840 verum

2075 3913 2236 3966 etiam
2255 3883 2470 3963 decoris
2484 3911 2634 3966 sunt;
2657 3897 2824 3961 oculi,
2848 3893 2924 3949 uti
2949 3889 3095 3946 visui
3123 3883 3444 3946 inserviant;
3464 3889 3645 3938 aures,

2079 4003 2150 4057 ob
2183 4001 2460 4065 auditum;
2489 4008 2694 4060 nasus;
2717 4004 2827 4061 quo
2855 3977 3204 4055 respirationi
3226 3983 3281 4031 et
3310 3968 3536 4029 olfactui
3571 3966 3652 4018 Γασ-

2081 4093 2316 4146 tnuletur
2346 4105 2359 4140 :
2394 4089 2588 4142 thorax
2614 4122 2629 4147 ,
2664 4088 2725 4137 ut
2771 4077 2954 4134 cordis
2992 4068 3257 4128 inserviat
3309 4057 3648 4117 ministerio;

2087 4197 2305 4243 manus,
2337 4179 2415 4233 uti
2445 4192 2541 4231 eos
2572 4188 2712 4244 quos
2741 4168 2982 4223 diximus
3011 4176 3146 4218 usus
3165 4156 3435 4227 expleant.
3461 4147 3651 4208 Pedes,

2085 4273 2162 4328 uti
2215 4271 2282 4325 ad
2333 4267 2622 4323 transitum
2656 4260 2994 4318 suiﬁcerent,
3028 4249 3359 4307 constitutos
3382 4253 3517 4328 esse
3539 4250 3657 4305 per-

2085 4370 2330 4432 spectum
2371 4357 2621 4411 habetur.
2657 4352 2925 4420 Linguam
2975 4351 3156 4398 autem
3187 4338 3362 4407 ipsam
3407 4328 3477 4382 ob
3506 4325 3658 4378 locu-

2088 4419 2311 4516 tionem,
2338 4448 2432 4504 sed
2457 4455 2511 4500 et
2541 4445 2612 4500 ob
2644 4419 3152 4513 ejusipetulantiam
3176 4469 3191 4496 ,
3236 4433 3291 4481 et
3329 4419 3474 4492 quod
3509 4429 3660 4516 com-

2088 4544 2234 4616 pesei
2265 4539 2554 4596 diﬂiculter
2575 4507 2760 4606 queat,
2792 4507 2847 4587 et
2875 4546 2943 4585 ne
2965 4523 3344 4596 cogitationem
3370 4507 3659 4584 praecedat.

2090 4638 2308 4706 gemino
2347 4640 2502 4702 septo
2552 4641 2807 4685 coercere
2862 4633 3073 4677 natura:
3119 4617 3296 4670 visum
3338 4615 3462 4670 est,
3493 4602 3663 4655 altero

420 4881 611 4907 atuuuc
644 4881 784 4916 qua.
816 4881 914 4899 wu
952 4881 1132 4896 νυνι-υ-
1162 4881 1446 4898 -ιυυ-ν-υ---γ
1478 4881 1765 4902 -ι---η---η
1797 4881 1806 4883 ι
1914 4881 1928 4883 _
1977 4881 2017 4893 κ,
2112 4881 2129 4896 ι
2186 4881 2191 4882 ,

420 4945 476 4999 in
509 4954 775 4996 summam
815 4937 882 4991 de
915 4931 1185 4988 universis
1213 4929 1460 4984 dicamus
1483 4965 1496 4991 ,
1539 4923 1674 4978 nihil
1717 4937 1749 4976 a
1799 4936 1981 4978 rerum
2012 4919 2206 4990 opiliee
2233 4927 2458 4982 temere,
2487 4921 2541 4969 et
2576 4909 2722 4980 quod
2759 4905 2943 4972 aliqua
2985 4895 3143 4953 ollicii
3189 4887 3468 4945 iunctione
3489 4881 3664 4932 vacet,

421 5041 764 5106 procreatum
801 5035 905 5082 est.

491 5062 764 5088 υυιῦιιιυιη
801 5062 905 5082 υῦια

491 5122 677 5176 Ταῦτα
712 5117 805 5173 οὖν
859 5118 1036 5172 πάντα
1077 5111 1173 5168 καὶ
1227 5112 1294 5165 τὰ
1330 5107 1494 5163 λοιπὰ
1516 5108 1561 5140 ⁵³
1592 5105 1687 5160 τοῦ
1742 5104 1951 5174 σώματι

2055 5107 2072 5158 )
2173 5093 2283 5151 llas
2311 5101 2492 5148 autem
2515 5101 2705 5144 omnes
2737 5092 2790 5139 et
2813 5079 3052 5149 reliquas
3082 5071 3251 5127 totius
3277 5062 3522 5134 corporis
3544 5074 3668 5131 par-

3229 5161 3253 5176 .
3420 5153 3646 5176 ,ιμεωη

2107 5199 2186 5244 tes
2208 5228 2222 5254 ,
2276 5197 2405 5241 tunc
2451 5190 2598 5238 recte
2629 5178 2811 5232 valere
2829 5215 2844 5239 ,
2885 5187 2949 5226 ac
2974 5181 3098 5224 esse
3127 5161 3396 5234 perfectas
3415 5153 3669 5214 dicimus,

428 5215 592 5286 μόρια
619 5212 740 5265 τότε
769 5210 1033 5277 ὑγιαίνειν
1055 5204 1194 5258 αὑτὰ
1216 5204 1308 5256 καὶ
1338 5200 1520 5262 καλῶς
1553 5199 1696 5268 ἔχειν
1729 5196 1991 5265 λέγομεν,

425 5309 557 5358 ὅταν
588 5301 885 5373 εὐκρασίαν
943 5299 1043 5368 μὲν
1085 5296 1186 5368 ἔχῃ
1232 5297 1290 5347 ὲν
1345 5294 1454 5354 τοῖς
1505 5286 1860 5359 ὀμοιομερέσι
1899 5288 1995 5339 καὶ

430 5393 619 5456 ἁπλοῖς
639 5409 652 5422 ·
670 5409 732 5445 συ
741 5390 1020 5462 μμετρίων
1045 5387 1102 5439 δὲ
1123 5385 1168 5418 ⁵⁸
1196 5385 1254 5436 ὲν
1275 5385 1387 5446 τοῖς
1417 5379 1691 5440 συνθέτοις
1710 5377 1805 5430 καὶ⁸
1828 5377 1999 5445 ὀργα-

2105 5295 2230 5335 cum
2264 5273 2528 5332 similaria
2551 5285 2615 5324 ac
2636 5265 2901 5335 simplicia
2922 5262 3123 5315 bonum
3159 5251 3670 5320 temperamentum,

2109 5368 2408 5439 composita
2435 5378 2564 5419 vero
2592 5376 2655 5415 ac
2692 5348 3128 5413 instrumentalia
3159 5343 3498 5399 moderatum
3534 5332 3676 5386 ordi-

505 5575 549 5607 ³³
593 5570 876 5640 φωεδητικῖὰ
911 5569 1003 5640 ης,
1048 5565 1305 5640 ’ἶφυὶνῆς
1345 5561 1408 5614 Β.
1485 5558 1525 5590 ⁸¹
1562 5553 1796 5626 μίξαιΑ.
1878 5554 1920 5585 ⁸³
1963 5553 2056 5604 καὶ
2106 5551 2322 5604 πάντων
2360 5548 2420 5601 Β.
2499 5545 2543 5578 ⁸³
2576 5541 2643 5595 τὰ
2689 5539 2746 5592 δὲ
2792 5538 2857 5590 δι’
2901 5533 3066 5589 ἑαυτὰ
3115 5530 3176 5583 Β.
3250 5526 3295 5557 ⁸⁵
3326 5519 3576 5591 συνεργεῖ
3617 5517 3674 5570 Β·

1313 5634 1334 5640 -
1362 5630 1399 5640 ,ι
1520 5629 1561 5640 ι.
1605 5629 1616 5640 .
1783 5626 1794 5640 ρ
1914 5622 1948 5640 η
1998 5623 2033 5640 η
2159 5621 2199 5640 ι..
2236 5617 2336 5640 ___n
2414 5616 2514 5640 ,με
2552 5615 2589 5640 n
2618 5611 2656 5640 n
2777 5608 2820 5639 te
2850 5608 2959 5640 Imm
2984 5620 3070 5640 ...ιι
3135 5601 3191 5640 Δ,
3294 5595 3338 5627 ⁵ο
3363 5593 3516 5640 ἐτυνε
3543 5588 3582 5640 Β
3614 5586 3674 5640 Ρ.

505 5586 549 5607 ’⁸
593 5586 876 5640 φωνητικα
912 5586 970 5622 ιι.
1048 5586 1092 5598 *ν
1125 5586 1305 5633 φωνης
1348 5586 1408 5614 υ.
1490 5586 1525 5590 --
1562 5586 1796 5626 pungat".
1965 5586 2056 5604 με
2111 5586 2320 5604 mu..."
2361 5586 2420 5601 υ.
2585 5586 2643 5595 ,π
2694 5586 2744 5592 η
2798 5586 2838 5590 --
3457 5586 3466 5591 _
3503 5586 3508 5587 ν

436 5646 482 5677 ⁸⁸
531 5640 800 5712 μορίωνΔΒ
1037 5635 1151 5712 πῷς
1189 5630 1447 5712 δοκεῖ
1505 5629 1561 5712 :7
1597 5622 1951 5712 ὑφεστάναιὲ
1997 5623 2054 5676 [⁸.
2158 5621 2199 5652 ⁸⁸
2236 5617 2358 5670 καθ.
2414 5616 2519 5668 εἰσὶ
2552 5615 2590 5663 Β
2618 5611 2680 5664 Ρ.
2777 5608 2820 5639 ⁸⁹
2850 5608 2961 5662 hmc
2984 5620 3091 5659 om.
3129 5601 3192 5654 Α.
3294 5595 3338 5627 ¹⁹
3363 5593 3516 5661 ἔτυχε
3543 5588 3582 5642 Β
3614 5586 3674 5643 Ρ.

437 5715 479 5746 ⁸¹
505 5690 804 5775 έπῖξπλιῖἶς
828 5690 890 5760 A.
967 5708 1011 5739 "
1031 5690 1319 5758 καῖ’πάντα
1345 5699 1410 5752 τὰ
1431 5699 1482 5753 λ.
1505 5697 1563 5750 Β.
1638 5690 1682 5728 ⁸³
1706 5694 1762 5748 δὲ
1783 5709 1891 5749 om.
1914 5690 1970 5745 Β.
