3944 6152
421 246 562 304 12Ἰὸ

1648 251 1930 306 HELETII
1973 246 2282 304 MONACIII

3549 247 3685 306 £276

419 381 545 420 nem
617 366 921 418 sortiuntur
955 381 968 417 :
999 363 1309 433 siquidem,
1365 379 1490 421 cum
1547 367 1990 422 instrumentales

2104 366 2282 424 ιικοίς.
2334 362 2427 414 Ἐκ
2461 361 2567 431 γὰρ
2589 361 2698 414 τῶν
2725 361 3070 431 ὁμοιομερῶν
3103 361 3452 430 συγκείμενα
3493 361 3564 412 τὰ
3603 361 3684 432 όρ-

420 461 602 524 partes
625 470 689 507 ex
713 454 1045 510 similaribus
1078 455 1392 523 composita:
1429 456 1558 517 sint,
1580 472 1768 512 eorum
1809 469 1863 512 et
1893 458 1992 511 mi-

421 542 702 598 nisterium
763 545 1024 598 sentiunt.
1070 543 1228 599 Verbi
1274 546 1450 615 gratia
1481 587 1497 612 ,
1557 562 1654 602 cor
1687 587 1702 612 ,
1731 564 1856 603 cum
1906 549 1990 602 in.

420 635 797 691 strumentalis
825 651 951 702 pars
971 673 986 696 ,
1031 635 1197 690 totius
1228 637 1477 705 corporis
1515 638 1671 706 origo
1698 649 1752 692 et
1788 638 1992 708 princi-

419 725 566 796 pium
591 725 682 788 sit,
707 727 923 779 arteriae
945 741 1010 780 ac
1051 726 1244 779 thorax
1280 726 1356 780 illi
1397 727 1724 792 inserviunt,
1762 744 1888 782 nam
1919 729 1990 783 ab

419 813 638 870 arteriis
664 822 838 880 totum
863 830 1066 884 corpus
1091 815 1412 885 sanguinem
1449 816 1582 881 sibi,
1615 833 1678 872 ac
1712 818 1987 887 spiritum,

418 917 540 972 quae
561 919 593 958 a
626 903 792 958 corde
814 912 1140 973 suggerunt,
1173 905 1413 959 vindicat
1442 925 1455 959 ε
1491 907 1684 962 thorax
1719 923 1870 972 vero,
1904 908 1990 963 sui

418 994 844 1062 compressione.
860 995 1302 1064 dilatationeque,
1317 1011 1513 1064 purum
1527 1012 1705 1052 aerem
1725 999 1790 1052 ad
1810 998 1990 1067 ipsum

419 1098 516 1138 cor
567 1084 821 1141 demittit.
869 1083 1105 1140 Cerebro
1159 1086 1348 1155 utique
1395 1087 1546 1142 nervi
1595 1098 1648 1142 et
1685 1089 1834 1143 dorsi
1875 1103 1994 1143 me-

420 1173 590 1238 dulla,
641 1175 875 1243 jecinori
925 1191 1116 1239 venat,
1161 1177 1389 1232 testibus
1445 1178 1738 1233 seminales
1775 1188 1990 1233 meatus

420 1263 779 1319 famulantur.
808 1258 941 1321 Hec.
961 1267 1105 1321 enim
1133 1267 1377 1336 corporis
1409 1267 1694 1336 principia,
1717 1277 1772 1322 et
1799 1268 1992 1323 dicun-

423 1364 542 1418 tur,
595 1367 648 1410 et
700 1366 860 1421 sunt,
911 1367 970 1412 ut
1011 1359 1161 1427 prius
1218 1359 1559 1415 ostendimus
1602 1361 1992 1430 :cartilagines

423 1457 629 1512 autent,
652 1463 772 1516 quae
796 1464 891 1516 per
915 1457 1085 1503 totum
1120 1465 1318 1520 corpus
1341 1459 1490 1516 sunt,
1509 1465 1738 1520 corpora
1770 1452 1992 1507 ossibus

421 1536 673 1591 molliora
698 1577 713 1601 ,
751 1539 1008 1594 carnibus
1061 1555 1188 1594 vero
1239 1540 1396 1610 longe
1428 1541 1657 1596 sicciora
1698 1542 1986 1596 habentur.

422 1628 495 1682 At
521 1627 703 1682 carnis
736 1629 1125 1694 revolutiones,
1159 1643 1254 1686 seu
1287 1632 1518 1685 tonsillae
1552 1633 1843 1701 spongiosa
1870 1647 1993 1687 cor-

421 1733 554 1786 pora
583 1727 744 1784 sunt,
780 1735 903 1788 quae
931 1723 1250 1792 cartilagine
1283 1722 1501 1792 quidem
1543 1723 1660 1792 ipsa
1715 1724 1984 1789 molliora,

421 1810 668 1864 carnium
716 1825 846 1864 vero
891 1819 1084 1866 natura
1132 1812 1297 1881 paulo
1341 1813 1564 1867 duriora
1606 1824 1754 1877 sunt,
1793 1814 1987 1868 harum

421 1900 624 1970 quippe
679 1917 813 1958 usus
865 1903 1114 1958 diversus
1159 1905 1418 1959 habetur.-
1465 1903 1601 1959 Nam
1634 1906 1883 1974 quaedam
1922 1921 1991 1962 ex

423 1997 575 2066 ipsis,
599 2001 810 2063 mediae,
838 2000 976 2054 inter
1023 2003 1244 2056 vascula
1288 2017 1411 2070 quae
1441 2017 1612 2058 venas
1651 2005 1991 2073 arteriasque

425 2089 793 2158 appellamus,
828 2091 1170 2154 consistunt,
1217 2093 1463 2162 quaedam
1491 2108 1643 2154 vero,
1679 2109 1776 2148 ceu
1815 2096 1994 2150 cubile

423 2177 558 2246 ipsis
592 2177 899 2247 subjacent.
921 2180 1072 2235 Alias
1102 2181 1253 2246 item,
1284 2181 1549 2236 obeundae
1575 2183 1806 2251 alicujus
1827 2185 1996 2239 actio-

423 2269 508 2324 nis
541 2285 706 2325 causa
750 2279 944 2325 natura
985 2272 1233 2340 protulit,
1267 2281 1327 2327 ut
1353 2288 1474 2342 qua:
1504 2274 1555 2328 in
1586 2276 1798 2343 papillis
1831 2285 1994 2341 sunt,

422 2375 658 2428 quarum
689 2359 865 2417 ollicio
918 2364 1142 2432 sanguis
1166 2364 1216 2418 in
1251 2364 1334 2418 lac
1360 2375 1749 2420 commutatur.
1776 2367 1846 2420 At
1874 2368 1994 2422 alia:

423 2453 480 2519 in
528 2453 754 2507 testibus
804 2463 960 2518 sunt,
1011 2470 1134 2523 quae
1176 2456 1412 2525 genitale
1454 2472 1636 2512 semen
1682 2457 1989 2527 perﬁciunt.

429 2541 569 2598 S'tnt
600 2551 654 2596 et
680 2543 732 2595 in
780 2544 895 2598 oris
936 2547 1205 2614 angustiis
1249 2548 1478 2604 tonsillae
1526 2549 1676 2613 aliae,
1719 2563 1750 2602 a
1795 2549 1996 2615 quibus

426 2631 598 2684 saliva
639 2634 950 2687 necessario
977 2637 1347 2689 constituitur.
1384 2634 1448 2690 Et
1495 2637 1753 2704 quoniam
1787 2638 1994 2691 vocali-

424 2721 530 2776 bus
577 2721 986 2788 instrumentis,
1029 2740 1096 2778 ex
1119 2726 1339 2779 assiduo
1370 2734 1515 2778 motu
1542 2726 1992 2790 siccescentibus,

424 2821 530 2859 vox
551 2807 819 2878 intercipi,
837 2820 893 2865 et
917 2827 1048 2867 usus
1067 2813 1354 2867 verborum
1383 2814 1612 2869 delicere
1644 2814 1807 2882 solet,
1831 2815 1996 2886 hujus

427 2899 624 2968 gratia,
663 2902 894 2955 musculi
928 2903 1022 2972 qui
1049 2904 1309 2959 salivares
1328 2905 1586 2960 dicuntur
1609 2922 1734 2962 cum
1763 2908 1997 2962 tonsillis

427 2989 484 3064 iu
531 3004 626 3045 ore
668 2993 1015 3054 consistunt,
1050 3004 1108 3046 ut
1140 3003 1254 3048 toto
1282 3011 1377 3050 ore
1407 2997 1476 3049 ab
1503 2997 1640 3065 ipsis
1664 2997 1993 3062 humectato,

427 3097 619 3150 aspera
641 3084 843 3136 arteria
862 3086 928 3136 ad
949 3085 1192 3137 eamdem
1211 3101 1420 3146 vocem.
1453 3102 1518 3139 ac
1549 3089 1816 3143 sermonis
1837 3103 1998 3142 usum

426 3170 668 3238 vegetior
733 3171 1117 3238 actuosiorque
1165 3173 1440 3227 reddatur.
1505 3173 1621 3229 Nisi
1666 3176 1810 3229 enim
1872 3177 2002 3230 huic

2089 453 2290 521 γανικὰ
2346 452 2452 505 ὑπὸ
2503 451 2710 505 τούτων
2747 453 3123 523 ὑπηρετεῖται.
3173 448 3331 516 Οἷον,
3388 449 3425 522 ή
3487 453 3684 523 καρδία

2090 544 2232 613 ἀρχή
2271 545 2387 594 ἐστι
2419 542 2514 594 τοῦ
2545 541 2820 611 σώματος,
2861 547 2955 595 καὶ
2993 542 3317 611 ὁργανικόνο
3371 543 3686 612 ὑπηρετοῦ-

2092 649 2177 685 σιν
2201 631 2294 684 οὖν
2323 633 2459 702 αὐτῇ
2500 632 2763 702 ἀρτηρίαι
2809 632 2905 684 καὶ
2955 630 3164 700 θώραξ.
3231 631 3537 700 Ἀρτηρίαι
3588 631 3684 700 μὲν

2090 721 2424 792 χορηγοῦσαι
2450 723 2528 791 τῷ
2568 723 2733 776 παντὶ
2758 723 2974 792 σώματι
3003 719 3166 794 αἷμα,
3217 725 3313 776 καὶ
3352 723 3586 792 πνεῦμα
3625 723 3684 774 τὸ

2091 813 2149 879 ἐξ
2178 814 2348 881 αὐτῆς
2377 829 2392 844 ·
2425 814 2608 883 Θώραξ
2635 813 2712 876 δὲ,
2737 814 2825 867 διὰ
2854 815 2955 883 τῆς
2974 815 3240 884 συστολῆς
3269 817 3366 867 καὶ
3390 815 3684 882 διαστολῆς

2091 905 2398 970 ἐπεισάγων
2444 905 2581 974 αὐτῇ
2606 905 2653 936 ⁸⁵
2687 905 2826 975 ἀέρα
2877 903 3140 976 καθαρόν.
3187 905 3498 976 Ὑπηρετεί
3547 905 3604 959 δὲ
3638 906 3685 936 ³⁵

2092 993 2397 1061 ἐγκεφάλου
2433 993 2501 1046 τὰ
2535 993 2723 1064 νεῦρα,
2766 994 2861 1045 καὶ
2892 995 2922 1046 6
2953 997 3210 1057 νωτιαῑος
3234 1011 3248 1025 ο
3282 997 3469 1065 ἥπατι
3512 995 3593 1059 δὲ,
3627 997 3682 1048 αι

2092 1082 2285 1149 φλέϐες
2301 1099 2314 1112 '
2335 1085 2450 1145 τοῖς
2475 1083 2529 1136 δὲ
2558 1083 2798 1154 ὄρχεσιν,
2821 1085 2870 1136 οἱ
2895 1088 3267 1153 σπερματικοὶ
3289 1085 3480 1155 πόροι.
3499 1083 3681 1138 Ταῦτα

2091 1173 2200 1241 γάρ
2226 1173 2390 1242 ἀρχαὶ
2432 1173 2526 1225 τοῦ
2563 1173 2849 1242 σώματος·
2867 1177 2962 1227 καὶ
3011 1175 3060 1207 ⁸⁸
3089 1176 3366 1244 λέγονται,
3406 1179 3506 1229 καὶ
3554 1178 3677 1240 εἰσὶ,

2093 1259 2274 1322 καθὼς
2303 1260 2586 1329 ἐδείξαμεν
2628 1261 2854 1315 ὄπισθεν
2881 1264 2926 1294 ⁸⁷
2948 1280 2962 1293 ο
2995 1265 3042 1316 οἱ
3067 1264 3124 1316 δὲ
3159 1265 3302 1318 κατά
3332 1264 3548 1328 παντὸς
3584 1263 3681 1316 τοῦ

2094 1354 2343 1421 σώματος
2382 1353 2616 1422 χόνδροι,
2659 1353 2889 1430 σώματα
2937 1356 3067 1421 εἰσὶ,
3101 1355 3195 1409 τοῦ
3232 1357 3334 1425 μὲν
3365 1356 3535 1409 ὀστοῦ
3580 1373 3680 1424 μαι

2090 1442 2396 1514 λακώτερα,
2433 1443 2534 1512 τῆς
2561 1443 2619 1495 δὲ
2655 1445 2857 1514 σαρκὸς
2880 1445 3252 1516 διαφερόντως
3283 1442 3588 1515 ξηρότερα.
3619 1445 3678 1498 Οί

2090 1533 2147 1586 δέ
2168 1533 2372 1598 ἀδένες,
2410 1533 2643 1604 σώματα
2671 1534 2962 1606 σπογγώδη
3010 1536 3141 1600 εἰσὶ,
3192 1535 3290 1589 τοῦ
3323 1537 3430 1604 μὲν
3459 1535 3677 1605 χόνδρου

2095 1622 2484 1694 μαλακώτερα,
2540 1624 2884 1695 σκληρότερα
2934 1625 2990 1678 δὲ
3014 1627 3117 1694 τῆς
3151 1627 3379 1696 σαρκός.
3416 1625 3679 1693 Διάφορος

2022 1703 2062 1759 Β
2099 1712 2156 1765 δέ
2189 1712 2394 1766 τούτων
2425 1714 2458 1783 ἡ
2491 1713 2672 1783 χρεία.
2703 1715 2766 1766 Οἱ
2798 1715 2898 1784 μὲν
2931 1715 3039 1784 γὰρ
3067 1715 3189 1767 ἀντὶ
3220 1715 3453 1783 στοιϐἧς
3486 1714 3680 1782 ὲτάγη-

2102 1820 2201 1856 σαν
2230 1799 2368 1857 εἶναι
2404 1802 2608 1873 μεταξὺ
2640 1803 2749 1856 τῶν
2781 1803 3052 1871 ἀγγείων·
3081 1806 3132 1858 οἱ
3161 1805 3216 1858 δὲ
3248 1803 3678 1874 ὑπεστρὼθησαν

2099 1897 2212 1957 τοῖς
2241 1893 2502 1963 ἀγγείοις,
2534 1892 2646 1948 οἷον
2675 1895 2837 1964 φλεψὶ
2863 1896 2959 1948 καὶ
2985 1897 3281 1967 ἀρτηρίαις
3302 1913 3315 1927 ⁸
3339 1895 3501 1951 ἄλλοι
3521 1895 3576 1948 δὲ
3592 1895 3675 1946 καὶ

2100 1987 2264 2058 χάριν
2343 1987 2627 2057 ἐνεργείας
2700 1988 2987 2054 ἐγένοντο,
3045 1988 3236 2057 ὥσπερ
3296 1991 3347 2042 οἱ
3431 1991 3492 2041 ἐν
3569 1988 3677 2048 τοῖς

2099 2079 2302 2142 τιτθοῖς
2321 2079 2367 2110 ⁵⁸
2393 2079 2441 2131 οἳ
2475 2079 2537 2130 τὸ
2564 2072 2704 2146 αἷμα
2735 2079 2816 2140 είς
2853 2078 2914 2130 τὸ
2945 2079 2989 2110 ⁸³
3019 2079 3166 2146 γάλα
3198 2079 3638 2148 μεταϐάλλουσιν
3661 2092 3672 2106 ·

2099 2171 2192 2223 καὶ
2225 2172 2274 2223 oi
2307 2171 2365 2222 ἐν
2392 2171 2505 2232 τοῖς
2535 2169 2774 2238 ὄρχεσιν,
2807 2170 2857 2221 οἳ
2889 2170 3104 2223 ποιοῦσι
3129 2171 3192 2222 τὸ
3219 2170 3450 2240 σπέρμα
3471 2188 3486 2201 ·
3516 2169 3606 2222 καὶ
3629 2170 3676 2222 οἱ

2099 2264 2156 2314 ἐν
2183 2263 2296 2321 τοῖς
2326 2260 2700 2329 παρισθμίοις,
2727 2262 2776 2314 οἶ
2809 2262 2899 2314 τὸν
2935 2261 3110 2314 σίελον
3142 2263 3469 2329 ἀναγκαίως
3499 2258 3675 2314 ποιοῦ-

2101 2370 2204 2408 σιν.
2245 2352 2462 2422 Ἐπειδὴ
2497 2351 2608 2421 γὰρ
2636 2355 2699 2404 ἐκ
2729 2355 2832 2421 τῆς
2865 2351 3124 2420 συνεχοῦς
3173 2353 3452 2421 κινήσεως
3475 2352 3544 2404 τά
3571 2367 3676 2418 φω-

2099 2440 2297 2509 νητικά
2321 2441 2530 2510 ὄργανα
2553 2441 2920 2510 ξηραινόμενα
2947 2443 3069 2510 ἱστᾷ
3092 2443 3192 2507 τὴν
3219 2441 3432 2512 φωνὴν,
3462 2442 3558 2494 καὶ
3583 2441 3674 2510 τὴν

2099 2533 2317 2600 ὁμιλίαν
2340 2533 2644 2602 διακρατεῖ,
2674 2531 2866 2584 τούτου
2884 2532 3046 2601 χάριν
3077 2533 3127 2584 oi
3151 2531 3384 2585 σιελίται
3421 2533 3556 2602 μῦες
3584 2531 3680 2583 σὺν

2100 2622 2280 2676 ἀδέσιν
2335 2620 2487 2682 ἐντὸς
2515 2621 2611 2673 τοῦ
2655 2622 2924 2690 στόματος
2956 2622 3001 2654 ⁸⁸
3044 2623 3256 2675 κεῖνται
3286 2624 3352 2685 ⁶¹,
3383 2624 3474 2675 ἵνα
3512 2621 3674 2676 καθυ-

2101 2713 2413 2784 γραίνουσιν
2439 2713 2484 2744 ⁸⁸
2512 2712 2636 2764 ὅλον
2671 2711 2732 2764 τὸ
2760 2715 2936 2781 στόμα
2969 2713 3064 2766 καὶ
3097 2713 3196 2782 τὴν
3219 2713 3514 2783 ἀρτηρίαν,
3548 2712 3674 2781 πρὸς

2103 2805 2440 2873 ἐκφωνήσεις
2468 2803 2565 2855 καὶ
2595 2802 2835 2872 ὁμιλίας,
2876 2803 2972 2856 καὶ
3011 2803 3354 2873 παρέκτασιν
3384 2804 3585 2872 λόγων.
3616 2802 3674 2854 Εἰ

2107 2895 2181 2966 μὴ
2235 2895 2343 2965 γὰρ
2382 2893 2427 2924 ⁸⁸
2456 2891 2614 2946 τοῦτο
2667 2893 2820 2963 παρά
2851 2892 2947 2945 τοῦ
2998 2894 3260 2962 Τεχνίτου
3305 2895 3411 2963 τῆς
3467 2894 3673 2962 φύσεως

2104 2989 2394 3058 ἐπενοήθη,
2421 2987 2480 3052 ἐξ
2505 2985 2726 3056 ὁμιλίας
2761 2987 2987 3056 μικρᾶς,
3029 2986 3062 3057 ἢ
3108 2987 3367 3056 ῥημάτων
3390 2986 3606 3054 ὀλίγων,
3638 2983 3671 3052 ἦ

2109 3079 2376 3149 μελῳδίας
2410 3077 2508 3147 οὐχ
2553 3077 2765 3146 ἱκανῆς,
2813 3076 3030 3145 ἄφωνος
3063 3079 3092 3129 ὁ
3150 3075 3446 3148 ἄνθρωπος
3483 3074 3674 3135 εὐθέως

2107 3171 2342 3239 ἐγένετο.

425 3261 524 3327 rei,
558 3269 768 3316 natura;
813 3261 1024 3330 opiﬁcis
1069 3277 1200 3315 cura
1237 3264 1397 3334 136
1468 3266 1573 3319 hoc
1627 3274 1786 3335 pacto
1859 3264 2242 3328 consuluisset,
2279 3263 2445 3317 homo
2505 3275 2572 3317 ex
2598 3259 2817 3314 modico
2839 3258 3038 3330 quovis
3106 3259 3380 3314 sermonis
3429 3273 3554 3320 usu,
3582 3266 3674 3309 nec

425 3339 598 3407 multo
631 3353 778 3408 vocis
805 3353 1196 3421 modulamine,
1227 3357 1280 3409 iu
1306 3373 1434 3412 voce
1462 3358 1578 3427 ipsa
1605 3360 1877 3428 jacturam
1903 3369 2196 3429 pateretur.

499 3443 604 3497 Sed
645 3459 768 3498 cum
810 3445 924 3500 hate
994 3446 1304 3515 hujusmodi
1353 3450 1620 3520 disposita
1669 3453 1998 3518 habeantur,

429 3533 495 3588 ad
518 3550 712 3589 sonum
741 3537 1038 3600 edendum,
1065 3554 1330 3608 quantum
1357 3542 1576 3610 expedit
1603 3559 1707 3598 vox
1727 3543 2002 3598 suﬂiciens

430 3627 695 3693 redditur,
719 3645 882 3698 quam
916 3646 1018 3685 nos
1051 3641 1107 3685 et
1148 3632 1313 3687 altius
1347 3635 1615 3698 attollere,
1647 3644 1701 3689 et
1727 3635 1844 3705 ejus
1871 3651 2002 3690 con-

431 3726 616 3783 centu,
644 3721 981 3774 audientium
1014 3722 1240 3778 auribus
1267 3723 1520 3790 blandiri,
1551 3726 1781 3796 illaque,
1810 3727 2004 3793 volup-

432 3817 599 3861 tatem
672 3809 864 3864 alierre
916 3828 1025 3866 non
1078 3815 1344 3868 modicam
1379 3831 1689 3884 possumus.
1742 3816 2002 3882 Quamvis

432 3897 577 3951 cnim
607 3897 844 3963 cicadas,
880 3910 934 3954 et
966 3903 1309 3971 pbilomelas,
1344 3919 1442 3957 nec
1473 3920 1580 3958 non
1622 3906 1877 3974 pleraque
1899 3905 2004 3958 alia

433 4003 498 4040 ex
553 3987 735 4042 avium
784 4005 1020 4058 genere,
1060 3993 1339 4048 hominum
1376 3995 1600 4050 auribus
1625 4035 1640 4062 ,
1686 3997 1835 4050 vocis
1869 4011 2004 4049 con-

2188 3449 2349 3504 Ἀλλὰ
2403 3447 2610 3501 τούτων
2655 3445 2828 3509 οὕτως
2877 3446 3173 3516 κειμένων,
3216 3447 3313 3500 καὶ
3360 3444 3452 3513 ἐφ’
3503 3439 3674 3494 ἱκανὸν

2109 3543 2433 3610 φθέγγεται,
2460 3540 2555 3592 καί⁴
2579 3539 2635 3598 ἐς
2670 3537 2803 3606 ὕψος
2825 3537 2971 3607 αἴρει
3000 3536 3209 3605 φωνὴν,
3242 3537 3337 3589 καὶ
3370 3536 3433 3588 ἐν
3462 3532 3672 3603 ήδὺτητι

2103 3636 2286 3702 φωνῆς
2314 3633 2546 3700 διαρκεῖο
2581 3631 2676 3683 καὶ
2702 3631 2829 3692 τοὺς
2860 3628 3165 3690 ἀκούοντας
3189 3627 3407 3698 τέρπει,
3444 3626 3538 3680 καὶ
3567 3621 3669 3692 ἡδο-

2107 3727 2203 3795 νὴν
2239 3724 2546 3791 ἐναφίησιν.
2580 3723 2644 3774 El
2673 3721 2784 3789 γὰρ
2822 3722 2916 3774 καὶ
2950 3720 3206 3790 ἡδύνουσι
3235 3720 3483 3785 τέττιγες
3509 3716 3554 3746 ⁸⁸
3588 3710 3673 3765 καὶ

2104 3817 2350 3883 ἀηδόνες,
2381 3814 2474 3867 καὶ
2495 3814 2582 3865 ἐτε
2594 3830 2660 3881 ρα
2687 3812 2803 3876 ζῶα
2828 3813 2871 3843 ⁸⁵
2893 3811 2984 3864 τον
3012 3811 3322 3880 ἄνθρωπον,
3357 3809 3498 3862 ἀλλά
3527 3805 3616 3859 καὶ
3634 3802 3673 3834 ⁸⁸

2103 3904 2468 3973 διαφερόντως
2496 3905 2524 3954 ὁ
2552 3901 2840 3973 ἄνθρωπος
2867 3901 3026 3955 τοῦτο
3056 3901 3224 3964 ποιεῖ,
3255 3899 3283 3953 ὅ
3315 3900 3411 3954 καὶ
3439 3900 3672 3967 Ὅμηρος

2107 3978 2474 4064 ἐπιστάμενος
2506 3993 2662 4060 ἔλεγε
2675 4009 2689 4022 ·

433 4085 596 4130 centu
623 4116 638 4141 ,
688 4081 1010 4132 suavitatem
1067 4084 1357 4150 quamdam
1412 4084 1658 4153 ingerere
1697 4084 2002 4146 cernimus,
2057 4093 2297 4138 attamen
2351 4084 2510 4153 longe
2535 4083 2691 4136 aliter
2744 4082 2910 4136 homo
2938 4082 3044 4136 tale
3084 4096 3321 4145 munus,
3361 4093 3528 4148 quam
3569 4077 3672 4144 ipsa

433 4168 696 4223 animalia
733 4172 1070 4239 exsequitur,
1103 4173 1560 4242 quemadmodum
1588 4173 1857 4228 Homerus
1904 4174 2134 4242 hujusce
2164 4174 2239 4227 rei
2257 4157 2483 4241 'peritus
2519 4174 2776 4231 asseruit.
2803 4187 2923 4225 cum
2957 4171 3166 4240 inquit:

612 4283 678 4352 4t
703 4299 810 4349 vos,
835 4301 863 4338 ο
871 4285 1106 4352 juvenes,
1135 4288 1369 4340 divinum
1407 4289 1652 4341 accersite
1677 4301 1862 4352 vatem,

612 4349 713 4423 Qui
747 4349 882 4406 deus
899 4367 954 4408 ut
987 4349 1145 4408 cantu
1177 4367 1482 4410 cunctorum
1508 4359 1731 4410 mulceat
1755 4349 1935 4423 aures,

613 4419 900 4487 Praestitit,
934 4436 990 4478 ut
1023 4437 1243 4479 mentem
1271 4427 1433 4495 ﬂectit
1459 4439 1674 4480 cantare
1700 4419 1935 4498 rogatus.

436 4531 600 4588 Solus
654 4535 799 4587 enim
853 4536 1015 4589 homo
1063 4537 1212 4592 vocis
1268 4537 1612 4592 dulcedinem
1672 4539 2010 4608 distinguere

437 4639 506 4679 ac
535 4624 811 4694 percipere
838 4635 1033 4694 potest.
1074 4625 1179 4682 Sed
1212 4637 1268 4683 et
1311 4629 1413 4683 soli
1457 4629 1664 4682 homini
1701 4640 1906 4684 tantum
1943 4630 2009 4683 ad

438 4723 639 4768 cantus
663 4714 1053 4781 modulamina,
1088 4719 1375 4773 omnifaria
1409 4721 1617 4774 musica
1645 4721 2009 4774 instrumenta

440 4813 497 4856 et
527 4806 706 4858 varios
750 4805 1245 4864 blandimentorum
1297 4825 1433 4864 usus
1464 4811 1794 4864 constituere
1823 4811 2008 4864 datum

440 4905 542 4950 est.
585 4893 698 4949 Soli
735 4899 838 4965 ipsi
871 4899 1078 4953 homini
1115 4916 1211 4970 per
1241 4902 1450 4956 litteras
1480 4901 1796 4957 absentibus
1819 4903 2012 4956 amicis

443 4986 670 5055 salutem
707 4987 918 5046 dicere.
968 4987 1149 5054 Solus,
1176 4992 1418 5059 inquam,
1453 4995 1635 5057 homo,
1681 4991 2014 5045 animadver-

447 5074 591 5128 tendi
623 5091 687 5130 ac
713 5078 924 5132 consilii
951 5080 1199 5148 capiendi
1232 5082 1283 5134 vi
1314 5082 1572 5149 przuditus
1600 5090 1702 5146 est;
1735 5089 1790 5135 et
1832 5081 2010 5136 risibi-

447 5163 515 5218 lis
551 5166 803 5222 animalis
825 5168 998 5232 solus,
1035 5171 1246 5224 tametsi
1279 5171 1437 5226 simia
1461 5172 1645 5226 nescio
1677 5185 1840 5239 quam
1869 5171 2013 5225 risus

517 5301 564 5332 δ”
584 5301 728 5370 αὐτῷ
751 5302 809 5355 Β.
886 5306 931 5337 ⁵⁸
947 5304 1003 5356 δὲ
1022 5307 1116 5358 κα)⁸
1143 5306 1200 5359 Β.
1274 5308 1318 5340 ⁸⁸
1343 5309 1438 5360 καὶ
1465 5325 1574 5360 om.
1601 5308 1660 5361 B.
1737 5309 1783 5339 "'
1807 5307 2118 5377 ἔμπροσθεν
2140 5308 2197 5361 Ρ.

546 5373 777 5423 κινεῖται
820 5374 879 5426 C.
995 5375 1038 5405 "
1069 5376 1502 5430 καθυγραίνωσιν
1537 5377 1631 5430 BC
1653 5377 1712 5430 Γ.
1829 5379 1872 5408 ⁵³
1901 5379 2008 5430 γὰο
2037 5392 2146 5430 0111-
2180 5377 2219 5430 Β

1901 5394 2008 5445 γαρ
2037 5392 2146 5430 om.
2183 5392 2239 5432 l5.

546 5373 795 5445 κινεῖται⁸
820 5374 879 5426 (Σ.
911 5444 916 5445 γ
995 5375 1038 5445 _"
1069 5376 1502 5445 καθυγραίνωσιν
1537 5377 1631 5432 ΒΟ
1653 5377 1712 5431 Γ.
1829 5370 1872 5408 6³

2356 4327 2370 4340 .
2409 4327 2422 4340 .
2468 4325 2483 4340 .
2519 4288 2831 4340 Ιιάλέσατε
2863 4287 3024 4340 θεῖον
3047 4286 3273 4340 ἀοιδόν·

2216 4356 2294 4419 τῷ
2324 4357 2367 4387 ⁶⁷
2409 4359 2458 4423 γ’
2491 4356 2606 4423 ἄρα
2639 4358 2774 4420 θεὸς
2803 4357 2937 4422 πέρι
2968 4355 3161 4409 δῶκεν
3192 4357 3236 4388 6⁸
3265 4356 3478 4420 ἀοιδὴν

2118 4425 2383 4493 Τρέπειν,
2411 4427 2545 4478 ὅποι
2576 4427 2620 4456 ⁶⁹
2649 4425 2836 4494 θυμὸς
2863 4428 3271 4492 ἐποτρύνῃσιν
3303 4426 3525 4480 ἀείδειν
3549 4425 3638 4490 (p,.

2113 4539 2292 4601 Μόνος
2328 4539 2438 4609 γὰρ
2483 4541 2512 4591 6
2556 4538 2849 4607 ἄνθρωπος
2886 4539 3133 4608 ἡδύτητα
3183 4539 3368 4606 φωνῆς
3424 4536 3670 4604 διακρίνει

2115 4633 2208 4682 καὶ
2259 4630 2606 4700 ἀποδέχεται.
2661 4631 2838 4692 Μόνος
2886 4630 3096 4700 ὄργανα
3148 4628 3286 4697 πρὸς
3323 4627 3466 4698 ᾠδὰς
3515 4640 3666 4680 κατα-

2119 4720 2408 4783 σκευάζειν
2427 4719 2672 4781 δσίναται,
2696 4720 2792 4772 καὶ
2815 4718 3109 4788 θελκτήρια
3133 4717 3267 4787 μέλη
3293 4720 3487 4770 ποιεῖν.
3517 4714 3669 4771 Μόνος

2114 4811 2141 4861 ὀ
2173 4809 2218 4838 ⁷⁸
2259 4808 2547 4879 ἄνθρωπος
2581 4808 2669 4860 διὰ
2710 4809 3059 4878 γραμμάτων
3098 4806 3194 4860 καὶ
3245 4805 3530 4877 πόρρωθεν
3559 4800 3668 4858 τοὺς

2120 4898 2306 4966 φίλους
2336 4897 2662 4961 ἀσπάζεται.
2697 4899 2874 4959 Μόνος
2904 4899 2932 4949 ὁ
2961 4899 3006 4930 ⁷²
3033 4896 3318 4966 ἅνθρωπος
3350 4888 3667 4961 διανοητικδν

2121 4991 2213 5041 καὶ
2242 4989 2669 5059 βουλευματικόν
2705 4992 2747 5020 ⁷⁸
2777 4990 2894 5041 ἐστι
2927 4989 3088 5052 ζῶον.
3129 4988 3306 5050 Μόνος
3343 4990 3371 5040 ὁ
3404 4987 3667 5055 ἄνθρωπος

2121 5079 2258 5142 ζῶον
2305 5079 2627 5148 γελαστικόν
2676 5081 2842 5133 ἐστιν·
2895 5081 2946 5131 εἰ
2990 5079 3086 5132 καί⁸
3124 5081 3223 5148 τὴν
3265 5077 3418 5147 μιμὼ
3470 5077 3666 5142 λέγουσι

2123 5169 2554 5240 σχηματίζεσθαι
2593 5170 2773 5225 τοῦτο.
2822 5171 2998 5233 Μόνος
3041 5172 3070 5222 ό
3125 5169 3412 5239 ἄνθρωπος
3447 5168 3532 5221 διὰ
3574 5162 3664 5215 τῶν

2299 5308 2346 5340 ⁸⁸
2367 5308 2532 5369 τιΘοῖς
2553 5307 2617 5360 Α.

2350 5378 2394 5408 ⁸⁸
2428 5379 2521 5428 καὶ
2550 5378 2790 5440 τέττιγες
2815 5377 2858 5428 Α
2883 5375 2940 5426 Ρ.

2716 5307 2761 5339 ⁸⁵
2793 5306 2853 5358 τὸ
2877 5322 2986 5359 οιη.
3014 5305 3051 5358 Β
3073 5307 3128 5356 Ρ.
3207 5305 3252 5336 ⁸⁸
3285 5300 3591 5371 σώματοῖ

3059 5375 3104 5406 ⁸⁸
3126 5376 3204 5428 ἐτ.
3237 5375 3344 5428 τῶν
3370 5365 3524 5437 ζώων
3544 5369 3578 5422 Β

511 5437 603 5518 καὶ
626 5454 734 5493 om.
765 5441 821 5493 Β.
901 5444 942 5473 ⁶⁷
962 5443 1022 5495 τὸ
1044 5446 1106 5498 Α.
1181 5433 1229 5476 δέ
1251 5433 1628 5518 ῘπεριδῶκενΑ-
1670 5449 1712 5479 ⁸³
1732 5449 1842 5518 ὅπη
1860 5433 1991 5500 ΑῬυ.

2121 5449 2149 5499 ὁ
2179 5462 2285 5500 om.
2311 5445 2375 5502 Β.
2447 5447 2488 5478 ⁷¹
2513 5449 2539 5499 ὁ
2570 5462 2677 5500 om.
2700 5433 2739 5497 Β
2763 5433 2819 5508 Ρ,
2849 5455 2901 5500 ct
2925 5446 3001 5499 sic
3029 5445 3082 5498 in
3111 5445 3210 5499 rel.
3285 5445 3329 5476 "
3351 5433 3662 5512 βουλευτικὸν

457 5501 496 5554 li
530 5503 585 5555 P.

528 5611 601 5680 (ρ)
632 5616 729 5670 Od.
762 5620 823 5683 θ,
858 5620 942 5672 .55.
