3944 6152
328 267 463 323 12ἶῖ

1575 258 1663 314 DE
1704 260 1988 319 NATURA
2035 260 2334 317 HOMINlS.

3448 266 3589 322 {278

323 381 648 453 φωνητικῶν
680 382 930 451 ὀργάνων
975 382 1134 434 τυποῖ
1164 376 1236 430 τὰ
1282 365 1571 442 λεγόμενα
1610 381 1644 452 ἢ
1689 381 1897 451 φωνού-

2013 384 2436 439 similitudinem
2475 381 2784 452 exprimere
2821 381 3073 435 videatur
3096 421 3113 447 ,
3165 381 3587 452 appellationem

323 487 486 543 μενα,
526 470 621 524 καὶ
645 470 913 540 διαρθροῖ·
944 470 1055 522 τῶν
1075 469 1249 524 ἄλλων
1280 455 1440 529 ζώων
1463 470 1764 543 ,ἀνάρθρως
1798 489 1909 542 φω-

319 561 576 617 νούντων.
610 561 673 614 Et
700 560 757 613 δὲ
786 562 880 614 καὶ
912 561 1040 625 τοὺς
1067 560 1338 629 ἀγγέλους
1367 557 1463 611 καὶ
1492 557 1754 633 δαιμόνας
1781 565 1907 632 ὁμι-

319 655 434 708 λείν
464 653 684 721 λέγεται
721 651 981 721 λογικῶς,
1009 652 1126 705 ἀλλ’
1160 652 1221 706 ού
1254 648 1346 705 διὰ
1382 652 1711 723 φωνητικῶν
1736 656 1907 724 όργάο

320 763 448 810 νων,
481 745 609 799 οὐδὲ
666 744 756 798 διὰ
790 744 963 814 πνοῆς
992 744 1184 815 ὥσπερ
1213 746 1397 816 ἡμεῖς.
1429 745 1605 809 Μόνος
1639 746 1669 798 6
1699 746 1909 818 ἀνθρω-

323 853 424 899 πος
455 837 598 907 μετά
637 836 868 892 θάνατον
895 835 1208 890 ἀνίσταται·
1241 837 1337 890 καὶ⁵
1363 835 1560 907 θνητὸς
1591 835 1668 893 ὢν
1693 838 1910 894 ἀπαθα-

322 926 603 993 νατίζεται
630 929 696 982 ⁷³.
726 928 906 991 Μόνος
943 928 973 980 6
1006 927 1293 999 ἄνθρωπος
1322 929 1464 993 ζῶόν
1490 933 1641 984 ἔστιν
1671 929 1907 985 ἐνταῦθα

320 1019 800 1091 οἰκονομούμενον,
834 1021 929 1073 καὶ
951 1018 1185 1089 ἀλλαχοῦ
1216 1021 1642 1091 μεθιστάμενον.
1674 1022 1851 1086 Μόνος
1878 1024 1907 1078 ὀ

321 1111 610 1183 ἄνθρωπος
654 1113 712 1165 ἐν
764 1112 918 1182 μέσῳ
956 1111 1052 1165 δύο
1091 1111 1246 1178 ζώων
1290 1112 1642 1180 γινώσκεται’
1681 1114 1906 1185 καὶτῆς

324 1202 426 1272 μὲν
452 1201 737 1273 παρούσης
765 1202 1137 1273 φροντίζεται,
1169 1204 1264 1255 καὶ
1298 1206 1615 1272 προνοεῖται
1653 1204 1772 1267 πῶς
1805 1203 1903 1275 ζή-

326 1306 498 1347 σεται’
530 1294 628 1365 τῆς
660 1294 716 1346 δὲ
766 1292 1071 1364 μελλούσης
1115 1294 1462 1362 ἐπιμελεῖται
1507 1296 1584 1364 μὴ
1621 1296 1902 1349 ἐκπεσεῖν⁹

323 1387 419 1441 καὶ
440 1383 540 1456 τὴν
569 1385 669 1455 μὲν
700 1385 1036 1455 πρόσκαιρον
1058 1380 1191 1451 οἶδε,
1223 1388 1322 1454 τὴν
1353 1386 1409 1438 δὲ
1445 1387 1668 1440 αἰώνιον
1698 1388 1763 1442 ⁷⁸.
1793 1388 1903 1441 Καὶ

2010 474 2272 531 vindicat.
2317 474 2512 539 Solus,
2556 472 2839 529 vocalibus
2874 472 3289 538 instrumentis,
3338 488 3462 542 qua:
3506 474 3590 528 di-

2009 570 2207 634 cenda,
2238 568 2884 639 exprimendaquc_sunt,
2902 565 3189 620 articulata
3213 579 3343 620 voce
3365 564 3588 635 format,

2008 677 2131 717 cum
2164 635 2358 717 caetera
2387 635 2643 714 animalia
2668 635 3015 713 in°articulata
3042 672 3176 712 voce
3207 665 3451 711 utantur.
3479 656 3588 711 Sed

2006 763 2063 808 et
2087 751 2472 821 intelligentias
2498 751 2665 820 ipsas,
2693 764 2756 802 ac
2794 747 3108 813 daemones,
3155 748 3418 802 rationali
3470 762 3589 801 ser-

2009 858 2195 910 mone,
2234 856 2343 897 non
2370 850 2555 897 autem
2583 839 3045 911 quemadmodum
3074 848 3129 893 et
3159 855 3277 904 nos,
3306 838 3585 894 vocalibus

2008 933 2409 997 instrumentis,
2456 947 2526 986 ac
2566 932 2793 1000 spiritus
2837 931 3267 999 reciprocatione
3304 931 3417 995 uti,
3443 944 3586 984 non-

2006 1026 2139 1079 nulli
2189 1025 2504 1093 opinantur.
2548 1023 2664 1077 Soli
2722 1022 2885 1077 etiam
2937 1020 3167 1085 homini,
3214 1019 3319 1075 etsi
3365 1020 3587 1074 mortali

2005 1116 2319 1171 conditione
2364 1123 2528 1168 natus
2579 1114 2687 1178 sit,
2747 1127 2778 1166 a
2839 1110 3076 1166 mortuis
3130 1123 3458 1178 resurgere,
3516 1122 3586 1162 ac

2006 1207 2416 1262 immortalitate
2451 1204 2668 1267 donari,
2725 1203 2912 1258 datum
2968 1210 3070 1256 est.
3136 1198 3324 1254 Solum
3389 1198 3586 1253 homi—

2006 1314 2154 1362 nem,
2186 1314 2369 1353 rerum
2400 1298 2491 1350 ille
2519 1294 2725 1365 opifex,
2770 1296 2859 1348 hic
2906 1304 3150 1349 creatum
3173 1301 3229 1346 et
3262 1291 3372 1344 alio
3404 1297 3586 1344 trans-

2007 1389 2329 1445 mutandum
2401 1387 2552 1443 fecit.
2615 1385 2778 1440 Solus
2848 1384 3033 1447 homo,
3088 1383 3231 1436 inter
3295 1390 3586 1448 utramque

320 1477 422 1548 τὴν
469 1476 590 1546 μὲν,
628 1475 948 1544 πολυπαθῆ,
983 1477 1076 1529 καὶ
1119 1475 1499 1543 πολυώδυνον,-
1529 1479 1625 1533 καὶ
1664 1479 1897 1532 πολύδα-

2002 1482 2195 1544 vitam,
2243 1477 2724 1550 providentissima
2783 1491 2915 1531 cura
2966 1489 3089 1544 quae
3144 1474 3213 1527 ad
3261 1480 3587 1541 praesentem

323 1583 480 1636 κρυν’
507 1566 606 1638 τὴν
620 1567 699 1633 δὲ,
721 1567 928 1638 ἀπαθῆ,
948 1568 1043 1621 καὶ
1065 1567 1355 1635 ἀνώδυνον,
1386 1570 1484 1624 καὶ
1509 1571 1791 1642 πολυκαρῆ
1816 1573 1862 1605 ⁷³
1884 1586 1897 1604 ·

2003 1576 2237 1630 attinent
2308 1573 2527 1642 satagit,
2559 1578 2614 1625 et
2663 1584 2731 1624 ne
2787 1584 2819 1622 a
2868 1568 3053 1622 futura
3107 1565 3382 1622 dilabatur
3435 1577 3589 1621 sum—

323 1655 420 1733 [ὡς
450 1657 546 1710 καὶ
569 1656 939 1729 Καλλίμαχος·

2003 1679 2228 1734 mopere
2293 1663 2560 1733 invigilat,
2613 1660 2755 1715 hanc
2810 1666 3135 1727 praesentem
3184 1665 3432 1723 tempore
3468 1668 3590 1709 mu.-

324 1749 579 1814 tabilem,
647 1751 794 1805 illam
840 1767 971 1806 vero
1031 1760 1290 1808 teternam
1346 1755 1517 1810 novit.
1577 1754 1684 1811 Sed
1745 1766 1796 1811 et
1845 1757 2151 1815 innumeris
2222 1762 2364 1813 hanc
2410 1756 2566 1826 137
2629 1753 3004 1826 passionibus,
3035 1766 3099 1806 ac
3139 1748 3460 1812 doloribus,
3508 1748 3591 1802 la.

322 1844 640 1914 crymisque
684 1846 1004 1910 obnoxiam,
1031 1848 1179 1901 illam
1226 1863 1357 1903 vero
1404 1850 1723 1918 passionum
1774 1864 2075 1922 expertem,
2105 1856 2365 1923 omnique
2417 1852 2609 1907 dolore
2674 1856 2994 1912 vacantem,
3033 1861 3099 1901 ac
3157 1843 3380 1915 plurimi
3446 1857 3587 1913 gau—

320 1935 396 1987 dii
435 1934 671 2005 plenam,
719 1937 1124 1993 animadvertit.
1188 1935 1260 1992 Ut
1295 1934 1665 1997 Callimachus
1707 1959 1722 1973 ο

325 2047 431 2102 Ἴθι
453 2047 666 2117 πραεῖα
692 2050 994 2119 γυναικῶν
1015 2052 1132 2120 τὴν
1152 2051 1297 2107 ὁδὸν
1328 2053 1409 2119 ἣν
1437 2056 1597 2109 ἀνία(
1620 2057 1897 2126 θυμοφθότ

2025 2054 2167 2109 Vade
2197 2052 2476 2109 mansueta
2507 2049 2784 2105 mulierum
2809 2048 3146 2117 viam,quam
3179 2048 3441 2117 angustia
3464 2049 3586 2103 ani-

324 2186 574 2256 ’Ὅμοιον
606 2188 684 2254 τῷ
716 2189 862 2245 ἔνθα
905 2190 1137 2261 ἀπέδρα
1182 2125 1898 2263 πᾶσιξῗίύῗηπσῗξῗῗ

1396 2264 1493 2317 καὶ
1516 2266 1871 2334 στεναγμός.

393 2345 573 2410 Μόνος
614 2347 643 2400 6
692 2348 981 2418 ἄνθρωπος
1030 2349 1245 2404 πταίων
1278 2353 1515 2407 ἐνταῦθα
1548 2354 1897 2419 παιδεύεται,

2080 2346 2269 2399 Simile
2320 2344 2448 2398 huic
2499 2351 2554 2397 et
2592 2340 2726 2395 illud
2756 2348 2865 2402 est,
2927 2337 3071 2393 unde
3116 2339 3345 2394 recessit
3401 2340 3585 2394 omnis

321 2438 414 2494 καὶ
449 2438 727 2510 μετανοῶν
759 2442 1123 2511 συγχωρεῖται
1156 2441 1309 2512 παρὰ
1338 2443 1431 2497 τοῦ
1463 2446 1792 2509 Κτίσαντος.

2004 2440 2273 2502 molestia,
2299 2444 2352 2491 et
2380 2436 2556 2497 dolor,
2584 2442 2638 2489 et
2665 2432 2919 2504 gemitus.
2941 2428 3103 2485 Solus
3129 2432 3396 2501 siquidem
3419 2432 3585 2485 homo

322 2533 377 2588 in
422 2535 711 2604 praesentis
770 2534 895 2589 vitae
928 2536 1164 2602 lubrico,
1215 2538 1269 2590 in
1311 2537 1545 2595 crimina
1599 2551 1933 2612 peccataque
1978 2534 2332 2608 prolabendo,
2382 2546 2506 2587 cum
2542 2530 2781 2600 seipsum
2850 2524 3095 2596 corrigit,
3148 2541 3178 2580 a
3228 2526 3583 2596 poenitentia;

320 2629 479 2685 venia
511 2630 710 2698 dignus
750 2644 779 2683 a
813 2627 1070 2684 Creatore
1092 2629 1346 2685 edicitur.
2202 2636 2206 2640 “
3575 2697 3579 2701 ν

335 2730 341 2736 ’
390 2722 570 2784 Μόνος
600 2723 629 2774 6
670 2720 958 2793 ἄνθρωπος
1002 2722 1156 2792 παρὰ
1203 2722 1297 2775 τοῦ
1331 2721 1680 2793 Δημιουργοῦ
1714 2721 1897 2788 διαφε‹

2078 2710 2429 2782 Siquidem,
2513 2723 2641 2779 erga
2723 2709 2901 2764 solum
2981 2712 3259 2768 hominem
3297 2755 3312 2780 ,
3400 2729 3583 2772 rerum

323 2812 524 2883 ρόντως
551 2811 659 2865 τῶν
688 2812 866 2866 ἄλλων
907 2810 1062 2876 ζώων
1092 2816 1423 2884 προνοεῖται,
1456 2814 1551 2867 καὶ
1581 2810 1897 2883 ἐπιμελείας

2006 2805 2187 2873 opifex
2256 2809 2453 2872 praeter
2499 2801 2604 2854 alia
2653 2800 2906 2855 animalia
2966 2805 3236 2873 pra-cipue
3296 2806 3587 2875 providen-

319 2906 571 2976 ἠξίωται.
606 2905 719 2959 Καὶ
748 2905 791 2935 ⁷⁸
822 2903 912 2957 ἴνα
939 2905 1104 2957 τοῦτο
1141 2904 1215 2975 μὴ
1255 2905 1466 2973 ἀγνοῶν
1505 2903 1681 2976 μάθῃς
1713 2901 1894 2964 πλέον,

2006 2896 2077 2949 tia
2105 2894 2311 2957 utitur,
2343 2905 2580 2960 eumque
2609 2890 2960 2946 exactissima
2992 2893 3162 2961 ipsius
3194 2908 3324 2948 cura
3355 2896 3583 2965 dignum

319 2997 416 3047 καὶ
450 2994 549 3064 τῆς
592 2993 851 3065 προνοίας
884 2992 1173 3066 θαυμάσῃς
1213 2994 1274 3046 τὸ
1315 2992 1581 3063 μέγεθος,
1632 2992 1826 3044 σκόπει
1853 2991 1896 3021 ⁷⁷

2002 2994 2207 3040 censet.
2272 2984 2367 3038 llis
2421 2983 2604 3051 itaque
2673 2983 2945 3053 cognitis,
2995 2992 3051 3039 et
3101 2985 3256 3054 plura
3313 2986 3581 3052 edoctus,

316 3087 419 3157 τὴν
472 3085 733 3156 διαμονὴν
775 3084 884 3137 τῶν
933 3084 1212 3149 ἁπάντων,
1262 3084 1358 3137 καὶ
1410 3084 1649 3152 μάλιστα
1684 3081 1793 3135 τῶν
1839 3082 1897 3134 ὲν

2001 3077 2097 3131 Dei
2128 3074 2482 3146 previdentize
2511 3074 2942 3143 magnitudinem
2985 3075 3274 3132 mirabere.
3312 3077 3447 3145 Quis
3473 3094 3582 3134 non

2005 2206 2144 2242 mum
2184 2196 2575 2258 corrumpetur}:
2637 2200 2741 2238 non
2794 2189 3091 2259 penetrant.

318 3179 534 3246 γενέσει
581 3178 677 3230 καὶ
709 3176 886 3247 φθορᾷ
934 3175 1347 3245 φυλαττομένην
1367 3175 1410 3207 ⁷⁸
1440 3176 1528 3228 ἀεὶ
1571 3176 1658 3229 διά
1699 3191 1760 3228 σε
1801 3173 1899 3244 τὴν

318 3269 473 3335 τάξιν
495 3269 604 3322 τῶν
630 3268 798 3322 ὅντων
825 3271 921 3322 καὶ
950 3267 1048 3339 τὴν
1076 3269 1119 3299 τ’
1144 3266 1316 3320 θέσιν.
1362 3266 1639 3331 Ὡσαύτως
1666 3266 1765 3336 τὴν
1792 3265 1899 3318 τῶν
1924 3245 1967 3302 c

320 3361 539 3432 ἄστρων
589 3359 786 3430 φορὰν,
831 3357 999 3430 μηδὲν
1042 3358 1316 3428 μηδέποτε
1352 3357 1774 3412 διαλλάττουσαν
1806 3354 1897 3407 τὸν

321 3453 523 3507 κύκλον
548 3452 645 3506 τοῦ
678 3452 952 3505 ἐνιαυτοῦ·
985 3451 1095 3503 τῶν
1121 3451 1283 3521 ὡρῶν
1304 3451 1403 3523 τὴν
1429 3449 1895 3504 ἀποκατάστασιψ

321 3543 431 3599 τῶν
456 3543 668 3599 νυκτῶν
703 3543 797 3597 καὶ
820 3541 1045 3613 ἡμερῶν
1069 3543 1116 3574 ⁸ο
1137 3543 1238 3614 τὴν
1267 3542 1511 3614 ίσότητα·
1547 3541 1698 3612 παρά
1732 3540 1899 3612 μέρος

323 3636 594 3704 ἑκατέρας
631 3634 1007 3703 αὐξανομένης
1036 3634 1070 3704 ἦ
1111 3633 1467 3706 μειουμένης·
1497 3632 1597 3702 τὴν
1639 3629 1826 3701 φυτῶν
1851 3630 1896 3662 ⁸⁸

321 3727 421 3780 καὶ
469 3725 802 3796 σπερμάτων
845 3723 1088 3794 πληθύνο
1143 3724 1244 3797 τὴν
1290 3723 1401 3776 τῶν
1430 3721 1586 3786 ζώων
1631 3721 1898 3792 διαφορὰν

323 3819 424 3872 καὶ
452 3817 817 3889 κατασκευήνο
853 3818 955 3887 τῆς
993 3817 1225 3879 κτίσεως
1251 3815 1473 3886 ἀπάσης
1501 3814 1570 3867 τά
1598 3813 1734 3885 ἔργα
1756 3852 1771 3877 ,
1804 3812 1898 3865 καὶ

322 3909 425 3984 τὴν
451 3909 764 3978 ἀναλογίαν,
793 3909 888 3961 καὶ
918 3909 1206 3980 ἁρμονίαν,
1235 3908 1329 3961 καὶ
1357 3906 1662 3977 εὐρυθμίαν
1686 3905 1756 3959 ⁸⁸.
1785 3904 1898 3957 Καὶ

324 4005 414 4056 ἵνα
452 4001 630 4055 πάντα
658 4001 819 4073 παρῶ
851 4000 939 4053 διά
965 4000 1063 4070 τὴν
1091 4000 1190 4071 σὴν
1216 3999 1474 4071 πρόνοιαν
1501 3998 1547 4030 ⁸³
1578 3998 1673 4051 καὶ
1703 3996 1898 4065 συντή-

325 4110 484 4166 ρησιν
517 4093 804 4161 γεγονότα,
847 4094 978 4164 περὶ
1006 4091 1106 4162 τῆς
1144 4092 1360 4163 μορφῆς
1395 4090 1553 4162 ἡμῶν
1596 4089 1690 4144 καὶ
1721 4089 1894 4151 ἰδέας,

320 4188 423 4256 τὴν
465 4183 824 4255 παραλλαγὴν
868 4183 1124 4252 διάφορον
1176 4182 1409 4251 ἐχούσης
1455 4181 1522 4245 ³⁸,
1571 4178 1897 4247 διασαφὴσω

320 4276 481 4344 ὀλίγα
500 4277 565 4308 “-
600 4273 686 4327 ἴνα
718 4270 1186 4343 προσκυνήσῃς-⁸⁸
1210 4272 1310 4339 τὴν
1343 4270 1474 4340 περὶ
1503 4268 1564 4322 σὲ
1580 4268 1626 4300 ⁸⁷
1658 4266 1755 4320 τοῦ
1798 4271 1896 4319 Δε-

323 4364 523 4418 σπότου
567 4380 661 4416 σου
709 4363 994 4433 πρόνοιαν,
1044 4361 1104 4414 τὸ
1144 4359 1306 4430 ἔργον
1350 4359 1544 4413 τούτου
1584 4358 1894 4428 θαυμάσῃς.

321 4455 420 4517 Τίς
449 4457 558 4526 γὰρ
585 4453 727 4526 ὁρῶν
753 4452 852 4516 τὰς
882 4452 1098 4523 μορφὰς
1126 4451 1235 4503 τῶν
1272 4449 1576 4519 ἀνθρώπων
1615 4451 1674 4502 έν
1696 4449 1893 4502 τοσαύ-

2002 3166 2561 3236 attonitusinspiciat,
2595 3166 2841 3220 omnium
2900 3181 3086 3238 rerum
3126 3171 3581 3239 permanentiam,

2000 3274 2187 3314 earum
2213 3259 2537 3329 praesertim,
2570 3273 2692 3328 quae
2721 3259 3087 3329 generationis
3106 3261 3584 3332 corruptionisqne

1999 3352 2379 3408 vicissitudine
2425 3350 2584 3405 nobis
2632 3351 2958 3414 inserviunt,
3008 3351 3180 3406 nostri
3220 3366 3380 3407 causa
3427 3352 3581 3407 illum

2001 3443 2404 3515 procreasse,’si
2427 3457 2609 3496 rerum
2634 3442 2880 3496 omnium
2906 3443 3151 3496 ordinem
3171 3443 3398 3496 simulet
3415 3443 3580 3499 situm

2000 3540 2487 3614 inspexeris?Non
2518 3541 2662 3595 enim
2710 3541 2949 3596 siderum
2993 3551 3209 3607 motus,
3251 3557 3361 3596 non
3401 3543 3584 3599 circu-

1997 3636 2130 3690 laris
2167 3633 2297 3688 anni
2343 3633 2614 3693 ambitus,
2646 3632 2727 3685 vel
2774 3641 3077 3701 temporum
3102 3673 3117 3697 ,
3156 3631 3225 3685 ab
3257 3632 3472 3702 incepto
3504 3643 3582 3690 te-

2000 3741 2153 3788 nore,
2195 3726 2255 3778 lit
2287 3721 2634 3793 permutatio.
2671 3721 2777 3776 Sed
2821 3729 2876 3775 et
2918 3721 3130 3775 dierum
3197 3738 3263 3777 ac
3334 3725 3578 3780 noctium

1998 3814 2358 3885 arqualitates,
2397 3810 2766 3873 incrementa,
2798 3811 3287 3881 decrementaque,
3324 3813 3454 3869 dum
3497 3815 3582 3871 vi-

1997 3905 2185 3963 cissim
2211 3913 2321 3958 tam
2354 3904 2494 3957 miro
2519 3902 2711 3956 ordine
2736 3901 2935 3956 damna
2967 3903 3293 3971 rependunt,
3331 3918 3589 3981 contem-_

1998 3997 2135 4068 plari
2162 4003 2395 4066 oportet.
2429 3992 2702 4060 Quidnam
2745 3993 2812 4047 de
2861 3993 3131 4047 seminum
3170 4002 3226 4048 et
3263 3995 3575 4065 plantarum

1996 4084 2377 4147 exuberantia,
2428 4093 2522 4137 aut
2554 4082 2683 4153 quid
2719 4084 2786 4138 de
2819 4093 2930 4138 tam
2977 4083 3189 4139 diversa
3222 4095 3276 4140 et
3304 4086 3577 4142 diﬂ'erenti

2001 4185 2325 4240 animalium
2358 4184 2562 4253 specie,
2594 4184 2767 4254 deque
2800 4191 2911 4238 tota
2959 4199 3143 4238 rerum
3195 4185 3444 4240 machina
3486 4185 3574 4240 di-

1996 4276 2228 4331 cendum
2258 4275 2378 4330 est?
2421 4275 2474 4329 in
2521 4274 2638 4344 ipsa
2686 4275 2831 4327 enim
2871 4276 3255 4344 proportione,
3289 4276 3574 4333 harmonia

1996 4377 2050 4422 et
2081 4375 2230 4421 recto
2278 4366 2469 4420 ordine
2507 4365 2808 4420 consistere
2851 4374 3047 4420 cuncta
3087 4367 3358 4422 visuntur.
3404 4366 3472 4422 Et
3514 4377 3575 4424 ut

2000 4458 2287 4523 ttiiiversa,
2337 4471 2459 4526 quae
2511 4470 2723 4509 summa
2777 4454 2870 4510 Dei
2910 4455 3247 4525 providentia
3300 4460 3573 4514 commodi

320 4564 444 4609 ταις
477 4545 706 4618 μυριάσι
732 4543 778 4576 ⁸⁸
824 4540 1277 4607 διαλλαττούσας,
1330 4541 1424 4595 καὶ
1459 4541 1712 4613 μηδαμοῦ
1752 4539 1897 4596 κατά

2000 4564 2065 4603 ac
2097 4547 2452 4603 emolumenti
2483 4546 2657 4600 nostri
2695 4548 2868 4617 gratia
2903 4559 3184 4618 procreata
3221 4557 3371 4615 sunt,
3402 4551 3571 4605 missa

321 4641 504 4709 πάντα
533 4615 957 4706 συμπιπτούσας
986 4634 1053 4699 δ’,
1088 4636 1146 4687 ού
1178 4634 1448 4704 θαυμάσει
1480 4634 1581 4703 μὲν
1611 4634 1671 4687 τὸ
1709 4633 1888 4704 ἔργον.

2002 4640 2288 4707 faciamus,
2323 4653 2495 4709 pauca
2531 4646 2710 4693 tamen
2750 4638 2817 4694 de
2851 4638 3025 4694 forma
3061 4641 3350 4711 specieque
3381 4650 3572 4697 nostra

335 4726 818 4799 Ἀναλογιζόμενος
860 4726 919 4780 δὲ
965 4726 1066 4797 τὴν
1112 4726 1314 4790 αἰτίαν,
1356 4727 1580 4797 εὑρήσει
1632 4727 1893 4797 προνοίας

322 4822 492 4876 ἕνεκα
528 4819 926 4890 διαφερούσης,
970 4818 1066 4889 τὴν
1091 4817 1352 4889 διαφορὰν
1380 4820 1478 4887 τῆς
1518 4817 1734 4889 μορφῆς
1788 4837 1895 4873 πα-

324 4910 710 4984 ρηλλαγμένην
743 4912 801 4963 ἔν
844 4911 959 4973 τοῖς
997 4907 1119 4962 καθ’
1144 4909 1377 4961 ἕκαστον
1409 4908 1476 4960 ⁹⁰.
1522 4909 1722 4962 Σκόπει
1761 4910 1893 4980 γὰρ,

323 4988 373 5055 εί
396 5001 490 5056 τὸν
505 5002 548 5034 ’ί
576 5002 740 5055 αὑτὸν
766 5002 1007 5062 ἅπαντες
1028 4997 1229 5064 ἔσωζον
1261 4997 1695 5069 ἀπαραλλάκτως
1726 5017 1898 5070 χαραο

326 5092 528 5164 κτῆρα,
550 5092 691 5163 πόση
716 5091 975 5161 σύγχυσις
995 5090 1101 5142 τῶν
1124 5089 1462 5158 πραγμάτων
1485 5090 1714 5156 ἐγίνετο.
1746 5091 1894 5162 Πόση

2000 4745 2286 4786 recensere
2316 4730 2719 4800 aggrediamur,
2753 4738 2813 4784 ut
2839 4730 2966 4787 inde
2988 4729 3203 4786 Domini
3238 4732 3407 4786 nostri
3432 4746 3571 4801 Opus

2000 4821 2211 4885 mirari,
2239 4820 2468 4890 ejusque
2509 4821 2739 4876 adorare
2778 4821 3173 4890 providentiam
3197 4823 3572 4892 unusquisque

1999 4913 2198 4969 merito
2231 4913 2421 4982 possit.
2450 4911 2606 4979 Quis,
2640 4913 2883 4982 inquam,
2920 4911 3200 4967 hominum
3237 4912 3442 4969 formas
3465 4954 3483 4982 ,
3515 4915 3570 4985 in

2000 5013 2077 5059 tot
2107 5004 2348 5059 millibus
2375 5004 2770 5075 discrepantes,
2798 5012 2851 5060 et
2874 5004 3063 5058 nullibi
3091 5020 3318 5071 prorsus
3353 5005 3406 5060 in
3442 5006 3571 5062 uni-

2001 5093 2176 5151 versis
2205 5096 2615 5159 convenientes,
2647 5109 2758 5150 non
2790 5094 3155 5150 admiratione
3185 5107 3572 5168 prosequatur,

348 5267 361 5275 .
396 5236 443 5268 τι
466 5234 814 5317 paganus.
838 5258 863 5317 *ν
889 5233 952 5317 ’δ’
970 5231 1268 5317 pellimur
1431 5230 1475 5261 "
1502 5242 1623 5317 post
1652 5234 1766 5317 hate
1791 5233 1897 5289 Lat.

2000 5237 2191 5317 ers_._i_ta
2222 5251 2282 5317 se
2299 5236 2498 5291 habet:
2537 5235 2659 5317 «‘Ut
2691 5235 3072 5317 Callimachus.
3119 5234 3222 5288 Ἴθι
3254 5235 3438 5317 πρηύα
3471 5253 3572 5317 γυιο

327 5304 533 5361 ναικῶν
561 5306 660 5374 τὴν
680 5305 797 5357 ὁδὸν
832 5302 900 5374 ἢν
930 5299 1077 5374 ἀνῖαι
1104 5299 1442 5374 θυμοςρθόροι
1475 5302 1545 5374 ού
1567 5304 1838 5374 περόωσιν
1882 5326 1900 5356 i

1951 5321 2005 5374 p.
2055 5306 2178 5360 157.
2231 5307 2333 5359 hoc
2406 5321 2532 5359 vero
2569 5304 2704 5371 frag.
2754 5316 2941 5359 carent
2972 5319 3161 5358 omnes
3210 5304 3375 5374 noetri
3412 5306 3571 5359 codd.

339 5378 427 5438 Ὠς
457 5375 551 5446 καὶ
589 5370 890 5446 καλλ.....ζ.
923 5372 1235 5446 περόωσιν-⁸
1274 5370 1555 5446 ὅμοιον-τῷ
1587 5370 1714 5446 ἔνθα
1743 5370 1965 5441 ἀπέδρα
1999 5378 2150 5429 πᾶσα
2178 5375 2322 5446 λύπῃ
2346 5375 2442 5428 καὶ
2464 5375 2631 5446 όβύνη
2647 5370 2744 5446 καὶ
2795 5375 3136 5446 στεναγμόςη
3152 5373 3326 5446 Μόνος
3366 5377 3393 5427 ὀ
3411 5374 3571 5446 ἀνθρ.

332 5445 389 5504 ῐξ.
433 5444 512 5514 _'.‘
535 5445 628 5514 καὶ
649 5459 757 5496 om.
791 5444 880 5514 Β.Δ
927 5444 974 5474 ⁷⁷
998 5440 1092 5494 καὶ
1114 5440 1386 5514 exerceat}.
1464 5442 1507 5472 ⁷*
1536 5440 2051 5514 φυλαττομένωνΑ.
2130 5446 2172 5477 ⁷⁹
2197 5440 2423 5514 τὴνόιιι.
2484 5444 2542 5497 Β.
2613 5440 2662 5476 ⁸ο
2718 5444 2945 5514 καιρῶνς
2972 5440 3045 5497 Β,
3119 5443 3162 5474 ⁸⁸
3200 5442 3325 5514 ,τὴν
3369 5440 3569 5511 τῶνῲι

330 5498 401 5566 Βί
432 5512 492 5565 Ρ.
567 5513 763 5567 ⁸¹.καὶ
830 5498 951 5581 εύρ.
999 5528 1110 5564 om.
1156 5509 1231 5581 ΔΒ.

330 5643 571 5713 πτόύσας
595 5649 656 5704 Β.
730 5651 778 5683 ⁹⁰
808 5643 1121 5704 καθέκαστα
1150 5648 1190 5702 Β
1212 5648 1274 5707 Ρ.
1333 5643 1409 5723 ί⁹¹
1456 5643 1664 5705 καὶτὸν
1695 5651 1733 5703 Β
1762 5650 1823 5709 Ρ.

1306 5511 1353 5541 ⁸³
1412 5527 1569 5584 προν.
1621 5513 1715 5565 καὶ
1773 5511 2204 5584 προμήθειανΒ.

327 5599 468 5654 παρ.
544 5581 711 5654 ⁸⁸-σοι
734 5578 938 5654 μόλίγα-
960 5582 1020 5645 Β.
1070 5617 1074 5622 -
1125 5578 1185 5654 3:
1217 5578 1483 5654 liquesce
1521 5578 1985 5654 épyov_ica§t'np'oét
2024 5584 2144 5640 BP.
2220 5584 2264 5615 ⁸⁷
2297 5582 2393 5637 σοῦ
2430 5583 2490 5638 Β.

2305 5514 2535 5583 ἐνδιαφ.
2564 5516 2648 5582 ἐχ.
2691 5513 2897 5578 οιιιζΒ,
2931 5513 2970 5567 Ρ
3004 5513 3093 5580 qui
3138 5513 3301 5583 etiam
3333 5528 3444 5566 Olli.
3474 5514 3577 5582 τὴν

2592 5584 2636 5615 ⁸⁸
2667 5583 2893 5654 μυριάσι
2934 5598 3045 5638 om.
3073 5583 3138 5637 A.
3243 5582 3288 5615 "
3320 5599 3573 5638 συνεκπι.
