3944 6152
472 240 615 295 ηπ)

1713 238 1997 297 ΠΕιΕΤΙΙ
2039 240 2347 300 MONACHI

3581 243 3706 302 ιεεο

470 368 635 422 atque
673 354 1023 424 obtupescat?
1055 353 1253 408 Verum
1276 393 1290 416 ,
1336 354 1382 406 si
1437 368 1661 409 causam
1696 356 2040 422 consideres,

2144 356 2201 408 δὲ
2240 357 2434 424 ἀγνοια
2478 358 2572 411 καὶ
2617 359 2807 423 σκότος
2850 360 3071 429 κατεῖχε
3117 359 3210 411 τὸν
3251 357 3558 429 ἀνθρωπον’
3593 362 3704 414 οὔτε

472 460 701 500 summa:
732 446 1082 516 providentiae
1115 461 1274 515 opus,
1308 445 1361 499 in
1399 447 1493 499 tali
1529 447 1888 515 Singularium
1927 449 2040 504 dis-

471 536 848 604 similitudine,
884 536 1185 591 consistere
1218 537 1605 619 deprehendes.
1642 538 1699 592 Si
1734 540 1879 593 enim
1914 542 2039 595 uni-

470 626 611 680 versi
635 624 913 691 mrrtales,
939 625 1088 679 omni
1108 638 1314 679 remoto
1331 627 1664 692 discrimine,
1694 628 1855 699 138
1877 646 2039 685 unam

468 716 824 784 eamdemque
864 715 1094 785 ﬁguram
1132 717 1498 782 sortirentur,
1541 719 1776 773 maxima
1819 721 2039 789 quidem

471 822 653 860 rerum
701 806 953 861 confusio
1002 808 1254 862 oriretur.
1308 808 1365 861 ln
1413 818 1617 877 quanta
1670 811 1814 864 enim
1856 827 2037 866 rerum

468 897 713 950 omnium
757 898 1132 967 ignoratione,
1179 914 1242 952 ac
1288 899 1527 953 tenebris
1568 913 1933 967 versaremur,
1968 904 2038 969 si,

468 986 833 1058 distinguendi
864 996 1052 1041 nolunt
1081 989 1354 1042 hominem
1384 989 1453 1042 ab
1471 990 1654 1059 ignoto
1675 1029 1689 1053 ,
1724 990 1933 1047 hostem
1970 995 2040 1046 ab

466 1079 665 1142 amico,
695 1078 922 1147 probum
958 1078 1026 1131 ab
1054 1078 1305 1147 improbo
1330 1094 1394 1133 ac
1426 1079 1679 1142 scelesto,
1713 1080 1859 1135 nulla
1883 1083 2039 1137 nobis

468 1168 701 1223 facultas
738 1169 959 1222 daretur
990 1186 1004 1222 :
1040 1185 1190 1235 nam,
1219 1170 1264 1223 si
1299 1170 1413 1224 haec
1444 1170 1755 1240 hujusmodi
1783 1187 1842 1226 se
1877 1172 2040 1227 habe-

469 1267 612 1316 rent.
644 1256 779 1311 nihil
809 1256 1091 1325 impediret
1124 1258 1256 1327 quin
1302 1273 1427 1311 cum
1470 1260 1787 1329 parentibus
1834 1264 2039 1316 sorori-

468 1361 681 1430 busque
705 1360 996 1414 coiremus.
1024 1359 1079 1413 Si
1104 1360 1190 1413 fur
1211 1361 1263 1414 in
1292 1360 1437 1416 furto
1452 1362 1824 1432 deprehensus
1848 1366 2038 1433 paulu-

468 1451 580 1504 lum
618 1450 915 1504 declinaret
942 1466 1006 1504 ac
1030 1465 1149 1505 sese
1177 1452 1506 1507 immisceret
1528 1455 1692 1508 coetui
1714 1493 1729 1518 ,
1758 1470 2035 1525 nunquam

469 1540 705 1609 amplius
734 1542 1111 1612 agnoscendus
1131 1542 1403 1611 effugeret.
1437 1544 1542 1599 Sed
1572 1556 1627 1598 et
1662 1545 1803 1601 inter
1837 1547 2037 1603 liberos

470 1645 534 1685 ac
568 1640 819 1700 parentes
850 1630 1057 1684 nullum
1097 1632 1324 1685 omnino
1367 1634 1696 1703 cognitionis
1742 1635 2036 1691 discrimen

2147 446 2238 497 τὸν
2285 447 2585 515 ἀλλότριον,
2638 450 2987 521 ⁴ητιολέμιον,
3044 450 3076 519 ἢ
3126 452 3384 520 χρηστὸν,
3435 451 3468 521 ἦ
3520 452 3705 521 φαῦλον

2147 538 2422 607 διακρῖναι
2455 542 2502 573 ’⁸
2548 542 2865 609 δυνάμενον*
2920 540 3112 594 τούτου
3169 541 3278 612 γὰρ
3321 541 3475 605 ὄντος
3517 542 3704 605 οὑτως,

2146 628 2299 682 οὐδὲν
2329 630 2567 683 ἐκώλυεν
2593 632 2855 701 ἀδελφαῖς
2880 634 2974 685 καὶ
3005 634 3247 702 μητράσι
3284 634 3705 703 συμμίγνυσθαι.

2148 720 2212 771 Τί
2242 721 2323 784 δὲ,
2360 724 2409 774 εἰ
2437 724 2686 777 κλέπτων
2713 742 2797 787 τις
2816 724 3112 795 κρατηθεὶς
3142 724 3356 795 ἀπέδρα
3384 727 3596 797 μικρὸν,
3627 729 3708 779 καὶ

2149 815 2419 885 συνεμίγη
2464 818 2523 869 ὲν
2566 819 2682 879 τοῖς
2714 817 3022 887 παροῦσιν;
3054 812 3164 886 ἆρα
3204 816 3271 870 ἂν
3308 817 3705 888 ἀνεγνωρίσθη;

2146 904 2419 975 οὐδαμῶς.
2470 907 2613 960 Ἀλλ’
2644 908 2768 961 οὑδὲ
2809 908 3049 978 πατέρες
3095 909 3189 961 καὶ
3219 908 3409 971 παῖδες
3456 908 3707 979 ἀλλήλους

2146 997 2462 1068 ἐγνώριζον.
2513 1000 2654 1053 Ἀλλ’
2698 1001 2820 1054 οὑδὲ
2865 1001 2994 1055 ἀλλο
3047 1019 3098 1054 τι
3145 1000 3375 1070 συνέστη
3421 1002 3532 1054 τῶν
3580 1002 3707 1055 κατά

2147 1088 2262 1159 βίον
2292 1090 2339 1123 ⁸⁸
2366 1094 2423 1145 ὲν
2454 1092 2762 1161 ἀνθρώποις
2808 1093 3046 1162 χρηστόν
3071 1108 3086 1123 ·
3135 1091 3334 1158 τυφλὸς
3390 1093 3501 1163 γάρ
3556 1091 3619 1144 ἄν
3647 1088 3708 1160 ἦν

2146 1181 2309 1235 ἕνεκα
2352 1183 2462 1235 τῶν
2495 1184 2798 1255 ἀνθρώπων
2830 1188 2857 1237 ό
2894 1184 3182 1255 ἄνθρωπος
3202 1226 3216 1249 ,
3271 1184 3443 1255 μικρά
3472 1183 3567 1237 τοῦ
3596 1183 3708 1253 βλέ-

2146 1288 2270 1324 πειν
2296 1274 2446 1343 αὑτῷ
2473 1275 2920 1346 παρεσχομένων·
2947 1276 3090 1345 πλὴν
3114 1276 3224 1346 γάρ
3257 1275 3475 1344 ἡλικίας
3508 1276 3599 1328 καὶ
3629 1292 3709 1343 με·

2145 1363 2339 1430 γέθους
2383 1365 2535 1418 οὐδὲν
2590 1366 2718 1419 ἀλλο
2772 1366 3093 1434 διεγίνωσκε
3138 1368 3202 1420 ’⁸.
3253 1367 3538 1417 Τοσούτων
3587 1366 3706 1435 ἡμῖν

2146 1453 2365 1521 ἀγαθῶν
2390 1455 2795 1524 αἰτίαγέγονεν
2828 1457 2861 1526 ή
2896 1457 3129 1525 Πρόνοια
3162 1455 3517 1509 ποικίλλουσα
3545 1457 3589 1488 ’⁸
3618 1455 3706 1522 τὴν

2148 1545 2368 1615 μορφὴν
2414 1546 2523 1598 τῶν
2580 1545 2887 1617 ἀνθρώπων
2931 1547 3020 1599 διὰ
3075 1548 3310 1611 παντὸς,
3367 1548 3461 1599 καὶ
3518 1544 3706 1614 μηδένα

2145 1637 2335 1705 χρόνον
2353 1636 2571 1689 τοῦτο⁹⁸
2594 1637 3034 1707 παραλείπουσα·
3058 1640 3153 1691 καὶ
3171 1638 3233 1690 οὑ
3257 1638 3417 1705 μόνον
3438 1638 3498 1689 ὲν
3518 1639 3706 1707 μορφῇ,

467 1731 635 1777 esset.
675 1721 940 1779 Praeterea
984 1724 1131 1779 aliud
1180 1725 1313 1778 nihil
1360 1725 1413 1779 in
1457 1727 1557 1781 hac
1582 1727 1895 1781 mortalium
1929 1730 2038 1784 vita

2140 1728 2278 1781 ἀλλά
2311 1728 2405 1781 καὶ
2441 1731 2499 1781 ὲν
2533 1732 2761 1797 φωναῖς,
2800 1732 2895 1782 καὶ
2925 1731 2984 1782 ἐν
3020 1734 3085 1800 τῇ
3120 1730 3228 1782 τῶν
3259 1730 3574 1799 χρωμάτων
3602 1727 3707 1780 δια-

465 1814 580 1869 tl'cri
610 1815 881 1870 laudabile
906 1827 1090 1886 posset
1127 1835 1140 1871 :
1175 1832 1301 1870 nam
1337 1817 1499 1872 homo
1520 1857 1534 1883 ,
1566 1819 1805 1875 hominis
1842 1836 2031 1885 causa,

2139 1820 2303 1889 φορᾷ,
2330 1819 2426 1873 καὶ
2457 1820 2515 1871 ὲν
2540 1820 2801 1889 ἡλικίαις·
2831 1821 2917 1873 ἵνα
2947 1820 3301 1891 πολυτρόπως
3332 1820 3596 1890 βοηθῆται
3616 1819 3706 1887 τῆς

466 1920 643 1961 caecus
696 1907 1099 1976 quodammodo
1143 1918 1323 1972 esset,
1365 1924 1490 1963 cum
1519 1910 1662 1964 visui
1694 1910 1867 1979 ipsius
1899 1912 2035 1966 nihil

2140 1912 2487 1984 ἀνθρωπίνης
2520 1913 2742 1981 φύσεως
2795 1916 2829 1983 ἡ
2879 1915 3172 1978 ἀσθένεια,
3212 1914 3308 1967 καὶ
3352 1912 3707 1981 γινώσκοντες

465 1995 613 2050 aliud
645 1997 1125 2066 comprehendere,
1150 2014 1314 2068 quam
1348 2008 1557 2053 etatem
1591 2007 1755 2069 atque
1790 2001 2036 2069 corporis

2140 2004 2219 2067 ὡς
2254 2003 2507 2072 λογικοὶ,
2538 2005 2653 2068 οἵας
2701 2007 2956 2077 προνοίας
3003 2003 3299 2075 ἀξιούμεθα
3339 2006 3435 2058 καὶ
3464 2004 3627 2074 τιμῆς
3646 2004 3705 2066 ",

469 2084 895 2153 magnitudinem
934 2086 1175 2141 daretur.
1227 2086 1400 2141 Tanta
1442 2088 1605 2158 igitur
1654 2089 1793 2143 bona
1833 2090 2035 2145 summi

2144 2094 2218 2163 μὴ
2253 2092 2710 2164 καταισχύνωμεν
2740 2097 2836 2165 τὴν
2882 2095 3070 2163 φύσιν,
3126 2094 3263 2165 μηδὲ
3306 2092 3414 2147 τῶν
3450 2097 3546 2146 τοῦ
3585 2089 3707 2145 θεοῦ

465 2172 741 2230 Creatoris
770 2177 1105 2245 providentia
1142 2192 1208 2232 ex
1252 2176 1457 2234 formae.
1479 2178 1534 2232 in
1564 2179 1822 2235 omnibus
1858 2181 2038 2235 varia-

2140 2180 2357 2252 δωρεῶν
2386 2182 2793 2253 ἀποφανθῶμεν
2820 2184 2865 2216 ’⁸
2893 2184 3126 2249 ἀνάξιοι.

462 2271 613 2325 tione
637 2272 1111 2345 discrepantiaque
1143 2274 1302 2330 nobis
1359 2275 1556 2345 largita
1614 2282 1720 2341 est,
1762 2286 1817 2331 et
1875 2276 1981 2332 hoc
2020 2277 2241 2347 quidem
2274 2294 2370 2347 per
2424 2279 2677 2334 universa
2706 2289 2947 2350 tempora
2980 2279 3188 2335 elhcere
3223 2296 3329 2334 non
3358 2279 3577 2334 desinit.
3614 2275 3707 2330 Sed

462 2378 573 2418 non
600 2365 770 2436 ligura
805 2375 1040 2434 tantum,
1065 2383 1256 2423 verum
1292 2369 1457 2424 etiam
1491 2370 1545 2423 in
1578 2371 1841 2436 vocibus,
1894 2372 2284 2443 coloribusque
2314 2382 2479 2443 atque
2518 2375 2770 2430 etatibus
2846 2376 3140 2431 discrimen
3212 2376 3427 2441 visitur,
3472 2388 3582 2443 quo
3616 2372 3708 2426 huc

461 2476 637 2516 mante
668 2471 878 2517 natura:
942 2464 1289 2520 imbecillitas
1342 2465 1719 2521 multimodam
1749 2482 1906 2538 opem
1972 2469 2218 2523 sentiret.
2250 2467 2386 2524 Cum
2411 2471 2557 2525 enim
2586 2471 2780 2534 nobis,
2823 2487 2923 2541 pro
2993 2472 3043 2525 vi
3086 2470 3337 2526 rationali
3376 2484 3487 2540 qua
3515 2464 3706 2539 ιιι-ωόὶιὶ

462 2566 693 2621 sumus,’
716 2558 939 2626 planum
974 2566 1186 2613 constet
1209 2571 1416 2628 quanto
1444 2576 1542 2615 nos
1576 2560 1777 2614 summi
1836 2559 1970 2627 Dei,
2014 2570 2067 2615 et
2103 2561 2367 2616 creatoris
2399 2562 2739 2631 providentia
2784 2563 2991 2618 honore
3056 2562 3367 2631 insignivit,
3399 2558 3705 2615 enitendum

461 2664 679 2704 summa
703 2665 805 2718 ope
844 2658 952 2717 est,
976 2664 1045 2705 ne
1094 2661 1348 2705 naturam
1405 2652 1578 2720 ipsam
1643 2650 1975 2721 turpitudine
2016 2650 2318 2707 adiciamus
2344 2693 2359 2717 ,
2399 2668 2464 2708 ac
2526 2663 2636 2708 tam
2680 2653 2925 2724 prteclari
2958 2655 3202 2710 muneris
3240 2652 3450 2724 indigni
3505 2652 3707 2723 penitus

457 2740 759 2797 videamur.

444 2854 449 2859 ι
532 2830 659 2887 llaec
687 2840 868 2888 autem
895 2834 1027 2889 mihi
1050 2834 1118 2889 de
1141 2844 1327 2890 nostro
1347 2850 1598 2907 corpore,
1619 2835 1849 2906 ejusque
1883 2842 2032 2890 stru-

458 2934 614 2980 ctura
636 2926 1158 2997 constitutioneque,
1182 2942 1245 2982 ac
1276 2927 1601 2982 formatione
1624 2942 1725 2982 nec
1751 2942 1857 2981 non
1887 2941 2034 2981 cum-

2202 2830 2455 2885 Τοσαῦτά
2484 2848 2575 2902 μοι
2608 2850 2738 2904 περι
2763 2836 2857 2886 τοῦ
2888 2832 3141 2902 σώματος
3169 2834 3325 2905 ήμῶν
3349 2836 3445 2890 καὶ
3473 2839 3571 2906 τῆς
3598 2840 3707 2892 τοὺ-

2128 2937 2221 2972 του
2254 2922 2635 2992 κατασκευῆς,
2694 2925 2788 2976 καὶ
2832 2923 3178 2987 διαπλάσεως
3207 2964 3222 2988 ,
3268 2927 3365 2979 καὶ
3410 2928 3707 2993 συνθέσεως

460 3016 733 3086 positione
784 3018 1095 3087 collegisse,
1140 3018 1557 3086 composuisse,
1603 3033 1669 3072 ac
1711 3018 1866 3086 quasi
1894 3031 2031 3072 con-

2140 3012 2444 3082 συνήνωται
2475 3013 2544 3079 ⁸⁸,
2577 3013 2671 3067 καὶ
2700 3013 3049 3068 συλλέλεκται
3070 3053 3087 3079 ,
3118 3016 3213 3069 κα¹ι
3238 3017 3584 3073 συντέθειται
3623 3022 3710 3073 καὶ

458 3109 698 3161 texuisse
728 3116 782 3160 et
810 3108 1154 3162 conseruisse
1174 3107 1352 3162 visum
1375 3116 1479 3162 est.
1500 3107 1685 3176 Neque
1705 3112 1848 3161 enim
1876 3108 2032 3161 nobis

458 3198 596 3251 satis
628 3206 877 3260 constat,
906 3197 952 3251 si
988 3197 1039 3250 id
1062 3237 1080 3262 ,
1115 3206 1174 3250 ut
1210 3198 1531 3266 praeclarum
1564 3197 1825 3253 artiﬁcem
1855 3198 2031 3262 decet,

458 3297 612 3351 arte,
668 3302 873 3350 necne,
924 3287 1007 3340 vel
1060 3288 1356 3355 prudenter
1386 3286 1729 3342 effecerimus
1753 3328 1768 3353 ,
1804 3297 1864 3341 ut
1896 3303 2033 3357 opus

459 3388 726 3441 nostrum,
751 3393 782 3433 a
812 3378 1059 3449 pluribus
1089 3377 1429 3448 probaretur.
1461 3377 1596 3444 Quis
1620 3378 1767 3433 enim
1794 3380 1945 3443 satis,
1970 3393 2035 3433 ac

459 3487 561 3541 pro
594 3472 809 3534 merito,
855 3468 1067 3524 Domini
1099 3470 1398 3539 potentiam
1442 3484 1687 3535 narrare,
1723 3485 1788 3524 ac
1823 3470 2037 3525 auditas

461 3563 641 3617 facere
686 3562 871 3617 laudes
914 3562 1037 3631 ejus
1089 3570 1253 3630 atque
1297 3561 1872 3633 incomprehensibiles
1920 3564 2036 3618 vias

458 3655 578 3721 ejus
597 3654 1000 3723 deprehendere
1039 3661 1221 3723 queat,
1250 3652 1353 3708 nisi
1387 3662 1651 3721 quantum
1691 3652 1863 3723 ipsius
1911 3668 2034 3707 mu-

462 3759 592 3798 nere
621 3743 829 3797 homini
858 3743 1045 3797 datum
1073 3750 1176 3797 est.
1215 3740 1344 3806 Sed,
1381 3758 1503 3797 cum
1538 3743 1593 3797 in
1618 3743 1744 3806 hoc,
1767 3742 2034 3812 judicium

463 3842 713 3887 nostrum
736 3832 1162 3897 ostenderimus,
1194 3832 1617 3901 haudquaquam
1644 3832 2033 3898 inticiabimur,

461 3941 491 3979 a
522 3938 851 3993 quocunque
885 3924 997 3978 haec
1024 3925 1337 3980 accuratius
1371 3923 1634 3994 eXplicari
1669 3939 1852 3993 posse.
1903 3924 2036 3979 Etsi

463 4016 737 4085 quispiam
769 4030 955 4069 secum
993 4015 1152 4085 139
1169 4015 1275 4070 hoc
1290 4030 1426 4085 opus
1446 4014 1859 4079 anitnadvertct,
1883 4014 2037 4085 plura

461 4104 650 4167 etiam,
686 4118 849 4173 quam
881 4120 1002 4173 quae
1031 4120 1060 4157 a
1094 4105 1254 4158 nobis
1296 4104 1690 4173 comprehensa
1727 4110 1889 4167 sunt,
1946 4117 2038 4172 pe-

463 4194 663 4247 nitiora
683 4195 938 4263 indagare
973 4195 1199 4263 poterit;
1230 4203 1466 4249 attamen
1489 4209 1872 4264 quamcunque
1898 4209 2037 4258 rem,

458 4284 526 4338 ad
566 4285 853 4354 praesentis
897 4285 1079 4353 Opet'is
1110 4285 1306 4339 seriem
1345 4285 1644 4339 addendam
1691 4299 1812 4339 esse
1849 4298 2037 4339 cense-

2134 3098 2245 3158 οἷον
2277 3105 2591 3175 συνυφάνθη
2635 3106 2730 3159 καὶ
2772 3107 3247 3178 συνηρμολογήθη.
3292 3108 3410 3163 Οὑκ
3452 3106 3574 3165 οἶδα
3619 3111 3708 3182 μὲν

2134 3197 2183 3248 εί
2209 3197 2476 3266 ἐντέχνως
2507 3197 2541 3266 ἢ
2583 3197 2851 3260 συνετῶς,
2895 3198 2929 3267 ἢ
2960 3197 3276 3262 ἀποδεκτῶς
3320 3202 3436 3264 τοῖς
3478 3203 3707 3267 πολλοῖς.

2133 3285 2230 3347 Τίς
2262 3286 2369 3357 γὰρ
2404 3286 2588 3350 ἱκανὸς
2615 3286 2846 3356 λαλῆσαι
2882 3289 2980 3353 τάς
3009 3290 3328 3355 δυναστείας
3352 3292 3455 3345 τοῦ
3489 3294 3710 3364 Κυρίου,

2132 3375 2167 3444 ἢ
2222 3376 2494 3441 ἀκουστάς
2533 3378 2759 3449 ποιῆσαι
2804 3380 2984 3444 πάσας
3023 3382 3123 3446 τάς
3169 3384 3406 3447 αίνέσεις
3457 3387 3709 3457 αὖτοῧ⁸ἦ

2135 3467 2246 3518 τῶν
2275 3467 2412 3520 ὁδῶν
2447 3468 2615 3521 αὑτοῦ
2646 3469 2707 3522 τὸ
2745 3470 3154 3541 ἀνεξιχνίαστον
3191 3474 3287 3527 καὶ
3326 3474 3713 3543 ἀκατάληπτον

2138 3557 2504 3625 καταλαϐεῖνς
2534 3558 2673 3630 πλὴν
2706 3560 2843 3616 ἀλλά
2879 3563 2974 3615 καὶ
3002 3561 3121 3633 Θεῷ
3155 3564 3308 3631 φίλον
3352 3566 3415 3618 τὸ
3458 3570 3604 3622 κατά
3632 3568 3715 3621 δὺ-

2136 3666 2320 3718 ναμιν.
2362 3650 2472 3703 Καὶ
2517 3650 2581 3702 σὺ
2625 3649 2669 3703 δ’
2718 3651 2786 3704 ἂν
2837 3653 2980 3707 κατά
3040 3654 3267 3706 σεαυτὸν
3316 3656 3713 3725 ἀναλεγόμενος

2136 3738 2367 3802 πολλοὺς
2395 3740 2651 3809 εὑρήσεις
2682 3740 2699 3770 ¹
2735 3741 2971 3803 σκοποὺς
3007 3740 3230 3811 ἔχοντάς
3262 3759 3314 3795 τι
3344 3744 3461 3796 τῶν
3494 3746 3713 3816 εἰρημέ-

2135 3847 2241 3883 νων
2270 3832 2290 3863 ¹
2326 3829 2643 3900 βαθύτερον·
2686 3831 2781 3884 καὶ
2810 3833 2838 3885 ὅ
2861 3849 2913 3884 τι
2956 3832 3022 3885 ἂν
3054 3834 3420 3908 συνεισφέρῃς
3458 3838 3481 3869 ⁸
3519 3839 3598 3898 είς
3625 3836 3713 3905 την

2136 3921 2421 3992 παροῦσαν
2452 3921 2731 3988 ὑπόθεσιν,
2761 3923 2857 3975 καὶ
2886 3924 3019 3993 ἡμῖν
3044 3923 3202 3977 τοῦτο
3222 3924 3322 3996 ἔσῃ
3350 3926 3710 3999 συνειληχὼς’

2137 4004 2249 4063 οἷον
2297 4011 2412 4074 πῶς
2440 4012 2501 4065 τὸ
2539 4013 3013 4083 ἡγεμονικώτατον
3038 4014 3060 4046 ⁸
3086 4015 3181 4067 τοῦ
3216 4015 3358 4080 ζώου
3394 4020 3711 4091 πρόσωπον,

2138 4103 2392 4174 ἑπταχῆ¹
2430 4103 2836 4175 κατατέτρηται
2863 4118 2877 4132 °
2919 4104 3071 4157 δυσὶν
3119 4104 3427 4175 ὀφθαλμοῖς
3478 4111 3574 4162 καὶ
3617 4109 3713 4162 ὠσὶ

2136 4190 2250 4255 δύο,
2286 4191 2422 4254 ἴσοις
2457 4192 2784 4263 μυκτῆρσιν,
2815 4190 3029 4264 ἑϐδόμῳ
3063 4193 3322 4263 στόματι;
3351 4196 3483 4261 Πῶς
3506 4201 3535 4251 ό
3558 4198 3711 4266 ὲγκέο

2140 4282 2325 4350 φαλος,
2348 4283 2377 4333 ό
2402 4284 2500 4343 τάς
2538 4282 2818 4352 αἰσθήσεις
2849 4281 3142 4352 δεχόμενος
3163 4324 3179 4349 ,
3226 4283 3439 4355 ψυχρός
3480 4288 3601 4340 ἐστι
3630 4286 3715 4339 καὶ

455 4375 556 4437 bit,
592 4376 708 4430 haec
732 4377 918 4438 etiam,
953 4376 1005 4429 in
1044 4376 1282 4429 medium
1309 4390 1433 4429 cum
1488 4375 1596 4429 illis
1626 4389 1749 4444 qua:
1792 4389 1892 4428 nos
1934 4390 2030 4428 ex-

2140 4372 2323 4442 ὑγρδς,
2352 4372 2491 4442 ὑπὲρ
2526 4372 2706 4425 πάντα
2733 4372 2800 4425 τά
2834 4370 2949 4436 ζῶα
2973 4372 3015 4403 ⁶¹ο
3067 4374 3161 4426 καὶ
3200 4374 3317 4436 πῶς
3357 4376 3630 4430 τυποῦται
3659 4377 3712 4428 τὸ

456 4464 804 4533 plicavimus,
832 4481 940 4518 una
972 4465 1257 4519 nobiscum
1291 4463 1482 4518 afferre
1504 4465 1752 4519 studeat:
1780 4465 2031 4519 videlicet

454 4570 695 4626 quonam
719 4566 875 4625 pacto
893 4555 1058 4609 facies
1080 4555 1219 4625 ipsa,
1244 4555 1556 4625 principalis
1574 4555 1808 4611 hominis
1832 4558 2028 4625 portio,

456 4645 695 4714 septenis
724 4644 1085 4698 foraminibus
1107 4684 1122 4707 ,
1156 4642 1370 4699 duobus
1396 4645 1647 4699 videlicet
1684 4646 1857 4701 oculis
1882 4687 1896 4711 ,
1939 4662 2030 4717 geo

458 4738 626 4793 minis
660 4738 911 4796 auribus.
941 4752 1005 4791 ac
1039 4737 1261 4791 totidem
1286 4736 1531 4799 naribus.
1555 4746 1609 4791 et
1637 4737 1750 4791 oris
1770 4748 2028 4807 praeterea

457 4828 630 4894 hiatu,
662 4829 932 4883 terebrata
965 4829 1056 4882 sit.
1084 4828 1220 4882 Tum
1248 4843 1359 4897 quo
1380 4837 1538 4898 pacto
1557 4830 1860 4892 cerebrum,
1884 4828 2027 4899 quud

455 4936 653 4975 sensus
713 4922 1119 4990 receptaculum
1170 4930 1295 4986 est,
1350 4930 1546 4990 praeter
1597 4921 1733 4976 alias
1779 4921 2030 4975 animalis

453 5022 635 5082 partes
669 5010 928 5083 frigidum
958 5022 1013 5067 et
1058 5013 1340 5067 humidum
1377 5012 1650 5067 habetur:
1681 5011 1774 5067 sed
1811 5021 1864 5067 et
1892 5027 2027 5082 quo-

455 5102 619 5159 modo
662 5104 1019 5175 cogitationes
1068 5102 1404 5169 formentur,
1460 5117 1638 5173 neque
1686 5103 2027 5157 humiditatis

454 5211 641 5261 causa,
679 5194 1007 5250 dilabantur.
1043 5194 1124 5250 Ad
1153 5195 1267 5249 haec
1289 5194 1565 5263 quomodo
1592 5193 1862 5248 nonnulla:
1906 5208 2030 5247 cor-

522 5422 567 5491 P'
599 5420 873 5491 διεκριναι
928 5418 987 5491 Βς
1087 5421 1133 5452 ’³
1158 5421 1265 5491 τδνν
1299 5420 1410 5489 βίον
1440 5419 1480 5491 Β
1532 5421 1589 5475 Ρ·

453 5490 612 5541 τοῦτο
667 5489 821 5543 ΒΨ.
934 5490 980 5521 ’⁷
1004 5493 1191 5558 τιμαῖς
1242 5490 1307 5542 Α.
1413 5489 1457 5521 ’⁸
1496 5490 1861 5558 ἀναφανῶμεν
1910 5489 1972 5542 Β.

457 5558 759 5643 ἱεὺρήσὶοις
782 5558 850 5643 ΩΒ.
874 5626 899 5639 -
948 5560 967 5590 ³
1003 5561 1325 5643 εὑρημέχωχ
1360 5560 1423 5643 Α.

458 5559 472 5587 ¹
505 5558 759 5628 εὑρήσοις
792 5558 850 5610 Β.
948 5560 967 5590 ³
1003 5561 1325 5628 εὑρημένων
1360 5560 1423 5612 Α.
1529 5563 1548 5589 ³
1580 5559 1866 5626 συνφέροις
1902 5558 1960 5613 Β.

458 5624 612 5687 ζώων
644 5627 703 5680 Β.
782 5628 798 5657 ⁷
834 5626 940 5679 τῶν
970 5628 1174 5687 μορίων
1214 5628 1251 5679 Β
1284 5628 1341 5680 l’.
1417 5630 1437 5659 '
1470 5630 1535 5681 τὰ
1588 5628 1643 5680 δὲ
1680 5630 1879 5687 ἰσχυρὰ
1924 5629 1960 5681 Β

2066 5560 2087 5591 ⁸
2116 5559 2619 5629 ἡγεμονιγέῦτερονΔ
2654 5557 2714 5612 Β.

834 5626 940 5679 τῶν
970 5626 1174 5695 μορίων
1214 5628 1251 5679 Β
1284 5628 1341 5680 l’.
1417 5630 1437 5659 '
1470 5630 1535 5681 τὰ
1588 5628 1643 5680 δὲ
1680 5630 1879 5697 ἰσχυρὰ
1924 5629 1981 5681 Β.
2059 5631 2079 5661 ⁹
2108 5626 2201 5683 κάξ
2230 5626 2345 5691 πῶς
2377 5627 2435 5681 Β.

2139 4463 2318 4531 νόημα
2341 4502 2357 4525 ,
2403 4462 2498 4513 καὶ
2549 4462 2650 4515 οὑκ
2692 4460 2988 4515 όλισθαίνει
3035 4461 3123 4514 διά
3155 4463 3470 4534 ὑγρότητας
3504 4466 3629 4529 Πῶς
3653 4463 3712 4517 τά

2143 4554 2243 4624 μὲν
2276 4554 2439 4624 μόρια
2468 4554 2489 4585 ⁷
2513 4553 2694 4623 θερμά
2719 4555 2845 4618 εἱσι,
2895 4552 2962 4605 τὰ
3003 4552 3059 4605 δὲ
3095 4552 3280 4623 ψυχρά
3302 4553 3344 4616 ⁸,
3386 4556 3463 4607 τὰ
3499 4556 3559 4610 δὲ
3600 4555 3710 4610 κατ’

2138 4644 2423 4714 ἀμφότερα
2445 4660 2459 4708 ;
2492 4643 2614 4706 Πῶς
2640 4642 2705 4695 τά
2736 4643 2836 4712 μὲν
2861 4641 3085 4709 ἀσθενῆ,
3111 4644 3179 4696 τὰ
3203 4643 3260 4697 δὲ
3292 4645 3532 4716 ἰσχυράς
3565 4647 3709 4709 πῶς’

2138 4736 2205 4787 τά
2236 4735 2333 4805 μὲν
2356 4734 2524 4797 ἁπλᾶ,
2561 4733 2629 4786 τά
2657 4732 2713 4785 δὲ
2737 4731 2990 4785 σύνθεταο
3022 4733 3139 4796 πῶς
3162 4732 3228 4785 τά
3255 4732 3358 4802 μὲν
3393 4739 3709 4806 συμφύτους

2137 4825 2251 4894 ἔχει
2277 4826 2318 4857 ¹⁰
2347 4825 2628 4894 δυνάμεις,
2658 4823 2729 4876 τά
2754 4823 2808 4875 δὲ
2840 4824 3191 4894 ὲπιρῤὑτουςο
3219 4826 3288 4878 τά
3312 4824 3372 4877 δὲ
3398 4828 3706 4897 συμφύτους

2139 4918 2256 4987 ἅμα
2294 4916 2386 4969 καὶ⁵
2416 4914 2743 4987 ὲπιρῤὑτους
2772 4916 2838 4947 ¹¹⁰
2873 4914 2999 4977 Πῶς
3031 4914 3261 4968 ἕκαστον
3294 4917 3485 4970 αὑτῶν
3520 4919 3704 4971 τέσσα-

2139 5026 2239 5077 ρας
2279 5007 2539 5077 δυνάμεις
2588 5006 2702 5076 ἔχει
2756 5006 2814 5058 ἐν
2864 5006 3042 5075 ἑαυτῷ
3097 5005 3371 5073 ζωτικάςς
3430 5009 3563 5073 Πῶς
3609 5007 3705 5061 τῶν

2136 5098 2372 5167 ἀγγείων
2402 5097 2469 5150 τὰ
2507 5097 2605 5167 μὲν
2634 5096 2865 5167 πέμπει,
2897 5097 2968 5149 τά
2997 5096 3054 5149 δὲ
3086 5096 3330 5167 δέχεται,
3361 5098 3436 5151 τὰ
3468 5099 3527 5152 δὲ
3554 5097 3703 5152 xari-

2136 5212 2239 5263 χει,
2273 5194 2342 5247 τὰ
2368 5193 2424 5246 δὲ
2452 5192 2735 5263 ἀποκρίνει
2760 5208 2775 5254 ;
2806 5192 2931 5256 Πῶς
2958 5195 3157 5264 τροφαὶ
3185 5193 3249 5245 τὸ
3291 5193 3455 5264 σῶμα
3486 5195 3701 5265 διακρα-

1692 5422 1737 5453 ’δ
1767 5420 1881 5473 hac
1934 5435 1964 5473 a
1995 5437 2040 5472 ‘Cl

2140 5420 2195 5482 ὃς
2245 5434 2415 5485 usque
2461 5434 2571 5472 om.
2610 5418 2651 5472 Β
2694 5415 2754 5472 C.
2832 5416 2877 5452 "
2943 5420 3263 5488 ποικίλουσα
3316 5422 3373 5475 Β.
3458 5424 3508 5456 ⁸⁸
3538 5424 3697 5479 ποιεῖν

2075 5484 2122 5522 δ’
2159 5484 2500 5543 συνείλεκται
2554 5491 2649 5542 καὶ
2694 5490 2999 5556 συνήνωται
3046 5484 3108 5553 Β,
3158 5492 3255 5544 καὶ
3294 5491 3452 5547 συλλ.
3487 5509 3597 5549 om.
3643 5492 3691 5545 P-

2823 5559 2844 5589 ⁵
2887 5558 3087 5628 ἐπταχὶ
3121 5560 3181 5614 Β.
3287 5562 3309 5591 ⁸
3334 5565 3562 5616 πάντων
3599 5560 3693 5612 τῶν

2518 5628 2560 5659 ιο
2596 5626 2709 5697 ἔχει
2738 5640 2847 5683 om.
2879 5626 2938 5681 Β.
3019 5626 3064 5661 η
3086 5630 3181 5688 υΙι.
3222 5631 3336 5688 haec
3364 5646 3483 5687 om.
3505 5632 3565 5687 Β.
