3944 6152
324 254 455 311 1⁸281

1560 251 1650 307 DE
1685 253 1975 310 NATL'RA
2019 254 2322 311 IIOMINIS.

3457 271 3594 328 1982

317 372 496 437 τοῦσι,
535 373 630 426 καὶ
662 373 778 435 πῶς
810 372 1199 426 ὲπιλειπουεῶν
1228 366 1272 397 "
1305 353 1730 444 διαφθείρεταις
1774 375 1888 439 Πῶς

2003 377 2150 446 poris
2181 377 2354 432 nostri
2384 387 2588 448 partes,
2629 379 2852 446 calidae,
2895 381 3014 436 alia:
3054 381 3262 455 frigida:
3287 423 3302 450 ,
3349 389 3597 458 quaedam

319 470 352 540 ἠ
384 466 582 534 καρδία
618 467 718 536 τὴν
749 465 993 536 ἔμφυτον
1037 462 1355 538 χορηγοῦσα
1402 461 1483 534 τῷ
1524 465 1736 537 σώματι
1775 468 1903 538 θερ.

321 556 580 628 μανσίαν,
629 557 729 626 τῆς
793 557 1078 628 ἐνεργείας
1127 558 1228 627 οὐχ
1281 555 1504 610 ἵσταται
1560 559 1764 630 ἔχουσα
1811 561 1904 612 αὑο

317 651 416 720 τὴν
451 650 494 681 ⁸³
539 649 682 702 κατὰ
732 648 930 718 etiam;
986 650 1110 713 Πῶς
1152 649 1419 719 χυλοῦται
1464 649 1533 704 τὰ
1575 650 1761 713 σιτία,
1808 653 1904 704 καὶ

317 743 642 812 καθαίρεται
672 742 762 818 .τὸ
819 737 996 810 αἷμα,
1058 743 1152 794 καὶ
1209 740 1561 810 διατρέφεται
1605 740 1666 794 τὸ
1711 741 1899 812 σῶμα,

317 836 511 888 καὶτὰ
555 832 803 887 σκύδαλα
852 833 1232 904 διακρίνεται,
1284 834 1379 886 καὶ
1431 833 1492 886 τὸ
1549 829 1710 903 οὖρον
1778 850 1904 886 συν·

316 924 720 988 αποϐἁλλεταις
770 923 892 987 Πῶς
945 923 1003 975 δὲ
1053 924 1439 977 συνδεδεται¹⁸
1490 923 1560 976 τὰ
1595 924 1756 995 μέλη,
1809 924 1906 978 καὶ

317 1017 702 1088 συνήρθρωται
739 1016 808 1068 τὰ
854 1014 1030 1083 μέρη,
1062 1014 1158 1066 καὶ
1209 1015 1548 1084 διήρθρωται
1581 1013 1651 1067 τὰ
1691 1013 1900 1085 ἄρθρα,

316 1110 412 1161 καὶ
447 1107 754 1160 συντίθεται
786 1106 827 1139 ¹⁸
849 1105 915 1158 τὰ
947 1106 1115 1169 dari;
1150 1106 1258 1158 Kal
1286 1107 1328 1136 ⁸⁸
1357 1107 1473 1169 πῶς
1503 1104 1609 1157 τῶν
1635 1104 1806 1158 ὀστῶν
1835 1105 1905 1158 τὰ

319 1201 420 1270 μὶν
450 1199 696 1270 σκληρὰ,
731 1198 802 1251 τὰ
845 1198 902 1252 δὲ
938 1197 1181 1268 μαλακά·
1229 1196 1300 1250 τὰ
1337 1197 1394 1250 δὲ
1432 1197 1474 1229 ¹⁷
1509 1196 1696 1258 κοῖλα,
1745 1197 1814 1249 τὰ
1846 1198 1904 1249 δὲ

316 1290 532 1346 ἄκοιλαο
563 1291 631 1344 τὰ
659 1290 717 1344 δὲ
751 1289 889 1361 μετὰ
921 1288 1156 1358 μυελῶν,
1181 1288 1253 1341 τὰ
1271 1287 1329 1341 δὲ
1362 1288 1610 1358 ἀμύελα;
1646 1287 1770 1350 Πῶς
1795 1287 1905 1340 τῶν

315 1381 524 1452 νεύρων
555 1381 626 1434 τὰ
655 1379 757 1450 μὲν
788 1379 930 1433 κατὰ
974 1377 1260 1445 συζυγίαν,
1292 1376 1363 1430 τὰ
1403 1378 1463 1430 δὲ
1496 1377 1589 1430 καὶ
1637 1375 1904 1446 μοναδικὰ

315 1474 496 1528 διόλου
537 1474 634 1528 τοῦ
671 1471 924 1543 σώματος
973 1473 1455 1542 ὲγκατέσπαρταις
1496 1471 1700 1541 ὁμοίως
1742 1472 1837 1522 καὶ
1861 1470 1904 1502 ⁸⁸

315 1564 514 1635 φλέϐες
542 1565 638 1619 καὶ
665 1564 966 1636 ἀρτηρίαι;
1000 1562 1126 1626 Πῶς
1153 1562 1264 1616 τῶν
1299 1562 1508 1632 μορίων
1537 1563 1570 1632 ἢ
1619 1563 1904 1632 στοιχείων

312 1657 408 1711 τοῦ
464 1655 717 1725 σώματος
759 1657 825 1708 τὰ
860 1656 958 1726 μὲν
985 1653 1054 1707 δι’
1087 1654 1261 1708 ἑαυτὰ
1295 1655 1336 1687 ¹⁹
1371 1655 1590 1723 γέγονε,
1633 1653 1705 1707 τὰ
1741 1654 1798 1708 δὲ
1836 1654 1902 1707 δι’

2008 467 2295 538 utriusque
2330 472 2739 538 temperamenti
2768 472 2897 526 sint.
2935 474 2998 527 Et
3028 490 3138 544 qua
3165 477 3381 531 ratione
3402 515 3418 538 ,
3448 492 3590 532 non--

2008 560 2171 615 nullae
2200 560 2390 616 valida:
2414 560 2710 632 fortesque,
2741 564 2860 618 aliae
2890 565 3211 632 imbecilles,
3235 579 3290 622 et
3313 568 3431 624 alia:
3447 585 3598 626 com-

2011 651 2222 720 positae,
2260 652 2380 706 alia:
2409 652 2686 721 simplices
2716 655 3036 711 habeantur.
3069 656 3207 712 Tum
3242 661 3594 729 quamobrem

2009 744 2258 814 qtlaedam
2293 744 2537 800 membra
2580 745 2796 811 insitas,
2838 749 3098 802 n0nnulla
3132 749 3459 806 adventitias
3517 751 3598 806 fa-

2012 833 2246 887 cultates
2287 834 2482 887 Sol'lila
2519 833 2650 888 sint.
2693 832 2963 888 Praeterea
2992 876 3005 898 ,
3039 839 3317 905 quomodo
3357 840 3592 908 partium

2005 927 2286 994 quaelibet,
2318 936 2555 996 quatuor
2584 927 2638 979 in
2665 942 2724 981 se
2754 927 2950 982 vitales
2980 926 3268 986 facultates
3295 931 3591 986 contineat.

2005 1017 2086 1072 Ad
2131 1018 2280 1082 hate,
2327 1018 2606 1086 quomodo
2647 1017 2752 1071 alia
2784 1018 2838 1072 in
2865 1033 3093 1088 corpore
3117 1031 3310 1075 nostro
3346 1025 3591 1086 vascula,

2008 1108 2299 1177 delegandi
2325 1112 2613 1179 potestate,
2640 1109 2890 1178 quaedam
2916 1110 3210 1180 recipiendi
3231 1151 3247 1177 ,
3281 1115 3386 1170 alia
3417 1115 3594 1171 conti-

2007 1201 2212 1264 nendi,
2262 1200 2369 1254 alia
2415 1199 2746 1254 excernendi
2799 1201 3028 1269 praedita
3077 1202 3206 1256 sint.
3251 1203 3356 1258 Sed
3389 1216 3444 1260 et
3481 1221 3594 1276 quo

2006 1299 2166 1358 pacto
2195 1291 2266 1344 ab
2293 1291 2569 1346 alimentis
2598 1307 2800 1361 corpus
2828 1303 3198 1360 sustentetur,
3230 1305 3284 1350 et
3315 1301 3593 1366 quomodo

2006 1382 2142 1450 ipsis
2181 1383 2561 1438 deficientibus
2601 1384 2937 1439 destruatur.
2969 1385 3050 1440 Ad
3085 1387 3202 1443 haec
3227 1388 3417 1454 etiam,
3449 1405 3593 1460 quo-

2005 1474 2169 1528 tundo
2193 1487 2313 1536 cor,
2339 1489 2465 1528 cum
2500 1473 2721 1529 insitum
2769 1475 2873 1529 sibi
2908 1490 2938 1529 a
2971 1486 3164 1531 natura
3201 1479 3442 1534 calorem
3492 1481 3592 1537 toti

2004 1567 2226 1637 corpori
2253 1567 2616 1637 impertiatur,
2641 1567 2711 1621 ab
2745 1568 3064 1636 hujusmodi
3101 1569 3262 1626 oﬂicii
3311 1571 3592 1628 functio'ne

2008 1673 2295 1728 nunquam
2327 1667 2529 1714 cessat.
2555 1657 2846 1722 Praeterea,
2897 1660 3100 1728 quibus
3124 1663 3305 1716 modis
3353 1664 3508 1718 cibus
3534 1665 3589 1719 in

311 1749 450 1804 ἄλλα
471 1750 551 1814 ”;
585 1749 694 1802 Kal
719 1747 837 1810 πῶς
867 1749 966 1816 οὐχ
995 1747 1202 1817 ἡλικίαι
1239 1748 1409 1800 πᾶσιν
1435 1747 1492 1799 ai
1521 1745 1684 1800 αὐταὶ
1701 1746 1768 1808 ’⁸,
1804 1746 1888 1798 ού-

2007 1764 2232 1804 succum
2268 1760 2534 1814 vertatur,
2569 1764 2636 1805 ac
2677 1751 2905 1820 sanguis
2929 1749 3249 1820 depuretur,
3279 1768 3592 1823 corpusque

310 1841 369 1893 δὶ
400 1838 710 1912 προσώπων
741 1838 1116 1909 χαρακτῆρες,
1147 1839 1269 1893 οὐδὲ
1301 1838 1621 1909 ὁμοιότητες
1676 1837 1893 1915 φωνῶν.

308 1931 431 1984 ούδὶ
459 1931 771 2002 χρωμάτων
803 1931 1129 2002 ὲμφέρειαι;

2005 1838 2323 1893 alimentum
2355 1839 2583 1903 nutriat,
2607 1847 2662 1892 et
2689 1849 2903 1894 stercus
2923 1851 3250 1895 excernatur
3270 1841 3590 1896 humidum-

2004 1945 2112 2000 que
2136 1939 2543 1986 excrementum
2572 1931 2902 2000 emingatur.
2934 1928 3222 1997 Quomodo
3252 1933 3382 1988 item
3415 1949 3588 1989 mem-

309 2027 408 2082 bra
443 2027 791 2099 colligentur,
819 2036 873 2082 et
903 2026 1336 2082 coarticulentur
1363 2033 1574 2096 partes,
1635 2041 1700 2081 ac
1719 2025 1934 2080 articuli
1993 2025 2226 2081 invicem
2283 2026 2751 2091 dearticulentur,
2805 2038 2860 2080 et
2906 2041 3034 2082 ossa
3109 2030 3406 2098 composita
3453 2029 3582 2086 sint.

310 2117 466 2185 item,
497 2134 598 2174 cur
622 2133 750 2175 ossa
789 2117 1042 2189 quedam
1081 2119 1241 2183 dura,
1270 2119 1520 2188 quaedam
1550 2118 1755 2184 mollia,
1785 2118 1892 2172 alia
1930 2132 2192 2185 concava,
2225 2119 2488 2173 nonnulla
2545 2119 2953 2174 coneavitatum
3000 2121 3244 2190 expertia
3268 2161 3284 2186 ,
3331 2121 3583 2192 quaedam

307 2215 602 2270 medullam
632 2216 914 2279 habentia,
946 2215 1052 2270 alia
1085 2216 1292 2285 absque
1331 2215 1568 2271 medulla
1615 2216 1887 2270 visuntur.
1954 2211 2060 2268 Sed
2127 2214 2407 2284 quomodo
2468 2223 2524 2269 et
2571 2229 2863 2268 nervorum
2915 2215 3135 2284 quidam
3182 2214 3586 2285 coniugationis

308 2307 506 2376 gratia,
558 2307 650 2363 alii
679 2308 933 2371 solitarii,
968 2307 1083 2362 sive
1113 2308 1423 2377 singulares
1443 2347 1457 2372 ,
1487 2308 1678 2362 eodem
1727 2306 1894 2362 modo
1925 2314 1980 2360 et
2010 2322 2180 2364 vente.
2222 2315 2278 2361 et
2341 2308 2580 2371 arteriae,
2611 2306 3014 2362 diffunduntur.
3069 2307 3208 2362 Tum
3238 2323 3345 2379 qua
3371 2308 3585 2362 ratione

310 2396 550 2464 partium
587 2397 672 2451 vel
706 2397 955 2468 corporis
993 2397 1413 2463 elementorum,
1459 2399 1563 2462 alia
1609 2398 1716 2460 sui,
1784 2398 2047 2453 nonnulla
2100 2398 2332 2453 aliorum
2401 2413 2602 2464 causa,
2668 2407 2957 2466 procreata
3030 2397 3190 2470 ιω
3235 2407 3384 2454 sunt.
3435 2397 3582 2452 Prae-

309 2504 460 2547 terea
494 2511 508 2547 :
536 2507 643 2563 qua
673 2493 740 2548 de
769 2509 936 2549 causa
959 2509 1151 2549 omnes
1175 2505 1384 2563 aetates,
1406 2511 1514 2548 non
1541 2496 1768 2557 emdem,
1817 2509 1916 2548 nec
1955 2493 2218 2551 facierum
2288 2502 2583 2565 aspectus,
2649 2509 2827 2563 neque
2863 2507 3058 2549 vocum
3105 2494 3407 2550 similitudo
3429 2535 3446 2562 ,
3486 2495 3581 2551 sed

307 2603 408 2642 nec
437 2589 681 2644 colorum
703 2591 990 2660 aequalitas
1013 2591 1339 2649 habeantur.

381 2683 492 2738 Kal
521 2684 613 2738 ἵνα
637 2667 718 2748 εἰς
749 2685 912 2739 πλέον
935 2687 981 2718 ³³
1031 2687 1254 2742 πλείονα
1286 2687 1448 2754 δόξαν
1479 2689 1577 2761 τήν
1624 2690 1902 2760 ἐπανάληο

304 2776 400 2845 ψιν
440 2775 723 2847 πλέξωμεν
751 2779 818 2831 ὲκ
864 2777 975 2830 τῶν
1023 2777 1199 2846 λόγων
1232 2777 1328 2832 τοῦ
1355 2779 1622 2849 Θεολόγου
1652 2781 1700 2812 ’⁸
1733 2797 1890 2832 συνε-

305 2867 530 2937 ξυφανῶ
553 2885 635 2920 σοι
655 2871 897 2940 ῥήματα·
931 2889 950 2922 ι
983 2870 1584 2940 Θαύμασον,λέγοντος,
1608 2872 1884 2943 ἄνθρωπε,

2079 2680 2305 2745 Verum,
2339 2694 2406 2734 ne
2441 2678 2620 2733 oratio
2649 2687 2837 2733 nostra
2873 2676 3123 2748 pluribus
3151 2678 3363 2744 verbis,
3387 2681 3579 2739 eadem

1996 2770 2178 2824 denuo
2229 2768 2492 2838 repetita,
2545 2776 2838 2823 contexere
2885 2765 3173 2830 videatur,
3221 2781 3288 2821 ex
3329 2767 3578 2842 Gregorii

1995 2858 2176 2912 verbis
2207 2857 2532 2911 sententiam
2571 2857 2928 2922 adducemus,
2961 2869 3085 2910 cum
3128 2857 3226 2912 ait.
3267 2857 3576 2925 Admirare,

304 2957 426 3020 πῶς
471 2955 791 3028 ὲπλάσθης;
836 2961 934 3012 καὶ
965 2960 1012 2990 ³⁵
1060 2959 1177 3022 πῶς
1217 2959 1546 3030 συνετέθηςς
1597 2963 1692 3014 xal.
1725 2963 1811 3026 τίς
1861 2966 1888 3034 ή

1997 2950 2192 3020 inquit,
2225 2964 2260 3004 ο
2285 2949 2468 3011 homo,
2495 2963 2735 3018 quonam
2780 2957 2940 3018 pacto
2977 2949 3271 3018 formatus,
3302 2953 3578 3020 composi-

301 3048 436 3117 περὶ
465 3047 525 3100 σὲ
572 3049 768 3115 σοφία;
807 3049 902 3101 καὶ
948 3049 1001 3102 τί
1043 3050 1144 3118 τῆς
1180 3048 1398 3117 φύσεως
1445 3050 1507 3103 τὸ
1557 3052 1887 3122 μυστήριον;

302 3140 434 3204 Πῶς
463 3140 641 3212 μετρῆ
684 3141 838 3212 τόπῳ
877 3142 973 3194 καὶ
1005 3141 1132 3204 νοῦς
1173 3143 1272 3212 οὐχ
1299 3142 1544 3213 ὁρίζεται
1571 3144 1638 3207 ³⁸,
1675 3143 1792 3196 ἀλλ’
1833 3145 1890 3197 ἐν

298 3232 478 3303 τούτῳ
510 3232 689 3301 μένων
713 3233 896 3286 πάντα
925 3234 1256 3304 ἐπέρχεται;
1303 3235 1428 3298 Πῶς
1453 3235 1577 3306 ὄψις
1611 3236 1766 3306 ὀλίγη
1793 3237 1890 3291 καὶ

299 3323 400 3377 ἐπὶ
427 3323 683 3377 πλεῖστον
714 3323 1031 3391 φθάνουσας
1071 3324 1182 3377 Kal.
1221 3324 1454 3390 πότερον
1488 3325 1770 3396 παραδοχή
1805 3325 1891 3389 τίς

300 3425 454 3476 ἔστιν
481 3421 576 3475 τοῦ
607 3422 890 3490 ὀφθέντος,
923 3421 955 3491 ἢ
988 3423 1122 3493 πρὸς
1151 3424 1328 3476 ἐκεῖνο
1354 3422 1638 3487 διάϐασις;
1673 3421 1796 3484 Πῶς
1827 3420 1890 3473 τὸ

299 3517 436 3568 αὐτὸ
475 3518 620 3568 κινεῖ
645 3516 741 3568 xal.
773 3516 1006 3567 κινεῖται
1043 3512 1129 3565 διὰ
1181 3511 1492 3582 βουλήσεως
1534 3510 1887 3581 κυὸερνώμε-

299 3625 394 3661 νον
417 3609 499 3671 “;
535 3607 632 3671 Τίι⁵
659 3607 715 3659 δὲ
751 3605 931 3660 παῦλα
959 3606 1226 3676 κινήσεως
1250 3622 1265 3670 ;
1306 3607 1416 3658 Καὶ
1448 3604 1563 3668 πῶς
1593 3607 1622 3657 ὁ
1651 3605 1773 3666 νοῦς
1799 3603 1888 3656 διὰ

297 3701 507 3753 τούτων
533 3699 717 3769 ὁμιλεῖ
743 3700 855 3761 τοῖς
890 3697 1014 3762 ἔξω,
1047 3697 1141 3749 καὶ
1184 3695 1253 3749 τὰ
1275 3695 1321 3727 ’⁷
1343 3693 1545 3761 ἔξωθεν
1577 3693 1884 3764 παραδέχε-

295 3808 428 3857 ται;
473 3791 596 3853 Πῶς
625 3789 1002 3860 ἀναλαμϐάνει
1035 3788 1104 3840 τὰ
1138 3787 1288 3858 εῖδη;
1341 3787 1434 3840 xal
1463 3786 1547 3849 τίς
1572 3789 1606 3857 ἠ
1651 3789 1885 3856 τήρησις

293 3880 397 3934 τοῦ
423 3877 837 3946 ἀναλεφθέντος,
868 3878 901 3948 ἢ
930 3877 1152 3948 μνήμη;
1191 3876 1301 3928 Kal
1327 3875 1409 3937 τίς
1441 3877 1474 3946 ὴ
1505 3875 1600 3928 τοῦ
1628 3873 1887 3927 ἀπελθόν-

292 3990 390 4036 τος
435 3971 702 4042 ἀνάληψις
733 3971 766 4041 ἢ
799 3971 1135 4040 ἁνάμνησις;
1179 3968 1306 4032 Πῶς
1342 3971 1375 4040 ή
1407 3968 1660 4039 αἴσθησις
1705 3971 1762 4022 ἐν
1805 3968 1883 4037 τῷ

292 4063 448 4134 αὐτῷ
497 4063 683 4133 μένει,
739 4062 832 4116 καὶ
870 4062 931 4114 τὸ
963 4062 1119 4124 ἐκτὸς
1151 4061 1453 4114 ἐπισπᾶται
1489 4059 1569 4122 ";
1604 4060 1727 4122 Πῶς
1766 4061 1794 4112 ό
1837 4061 1880 4090 ²⁹

290 4155 453 4221 λόγος
482 4153 575 4207 νοῦ
619 4153 870 4222 γέννημα
897 4192 910 4215 ,
950 4154 1042 4205 καὶ
1077 4153 1240 4222 γεννᾷ
1288 4152 1446 4220 λόγον
1481 4153 1538 4205 ὲν
1581 4151 1728 4221 ἄλλῳ
1757 4151 1876 4215 vet;

292 4249 408 4302 Kal.
443 4247 560 4311 πῶς
604 4247 750 4317 λόγῳ
780 4247 961 4317 νόημα
1003 4245 1336 4311 διαδίδοται,
1368 4244 1484 4306 πῶς
1516 4245 1810 4314 στρέφεται
1834 4243 1878 4274 ³ο

1993 3061 2196 3120 tusque
2226 3049 2324 3112 sis,
2357 3057 2412 3102 et
2445 3057 2648 3118 quanta
2681 3046 2777 3102 Dei
2809 3047 2864 3102 in
2904 3057 2958 3102 te
2990 3049 3330 3120 procreando
3357 3051 3576 3120 sapien-

1990 3144 2066 3197 tia
2093 3143 2185 3202 sit.
2218 3151 2270 3196 et
2304 3139 2585 3212 quodnam
2617 3141 2672 3194 in
2703 3141 2808 3194 hoc
2860 3149 3071 3194 natura:
3101 3141 3420 3207 mysterium
3468 3151 3574 3198 est.

1990 3231 2298 3288 Considera
2336 3232 2466 3286 item
2498 3245 2610 3302 quo
2648 3240 2809 3301 pacto
2853 3245 3010 3287 mens
3053 3233 3173 3288 loco
3220 3233 3574 3288 mensurabili

1993 3339 2104 3380 non
2137 3324 2422 3390 dividitur,
2452 3323 2545 3378 sed
2569 3323 2623 3376 in
2652 3323 2844 3377 eodem
2873 3323 3197 3392 persistens,
3225 3335 3421 3379 cuncta
3451 3339 3574 3394 per-

1987 3423 2152 3470 errat.
2197 3414 2336 3468 Turn
2379 3429 2488 3484 qua
2531 3413 2770 3477 ratione,
2802 3414 2954 3468 visus
2983 3425 3189 3476 noster,
3225 3430 3348 3469 cum
3397 3416 3572 3470 modi-

1986 3519 2086 3560 cus
2123 3505 2411 3573 brevisque
2440 3502 2532 3565 sit,
2567 3502 2635 3556 ad
2681 3511 2790 3555 tam
2824 3510 3034 3555 remota
3062 3516 3126 3555 ac
3151 3501 3408 3557 distantia
3455 3504 3573 3559 suf-

1987 3596 2135 3651 ficiat
2170 3615 2182 3651 :
2220 3604 2276 3650 et
2306 3593 2554 3664 nunquid
2585 3593 2820 3647 visibilis
2851 3595 2926 3646 rei
2964 3593 3030 3646 ad
3063 3593 3239 3646 visum
3273 3609 3572 3664 repraesen-

1985 3687 2142 3750 tatio,
2156 3701 2224 3739 an
2244 3685 2393 3739 visus
2410 3685 2475 3736 ad
2491 3697 2610 3737 eam
2627 3683 2892 3737 transitus
2909 3681 3020 3735 fiat.
3042 3679 3147 3736 Sed
3181 3690 3237 3736 et
3268 3683 3568 3753 quomodo,

1985 3779 2115 3833 illud
2143 3778 2284 3832 idem
2318 3783 2498 3830 movet
2535 3783 2590 3828 et
2620 3783 2872 3828 movetur
2912 3771 3060 3843 quod
3107 3787 3203 3842 per
3234 3774 3566 3828 voluntatem

1984 3887 2230 3934 nostram
2263 3877 2622 3948 gubernatur,
2653 3883 2767 3928 tum
2791 3888 2916 3942 quae
2946 3881 3124 3942 motus
3151 3873 3310 3944 quies
3337 3874 3428 3930 sit.
3447 3873 3569 3940 Quo

1983 3973 2112 4027 item
2173 3978 2334 4041 pacto
2375 3983 2530 4023 mens
2579 3983 2675 4037 per
2709 3981 2930 4032 sensus,
2971 3965 3060 4023 bis
3101 3983 3222 4037 qua:
3248 3976 3403 4022 extra
3437 3977 3568 4024 sunt

1982 4063 2392 4128 communicat,
2428 4073 2592 4129 atque
2638 4058 2912 4113 exteriora
2952 4057 3212 4112 desumit.
3268 4058 3562 4122 Prteterea,

1979 4171 2090 4226 quo
2115 4163 2274 4225 pacto
2310 4155 2425 4223 ipsa
2455 4150 2670 4220 species
2699 4149 2948 4220 recipiat,
2984 4159 3037 4204 et
3065 4165 3187 4219 quae
3227 4163 3416 4204 eorum
3442 4166 3566 4220 qua:

1978 4257 2196 4318 recepta
2247 4257 2376 4301 sunt
2429 4242 2806 4304 conservatio,
2839 4241 2924 4296 vel
2962 4243 3228 4296 memoria
3278 4243 3370 4297 sit.
3419 4241 3561 4298 Tum

288 4339 382 4393 διὰ
410 4339 591 4409 ψυχῆς
640 4339 702 4392 τὸ
744 4338 942 4407 σῶμα;
989 4336 1102 4389 Kal.
1144 4335 1262 4398 πῶς
1305 4335 1452 4407 ψυχὴ
1495 4335 1584 4387 διὰ
1623 4333 1874 4405 σώματος

1995 4364 2091 4419 tuo
2121 4356 2300 4418 pacto,
2325 4345 2610 4416 praeterita:
2640 4343 2716 4397 rei
2751 4341 3072 4412 resumptio,
3097 4343 3178 4396 vel
3203 4343 3561 4398 reminisceno

290 4433 542 4484 κοινωνεί
571 4428 810 4494 πάθους;
840 4428 958 4490 πῶς
983 4428 1223 4499 πήγνυσι
1255 4426 1447 4494 φόϐος,
1481 4427 1576 4479 καὶ
1599 4425 1714 4478 λύει
1740 4424 1872 4496 θάρ-

290 4539 422 4588 σος;
454 4522 549 4575 καὶ
579 4519 858 4574 συστέλλει
881 4519 1050 4589 λύπη,
1078 4519 1173 4571 καὶ
1194 4518 1371 4588 διαχεῖ
1393 4517 1572 4588 ἡδονὴ,
1603 4518 1696 4570 καὶ
1717 4518 1876 4586 τήκει

290 4615 514 4684 φθόνος,
548 4613 645 4666 καὶ
675 4611 1002 4682 μετεωρίζει
1028 4611 1218 4678 τύφος,
1264 4611 1358 4663 καὶ
1389 4610 1640 4678 κουφίζει
1685 4609 1874 4674 ὲλπίς;

293 4705 423 4769 Πῶς
453 4705 707 4776 ἐκμαίνει
751 4705 955 4773 θυμὸς,
987 4703 1082 4756 καὶ
1110 4701 1388 4772 ὲρυθαίνει
1419 4701 1486 4754 δι’
1527 4703 1757 4770 αἵματος
1786 4703 1873 4753 αἰ-

289 4797 399 4863 δὼς
423 4798 489 4830 ⁸⁸⁸
522 4799 552 4850 ό
582 4799 627 4829 ³³
654 4796 755 4868 μὲν
792 4794 1071 4860 ζέσαντος,
1098 4795 1163 4858 ⁸³,
1195 4796 1228 4860 ἡ
1280 4793 1338 4846 δὲ
1378 4794 1868 4864 ἁναχωρήσαντος;

290 4892 406 4946 Kal
434 4890 551 4954 πῶς
568 4891 618 4942 oi
647 4889 996 4960 χαρακτῆρες
1020 4888 1131 4941 τῶν
1171 4885 1361 4939 παθῶν
1384 4887 1442 4938 ὲν
1473 4888 1588 4947 τοῖς
1615 4884 1830 4954 σώμασι
1853 4899 1867 4948 ;

286 4985 375 5049 τίς
405 4985 451 5017 ³⁵
491 4987 525 5055 ἡ
571 4983 665 5037 τοῦ
709 4982 970 5053 λογισμοῦ
1021 4981 1379 5053 προεδρία³⁸;
1425 4979 1537 5032 Kal.
1575 4979 1693 5042 πῶς
1734 4982 1869 5032 πᾶσι

288 5075 507 5138 τούτοις
539 5077 828 5129 ἐπιστατεῖ
847 5116 863 5140 ,
906 5073 1002 5127 καὶ
1032 5074 1232 5142 ήμεροῖ
1261 5070 1330 5123 τὰ
1357 5070 1464 5122 τῶν
1499 5069 1690 5122 παθῶν
1717 5070 1870 5139 κινή-

291 5185 474 5239 ματα;
507 5167 632 5230 Πῶς
663 5167 856 5235 αἵματι
881 5167 1162 5235 κρατεῖται
1179 5164 1274 5217 καὶ
1297 5165 1432 5233 πνοῇ
1456 5163 1517 5216 τὸ
1538 5161 1829 5232 ἀσώματον
1851 5179 1866 5229 ;

367 5347 413 5378 ³³
437 5343 818 5398 ὲπιλειποῦσαι
849 5339 909 5394 Β.
1026 5341 1069 5372 ¹³
1103 5340 1309 5410 ταυτὴν
1336 5339 1396 5402 Β,
1424 5353 1536 5392 om.
1583 5338 1645 5394 P.

295 5482 439 5537 θεολ.
475 5479 717 5551 ἑκλόγων
744 5481 786 5536 Β
817 5481 876 5536 Ρ.
953 5480 999 5511 ’⁸
1027 5481 1122 5534 καὶ
1147 5496 1257 5534 οιιι.
1291 5479 1351 5535 Β.

1758 5343 1800 5375 ³⁵
1824 5344 1941 5408 πῶς
1969 5345 2181 5400 δέδεται
2235 5344 2296 5398 Β.
2410 5344 2454 5374 ¹⁸
2491 5343 2694 5411 συντέθζ

293 5413 340 5484 '_'
362 5415 433 5469 τὰ
483 5415 585 5484 μὲν
639 5412 700 5466 Β.
744 5410 1107 5484 -¹¹¹-)ιαὶῌοῐιὶ.Δ
1147 5410 1186 5462 Β
1223 5409 1323 5484 ιι-
1363 5411 1404 5441 ¹⁹
1434 5411 1646 5484 ε-αυτῶν
1680 5411 1741 5466 Β.
1819 5415 1866 5446 ³⁸
1906 5414 1976 5467 δι’
2005 5415 2182 5468 ἄλλων
2213 5416 2274 5468 Β.
2344 5413 2393 5484 ξ’
2427 5413 2622 5466 tanta).
2652 5409 2716 5484 AI.

1430 5480 1474 5510 "
1501 5485 1781 5551 μετρεῖται
1804 5483 1958 5554 τόπῳ
1989 5485 2134 5555 ψυχὴ
2159 5486 2252 5555 καὶ
2275 5482 2400 5555 νοῦς
2425 5485 2485 5555 ού
2517 5482 2812 5555 χωρίζεται
2834 5481 2910 5555 (Ζ.Δ
2972 5484 3019 5514 ⁸⁸
3039 5482 3466 5555 κυϐερνιῦμενος-
3485 5479 3548 5535 Β.

1982 4441 2054 4494 tia
2086 4439 2200 4493 fiat.
2230 4437 2309 4491 Ad
2344 4437 2479 4500 haec,
2509 4433 2790 4505 quomodo
2834 4448 3031 4489 sensus
3073 4433 3127 4486 in
3173 4433 3289 4502 ipsa
3340 4447 3560 4502 perma-

1983 4539 2138 4592 neat,
2171 4537 2226 4584 et
2278 4527 2409 4581 illud
2437 4527 2582 4596 quod
2614 4536 2768 4580 extra
2791 4535 2893 4588 est,
2929 4523 3185 4578 attrahat.
3225 4525 3386 4586 Item,
3421 4539 3559 4593 quo-

1981 4621 2147 4675 modo
2164 4618 2341 4672 oratio
2371 4633 2402 4671 a
2429 4617 2738 4685 menteipsa
2754 4624 3166 4685 progeneratur,
3184 4612 3559 4682 orationisque

1979 4709 2303 4780 generandae
2327 4707 2380 4762 in
2413 4708 2517 4762 alia
2545 4715 2722 4761 mente
2751 4721 2914 4761 causa
2945 4707 3195 4759 exsistat.
3231 4703 3296 4757 Et
3316 4717 3555 4773 quonam

1980 4809 2140 4870 pacto
2169 4799 2481 4854 orationum
2516 4796 2870 4867 intelligentia
2900 4795 3297 4858 distribuatur;
3326 4802 3380 4847 et
3413 4810 3554 4864 quo-

1979 4889 2145 4946 modo
2168 4905 2366 4959 corpus
2401 4893 2471 4943 ob
2498 4888 2737 4942 animum
2769 4885 3062 4940 nutriatur.
3093 4884 3214 4951 Quo
3239 4893 3398 4954 pacto
3427 4885 3554 4940 item

1977 4981 2182 5046 anima,
2218 4980 2290 5033 ob
2317 4979 2565 5049 corporis
2599 4976 3175 5037 communicationem,
3206 4975 3556 5045 passionibus

1978 5070 2214 5125 obnoxia
2248 5070 2341 5134 sit,
2381 5081 2434 5123 et
2461 5085 2584 5140 qua:
2616 5083 2782 5124 causa
2815 5077 2931 5135 est,
2981 5067 3060 5122 uti
3099 5067 3172 5120 ob
3206 5065 3552 5123 formidinem

1976 5159 2140 5214 homo
2175 5158 2376 5230 frigore
2408 5168 2757 5223 concrescat,
2798 5166 2852 5213 et
2882 5157 3110 5212 audacia
3145 5158 3413 5222 solvatur,
3454 5159 3554 5212 do-

3258 5358 3367 5396 om.
3419 5340 3462 5394 Β
3487 5339 3549 5395 Ρ.

2410 5344 2454 5374 ¹⁸
2491 5341 2818 5408 συντέθηται
2865 5341 2928 5396 Β.
3028 5343 3071 5373 ¹⁶
3107 5343 3200 5395 καὶ

2813 5413 2857 5443 ²¹
2907 5411 3072 5465 πλέον
3098 5428 3206 5465 mn.
3232 5411 3291 5466 Β.
3370 5413 3416 5443 ’³
3455 5412 3550 5464 τοῦ

293 5551 486 5623 ξ’μτοτς
659 5551 704 5584 ³⁸
735 5551 850 5623 πῶς
885 5566 1056 5623 usque
1088 5551 1160 5623 ad
1199 5551 1498 5623 ἐπισπᾶται
1524 5550 1646 5623 9m.
1689 5557 1752 5606 A.
1831 5555 1874 5588 ’³

1995 5550 2149 5608 ιίηἶΒ
2182 5554 2237 5608 Ρ.
2316 5553 2359 5584 ³ο
2388 5550 2649 5621 τρέφεται
2688 5553 2726 5604 Β
2755 5551 2812 5606 Ρ.
2894 5553 2933 5584 ³³
2968 5553 3058 5605 καὶ
3095 5550 3202 5607 αίδ.
3237 5550 3551 5623 ἐρυθραίνει

288 5620 361 5673 δι’
392 5623 514 5692 αϊμ.
541 5621 581 5676 Β
601 5621 662 5675 Ρ.
741 5621 784 5653 ³³
813 5623 847 5692 ή
872 5621 936 5677 Α.
972 5619 979 5620 ί
1013 5619 1058 5652 ³⁸
1081 5619 1356 5684 ζὼσαντος
1382 5622 1444 5674 Α.
1523 5619 1565 5652 ³⁸
1595 5623 1690 5675 καὶ
1717 5623 1796 5687 τίς
1827 5623 1885 5674 Β.
1964 5626 2006 5657 ³⁸
2033 5623 2326 5694 προεδρεία
2361 5626 2423 5676 Α.
