3944 6152
423 221 573 274 ’1⁸2ἱῦ
1667 215 1946 270 Μειιῑτη
1984 216 2027 269 Μ

2137 213 2293 269 ACHI
3547 219 3674 274 ’ρει

437 339 552 388 lore
597 329 973 394 contrahatur,
1017 327 1293 396 voluptate
1340 325 1696 393 diffundatur,
1749 327 2003 397 idemque

2135 329 2216 380 ἰαὶ
2263 326 2380 390 πῶς
2411 329 2443 398 ἡ
2489 327 2698 382 τούτων
2724 328 2967 398 ἔκλειψις
2999 329 3044 362 ³⁸
3071 329 3248 400 ψυχῆς
3286 333 3434 384 ἐστιν
3472 332 3674 401 ἀναχώ-

436 425 640 479 invidia
667 423 925 490 liquetur,
952 419 1098 473 inani
1125 418 1297 488 gloria
1328 418 1604 482 efferatur,
1639 429 1800 488 atque
1830 420 1883 472 in
1912 433 2007 486 spe

2135 436 2266 486 mat;
2291 437 2306 484 ;
2332 419 2457 481 Πῶς
2486 421 2514 472 ὁ
2547 420 2670 483 νοῦς
2695 419 2790 472 καὶ
2817 423 3195 490 περιγραπτὸς
3222 423 3318 475 καὶ
3350 422 3600 494 ἀόριστος
3624 426 3676 477 ἐν

419 517 573 572 levis
603 513 886 569 elliciatur.
917 509 1021 564 Sed
1048 517 1102 563 et
1129 524 1240 578 quo
1288 517 1475 578 pacto,
1510 509 1792 563 iracundia
1839 509 1892 562 in
1924 510 2008 562 in-

2135 512 2239 577 ιμῖν
2269 510 2467 580 μένων,
2508 512 2602 563 καὶ
2654 512 2832 565 πάντα
2863 512 3154 581 ὲφοδεῦων,
3195 515 3349 583 τάχει
3385 516 3558 585 φορᾶς
3592 518 3679 568 καὶ

437 608 648 664 saniam
695 604 994 667 hominem,
1030 601 1358 655 verecundia
1408 600 1463 654 in
1499 601 1755 658 ruborem
1811 609 2005 665 vertat,

2135 600 2381 667 ›εὑσεως;
2405 603 2501 665 Τίς
2525 606 2558 671 ὴ
2581 605 2680 672 τῆς
2702 603 2920 672 φύσεως
2944 604 2989 636 ³⁷
3008 605 3162 676 ὁλκὴν
3195 607 3290 657 καὶ
3317 607 3457 676 πρὸς
3486 605 3680 674 ἄλληλα

417 697 607 750 altera
627 694 698 748 ob
729 691 1014 762 sanguinis
1051 689 1342 754 fervorem,
1377 690 1546 744 altera
1570 704 1719 752 vero,
1765 690 1834 744 ob
1863 691 2012 758 ejus-

2135 691 2296 760 τχέσις
2320 695 2434 756 τοῖς
2456 693 2688 760 γεννῶσι
2720 697 2815 747 καὶ
2843 696 3228 766 γεννωμένοις,
3255 695 3344 749 ἵνα
3367 696 3446 766 τῷ
3482 697 3678 765 φίλτρῳ

435 787 555 840 dem
591 783 950 838 secessionem
987 779 1040 833 id
1087 778 1371 832 efﬁciente.
1414 777 1493 831 Ad
1543 779 1657 832 haec
1681 819 1696 842 ,
1735 780 2010 846 quomodo
2112 785 2442 854 συνέχηται;

436 875 754 945 passionum
824 872 980 940 signa
1047 870 1101 922 in
1132 869 1454 939 corporibus
1528 878 1940 937 agnoscantur:
1982 887 2220 940 quonam
2269 875 2323 930 in
2372 877 2491 931 loco
2539 875 2994 932 considerationis
3042 877 3198 932 sedes
3263 885 3365 933 est.
3401 876 3544 933 Tum
3582 891 3681 946 quo

425 975 598 1034 ,pacto
630 963 742 1031 ipsa
763 959 1019 1014 omnibus
1050 957 1136 1010 his
1158 957 1811 1026 praasit,passionumque
1867 968 2047 1014 motus
2084 963 2328 1018 mitiores
2380 965 2592 1019 reddat.
2635 965 2796 1028 Tum,
2859 969 3136 1034 quomodo
3179 968 3502 1038 incorporea
3542 983 3678 1038 pars,

443 1056 596 1128 ιιι
628 1055 810 1110 anima
844 1051 1124 1116 videlicet,
1161 1066 1190 1103 a
1237 1051 1503 1116 sanguine
1541 1051 1916 1115 contineatur,
1954 1068 2018 1108 ac
2059 1055 2175 1124 ipsa
2207 1059 2392 1112 eadem
2421 1075 2544 1127 qua:
2609 1075 2856 1129 corpore
2901 1071 3072 1121 vacat.
3109 1077 3219 1131 quo
3252 1071 3410 1131 pacto
3441 1063 3683 1132 spiritum

436 1157 585 1209 edat.
617 1147 724 1202 Sed
753 1154 814 1200 et.
868 1142 1146 1213 quomodo
1169 1142 1546 1197 deﬁcientibus
1573 1143 1676 1210 his,
1720 1146 1916 1198 anima:
1966 1150 2204 1203 secessio
2234 1152 2343 1204 liat.
2369 1150 2526 1214 Item,
2552 1168 2659 1221 qua
2724 1155 2935 1208 ratione
3001 1171 3158 1210 mens
3223 1157 3277 1210 in
3321 1157 3480 1211 nobis
3525 1157 3684 1212 incir-

438 1239 768 1306 cumscripta
807 1251 870 1290 ac
919 1233 1272 1288 interminata
1340 1234 1647 1299 exsistens,
1726 1250 1888 1304 quam
1932 1237 2195 1293 ocissime
2238 1256 2404 1296 cursu
2487 1242 2748 1313 fluxoque
2825 1255 3019 1300 cuncta
3065 1258 3324 1315 pererret.
3364 1245 3557 1302 Sedet
3597 1246 3682 1318 qui

441 1338 712 1390 universae
761 1337 975 1385 naturae
1021 1338 1248 1383 mutuus
1300 1338 1616 1398 respectus,
1669 1329 1724 1383 in
1767 1330 1851 1384 his
1892 1346 2014 1399 quae
2054 1335 2392 1403 oriuntur,et
2450 1353 2570 1407 qua:
2601 1339 2808 1393 oritura
2826 1347 2974 1404 sunt,
3008 1341 3085 1394 uti
3109 1356 3228 1396 sese
3288 1342 3520 1397 invicem
3539 1339 3682 1411 quasi

441 1429 595 1486 (nstri
620 1426 903 1496 cujusdam
935 1423 1168 1493 impulsu
1195 1423 1525 1486 contineant,
1551 1422 1871 1477 innascitur.

430 1553 436 1560 -
516 1519 788 1588 Amplius,
845 1517 987 1570 idem
1052 1514 1144 1583 qui
1198 1512 1512 1582 huiusmodi
1571 1513 1882 1568 facultatem
1922 1528 2016 1581 ago

2193 1511 2370 1564 Πολλὰ
2407 1512 2452 1564 δ’
2498 1512 2564 1565 ἂν
2606 1513 2685 1566 ἔτι
2731 1513 3103 1586 φιλοσοφήσῃς
3127 1516 3170 1547 ³⁸
3218 1515 3350 1586 περὶ
3382 1517 3568 1587 μερῶν
3603 1521 3685 1573 καὶ

445 1613 741 1684 gredietur,
773 1618 967 1677 praeter
1021 1606 1168 1671 haec,
1213 1605 1619 1674 quamplurima
1661 1605 1730 1659 de.
1773 1605 2010 1674 partium

2135 1601 2316 1662 ιε).ῶν,
2366 1603 2463 1656 καὶ
2517 1603 2616 1673 τῆς
2668 1605 2749 1666 είς
2797 1604 3006 1672 ἄλληλα
3039 1605 3248 1656 τούτων
3287 1607 3683 1676 εὐαρμοστίας·

445 1702 928 1766 membrorumque
955 1695 1348 1751 constitutione
1373 1733 1390 1758 ,
1430 1709 1594 1762 quam
1640 1703 1850 1749 natura),
1897 1697 2012 1765 lege

435 1795 765 1861 rationeque
805 1789 996 1844 sortita
1027 1796 1174 1850 sunt,
1204 1786 1579 1856 philosophari
1609 1787 1841 1854 poterit;
1871 1801 2014 1855 prae-

435 1884 654 1947 sertim,
689 1897 800 1950 quo
827 1890 984 1950 pacto
1010 1878 1200 1934 ordine
1226 1891 1471 1947 congruo
1519 1877 1750 1930 invicem
1787 1878 1852 1932 ad
1884 1891 2016 1932 usus

446 1973 1015 2046 pulchritudinemque
1035 1969 1536 2024 accommodentur.
1568 1966 1730 2032 Tum,
1757 1983 1877 2036 quae
1903 1967 2021 2037 lege

443 2079 499 2121 et
529 2073 735 2120 natura:
763 2063 972 2118 ratione
1001 2060 1397 2128 conjuncta,ac
1412 2058 1670 2113 distantia
1703 2058 1845 2120 sint;
1874 2073 2024 2127 qua:-

445 2172 554 2225 qae
586 2156 873 2215 excedant,
898 2168 962 2208 ae
993 2152 1348 2214 excedantur,
1384 2158 1438 2204 et
1467 2165 1588 2218 quae
1619 2150 1772 2203 unita
1801 2150 1940 2215 sint,
1968 2155 2020 2203 et

441 2263 564 2318 quae
594 2248 868 2302 tindantur
889 2261 902 2309 ;
944 2257 1172 2312 quaeque
1190 2242 1671 2310 comprehendant,
1691 2256 1753 2294 ar
1774 2255 2020 2318 compre-

445 2317 756 2394 hendnntur
800 2335 1073 2403 explicare
1118 2331 1334 2401 poterit.
1371 2331 1450 2385 Ad
1497 2332 1644 2394 hac,
1687 2317 1918 2399 plurima
1954 2330 2022 2384 de

447 2430 677 2483 vocibus
722 2436 777 2481 et
818 2426 1006 2480 auditu
1037 2425 1313 2493 diSputare
1345 2423 1580 2492 poterit,
1619 2424 1894 2491 quomodo
1933 2423 2020 2475 illa

449 2531 548 2586 per
581 2515 796 2568 vocalia
836 2514 1196 2566 instrumenta
1237 2510 1489 2564 feratur:
1523 2511 1742 2564 auditus
1782 2528 1909 2564 vero
1956 2527 2022 2564 ex

449 2607 616 2662 medii
644 2606 792 2659 aeris
827 2605 1178 2673 percussione
1221 2601 1658 2669 formationeqne
1689 2601 2019 2670 perficiatur.

449 2697 690 2750 Plurima
740 2701 997 2763 pi-wterea
1069 2694 1136 2745 de
1185 2691 1398 2760 quiete,
1462 2706 1583 2758 quae
1628 2706 1724 2759 per
1771 2706 2023 2744 somnum

455 2787 659 2842 homini
693 2785 968 2856 provenit,
1000 2799 1064 2836 ac
1095 2783 1161 2836 de
1193 2783 1281 2836 his
1312 2796 1434 2851 quae
1459 2796 1554 2849 per
1592 2781 1862 2835 insomnia
1911 2784 2024 2836 for-

450 2859 693 2946 inanitur,
725 2885 781 2931 et
828 2892 950 2947 quae
996 2873 1479 2936 considerationis,
1534 2872 1831 2926 iracundia:
1876 2872 2022 2926 desi-

451 2969 697 3040 deriique
722 2977 870 3022 sunt.
909 2967 1084 3034 thue
1115 2966 1366 3019 universa
1398 2964 1452 3016 in
1485 2978 1750 3017 summam
1779 2963 2026 3018 dicamus

453 3043 814 3127 quaecunque,
853 3057 908 3110 in
941 3055 1104 3122 hujus
1136 3054 1421 3108 rationalis
1467 3053 1720 3107 animalis
1759 3056 2028 3107 constitu-

455 3153 626 3215 tione,
659 3148 751 3201 Dei
774 3145 954 3199 Patris
991 3144 1254 3209 potentia,
1284 3143 1491 3208 omnia,
1524 3158 1738 3196 summa
1763 3157 1886 3195 eum
1935 3158 2027 3196 sa-

457 3240 683 3310 pientia,
718 3253 782 3292 ac
805 3247 950 3290 recto
983 3234 1177 3289 ordine
1210 3234 1530 3302 disponens,
1559 3217 1845 3303 peregerit,
1881 3250 2031 3288 com-

457 3324 725 3402 plc'ctendi
751 3325 1035 3380 materiam
1063 3323 1166 3377 sibi
1200 3323 1518 3392 neutiquam
1561 3323 1750 3377 deesse
1778 3323 2029 3377 animad-

457 3428 650 3474 vertet.
713 3417 1047 3478 Enimvero,
1104 3421 1301 3467 cuncta
1348 3413 1404 3466 in
1459 3414 1563 3468 hoc
1611 3413 1836 3468 animali
1897 3415 2032 3470 adeo

458 3509 824 3584 pulcherrime
854 3505 1092 3577 perfecta
1126 3504 1404 3570 visuntur,
1449 3512 1508 3558 ut
1557 3505 1713 3558 aliter
1757 3507 2032 3575 procreari

459 3602 542 3655 vel
573 3600 832 3666 constitui
856 3600 1031 3668 ipsum
1063 3597 1214 3651 nullo
1240 3603 1398 3665 pacto
1432 3609 1593 3664 posse
1615 3596 2033 3650 existimandum

461 3692 552 3747 sit.
580 3691 720 3758 Quid
755 3693 900 3745 enim
935 3704 1088 3744 mens
1129 3697 1302 3754 tanta,
1340 3687 1485 3756 quod
1521 3703 1627 3742 non
1672 3703 1887 3743 summe
1936 3689 2034 3744 de-

462 3792 602 3845 ceat,
636 3783 848 3836 efﬁcere
881 3780 1110 3849 posset?
1147 3779 1252 3834 Sed
1280 3789 1334 3833 et
1369 3780 1416 3833 is
1455 3786 1716 3848 praeterea
1741 3817 1758 3843 ,
1802 3779 2039 3848 quicun-

2122 1692 2259 1761 πρὸς
2279 1691 2325 1721 ³⁸
2357 1691 2550 1762 χρείαν
2575 1709 2633 1744 τε
2659 1693 2795 1763 όμοῦ
2837 1697 2932 1746 καὶ
2989 1694 3184 1756 κάλλος
3238 1697 3596 1750 συνεστώτων
3634 1715 3687 1752 τε

2121 1783 2216 1834 καὶ
2267 1781 2573 1835 δεστιώτων
2629 1784 2723 1837 καὶ⁸
2770 1783 3108 1854 σχιζομένων
3147 1787 3213 1850 ⁸⁸,
3251 1789 3615 1857 περιεχόντων
3633 1805 3685 1841 τε

2124 1876 2219 1926 καὶ
2257 1874 2749 1944 περιεχομένων⁸¹,
2787 1875 2937 1945 νόμῳ
2963 1877 3062 1928 καὶ
3077 1874 3221 1944 λόγῳ
3250 1876 3500 1944 φύσεως·
3529 1879 3687 1931 Πολλὰ

2126 1967 2252 2035 περὶ
2293 1965 2489 2034 φωνῶν
2518 1965 2621 2016 καὶ
2656 1964 2871 2016 ἀκοῶν
2924 1966 3043 2026 πῶς
3080 1969 3134 2018 αἱ
3167 1967 3267 2036 μὲν
3317 1968 3577 2037 φέρονται
3613 1970 3688 2022 διὰ

2122 2057 2231 2110 τῶν
2261 2055 2585 2126 φωνητικῶν
2623 2057 2874 2126 ὁργάνων
2899 2057 2969 2088 δι’
2995 2072 3010 2088 ο
3039 2057 3096 2109 al
3129 2057 3186 2108 δὲ
3232 2059 3593 2128 ὑποδέχονται
3615 2060 3690 2111 διὰ

2123 2147 2226 2215 τῆς
2265 2148 2322 2199 ὲν
2348 2146 2499 2216 μέσῳ
2542 2145 2637 2197 τοῦ
2669 2145 2828 2216 ἀέρος
2861 2145 3077 2216 πληγῆς
3102 2147 3199 2200 καὶ
3231 2147 3688 2211 διατυπώσεωςη.

2124 2238 2303 2293 Πολλὰ
2348 2238 2480 2306 περὶ
2521 2238 2621 2306 τῆς
2653 2239 2712 2288 ὲν
2769 2236 2959 2300 ὕπνοις
2992 2237 3359 2301 ἀναπαύσεως
3396 2240 3431 2310 ἦ
3467 2240 3692 2294 ἀναπλά-

2127 2346 2298 2391 σεως,
2335 2326 2602 2396 λογισμοῦ
2651 2343 2714 2379 τε
2760 2329 2854 2380 καὶ
2905 2327 3102 2395 θυμοῦ⁹
3149 2329 3243 2382 καὶ
3291 2329 3556 2397 ἐφέσεως.
3596 2329 3693 2382 Καὶ

2129 2420 2407 2490 συντόμως
2438 2419 2635 2485 είπεῖν,
2666 2419 2766 2471 ὅσα
2806 2419 2935 2489 περὶ
2970 2419 3030 2472 τὸ
3050 2418 3190 2482 ζῶον
3217 2420 3379 2472 τοῦτο
3403 2421 3470 2473 τὸ
3495 2419 3692 2488 λογικὸν

2127 2513 2160 2579 ἡ
2186 2511 2256 2562 τὰ
2297 2510 2476 2562 πάντα
2512 2509 2752 2576 σοφῶς⁸³
2781 2507 3144 2578 οίκονομοῦσα
3207 2508 3303 2563 τοῦ
3350 2509 3492 2562 Θεοῦ
3540 2526 3692 2579 προσ-

2129 2598 2353 2668 εποίησε
2373 2598 2417 2629 “
2440 2597 2692 2668 δύναμις,
2739 2599 2835 2651 καὶ
2867 2599 3028 2666 σοφία
3057 2599 3241 2662 καλῶς
3281 2601 3687 2672 ἐτεχνήσατο⁸⁸’

2129 2692 2223 2741 καὶ
2252 2689 2394 2741 οὕτω
2420 2688 2622 2752 καλῶς,
2653 2689 2726 2751 ὼς
2747 2690 2848 2741 οὐκ
2879 2688 3156 2758 ἐνεδέχετο
3186 2688 3362 2754 ἄλλως
3389 2687 3692 2759 γενέσθαιῆ

2131 2777 2455 2830 συνεστάναι
2491 2777 2643 2829 τουτὶ
2667 2778 2726 2829 τὸ
2751 2777 2908 2840 ζῶον.
2943 2779 3132 2847 Τίγὰρ
3160 2777 3284 2841 νοῦς
3312 2780 3565 2842 τοσοῦτος
3597 2778 3693 2830 τῶν

2132 2870 2208 2939 μὴ
2237 2868 2626 2939 προσηκόντων
2650 2869 2983 2938 είργὰσατο;
3016 2873 3091 2922 Οὐ
3118 2871 3280 2940 μόνον
3305 2870 3362 2922 δὲ
3403 2871 3693 2940 φιλοσοφήο

2133 2977 2246 3024 σεις
2314 2961 2565 3024 τοιαῦτα,
2619 2960 2694 3023 ὡς
2749 2960 2985 3029 εἴρηται,
3055 2962 3148 3014 καὶ
3189 2961 3531 3031 θαυμάσεις·
3589 2960 3696 3022 πῶς

2136 3053 2300 3123 μέσον
2333 3051 2596 3122 μεγέθους
2626 3055 2720 3105 καὶ
2747 3053 3134 3122 ταπεινότητος
3175 3055 3408 3120 γέγονας
3434 3071 3450 3085 ’
3485 3053 3577 3106 καὶ
3607 3052 3695 3123 βα-

2136 3142 2366 3205 σιλεύεις
2400 3143 2508 3197 τῶν
2534 3144 2626 3195 ὲπὶ
2657 3145 2756 3214 γῆς
2791 3143 3212 3214 βασιλευόμενος
3243 3144 3456 3197 ἄνωθεν
3475 3162 3491 3178 ο
3523 3146 3613 3196 καὶ
3637 3145 3696 3212 τῇ

2136 3233 2273 3302 πρὸς
2306 3234 2440 3286 Θεὸν
2489 3233 2706 3286 νεύσει·
2752 3233 2814 3286 τὸ
2870 3233 3090 3303 μέτριον
3139 3234 3243 3303 τῆς
3285 3235 3552 3304 ἀληθείας
3595 3233 3696 3300 φῶς

2135 3323 2633 3392 ὲλλαμπόμενος¹⁵⁶,
2689 3324 2809 3382 ὅλος
2847 3324 3156 3385 θεοῦσαιδτ,
3209 3327 3305 3378 καὶ
3358 3325 3696 3396 μετατίθεσαι

2137 3415 2272 3484 πρὸς
2307 3417 2376 3468 τὰ
2413 3415 2546 3481 ἄνω,
2570 3417 2612 3448 ⁸⁸
2645 3416 2804 3482 ἀξίαν
2837 3415 2933 3468 τοῦ
2969 3417 3063 3470 καὶ
3094 3415 3459 3486 συνδήσαντος
3499 3417 3591 3470 καὶ
3615 3413 3706 3486 λύον

2138 3522 2319 3567 σοντος
2336 3505 2380 3538 δ’
2429 3507 2526 3557 καὶ
2578 3501 2736 3568 αὖθις
2782 3505 3156 3574 συνδήσοντος,
3204 3507 3553 3576 ὑψηλοτέραν
3612 3506 3698 3574 τὴν

2139 3595 2414 3648 πολιτείαν
2439 3597 2786 3665 ποιούμενος.
2831 3598 2994 3650 Ἀλλὰ
3041 3598 3141 3650 καὶ
3175 3597 3319 3666 μετὰ
3347 3598 3445 3650 τοῦ
3493 3597 3697 3668 Προφή-

2135 3703 2232 3737 του
2259 3686 2584 3756 ὲκπλήκτως
2613 3689 2658 3719 ⁵⁸
2711 3688 3031 3758 ἀναϐοήσεις
3050 3704 3064 3718 ⁶
3107 3688 3203 3754 Ὠς
3232 3689 3612 3757 ἐμεγαλύνθη
3638 3683 3699 3736 τὰ

2141 3780 2285 3848 ἔργα
2309 3796 2450 3844 σου,
2472 3783 2649 3849 Κύριε
2672 3799 2686 3813 ·
2722 3782 2919 3838 πάντα
2944 3784 3015 3837 ὲν
3033 3785 3221 3853 σοφίᾳ
3252 3785 3576 3852 ἐποίησας.

463 3893 568 3947 que
596 3875 816 3930 futurus
839 3885 944 3940 est,
968 3873 1492 3950 cumadmiratione,
1553 3873 1786 3942 utprius
1843 3872 2104 3938 diximus,
2146 3875 2516 3945 philosophari
2565 3877 2797 3946 poterit,
2847 3892 3090 3946 quonam
3151 3884 3312 3945 pacto
3362 3876 3534 3931 homo
3579 3875 3701 3927 inter

463 3971 701 4034 excelsa,
735 3970 1097 4039 humilisque,
1138 3970 1352 4024 medius
1381 3970 1715 4024 constitutus
1739 4009 1754 4034 ,
1827 3969 1914 4024 his
1962 3985 2082 4038 qua:
2122 3970 2175 4024 in
2221 3979 2366 4026 terra
2413 3983 2540 4026 sunt
2564 4011 2580 4036 ,
2626 3974 2964 4039 dominatur,
2994 3975 3064 4028 ab
3125 3975 3212 4028 his
3236 3987 3368 4028 vero
3400 3987 3528 4043 qua:
3555 3983 3703 4040 supra

465 4071 617 4126 sunt,
650 4062 767 4132 ipse
793 4062 1017 4130 regitur.
1044 4059 1232 4132 Neque
1252 4075 1380 4115 vero
1411 4061 1464 4115 id
1497 4062 1695 4117 tacitus
1723 4062 2041 4130 praaterihit,
2080 4065 2224 4132 quod
2297 4065 2344 4120 si
2382 4064 2529 4135 quis,
2566 4065 2661 4120 Dei
2721 4080 2878 4132 nutu,
2903 4068 3149 4122 veritatis
3186 4066 3413 4121 luminis
3446 4067 3503 4119 in
3534 4079 3591 4118 se
3613 4062 3700 4116 ali-

466 4169 629 4224 quem
663 4153 1003 4222 splendorem
1037 4152 1193 4224 142
1258 4152 1507 4216 ediderit,
1553 4153 1767 4208 divinus
1852 4152 2104 4221 fortasse,
2150 4167 2295 4213 totus
2323 4198 2340 4224 ,
2392 4165 2555 4228 atque
2599 4175 2896 4228 supernum
2952 4162 3006 4215 in
3055 4160 3340 4215 altissimis
3394 4157 3494 4212 Dei
3523 4160 3704 4211 cuncta

467 4243 782 4310 vincientis,
810 4244 1196 4312 solventisqne,
1225 4259 1290 4298 ac
1321 4244 1502 4298 denuo
1567 4244 1917 4299 revincientis
1960 4261 2186 4317 regnum
2218 4252 2524 4320 migrando,
2565 4252 2885 4308 excelsioris
2949 4251 3102 4305 urbis
3132 4250 3267 4305 civis
3333 4247 3615 4304 efficietur.
3649 4242 3705 4296 El

466 4335 685 4404 quidem
710 4335 755 4389 is
781 4349 906 4389 cum
935 4335 1193 4404 propheta
1213 4335 1517 4391 admiratus
1538 4335 1833 4392 clamabit:
1862 4335 2035 4402 Quam
2109 4342 2451 4411 magniﬁcam
2489 4354 2610 4399 sunt
2662 4359 2821 4413 opera
2863 4354 2989 4410 tua,
3025 4341 3283 4396 Domine!
3314 4349 3509 4394 cuncta
3535 4339 3590 4392 in
3625 4351 3703 4390 sa—

467 4431 670 4500 pientia
701 4430 874 4498 fecisti
902 4427 1001 4500 (a).

1055 4542 1134 4596 De
1163 4542 1454 4601 elementis.

2155 4545 2225 4600 Τὸ
2277 4544 2600 4612 ὐστεραῖον
2668 4546 2993 4612 σύνταγμα
3032 4543 3164 4610 περὶ
3213 4541 3335 4596 τῶν
3396 4540 3700 4609 τεσσάρων

2767 4611 3102 4682 στοιχείων.
3337 4680 3340 4684 ,

2225 4727 2297 4780 Τὸ
2347 4727 2476 4797 περὶ
2535 4726 2816 4794 στοιχείων
2877 4723 3224 4792 διαλέγεσθαι
3280 4726 3520 4794 φυσικῆς
3575 4724 3703 4775 ἐστιν

2153 4818 2285 4870 ῐδιον
2316 4815 2725 4887 πραγματείας.
2751 4813 2874 4885 Χρὴ
2903 4813 3083 4868 τοίνυν
3132 4813 3231 4877 τὰς
3263 4814 3365 4884 μὲν
3400 4814 3560 4878 δόξας
3605 4809 3699 4862 τῶν

2155 4905 2402 4959 παλαιῶν
2428 4902 2734 4973 φιλοσόφων
2754 4903 2854 4962 τὰς
2884 4902 3012 4972 περὶ
3037 4901 3217 4955 αὐτῶν
3238 4902 3541 4972 γενομένας
3565 4913 3704 4952 naue

2157 4995 2449 5064 λιμπάνειν
2502 4997 2560 5058 ἐς
2613 4992 2881 5050 νεώτατον
2910 5009 2925 5025 '
2975 4993 3106 5065 μίαν
3164 4993 3223 5046 δὲ
3285 4991 3385 5065 τὴν
3437 4991 3702 5065 κρείττονα

540 4722 618 4778 De
645 4720 934 4777 elementis
969 4728 1148 4774 autem
1182 4719 1468 4790 disputare
1488 4721 1556 4777 ad
1581 4723 1884 4778 naturalem
1933 4723 2048 4792 phi-

470 4811 762 4882 losophum
793 4811 1050 4882 pertinet.
1082 4811 1450 4880 Antiquorum
1475 4814 1658 4883 itaque
1690 4814 2046 4884 philosOpho-

473 4918 599 4968 rum
633 4903 943 4973 opiniones,
971 4915 1110 4971 quas
1140 4901 1208 4957 de
1228 4903 1512 4959 elementis
1544 4905 1647 4974 ipsi
1679 4905 2047 4972 adduxerunt,

473 4990 673 5046 missas
705 4988 886 5045 facere
917 4998 1160 5059 oportet;
1195 5007 1358 5047 unam
1389 4994 1767 5049 tantummodo
1808 5009 1876 5050 ex
1927 5009 2049 5052 om-

497 5142 500 5146 ’
547 5148 796 5221 (a)Psal.
835 5163 956 5214 cm,
996 5147 1087 5202 24.

547 5312 594 5343 ³⁸
624 5311 900 5379 ἐκκλειψις
930 5310 990 5366 Β.
1105 5310 1146 5342 ³³
1177 5308 1316 5382 (ptio:
1341 5305 1407 5360 Δ.
1430 5378 1443 5382 _
1519 5308 1564 5339 ⁸⁸
1593 5307 1977 5382 φιλοσοφήσοις
2111 5377 2120 5382 _
2185 5307 2227 5342 ⁸³
2253 5309 2390 5379 πρὸς
2419 5325 2525 5364 om.
2563 5309 2601 5363 Β
2633 5309 2696 5364 Ρ.
2772 5311 2820 5343 ⁸⁸
2848 5311 2943 5365 καὶ⁵
2967 5313 3111 5382 σχιζ.
3132 5325 3241 5366 om.
3277 5310 3401 5382 BAP.
3449 5309 3535 5382 7'”,
3557 5320 3699 5382 προε-

477 5383 678 5452 χόντων
723 5377 908 5452 τεοιαὶ
956 5377 1734 5452 προεχομένωνκΔένουμένων
1759 5377 1855 5452 καςι
1898 5377 2270 5452 σχιζομένων·
2298 5377 2525 5452 περιεχ.
2551 5383 2737 5452 τεκαὶ
2790 5377 3202 5452 περιεχομένων
3237 5383 3276 5435 Β
3309 5380 3370 5452 P.
3445 5377 3701 5452 “‘hic'dg-

477 5435 607 5521 ginit
631 5450 690 5504 Β.
767 5451 814 5482 ⁵³
840 5435 1142 5521 τυπώᾎ-ευῗς
1162 5435 1209 5500 ’(3
1229 5448 1297 5521 _l’.
1349 5435 1421 5521 ’.ξ’
1452 5435 1572 5521 σοφί
1597 5448 1692 5521 καὶ
1721 5435 2144 5521 ἐντέχνιίις-ᾮῚξ.⁸
2208 5447 2259 5521 δε
2286 5435 2421 5521 πρός
2449 5435 2521 5521 AA:
2590 5451 2634 5521 δέ
2665 5435 3006 5521 aqvam-:3
3099 5450 3161 5506 Ρ,
3235 5451 3283 5483 δι
3301 5435 3380 5521 τῷ
3408 5450 3605 5521 μετρίῳ
3619 5447 3698 5521 τῆς

479 5520 751 5592 ἀληθείας*
773 5519 1189 5592 ἐκλαμπόμενος
1219 5516 1307 5592 (3.¹
1329 5516 1403 5592 _"
1430 5512 1729 5592 etme-filo);
1756 5512 1936 5592 θεόίξσἶ
1965 5517 2054 5592 (3.-
2095 5515 2147 5592 ξ’
2185 5520 2310 5583 τοὺς
2331 5512 2454 5572 ’ἄνω
2481 5518 2544 5575 C.
2621 5519 2665 5553 “
2694 5512 2956 5584 λύσαντος
2979 5519 3021 5578 C
3042 5521 3102 5576 P.
3175 5512 3560 5592 ’σὲμπλιςκτὼς
3581 5512 3695 5588 μετὰ

478 5583 582 5640 τοῦ
598 5605 692 5656 πρ.
728 5583 963 5657 βοήσεις·
997 5583 1392 5655 ἐθαυμαστώθη
1423 5587 1454 5653 ἠ
1493 5585 1693 5651 γνῶσίς
1712 5603 1806 5638 σου
1833 5585 1892 5649 ἐξ
1921 5583 2055 5654 ἐμοῦ
2087 5584 2149 5638 C.
2940 5583 2944 5618 ἶ
