3944 6152
312 272 451 345 ms

1547 272 1637 345 ut:
1677 274 1961 348 unum
1999 286 2303 347 sonitus.

3419 298 3559 355 1286

309 404 517 460 τούτων
545 398 888 468 ικλέγεσθαι,
919 386 985 472 ἦν
1027 384 1404 472 Ἐμπεδοκλῆς
1450 404 1678 474 πρῶτος
1723 403 1881 472 ἐφεύ-

1988 404 2171 470 nibus,
2196 404 2479 461 meliorem
2512 404 2826 475 seligentes,
2852 415 3018 475 quam
3045 402 3388 475 Empedoclis
3411 421 3555 473 esse,

316 510 476 566 ρατο,
524 491 603 555 ὡς
640 490 698 544 δέ
728 506 864 561 φησι
912 490 1167 562 Γαληνὸς,
1207 486 1589 566 Ἱπποκράτης
1627 496 1657 548 ό
1700 494 1882 564 Κῷος.

311 581 568 650 τέσσαρα
603 578 786 634 τοίνυν
817 581 887 634 τά
920 578 1015 633 τοῦ
1053 578 1255 642 παντὸς
1290 584 1536 650 στοιχεῖα
1582 584 1889 653 τυγχάνον-

314 688 423 737 σιν,
453 669 491 725 ἀ
516 669 581 740 δὴ
611 673 709 723 καὶ
739 668 987 739 κοσμικά
1015 669 1309 724 καλοῦνται
1327 683 1342 699 '
1385 670 1526 740 πῦρ,
1557 672 1734 741 ὕδωρ,
1769 672 1887 741 ἀὴρ

312 764 409 816 καὶ
433 761 530 832 γῆ.
564 762 718 815 Ἐστι
766 761 825 814 δὲ
866 760 929 814 τὺ
968 763 1071 831 μὲν
1118 761 1230 833 πῦρ
1276 761 1483 833 θερμὸν
1535 766 1634 819 κα)⁴
1682 766 1880 837 ξηρόν·

308 855 373 910 τὸ
400 854 459 907 δὲ
487 853 653 924 ὕδωρ,
680 852 890 923 ψυχρὸν
911 852 1007 905 καὶ
1037 853 1202 924 ὑγρόν
1222 868 1236 882 ⁸
1268 852 1368 907 est
1397 854 1529 926 ἀὴρ,
1557 854 1761 927 θερμὸς
1791 858 1886 911 καὶ

311 945 511 1015 ὑγρός·
549 945 583 1013 ἡ
612 943 670 995 δὲ
704 944 775 1012 γῆ
799 941 986 1012 ψυχρά
1023 943 1120 995 καὶ
1148 941 1313 1012 ξηρά.
1365 943 1527 997 Ἀλλά
1556 943 1663 1014 μὴν
1694 944 1787 997 καὶ
1813 944 1887 998 τὰ

309 1034 557 1106 Ιπροσεχῆ
578 1034 815 1104 στοιχεῖα
831 1032 942 1086 τῶν
969 1031 1124 1095 ζώων
1152 1032 1410 1086 ἀπάντων
1434 1033 1530 1087 καὶ
1555 1033 1621 1104 δὴ
1656 1034 1884 1088 καὶτῶν

308 1124 665 1194 ἀνθρωπείων
719 1122 1010 1190 σωμάτων,
1059 1123 1299 1194 τέσσαρα
1331 1125 1428 1177 καὶ
1488 1124 1631 1178 αὐτὰ
1678 1126 1885 1195 τυγχά-

308 1231 511 1278 νουσιν,
539 1216 587 1267 oi
615 1213 878 1282 τέσσαρες
914 1211 1157 1282 δηλονότι
1194 1215 1360 1283 χυμοί
1381 1229 1395 1243 ·
1422 1212 1587 1281 αἷμα,
1617 1214 1881 1282 φλέγμα,

309 1306 465 1375 χολὴ
497 1304 714 1370 ξανθὴ,
754 1305 847 1357 καὶ
874 1304 1028 1372 χολὴ
1060 1303 1337 1371 μέλαινα.
1398 1304 1676 1371 Ἀναλογεῖ
1705 1300 1798 1358 οὖν
1820 1306 1883 1359 τὸ

308 1392 448 1465 αἷμα
488 1395 569 1465 τῷ
596 1395 721 1465 ἀέρι
745 1411 760 1427 ·
788 1394 990 1464 θερμὸν
1017 1393 1078 1446 ὃν
1103 1396 1197 1447 καὶ
1243 1394 1410 1465 ὑγρὸν
1459 1394 1648 1466 ὥσπερ
1684 1395 1750 1466 δὴ
1785 1397 1883 1449 κά-

307 1490 506 1550 κεῖνος.
525 1487 598 1539 Τὸ
617 1486 674 1540 δὲ
701 1485 922 1555 φλέγμα
939 1485 1016 1555 τῷ
1035 1486 1187 1539 ὕδατι
1211 1503 1224 1518 ο
1257 1486 1466 1556 ψυχρὸν
1485 1486 1546 1539 ὃν
1572 1486 1665 1539 καὶ
1690 1487 1877 1558 ὑγρόν.

319 1578 384 1632 Ἦ
437 1579 495 1631 δὲ
533 1579 698 1648 ξανθὴ
743 1578 895 1648 χολὴ,
930 1576 1010 1647 τῷ
1058 1577 1230 1648 πυρίο
1264 1577 1443 1649 Θερμὴ
1490 1578 1599 1649 γάρ
1633 1580 1751 1632 ἐστι
1786 1580 1883 1634 καὶ

309 1670 473 1740 ξηρά.
514 1669 576 1721 Ἡ
610 1670 667 1721 δὲ
706 1667 936 1738 μέλαινα
959 1666 1091 1737 χολὴ
1128 1670 1195 1738 τῇ
1227 1669 1298 1737 γῇ
1320 1683 1335 1698 ο
1396 1668 1583 1737 ψυχρὰ
1626 1669 1735 1738 γάρ
1762 1670 1878 1721 ἐστι

1988 494 2228 551 Galenus
2259 503 2316 550 et
2338 494 2487 551 Cous
2516 492 2874 564 Hippocrates
2901 491 3165 548 referunt.
3199 491 3341 549 Sunt
3391 494 3560 565 igitur

1986 582 2232 637 monium
2286 596 2473 640 rerum
2515 583 2783 639 elementa
2828 583 2985 655 ιω
3025 592 3289 654 quatuor,
3334 600 3457 656 qua:
3504 595 3560 642 et

1987 673 2176 729 mundi
2225 672 2493 729 elementa
2527 673 2888 743 appellantur,
2930 675 3067 745 ignis
3126 675 3400 738 videlicet,
3439 692 3554 735 aer,

1986 777 2124 829 aqua
2156 768 2212 817 et
2237 771 2399 817 terra.
2444 760 2513 815 Et
2540 762 2682 830 ignis
2725 762 2945 830 quidem
3000 764 3211 821 calidus
3245 766 3550 836 siccusquc.

1985 864 2132 921 aqua
2165 852 2391 907 humida
2436 864 2501 907 ac
2522 850 2740 923 frigida,
2784 867 2879 907 acr
2905 854 3118 908 calidus
3166 863 3223 909 et
3272 855 3551 914 humidus.

1984 951 2130 996 terra
2157 956 2288 997 vero
2312 940 2505 1013 frigida
2534 951 2590 997 et
2617 943 2762 998 sicca
2788 942 3038 999 habetur.
3090 942 3197 999 Sed
3223 948 3278 1000 et
3308 947 3551 1002 omnium

1983 1033 2344 1098 animalium,
2418 1042 2583 1104 atque
2635 1034 3000 1087 humanorum
3070 1047 3406 1103 corporum,
3468 1036 3556 1092 his

1983 1124 2229 1193 proxima
2258 1124 2480 1179 totidem
2511 1124 2798 1185 elementa,
2830 1130 3066 1193 quatuor
3092 1125 3342 1181 videlicet
3362 1126 3557 1181 humo-

1984 1230 2095 1278 res,
2143 1217 2381 1285 sanguis,
2413 1216 2641 1283 pituita,
2671 1216 2836 1283 ﬂaua,
2868 1221 2924 1269 et
2967 1222 3093 1269 atra
3142 1214 3282 1272 bilis.
3317 1216 3555 1289 Sanguis

1985 1306 2171 1375 itaque
2203 1320 2329 1363 eum
2362 1306 2554 1362 calidae
2583 1321 2651 1361 ac
2691 1304 2929 1359 humida:
2949 1305 3229 1375 qualitatis
3279 1307 3393 1370 sit,
3441 1309 3556 1363 aeri

1983 1397 2337 1466 proportione
2361 1396 2689 1467 respondet;
2724 1397 2923 1466 pituita
2956 1410 3111 1473 vero,
3144 1395 3341 1466 frigida
3371 1397 3557 1452 humi-

1981 1486 2164 1556 daq‘ue
2194 1487 2488 1552 exsistens,
2520 1501 2679 1557 aqua;
2697 1503 2712 1553 ;
2731 1486 2870 1540 ﬂava
2883 1484 3107 1556 quidem
3131 1485 3281 1553 bilis,
3304 1502 3429 1542 cum
3461 1502 3556 1544 ca-

1981 1575 2089 1631 lida
2130 1584 2186 1631 et
2226 1578 2371 1632 sicca
2415 1577 2703 1645 habeatur,
2737 1577 2879 1649 igni;
2921 1588 3043 1636 atra
3067 1594 3219 1647 vero,
3250 1581 3320 1637 ob
3349 1578 3556 1653 frigidi-

1981 1678 2145 1725 tatem
2200 1668 2649 1739 siccitatemque,
2699 1676 2857 1724 terrae
2895 1670 3365 1741 proportiouatur.
3415 1671 3583 1727 Sunt.

306 1760 402 1814 καὶ
433 1759 593 1830 ξηρά.
628 1758 782 1831 Elei»
809 1754 907 1812 οὖν
929 1758 988 1810 ὲν
1008 1758 1137 1828 ἡμῖν
1170 1757 1240 1811 τά
1292 1761 1530 1828 στοιχεῖα
1567 1758 1761 1826 ταῦτα,
1790 1760 1881 1814 καὶ

1985 1760 2146 1815 etiam
2176 1768 2233 1814 et
2264 1774 2386 1829 qua:
2417 1774 2448 1814 a
2480 1758 2707 1815 musicis
2741 1760 3032 1815 traduntur
3079 1760 3344 1816 elementa
3369 1798 3384 1825 ,
3430 1776 3554 1828 quae

304 1850 448 1904 κατὰ
474 1850 772 1920 μουσικοὺς
801 1848 995 1916 λόγους
1022 1847 1415 1914 διπλασίους,
1441 1851 1754 1917 ἡμιολίους
1784 1850 1878 1905 καὶ

303 1941 676 2011 ἐπιτρίτουςο
735 1941 866 2012 περὶ
916 1932 992 1994 ὧν
1038 1938 1336 2004 τυποειδῶς
1384 1939 1628 2005 λεκτέον,
1681 1942 1757 2005 ὼς
1811 1943 1879 1996 ἂν

303 2030 505 2100 ἐφικτά
536 2031 751 2099 γένοιτο
777 2032 890 2094 τοῖς
930 2029 1218 2098 ἀγνοοῦσιν
1252 2030 1410 2084 αὐτὰ.
1448 2030 1738 2094 Διπλάσιος
1774 2032 1878 2102 μὲν

302 2122 400 2176 οὖν
436 2123 589 2176 ἐστιν
622 2121 879 2192 ἀριθμὸς,
920 2123 948 2174 ὁ
975 2120 1113 2190 ἔχων
1144 2122 1202 2173 ὲν
1240 2121 1418 2192 ἑαυτῷ
1458 2123 1881 2193 συγκρινόμενον

301 2212 565 2284 ἀριθμὸν,
591 2213 902 2278 πλεονάκις,
939 2213 974 2284 ἢ
1007 2211 1189 2279 ἅπαξ·
1224 2213 1300 2276 ὡς
1329 2214 1357 2266 ὁ
1400 2212 1545 2267 ὀκτὼ
1597 2214 1737 2285 πρὸς
1786 2214 1880 2269 τὸν

303 2303 552 2372 τέσσαρα
576 2319 592 2335 ’
625 2303 708 2366 δὶς
739 2304 849 2373 γὰρ
870 2304 929 2355 ὲν
960 2302 1111 2372 αὐτῷ
1156 2303 1248 2356 τὸν
1299 2303 1545 2374 τέσσαρα
1589 2305 1877 2375 κέκτηται.

316 2394 597 2464 Ἦμιόλιος
623 2393 682 2448 δέ
718 2395 866 2447 ἐστιν
899 2393 1157 2465 ἀριθμὸς,
1191 2392 1221 2446 ὃ
1248 2393 1387 2463 ἔχων
1420 2393 1541 2448 ὂλον
1588 2397 1647 2449 ὲν
1701 2396 1880 2467 ἐαυτῷ

305 2486 401 2538 τὸν
440 2484 870 2556 συγκρινόμενον
903 2483 1140 2554 ἀριθμὸν
1175 2484 1271 2537 καὶ
1295 2484 1358 2538 τὸ
1406 2485 1500 2538 ἐπὶ
1546 2485 1740 2539 τούτου
1761 2500 1777 2517 ο
1805 2488 1880 2550 ὡς

306 2577 337 2628 ὁ
368 2575 428 2639 ἒξ
457 2575 589 2644 πρὸς
616 2575 710 2629 τὸν
743 2575 1017 2645 τέσσαραο
1060 2574 1173 2645 ἔχει
1200 2575 1309 2645 γὰρ
1335 2576 1392 2629 ὲν
1424 2575 1602 2647 ἑαυτῷ
1637 2576 1759 2631 ὅλον
1789 2577 1882 2631 τὸν

306 2665 569 2733 τέσσαρα,
606 2663 790 2717 καὶτὸ
826 2664 1000 2734 ἡμισυ
1029 2664 1245 2718 τούτου.
1291 2664 1601 2736 Ἐπίτριτος
1643 2666 1702 2720 δέ
1733 2669 1884 2724 ἐστιν

305 2754 590 2825 ἀριθμδςό
625 2754 765 2825 ἔχων
799 2755 858 2808 ὲν
904 2754 1087 2826 ἑαυτῷ
1144 2755 1237 2810 τὸν
1279 2756 1710 2827 συγκρινόμενον
1754 2758 1880 2826 ἀρι-

306 2845 445 2915 θμὸν
474 2846 568 2898 καὶ
600 2845 659 2897 τὸ
697 2845 875 2914 τρίτον
900 2845 1101 2899 τούτου
1134 2847 1196 2899 τὸ
1244 2846 1325 2901 ἓν.
1376 2847 1449 2899 Τὸ
1486 2848 1583 2917 μὲν
1610 2843 1705 2901 οὖν
1740 2842 1884 2917 αἷμα

307 2934 486 3003 φίλιον
515 2934 575 2987 ὃν
611 2935 704 2988 καὶ
757 2934 1058 3002 ζωογόνον,
1115 2937 1211 2988 καὶ
1245 2937 1445 2989 οἰκεῖον
1501 2940 1569 3006 τῇ
1618 2937 1778 3006 φύσει
1810 2938 1880 3009 τῇ

304 3025 556 3096 ἡμετέρᾳ
582 3025 861 3080 διπλάσιον
890 3026 1048 3093 λόγον
1076 3024 1190 3096 ἔχει
1223 3025 1346 3081 καθ’
1368 3027 1628 3080 ὑπόθεσιν
1652 3026 1789 3098 πρὸς
1813 3026 1884 3081 τά

1980 1852 2057 1908 ita
2083 1860 2470 1922 nuncupantur
2491 1875 2503 1909 ;
2521 1851 2821 1915 διπλάσιος,
2841 1851 3105 1921 ἡμιόλιος,
3128 1850 3226 1905 καὶ
3252 1851 3548 1923 ὲποτρίτος,

1980 1941 2088 1997 hoc
2111 1951 2215 2003 est,
2243 1941 2430 2011 dupla,
2455 1940 2835 2010 sexquialtera,
2863 1949 2920 1995 et
2943 1940 3312 2009 mquitertia,
3336 1941 3404 1997 de
3426 1942 3554 2011 qui-

1980 2032 2085 2087 bus
2118 2032 2222 2087 sub
2253 2030 2492 2085 furmula
2515 2030 2753 2100 quadam
2776 2029 3161 2100 explicandum
3194 2037 3280 2086 est
3302 2031 3437 2097 ,-uti
3483 2030 3555 2086 ab

1980 2135 2172 2176 eorum
2198 2120 2408 2191 ignaris
2433 2119 2764 2189 deprehendi
2805 2118 2968 2175 facile
3003 2114 3226 2190 queant.
3278 2117 3554 2190 Diplasius

1979 2210 2165 2280 itaque
2195 2225 2459 2265 numerus
2482 2210 2537 2266 is
2559 2210 2772 2280 est,qui
2805 2217 3182 2280 comparatum
3212 2208 3269 2263 in
3289 2223 3349 2264 se
3380 2209 3557 2279 pluri-

1980 2299 2175 2355 fariam
2225 2302 2312 2357 vel
2365 2300 2535 2358 semel
2575 2314 2865 2369 numerum
2913 2299 3182 2362 continet,
3211 2286 3273 2354 ut
3322 2308 3446 2355 octo
3485 2301 3553 2355 ad

1982 2402 2242 2462 quatuor,
2274 2408 2398 2447 nam
2421 2408 2487 2448 ex
2505 2392 2590 2447 bis
2605 2400 2842 2461 quatuor
2864 2400 2992 2445 octo
3016 2390 3303 2445 resultant.
3333 2388 3555 2446 ﬂemin-

1981 2484 2090 2541 lins
2110 2499 2239 2539 vero
2269 2494 2374 2550 εει,
2413 2484 2507 2554 qui
2542 2485 2812 2554 integrum
2849 2483 2905 2537 in
2949 2496 3008 2537 se
3036 2490 3410 2552 comparatum
3446 2499 3554 2537 tnt-

1982 2590 2194 2630 merum
2254 2592 2380 2631 cum
2432 2575 2659 2631 dimidio
2702 2567 2900 2640 habet,
2938 2581 2999 2629 ut
3035 2587 3131 2629 sex
3169 2572 3241 2629 ad
3295 2582 3553 2644 quatuor,

1984 2679 2111 2719 nam
2148 2663 2388 2733 perfecte
2414 2664 2470 2719 in
2507 2665 2626 2735 ipso
2653 2669 2891 2734 quatuor
2922 2677 3224 2734 eorumque
3268 2663 3556 2721 dimidium

1981 2753 2254 2810 visuntur.
2290 2752 2558 2824 Epitritus
2592 2763 2771 2809 autem
2802 2763 2916 2819 est,
2964 2755 3057 2825 qui
3096 2769 3222 2810 cum
3266 2769 3554 2825 compara—

1983 2853 2097 2897 tum
2129 2843 2181 2897 in
2209 2859 2269 2899 se
2302 2860 2589 2900 numerum
2616 2844 2855 2900 obtineat
2880 2870 2909 2911 ,-
2928 2844 3157 2915 ejusque
3187 2845 3401 2899 tertiam
3427 2860 3554 2915 por-

1984 2934 2187 2988 tionem
2218 2934 2403 3000 habet,
2443 2942 2503 2990 ut
2530 2946 2768 3005 quatuor
2800 2935 2867 2990 ad
2904 2935 3045 3000 tria;
3078 2949 3205 2988 nam
3236 2948 3360 2989 cum
3413 2934 3555 2989 inte-

1985 3039 2144 3094 grum
2197 3025 2488 3079 ternarium
2537 3024 2852 3095 possideat,
2891 3034 2946 3080 et
2985 3024 3109 3094 ejus
3143 3023 3298 3078 tertia
3332 3038 3460 3095 pars
3499 3026 3555 3079 in

305 3114 491 3191 λοιπά.
520 3115 594 3167 Τὸ
610 3114 667 3168 δὲ
696 3115 915 3184 φλέγμα
937 3117 1186 3187 ἡμιόλιον
1208 3135 1219 3147 ’
1254 3120 1288 3188 ἡ
1310 3118 1368 3171 δὲ
1391 3117 1560 3190 ξανθὴ
1589 3117 1722 3189 χολὴ
1756 3117 1880 3172 ἐπί-

1985 3130 2049 3170 εο
2080 3132 2201 3186 qna:
2233 3116 2414 3172 unitas
2441 3123 2525 3172 est
2565 3115 2891 3172 ostenditur.
2932 3114 3070 3170 Cum
3124 3114 3289 3183 igitur
3334 3115 3557 3186 sanguis

305 3221 513 3275 τριτον.
574 3204 641 3258 Ἦ
683 3205 741 3259 δὲ
792 3207 1020 3276 μέλαινα
1064 3207 1219 3279 χολὴ,
1280 3208 1537 3280 ἐλαχίστη
1599 3208 1879 3271 παντελῶς

309 3298 480 3351 ἐστιν.
537 3296 739 3366 Ἐχρῆν
788 3297 898 3367 γὰρ
930 3297 1126 3360 οὕτως.
1164 3297 1443 3369 Φθαρτικὴ
1485 3300 1596 3368 γάρ
1646 3297 1880 3353 ὲστιτοῦ

309 3385 456 3452 ζώου
487 3387 581 3441 καὶ
611 3387 679 3440 τά
734 3388 985 3457 χείριστα
1018 3389 1127 3441 τῶν
1171 3393 1498 3459 νοσημάτων
1558 3393 1624 3443 ὲκ
1676 3389 1880 3460 ταύτης

309 3476 529 3546 φύεται.
561 3478 1015 3549 Πλημμυρούσης
1053 3479 1164 3550 γὰρ
1198 3483 1256 3533 ὲν
1283 3481 1360 3551 τῷ
1413 3480 1627 3552 σώματι
1649 3480 1727 3552 τῷ
1744 3483 1882 3553 ἡμε-

308 3568 456 3640 τέρῳ
504 3568 917 3639 ὲλεφαντιάσεις
962 3570 1057 3624 καὶ
1104 3569 1327 3642 λέπραι,
1393 3572 1487 3625 καὶ
1525 3570 1728 3643 ψῶραι,
1787 3571 1883 3624 καὶ

306 3659 492 3727 ἀλφοὶ,
528 3661 623 3714 καὶ
653 3661 888 3732 σκίῤῥοι,
932 3661 1028 3714 καὶ
1060 3664 1311 3732 καρκῖνοι
1341 3665 1436 3717 καὶ
1487 3662 1642 3730 ὄγκοι
1686 3677 1883 3731 καρκι-

305 3750 498 3813 νώδεις
531 3751 791 3819 γίνονται.

1984 3208 2270 3264 amicahile
2303 3209 2617 3279 quoddam,
2660 3216 2716 3262 et
2751 3208 2898 3277 quod
2944 3206 3122 3277 ipsum
3177 3204 3379 3260 animal
3425 3221 3557 3275 pro-

1984 3309 2155 3363 creat,
2182 3300 2541 3369 quaedamque
2586 3298 2881 3369 peculiaris
2912 3306 3121 3353 natura:
3152 3304 3351 3350 nostrae
3380 3296 3559 3366 portio

1984 3392 2096 3454 sit,
2146 3390 2382 3461 diplasio
2437 3405 2668 3445 numero
2702 3389 2768 3445 ad
2814 3389 3058 3460 reliqua,
3086 3402 3210 3457 qua:
3249 3390 3301 3442 in
3329 3401 3560 3457 corpore

1984 3491 2175 3537 nostro
2218 3490 2369 3546 sunt,
2405 3480 2810 3549 quodammodo
2846 3481 3154 3550 respondet.
3200 3478 3400 3535 Pituita
3430 3491 3561 3533 vero

1991 3570 2247 3628 Hemiolii
2282 3590 2296 3626 :
2332 3571 2470 3627 ﬂava
2495 3582 2676 3627 autem
2715 3573 2859 3637 bilis,
2894 3572 3111 3642 Epitriti
3140 3571 3405 3626 rationem
3427 3582 3561 3625 con-

1993 3663 2146 3717 tinet.
2177 3663 2308 3717 Atra
2340 3661 2559 3732 quidem
2590 3662 2717 3718 bilis
2769 3663 2995 3717 omnino
3035 3661 3261 3717 inferior
3300 3661 3556 3716 habetur.

1992 3752 2137 3815 Sive.
2173 3761 2234 3808 ut
2265 3753 2340 3807 ita
2364 3750 2618 3819 dixerim,
2644 3752 2760 3822 ipsa
2790 3753 2934 3807 enim
2960 3762 3065 3817 εει,
3092 3767 3213 3823 quae
3237 3766 3361 3807 cum
3383 3750 3558 3805 malos

307 3840 536 3901 'morbos
569 3842 814 3909 inducat,
841 3858 1041 3915 corpus
1077 3854 1325 3900 nostrum
1356 3845 1411 3899 in
1463 3844 1760 3916 perniciem
1817 3852 2029 3900 vertere
2059 3845 2220 3901 solet.
2256 3842 2391 3925 Nam
2419 3882 2435 3909 ,
2472 3845 2543 3900 ob
2598 3844 2719 3914 ejus
2782 3847 2838 3899 in
2877 3859 3109 3916 corpore
3142 3856 3331 3900 nostro
3355 3845 3560 3901 exubeo

306 3936 572 4002 rantiam,
610 3936 881 3999 homines,
952 3935 1298 4005 elephantiae,
1351 3936 1543 4005 leprze,
1604 3932 1835 3998 scabiei,
1880 3932 2229 4005 impetigini,
2274 3934 2538 3990 callorum
2606 3928 3012 4001 asperitatibus,
3057 3935 3559 4007 cancris,pcarbuna

303 4030 469 4095 culis,
509 4027 738 4097 aliisque
762 4026 1067 4081 tumoribus
1095 4026 1317 4082 obnoxii
1346 4026 1668 4082 redduntur.

379 4120 565 4182 υῦτως
592 4114 684 4172 οὖν
716 4117 937 4188 νοητέον
976 4116 1071 4172 καὶ
1097 4118 1190 4171 ἐπὶ
1219 4118 1330 4171 τῶν
1365 4118 1460 4171 τοῦ
1499 4119 1710 4189 κόσμου
1737 4134 1882 4172 στοι-

304 4210 492 4282 χείων.
536 4210 596 4262 Ὀ
626 4208 736 4278 γὰρ
765 4207 896 4278 ἀὴρ,
927 4207 1003 4270 ὡς
1025 4207 1264 4278 εἴρηται,
1296 4206 1553 4277 ἀναλογεῖ
1573 4207 1654 4279 τῷ
1687 4209 1880 4279 αἵματι

2061 4112 2261 4169 Eadem
2308 4112 2473 4183 igitur
2492 4112 2632 4168 ratio
2654 4121 2709 4167 et
2733 4113 2799 4168 de
2821 4109 2971 4166 orbis
2999 4104 3281 4167 elementis
3307 4110 3556 4172 habenda

1986 4215 2090 4262 est.
2126 4204 2261 4260 Nam
2293 4221 2406 4268 aer,
2438 4212 2493 4258 ut
2527 4205 2680 4274 prius
2728 4202 3086 4269 asseruimus,
3130 4217 3257 4258 cum
3300 4206 3555 4274 sanguini

301 4300 512 4356 πλειὼν
539 4300 658 4372 (sic)
678 4300 788 4354 τῶν
811 4298 988 4353 ἀλλων
1023 4300 1118 4353 καὶ
1148 4299 1432 4354 διπλάσιον
1453 4299 1612 4368 λόγον
1623 4299 1736 4370 ἔχει
1757 4299 1879 4353 καθ’

1986 4296 2339 4367 proportione
2383 4288 2543 4367 1M
2572 4294 2915 4364 respondeat,
2938 4292 3083 4362 quod
3110 4294 3353 4347 omnium
3380 4294 3556 4364 major

301 4395 565 4452 ὑπόθεσιν
599 4393 735 4464 πρὸς
768 4393 836 4447 τὰ
864 4392 1028 4448 λοιπά
1048 4410 1061 4424 ·
1103 4395 1160 4446 ὲν
1197 4390 1372 4463 τούτῳ
1400 4391 1508 4462 γὰρ
1536 4393 1684 4445 πᾶσα
1714 4390 1876 4444 δύνα-

301 4507 402 4561 μις
430 4487 638 4558 ψυχικὴ
668 4485 764 4540 καὶ
790 4485 1017 4557 ζωτικὴ,
1052 4485 1127 4548 ὥς
1158 4500 1324 4554 φησιν
1382 4483 1780 4554 Ἀριστοτέλης.
1808 4480 1882 4536 Τὸ

297 4581 359 4634 δὲ
381 4578 527 4646 ὕδωρ
562 4576 862 4645 ἀναλογοῦν
884 4575 956 4644 τῷ
980 4575 1255 4645 φλέγματι
1278 4575 1526 4645 ἡμιόλιον
1571 4575 1729 4643 λόγον
1770 4575 1883 4644 ἔχει

300 4668 446 4740 πρὸς
466 4668 538 4721 τά
566 4667 731 4721 λοιπά
747 4684 762 4699 ο
790 4666 1059 4733 ζωογόνον
1074 4668 1184 4735 γάρ
1212 4667 1331 4719 ὲστί
1353 4665 1621 4719 πλείστων
1638 4664 1883 4733 ἐνύγρων

301 4762 485 4826 ζώων.
533 4759 609 4812 Τὸ
637 4759 694 4813 δὲ
722 4758 834 4829 πῦρ
861 4758 981 4811 οὐδὲ
1022 4758 1150 4825 μίαν
1193 4757 1356 4827 ἕδραν
1388 4755 1522 4826 ἔχει,
1553 4754 1629 4817 ὥς
1666 4772 1829 4824 φησιν
1855 4756 1883 4809 ὁ

300 4850 691 4921 Σταγειρίτης,
722 4850 859 4904 ἀλλά
905 4849 1186 4919 πανταχοῦ
1235 4849 1524 4918 πάρεστιν,
1573 4847 1648 4912 ὡς
1707 4850 1736 4899 ό
1777 4849 1882 4916 Δη-

303 4943 592 5014 μιουργός.
632 4942 725 4996 Ἐν
758 4943 894 4995 πᾶσι
934 4940 1045 5011 γὰρ
1078 4939 1113 5010 ἢ
1139 4939 1398 5009 πλείωνῆ
1436 4938 1683 4992 ἐλάσσων
1715 4940 1880 5008 μοῖρα

301 5033 401 5088 τοῦ
431 5033 605 5104 πυρὸς
637 5032 1103 5102 ὲγκατέσπαρται.
1157 5030 1221 5084 'H
1247 5030 1305 5084 δὲ
1336 5032 1407 5101 γῆ
1454 5029 1713 5101 ἐλαχίστη
1745 5026 1880 5083 οὖσα

302 5125 532 5193 κέντρον
560 5122 771 5191 πέφυκε
799 5121 893 5175 τοῦ
925 5122 1147 5185 παντός.
1193 5119 1354 5174 Ἀλλά
1373 5119 1431 5173 δὲ
1463 5121 1519 5173 αἱ
1542 5121 1650 5173 τῶν
1673 5119 1881 5190 ἀνθρώ-

300 5232 424 5268 πων
457 5214 666 5285 ἡλικίαι
722 5215 1004 5282 ἀναλόγως
1043 5214 1227 5284 ἔχουσι
1270 5214 1382 5276 τοῖς
1422 5229 1484 5265 τε
1528 5212 1623 5266 τοῦ
1669 5212 1878 5280 κόσμου

303 5306 593 5376 στοιχείοις
645 5307 740 5360 καὶ
793 5309 907 5369 τοῖς
951 5305 1244 5375 προσεχέσι
1284 5305 1394 5356 τῶν
1432 5302 1585 5367 ζώων
1634 5304 1728 5355 καὶ
1772 5303 1881 5355 τῶν

301 5398 590 5468 ἡμετέρων
622 5397 911 5466 σωμάτων.
956 5396 1019 5448 Ἦ
1053 5397 1150 5464 μὲν
1177 5395 1286 5465 γὰρ
1310 5394 1416 5446 τῶν
1451 5394 1658 5447 παίδων
1693 5393 1881 5462 ἡλικία

304 5484 487 5555 θερμὴ
521 5480 655 5538 οὖσα
684 5486 779 5538 καὶ
806 5483 949 5555 ὑγρά
992 5483 1246 5550 ἀναλογεῖ
1281 5484 1476 5553 αἵματὶ
1521 5500 1581 5534 τε
1611 5482 1702 5534 καὶ
1735 5483 1878 5551 ἀέρι.

320 5577 385 5628 Ἱι
407 5574 464 5628 δέ
490 5592 551 5628 τε
566 5575 676 5627 τῶν
705 5573 1065 5643 ἀκμαζόντων
1094 5571 1273 5642 θερμὴ
1292 5567 1428 5624 οὖσα
1459 5572 1552 5625 καὶ
1574 5570 1714 5640 ξηρά
1747 5572 1879 5625 ἀνα-

301 5666 455 5735 λογεῖ
471 5668 536 5737 τῇ
562 5664 728 5734 ξανθῇ
741 5664 870 5734 χολῇ
889 5661 1069 5732 καὶτῷ
1086 5662 1238 5730 πυρί.
1294 5662 1427 5715 Ἡδὲ
1445 5661 1879 5732 παρακμαστικὴ

602 5759 876 5817 PATROL.
919 5757 1034 5815 Gn.
1076 5756 1275 5816 LXIV.

1985 4397 2079 4462 sit,
2106 4397 2322 4467 diplasii
2355 4397 2423 4452 ad
2451 4397 2682 4466 reliqua,
2714 4402 2776 4450 ut
2803 4394 2877 4450 ita
2905 4391 3159 4460 dixerim,
3184 4392 3394 4448 ratione
3427 4386 3554 4448 fun-

1983 4488 2170 4558 gitur;
2206 4490 2258 4543 in
2289 4488 2393 4543 hoc
2418 4487 2587 4554 enim,
2618 4495 2681 4541 ut
2723 4485 3045 4540 Aristoteles
3072 4484 3267 4554 inquit,
3297 4484 3551 4540 animalis

1983 4578 2270 4648 vitalisque
2308 4577 2540 4634 facultas
2569 4585 2680 4632 tota
2709 4575 2982 4633 consistit.
3008 4573 3164 4642 Aqua
3195 4582 3397 4637 autem,
3426 4588 3552 4627 cum

1982 4669 2193 4738 pituita:
2223 4670 2690 4740 proportionetur,
2725 4666 2979 4723 Hemiolii
3008 4664 3220 4720 ratione
3245 4665 3310 4719 ad
3344 4663 3550 4735 reliqua

1982 4760 2314 4829 respondere
2352 4761 2628 4826 creditur;
2683 4760 2738 4814 in
2793 4760 2911 4830 ipsa
2958 4756 3140 4821 enim,
3192 4755 3550 4826 plurimorum

1984 4865 2107 4919 qua:
2130 4849 2352 4904 humida
2384 4858 2510 4905 sunt
2533 4849 2850 4904 animalium
2892 4847 3296 4918 generationem
3322 4845 3435 4900 fieri
3467 4846 3552 4899 in-

1984 4941 2264 5011 spicimus.
2314 4940 2548 5006 Verum,
2585 4940 2733 5011 igni,
2779 4939 3239 5010 quemadmodum
3281 4935 3552 5007 Stagiritze

1985 5032 2182 5101 placet,
2221 5032 2369 5087 nulla
2401 5040 2550 5087 certa
2591 5031 2748 5088 sedes
2776 5027 3166 5100 praescribitur,
3197 5028 3313 5092 sed,
3354 5035 3415 5080 ut
3459 5041 3550 5080 re-

1985 5136 2107 5175 rum
2138 5121 2316 5191 Opifex
2350 5122 2551 5192 ubique
2598 5129 2653 5176 et
2686 5122 2738 5174 in
2786 5118 3041 5173 omnibus
3061 5126 3165 5174 est.
3191 5116 3247 5171 In
3278 5115 3550 5172 universis

1983 5212 2128 5264 cnim
2171 5211 2334 5265 rebus
2356 5250 2370 5275 ,
2407 5210 2550 5280 ignis
2583 5209 2828 5271 semina,
2862 5216 2958 5261 aut
2989 5222 3218 5276 magna,
3252 5214 3346 5259 aut
3384 5218 3551 5274 parva

1983 5302 2334 5369 proportione
2356 5300 2709 5355 disseminata
2727 5308 2872 5353 sunt.
2888 5295 3054 5352 Terra
3078 5307 3280 5360 autem,
3303 5294 3549 5348 omnium

1983 5391 2249 5456 minima,
2295 5407 2418 5444 cum
2457 5391 2643 5460 puncti
2710 5388 3062 5458 praportione
3112 5386 3176 5440 ad
3233 5385 3549 5440 universum

1982 5481 2261 5552 fungatur,
2281 5481 2494 5551 Epitriti
2514 5480 2776 5535 rationem
2807 5480 2987 5533 habet.
3040 5475 3546 5537 Vc-rumenimvero,

1978 5582 2037 5630 et
2066 5574 2347 5628 hominum
2373 5581 2581 5639 aetates,
2606 5572 2957 5642 proportione
2994 5568 3229 5639 quadam
3257 5607 3271 5631 ,
3315 5576 3429 5619 tum
3480 5566 3549 5620 ad

1987 5665 2137 5721 orbis
2169 5664 2456 5731 elementa,
2499 5674 2612 5720 tum
2643 5664 2710 5719 ad
2738 5679 2800 5720 ea
2831 5678 2950 5734 quae
2985 5660 3301 5716 animalium
3332 5666 3548 5715 nostro-

3037 5754 3111 5814 ιι3
