3912 6146
512 215 649 276 1287
1823 215 2056 270 MELET

2176 213 2451 271 IONACR'I
3584 229 3682 285 1288

514 349 750 404 rumque
773 345 1065 402 corporum
1103 341 1334 400 c0gnata
1383 329 1654 384 habentur
1677 370 1692 394 ,
1737 332 2062 402 respondent

2197 332 2385 402 ἡλικία
2408 330 2552 402 ξηρά
2582 326 2718 386 οὖσα
2743 332 2838 386 καὶ
2854 333 3040 406 ψυχρά
3067 336 3321 406 ἀναλογεῖ
3349 341 3411 408 τῇ
3437 356 3491 391 τε
3511 340 3687 412 μελαίνῃ

516 425 752 482 Pucrilis
783 423 925 478 enim
950 433 1101 486 aetas,
1133 436 1260 475 cum
1291 421 1465 474 calida
1502 421 1835 490 humidaque
1871 423 1979 486 sit,
2027 438 2062 473 at

2197 423 2327 492 χολῇ
2350 423 2446 476 καὶ
2472 425 2539 492 τῇ
2570 425 2660 493 γῇ.
2711 424 2784 477 Τὸ
2817 425 2874 478 δὲ
2901 426 3081 497 γῆρας
3113 427 3279 498 ὑγρὸν
3322 429 3376 481 ὃν
3408 430 3490 482 καὶ
3531 431 3688 500 ψυχρὸν

514 517 837 587 sanguinem
892 521 946 568 et
996 528 1176 566 aerem
1227 513 1637 582 proportionem
1693 513 1877 567 habet.
1937 511 2062 566 Eta

2196 515 2455 583 ἀναλογεῖ
2511 516 2792 586 φλέγματι
2845 535 2904 570 τε
2959 519 3057 572 καὶ
3117 519 3292 576 ὕδατι.
3350 521 3497 574 Ἀλλά
3538 523 3614 576 καὶ
3647 524 3689 576 αἱ

511 623 642 662 vero
676 622 796 675 qua:
831 603 1034 673 vigoris
1067 611 1171 666 est,
1203 619 1326 672 quae
1363 603 1537 657 calida
1568 613 1622 658 et
1662 604 1805 658 sicca
1839 603 2062 656 habetur

2193 606 2466 677 τέσσαρες
2485 601 2626 678 ὧραι
2643 608 2737 661 τοῦ
2769 610 3022 664 ἐνιαυτοῦ
3065 613 3342 682 ἀναλόγως
3366 615 3550 677 τούτοις
3579 617 3692 686 ἑκου-

513 706 643 752 atraa
677 697 804 750 bilis
829 706 881 749 et
915 695 1058 764 ignis
1089 693 1500 763 proportionem
1525 694 1754 748 obtinet.
1778 696 1846 749 At
1870 712 1994 764 quae
2015 697 2062 749 vi

2196 711 2314 748 σινο
2352 696 2480 764 ἔαρ,
2509 697 2700 764 θέρος,
2739 703 3111 770 μετόπωρον,
3148 704 3242 756 καὶ
3274 705 3494 773 χειμών.
3530 706 3589 760 Τδ
3621 707 3692 774 μὲν

511 803 696 858 gorem
730 786 990 848 excessit,
1022 800 1147 840 cum
1184 785 1330 838 sicca
1361 799 1424 838 ac
1454 783 1649 854 frigida
1680 785 1964 850 habeatur,
1991 786 2062 841 sui

2193 786 2302 857 γάρ
2333 788 2434 856 ἔαρ
2461 788 2665 859 θερμὸν
2698 789 2757 841 ὃν
2791 797 2885 844 και
2917 793 3084 862 ὑγρὸν
3118 795 3372 863 ἀναλογεῖ
3391 799 3448 865 τῇ
3480 796 3571 848 τῶν
3600 796 3693 848 παί-

510 889 642 934 atraa
670 879 794 932 bilis
828 893 892 931 ac
949 887 1105 931 terra:
1149 877 1558 946 proportionem
1611 877 1777 932 cadit.
1825 876 2057 932 Senectu

2190 875 2296 929 δων
2318 877 2527 946 ἡλικίᾳ,
2561 880 2754 949 αἵματί
2774 897 2830 932 τε
2858 882 2950 941 καὶ
2971 883 3113 951 ἀέρι.
3161 884 3235 937 Τὸ
3279 885 3337 938 δὲ
3368 885 3510 955 Θέρος
3543 886 3694 956 Οερμὸν

509 979 714 1029 autem,
747 982 874 1020 cum
903 967 1127 1020 humida
1166 981 1231 1020 ac
1264 965 1458 1035 frigida
1489 966 1738 1031 exsistat,
1767 981 1886 1020 eam
1917 968 1985 1021 ad
2010 967 2062 1036 pi

2191 965 2251 1019 ὂν
2282 969 2377 1020 καὶ
2408 968 2572 1040 ξηρὸν
2599 970 2855 1039 ἀναλογεῖ
2878 976 2944 1043 τῇ
2977 976 3294 1046 ἁκμαστικῇ
3346 977 3529 1046 ἡλικίᾳ,
3564 980 3616 1046 τῇ
3651 993 3694 1028 τε

509 1060 699 1113 tuitam
740 1066 792 1112 et
840 1073 1042 1127 aquam
1094 1066 1241 1111 recte
1281 1056 1620 1111 referendam
1650 1072 1962 1113 censemus.
1991 1057 2062 1111 At

2192 1055 2360 1127 ξανθῇ
2385 1058 2517 1130 χολῇ
2555 1063 2648 1113 καὶ
2675 1061 2752 1130 τῷ
2796 1064 2950 1133 πυρί.
2981 1064 3053 1116 Τὸ
3079 1065 3136 1116 δὲ
3189 1068 3495 1136 μετόπωρον
3534 1067 3696 1136 ψυχρὸν

504 1151 620 1219 qui,
649 1157 702 1203 et
741 1149 869 1201 anni
909 1157 1152 1216 tempora
1188 1157 1425 1216 quatuor
1455 1165 1467 1200 :
1500 1164 1621 1212 ver,
1651 1159 1831 1212 wstas,
1869 1157 2056 1200 autum

2187 1146 2248 1199 ὃν
2279 1150 2371 1200 καὶ
2398 1149 2562 1219 ξηρὸν
2591 1151 2846 1220 ἀναλογεῖ
2875 1157 2940 1223 τῇ
2971 1161 3401 1229 παρακμαστιχῇ
3433 1158 3603 1228 ἡλικίᾳ,
3625 1159 3694 1210 καὶ

505 1257 626 1303 nus,
667 1248 721 1292 et
755 1239 917 1290 hiems
983 1237 1269 1290 hominum
1310 1237 1562 1292 aetatibus
1602 1239 1954 1307 proportione
1985 1253 2056 1292 re

2187 1241 2252 1308 τῇ
2289 1239 2518 1310 μελαίνῃ
2543 1243 2672 1312 χολῇ
2709 1245 2802 1295 καὶ
2831 1248 2896 1314 τῇ
2931 1248 3022 1315 γῇ.
3080 1247 3137 1298 Ὀ
3167 1247 3222 1300 δὲ
3263 1249 3461 1318 χειμὼν
3489 1250 3622 1319 ὑγρὸς
3639 1249 3694 1300 ὢν

503 1330 791 1398 spondent.
820 1325 956 1380 Nam
987 1341 1102 1390 ver,
1128 1325 1364 1380 calidum
1394 1336 1449 1380 et
1480 1328 1763 1380 humidum
1791 1328 2062 1382 exsistens

2188 1333 2281 1383 xui.
2303 1332 2512 1402 ψυχρὸς
2550 1335 2807 1404 ἀναλογεῖ
2829 1340 2894 1407 τῇ
2933 1338 3041 1390 τῶν
3069 1341 3344 1409 γερόντων
3380 1342 3544 1411 ἡλικίᾳ
3569 1343 3694 1408 φλέγ-

505 1421 574 1476 ad
609 1419 876 1490 puerilem
907 1428 1142 1480 a:tatcm,
1176 1426 1230 1471 et
1262 1433 1440 1472 aerem
1473 1433 1539 1472 ac
1564 1418 1888 1488 sanguinem
1918 1419 2059 1472 refer

2190 1421 2324 1488 ματι
2349 1438 2409 1474 τε
2443 1423 2539 1476 καὶ
2568 1423 2744 1478 ὕδατι.
2785 1429 2948 1480 Ἀλλά
2978 1432 3080 1482 κάν
3111 1433 3225 1494 τοῖς
3264 1434 3545 1502 νοσήμασιν
3576 1434 3695 1502 εὑρε-

503 1521 614 1566 tur.
676 1509 882 1572 jEslas,
925 1508 1098 1561 calida
1121 1515 1174 1560 et
1207 1507 1372 1571 sicca,
1403 1507 1470 1560 ad
1499 1506 1946 1574 adolescentiam,
1984 1510 2062 1561 flat

2187 1511 2417 1580 θήσεται
2449 1533 2535 1578 τις
2557 1517 2818 1586 ἀναλογία
2851 1518 3177 1582 ὲξισάζουσά
3205 1540 3324 1586 πως
3349 1528 3453 1586 τοῖς
3494 1538 3696 1592 προειρη-

501 1616 625 1656 vam
698 1601 861 1652 bilem
920 1613 986 1650 ac
1039 1599 1218 1667 ignem
1265 1598 1675 1666 proportionem
1722 1597 1906 1652 habet.
1971 1597 2062 1650 Aut

2188 1602 2396 1670 μένοις.
2437 1604 2716 1675 Τέσσαρες
2756 1608 2856 1676 μὲν
2905 1605 3000 1660 οὖν
3049 1611 3189 1662 εἰσιν
3238 1612 3289 1662 οἱ
3340 1611 3523 1680 χυμοίο
3572 1604 3693 1678 αἷμα,

501 1701 752 1758 tumnus,
788 1705 912 1744 cum
947 1689 1178 1759 frigidus
1210 1696 1264 1742 et
1301 1688 1483 1742 siccus
1516 1689 1616 1755 sit,
1649 1689 1790 1742 virili
1839 1689 1984 1743 aetati
2021 1702 2062 1742 el

2185 1695 2430 1767 φλέγμα,
2456 1698 2588 1768 χολὴ
2618 1698 2810 1769 ξανθὴ,
2849 1703 2942 1754 καὶ
2967 1701 3096 1772 χολὴ
3126 1703 3357 1773 μέλαινα
3377 1720 3391 1735 ο
3429 1704 3524 1756 εἰσὶ
3547 1706 3594 1757 δὲ
3628 1703 3696 1756 καὶ

502 1795 633 1838 atrae
673 1781 790 1844 bili,
838 1796 902 1834 ac
943 1792 1102 1834 terra:
1133 1779 1430 1833 similatur.
1461 1778 1650 1834 Hiems
1673 1794 1824 1843 vero,
1861 1779 2062 1833 humid:

2179 1789 2421 1860 τέσσαρα
2438 1794 2724 1861 νοσήματα
2745 1792 2813 1844 τὰ
2837 1794 2903 1845 ἐκ
2920 1794 3128 1848 τούτων
3157 1797 3417 1866 γινόμενα
3432 1839 3446 1864 ,
3479 1810 3697 1866 μετατρα-

500 1889 566 1928 ac
611 1873 806 1942 frigida
851 1871 1155 1934 exsistens,
1201 1870 1503 1935 senectuti,
1561 1869 1771 1938 pituitae
1816 1885 1881 1924 ac
1931 1886 2062 1938 aqua

2189 1881 2401 1935 πέντων
2439 1883 2683 1952 δηλονότι
2713 1883 2822 1937 τῶν
2855 1887 3048 1956 χυμῶν
3096 1888 3207 1941 τῶν
3237 1890 3382 1942 κατά
3408 1889 3579 1957 φύσιν·
3618 1903 3697 1954 τρι-

499 1969 700 2023 merito
726 1965 1114 2037 aequiparatur.
1167 1962 1274 2019 Sed
1321 1972 1376 2018 et
1424 1966 1478 2018 in
1526 1965 1978 2034 aegritudinibus,
2031 1981 2062 2021 e

2178 1973 2368 2038 ταῖος,
2400 1973 2744 2040 τεταρταῖος
2778 1975 3171 2046 ἀφημερηνός
3203 1979 3332 2051 (sic)
3365 1980 3455 2032 καὶ
3483 1981 3693 2046 σύνοχος

499 2061 790 2132 quamdam
824 2057 1257 2129 proportionem,
1283 2057 1370 2111 his
1396 2072 1520 2126 quae
1547 2057 1898 2124 adduximus,
1927 2073 2062 2114 com-

2179 2068 2212 2117 d
2243 2064 2344 2115 ἐπὶ
2371 2062 2546 2123 ζέσει.
2590 2065 2646 2116 '0
2679 2065 2781 2135 μὲν
2809 2064 2904 2118 οὖν
2931 2071 3194 2138 τριταῖος,
3229 2070 3343 2123 ἀπὸ
3376 2069 3556 2139 ξανθῆς
3576 2068 3696 2139 χολῆς

496 2169 682 2224 parem
710 2151 1193 2206 animadverteres.
1233 2147 1468 2218 Sapores
1510 2149 1657 2204 enim
1697 2161 1931 2219 quatuor
1983 2151 2062 2206 hal

2180 2155 2446 2225 σαπείσης
2477 2157 2784 2226 γινόμενος,
2825 2157 3029 2228 θερμόν
3063 2162 3182 2213 ἐστι
3217 2165 3316 2216 καὶ
3362 2163 3696 2234 ξηρὸννόςημα

497 2245 695 2299 bentur
727 2262 740 2297 :
779 2242 1025 2312 sanguis,
1061 2240 1255 2310 pituita
1278 2280 1292 2304 ,
1324 2238 1492 2304 ﬂava,
1548 2251 1604 2295 et
1651 2250 1773 2295 atra
1812 2241 1936 2296 bilis
1962 2279 1977 2306 ,
2027 2255 2058 2297 ε

2176 2248 2273 2299 καὶ
2315 2246 2572 2314 ἀναλογεῖ
2596 2247 2674 2317 τῷ
2702 2248 2856 2319 πυρί.
2907 2251 2964 2301 '0
3010 2251 3055 2303 δ’
3087 2252 3445 2324 ἀφημερηνὸς
3483 2255 3577 2307 ἀπὸ
3602 2251 3696 2320 φλέ-

497 2329 856 2399 tegrltudines
914 2343 1034 2398 qua:
1085 2342 1152 2382 ex
1201 2326 1288 2382 his
1330 2328 1613 2396 oriuntur,
1650 2330 1874 2384 totidem
1908 2337 2062 2396 sunt;

2181 2355 2390 2408 γματος
2419 2339 2682 2402 σαπέντος
2709 2341 3028 2410 τικτόμενος
3061 2343 3271 2414 ψυχρόν
3314 2347 3536 2399 ἐστικαὶ
3575 2342 3696 2412 ὑγρὸν

496 2436 624 2475 cum
663 2418 914 2474 videlicet
957 2432 1182 2489 sapores
1219 2418 1366 2486 ipsos
1400 2432 1430 2471 a
1467 2419 1552 2474 sui
1613 2432 1811 2475 natura
1849 2436 2062 2490 permu-

2179 2432 2397 2500 νόσημά
2431 2433 2527 2485 καὶ
2554 2433 2809 2501 ἀναλογεῖ
2842 2434 2919 2504 τῷ
2965 2435 3139 2490 ὕδατι.
3183 2440 3298 2492 Καὶ
3345 2443 3373 2493 ὁ
3421 2439 3619 2508 σύνοχος
3658 2434 3699 2485 δέ

500 2511 602 2564 tari
639 2510 952 2578 contigerit,
988 2523 1053 2563 ex
1093 2508 1200 2570 his,
1241 2509 1493 2570 tertiana,
1550 2523 1838 2577 quartana,
1895 2514 2062 2581 quoti-

2179 2521 2272 2572 ἐπὶ
2297 2522 2445 2584 ζέσει
2476 2523 2872 2593 συνιστάμενος
2903 2527 3132 2596 αἵματος
3151 2529 3359 2599 θερμὸς
3376 2529 3449 2583 ὢν
3475 2531 3559 2582 καὶ
3574 2525 3699 2596 ὑγρὸς

495 2602 659 2653 diana
705 2609 760 2653 et
805 2601 1056 2652 continua
1091 2599 1272 2654 febres
1303 2600 1577 2653 oriuntur.
1617 2599 1776 2670 145
1803 2601 1937 2655 Cum
1979 2618 2062 2656 au-

2178 2609 2436 2678 ἀναλογεῖ
2483 2611 2562 2682 τῷ
2613 2612 2760 2682 ἀέρι.
2824 2613 2881 2666 Ὀ
2927 2615 2983 2667 δὲ
3025 2622 3348 2688 τεταρταῖος
3392 2621 3455 2672 ἐκ
3495 2616 3702 2688 μελαίνης

499 2702 607 2745 tem
646 2691 874 2746 tertiana
935 2689 1103 2745 febris
1133 2705 1163 2744 a
1195 2689 1334 2744 ﬂava
1379 2690 1475 2745 bili
1511 2699 1858 2760 putrescente
1895 2701 2062 2747 ortum

2178 2701 2344 2770 χολῆς
2381 2703 2649 2775 σαπείσης
2690 2707 2961 2775 φυόμενος
3009 2697 3222 2780 ψυχρόν
3282 2712 3402 2765 ὲστι
3444 2711 3532 2764 καὶ
3575 2707 3702 2776 ξηρὸν

495 2793 696 2848 sumat,
727 2785 901 2838 calida
939 2781 1210 2853 aegritudo
1259 2783 1518 2852 siccaque
1548 2789 1666 2848 est,
1705 2797 1771 2838 ac
1799 2783 1865 2838 ad
1896 2783 2062 2855 ignem

2179 2791 2394 2862 νόσημα
2425 2796 2520 2847 καὶ
2549 2795 2804 2865 ἀναλογεῖ
2823 2801 2887 2870 τῇ
2919 2803 3012 2871 γῇ.

493 2882 846 2951 proportione
889 2879 1156 2948 fungitur.
1191 2878 1262 2932 At
1303 2878 1424 2948 ejus
1446 2893 1568 2948 quae
1598 2878 1915 2948 quotidiana
1938 2880 2160 2950 dicitur,
2190 2900 2314 2940 cum
2363 2889 2565 2957 pituita
2593 2890 2648 2944 in
2706 2893 3051 2960 putredinem
3121 2896 3379 2963 vertitur,
3435 2892 3707 2952 constitutio

493 2973 576 3038 ﬁt,
639 2973 763 3027 etis
802 2970 1027 3025 morbus
1072 2968 1304 3037 frigidus
1350 2969 1719 3039 humidusque
1772 2985 1896 3025 esse
1962 2972 2225 3041 creditur,
2284 2987 2448 3048 atque
2490 2981 2557 3033 ad
2633 2997 2788 3050 aquae
2829 2985 3241 3052 proportionem
3299 2986 3602 3043 referendus
3625 2989 3707 3038 est.

493 3067 782 3121 Continuae
808 3070 991 3115 autem
1019 3058 1189 3114 febris
1222 3060 1564 3126 constitutio,
1597 3061 1858 3130 quoniam
1884 3075 1913 3114 a
1939 3063 2223 3132 sanguinis
2251 3065 2467 3124 fervore
2518 3071 2790 3140 provenit,
2846 3072 3021 3127 calida
3051 3083 3108 3128 et
3175 3075 3406 3131 humida
3465 3077 3707 3130 exsistens.

495 3158 609 3214 aeri
636 3153 1107 3226 proportionatur.
1130 3147 1412 3214 Quartana
1468 3165 1620 3216 vero,
1677 3165 1803 3204 cum
1835 3151 1903 3205 ab
1954 3161 2073 3206 atra
2111 3153 2205 3208 bili
2235 3165 2583 3225 putrescente
2643 3161 2888 3225 oriatur,
2925 3160 3138 3232 frigidae
3163 3173 3217 3218 et
3285 3166 3450 3222 siccae
3476 3161 3710 3235 qualitatis

494 3253 724 3310 habetur
768 3256 822 3301 et
851 3245 971 3315 ejus
1029 3244 1095 3298 ad
1129 3252 1327 3296 terram
1363 3242 1644 3312 proportio
1677 3250 1782 3297 est.

567 3345 862 3402 Sciendum
887 3341 1053 3396 etiam
1079 3347 1184 3403 est,
1213 3340 1360 3409 quod
1395 3354 1688 3393 nervorum
1732 3353 1931 3406 genera
1971 3342 2074 3394 tria
2102 3362 2144 3419 ο
2175 3342 2452 3412 rigidum;
2488 3345 2635 3414 quod
2663 3346 2898 3417 rigidum
2932 3350 3190 3418 quoniam
3218 3351 3434 3408 siccum
3467 3363 3562 3420 est,
3597 3353 3713 3409 lento

496 3446 644 3503 sunt,
677 3452 742 3491 ex
782 3433 984 3504 quibus
1023 3431 1388 3502 quorumdam
1429 3446 1458 3485 a
1495 3430 1719 3485 cerebro
1775 3441 1928 3486 ortus
1969 3440 2071 3496 est,
2182 3434 2496 3503 opponitur,
2531 3433 2924 3504 qualia‘farina
2955 3446 3010 3491 et
3043 3439 3220 3507 pulvis
3263 3449 3418 3496 sunt.

495 3541 548 3588 et
576 3531 630 3584 hi
659 3526 921 3599 peculiari
953 3540 1017 3581 ac
1054 3523 1278 3595 proprio
1313 3537 1605 3578 nervorum
1640 3522 1860 3577 nomine
1889 3522 2074 3592 appel-
2249 3523 2460 3577 Anima;
2488 3532 2670 3578 autem
2701 3524 2986 3594 cognitivae
3009 3523 3300 3582 facultates
3329 3528 3567 3596 quinque
3584 3531 3713 3578 sunt:

494 3625 700 3679 lantur.
739 3619 848 3673 Alii
888 3618 956 3672 ab
989 3617 1210 3672 ossibus
1241 3613 1310 3670 ad
1339 3615 1444 3668 alia
1474 3629 1600 3669 ossa
1641 3613 2070 3684 praetenduntur,
2179 3628 2358 3679 mens,
2383 3615 2590 3684 opinio,
2624 3615 2967 3685 imaginatio,
3001 3617 3264 3687 cogitatio
3293 3627 3352 3673 et
3381 3633 3588 3673 sensus.
3635 3612 3716 3668 Sed

493 3712 674 3768 ethos
704 3710 994 3780 ligamenta
1021 3707 1248 3761 dixeris.
1314 3703 1548 3772 Quidam
1590 3714 1774 3759 autem
1827 3719 1894 3758 ex
1950 3720 2073 3758 mu-
2178 3715 2234 3759 et
2271 3704 2556 3760 concoctio
2588 3715 2642 3760 et
2687 3705 3033 3760 inconcoctio
3085 3706 3322 3762 invicem
3375 3710 3713 3762 adversantur.

494 3805 686 3869 sculis,
709 3804 834 3858 ethi
861 3801 1007 3857 tendi
1029 3801 1475 3863 denominantur,
1512 3799 1567 3851 hi
1599 3813 1811 3866 nempe,
1846 3812 2071 3851 muscu-
2177 3793 2314 3849 Nam
2343 3795 2625 3850 concoctio
2652 3793 2920 3850 trifariam
2953 3796 3122 3850 dividi
3158 3805 3341 3866 potest
3369 3815 3383 3850 :
3414 3799 3470 3852 in
3492 3805 3716 3852 assatum.

491 3897 672 3950 lorum
710 3893 854 3956 finis,
895 3901 1140 3947 extrema
1167 3889 1420 3945 videlicet
1443 3897 1592 3942 sunt.
1619 3886 1889 3952 Quoniam
1916 3901 2068 3953 vero,
2175 3895 2395 3941 coctum
2425 3895 2479 3940 et
2513 3897 2789 3941 maturum
2823 3905 2837 3940 :
2871 3887 3161 3958 siquidem,
3196 3900 3471 3955 assatum,
3519 3904 3550 3942 a
3576 3884 3717 3942 calido

481 3987 767 4055 voluptas,
795 3981 1165 4051 dolentiaque,
1201 3981 1450 4035 omnium
1483 3994 1603 4048 quae
1639 3980 1692 4031 in
1742 3978 1900 4032 nobis
1944 3985 2071 4030 sunt
2174 3976 2320 4047 quod
2349 3976 2652 4031 condensat
2681 3977 2768 4045 fit;
2808 3987 3026 4032 coctum
3070 3993 3222 4045 vero,
3261 3995 3290 4034 a
3354 3981 3536 4036 calido
3564 3980 3720 4033 hume-

490 4076 808 4148 passionum
841 4079 1044 4127 matres
1076 4071 1364 4136 habentur,
1402 4087 1528 4124 nam
1559 4080 1780 4140 propter
1823 4072 2068 4141 volupta-
2175 4079 2381 4134 scente,
2400 4079 2675 4123 maturum
2691 4080 2893 4135 autem,
2921 4068 3082 4141 146
3106 4069 3320 4127 fructus
3345 4071 3620 4127 concoctio
3637 4075 3718 4127 est.

491 4179 624 4232 tem,
651 4169 827 4239 turpia
851 4167 1084 4239 agimus,
1113 4165 1338 4220 alterius
1367 4175 1549 4217 autem
1583 4179 1770 4226 causa,
1805 4178 1835 4218 a
1871 4163 2068 4218 talibus
2175 4175 2296 4230 quae
2331 4176 2361 4213 a
2397 4160 2578 4215 calido
2614 4162 2792 4231 ipsum
2846 4163 3120 4217 ambiente
3153 4162 3419 4220 efficitur.
3464 4162 3568 4218 Sed
3593 4171 3641 4217 et
3663 4159 3723 4213 in-

491 4260 850 4315 abstinemus.
888 4255 994 4322 Qui
1025 4257 1172 4310 enim
1209 4255 1574 4319 moechantur,
1609 4262 1662 4307 et
1693 4254 1831 4323 gulae
1890 4252 2067 4307 iudul-
2173 4250 2454 4305 concoctio
2508 4252 2625 4320 ipsa
2658 4251 2710 4304 in
2742 4252 2966 4307 totidem
3026 4253 3197 4307 dividi
3229 4263 3453 4323 potest,
3499 4258 3552 4307 in
3604 4260 3721 4318 tepe-

478 4361 640 4422 gent,
676 4365 798 4404 cum
826 4346 1161 4403 continentia
1196 4346 1302 4410 uti,
1345 4355 1399 4399 et
1441 4345 1524 4399 his
1572 4346 1847 4400 abstinere
1892 4345 2066 4400 neuti-
2174 4339 2400 4404 factum,
2434 4341 2486 4394 in
2517 4341 2862 4410 inquinatum
2883 4351 2937 4398 et
2954 4345 3184 4399 crudum
3221 4364 3234 4400 :
3267 4347 3581 4417 siquidem,
3605 4353 3722 4411 tepe-

488 4457 654 4514 quam
688 4438 1101 4510 proposuerint,
1134 4437 1238 4492 hoc
1271 4437 1551 4505 voluptate
1587 4437 1702 4506 ipsa
1732 4437 1799 4491 ad
1834 4435 1886 4490 id
1927 4437 2065 4489 exti-
2171 4430 2376 4484 factum
2449 4439 2631 4485 assato
2704 4433 3036 4488 contrarium
3099 4434 3338 4502 dicitur,
3393 4433 3541 4505 quod
3589 4427 3717 4485 velini

489 4535 736 4590 mulante
767 4539 953 4600 agunt.
982 4529 1027 4581 A
1058 4529 1258 4583 talibus
1278 4544 1433 4594 vero,
1466 4527 1705 4582 dolentia
1729 4529 1865 4582 duce
1897 4526 2063 4581 decli-
2171 4521 2516 4575 inconcoctio
2546 4521 2797 4591 quaedam
2823 4523 2914 4588 sit,
2945 4525 3076 4579 dum
3106 4525 3351 4580 calidum
3389 4527 3527 4581 illud
3555 4524 3717 4580 sicces-

488 4634 640 4690 nant,
665 4639 786 4694 quae
804 4622 1060 4677 noscihis
1079 4621 1357 4674 moderate
1385 4620 1483 4687 uti,
1521 4619 1694 4673 labori
1726 4619 2060 4683 incumbere,
2171 4625 2301 4666 cens
2327 4650 2343 4676 ,
2391 4611 2678 4667 humorem
2729 4613 2908 4682 ipsum
2964 4631 3224 4685 superare
3275 4619 3501 4688 nequit.
3550 4615 3644 4670 Sed
3680 4618 3716 4662 el

485 4725 585 4772 aut
616 4714 798 4769 laudis
847 4711 1051 4782 aliquid
1108 4711 1362 4780 cupidine
1413 4725 1574 4779 agere
1628 4710 2064 4779 pauperibusque
2097 4716 2140 4768 ι)
2170 4701 2514 4772 inquinatum
2587 4712 2745 4758 cocto
2812 4709 3152 4772 adversatur,
3191 4723 3317 4762 cum
3359 4722 3418 4764 et
3449 4710 3620 4779 ipsum
3658 4704 3717 4756 in-

489 4809 556 4864 de
587 4805 747 4860 bonis
772 4802 1037 4874 impertiri
1065 4801 1268 4856 virtute
1291 4801 1439 4855 socia
1475 4800 1693 4869 subigit.
1737 4800 1936 4853 Rerum
1968 4815 2066 4877 au.-

491 4910 597 4954 tem
628 4912 751 4967 qua:
783 4896 886 4950 sub
915 4905 1118 4948 tactum
1151 4893 1353 4947 cadunt
1377 4932 1392 4957 ,
1423 4900 1549 4945 octo
1577 4891 1823 4959 quaedam
1873 4889 2065 4958 conju-

492 4989 741 5060 gationes
797 4987 1068 5042 habentur
1103 4984 1377 5040 :calidum
1406 5023 1420 5047 ,
1454 4981 1711 5053 frigidum
1740 5000 1755 5047 ;
1815 4981 2020 5035 siccum
2045 5019 2062 5045 ,

494 5080 814 5143 humidum;
853 5093 1052 5147 grave,
1106 5077 1263 5140 leve;
1303 5090 1580 5145 asperum,
1608 5074 1760 5138 lene;
1813 5073 2063 5136 densum,

490 5185 675 5225 rarum
707 5186 720 5222 :
753 5168 915 5223 molle
943 5208 958 5231 ,
1013 5169 1250 5231 durum;
1300 5181 1545 5221 crassum
1567 5205 1581 5230 ,
1631 5165 1802 5230 exile;
1834 5163 2062 5224 lentum,

944 5296 1077 5368 Cap.
1102 5295 1294 5354 XXXI.
1327 5296 1404 5352 De
1427 5297 1628 5350 anima.

557 5431 693 5490 Cum
718 5451 786 5490 ex
817 5434 998 5490 anima
1028 5442 1083 5486 et
1112 5444 1341 5498 corpore
1375 5437 1587 5485 constet
1608 5428 1790 5495 homo,
1831 5441 2064 5498 cumque

489 5525 593 5577 hoc
617 5525 816 5580 animal
869 5523 1132 5578 rationale
1181 5523 1250 5574 sit
1307 5520 1589 5588 utriusque
1633 5518 1942 5587 coniunctio
1997 5534 2062 5574 ac

475 5624 747 5681 perpetua
781 5613 1070 5682 copulatio,
1109 5625 1228 5679 age,
1256 5625 1428 5678 pauca
1463 5610 1710 5679 qutedam
1755 5609 1823 5665 de
1878 5610 2058 5664 anima

2166 4793 2453 4847 concoctio
2479 4795 2727 4861 quaedam
2758 4795 3042 4858 habeatur,
3075 4797 3222 4866 quod
3255 4797 3314 4850 in
3343 4813 3416 4853 eo
3439 4798 3582 4868 quod
3614 4808 3716 4847 con-

2166 4886 2420 4955 coquitur
2439 4885 2768 4942 humescens
2794 4888 3024 4943 calidam
3048 4905 3266 4946 vincere
3293 4893 3588 4946 materiam
3605 4885 3716 4941 nulla

2170 4979 2382 5031 ratione
2431 4986 2629 5045 potest.
2682 4976 2970 5035 Postremo
3024 4983 3188 5036 etiam
3241 4986 3490 5040 crudum
3542 4989 3722 5037 maturo

2169 5079 2452 5140 repugnat,
2493 5084 2618 5125 cum
2651 5071 2820 5125 calori
2858 5073 3142 5139 ambienti,
3177 5072 3431 5129 fructum
3465 5075 3533 5131 ad
3578 5079 3718 5127 matu-

2169 5161 2389 5214 ritatem
2418 5159 2736 5228 perducere,
2763 5159 2994 5218 facultas
3023 5163 3400 5233 intercipitur.

2665 5296 2789 5350 AA’.
2834 5297 2972 5364 Περὶ
3004 5299 3228 5368 ψυχῆς.

2247 5429 2400 5482 Ἐπεὶ
2431 5429 2485 5481 δὲ
2516 5432 2580 5483 ἐκ
2598 5430 2778 5500 ψυχῆς
2805 5433 2899 5485 καὶ
2920 5431 3172 5502 σώματος
3204 5435 3456 5506 συνέστη
3483 5439 3512 5488 ὁ
3545 5433 3716 5501 ἀνθρωο

2163 5538 2282 5585 πος,
2315 5523 2408 5575 καὶ
2450 5521 2609 5574 τοῦτό
2660 5524 2778 5575 ἐστι
2827 5523 2965 5586 ζῶον
3012 5525 3246 5592 λογικὸν,
3288 5528 3326 5596 ἡ
3398 5527 3611 5589 σύνοδος
3640 5519 3718 5572 τὼν

2153 5609 2613 5682 συναμφοτέρων,
2670 5613 2761 5664 καὶ
2791 5613 3040 5685 διαμονὴ,
3070 5617 3162 5666 καὶ
3209 5617 3562 5690 συνοίκησις,
3616 5610 3716 5680 φέρε
